  <div class='ocr_page' id='page_1' title='image "/cluster/home/n/w/nwhite01/storage/ocr_20150623/95/hvd.32044073502106/462.png"; bbox 0 0 3870 6260; ppageno 0'>
   <div class='ocr_carea' id='block_1_1' title="bbox 158 262 253 330">
    <p class='ocr_par' dir='ltr' id='par_1_1' title="bbox 158 262 253 330">
     <span class='ocr_line' id='line_1_1' title="bbox 158 262 253 330; baseline -0.011 0"><span class='ocrx_word' id='word_1_1' title='bbox 158 262 253 330; x_wconf 76' lang='grc'><strong>913</strong></span> 
     </span>
    </p>
   </div>
   <div class='ocr_carea' id='block_1_2' title="bbox 1097 252 2474 323">
    <p class='ocr_par' dir='ltr' id='par_1_2' title="bbox 1097 252 2474 323">
     <span class='ocr_line' id='line_1_2' title="bbox 1097 252 2474 323; baseline -0.006 0"><span class='ocrx_word' id='word_1_2' title='bbox 1097 261 1183 323; x_wconf 87' lang='lat' dir='ltr'><strong>IN</strong></span> <span class='ocrx_word' id='word_1_3' title='bbox 1227 252 1463 323; x_wconf 81' lang='lat' dir='ltr'>EPIST.</span> <span class='ocrx_word' id='word_1_4' title='bbox 1504 262 1601 321; x_wconf 84' lang='lat' dir='ltr'><strong>AD</strong></span> <span class='ocrx_word' id='word_1_5' title='bbox 1636 256 2393 320; x_wconf 69' lang='lat' dir='ltr'><strong>THESSALONICENSES</strong></span> <span class='ocrx_word' id='word_1_6' title='bbox 2422 254 2474 315; x_wconf 94' lang='lat' dir='ltr'><strong>I.</strong></span> 
     </span>
    </p>
   </div>
   <div class='ocr_carea' id='block_1_3' title="bbox 3300 248 3403 313">
    <p class='ocr_par' dir='ltr' id='par_1_3' title="bbox 3300 248 3403 313">
     <span class='ocr_line' id='line_1_3' title="bbox 3300 248 3403 313; baseline 0 -1"><span class='ocrx_word' id='word_1_7' title='bbox 3300 248 3403 313; x_wconf 71' lang='lat' dir='ltr'><strong>9M</strong></span> 
     </span>
    </p>
   </div>
   <div class='ocr_carea' id='block_1_4' title="bbox 159 360 1740 448">
    <p class='ocr_par' dir='ltr' id='par_1_4' title="bbox 159 367 1726 448">
     <span class='ocr_line' id='line_1_4' title="bbox 159 367 1726 448; baseline -0.006 -19"><span class='ocrx_word' id='word_1_8' title='bbox 159 378 229 448; x_wconf 77' lang='grc' dir='ltr'>μὴ</span> <span class='ocrx_word' id='word_1_9' title='bbox 266 376 489 436; x_wconf 80' lang='grc' dir='ltr'>ποιεῖτε,</span> <span class='ocrx_word' id='word_1_10' title='bbox 518 371 656 427; x_wconf 69' lang='grc' dir='ltr'>ἀλλὰ</span> <span class='ocrx_word' id='word_1_11' title='bbox 686 370 786 437; x_wconf 79' lang='grc' dir='ltr'><strong>τάς</strong></span> <span class='ocrx_word' id='word_1_12' title='bbox 820 371 1197 443; x_wconf 80' lang='grc' dir='ltr'><strong>παραγγελίας</strong></span> <span class='ocrx_word' id='word_1_13' title='bbox 1226 372 1429 433; x_wconf 72' lang='grc' dir='ltr'>αὐτοὺς</span> <span class='ocrx_word' id='word_1_14' title='bbox 1459 372 1524 425; x_wconf 82' lang='grc' dir='ltr'>ἐκ</span> <span class='ocrx_word' id='word_1_15' title='bbox 1558 367 1726 423; x_wconf 78' lang='grc' dir='ltr'>πάλαι</span> 
     </span>
    </p>
   </div>
   <div class='ocr_carea' id='block_1_5' title="bbox 1862 360 3407 448">
    <p class='ocr_par' dir='ltr' id='par_1_5' title="bbox 1865 360 3407 435">
     <span class='ocr_line' id='line_1_5' title="bbox 1865 360 3407 435; baseline -0.005 -14"><span class='ocrx_word' id='word_1_16' title='bbox 1865 367 2046 423; x_wconf 88' lang='lat' dir='ltr'><strong>vertit.</strong></span> <span class='ocrx_word' id='word_1_17' title='bbox 2093 366 2207 421; x_wconf 81' lang='lat' dir='ltr'><strong>Non</strong></span> <span class='ocrx_word' id='word_1_18' title='bbox 2236 364 2559 435; x_wconf 71' lang='lat' dir='ltr'><strong>simpliciter</strong></span> <span class='ocrx_word' id='word_1_19' title='bbox 2588 364 2662 418; x_wconf 87' lang='lat' dir='ltr'><strong>ait</strong></span> <span class='ocrx_word' id='word_1_20' title='bbox 2693 381 2705 413; x_wconf 87' lang='lat'><strong>:</strong></span> <span class='ocrx_word' id='word_1_21' title='bbox 2735 361 2813 418; x_wconf 89' lang='lat' dir='ltr'><strong>Ne</strong></span> <span class='ocrx_word' id='word_1_22' title='bbox 2846 362 2952 423; x_wconf 75' lang='lat' dir='ltr'><strong>hoc</strong></span> <span class='ocrx_word' id='word_1_23' title='bbox 2980 360 3067 417; x_wconf 88' lang='lat' dir='ltr'><strong>vel</strong></span> <span class='ocrx_word' id='word_1_24' title='bbox 3100 360 3229 418; x_wconf 85' lang='lat' dir='ltr'><strong>illud</strong></span> <span class='ocrx_word' id='word_1_25' title='bbox 3261 360 3407 418; x_wconf 77' lang='lat' dir='ltr'><strong>foec-</strong></span> 
     </span>
    </p>
   </div>
   <div class='ocr_carea' id='block_1_6' title="bbox 156 461 1721 539">
    <p class='ocr_par' dir='ltr' id='par_1_6' title="bbox 156 461 1721 539">
     <span class='ocr_line' id='line_1_6' title="bbox 156 461 1721 539; baseline -0.006 -16"><span class='ocrx_word' id='word_1_26' title='bbox 156 468 435 539; x_wconf 76' lang='grc' dir='ltr'><strong>εἰληφέναι</strong></span> <span class='ocrx_word' id='word_1_27' title='bbox 470 468 601 538; x_wconf 86' lang='grc' dir='ltr'>παρ’</span> <span class='ocrx_word' id='word_1_28' title='bbox 632 465 798 521; x_wconf 74' lang='grc' dir='ltr'>αὐτοῦ</span> <span class='ocrx_word' id='word_1_29' title='bbox 826 482 979 535; x_wconf 79' lang='grc' dir='ltr'>φησι,</span> <span class='ocrx_word' id='word_1_30' title='bbox 1008 464 1096 519; x_wconf 72' lang='grc' dir='ltr'><strong>διὰ</strong></span> <span class='ocrx_word' id='word_1_31' title='bbox 1128 464 1223 519; x_wconf 79' lang='grc' dir='ltr'><strong>τοῦ</strong></span> <span class='ocrx_word' id='word_1_32' title='bbox 1268 464 1479 533; x_wconf 81' lang='grc' dir='ltr'>Κυρίου</span> <span class='ocrx_word' id='word_1_33' title='bbox 1523 461 1721 532; x_wconf 77' lang='grc' dir='ltr'>Ἰησοῦ,</span> 
     </span>
    </p>
   </div>
   <div class='ocr_carea' id='block_1_7' title="bbox 154 553 1727 635">
    <p class='ocr_par' dir='ltr' id='par_1_7' title="bbox 154 553 1727 635">
     <span class='ocr_line' id='line_1_7' title="bbox 154 553 1727 635; baseline -0.004 -20"><span class='ocrx_word' id='word_1_34' title='bbox 154 561 217 625; x_wconf 80' lang='grc' dir='ltr'><strong>ἀς</strong></span> <span class='ocrx_word' id='word_1_35' title='bbox 247 559 543 630; x_wconf 79' lang='grc' dir='ltr'><strong>φυλάττειν</strong></span> <span class='ocrx_word' id='word_1_36' title='bbox 596 558 1048 635; x_wconf 78' lang='grc' dir='ltr'>παρακελεύεται.</span> <span class='ocrx_word' id='word_1_37' title='bbox 1108 557 1290 613; x_wconf 80' lang='grc' dir='ltr'>Τοῦτο</span> <span class='ocrx_word' id='word_1_38' title='bbox 1324 556 1432 627; x_wconf 71' lang='grc' dir='ltr'><strong>γάρ</strong></span> <span class='ocrx_word' id='word_1_39' title='bbox 1473 555 1604 610; x_wconf 78' lang='grc' dir='ltr'>ἐστι</span> <span class='ocrx_word' id='word_1_40' title='bbox 1639 553 1727 609; x_wconf 82' lang='grc' dir='ltr'><strong>θέ-</strong></span> 
     </span>
    </p>
   </div>
   <div class='ocr_carea' id='block_1_8' title="bbox 155 650 648 721">
    <p class='ocr_par' dir='ltr' id='par_1_8' title="bbox 155 650 648 721">
     <span class='ocr_line' id='line_1_8' title="bbox 155 650 648 721; baseline 0 -16"><span class='ocrx_word' id='word_1_41' title='bbox 155 656 313 721; x_wconf 67' lang='grc' dir='ltr'>λημα</span> <span class='ocrx_word' id='word_1_42' title='bbox 342 651 453 706; x_wconf 82' lang='grc' dir='ltr'>τοῦ</span> <span class='ocrx_word' id='word_1_43' title='bbox 481 650 648 705; x_wconf 85' lang='grc' dir='ltr'><strong>Θεοῦ.</strong></span> 
     </span>
    </p>
   </div>
   <div class='ocr_carea' id='block_1_9' title="bbox 227 740 1727 816">
    <p class='ocr_par' dir='ltr' id='par_1_9' title="bbox 227 740 1727 816">
     <span class='ocr_line' id='line_1_9' title="bbox 227 740 1727 816; baseline 0.001 -20"><span class='ocrx_word' id='word_1_44' title='bbox 227 762 252 796; x_wconf 82' lang='grc' dir='ltr'><strong>ε</strong></span> <span class='ocrx_word' id='word_1_45' title='bbox 278 743 353 797; x_wconf 82' lang='grc' dir='ltr'>Τὸ</span> <span class='ocrx_word' id='word_1_46' title='bbox 383 744 582 797; x_wconf 82' lang='grc' dir='ltr'>ἑαυτοῦ</span> <span class='ocrx_word' id='word_1_47' title='bbox 611 740 806 805; x_wconf 80' lang='grc' dir='ltr'>σκεῦος</span> <span class='ocrx_word' id='word_1_48' title='bbox 828 742 1062 799; x_wconf 81' lang='grc' dir='ltr'>κτᾶσθαι</span> <span class='ocrx_word' id='word_1_49' title='bbox 1086 746 1144 797; x_wconf 81' lang='grc' dir='ltr'>ὲν</span> <span class='ocrx_word' id='word_1_50' title='bbox 1168 741 1427 814; x_wconf 80' lang='grc' dir='ltr'>ἁγιασμῷ</span> <span class='ocrx_word' id='word_1_51' title='bbox 1452 744 1545 798; x_wconf 70' lang='grc' dir='ltr'><strong>καὶ</strong></span> <span class='ocrx_word' id='word_1_52' title='bbox 1568 748 1727 816; x_wconf 78' lang='grc' dir='ltr'>τιμῇ,</span> 
     </span>
    </p>
   </div>
   <div class='ocr_carea' id='block_1_10' title="bbox 157 836 931 910">
    <p class='ocr_par' dir='ltr' id='par_1_10' title="bbox 157 836 931 910">
     <span class='ocr_line' id='line_1_10' title="bbox 157 836 931 910; baseline -0.004 -18"><span class='ocrx_word' id='word_1_53' title='bbox 157 838 231 910; x_wconf 81' lang='grc' dir='ltr'><strong>μὴ</strong></span> <span class='ocrx_word' id='word_1_54' title='bbox 263 837 323 891; x_wconf 70' lang='grc' dir='ltr'>ιν</span> <span class='ocrx_word' id='word_1_55' title='bbox 355 836 522 891; x_wconf 82' lang='grc' dir='ltr'>πάθει</span> <span class='ocrx_word' id='word_1_56' title='bbox 557 836 873 907; x_wconf 73' lang='grc' dir='ltr'>ἐπιθυμίας.</span> <span class='ocrx_word' id='word_1_57' title='bbox 912 854 931 888; x_wconf 75' lang='grc' dir='ltr'><strong>ι</strong></span> 
     </span>
    </p>
   </div>
   <div class='ocr_carea' id='block_1_11' title="bbox 233 924 1439 998">
    <p class='ocr_par' dir='ltr' id='par_1_11' title="bbox 233 924 1439 998">
     <span class='ocr_line' id='line_1_11' title="bbox 233 924 1439 998; baseline 0.002 -20"><span class='ocrx_word' id='word_1_58' title='bbox 233 924 380 979; x_wconf 71' lang='grc' dir='ltr'>’Δντὶ</span> <span class='ocrx_word' id='word_1_59' title='bbox 414 924 509 980; x_wconf 83' lang='grc' dir='ltr'>τοῦ</span> <span class='ocrx_word' id='word_1_60' title='bbox 528 965 543 991; x_wconf 95' lang='grc'><strong>,</strong></span> <span class='ocrx_word' id='word_1_61' title='bbox 574 926 675 993; x_wconf 82' lang='grc' dir='ltr'>τὴν</span> <span class='ocrx_word' id='word_1_62' title='bbox 704 925 903 998; x_wconf 88' lang='grc' dir='ltr'>σάρκα.</span> <span class='ocrx_word' id='word_1_63' title='bbox 1436 984 1439 989; x_wconf 59' lang='grc'><strong>,</strong></span> 
     </span>
    </p>
   </div>
   <div class='ocr_carea' id='block_1_12' title="bbox 228 1017 1725 1091">
    <p class='ocr_par' dir='ltr' id='par_1_12' title="bbox 228 1017 1725 1091">
     <span class='ocr_line' id='line_1_12' title="bbox 228 1017 1725 1091; baseline 0.003 -20"><span class='ocrx_word' id='word_1_64' title='bbox 228 1036 247 1071; x_wconf 85' lang='grc' dir='ltr'><strong>ι</strong></span> <span class='ocrx_word' id='word_1_65' title='bbox 287 1018 560 1091; x_wconf 77' lang='grc' dir='ltr'><strong>Καθάπερ</strong></span> <span class='ocrx_word' id='word_1_66' title='bbox 585 1019 678 1072; x_wconf 64' lang='grc' dir='ltr'><strong>καλ⁸</strong></span> <span class='ocrx_word' id='word_1_67' title='bbox 710 1017 780 1072; x_wconf 87' lang='grc' dir='ltr'><strong>τά</strong></span> <span class='ocrx_word' id='word_1_68' title='bbox 812 1018 939 1088; x_wconf 74' lang='grc' dir='ltr'>ἔθνη</span> <span class='ocrx_word' id='word_1_69' title='bbox 971 1017 1041 1072; x_wconf 82' lang='grc' dir='ltr'>τὰ</span> <span class='ocrx_word' id='word_1_70' title='bbox 1071 1019 1148 1089; x_wconf 80' lang='grc' dir='ltr'>μὴ</span> <span class='ocrx_word' id='word_1_71' title='bbox 1182 1019 1359 1072; x_wconf 73' lang='grc' dir='ltr'>εἰδότα</span> <span class='ocrx_word' id='word_1_72' title='bbox 1394 1019 1483 1074; x_wconf 91' lang='grc' dir='ltr'><strong>τὸν</strong></span> <span class='ocrx_word' id='word_1_73' title='bbox 1512 1020 1668 1075; x_wconf 83' lang='grc' dir='ltr'>Θεόν.</span> <span class='ocrx_word' id='word_1_74' title='bbox 1703 1040 1725 1075; x_wconf 67' lang='grc' dir='ltr'><strong>ν</strong></span> 
     </span>
    </p>
   </div>
   <div class='ocr_carea' id='block_1_13' title="bbox 232 1108 1783 1183">
    <p class='ocr_par' dir='ltr' id='par_1_13' title="bbox 232 1108 1783 1183">
     <span class='ocr_line' id='line_1_13' title="bbox 232 1108 1783 1183; baseline 0.003 -20"><span class='ocrx_word' id='word_1_75' title='bbox 232 1108 441 1163; x_wconf 84' lang='grc' dir='ltr'>Ἱκανὸν</span> <span class='ocrx_word' id='word_1_76' title='bbox 482 1110 572 1163; x_wconf 63' lang='grc' dir='ltr'>καὶ</span> <span class='ocrx_word' id='word_1_77' title='bbox 614 1108 773 1163; x_wconf 78' lang='grc' dir='ltr'>τοῦτο</span> <span class='ocrx_word' id='word_1_78' title='bbox 804 1108 899 1163; x_wconf 77' lang='grc' dir='ltr'><strong>τοῦ</strong></span> <span class='ocrx_word' id='word_1_79' title='bbox 942 1108 1250 1181; x_wconf 70' lang='grc' dir='ltr'><strong>ἀποτρέψαι</strong></span> <span class='ocrx_word' id='word_1_80' title='bbox 1294 1110 1395 1181; x_wconf 79' lang='grc' dir='ltr'>τῆς</span> <span class='ocrx_word' id='word_1_81' title='bbox 1433 1113 1726 1183; x_wconf 77' lang='grc' dir='ltr'><strong>πορνείας,</strong></span> <span class='ocrx_word' id='word_1_82' title='bbox 1756 1112 1783 1167; x_wconf 55' lang='grc' dir='ltr'>ᾖ</span> 
     </span>
    </p>
   </div>
   <div class='ocr_carea' id='block_1_14' title="bbox 154 1202 1731 1276">
    <p class='ocr_par' dir='ltr' id='par_1_14' title="bbox 154 1202 1731 1276">
     <span class='ocr_line' id='line_1_14' title="bbox 154 1202 1731 1276; baseline 0.001 -18"><span class='ocrx_word' id='word_1_83' title='bbox 154 1204 215 1258; x_wconf 87' lang='grc' dir='ltr'><strong>τὸ</strong></span> <span class='ocrx_word' id='word_1_84' title='bbox 248 1204 390 1276; x_wconf 85' lang='grc' dir='ltr'><strong>μετά</strong></span> <span class='ocrx_word' id='word_1_85' title='bbox 428 1203 537 1258; x_wconf 84' lang='grc' dir='ltr'><strong>τῶν</strong></span> <span class='ocrx_word' id='word_1_86' title='bbox 564 1202 954 1274; x_wconf 68' lang='grc' dir='ltr'>ἔπεγνωκότων</span> <span class='ocrx_word' id='word_1_87' title='bbox 982 1202 1074 1257; x_wconf 87' lang='grc' dir='ltr'><strong>τὸν</strong></span> <span class='ocrx_word' id='word_1_88' title='bbox 1101 1202 1232 1258; x_wconf 89' lang='grc' dir='ltr'>Θεὸν</span> <span class='ocrx_word' id='word_1_89' title='bbox 1270 1203 1361 1257; x_wconf 87' lang='grc' dir='ltr'><strong>τὸν</strong></span> <span class='ocrx_word' id='word_1_90' title='bbox 1401 1205 1731 1275; x_wconf 77' lang='grc' dir='ltr'>τοορνεύοντα</span> 
     </span>
    </p>
   </div>
   <div class='ocr_carea' id='block_1_15' title="bbox 156 1294 569 1351">
    <p class='ocr_par' dir='ltr' id='par_1_15' title="bbox 156 1294 569 1351">
     <span class='ocr_line' id='line_1_15' title="bbox 156 1294 569 1351; baseline 0.002 -2"><span class='ocrx_word' id='word_1_91' title='bbox 156 1294 471 1351; x_wconf 79' lang='grc' dir='ltr'><strong>τάττεσθαι.</strong></span> <span class='ocrx_word' id='word_1_92' title='bbox 559 1304 569 1313; x_wconf 83' lang='grc'><strong>’</strong></span> 
     </span>
    </p>
   </div>
   <div class='ocr_carea' id='block_1_16' title="bbox 232 1385 1735 1462">
    <p class='ocr_par' dir='ltr' id='par_1_16' title="bbox 232 1385 1735 1462">
     <span class='ocr_line' id='line_1_16' title="bbox 232 1385 1735 1462; baseline 0.006 -25"><span class='ocrx_word' id='word_1_93' title='bbox 232 1404 249 1437; x_wconf 82' lang='grc' dir='ltr'><strong>ε</strong></span> <span class='ocrx_word' id='word_1_94' title='bbox 286 1386 361 1439; x_wconf 88' lang='grc' dir='ltr'>Τὸ</span> <span class='ocrx_word' id='word_1_95' title='bbox 385 1385 463 1457; x_wconf 84' lang='grc' dir='ltr'>μὴ</span> <span class='ocrx_word' id='word_1_96' title='bbox 494 1385 851 1456; x_wconf 73' lang='grc' dir='ltr'>ὑπερϐαίνειν</span> <span class='ocrx_word' id='word_1_97' title='bbox 872 1386 971 1441; x_wconf 80' lang='grc' dir='ltr'>καὶ</span> <span class='ocrx_word' id='word_1_98' title='bbox 1001 1387 1348 1444; x_wconf 75' lang='grc' dir='ltr'>πλεονεκτεῖν</span> <span class='ocrx_word' id='word_1_99' title='bbox 1377 1390 1436 1445; x_wconf 69' lang='grc' dir='ltr'>ιν</span> <span class='ocrx_word' id='word_1_100' title='bbox 1458 1389 1535 1462; x_wconf 90' lang='grc' dir='ltr'>τῷ</span> <span class='ocrx_word' id='word_1_101' title='bbox 1556 1391 1735 1462; x_wconf 77' lang='grc' dir='ltr'>πράγο</span> 
     </span>
    </p>
   </div>
   <div class='ocr_carea' id='block_1_17' title="bbox 160 1478 959 1551">
    <p class='ocr_par' dir='ltr' id='par_1_17' title="bbox 160 1478 959 1551">
     <span class='ocr_line' id='line_1_17' title="bbox 160 1478 959 1551; baseline 0.004 -20"><span class='ocrx_word' id='word_1_102' title='bbox 160 1495 289 1551; x_wconf 87' lang='grc' dir='ltr'>ματι</span> <span class='ocrx_word' id='word_1_103' title='bbox 317 1478 411 1532; x_wconf 83' lang='grc' dir='ltr'><strong>τὸν</strong></span> <span class='ocrx_word' id='word_1_104' title='bbox 442 1479 675 1548; x_wconf 74' lang='grc' dir='ltr'>ἀδελφὸν</span> <span class='ocrx_word' id='word_1_105' title='bbox 705 1478 898 1539; x_wconf 80' lang='grc' dir='ltr'>αὐτοῦ.</span> <span class='ocrx_word' id='word_1_106' title='bbox 939 1498 959 1534; x_wconf 72' lang='grc' dir='ltr'><strong>ε</strong></span> 
     </span>
    </p>
   </div>
   <div class='ocr_carea' id='block_1_18' title="bbox 238 1570 1735 1645">
    <p class='ocr_par' dir='ltr' id='par_1_18' title="bbox 238 1570 1735 1645">
     <span class='ocr_line' id='line_1_18' title="bbox 238 1570 1735 1645; baseline 0.004 -21"><span class='ocrx_word' id='word_1_107' title='bbox 238 1570 372 1625; x_wconf 85' lang='grc' dir='ltr'><strong>Ὑπε</strong></span> <span class='ocrx_word' id='word_1_108' title='bbox 382 1570 623 1641; x_wconf 79' lang='grc' dir='ltr'>ρῦαίνειν</span> <span class='ocrx_word' id='word_1_109' title='bbox 638 1572 756 1643; x_wconf 81' lang='grc' dir='ltr'>’μὲν</span> <span class='ocrx_word' id='word_1_110' title='bbox 783 1572 886 1638; x_wconf 84' lang='grc' dir='ltr'><strong>τὰς</strong></span> <span class='ocrx_word' id='word_1_111' title='bbox 910 1572 1004 1628; x_wconf 77' lang='grc' dir='ltr'><strong>τοῦ</strong></span> <span class='ocrx_word' id='word_1_112' title='bbox 1027 1571 1162 1628; x_wconf 87' lang='grc' dir='ltr'>Θεοῦ</span> <span class='ocrx_word' id='word_1_113' title='bbox 1186 1573 1427 1641; x_wconf 63' lang='grc' dir='ltr'>ἐντολάς.</span> <span class='ocrx_word' id='word_1_114' title='bbox 1454 1572 1735 1645; x_wconf 78' lang='grc' dir='ltr'>Εὑφὴμως</span> 
     </span>
    </p>
   </div>
   <div class='ocr_carea' id='block_1_19' title="bbox 158 1664 1732 1739">
    <p class='ocr_par' dir='ltr' id='par_1_19' title="bbox 158 1664 1732 1739">
     <span class='ocr_line' id='line_1_19' title="bbox 158 1664 1732 1739; baseline 0.004 -21"><span class='ocrx_word' id='word_1_115' title='bbox 158 1664 215 1718; x_wconf 74' lang='grc' dir='ltr'>δὲ</span> <span class='ocrx_word' id='word_1_116' title='bbox 238 1665 467 1736; x_wconf 72' lang='grc' dir='ltr'>σφόδρα,</span> <span class='ocrx_word' id='word_1_117' title='bbox 502 1665 600 1719; x_wconf 81' lang='grc' dir='ltr'>καὶ</span> <span class='ocrx_word' id='word_1_118' title='bbox 628 1666 1155 1737; x_wconf 82' lang='grc' dir='ltr'>ὲπικεκαλυμμένως</span> <span class='ocrx_word' id='word_1_119' title='bbox 1185 1667 1283 1739; x_wconf 77' lang='grc' dir='ltr'><strong>τὴν</strong></span> <span class='ocrx_word' id='word_1_120' title='bbox 1315 1667 1565 1739; x_wconf 77' lang='grc' dir='ltr'>μοιχείαν</span> <span class='ocrx_word' id='word_1_121' title='bbox 1592 1668 1732 1723; x_wconf 79' lang='grc' dir='ltr'><strong>ὠνό-</strong></span> 
     </span>
    </p>
   </div>
   <div class='ocr_carea' id='block_1_20' title="bbox 164 1756 1662 1832">
    <p class='ocr_par' dir='ltr' id='par_1_20' title="bbox 164 1756 1662 1832">
     <span class='ocr_line' id='line_1_20' title="bbox 164 1756 1662 1832; baseline 0.005 -22"><span class='ocrx_word' id='word_1_122' title='bbox 164 1773 324 1828; x_wconf 87' lang='grc' dir='ltr'>μασε,</span> <span class='ocrx_word' id='word_1_123' title='bbox 353 1756 458 1826; x_wconf 80' lang='grc' dir='ltr'><strong>τὴν</strong></span> <span class='ocrx_word' id='word_1_124' title='bbox 484 1758 564 1822; x_wconf 89' lang='grc' dir='ltr'><strong>είς</strong></span> <span class='ocrx_word' id='word_1_125' title='bbox 590 1758 816 1828; x_wconf 81' lang='grc' dir='ltr'>ἀδελφὸν</span> <span class='ocrx_word' id='word_1_126' title='bbox 842 1759 1058 1814; x_wconf 76' lang='grc' dir='ltr'>ἀδικίαν</span> <span class='ocrx_word' id='word_1_127' title='bbox 1082 1758 1261 1832; x_wconf 77' lang='grc' dir='ltr'>αὐτὴν</span> <span class='ocrx_word' id='word_1_128' title='bbox 1287 1756 1427 1814; x_wconf 79' lang='grc' dir='ltr'>εἶναι</span> <span class='ocrx_word' id='word_1_129' title='bbox 1462 1761 1662 1829; x_wconf 82' lang='grc' dir='ltr'>λέγων.</span> 
     </span>
    </p>
   </div>
   <div class='ocr_carea' id='block_1_21' title="bbox 231 1847 1733 1923">
    <p class='ocr_par' dir='ltr' id='par_1_21' title="bbox 231 1847 1733 1923">
     <span class='ocr_line' id='line_1_21' title="bbox 231 1847 1733 1923; baseline 0.005 -22"><span class='ocrx_word' id='word_1_130' title='bbox 231 1866 259 1901; x_wconf 84' lang='grc' dir='ltr'><strong>ε</strong></span> <span class='ocrx_word' id='word_1_131' title='bbox 295 1850 444 1904; x_wconf 82' lang='grc' dir='ltr'>Διότι</span> <span class='ocrx_word' id='word_1_132' title='bbox 488 1847 704 1914; x_wconf 79' lang='grc' dir='ltr'>ἔκδικος</span> <span class='ocrx_word' id='word_1_133' title='bbox 732 1852 760 1905; x_wconf 83' lang='grc' dir='ltr'>ὁ</span> <span class='ocrx_word' id='word_1_134' title='bbox 807 1849 1012 1923; x_wconf 86' lang='grc' dir='ltr'>Κύριος</span> <span class='ocrx_word' id='word_1_135' title='bbox 1058 1854 1187 1923; x_wconf 75' lang='grc' dir='ltr'>περὶ</span> <span class='ocrx_word' id='word_1_136' title='bbox 1237 1851 1457 1907; x_wconf 86' lang='grc' dir='ltr'>πάντων</span> <span class='ocrx_word' id='word_1_137' title='bbox 1494 1853 1733 1919; x_wconf 89' lang='grc' dir='ltr'>τούτων,</span> 
     </span>
    </p>
   </div>
   <div class='ocr_carea' id='block_1_22' title="bbox 160 1940 1734 2018">
    <p class='ocr_par' dir='ltr' id='par_1_22' title="bbox 160 1940 1734 2018">
     <span class='ocr_line' id='line_1_22' title="bbox 160 1940 1734 2018; baseline 0.004 -22"><span class='ocrx_word' id='word_1_138' title='bbox 160 1940 340 2007; x_wconf 84' lang='grc' dir='ltr'>καθὼς</span> <span class='ocrx_word' id='word_1_139' title='bbox 386 1942 487 1998; x_wconf 74' lang='grc' dir='ltr'>καὶ</span> <span class='ocrx_word' id='word_1_140' title='bbox 528 1943 866 2016; x_wconf 74' lang='grc' dir='ltr'>προείπομεν</span> <span class='ocrx_word' id='word_1_141' title='bbox 897 1944 1047 2013; x_wconf 84' lang='grc' dir='ltr'>ὑμῖν,</span> <span class='ocrx_word' id='word_1_142' title='bbox 1081 1945 1176 1999; x_wconf 73' lang='grc' dir='ltr'>καὶ</span> <span class='ocrx_word' id='word_1_143' title='bbox 1218 1944 1734 2018; x_wconf 79' lang='grc' dir='ltr'>διεμαρτυράμεθα.</span> 
     </span>
    </p>
   </div>
   <div class='ocr_carea' id='block_1_23' title="bbox 162 2036 1756 2113">
    <p class='ocr_par' dir='ltr' id='par_1_23' title="bbox 162 2036 1756 2113">
     <span class='ocr_line' id='line_1_23' title="bbox 162 2036 1756 2113; baseline 0.001 -24"><span class='ocrx_word' id='word_1_144' title='bbox 162 2037 235 2090; x_wconf 86' lang='grc' dir='ltr'>Ού</span> <span class='ocrx_word' id='word_1_145' title='bbox 260 2036 371 2108; x_wconf 77' lang='grc' dir='ltr'><strong>γάρ</strong></span> <span class='ocrx_word' id='word_1_146' title='bbox 406 2036 672 2092; x_wconf 68' lang='grc' dir='ltr'>ἐκάλεσεν</span> <span class='ocrx_word' id='word_1_147' title='bbox 706 2038 859 2110; x_wconf 71' lang='grc' dir='ltr'>ἡμᾶς</span> <span class='ocrx_word' id='word_1_148' title='bbox 887 2038 917 2091; x_wconf 83' lang='grc' dir='ltr'>ὁ</span> <span class='ocrx_word' id='word_1_149' title='bbox 952 2038 1087 2103; x_wconf 83' lang='grc' dir='ltr'>Θεὸς</span> <span class='ocrx_word' id='word_1_150' title='bbox 1127 2037 1221 2093; x_wconf 77' lang='grc' dir='ltr'><strong>ἐπὶ</strong></span> <span class='ocrx_word' id='word_1_151' title='bbox 1250 2038 1581 2113; x_wconf 73' lang='grc' dir='ltr'>ἀκαθαρσίᾳ,</span> <span class='ocrx_word' id='word_1_152' title='bbox 1620 2038 1756 2094; x_wconf 75' lang='grc' dir='ltr'>ἀλλ’.</span> 
     </span>
    </p>
   </div>
   <div class='ocr_carea' id='block_1_24' title="bbox 161 2128 601 2201">
    <p class='ocr_par' dir='ltr' id='par_1_24' title="bbox 161 2128 601 2201">
     <span class='ocr_line' id='line_1_24' title="bbox 161 2128 601 2201; baseline -0.005 -18"><span class='ocrx_word' id='word_1_153' title='bbox 161 2130 227 2183; x_wconf 68' lang='grc' dir='ltr'>ἐν.</span> <span class='ocrx_word' id='word_1_154' title='bbox 243 2128 527 2201; x_wconf 77' lang='grc' dir='ltr'>ἁγιασμῷ.</span> <span class='ocrx_word' id='word_1_155' title='bbox 566 2146 601 2183; x_wconf 74' lang='grc' dir='ltr'><strong>ε.</strong></span> 
     </span>
    </p>
   </div>
   <div class='ocr_carea' id='block_1_25' title="bbox 231 2224 1773 2304">
    <p class='ocr_par' dir='ltr' id='par_1_25' title="bbox 231 2224 1773 2304">
     <span class='ocr_line' id='line_1_25' title="bbox 231 2224 1773 2304; baseline -0.01 -6"><span class='ocrx_word' id='word_1_156' title='bbox 231 2225 375 2297; x_wconf 78' lang='grc' dir='ltr'>’θρα</span> <span class='ocrx_word' id='word_1_157' title='bbox 420 2225 543 2291; x_wconf 81' lang='grc' dir='ltr'>πῶς</span> <span class='ocrx_word' id='word_1_158' title='bbox 584 2224 736 2299; x_wconf 75' lang='grc' dir='ltr'>ποιρά</span> <span class='ocrx_word' id='word_1_159' title='bbox 788 2226 957 2296; x_wconf 79' lang='grc' dir='ltr'>πόδας</span> <span class='ocrx_word' id='word_1_160' title='bbox 1004 2228 1171 2302; x_wconf 77' lang='grc' dir='ltr'>ἔθηκε</span> <span class='ocrx_word' id='word_1_161' title='bbox 1220 2228 1321 2304; x_wconf 70' lang='grc' dir='ltr'>τὴν</span> <span class='ocrx_word' id='word_1_162' title='bbox 1361 2225 1500 2303; x_wconf 68' lang='grc' dir='ltr'>ύπὶρ</span> <span class='ocrx_word' id='word_1_163' title='bbox 1533 2229 1773 2286; x_wconf 71' lang='grc' dir='ltr'>τούτων.-</span> 
     </span>
    </p>
   </div>
   <div class='ocr_carea' id='block_1_26' title="bbox 160 2316 361 2391">
    <p class='ocr_par' dir='ltr' id='par_1_26' title="bbox 160 2316 361 2391">
     <span class='ocr_line' id='line_1_26' title="bbox 160 2316 361 2391; baseline 0.02 -20"><span class='ocrx_word' id='word_1_164' title='bbox 160 2316 361 2391; x_wconf 87' lang='grc' dir='ltr'>δίκην..</span> 
     </span>
    </p>
   </div>
   <div class='ocr_carea' id='block_1_27' title="bbox 234 2406 1763 2487">
    <p class='ocr_par' dir='ltr' id='par_1_27' title="bbox 234 2406 1763 2487">
     <span class='ocr_line' id='line_1_27' title="bbox 234 2406 1763 2487; baseline 0.003 -22"><span class='ocrx_word' id='word_1_165' title='bbox 234 2429 256 2465; x_wconf 82' lang='grc' dir='ltr'><strong>ε</strong></span> <span class='ocrx_word' id='word_1_166' title='bbox 285 2406 597 2484; x_wconf 79' lang='grc' dir='ltr'>Τοιγαροῦν</span> <span class='ocrx_word' id='word_1_167' title='bbox 620 2414 651 2467; x_wconf 79' lang='grc' dir='ltr'><strong>δ</strong></span> <span class='ocrx_word' id='word_1_168' title='bbox 674 2411 905 2481; x_wconf 82' lang='grc' dir='ltr'>ἀθετῶν,</span> <span class='ocrx_word' id='word_1_169' title='bbox 934 2413 1036 2472; x_wconf 79' lang='grc' dir='ltr'>οὐκ</span> <span class='ocrx_word' id='word_1_170' title='bbox 1060 2412 1355 2487; x_wconf 74' lang='grc' dir='ltr'>ἄνθρωπον</span> <span class='ocrx_word' id='word_1_171' title='bbox 1374 2413 1576 2481; x_wconf 86' lang='grc' dir='ltr'>ἀθετεῖ,</span> <span class='ocrx_word' id='word_1_172' title='bbox 1601 2413 1763 2470; x_wconf 66' lang='grc' dir='ltr'>ἀλλάί</span> 
     </span>
    </p>
   </div>
   <div class='ocr_carea' id='block_1_28' title="bbox 162 2494 1745 2580">
    <p class='ocr_par' dir='ltr' id='par_1_28' title="bbox 162 2494 1745 2580">
     <span class='ocr_line' id='line_1_28' title="bbox 162 2494 1745 2580; baseline 0.003 -22"><span class='ocrx_word' id='word_1_173' title='bbox 162 2500 251 2558; x_wconf 81' lang='grc' dir='ltr'><strong>τὸν</strong></span> <span class='ocrx_word' id='word_1_174' title='bbox 280 2502 417 2558; x_wconf 82' lang='grc' dir='ltr'>Θεὸν</span> <span class='ocrx_word' id='word_1_175' title='bbox 436 2544 454 2570; x_wconf 88' lang='grc'><strong>,</strong></span> <span class='ocrx_word' id='word_1_176' title='bbox 486 2504 577 2560; x_wconf 90' lang='grc' dir='ltr'><strong>τὸν</strong></span> <span class='ocrx_word' id='word_1_177' title='bbox 610 2506 706 2561; x_wconf 74' lang='grc' dir='ltr'>καὶ</span> <span class='ocrx_word' id='word_1_178' title='bbox 733 2505 892 2561; x_wconf 82' lang='grc' dir='ltr'>δόντα</span> <span class='ocrx_word' id='word_1_179' title='bbox 926 2508 986 2561; x_wconf 87' lang='grc' dir='ltr'><strong>τὸ</strong></span> <span class='ocrx_word' id='word_1_180' title='bbox 1032 2494 1259 2580; x_wconf 71' lang='grc' dir='ltr'>Πνεῦμα</span> <span class='ocrx_word' id='word_1_181' title='bbox 1287 2506 1455 2563; x_wconf 79' lang='grc' dir='ltr'>αὐτοῦ</span> <span class='ocrx_word' id='word_1_182' title='bbox 1494 2506 1555 2562; x_wconf 85' lang='grc' dir='ltr'><strong>τὸ</strong></span> <span class='ocrx_word' id='word_1_183' title='bbox 1584 2506 1745 2577; x_wconf 76' lang='grc' dir='ltr'>ἅγιον</span> 
     </span>
    </p>
   </div>
   <div class='ocr_carea' id='block_1_29' title="bbox 165 2596 1747 2674">
    <p class='ocr_par' dir='ltr' id='par_1_29' title="bbox 165 2596 1747 2674">
     <span class='ocr_line' id='line_1_29' title="bbox 165 2596 1747 2674; baseline 0.004 -24"><span class='ocrx_word' id='word_1_184' title='bbox 165 2596 242 2661; x_wconf 80' lang='grc' dir='ltr'><strong>εις</strong></span> <span class='ocrx_word' id='word_1_185' title='bbox 268 2596 433 2667; x_wconf 76' lang='grc' dir='ltr'>ὑμᾶς.</span> <span class='ocrx_word' id='word_1_186' title='bbox 471 2598 609 2671; x_wconf 79' lang='grc' dir='ltr'>Περὶ</span> <span class='ocrx_word' id='word_1_187' title='bbox 632 2599 690 2654; x_wconf 67' lang='grc' dir='ltr'>δὲ</span> <span class='ocrx_word' id='word_1_188' title='bbox 718 2601 818 2672; x_wconf 77' lang='grc' dir='ltr'>τῆς</span> <span class='ocrx_word' id='word_1_189' title='bbox 845 2599 1199 2672; x_wconf 76' lang='grc' dir='ltr'>φιλαδελφίας</span> <span class='ocrx_word' id='word_1_190' title='bbox 1216 2640 1237 2666; x_wconf 92' lang='grc'><strong>,</strong></span> <span class='ocrx_word' id='word_1_191' title='bbox 1263 2599 1325 2655; x_wconf 85' lang='grc' dir='ltr'>οὐ</span> <span class='ocrx_word' id='word_1_192' title='bbox 1366 2600 1559 2673; x_wconf 85' lang='grc' dir='ltr'>χρείαν</span> <span class='ocrx_word' id='word_1_193' title='bbox 1587 2600 1747 2674; x_wconf 76' lang='grc' dir='ltr'>ἔχετε</span> 
     </span>
    </p>
   </div>
   <div class='ocr_carea' id='block_1_30' title="bbox 165 2689 1740 2766">
    <p class='ocr_par' dir='ltr' id='par_1_30' title="bbox 165 2689 1740 2766">
     <span class='ocr_line' id='line_1_30' title="bbox 165 2689 1740 2766; baseline 0.003 -21"><span class='ocrx_word' id='word_1_194' title='bbox 165 2689 395 2761; x_wconf 74' lang='grc' dir='ltr'>γράφειν</span> <span class='ocrx_word' id='word_1_195' title='bbox 441 2692 595 2762; x_wconf 83' lang='grc' dir='ltr'>ὑμῖν.</span> <span class='ocrx_word' id='word_1_196' title='bbox 643 2692 810 2746; x_wconf 74' lang='grc' dir='ltr'>Αὐτοὶ</span> <span class='ocrx_word' id='word_1_197' title='bbox 848 2692 960 2766; x_wconf 84' lang='grc' dir='ltr'><strong>γὰρ</strong></span> <span class='ocrx_word' id='word_1_198' title='bbox 1002 2691 1163 2764; x_wconf 81' lang='grc' dir='ltr'>ὑμεῖς</span> <span class='ocrx_word' id='word_1_199' title='bbox 1202 2691 1536 2749; x_wconf 75' lang='grc' dir='ltr'>θεοδίδακτοί</span> <span class='ocrx_word' id='word_1_200' title='bbox 1582 2695 1740 2764; x_wconf 68' lang='grc' dir='ltr'>ἐστε,</span> 
     </span>
    </p>
   </div>
   <div class='ocr_carea' id='block_1_31' title="bbox 169 2782 1743 2865">
    <p class='ocr_par' dir='ltr' id='par_1_31' title="bbox 169 2782 1743 2865">
     <span class='ocr_line' id='line_1_31' title="bbox 169 2782 1743 2865; baseline 0.004 -29"><span class='ocrx_word' id='word_1_201' title='bbox 169 2782 245 2846; x_wconf 87' lang='grc' dir='ltr'><strong>είς</strong></span> <span class='ocrx_word' id='word_1_202' title='bbox 276 2782 339 2837; x_wconf 84' lang='grc' dir='ltr'><strong>τὸ</strong></span> <span class='ocrx_word' id='word_1_203' title='bbox 377 2783 621 2865; x_wconf 67' lang='grc' dir='ltr'><strong>ἀγαπᾷν¹</strong></span> <span class='ocrx_word' id='word_1_204' title='bbox 642 2782 932 2854; x_wconf 77' lang='grc' dir='ltr'>ἀλλήλους.</span> <span class='ocrx_word' id='word_1_205' title='bbox 963 2784 1076 2840; x_wconf 76' lang='grc' dir='ltr'><strong>Καὶ</strong></span> <span class='ocrx_word' id='word_1_206' title='bbox 1102 2784 1214 2857; x_wconf 84' lang='grc' dir='ltr'><strong>γὰρ</strong></span> <span class='ocrx_word' id='word_1_207' title='bbox 1254 2788 1459 2862; x_wconf 80' lang='grc' dir='ltr'>ποιεῖτε</span> <span class='ocrx_word' id='word_1_208' title='bbox 1490 2785 1623 2841; x_wconf 77' lang='grc' dir='ltr'>αὐτὸ</span> <span class='ocrx_word' id='word_1_209' title='bbox 1661 2789 1743 2853; x_wconf 86' lang='grc' dir='ltr'><strong>είς</strong></span> 
     </span>
    </p>
   </div>
   <div class='ocr_carea' id='block_1_32' title="bbox 168 2872 1739 2951">
    <p class='ocr_par' dir='ltr' id='par_1_32' title="bbox 168 2872 1739 2951">
     <span class='ocr_line' id='line_1_32' title="bbox 168 2872 1739 2951; baseline 0.004 -22"><span class='ocrx_word' id='word_1_210' title='bbox 168 2873 372 2939; x_wconf 60' lang='grc' dir='ltr'>πάντας</span> <span class='ocrx_word' id='word_1_211' title='bbox 416 2872 551 2940; x_wconf 80' lang='grc' dir='ltr'>τοὺς</span> <span class='ocrx_word' id='word_1_212' title='bbox 586 2874 851 2945; x_wconf 77' lang='grc' dir='ltr'>ἀδελφοὺς</span> <span class='ocrx_word' id='word_1_213' title='bbox 897 2874 1027 2941; x_wconf 79' lang='grc' dir='ltr'>τοὺς</span> <span class='ocrx_word' id='word_1_214' title='bbox 1072 2878 1130 2930; x_wconf 83' lang='grc' dir='ltr'>ὲν</span> <span class='ocrx_word' id='word_1_215' title='bbox 1161 2875 1259 2951; x_wconf 78' lang='grc' dir='ltr'><strong>ὅλῃ</strong></span> <span class='ocrx_word' id='word_1_216' title='bbox 1300 2880 1373 2950; x_wconf 73' lang='grc' dir='ltr'>τῇ</span> <span class='ocrx_word' id='word_1_217' title='bbox 1408 2878 1739 2951; x_wconf 81' lang='grc' dir='ltr'>Μακεδονίᾳ.</span> 
     </span>
    </p>
   </div>
   <div class='ocr_carea' id='block_1_33' title="bbox 168 2962 1744 3047">
    <p class='ocr_par' dir='ltr' id='par_1_33' title="bbox 168 2962 1744 3047">
     <span class='ocr_line' id='line_1_33' title="bbox 168 2962 1744 3047; baseline 0.006 -26"><span class='ocrx_word' id='word_1_218' title='bbox 168 2962 602 3040; x_wconf 79' lang='grc' dir='ltr'>Παρακαλοῦμεν</span> <span class='ocrx_word' id='word_1_219' title='bbox 635 2968 690 3023; x_wconf 76' lang='grc' dir='ltr'>δὲ</span> <span class='ocrx_word' id='word_1_220' title='bbox 718 2969 899 3040; x_wconf 74' lang='grc' dir='ltr'>ὑμᾶς,</span> <span class='ocrx_word' id='word_1_221' title='bbox 932 2970 1187 3040; x_wconf 75' lang='grc' dir='ltr'>ἀδελφοὶ,</span> <span class='ocrx_word' id='word_1_222' title='bbox 1225 2973 1574 3043; x_wconf 83' lang='grc' dir='ltr'>περισσεύειν</span> <span class='ocrx_word' id='word_1_223' title='bbox 1608 2974 1744 3047; x_wconf 83' lang='grc' dir='ltr'><strong>μᾶλ-</strong></span> 
     </span>
    </p>
   </div>
   <div class='ocr_carea' id='block_1_34' title="bbox 168 3055 1810 3157">
    <p class='ocr_par' dir='ltr' id='par_1_34' title="bbox 168 3055 1810 3157">
     <span class='ocr_line' id='line_1_34' title="bbox 168 3055 1810 3157; baseline 0.004 -43"><span class='ocrx_word' id='word_1_224' title='bbox 168 3055 277 3157; x_wconf 54' lang='grc' dir='ltr'>λον,</span> <span class='ocrx_word' id='word_1_225' title='bbox 310 3059 412 3157; x_wconf 66' lang='grc' dir='ltr'><strong>καλ</strong></span> <span class='ocrx_word' id='word_1_226' title='bbox 442 3060 878 3157; x_wconf 62' lang='grc' dir='ltr'>φιλοτιμεῖσθαι,</span> <span class='ocrx_word' id='word_1_227' title='bbox 910 3059 1211 3133; x_wconf 71' lang='grc' dir='ltr'>ἡσυχάζειν</span> <span class='ocrx_word' id='word_1_228' title='bbox 1238 3062 1336 3118; x_wconf 74' lang='grc' dir='ltr'>καὶ</span> <span class='ocrx_word' id='word_1_229' title='bbox 1361 3066 1628 3135; x_wconf 87' lang='grc' dir='ltr'>πράσσειν</span> <span class='ocrx_word' id='word_1_230' title='bbox 1671 3065 1742 3121; x_wconf 90' lang='grc' dir='ltr'><strong>τά</strong></span> <span class='ocrx_word' id='word_1_231' title='bbox 1767 3098 1810 3157; x_wconf 75' lang='lat' dir='ltr'><strong>c</strong></span> 
     </span>
    </p>
   </div>
   <div class='ocr_carea' id='block_1_35' title="bbox 169 3151 1743 3229">
    <p class='ocr_par' dir='ltr' id='par_1_35' title="bbox 169 3151 1743 3229">
     <span class='ocr_line' id='line_1_35' title="bbox 169 3151 1743 3229; baseline 0.005 -22"><span class='ocrx_word' id='word_1_232' title='bbox 169 3151 296 3220; x_wconf 82' lang='grc' dir='ltr'>ῐδια,</span> <span class='ocrx_word' id='word_1_233' title='bbox 324 3155 423 3209; x_wconf 75' lang='grc' dir='ltr'>καὶ</span> <span class='ocrx_word' id='word_1_234' title='bbox 447 3151 787 3227; x_wconf 71' lang='grc' dir='ltr'>ἐργάζεσθαι</span> <span class='ocrx_word' id='word_1_235' title='bbox 811 3157 929 3217; x_wconf 84' lang='grc' dir='ltr'>ταῖς</span> <span class='ocrx_word' id='word_1_236' title='bbox 955 3155 1114 3222; x_wconf 87' lang='grc' dir='ltr'>ίδίαις</span> <span class='ocrx_word' id='word_1_237' title='bbox 1138 3157 1328 3229; x_wconf 73' lang='grc' dir='ltr'>χερσὶν</span> <span class='ocrx_word' id='word_1_238' title='bbox 1356 3158 1533 3229; x_wconf 81' lang='grc' dir='ltr'>ὑμῶν,</span> <span class='ocrx_word' id='word_1_239' title='bbox 1558 3159 1743 3227; x_wconf 86' lang='grc' dir='ltr'>καθὼς</span> 
     </span>
    </p>
   </div>
   <div class='ocr_carea' id='block_1_36' title="bbox 170 3244 1745 3325">
    <p class='ocr_par' dir='ltr' id='par_1_36' title="bbox 170 3244 1745 3325">
     <span class='ocr_line' id='line_1_36' title="bbox 170 3244 1745 3325; baseline 0.008 -28"><span class='ocrx_word' id='word_1_240' title='bbox 170 3244 295 3315; x_wconf 78' lang='grc' dir='ltr'>ύμῖν</span> <span class='ocrx_word' id='word_1_241' title='bbox 340 3247 820 3320; x_wconf 76' lang='grc' dir='ltr'>παρηγγείλαμεν.</span> <span class='ocrx_word' id='word_1_242' title='bbox 853 3247 975 3305; x_wconf 81' lang='grc' dir='ltr'>Ἵνα</span> <span class='ocrx_word' id='word_1_243' title='bbox 1015 3250 1362 3324; x_wconf 81' lang='grc' dir='ltr'>περιπατῆτε</span> <span class='ocrx_word' id='word_1_244' title='bbox 1389 3252 1745 3325; x_wconf 79' lang='grc' dir='ltr'>εὐσχημόνως</span> 
     </span>
    </p>
   </div>
   <div class='ocr_carea' id='block_1_37' title="bbox 171 3334 1505 3416">
    <p class='ocr_par' dir='ltr' id='par_1_37' title="bbox 171 3334 1505 3416">
     <span class='ocr_line' id='line_1_37' title="bbox 171 3334 1505 3416; baseline 0.007 -27"><span class='ocrx_word' id='word_1_245' title='bbox 171 3334 301 3407; x_wconf 80' lang='grc' dir='ltr'>πρὸς</span> <span class='ocrx_word' id='word_1_246' title='bbox 328 3337 459 3403; x_wconf 71' lang='grc' dir='ltr'>τοὺς</span> <span class='ocrx_word' id='word_1_247' title='bbox 489 3338 617 3406; x_wconf 77' lang='grc' dir='ltr'>ἔξω,</span> <span class='ocrx_word' id='word_1_248' title='bbox 645 3339 739 3395; x_wconf 72' lang='grc' dir='ltr'>καὶ</span> <span class='ocrx_word' id='word_1_249' title='bbox 771 3340 1004 3412; x_wconf 84' lang='grc' dir='ltr'>μηδενὸς</span> <span class='ocrx_word' id='word_1_250' title='bbox 1030 3341 1221 3413; x_wconf 78' lang='grc' dir='ltr'>χρείαν</span> <span class='ocrx_word' id='word_1_251' title='bbox 1252 3340 1437 3416; x_wconf 70' lang='grc' dir='ltr'>ἔχητε.</span> <span class='ocrx_word' id='word_1_252' title='bbox 1476 3363 1505 3397; x_wconf 67' lang='grc' dir='ltr'><strong>ι</strong></span> 
     </span>
    </p>
   </div>
   <div class='ocr_carea' id='block_1_38' title="bbox 235 3428 1743 3507">
    <p class='ocr_par' dir='ltr' id='par_1_38' title="bbox 235 3428 1743 3507">
     <span class='ocr_line' id='line_1_38' title="bbox 235 3428 1743 3507; baseline 0.007 -24"><span class='ocrx_word' id='word_1_253' title='bbox 235 3428 401 3484; x_wconf 84' lang='grc' dir='ltr'>Ὅταν</span> <span class='ocrx_word' id='word_1_254' title='bbox 428 3430 725 3507; x_wconf 76' lang='grc' dir='ltr'>ἀθετησῃς,</span> <span class='ocrx_word' id='word_1_255' title='bbox 758 3434 948 3506; x_wconf 68' lang='grc' dir='ltr'>φησιν,</span> <span class='ocrx_word' id='word_1_256' title='bbox 980 3432 1073 3487; x_wconf 84' lang='grc' dir='ltr'><strong>τὸν</strong></span> <span class='ocrx_word' id='word_1_257' title='bbox 1106 3433 1359 3505; x_wconf 84' lang='grc' dir='ltr'>ἀδελφὸν,</span> <span class='ocrx_word' id='word_1_258' title='bbox 1385 3434 1479 3492; x_wconf 86' lang='grc' dir='ltr'><strong>τὸν</strong></span> <span class='ocrx_word' id='word_1_259' title='bbox 1507 3435 1743 3494; x_wconf 78' lang='grc' dir='ltr'>λαϐόντα</span> 
     </span>
    </p>
   </div>
   <div class='ocr_carea' id='block_1_39' title="bbox 171 3519 1744 3599">
    <p class='ocr_par' dir='ltr' id='par_1_39' title="bbox 171 3519 1744 3599">
     <span class='ocr_line' id='line_1_39' title="bbox 171 3519 1744 3599; baseline 0.008 -25"><span class='ocrx_word' id='word_1_260' title='bbox 171 3519 253 3574; x_wconf 75' lang='grc' dir='ltr'>διὰ</span> <span class='ocrx_word' id='word_1_261' title='bbox 285 3522 377 3578; x_wconf 81' lang='grc' dir='ltr'><strong>τοῦ</strong></span> <span class='ocrx_word' id='word_1_262' title='bbox 406 3523 786 3596; x_wconf 79' lang='grc' dir='ltr'>βαπτίσματος</span> <span class='ocrx_word' id='word_1_263' title='bbox 821 3524 883 3580; x_wconf 89' lang='grc' dir='ltr'><strong>τὸ</strong></span> <span class='ocrx_word' id='word_1_264' title='bbox 910 3525 1139 3599; x_wconf 81' lang='grc' dir='ltr'>Πνεῦμα</span> <span class='ocrx_word' id='word_1_265' title='bbox 1177 3527 1239 3583; x_wconf 86' lang='grc' dir='ltr'><strong>τὸ</strong></span> <span class='ocrx_word' id='word_1_266' title='bbox 1268 3527 1445 3599; x_wconf 75' lang='grc' dir='ltr'>ἀγιον,</span> <span class='ocrx_word' id='word_1_267' title='bbox 1486 3530 1607 3586; x_wconf 86' lang='grc' dir='ltr'>τότε</span> <span class='ocrx_word' id='word_1_268' title='bbox 1640 3531 1744 3587; x_wconf 77' lang='grc' dir='ltr'>οὐκ</span> 
     </span>
    </p>
   </div>
   <div class='ocr_carea' id='block_1_40' title="bbox 172 3610 1193 3685">
    <p class='ocr_par' dir='ltr' id='par_1_40' title="bbox 172 3610 1193 3685">
     <span class='ocr_line' id='line_1_40' title="bbox 172 3610 1193 3685; baseline 0.007 -19"><span class='ocrx_word' id='word_1_269' title='bbox 172 3610 475 3685; x_wconf 78' lang='grc' dir='ltr'>ἄνθρωπον,</span> <span class='ocrx_word' id='word_1_270' title='bbox 506 3614 642 3671; x_wconf 84' lang='grc' dir='ltr'><strong>ἀλλά</strong></span> <span class='ocrx_word' id='word_1_271' title='bbox 672 3616 766 3671; x_wconf 92' lang='grc' dir='ltr'><strong>τὸν</strong></span> <span class='ocrx_word' id='word_1_272' title='bbox 793 3616 924 3672; x_wconf 88' lang='grc' dir='ltr'>Θεὸν</span> <span class='ocrx_word' id='word_1_273' title='bbox 959 3616 1193 3683; x_wconf 78' lang='grc' dir='ltr'>ἀθετεῖς.</span> 
     </span>
    </p>
   </div>
   <div class='ocr_carea' id='block_1_41' title="bbox 241 3707 1748 3787">
    <p class='ocr_par' dir='ltr' id='par_1_41' title="bbox 241 3707 1748 3787">
     <span class='ocr_line' id='line_1_41' title="bbox 241 3707 1748 3787; baseline 0.007 -29"><span class='ocrx_word' id='word_1_274' title='bbox 241 3722 261 3757; x_wconf 79' lang='grc' dir='ltr'><strong>ε</strong></span> <span class='ocrx_word' id='word_1_275' title='bbox 296 3707 370 3762; x_wconf 85' lang='grc' dir='ltr'>υύ</span> <span class='ocrx_word' id='word_1_276' title='bbox 401 3707 649 3781; x_wconf 82' lang='grc' dir='ltr'>θέλωμεν</span> <span class='ocrx_word' id='word_1_277' title='bbox 674 3708 732 3765; x_wconf 75' lang='grc' dir='ltr'>δὲ</span> <span class='ocrx_word' id='word_1_278' title='bbox 758 3710 904 3780; x_wconf 81' lang='grc' dir='ltr'>ὑμᾶς</span> <span class='ocrx_word' id='word_1_279' title='bbox 932 3710 1172 3780; x_wconf 83' lang='grc' dir='ltr'>ἀγνοεῖν,</span> <span class='ocrx_word' id='word_1_280' title='bbox 1206 3711 1445 3783; x_wconf 77' lang='grc' dir='ltr'>ἀδελφοὶ,</span> <span class='ocrx_word' id='word_1_281' title='bbox 1480 3714 1609 3787; x_wconf 73' lang='grc' dir='ltr'>περὶ</span> <span class='ocrx_word' id='word_1_282' title='bbox 1632 3714 1748 3769; x_wconf 84' lang='grc' dir='ltr'>τῶν</span> 
     </span>
    </p>
   </div>
   <div class='ocr_carea' id='block_1_42' title="bbox 175 3799 1744 3875">
    <p class='ocr_par' dir='ltr' id='par_1_42' title="bbox 175 3799 1744 3875">
     <span class='ocr_line' id='line_1_42' title="bbox 175 3799 1744 3875; baseline 0.006 -23"><span class='ocrx_word' id='word_1_283' title='bbox 175 3799 565 3871; x_wconf 74' lang='grc' dir='ltr'>κοιμωμένων,</span> <span class='ocrx_word' id='word_1_284' title='bbox 610 3802 698 3857; x_wconf 71' lang='lat' dir='ltr'><strong>[va</strong></span> <span class='ocrx_word' id='word_1_285' title='bbox 753 3801 827 3874; x_wconf 80' lang='grc' dir='ltr'>μὴ</span> <span class='ocrx_word' id='word_1_286' title='bbox 883 3802 1159 3875; x_wconf 83' lang='grc' dir='ltr'>λυπῆσθε,</span> <span class='ocrx_word' id='word_1_287' title='bbox 1193 3803 1379 3869; x_wconf 86' lang='grc' dir='ltr'>καθὼς</span> <span class='ocrx_word' id='word_1_288' title='bbox 1421 3806 1518 3861; x_wconf 73' lang='grc' dir='ltr'>καὶ</span> <span class='ocrx_word' id='word_1_289' title='bbox 1546 3807 1597 3861; x_wconf 86' lang='lat' dir='ltr'><strong>oi</strong></span> <span class='ocrx_word' id='word_1_290' title='bbox 1632 3805 1744 3861; x_wconf 78' lang='grc' dir='ltr'>λοιο</span> 
     </span>
    </p>
   </div>
   <div class='ocr_carea' id='block_1_43' title="bbox 176 3891 1742 3969">
    <p class='ocr_par' dir='ltr' id='par_1_43' title="bbox 176 3891 1742 3969">
     <span class='ocr_line' id='line_1_43' title="bbox 176 3891 1742 3969; baseline 0.007 -26"><span class='ocrx_word' id='word_1_291' title='bbox 176 3891 261 3945; x_wconf 64' lang='grc' dir='ltr'><strong>ποι</strong></span> <span class='ocrx_word' id='word_1_292' title='bbox 288 3931 303 3957; x_wconf 96' lang='grc'><strong>,</strong></span> <span class='ocrx_word' id='word_1_293' title='bbox 340 3892 390 3946; x_wconf 79' lang='lat' dir='ltr'><strong>oi</strong></span> <span class='ocrx_word' id='word_1_294' title='bbox 432 3892 510 3965; x_wconf 76' lang='grc' dir='ltr'>μὴ</span> <span class='ocrx_word' id='word_1_295' title='bbox 561 3892 779 3966; x_wconf 81' lang='grc' dir='ltr'>εχοντες</span> <span class='ocrx_word' id='word_1_296' title='bbox 807 3893 1018 3951; x_wconf 69' lang='grc' dir='ltr'>ἐλπίδα.</span> <span class='ocrx_word' id='word_1_297' title='bbox 1050 3896 1112 3950; x_wconf 79' lang='lat' dir='ltr'><strong>Ei</strong></span> <span class='ocrx_word' id='word_1_298' title='bbox 1143 3895 1250 3968; x_wconf 75' lang='grc' dir='ltr'><strong>γὰρ</strong></span> <span class='ocrx_word' id='word_1_299' title='bbox 1285 3897 1614 3969; x_wconf 79' lang='grc' dir='ltr'>πιστεύομεν</span> <span class='ocrx_word' id='word_1_300' title='bbox 1660 3899 1742 3953; x_wconf 78' lang='grc' dir='ltr'>ὅτι</span> 
     </span>
    </p>
   </div>
   <div class='ocr_carea' id='block_1_44' title="bbox 186 3982 1744 4060">
    <p class='ocr_par' dir='ltr' id='par_1_44' title="bbox 186 3982 1744 4060">
     <span class='ocr_line' id='line_1_44' title="bbox 186 3982 1744 4060; baseline 0.006 -23"><span class='ocrx_word' id='word_1_301' title='bbox 186 3982 384 4055; x_wconf 82' lang='grc' dir='ltr'>Ἰησοῦς</span> <span class='ocrx_word' id='word_1_302' title='bbox 411 3985 686 4056; x_wconf 80' lang='grc' dir='ltr'>ἀπέθανε,</span> <span class='ocrx_word' id='word_1_303' title='bbox 725 3986 823 4043; x_wconf 74' lang='grc' dir='ltr'>καὶ</span> <span class='ocrx_word' id='word_1_304' title='bbox 855 3986 1077 4060; x_wconf 82' lang='grc' dir='ltr'>ἀνέστη,</span> <span class='ocrx_word' id='word_1_305' title='bbox 1110 3988 1253 4044; x_wconf 78' lang='grc' dir='ltr'>οὕτω</span> <span class='ocrx_word' id='word_1_306' title='bbox 1286 3990 1383 4044; x_wconf 75' lang='grc' dir='ltr'>καὶ</span> <span class='ocrx_word' id='word_1_307' title='bbox 1404 3991 1432 4045; x_wconf 81' lang='grc' dir='ltr'><strong>ὁ</strong></span> <span class='ocrx_word' id='word_1_308' title='bbox 1462 3990 1593 4056; x_wconf 86' lang='grc' dir='ltr'>Θεὸς</span> <span class='ocrx_word' id='word_1_309' title='bbox 1616 3992 1744 4057; x_wconf 77' lang='grc' dir='ltr'>τοὺς</span> 
     </span>
    </p>
   </div>
   <div class='ocr_carea' id='block_1_45' title="bbox 178 4076 1744 4161">
    <p class='ocr_par' dir='ltr' id='par_1_45' title="bbox 178 4076 1744 4161">
     <span class='ocr_line' id='line_1_45' title="bbox 178 4076 1744 4161; baseline 0.007 -33"><span class='ocrx_word' id='word_1_310' title='bbox 178 4076 535 4153; x_wconf 82' lang='grc' dir='ltr'>κοιμηθέντας</span> <span class='ocrx_word' id='word_1_311' title='bbox 576 4078 663 4133; x_wconf 84' lang='grc' dir='ltr'><strong>διά</strong></span> <span class='ocrx_word' id='word_1_312' title='bbox 709 4079 887 4151; x_wconf 83' lang='grc' dir='ltr'><strong>Ἰησοῦ</strong></span> <span class='ocrx_word' id='word_1_313' title='bbox 932 4081 1055 4147; x_wconf 81' lang='grc' dir='ltr'>ἄξει</span> <span class='ocrx_word' id='word_1_314' title='bbox 1083 4080 1180 4136; x_wconf 83' lang='grc' dir='ltr'>σὺν</span> <span class='ocrx_word' id='word_1_315' title='bbox 1210 4081 1387 4154; x_wconf 80' lang='grc' dir='ltr'>αὐτῷ.</span> <span class='ocrx_word' id='word_1_316' title='bbox 1427 4082 1601 4139; x_wconf 84' lang='grc' dir='ltr'>Τοῦτο</span> <span class='ocrx_word' id='word_1_317' title='bbox 1633 4084 1744 4161; x_wconf 82' lang='grc' dir='ltr'><strong>γὰρ</strong></span> 
     </span>
    </p>
   </div>
   <div class='ocr_carea' id='block_1_46' title="bbox 181 4166 1167 4244">
    <p class='ocr_par' dir='ltr' id='par_1_46' title="bbox 181 4166 1167 4244">
     <span class='ocr_line' id='line_1_46' title="bbox 181 4166 1167 4244; baseline 0.007 -22"><span class='ocrx_word' id='word_1_318' title='bbox 181 4166 300 4240; x_wconf 70' lang='grc' dir='ltr'>ὑμῖν</span> <span class='ocrx_word' id='word_1_319' title='bbox 322 4169 554 4241; x_wconf 71' lang='grc' dir='ltr'>λέγομεν</span> <span class='ocrx_word' id='word_1_320' title='bbox 584 4173 642 4226; x_wconf 70' lang='grc' dir='ltr'>ὲν</span> <span class='ocrx_word' id='word_1_321' title='bbox 672 4170 818 4243; x_wconf 78' lang='grc' dir='ltr'>λόγῳ</span> <span class='ocrx_word' id='word_1_322' title='bbox 852 4172 1080 4244; x_wconf 79' lang='grc' dir='ltr'>Κυρίου.</span> <span class='ocrx_word' id='word_1_323' title='bbox 1139 4193 1167 4228; x_wconf 67' lang='grc' dir='ltr'><strong>ε</strong></span> 
     </span>
    </p>
   </div>
   <div class='ocr_carea' id='block_1_47' title="bbox 240 4261 1747 4345">
    <p class='ocr_par' dir='ltr' id='par_1_47' title="bbox 240 4261 1747 4345">
     <span class='ocr_line' id='line_1_47' title="bbox 240 4261 1747 4345; baseline 0.008 -29"><span class='ocrx_word' id='word_1_324' title='bbox 240 4261 572 4318; x_wconf 74' lang='grc' dir='ltr'>Μεταὸαίνει</span> <span class='ocrx_word' id='word_1_325' title='bbox 601 4264 697 4318; x_wconf 68' lang='grc' dir='ltr'><strong>ἰπὶ</strong></span> <span class='ocrx_word' id='word_1_326' title='bbox 726 4262 820 4318; x_wconf 88' lang='grc' dir='ltr'><strong>τὸν</strong></span> <span class='ocrx_word' id='word_1_327' title='bbox 852 4266 982 4339; x_wconf 73' lang='grc' dir='ltr'>περὶ</span> <span class='ocrx_word' id='word_1_328' title='bbox 1013 4266 1365 4333; x_wconf 80' lang='grc' dir='ltr'>ἀναστάσεως</span> <span class='ocrx_word' id='word_1_329' title='bbox 1392 4269 1570 4341; x_wconf 88' lang='grc' dir='ltr'>λόγον.</span> <span class='ocrx_word' id='word_1_330' title='bbox 1601 4270 1747 4345; x_wconf 83' lang='grc' dir='ltr'>Ὅρα</span> 
     </span>
    </p>
   </div>
   <div class='ocr_carea' id='block_1_48' title="bbox 176 4352 1739 4435">
    <p class='ocr_par' dir='ltr' id='par_1_48' title="bbox 176 4352 1739 4435">
     <span class='ocr_line' id='line_1_48' title="bbox 176 4352 1739 4435; baseline 0.008 -26"><span class='ocrx_word' id='word_1_331' title='bbox 176 4352 229 4409; x_wconf 77' lang='grc' dir='ltr'>δὲ</span> <span class='ocrx_word' id='word_1_332' title='bbox 261 4356 373 4419; x_wconf 84' lang='grc' dir='ltr'><strong>πῶς</strong></span> <span class='ocrx_word' id='word_1_333' title='bbox 410 4356 743 4428; x_wconf 86' lang='grc' dir='ltr'>θαυμαστῶς</span> <span class='ocrx_word' id='word_1_334' title='bbox 768 4358 1139 4415; x_wconf 84' lang='grc' dir='ltr'>κατεσκεύασε</span> <span class='ocrx_word' id='word_1_335' title='bbox 1171 4360 1232 4413; x_wconf 87' lang='grc' dir='ltr'><strong>τὸ</strong></span> <span class='ocrx_word' id='word_1_336' title='bbox 1271 4361 1739 4435; x_wconf 83' lang='grc' dir='ltr'>ὁμολογούμενον,</span> 
     </span>
    </p>
   </div>
   <div class='ocr_carea' id='block_1_49' title="bbox 1834 452 3413 526">
    <p class='ocr_par' dir='ltr' id='par_1_49' title="bbox 1834 452 3413 526">
     <span class='ocr_line' id='line_1_49' title="bbox 1834 452 3413 526; baseline -0.004 -15"><span class='ocrx_word' id='word_1_337' title='bbox 1834 456 1990 522; x_wconf 86' lang='lat' dir='ltr'><strong>ritis;</strong></span> <span class='ocrx_word' id='word_1_338' title='bbox 2024 457 2118 513; x_wconf 89' lang='lat' dir='ltr'><strong>sed</strong></span> <span class='ocrx_word' id='word_1_339' title='bbox 2152 458 2407 511; x_wconf 79' lang='lat' dir='ltr'><strong>mandata</strong></span> <span class='ocrx_word' id='word_1_340' title='bbox 2448 471 2568 526; x_wconf 68' lang='lat' dir='ltr'><strong>qum</strong></span> <span class='ocrx_word' id='word_1_341' title='bbox 2600 455 2881 510; x_wconf 86' lang='lat' dir='ltr'><strong>observari</strong></span> <span class='ocrx_word' id='word_1_342' title='bbox 2930 452 3199 523; x_wconf 75' lang='lat' dir='ltr'><strong>praecipit,</strong></span> <span class='ocrx_word' id='word_1_343' title='bbox 3222 468 3283 509; x_wconf 87' lang='lat' dir='ltr'><strong>ea</strong></span> <span class='ocrx_word' id='word_1_344' title='bbox 3320 454 3413 521; x_wconf 59' lang='grc' dir='ltr'><strong>ἰῃο,</strong></span> 
     </span>
    </p>
   </div>
   <div class='ocr_carea' id='block_1_50' title="bbox 1833 544 3408 619">
    <p class='ocr_par' dir='ltr' id='par_1_50' title="bbox 1833 544 3408 619">
     <span class='ocr_line' id='line_1_50' title="bbox 1833 544 3408 619; baseline -0.004 -14"><span class='ocrx_word' id='word_1_345' title='bbox 1833 548 1911 605; x_wconf 85' lang='lat' dir='ltr'><strong>sis</strong></span> <span class='ocrx_word' id='word_1_346' title='bbox 1945 563 1975 603; x_wconf 86' lang='lat' dir='ltr'><strong>a</strong></span> <span class='ocrx_word' id='word_1_347' title='bbox 2025 564 2085 605; x_wconf 92' lang='lat' dir='ltr'><strong>se</strong></span> <span class='ocrx_word' id='word_1_348' title='bbox 2121 563 2219 619; x_wconf 86' lang='lat' dir='ltr'><strong>per</strong></span> <span class='ocrx_word' id='word_1_349' title='bbox 2243 546 2541 602; x_wconf 88' lang='lat' dir='ltr'><strong>Dominum</strong></span> <span class='ocrx_word' id='word_1_350' title='bbox 2594 547 2779 603; x_wconf 86' lang='lat' dir='ltr'><strong>.icsum</strong></span> <span class='ocrx_word' id='word_1_351' title='bbox 2837 545 3036 601; x_wconf 83' lang='lat' dir='ltr'><strong>tradita</strong></span> <span class='ocrx_word' id='word_1_352' title='bbox 3067 545 3222 602; x_wconf 84' lang='lat' dir='ltr'><strong>dicit.</strong></span> <span class='ocrx_word' id='word_1_353' title='bbox 3282 544 3408 600; x_wconf 78' lang='grc' dir='ltr'><strong>11αέ</strong></span> 
     </span>
    </p>
   </div>
   <div class='ocr_carea' id='block_1_51' title="bbox 1831 638 2493 696">
    <p class='ocr_par' dir='ltr' id='par_1_51' title="bbox 1831 638 2493 696">
     <span class='ocr_line' id='line_1_51' title="bbox 1831 638 2493 696; baseline 0.002 -1"><span class='ocrx_word' id='word_1_354' title='bbox 1831 642 1968 696; x_wconf 85' lang='lat' dir='ltr'><strong>enim</strong></span> <span class='ocrx_word' id='word_1_355' title='bbox 1999 652 2073 695; x_wconf 81' lang='lat' dir='ltr'><strong>est</strong></span> <span class='ocrx_word' id='word_1_356' title='bbox 2104 640 2343 695; x_wconf 77' lang='lat' dir='ltr'><strong>voluntas</strong></span> <span class='ocrx_word' id='word_1_357' title='bbox 2372 638 2493 696; x_wconf 84' lang='lat' dir='ltr'><strong>Dei.</strong></span> 
     </span>
    </p>
   </div>
   <div class='ocr_carea' id='block_1_52' title="bbox 1904 727 3413 804">
    <p class='ocr_par' dir='ltr' id='par_1_52' title="bbox 1904 727 3413 804">
     <span class='ocr_line' id='line_1_52' title="bbox 1904 727 3413 804; baseline -0.001 -20"><span class='ocrx_word' id='word_1_358' title='bbox 1904 733 2070 804; x_wconf 75' lang='lat'><strong>219</strong></span> <span class='ocrx_word' id='word_1_359' title='bbox 2114 753 2132 784; x_wconf 78' lang='grc' dir='ltr'><strong>ε</strong></span> <span class='ocrx_word' id='word_1_360' title='bbox 2165 730 2270 786; x_wconf 82' lang='lat' dir='ltr'><strong>Vas</strong></span> <span class='ocrx_word' id='word_1_361' title='bbox 2304 747 2461 785; x_wconf 90' lang='lat' dir='ltr'><strong>suum</strong></span> <span class='ocrx_word' id='word_1_362' title='bbox 2496 730 2780 801; x_wconf 85' lang='lat' dir='ltr'><strong>possidere</strong></span> <span class='ocrx_word' id='word_1_363' title='bbox 2814 730 2877 785; x_wconf 88' lang='lat' dir='ltr'><strong>in</strong></span> <span class='ocrx_word' id='word_1_364' title='bbox 2900 728 3195 786; x_wconf 71' lang='lat' dir='ltr'><strong>Sanctitate</strong></span> <span class='ocrx_word' id='word_1_365' title='bbox 3223 735 3277 783; x_wconf 88' lang='lat' dir='ltr'><strong>et</strong></span> <span class='ocrx_word' id='word_1_366' title='bbox 3312 727 3413 783; x_wconf 89' lang='lat' dir='ltr'><strong>bo-</strong></span> 
     </span>
    </p>
   </div>
   <div class='ocr_carea' id='block_1_53' title="bbox 1836 821 2897 895">
    <p class='ocr_par' dir='ltr' id='par_1_53' title="bbox 1836 821 2897 895">
     <span class='ocr_line' id='line_1_53' title="bbox 1836 821 2897 895; baseline -0.005 -13"><span class='ocrx_word' id='word_1_367' title='bbox 1836 843 1970 882; x_wconf 89' lang='lat' dir='ltr'><strong>nore</strong></span> <span class='ocrx_word' id='word_1_368' title='bbox 1992 867 2007 893; x_wconf 90' lang='lat'><strong>,</strong></span> <span class='ocrx_word' id='word_1_369' title='bbox 2042 842 2150 883; x_wconf 86' lang='lat' dir='ltr'><strong>nou</strong></span> <span class='ocrx_word' id='word_1_370' title='bbox 2183 826 2235 879; x_wconf 90' lang='lat' dir='ltr'><strong>in</strong></span> <span class='ocrx_word' id='word_1_371' title='bbox 2274 825 2527 895; x_wconf 84' lang='lat' dir='ltr'><strong>passione</strong></span> <span class='ocrx_word' id='word_1_372' title='bbox 2557 821 2844 881; x_wconf 83' lang='lat' dir='ltr'><strong>desiderii.</strong></span> <span class='ocrx_word' id='word_1_373' title='bbox 2877 843 2897 877; x_wconf 74' lang='grc' dir='ltr'><strong>ε</strong></span> 
     </span>
    </p>
   </div>
   <div class='ocr_carea' id='block_1_54' title="bbox 1906 920 2871 977">
    <p class='ocr_par' dir='ltr' id='par_1_54' title="bbox 1906 920 2871 977">
     <span class='ocr_line' id='line_1_54' title="bbox 1906 920 2871 977; baseline 0.001 -3"><span class='ocrx_word' id='word_1_374' title='bbox 1906 920 2051 977; x_wconf 87' lang='lat' dir='ltr'><strong>Idem</strong></span> <span class='ocrx_word' id='word_1_375' title='bbox 2087 920 2193 974; x_wconf 92' lang='lat' dir='ltr'><strong>hoc</strong></span> <span class='ocrx_word' id='word_1_376' title='bbox 2224 928 2303 973; x_wconf 86' lang='lat' dir='ltr'><strong>est</strong></span> <span class='ocrx_word' id='word_1_377' title='bbox 2332 933 2393 973; x_wconf 89' lang='lat' dir='ltr'><strong>ac</strong></span> <span class='ocrx_word' id='word_1_378' title='bbox 2426 932 2651 974; x_wconf 89' lang='lat' dir='ltr'><strong>carnem</strong></span> <span class='ocrx_word' id='word_1_379' title='bbox 2686 934 2871 975; x_wconf 86' lang='lat' dir='ltr'><strong>suam.</strong></span> 
     </span>
    </p>
   </div>
   <div class='ocr_carea' id='block_1_55' title="bbox 1912 1008 3175 1086">
    <p class='ocr_par' dir='ltr' id='par_1_55' title="bbox 1912 1008 3175 1086">
     <span class='ocr_line' id='line_1_55' title="bbox 1912 1008 3175 1086; baseline -0.006 -19"><span class='ocrx_word' id='word_1_380' title='bbox 1912 1034 1931 1067; x_wconf 84' lang='grc' dir='ltr'><strong>ε</strong></span> <span class='ocrx_word' id='word_1_381' title='bbox 1964 1014 2121 1071; x_wconf 85' lang='lat' dir='ltr'><strong>Sicut</strong></span> <span class='ocrx_word' id='word_1_382' title='bbox 2152 1023 2206 1071; x_wconf 84' lang='lat' dir='ltr'><strong>et</strong></span> <span class='ocrx_word' id='word_1_383' title='bbox 2240 1023 2459 1086; x_wconf 84' lang='lat' dir='ltr'><strong>gentes,</strong></span> <span class='ocrx_word' id='word_1_384' title='bbox 2495 1028 2613 1083; x_wconf 65' lang='lat' dir='ltr'><strong>quae</strong></span> <span class='ocrx_word' id='word_1_385' title='bbox 2644 1014 2897 1083; x_wconf 82' lang='lat' dir='ltr'><strong>ignorant</strong></span> <span class='ocrx_word' id='word_1_386' title='bbox 2926 1008 3118 1064; x_wconf 90' lang='lat' dir='ltr'><strong>Deum.</strong></span> <span class='ocrx_word' id='word_1_387' title='bbox 3156 1027 3175 1060; x_wconf 78' lang='grc' dir='ltr'><strong>ι</strong></span> 
     </span>
    </p>
   </div>
   <div class='ocr_carea' id='block_1_56' title="bbox 1908 1102 3411 1180">
    <p class='ocr_par' dir='ltr' id='par_1_56' title="bbox 1908 1102 3411 1180">
     <span class='ocr_line' id='line_1_56' title="bbox 1908 1102 3411 1180; baseline -0.002 -18"><span class='ocrx_word' id='word_1_388' title='bbox 1908 1106 2026 1165; x_wconf 81' lang='lat' dir='ltr'><strong>iioe</strong></span> <span class='ocrx_word' id='word_1_389' title='bbox 2060 1122 2276 1180; x_wconf 87' lang='lat' dir='ltr'><strong>quoque</strong></span> <span class='ocrx_word' id='word_1_390' title='bbox 2330 1107 2585 1162; x_wconf 89' lang='lat' dir='ltr'><strong>idoneum</strong></span> <span class='ocrx_word' id='word_1_391' title='bbox 2639 1114 2721 1161; x_wconf 90' lang='lat' dir='ltr'><strong>est</strong></span> <span class='ocrx_word' id='word_1_392' title='bbox 2781 1104 2847 1159; x_wconf 86' lang='lat' dir='ltr'><strong>ad</strong></span> <span class='ocrx_word' id='word_1_393' title='bbox 2906 1102 3324 1159; x_wconf 84' lang='lat' dir='ltr'><strong>absterrendum</strong></span> <span class='ocrx_word' id='word_1_394' title='bbox 3382 1121 3411 1159; x_wconf 79' lang='grc' dir='ltr'><strong>ιι</strong></span> 
     </span>
    </p>
   </div>
   <div class='ocr_carea' id='block_1_57' title="bbox 1839 1196 3411 1273">
    <p class='ocr_par' dir='ltr' id='par_1_57' title="bbox 1839 1196 3411 1273">
     <span class='ocr_line' id='line_1_57' title="bbox 1839 1196 3411 1273; baseline -0.003 -14"><span class='ocrx_word' id='word_1_395' title='bbox 1839 1202 2217 1270; x_wconf 9' lang='grc' dir='ltr'>θεοτιοιὶοηεςς</span> <span class='ocrx_word' id='word_1_396' title='bbox 2254 1202 2404 1273; x_wconf 84' lang='lat' dir='ltr'><strong>quod</strong></span> <span class='ocrx_word' id='word_1_397' title='bbox 2440 1215 2633 1271; x_wconf 86' lang='lat' dir='ltr'><strong>nempe</strong></span> <span class='ocrx_word' id='word_1_398' title='bbox 2667 1205 2942 1254; x_wconf 80' lang='lat' dir='ltr'><strong>scortator</strong></span> <span class='ocrx_word' id='word_1_399' title='bbox 2975 1196 3085 1252; x_wconf 89' lang='lat' dir='ltr'><strong>illis</strong></span> <span class='ocrx_word' id='word_1_400' title='bbox 3120 1198 3208 1269; x_wconf 90' lang='lat' dir='ltr'><strong>qui</strong></span> <span class='ocrx_word' id='word_1_401' title='bbox 3244 1197 3411 1255; x_wconf 90' lang='lat' dir='ltr'><strong>Deum</strong></span> 
     </span>
    </p>
   </div>
   <div class='ocr_carea' id='block_1_58' title="bbox 1836 1296 3252 1368">
    <p class='ocr_par' dir='ltr' id='par_1_58' title="bbox 1836 1296 3252 1368">
     <span class='ocr_line' id='line_1_58' title="bbox 1836 1296 3252 1368; baseline -0.004 -17"><span class='ocrx_word' id='word_1_402' title='bbox 1836 1296 2091 1368; x_wconf 84' lang='lat' dir='ltr'><strong>ignorant</strong></span> <span class='ocrx_word' id='word_1_403' title='bbox 2110 1336 2125 1363; x_wconf 87' lang='lat'><strong>,</strong></span> <span class='ocrx_word' id='word_1_404' title='bbox 2162 1304 2547 1351; x_wconf 74' lang='lat' dir='ltr'><strong>aecenseatur.</strong></span> <span class='ocrx_word' id='word_1_405' title='bbox 3245 1338 3252 1345; x_wconf 91' lang='lat'><strong>.</strong></span> 
     </span>
    </p>
   </div>
   <div class='ocr_carea' id='block_1_59' title="bbox 1909 1384 3413 1459">
    <p class='ocr_par' dir='ltr' id='par_1_59' title="bbox 1909 1384 3413 1459">
     <span class='ocr_line' id='line_1_59' title="bbox 1909 1384 3413 1459; baseline -0.002 -16"><span class='ocrx_word' id='word_1_406' title='bbox 1909 1388 2077 1445; x_wconf 72' lang='lat' dir='ltr'><strong>Vens.</strong></span> <span class='ocrx_word' id='word_1_407' title='bbox 2114 1387 2165 1443; x_wconf 87' lang='grc'><strong>6.</strong></span> <span class='ocrx_word' id='word_1_408' title='bbox 2200 1408 2217 1440; x_wconf 80' lang='grc' dir='ltr'><strong>ι</strong></span> <span class='ocrx_word' id='word_1_409' title='bbox 2249 1387 2314 1442; x_wconf 90' lang='grc' dir='ltr'><strong>Ει</strong></span> <span class='ocrx_word' id='word_1_410' title='bbox 2341 1403 2410 1443; x_wconf 89' lang='lat' dir='ltr'><strong>ne</strong></span> <span class='ocrx_word' id='word_1_411' title='bbox 2439 1390 2562 1459; x_wconf 85' lang='lat' dir='ltr'><strong>quis</strong></span> <span class='ocrx_word' id='word_1_412' title='bbox 2591 1384 3061 1459; x_wconf 86' lang='lat' dir='ltr'><strong>supergrediatur,</strong></span> <span class='ocrx_word' id='word_1_413' title='bbox 3097 1401 3273 1457; x_wconf 82' lang='lat' dir='ltr'><strong>neque</strong></span> <span class='ocrx_word' id='word_1_414' title='bbox 3304 1384 3413 1441; x_wconf 55' lang='lat' dir='ltr'><strong>circ</strong></span> 
     </span>
    </p>
   </div>
   <div class='ocr_carea' id='block_1_60' title="bbox 1840 1481 3025 1553">
    <p class='ocr_par' dir='ltr' id='par_1_60' title="bbox 1840 1481 3025 1553">
     <span class='ocr_line' id='line_1_60' title="bbox 1840 1481 3025 1553; baseline -0.006 -15"><span class='ocrx_word' id='word_1_415' title='bbox 1840 1483 2151 1538; x_wconf 86' lang='lat' dir='ltr'><strong>cumveniat</strong></span> <span class='ocrx_word' id='word_1_416' title='bbox 2185 1482 2239 1536; x_wconf 91' lang='lat' dir='ltr'><strong>in</strong></span> <span class='ocrx_word' id='word_1_417' title='bbox 2275 1481 2495 1553; x_wconf 88' lang='lat' dir='ltr'><strong>negotio</strong></span> <span class='ocrx_word' id='word_1_418' title='bbox 2530 1481 2754 1538; x_wconf 82' lang='lat' dir='ltr'><strong>fratrem</strong></span> <span class='ocrx_word' id='word_1_419' title='bbox 2791 1496 2971 1537; x_wconf 89' lang='lat' dir='ltr'><strong>suum.</strong></span> <span class='ocrx_word' id='word_1_420' title='bbox 3007 1498 3025 1531; x_wconf 75' lang='grc' dir='ltr'><strong>ε</strong></span> 
     </span>
    </p>
   </div>
   <div class='ocr_carea' id='block_1_61' title="bbox 1913 1568 3413 1646">
    <p class='ocr_par' dir='ltr' id='par_1_61' title="bbox 1913 1568 3413 1646">
     <span class='ocr_line' id='line_1_61' title="bbox 1913 1568 3413 1646; baseline -0.007 -15"><span class='ocrx_word' id='word_1_421' title='bbox 1913 1573 2396 1646; x_wconf 86' lang='lat' dir='ltr'><strong>Supergrediatur,</strong></span> <span class='ocrx_word' id='word_1_422' title='bbox 2431 1572 2649 1645; x_wconf 88' lang='lat' dir='ltr'><strong>inquit,</strong></span> <span class='ocrx_word' id='word_1_423' title='bbox 2689 1581 2954 1643; x_wconf 69' lang='lat' dir='ltr'><strong>prazcepta</strong></span> <span class='ocrx_word' id='word_1_424' title='bbox 3010 1570 3122 1625; x_wconf 87' lang='lat' dir='ltr'><strong>Dei.</strong></span> <span class='ocrx_word' id='word_1_425' title='bbox 3172 1568 3413 1639; x_wconf 75' lang='lat' dir='ltr'><strong>Eleganti</strong></span> 
     </span>
    </p>
   </div>
   <div class='ocr_carea' id='block_1_62' title="bbox 1842 1662 3413 1737">
    <p class='ocr_par' dir='ltr' id='par_1_62' title="bbox 1842 1662 3413 1737">
     <span class='ocr_line' id='line_1_62' title="bbox 1842 1662 3413 1737; baseline -0.006 -13"><span class='ocrx_word' id='word_1_426' title='bbox 1842 1683 1971 1737; x_wconf 77' lang='lat' dir='ltr'><strong>vero</strong></span> <span class='ocrx_word' id='word_1_427' title='bbox 2006 1667 2295 1723; x_wconf 86' lang='lat' dir='ltr'><strong>admodum</strong></span> <span class='ocrx_word' id='word_1_428' title='bbox 2333 1680 2465 1722; x_wconf 87' lang='lat' dir='ltr'><strong>voce</strong></span> <span class='ocrx_word' id='word_1_429' title='bbox 2506 1666 2784 1735; x_wconf 81' lang='lat' dir='ltr'><strong>taciteque</strong></span> <span class='ocrx_word' id='word_1_430' title='bbox 2813 1662 3139 1719; x_wconf 83' lang='lat' dir='ltr'><strong>adulterium</strong></span> <span class='ocrx_word' id='word_1_431' title='bbox 3168 1662 3413 1727; x_wconf 81' lang='lat' dir='ltr'><strong>notavit,</strong></span> 
     </span>
    </p>
   </div>
   <div class='ocr_carea' id='block_1_63' title="bbox 1762 1735 3207 1831">
    <p class='ocr_par' dir='ltr' id='par_1_63' title="bbox 1762 1735 3207 1831">
     <span class='ocr_line' id='line_1_63' title="bbox 1762 1735 3207 1831; baseline -0.007 -11"><span class='ocrx_word' id='word_1_432' title='bbox 1762 1735 1811 1795; x_wconf 68' lang='grc' dir='ltr'><strong>Β</strong></span> <span class='ocrx_word' id='word_1_433' title='bbox 1838 1778 1957 1819; x_wconf 89' lang='lat' dir='ltr'><strong>eam</strong></span> <span class='ocrx_word' id='word_1_434' title='bbox 1994 1778 2118 1818; x_wconf 89' lang='lat' dir='ltr'><strong>esse</strong></span> <span class='ocrx_word' id='word_1_435' title='bbox 2146 1761 2380 1817; x_wconf 89' lang='lat' dir='ltr'><strong>dicendo</strong></span> <span class='ocrx_word' id='word_1_436' title='bbox 2413 1761 2669 1831; x_wconf 87' lang='lat' dir='ltr'><strong>injuriam</strong></span> <span class='ocrx_word' id='word_1_437' title='bbox 2702 1762 2995 1829; x_wconf 75' lang='lat' dir='ltr'><strong>irrogatam</strong></span> <span class='ocrx_word' id='word_1_438' title='bbox 3030 1756 3207 1812; x_wconf 80' lang='lat' dir='ltr'><strong>fratri.</strong></span> 
     </span>
    </p>
   </div>
   <div class='ocr_carea' id='block_1_64' title="bbox 1911 1848 3414 1922">
    <p class='ocr_par' dir='ltr' id='par_1_64' title="bbox 1911 1848 3414 1922">
     <span class='ocr_line' id='line_1_64' title="bbox 1911 1848 3414 1922; baseline -0.003 -15"><span class='ocrx_word' id='word_1_439' title='bbox 1911 1854 2205 1922; x_wconf 66' lang='lat' dir='ltr'><strong>«Quoniam</strong></span> <span class='ocrx_word' id='word_1_440' title='bbox 2250 1856 2443 1911; x_wconf 78' lang='lat' dir='ltr'><strong>vindex</strong></span> <span class='ocrx_word' id='word_1_441' title='bbox 2483 1864 2569 1909; x_wconf 87' lang='lat' dir='ltr'><strong>est</strong></span> <span class='ocrx_word' id='word_1_442' title='bbox 2594 1850 2873 1908; x_wconf 83' lang='lat' dir='ltr'><strong>Dominus</strong></span> <span class='ocrx_word' id='word_1_443' title='bbox 2913 1851 2979 1906; x_wconf 85' lang='lat' dir='ltr'><strong>de</strong></span> <span class='ocrx_word' id='word_1_444' title='bbox 3018 1851 3104 1905; x_wconf 86' lang='lat' dir='ltr'><strong>his</strong></span> <span class='ocrx_word' id='word_1_445' title='bbox 3140 1848 3414 1913; x_wconf 85' lang='lat' dir='ltr'><strong>omnibus,</strong></span> 
     </span>
    </p>
   </div>
   <div class='ocr_carea' id='block_1_65' title="bbox 1836 1944 3479 2022">
    <p class='ocr_par' dir='ltr' id='par_1_65' title="bbox 1836 1944 3479 2022">
     <span class='ocr_line' id='line_1_65' title="bbox 1836 1944 3479 2022; baseline -0.005 -13"><span class='ocrx_word' id='word_1_446' title='bbox 1836 1949 1977 2009; x_wconf 83' lang='lat' dir='ltr'><strong>sicut</strong></span> <span class='ocrx_word' id='word_1_447' title='bbox 2058 1949 2412 2022; x_wconf 73' lang='lat' dir='ltr'><strong>praadiximus</strong></span> <span class='ocrx_word' id='word_1_448' title='bbox 2489 1948 2647 2003; x_wconf 90' lang='lat' dir='ltr'><strong>vobis</strong></span> <span class='ocrx_word' id='word_1_449' title='bbox 2720 1955 2775 2002; x_wconf 90' lang='lat' dir='ltr'><strong>et</strong></span> <span class='ocrx_word' id='word_1_450' title='bbox 2861 1944 3133 2003; x_wconf 71' lang='lat' dir='ltr'><strong>testificati</strong></span> <span class='ocrx_word' id='word_1_451' title='bbox 3198 1958 3413 2010; x_wconf 73' lang='lat' dir='ltr'><strong>sumus.</strong></span> <span class='ocrx_word' id='word_1_452' title='bbox 3470 2006 3479 2013; x_wconf 87' lang='lat'><strong>_</strong></span> 
     </span>
    </p>
   </div>
   <div class='ocr_carea' id='block_1_66' title="bbox 1841 2037 3415 2120">
    <p class='ocr_par' dir='ltr' id='par_1_66' title="bbox 1841 2037 3415 2120">
     <span class='ocr_line' id='line_1_66' title="bbox 1841 2037 3415 2120; baseline -0.005 -22"><span class='ocrx_word' id='word_1_453' title='bbox 1841 2041 2045 2117; x_wconf 62' lang='lat' dir='ltr'><strong>[Vens</strong></span> <span class='ocrx_word' id='word_1_454' title='bbox 2080 2041 2170 2114; x_wconf 67' lang='lat'><strong>7.]</strong></span> <span class='ocrx_word' id='word_1_455' title='bbox 2205 2041 2327 2098; x_wconf 80' lang='lat' dir='ltr'><strong>Non</strong></span> <span class='ocrx_word' id='word_1_456' title='bbox 2359 2043 2503 2098; x_wconf 87' lang='lat' dir='ltr'><strong>enim</strong></span> <span class='ocrx_word' id='word_1_457' title='bbox 2541 2039 2753 2097; x_wconf 85' lang='lat' dir='ltr'><strong>vocavit</strong></span> <span class='ocrx_word' id='word_1_458' title='bbox 2788 2054 2886 2096; x_wconf 87' lang='lat' dir='ltr'><strong>nos</strong></span> <span class='ocrx_word' id='word_1_459' title='bbox 2922 2037 3067 2120; x_wconf 80' lang='lat' dir='ltr'><strong>Dens</strong></span> <span class='ocrx_word' id='word_1_460' title='bbox 3093 2037 3148 2092; x_wconf 88' lang='lat' dir='ltr'><strong>in</strong></span> <span class='ocrx_word' id='word_1_461' title='bbox 3179 2037 3415 2092; x_wconf 84' lang='lat' dir='ltr'><strong>immun-</strong></span> 
     </span>
    </p>
   </div>
   <div class='ocr_carea' id='block_1_67' title="bbox 1838 2132 2872 2201">
    <p class='ocr_par' dir='ltr' id='par_1_67' title="bbox 1838 2132 2872 2201">
     <span class='ocr_line' id='line_1_67' title="bbox 1838 2132 2872 2201; baseline -0.007 -10"><span class='ocrx_word' id='word_1_462' title='bbox 1838 2136 2027 2191; x_wconf 86' lang='lat' dir='ltr'><strong>ditiam</strong></span> <span class='ocrx_word' id='word_1_463' title='bbox 2052 2176 2070 2201; x_wconf 90' lang='lat'><strong>,</strong></span> <span class='ocrx_word' id='word_1_464' title='bbox 2099 2135 2195 2191; x_wconf 91' lang='lat' dir='ltr'><strong>sed</strong></span> <span class='ocrx_word' id='word_1_465' title='bbox 2225 2135 2279 2192; x_wconf 92' lang='lat' dir='ltr'><strong>in</strong></span> <span class='ocrx_word' id='word_1_466' title='bbox 2313 2132 2820 2191; x_wconf 86' lang='lat' dir='ltr'><strong>sanetiflcationem.</strong></span> <span class='ocrx_word' id='word_1_467' title='bbox 2852 2151 2872 2184; x_wconf 75' lang='grc' dir='ltr'><strong>ι</strong></span> 
     </span>
    </p>
   </div>
   <div class='ocr_carea' id='block_1_68' title="bbox 1908 2219 3416 2299">
    <p class='ocr_par' dir='ltr' id='par_1_68' title="bbox 1908 2219 3416 2299">
     <span class='ocr_line' id='line_1_68' title="bbox 1908 2219 3416 2299; baseline -0.004 -18"><span class='ocrx_word' id='word_1_468' title='bbox 1908 2225 2049 2283; x_wconf 67' lang='lat' dir='ltr'><strong>Vide</strong></span> <span class='ocrx_word' id='word_1_469' title='bbox 2098 2225 2374 2299; x_wconf 83' lang='lat' dir='ltr'><strong>quomodo</strong></span> <span class='ocrx_word' id='word_1_470' title='bbox 2418 2242 2447 2282; x_wconf 79' lang='grc' dir='ltr'><strong>θ</strong></span> <span class='ocrx_word' id='word_1_471' title='bbox 2492 2223 2728 2297; x_wconf 83' lang='lat' dir='ltr'><strong>vestigio</strong></span> <span class='ocrx_word' id='word_1_472' title='bbox 2770 2223 2963 2280; x_wconf 83' lang='lat' dir='ltr'><strong>borum</strong></span> <span class='ocrx_word' id='word_1_473' title='bbox 3010 2220 3273 2278; x_wconf 86' lang='lat' dir='ltr'><strong>ultionem</strong></span> <span class='ocrx_word' id='word_1_474' title='bbox 3329 2219 3416 2276; x_wconf 89' lang='lat' dir='ltr'><strong>in-</strong></span> 
     </span>
    </p>
   </div>
   <div class='ocr_carea' id='block_1_69' title="bbox 1839 2328 2051 2379">
    <p class='ocr_par' dir='ltr' id='par_1_69' title="bbox 1839 2328 2051 2379">
     <span class='ocr_line' id='line_1_69' title="bbox 1839 2328 2051 2379; baseline -0.005 -4"><span class='ocrx_word' id='word_1_475' title='bbox 1839 2328 2051 2379; x_wconf 88' lang='lat' dir='ltr'><strong>tentat..</strong></span> 
     </span>
    </p>
   </div>
   <div class='ocr_carea' id='block_1_70' title="bbox 1914 2406 3416 2483">
    <p class='ocr_par' dir='ltr' id='par_1_70' title="bbox 1914 2406 3416 2483">
     <span class='ocr_line' id='line_1_70' title="bbox 1914 2406 3416 2483; baseline -0.005 -17"><span class='ocrx_word' id='word_1_476' title='bbox 1914 2410 2085 2470; x_wconf 76' lang='lat' dir='ltr'><strong>Vens.</strong></span> <span class='ocrx_word' id='word_1_477' title='bbox 2124 2410 2281 2469; x_wconf 76' lang='lat' dir='ltr'><strong>8-H.</strong></span> <span class='ocrx_word' id='word_1_478' title='bbox 2316 2430 2335 2465; x_wconf 72' lang='grc' dir='ltr'><strong>ι</strong></span> <span class='ocrx_word' id='word_1_479' title='bbox 2365 2410 2553 2483; x_wconf 86' lang='lat' dir='ltr'><strong>Itaque</strong></span> <span class='ocrx_word' id='word_1_480' title='bbox 2575 2413 2664 2483; x_wconf 89' lang='lat' dir='ltr'><strong>qui</strong></span> <span class='ocrx_word' id='word_1_481' title='bbox 2691 2407 2807 2467; x_wconf 58' lang='lat' dir='ltr'><strong>hac</strong></span> <span class='ocrx_word' id='word_1_482' title='bbox 2832 2407 3076 2480; x_wconf 87' lang='lat' dir='ltr'><strong>spernit,</strong></span> <span class='ocrx_word' id='word_1_483' title='bbox 3102 2422 3212 2462; x_wconf 89' lang='lat' dir='ltr'><strong>non</strong></span> <span class='ocrx_word' id='word_1_484' title='bbox 3238 2406 3416 2461; x_wconf 82' lang='lat' dir='ltr'><strong>homi-</strong></span> 
     </span>
    </p>
   </div>
   <div class='ocr_carea' id='block_1_71' title="bbox 1841 2498 3428 2574">
    <p class='ocr_par' dir='ltr' id='par_1_71' title="bbox 1841 2498 3428 2574">
     <span class='ocr_line' id='line_1_71' title="bbox 1841 2498 3428 2574; baseline -0.006 -14"><span class='ocrx_word' id='word_1_485' title='bbox 1841 2519 1964 2560; x_wconf 88' lang='lat' dir='ltr'><strong>nem</strong></span> <span class='ocrx_word' id='word_1_486' title='bbox 1995 2506 2240 2573; x_wconf 88' lang='lat' dir='ltr'><strong>spernit,</strong></span> <span class='ocrx_word' id='word_1_487' title='bbox 2274 2504 2368 2561; x_wconf 86' lang='lat' dir='ltr'><strong>sed</strong></span> <span class='ocrx_word' id='word_1_488' title='bbox 2404 2503 2614 2571; x_wconf 87' lang='lat' dir='ltr'><strong>Deum,</strong></span> <span class='ocrx_word' id='word_1_489' title='bbox 2647 2504 2738 2574; x_wconf 90' lang='lat' dir='ltr'><strong>qui</strong></span> <span class='ocrx_word' id='word_1_490' title='bbox 2773 2502 2937 2558; x_wconf 84' lang='lat' dir='ltr'><strong>etiam</strong></span> <span class='ocrx_word' id='word_1_491' title='bbox 2973 2501 3120 2557; x_wconf 87' lang='lat' dir='ltr'><strong>dedit</strong></span> <span class='ocrx_word' id='word_1_492' title='bbox 3152 2498 3428 2570; x_wconf 81' lang='lat' dir='ltr'><strong>Spiritum.</strong></span> 
     </span>
    </p>
   </div>
   <div class='ocr_carea' id='block_1_72' title="bbox 1840 2596 3417 2656">
    <p class='ocr_par' dir='ltr' id='par_1_72' title="bbox 1840 2596 3417 2656">
     <span class='ocr_line' id='line_1_72' title="bbox 1840 2596 3417 2656; baseline -0.006 -2"><span class='ocrx_word' id='word_1_493' title='bbox 1840 2613 2001 2654; x_wconf 88' lang='lat' dir='ltr'><strong>suum</strong></span> <span class='ocrx_word' id='word_1_494' title='bbox 2030 2608 2281 2656; x_wconf 87' lang='lat' dir='ltr'><strong>sanctum</strong></span> <span class='ocrx_word' id='word_1_495' title='bbox 2313 2598 2367 2653; x_wconf 93' lang='lat' dir='ltr'><strong>in</strong></span> <span class='ocrx_word' id='word_1_496' title='bbox 2399 2598 2580 2654; x_wconf 80' lang='lat' dir='ltr'><strong>vobis.</strong></span> <span class='ocrx_word' id='word_1_497' title='bbox 2609 2598 2685 2653; x_wconf 89' lang='lat' dir='ltr'><strong>De</strong></span> <span class='ocrx_word' id='word_1_498' title='bbox 2715 2597 2983 2653; x_wconf 75' lang='lat' dir='ltr'><strong>citaritate</strong></span> <span class='ocrx_word' id='word_1_499' title='bbox 3009 2604 3188 2651; x_wconf 84' lang='lat' dir='ltr'><strong>autem</strong></span> <span class='ocrx_word' id='word_1_500' title='bbox 3218 2596 3417 2650; x_wconf 82' lang='lat' dir='ltr'><strong>frater-</strong></span> 
     </span>
    </p>
   </div>
   <div class='ocr_carea' id='block_1_73' title="bbox 1842 2684 3432 2755">
    <p class='ocr_par' dir='ltr' id='par_1_73' title="bbox 1842 2684 3432 2755">
     <span class='ocr_line' id='line_1_73' title="bbox 1842 2684 3432 2755; baseline -0.005 -8"><span class='ocrx_word' id='word_1_501' title='bbox 1842 2691 2033 2747; x_wconf 89' lang='lat' dir='ltr'><strong>nitatis</strong></span> <span class='ocrx_word' id='word_1_502' title='bbox 2067 2708 2172 2748; x_wconf 92' lang='lat' dir='ltr'><strong>non</strong></span> <span class='ocrx_word' id='word_1_503' title='bbox 2204 2705 2430 2747; x_wconf 88' lang='lat' dir='ltr'><strong>necesse</strong></span> <span class='ocrx_word' id='word_1_504' title='bbox 2466 2690 2731 2746; x_wconf 84' lang='lat' dir='ltr'><strong>habemus</strong></span> <span class='ocrx_word' id='word_1_505' title='bbox 2776 2689 3017 2745; x_wconf 85' lang='lat' dir='ltr'><strong>scribere</strong></span> <span class='ocrx_word' id='word_1_506' title='bbox 3068 2686 3250 2743; x_wconf 80' lang='lat' dir='ltr'><strong>vobis.</strong></span> <span class='ocrx_word' id='word_1_507' title='bbox 3307 2684 3432 2755; x_wconf 85' lang='lat' dir='ltr'><strong>Ipsi</strong></span> 
     </span>
    </p>
   </div>
   <div class='ocr_carea' id='block_1_74' title="bbox 1844 2777 3417 2851">
    <p class='ocr_par' dir='ltr' id='par_1_74' title="bbox 1844 2777 3417 2851">
     <span class='ocr_line' id='line_1_74' title="bbox 1844 2777 3417 2851; baseline -0.008 -9"><span class='ocrx_word' id='word_1_508' title='bbox 1844 2787 1992 2842; x_wconf 84' lang='lat' dir='ltr'><strong>enim</strong></span> <span class='ocrx_word' id='word_1_509' title='bbox 2023 2800 2120 2841; x_wconf 88' lang='lat' dir='ltr'><strong>vos</strong></span> <span class='ocrx_word' id='word_1_510' title='bbox 2148 2799 2178 2839; x_wconf 88' lang='lat' dir='ltr'><strong>a</strong></span> <span class='ocrx_word' id='word_1_511' title='bbox 2200 2782 2311 2841; x_wconf 76' lang='lat' dir='ltr'><strong>Deo</strong></span> <span class='ocrx_word' id='word_1_512' title='bbox 2336 2782 2637 2846; x_wconf 81' lang='lat' dir='ltr'><strong>didicistis,</strong></span> <span class='ocrx_word' id='word_1_513' title='bbox 2667 2791 2725 2837; x_wconf 92' lang='lat' dir='ltr'><strong>ut</strong></span> <span class='ocrx_word' id='word_1_514' title='bbox 2746 2781 2988 2851; x_wconf 74' lang='lat' dir='ltr'><strong>diligatis</strong></span> <span class='ocrx_word' id='word_1_515' title='bbox 3040 2780 3295 2834; x_wconf 88' lang='lat' dir='ltr'><strong>invicem.</strong></span> <span class='ocrx_word' id='word_1_516' title='bbox 3322 2777 3417 2831; x_wconf 75' lang='lat' dir='ltr'><strong>Et-</strong></span> 
     </span>
    </p>
   </div>
   <div class='ocr_carea' id='block_1_75' title="bbox 1843 2871 3416 2935">
    <p class='ocr_par' dir='ltr' id='par_1_75' title="bbox 1843 2871 3416 2935">
     <span class='ocr_line' id='line_1_75' title="bbox 1843 2871 3416 2935; baseline -0.006 -2"><span class='ocrx_word' id='word_1_517' title='bbox 1843 2879 1987 2933; x_wconf 89' lang='lat' dir='ltr'><strong>enim</strong></span> <span class='ocrx_word' id='word_1_518' title='bbox 2017 2876 2148 2933; x_wconf 89' lang='lat' dir='ltr'><strong>iilud</strong></span> <span class='ocrx_word' id='word_1_519' title='bbox 2179 2876 2365 2935; x_wconf 86' lang='lat' dir='ltr'><strong>facitis</strong></span> <span class='ocrx_word' id='word_1_520' title='bbox 2396 2876 2451 2934; x_wconf 89' lang='lat' dir='ltr'><strong>in</strong></span> <span class='ocrx_word' id='word_1_521' title='bbox 2474 2890 2663 2933; x_wconf 91' lang='lat' dir='ltr'><strong>omnes</strong></span> <span class='ocrx_word' id='word_1_522' title='bbox 2694 2874 2890 2931; x_wconf 83' lang='lat' dir='ltr'><strong>fratres</strong></span> <span class='ocrx_word' id='word_1_523' title='bbox 2924 2874 2978 2927; x_wconf 90' lang='lat' dir='ltr'><strong>in</strong></span> <span class='ocrx_word' id='word_1_524' title='bbox 3016 2874 3269 2929; x_wconf 86' lang='lat' dir='ltr'><strong>universa</strong></span> <span class='ocrx_word' id='word_1_525' title='bbox 3301 2871 3416 2925; x_wconf 83' lang='lat' dir='ltr'><strong>Ma-</strong></span> 
     </span>
    </p>
   </div>
   <div class='ocr_carea' id='block_1_76' title="bbox 1843 2967 3418 3042">
    <p class='ocr_par' dir='ltr' id='par_1_76' title="bbox 1843 2967 3418 3042">
     <span class='ocr_line' id='line_1_76' title="bbox 1843 2967 3418 3042; baseline -0.004 -15"><span class='ocrx_word' id='word_1_526' title='bbox 1843 2972 2096 3029; x_wconf 90' lang='lat' dir='ltr'><strong>cedonia.</strong></span> <span class='ocrx_word' id='word_1_527' title='bbox 2130 2971 2407 3042; x_wconf 82' lang='lat' dir='ltr'><strong>Rogamus</strong></span> <span class='ocrx_word' id='word_1_528' title='bbox 2438 2980 2626 3025; x_wconf 90' lang='lat' dir='ltr'><strong>autem</strong></span> <span class='ocrx_word' id='word_1_529' title='bbox 2662 2984 2759 3025; x_wconf 88' lang='lat' dir='ltr'><strong>vos</strong></span> <span class='ocrx_word' id='word_1_530' title='bbox 2784 3008 2799 3035; x_wconf 89' lang='lat'><strong>,</strong></span> <span class='ocrx_word' id='word_1_531' title='bbox 2849 2967 3086 3032; x_wconf 79' lang='lat' dir='ltr'><strong>fratres,</strong></span> <span class='ocrx_word' id='word_1_532' title='bbox 3140 2974 3199 3020; x_wconf 90' lang='lat' dir='ltr'><strong>ut</strong></span> <span class='ocrx_word' id='word_1_533' title='bbox 3246 2968 3418 3020; x_wconf 84' lang='lat' dir='ltr'><strong>atum-</strong></span> 
     </span>
    </p>
   </div>
   <div class='ocr_carea' id='block_1_77' title="bbox 1844 3058 3420 3136">
    <p class='ocr_par' dir='ltr' id='par_1_77' title="bbox 1844 3058 3420 3136">
     <span class='ocr_line' id='line_1_77' title="bbox 1844 3058 3420 3136; baseline -0.005 -18"><span class='ocrx_word' id='word_1_534' title='bbox 1844 3061 1984 3119; x_wconf 90' lang='lat' dir='ltr'><strong>detis</strong></span> <span class='ocrx_word' id='word_1_535' title='bbox 2016 3061 2224 3136; x_wconf 82' lang='lat' dir='ltr'><strong>magis,</strong></span> <span class='ocrx_word' id='word_1_536' title='bbox 2277 3069 2332 3118; x_wconf 87' lang='lat' dir='ltr'><strong>et</strong></span> <span class='ocrx_word' id='word_1_537' title='bbox 2366 3075 2587 3134; x_wconf 84' lang='lat' dir='ltr'><strong>operam</strong></span> <span class='ocrx_word' id='word_1_538' title='bbox 2620 3060 2763 3117; x_wconf 90' lang='lat' dir='ltr'><strong>detis</strong></span> <span class='ocrx_word' id='word_1_539' title='bbox 2795 3068 2855 3115; x_wconf 91' lang='lat' dir='ltr'><strong>ut</strong></span> <span class='ocrx_word' id='word_1_540' title='bbox 2880 3059 3051 3130; x_wconf 86' lang='lat' dir='ltr'><strong>quieti</strong></span> <span class='ocrx_word' id='word_1_541' title='bbox 3083 3058 3204 3115; x_wconf 89' lang='lat' dir='ltr'><strong>sitis</strong></span> <span class='ocrx_word' id='word_1_542' title='bbox 3227 3098 3242 3122; x_wconf 91' lang='lat'><strong>.</strong></span> <span class='ocrx_word' id='word_1_543' title='bbox 3274 3064 3327 3112; x_wconf 89' lang='lat' dir='ltr'><strong>et</strong></span> <span class='ocrx_word' id='word_1_544' title='bbox 3358 3065 3420 3111; x_wconf 91' lang='lat' dir='ltr'><strong>ut</strong></span> 
     </span>
    </p>
   </div>
   <div class='ocr_carea' id='block_1_78' title="bbox 1842 3150 3417 3227">
    <p class='ocr_par' dir='ltr' id='par_1_78' title="bbox 1842 3150 3417 3227">
     <span class='ocr_line' id='line_1_78' title="bbox 1842 3150 3417 3227; baseline -0.004 -18"><span class='ocrx_word' id='word_1_545' title='bbox 1842 3163 2086 3212; x_wconf 89' lang='lat' dir='ltr'><strong>vestrum</strong></span> <span class='ocrx_word' id='word_1_546' title='bbox 2116 3154 2396 3227; x_wconf 72' lang='lat' dir='ltr'><strong>negotium</strong></span> <span class='ocrx_word' id='word_1_547' title='bbox 2426 3153 2624 3226; x_wconf 85' lang='lat' dir='ltr'><strong>agatis,</strong></span> <span class='ocrx_word' id='word_1_548' title='bbox 2658 3160 2711 3208; x_wconf 90' lang='lat' dir='ltr'><strong>et</strong></span> <span class='ocrx_word' id='word_1_549' title='bbox 2730 3152 3027 3223; x_wconf 88' lang='lat' dir='ltr'><strong>operemini</strong></span> <span class='ocrx_word' id='word_1_550' title='bbox 3055 3150 3301 3207; x_wconf 85' lang='lat' dir='ltr'><strong>manibus</strong></span> <span class='ocrx_word' id='word_1_551' title='bbox 3322 3164 3417 3203; x_wconf 82' lang='lat' dir='ltr'><strong>ve—</strong></span> 
     </span>
    </p>
   </div>
   <div class='ocr_carea' id='block_1_79' title="bbox 1841 3242 3420 3321">
    <p class='ocr_par' dir='ltr' id='par_1_79' title="bbox 1841 3242 3420 3321">
     <span class='ocr_line' id='line_1_79' title="bbox 1841 3242 3420 3321; baseline -0.005 -15"><span class='ocrx_word' id='word_1_552' title='bbox 1841 3250 2004 3315; x_wconf 89' lang='lat' dir='ltr'><strong>stris,</strong></span> <span class='ocrx_word' id='word_1_553' title='bbox 2039 3250 2185 3307; x_wconf 90' lang='lat' dir='ltr'><strong>sicut</strong></span> <span class='ocrx_word' id='word_1_554' title='bbox 2210 3248 2571 3321; x_wconf 81' lang='lat' dir='ltr'><strong>praecepimus</strong></span> <span class='ocrx_word' id='word_1_555' title='bbox 2598 3246 2757 3305; x_wconf 84' lang='lat' dir='ltr'><strong>vobis</strong></span> <span class='ocrx_word' id='word_1_556' title='bbox 2782 3256 2843 3303; x_wconf 90' lang='lat' dir='ltr'><strong>ut</strong></span> <span class='ocrx_word' id='word_1_557' title='bbox 2867 3246 3093 3302; x_wconf 78' lang='lat' dir='ltr'><strong>honeste</strong></span> <span class='ocrx_word' id='word_1_558' title='bbox 3123 3242 3420 3299; x_wconf 88' lang='lat' dir='ltr'><strong>ambuletis</strong></span> 
     </span>
    </p>
   </div>
   <div class='ocr_carea' id='block_1_80' title="bbox 1842 3338 3320 3411">
    <p class='ocr_par' dir='ltr' id='par_1_80' title="bbox 1842 3338 3320 3411">
     <span class='ocr_line' id='line_1_80' title="bbox 1842 3338 3320 3411; baseline -0.004 -14"><span class='ocrx_word' id='word_1_559' title='bbox 1842 3342 1909 3398; x_wconf 88' lang='lat' dir='ltr'><strong>ad</strong></span> <span class='ocrx_word' id='word_1_560' title='bbox 1939 3357 2035 3399; x_wconf 91' lang='lat' dir='ltr'><strong>eos</strong></span> <span class='ocrx_word' id='word_1_561' title='bbox 2066 3342 2157 3409; x_wconf 89' lang='lat' dir='ltr'><strong>qui</strong></span> <span class='ocrx_word' id='word_1_562' title='bbox 2190 3340 2325 3398; x_wconf 87' lang='lat' dir='ltr'><strong>foris</strong></span> <span class='ocrx_word' id='word_1_563' title='bbox 2360 3349 2527 3408; x_wconf 89' lang='lat' dir='ltr'><strong>sunt,</strong></span> <span class='ocrx_word' id='word_1_564' title='bbox 2561 3349 2617 3399; x_wconf 90' lang='lat' dir='ltr'><strong>et</strong></span> <span class='ocrx_word' id='word_1_565' title='bbox 2645 3342 2805 3398; x_wconf 90' lang='lat' dir='ltr'><strong>nullo</strong></span> <span class='ocrx_word' id='word_1_566' title='bbox 2835 3356 2973 3411; x_wconf 90' lang='lat' dir='ltr'><strong>opus</strong></span> <span class='ocrx_word' id='word_1_567' title='bbox 3002 3338 3269 3395; x_wconf 84' lang='lat' dir='ltr'><strong>habeatis.</strong></span> <span class='ocrx_word' id='word_1_568' title='bbox 3300 3358 3320 3390; x_wconf 79' lang='grc' dir='ltr'><strong>ι</strong></span> 
     </span>
    </p>
   </div>
   <div class='ocr_carea' id='block_1_81' title="bbox 1913 3431 3415 3505">
    <p class='ocr_par' dir='ltr' id='par_1_81' title="bbox 1913 3431 3415 3505">
     <span class='ocr_line' id='line_1_81' title="bbox 1913 3431 3415 3505; baseline -0.003 -16"><span class='ocrx_word' id='word_1_569' title='bbox 1913 3434 2049 3490; x_wconf 91' lang='lat' dir='ltr'><strong>Dum</strong></span> <span class='ocrx_word' id='word_1_570' title='bbox 2086 3434 2304 3504; x_wconf 86' lang='lat' dir='ltr'><strong>spernis</strong></span> <span class='ocrx_word' id='word_1_571' title='bbox 2347 3434 2574 3490; x_wconf 85' lang='lat' dir='ltr'><strong>fratrem</strong></span> <span class='ocrx_word' id='word_1_572' title='bbox 2617 3440 2809 3499; x_wconf 89' lang='lat' dir='ltr'><strong>tuum,</strong></span> <span class='ocrx_word' id='word_1_573' title='bbox 2844 3433 2937 3505; x_wconf 91' lang='lat' dir='ltr'><strong>qui</strong></span> <span class='ocrx_word' id='word_1_574' title='bbox 2981 3431 3243 3502; x_wconf 87' lang='lat' dir='ltr'><strong>Spiritum</strong></span> <span class='ocrx_word' id='word_1_575' title='bbox 3284 3446 3415 3485; x_wconf 86' lang='lat' dir='ltr'><strong>san-</strong></span> 
     </span>
    </p>
   </div>
   <div class='ocr_carea' id='block_1_82' title="bbox 1843 3525 3417 3600">
    <p class='ocr_par' dir='ltr' id='par_1_82' title="bbox 1843 3525 3417 3600">
     <span class='ocr_line' id='line_1_82' title="bbox 1843 3525 3417 3600; baseline -0.003 -16"><span class='ocrx_word' id='word_1_576' title='bbox 1843 3536 1991 3585; x_wconf 88' lang='lat' dir='ltr'><strong>ctum</strong></span> <span class='ocrx_word' id='word_1_577' title='bbox 2023 3543 2119 3600; x_wconf 82' lang='lat' dir='ltr'><strong>per</strong></span> <span class='ocrx_word' id='word_1_578' title='bbox 2147 3527 2483 3599; x_wconf 87' lang='lat' dir='ltr'><strong>baptismum</strong></span> <span class='ocrx_word' id='word_1_579' title='bbox 2516 3526 2726 3600; x_wconf 89' lang='lat' dir='ltr'><strong>accepit</strong></span> <span class='ocrx_word' id='word_1_580' title='bbox 2750 3566 2765 3593; x_wconf 90' lang='lat'><strong>,</strong></span> <span class='ocrx_word' id='word_1_581' title='bbox 2803 3535 2934 3583; x_wconf 87' lang='lat' dir='ltr'><strong>tunc</strong></span> <span class='ocrx_word' id='word_1_582' title='bbox 2964 3541 3073 3582; x_wconf 88' lang='lat' dir='ltr'><strong>non</strong></span> <span class='ocrx_word' id='word_1_583' title='bbox 3104 3525 3377 3581; x_wconf 88' lang='lat' dir='ltr'><strong>hominem</strong></span> <span class='ocrx_word' id='word_1_584' title='bbox 3398 3562 3417 3590; x_wconf 93' lang='lat'><strong>,</strong></span> 
     </span>
    </p>
   </div>
   <div class='ocr_carea' id='block_1_83' title="bbox 1844 3618 2557 3699">
    <p class='ocr_par' dir='ltr' id='par_1_83' title="bbox 1844 3618 2557 3699">
     <span class='ocr_line' id='line_1_83' title="bbox 1844 3618 2557 3699; baseline -0.006 -20"><span class='ocrx_word' id='word_1_585' title='bbox 1844 3623 1938 3679; x_wconf 87' lang='lat' dir='ltr'><strong>sed</strong></span> <span class='ocrx_word' id='word_1_586' title='bbox 1969 3618 2135 3677; x_wconf 88' lang='lat' dir='ltr'><strong>Deum</strong></span> <span class='ocrx_word' id='word_1_587' title='bbox 2166 3620 2514 3691; x_wconf 68' lang='lat' dir='ltr'><strong>aspernaris.</strong></span> <span class='ocrx_word' id='word_1_588' title='bbox 2551 3692 2557 3699; x_wconf 85' lang='lat'><em>_</em></span> 
     </span>
    </p>
   </div>
   <div class='ocr_carea' id='block_1_84' title="bbox 1915 3709 3419 3783">
    <p class='ocr_par' dir='ltr' id='par_1_84' title="bbox 1915 3709 3419 3783">
     <span class='ocr_line' id='line_1_84' title="bbox 1915 3709 3419 3783; baseline -0.003 -14"><span class='ocrx_word' id='word_1_589' title='bbox 1915 3712 2081 3771; x_wconf 76' lang='lat' dir='ltr'><strong>Vsus.</strong></span> <span class='ocrx_word' id='word_1_590' title='bbox 2126 3713 2317 3769; x_wconf 69' lang='lat'><strong>12-”.</strong></span> <span class='ocrx_word' id='word_1_591' title='bbox 2339 3731 2358 3766; x_wconf 79' lang='grc' dir='ltr'><strong>ι</strong></span> <span class='ocrx_word' id='word_1_592' title='bbox 2380 3710 2647 3770; x_wconf 86' lang='lat' dir='ltr'><strong>Nolumus</strong></span> <span class='ocrx_word' id='word_1_593' title='bbox 2665 3720 2848 3769; x_wconf 88' lang='lat' dir='ltr'><strong>autem</strong></span> <span class='ocrx_word' id='word_1_594' title='bbox 2873 3726 2969 3768; x_wconf 78' lang='lat' dir='ltr'><strong>vos</strong></span> <span class='ocrx_word' id='word_1_595' title='bbox 2998 3712 3251 3783; x_wconf 84' lang='lat' dir='ltr'><strong>ignorare</strong></span> <span class='ocrx_word' id='word_1_596' title='bbox 3267 3753 3281 3777; x_wconf 87' lang='lat'><strong>,</strong></span> <span class='ocrx_word' id='word_1_597' title='bbox 3308 3709 3419 3764; x_wconf 63' lang='grc' dir='ltr'><strong>Μ’-</strong></span> 
     </span>
    </p>
   </div>
   <div class='ocr_carea' id='block_1_85' title="bbox 1842 3798 3418 3873">
    <p class='ocr_par' dir='ltr' id='par_1_85' title="bbox 1842 3798 3418 3873">
     <span class='ocr_line' id='line_1_85' title="bbox 1842 3798 3418 3873; baseline -0.006 -12"><span class='ocrx_word' id='word_1_598' title='bbox 1842 3812 1991 3873; x_wconf 88' lang='lat' dir='ltr'><strong>tres,</strong></span> <span class='ocrx_word' id='word_1_599' title='bbox 2024 3805 2093 3861; x_wconf 89' lang='lat' dir='ltr'><strong>de</strong></span> <span class='ocrx_word' id='word_1_600' title='bbox 2125 3801 2518 3860; x_wconf 87' lang='lat' dir='ltr'><strong>dormientibus</strong></span> <span class='ocrx_word' id='word_1_601' title='bbox 2543 3842 2559 3869; x_wconf 92' lang='lat'><strong>,</strong></span> <span class='ocrx_word' id='word_1_602' title='bbox 2593 3810 2656 3858; x_wconf 93' lang='lat' dir='ltr'><strong>ut</strong></span> <span class='ocrx_word' id='word_1_603' title='bbox 2690 3818 2796 3859; x_wconf 86' lang='lat' dir='ltr'><strong>non</strong></span> <span class='ocrx_word' id='word_1_604' title='bbox 2834 3798 3233 3857; x_wconf 89' lang='lat' dir='ltr'><strong>contristemini</strong></span> <span class='ocrx_word' id='word_1_605' title='bbox 3274 3800 3418 3853; x_wconf 89' lang='lat' dir='ltr'><strong>sicut</strong></span> 
     </span>
    </p>
   </div>
   <div class='ocr_carea' id='block_1_86' title="bbox 1842 3891 3417 3967">
    <p class='ocr_par' dir='ltr' id='par_1_86' title="bbox 1842 3891 3417 3967">
     <span class='ocr_line' id='line_1_86' title="bbox 1842 3891 3417 3967; baseline -0.006 -13"><span class='ocrx_word' id='word_1_606' title='bbox 1842 3907 1898 3954; x_wconf 91' lang='lat' dir='ltr'><strong>et</strong></span> <span class='ocrx_word' id='word_1_607' title='bbox 1930 3896 2109 3954; x_wconf 80' lang='lat' dir='ltr'><strong>caeteri</strong></span> <span class='ocrx_word' id='word_1_608' title='bbox 2141 3896 2237 3967; x_wconf 88' lang='lat' dir='ltr'><strong>qui</strong></span> <span class='ocrx_word' id='word_1_609' title='bbox 2269 3910 2421 3966; x_wconf 75' lang='lat' dir='ltr'><strong>Spem</strong></span> <span class='ocrx_word' id='word_1_610' title='bbox 2458 3909 2565 3950; x_wconf 91' lang='lat' dir='ltr'><strong>non</strong></span> <span class='ocrx_word' id='word_1_611' title='bbox 2602 3895 2830 3951; x_wconf 87' lang='lat' dir='ltr'><strong>habent.</strong></span> <span class='ocrx_word' id='word_1_612' title='bbox 2870 3894 2926 3949; x_wconf 89' lang='lat' dir='ltr'><strong>Si</strong></span> <span class='ocrx_word' id='word_1_613' title='bbox 2961 3892 3105 3949; x_wconf 89' lang='lat' dir='ltr'><strong>enim</strong></span> <span class='ocrx_word' id='word_1_614' title='bbox 3142 3891 3417 3948; x_wconf 83' lang='lat' dir='ltr'><strong>credimus</strong></span> 
     </span>
    </p>
   </div>
   <div class='ocr_carea' id='block_1_87' title="bbox 1846 3982 3418 4060">
    <p class='ocr_par' dir='ltr' id='par_1_87' title="bbox 1846 3982 3418 4060">
     <span class='ocr_line' id='line_1_87' title="bbox 1846 3982 3418 4060; baseline -0.004 -17"><span class='ocrx_word' id='word_1_615' title='bbox 1846 3989 1989 4060; x_wconf 89' lang='lat' dir='ltr'><strong>quod</strong></span> <span class='ocrx_word' id='word_1_616' title='bbox 2018 3986 2177 4045; x_wconf 78' lang='lat' dir='ltr'><strong>Iesus</strong></span> <span class='ocrx_word' id='word_1_617' title='bbox 2211 3995 2465 4043; x_wconf 84' lang='lat' dir='ltr'><strong>mortuus</strong></span> <span class='ocrx_word' id='word_1_618' title='bbox 2492 3996 2576 4043; x_wconf 86' lang='lat' dir='ltr'><strong>est</strong></span> <span class='ocrx_word' id='word_1_619' title='bbox 2604 3996 2659 4043; x_wconf 91' lang='lat' dir='ltr'><strong>et</strong></span> <span class='ocrx_word' id='word_1_620' title='bbox 2702 3983 3037 4051; x_wconf 80' lang='lat' dir='ltr'><strong>resurrexit,</strong></span> <span class='ocrx_word' id='word_1_621' title='bbox 3077 3985 3151 4038; x_wconf 89' lang='lat' dir='ltr'><strong>ita</strong></span> <span class='ocrx_word' id='word_1_622' title='bbox 3185 3992 3237 4039; x_wconf 88' lang='lat' dir='ltr'><strong>et</strong></span> <span class='ocrx_word' id='word_1_623' title='bbox 3276 3982 3418 4037; x_wconf 87' lang='lat' dir='ltr'><strong>Deus</strong></span> 
     </span>
    </p>
   </div>
   <div class='ocr_carea' id='block_1_88' title="bbox 1844 4076 3415 4156">
    <p class='ocr_par' dir='ltr' id='par_1_88' title="bbox 1844 4076 3415 4156">
     <span class='ocr_line' id='line_1_88' title="bbox 1844 4076 3415 4156; baseline -0.008 -13"><span class='ocrx_word' id='word_1_624' title='bbox 1844 4100 1942 4143; x_wconf 88' lang='lat' dir='ltr'><strong>eos</strong></span> <span class='ocrx_word' id='word_1_625' title='bbox 1988 4082 2078 4156; x_wconf 89' lang='lat' dir='ltr'><strong>qui</strong></span> <span class='ocrx_word' id='word_1_626' title='bbox 2130 4080 2472 4138; x_wconf 87' lang='lat' dir='ltr'><strong>dormierunt</strong></span> <span class='ocrx_word' id='word_1_627' title='bbox 2499 4095 2596 4149; x_wconf 90' lang='lat' dir='ltr'><strong>per</strong></span> <span class='ocrx_word' id='word_1_628' title='bbox 2621 4076 2807 4136; x_wconf 86' lang='lat' dir='ltr'><strong>Jesum</strong></span> <span class='ocrx_word' id='word_1_629' title='bbox 2836 4120 2852 4145; x_wconf 93' lang='lat'><strong>,</strong></span> <span class='ocrx_word' id='word_1_630' title='bbox 2895 4077 3126 4134; x_wconf 82' lang='lat' dir='ltr'><strong>adducet</strong></span> <span class='ocrx_word' id='word_1_631' title='bbox 3172 4092 3298 4133; x_wconf 90' lang='lat' dir='ltr'><strong>cum</strong></span> <span class='ocrx_word' id='word_1_632' title='bbox 3324 4092 3415 4132; x_wconf 90' lang='lat' dir='ltr'><strong>eo.</strong></span> 
     </span>
    </p>
   </div>
   <div class='ocr_carea' id='block_1_89' title="bbox 1846 4169 3200 4242">
    <p class='ocr_par' dir='ltr' id='par_1_89' title="bbox 1846 4169 3200 4242">
     <span class='ocr_line' id='line_1_89' title="bbox 1846 4169 3200 4242; baseline -0.009 -7"><span class='ocrx_word' id='word_1_633' title='bbox 1846 4179 1962 4234; x_wconf 77' lang='lat' dir='ltr'><strong>Hoc</strong></span> <span class='ocrx_word' id='word_1_634' title='bbox 1986 4177 2133 4242; x_wconf 81' lang='lat' dir='ltr'><strong>enim</strong></span> <span class='ocrx_word' id='word_1_635' title='bbox 2165 4174 2322 4231; x_wconf 89' lang='lat' dir='ltr'><strong>vobis</strong></span> <span class='ocrx_word' id='word_1_636' title='bbox 2352 4174 2589 4230; x_wconf 85' lang='lat' dir='ltr'><strong>dicimus</strong></span> <span class='ocrx_word' id='word_1_637' title='bbox 2621 4173 2676 4229; x_wconf 89' lang='lat' dir='ltr'><strong>in</strong></span> <span class='ocrx_word' id='word_1_638' title='bbox 2712 4171 2878 4228; x_wconf 82' lang='lat' dir='ltr'><strong>verbo</strong></span> <span class='ocrx_word' id='word_1_639' title='bbox 2910 4169 3150 4226; x_wconf 89' lang='lat' dir='ltr'><strong>Domini.</strong></span> <span class='ocrx_word' id='word_1_640' title='bbox 3180 4188 3200 4223; x_wconf 75' lang='grc' dir='ltr'><strong>ι</strong></span> 
     </span>
    </p>
   </div>
   <div class='ocr_carea' id='block_1_90' title="bbox 1919 4254 3416 4328">
    <p class='ocr_par' dir='ltr' id='par_1_90' title="bbox 1919 4254 3416 4328">
     <span class='ocr_line' id='line_1_90' title="bbox 1919 4254 3416 4328; baseline -0.007 0"><span class='ocrx_word' id='word_1_641' title='bbox 1919 4270 2144 4328; x_wconf 86' lang='lat' dir='ltr'><strong>Transit</strong></span> <span class='ocrx_word' id='word_1_642' title='bbox 2172 4269 2239 4325; x_wconf 88' lang='lat' dir='ltr'><strong>ad</strong></span> <span class='ocrx_word' id='word_1_643' title='bbox 2269 4269 2561 4326; x_wconf 90' lang='lat' dir='ltr'><strong>dicendum</strong></span> <span class='ocrx_word' id='word_1_644' title='bbox 2595 4254 2663 4322; x_wconf 77' lang='lat' dir='ltr'><strong>de</strong></span> <span class='ocrx_word' id='word_1_645' title='bbox 2693 4264 3117 4322; x_wconf 86' lang='lat' dir='ltr'><strong>resurrectione.</strong></span> <span class='ocrx_word' id='word_1_646' title='bbox 3148 4262 3285 4319; x_wconf 75' lang='lat' dir='ltr'><strong>Vide</strong></span> <span class='ocrx_word' id='word_1_647' title='bbox 3319 4278 3416 4318; x_wconf 87' lang='lat' dir='ltr'><strong>au-</strong></span> 
     </span>
    </p>
   </div>
   <div class='ocr_carea' id='block_1_91' title="bbox 1850 4356 3416 4435">
    <p class='ocr_par' dir='ltr' id='par_1_91' title="bbox 1850 4356 3416 4435">
     <span class='ocr_line' id='line_1_91' title="bbox 1850 4356 3416 4435; baseline -0.006 -14"><span class='ocrx_word' id='word_1_648' title='bbox 1850 4376 1955 4423; x_wconf 92' lang='lat' dir='ltr'><strong>tem</strong></span> <span class='ocrx_word' id='word_1_649' title='bbox 2020 4379 2184 4435; x_wconf 86' lang='lat' dir='ltr'><strong>quam</strong></span> <span class='ocrx_word' id='word_1_650' title='bbox 2250 4361 2467 4433; x_wconf 75' lang='lat' dir='ltr'><strong>egregie</strong></span> <span class='ocrx_word' id='word_1_651' title='bbox 2520 4360 2575 4415; x_wconf 92' lang='lat' dir='ltr'><strong>id</strong></span> <span class='ocrx_word' id='word_1_652' title='bbox 2618 4358 2818 4415; x_wconf 86' lang='lat' dir='ltr'><strong>astruit</strong></span> <span class='ocrx_word' id='word_1_653' title='bbox 2859 4358 3002 4428; x_wconf 86' lang='lat' dir='ltr'><strong>quod</strong></span> <span class='ocrx_word' id='word_1_654' title='bbox 3052 4356 3416 4426; x_wconf 81' lang='lat' dir='ltr'><strong>profitemur;</strong></span> 
     </span>
    </p>
   </div>
   <div class='ocr_carea' id='block_1_92' title="bbox 180 4443 1740 4528">
    <p class='ocr_par' dir='ltr' id='par_1_92' title="bbox 180 4443 1740 4528">
     <span class='ocr_line' id='line_1_92' title="bbox 180 4443 1740 4528; baseline 0.005 -27"><span class='ocrx_word' id='word_1_655' title='bbox 180 4443 348 4501; x_wconf 77' lang='grc' dir='ltr'>λαὸὼν</span> <span class='ocrx_word' id='word_1_656' title='bbox 386 4448 486 4521; x_wconf 74' lang='grc' dir='ltr'>τὴν</span> <span class='ocrx_word' id='word_1_657' title='bbox 516 4447 812 4502; x_wconf 84' lang='grc' dir='ltr'>ἀνάστασιν</span> <span class='ocrx_word' id='word_1_658' title='bbox 854 4447 947 4502; x_wconf 85' lang='grc' dir='ltr'>τοῦ</span> <span class='ocrx_word' id='word_1_659' title='bbox 982 4451 1185 4523; x_wconf 85' lang='grc' dir='ltr'>Κυρίου</span> <span class='ocrx_word' id='word_1_660' title='bbox 1225 4452 1305 4516; x_wconf 89' lang='grc' dir='ltr'><strong>είς</strong></span> <span class='ocrx_word' id='word_1_661' title='bbox 1352 4451 1618 4508; x_wconf 89' lang='grc' dir='ltr'>πίστωσιν</span> <span class='ocrx_word' id='word_1_662' title='bbox 1646 4455 1740 4528; x_wconf 81' lang='grc' dir='ltr'>τῆς</span> 
     </span>
    </p>
   </div>
   <div class='ocr_carea' id='block_1_93' title="bbox 1862 4443 3413 4528">
    <p class='ocr_par' dir='ltr' id='par_1_93' title="bbox 1862 4449 3413 4527">
     <span class='ocr_line' id='line_1_93' title="bbox 1862 4449 3413 4527; baseline -0.008 -12"><span class='ocrx_word' id='word_1_663' title='bbox 1862 4466 2131 4527; x_wconf 79' lang='lat' dir='ltr'><strong>tssumpta</strong></span> <span class='ocrx_word' id='word_1_664' title='bbox 2164 4456 2423 4511; x_wconf 86' lang='lat' dir='ltr'><strong>nimirum</strong></span> <span class='ocrx_word' id='word_1_665' title='bbox 2456 4450 2855 4508; x_wconf 88' lang='lat' dir='ltr'><strong>resurrectione</strong></span> <span class='ocrx_word' id='word_1_666' title='bbox 2884 4449 3097 4504; x_wconf 89' lang='lat' dir='ltr'><strong>Domini</strong></span> <span class='ocrx_word' id='word_1_667' title='bbox 3142 4449 3208 4504; x_wconf 91' lang='lat' dir='ltr'><strong>ad</strong></span> <span class='ocrx_word' id='word_1_668' title='bbox 3257 4451 3413 4504; x_wconf 75' lang='lat' dir='ltr'><strong>fidem</strong></span> 
     </span>
    </p>
   </div>
   <div class='ocr_carea' id='block_1_94' title="bbox 184 4537 1742 4618">
    <p class='ocr_par' dir='ltr' id='par_1_94' title="bbox 184 4537 1742 4618">
     <span class='ocr_line' id='line_1_94' title="bbox 184 4537 1742 4618; baseline 0.006 -26"><span class='ocrx_word' id='word_1_669' title='bbox 184 4537 446 4613; x_wconf 68' lang='grc' dir='ltr'>ἡμετέρας</span> <span class='ocrx_word' id='word_1_670' title='bbox 502 4542 871 4606; x_wconf 84' lang='grc' dir='ltr'>ἀναστάσεως.</span> <span class='ocrx_word' id='word_1_671' title='bbox 906 4542 1123 4605; x_wconf 86' lang='grc' dir='ltr'>Πάντας</span> <span class='ocrx_word' id='word_1_672' title='bbox 1154 4544 1263 4616; x_wconf 74' lang='grc' dir='ltr'><strong>γὰρ</strong></span> <span class='ocrx_word' id='word_1_673' title='bbox 1292 4542 1614 4618; x_wconf 85' lang='grc' dir='ltr'>ἀνθρώπους</span> <span class='ocrx_word' id='word_1_674' title='bbox 1646 4548 1742 4602; x_wconf 82' lang='grc' dir='ltr'>ἀν-</span> 
     </span>
    </p>
   </div>
   <div class='ocr_carea' id='block_1_95' title="bbox 184 4628 1745 4708">
    <p class='ocr_par' dir='ltr' id='par_1_95' title="bbox 184 4628 1745 4708">
     <span class='ocr_line' id='line_1_95' title="bbox 184 4628 1745 4708; baseline 0.008 -24"><span class='ocrx_word' id='word_1_675' title='bbox 184 4628 365 4705; x_wconf 70' lang='grc' dir='ltr'>έστησε</span> <span class='ocrx_word' id='word_1_676' title='bbox 391 4634 479 4690; x_wconf 86' lang='grc' dir='ltr'><strong>διά</strong></span> <span class='ocrx_word' id='word_1_677' title='bbox 505 4636 606 4707; x_wconf 85' lang='grc' dir='ltr'><strong>τῆς</strong></span> <span class='ocrx_word' id='word_1_678' title='bbox 631 4634 768 4700; x_wconf 77' lang='grc' dir='ltr'>ἰδίας</span> <span class='ocrx_word' id='word_1_679' title='bbox 798 4635 1114 4708; x_wconf 82' lang='grc' dir='ltr'>σαρκός.Διὸ</span> <span class='ocrx_word' id='word_1_680' title='bbox 1145 4636 1238 4691; x_wconf 72' lang='grc' dir='ltr'><strong>καὶ</strong></span> <span class='ocrx_word' id='word_1_681' title='bbox 1263 4641 1639 4707; x_wconf 81' lang='grc' dir='ltr'>πρωτότοκος</span> <span class='ocrx_word' id='word_1_682' title='bbox 1675 4641 1745 4696; x_wconf 73' lang='grc' dir='ltr'>ἐκ</span> 
     </span>
    </p>
   </div>
   <div class='ocr_carea' id='block_1_96' title="bbox 187 4721 1740 4801">
    <p class='ocr_par' dir='ltr' id='par_1_96' title="bbox 187 4721 1740 4801">
     <span class='ocr_line' id='line_1_96' title="bbox 187 4721 1740 4801; baseline 0.007 -24"><span class='ocrx_word' id='word_1_683' title='bbox 187 4721 294 4777; x_wconf 71' lang='grc' dir='ltr'>τῶν·</span> <span class='ocrx_word' id='word_1_684' title='bbox 334 4726 562 4796; x_wconf 77' lang='grc' dir='ltr'>νεκρῶν</span> <span class='ocrx_word' id='word_1_685' title='bbox 607 4725 847 4797; x_wconf 78' lang='grc' dir='ltr'>λέγεται.</span> <span class='ocrx_word' id='word_1_686' title='bbox 912 4727 1009 4779; x_wconf 79' lang='grc' dir='ltr'><em>Ἐν</em></span> <span class='ocrx_word' id='word_1_687' title='bbox 1052 4728 1211 4798; x_wconf 69' lang='grc' dir='ltr'><strong>λόγῳ</strong></span> <span class='ocrx_word' id='word_1_688' title='bbox 1266 4729 1336 4782; x_wconf 78' lang='grc' dir='ltr'>δὲ</span> <span class='ocrx_word' id='word_1_689' title='bbox 1383 4731 1628 4800; x_wconf 80' lang='grc' dir='ltr'>Κυρίου,</span> <span class='ocrx_word' id='word_1_690' title='bbox 1678 4734 1740 4801; x_wconf 75' lang='grc' dir='ltr'><strong>τὸ</strong></span> 
     </span>
    </p>
   </div>
   <div class='ocr_carea' id='block_1_97' title="bbox 192 4807 1744 4896">
    <p class='ocr_par' dir='ltr' id='par_1_97' title="bbox 192 4807 1744 4896">
     <span class='ocr_line' id='line_1_97' title="bbox 192 4807 1744 4896; baseline 0.003 -26"><span class='ocrx_word' id='word_1_691' title='bbox 192 4814 325 4888; x_wconf 79' lang='grc' dir='ltr'>ῥῆμα</span> <span class='ocrx_word' id='word_1_692' title='bbox 360 4818 559 4888; x_wconf 84' lang='grc' dir='ltr'>λέγειν,</span> <span class='ocrx_word' id='word_1_693' title='bbox 608 4807 794 4892; x_wconf 60' lang='grc' dir='ltr'>φησιν,</span> <span class='ocrx_word' id='word_1_694' title='bbox 824 4819 912 4874; x_wconf 85' lang='grc' dir='ltr'><strong>ῖνα</strong></span> <span class='ocrx_word' id='word_1_695' title='bbox 950 4819 1193 4892; x_wconf 79' lang='grc' dir='ltr'>θαρῤὦσι</span> <span class='ocrx_word' id='word_1_696' title='bbox 1222 4820 1350 4893; x_wconf 79' lang='grc' dir='ltr'>περὶ</span> <span class='ocrx_word' id='word_1_697' title='bbox 1382 4822 1492 4876; x_wconf 85' lang='grc' dir='ltr'><strong>τῶν</strong></span> <span class='ocrx_word' id='word_1_698' title='bbox 1524 4822 1744 4896; x_wconf 83' lang='grc' dir='ltr'>ἀποφη-</span> 
     </span>
    </p>
   </div>
   <div class='ocr_carea' id='block_1_98' title="bbox 190 4908 438 4979">
    <p class='ocr_par' dir='ltr' id='par_1_98' title="bbox 190 4908 438 4979">
     <span class='ocr_line' id='line_1_98' title="bbox 190 4908 438 4979; baseline 0.028 -19"><span class='ocrx_word' id='word_1_699' title='bbox 190 4908 438 4979; x_wconf 62' lang='grc' dir='ltr'>κμένων.</span> 
     </span>
    </p>
   </div>
   <div class='ocr_carea' id='block_1_99' title="bbox 257 5001 1744 5082">
    <p class='ocr_par' dir='ltr' id='par_1_99' title="bbox 257 5001 1744 5082">
     <span class='ocr_line' id='line_1_99' title="bbox 257 5001 1744 5082; baseline 0.008 -30"><span class='ocrx_word' id='word_1_700' title='bbox 257 5019 274 5051; x_wconf 82' lang='grc' dir='ltr'><strong>ι</strong></span> <span class='ocrx_word' id='word_1_701' title='bbox 314 5001 431 5057; x_wconf 80' lang='grc' dir='ltr'><strong>Ὀτι</strong></span> <span class='ocrx_word' id='word_1_702' title='bbox 464 5004 628 5075; x_wconf 78' lang='grc' dir='ltr'>ἡμεῖς</span> <span class='ocrx_word' id='word_1_703' title='bbox 653 5004 701 5058; x_wconf 79' lang='lat' dir='ltr'><strong>oi</strong></span> <span class='ocrx_word' id='word_1_704' title='bbox 730 5002 952 5070; x_wconf 81' lang='grc' dir='ltr'>ζῶντες,</span> <span class='ocrx_word' id='word_1_705' title='bbox 989 5004 1037 5059; x_wconf 85' lang='grc' dir='ltr'>οἱ</span> <span class='ocrx_word' id='word_1_706' title='bbox 1068 5003 1509 5076; x_wconf 84' lang='grc' dir='ltr'>περιλειπόμενοι</span> <span class='ocrx_word' id='word_1_707' title='bbox 1533 5009 1612 5073; x_wconf 87' lang='grc' dir='ltr'><strong>εἰς</strong></span> <span class='ocrx_word' id='word_1_708' title='bbox 1646 5008 1744 5082; x_wconf 80' lang='grc' dir='ltr'>τὴν</span> 
     </span>
    </p>
   </div>
   <div class='ocr_carea' id='block_1_100' title="bbox 192 5096 929 5166">
    <p class='ocr_par' dir='ltr' id='par_1_100' title="bbox 192 5096 929 5166">
     <span class='ocr_line' id='line_1_100' title="bbox 192 5096 929 5166; baseline 0.008 -23"><span class='ocrx_word' id='word_1_709' title='bbox 192 5096 474 5163; x_wconf 81' lang='grc' dir='ltr'>παρουσίαν</span> <span class='ocrx_word' id='word_1_710' title='bbox 505 5097 601 5152; x_wconf 78' lang='grc' dir='ltr'><strong>τοῦ</strong></span> <span class='ocrx_word' id='word_1_711' title='bbox 635 5098 867 5166; x_wconf 82' lang='grc' dir='ltr'>Κυρίου.</span> <span class='ocrx_word' id='word_1_712' title='bbox 909 5115 929 5149; x_wconf 75' lang='grc' dir='ltr'><strong>ι</strong></span> 
     </span>
    </p>
   </div>
   <div class='ocr_carea' id='block_1_101' title="bbox 256 5182 1745 5267">
    <p class='ocr_par' dir='ltr' id='par_1_101' title="bbox 256 5182 1745 5267">
     <span class='ocr_line' id='line_1_101' title="bbox 256 5182 1745 5267; baseline 0.008 -29"><span class='ocrx_word' id='word_1_713' title='bbox 256 5182 414 5241; x_wconf 80' lang='grc' dir='ltr'>Τοῦτό</span> <span class='ocrx_word' id='word_1_714' title='bbox 440 5205 627 5261; x_wconf 80' lang='grc' dir='ltr'>φησιν,</span> <span class='ocrx_word' id='word_1_715' title='bbox 666 5190 766 5261; x_wconf 81' lang='grc' dir='ltr'>οὐχ</span> <span class='ocrx_word' id='word_1_716' title='bbox 792 5189 876 5244; x_wconf 85' lang='grc' dir='ltr'>ὅτι</span> <span class='ocrx_word' id='word_1_717' title='bbox 905 5188 1067 5253; x_wconf 78' lang='grc' dir='ltr'>αὐτὸς</span> <span class='ocrx_word' id='word_1_718' title='bbox 1100 5191 1283 5262; x_wconf 73' lang='grc' dir='ltr'>ἔμεινε</span> <span class='ocrx_word' id='word_1_719' title='bbox 1316 5192 1477 5265; x_wconf 83' lang='grc' dir='ltr'>μέχρι</span> <span class='ocrx_word' id='word_1_720' title='bbox 1519 5193 1613 5249; x_wconf 81' lang='grc' dir='ltr'>τοῦ</span> <span class='ocrx_word' id='word_1_721' title='bbox 1644 5196 1745 5267; x_wconf 83' lang='grc' dir='ltr'><strong>τῆς</strong></span> 
     </span>
    </p>
   </div>
   <div class='ocr_carea' id='block_1_102' title="bbox 197 5274 1739 5355">
    <p class='ocr_par' dir='ltr' id='par_1_102' title="bbox 197 5274 1739 5355">
     <span class='ocr_line' id='line_1_102' title="bbox 197 5274 1739 5355; baseline 0.008 -28"><span class='ocrx_word' id='word_1_722' title='bbox 197 5274 520 5344; x_wconf 84' lang='grc' dir='ltr'>ἀναστάσεως</span> <span class='ocrx_word' id='word_1_723' title='bbox 544 5279 761 5353; x_wconf 77' lang='grc' dir='ltr'>καιροῦ,</span> <span class='ocrx_word' id='word_1_724' title='bbox 794 5280 911 5335; x_wconf 81' lang='grc' dir='ltr'>ἀλλ’</span> <span class='ocrx_word' id='word_1_725' title='bbox 942 5282 1131 5354; x_wconf 71' lang='grc' dir='ltr'>ἐπειδὴ</span> <span class='ocrx_word' id='word_1_726' title='bbox 1157 5284 1287 5355; x_wconf 79' lang='grc' dir='ltr'>περὶ</span> <span class='ocrx_word' id='word_1_727' title='bbox 1314 5281 1537 5349; x_wconf 79' lang='grc' dir='ltr'>ζώντων</span> <span class='ocrx_word' id='word_1_728' title='bbox 1564 5286 1739 5355; x_wconf 73' lang='grc' dir='ltr'>ἔλεγε,</span> 
     </span>
    </p>
   </div>
   <div class='ocr_carea' id='block_1_103' title="bbox 198 5367 1743 5451">
    <p class='ocr_par' dir='ltr' id='par_1_103' title="bbox 198 5367 1743 5451">
     <span class='ocr_line' id='line_1_103' title="bbox 198 5367 1743 5451; baseline 0.008 -31"><span class='ocrx_word' id='word_1_729' title='bbox 198 5367 281 5421; x_wconf 73' lang='grc' dir='ltr'>καὶ</span> <span class='ocrx_word' id='word_1_730' title='bbox 301 5371 452 5438; x_wconf 72' lang='grc' dir='ltr'>αὐτὸς</span> <span class='ocrx_word' id='word_1_731' title='bbox 487 5374 542 5427; x_wconf 75' lang='grc' dir='ltr'>δι</span> <span class='ocrx_word' id='word_1_732' title='bbox 580 5372 675 5447; x_wconf 75' lang='grc' dir='ltr'><strong>ἔζη</strong></span> <span class='ocrx_word' id='word_1_733' title='bbox 702 5390 715 5404; x_wconf 85' lang='lat'><strong><em>°</em></strong></span> <span class='ocrx_word' id='word_1_734' title='bbox 755 5374 926 5429; x_wconf 83' lang='grc' dir='ltr'>ταῦτα</span> <span class='ocrx_word' id='word_1_735' title='bbox 957 5374 1151 5445; x_wconf 81' lang='grc' dir='ltr'>λέγων,</span> <span class='ocrx_word' id='word_1_736' title='bbox 1192 5378 1260 5449; x_wconf 77' lang='grc' dir='ltr'>τῇ</span> <span class='ocrx_word' id='word_1_737' title='bbox 1296 5380 1447 5449; x_wconf 83' lang='grc' dir='ltr'>κοινῇ</span> <span class='ocrx_word' id='word_1_738' title='bbox 1480 5379 1743 5451; x_wconf 74' lang='grc' dir='ltr'>συνηθείᾳ</span> 
     </span>
    </p>
   </div>
   <div class='ocr_carea' id='block_1_104' title="bbox 200 5458 1747 5539">
    <p class='ocr_par' dir='ltr' id='par_1_104' title="bbox 200 5458 1747 5539">
     <span class='ocr_line' id='line_1_104' title="bbox 200 5458 1747 5539; baseline 0.009 -28"><span class='ocrx_word' id='word_1_739' title='bbox 200 5458 454 5533; x_wconf 79' lang='grc' dir='ltr'>τοῦλόγου</span> <span class='ocrx_word' id='word_1_740' title='bbox 482 5467 751 5538; x_wconf 75' lang='grc' dir='ltr'>ἐχρήσατο</span> <span class='ocrx_word' id='word_1_741' title='bbox 772 5510 785 5533; x_wconf 92' lang='grc'><strong>,</strong></span> <span class='ocrx_word' id='word_1_742' title='bbox 833 5465 910 5539; x_wconf 81' lang='grc' dir='ltr'><strong>τῷ</strong></span> <span class='ocrx_word' id='word_1_743' title='bbox 942 5467 1111 5536; x_wconf 78' lang='grc' dir='ltr'>ἡμεῖς</span> <span class='ocrx_word' id='word_1_744' title='bbox 1151 5470 1205 5522; x_wconf 90' lang='grc' dir='ltr'><strong>οί</strong></span> <span class='ocrx_word' id='word_1_745' title='bbox 1250 5469 1480 5537; x_wconf 77' lang='grc' dir='ltr'>ζῶντες.</span> <span class='ocrx_word' id='word_1_746' title='bbox 1531 5470 1654 5525; x_wconf 71' lang='grc' dir='ltr'>Ὀτι</span> <span class='ocrx_word' id='word_1_747' title='bbox 1684 5472 1747 5525; x_wconf 76' lang='grc' dir='ltr'>δέι</span> 
     </span>
    </p>
   </div>
   <div class='ocr_carea' id='block_1_105' title="bbox 202 5548 1741 5649">
    <p class='ocr_par' dir='ltr' id='par_1_105' title="bbox 202 5548 1741 5649">
     <span class='ocr_line' id='line_1_105' title="bbox 202 5548 1741 5649; baseline 0.007 -41"><span class='ocrx_word' id='word_1_748' title='bbox 202 5548 557 5649; x_wconf 24' lang='grc' dir='ltr'>τοξτολλέγει,</span> <span class='ocrx_word' id='word_1_749' title='bbox 606 5560 838 5629; x_wconf 78' lang='grc' dir='ltr'>ἐπάγει,</span> <span class='ocrx_word' id='word_1_750' title='bbox 875 5563 929 5615; x_wconf 76' lang='lat' dir='ltr'><strong>oi</strong></span> <span class='ocrx_word' id='word_1_751' title='bbox 976 5563 1493 5630; x_wconf 76' lang='grc' dir='ltr'>περιλειπόμενοι,</span> <span class='ocrx_word' id='word_1_752' title='bbox 1544 5564 1663 5617; x_wconf 73' lang='grc' dir='ltr'>ἐπεὶ</span> <span class='ocrx_word' id='word_1_753' title='bbox 1694 5568 1741 5619; x_wconf 90' lang='grc' dir='ltr'><strong>εί</strong></span> 
     </span>
    </p>
   </div>
   <div class='ocr_carea' id='block_1_106' title="bbox 204 5641 1738 5726">
    <p class='ocr_par' dir='ltr' id='par_1_106' title="bbox 204 5641 1738 5726">
     <span class='ocr_line' id='line_1_106' title="bbox 204 5641 1738 5726; baseline 0.007 -27"><span class='ocrx_word' id='word_1_754' title='bbox 204 5641 343 5700; x_wconf 77' lang='grc' dir='ltr'>τοῦτο</span> <span class='ocrx_word' id='word_1_755' title='bbox 364 5646 506 5721; x_wconf 76' lang='grc' dir='ltr'>λέγει</span> <span class='ocrx_word' id='word_1_756' title='bbox 524 5641 547 5712; x_wconf 62' lang='grc'>,⁷</span> <span class='ocrx_word' id='word_1_757' title='bbox 574 5653 656 5706; x_wconf 79' lang='grc' dir='ltr'>ὃτι</span> <span class='ocrx_word' id='word_1_758' title='bbox 690 5651 824 5724; x_wconf 72' lang='grc' dir='ltr'>ἐμοῦ</span> <span class='ocrx_word' id='word_1_759' title='bbox 862 5651 1063 5717; x_wconf 77' lang='grc' dir='ltr'>ζῶντος</span> <span class='ocrx_word' id='word_1_760' title='bbox 1086 5693 1102 5718; x_wconf 93' lang='grc'><strong>,</strong></span> <span class='ocrx_word' id='word_1_761' title='bbox 1138 5653 1255 5716; x_wconf 85' lang='grc' dir='ltr'><strong>πῶς</strong></span> <span class='ocrx_word' id='word_1_762' title='bbox 1286 5653 1519 5725; x_wconf 85' lang='grc' dir='ltr'>ἀλλαχοῦ</span> <span class='ocrx_word' id='word_1_763' title='bbox 1557 5655 1738 5726; x_wconf 75' lang='grc' dir='ltr'>λέγει,</span> 
     </span>
    </p>
   </div>
   <div class='ocr_carea' id='block_1_107' title="bbox 206 5732 1743 5823">
    <p class='ocr_par' dir='ltr' id='par_1_107' title="bbox 206 5732 1743 5823">
     <span class='ocr_line' id='line_1_107' title="bbox 206 5732 1743 5823; baseline 0.01 -33"><span class='ocrx_word' id='word_1_764' title='bbox 206 5732 277 5791; x_wconf 72' lang='grc' dir='ltr'>ὃτι</span> <span class='ocrx_word' id='word_1_765' title='bbox 295 5740 474 5809; x_wconf 73' lang='grc' dir='ltr'>πάντες</span> <span class='ocrx_word' id='word_1_766' title='bbox 500 5746 598 5818; x_wconf 66' lang='grc' dir='ltr'>μὲν</span> <span class='ocrx_word' id='word_1_767' title='bbox 625 5746 1076 5819; x_wconf 76' lang='grc' dir='ltr'>ἀναστησόμεθα;</span> <span class='ocrx_word' id='word_1_768' title='bbox 1105 5746 1166 5801; x_wconf 81' lang='grc' dir='ltr'><strong>Εἰ</strong></span> <span class='ocrx_word' id='word_1_769' title='bbox 1194 5747 1300 5819; x_wconf 75' lang='grc' dir='ltr'>γὰρ</span> <span class='ocrx_word' id='word_1_770' title='bbox 1327 5747 1434 5812; x_wconf 77' lang='grc' dir='ltr'><strong>ζῶν</strong></span> <span class='ocrx_word' id='word_1_771' title='bbox 1463 5749 1743 5823; x_wconf 77' lang='grc' dir='ltr'>καταλαμ-</span> 
     </span>
    </p>
   </div>
   <div class='ocr_carea' id='block_1_108' title="bbox 1846 4541 3415 4608">
    <p class='ocr_par' dir='ltr' id='par_1_108' title="bbox 1846 4541 3415 4608">
     <span class='ocr_line' id='line_1_108' title="bbox 1846 4541 3415 4608; baseline -0.008 -1"><span class='ocrx_word' id='word_1_772' title='bbox 1846 4560 2050 4608; x_wconf 69' lang='grc' dir='ltr'>ηοειιαι</span> <span class='ocrx_word' id='word_1_773' title='bbox 2088 4544 2482 4605; x_wconf 83' lang='lat' dir='ltr'><strong>resurrectioni</strong></span> <span class='ocrx_word' id='word_1_774' title='bbox 2526 4542 2869 4599; x_wconf 87' lang='lat' dir='ltr'><strong>firmandam.</strong></span> <span class='ocrx_word' id='word_1_775' title='bbox 2927 4541 3227 4599; x_wconf 87' lang='lat' dir='ltr'><strong>Universos</strong></span> <span class='ocrx_word' id='word_1_776' title='bbox 3270 4543 3415 4597; x_wconf 83' lang='lat' dir='ltr'><strong>enim</strong></span> 
     </span>
    </p>
   </div>
   <div class='ocr_carea' id='block_1_109' title="bbox 1846 4634 3420 4712">
    <p class='ocr_par' dir='ltr' id='par_1_109' title="bbox 1846 4634 3420 4712">
     <span class='ocr_line' id='line_1_109' title="bbox 1846 4634 3420 4712; baseline -0.008 -11"><span class='ocrx_word' id='word_1_777' title='bbox 1846 4644 2096 4701; x_wconf 73' lang='lat' dir='ltr'><strong>homines</strong></span> <span class='ocrx_word' id='word_1_778' title='bbox 2124 4655 2219 4712; x_wconf 89' lang='lat' dir='ltr'><strong>per</strong></span> <span class='ocrx_word' id='word_1_779' title='bbox 2246 4654 2465 4693; x_wconf 88' lang='lat' dir='ltr'><strong>carnem</strong></span> <span class='ocrx_word' id='word_1_780' title='bbox 2502 4652 2653 4693; x_wconf 86' lang='lat' dir='ltr'><strong>suam</strong></span> <span class='ocrx_word' id='word_1_781' title='bbox 2680 4651 2710 4691; x_wconf 90' lang='lat' dir='ltr'><strong>a</strong></span> <span class='ocrx_word' id='word_1_782' title='bbox 2742 4643 2917 4691; x_wconf 90' lang='lat' dir='ltr'><strong>morte</strong></span> <span class='ocrx_word' id='word_1_783' title='bbox 2945 4636 3242 4691; x_wconf 86' lang='lat' dir='ltr'><strong>revocavit.</strong></span> <span class='ocrx_word' id='word_1_784' title='bbox 3275 4634 3420 4701; x_wconf 84' lang='lat' dir='ltr'><strong>Qua-</strong></span> 
     </span>
    </p>
   </div>
   <div class='ocr_carea' id='block_1_110' title="bbox 1844 4728 3416 4810">
    <p class='ocr_par' dir='ltr' id='par_1_110' title="bbox 1844 4728 3416 4810">
     <span class='ocr_line' id='line_1_110' title="bbox 1844 4728 3416 4810; baseline -0.006 -19"><span class='ocrx_word' id='word_1_785' title='bbox 1844 4744 2068 4810; x_wconf 86' lang='lat' dir='ltr'><strong>propter</strong></span> <span class='ocrx_word' id='word_1_786' title='bbox 2097 4732 2475 4804; x_wconf 81' lang='lat' dir='ltr'><strong>primogenitus</strong></span> <span class='ocrx_word' id='word_1_787' title='bbox 2506 4730 2669 4783; x_wconf 86' lang='lat' dir='ltr'><strong>etiam</strong></span> <span class='ocrx_word' id='word_1_788' title='bbox 2702 4745 2767 4783; x_wconf 74' lang='lat' dir='ltr'><strong>ea:</strong></span> <span class='ocrx_word' id='word_1_789' title='bbox 2803 4728 3028 4783; x_wconf 83' lang='lat' dir='ltr'><strong>mortuis</strong></span> <span class='ocrx_word' id='word_1_790' title='bbox 3054 4738 3300 4783; x_wconf 82' lang='lat' dir='ltr'><strong>vocatur.</strong></span> <span class='ocrx_word' id='word_1_791' title='bbox 3324 4729 3416 4784; x_wconf 89' lang='lat' dir='ltr'><strong>Di-</strong></span> 
     </span>
    </p>
   </div>
   <div class='ocr_carea' id='block_1_111' title="bbox 1845 4821 3417 4892">
    <p class='ocr_par' dir='ltr' id='par_1_111' title="bbox 1845 4821 3417 4892">
     <span class='ocr_line' id='line_1_111' title="bbox 1845 4821 3417 4892; baseline -0.004 -9"><span class='ocrx_word' id='word_1_792' title='bbox 1845 4829 2018 4885; x_wconf 83' lang='lat' dir='ltr'><strong>eendo</strong></span> <span class='ocrx_word' id='word_1_793' title='bbox 2054 4837 2265 4891; x_wconf 89' lang='lat' dir='ltr'><strong>autem,</strong></span> <span class='ocrx_word' id='word_1_794' title='bbox 2303 4824 2359 4879; x_wconf 85' lang='lat' dir='ltr'><strong>in</strong></span> <span class='ocrx_word' id='word_1_795' title='bbox 2409 4822 2559 4877; x_wconf 80' lang='lat' dir='ltr'><strong>verbo</strong></span> <span class='ocrx_word' id='word_1_796' title='bbox 2606 4821 2857 4888; x_wconf 86' lang='lat' dir='ltr'><strong>Domini,</strong></span> <span class='ocrx_word' id='word_1_797' title='bbox 2908 4822 2981 4877; x_wconf 83' lang='lat' dir='ltr'><strong>ita</strong></span> <span class='ocrx_word' id='word_1_798' title='bbox 3029 4821 3293 4892; x_wconf 88' lang='lat' dir='ltr'><strong>loquitur,</strong></span> <span class='ocrx_word' id='word_1_799' title='bbox 3341 4822 3417 4877; x_wconf 93' lang='lat' dir='ltr'><strong>uti</strong></span> 
     </span>
    </p>
   </div>
   <div class='ocr_carea' id='block_1_112' title="bbox 1845 4915 2818 4990">
    <p class='ocr_par' dir='ltr' id='par_1_112' title="bbox 1845 4915 2818 4990">
     <span class='ocr_line' id='line_1_112' title="bbox 1845 4915 2818 4990; baseline -0.006 -13"><span class='ocrx_word' id='word_1_800' title='bbox 1845 4921 1913 4978; x_wconf 89' lang='lat' dir='ltr'><strong>iis</strong></span> <span class='ocrx_word' id='word_1_801' title='bbox 1951 4920 2119 4975; x_wconf 82' lang='lat' dir='ltr'><strong>iidant</strong></span> <span class='ocrx_word' id='word_1_802' title='bbox 2148 4920 2237 4990; x_wconf 85' lang='lat' dir='ltr'><strong>qui</strong></span> <span class='ocrx_word' id='word_1_803' title='bbox 2267 4919 2379 4972; x_wconf 67' lang='lat' dir='ltr'><strong>inme</strong></span> <span class='ocrx_word' id='word_1_804' title='bbox 2410 4915 2818 4971; x_wconf 84' lang='lat' dir='ltr'><strong>annuntiarent.</strong></span> 
     </span>
    </p>
   </div>
   <div class='ocr_carea' id='block_1_113' title="bbox 1923 5007 3418 5084">
    <p class='ocr_par' dir='ltr' id='par_1_113' title="bbox 1923 5007 3418 5084">
     <span class='ocr_line' id='line_1_113' title="bbox 1923 5007 3418 5084; baseline -0.005 -14"><span class='ocrx_word' id='word_1_805' title='bbox 1923 5035 1941 5069; x_wconf 81' lang='grc' dir='ltr'><strong>ι</strong></span> <span class='ocrx_word' id='word_1_806' title='bbox 1974 5014 2112 5084; x_wconf 86' lang='lat' dir='ltr'><strong>Quia</strong></span> <span class='ocrx_word' id='word_1_807' title='bbox 2148 5028 2247 5069; x_wconf 87' lang='lat' dir='ltr'><strong>nos</strong></span> <span class='ocrx_word' id='word_1_808' title='bbox 2276 5010 2367 5082; x_wconf 91' lang='lat' dir='ltr'><strong>qui</strong></span> <span class='ocrx_word' id='word_1_809' title='bbox 2396 5010 2631 5066; x_wconf 83' lang='lat' dir='ltr'><strong>vivimus</strong></span> <span class='ocrx_word' id='word_1_810' title='bbox 2654 5052 2668 5077; x_wconf 92' lang='lat'><strong>,</strong></span> <span class='ocrx_word' id='word_1_811' title='bbox 2717 5008 2810 5079; x_wconf 88' lang='lat' dir='ltr'><strong>qui</strong></span> <span class='ocrx_word' id='word_1_812' title='bbox 2865 5007 3072 5064; x_wconf 85' lang='lat' dir='ltr'><strong>residui</strong></span> <span class='ocrx_word' id='word_1_813' title='bbox 3124 5024 3309 5065; x_wconf 88' lang='lat' dir='ltr'><strong>sumus</strong></span> <span class='ocrx_word' id='word_1_814' title='bbox 3366 5012 3418 5065; x_wconf 83' lang='lat' dir='ltr'><strong>in</strong></span> 
     </span>
    </p>
   </div>
   <div class='ocr_carea' id='block_1_114' title="bbox 1844 5103 3075 5164">
    <p class='ocr_par' dir='ltr' id='par_1_114' title="bbox 1844 5103 3075 5164">
     <span class='ocr_line' id='line_1_114' title="bbox 1844 5103 3075 5164; baseline -0.013 -1"><span class='ocrx_word' id='word_1_815' title='bbox 1844 5109 2134 5164; x_wconf 78' lang='lat' dir='ltr'><strong>adventum</strong></span> <span class='ocrx_word' id='word_1_816' title='bbox 2168 5103 2401 5159; x_wconf 86' lang='lat' dir='ltr'><strong>Domini.</strong></span> <span class='ocrx_word' id='word_1_817' title='bbox 2444 5122 2463 5155; x_wconf 74' lang='grc' dir='ltr'><strong>ι</strong></span> <span class='ocrx_word' id='word_1_818' title='bbox 3070 5154 3075 5155; x_wconf 19' lang='grc' dir='ltr'><strong>γ</strong></span> 
     </span>
    </p>
   </div>
   <div class='ocr_carea' id='block_1_115' title="bbox 1917 5192 3418 5265">
    <p class='ocr_par' dir='ltr' id='par_1_115' title="bbox 1917 5192 3418 5265">
     <span class='ocr_line' id='line_1_115' title="bbox 1917 5192 3418 5265; baseline -0.006 -10"><span class='ocrx_word' id='word_1_819' title='bbox 1917 5199 2033 5255; x_wconf 85' lang='grc' dir='ltr'><strong>Νοη</strong></span> <span class='ocrx_word' id='word_1_820' title='bbox 2070 5199 2171 5253; x_wconf 85' lang='lat' dir='ltr'><strong>hoc</strong></span> <span class='ocrx_word' id='word_1_821' title='bbox 2206 5196 2423 5259; x_wconf 86' lang='lat' dir='ltr'><strong>innuit,</strong></span> <span class='ocrx_word' id='word_1_822' title='bbox 2456 5209 2516 5249; x_wconf 90' lang='lat' dir='ltr'><strong>se</strong></span> <span class='ocrx_word' id='word_1_823' title='bbox 2550 5192 2896 5264; x_wconf 86' lang='lat' dir='ltr'><strong>superstitem</strong></span> <span class='ocrx_word' id='word_1_824' title='bbox 2955 5194 3071 5249; x_wconf 86' lang='lat' dir='ltr'><strong>fore</strong></span> <span class='ocrx_word' id='word_1_825' title='bbox 3126 5209 3300 5265; x_wconf 75' lang='lat' dir='ltr'><strong>usque</strong></span> <span class='ocrx_word' id='word_1_826' title='bbox 3354 5195 3418 5248; x_wconf 58' lang='lat' dir='ltr'><strong>all</strong></span> 
     </span>
    </p>
   </div>
   <div class='ocr_carea' id='block_1_116' title="bbox 1846 5284 3417 5359">
    <p class='ocr_par' dir='ltr' id='par_1_116' title="bbox 1846 5284 3417 5359">
     <span class='ocr_line' id='line_1_116' title="bbox 1846 5284 3417 5359; baseline -0.004 -15"><span class='ocrx_word' id='word_1_827' title='bbox 1846 5299 2060 5359; x_wconf 88' lang='lat' dir='ltr'><strong>tempus</strong></span> <span class='ocrx_word' id='word_1_828' title='bbox 2098 5284 2561 5350; x_wconf 78' lang='lat' dir='ltr'><strong>resurrectionis,</strong></span> <span class='ocrx_word' id='word_1_829' title='bbox 2601 5285 2726 5349; x_wconf 87' lang='lat' dir='ltr'><strong>sed,</strong></span> <span class='ocrx_word' id='word_1_830' title='bbox 2762 5300 2886 5341; x_wconf 89' lang='lat' dir='ltr'><strong>eum</strong></span> <span class='ocrx_word' id='word_1_831' title='bbox 2922 5285 2989 5340; x_wconf 90' lang='lat' dir='ltr'><strong>de</strong></span> <span class='ocrx_word' id='word_1_832' title='bbox 3026 5286 3335 5341; x_wconf 83' lang='lat' dir='ltr'><strong>viventibus</strong></span> <span class='ocrx_word' id='word_1_833' title='bbox 3369 5285 3417 5338; x_wconf 89' lang='lat' dir='ltr'><strong>ei</strong></span> 
     </span>
    </p>
   </div>
   <div class='ocr_carea' id='block_1_117' title="bbox 1844 5376 3418 5449">
    <p class='ocr_par' dir='ltr' id='par_1_117' title="bbox 1844 5376 3418 5449">
     <span class='ocr_line' id='line_1_117' title="bbox 1844 5376 3418 5449; baseline -0.005 -11"><span class='ocrx_word' id='word_1_834' title='bbox 1844 5397 2028 5438; x_wconf 89' lang='lat' dir='ltr'><strong>sermo</strong></span> <span class='ocrx_word' id='word_1_835' title='bbox 2056 5388 2235 5444; x_wconf 89' lang='lat' dir='ltr'><strong>esset,</strong></span> <span class='ocrx_word' id='word_1_836' title='bbox 2269 5379 2494 5449; x_wconf 86' lang='lat' dir='ltr'><strong>ipseque</strong></span> <span class='ocrx_word' id='word_1_837' title='bbox 2521 5377 2651 5433; x_wconf 90' lang='lat' dir='ltr'><strong>dum</strong></span> <span class='ocrx_word' id='word_1_838' title='bbox 2687 5377 2799 5432; x_wconf 63' lang='lat' dir='ltr'><strong>haec</strong></span> <span class='ocrx_word' id='word_1_839' title='bbox 2830 5376 3009 5432; x_wconf 85' lang='lat' dir='ltr'><strong>aiebat</strong></span> <span class='ocrx_word' id='word_1_840' title='bbox 3038 5378 3092 5433; x_wconf 91' lang='lat' dir='ltr'><strong>in</strong></span> <span class='ocrx_word' id='word_1_841' title='bbox 3124 5377 3263 5432; x_wconf 78' lang='lat' dir='ltr'><strong>vivis</strong></span> <span class='ocrx_word' id='word_1_842' title='bbox 3292 5392 3418 5446; x_wconf 84' lang='lat' dir='ltr'><strong>age-</strong></span> 
     </span>
    </p>
   </div>
   <div class='ocr_carea' id='block_1_118' title="bbox 1845 5468 3418 5542">
    <p class='ocr_par' dir='ltr' id='par_1_118' title="bbox 1845 5468 3418 5542">
     <span class='ocr_line' id='line_1_118' title="bbox 1845 5468 3418 5542; baseline -0.005 -11"><span class='ocrx_word' id='word_1_843' title='bbox 1845 5484 1958 5539; x_wconf 89' lang='lat' dir='ltr'><strong>ret,</strong></span> <span class='ocrx_word' id='word_1_844' title='bbox 1992 5472 2270 5528; x_wconf 89' lang='lat' dir='ltr'><strong>communi</strong></span> <span class='ocrx_word' id='word_1_845' title='bbox 2323 5468 2577 5542; x_wconf 81' lang='lat' dir='ltr'><strong>loquendi</strong></span> <span class='ocrx_word' id='word_1_846' title='bbox 2631 5485 2782 5525; x_wconf 89' lang='lat' dir='ltr'><strong>more</strong></span> <span class='ocrx_word' id='word_1_847' title='bbox 2832 5469 3011 5535; x_wconf 80' lang='lat' dir='ltr'><strong>dixit,</strong></span> <span class='ocrx_word' id='word_1_848' title='bbox 3041 5488 3133 5525; x_wconf 82' lang='lat' dir='ltr'><strong>nos</strong></span> <span class='ocrx_word' id='word_1_849' title='bbox 3168 5470 3259 5541; x_wconf 83' lang='lat' dir='ltr'><strong>qui</strong></span> <span class='ocrx_word' id='word_1_850' title='bbox 3290 5470 3418 5525; x_wconf 77' lang='lat' dir='ltr'><strong>vivi-</strong></span> 
     </span>
    </p>
   </div>
   <div class='ocr_carea' id='block_1_119' title="bbox 1844 5559 3415 5631">
    <p class='ocr_par' dir='ltr' id='par_1_119' title="bbox 1844 5559 3415 5631">
     <span class='ocr_line' id='line_1_119' title="bbox 1844 5559 3415 5631; baseline -0.006 -9"><span class='ocrx_word' id='word_1_851' title='bbox 1844 5583 1980 5622; x_wconf 80' lang='lat' dir='ltr'><strong>mus.</strong></span> <span class='ocrx_word' id='word_1_852' title='bbox 2018 5564 2172 5631; x_wconf 88' lang='lat' dir='ltr'><strong>Quod</strong></span> <span class='ocrx_word' id='word_1_853' title='bbox 2207 5571 2389 5617; x_wconf 81' lang='lat' dir='ltr'><strong>autem</strong></span> <span class='ocrx_word' id='word_1_854' title='bbox 2425 5562 2514 5617; x_wconf 83' lang='lat' dir='ltr'><strong>hic</strong></span> <span class='ocrx_word' id='word_1_855' title='bbox 2549 5560 2682 5615; x_wconf 82' lang='lat' dir='ltr'><strong>dicti</strong></span> <span class='ocrx_word' id='word_1_856' title='bbox 2717 5560 2873 5616; x_wconf 85' lang='lat' dir='ltr'><strong>istius</strong></span> <span class='ocrx_word' id='word_1_857' title='bbox 2905 5562 2977 5615; x_wconf 91' lang='lat' dir='ltr'><strong>sit</strong></span> <span class='ocrx_word' id='word_1_858' title='bbox 3009 5576 3242 5625; x_wconf 89' lang='lat' dir='ltr'><strong>sensus,</strong></span> <span class='ocrx_word' id='word_1_859' title='bbox 3271 5559 3415 5615; x_wconf 89' lang='lat' dir='ltr'><strong>indi-</strong></span> 
     </span>
    </p>
   </div>
   <div class='ocr_carea' id='block_1_120' title="bbox 1844 5650 3412 5727">
    <p class='ocr_par' dir='ltr' id='par_1_120' title="bbox 1844 5650 3412 5727">
     <span class='ocr_line' id='line_1_120' title="bbox 1844 5650 3412 5727; baseline -0.005 -13"><span class='ocrx_word' id='word_1_860' title='bbox 1844 5666 1932 5714; x_wconf 80' lang='lat' dir='ltr'><strong>cat</strong></span> <span class='ocrx_word' id='word_1_861' title='bbox 1966 5656 2389 5727; x_wconf 69' lang='lat' dir='ltr'><strong>subiungendo,</strong></span> <span class='ocrx_word' id='word_1_862' title='bbox 2427 5654 2517 5725; x_wconf 80' lang='lat' dir='ltr'><strong>qui</strong></span> <span class='ocrx_word' id='word_1_863' title='bbox 2552 5652 2750 5707; x_wconf 76' lang='lat' dir='ltr'><strong>residui</strong></span> <span class='ocrx_word' id='word_1_864' title='bbox 2784 5669 2986 5707; x_wconf 77' lang='lat' dir='ltr'><strong>sumus.</strong></span> <span class='ocrx_word' id='word_1_865' title='bbox 3020 5652 3155 5707; x_wconf 82' lang='lat' dir='ltr'><strong>Nam</strong></span> <span class='ocrx_word' id='word_1_866' title='bbox 3188 5650 3236 5707; x_wconf 88' lang='lat' dir='ltr'><strong>si</strong></span> <span class='ocrx_word' id='word_1_867' title='bbox 3274 5651 3412 5707; x_wconf 84' lang='lat' dir='ltr'><strong>idem</strong></span> 
     </span>
    </p>
   </div>
   <div class='ocr_carea' id='block_1_121' title="bbox 1843 5745 3457 5821">
    <p class='ocr_par' dir='ltr' id='par_1_121' title="bbox 1843 5745 3457 5821">
     <span class='ocr_line' id='line_1_121' title="bbox 1843 5745 3457 5821; baseline -0.001 -13"><span class='ocrx_word' id='word_1_868' title='bbox 1843 5752 2206 5821; x_wconf 72' lang='lat' dir='ltr'><strong>significasset</strong></span> <span class='ocrx_word' id='word_1_869' title='bbox 2229 5748 2372 5819; x_wconf 85' lang='lat' dir='ltr'><strong>quod</strong></span> <span class='ocrx_word' id='word_1_870' title='bbox 2414 5765 2499 5806; x_wconf 84' lang='lat' dir='ltr'><strong>me</strong></span> <span class='ocrx_word' id='word_1_871' title='bbox 2544 5748 2791 5815; x_wconf 84' lang='lat' dir='ltr'><strong>vivente,</strong></span> <span class='ocrx_word' id='word_1_872' title='bbox 2839 5763 3074 5812; x_wconf 85' lang='lat' dir='ltr'><strong>quonam</strong></span> <span class='ocrx_word' id='word_1_873' title='bbox 3117 5746 3279 5805; x_wconf 90' lang='lat' dir='ltr'><strong>modo</strong></span> <span class='ocrx_word' id='word_1_874' title='bbox 3307 5745 3414 5815; x_wconf 58' lang='lat' dir='ltr'><strong>aiio</strong></span> <span class='ocrx_word' id='word_1_875' title='bbox 3449 5806 3457 5814; x_wconf 75' lang='grc'><strong>,</strong></span> 
     </span>
    </p>
   </div>
  </div>
