3928 6264
470 241 573 307 919

1654 256 1713 317 S‘.
1758 255 2546 323 JOANNISDAMASCENI‘

3619 264 3723 339 93E)

470 359 704 415 Domino
728 356 856 417 Iesu
880 359 1124 419 Cltristo.
1165 360 1388 421 Gratias
1423 380 1584 438 agere
1616 368 1878 428 debemus
1934 371 2034 428 Dec

2149 372 2251 443 ρίῳ
2291 374 2459 441 Ἰησοῦ
2491 374 2715 448 Χριστῷ
2750 393 2763 408 ·
2801 375 3147 448 εὐχαριστετν
3170 374 3461 451 ὀφείλομεν
3495 378 3570 451 τῷ
3600 380 3723 454 ,Θεῷ

469 467 690 521 semper
724 469 824 527 pro
860 455 1038 524 vobis,
1075 455 1296 523 fratres,
1323 460 1394 513 ita
1416 466 1473 513 ut
1500 460 1728 530 dignum
1768 472 1874 527 est,
1909 480 2046 534 quo-

469 543 618 599 niam
674 546 1092 617 superabunilat
1125 548 1257 606 fides
1294 559 1500 618 vestra,
1536 560 1591 608 et
1628 554 1873 610 abundat
1910 556 2044 611 cha-

469 636 605 691 ritas
658 638 1092 711 uniuscujusque
1124 652 1363 696 vestrum
1401 644 1455 698 in
1485 643 1719 700 invicem
1748 662 1765 713 ;
1796 645 1871 701 ita
1901 656 1960 702 ut
1985 656 2038 703 et

467 742 568 782 nos
602 728 700 797 ipsi
732 730 784 785 in
811 730 970 786 vobis
1004 731 1306 799 gloriemur
1371 732 1427 787 in
1481 732 1743 792 Ecclesiis
1798 735 1892 791 Dei
1948 752 2047 808 pro

466 819 727 888 patientia
756 828 941 876 vestra
965 832 1019 876 et
1044 821 1168 885 fide,
1196 822 1249 876 in
1273 823 1531 879 omnibus
1561 826 2046 895 persecutionibus

464 908 688 973 vestris,
709 918 762 963 et
788 909 1258 976 tribulationibus,
1284 928 1422 983 quas
1445 914 1755 981 sustinetis,
1781 916 1837 972 in
1861 932 2048 973 exem-

464 999 770 1069 plu.njusti
800 1000 1000 1072 judicii
1030 1002 1149 1069 Dei,
1181 1013 1240 1059 ut
1268 1004 1418 1077 digni
1465 1005 1779 1063 liabeamini
1801 1008 1858 1064 in
1878 1024 2045 1080 regno

462 1090 580 1158 Dei,
615 1106 717 1162 pro
746 1108 855 1164 quo
891 1102 945 1151 et
982 1096 1254 1166 patimini.
1292 1115 1311 1149 ι

532 1290 725 1362 Operae
760 1294 997 1363 pretium
1046 1295 1233 1352 fuitut
1263 1298 1495 1353 alteram
1552 1315 1777 1371 quoque
1829 1301 2044 1372 Episto-

462 1382 569 1435 lam
601 1383 900 1455 Apostolus
934 1389 1003 1442 ad
1035 1387 1572 1449 Thessalonicenses
1606 1394 1911 1462 scriberet;
1935 1410 2040 1451 non

461 1479 522 1527 ut
556 1474 764 1545 aliquid
784 1478 1039 1535 suaderet
1060 1494 1247 1535 eorum
1272 1498 1394 1553 qua:
1418 1483 1556 1554 ipsis
1571 1484 1939 1541 conducibilia
1959 1486 2044 1541 fo-

461 1574 603 1630 rent,
632 1568 748 1624 sive
770 1570 836 1626 ad
878 1570 1034 1626 fidem
1066 1572 1211 1644 (nam
1240 1589 1655 1644 supercrescere
1679 1591 1867 1631 corum
1882 1577 2042 1646 222

462 1657 620 1713 tidem
653 1660 850 1731 dicit),
901 1662 1016 1718 sive
1041 1663 1109 1718 ad
1168 1664 1431 1719 virtutum
1481 1666 1744 1721 studium.
1816 1666 2041 1724 Dixerat

459 1752 608 1807 enim
645 1753 699 1808 in
734 1752 975 1827 Epistola
1004 1756 1210 1827 priore,
1244 1773 1591 1830 nequaquam
1628 1776 1725 1816 eos
1759 1772 1901 1829 opus
1936 1760 2037 1816 lia-

458 1844 591 1901 bere
622 1843 944 1913 disciplina,
984 1862 1107 1903 cum
1140 1847 1321 1904 edocti
1346 1864 1378 1903 ιι
1409 1852 1519 1906 Deo
1548 1858 1756 1907 essent.
1785 1849 2032 1917 Quanam

457 1955 593 2011 ergo
626 1939 692 1995 de
736 1955 907 1997 causa
960 1941 1423 2011 Epistolamlianc
1461 1944 1731 2017 scripsit?
1783 1946 1943 2015 plane
1968 1960 2036 2001 ne

460 2034 841 2101 turbarentur,
894 2034 1167 2091 audiendo
1199 2037 1427 2093 secundi
1478 2040 1750 2095 adventus
1817 2037 2032 2093 Domini

457 2126 601 2183 diem
632 2127 860 2185 instare.
893 2128 1024 2185 Nam
1068 2129 1444 2201 falsi‘quidam
1467 2130 1729 2187 doctores
1758 2130 1860 2187 hoc
1896 2145 2035 2202 prae-

456 2220 745 2278 dicabant.
783 2222 1058 2288 Quocirca
1093 2237 1324 2280 necesse
1357 2222 1463 2279 fuit
1487 2232 1544 2279 ut
1576 2231 1832 2295 portenta
1867 2239 2031 2281 enar-

455 2321 629 2380 rarct,
661 2330 784 2386 qua
817 2315 961 2373 diem
992 2316 1141 2373 illam
1169 2332 1507 2388 pmcessura
1531 2324 1662 2373 sunt
1688 2336 1701 2372 :
1744 2325 2032 2387 putaqum

460 2405 531 2462 ad
564 2405 927 2465 defectionem
969 2418 1023 2466 et
1062 2410 1221 2466 tinem
1246 2410 1461 2481 imperii
1495 2410 1728 2467 Romani
1756 2419 2027 2480 spectant,

458 2502 515 2550 et
545 2508 668 2569 qua;
698 2497 764 2553 ad
800 2498 1217 2557 Antichristum.
1250 2500 1373 2557 Haec
1402 2500 1548 2556 enim
1587 2501 1642 2557 in
1677 2510 2028 2557 antecessum

452 2597 707 2659 oportere
733 2586 849 2647 ﬁeri
879 2590 981 2659 ait,
1007 2597 1232 2663 tumque
1259 2591 1402 2649 diem
1433 2592 1582 2649 illam
1606 2592 1887 2649 advenire.

523 2679 662 2739 Vide
688 2694 921 2761 quantos
958 2700 1280 2759 progressus
1324 2684 1851 2744 Thessalonicenses
1884 2683 2028 2741 fece-

2152 466 2385 519 πάντοτε
2406 468 2535 538 περὶ
2568 468 2740 540 ὑμῶν,
2785 469 3024 539 ἀδελφοὶ,
3048 469 3233 536 καθὼς
3263 470 3416 538 ἀξιὸν
3446 473 3609 537 ἐστιν,
3643 473 3721 526 ὅτι

2152 558 2524 630 ὑπεραυξάνει
2553 562 2587 634 ἡ
2614 560 2797 627 πίστις
2828 563 3004 634 ὑμῶν,
3028 563 3123 618 καὶ
3163 563 3452 630 πλεονάζει
3484 565 3719 636 ήάγάπη

2150 650 2269 715 ἑνὸς
2303 650 2531 707 ἑκάστου
2556 654 2775 709 πάντων
2810 656 2963 725 ὑμῶν
2988 657 3073 721 είς
3100 656 3387 729 ἀλλήλους,
3420 656 3557 711 ὥστε
3584 659 3725 729 ἡμᾶς

2148 742 2345 809 αὐτοὺς
2382 746 2442 798 ὲν
2463 746 2592 819 ὑμῖν
2640 748 2950 819 καυχᾶσθαι
3013 750 3071 803 ὲν
3098 752 3219 815 ταῖς
3260 750 3580 821 ἐκκλησίαις
3632 751 3719 805 τοῦ

2147 836 2305 903 Θεοῦ,
2356 837 2497 909 ὑπὲρ
2552 839 2654 910 τῆς
2694 840 2973 913 ὑπομονῆς
3012 842 3170 914 ὑμῶν
3207 842 3304 897 καὶ
3345 844 3626 911 πίστεως,
3668 848 3722 900 ὲν

2149 928 2283 983 πᾶσι
2311 932 2424 994 τοῖς
2454 929 2712 1002 διωγμοῖς
2743 931 2897 1003 ὑμῶν
2949 932 3043 987 καὶ
3060 935 3181 996 ταῖς
3210 932 3457 1004 θλίψεσιν
3483 928 3572 998 αἶς
3636 936 3728 989 ἀν⁴

2147 1020 2358 1090 έχεσθε,
2390 1020 2647 1094 ἔνδειγμα
2695 1024 2929 1095 κρίσεως
2959 1024 3054 1078 τοῦ
3082 1025 3238 1089 Θεοῦ,
3261 1027 3342 1090 είς
3374 1026 3436 1080 τὸ
3460 1026 3727 1092 καταξιω-

2148 1110 2307 1181 θῆναι
2341 1112 2487 1184 ύμᾶς
2515 1114 2617 1186 τῆς
2664 1112 2942 1185 βασιλείας
2974 1114 3067 1171 τοῦ
3106 1116 3264 1186 Θεοῦ,
3316 1118 3458 1191 ὑπὲρ
3510 1113 3581 1191 ἦς
3631 1119 3719 1173 καὶ

2147 1200 2405 1273 πάσχετε.
2434 1221 2453 1254 ι

2216 1296 2326 1349 Καὶ
2354 1295 2616 1369 δευτέρας
2637 1295 2717 1369 τῷ
2750 1297 3064 1369 ’Δποστόλῳ
3111 1298 3250 1369 πρὸς
3294 1298 3718 1365 Θεσσαλονικέας

2145 1384 2363 1457 ἐδέησεν
2389 1386 2732 1459 Ἐπιστολῆς.
2759 1388 2861 1460 οὐχ
2887 1389 2974 1443 ἵνα
3000 1406 3054 1443 τι
3080 1390 3384 1463 παραινέσῃ
3403 1389 3517 1445 τῶν
3544 1407 3721 1445 novu-

2144 1475 2395 1543 λούντων,
2418 1477 2451 1549 ἢ
2476 1478 2613 1551 πρὸς
2642 1479 2824 1534 πίστιν
2846 1482 2865 1550 (
2881 1480 3279 1552 ’Υπεραυξάνει
3314 1482 3443 1552 γὰρ,
3471 1481 3656 1551 φησὶν,
3687 1486 3735 1554 ἡ,

2145 1567 2327 1631 πίστις
2383 1567 2583 1639 ὑμῶν)·
2635 1570 2668 1641 ἢ
2720 1568 2861 1641 πρὸς
2912 1573 3005 1625 τὸν
3041 1572 3296 1641 ἐνάρετον
3330 1571 3475 1643 βίονο
3502 1573 3636 1626 ὃπου
3660 1590 3717 1642 γε

2142 1661 2237 1714 καὶ
2266 1660 2325 1714 ὲν
2383 1664 2448 1732 τῇ
2492 1662 2734 1735 προτέρᾳ
2774 1664 3087 1736 Ἐπιστολῇ,
3120 1665 3180 1718 οὐ
3213 1664 3403 1736 χρείαν
3448 1664 3597 1735 ἔχειν
3624 1668 3717 1721 αὑο

2070 1725 2112 1780 Β
2137 1754 2264 1817 τοὺς
2291 1725 2511 1827 διδαχῆς
2534 1725 2678 1826 ἐφη..
2700 1725 2863 1821 δντας
2889 1725 3284 1822 θεοδιδάκτούς.
3317 1759 3416 1823 Τίς
3446 1725 3547 1813 οὗν
3579 1762 3612 1831 ὴ
3639 1761 3722 1814 αίο

2137 1842 2225 1898 τία
2254 1844 2356 1915 τῆς
2378 1845 2736 1917 Ἐπιστολῆς;
2769 1847 2858 1902 ἵνα
2890 1848 2968 1920 μὴ
3009 1848 3344 1922 θορυὸὦνται
3405 1852 3734 1919 ἀκούοντες,.

2135 1936 2212 2001 ὡς
2242 1936 2436 2009 ἐνέστη
2465 1937 2706 2010 ἠήμέρα
2724 1940 2824 2011 τῆς
2852 1939 3114 2011 δευτέρας
3136 1942 3231 1996 τοῦ
3266 1943 3474 2015 Κυρίου
3509 1960 3714 2017 παρου-

2138 2030 2279 2094 σίας.
2328 2030 2501 2085 Τοῦτο
2555 2032 2663 2105 γάρ
2710 2050 2858 2099 τινες
2912 2034 3023 2091 τῶν
3064 2037 3571 2107 ψευδοδιδασκάλων
3590 2040 3733 2111 ὲκηο-

2138 2142 2350 2197 ρυττον.
2372 2124 2467 2180 Διδ
2493 2125 2585 2180 καὶ
2604 2126 2917 2197 ἀναγκαίως
2948 2129 3172 2198 γέγονεν
3201 2129 3349 2202 αὐτῷ
3404 2130 3474 2186 τά
3520 2133 3737 2204 σημεῖα.

2131 2215 2436 2289 διηγεῖσθαι
2459 2216 2529 2273 τὰ
2551 2217 2659 2288 πρὸ
2682 2218 2783 2290 τῆς
2810 2219 3024 2291 ἡμέρας
3059 2220 3275 2293 ὲκείνης
3295 2239 3309 2253 ·
3353 2216 3467 2278 οἷον
3499 2226 3570 2280 τὰ
3592 2220 3733 2296 περὶι

2130 2308 2231 2380 τῆς
2261 2309 2618 2377 ἀποστασίας,
2652 2313 2899 2385 καὶπερὶ
2933 2313 3028 2368 τοῦ
3062 2314 3252 2381 τέλους
3301 2318 3405 2387 τῆς
3437 2316 3731 2387 βασιλείας

2140 2401 2450 2474 Ῥωμαίων,
2508 2405 2605 2460 καὶ
2644 2404 2714 2460 τὰ
2764 2408 2899 2479 περὶ
2939 2407 3107 2463 αὐτοῦ
3144 2394 3251 2463 ’τοῦ
3319 2409 3711 2482 ’Δντιχρίστοω

2132 2491 2315 2550 Ταῦτα
2363 2496 2472 2568 γάρ
2522 2497 2715 2577 πρῷτα
2743 2497 2828 2552 δεῖ
2855 2499 3115 2569 γενέσθαι
3140 2539 3156 2566 ,
3186 2500 3377 2573 φησιν,
3400 2497 3523 2556 εἶτα
3545 2501 3735 2566 οὕτως*

2130 2586 2347 2660 ἐκείνην
2380 2588 2576 2646 ἐλθεῖν.

2198 2680 2342 2754 Ὅρα
2366 2682 2507 2755 πόση
2534 2682 2643 2737 τῶν
2668 2683 3109 2740 Θεσσαλονικέων
3135 2685 3170 2756 ἠ
3206 2685 3482 2760 προκοπὴ,
3518 2688 3597 2752 ὡς
3622 2686 3723 2741 καῖ·

452 2774 587 2843 rint,
617 2784 674 2831 ut
718 2784 774 2833 et
824 2780 1123 2848 gratiarum
1179 2779 1427 2837 actiones
1474 2793 1574 2855 pro
1632 2775 1745 2836 illis
1800 2777 2027 2834 referret

2148 2776 2457 2847 ίαριστήρια
2488 2776 2627 2850 ὑπὲρ
2661 2777 2841 2832 αὐτῶν
2873 2777 3221 2849 ἀναπέμπειν
3244 2779 3337 2835 τὸν
3365 2780 3709 2844 ’Δπόστολον,

452 2869 784 2942 Apostolus:
801 2886 909 2927 non
925 2872 1103 2934 solum
1116 2871 1632 2945 quiacrediderant,
1655 2886 1839 2929 verum
1861 2870 2024 2926 etiam

2148 2866 2226 2937 »ύχ
2253 2866 2335 2920 ὅτι
2366 2866 2553 2932 ἁπλῶς
2575 2870 2948 2938 πιστεύουσιν,
2983 2870 3098 2925 ἀλλ’
3139 2872 3221 2927 ὃτι
3270 2872 3643 2943 ὑπεραυξάνει
3675 2874 3726 2946 ης

450 2961 580 3031 quia
599 2972 1013 3032 superet-evertit
1036 2966 1169 3022 fides
1182 2966 1422 3037 ipsorum
1443 2980 1649 3038 ;neque
1660 2978 1882 3020 rursum
1898 2962 2042 3034 quia-

2128 2960 2315 3026 πίστις
2338 2961 2540 3027 αὐτῶν,
2571 2964 2667 3018 καὶ
2725 2960 2809 3019 ὅτι
2861 2965 2961 3037 οὐχ
2997 2963 3189 3030 ἁπλῶς
3239 2966 3551 3035 ἀγαπῶσιν,
3579 2963 3725 3021 ἀλλὰ,

452 3050 779 3124 simpliciter
802 3056 1079 3121 amabant,
1109 3056 1203 3119 sed
1225 3066 1283 3113 et
1306 3058 1431 3130 quia
1459 3058 1560 3114 bac
1590 3058 1645 3113 iu
1670 3065 1824 3129 parte
1849 3055 2023 3111 abun-

2148 3052 2227 3106 tai
2248 3051 2634 3119 πλεονάζουσιν
2666 3057 2724 3111 ιν
2754 3055 2834 3128 τῷ
2854 3057 3165 3130 πράγματι.
3196 3056 3367 3112 Τοῦτο
3403 3056 3486 3123 δὲ,
3527 3057 3712 3128 φησιν,

452 3142 682 3206 dabant.
730 3142 859 3202 Haec
887 3146 1145 3218 gloriatio
1196 3157 1387 3205 nostra
1430 3155 1537 3212 est,
1598 3145 1796 3217 inquit,
1846 3152 2031 3201 vestra

453 3236 741 3306 patientia,
776 3238 934 3307 fides,
974 3237 1390 3305 insectationes,
1437 3239 1777 3296 vexationes.
1833 3236 2033 3293 lstbaec

455 3329 639 3384 omnia
672 3330 941 3399 toleratis,
973 3331 1212 3396 scientes
1241 3347 1339 3391 vos
1372 3331 1534 3389 finem
1562 3330 1757 3385 horum
1786 3339 2035 3401 reporta-

456 3428 629 3489 turos,
655 3423 863 3480 scilicet
892 3440 1116 3495 regnum
1151 3426 1435 3485 caelorum=

526 3514 693 3574 Vens.
722 3516 839 3574 6-9.
886 3517 989 3574 (Si
1041 3526 1225 3574 tamen
1270 3519 1486 3589 justum
1542 3525 1628 3573 est
1665 3514 1821 3587 apud
1863 3512 2031 3569 Deum

456 3607 761 3666 retribuere
784 3610 1193 3673 tribulationem
1228 3610 1295 3664 iis
1324 3609 1414 3679 qui
1445 3622 1540 3663 vos
1570 3606 1851 3663 tribulant.
1884 3622 1905 3655 ι

526 3699 675 3757 idem
703 3710 785 3758 est
818 3716 881 3757 ac
912 3701 957 3758 si
990 3702 1215 3767 diceret,
1239 3699 1676 3773 quandoquidem
1698 3698 1908 3769 justum
1926 3702 2031 3751 est.

457 3791 702 3855 Observa
751 3802 936 3853 autem
986 3794 1263 3865 quomodo
1316 3808 1413 3850 eos
1473 3792 1793 3848 consolatus
1842 3795 1947 3852 est,
1977 3795 2031 3843 et

457 3887 822 3943 levamentum
856 3885 1103 3958 praebuit,
1139 3884 1445 3956 subjiciens
1476 3884 1587 3938 illis
1629 3882 1891 3938 ultionem
1922 3898 1935 3934 :
1974 3878 2029 3935 id

460 3980 607 4051 quod
642 3980 902 4039 nimirum
950 3978 1275 4051 quiinjuria
1327 3985 1619 4042 vexantur,
1672 3985 1727 4032 et
1762 3975 2031 4031 lubentis-z

457 4072 595 4126 sime
620 4069 873 4135 audiunt,
908 4078 960 4127 et
984 4070 1171 4126 videre
1198 4070 1457 4141 gestiunt.

533 4182 553 4216 ι
588 4161 850 4232 Requiem
884 4163 1169 4218 nobiscum
1203 4162 1259 4217 in
1296 4161 1629 4218 revelatione
1656 4158 1874 4216 Domini
1898 4157 2028 4215 J‘esu

458 4255 526 4311 de
554 4255 696 4311 coelo
724 4271 850 4311 cum
892 4254 1102 4326 angelis
1148 4254 1372 4313 virtutis
1408 4252 1527 4323 ejus
1560 4252 1613 4307 in
1650 4251 1865 4307 ﬂamma
1889 4251 2031 4324 ignis

459 4350 642 4411 dantis
678 4348 971 4405 vindictam
1013 4348 1083 4404 iis
1110 4348 1204 4419 qui
1228 4364 1334 4403 non
1358 4354 1627 4402 noverunt
1649 4346 1843 4413 Deum,
1866 4347 2029 4416 etqui

2133 3142 2396 3216 καύχημα
2420 3144 2711 3218 ἡμέτερον,
2739 3149 2775 3220 ἠ
2814 3147 3060 3220 ὑπομονὴ
3101 3147 3281 3219 ὑμῶν,
3322 3149 3355 3218 ἡ
3394 3147 3603 3213 πίστις,
3659 3147 3709 3199 et
3762 3168 3763 3171 η

2129 3236 2383 3309 διωγμοὶ,
2415 3239 2473 3292 αί
2506 3238 2736 3310 θλίψεις.
2774 3228 2995 3294 Τούτων
3028 3240 3086 3294 δὲ
3151 3224 3371 3294 πάντων
3427 3236 3707 3309 ἀνέχεσθε,

2132 3329 2318 3401 φησὶν,
2346 3329 2551 3395 ειδότες
2571 3331 2647 3396 ὡς
2669 3331 2731 3385 τδ
2755 3330 2909 3395 τέλος
2956 3331 3149 3386 αὐτῶν,
3193 3328 3501 3403 κομιεῖσθε,
3565 3328 3707 3402 βιισι⁹

2130 3421 2280 3477 λείαν
2302 3423 2570 3496 οὐρανῶν.

2205 3534 2224 3567 ι
2255 3516 2428 3591 Είπερ
2460 3517 2668 3573 δίκαιον
2692 3515 2844 3589 παρά
2884 3506 3003 3588 ﬁt?)
3022 3508 3416 3571 ἀνταΜναι
3452 3518 3576 3582 ’τοῖς
3600 3516 3725 3570 θλίσ-

2130 3606 2316 3663 ϐουσιν
2343 3608 2487 3679 ὑμᾶς
2518 3606 2719 3679 θλίψιν,
2744 3607 2837 3663 καὶ
2860 3605 2999 3679 Mitt
3036 3600 3545 3677 τοῖςεθλτεομάνοις.
3579 3627 3599 3661 ι
3697 3619 3702 3624 “

2200 3699 2350 3753 ’Δντὶ
2376 3696 2494 3764 τοῦ,
2523 3697 2759 3771 ιπείπερ
2779 3694 3018 3767 δίκαιον.
3055 3696 3168 3752 Καὶ
3188 3697 3290 3767 δρα
3314 3696 3431 3761 πῶς
3452 3714 3721 3769 παρεμυο.

2131 3794 2354 3865 θήσατο,
2380 3793 2476 3849 καὶ
2509 3792 2859 3861 ἐπεκούφισε,
2895 3791 2995 3862 τὴν
3028 3790 3311 3864 ἐκδίκησιν
3341 3790 3531 3855 αὐτοῖς
3574 3792 3701 3845 ὐπο-

2130 3887 2358 3959 θέμενος
2384 3903 2399 3918 '
2427 3888 2563 3961 ὅπερ
2617 3884 2851 3957 μάλιστα
2900 3884 2950 3938 ei
2986 3882 3184 3948 ἀδίκως
3229 3883 3553 3955 πάσχοντες,
3614 3882 3723 3939 xci".

2130 3980 2417 4036 ἀκούουσιν
2447 3979 2638 4053 ἡδέως,
2675 3977 2768 4031 καὶ
2795 3975 2925 4031 ίδεϊν
2952 3970 3252 4051 “genere,
3324 3976 3327 3980 ’

2208 4176 2228 4211 ι
2270 4159 2488 4211 Ἀνεσιν
2514 4154 2632 4227 μεθ’
2661 4154 2816 4226 ἡμῶν
2852 4155 2911 4209 ἐν
2963 4156 3029 4227 τῇ
3076 4150 3417 4223 ἀποκαλύψει
3463 4151 3558 4207 τοῦ
3595 4153 3716 4208 Rom

2133 4250 2249 4323 ρίου
2281 4245 2455 4317 Ἰησοῦ
2480 4246 2575 4301 ἀπ’
2602 4244 2835 4317 ούρανοῦ
2866 4246 2985 4317 μετ’
3016 4244 3267 4316 ἀγγέλων
3291 4243 3579 4316 δυνάμεως
3605 4245 3696 4299 αὑ·

2130 4341 2247 4409 τοῦ,
2280 4342 2338 4395 ὲν
2360 4341 2494 4412 πυρὶ
2517 4339 2713 4409 φλογὸς
2745 4338 2978 4403 διδόντος
3009 4338 3292 4410 ικδίκησιν
3339 4340 3454 4402 τοῖς
3509 4337 3582 4409 μὴ
3624 4336 3698 4389 εί-

458 4458 569 4497 non
615 4439 874 4497 obediunt
922 4437 1216 4509 Evangelia
1253 4434 1467 4491 Domini
1507 4433 1687 4492 nostri
1729 4432 1896 4503 Jesu;
1927 4435 2021 4506 qui

2148 4435 2237 4491 ἱὸσι
2264 4433 2414 4496 Θεὸν,
2454 4432 2550 4487 καὶ
2575 4434 2685 4495 τοῖς
2707 4431 2779 4503 μὴ
2812 4430 3146 4485 ὑπακούουσι
3160 4429 3237 4501 τῷ
3265 4428 3583 4501 Εὐαγγελίῳ
3611 4427 3695 4484 τοῦ

457 4548 653 4605 poenas
669 4531 894 4596 dabunt,
910 4530 1190 4585 interitum
1216 4535 1481 4585 aeternum
1508 4542 1537 4581 a
1563 4526 1702 4583 facie
1722 4525 1957 4598 Domini,
1980 4535 2033 4582 et

459 4644 489 4682 a
510 4626 683 4699 gloria
716 4623 936 4679 virtutis
964 4621 1113 4691 ejus;
1146 4620 1331 4694 [Vens
1378 4620 1469 4694 i0]
1506 4635 1631 4675 cum
1663 4619 1875 4675 venerit
1914 4620 2031 4691 glo-

458 4720 667 4776 riticari
695 4720 751 4774 iu
790 4717 999 4775 sanctis
1032 4717 1169 4783 suis,
1198 4724 1253 4772 et
1294 4713 1635 4771 admirabilis
1667 4711 1785 4770 ﬁeri
1818 4713 1879 4769 in
1907 4728 2031 4769 oni-

460 4814 622 4869 nibus
652 4812 741 4882 qui
764 4808 1187 4867 crediderunt.)

529 4990 609 5045 Ab
641 4989 814 5045 altero
845 5002 1067 5060 quoque
1098 4985 1278 5058 capite
1296 4999 1394 5042 eos
1437 4984 1775 5051 consolatur,
1803 4990 1864 5039 ut
1901 4998 2035 5039 con-

461 5091 640 5140 sortes
672 5082 821 5153 ipsos
870 5080 1241 5152 apostolorum
1274 5076 1462 5136 faciat.
1500 5075 1801 5147 Accipietis
1857 5075 2031 5143 enim,

460 5176 660 5247 inquit,
721 5173 966 5244 requiem
1031 5172 1339 5228 nobiscum.
1399 5169 1796 5239 Probandoque
1846 5182 2029 5224 veram

461 5267 964 5324 remunerationem
1008 5263 1147 5328 fore,
1190 5262 1325 5318 illud
1368 5262 1507 5332 ipsis
1548 5260 1810 5332 iudiciale
1852 5260 2031 5316 tribu-

462 5360 551 5417 nal
583 5358 793 5424 statuit,
819 5359 873 5413 in
895 5372 1005 5430 quo
1028 5356 1338 5428 justissima
1367 5355 1527 5427 plane
1570 5354 1864 5411 retributio
1910 5355 2023 5423 fiet,

465 5454 579 5511 sive
600 5452 888 5516 malorum,
921 5452 1036 5506 sive
1067 5452 1361 5505 bonorum.

540 5542 838 5610 «Quoniam
864 5542 1130 5598 creditum
1155 5550 1237 5599 est
1257 5540 1635 5597 testimonium
1662 5547 1913 5597 nostrum
1940 5557 2033 5598 su-

465 5650 561 5713 per
598 5650 698 5691 vos
721 5634 776 5689 in
811 5633 898 5690 die
926 5634 1039 5689 illa.
1081 5654 1097 5687 ι

542 5724 774 5793 Veritas,
808 5727 1003 5800 inquit,
1041 5727 1164 5795 ista,
1190 5729 1277 5785 cui
1316 5743 1459 5785 nunc
1492 5726 1869 5785 testimonium
1911 5743 2033 5799 pcr-

2133 4528 2339 4597 Κυρίου
2368 4524 2525 4597 ἡμῶν
2566 4521 2738 4595 Ἰησοῦ
2774 4539 2785 4554 ·
2820 4522 3017 4585 οἵτινες
3052 4520 3291 4575 τίσουσιν
3323 4520 3544 4593 ὀλεθρον
3573 4519 3707 4574 αίὼο-

2132 4637 2241 4675 νιον
2273 4619 2379 4675 ἀπὸ
2416 4618 2710 4688 προσώπου
2748 4613 2842 4669 τοῦ
2870 4613 3099 4686 Κυρίου,
3124 4614 3221 4668 καὶ
3264 4614 3371 4668 ἀπὸ
3406 4615 3503 4684 τῆς
3549 4612 3693 4682 δόξης

2129 4714 2229 4785 τῆς
2282 4709 2463 4781 ἰσχύος
2512 4707 2699 4773 αὑτοῦ,
2750 4707 2875 4761 ὅταν
2928 4705 3061 4777 ελθῃ
3106 4703 3487 4783 ἐνδοξασθῆναι
3520 4705 3575 4757 ὲν
3594 4705 3694 4764 τοῖς

2129 4804 2308 4873 ἁγίοις
2334 4799 2521 4863 αὐτοῦ,
2548 4799 2644 4855 καὶ
2672 4794 3057 4874 θαυμασθῆναι
3087 4794 3146 4848 ὲν
3181 4794 3316 4848 πᾶσι
3336 4795 3449 4860 τοῖς
3490 4793 3719 4849 πιστεύει

2130 4911 2307 4951 σασιν.
2343 4912 2363 4946 ι

2202 4987 2313 5041 Καὶ
2337 4984 2396 5051 ἐξ
2431 4983 2620 5054 ἑτέρου
2680 4979 2882 5053 μέρους
2935 4976 3365 5051 παρεμυθήσατο
3397 4974 3459 5030 τὸ
3512 4991 3689 5029 κοινωο

2129 5079 2256 5142 νοὺς
2288 5077 2481 5139 αὐτοὺς
2518 5074 2712 5147 στῆσαι
2748 5072 2857 5127 τῶν
2885 5071 3224 5127 ἀποστόλων.
3286 5069 3543 5142 Λήψεσθε
3574 5067 3690 5139 γὰρ,

2133 5169 2321 5241 φησιν,
2347 5168 2527 5223 ἄνεσιν
2561 5166 2679 5236 μεθ’
2710 5164 2869 5237 ἡμῶν
2896 5179 2913 5195 σ
2938 5164 3034 5219 καὶ
3059 5164 3233 5236 ἀληθῆ
3263 5166 3363 5235 τὴν
3413 5159 3698 5216 ἀνταπόδο-

2134 5280 2216 5317 σιν
2244 5259 2689 5325 κατασκευάζων,
2722 5260 2900 5312 ὲκεῖνο
2919 5257 3115 5322 αὐτοὺς
3143 5256 3206 5310 τὸ
3234 5258 3515 5329 κριτήριον
3555 5252 3665 5319 ἵστη

2134 5372 2240 5421 σιν,
2274 5355 2332 5409 ὲν
2364 5347 2408 5423 ᾧ
2439 5353 2655 5416 πάντως
2686 5351 2872 5406 δικαία
2892 5352 2926 5422 ἠ
2950 5348 3330 5414 άνταπόδοσις,
3367 5349 3472 5402 εἴτε
3496 5343 3685 5407 κακῶν,

2130 5448 2243 5505 εἴτε
2272 5448 2380 5504 τῶν
2404 5446 2682 5502 ἐναντίων.
2974 5510 2984 5519 _

2208 5561 2227 5593 ι
2261 5537 2690 5609 Ὅτιὲπιστεύθη
2718 5534 2779 5590 τὸ
2808 5536 3107 5609 μαρτύριον
3134 5536 3292 5608 ἡμῶν
3334 5534 3419 5604 ἀφ’
3470 5533 3606 5604 ὑμᾶς
3636 5529 3687 5581 ἐν

2132 5638 2197 5707 τῇ
2222 5634 2407 5707 ἡμέρᾳ
2432 5631 2635 5705 ἐκείνῃ.
2672 5649 2693 5683 ι

2217 5727 2279 5779 Ἠ
2308 5723 2551 5796 ἀλήθεια,
2589 5722 2772 5794 φησὶν,
2823 5720 2982 5793 αὕτη,
3032 5723 3096 5794 ῆν
3156 5717 3531 5794 μαρτυροῦμεν
3579 5712 3681 5772 νῦν»
