3870 6260
438 242 542 322 927

1634 227 2050 337 simium
2075 271 2508 339 DAMASCENI

3567 282 3663 344 928

439 393 538 432 vos
566 379 635 434 ab
661 380 810 436 omni
860 381 1026 438 fratre
1073 385 1388 443 ambulante
1440 387 1774 458 inordinate,
1811 403 1866 448 et
1895 408 2020 448 non

2143 395 2307 459 ςαντὸς
2359 393 2592 465 ἀδελφοῦ
2661 391 2916 457 ἀτάκτως
2947 389 3402 463 περιπατοῦντος,
3459 393 3551 448 καὶ
3601 398 3668 466 μὴ

440 471 746 525 secundum
797 473 1146 531 traditionem
1183 493 1348 547 quam
1396 491 1728 552 acceperunt
1758 499 1787 538 a
1824 485 2006 540 nobis.

440 560 549 631 Ipsi
613 563 758 617 enim
815 565 971 621 scitis
1021 569 1483 638 quemadmodum
1534 582 1747 643 oportet
1799 575 2009 633 imitari

442 667 564 716 nos,
605 656 865 724 quoniam
900 673 1010 712 non
1048 658 1277 730 inquieti
1329 661 1533 721 fuimus
1572 666 1718 723 inter
1751 683 1874 733 vos,
1908 685 2008 726 ne-

441 759 548 811 que
581 747 754 817 gratis
795 762 992 818 panem
1024 752 1344 822 accepimus
1370 756 1437 810 ab
1461 755 1670 827 aliquo,
1705 767 1799 815 sed
1832 760 1887 814 in
1922 760 2010 815 la-

443 837 576 892 bore
626 846 681 892 et
739 839 1064 912 fatigatione
1111 852 1272 901 nocte
1325 855 1380 901 et
1419 846 1508 904 die
1553 856 1879 920 operantes,
1941 867 2010 908 ne

441 945 601 1000 quem
638 942 880 986 vestrum
919 948 1295 1003 gravaremus.
1340 956 1362 991 ι

513 1020 626 1076 Hoc
651 1023 814 1077 etiam
851 1024 1065 1090 suadet,
1103 1034 1162 1081 ut
1190 1028 1398 1086 otiosos
1420 1030 1687 1091 devitcnt.
1710 1033 1846 1090 Nam
1869 1036 2015 1105 ejus-

443 1110 583 1164 modi
622 1112 745 1178 viri,
773 1113 1087 1171 blaterones
1119 1127 1321 1174 suntet
1351 1120 1523 1176 anxii.
1544 1122 1625 1177 Ac
1653 1122 1700 1179 si
1723 1123 1861 1196 ipse,
1883 1141 2008 1182 cum

444 1200 767 1267 praedicaret
833 1202 1216 1275 Evangelium.
1272 1218 1444 1266 artem
1495 1227 1652 1270 suam
1698 1214 2006 1283 factitabat,

441 1298 650 1359 quanto
683 1294 860 1366 magis
891 1295 1030 1351 alios
1074 1299 1301 1366 perinde
1350 1304 1608 1363 manibus
1649 1306 1766 1364 suis
1795 1310 2011 1380 sperari

443 1383 730 1450 oportebat
757 1387 768 1436 !

515 1471 681 1528 Vens.
726 1479 877 1531 υ-ίεὶ.
940 1497 958 1531 ι
996 1477 1115 1535 Non
1162 1465 1316 1552 quasi
1367 1499 1473 1540 non
1519 1487 1878 1547 habuerimus
1912 1507 2030 1562 poo-

2050 524 2058 530 -
2109 485 2252 540 κατά
2285 485 2383 557 τὴν
2412 485 2712 557 παράδοσιν
2733 485 2799 557 ῆν
2822 483 3128 555 παρέλαϐον
3157 483 3292 554 παρ’
3319 485 3352 554 ἡ
3362 483 3494 551 μῶν.
3521 484 3668 539 Αὐτοὶ

2109 580 2216 652 γὰρ
2242 579 2562 643 οἴδατεπῶς
2591 580 2675 633 δεῖ
2708 577 2997 650 μιμεῖσθαι
3030 578 3214 648 ἡμᾶς,
3249 577 3330 629 ὃτι
3405 576 3508 631 οὐκ
3547 578 3668 645 ἠτα-

2109 674 2389 745 κτήσαμεν
2405 672 2465 726 ὲν
2494 672 2646 742 ὑμῖν,
2676 669 2798 725 οὐδὲ
2818 669 3026 741 δωρεὰν
3054 669 3219 739 ἄρτον
3245 667 3508 738 ἐλάϐομεν
3533 669 3670 740 παρά

2107 779 2273 829 τινος,
2309 761 2431 816 ἀλλ’
2465 762 2528 816 ιν
2569 760 2726 832 κόπῳ
2758 760 2852 814 καὶ
2887 759 3071 832 μόχθῳ
3117 758 3289 812 νύκτα
3327 757 3423 811 καὶ
3468 759 3667 830 ἡμέραν

2109 851 2493 925 ἐργαζόμενοι,
2517 851 2654 924 πρὸς
2683 849 2748 905 τὸ
2775 847 3220 922 μὴνὲπιϐαρῆσαί
3254 865 3377 902 τινα
3405 847 3580 919 ὑμῶν.
3614 866 3631 900 ι

2179 1034 2290 1089 Kal
2323 1033 2480 1089 τοῦτο
2508 1033 2693 1098 αὐτοῖς
2720 1033 2998 1104 παραινεῖ,
3037 1031 3098 1086 τὸ
3135 1030 3517 1103 παραιτεῖσθαι
3555 1030 3676 1096 τοῦς

2110 1126 2334 1198 ἀργούς.
2371 1121 2532 1182 Οὗτοι
2578 1127 2690 1198 γάρ
2731 1127 2871 1180 εἰσιν
2903 1125 2997 1180 καὶ
3029 1123 3281 1195 φλύαροι,
3331 1122 3426 1177 καὶ
3465 1123 3674 1195 περίερο

2112 1235 2218 1288 γοι.
2257 1219 2367 1273 Καὶ
2403 1219 2450 1272 εί
2479 1217 2641 1284 αὐτὸς
2664 1218 2724 1272 τὸ
2763 1215 3095 1286 Εὑαγγὲλιον
3135 1214 3420 1287 κηρύττων
3455 1213 3674 1285 ἐργάζε-

2109 1328 2222 1380 ται,
2254 1312 2404 1384 πόσῳ
2440 1312 2643 1384 μᾶλλον
2672 1311 2800 1377 τοὺς
2828 1310 3024 1375 ἄλλους
3057 1307 3389 1380 ἐργάζεσθαι
3423 1305 3546 1373 δεῐ;

2181 1496 2291 1566 Οὐχ
2320 1495 2400 1548 ὅτι
2447 1494 2549 1548 οὐκ
2597 1492 2793 1564 ἔχομεν
2832 1489 3104 1557 ἐξουσίαν,
3154 1487 3271 1543 ἀλλ’
3314 1488 3406 1542 ἵνα
3459 1486 3679 1549 ἑαυτοὺς

445 1573 730 1635 testatem;
790 1570 885 1630 sed
941 1585 997 1626 ut
1059 1580 1430 1646 nosmetipsos
1474 1579 1705 1636 formam
1753 1584 2012 1642 daremus

2147 1587 2279 1641 ύπον
2302 1588 2480 1658 δῶμεν
2523 1586 2676 1657 ὑμῖν,
2710 1585 2789 1648 είς
2823 1585 2884 1637 τδ
2913 1582 3196 1655 μιμεῖσθαι
3240 1582 3413 1652 ἡμᾶς.
3445 1580 3554 1633 Καὶ
3576 1579 3679 1652 γάρ

447 1658 603 1714 vobis
633 1660 700 1714 ad
728 1660 1053 1718 imitandum
1074 1680 1195 1721 nos.
1221 1666 1354 1722 Nam
1377 1678 1574 1726 etcum
1600 1688 1850 1731 essemus
1867 1676 2011 1747 apud

2143 1699 2202 1735 τε
2223 1677 2366 1752 ἦμεν
2407 1679 2541 1751 πρὸς
2567 1681 2731 1750 ὑμᾶς,
2761 1677 2916 1732 τοῦτο
2939 1675 3394 1749 παρηγγέλλομεν
3424 1674 3582 1745 ὑμῖν,
3603 1673 3675 1727 δτι

442 1765 562 1815 vos,
619 1751 722 1808 hoc
773 1753 1237 1814 denuntiabamus
1282 1761 1461 1828 vobis,
1489 1765 1769 1834 quoniam,
1807 1768 1854 1824 si
1890 1769 2015 1839 quis

2148 1773 2170 1827 l'
2194 1751 2274 1838 τις
2299 1775 2360 1826 οῦ
2393 1771 2535 1826 ϐέλει
2556 1769 2890 1842 ἐργάζεσθαι
2913 1810 2927 1832 ,
2951 1768 3084 1839 μηδὲ
3117 1767 3210 1821 ὲσθ
3226 1766 3373 1820 ιέτω.
3391 1762 3688 1834 ’Δκούομενι

443 1856 556 1896 non
590 1842 705 1896 vult
733 1849 972 1915 operati,
1013 1862 1115 1902 nec
1147 1850 1463 1909 manducet.
1497 1854 1828 1914 Audivimus
1867 1860 2015 1916 enim

2143 1862 2224 1933 ’ἀρ
2269 1878 2422 1925 τινας
2455 1860 2894 1933 περιπατοῦντας
2940 1862 2997 1915 ὲν
3028 1859 3156 1930 ύμῖν
3199 1858 3490 1926 ἀτάκτως,
3523 1857 3687 1929 μηδὲν

445 1933 589 1988 inter
616 1949 713 1990 vos
734 1937 1002 2006 quosdam
1029 1941 1314 1999 ambulare
1339 1945 1601 2016 inquiete,
1627 1949 1766 2004 nihil
1786 1966 2017 2022 aperan-

2150 1953 2553 2028 ρ·ίαζομένους“,
2589 1954 2728 2008 ἀλλὰ
2755 1954 2852 2007 καὶ
2880 1950 3441 2023 περιεργαζομένους.
3472 1951 3593 2013 Τοῖς
3625 1949 3676 2003 δὲ

447 2033 550 2091 tes,
581 2026 674 2083 sed
713 2035 766 2083 et
795 2030 1015 2088 curiose
1045 2043 1289 2104 agentes.
1318 2035 1387 2094 lis
1412 2047 1593 2095 autem
1622 2041 1718 2112 qui
1742 2043 2014 2112 ejusmodi

2143 2026 2378 2107 ὀιούτοις
2404 2041 2879 2114 παραγγέλλομεν,
2903 2041 2999 2095 καὶ
3028 2040 3462 2111 παρακαλοῦμεν
3489 2039 3575 2093 διὰ
3592 2038 3675 2092 τοῦ

446 2125 597 2183 sunt,
639 2120 1037 2180 denuntiamus
1085 2133 1141 2181 et
1189 2129 1551 2188 obsecramus
1590 2149 1691 2204 per
1718 2135 2022 2192 Dominum

2143 2134 2323 2205 ἱυρίου
2345 2133 2502 2207 ήμῶν
2547 2132 2724 2206 Ἰησοῦ
2750 2132 3008 2206 Χριστοῦ,
3041 2132 3128 2186 ἵνα
3164 2132 3304 2202 μετὰ
3332 2129 3568 2204 ἡσυχίας
3592 2131 3680 2201 ὲρο

447 2221 700 2268 nostrum
741 2212 930 2272 Jesum
980 2217 1283 2284 Christum,
1343 2233 1404 2279 ut
1451 2241 1576 2282 cum
1617 2226 1838 2285 silentio
1885 2245 1989 2300 ope

448 2313 652 2370 rantes,
686 2321 845 2362 suum
878 2324 1072 2379 panem
1107 2314 1465 2374 manducent.
1502 2338 1520 2372 ι

521 2398 655 2454 Nam
692 2400 954 2459 Dominus
1005 2409 1295 2466 constituit
1342 2411 1452 2467 illis
1499 2413 1592 2484 qui
1653 2415 2020 2482 praedicarent

449 2487 830 2560 Evangelium,
863 2503 922 2548 ut
950 2493 1018 2550 de
1052 2495 1348 2568 Evangelio
1380 2502 1645 2558 viverent.

519 2578 688 2638 Vens.
723 2583 810 2638 15.
847 2601 866 2635 ι
913 2582 1027 2641 Vos
1062 2599 1266 2659 autem,
1297 2591 1516 2659 fratres,
1563 2594 1736 2650 nolite
1785 2594 2028 2650 deiicere

449 2669 883 2731 benefacientes.
925 2695 949 2728 ι

521 2764 686 2836 226
725 2765 821 2822 Vel
863 2769 1029 2825 tacite
1087 2771 1155 2828 de
1211 2775 1488 2847 eroganda
1545 2776 1705 2848 stipe
1754 2777 2037 2849 loquitur,
2081 2821 2091 2828 .

448 2855 539 2909 vel
585 2856 694 2912 hoc
746 2857 822 2912 ait
868 2875 884 2915 :
937 2858 1166 2920 Minime
1221 2864 1493 2924 fatiscatis
1557 2868 1614 2922 in
1675 2868 2020 2927 admonendo

449 2945 578 3001 illos
605 2948 697 3018 qui
739 2949 933 3005 nolunt
956 2956 1194 3022 operari.
1222 2958 1337 3013 Hoc
1365 2958 1514 3014 enim
1548 2966 1634 3015 est
1664 2959 1803 3016 bene
1835 2977 2030 3034 agere,

451 3039 675 3107 quando
718 3045 1061 3101 consuetudo
1110 3048 1256 3103 mala
1303 3049 1789 3108 exhortationibus
1831 3054 2016 3110 elimi-

451 3137 636 3186 natur.

522 3222 690 3281 Vens.
728 3227 909 3286 14-16.
957 3247 976 3282 ι
1011 3229 1166 3298 Quod
1205 3233 1251 3288 si
1285 3232 1413 3305 quis
1450 3249 1562 3291 non
1614 3235 1803 3294 obedit
1854 3236 2035 3292 verbo

450 3324 646 3374 nostro
679 3335 772 3389 per
803 3322 1128 3391 epistolam,
1175 3325 1324 3381 hunc
1369 3335 1581 3398 notate,
1610 3338 1665 3385 et
1695 3345 1765 3385 nc
1789 3329 2022 3385 commio

452 3411 714 3466 sccamini
745 3429 868 3469 cum
902 3416 1017 3483 illo,
1061 3426 1120 3473 ut
1150 3419 1555 3487 confundatur;
1585 3427 1641 3478 et
1669 3422 1841 3482 nolite
1863 3422 2021 3492 quasi

453 3501 735 3558 inimicum
760 3507 1101 3573 existimare,
1131 3511 1228 3567 sed
1249 3512 1513 3584 corripite
1539 3522 1600 3568 ut
1626 3512 1872 3571 fratrem.
1899 3513 2039 3586 ipse;

452 3601 631 3648 autem
673 3594 939 3654 Dominus
969 3602 1140 3671 pacis.
1182 3621 1202 3655 ι

523 3687 947 3747 Animadversio
977 3691 1094 3749 haec
1129 3695 1423 3753 mediocris
1450 3711 1573 3754 esse
1597 3699 2025 3756 contumacibus

451 3777 663 3836 videtur
690 3800 708 3837 :
739 3791 1120 3840 verumtamen
1153 3801 1184 3842 e
1231 3787 1728 3858 gravissimisest.
1778 3788 1912 3846 Nam
1964 3799 2025 3846 ut

453 3873 578 3943 quis
639 3874 920 3934 solitarius
976 3886 1136 3947 agat,
1195 3879 1415 3936 tametsi
1477 3881 1532 3935 in
1586 3881 1737 3950 urbe.
1781 3890 2024 3950 maneat,

453 3965 586 4036 quid
616 3966 718 4023 hac
753 3983 912 4038 poena
963 3970 1186 4042 gravius
1226 3971 1431 4028 fuerit?
1473 3971 1626 4030 Hanc
1673 3982 1855 4030 autem
1911 3989 2024 4032 non

453 4058 604 4124 odio,
634 4059 728 4116 sed
761 4075 947 4117 amore
975 4062 1125 4119 illius
1155 4064 1250 4135 qui
1279 4068 1579 4132 castigatur
1601 4106 1618 4132 ,
1649 4065 1846 4138 infligit
1875 4085 1889 4122 ι
1924 4083 2032 4123 un-

453 4150 523 4206 de
549 4151 856 4222 subiunxit,
883 4163 935 4209 et
966 4154 1130 4210 nolite
1152 4157 1308 4227 quasi
1327 4157 1597 4213 inimicum
1619 4157 1948 4214 existimare.

535 4264 552 4295 ι
603 4244 701 4300 Det
728 4244 882 4301 vobis
913 4261 1106 4316 pacem
1151 4250 1542 4320 sempiternam
1575 4249 1631 4305 in
1663 4249 1810 4305 omni
1836 4249 2023 4305 modo.

453 4335 723 4395 Dominus
769 4340 995 4398 sitcum
1027 4343 1286 4399 omnibus
1327 4344 1502 4398 vobis.
1536 4341 1728 4415 [νεεδ.
1768 4341 1881 4416 17.]
1922 4341 2025 4398 Sa-

455 4429 653 4486 lutatio
685 4447 802 4488 mea
835 4448 1002 4490 manu
1039 4434 1218 4490 Pauli.
1262 4453 1280 4488 ι

524 4522 662 4578 Cum
699 4539 793 4579 eos
830 4527 1264 4582 commonuisset
1301 4535 1362 4582 ut
1390 4536 1815 4599 segregarentur
1857 4527 1924 4582 ab
1959 4527 2027 4582 iis

455 4615 547 4684 qui
579 4615 894 4673 inordinate
923 4628 1165 4691 agerent,
1193 4620 1437 4675 ostendit
1481 4620 1536 4676 id
1579 4635 1637 4677 se
1668 4635 1776 4675 non
1810 4629 2029 4692 sponte,

457 4711 551 4763 sed
605 4709 939 4765 necessitate
999 4713 1345 4783 compulsum
1407 4711 1624 4769 fecisse.
1658 4712 1856 4769 Statim
1895 4728 2030 4785 ergo

457 4808 614 4871 rogat
645 4809 704 4856 ut
737 4815 900 4871 poena
935 4803 1155 4858 tandem
1187 4802 1429 4871 desinat,
1473 4804 1581 4858 hoc
1615 4812 1721 4869 est,
1762 4820 1870 4859 non
1903 4820 2029 4876 pcr-

459 4900 641 4960 petua,
695 4905 799 4946 nec
845 4893 1162 4970 omnimoda
1214 4895 1492 4964 separatio
1539 4895 1645 4961 sit;
1696 4909 1886 4966 pacem
1946 4896 2031 4950 ni-

459 4984 658 5038 mirum
697 4983 778 5039 eis
819 4985 1192 5055 apprecaudo.
1241 4985 1466 5042 Desinet
1507 4994 1729 5051 autem,
1760 4985 1853 5041 ubi
1887 4987 2032 5042 otio-

462 5077 509 5130 si
559 5075 637 5131 illi
689 5083 744 5132 et
791 5076 997 5134 inertes
1043 5077 1406 5134 mutabuntur
1454 5079 1509 5133 in
1555 5087 1816 5136 actuosos
1866 5088 1920 5136 et
1952 5079 2028 5135 di-

461 5170 716 5240 ligentes.

541 5282 558 5314 ι
597 5262 751 5328 Quod
788 5271 874 5320 est
902 5264 1120 5336 signum
1162 5265 1216 5321 in
1248 5264 1395 5321 omni
1417 5265 1648 5336 epistola
1683 5283 1697 5320 :
1733 5265 1804 5321 ita
1827 5265 2030 5322 scribo.

462 5355 654 5432 ﬂens.
691 5356 801 5429 18.]
832 5357 1017 5412 Gratia
1057 5357 1269 5413 Domini
1300 5358 1476 5415 nostri
1505 5357 1634 5414 Iesu
1664 5356 1869 5415 Christi
1909 5375 2030 5416 cum

461 5449 721 5504 oirinibus
762 5448 942 5505 vobis.
975 5451 1173 5505 Amen.
1222 5470 1240 5502 ι

538 5539 992 5610 Quandoquidem
1026 5540 1283 5610 Epistolas
1314 5541 1470 5599 initio
1512 5542 1569 5597 iu
1616 5540 1766 5598 hunc
1811 5540 2033 5598 modum

468 5631 727 5704 praefatus
768 5641 886 5687 erat
920 5650 933 5686 :
976 5632 1160 5689 Fidem
1215 5634 1325 5690 iliis
1369 5649 1480 5691 nos
1514 5634 1770 5692 adhibete
1807 5634 1900 5705 qui
1945 5650 2033 5692 se—

465 5725 710 5781 cundum
746 5724 958 5782 Domini
1003 5727 1298 5784 adventum
1345 5728 1504 5786 modo
1550 5730 1758 5788 instare
1811 5743 2032 5789 annuit.

2054 4472 2102 4527 D

2117 2225 2410 2299 γαζόμενοι
2437 2224 2528 2283 τδν
2554 2224 2764 2282 ἑαυτῶν
2791 2225 2955 2298 ἄρτον
2995 2223 3235 2280 ισθίωσι.
3274 2243 3323 2278 ι-

2194 2419 2213 2452 ι
2283 2399 2342 2452 '0
2386 2397 2495 2470 γάρ
2558 2394 2766 2469 Κύριος
2804 2397 3049 2463 διέταξεν
3084 2398 3200 2462 τοῖς
3243 2397 3303 2452 τδ
3346 2397 3685 2469 Εὖαγγὲλιον

2118 2489 2498 2564 κηρύττουσιν,
2533 2489 2598 2543 ἐκ
2622 2489 2714 2543 τοῦ
2745 2488 3076 2559 Εὐαγγελίου
3113 2488 3228 2561 ζῇν.

2192 2603 2209 2637 ι
2255 2580 2546 2653 Tydeos,
2567 2581 2805 2652 ἀδελφοὶ,
2840 2582 3296 2655 μηὲκκακήσητε
3323 2580 3673 2636 καλέοποιοῦνυ

2118 2694 2230 2741 τες.
2268 2694 2302 2726 Ι-

2191 2767 2262 2819 Ἦ
2285 2765 2413 2836 περὶ
2434 2764 2558 2836 ὲλεη
2567 2763 2807 2836 μοσύνης
2823 2755 3007 2831 αὐτοῖς
3033 2765 3334 2838 λεληθότως
3359 2764 3698 2833 διαλέγεται,,,

2119 2861 2167 2931 ἢ
2191 2859 2350 2914 τοῦτο
2398 2856 2589 2927 λέγει,
2618 2854 3016 2921 Νουθετοῦντες
3057 2859 3186 2921 τοὺς
3221 2855 3296 2928 μὴ
3334 2855 3680 2927 βουλομένους

2121 2948 2450 3024 ἐργάζεσθαι
2505 2947 2582 3019 μὴ
2621 2947 2990 3019 ἀποκάμνετε.
3035 2947 3209 3003 Τοῦτο
3268 2948 3384 3020 γάρ
3438 2951 3555 3003 ἐστι
3588 2965 3688 3001 καο-

2121 3045 2383 3109 λοποιεῖν,
2413 3039 2541 3096 ὅταν
2577 3040 2813 3112 πονηρὸν
2841 3040 2962 3107 ἑθος
2987 3041 3293 3098 ἐκϐάλωσιν
3334 3045 3463 3107 ταῖς
3494 3059 3689 3114 παραιι

2122 3139 2350 3193 νέσεσιν.

2197 3250 2218 3284 ι
2255 3230 2393 3286 Είδὲ
2422 3248 2505 3296 τις
2533 3230 2630 3302 οὐχ
2678 3229 2944 3284 ὑπακούει
2975 3227 3053 3299 τῷ
3098 3227 3244 3299 λόγῳ
3285 3227 3447 3300 ἡμῶν
3470 3226 3557 3281 διά
3592 3226 3686 3296 τῆς

2120 3323 2464 3395 ἐπιστολῆς,
2493 3321 2683 3378 τοῦτον
2735 3319 3062 3392 σημειοῦσθε
3085 3360 3100 3384 ,
3152 3321 3248 3374 καὶ
3289 3319 3366 3392 μὴ
3404 3319 3689 3389 συναναμί-

2119 3414 2316 3485 γνυσθε
2357 3412 2527 3485 αὐτῷ,
2558 3413 2646 3467 ἵνα
2668 3414 2909 3484 ἐντραπῇ
2939 3429 2952 3444 ·
2984 3411 3078 3466 καὶ
3115 3411 3188 3484 μὴ
3220 3410 3295 3475 ὡς
3323 3411 3518 3484 ἐχθρὸν
3545 3413 3682 3480 ἡγεῖ-

2123 3504 2240 3568 σθε,
2273 3503 2410 3560 ἀλλά
2440 3503 2743 3558 νουθετεῖτε
2773 3503 2847 3568 ὡς
2870 3503 3122 3573 ἀδελφόν.
3156 3503 3327 3566 Αὐτὸς
3355 3502 3416 3556 δὲ
3441 3504 3470 3555 ὁ
3493 3501 3683 3572 Κύριος

2121 3595 2222 3667 τῆς
2259 3596 2504 3668 εἰρήνης.
2552 3613 2574 3647 ι

2192 3688 2351 3740 Δοκεῖ
2373 3685 2568 3758 μετρία
2593 3679 2784 3756 εἶναιῆ
2810 3686 3050 3758 τιμωρία
3071 3687 3179 3751 τοῖς
3203 3684 3278 3756 μὴ
3296 3683 3676 3739 ὑπακούουσιν·

2128 3777 2245 3832 ἔστι
2271 3777 2330 3832 δὲ
2358 3777 2466 3832 τῶν
2494 3778 2703 3849 σφόδρα
2737 3778 2972 3849 βαρέων.
2999 3777 3106 3831 Τοῦ
3142 3778 3249 3849 γάρ
3267 3779 3324 3829 ὲν
3351 3777 3560 3848 ἐρημίᾳ
3583 3777 3683 3829 διά-

2124 3887 2262 3941 γειν,
2297 3869 2399 3925 κᾶν
2450 3869 2592 3944 μέσῃ
2629 3872 2696 3942 τῇ
2748 3870 2900 3924 πόλει
2941 3869 3227 3943 τυγχάνῃ,
3268 3868 3324 3922 τί
3358 3869 3677 3939 βαρύτερον;

2124 3967 2237 4020 Καὶ
2259 3967 2463 4040 ταύτην
2493 3965 2572 4035 δὲ,
2626 3967 2688 4021 ού
2723 3966 2901 4038 μίσει,
2941 3966 3080 4021 ἀλλά
3113 3966 3299 4038 ἀγάπῃ
3330 3969 3399 4038 τῇ
3442 3965 3577 4038 πρὸς
3605 3965 3680 4018 τὸν

2123 4057 2557 4132 τιμωρούμενον,
2587 4061 2752 4114 ποιεῖ.
2788 4058 2878 4113 Διὸ
2920 4060 3013 4114 καὶ
3055 4059 3328 4130 ἐπήγαγε,
3367 4058 3469 4113 καὶ
3504 4057 3586 4128 μὴ
3613 4057 3682 4122 ὡς

2125 4150 2346 4224 ἐχθρὸν
2370 4151 2636 4225 ἡγεῖσθε.

2203 4265 2224 4298 ι
2264 4244 2384 4318 Δῴη
2442 4247 2570 4318 ὑμῖν
2611 4246 2716 4316 τὴν
2751 4245 2976 4318 εἰρήνην
3017 4243 3104 4298 διὰ
3155 4243 3361 4308 παντὸς
3420 4243 3481 4298 ἐν
3537 4240 3680 4296 παντὶ

2127 4336 2333 4410 τρόπῳ.
2380 4336 2439 4393 Ὀ
2469 4336 2672 4410 Κύριος
2701 4339 2838 4410 μετὰ
2878 4338 3097 4392 πάντων
3121 4335 3293 4409 ὑμῶν.
3321 4337 3380 4392 ⁸0
3413 4334 3679 4407 ἀσπασμὸς

2129 4431 2195 4502 τῇ
2224 4431 2332 4502 ἐμῇ
2361 4430 2505 4502 χειρὶ⁹
2530 4429 2767 4492 Παύλου.
2820 4447 2840 4482 s

2211 4521 2432 4593 Ἐπειδὴ
2462 4521 2793 4593 χωρίζεσθαι
2826 4523 2935 4577 τῶν
2991 4523 3242 4578 ἀτάκτων
3269 4521 3565 4594 παρῄνεσε,
3587 4515 3680 4573 δεί-

2132 4630 2341 4681 κνυσιν,
2390 4613 2469 4677 ὼς
2509 4614 2608 4684 οὐχ
2663 4614 2806 4670 ἑκὼν
2845 4613 3008 4671 τοῦτο
3057 4615 3380 4687 πεποίηκεν,
3434 4611 3568 4668 ἀλλά
3621 4612 3676 4679 τῇ

2131 4707 2347 4778 ἀνάγκη
2380 4704 2639 4771 ἐνδιδούς.
2672 4707 2879 4762 Αὐτίκα
2925 4704 3018 4762 οὖν
3075 4707 3294 4778 εὔχεται
3335 4705 3570 4778 ἀργῆσαι
3595 4703 3678 4772 τὴν

2134 4797 2254 4852 κατ’
2285 4797 2464 4852 αὐτῶν
2493 4800 2764 4870 τιμωρίαν
2786 4839 2802 4864 ,
2839 4800 3086 4853 τουτέστι
3121 4799 3219 4869 τὴν
3260 4799 3560 4860 διάστασιν,
3600 4795 3678 4847 καὶ

2132 4888 2223 4944 τὸν
2246 4888 2524 4960 χωρισμὸν
2549 4889 2639 4944 διὰ
2677 4891 2903 4955 παντὸς,
2933 4891 3025 4944 καὶ
3055 4890 3147 4944 ἐπὶ
3172 4891 3336 4943 παντὶ
3374 4891 3572 4960 τρόπῳ,
3596 4889 3678 4953 τὴν

2133 4982 2355 5054 εἰρήνην
2379 4981 2565 5046 αὐτοῖς
2594 4983 2981 5054 ἐπευχόμενος.
3026 4973 3281 5056 Ἀργὴσει
3320 4982 3397 5048 δὲ,
3431 4979 3677 5053 μεταϐαλ-

2132 5073 2377 5145 λομένων
2407 5072 2651 5145 δηλονότι
2689 5073 2798 5128 τῶν
2831 5072 3015 5146 ἀργῶν
3039 5075 3120 5139 είς
3153 5073 3352 5146 ἄνδρας
3384 5072 3677 5132 σπουδαίους

2136 5167 2228 5221 καὶ
2257 5165 2537 5240 ἐνεργούς.

2213 5277 2231 5310 ι
2271 5258 2370 5322 ’ος
2394 5259 2510 5312 ἐστι
2544 5258 2769 5329 σημεῖον
2791 5258 2849 5312 ὲν
2878 5257 3025 5329 πάσῃ
3047 5257 3303 5330 ἐπιστολῇ
3324 5275 3338 5288 ο
3365 5256 3533 5320 οὕτως
3560 5253 3668 5324 γρά-

2136 5368 2241 5420 φω.
2277 5351 2343 5404 Ἠ
2369 5346 2528 5422 χάρις
2553 5350 2645 5405 τοῦ
2667 5349 2872 5422 Κυρίου
2897 5348 3053 5422 ἡμῶν
3095 5348 3268 5421 Ἰησοῦ
3299 5348 3526 5420 Χριστοῦ
3557 5343 3672 5417 μετὰ

2136 5444 2358 5499 πάντων
2391 5444 2566 5514 ὑμῶν.
2615 5441 2810 5515 Ἀμήν.
2849 5462 2869 5497 ι

2223 5536 2438 5609 Ἐπειδὴ
2475 5534 2775 5609 ἀρχόμενος
2799 5536 2900 5607 τῆς
2941 5534 3227 5606 ἐπιστολῆς
3279 5530 3456 5600 εἶπεν,
3486 5531 3569 5602 Μὴ
3596 5546 3670 5581 πι-

2141 5628 2358 5686 στεύετε
2380 5632 2491 5694 τοῖς
2519 5629 2950 5698 καταγγέλλουσι
2967 5627 3070 5710 νῦν
3093 5627 3190 5700 τὴν
3212 5627 3466 5698 δευτέραν
3490 5635 3668 5692 παρου-

2143 5722 2262 5777 σίαν
2284 5719 2377 5776 τοῦ
2405 5721 2634 5795 Κυρίου,
2656 5721 2760 5776 κάν
2790 5722 2837 5775 εί
2863 5720 3071 5790 λέγοιεν
3094 5719 3167 5785 ὡς
3197 5720 3355 5791 ἡμεῖς
3377 5718 3446 5772 δι’
3476 5717 3664 5770 sum“
