3870 6260
185 379 292 444 929
1382 379 1463 439 ΙΝ
1499 379 1734 440 EPIST.

1911 377 2298 440 llEBILEOS.
3335 385 3439 452 930

182 490 288 560 ,λῆς
313 485 474 542 τοῦτο
505 486 774 557 δηλοῦμεν
795 503 810 517 ε
853 489 1043 542 τούτου
1091 488 1250 561 χάριν
1291 490 1532 545 διδάσκει
1562 489 1760 553 αὐτοὺς

1880 488 2024 554 .iant,
2063 490 2420 560 quantumvis
2456 490 2558 547 hoc
2593 507 2620 546 a
2653 492 2810 550 nobis
2842 495 2896 550 in
2920 494 3164 566 Epistola
3193 496 3439 551 declarao

189 581 288 634 καὶ
315 579 375 632 τὸ
407 582 628 650 σημεῖον
655 579 755 648 τῆς
784 580 952 634 αὑτοῦ
979 582 1290 653 ἐπιστολῆς,
1315 581 1650 653 φοϐούμενος
1686 584 1762 656 μὴ

1880 589 1982 633 ιιιιη
2023 595 2147 636 esse
2181 589 2490 636 asscrerent
2521 600 2534 636 :
2565 582 2704 637 hanc
2745 583 2814 638 ob
2851 599 3074 640 causam
3125 586 3249 642 illos
3280 585 3440 642 docet

194 671 501 726 πλάσωνταί
531 689 606 740 τι,
641 670 716 735 ὡς
742 673 805 725 ἐκ
830 672 922 726 τοῦ
963 672 1284 728 Ἀποστόλου
1316 674 1584 746 πεμφθὲν.

1880 686 1988 741 lure
2021 671 2094 727 sit
2126 681 2276 728 certa
2311 672 2622 728 litterarum
2651 690 2876 730 suarum
2921 687 3074 744 nota,
3118 679 3328 739 veritus
3365 693 3438 732 ne
3493 707 3495 710 έ

1864 762 1994 833 quid
2023 762 2147 819 falsi
2188 764 2579 836 subjiceretur,
2623 775 2891 838 tanquam
2930 769 3161 825 missum
3194 776 3341 827 esset
3371 773 3441 827 ab
3491 779 3501 786 ‘

1864 855 2158 925 Apostolo.

191 939 345 1007 Πρὸς
389 939 863 1007 Θεσσαλονικεῖς
913 941 976 1006 ,β’
1031 941 1259 1013 ἐγράφη
1308 942 1427 1000 ἀπὸ
1483 942 1761 1016 Ἀθηνῶν.

1880 945 2114 1004 Secunda
2151 947 2224 1002 ad
2271 947 2768 1008 Tlteualonicenses
2809 953 3018 1024 scripta
3064 963 3144 1012 est
3190 954 3437 1013 Athenis.

791 1030 1022 1103 στίχων
1037 1032 1161 1102 ,ρς’.

2488 1039 2679 1098 Versus
2705 1044 2837 1103 106.

832 1418 1006 1504 ΕΙΣ
1088 1417 1738 1506 ΕΠΙΣΤΟΛΗΝ
1817 1420 2117 1508 ΠΡΟΣ
2197 1424 2749 1514 ΕΒΡΑΙΟΥΣ.

802 1758 930 1847 IN
1077 1761 1754 1857 EPISTOLAM
1908 1765 2058 1854 AD
2179 1767 2804 1862 HEBRZEOS-

1763 1982 1833 1999 lt...

606 2104 1004 2159 ΚΕΦΔΛΑΙΟΝ
1039 2104 1337 2161 ΠΡΩΤΟΝ.

2377 2099 2603 2158 CAPUT
2641 2098 2933 2157 PRIMUM.

252 2215 279 2249 τ
317 2195 652 2268 Πολυμερῶς
678 2199 772 2252 καὶ
812 2197 1165 2269 πολυτρόπως
1191 2199 1358 2253 πάλαι
1382 2200 1410 2252 ό
1437 2197 1570 2262 Θεὸς
1597 2191 1766 2270 λαλιήν

186 2305 283 2354 σας
307 2293 421 2354 τοῖς
445 2291 719 2359 πατράσιν
741 2291 799 2343 ἐν
824 2292 936 2354 τοῖς
962 2292 1286 2362 προφήταις,
1301 2290 1386 2345 ἐπ’
1407 2290 1636 2363 ἐσχάτου
1657 2290 1766 2344 τῶν

182 2383 410 2455 ⁴ἡμερῶν
445 2382 655 2436 τούτων
678 2383 940 2455 ἐλάλησεν
982 2386 1039 2437 ὲν
1073 2384 1210 2454 Υἰῷ.
1245 2403 1266 2438 ι

258 2477 402 2546 Ὀρα
432 2474 555 2537 πῶς
583 2475 736 2528 οὐδὲν
771 2477 829 2530 ἐν
859 2475 1187 2546 προοιμίοις,
1218 2475 1408 2547 ὥσπερ
1432 2476 1645 2542 εἴωθεν,
1683 2478 1762 2530 el-

189 2568 324 2632 πὼν,
365 2567 426 2632 ἐξ
472 2567 644 2638 ἀρχῆς
683 2567 846 2629 εὐθὺς
879 2568 970 2620 ἐπὶ
1013 2567 1083 2620 τὰ
1111 2567 1248 2637 βάθη
1296 2567 1406 2622 τῶν
1447 2570 1764 2640 μυστηρίων

187 2659 350 2729 ὁρμᾷ,
401 2658 623 2722 δεικνὺς
659 2658 760 2728 τῆς
804 2657 1166 2729 εὑαγγελικῆς
1206 2659 1478 2724 πολιτείας
1507 2661 1644 2731 πρὸς
1668 2662 1766 2733 τὴν

189 2752 416 2823 νομικὴν
466 2752 602 2805 πολὺ
657 2751 718 2805 τὸ
754 2752 918 2823 μέσον
960 2754 1269 2824 τυγχάνον.
1299 2756 1395 2809 καὶ
1444 2755 1561 2819 πῶς
1609 2754 1766 2809 τοῦτο

188 2848 361 2910 ποιεῖς
393 2845 575 2898 Πάλαι
599 2884 616 2911 ,
651 2846 837 2917 φησιν,
873 2847 900 2898 ό
932 2845 1060 2909 Θεὸς
1090 2847 1179 2900 διὰ
1222 2849 1518 2919 προφητῶν
1561 2847 1764 2912 ἐλάλει,

179 2939 280 2991 καὶ
302 2937 482 2992 ταῦτα
509 2939 985 3012 συνεσκιασμένως
1007 2958 1020 2974 ο
1049 2941 1205 2996 τοῦτο
1229 2941 1338 3011 γὰρ
1366 2940 1626 3012 σημαίνει
1666 2941 1727 2994 τὸ
1747 2979 1763 3005 ,

191 3029 546 3100 πολυμερῶς
570 3030 672 3085 καὶ
695 3033 1119 3102 πολυτρόπως-ο
1146 3034 1262 3086 νυνὶ
1285 3033 1342 3087 δὲ
1372 3034 1439 3087 δι’
1463 3034 1628 3088 αὐτοῦ
1669 3033 1764 3088 τοῦ

191 3124 352 3177 Υἰοῦ·
402 3122 552 3178 ὥστε
611 3124 864 3178 τοσοῦτον
893 3124 1166 3180 δείκνυται
1199 3127 1260 3180 τὸ
1300 3125 1485 3197 μέσον,
1525 3128 1648 3182 ὅσον
1677 3126 1766 3180 δε-

195 3217 390 3267 σπότου
426 3213 524 3267 καὶ
555 3212 780 3268 δούλων.
828 3214 1069 3280 Εἰκότως
1107 3217 1164 3270 δὲ
1193 3216 1346 3271 τοῦτο
1369 3219 1668 3289 πεποίηκεν
1707 3215 1766 3284 ἐξ

192 3305 382 3375 ἀρχῆς,
401 3304 501 3359 ἅτε
536 3305 612 3375 μὴ
636 3303 950 3378 χρηζόντων
982 3306 1092 3360 τῶν
1125 3307 1418 3372 Ἰουδαίων,
1448 3307 1637 3381 ὥσπερ
1655 3307 1765 3362 τῶν

195 3395 362 3450 ἄλλων
390 3394 587 3460 ἐθνῶν,
609 3396 920 3466 εἰσαγωγῆς
942 3403 1341 3471 πνευματικῆς,
1363 3400 1485 3472 ἣτις
1510 3401 1568 3453 ὲν
1586 3417 1766 3472 προοι-

1939 2195 2108 2256 Vens.
2141 2196 2193 2262 ι,
2222 2195 2277 2250 2.
2314 2212 2333 2247 ι
2372 2191 2730 2249 Multifariam
2765 2194 3069 2264 multisque
3097 2193 3276 2252 modis
3310 2196 3438 2254 olim

1866 2285 2013 2345 Deus
2069 2289 2306 2360 loquens
2367 2285 2619 2356 patribus
2670 2286 2726 2340 in
2780 2287 3081 2358 prophetis,
3123 2289 3443 2345 novissime

1866 2379 2061 2434 diebus
2101 2377 2228 2434 istis
2258 2376 2478 2432 locutus
2508 2383 2594 2431 est
2623 2375 2782 2430 nobis
2809 2377 2864 2429 in
2893 2374 3055 2432 Filio.
3090 2396 3119 2430 Ἰ

1938 2469 2077 2526 Vide
2111 2486 2228 2542 quo-
2250 2481 2435 2543 pacto,
2488 2469 2876 2540 praetermissis
2905 2486 3027 2540 quae
3059 2471 3118 2526 in
3153 2472 3441 2544 principiis

1866 2562 2248 2634 epistolarum.
2267 2579 2494 2618 suarum
2545 2561 2767 2633 prazfari
2813 2573 3199 2630 consueverat,
3253 2566 3438 2621 statim

1867 2658 1934 2712 ad
1963 2657 2073 2710 alta
2097 2655 2485 2728 mysteriorum
2512 2655 2816 2720 contendit,
2849 2665 2907 2708 ut
2936 2654 3188 2710 ostendat
3221 2656 3441 2712 institu-

1868 2749 2072 2805 tionem
2127 2747 2497 2819 evangelicam
2560 2749 2725 2819 longo
2796 2748 3086 2803 intervallo
3137 2749 3344 2807 distare
3409 2767 3438 2806 a

1869 2845 2060 2917 legali.
2091 2842 2209 2911 Qua
2241 2857 2369 2898 vero
2402 2841 2617 2896 ratione
2648 2842 2700 2898 id
2739 2843 3003 2912 praestat?
3032 2842 3200 2909 Olim,
3240 2844 3439 2914 inquit,

1867 2938 2010 2993 Deus
2040 2934 2366 3006 loquebatur
2414 2949 2511 3005 per
2550 2935 2863 3006 prophetas,
2904 2935 3067 3006 idque
3108 2937 3342 2992 obscure
3384 2947 3441 2992 et

1870 3029 2176 3085 umbratice
2211 3028 2339 3100 (hoc
2381 3027 2529 3083 enim
2582 3027 2893 3099 signiﬁcant
2924 3029 3031 3084 illa:
3069 3044 3230 3085 voces
3262 3031 3440 3084 multi-

1867 3123 2069 3194 fariam
2122 3123 2403 3194 multisque
2439 3120 2663 3192 modis);
2697 3137 2845 3176 nunc
2871 3114 3050 3178 autem
3107 3125 3322 3181 locutus
3353 3134 3439 3181 est

1869 3232 1965 3289 per
1998 3216 2297 3285 ipsummet
2326 3212 2562 3268 Filium:
2595 3213 2689 3268 ubi
2730 3214 3070 3270 tantumdem
3101 3216 3439 3275 discriminis

1866 3305 2139 3375 occurrit,
2166 3312 2432 3377 quantum
2461 3304 2603 3360 inter
2629 3306 2819 3360 herum
2851 3316 2905 3362 et
2931 3321 3140 3364 servos.
3174 3308 3440 3366 Consulto

1869 3406 2053 3454 autem
2098 3397 2200 3452 hoc
2229 3395 2358 3452 fecit
2388 3395 2647 3466 Epistulae
2678 3395 2857 3459 initio,
2893 3397 3095 3468 quippe
3120 3413 3245 3453 cum
3277 3398 3442 3470 spiri-

194 3489 333 3558 μίοις
373 3489 697 3560 ᾠκονόμητο
736 3489 920 3560 πάσης
955 3468 1396 3562 ἐπιστολῆς,δώ⁷
1419 3492 1496 3558 ὡς
1538 3468 1762 3564 ἐπι-στή-

1880 3491 2007 3547 tuali
2045 3490 2280 3561 quadam
2317 3487 2743 3552 introductioue,
2783 3488 2933 3558 quali
2969 3488 3024 3543 in
3053 3489 3285 3544 aliarum
3310 3468 3440 3547 om-

195 3597 315 3650 μοσι
355 3579 456 3634 τοῦ
489 3581 654 3652 νόμου
685 3578 744 3647 ἐξ
770 3581 936 3636 αὑτοῦ
965 3582 1060 3637 τοῦ
1084 3583 1280 3653 βάθους
1304 3585 1414 3641 τῶν
1453 3585 1768 3659 μυστηρίων

192 3687 438 3727 απτεται.

1871 3585 2022 3640 nium
2036 3579 2276 3639 exordiis
2291 3579 2547 3634 utendum
2566 3586 2878 3643 censuerat,
2896 3576 2925 3632 J
2935 3579 3069 3635 udai
3093 3595 3439 3653 nequaquam

1871 3692 2011 3748 opus
2049 3675 2342 3735 habebant,
2371 3670 2531 3739 227
2564 3669 3024 3739 quemadmodum
3062 3683 3256 3744 gentes
3294 3675 3437 3733 aliae.

194 3759 464 3826 Quocirca
525 3768 785 3833 tanquam
842 3777 939 3820 eos
1000 3765 1394 3836 alloqueretur,
1444 3771 1540 3841 qui
1596 3772 1758 3845 periti
1831 3776 2020 3830 essent
2065 3766 2226 3836 legis,
2284 3762 2676 3833 mysteriorum
2727 3761 2915 3816 statim
3007 3751 3437 3838 profunditatem

189 3864 448 3926 occupat.

267 3972 288 4004 ι
333 3955 430 4008 ’ον
466 3953 663 4024 ἔθηκεν
689 3955 1027 4032 κληρονόμον
1057 3961 1294 4030 πάντων,
1323 3962 1391 4016 δι’
1420 3956 1480 4018 οὗ
1515 3965 1609 4019 καὶ
1637 3967 1761 4031 τοὺς

197 4044 393 4109 αἰῶνας
420 4045 700 4117 εποίησεν.
727 4064 746 4098 ›

261 4136 447 4190 Εἰπὼν
480 4134 728 4207 περὶτοῦ
767 4137 925 4201 Υἱοῦ,
952 4137 1114 4203 εὐθὺς
1133 4140 1409 4196 ἐκτίθεται
1443 4143 1502 4198 τὸ
1547 4149 1758 4220 μυστή-

200 4244 327 4298 ριον,
354 4228 452 4282 τὸν
485 4229 647 4282 αὑτὸν
677 4229 807 4283 Θεὸν
841 4233 932 4285 καὶ
961 4233 1248 4306 ἄνθρωπον
1275 4239 1601 4306 ἐπιδεικνύς.
1635 4245 1758 4309 Πῶς

197 4319 475 4375 δὲοτοῦτο
513 4323 690 4388 ποιεῖς
733 4323 992 4390 Ἐθηκεν
1033 4325 1238 4395 αὐτὸν,
1270 4331 1422 4399 φησι,
1465 4336 1757 4402 κληρονό-

193 4429 306 4481 μον
353 4413 625 4468 πάντων
667 4413 843 4486 δηλῶν
873 4414 931 4468 δὲ
961 4417 1042 4471 ὅτι
1092 4419 1202 4475 τῶν
1256 4421 1446 4492 ἐθνῶν,
1496 4429 1640 4482 κατὰ
1675 4429 1757 4483 τό·

200 4505 447 4574 Δίτησαι
479 4507 614 4578 παρ’
646 4507 812 4577 ἐμοῦ,
839 4511 939 4564 καὶ
964 4509 1138 4567 δώσω
1170 4529 1270 4570 σοι
1296 4516 1438 4588 ἔθνη
1470 4523 1585 4591 τὴν
1613 4527 1760 4593 x11;-

196 4599 478 4687 ρονομίαν
505 4615 641 4654 σου.
670 4600 808 4665 Πότε
834 4601 891 4655 δὲ
918 4603 1159 4671 τίθεται,
1189 4607 1218 4679 ἢ
1253 4609 1340 4665 ὅτι
1376 4613 1589 4684 εἴρηται
1628 4617 1764 4687 πρὸς

1945 3985 1964 4020 ι
2000 3964 2170 4031 Quem
2211 3959 2500 4018 constituit
2546 3956 2820 4013 liaaredem
2884 3958 3304 4026 universorum,
3341 3975 3440 4033 per

1868 4075 2031 4133 quem
2060 4059 2186 4115 fecit
2217 4066 2269 4113 et
2297 4055 2519 4110 srecula.
2557 4071 2576 4105 ι

1938 4148 2236 4219 Postquam
2295 4145 2493 4199 Filium
2542 4141 2875 4207 nominavit,
2938 4155 3061 4196 mox
3118 4143 3437 4215 mysterium

1861 4241 2106 4313 exponit,
2136 4237 2495 4294 monstrando
2525 4236 2673 4291 hunc
2700 4235 2880 4306 ipsum
2905 4277 2920 4300 ,
2968 4243 3023 4290 et
3071 4233 3237 4290 Deum
3271 4238 3438 4292 simul

1863 4343 1918 4390 et
1944 4333 2224 4388 hominem
2261 4346 2402 4386 esse.
2434 4327 2726 4395 Quomodo
2773 4342 2902 4382 vero
2936 4327 3121 4382 istud?
3151 4327 3435 4383 Constituit

1861 4448 2002 4496 eum,
2028 4430 2231 4500 inquit,
2261 4426 2518 4481 heredem
2561 4427 2964 4490 universorum;
3000 4425 3246 4496 gentium
3285 4426 3437 4481 vide-

1868 4523 2018 4588 licet,
2048 4519 2352 4576 secundum
2385 4518 2516 4572 illud
2555 4534 2568 4568 :
2607 4515 2830 4569 Postula
2873 4532 2906 4568 a
2938 4531 3038 4577 me,
3075 4525 3123 4568 et
3154 4515 3290 4569 dabo
3340 4517 3434 4570 tibi

1868 4625 2045 4688 gentes
2082 4613 2442 4669 hereditatem
2463 4611 2530 4665 ⁸⁸.
2556 4608 2914 4675 Quandonam
2948 4622 3076 4662 vero
3097 4609 3434 4666 constitutus

201 4685 375 4741 αὐτόν’
423 4689 569 4759 Ἐγὼ
591 4691 855 4762 σήμερον
905 4696 1234 4767 γεγέννηκά
1270 4716 1384 4768 σε;
1411 4705 1581 4760 Τοῦτο
1603 4685 1762 4773 δεθείς

1880 4685 1967 4769 ist,
2009 4705 2112 4759 nisi
2157 4701 2378 4774 quando
2407 4701 2619 4755 dictum
2661 4709 2744 4752 est
2791 4698 2885 4752 ei:
2936 4695 3045 4766 Ego
3095 4697 3246 4752 hodie
3281 4704 3432 4768 genui

202 4777 286 4832 τὸν
319 4781 508 4851 καιρὸν
541 4776 638 4851 τῆς
669 4787 984 4855 οίκονομίας
1014 4790 1350 4850 ἀπετείνετο.
1389 4795 1525 4849 Ἀλλ’
1579 4790 1756 4865 οὗτος,

1871 4806 1916 4851 te
1941 4797 1980 4827 ⁸¹
2002 4797 2025 4849 ?
2049 4793 2163 4849 lloc
2193 4801 2375 4846 autem
2409 4790 2475 4844 ad
2525 4796 2738 4857 tempus
2773 4786 3199 4856 dispensationis
3241 4800 3435 4844 exten-

203 4871 309 4924 ὁτὰ
339 4871 465 4942 ἔθνη
501 4876 580 4937 είς
607 4873 808 4945 κλῆρον
841 4878 1156 4950 δεξάμενος,
1203 4885 1365 4951 αὑτός
1401 4890 1570 4953 ἐστιν,
1598 4890 1665 4946 δι’
1703 4885 1762 4946 οὗ

1880 4890 1996 4945 icrc
2031 4887 2220 4942 voluit.
2256 4885 2324 4938 At
2361 4883 2450 4938 ille
2473 4882 2564 4951 qui
2600 4886 2790 4951 gentes
2815 4881 3030 4952 accepit
3055 4879 3110 4934 in
3139 4881 3434 4938 haeredita-

204 4959 320 5052 τοὺς
368 4961 569 5026 αἰῶνας
624 4964 882 5036 εποίησεν
919 4969 946 5022 ὁ
976 4971 1186 5044 Πατήρ.
1215 4965 1318 5026 Ὧν
1342 4976 1452 5047 γὰρ
1506 4973 1619 5049 εἶχε
1668 4979 1762 5052 τὴν

1880 4999 1998 5047 ,em,
2051 4981 2167 5050 ipse
2213 4984 2297 5033 est
2353 4990 2450 5046 per
2500 4987 2663 5043 quem
2715 4971 2918 5027 saecula
2971 4971 3212 5028 condidit
3251 4973 3430 5028 Pater.

204 5048 507 5106 δεσποτείαν
543 5053 676 5108 καθὸ
719 5056 851 5121 Θεὸς
891 5059 1102 5128 Λόγος,
1157 5063 1361 5119 τούτων
1414 5048 1628 5137 λέγεται
1675 5048 1762 5126 τόν

1880 5048 2104 5140 μοι-ηιξ]
2138 5070 2284 5125 enim
2315 5066 2658 5121 dominatum
2697 5064 2936 5128 tenebat,
2969 5071 3244 5133 quatenus
3289 5063 3437 5120 Deus

209 5143 395 5214 κλῆρον
423 5144 626 5212 λαϐεῖν,
658 5149 791 5203 καθὸ
833 5153 1072 5220 γεγονὼς
1131 5156 1413 5229 ἄνθρωπος
1453 5178 1464 5189 ·
1501 5161 1766 5232 ὑπέταξεν

206 5237 266 5304 τῇ
291 5237 367 5300 είς
394 5239 554 5293 αὑτὸν
583 5241 762 5295 πίστει
790 5243 967 5298 πάντα
1002 5247 1069 5300 τὰ
1103 5247 1252 5320 ἔθνη.

276 5434 296 5470 t
333 5420 425 5485 ὐς
452 5421 524 5475 ὢν
551 5423 896 5495 ἀπαύγασμα
950 5429 1050 5497 τῆς
1106 5428 1281 5499 δόξης,
1323 5432 1418 5484 καὶ
1472 5435 1759 5506 χαρακτὴρ

211 5504 301 5576 τῆς
332 5510 674 5579 ὑποστάσεως
714 5517 900 5582 αὐτοῦ,
954 5522 1132 5590 φέρων
1163 5539 1220 5576 τε
1249 5523 1314 5578 τὰ
1342 5527 1518 5580 πάντα
1549 5527 1625 5598 τῷ
1655 5529 1755 5600 ρη-

263 5624 305 5656 ⁸⁶
349 5626 490 5684 Psal.
517 5648 574 5697 ιι,
606 5632 661 5686 8.
741 5635 783 5665 ⁸¹
825 5636 953 5690 ibid.
987 5637 1040 5694 ’7.

1868 5166 2100 5221 Verbum
2121 5172 2262 5227 erat,
2293 5161 2488 5215 borum
2515 5156 2884 5211 haereditatem
2921 5156 3171 5226 accipere
3197 5157 3429 5224 dicitur,

1863 5273 1970 5328 qua
2002 5256 2185 5310 iactus
2214 5264 2297 5309 est
2328 5254 2492 5307 homo
2516 5273 2527 5305 z
2555 5259 2740 5321 gentes
2775 5249 3065 5305 universas
3091 5249 3346 5322 subjecit,
3373 5264 3434 5311 ut

1868 5349 1921 5403 in
1946 5349 2124 5418 ipsum
2152 5345 2312 5399 fidem
2338 5343 2625 5398 baberent.

1939 5435 2108 5491 Vens.
2162 5435 2215 5490 3.
2275 5451 2295 5484 ‹
2357 5429 2460 5496 Qui
2511 5443 2634 5483 cum
2697 5426 2772 5483 sit
2832 5427 3089 5498 splendor
3142 5427 3328 5500 gloriae
3379 5437 3438 5483 et

1866 5527 2041 5597 ﬁgura
2088 5521 2407 5581 substantiae
2443 5518 2588 5590 ejus,
2635 5526 2859 5588 portans
2889 5517 3072 5573 omnia
3107 5517 3275 5574 verbo
3323 5516 3433 5576 vir-

1442 5734 1675 5790 VARl/E
1718 5734 2116 5791 LECTIONES.

278 5817 304 5849 ⁸
329 5813 580 5886 Emendo,
612 5820 702 5884 δή.
