3928 6264
448 357 555 425 935
1647 360 1708 421 S.
1737 358 1980 431 δῡΑΝΝ
1984 358 2057 419 IS
2095 358 2524 420 DAMASCENI
2552 348 2564 377 ‘
3599 353 3709 422 936

522 464 686 521 Vnus.
724 464 810 521 l5.
848 485 865 517 ι
905 467 981 521 Ad
1025 482 1187 538 quem
1225 468 1370 523 enim
1401 467 1721 541 angelorum
1756 468 1895 526 dixit
1924 470 2009 524 alii

2219 490 2237 523 ι
2272 470 2415 542 Πρὸς
2469 471 2595 525 τίνα
2622 470 2679 524 δὲ
2707 468 2815 524 τῶν
2864 470 3120 539 ’ἀγγέλων
3168 467 3359 542 εἴρηκὲ
3408 487 3569 524 ποτε*
3605 473 3710 528 Κά-

448 556 667 626 qnando
699 575 714 612 :
749 556 892 612 Sede
925 573 955 612 a
990 556 1203 614 dextris
1235 560 1393 623 meis,
1422 559 1601 616 donec
1628 574 1831 629 ponam
1861 559 2009 617 inimi

2138 564 2230 616 θου
2267 562 2335 615 ἐκ
2362 560 2556 628 δεξιῶν
2621 578 2749 635 μου,
2797 561 2904 626 ἕως
2957 561 3022 615 ἂν
3062 560 3139 615 θῶ
3170 561 3297 625 τοὺς
3342 560 3573 633 ἐχθρούς
3622 580 3711 616 σου

446 663 543 705 cos
572 659 699 704 tuos
742 650 1043 705 scabellum
1082 655 1278 721 pedum
1312 653 1578 707 tuorum?
1616 670 1635 705 ι

2140 654 2429 710 ὑποπόδιον
2459 654 2569 709 τῶν
2606 654 2780 710 ποδῶν
2806 672 2933 721 σου;
2966 674 2985 707 ι

516 741 740 807 lterum,
784 743 927 807 sede,
950 743 1166 796 dictum
1202 750 1309 809 est,
1346 752 1569 815 propter
1600 743 2009 815 dispensationi

2206 748 2377 803 Πάλιν
2408 747 2490 814 τδ,
2526 747 2734 814 κάθου,
2768 747 2856 803 διὰ
2885 750 2944 803 sb
2975 748 3075 821 τῆς
3125 747 3443 818 οἰκονομίας
3505 750 3714 820 μυστή-

447 835 761 908 mysterium
787 875 800 900 ,
884 842 940 888 ut
970 835 1243 890 discamus
1281 852 1406 892 eum
1437 837 1531 907 qui
1561 838 1803 909 seipsnm
1855 834 2007 892 humi

2138 855 2255 912 ριον
2309 838 2583 904 λέλεκται,
2632 838 2721 893 ἴνα
2776 838 3060 910 μάθωμεν,
3092 839 3170 903 ὡς
3203 840 3301 894 καὶ
3361 837 3712 903 ταπεινώσας

446 926 623 994 liavit,
649 939 703 982 et
726 925 908 983 iactus
938 928 1103 983 homo
1135 940 1239 996 est,
1268 930 1499 1001 perinde
1516 930 1697 987 Deum
1726 946 1870 1000 esse,
1896 943 1949 989 et
1978 932 2009 988 it

2138 928 2349 995 ἑαυτὸν,
2381 930 2477 985 καὶ
2507 930 2799 1001 γενόμενος
2835 926 3143 1001 ἄνθρωπος,
3178 931 3344 986 πάλιν
3392 930 3514 985 ἐστὶ
3551 928 3713 994 θεὸς,

447 1016 887 1072 sublimitatibus
918 1019 1033 1074 suis
1061 1033 1241 1091 agere.

2138 1022 2229 1076 καὶ
2264 1023 2324 1075 ὲν
2342 1023 2458 1085 τοῖς
2484 1021 2711 1085 οἰκείοις
2745 1020 3059 1093 ὑψώμασιν.

519 1106 685 1164 Vnus.
745 1108 831 1163 14.
888 1127 907 1161 ι
942 1109 1137 1166 Nonne
1164 1126 1358 1167 omnes
1397 1120 1525 1168 sunt
1577 1112 2009 1170 administratori

2208 1133 2229 1169 ι
2269 1112 2405 1185 Οὐχὶ
2443 1114 2647 1177 πάντες
2696 1113 2809 1167 sint
2860 1112 3211 1185 λειτουργικὰ
3259 1113 3575 1187 πνεύματα,
3633 1114 3715 1181 είς

447 1200 696 1269 spiritus,
753 1204 809 1256 in
861 1201 1230 1258 ministerium
1280 1203 1439 1261 missi
1505 1215 1737 1277 propter
1785 1220 1887 1262 eos
1939 1221 2009 1277 qu

2138 1205 2411 1260 διακονίαν
2431 1205 2896 1277 ἀποστελλόμενα,
2922 1206 3010 1261 διὰ
3033 1206 3164 1273 τοὺς
3193 1207 3491 1279 μέλλοντας
3517 1206 3714 1280 κληρο-

448 1290 825 1346 haereditatem
858 1293 1085 1363 capient
1110 1293 1349 1348 salutis?
1382 1312 1402 1348 ι

2138 1299 2318 1369 νομεῖν
2353 1298 2625 1370 σωτηρίαν
2644 1315 2693 1367 ;αι

516 1382 718 1453 Aspice
747 1390 957 1452 quanta
1010 1384 1156 1439 inter
1206 1384 1385 1454 ipsum
1443 1394 1608 1456 atque
1661 1385 1917 1457 angelum
1948 1385 2009 1442 di

2218 1390 2360 1462 Ὅρα
2386 1393 2552 1445 πόσον
2615 1391 2748 1463 πρὸς
2790 1389 2952 1445 αὐτὸν
3006 1390 3117 1444 τῶν
3161 1387 3409 1460 ἀγγέλων
3431 1389 3495 1444 τὸ
3526 1391 3713 1461 μέσον,

448 1477 655 1532 stantia
694 1486 803 1542 est,
849 1478 1072 1549 quando
1116 1477 1374 1533 nimirum
1414 1480 1507 1535 ille
1551 1479 1776 1551 quidem
1811 1495 2009 1536 sursun

2138 1483 2269 1537 ὅπου
2327 1500 2414 1553 γε,
2441 1485 2470 1537 6
2497 1482 2599 1555 μὲν
2652 1483 2889 1555 κάθηται
2957 1484 3069 1539 ἀνω
3098 1525 3113 1551 ,
3132 1484 3183 1537 οι
3206 1483 3273 1537 δὲ
3301 1482 3715 1555 λειτουργοῦσιν

448 1567 633 1634 δεύει,
672 1570 728 1623 lii
762 1586 888 1625 vero
922 1569 1063 1624 infra
1105 1571 1425 1626 ministrant
1478 1571 1611 1645 ipsi.
1665 1572 1803 1627 Dum
1848 1581 2009 1627 auten

2138 1572 2283 1645 αὐτῷ
2331 1572 2503 1631 κάτω.
2536 1573 2691 1646 Ἅμα
2729 1572 2787 1627 δὲ
2815 1574 2895 1635 εἰς
2954 1572 3231 1626 διακονίαν
3279 1570 3713 1626 ἀποστέλλεσθαι

447 1664 676 1731 angelos
722 1664 789 1717 ad
839 1662 1266 1719 ministrantium
1298 1678 1419 1719 esse
1462 1667 1663 1721 missos
1692 1665 1850 1732 dixit,
1887 1664 2009 1721 rem

2138 1667 2257 1730 τοὺς
2290 1665 2562 1734 ἀγγέλους
2619 1666 2812 1733 εἰπὼν,
2870 1664 3209 1736 ἀνεκτήσατο
3233 1663 3361 1729 τοὺς
3404 1663 3715 1737 ἀπειρηκόα

443 1758 643 1813 cillavit
697 1775 792 1814 eos
868 1760 960 1829 qui
1033 1758 1089 1813 in
1161 1759 1560 1817 tentationibus
1634 1761 1991 1817 conciderant

2138 1775 2230 1822 τας
2265 1759 2323 1813 ὲν
2353 1761 2467 1822 τοῖς
2518 1761 2869 1830 πειρασμοῖς,
2912 1757 2969 1811 εἴ
3000 1776 3063 1828 γε
3111 1758 3333 1829 ἄγγελοι
3380 1758 3563 1813 αὐτῶν
3622 1757 3714 1812 ἐπὶ

442 1852 646 1922 quippe
675 1868 801 1905 cum
834 1852 1010 1923 angeli
1044 1852 1111 1905 ad
1161 1852 1313 1922 ipsos
1353 1851 1661 1908 servandos
1710 1854 2004 1908 mittantur

2142 1851 2388 1923 σωτηρίᾳ
2440 1849 2882 1905 ἀποστέλλονται.
2911 1850 3033 1905 Ὅτι
3073 1850 3131 1904 δὲ
3179 1849 3513 1921 βαρηθέντες
3568 1845 3714 1924 ἦσαν

442 1939 599 2007 Quod
632 1949 811 1995 autem
842 1940 1245 1996 tentationibus
1275 1940 1567 1996 admodum
1612 1942 2009 2012 premebantur,

2138 1939 2342 2011 σφόδρα
2364 1942 2477 2004 τοῖς
2503 1943 2849 2014 πειρασμοῖς,
2878 1941 3040 2005 αὐτὸς
3070 1940 3129 1994 ἐν
3158 1945 3270 2008 τοῖς
3306 1938 3434 2014 ἑξῆς
3459 1941 3566 2011 τῆς
3592 1942 3713 1996 ἑπι-

442 2034 561 2102 ipse
587 2033 886 2087 declaravit
924 2032 978 2086 in
1006 2032 1265 2102 Epistolae
1290 2032 1434 2088 serie
1472 2031 1665 2088 dicens
1713 2050 1729 2090 :
1770 2029 2009 2087 Nondum

2138 2030 2331 2102 στολῆς
2362 2032 2657 2105 ἐδήλωσεν,
2707 2030 2878 2087 είπών
2898 2049 2917 2064 ·
2961 2033 3125 2087 οὕτω
3178 2034 3393 2103 μέχρις
3454 2034 3713 2104 αἵματος

442 2141 601 2189 usque
640 2123 709 2177 ad
742 2124 1052 2196 sanguinem
1086 2134 1304 2195 peccato
1341 2125 1636 2192 restitistis,
1686 2134 1732 2180 et
1769 2123 1890 2195 jam
1926 2127 2009 2181 de-

2138 2121 2281 2190 πρὸς
2306 2121 2422 2192 τὴν
2450 2122 2743 2195 ἁμαρτίαν
2797 2122 3269 2195 ἀπεκατέστητε
3317 2121 3420 2177 καί
3467 2122 3591 2194 ἤδη
3612 2124 3711 2180 ἐκ·

438 2214 663 2285 ﬁcimiui
690 2215 759 2270 ⁸⁸.

1098 2306 1257 2363 CAP.
1298 2306 1367 2363 ll.

513 2399 680 2457 Vens.
718 2401 769 2456 Ι.
812 2418 832 2453 ι
878 2398 1110 2471 Propter
1167 2398 1313 2470 quod
1370 2400 1743 2457 abundantius
1806 2409 2021 2473 oportet

438 2510 542 2550 nos
575 2495 871 2550 observare
899 2508 1020 2565 qua:
1072 2491 1420 2561 audivimus,
1468 2509 1536 2551 ne
1582 2493 1724 2551 forte
1774 2495 2021 2568 superet”-

437 2588 695 2643 iluamus.
736 2604 756 2640 ι

511 2679 736 2749 Propter
757 2678 917 2752 quod.
951 2678 1091 2747 Quid
1129 2678 1235 2734 hoc
1264 2685 1371 2746 est,
1406 2679 1511 2735 nisi
1550 2679 1776 2735 multum
1811 2680 2018 2737 distare

436 2770 668 2839 legalem
700 2772 769 2826 ab
795 2771 1111 2842 evangelica
1161 2771 1546 2827 institutione?
1581 2771 1803 2844 Hocque
1836 2775 2015 2829 mani-

437 2863 634 2919 festum
668 2864 724 2917 tit
746 2879 816 2919 ει
844 2865 1059 2920 ratione
1090 2878 1211 2934 quae
1242 2862 1558 2933 subjicitur.

506 2956 672 3012 Vsus.
696 2957 753 3023 2,
784 2957 841 3012 '5.
876 2975 895 3010 ι
934 2955 993 3011 Si
1023 2957 1171 3012 enim
1218 2956 1311 3027 qui
1343 2972 1439 3026 per
1462 2956 1687 3028 angelos
1716 2956 1897 3015 dictus
1930 2967 2016 3016 est

437 3062 641 3114 sermo,
676 3049 853 3104 factus
882 3057 967 3105 est
994 3048 1181 3104 ﬁrmus
1211 3088 1228 3116 ,
1258 3058 1314 3104 et
1349 3048 1529 3103 omnis
1561 3049 1934 3118 praevaricatio
1962 3062 2015 3109 et

435 3139 808 3194 inobedientia
864 3139 1073 3210 accepit
1120 3138 1331 3209 justam
1382 3139 1651 3194 mercedis
1696 3139 2013 3197 retributio-

433 3248 557 3287 nem
585 3235 898 3301 :quomodo
930 3248 1033 3289 nos
1068 3231 1417 3304 effugiemus,
1450 3230 1497 3288 si
1530 3238 1740 3285 tantam
1769 3232 2015 3305 neglexe-

437 3326 615 3379 rimus
652 3325 924 3381 salutem?
963 3334 985 3377 ι

504 3414 617 3471 Hoc
651 3424 825 3471 totum
858 3417 1199 3487 comparatio
1226 3425 1310 3473 est
1337 3435 1352 3472 :
1389 3431 1497 3487 qua
1529 3424 1709 3473 tamen
1740 3416 2013 3473 evincitur

435 3510 716 3580 graviores
755 3525 949 3580 poenas
986 3510 1368 3581 persoluturos
1395 3510 1489 3580 qui
1521 3508 1804 3580 Evangelii
1836 3511 2012 3581 legem

437 3600 791 3656 violaverim.
826 3599 963 3654 Nam
997 3604 1043 3655 si
1074 3601 1126 3657 id
1157 3600 1306 3671 quod
1334 3599 1567 3656 interius
1594 3608 1700 3666 est,
1747 3600 1795 3656 si
1845 3601 2013 3657 viole-

433 3700 544 3757 tur,
575 3708 732 3763 poena
777 3707 885 3749 non
918 3692 1111 3749 eximit
1140 3708 1235 3749 eos
1266 3707 1297 3748 a
1333 3693 1541 3764 quibus
1586 3694 2002 3763 pessumdatum

434 3785 575 3849 t‘uit;
606 3795 815 3854 quanto
838 3783 1051 3838 fortiori
1072 3783 1216 3853 jure,
1241 3784 1446 3838 violato
1462 3778 1608 3854 quod
1629 3792 1713 3838 cst
1737 3783 2013 3840 excellen-

433 3879 569 3942 tius,
602 3878 670 3931 ab
702 3878 905 3932 acerbo
936 3876 1211 3947 supplicio
1240 3892 1350 3931 non
1382 3877 1672 3942 eximatur,
1716 3877 1810 3947 qui
1872 3891 2013 3948 pra:-

432 3971 710 4025 varicator
760 3970 1070 4025 exstiterit?
1104 3968 1207 4025 Ubi
1238 3977 1419 4024 autem
1457 3970 1570 4031 ait,
1592 3971 1682 4040 qui
1722 3970 1898 4024 dictus
1931 3978 2009 4025 est

430 4078 523 4130 per
564 4062 804 4133 angelos,
838 4061 1117 4132 significat
1154 4062 1380 4133 angelos
1411 4060 1521 4117 Deo
1551 4062 1722 4133 legem
1765 4063 2012 4133 promul-

431 4155 583 4224 ganti
627 4154 923 4209 fanmlatos
962 4169 1106 4209 esse.

509 4268 526 4299 ι
570 4248 698 4314 Qua:
729 4264 853 4303 cum
886 4247 1105 4301 initium
1144 4247 1454 4318 accepisset
1474 4246 1727 4301 enarrari
1751 4262 1849 4318 per
1899 4246 2008 4301 Do-

431 4344 641 4395 minum
682 4342 749 4395 ab
777 4340 855 4394 eis
882 4339 971 4409 qui
1023 4340 1337 4405 audierunt,
1379 4340 1434 4394 in
1481 4354 1584 4394 nos
1614 4340 2005 4394 conﬁrmatum

430 4444 536 4501 est,
565 4432 758 4506 [Vnus
790 4429 847 4503 41
870 4438 1214 4486 contestaute
1242 4429 1351 4487 Deo
1393 4430 1565 4502 signis
1591 4470 1606 4497 ,
1629 4439 1685 4486 et
1710 4430 2005 4502 portentis,

429 4533 484 4579 ει
517 4524 683 4578 variis
714 4523 1033 4578 virtutibus.
1069 4542 1089 4574 ι

502 4615 978 4685 Comparationem
1030 4613 1207 4667 adhuc
1258 4612 1599 4684 exsequitur.
1668 4612 1756 4667 Ait
1819 4619 2004 4668 autem

430 4710 735 4765 doctrinam
780 4708 1150 4778 evangelicam
1204 4706 1493 4761 Dominum
1550 4721 1810 4762 exorsum
1856 4722 2003 4769 csse.

431 4810 541 4855 tum
604 4799 798 4854 deinde
853 4800 978 4853 illos
1035 4799 1129 4867 qui
1180 4814 1247 4852 cit
1294 4798 1525 4853 Domino
1580 4797 1899 4862 audierant,
1948 4799 2000 4851 in

429 4894 620 4947 eadem
656 4908 755 4946 nos
794 4892 1174 4952 confirmasse,
1212 4892 1319 4945 Deo
1354 4886 1577 4962 insuper
1624 4892 1998 4947 testimonium

432 4986 741 5056 adjiciente,
792 5000 888 5055 per
936 4984 1200 5037 miracula
1231 4998 1351 5054 quae
1390 4984 1780 5055 praedicatores
1817 4994 2005 5057 patra-

431 5090 655 5133 VCl'litll.

508 5187 525 5220 ι
565 5167 628 5221 Ει
681 5168 921 5237 Spiritus
958 5166 1133 5221 sancti
1176 5164 1668 5221 distributionibus
1700 5166 2006 5221 secundum

431 5277 588 5317 suam
635 5261 993 5315 voluntatem.
1034 5279 1054 5311 ι

500 5353 629 5416 Alii,
673 5353 874 5421 inquit,
909 5360 963 5406 et
992 5351 1081 5405 alii
1118 5352 1361 5422 Spiritus
1402 5358 1625 5406 sanctus
1659 5350 1862 5407 donum
1898 5349 2003 5403 lar-

432 5444 573 5514 gitus
595 5452 713 5507 est;
741 5444 829 5495 alii
852 5442 1067 5513 quidem
1100 5442 1463 5512 prophetiam,
1489 5440 1582 5494 alii
1602 5455 1732 5495 vero
1760 5440 1998 5512 linguas;

2126 2211 2419 2270 λέλυσθε.

2687 2308 2943 2364 ΚΕΦΔΛ.
2978 2304 3061 2365 B’.

2126 2450 2133 2458 ,
2199 2417 2219 2451 ι
2261 2399 2358 2453 Διὰ
2380 2400 2538 2455 τοῦτο
2566 2400 2648 2455 δεῖ
2677 2402 3081 2474 περισσοτέρως
3106 2404 3257 2475 ἡμᾶς
3279 2405 3573 2479 προσέχειν
3594 2403 3708 2472 τοῖς

2126 2488 2467 2561 ἀκουσθεῖσι,
2508 2494 2722 2563 μήποτε
2751 2493 3181 2568 παραρῤυῶμεν.
3209 2513 3230 2549 ι

2202 2670 2308 2725 Διὰ
2340 2672 2535 2729 τοῦτο.
2571 2673 2751 2742 Ποῖον,
2781 2674 2814 2746 ἢ
2839 2674 2902 2728 τὸ
2933 2674 3070 2729 πολὺ
3111 2672 3252 2732 εἶναι
3291 2674 3353 2732 τδ
3387 2678 3557 2749 μέσον
3606 2684 3705 2754 τῆς

2122 2780 2184 2817 τε
2216 2765 2452 2837 νομικῆς
2496 2766 2593 2820 καὶ
2628 2767 2992 2838 εὐαγγελικῆς
3044 2770 3363 2839 mittet“;
3390 2771 3506 2827 Καὶ
3542 2766 3705 2831 τοῦτο

2125 2861 2189 2912 ὲκ
2214 2858 2318 2931 τῆς
2338 2862 2690 2934 κατασκευῆς
2712 2861 2871 2934 δῆλον
2899 2863 3001 2935 τῆς
3029 2865 3457 2938 ἐπιφερομένης.

2202 2971 2223 3005 ε
2260 2953 2322 3009 Et
2357 2953 2467 3026 γὰρ
2490 2955 2519 3008 ὁ
2547 2955 2615 3009 δι’
2650 2955 2910 3029 ¹ἀγγέλων
2961 2954 3215 3029 λαληθεὶς
3272 2957 3434 3027 λόγος
3477 2958 3703 3029 δγὲνετο

2125 3044 2362 3116 βέϐαιος,
2392 3046 2488 3102 καὶ
2538 3048 2691 3103 πᾶσα
2748 3048 3063 3120 παράϐασις
3100 3050 3199 3105 καὶ
3252 3051 3517 3124 παρακοὴ
3572 3053 3701 3107 ἐλα-

2122 3134 2214 3190 ϐεν
2245 3135 2451 3193 ἔνδικον
2475 3139 2928 3210 μισθαποδοσίαν,
2961 3140 3079 3207 πῶς
3113 3142 3277 3214 ἡμεῖς
3316 3142 3701 3218 ἐκφευξόμεθα

2116 3227 2452 3297 τηλικαύτης
2486 3230 2861 3303 ἀμελήσαντες
2879 3230 3154 3306 σωτηρίας
3182 3249 3199 3301 ;
3233 3251 3255 3286 ι
3524 3231 3529 3234 ’

2193 3413 2489 3487 Σύγκρισις
2518 3414 2616 3486 μὲν
2644 3414 2704 3469 τδ
2727 3414 2869 3483 ὅλον,
2906 3418 3224 3491 κατασκευὴ
3257 3418 3318 3473 δὲ
3345 3419 3443 3477 τοῦ
3493 3419 3697 3494 μᾶλλον

2114 3507 2475 3577 τιμωρεῖσθαι
2528 3508 2656 3572 τοὺς
2706 3506 2802 3562 τὸν
2854 3508 3211 3579 εὐαγγελικδν
3245 3511 3695 3584 παραϐαίνοντας

2117 3597 2298 3668 νόμον.
2360 3598 2423 3651 Εἰ
2470 3599 2580 3671 γὰρ
2628 3598 2690 3651 τὸ
2728 3594 2913 3672 ἦττον,
2972 3602 3130 3671 φησι,
3191 3603 3695 3677 παραϐαινόμενον,

2116 3688 2216 3743 οὐκ
2270 3691 2651 3761 ἀτιμωρήτους
2697 3690 2762 3761 ἑᾷ
2816 3696 2945 3755 τοὺς
2996 3683 3479 3764 παραϐαίνοντας,
3544 3698 3698 3767 πόσῳ

2122 3781 2323 3852 μᾶλλον
2356 3782 2405 3835 εί
2429 3782 2490 3836 τὸ
2543 3784 2796 3855 κρεῖσσον
2826 3784 3194 3856 παραϐαθείη,
3235 3785 3337 3857 οὐχ
3393 3786 3698 3842 ὑπεύθυνον

2115 3873 2333 3928 κολάσει
2356 3875 2528 3946 πικρᾷ
2558 3874 2776 3945 ποιήσει
2800 3872 2891 3928 τὸν
2920 3874 3329 3946 παραδαίνοντα
3361 3892 3376 3941 ;
3413 3877 3491 3931 Τὸ
3532 3877 3591 3932 δὲ
3615 3877 3693 3931 δι’

2114 3965 2384 4031 ἀγγέλων
2421 3965 2729 4034 λαληθεὶς,
2797 3966 3075 4037 σημαίνει,
3101 3966 3177 4032 ὡς
3204 3967 3515 4041 ὑπηρέτουν
3574 3970 3695 4043 θεῷ

2116 4059 2335 4127 ἄγγελοι
2362 4057 2557 4113 διδόντι
2578 4058 2668 4112 τὸν
2701 4057 2886 4129 νόμον.

2191 4264 2211 4298 ι
2244 4246 2403 4329 Ἤτις
2432 4245 2605 4318 ἀρχὴν
2627 4242 2867 4299 λαϐοῦσα
2897 4242 3179 4299 λαλεῖσθαι
3209 4242 3300 4299 διὰ
3322 4244 3419 4299 τοῦ
3453 4246 3687 4320 Κυρίου,

2115 4337 2219 4392 ὑπὸ
2254 4338 2364 4391 τῶν
2392 4338 2739 4392 ἀκουσάντων
2765 4338 2845 4400 είς
2896 4336 3041 4406 ὑμᾶς
3080 4335 3411 4410 ἐϐεϐαιώθη,
3466 4356 3692 4394 συνεπι-

2116 4428 2521 4502 μαρτυροῦντος
2562 4428 2657 4481 τοῦ
2706 4424 2844 4481 Θεοῦ
2885 4426 3158 4499 σημείοις,
3188 4428 3282 4482 καὶ
3334 4429 3556 4501 τέρασι,
3598 4432 3691 4485 καὶ

2040 4553 2086 4609 D
2116 4517 2387 4578 ποικίλαις
2414 4514 2701 4587 δυνάμεσι,
2730 4535 2749 4569 ι

2197 4609 2317 4663 Ἔτι
2368 4607 2466 4680 τῆς
2513 4608 3077 4680 συγκρίσεωςὸλόγος
3113 4607 3251 4663 ἔστί.
3281 4608 3447 4678 Λέγει
3488 4608 3568 4677 δὲ,
3614 4611 3688 4676 ὡς

2111 4702 2212 4769 τῆς
2260 4698 2621 4769 εὺαγγελικῆς
2679 4698 3025 4761 διδασκαλίας
3057 4697 3317 4769 ὀΚύριος
3372 4699 3541 4763 αὐτὸς
3591 4702 3685 4773 ἥρ-

2112 4798 2237 4860 ξατο
2262 4811 2275 4825 ο
2309 4791 2426 4849 εἶτα
2456 4797 2504 4847 oi
2536 4794 2689 4847 αὐτοὶ
2734 4793 2826 4847 τοῦ
2882 4792 3090 4863 Κυρίου
3143 4791 3502 4858 ἀκούσαντες,
3542 4797 3684 4865 ἡμᾶς

2108 4890 2186 4951 είς
2219 4886 2423 4957 ταύτην
2452 4885 2805 4949 ἐϐεϐαίωσαν,
2837 4884 3447 4955 συνεπιμαρτυροῦντος
3502 4888 3679 4949 αὐτοῖς

2104 4978 2198 5031 τοῦ
2223 4977 2357 5030 Θεοῦ
2385 4976 2451 5029 δι’
2475 4974 2696 5029 ἐκείνων
2722 4974 2831 5027 τῶν
2861 4974 3178 5045 θαυμάτων,
3216 4966 3290 5027 ὧν
3317 4971 3675 5044 κηρύττοντες

2106 5068 2424 5123 ἐπετέλουν.

2183 5181 2200 5212 ι
2235 5162 2347 5214 Καὶ
2371 5159 2685 5231 ΙΙνεύματος
2712 5158 2867 5228 ἁγίου
2916 5161 3209 5230 μερισμοῖς
3263 5158 3405 5217 κατά
3461 5160 3557 5229 τὴν
3586 5157 3672 5211 αὒ-

2107 5254 2200 5307 τοῦ
2226 5253 2467 5322 θέλησιν.
2498 5270 2516 5303 ι

2181 5346 2394 5413 Ἀλλῳ,
2447 5345 2610 5416 φησὶ,
2671 5344 2871 5399 δέδωκε
2940 5344 3189 5415 χάρισμα.
3242 5338 3303 5396 εδ
3346 5342 3565 5413 Πνεῦμα
3609 5340 3663 5395 τὲ

2105 5440 2281 5508 ἅγιον,
2331 5436 2408 5508 τῷ
2445 5434 2544 5508 μὲν
2607 5432 2970 5505 προφητείαν,
3001 5434 3081 5505 τῷ
3112 5434 3169 5487 δὲ
3200 5432 3476 5504 γλῶσσρθ,
3514 5432 3587 5501 τῷ
3609 5431 3663 5483 δὲ

431 5536 807 5606 alterigratias
848 5537 1223 5605 sanationum,
1256 5535 1411 5591 alteri
1458 5534 1690 5590 alterum
1719 5534 1997 5606 quidpiam

2140 5533 2421 5605 αρίσματα
2488 5530 2752 5601 ἰαμάτων,
2811 5528 2956 5601 ἄλλῳ
3006 5526 3135 5604 ἀλλο
3156 5545 3207 5583 τι
3236 5526 3346 5607 τῶν
3400 5521 3659 5598 χαρισμά-

430 5630 726 5683 donorum;

471 5809 517 5842 ⁸⁸
558 5807 718 5861 Hebr.
770 5823 864 5871 xu,
907 5808 959 5862 4.

2106 5643 2229 5679 των.
