3928 6264
98 84 366 149 γῇ,

129 334 220 392 969

1222 342 1308 406 ΙΝ
1349 342 1592 407 EPIST.
1633 343 1735 404 AD
1767 337 2168 404 HEBRJEOS;

3261 338 3369 404 970

194 469 213 504 ι
249 446 602 524 Ὑπεράνωδὲ
633 446 808 522 αὐτῆς
827 445 1114 520 Χερουϐὶμ
1152 448 1336 522 δόξης,
1369 448 1680 530 κατασκιά-
1707 500 1714 516 ι

1855 446 2024 506 Vitas.
2047 447 2171 504 5-7.
2194 463 2215 502 ι
2240 443 2527 519 Superque
2545 459 2667 503 eam
2688 453 2848 502 erant
2863 443 3160 501 Cberubim
3187 445 3377 520 gloria:

126 541 270 608 ζοντα
291 541 348 594 τὺ
377 539 709 611 ἱλαστήριον.
752 557 771 592 ι

199 633 332 688 ’Δντὶ
347 631 465 697 τοῦ,
502 631 573 687 τὰ
597 630 811 698 ενδοξα.

188 744 206 778 ι
232 723 363 797 Περὶ
396 719 472 780 ὧν
495 725 602 781 οὐκ
634 721 754 782 εστι
795 725 892 781 νῦν
933 724 1119 798 λέγειν
1141 724 1286 782 κατά
1317 725 1508 798 μέρος.
1549 723 1690 780 Τοῦ·

123 832 221 874 των
251 815 305 872 δδ
333 816 480 873 οὕτω
497 817 1057 891 κατεσκευασμένων,
1092 821 1176 885 είς
1208 818 1309 890 μὶν
1329 817 1432 890 τὴν
1462 816 1692 890 πρώτην

127 905 313 979 σκηνὴν
337 908 422 960 διὰ
461 909 666 973 παντὸς
718 909 956 964 είσιασιν
998 910 1054 965 οι
1091 910 1284 984 ἱεροῖς,
1308 909 1410 975 τάς
1433 909 1691 982 λατρείας

127 997 505 1066 ἐπιτελοῦντες,
530 1003 610 1066 εις
643 1002 818 1075 δὲτὴν
837 1002 1098 1075 δευτφαν
1129 1021 1150 1058 ι

199 1091 282 1155 Ὠς
314 1091 527 1165 μακροῦ
554 1092 790 1164 δεόμενα
817 1092 980 1163 λόγου
1000 1133 1017 1150 .

195 1198 213 1234 ι
243 1180 426 1249 ’Δπαξ
443 1180 535 1236 τοῦ
555 1181 805 1238 ἐνιαυτοῦ
841 1182 1002 1256 μόνος
1042 1184 1071 1238 6
1101 1183 1418 1257 ἀρχιερεὺς,
1466 1186 1530 1241 ού
1569 1203 1686 1257 χω-

133 1277 208 1347 ρὶς
235 1273 486 1346 αἵματος,
512 1274 542 1330 δ
563 1277 864 1349 προσφέρει
891 1275 1033 1349 ὑπὲρ
1057 1276 1275 1344 ἑαυτοῦ,
1329 1278 1428 1332 καὶ
1453 1277 1564 1333 τῶν
1596 1278 1694 1333 τοῦ

129 1364 247 1421 λαοῦ
267 1368 652 1440 ἀγνοημάτων,
680 1368 842 1424 τοῦτο
881 1368 1172 1441 δηλοῦντος
1225 1368 1320 1424 τοῦ
1375 1370 1696 1444 Πνεύματος

132 1457 294 1528 ἀγιουι
325 1459 495 1530 μήπω
523 1476 543 1512 ι

193 1549 308 1606 Ἵνα
337 1550 412 1623 μὴ
433 1551 691 1622 λέγωσιν,
721 1553 806 1607 δτι
829 1551 954 1617 Πῶς
1003 1553 1104 1624 μία
1147 1553 1307 1608 θυσία
1344 1553 1702 1610 τετελείωκεν

133 1639 280 1708 είςτδ
333 1641 621 1715 διηνεκές;
658 1643 932 1700 δείκνυσιν
984 1645 1156 1716 αὐτὴν
1199 1647 1408 1702 ἀνωθεν
1457 1647 1569 1704 ἀπὸ
1604 1647 1698 1704 τοῦ

133 1733 421 1807 ἀρχιερέως
467 1740 994 1810 προτετυπωμένην.
1037 1737 1106 1792 Et
1156 1755 1222 1808 γε
1269 1739 1550 1816 ἀγιωτέρα
1605 1743 1700 1800 καὶ

137 1804 343 1901 φρικτὴ,
373 1829 475 1901 μία
517 1804 611 1902 ἦν,
666 1829 762 1886 καὶ
803 1804 977 1895 ἱιιῶςνό
1006 1804 1497 1905 ἀρχιερεὺςνᾶπαέ
1531 1852 1704 1910 προσ-
1736 1804 1778 1861 Β

135 1917 673 2088 ιφἶριῖεφανερῶσθαι
713 2017 815 2090 τὴν
862 2019 973 2075 τῶν
1024 2021 1201 2092 ἁγίων
1247 2022 1368 2078 ὁδὸν
1393 2063 1408 2090 ,
1456 2022 1541 2078 let
1603 2023 1704 2096 τῆς

137 2103 344 2180 πρώτης
383 2108 596 2182 σκηνῆς
646 2109 879 2185 ἀκούσης
940 2113 1154 2181 στάσιν,
1202 2115 1328 2189 ἥτις
1360 2114 1648 2190 παραδολὴ
1681 2135 1702 2169 ι

210 2289 619 2363 ’Δπεκρύπτετο
671 2293 946 2366 ἐνταῦθα,
1008 2299 1176 2372 φησὶν
1208 2344 1224 2369 ,
1277 2301 1314 2374 η
1367 2300 1612 2374 προτέρα
1655 2311 1708 2369 ς,

144 2383 312 2457 ἐπειδὴ
349 2385 523 2452 οὓτως
557 2387 878 2463 δνειστήκει
923 2392 1099 2466 αὐτῆς
1150 2396 1182 2449 6
1238 2395 1454 2469 καιρός.
1492 2392 1603 2451 Ἦν
1652 2396 1712 2452 δὲ

142 2470 349 2585 0616;:6
379 2479 478 2576 τῆς
511 2481 810 2554 ἀπιδημίας
831 2481 927 2538 τοῦ
969 2484 1235 2558 Χριστοῦ,
1263 2487 1329 2542 δι’
1357 2481 1422 2544 οὗ
1448 2488 1544 2544 καὶ
1576 2489 1712 2560 ἑφα-

146 2584 334 2623 νεοωυη
343 2610 357 2623 .

197 2567 340 2730 ius:
359 2665 448 2721 τὸν
480 2664 680 2738 καιρὸν
713 2666 802 2722 τὸν
824 2669 1182 2742 ἐνεστηκότα,
1213 2671 1338 2727 καθ’
1363 2671 1422 2726 ὃν
1454 2671 1605 2745 δῶρα
1650 2687 1716 2728 τε

147 2761 231 2812 καὶ
256 2758 429 2812 θυσίαι
454 2757 885 2831 προσφέρονται,
942 2759 1019 2832 μὴ
1067 2761 1347 2833 δυνάμενα
1388 2763 1534 2818 κατά
1584 2781 1714 2820 συν-

149 2847 334 2920 είδησιν
353 2849 645 2905 τελειῶσαι
676 2849 768 2906 τὸν
788 2849 1145 2924 λατρεύοντα.
1185 2872 1206 2907 ι

209 2939 514 3010 Tauris-rw,
535 2943 567 2997 6
592 2944 762 3008 τύπος
820 2944 1035 3014 γίγονε,
1078 2945 1204 3000 καθ’
1250 2945 1309 3003 δν
1339 2945 1492 3018 δῶρά
1523 2965 1584 3004 τε
1618 2949 1716 3005 καὶ

152 3031 315 3088 θυσίαι
339 3034 768 3106 προσφέρονται,
803 3035 882 3108 μὴ
909 3036 1208 3109 δυνάμεναι
1235 3040 1376 3096 κατά
1404 3042 1714 3116 συνείδησιν

151 3122 410 3182 τιλειῶσαι
437 3126 533 3184 τδν
559 3127 916 3200 λατρεύοντα.

212 3304 274 3358 Δί
303 3305 408 3377 γὰρ
437 3305 644 3372 θυσίαι,
671 3306 732 3360 ού
767 3306 861 3362 τὸν
885 3307 995 3362 ἀπὺ
1022 3307 1204 3381 ψυχῆς
1245 3309 1422 3383 ῥύπον
1455 3312 1714 3383 ἠφίεσαν,

156 3393 254 3449 ἀλλ’
277 3396 354 3453 ἔτι
384 3398 517 3470 περὶ
549 3397 713 3472 σῶμα
754 3394 920 3472 ἦσαν,
958 3401 1102 3456 κατά
1128 3402 1292 3475 νόμον
1318 3404 1596 3476 σαρκικῆς
1628 3405 1718 3458 ὲν-

158 3487 314 3562 τολῆς.
339 3491 414 3546 Οὐ
462 3491 576 3564 γὰρ
628 3490 696 3566 δὴ
722 3493 998 3567 μοιχείαν,
1050 3492 1147 3548 καὶ
1179 3494 1378 3568 φθόνον
1429 3495 1716 3570 06661590-

160 3581 326 3640 συλίαν
344 3584 564 3657 ἀφιέναι
583 3583 868 3656 ἠδύναντο.

221 3777 240 3813 ι
269 3759 445 3818 Μόνον
478 3760 576 3817 leti.
605 3757 884 3834 βρώμασι,
914 3761 1010 3821 καὶ
1040 3761 1270 3835 πόμασι.
1299 3765 1392 3819 καὶ
1440 3764 1720 3836 διαφόροις

166 3850 490 3927 βαπτισμοῖς.
530 3871 554 3908 s
600 3869 605 3874 '
673 3848 675 3850 ’

187 3945 506 4016 ιΔοκοῦντα,
535 3944 726 4020 φησιν,
755 3945 1044 4020 καθαίρειν
1076 3948 1178 4021 τὴν
1205 3946 1411 4022 σάρκα.

227 4055 247 4091 ι
272 4038 377 4095 Καὶ
397 4037 737 4112 δικαιώμασι
767 4039 992 4111 σαρκὸς,
1047 4040 1216 4113 μέχρι
1269 4041 1467 4115 καιροῦ
1495 4040 1724 4116 διορθῶ-

171 4140 286 4196 σεως
345 4126 694 4202 ιπικιίμένα.
726 4132 963 4206 Χριστὸς
1008 4132 1070 4187 δὲ
1115 4134 1562 4207 παραγινόμενος
1587 4137 1727 4213 ἀρχ-

174 4226 328 4297 ιερεὺς
349 4225 458 4282 τῶν
481 4224 785 4298 μελλόντων
809 4225 1052 4296 ἀγαθῶν,
1098 4245 1120 4280 ι

227 4317 837 4390 Καιρὸνδιορθώσεως,
858 4317 953 4375 τὸν
979 4319 1082 4392 τῆς
1102 4321 1410 4394 παρουσίας
1442 4321 1603 4378 καλεῖ
1629 4323 1726 4379 τοῦ

1790 541 2182 600 obumbrantia
2212 539 2685 614 propitiatorium.
2720 558 2740 590 ι

1862 631 1922 689 Id
1939 640 2044 700 est,
2077 632 2268 704 gloria:
2289 632 2475 705 plena.

1861 724 2027 799 πε
2053 744 2074 779 ε
2114 723 2194 781 De
2221 723 2428 797 quibus
2459 734 2572 778 non
2601 728 2690 778 est
2721 720 2886 778 modo
2932 719 3231 776 dicendum
3281 736 3378 791 per

1793 818 2037 892 singula.
2063 815 2166 875 His
2199 831 2334 874 vero
2367 817 2446 872 ita
2479 813 2826 886 compositis,
2856 814 2912 869 in
2954 813 3126 887 priori
3155 813 3377 886 quidem

1793 910 2159 972 taberuculo
2202 923 2423 981 semper
2485 907 2781 964 introeunt-
2831 906 3155 965 sacerdotes
3207 907 3380 963 oﬁicia

1793 1011 2253 1062 consummantes
2284 1021 2298 1057 :
2324 1005 2382 1058 in
2408 1001 2657 1060 secundo
2680 1008 2870 1058 autem
2906 1020 2925 1054 ι

1869 1096 1940 1155 Ut
1966 1112 2094 1171 quas
2127 1096 2417 1172 prolixiori
2450 1111 2711 1153 sermone
2738 1109 2881 1167 opus
2909 1095 3170 1152 habeam.

1873 1207 1893 1244 ι
1931 1189 2115 1246 Semel
2144 1190 2202 1244 in
2236 1201 2383 1244 anno
2440 1188 2594 1244 solus
2625 1187 2896 1258 pontifex,
2937 1202 3048 1244 non
3092 1186 3214 1244 sine
3252 1199 3385 1241 san—

1798 1282 1992 1356 guine,
2023 1296 2194 1353 quam
2236 1280 2397 1336 oﬁ‘ert
2426 1295 2528 1352 pro
2564 1296 2663 1336 sua
2697 1289 2754 1336 et
2790 1280 2974 1352 populi
3009 1280 3336 1353 ignorantiis
3367 1297 3382 1335 :

1799 1375 1993 1451 [Υιιε.
2026 1373 2088 1450 8]
2139 1375 2243 1430 hoc
2311 1373 2657 1448 signiﬁcante
2708 1374 2915 1446 Spiritu
2986 1381 3199 1442 sancto,
3247 1390 3386 1430 non-

1799 1471 1932 1528 dum
1957 1492 1978 1525 ι

1871 1560 1952 1619 Ne
1974 1562 2282 1635 obiicerem
2312 1580 2326 1617 :
2362 1561 2468 1630 Qui
2523 1560 2729 1618 factum
2785 1570 2872 1618 est
2909 1567 2971 1617 ut
3006 1576 3114 1617 una
3165 1561 3390 1616 victima

1803 1656 1860 1712 in
1896 1654 2298 1727 sempiternum
2329 1653 2801 1710 consummaverit
2822 1654 2847 1708 τ
2866 1653 3108 1710 ostendit
3131 1669 3249 1710 eam
3275 1654 3390 1725 jam

1806 1745 2018 1816 pridem
2053 1757 2086 1801 a
2122 1759 2346 1802 summo
2383 1744 2672 1800 sacerdote
2704 1758 2828 1800 esse
2864 1742 3177 1813 ﬁguratam.
3218 1741 3392 1809 Quin-

1810 1838 1921 1896 imo
1976 1837 2023 1895 si
2076 1837 2326 1896 sanctior
2360 1836 2452 1893 illa
2491 1847 2544 1892 et
2596 1835 2871 1892 terribilis
2905 1849 3014 1889 una
3056 1845 3195 1900 erat,
3225 1849 3392 1890 eccur

1809 1946 1841 1987 a
1871 1931 2134 2005 pontiﬁce
2162 1931 2332 1989 semel
2353 1928 2734 1989 oﬂerebatur?

1887 2041 1906 2078 ι
1943 2024 2292 2098 Propalatam
2321 2039 2444 2081 esse
2467 2030 2788 2082 sanctorum
2809 2021 2974 2089 viam,
3013 2019 3193 2078 adhuc
3213 2021 3397 2092 priore

1809 2115 2171 2172 tabernaculo
2222 2114 2462 2172 habente
2494 2123 2721 2182 statum,
2755 2111 2952 2188 [νεεδ.
2975 2111 3033 2185 9]
3058 2113 3202 2184 quod
3241 2129 3399 2185 para-
3506 2172 3508 2174 ,

1885 2208 1936 2263 la
1970 2213 2057 2264 est
2098 2225 2120 2262 ι

1885 2209 1936 2263 la
1970 2213 2057 2265 est
2098 2225 2120 2262 ι

1812 2209 1996 2357 hoIllic
2029 2300 2472 2358 abscondebatnr
2504 2299 2833 2366 secundum,
2856 2299 3061 2371 inquit,
3095 2300 3224 2371 quia
3265 2313 3401 2354 non-

1812 2392 1945 2448 dum
1968 2393 2090 2464 ejus
2123 2400 2342 2464 tempus
2373 2391 2566 2448 aderat
2593 2409 2608 2446 :
2641 2399 2862 2462 tempus
2901 2392 3094 2462 utique
3123 2392 3400 2449 adventus

1813 2484 2046 2553 Christi,
2080 2501 2180 2559 per
2210 2501 2376 2557 quem
2407 2485 2544 2540 illud
2575 2484 2926 2556 propalatum
2961 2483 3090 2540 fuit.

1891 2684 1912 2718 ε
1947 2663 2238 2736 Temporis
2292 2661 2577 2730 instantis,
2628 2662 2785 2733 juxta
2850 2663 2997 2734 quod
3058 2676 3288 2718 munera
3344 2670 3404 2719 et

1815 2758 2013 2817 hostia:
2063 2754 2395 2822 oﬂ‘eruntur,
2450 2768 2573 2826 qua:
2631 2769 2738 2810 non
2800 2761 3037 2825 possunt
3077 2754 3233 2826 juxta
3263 2769 3403 2811 con-

1817 2849 2106 2907 scientiam
2139 2846 2441 2921 perfectum
2475 2847 2661 2903 facere
2695 2847 3051 2904 servientem.
3088 2865 3107 2900 ι

1887 2938 2005 2996 lloc
2057 2947 2162 3006 est,
2232 2937 2405 3010 ﬁgura
2457 2935 2666 2992 factum
2717 2944 2825 3001 est,
2880 2935 3184 2994 secundum
3234 2951 3402 3009 quam

1818 3033 1963 3090 dona
2015 3040 2072 3089 et
2117 3030 2390 3089 sacriﬁcia
2423 3029 2822 3089 offerebantur.
2855 3043 2978 3100 quae
3023 3043 3134 3084 non
3177 3035 3408 3101 possent

1741 3149 1786 3210 ο
1818 3123 2125 3182 secundum
2179 3121 2583 3179 conscientiam
2661 3118 2966 3192 perfectum
3041 3119 3227 3177 facere
3281 3119 3406 3178 cui-

1819 3225 2020 3274 torem.

1887 3309 2144 3366 Victimae
2209 3307 2483 3380 siquidem
2548 3307 2829 3363 maculam
2905 3306 2978 3364 ab
3030 3307 3212 3364 anima
3293 3303 3407 3363 nan

1821 3404 2178 3473 auferebam;
2226 3403 2324 3461 sed
2360 3401 2542 3459 adhuc
2573 3402 2724 3458 circa
2765 3417 2970 3473 corpus
3012 3403 3405 3468 versabantur,

1819 3513 1923 3570 pro
1951 3498 2071 3565 lege
2117 3494 2367 3552 mandati
2407 3493 2674 3551 carnalis.
2712 3488 2930 3550 Etenim
2983 3510 3093 3552 non
3151 3501 3410 3566 poterant

1821 3588 2182 3656 adulterium,
2215 3587 2303 3645 vel
2357 3586 2743 3652 invidentiam,
2791 3586 2880 3643 vel
2914 3586 3266 3658 sacrilegium
3309 3602 3410 3642 ex-

1822 3698 1996 3758 piare.

1890 3795 1911 3832 ι
1947 3774 2306 3833 Solummodo
2329 3774 2388 3832 in
2423 3773 2589 3842 cibis,
2613 3773 2671 3829 in
2704 3773 3044 3845 potionibus,
3089 3771 3285 3846 Usus.
3317 3772 3409 3847 10]

1818 3879 1878 3928 ει
1897 3870 2068 3926 variis
2086 3868 2536 3941 baptismatibus.
2577 3885 2598 3920 ο

1897 3963 2031 4032 Quae
2066 3963 2423 4035 putabantur.
2458 3960 2664 4032 inquit,
2705 3975 2931 4016 carnem
2976 3960 3266 4019 mundare.

1905 4073 1925 4108 ι
1961 4054 2030 4109 Et
2058 4051 2555 4124 justiﬁcationibus
2607 4051 2818 4115 carnis,
2871 4068 3048 4124 usque
3079 4053 3146 4106 ad
3188 4061 3408 4122 tempus

1824 4145 2193 4206 correctionis
2225 4143 2506 4216 imposita.
2537 4140 2732 4218 [νεεδ.
2769 4141 2882 4214 11.]
2919 4142 3176 4200 Christus
3225 4154 3411 4200 autem

1827 4240 2097 4298 assistens
2127 4235 2370 4311 pontifex
2412 4236 2725 4292 futurorum
2765 4236 3060 4300 bonorum,
3104 4253 3124 4286 ι

1899 4325 2125 4397 Tempus
2179 4325 2564 4392 correctionis,
2612 4331 2836 4395 tempus
2880 4324 3154 4380 adventus
3199 4323 3408 4380 Christi

175 4405 405 4481 Χριστοῦ.
426 4409 596 4483 Λέγει
621 4405 718 4466 οὖν
753 4411 838 4466 δτι
871 4410 1126 4484 ὠφέλιμα
1153 4408 1222 4486 ἧν
1258 4413 1366 4486 πρὸ
1390 4415 1488 4470 τοῦ
1529 4417 1714 4490 καιροῦ

1841 4426 2135 4490 nuncupat.
2174 4418 2266 4471 Ait
2297 4431 2430 4488 ergo
2467 4416 2583 4470 hac
2613 4415 2826 4486 iuvisse
2873 4425 3001 4471 ante
3041 4425 3257 4485 tempus
3287 4430 3412 4470 cor-

172 4500 257 4573 τῆς
285 4504 642 4578 διορθώσεως,
666 4504 807 4578 μετά
831 4504 889 4559 δὲ
914 4506 1095 4562 ταῦτα
1125 4509 1406 4582 ἀνωφελῆ.

240 4611 259 4647 ι
289 4596 381 4652 Διά
425 4596 528 4670 τῆς
581 4596 829 4670 μείζονος
887 4597 984 4654 καὶ
1019 4599 1365 4672 τελειοτέρας
1408 4604 1642 4676 σκηνῆς,
1665 4605 1728 4660 ού

179 4689 556 4760 χειροποιήτου,
574 4689 855 4745 τουτέστιν
879 4689 943 4744 ού
977 4693 1180 4764 ταύτης
1212 4695 1312 4765 τῆς
1331 4695 1587 4760 κτίσεως,
1610 4697 1733 4752 οὐδὲ

184 4773 238 4826 δι’
274 4779 490 4850 αἵματος
510 4779 734 4854 τράγων
779 4779 879 4836 καὶ
933 4781 1176 4854 μόσχων,
1211 4784 1300 4838 διὰ
1326 4785 1386 4840 δὲ
1439 4786 1536 4841 τοῦ
1597 4789 1731 4842 ίδίου

185 4865 386 4937 αἵματος
406 4872 655 4947 εἰσῆλθεν
685 4875 910 4947 ἀφάπαξ
962 4877 1043 4942 εις
1074 4876 1145 4931 τὰ
1174 4878 1360 4946 Ἀγια,
1406 4878 1634 4934 αἰωνίαν
1649 4880 1733 4934 λύ-

190 4973 366 5029 τρωσιν
383 4967 703 5040 εὑράμενος.
734 4970 797 5024 Εί
826 4971 938 5044 γὰρ
963 4970 1022 5025 τὸ
1054 4967 1194 5042 αἷμα
1219 4971 1439 5045 ταύρων
1476 4973 1570 5028 καὶ
1598 4975 1733 5047 τράο

189 5067 302 5120 γων,
326 5058 412 5112 καί
437 5061 632 5126 σποδὸς
669 5061 961 5135 δαμάλεως
1004 5062 1336 5135 ῥαντίζουσα
1381 5067 1507 5131 τοὺς
1534 5086 1735 5124 νκεκοιο

191 5145 431 5216 νωμένους
452 5151 666 5224 ἁγιάζει
691 5155 830 5227 πρὸς
859 5155 960 5225 τὴν
986 5155 1088 5228 τῆς
1119 5155 1324 5228 σαρκὸς
1361 5157 1730 5233 καθαρότητα,

195 5235 324 5310 πόσῳ
346 5242 537 5309 μᾶλλον
564 5246 630 5301 τδ
659 5240 799 5319 αἷμα
836 5246 932 5302 τοῦ
957 5248 1220 5320 Χριστοῦ,
1257 5249 1318 5314 ὃς
1351 5250 1443 5305 διά
1484 5252 1734 5324 Πνεῦμα-

197 5342 271 5394 τος
313 5333 458 5403 ἁγίου
501 5339 692 5396 ἑαυτὸν
745 5341 1123 5413 προσήνεγκεν
1186 5343 1421 5416 ἄμωμον
1474 5344 1554 5416 τῷ
1589 5346 1731 5415 Θεῷ,

201 5421 423 5497 καθαριεῖ
450 5431 550 5504 τὴν
582 5433 888 5507 συνείδησιν
921 5435 1077 5507 ὑμῶν
1104 5437 1215 5492 ἀπὺ
1239 5439 1451 5512 νεκρῶν
1482 5440 1680 5512 ἔργων,
1711 5459 1730 5491 ι

1758 4495 1804 4556 υ
1833 4511 2129 4575 rectionis,
2159 4506 2392 4579 posthac
2410 4521 2542 4561 vero
2575 4505 2791 4561 inutilia
2815 4503 3006 4561 fuisse.

1911 4620 1931 4654 ι
1970 4600 2074 4657 Ρει·
2122 4599 2358 4671 amplius
2395 4606 2451 4656 et
2502 4596 2803 4668 perfectius
2830 4597 3250 4653 tabernaculum
3300 4612 3413 4652 non

1835 4695 2232 4758 manufactum,
2263 4691 2314 4747 id
2355 4698 2464 4755 est,
2497 4705 2608 4744 non
2650 4689 2817 4759 hujus
2847 4689 3177 4756 creationis;
3217 4687 3411 4762 [V’sns.

1839 4783 2032 4858 12-14]
2064 4798 2242 4855 neque
2306 4797 2402 4853 per
2441 4781 2766 4852 sanguinem
2799 4781 3095 4836 vitulorum
3136 4792 3189 4837 et
3234 4782 3417 4837 hirco.

1836 4893 1986 4943 rum,
2015 4877 2107 4932 sed
2146 4889 2246 4946 per
2277 4876 2559 4946 proprium
2586 4873 2905 4945 sanguinem
2959 4875 3208 4930 introivit
3251 4877 3417 4931 semel

1838 4970 1894 5026 in
1925 4969 2148 5036 Sancta,
2182 4977 2384 5024 aeterna
2440 4966 2818 5040 redemptione
2883 4969 3121 5024 inventa.
3183 4968 3238 5024 Si
3269 4968 3420 5026 enim

1840 5063 2068 5133 sanguis
2125 5062 2410 5116 hircorum
2460 5069 2517 5116 et
2567 5069 2882 5128 taurorum,
2945 5073 3000 5118 et
3047 5063 3191 5119 cinis
3235 5062 3421 5119 vitula

1841 5171 2128 5228 aspersus,
2159 5153 2479 5224 inquinatos
2509 5153 2818 5210 sanctiﬁcat
2862 5154 2928 5209 ad
2977 5154 3421 5210 emundalionem

1841 5249 2026 5307 carnis
2057 5267 2069 5304 :
2102 5258 2312 5321 quanto
2339 5247 2515 5321 magis
2536 5248 2763 5322 sanguis
2796 5247 3021 5314 Christi,
3051 5248 3144 5320 qui
3166 5263 3263 5318 per
3292 5246 3422 5319 Spi-

1844 5343 2012 5403 ritum
2037 5350 2292 5398 sanctum
2346 5343 2705 5412 semetipsum
2769 5340 2972 5402 obtulit
3028 5339 3422 5396 mmaculatum

1842 5434 1976 5501 Deo,
2011 5433 2332 5492 emundabit
2365 5434 2760 5492 conscientiam
2804 5440 3043 5491 vestram
3073 5433 3142 5489 ab
3161 5431 3424 5506 operibus

1849 5528 2105 5594 mortuis,
2148 5547 2167 5579 ι

1464 5703 1700 5761 VARIE
1742 5705 2154 5767 LECTIONES.

270 5784 293 5826 π
315 5784 534 5849 Omnino
563 5792 846 5866 legendum
874 5805 980 5865 est,
1010 5797 1265 5873 δευτέρα.

500 5884 767 5950 Ριτιιοι.
815 5888 934 5952 Gn.
982 5890 1166 5953 XCV.

3026 5899 3095 5964 31
