3880 6254
544 322 649 390 971

1757 328 1820 398 δ’.
1860 325 2130 393 JOANN]

2251 328 2650 394 lAMASCENI
3681 336 3766 402 9η

616 433 715 494 Vel
761 436 966 494 Christi
999 451 1221 493 carnem
1256 435 1383 493 istic
1419 435 1622 504 innuit,
1673 434 1759 491 vel
1787 433 2128 493 'Ecclesiam.

2305 438 2419 512 Τὴν
2450 441 2632 511 σάρκα
2664 439 3093 511 λέγει’ὲνταῦθα,
3129 441 3164 513 ἢ
3195 440 3295 514 τὴν
3337 437 3660 514 Ἐκκλησίαν.

621 548 641 583 ι
667 529 744 585 Ad
780 530 1130 587 serviendum
1159 528 1271 587 Deo
1305 528 1554 585 viventi?
1587 548 1604 582 ι

616 622 715 678 llic
746 622 994 678 notiﬁcat
1037 636 1178 692 eum
1226 621 1320 692 qui
1363 619 1601 675 mortuis
1633 618 1897 691 operibus
1919 625 2004 677 est
2030 617 2129 673 ad-

542 714 749 779 dictus,
778 714 904 770 vivo
938 720 994 769 et
1017 728 1150 770 vero
1185 726 1297 782 non
1324 728 1491 784 posse
1515 711 1753 768 servire.
1865 765 1868 768 λ

618 807 785 864 Vsus.
820 805 1006 865 15-18.
1040 824 1059 859 ι
1094 804 1163 880 Et
1189 804 1314 862 ideo
1341 806 1472 863 novi
1509 803 1826 862 testamenti
1858 802 2131 860 mediator

540 908 646 972 est,
672 906 754 964 ut,
780 908 956 952 morte
977 896 1374 960 intercedente,
1405 896 1460 951 in
1475 893 1910 968 redemptionem
1943 907 2130 949 earum

540 982 1094 1056 praevaricationum,
1152 997 1279 1054 quae
1334 990 1496 1038 erant
1554 980 1660 1037 sub
1734 979 1908 1051 priori
1958 987 2132 1036 testa-

541 1087 748 1143 mento,
774 1074 1263 1147 repromissionem
1303 1072 1599 1144 accipiant,
1627 1071 1724 1144 qui
1756 1072 1944 1128 vocati
1970 1078 2125 1138 sunt,

540 1177 758 1225 aeternas
795 1165 1159 1223 hmrcditatis.
1188 1163 1356 1237 246
1402 1162 1504 1220 Ubi
1526 1163 1672 1220 enim
1734 1169 2130 1219 testamentum

541 1270 648 1329 est,
690 1275 842 1317 mors
867 1275 1095 1317 necesse
1126 1267 1211 1314 est
1256 1258 1563 1313 intercedat
1595 1254 1906 1313 testatoris.
1935 1251 2133 1310 Testa-

542 1360 788 1412 mentum
818 1353 964 1410 enim
1003 1353 1058 1408 in
1080 1349 1316 1408 mortuis
1341 1350 1734 1407 conﬁrmatum
1757 1355 1842 1405 est
1862 1366 1890 1403 γε
1925 1345 2130 1419 alioqui

542 1464 653 1504 non
699 1447 866 1512 valet,
913 1447 1045 1502 dum
1085 1446 1222 1501 vivit
1277 1443 1373 1515 qui
1432 1451 1667 1501 testatus
1698 1447 1804 1497 est.
1841 1437 2001 1497 Unde
2028 1453 2131 1497 nec

543 1542 782 1612 primum
807 1537 1029 1608 quidem
1058 1537 1181 1593 sine
1196 1535 1466 1608 sanguine
1492 1554 1514 1588 ι

609 1631 755 1687 Fieri
781 1638 997 1703 poterat
1025 1637 1084 1686 ut
1107 1629 1376 1702 plerique,
1405 1628 1498 1700 qui
1549 1626 1886 1684 inﬁrmiores
1915 1630 2130 1694 essent,

543 1743 611 1782 ex
642 1741 709 1782 eo
729 1724 880 1796 quod
911 1723 1171 1780 Christus
1202 1729 1438 1778 mortem
1473 1721 1712 1788 obierat,
1746 1717 2133 1792 promissioni.-

2315 547 2334 583 ι
2368 530 2463 594 Είς
2482 531 2545 584 τὸ
2569 529 2854 603 λατρεύειν
2883 528 3003 603 Θεῷ
3035 530 3200 597 ζῶντι
3219 549 3286 599 ;-t

2318 621 2586 677 Ἐνταῦθα
2615 623 2896 695 ἐμφαίνει,
2930 624 3014 678 ὅτι
3036 623 3211 696 νεκρά
3232 624 3369 696 ἔργα
3395 623 3580 697 ἔχοντα
3605 628 3690 684 οὐκ
3707 631 3766 686 ἔνι

2236 716 2512 770 δουλεύειν
2544 714 2622 788 τῷ
2649 715 2813 780 ζῶντι
2839 716 2934 770 καὶ
2961 717 3238 788 ἀληθινῷ.

2296 803 2334 863 ,ἰ
2367 809 2479 863 Καὶ
2493 808 2584 864 διὰ
2609 807 2771 864 τοῦτο
2819 809 3090 882 διαθήκης
3142 809 3344 882 καινῆς
3386 813 3605 885 μεσίτης
3635 816 3766 883 ἐστὶν,

2237 900 2387 966 ὅπως
2415 899 2649 956 Θανάτου
2683 902 2978 974 γενομένου
3031 904 3114 967 είς
3150 903 3531 976 ἀπολύτρωσιν
3566 907 3662 960 τῶν
3699 911 3769 962 in!

2238 996 2303 1066 τῇ
2337 993 2530 1069 πρώτῃ
2558 994 2793 1068 διαθήκῃ
2812 996 3203 1068 παραϐάσεων,
3233 997 3333 1070 τὴν
3356 999 3674 1070 ἐπαγγελίαν
3700 1001 3770 1057 λάε

2240 1086 2409 1140 εωσιν
2439 1087 2490 1139 οί
2515 1088 2846 1160 κεκλημένοι
2876 1088 2977 1161 τῆς
3000 1088 3220 1143 αίωνίου
3249 1089 3769 1162 κληρονομίας.’οπον

2239 1176 2351 1248 γάρ
2387 1176 2647 1250 διαθήκη,
2681 1177 2913 1234 θάνατον
2946 1179 3164 1249 ἀνάγκη
3213 1179 3480 1252 φέρεσθαι
3509 1180 3596 1234 τοῦ
3629 1181 3771 1238 διαδε-

2241 1269 2429 1340 μένου.
2453 1271 2701 1344 Διαθὴκη
2729 1271 2834 1344 γὰρ
2865 1273 2959 1326 ἐπὶ
2977 1275 3192 1346 νεκροῖς
3218 1272 3435 1344 βεϐαία,
3460 1275 3578 1328 ἐπεὶ
3603 1276 3770 1348 μήποτε

2242 1363 2439 1437 ίσχύει,
2471 1366 2562 1419 ὅτε
2595 1365 2664 1440 ζῇ
2689 1368 2716 1421 ὁ
2741 1366 3081 1439 διαθέμενος.
3115 1367 3280 1423 Ὅθεν
3310 1367 3426 1423 οὐδ’
3453 1370 3488 1441 ὴ
3507 1368 3682 1442 πρώτη
3700 1389 3772 1442 χω·

2241 1458 2326 1530 ρὶς
2356 1457 2586 1532 αἵματος
2615 1479 2636 1513 ι

2311 1635 2472 1703 Είκὺς
2497 1633 2567 1711 ἦν
2594 1637 2826 1703 πολλοὺς
2852 1639 2966 1693 τῶν
3004 1638 3398 1713 ἀσθενέστερον
3435 1641 3772 1714 διακειμένων,

2242 1727 2351 1782 ἀπὸ
2396 1728 2491 1783 τοῦ
2528 1729 2982 1800 τετελευτηκέναι
3029 1729 3122 1785 τὸν
3154 1730 3384 1803 Κύριον,
3417 1733 3643 1804 μάλιστα
3674 1734 3776 1789 dm-

542 1819 651 1874 bus
685 1818 805 1890 ejus
831 1830 944 1872 non
980 1817 1297 1873 crederent.
1334 1813 1610 1882 Quocirca
1634 1810 2130 1884 dicitApostolus:

2251 1824 2385 1876 ττεῖν
2407 1824 2526 1886 ταῖς
2554 1820 2911 1892 ἐπαγγελίαις
2944 1821 3132 1880 αὑτοῦ.
3176 1822 3238 1876 Ὃ
3263 1825 3451 1880 τοίνυν
3488 1825 3768 1890 Ἀπόστολός

541 1912 777 1983 Propter
812 1911 918 1967 hoc
937 1913 1117 1981 ipsum
1149 1909 1317 1981 igitur
1358 1923 1484 1965 esse
1525 1906 1851 1964 ﬁdentiores
1889 1911 2131 1978 oportet,

543 2007 675 2078 quia
709 2004 1070 2061 testatoribus
1120 2017 1230 2058 non
1290 2000 1629 2065 viventibus,
1676 1999 1774 2056 sed
1828 1997 2131 2066 defunctis,

543 2097 704 2152 ﬁrma
734 2095 873 2156 ﬁunt
906 2101 1259 2160 testamenta,
1292 2099 1347 2148 et
1379 2092 1551 2148 robur
1596 2089 1900 2160 accipiunt.
1954 2089 2133 2157 Atque

543 2188 636 2243 hic
684 2194 769 2242 est
797 2197 996 2241 sensus
1028 2199 1041 2236 :
1076 2181 1222 2239 Deus
1250 2181 1530 2254 pollicitus
1559 2187 1666 2245 est,
1692 2178 1910 2249 inquit,
1934 2176 2134 2233 deinde

544 2295 670 2336 cum
694 2277 952 2334 homines
1005 2282 1357 2348 peccassent,
1394 2288 1506 2329 non
1552 2272 1732 2328 solum
1764 2270 1979 2342 indigni
2007 2268 2131 2326 fue-

544 2379 678 2427 runt
709 2370 803 2442 qui
835 2369 1240 2440 promissorum
1271 2373 1557 2439 compotes
1589 2364 1806 2430 fierent,
1851 2373 1912 2418 ut
1946 2362 2133 2434 potius

545 2465 773 2522 obnoxii
799 2464 928 2521 facti
957 2464 1073 2520 sint
1097 2461 1284 2517 morti.
1315 2459 1449 2516 Eam
1479 2459 1550 2515 ob
1591 2473 1706 2516 rem
1737 2456 1999 2514 Christus
2031 2470 2131 2512 ve-

543 2561 704 2615 niens
744 2556 1045 2626 assumpsit
1088 2553 1143 2608 in
1200 2568 1262 2609 se
1316 2560 1568 2624 peccata,
1623 2557 1996 2620 mortuusque
2020 2555 2129 2617 est,

545 2662 607 2713 ut
642 2649 720 2706 illi
767 2648 1193 2713 mundarentur,
1237 2645 1500 2720 dignique
1536 2638 1831 2701 evaderent
1861 2641 1957 2713 qui
2000 2655 2131 2714 pro-

543 2743 716 2800 missa
737 2746 1240 2812 consequerentur.

620 2856 639 2890 ι
673 2831 997 2903 Dedicatum
1053 2839 1160 2889 est.
1223 2829 1418 2904 [νεεδ.
1489 2825 1705 2900 19-21.]
1755 2825 1934 2883 Lecto
1980 2825 2128 2884 enim

542 2929 710 2989 omni
729 2927 993 2984 mandato
1023 2927 1158 2997 legis
1186 2941 1218 2980 a
1268 2923 1455 2996 Moyse
1481 2921 1746 2978 universo
1775 2921 2002 2993 populo,
2030 2934 2126 2975 ac-

543 3025 756 3096 cipiens
807 3019 1135 3092 sanguinem
1190 3017 1494 3074 vitulorum
1543 3025 1598 3071 et
1653 3013 1963 3082 hircorum,
1998 3026 2126 3068 cum

544 3130 688 3187 aqua
717 3122 776 3176 et
801 3115 924 3168 lana
965 3110 1249 3176 coccinea,
1290 3130 1310 3162 ι

605 3208 724 3264 Hoc
743 3214 851 3271 est,
879 3205 1097 3260 ﬁrmum
1138 3210 1434 3272 ratumque
1470 3199 1680 3256 factum
1717 3197 1842 3255 fuit.

487 3372 491 3376 ,
611 3320 632 3355 ι
659 3302 728 3356 Et
752 3299 1019 3373 hyssopo,
1079 3296 1258 3367 ipsum
1296 3308 1518 3364 quoque
1563 3292 1789 3358 librum,
1829 3295 1887 3346 et
1905 3302 2130 3344 omnem

517 3394 810 3468 :populum
846 3390 1109 3462 aspersit,
1137 3390 1327 3445 dicens
1350 3403 1371 3444 ,ε
1405 3386 1504 3443 Hic
1527 3385 1755 3455 sanguis
1781 3382 2129 3450 testamenti,

516 3490 693 3564 quod
720 3489 1000 3546 mandavit
1031 3487 1099 3542 ad
1129 3501 1223 3541 vos
1267 3485 1433 3540 Deus.
1470 3482 1650 3537 Etiam
1704 3477 2125 3536 tabernaculum

540 3593 600 3643 et
621 3584 809 3641 omnia
837 3596 967 3638 vasa
995 3578 1287 3636 ministerii
1319 3576 1589 3648 sanguine
1619 3572 1926 3632 secundum
1955 3572 2132 3645 legem

544 3675 804 3747 aspersit.
850 3692 869 3726 ι

612 3766 932 3839 Symbolum
996 3763 1249 3835 spiritus.
1314 3761 1600 3831 llvssOpus
1629 3759 1778 3814 enim
1821 3757 2001 3814 calida
2023 3763 2124 3813 est.

511 3859 691 3930 'Quin
725 3866 778 3914 et
813 3871 953 3929 aqua
985 3854 1405 3929 signiﬁcabatur
1426 3851 1750 3924 expurgatio
1774 3866 1898 3922 quae
1938 3849 1999 3905 ﬁt
2035 3864 2130 3921 per

542 3948 907 4020 baptismum.
940 3944 1092 4001 Lana
1138 3954 1332 4000 autem
1387 3942 1734 4009 sumebatur,
1757 3955 1866 4010 qua
1901 3938 2130 4010 sanguis

543 4044 951 4097 contineretur.

618 4135 785 4191 Vens.
821 4133 913 4188 22.
931 4150 951 4186 ι
991 4133 1056 4187 Ει
1078 4130 1259 4187 omnia
1278 4143 1432 4199 ,pene
1455 4127 1512 4184 in
1532 4128 1801 4199 sanguine
1823 4126 2128 4185 secundum

541 4229 717 4299 legem
748 4224 1111 4290 inundantur,
1146 4229 1200 4278 et
1224 4222 1347 4278 sine
1375 4219 1675 4293 sanguinis
1710 4217 1978 4277 effusione
2015 4232 2128 4276 non

545 4320 608 4374 ﬁt
649 4316 927 4374 remissio.
964 4334 984 4369 ι

613 4408 884 4476 Quoniam
911 4423 1008 4479 per
1032 4422 1153 4465 eam
1185 4420 1293 4462 non
1328 4403 1573 4478 perfecta
1609 4403 1898 4460 mundatio
1934 4401 2126 4466 ﬁebat,

2234 1930 2370 1986 φησι
2390 1929 2404 1944 ⁸
2432 1913 2535 1968 Διὰ
2559 1912 2719 1968 τοῦτο
2743 1913 2842 1986 μὲν
2862 1910 2956 1969 οὖν
2981 1913 3088 1987 χρὴ
3128 1912 3377 1988 θαρρεῖν,
3399 1917 3483 1970 ὅτι
3511 1919 3570 1971 οὐ
3600 1916 3778 1982 ζώντων

2236 2008 2346 2062 τῶν
2376 2007 2791 2079 διατιθεμένων,
2823 2007 2938 2062 ἀλλ’
2961 2008 3424 2080 ἀποθνησκόντων
3459 2011 3576 2065 τότε
3605 2010 3779 2083 βέὁαιαί

2236 2102 2375 2156 είσιν
2393 2103 2449 2156 αἱ
2477 2102 2763 2175 διαθῆκαι,
2793 2103 2891 2158 καὶ
2920 2105 3021 2174 τὴν
3050 2103 3209 2174 ίσχὺν
3231 2103 3624 2176 λαμϐάνουσιν.
3663 2103 3711 2160 '0
3737 2102 3777 2160 δὲ

2237 2195 2363 2261 νοῦς
2396 2191 2576 2262 οὗτοςο
2611 2197 3031 2267 Ἐπηγγείλατο,
3047 2196 3238 2268 φησὶν,
3254 2200 3282 2251 ό
3297 2197 3434 2264 Θεός
3455 2215 3468 2230 ο
3497 2193 3611 2252 εἶτα
3631 2199 3774 2269 ἁμαρ-

2234 2289 2490 2352 τάνοντες
2530 2289 2581 2342 οἱ
2625 2287 2925 2360 ἄνθρωποι,
2972 2289 3033 2343 οὐ
3086 2288 3246 2360 μόνον
3290 2283 3440 2362 ἦσαν
3490 2289 3683 2354 ἀνάξιοι
3703 2289 3775 2360 τήν

2233 2380 2573 2451 ἐπαγγελίαν
2607 2380 2918 2448 άναλαὸεῖν,
2951 2381 3090 2436 ἀλλά
3137 2381 3233 2435 καὶ
3280 2380 3501 2453 θανάτῳ
3525 2381 3771 2451 γεγόνασιν

2234 2475 2434 2546 ἔνοχοι.
2491 2473 2593 2528 Διά
2622 2473 2784 2528 τοῦτο
2816 2476 2844 2527 ό
2876 2473 3114 2545 Χριστὸς
3165 2473 3339 2527 ἐλθὼν
3391 2473 3671 2541 ἀνεδέξατο
3697 2473 3770 2536 τὰς

2231 2567 2533 2641 ἁμαρτίας,
2571 2567 2662 2622 καὶ
2702 2567 2998 2633 ἀπέθανεν,
3053 2567 3139 2622 ἵνα
3185 2565 3636 2641 καθαρισθέντες,
3663 2565 3769 2633 ἄξιοι

2231 2663 2498 2731 γένωνται
2524 2659 2622 2723 τὰς
2637 2659 2974 2729 ἐπαγγελίας
2997 2658 3209 2715 λαϐεῖν.

2308 2862 2328 2897 ι
2377 2842 2835 2912 Ἐγκεκαίνισται.
2886 2840 3226 2913 Δαληθείσης
3249 2841 3360 2914 γάρ
3398 2842 3577 2912 πάσης
3600 2839 3770 2909 ἐντολῆς

2231 2937 2374 2992 κατά
2395 2936 2559 3008 νόμον
2603 2934 2710 2989 ὑπὸ
2752 2933 3034 2998 Μωῦσέως
3077 2935 3241 2988 παντὶ
3277 2933 3361 3006 τῷ
3390 2933 3530 3006 λαῷ,
3555 2931 3771 2988 λαδὼντδ

2231 3025 2373 3103 αἷμα
2399 3029 2506 3084 τῶν
2533 3027 2749 3100 μόσχων
2776 3027 2872 3082 καὶ
2891 3027 3133 3098 τράγων,
3167 3027 3306 3100 μετά
3329 3027 3546 3096 ὕδατος,
3565 3025 3770 3098 καὶὲρίου

2231 3121 2512 3189 κοκκίνου,
2541 3140 2561 3174 ι

2302 3216 2588 3281 Τουτέστι,
2621 3212 2816 3286 βεϐαία
2841 3211 3057 3283 γέγονε,
3087 3213 3182 3267 καὶ
3210 3210 3495 3284 ἐκυρώθη.

2295 3328 2329 3362 -ι
2365 3307 2480 3362 Καὶ
2501 3305 2780 3372 ὑσσώπου,
2813 3305 2947 3361 αὐτό
2971 3323 3032 3360 τε
3058 3308 3120 3359 τὸ
3141 3305 3492 3377 piatam-stat
3523 3303 3683 3359 πάντα
3706 3301 3772 3356 τὸν

2232 3400 2361 3458 λαὸν
2382 3400 2691 3475 ὲρράντισε,
2710 3399 2885 3469 λέγων
2907 3415 2923 3429 ·
2959 3396 3130 3452 Τοῦτο
3159 3397 3222 3451 τδ
3245 3394 3388 3470 αἷμα
3413 3399 3513 3470 τῆς
3533 3397 3770 3468 διαθήκης,

2233 3490 2306 3567 ἧς
2334 3492 2643 3546 ἐνετείλατο
2669 3490 2807 3564 πρὸς
2835 3490 2980 3562 ὑμᾶς
3005 3493 3034 3545 ό
3059 3489 3213 3554 Θεός.
3239 3490 3351 3544 Καὶ
3375 3490 3478 3560 τὴν
3506 3487 3690 3561 σκηνὴν
3712 3484 3769 3550 δὲ,

2234 3586 2329 3641 καὶ
2381 3583 2560 3640 πάντα
2598 3584 2668 3637 τὰ
2715 3582 2886 3656 σκεύη
2945 3582 3049 3654 τῆς
3104 3583 3458 3653 λειτουργίας
3506 3581 3580 3653 τῷ
3620 3579 3770 3650 αῑμστι

2233 3676 2436 3748 ὁμοίως
2462 3673 2773 3748 ὲρράντισε.
2799 3693 2816 3725 ι

2305 3765 2584 3839 Σύμϐολον
2615 3764 2710 3818 τοῦ
2739 3764 3074 3836 πνεύματος.
3103 3761 3297 3834 Θερμὴ
3323 3761 3439 3833 γὰρ
3464 3763 3497 3834 ἡ
3526 3758 3767 3820 ὕσσωπος·

2232 3860 2351 3915 ἐστι
2381 3859 2492 3930 γὰρ
2525 3859 2622 3913 καὶ
2656 3857 2713 3912 τδ
2743 3856 2891 3931 ὕδωρ
2946 3857 3213 3928 σημαῖνον
3243 3854 3344 3928 τὴν
3384 3854 3477 3908 διὰ
3507 3852 3595 3907 τοῦ
3615 3847 3768 3923 βαπτί·

2234 3971 2444 4027 σματος
2473 3952 2746 4024 κάθαρσιν
2764 3967 2779 3983 ·
2813 3948 2908 4007 καὶ
2937 3950 3000 4004 τὸ
3037 3947 3185 4022 ἔριον
3210 3948 3290 4016 δὲ,
3313 3947 3462 4002 ὥστε
3490 3942 3769 4016 κατέχεσθαι

2230 4048 2294 4103 τὸ
2322 4042 2480 4118 αἷμα.

2307 4158 2327 4192 ι
2367 4140 2477 4194 Καὶ
2507 4137 2695 4210 σχεδὸν
2740 4136 2800 4191 ὲν
2820 4135 3022 4208 αἵματι
3072 4133 3254 4190 πάντα
3289 4133 3640 4207 καθαρίζεται
3663 4127 3769 4185 κατὰ

2228 4233 2322 4288 τὸν
2381 4232 2582 4303 νόμον,
2628 4231 2723 4285 καὶ
2768 4228 2940 4303 χωρὶς
3001 4226 3441 4301 αἱματεκχυσίας
3498 4225 3556 4280 ού
3602 4224 3767 4295 γίνεται

2230 4325 2446 4394 ἄφεσις.
2487 4341 2507 4376 t

2315 4381 2542 4486 Ἐπειδὴ
2564 4412 2774 4468 ἐκείνου
2813 4381 2942 4467 οὐκ.
2973 4407 3042 4484 ἦν
3091 4411 3382 4486 καθαρμὸς
3427 4411 3638 4475 τέλειος,
3675 4403 3765 4459 οὐδὲ

541 4517 723 4571 neque
765 4499 1008 4571 perfecta
1066 4498 1356 4564 remissio,
1419 4497 1516 4553 sed
1577 4495 1931 4568 imperfecta;
2001 4495 2127 4551 ideo

2251 4509 2425 4578 ίφεσις
2454 4505 2660 4571 τελεία,
2693 4505 2809 4560 ἀλλ’
2837 4505 3127 4578 ἡμιτελὴς,
3155 4499 3276 4558 είπε
3299 4504 3383 4571 τὸ,
3423 4503 3654 4573 σχεδόν.

541 4591 700 4654 dixit,
743 4605 893 4659 pene.

615 4680 783 4738 Vsus.
817 4682 907 4736 25.
943 4701 959 4733 ι
998 4679 1236 4736 Necesse
1260 4687 1344 4736 est
1371 4695 1523 4753 ergo,
1549 4677 1883 4748 exemplaria
1901 4677 2126 4750 quidem

540 4775 853 4831 cmlestium
888 4775 975 4830 his
1004 4773 1283 4830 mundari.
1329 4792 1348 4825 ι

614 4865 800 4921 Mundi
825 4865 926 4931 illi,
961 4865 1160 4936 inquit,
1197 4865 1292 4935 qui
1321 4862 1626 4919 secundum
1669 4863 1839 4933 legem
1886 4861 2128 4930 perlicie-
2165 4849 2167 4851 ’

541 4960 761 5024 bantur,
800 4959 1107 5029 imper-lecti
1130 4957 1496 5013 nihilominus
1510 4955 1826 5021 manebant,
1869 4954 2126 5030 quoniam

539 5057 595 5106 et
625 5050 730 5120 ipsi
763 5049 936 5121 ﬁgura
959 5057 1116 5104 erant
1142 5049 1482 5104 futurorum.

617 5161 636 5193 ι
678 5141 800 5212 Ipsa
818 5148 999 5196 autem
1032 5140 1308 5204 cmlestia,
1352 5156 1370 5191 ›

612 5233 919 5290 Ecclesiam
956 5234 1112 5290 dicit.
1151 5255 1155 5259 ·

621 5345 640 5378 ι
680 5326 1004 5383 Melioribus
1039 5325 1244 5381 hostiis
1278 5339 1442 5393 quam
1466 5323 1610 5381 istis.
1651 5343 1670 5376 ι

606 5417 765 5474 Tunc
785 5420 930 5474 enim
964 5419 1088 5490 agni
1158 5417 1424 5489 sanguine
1463 5405 2130 5489 perungebanturmunc

538 5528 670 5570 vero
694 5512 866 5583 ipsius
895 5511 1124 5568 Christi.

611 5629 892 5686 Vens.24.
927 5649 946 5683 ι
988 5627 1104 5686 Non
1149 5626 1296 5683 enim
1355 5629 1409 5683 in
1455 5626 1775 5683 manufacta
1817 5636 2011 5682 sancta
2042 5628 2128 5682 in-

541 5724 731 5781 troivit
751 5723 1032 5791 Christus,
1061 5723 1395 5793 exemplaria
1422 5738 1702 5790 verorum,
1733 5722 1829 5783 sed
1851 5722 1908 5782 in
1943 5723 2124 5794 ipsum

541 5816 762 5884 coelum,
794 5824 852 5871 ut
875 5824 1133 5886 appareat
1175 5829 1322 5870 nunc
1349 5832 1371 5868 ι

2307 4709 2324 4742 ι
2369 4691 2607 4762 ’Λνάγκη
2664 4684 2781 4754 οὖν,
2824 4687 2893 4742 τὰ
2932 4688 3033 4759 μὲν
3063 4688 3446 4761 ὑποδείγματα
3473 4689 3576 4743 τῶν
3607 4688 3657 4740 ἐν
3678 4684 3763 4745 τοῖς

2230 4781 2497 4852 οὐρανοῖς,
2534 4781 2744 4844 τούτοις
2778 4779 3193 4852 καθαρίζεσθαι.
3225 4801 3245 4833 ι

2301 4866 2480 4936 Οὗτοι,
2515 4875 2696 4944 φησὶν,
2733 4873 2782 4926 οἱ
2817 4872 3070 4945 καθαροὶ,
3106 4875 3155 4927 oi
3196 4873 3340 4927 κατά
3372 4871 3533 4944 νόμον
3570 4867 3760 4925 τελειού·

2235 4985 2404 5039 μενοι,
2431 4967 2639 5031 ἀτελεῖς
2670 4962 2830 5037 ἦσαν,
2865 4966 3052 5039 ἐπειδὴ
3103 4971 3199 5022 καὶ
3244 4968 3414 5033 τύπος
3443 4964 3576 5040 ἦσαν
3599 4965 3758 5018 ἐκείνοι

2230 5062 2337 5116 τῶν
2361 5062 2685 5132 μελλόντων.

2307 5175 2325 5208 ι
2357 5155 2505 5210 seca.
2535 5156 2592 5209 δὲ
2622 5155 2690 5209 τά
2719 5154 3041 5225 ἐπουράνια,
3086 5175 3104 5207 ι

2302 5251 2413 5324 Τὴν
2457 5251 2783 5322 Ἐκκλησίαν
2824 5249 2996 5321 λέγει.

2307 5365 2325 5397 ι
2352 5345 2645 5416 Κρείττοσι
2673 5344 2885 5409 θυσίαις
2915 5344 3073 5417 παρὰ.
3094 5343 3323 5409 ταύτας.
3369 5364 3388 5398 ι

2300 5439 2433 5492 Τότε
2465 5439 2562 5508 μὲν
2584 5438 2856 5511 προϐάτου
2887 5439 3080 5509 αἵματι
3107 5439 3374 5511 ἐχρίοντο,
3404 5436 3495 5491 νῦν
3519 5435 3589 5498 δὲ,
3622 5422 3749 5487 αύτοῦ

2231 5531 2322 5587 τοῦ
2355 5533 2615 5603 Χριστοῦ.

2303 5644 2325 5678 ι
2355 5627 2429 5680 Οὐ
2460 5626 2569 5697 γάρ
2620 5626 2700 5689 είς
2751 5625 3111 5698 χειροποίητα
3154 5627 3290 5698 ἅγια
3344 5619 3746 5699 είσῆλθενόΧρι·

2232 5721 2376 5784 me,
2403 5719 2671 5773 ἀντίτυπα
2703 5719 2813 5774 τῶν
2866 5720 3179 5793 ἀληθινῶν,
3238 5722 3357 5779 ἀλλ’
3407 5721 3487 5788 είς
3508 5718 3648 5777 αὐτὸν
3675 5710 3746 5765 τὸν

2230 5813 2456 5887 οὐρανόν
2489 5830 2501 5844 ’
2538 5813 2632 5869 νῦν
2657 5814 3062 5888 ἐμφανισθῆναι
3112 5835 3132 5870 ι
