3880 6254
143 257 236 324 9⁸13

1267 250 1350 320 ΙΝ
1380 246 1618 310 EPIST.
1663 247 1764 307 AD
1808 247 2205 310 HEBRIEOS.

3274 251 3379 318 974

197 364 372 430 Τοῦτο,
420 362 604 434 φησὶν,
661 361 849 433 ὥσπερ
892 359 956 433 δὴ
1000 359 1146 431 μέγα
1189 361 1451 432 ἐφρόνουν
1479 359 1528 412 οἱ
1563 356 1687 416 Ἰου-

1865 353 1942 410 Ita
1979 357 2139 427 plane
2177 355 2442 428 loquitur,
2486 372 2612 414 cum
2659 366 2939 415 structura
2966 363 3154 433 templi
3186 364 3378 420 admo-

135 461 253 516 δαῖοι
278 456 366 510 ἐπὶ
384 457 448 526 τῇ
481 454 575 521 τοῦ
620 455 751 508 ναοῦ
789 457 1131 526 κατασκευῇ,
1163 455 1240 519 ὡς
1275 453 1469 525 μηδενὶ
1517 435 1685 506 τόπου

136 551 268 612 όντος
295 545 551 601 τοιούτου.
585 546 758 600 Πάλιν
773 539 868 599 οῦν
894 543 1205 616 σύγκρισις,
1229 544 1401 599 καὶτὸ
1430 544 1687 614 διάφορον

135 641 271 706 πολὺ,
301 640 405 711 ὅσῳ
430 639 590 704 αὐτὸς
609 640 637 693 ό
659 638 889 710 οὐρανός
919 637 1015 692 τοῦ
1044 637 1195 692 ναοῦ.

188 840 207 874 ι
240 818 324 891 Τῷ
352 819 627 890 προσώπῳ
656 817 792 873 Θεοῦ
820 817 962 890 ὑπὲρ
987 816 1166 888 ἡμῶν.
1213 837 1230 870 ι

189 913 362 968 Εἰπὼν
390 913 471 978 τὸ,
506 910 976 983 ἐμφανισθῆναι,
1029 911 1123 966 καὶ
1151 911 1332 978 δείξας
1360 911 1458 982 τὴν
1477 913 1684 964 οἰκονο-

128 1007 262 1080 μίαν,
311 1007 406 1061 καὶ
448 1006 549 1077 τὴν
576 1005 757 1060 αἰτίαν
805 1005 1026 1074 ὲπάγει,
1050 1003 1135 1059 ὅτι
1169 1003 1328 1058 τοῦτο
1381 1004 1686 1075 πεποίηκεν

125 1100 250 1172 ὑπὲρ
275 1097 621 1170 apsumi,
681 1098 817 1153 καθὸ
865 1088 1002 1162 Θεὸς
1051 1096 1248 1167 Λόγος,
1290 1095 1525 1152 πάντοτε
1557 1097 1684 1152 σύν-

123 1210 225 1247 εστι
251 1190 324 1264 τῷ
353 1191 552 1264 Πατρί.
615 1190 766 1262 Ἐγὼ
827 1193 956 1266 γὰρ,
992 1191 1178 1263 φησὶν,
1235 1190 1308 1246 ἐν
1357 1191 1440 1258 τῷ
1477 1191 1683 1261 Πατρί,

121 1282 208 1338 καί
234 1285 265 1337 ὁ
285 1282 492 1356 Πατὴρ
511 1281 583 1336 ἐν
616 1281 768 1351 ἐμοί.
1598 1368 1601 1369 ν

187 1395 205 1429 ‹
238 1375 369 1430 υὺδὲ
401 1373 664 1440 πολλάκις
697 1374 999 1448 προσφέρει
1038 1373 1252 1441 ἑαυτὸν,
1277 1373 1466 1447 ὥσπερ
1487 1376 1516 1428 ό
1551 1375 1688 1448 ἀρχ-

122 1469 282 1542 ιερεὺς
318 1467 628 1540 εἰσέρχεται
674 1469 755 1533 είς
800 1468 871 1524 τὰ
899 1469 1030 1538 ἅγια
1057 1467 1180 1524 κατ’
1227 1468 1477 1523 ἐνιαυτὸν
1508 1470 1566 1523 ὲν
1597 1470 1688 1542 αῖετ

122 1580 237 1635 ματι
261 1561 550 1634 ἀλλοτρίῳ,
577 1563 698 1616 ἐπεὶ
726 1561 834 1616 ἔδει
864 1561 1028 1618 αὐτὸν
1062 1561 1325 1626 πολλάκις
1357 1561 1552 1617 παθεῖν
1578 1562 1690 1617 άπὸ

118 1657 207 1724 τῆς
250 1654 563 1727 καταϐολῆς
591 1653 689 1709 τοῦ
721 1654 928 1727 κόσμου
949 1669 963 1685 ·
1002 1654 1098 1709 νῦν
1121 1654 1178 1710 δὲ
1217 1654 1366 1723 ἀπαξ
1406 1655 1499 1710 ἐπὶ
1556 1672 1687 1712 συν-

118 1747 284 1821 τελείᾳ
304 1747 416 1802 τῶν
434 1746 670 1804 αἰώνων.
713 1766 734 1801 ι

177 1926 238 1982 Εἰ
266 1924 414 1997 παρά
443 1923 545 1998 τὴν
569 1923 771 1998 ἀρχὴν,
801 1923 960 1997 φησὶ,
990 1923 1150 1980 τοῦτο
1173 1925 1415 1995 ἐγένετο,
1449 1920 1570 1982 εἶτα
1593 1925 1687 1982 οὐ·

118 2018 217 2084 δείς
237 2019 580 2086 ἐπίστευσεν,
614 2017 810 2091 ἔμενεν
832 2019 892 2072 ὲν
921 2018 1169 2090 ἀπωλείᾳ
1187 2017 1250 2073 τὸ
1273 2018 1449 2089 γένος.
1475 2020 1551 2073 Οὐ
1578 2019 1690 2091 γὰρ

118 2106 178 2183 ἦν
203 2111 423 2167 δυνατὸν
463 2111 720 2184 δεύτερον
760 2111 1056 2165 ἀποθανεῖν
1096 2111 1356 2184 Χριστὸν,
1405 2111 1492 2166 ἵνα
1528 2112 1690 2166 πάλιν

120 2204 274 2277 σωθῇ.
314 2204 540 2277 Ἐπειδὴ
569 2205 627 2259 δὲ
653 2205 884 2278 ὕστερον
912 2204 1086 2259 πολλά
1103 2200 1172 2277 ἦν
1195 2206 1264 2261 τά
1289 2208 1690 2279 ἁμαρτήματα,

118 2297 329 2363 εἰκότως
358 2298 483 2352 τότε
511 2298 780 2370 ἀνεφάνη.

182 2495 204 2532 ι
236 2477 330 2543 Εἰς
364 2477 634 2550 ἀθέτησιν
665 2477 973 2552 ἁμαρτίας,
1006 2499 1025 2534 ι

179 2573 242 2628 Τί
297 2573 447 2627 ἐστιν
507 2572 828 2643 ἀθέτησις;
888 2573 1012 2629 ἀντὶ
1065 2571 1191 2641 τοῦ,
1251 2573 1682 2648 καταφρόνησις.

121 2666 301 2723 Οὐκέτι
324 2667 644 2744 παρρησίαν
673 2666 789 2739 ἔχει
813 2669 848 2741 ή
882 2667 1150 2740 ἁμαρτία.
1189 2667 1481 2742 Ἠθέτηται
1514 2668 1625 2738 γὰρ
1660 2669 1696 2741 ἡ

120 2759 382 2832 ἁμαρτία,
441 2760 741 2832 ὀφείλουσα
786 2761 888 2834 μὲν
953 2762 1253 2817 ἀπολαϐεῖν
1301 2763 1549 2828 κόλασιν,
1594 2762 1697 2817 οὐκ

120 2851 456 2909 ἀπολαϐοῦσα
493 2853 576 2910 δέ.
608 2855 906 2928 Τουτέστι,
954 2854 1080 2928 βίαν
1109 2853 1341 2911 ἔπαθενθ
1383 2855 1476 2911 ὅτε
1518 2871 1698 2928 προσ-

121 2945 334 3020 εδόκησε
359 2948 576 3017 πάντας
604 2949 840 3018 ἀνελεῖν,
868 2949 993 3004 τότε
1021 2949 1286 3026 ἀνῃρέθη.

189 3139 208 3175 ι
242 3122 338 3177 Διά
374 3120 481 3196 τῆς
511 3123 706 3190 θυσίας
733 3120 899 3204 αὗτοῦ
931 3123 1340 3198 πεφανέρωται.
1381 3142 1400 3175 ›

193 3205 543 3292 Ἐφανερώθη
573 3219 654 3292 τῷ
681 3219 824 3293 Θεῷ,
851 3219 950 3277 καὶ
964 3220 1308 3295 προσῆλθεν.

188 3324 208 3362 ι
250 3312 358 3365 Καὶ
409 3310 651 3369 καθόσον
699 3312 991 3368 ἀπόκειται
1018 3315 1135 3377 τοῖς
1179 3311 1491 3385 ἀνθρώποις
1545 3312 1698 3380 ἅπαξ

121 3402 423 3474 ἀποθανεῖν,
456 3405 601 3478 μετά
619 3405 680 3460 δὲ
704 3406 863 3463 τοῦτο
882 3409 1067 3479 κρίσις
1087 3423 1100 3437 ·
1124 3406 1266 3463 οὕτω
1289 3408 1386 3462 καὶ
1408 3407 1698 3480 ὰΧριστδς

123 3482 675 3577 ἀπαξπροσενεχθὲὶς
707 3500 790 3565 εἰς
818 3500 881 3554 τὸ
911 3499 1125 3576 πολλῶν
1154 3500 1472 3574 ἀνενεγκεῖν
1508 3501 1696 3572 ἀμαρε

121 3589 248 3657 τίας,
285 3611 305 3644 ι
363 3616 367 3620 ι

126 3679 128 3681 ’
184 3685 288 3741 Καὶ
325 3686 425 3758 τὴν
453 3686 635 3741 αἰτίαν
680 3686 851 3758 λέγει,
883 3686 975 3760 διά
999 3689 1053 3743 τί
1096 3688 1244 3758 ἅπαξ
1273 3690 1547 3751 ἀπέθανεν
1567 3712 1580 3728 ·
1614 3696 1698 3752 ὅτι

124 3775 229 3842 ἑνὸς
273 3779 512 3834 θανάτου
559 3779 880 3855 ἀντίλυτρον
923 3781 1163 3852 ἐγένετο.
1221 3783 1509 3847 ’Δπέκειτο
1565 3791 1697 3864 γὰρ,

125 3866 293 3948 φησιν,
318 3869 433 3932 τοῖς
453 3867 768 3949 ἀνθρώποις
791 3870 1108 3926 ἀποθανεῖν.
1134 3873 1307 3930 Τοῦτο
1337 3875 1434 3934 οὖν
1455 3879 1517 3934 τὸ
1547 3880 1700 3949 ἅπαξ

121 3945 379 4015 ἀπέθανεν
414 3945 585 4033 ὑπὲρ
612 3963 896 4031 ἁπάντων,
944 3967 1094 4035 ἅπαξ
1135 3973 1555 4045 προσενεχθείςο
1599 3945 1698 4033 καί

124 4051 216 4106 ὑπὸ
246 4053 391 4120 τίνος
417 4056 450 4127 ἢ
482 4056 574 4137 ὑφ’
606 4057 800 4112 ἑαυτοῦ
823 4057 1101 4130 δηλονότι;
1162 4062 1312 4136 Ἐγὼ
1339 4066 1472 4138 γὰρ,
1507 4071 1695 4142 φησὶν,

122 4146 261 4215 ὑπὲρ
288 4148 492 4203 αὐτῶν
520 4149 735 4218 ἁγιάζω
763 4150 1052 4223 ἐμαυτόν.

189 4257 208 4292 ι
277 4242 373 4296 Ἐκ
418 4230 680 4312 δευτέρου
711 4244 883 4319 χωρὶς
917 4245 1192 4327 ἁμαρτίας
1229 4247 1532 4322 ὀφθήσεται
1582 4256 1696 4319 τοῖς

122 4329 272 4386 αὐτὸν
296 4333 894 4410 ἀπεκδεχομέγοις,εἰς
931 4337 1229 4410 σωτηρίαν.
1265 4357 1287 4392 ι

566 4410 571 4414 ’
659 4409 668 4416 ’
727 4415 976 4484 ΚΕΦΑΛ.
1013 4431 1072 4489 t'.

193 4535 209 4569 ι
234 4518 399 4575 Σκιάν
420 4518 533 4592 γάρ
547 4518 686 4593 έχων
701 4523 729 4574 ό
746 4521 907 4594 νόμος
925 4522 1036 4596 τῶν
1065 4526 1373 4597 μελλόντων
1396 4529 1646 4600 ἀγαθῶν,
1675 4551 1693 4585 ι

199 4701 284 4760 Ἑν
317 4711 385 4782 τῇ
432 4708 648 4783 πρώτῃ,
702 4711 889 4782 φησὶν,
937 4711 1132 4786 ὤφθη,
1171 4717 1255 4780 εἰς
1296 4716 1358 4770 τὸ
1408 4713 1543 4790 ἆραι
1597 4718 1699 4783 τὰς

124 4797 383 4872 ἁμαρτίας
414 4803 607 4874 ἡμῶν
639 4803 699 4858 ὲν
731 4803 789 4858 δὲ
826 4806 892 4876 τῇ
934 4806 1166 4881 δευτέρᾳ
1196 4808 1385 4864 οὐκέτι
1410 4808 1554 4869 οὕτω
1589 4828 1696 4882 φα-

126 4895 301 4960 νεῖται,
337 4895 474 4951 ἀλλά
508 4896 700 4952 σώσων
729 4897 856 4962 τοὺς
894 4899 974 4963 εἰς
1000 4899 1165 4955 αὐτὸν
1198 4901 1620 4970 πιστεύσαντας.

191 5003 210 5038 ι
244 4988 356 5042 Οὐκ
401 4989 573 5063 αὐτὴν
612 4989 713 5063 τὴν
764 4991 956 5046 εἰκόνα
983 4993 1093 5068 τῶν
1149 4996 1529 5066 πραγμάτων,
1571 4998 1695 5052 κατ’

125 5078 353 5136 ἐνιαυτὸν
391 5084 512 5147 ταῖς
551 5083 767 5148 θυσίαις
807 5083 876 5151 ἃς
929 5087 1338 5159 προσφέρουσιν
1377 5093 1458 5156 εἰς
1489 5091 1551 5146 τὸ
1609 5093 1694 5148 δι-

127 5174 330 5242 ηνεκὲς,
356 5175 612 5230 οὐδέποτε
641 5160 900 5235 δ’ῦνανται
937 5173 1077 5245 τοὺς
1101 5182 1583 5255 προσερχομένους
1601 5201 1692 5257 τε-

125 5258 358 5323 λειῶσαι.
395 5268 550 5324 Ἐπεὶ
587 5269 691 5324 οὐκ
749 5267 817 5325 ἂν
848 5271 1161 5352 ἐπαύσαντο
1207 5276 1688 5352 προσφερόμεναι,

124 5355 203 5449 διὰ
229 5359 288 5414 τὸ
320 5363 590 5449 μηδεμίαν
617 5363 774 5445 ἔχειν
803 5364 885 5419 ἔτι
913 5350 1224 5445 συνείδησιν
1247 5350 1538 5449 ἀμαρτιῶν
1560 5372 1688 5438 τοὺς

124 5445 467 5526 λατρεύοντας
704 5456 1186 5532 κεκαθαρμένουςο
1224 5445 1342 5534 ἀλλ’
1387 5461 1448 5515 ὲν
1498 5464 1687 5532 αὐτοῖς

127 5542 412 5619 ἀνάμνησις
454 5535 738 5624 ἁμαρτιῶν
769 5545 893 5606 κατ’
922 5552 1190 5623 ἐνιαυτόν.
1240 5555 1528 5631 Ἀδύνατον
1574 5559 1687 5633 γὰρ

175 5728 195 5761 ⁸
219 5728 370 5789 Joan.
406 5748 517 5803 xrv,
549 5735 631 5793 tl.
714 5737 736 5772 "
760 5734 923 5798 Joan.
960 5754 1098 5809 xm,
1169 5739 1256 5799 l9.

1729 4457 1776 4514 D

1791 447 1922 504 dum
1947 450 2120 506 Judaei
2153 451 2550 523 gloriarentur,
2584 467 2648 509 ac
2678 453 2725 508 si
2781 455 2968 511 nullus
2996 457 3137 512 alter
3177 459 3377 519 similis

1791 551 2036 600 exstaret
2061 544 2238 601 locus.
2274 545 2492 624 Rursus
2544 561 2676 617 ergo
2723 551 3137 620 comparatione
3180 553 3376 618 utitur,

1791 636 2150 707 ostenditque
2174 638 2368 710 ingens
2417 637 2692 696 interesse
2739 640 3062 709 discrimen,
3108 657 3376 715 quantum

1793 728 1996 784 caelum
2033 731 2178 786 inter
2203 745 2268 788 ac
2297 732 2585 803 templum.

1868 839 1886 870 ι
1913 819 2116 884 Ἳυίιυί,
2142 821 2235 878 Dei
2268 837 2369 893 pro
2399 823 2580 880 nobis.
2622 847 2640 881 ι

1861 913 1998 968 Cum
2024 913 2258 980 dixerit,
2290 925 2345 968 ut
2375 925 2652 986 appareat,
2693 927 3107 993 monstrataque
3153 925 3378 997 dispen-

1793 1005 2031 1068 satione,
2062 1019 2289 1061 causam
2323 1006 2626 1080 subiungit,
2676 1013 2826 1081 quod
2856 1029 3053 1087 nempe
3084 1031 3183 1088 pro
3216 1020 3380 1076 nobis

1793 1098 1844 1154 id
1885 1099 2145 1170 gesserit,
2171 1101 2264 1171 qui
2300 1101 2506 1182 ubique
2564 1114 2648 1159 est
2683 1121 2806 1161 cum
2846 1107 3030 1171 Patre,
3078 1127 3186 1179 qua
3241 1111 3384 1170 Deus

1792 1200 1879 1249 est
1905 1191 2171 1255 Verbum.
2213 1195 2306 1249 Ait
2352 1196 2500 1252 enim
2546 1215 2560 1250 :
2598 1197 2708 1271 Ego
2748 1201 2801 1253 in
2854 1200 3035 1267 Patre,
3062 1214 3111 1258 et
3142 1203 3307 1262 Pater
3331 1209 3385 1262 in

1792 1303 1872 1341 me
1899 1297 1979 1342 est
2004 1288 2046 1342 ⁸.

1859 1379 2023 1452 247
2066 1380 2233 1440 Vens.
2283 1382 2375 1449 25,
2424 1383 2514 1440 26.
2572 1405 2590 1435 ι
2624 1385 2814 1458 Neque
2876 1401 2936 1444 ut
2992 1407 3137 1463 smpc
3190 1393 3384 1451 utl’erat

1793 1474 2194 1544 semetipsum,
2275 1479 2740 1547 quemadmodum
2803 1484 3049 1554 pontifex
3105 1487 3271 1544 intrat
3331 1492 3386 1545 in

1792 1569 1987 1619 sancta
2035 1579 2135 1636 per
2187 1565 2436 1636 singulos
2496 1582 2673 1626 annos
2725 1572 2783 1626 in
2821 1577 3092 1646 sanguine
3147 1579 3383 1635 alieno:

1794 1649 2364 1742 alioquinioportebat
2395 1671 2522 1712 cum
2552 1657 2866 1730 frequenter
2901 1665 3012 1735 pati
3064 1667 3133 1723 ab
3173 1671 3389 1742 origine

1796 1741 2008 1797 mundi.
2042 1741 2202 1801 Nunc
2235 1741 2423 1804 autem
2461 1751 2632 1806 semel
2665 1752 2720 1809 in
2753 1760 3240 1816 consummatione
3271 1741 3386 1819 sae-

1791 1837 2064 1895 culorum.

1867 1928 1925 1986 Si
1961 1931 2124 1989 initio
2161 1936 2216 1990 id
2273 1944 2490 2008 gestum
2532 1947 2704 2008 esset,
2754 1941 2962 2013 inquit,
3013 1953 3128 2001 tum
3187 1946 3389 2003 deinde

1794 2038 1956 2079 nemo
1982 2024 2332 2097 credidisset,
2365 2046 2542 2102 genus
2576 2043 2826 2090 nostrum
2855 2036 2910 2091 in
2940 2036 3167 2093 interitu
3198 2054 3388 2109 perse-

1798 2127 2031 2174 veraret.
2062 2116 2200 2175 Nam
2231 2123 2494 2192 possibile
2521 2141 2633 2181 non
2659 2135 2778 2182 erat
2825 2134 2887 2182 ut
2922 2127 3180 2187 Christus
3204 2131 3391 2188 denuo

1795 2219 2129 2278 moreretur,
2149 2227 2261 2284 quo
2277 2213 2413 2270 illud
2436 2215 2639 2272 iterum
2657 2218 2870 2274 salvum
2886 2218 3064 2277 ﬁeret.
3087 2220 3390 2294 Postquam

1794 2318 1928 2359 vero
1982 2305 2217 2374 plurima
2269 2306 2494 2363 tandem
2561 2322 2789 2382 peccata
2845 2315 3211 2382 exstiterunt,
3254 2323 3391 2374 tunc

1794 2406 2175 2453 consentanee
2205 2412 2436 2467 prorsus
2470 2415 2530 2457 se
2556 2402 2920 2474 conspicuum
2961 2405 3135 2462 dedit.

1872 2507 1894 2544 ι
1929 2489 2012 2547 A'd
2044 2490 2467 2550 destitutionem
2500 2498 2744 2566 peccati,
2787 2516 2807 2551 ι

1867 2581 2144 2651 Quidnam
2178 2593 2263 2641 est
2302 2587 2626 2645 destitutio?
2671 2589 2814 2646 idem
2877 2602 3028 2648 certe
3073 2594 3218 2663 quod
3253 2608 3390 2651 con-

1797 2677 2044 2746 temptio.
2081 2676 2376 2734 Peccatum
2409 2696 2764 2753 nequaquam
2800 2685 3042 2756 amplius
3078 2686 3392 2746 libertatem

1799 2766 1984 2826 habet.
2017 2767 2154 2826 Nam
2184 2770 2512 2828 destitutum
2540 2784 2626 2830 est
2668 2783 2725 2831 et
2772 2777 3064 2845 abolitum,
3123 2788 3205 2848 ut,
3264 2799 3392 2838 cum

1799 2875 1996 2934 ptenas
2025 2862 2160 2919 dare
2207 2862 2455 2931 deberet,
2500 2867 2681 2925 nullas
2731 2877 2912 2927 tamen
2955 2872 3188 2928 dederit.
3247 2874 3391 2942 Quin

1800 2954 1966 3010 etiam
1997 2956 2105 3010 vim
2135 2957 2384 3027 pertulit,
2425 2965 2508 3024 ut,
2542 2956 2674 3013 dum
2717 2963 2980 3030 sperabat
3029 2974 3265 3021 cunctos
3295 2981 3396 3036 pec

1722 3081 1770 3146 ο
1803 3045 2023 3115 rimere,
2053 3057 2184 3103 tunc
2216 3049 2389 3119 ipsum
2422 3061 2766 3122 peremptum
2814 3052 2999 3110 fuerit.

1880 3159 1900 3192 ι
1934 3139 2039 3197 Per
2070 3142 2305 3198 hostium
2335 3158 2493 3198 suam
2522 3146 2804 3216 apparuit.
2839 3164 2859 3199 ι

1875 3231 1989 3287 Deo
2017 3249 2078 3290 se
2110 3234 2383 3298 exhibuit,
2422 3243 2474 3289 et
2498 3237 2564 3290 ad
2603 3251 2730 3292 eum
2763 3242 3020 3298 accessit.

1880 3321 2048 3380 Vens.
2082 3325 2174 3390 27,
2219 3326 2312 3382 28.
2354 3345 2374 3379 α
2411 3326 2476 3381 Et
2505 3331 2971 3402 quemadmodum
3009 3343 3278 3394 statutum
3307 3349 3394 3396 est

1804 3415 2127 3475 hominibus
2149 3419 2320 3476 semel
2347 3423 2486 3476 mori
2517 3441 2532 3490 ;
2575 3433 2696 3494 post
2723 3425 2828 3482 hoc
2858 3437 3041 3484 autem
3073 3430 3345 3502 judicium
3374 3455 3389 3491 :

1805 3512 1886 3568 sic
1935 3519 1993 3567 et
2047 3510 2300 3569 Christus
2346 3514 2517 3570 semel
2567 3517 2788 3574 oblatus
2828 3529 2913 3577 est
2966 3521 3036 3577 ad
3089 3524 3392 3585 multorum

1803 3602 2178 3661 exhaurienda
2207 3613 2454 3676 peccata.
2491 3625 2509 3658 ι

1873 3696 2112 3754 Causam
2145 3698 2316 3754 edicit
2346 3716 2448 3774 cur
2479 3709 2734 3760 mortuus
2765 3703 2859 3762 ille
2898 3705 2994 3774 sit,
3040 3709 3136 3781 qui
3196 3714 3393 3769 mortis

1806 3791 1974 3847 unius
2011 3791 2193 3848 factus
2234 3801 2317 3850 est
2361 3794 2623 3864 pretium.
2653 3793 2791 3852 Nam
2827 3805 3098 3857 statutum
3135 3813 3255 3859 erat
3289 3805 3394 3861 hu-

1805 3885 2074 3952 minibus,
2111 3885 2316 3958 inquit,
2343 3895 2404 3943 ut
2433 3899 2802 3948 morerentur.
2834 3891 3206 3963 Quamobrem
3225 3901 3394 3956 semel

1806 3988 2057 4036 mortuus
2090 3988 2177 4036 est
2223 3995 2323 4049 pro
2363 3982 2647 4052 omnibus,
2696 3994 2977 4057 quatenus
3038 3989 3258 4047 oblatus
3308 4006 3401 4051 est

1806 4072 1997 4129 semel.
2030 4073 2077 4127 A
2107 4087 2344 4141 quonam
2379 4085 2587 4142 autem,
2622 4077 2732 4134 nisi
2762 4092 2792 4135 a
2841 4080 3068 4152 seipso?
3091 4081 3169 4151 ait
3202 4085 3350 4139 enim
3377 4107 3392 4142 :

1806 4167 1919 4240 Ego
1940 4171 2042 4237 ’ρνο
2073 4167 2181 4223 illis
2203 4169 2484 4240 sancti/ica
2517 4172 2772 4242 meipsum
2794 4174 2838 4229 ⁷.

1882 4281 1900 4312 ι
1936 4259 2188 4316 Secundo
2219 4261 2338 4316 sine
2362 4273 2590 4334 peccato
2620 4267 2909 4339 apparebit
2935 4273 3392 4343 exspectantibus

1805 4370 1885 4421 se,
1921 4354 1973 4407 iu
2005 4353 2261 4409 salutem.
2305 4373 2322 4406 ι

2460 4449 2614 4506 CAP.
2665 4451 2734 4510 Χ.

1875 4539 2041 4597 Vens.
2077 4540 2124 4591 l.
2177 4563 2194 4595 ‹
2235 4538 2495 4598 Umbram
2526 4545 2675 4600 enim
2706 4543 2914 4602 habens
2946 4546 3032 4602 lex
3081 4545 3391 4605 futurorum

1799 4635 2092 4705 bonorum,
2132 4660 2150 4692 ι

1872 4732 1934 4786 In
1984 4735 2166 4802 primo
2210 4735 2450 4791 adventu
2490 4734 2770 4805 apparuit,
2797 4741 2870 4793 'ut
2917 4735 3162 4794 auferret
3198 4742 3390 4797 nostra

1799 4833 2062 4894 peccata;
2102 4827 2155 4880 in
2185 4827 2429 4884 secundo
2460 4834 2645 4882 autem
2678 4840 2791 4882 non
2832 4826 2914 4883 sic
2944 4827 3256 4900 apparebit,
3291 4831 3389 4888 sed

1802 4924 1862 4970 ut
1901 4917 2084 4974 salvos
2113 4917 2278 4975 faciat
2317 4919 2442 4975 illos
2471 4918 2562 4991 qui
2597 4918 2651 4973 in
2675 4934 2735 4975 se
2765 4919 3146 4978 crediderunt.

1870 5029 1890 5062 ι
1925 5009 2042 5066 Non
2062 5012 2236 5082 ipsam
2267 5013 2562 5085 imaginem
2589 5027 2798 5080 rerum,
2817 5027 2916 5084 per
2941 5013 3192 5085 singulos
3212 5029 3389 5072 annos

1799 5098 2008 5156 eisdem
2055 5101 2192 5172 ipsis
2243 5102 2476 5169 hostiis,
2520 5117 2661 5168 quas
2704 5101 2948 5159 oﬂ‘erunt
2990 5102 3384 5172 indesinenter,

1798 5208 2080 5264 nunquam
2131 5202 2370 5264 possunt
2423 5193 2753 5252 accedentes
2808 5195 3091 5268 perfectos
3150 5196 3384 5257 tacere:

1798 5279 1995 5354 [νεεδ.
2028 5282 2163 5357 2-7].
2207 5283 2451 5358 alioquin
2487 5296 2799 5343 cessassent
2841 5286 3048 5352 oﬂ'erri,
3092 5286 3216 5344 ideo
3238 5289 3384 5359 quod

1803 5374 2011 5429 nullam
2073 5375 2803 5448 haberentconscientiam
2857 5377 3085 5449 peccati
3136 5378 3386 5435 cultores

1796 5466 1968 5524 semel
2003 5467 2290 5536 mundati;
2319 5469 2414 5531 sed
2445 5469 2498 5526 in
2540 5470 2678 5542 ipsis
2701 5469 3162 5530 commemoratio
3188 5485 3384 5541 pecca-

1795 5569 1977 5620 torum
2008 5577 2108 5637 pcr
2142 5563 2598 5637 singulosannos
2625 5565 2705 5624 ﬁt.
2745 5563 3098 5639 impossibile
3123 5575 3208 5623 est
3235 5564 3380 5620 enim
