3880 6254
535 267 643 334 975

1729 273 1790 333 S.
1826 273 1856 334 J
1865 272 2070 335 OANN
2077 273 2150 334 IS
2182 274 2617 340 DAMASCENI
3687 284 3775 351 976

535 379 806 453 sanguine
837 386 1128 436 taurorum
1166 387 1221 438 et
1272 380 1554 438 hircorum
1604 381 1811 454 auferri
1869 394 2113 456 peccata.

2238 379 2370 458 αἷμα
2416 388 2638 459 ταύρων
2683 385 2778 442 καὶ
2811 386 3032 460 τράγων
3076 387 3336 459 ἀφαιρεῖν
3367 387 3664 461 ἁμαρτίαςο
3711 390 3776 444 διὸ

533 467 1008 550 Ιάοοίυστοόὶεηε
1048 471 1317 526 mundum
1374 471 1558 530 dicit:
1601 469 1854 530 Hostiam
1886 482 1943 529 et
1975 473 2128 530 obla-

2229 479 2616 553 εἰσερχόμενος
2643 481 2726 543 είς
2751 459 2853 534 τὸν
2870 478 3075 551 κόσμον
3099 479 3273 549 λέγει’
3304 459 3510 534 Θυσίαν
3535 481 3625 536 καὶ
3639 500 3777 554 ⁴προσ·
3863 459 3865 489 Ι

533 561 740 623 tionem
772 563 1043 631 noluisti;
1083 578 1285 636 corpus
1327 575 1514 621 autem
1555 569 1760 638 aptastl
1795 567 1986 625 mihi:
2026 566 2113 624 h0-

2238 570 2403 642 popav
2433 570 2537 625 οὐκ
2561 569 2857 642 ἠθέλησας,
2887 569 3048 643 σῶμα
3073 570 3131 624 δὲ
3159 571 3474 642 κατηρτίσω
3513 588 3621 642 μοι.
3660 573 3778 630 Ὀλο-

535 657 907 715 locautomata
933 664 990 714 et
1024 671 1126 729 pro
1156 667 1385 730 peccato
1433 674 1543 715 non
1594 660 1697 717 tibi
1754 659 2122 733 placuerunt;

534 759 666 805 tunc
693 747 810 805 disi
845 765 862 805 :
904 747 1048 806 Ecce
1100 749 1287 806 venio.
1328 749 1403 805 ln'
1436 752 1623 823 capite
1665 751 1801 809 libri
1850 753 2123 825 scriptum

529 851 618 900 est
641 842 711 898 de
735 856 842 909 me,
874 849 934 898 ut
962 840 1186 910 faciam,
1214 843 1380 909 Deus.
1415 847 1759 904 voluntatem
1791 853 1970 907 tuam.
1999 865 2024 901 a

599 933 657 990 id
685 944 792 1000 est,
827 949 936 990 non
968 935 1145 1008 ipsam
1177 936 1491 992 veritatem.

597 1025 684 1085 De
739 1026 982 1084 victimis
1024 1028 1316 1100 loquitur,
1382 1045 1504 1102 quae
1553 1045 1655 1103 pro
1713 1033 2123 1091 condonatione

530 1115 925 1174 offerebantur.

601 1207 769 1267 Vens.
799 1211 853 1279 8,
880 1211 935 1269 9.
981 1232 1001 1268 ι
1039 1212 1312 1285 Superius
1359 1214 1571 1283 dicens,
1618 1215 1749 1288 quia
1797 1216 2032 1286 hostias,
2067 1229 2123 1276 et

530 1304 890 1370 oblationem,
927 1315 983 1362 et
1025 1306 1503 1376 holocautomata,
1533 1319 1588 1364 et
1625 1322 1730 1379 pro
1765 1318 1993 1381 peccato
2015 1325 2119 1366 no-

532 1395 701 1462 luisti,
740 1411 843 1452 nec
867 1397 1070 1467 placita
1118 1406 1250 1454 sunt
1283 1399 1404 1464 tibi,
1447 1414 1571 1471 qua:
1611 1403 1913 1458 secundum
1943 1401 2119 1476 legem

525 1487 856 1555 oﬂeruntnr,
899 1496 1032 1543 tunc
1063 1489 1246 1545 dixit:
1290 1489 1430 1545 Ecce
1461 1490 1646 1546 venio.
1683 1509 1703 1546 ι

599 1581 784 1637 Veteri
824 1580 1168 1638 Testimonio
1217 1582 1460 1652 probat'
1488 1584 1841 1641 victimarum
1885 1583 2121 1641 oblatio-

525 1687 653 1730 nem
691 1671 928 1728 desiisse
961 1687 1027 1727 οι
1064 1686 1176 1741 quo
1211 1671 1471 1728 Christus
1513 1673 1683 1738 venit,
1716 1675 1932 1732 tametsi
1964 1674 2120 1732 vide-

2228 658 2570 734 καυτὼματα
2605 661 2700 716 καὶ
2732 662 2862 733 περὶ
2894 661 3175 733 ἁμαρτίας
3209 661 3310 716 οὐκ
3337 662 3653 734 εὐδόκησας,
3680 667 3778 722 τότε

2226 748 2405 822 εἶπον,
2449 753 2584 808 Ἰδοὺ
2633 751 2768 823 έγώ.
2833 754 2922 808 Ἐν
2967 752 3220 824 κεφαλίδι
3265 753 3472 826 βιϐλίου
3503 755 3778 828 γέγραπται

2226 846 2359 919 περὶ
2391 844 2550 918 ἐμοῦ,
2580 845 2676 901 τοῦ
2714 846 2939 919 ποιῆσαι
2972 848 3002 900 ὁ
3028 846 3164 912 Θεὸς
3191 846 3255 901 τὸ
3281 846 3498 920 θέλημά
3530 865 3638 906 σου.
3671 868 3691 903 ι

2297 937 2593 993 Τουτέστιν
2616 939 2720 992 οὐκ
2746 938 2923 1011 αὐτὴν
2960 939 3060 1012 τὴν
3090 938 3378 1013 ἀλήθειαν.

2295 1029 2463 1100 Λέγει
2494 1031 2552 1085 δὲ
2583 1031 2686 1096 τὰς
2709 1031 2906 1098 Θυσίας
2931 1031 3032 1105 τῆς
3054 1032 3328 1104 ἀφέσεως.

2299 1231 2318 1264 ε
2373 1210 2672 1284 Ἀνώτερον
2706 1209 2903 1282 λέγων,
2933 1209 3017 1264 ὅτι
3047 1209 3273 1278 Θυσίαν,
3318 1208 3414 1263 καὶ
3457 1209 3775 1283 προσφορὰν,

2225 1302 2324 1358 καὶ
2370 1299 2806 1374 ὁλοκαυτώματα
2829 1341 2846 1365 ,
2888 1301 2986 1356 καὶ
3026 1301 3158 1373 περὶ
3187 1301 3466 1373 ἁμαρτίας
3495 1302 3594 1356 οὐκ
3616 1302 3780 1374 ἠθέλη-

2224 1412 2344 1464 σας,
2377 1394 2497 1449 οὐδὲ
2528 1393 2861 1467 εὐδόκησας’
2909 1395 3116 1459 αἵτινες
3151 1394 3295 1449 κατὰ
3322 1393 3418 1450 τὸν
3461 1393 3625 1468 νόμον
3647 1411 3780 1469 προσ·

2221 1486 2516 1560 φέρονται·
2540 1486 2662 1540 τότε
2688 1485 2932 1558 εἴρηκεν*
2973 1486 3101 1542 Ἰδοὺ
3134 1487 3278 1557 ἥκω.
3324 1503 3346 1539 ι

2308 1579 2593 1634 Δείκνυσιν
2640 1581 2705 1633 έκ
2753 1577 3080 1652 Μαρτυρίας
3122 1577 3390 1644 Παλαιᾶς,
3440 1577 3528 1632 δτι
3575 1572 3781 1652 ἁφ⁹οῦίι

2219 1668 2490 1742 ἐπιδημία
2522 1669 2787 1742 Χριστοῦ,
2821 1670 3099 1724 πέπαυται
3130 1669 3203 1724 τὰ
3229 1668 3342 1723 τῶν
3374 1668 3604 1734 θυσιῶν,
3635 1670 3680 1724 ei
3710 1671 3782 1724 καὶ

529 1771 730 1823 bantur
761 1764 942 1822 adhuc
981 1763 1196 1820 oli‘erri.
1234 1763 1536 1836 Tantisper
1585 1767 1736 1823 enim
1791 1766 2113 1839 differebat;

2238 1763 2472 1819 Ξοκοῦσιν
2515 1763 2596 1820 ῑτι
2644 1763 3075 1837 προσφέρεσθαι.
3131 1764 3492 1820 Ἀνεὸἀλλετο
3533 1763 3640 1838 γὰρ
3674 1763 3782 1837 πρὸς

525 1876 592 1917 ac
613 1861 831 1916 demum
869 1861 1033 1914 linem
1075 1858 1185 1916 illis
1221 1859 1508 1930 imposuit.

596 1951 764 2025 248
797 1971 815 2004 ε
862 1951 932 2006 Ut
965 1951 1164 2006 faciam
1193 1952 1536 2009 voluntatem
1575 1960 1752 2021 tuam,
1797 1953 1964 2012 Deus.
1999 1955 2118 2011 An-

525 2043 634 2098 fert
668 2044 928 2113 primum,
967 2051 1026 2097 ut
1058 2057 1298 2114 sequens
1326 2053 1558 2101 statuat.
1586 2044 1782 2118 ίνειιε.
1814 2045 2027 2121 10-18.]
2059 2048 2120 2104 in

526 2150 634 2208 qua
669 2135 953 2190 voluntate
1002 2136 1332 2190 sanctiﬁcati
1373 2153 1590 2202 sumus,
1619 2139 1712 2210 qui
1746 2154 1846 2212 per
1886 2140 2122 2197 oblatio-

527 2242 654 2283 nem
687 2228 938 2298 corporis
970 2224 1101 2283 Jesu
1129 2225 1340 2284 Christi
1373 2229 1563 2286 semel.
1590 2228 1860 2289 Et-omnis
1893 2233 2118 2304 quidem

529 2319 789 2377 sacerdos
813 2327 1019 2390 praesto
1050 2331 1136 2376 est
1159 2321 1409 2391 quotidie
1435 2321 1786 2394 ministrans,
1818 2333 1872 2382 et
1896 2324 2117 2382 easdem

533 2429 680 2485 stepe
709 2411 951 2469 offerens
983 2413 1216 2479 bOstias,
1257 2429 1380 2485 qua:
1427 2431 1710 2487 nunquam
1741 2425 1982 2489 possunt
2018 2433 2118 2474 au-

531 2505 673 2562 ferre
704 2515 950 2576 peccata.
981 2504 1091 2562 llic
1125 2515 1307 2562 autem
1353 2523 1518 2563 unam
1551 2524 1654 2580 pro
1690 2509 1940 2589 peccatis
1987 2509 2122 2566 olfe-

527 2614 659 2657 rens
690 2598 951 2664 bestiam.
1005 2600 1059 2655 in
1124 2601 1524 2671 sempiternum
1575 2602 1730 2660 sedet
1789 2603 1844 2659 in
1888 2603 2121 2661 dextera

522 2689 650 2756 ﬁci,
683 2689 752 2748 de
773 2699 978 2749 caetero
998 2705 1350 2765 exspectans,
1385 2695 1562 2753 donec
1592 2708 1874 2770 ponantur
1907 2697 2118 2755 inimici

518 2782 650 2854 ejus
681 2801 702 2836 ι
2073 2785 2084 2789 ’

599 2874 870 2948 Melpsum
901 2876 1191 2945 tradendo,
1223 2877 1426 2949 inquit.

606 2986 626 3021 ι
660 2968 970 3025 Scabellnm
1019 2969 1220 3041 pedum
1265 2971 1408 3040 ejus.
1467 2971 1590 3028 Una
1641 2975 1788 3031 enim
1841 2974 2122 3034 oblatione

528 3065 934 3119 consummavit
965 3065 1021 3118 in
1061 3072 1334 3120 aeternum
1373 3066 1773 3126 sanetiiicatos.
1825 3069 2117 3126 Coniecta-

531 3163 625 3210 tur
655 3161 842 3210 autem
871 3170 973 3211 nos
1003 3163 1058 3212 et
1084 3155 1326 3227 Spiritus
1360 3165 1609 3216 sanctus.
1643 3161 1943 3233 Postquam
1969 3161 2113 3218 enim

531 3248 714 3304 dixit:
744 3246 862 3302 Hoc
903 3257 1088 3305 autem
1132 3256 1551 3315 testamentum,
1582 3252 1731 3324 quod
1757 3254 2009 3310 testabor
2047 3254 2116 3311 ad

532 3341 657 3402 illos
682 3349 806 3411 post
832 3339 954 3396 dies
999 3339 1143 3408 illos,
1186 3341 1321 3398 dicit
1353 3343 1618 3400 Dominus
1667 3363 1681 3401 :
1728 3345 1912 3404 dando
1969 3346 2118 3420 leges

528 3445 686 3490 meas
718 3430 773 3485 in
817 3431 1082 3488 cordibus
1123 3448 1336 3500 eorum,
1383 3445 1438 3491 et
1493 3436 1549 3490 in
1604 3437 1882 3496 mentibus
1924 3454 2116 3495 eorum

527 3525 942 3597 superscribam
990 3540 1108 3594 eas,
1162 3535 1217 3582 et
1249 3537 1600 3599 peccatorum
1650 3539 1706 3588 et
1763 3531 2117 3605 iniquitatum

512 3614 638 3684 jam
681 3629 791 3670 non
823 3615 1160 3675 recordabar
1206 3619 1467 3690 amplius.
1517 3620 1621 3678 Ubi
1675 3629 1861 3679 autem
1921 3624 2118 3680 borum

527 3705 808 3772 remissio,
839 3705 954 3778 jam
983 3722 1097 3763 non
1127 3716 1215 3764 est
1241 3709 1449 3767 oblatio
1487 3725 1587 3782 pro
1617 3722 1864 3785 peccato.
1897 3733 1920 3770 ι

603 3883 861 3952 Inimicos
891 3886 1162 3956 nominat,
1196 3888 1440 3960 Judzeos.
1469 3902 1523 3948 et
1551 3890 1854 3964 daemones,
1877 3905 1931 3951 et
1961 3907 2119 3968 quot-

529 3983 667 4048 quot
693 3975 1077 4047 pradicationi
1116 3977 1401 4052 Evangelii
1440 3980 1747 4039 obsistunt.

600 4065 769 4125 νεεδ.
826 4068 912 4125 l9.
985 4087 1005 4122 ι
1057 4068 1336 4128 Habentes
1393 4072 1622 4144 itaque,
1682 4074 1924 4144 fratres,
1981 4077 2118 4135 fidu-

527 4163 690 4227 ciam,
725 4180 744 4215 ι

594 4252 1071 4322 Quemadmodum
1099 4266 1348 4326 peccata,
1380 4260 1582 4330 inquit,
1611 4263 1873 4334 pudorem
1904 4274 2119 4336 creant,

530 4346 615 4401 sic
643 4359 867 4418 quoque
901 4344 1162 4402 fiduciam
1204 4357 1260 4404 et
1311 4349 1623 4409 libertatem
1658 4355 1948 4424 habemus,
1990 4359 2119 4416 dum

2219 1854 2428 1924 ὀλίγον,
2452 1849 2575 1909 εἷτα
2603 1854 2888 1926 έπήγαγεν
2907 1855 3089 1910 αὐτῶν
3113 1853 3175 1910 τδ
3198 1853 3376 1918 τέλος.

2296 1967 2318 2002 ε
2355 1947 2466 2003 Τοῦ
2495 1948 2718 2020 ποιῆσαι
2745 1947 2808 2003 τὸ
2835 1947 3053 2021 θέλημά.
3093 1949 3248 2014 σου,ὀ
3278 1946 3439 2010 Θεός.
3483 1947 3713 2019 ’Δναιρεῐ
3737 1946 3784 2001 τὸ

2221 2040 2462 2114 πρῶτον,
2516 2041 2604 2096 ινα
2654 2040 2717 2095 τδ
2768 2040 3022 2114 δεύτερον
3074 2043 3270 2114 στήσῃ.
3327 2042 3423 2095 Ἐν
3464 2031 3512 2110 ᾧ
3547 2039 3783 2114 θελήματι

2219 2134 2546 2206 ἡγιασμένοι
2575 2134 2768 2206 ἐσμὲν,
2793 2136 2842 2188 oi
2862 2133 2954 2191 διὰ
2970 2134 3071 2205 τῆς
3095 2134 3418 2206 προσφορᾶς
3441 2132 3538 2188 τοῦ
3561 2132 3783 2204 σώματος

2231 2225 2407 2299 Ἰησοῦ
2445 2225 2686 2300 Χριστοῦ
2717 2227 2960 2298 ἐφάπαξ.
3005 2226 3117 2286 Καὶ
3151 2227 3262 2291 πᾶς
3297 2227 3401 2298 μὲν
3435 2225 3620 2298 ίεριὺς
3643 2225 3777 2293 ιστη-

2219 2337 2318 2377 κεν
2351 2319 2478 2375 καθ’
2512 2321 2734 2394 ἡμέραν
2774 2317 3133 2392 λειτουργῶν,
3183 2319 3280 2374 καὶ
3308 2319 3413 2384 τὰς
3462 2318 3636 2383 αὐτὰς
3676 2317 3782 2373 πολ-

2218 2413 2380 2478 λάκις
2412 2413 2744 2486 προσφέρων
2775 2412 2990 2476 θυσίας,
3035 2412 3247 2476 αἵτινες
3271 2411 3539 2466 οὐδέποτε
3567 2410 3781 2467 δύνανται

2221 2506 2493 2579 περιελεῖν
2519 2504 2798 2578 ἁμαρτίας
2835 2518 2852 2535 ⁸
2879 2505 3046 2568 αὐτὸς
3078 2505 3138 2559 δὲ
3179 2505 3310 2577 μίαν
3346 2507 3495 2578 ὐπὶρ
3538 2504 3780 2579 ἁμαρτιῶν

2220 2597 2596 2672 προσενέγκας
2645 2597 2863 2665 θυσίαν,
2912 2598 2995 2663 είς
3045 2597 3107 2652 τδ
3156 2597 3412 2670 διηνεκές
3468 2598 3710 2655 mem
3736 2599 3779 2651 έν

2219 2692 2371 2764 δεξιᾷ
2400 2690 2496 2747 τοῦ
2527 2690 2686 2758 Θεοῦ,
2727 2691 2791 2746 τὸ
2819 2690 3008 2747 λοιπὸν
3033 2691 3424 2765 έκδεχόμενος,
3452 2692 3564 2759 ἓως
3588 2691 3780 2748 τεθῶσιν

2223 2785 2273 2840 οἱ
2306 2783 2495 2856 έχθροὶ
2530 2780 2700 2837 αὑτοῦ
2741 2800 2762 2835 ι

2292 2875 2403 2930 Τοῦ
2435 2875 2697 2948 ἐμαυτὸν,
2727 2875 2916 2947 φησιν,
2949 2875 3203 2932 ἐκδοῦναι
3223 2912 3244 2930 .

2297 2987 2316 3020 ι
2347 2966 2670 3024 ’Υποπὸδιον
2695 2967 2806 3021 τῶν
2827 2966 3006 3024 ποδῶν
3036 2966 3225 3024 αὐτοῦ’
3257 2968 3365 3041 μιᾷ
3384 2967 3501 3042 γὰρ
3535 2967 3778 3042 προσφορᾷ

2221 3059 2573 3116 τετελείωκεν
2628 3061 2710 3126 τίς
2776 3060 2840 3116 τδ
2894 3061 3146 3134 διηνεκὲς
3199 3060 3331 3127 τοὺς
3395 3061 3776 3134 ἁγιαζομένους.

2220 3155 2513 3227 Μαρτυρεῖ
2537 3153 2594 3208 δὲ
2621 3155 2755 3226 ἡμῖν
2782 3154 2876 3210 καὶ
2901 3155 2960 3209 τὺ
2985 3153 3216 3226 Πνεῦμα
3235 3153 3296 3209 τδ
3317 3153 3514 3225 ἅγιον·
3547 3154 3677 3228 μετὰ
3695 3155 3779 3228 γὰρ

2218 3247 2280 3302 τὸ
2312 3248 2409 3303 καὶ
2445 3247 2872 3320 προειρηκέναι,
2917 3247 3066 3322 Δῦτη
3095 3249 3129 3320 ἡ
3157 3247 3424 3322 διαθήκη,
3461 3251 3530 3322 ἢν
3561 3247 3780 3321 διαθήσο-

2226 3357 2327 3412 μαι
2357 3341 2493 3414 πρδς
2539 3340 2734 3406 αὐτοὺς
2787 3338 2928 3412 μετὰ
2978 3338 3080 3404 τὰς
3113 3339 3332 3414 ἡμέρας
3377 3339 3634 3406 ὲκείνας,
3661 3339 3780 3407 λέγει

2220 3432 2428 3505 Κύριος
2446 3474 2464 3501 ,
2492 3431 2680 3496 Διδοῦς
2709 3430 2912 3505 νόμους
2945 3448 3048 3505 μου
3081 3432 3178 3489 hri
3224 3429 3465 3504 καρδίας
3493 3432 3686 3496 αὐτῶν,
3709 3430 3780 3486 καὶ

2227 3525 2324 3580 ἐπὶ
2367 3525 2479 3581 τῶν
2501 3523 2752 3581 διανοιῶν
2779 3523 2963 3582 αὐτῶν
3003 3525 3298 3599 έπιγράψω
3323 3526 3553 3593 αὐτοὺς,
3583 3526 3672 3581 καὶ
3697 3523 3779 3579 τῶν

2220 3613 2511 3686 ἁμαρτιῶν
2560 3614 2765 3684 αὐτῶν,
2816 3615 2914 3671 καὶ
2965 3615 3081 3672 τῶν
3129 3615 3377 3689 ἀνομιῶν
3405 3618 3595 3674 αὐτῶν
3639 3616 3694 3670 οὐ
3720 3615 3777 3688 μὴ

2225 3706 2450 3778 μνησθῶ
2489 3705 2594 3762 ἔτι.
2627 3706 2806 3762 Ὅπου
2836 3707 2895 3763 δδ
2924 3708 3124 3782 ἄνεσις
3155 3709 3392 3778 τούτων,
3424 3710 3614 3768 οὐκέτι
3643 3726 3776 3784 προσ-

2223 3797 2367 3869 φορὰ
2399 3799 2530 3873 περὶ
2558 3799 2856 3874 ἁμαρτίας.
2904 3817 2924 3852 a

2303 3892 2585 3963 Ἐ’χθροὺς
2629 3891 2797 3950 αὑτοῦ
2849 3893 3138 3959 Ἰουδαίους
3169 3891 3342 3964 λέγει,
3394 3893 3498 3950 καὶ
3528 3893 3774 3967 δαίμονες,

2223 3987 2321 4042 καὶ
2351 3986 2562 4052 πάντας
2591 3987 2718 4052 τοὺς
2749 3985 3174 4053 ἀντιπίπτοντας
3202 3984 3280 4059 τῷ
3299 3987 3648 4062 κηρύγματι.

2295 4099 2315 4133 ι
2355 4082 2615 4152 Ἔχοντες
2646 4075 2761 4149 οὖν,
2790 4078 3040 4150 ἀδελφοὶ,
3069 4079 3415 4154 παρρησίαν,
3451 4099 3476 4138 ν

2292 4174 2511 4249 Ὥσπερ
2552 4173 2663 4248 γὰρ
2715 4175 3004 4249 αἰσχύνην,
3052 4174 3214 4248 φησι,
3264 4178 3414 4230 ποιεί
3448 4175 3520 4233 τὰ
3557 4176 3772 4248 apam-

2221 4283 2392 4339 ματα,
2416 4264 2560 4321 οὕτω
2589 4268 2931 4340 παρρησίαν,
2960 4265 3020 4321 τὸ
3042 4266 3219 4323 πάντα
3242 4266 3522 4339 ἀφεθῆναι
3545 4267 3686 4339 ἡμῖν,
3704 4267 3774 4320 καὶ

2223 4360 2704 4434 συγκληρονόμους
2738 4359 3019 4432 γενέσθαι,
3062 4360 3158 4417 καὶ
3201 4359 3481 4433 τοσαύτης
3502 4359 3773 4418 ἀπολαῦσαι

527 4447 731 4495 cuncta
762 4437 924 4496 nobis
947 4442 1374 4512 condonantur;
1405 4443 1482 4499 ita
1505 4453 1561 4500 ut
1585 4447 1902 4507 cobmredes
1927 4451 2120 4508 etlicia-
2147 4470 2196 4533 ι)
2223 4449 2469 4520 ἀγάπης.

528 4547 676 4596 mur,
707 4545 776 4588 ac
798 4539 967 4588 tantae
993 4533 1317 4593 dilectionis
1346 4538 1666 4611 participes.

603 4644 624 4678 ι
669 4626 728 4681 in
783 4625 1018 4683 introitu
1081 4639 1400 4686 sanctorum
1452 4632 1506 4686 in
1569 4633 1842 4707 sanguine
1889 4635 2120 4704 Christi,

530 4718 727 4793 [Vnum
766 4722 861 4787 20,
887 4719 984 4794 21]
1028 4736 1194 4794 quem
1254 4722 1495 4780 initiavit
1534 4725 1695 4782 nobis
1742 4727 1886 4784 viam
1921 4745 2119 4788 novam

527 4821 584 4869 et
611 4811 908 4878 viventem,
933 4829 1031 4884 per
1056 4814 1331 4880 velamen,
1358 4814 1416 4871 id
1461 4825 1548 4873 est
1581 4833 1804 4874 carnem
1837 4835 2025 4892 suam;
2065 4831 2120 4878 et

529 4903 868 4961 sacerdotem
896 4919 1159 4977 magnum
1188 4920 1358 4980 super
1385 4905 1613 4966 domum
1648 4911 1764 4968 Dei.
1807 4933 1827 4965 ι

600 4998 814 5056 Caelum
848 5000 1062 5057 scilicet
1091 5001 1294 5057 innuit.

601 5090 767 5149 Vens.
796 5092 990 5149 22-24.
1028 5112 1049 5147 ι
1093 5094 1445 5154 Accedamus
1496 5114 1622 5155 cum
1673 5115 1804 5157 vero
1849 5103 2015 5161 corde
2065 5104 2118 5160 in

529 5185 878 5258 plenitudine
899 5185 1050 5255 ﬁdei,
1081 5189 1296 5260 aspersi
1332 5192 1498 5248 corda
1531 5207 1563 5247 a
1584 5196 1927 5253 conscientia
1953 5199 2118 5266 mala,

526 5285 583 5335 et
626 5278 800 5335 abluti
858 5293 1061 5352 corpus
1119 5297 1261 5356 aqua
1325 5285 1531 5344 munda
1580 5303 1598 5345 :
1655 5296 1944 5348 teneamus
1992 5292 2117 5350 tldei

524 5381 732 5427 nostra
767 5370 1177 5433 confessionem
1224 5377 1681 5438 indeclinabilem
1719 5381 1924 5454 (ﬁdelis
1967 5384 2118 5441 enim

525 5471 636 5531 est,
658 5464 752 5537 qui
782 5468 1138 5542 repromisit),
1164 5477 1221 5529 et
1256 5473 1670 5534 consideremus
1709 5475 1944 5536 invicem
1979 5497 2001 5533 ι

597 5729 793 5792 ‘Psal.
864 5747 1060 5802 xxxix,
1101 5733 1156 5793 7.

2301 4561 2320 4594 ι
2354 4544 2448 4607 Et;
2473 4542 2573 4614 τὴν
2601 4540 2808 4598 εἴσοδον
2837 4541 2947 4598 τῶν
2972 4541 3144 4613 ἁγίων
3169 4543 3229 4600 έν
3253 4541 3334 4618 τῷ
3364 4544 3561 4618 αἵματι
3600 4540 3767 4617 Ἰησοῦν

2218 4636 2285 4706 ῆν
2321 4634 2621 4689 ὲνεκαίνισε
2656 4635 2794 4706 ἡμῖν
2835 4634 2954 4694 ὁδὸν
2996 4633 3315 4709 πρόσφατον
3351 4637 3451 4694 καὶ
3477 4633 3670 4704 ζῶσαν,
3701 4633 3768 4687 διὰ

2217 4726 2314 4782 τοῦ
2342 4726 2863 4799 καταπετάσματος,
2895 4725 3147 4784 τουτέστι
3188 4726 3291 4796 τῆς
3345 4729 3553 4803 σαρκὸς
3595 4724 3764 4785 αὑτοῦ·

2219 4821 2313 4874 καὶ⁵
2346 4819 2498 4890 ἱερέα
2524 4819 2699 4891 μέγαν
2722 4819 2821 4874 ἐπὶ
2843 4818 2935 4874 τὸν
2959 4814 3111 4875 οἷκον
3138 4818 3236 4875 τοῦ
3265 4819 3424 4879 Θεοῦ.
3465 4839 3489 4877 t

2290 5007 2395 5062 Τὸν
2431 5008 2663 5082 οὐρανόν
2688 5027 2848 5082 φησι.

2293 5121 2312 5154 ι
2355 5101 2801 5176 Προσερχὼμεθα
2835 5102 2958 5174 μετ’
2988 5102 3253 5175 ἀληθινῆς
3295 5103 3524 5178 καρδίας
3561 5104 3617 5158 έν
3648 5102 3762 5171 πλη·

2222 5196 2454 5269 ροφορίᾳ
2497 5197 2757 5263 πίστεως,
2798 5198 3215 5273 έρῤαντισμένοι
3259 5197 3359 5264 τὰς
3404 5197 3628 5272 καρδίας
3674 5197 3759 5252 dmi

2225 5288 2589 5361 συνειδήσεως
2645 5291 2925 5362 πονηρᾶς,
2971 5287 3071 5344 κα).
3125 5284 3446 5360 λελουμένοι
3507 5288 3567 5342 τὸ
3630 5286 3758 5356 σῶμα

2225 5381 2379 5438 ὕδατι
2407 5380 2656 5455 καθαρῷ,
2683 5381 3008 5455 κατέχωμεν
3030 5380 3132 5454 τὴν
3155 5381 3450 5453 ὁμολογίαν
3467 5381 3565 5453 τῆς
3581 5376 3759 5440 ἐλπίδος

2221 5474 2450 5548 ἀκλινῆ·
2498 5474 2694 5539 πιστὸς
2736 5473 2849 5549 γὰρ
2879 5475 2910 5532 δ
2951 5472 3458 5548 έπαγγειλάμενος·
3508 5471 3596 5529 καὶ
3621 5484 3757 5527 κατι·

2222 5570 2434 5646 νοῶμεν
2457 5568 2719 5644 ἀλλήλους
2753 5589 2776 5626 ι
