3880 6254
479 286 582 353 979

1695 296 1753 355 S.
1791 296 2117 368 JOANNIS
2159 299 2602 365 DAMASCENI

3623 309 3719 374 980

550 402 796 461 Observa
823 419 954 462 eum
991 405 1060 462 de
1089 421 1174 472 se,
1207 417 1265 462 ut
1296 414 1352 464 et
1385 407 1454 464 de
1481 408 1606 472 aliis
1635 409 1730 479 qui
1769 411 2056 468 constricti

2247 412 2438 488 Ὁρᾷς,
2487 415 2733 488 δτιπερὶ
2762 416 2933 472 αὐτοῦ
2981 433 3142 489 φησι,
3178 417 3280 473 καὶ
3309 417 3416 472 τῶν
3445 418 3612 476 ἄλλων
3651 425 3724 477 δε-

475 498 714 564 vinculis
750 497 980 565 fuerint,
1022 497 1076 560 in
1123 497 1426 557 hunciere
1467 501 1688 559 modum
1729 501 1906 572 loqui.
1940 501 2060 558 Non

478 590 838 646 existimastis
873 589 990 645 haec
1014 589 1236 645 vincula
1261 596 1318 646 et
1345 598 1571 651 catenas
1601 606 1744 658 esse,
1790 591 1889 650 sed
1913 595 2062 651 velut

478 683 698 738 athletae
730 684 1007 754 generosi,
1064 681 1143 738 ita
1203 683 1479 752 stetistis;
1536 684 1666 755 quia
1710 699 1824 741 non
1880 688 2060 743 nostri

477 790 644 831 causa
685 775 953 840 duntaxat
985 788 1124 846 opus
1168 789 1282 830 non
1333 775 1608 834 habuistis
1656 779 2058 848 consolatione,

475 867 572 923 sed
599 875 654 923 et
679 866 784 938 ipsi
820 866 946 923 aliis
975 866 1178 923 solatio
1212 866 1420 926 fuistis.

552 978 572 1013 ε
617 959 755 1030 Cum
812 958 1012 1031 gaudio
1068 960 1394 1033 suscepistis
1435 978 1452 1017 :
1506 972 1908 1034 cognoscentes
1959 979 2059 1022 vos

477 1052 686 1108 habere
711 1053 994 1108 meliorem
1019 1059 1074 1109 et
1096 1061 1410 1110 manentem
1440 1053 1832 1113 substantiam.
1863 1055 2051 1130 [νεεδ.

473 1143 690 1216 55-59.]
707 1142 885 1200 Nolite
903 1144 1090 1216 itaque
1107 1145 1360 1201 amittere
1381 1146 1774 1204 conﬁdentiam
1793 1159 2056 1218 vestram,

473 1251 598 1308 qua:
661 1250 920 1307 magnam
967 1234 1132 1293 habet
1195 1239 1725 1296 remunerationem.
1783 1239 2058 1298 Patientia

471 1327 621 1384 enim
651 1327 811 1384 vobis
853 1327 1170 1384 necessaria
1208 1337 1319 1393 est,
1371 1335 1431 1383 ut
1459 1330 1800 1390 voluntatem
1843 1330 1942 1388 Dei
1972 1331 2057 1387 fa-

471 1420 706 1486 cientes,
731 1421 1026 1492 reportetis
1063 1421 1507 1492 promissionem.
1543 1423 1740 1481 Adhuc
1763 1424 1912 1482 enim
1941 1440 2057 1481 mo-

471 1512 658 1568 dicum
691 1512 1119 1582 aliquantulum,
1170 1513 1265 1584 qui
1315 1523 1585 1574 venturus
1615 1527 1702 1574 est
1745 1520 1955 1588 veniet,
2001 1529 2059 1578 et

472 1603 879 1674 nontardahit.
914 1602 1108 1669 Justus
1129 1615 1311 1659 autem
1342 1620 1409 1659 ex
1451 1605 1554 1661 lide
1587 1606 1735 1663 vivet
1769 1625 1783 1662 :
1817 1608 1965 1679 quod
2008 1609 2057 1666 si

471 1697 816 1756 subtraxerit
854 1713 932 1763 se,
985 1713 1095 1753 non
1151 1697 1394 1768 placebit
1440 1699 1636 1754 animas
1683 1715 1818 1756 mete
1847 1700 1905 1756 in
1935 1702 2050 1758 illo.

2163 503 2412 575 δεμένων
2458 505 2656 570 οῦτως.
2711 507 2825 578 Οὐχ
2867 507 3162 578 ἡγήσασθε
3203 508 3380 581 δεσμά
3427 505 3588 577 εἶναι,
3623 511 3723 566 ἀλλ’

2165 594 2357 666 ὥσπρ
2388 595 2626 668 ἀθληταὶ
2655 601 2915 668 γενναῖοι,
2945 599 3124 664 οὕτως
3149 599 3367 672 ἔστητε,
3391 602 3473 657 ὅτι
3501 602 3558 658 οῦ
3585 604 3727 674 μόνον

2164 689 2224 742 ἐν
2261 692 2378 752 τοῖς
2416 690 2708 763 ἡμετέροις
2747 691 2850 746 οῦκ
2881 691 3098 746 δδέεσθε
3147 693 3568 766 παρακλήσεως,
3609 696 3728 752 ἀλλὰ

2162 783 2259 837 καὶ
2288 785 2406 847 τοῖς
2432 782 2616 848 ἄλλοις
2638 784 2895 854 ἐγένεσθε
2930 785 3304 858 παράκλησις.

2239 974 2260 1010 ε
2298 957 2458 1014 Μετὰ
2501 961 2680 1032 χαρᾶς
2712 960 3152 1032 προσεδέξασθε,
3201 962 3564 1033 γινώσκοντες
3604 964 3729 1038 ἔχειν

2160 1050 2382 1114 ἑαυτοῖς
2411 1050 2702 1124 κρείττονα
2748 1052 2989 1125 ὕπαρξιν
3019 1055 3080 1112 ὲν
3119 1054 3396 1126 οὐρανοῖς,
3436 1057 3534 1111 καὶ
3560 1058 3730 1129 μένου-

2163 1158 2286 1198 σαν.
2331 1142 2428 1217 Μὴ
2453 1144 2768 1218 ἀποϐάλητε
2805 1143 2902 1203 οῦν
2930 1147 3033 1220 τὴν
3071 1141 3394 1221 παρρησίαν
3429 1137 3599 1220 ὑμῶν,
3628 1150 3730 1221 ήτις

2161 1237 2276 1310 ἔχει
2309 1238 2742 1312 μισθαποδοσίαν
2793 1242 3063 1316 μεγάλην.
3113 1243 3434 1318 ’Υπομονῆς
3465 1245 3731 1318 γὰρ-ἔχετε

2160 1329 2377 1400 χρείαν,
2405 1330 2495 1386 ῐνα
2522 1329 2586 1386 τὸ
2627 1331 2844 1404 θέλημα
2877 1331 2972 1388 τοῦ
3017 1334 3154 1388 Θεοῦ
3204 1335 3556 1406 ποιήσαντες,
3589 1335 3728 1406 κομί-

2162 1420 2329 1493 σησθε
2375 1422 2477 1493 τὴν
2516 1413 2876 1495 ὲπαγὴελίαν.
2926 1424 3047 1478 Ἔτι
3102 1426 3212 1497 γὰρ
3275 1427 3476 1498 μικρὸν
3535 1415 3670 1495 ὅσον,
3708 1431 3734 1482 ὁ

2159 1513 2459 1585 ἐρχόμενος
2499 1515 2653 1589 ἥξει,
2704 1517 2802 1571 καὶ
2849 1518 2910 1572 οὐ
2967 1521 3209 1589 χρονιεῖο
3257 1520 3287 1572 ό
3322 1519 3382 1573 δὲ
3429 1519 3638 1584 δίκαιος
3681 1523 3733 1574 ὲκ

2157 1604 2398 1672 πίστεως
2419 1605 2670 1679 ζήσεται.
2707 1608 2821 1663 Καὶ
2843 1609 2939 1663 ἐὰν
2962 1608 3374 1678 ὑποστείληται,
3409 1610 3515 1664 οὐκ
3544 1611 3734 1666 εὐδοκεῖ

2159 1701 2194 1772 ἡ
2214 1699 2365 1773 ψυχή
2391 1717 2494 1772 μου
2525 1702 2583 1758 ὲν
2607 1701 2756 1772 αὐτῷ
2821 1700 3017 1773 Ἦμεῐς
3037 1702 3095 1755 δὲ
3115 1701 3218 1756 οὐκ
3247 1701 3418 1773 ἐσμὲν
3450 1703 3732 1772 ὑποστολῆς

462 1789 587 1869 ,Νρε
613 1797 796 1853 autem
829 1804 937 1848 non
970 1805 1167 1846 sumus
1205 1789 1606 1846 subtractionis
1646 1789 1745 1846 ﬁlii
1781 1791 1838 1847 in
1871 1793 2056 1863 perdi-

2174 1794 2240 1855 ιίς
2264 1792 2566 1860 ἀπώλειαν,
2584 1793 2724 1848 ἀλλὰ
2751 1793 3094 1860 πίστεωςνείς
3109 1794 3469 1866 περιποίησιν
3497 1795 3683 1868 ψυχῆς,
3713 1816 3727 1849 ι

471 1883 704 1950 tionem,
729 1881 823 1939 sed
859 1879 984 1940 ﬁdei
1021 1883 1078 1936 in
1115 1880 1539 1952 acquisitionem
1581 1881 1798 1938 animat.
1831 1901 1849 1935 ι

541 1977 648 2044 Qui
699 1991 824 2033 cum
875 1974 1076 2048 gaudio
1117 1975 1338 2042 tolerat,
1387 1975 1698 2031 mercedem
1755 1977 2056 2048 quamdam

472 2071 580 2133 sibi
611 2069 914 2142 repositam
963 2083 1087 2125 esse
1110 2067 1388 2135 ostendit;
1421 2069 1682 2142 quodque
1704 2084 1792 2128 res
1823 2069 1932 2127 sibi
1962 2071 2058 2129 de-

470 2161 739 2222 trimento
777 2175 891 2220 non
919 2159 1016 2229 sit,
1046 2159 1143 2218 sed
1173 2161 1492 2232 proventui.

1122 2295 1275 2354 CAP.
1317 2293 1390 2352 XI

541 2436 709 2496 Vens.
740 2437 845 2494 14.
891 2456 913 2490 ε
950 2436 1046 2496 Est
1091 2445 1274 2494 autem
1310 2435 1444 2496 ﬁdes
1482 2437 1883 2510 sperandarum
1914 2439 2050 2498 sub-

469 2531 681 2587 stantia
715 2543 922 2594 rerum,
959 2535 1346 2600 argumentum
1392 2543 1506 2585 non
1536 2530 1944 2602 apparentium.
1994 2531 2052 2586 In

469 2623 579 2680 hac
614 2621 763 2680 enim
789 2620 1170 2688 testimonium
1200 2618 1488 2678 consecuti
1529 2627 1660 2678 sunt
1684 2636 1866 2678 senes.
1913 2619 2052 2680 Fide

466 2713 832 2788 intelligimus
867 2721 1057 2787 aptata
1086 2729 1212 2771 esse
1256 2713 1458 2770 saecula
1493 2714 1665 2770 verbo
1691 2712 1811 2784 Dei,
1841 2724 1901 2769 ut
1939 2730 2054 2771 non

465 2821 538 2862 ex
586 2805 897 2862 visibilibus
958 2803 1218 2861 visibilis.
1255 2803 1470 2861 ﬁerent.
1547 2802 1681 2860 Fide
1753 2804 2052 2874 plurimam

467 2897 706 2968 hostiam
739 2897 897 2965 Abel,
923 2910 1086 2968 quam
1115 2895 1274 2960 Cain,
1305 2895 1511 2951 obtulit
1543 2895 1692 2962 Deo;
1745 2909 1842 2965 per
1885 2907 2052 2966 quam

470 2990 849 3050 testimonium
901 2998 1241 3057 consecutus
1271 2996 1378 3055 est,
1452 3003 1578 3046 esse
1625 2989 1839 3058 justus,
1894 2986 2048 3044 testi-

467 3098 713 3158 monium
747 3083 1076 3156 perhibente
1124 3081 1448 3143 muneribus
1499 3073 1621 3152 ejus
1664 3081 1802 3150 Deo;
1846 3088 1903 3138 et
1953 3095 2053 3152 per

465 3174 620 3230 illam
649 3172 937 3231 defunctus
987 3194 1005 3226 ι

537 3265 658 3325 Nisi
715 3269 841 3342 quis
895 3267 1201 3326 invisibilia
1242 3267 1571 3326 certitudine
1611 3269 1808 3338 majori
1842 3275 2049 3336 teneat,

468 3377 634 3435 quam
663 3377 787 3435 quae
815 3361 1098 3431 videntur,
1132 3360 1267 3419 ﬁdes
1294 3376 1418 3419 esse
1449 3375 1562 3418 non
1595 3368 1796 3434 potest.

529 3549 696 3623 περ
723 3547 920 3604 Adhuc
943 3545 1210 3618 loquitur.
1238 3544 1431 3618 [νεεδ.
1473 3541 1620 3616 5-7.]
1661 3560 1680 3596 ι
1706 3541 1837 3598 Fide
1861 3540 2051 3606 Enocb

468 3644 770 3701 translatus
795 3651 880 3699 est
909 3656 980 3698 ne
1009 3640 1221 3696 videret
1261 3646 1517 3702 mortem,
1551 3645 1606 3693 et
1646 3651 1756 3692 non
1806 3635 2052 3690 invenie-

468 3740 656 3807 batur,
701 3735 828 3808 quia
854 3733 1138 3791 transtulit
1171 3732 1327 3788 illum
1351 3731 1526 3798 Deus;
1565 3739 1696 3785 ante
1726 3728 2052 3784 translatiov

467 3846 595 3888 nem
627 3829 776 3887 enim
809 3825 1188 3885 testimonium
1216 3823 1412 3880 habuit
1451 3823 1728 3894 placuisse
1757 3822 1880 3878 Deo.
1924 3819 2054 3876 Sine

467 3923 576 3980 ﬁde
623 3929 807 3978 autem
857 3917 1206 3991 impossibile
1249 3921 1334 3972 est
1364 3915 1584 3986 placere
1628 3913 1758 3970 Deo.
1812 3911 2054 3969 Credere

465 4015 613 4076 enim
653 4021 869 4084 oportet
908 4007 1262 4067 accedentem
1317 4005 1384 4060 ad
1431 4003 1627 4071 Deum,
1672 4002 1806 4075 quia
1851 4007 1952 4064 est,
1997 4007 2055 4055 ct

466 4108 883 4182 inquirentibus
958 4120 1020 4161 se
1081 4106 1472 4159 remunerator
1540 4096 1633 4152 sit.
1711 4093 1845 4152 Fide
1912 4093 2051 4162 Noe,

466 4215 738 4275 responso
773 4206 1002 4270 accepto
1034 4197 1103 4252 de
1139 4195 1208 4251 iis
1239 4209 1360 4266 quae
1404 4191 1585 4248 adhuc
1624 4205 1736 4246 non
1783 4189 2055 4246 videban-

467 4305 583 4362 tur,
625 4303 874 4351 metuens
930 4289 1141 4362 aptavit
1198 4301 1388 4355 arcam
1449 4284 1506 4341 in
1563 4283 1800 4340 salutem
1855 4281 2054 4338 domus

466 4403 604 4444 suan
647 4405 668 4439 ι

539 4475 1018 4547 Quemadmodum
1075 4472 1279 4531 cmlum
1329 4472 1465 4544 ipso.
1504 4476 1735 4542 aspectu
1782 4468 2055 4524 duntaxat
2086 4495 2130 4561 ι)

467 4588 572 4631 suo
627 4572 897 4643 loquitur,
945 4569 1026 4624 sic
1079 4575 1136 4623 et
1191 4563 1363 4633 Abel,
1421 4562 1552 4619 dum
1613 4561 1668 4616 in
1729 4559 2052 4617 memoriam

468 4666 639 4726 venit.

543 4776 567 4813 ε
599 4757 706 4814 Per
737 4772 901 4828 quam
939 4754 1221 4811 damnavit
1250 4751 1536 4807 mundum.
1578 4768 1596 4801 ι

537 4848 794 4912 Ostendit
845 4851 993 4906 enim
1045 4863 1143 4904 eos
1192 4861 1317 4904 esse
1370 4845 1567 4917 dignos
1617 4840 1913 4913 SUpplicio,
1958 4853 2054 4909 qui

469 4962 652 5022 neque
685 4945 818 5002 dum
855 4943 1225 5002 fabricaretur
1246 4953 1400 5003 arca,
1435 4938 1503 4994 ad
1538 4936 1833 4993 sanitatem
1876 4931 2056 4997 redie-

473 5049 625 5099 runt.

549 5156 566 5189 ε
601 5134 665 5189 Et
694 5133 926 5205 justitiae
952 5143 1072 5200 qua:
1094 5125 1398 5192 secundum
1429 5123 1590 5182 ﬁdem
1619 5130 1726 5190 est,
1747 5119 1938 5193 hazres
1973 5123 2059 5174 est

471 5227 782 5285 institutus.
817 5241 836 5275 ι

542 5319 660 5374 Hoc
686 5324 790 5382 est,
820 5330 889 5373 ex
914 5315 1016 5368 hoc
1045 5309 1303 5384 apparuit
1328 5309 1539 5380 justus,
1577 5304 1722 5378 quod
1762 5301 2062 5372 crediderit

472 5415 608 5471 Deo.

549 5507 718 5561 Vens.
745 5502 896 5560 8-10.
945 5519 964 5552 ι
1000 5497 1154 5566 Fide,
1198 5494 1293 5568 qui
1325 5502 1558 5551 vocatur
1584 5490 1890 5554 Abraham,
1923 5487 2056 5553 obe-

476 5602 615 5660 divit
646 5601 701 5656 in
738 5598 918 5654 locum
948 5596 1124 5658 exire,
1156 5606 1321 5663 quem
1351 5597 1682 5661 accepturus
1708 5592 1829 5641 erat
1860 5585 1916 5640 in
1953 5581 2062 5637 hae-

477 5696 804 5759 reditatem;
835 5701 888 5746 et
913 5690 1051 5746 exiit
1088 5685 1348 5744 nesciens
1382 5699 1492 5756 quo
1527 5685 1656 5740 iret.
1710 5679 1844 5754 Fide
1872 5678 2062 5735 demo-

482 5798 634 5859 ratus
657 5795 737 5842 cst
762 5785 816 5839 in
839 5791 986 5840 terra
1009 5779 1764 5853 rcpromissionis,tanquam
1783 5774 1838 5831 in
1859 5761 2059 5839 aliena,

2223 1976 2301 2031 "0
2334 1976 2477 2048 μετὰ
2503 1978 2682 2049 χαρᾶς
2729 1975 2931 2049 φέρων,
2964 1975 3242 2031 δείκνυσιν
3285 1977 3371 2031 ὅτι
3405 1973 3524 2047 ἔχει
3561 1974 3732 2045 μισθόν

2155 2087 2302 2134 τινα,
2351 2071 2447 2126 καὶ
2495 2070 2580 2124 ὅτι
2639 2069 2704 2123 οὐ
2759 2069 2957 2141 ζημία,
3014 2066 3153 2124 άλλὰ
3215 2067 3486 2139 πρόσοδός
3523 2067 3634 2121 εστι
3680 2066 3728 2120 τί

2156 2164 2415 2239 πρᾶγμαο

2756 2296 3005 2354 ΚΕΦΔΔ.
3031 2296 3140 2351 lA'.

2233 2451 2254 2486 ι
2297 2431 2458 2486 Ἐστι
2503 2430 2560 2484 δι
2600 2429 2788 2495 ¹ιείστις
2816 2425 3199 2500 ἐλπιζομένων
3237 2426 3569 2492 ὑπόστασις,
3609 2441 3728 2497 τραγ

2155 2526 2385 2599 γμάτων
2439 2523 2661 2596 ἐλεγχος
2712 2523 2775 2578 οὐ
2829 2521 3214 2592 βλεπομένων
3269 2519 3363 2576 Ἐν
3411 2520 3588 2592 ταύτῃ
3636 2520 3728 2590 γὰρ

2156 2617 2625 2692 ἐμαρτυρήθησαν
2684 2615 2736 2675 oi
2791 2612 3180 2687 πρεσϐύτεροι.
3245 2612 3444 2667 Πίστει
3519 2611 3728 2683 νοοῦμεν

2155 2714 2522 2788 κατηρτίσθαι
2543 2712 2672 2776 τοὺς
2696 2708 2900 2774 αἰῶνας
2923 2709 3130 2780 ῥήματι
3149 2703 3319 2776 Θεοῦ,
3354 2708 3444 2772 είς
3461 2705 3525 2761 τδ
3561 2705 3632 2779 μὴ
3652 2707 3727 2761 ιη.

2157 2810 2500 2880 φαινομένων
2528 2808 2598 2860 τὰ
2629 2803 2942 2876 βλεπόμενα
2967 2798 3276 2870 γεγονεναι.
3303 2799 3505 2863 Πίστει
3529 2799 3728 2855 πλείονα

2156 2901 2350 2957 θυσία)
2390 2897 2561 2954 Ἅϐελ
2599 2896 2753 2968 παρὰ
2794 2894 2939 2950 Κὰῖν
2980 2894 3330 2966 προσήνεγκε
3381 2891 3647 2966 τῷθεῷ,
3671 2891 3727 2945 δι’

2154 2991 2224 3070 ἧς
2247 2992 2608 3068 ἐμαρτυρήθη
2636 2987 2784 3048 εἶναι
2810 2991 3041 3055 δίκαιος,
3074 2986 3494 3061 μαρτυροῦντος
3520 2987 3614 3044 ἐπὶ
3632 2987 3727 3050 τοῖς

2155 3089 2350 3164 δώροις
2382 3085 2550 3144 αὐτοῦ
2582 3083 2676 3142 τοῦ
2707 3083 2868 3154 Θεοῦ,
2891 3082 2989 3142 καὶ
3007 3080 3075 3138 δι’
3109 3079 3283 3153 αὐτῆς
3307 3078 3604 3143 ἀποθανὼν
3636 3097 3654 3132 ι

2231 3273 2331 3326 Ἂν
2370 3267 2482 3342 γὰρ
2528 3266 2605 3340 μή
2632 3281 2720 3330 τις
2766 3262 2876 3318 τῶν
2909 3258 3577 3333 δρωμένων-σαφέστερον
3618 3255 3730 3325 περὶ

2154 3364 2266 3420 τῶν
2315 3361 2570 3435 ἀοράτων
2617 3357 3130 3431 πεπληροφόρηται,
3175 3346 3544 3424 πίπιςηεῐναι
3580 3347 3730 3404 0656-

2155 3469 2406 3602 va:a"‘l.5ﬂ
2421 3542 2592 3600 λαλεῖ⁸
2617 3539 2803 3595 Πίστει
2837 3537 3013 3612 Ἑνὼχ
3036 3535 3378 3607 μετετέθειτο
3397 3535 3494 3590 τοῦ
3512 3535 3594 3607 μὴ
3619 3535 3732 3587 ἰδεῖν

2156 3641 2413 3704 θάνατον,
2446 3637 2542 3692 λαὶ
2573 3647 2672 3706 οὐχ
2702 3633 3010 3704 εὑρίσκετο,
3040 3629 3175 3684 διότι
3223 3628 3540 3701 μετέθηκεν
3585 3625 3731 3681 αὑτὸν

2155 3733 2184 3788 ὁ
2218 3730 2371 3798 Θεός.
2403 3728 2548 3802 Πρὸς
2581 3733 2688 3798 ξαο
2735 3725 2837 3797 τῆς
2867 3722 3218 3798 μεταθέσεως
3254 3719 3426 3776 αὐτοῦ
3465 3715 3728 3792 μεμαρτῦ·

2160 3841 2320 3896 ρηται
2368 3824 2802 3895 εὑηρεστηκέναι
2853 3816 2933 3888 τῷ
2988 3814 3128 3888 Θεῷ,
3188 3812 3362 3887 χωρὶς
3397 3812 3460 3868 δὲ
3512 3811 3728 3870 πίστεως

2155 3916 2420 3973 ἀδύνατον
2453 3913 2842 3985 εὐαρεστῆσαι.
2877 3907 3178 3964 Πιστεῦσαι
3208 3908 3318 3980 γὰρ
3341 3906 3427 3960 δεῖ
3447 3904 3546 3959 τὸν
3576 3918 3726 3975 προσ-

2157 4010 2473 4083 ερχόμενον.
2510 4008 2587 4078 τῷ
2621 4005 2758 4073 Θεῷ,
2808 4004 2892 4060 ὅτι
2927 4002 3044 4071 εστι
3068 4039 3083 4068 ,
3133 3999 3394 4064 καῖ’-τοῖς
3427 3995 3726 4069 ἐκζητοῦσιν

2157 4103 2322 4157 αὑτὸν
2361 4098 2632 4172 ἀποδότης
2667 4097 2899 4167 γίνεται.
2940 4096 3130 4151 Πίστει
3163 4091 3572 4168 χρηματισθεὶς
3620 4087 3725 4143 Νῶε

2156 4197 2289 4269 περὶ
2357 4194 2466 4249 τῶν
2518 4192 2746 4266 μηδέπω
2803 4189 3179 4263 βλεπομένων,
3235 4185 3562 4259 εὐλαϐηθεὶς
3613 4199 3724 4237 κατι

2158 4285 2425 4343 εσκεύασε
2457 4283 2693 4340 κιϐωτὸν
2721 4282 2801 4348 είς
2826 4281 3107 4354 σωτηρίαν
3134 4277 3234 4335 τοῦ
3267 4280 3422 4336 οῐκου
3449 4275 3632 4334 αὐτοῦ.
3669 4293 3685 4326 ι

2233 4466 2447 4536 Ὠσπερ
2496 4463 2727 4537 οὐρανὸς
2779 4462 3107 4534 φαινόμενος
3159 4461 3322 4534 μόνον
3362 4458 3546 4527 λαλεῖ,
3601 4452 3724 4510 οὕτω

2165 4559 2333 4615 ’Δϐελ
2369 4575 2474 4631 μνη
2485 4556 2862 4631 μονευόμενος.

2237 4757 2257 4792 ι
2295 4737 2374 4793 Δι’
2405 4733 2474 4812 ἦς
2507 4737 2799 4809 κατέκρινε
2827 4733 2918 4790 τὸν
2944 4734 3169 4804 κόσμον.
3213 4754 3232 4788 ι

2234 4833 2444 4899 Ἕδειξε
2475 4836 2585 4904 γὰρ
2614 4831 2813 4895 αὐτοὺς
2841 4830 3026 4896 ἀξίους
3063 4828 3224 4893 ϐντας
3267 4827 3563 4893 κολάσεως,
3595 4823 3643 4879 οί
3666 4838 3718 4892 γε

2161 4926 2284 4984 οὐδὲ
2315 4926 2404 4984 διὰ
2451 4926 2552 4997 τῆς
2605 4923 2958 4995 κατασκευῆς
3002 4923 3104 4996 τῆς
3159 4921 3396 4977 κιϐωτοῦ
3452 4916 3719 4991 ἐσωφρονί-

2161 5020 2337 5088 ζοντο.
2385 5040 2404 5072 ι

2240 5132 2260 5168 ι
2305 5114 2418 5168 Καὶ
2447 5112 2549 5185 τῆς
2578 5112 2721 5168 κατὰ
2752 5111 2939 5167 πίστιν
2974 5110 3326 5184 δικαιοσύνης
3353 5110 3570 5180 ἐγένετο
3604 5105 3717 5172 κλη-

2165 5206 2415 5280 ρονόμος.
2453 5223 2473 5259 ι
2665 5274 2670 5279 η

2233 5299 2551 5366 Τουτέστιν,
2607 5295 2719 5351 ἀπὸ
2749 5295 2945 5357 τούτου
2992 5295 3200 5360 δίκαιος
3246 5293 3444 5366 ἐφάνη,
3491 5291 3594 5348 ἀπὸ
3637 5285 3713 5343 τοῦ

2165 5387 2454 5452 πιστεῦσαι
2483 5389 2632 5468 Θεῷ..

2241 5508 2262 5542 ι
2309 5485 2501 5540 Πίστει
2536 5483 2871 5555 καλούμενος
2925 5479 3201 5553 Ἁϐραάμ,
3240 5479 3549 5552 ὑπήκουσεν
3587 5472 3713 5540 εξελ-

2165 5582 2278 5637 θεῖν
2308 5581 2389 5645 εις
2413 5579 2505 5633 τὸν
2552 5578 2737 5642 τόπον,
2777 5575 2837 5629 ὃν
2863 5574 3057 5648 ἔμελλε
3105 5571 3407 5648 λαμϐάνειν
3429 5573 3510 5637 είς
3536 5570 3705 5646 κληρο-

2165 5675 2379 5748 νομίαν,
2412 5672 2515 5736 καὶ
2560 5668 2781 5741 ἐξῆλθε,
2826 5650 2903 5741 μή
2952 5666 3320 5739 ἐπιστάμενος
3363 5663 3464 5720 ποῦ
3495 5663 3704 5736 ἔρχεται.

2167 5769 2355 5826 Πίστει
2394 5765 2727 5840 παρῴκησεν
2763 5765 2840 5829 είς
2868 5761 2974 5835 γῆν
3011 5760 3114 5834 τῆς
3146 5758 3499 5838 ἑπαγχελίας,
3531 5755 3600 5821 ὡς
3629 5750 3708 5822 όλτ
