3880 6254
125 285 207 355 981
1265 287 1348 350 IN
1387 286 1742 349 EPIST.AD
1781 258 2174 348 nummos.

3244 284 3350 348 982

117 398 328 472 λοτρίαν,
372 393 429 450 ἐν
469 392 698 464 σκηναῖς
746 396 1082 468 κατοικήσας
1135 393 1278 465 μετὰ
1335 394 1525 450 Ἰσαὰκ
1569 395 1662 448 καὶ

1797 411 1819 447 ιι
1854 394 2061 449 casulis
2098 393 2417 456 habitando,
2453 397 2578 448 cum
2609 392 2768 451 lsaac'
2809 401 2861 447 et
2903 389 3074 446 Jacob
3115 391 3350 447 cohaere-

129 490 299 547 ’ίακωϐ
327 489 432 542 τῶν
458 488 666 560 συγκλη
677 486 920 560 ρονόμων
945 487 1045 558 τῆς
1079 482 1414 556 ἐπαγγελίας
1444 487 1546 558 τῆς
1573 487 1663 540 αὔ-

117 585 216 656 τῆς.
232 581 521 653 Ἐξεδέχετο
546 580 658 650 γάρ
697 600 715 633 ι
860 653 863 657 γ

184 675 387 745 Ἐπειδὴ
432 675 510 737 εἰς
559 672 787 738 τούτους
832 673 1020 745 ἐώρων
1065 673 1117 726 οί
1166 672 1228 738 ἐξ
1277 671 1544 745 Ἑϐραίων
1573 688 1665 726 πε-

118 767 481 831 πιστευκότες,
540 751 880 835 ὼςῖμορίων
942 762 1362 827 ἀπολαύσαντας
1417 761 1659 833 ἀγαθῶν,

112 857 359 913 δείκνυσιν
379 856 460 910 ὅτι
492 855 704 910 οὐδέπω
732 854 910 919 οὐδεὶς
937 851 1256 924 ἐκομίσατο.

175 968 194 1003 ι
227 950 335 1019 Τὴν
358 948 486 1012 τοὺς
510 947 796 1020 θεμελίους
827 945 1058 1018 ἔχουσαν
1089 946 1263 1002 πόλιν.
1299 965 1319 1000 ι

169 1038 468 1104 Τουτέστιν,
503 1038 604 1112 τὴν
625 1037 974 1094 ἀσάλευτον.-

173 1151 191 1186 ι
218 1125 322 1196 Ἦς
349 1131 599 1203 τεχνίτης
631 1131 725 1186 καὶ
757 1131 1095 1203 δημιουργὸς
1130 1133 1160 1185 ὁ
1190 1132 1344 1198 Θεός.
1387 1151 1407 1185 ι

165 1219 467 1296 ssrec-{ap
509 1223 705 1292 ἐλθὼν,
738 1226 957 1296 ἐκείνην
1001 1226 1188 1290 αὐτοῖς
1229 1226 1543 1298 ἐχαρίσατο.
1599 1228 1662 1281 Ei

111 1315 174 1387 μή
209 1315 313 1386 γὰρ
349 1313 621 1385 κατῆλθεν
653 1314 885 1385 Ἰησοῦς,
917 1313 1014 1368 καὶ
1048 1314 1281 1387 ἀνῆλθεν
1326 1318 1407 1379 είς
1437 1315 1541 1371 -τὸν
1569 1318 1658 1370 οὑ-

110 1408 270 1480 ρανὺν,
314 1408 624 1481 πρόδρομος
669 1406 830 1479 ήμῶν
863 1406 1179 1479 γενόμενος,
1227 1408 1328 1462 οὒκ
1383 1408 1451 1464 ἂν
1501 1411 1662 1482 ἡμεῖς

108 1500 310 1554 ἐκείνων
339 1499 662 1575 ἠξιώθημεν
692 1501 800 1556 τῶν
824 1500 1022 1574 μονῶν.

169 1613 186 1647 ι
211 1594 404 1648 Πίστει
433 1594 545 1666 γὰρ
573 1595 765 1667 Σάρρα
792 1595 886 1649 καὶ
919 1593 1060 1667 αὑτὴ
1097 1594 1328 1667 δύναμιν
1365 1613 1384 1646 1

172 1687 562 1760 Ἐντρεπτικῶς
609 1686 843 1742 ἐνταῦθα
897 1687 1133 1758 ἤρξατο,
1184 1687 1239 1741 ετ
1283 1704 1347 1757 γε
1399 1687 1661 1757 γυναικὸς

1763 485 1934 542 dibus
1954 487 2200 557 ejusdem
2236 486 2709 560 repromissionis.
2754 485 3116 556 Exspectabat
3145 485 3288 540 enim
3323 503 3341 538 ι

1835 663 2104 733 Quoniam
2143 667 2224 722 illi
2270 666 2364 738 qui
2425 682 2492 722 ex
2541 656 2789 722 Hebraeis
2835 664 3207 744 crediderant,
3253 681 3349 722 eos

1765 757 2126 829 aspiciebant,
2160 773 2260 814 ceu
2293 749 2788 815 boriislinnumeris
2818 767 3064 826 ornatos,
3105 758 3350 814 declarat

1767 848 2039 905 neminem
2072 849 2372 920 quid-quam
2406 850 2703 921 recepisse.
3154 859 3157 862 ’

1840 960 1860 993 ι
1894 940 2276 997 Fundamenta
2306 942 2602 998 habentem
2634 943 2940 998 civitatem.
2971 962 2992 996 ι

1834 1032 1890 1088 ld
1931 1041 2018 1090 est
2056 1033 2448 1092 inconcussam
2487 1042 2541 1090 ct
2569 1033 2932 1090 immobilem.

1841 1143 1860 1177 ι
1897 1125 2084 1198 Cujus-
2110 1127 2310 1183 artifex
2349 1136 2404 1182 et
2443 1127 2699 1182 conditor
2732 1126 2900 1184 Deus.
2935 1148 2954 1181 ι

1836 1219 1960 1286 Ipse
2005 1219 2152 1273 enim
2205 1218 2437 1274 veniens
2489 1218 2630 1272 hanc
2669 1218 2752 1273 eis
2786 1218 3033 1275 donavit.
3071 1216 3205 1277 Nam
3242 1220 3349 1276 nisi

1764 1307 1921 1367 Iesus
1953 1311 2356 1378 descendisset,
2393 1320 2448 1367 et
2484 1309 2833 1366 ascendisset
2865 1312 2916 1366 in
2946 1313 3171 1378 coelum,
3207 1329 3346 1384 prae-

1764 1422 1961 1462 cursor
1997 1419 2185 1464 noster
2225 1407 2426 1473 factus,
2463 1406 2850 1464 mansionibus
2894 1408 3018 1466 istis
3068 1426 3348 1482 nunquam

1764 1499 1974 1571 dignati
1998 1500 2318 1556 fuissemus.

1838 1594 2000 1650 Vens.
2035 1597 2122 1649 11.
2162 1614 2180 1647 ι
2219 1594 2351 1651 Fide
2376 1605 2428 1652 et
2457 1595 2574 1666 ipsa
2606 1593 2742 1650 Sara
2779 1594 3040 1652 virtutem
3079 1615 3098 1648 ι

1836 1684 1938 1740 Hie
1956 1686 2127 1741 veluti
2156 1701 2388 1756 arguere
2414 1685 2628 1757 incipit,
2653 1686 3098 1757 quandoquidem
3119 1687 3350 1742 muliere

105 1754 523 1854 ἐλιγοψνχότεροι
561 1780 865 1849 φαίνονται.
904 1754 1067 1844 δόλος
1093 1779 1204 1851 γὰρ
1236 1754 1421 1834 abstini
1447 1780 1480 1832 ὁ
1503 1779 1662 1849 λόγος

1797 1778 2162 1834 inbecilliores
2188 1754 2547 1834 videbantur.
2576 1754 2712 1832 Nam
2746 1754 3023 1835 torus—iste
3052 1779 3120 1835 de
3149 1780 3350 1852 priscis

105 1881 172 1942 είς
191 1876 344 1932 τοῦτο
371 1877 762 1948 οἰκονομεῖται,
783 1875 866 1939 εις
887 1873 950 1928 τὺ
980 1873 1443 1946 άποκεκμηκότας
1467 1873 1663 1938 αὐτοὺς

105 1969 517 2042 ἀνακτήσασθαι.

169 2081 188 2115 ι
234 2063 327 2124 Ei;
379 2057 1053 2132 καταϐολὴνεσπέρματος
1102 2057 1302 2124 ἔλαϐε,
1355 2059 1473 2112 καὶ·
1511 2058 1664 2130 παρὰ

105 2155 276 2228 καιρὸν
326 2153 550 2226 ἡλικίας
603 2152 814 2219 ἔτεκεν,
847 2151 972 2209 ἐπεὶ
1023 2151 1216 2206 πιστὸν
1266 2153 1516 2224 ἡγήσατο
1569 2152 1663 2206 τὸν

104 2247 577 2322 ἐπαγγειλάμενον.
615 2267 638 2300 ι
1279 2275 1281 2277 -
1546 2272 1549 2275 -

160 2323 462 2406 τουτέστιν,
496 2341 580 2404 είς
607 2338 669 2393 τὸ
702 2339 999 2411 κατασχεῐν
1028 2336 1090 2392 τὸ
1119 2337 1364 2409 σπέρμα.

168 2448 186 2484 ι
215 2431 303 2485 Διὸ
339 2431 434 2486 καὶ
479 2430 574 2500 ἀφ’
606 2429 724 2495 ἐνὸς
754 2427 1147 2501 ἐγεννήθησαν,
1191 2429 1287 2483 καὶ
1314 2427 1490 2483 ταῦτα
1517 2445 1664 2485 νενε-

105 2524 384 2598 κρωμένου,
420 2521 611 2588 καθὼς
643 2522 715 2578 τὰ
740 2522 916 2596 ἄστρα
945 2521 1041 2578 τοῦ
1075 2520 1308 2595 οὐρανοῦ
1340 2523 1422 2593 τῷ
1441 2523 1661 2596 πλήθει,

104 2620 185 2673 xal.
217 2617 286 2682 ὡς
333 2619 542 2690 ἅμμος,
576 2617 610 2689 ἠ
643 2617 798 2689 παρὰ
829 2615 890 2671 τὺ
926 2615 1105 2688 χεῖλος
1150 2614 1253 2686 τῆς
1285 2615 1595 2690 θαλάσσης,
1630 2618 1664 2688 ή

105 2710 474 2782 ἀναρίθμητος.
514 2728 533 2762 ι
658 2712 664 2717 ’

161 2801 320 2856 Τοῦτο
346 2803 450 2856 οὐκ
479 2801 627 2870 ἐστι,
656 2802 846 2874 φησὶν,
898 2803 1063 2874 μόνον
1094 2802 1154 2858 τὺ
1193 2801 1535 2877 θαυμαστὸν,
1581 2803 1665 2858 ὃτι

103 2891 240 2964 ἔσχεν
282 2893 515 2964 δύναμιν
539 2894 624 2958 είς
674 2892 988 2966 καταϐολὴν
1044 2893 1382 2968 σπέρματος,
1427 2893 1542 2950 ἀλλ’
1582 2894 1665 2949 ὅτι

104 2984 348 3041 τοσούτων
376 2986 599 3056 ἐγένετο
646 2987 855 3058 μήτηρ,
882 2986 1026 3042 ὅσων
1056 2987 1178 3042 οὐδὲ
1218 2987 1438 3059 εὖφοροι
1466 2989 1666 3058 γαστέ-

1764 1871 2019 1944 patribus
2047 1885 2232 1927 sermo
2259 1871 2328 1926 ad
2363 1871 2468 1928 hoc
2499 1877 2735 1943 spectat,
2772 1880 2833 1927 ut
2868 1870 3189 1928 fatiscentes
3222 1872 3349 1930 illos

1765 1971 1999 2018 recreet.

1842 2073 1862 2106 ι
1898 2053 1959 2111 ιη
1988 2055 2311 2112 missionem
2357 2055 2590 2111 seminis
2645 2055 2892 2126 accepit;
2944 2055 3108 2112 etiam
3137 2058 3353 2127 praeter

1765 2155 1987 2218 tempus
2042 2149 2221 2205 aetatis
2257 2148 2495 2220 peperit,
2552 2150 2814 2222 quoniam
2858 2148 3072 2206 fidelem
3117 2149 3354 2206 credidit

1765 2254 1891 2296 eum
1921 2240 2016 2312 qui
2059 2241 2475 2311 repromiserat.
2509 2260 2530 2294 ι
3142 2230 3148 2234 ’

1834 2333 1889 2388 id
1926 2343 2031 2402 est,
2060 2333 2128 2390 ad
2158 2334 2503 2391 retinendum
2535 2350 2744 2394 semen.

1837 2427 2007 2484 Vens.
2042 2427 2131 2483 12.
2176 2445 2197 2480 ι
2234 2426 2470 2499 Propter
2501 2428 2650 2499 quod
2673 2437 2727 2486 et
2752 2429 2822 2484 ab
2847 2442 2957 2484 uno
2981 2427 3088 2484 orti
3120 2437 3248 2485 sunt
3279 2429 3357 2500 (et

1765 2520 1872 2577 hoc
1899 2519 2192 2591 emortuo)
2244 2526 2508 2591 tanquam
2547 2519 2732 2577 sidera
2765 2520 2894 2576 cceli
2947 2520 3002 2574 in
3042 2520 3356 2576 multitudi-

1767 2625 1915 2676 nem,
1946 2619 2002 2666 et
2033 2609 2180 2666 sicut
2208 2624 2376 2666 arena
2406 2624 2530 2682 quae
2559 2617 2645 2667 est
2675 2609 2741 2666 ad
2771 2623 2925 2665 oram
2964 2608 3157 2676 maris,
3186 2609 3355 2665 innu-

1767 2702 2074 2760 merabilis.
2104 2721 2125 2756 ›

1837 2796 1958 2853 Non
1990 2797 2093 2853 hoc
2133 2797 2338 2865 solum,
2367 2797 2572 2870 inquit,
2628 2796 2884 2853 mirabile
2925 2804 3032 2862 est,
3064 2796 3212 2868 quod
3244 2796 3358 2852 vir-

1766 2896 1943 2946 tutem
1977 2890 2230 2948 habuerit
2252 2890 2318 2946 ad
2347 2891 2757 2962 susceptionem
2776 2891 3041 2959 seminis;
3067 2890 3160 2947 sed
3188 2891 3349 2946 etiam

1767 2987 1915 3056 quod
1954 2992 2122 3041 tanta
2172 2983 2546 3041 multitudinis
2591 2990 2765 3040 mater
2796 2983 3062 3048 evaserit,
3091 2991 3351 3053 quantam

107 3095 201 3150 ρες.
241 3079 327 3144 Ὠς
365 3079 438 3135 τὰ
484 3079 681 3150 ἄστρα
733 3079 877 3154 γὰρ,
926 3081 1099 3154 φησὶ,
1135 3081 1243 3138 τοῦ
1271 3081 1567 3150 οὐρανοῦ,
1607 3081 1665 3149 ἐξ

1797 3095 1872 3136 nec
1907 3078 2050 3134 uteri
2085 3076 2182 3133 ulli
2213 3076 2360 3134 ferre
2394 3075 2639 3133 valeant.
2687 3073 2848 3132 Sicut
2889 3073 3067 3130 sidera
3104 3073 3239 3139 caeli,
3277 3074 3355 3130 in-

105 3172 204 3238 ἐνὸς
227 3173 281 3228 δὲ
310 3171 648 3245 σπέρματος,
679 3171 850 3243 λέγει.

161 3265 306 3320 Κατὰ
337 3267 526 3320 πίστιν
553 3266 825 3324 ἀπέθανον
865 3260 1014 3324 οὗτοι
1044 3269 1270 3337 πάντες,
1300 3270 1378 3342 μὴ
1405 3267 1666 3334 λαϐόντες

105 3357 188 3423 τὰς
214 3360 570 3429 ἐπαγγελίας.
606 3380 625 3414 ο
667 3364 671 3366 ’

163 3449 219 3504 0i
243 3451 368 3522 περὶ
390 3451 484 3506 τὸν
529 3451 806 3524 Ἀϐραάμ,
838 3453 1028 3526 φησιν.

168 3653 186 3688 ι
228 3635 383 3690 ’ἀλλὰ
412 3634 704 3710 πόρρωθεν
738 3634 907 3699 acra;
941 3635 1158 3703 ίδόντες,
1187 3635 1282 3691 καὶ
1329 3637 1662 3710 ἀσπασάμε-

107 3741 189 3792 νοι,
217 3728 307 3781 καὶ
363 3727 822 3799 ὁμολογήσαντες,
867 3727 952 3781 ὅτι
983 3726 1122 3792 ξένοι
1156 3726 1250 3780 καὶ
1291 3729 1664 3800 παρεπίδημοί

107 3819 222 3872 είσιν
249 3819 340 3873 ἐπὶ
359 3820 463 3892 τῆς
481 3822 605 3891 γῆς.
638 3821 703 3874 Οἱ
729 3819 840 3894 γὰρ
876 3818 1103 3875 τοιαῦτα
1129 3819 1400 3890 λέγοντες,
1431 3822 1667 3893 ἐμφανί-

108 3909 304 3980 ζουσιν,
330 3913 411 3968 ὅτι
441 3913 684 3985 πατρίδα
728 3913 1102 3986 ἐπιζητοῦσιν.
1139 3914 1250 3968 Καὶ
1279 3917 1328 3968 εί
1376 3915 1476 3987 μὲν
1522 3916 1665 3971 ἐκεί-

107 4020 188 4072 νης
228 4006 596 4078 ἐμνημόνευον
620 4045 636 4071 ,
666 4005 759 4075 ἀφ’
787 4000 857 4080 ἧς
905 4006 1162 4078 ἐξῆλθον,
1193 4001 1338 4079 εἶχον
1373 4007 1440 4064 ἂν
1479 4010 1667 4081 καιρὸν

107 4094 423 4170 ἀνακάμψαι.
454 4098 574 4153 Νῦν
607 4097 665 4152 δὲ
707 4099 1018 4169 κρείττονος
1045 4099 1352 4170 ὀρέγονται,
1387 4105 1666 4159 ’τουτέστιν

107 4184 427 4262 ἐπουρανίου.
474 4191 567 4246 Διὸ
599 4191 701 4246 οὐκ
754 4192 1138 4263 ἐπαισχύνεται
1188 4195 1385 4261 αὐτοὺς
1431 4198 1460 4251 ὁ
1511 4197 1664 4268 Θεὸς,

104 4280 219 4347 Θεὸς
271 4282 649 4362 ἐπικαλεῖσθαι
705 4283 906 4340 αὐτῶν.
969 4285 1262 4359 Ἦτοίμασε
1318 4289 1426 4363 γὰρ
1484 4289 1668 4358 αὐτοῖς

108 4371 262 4429 πόλιν.
303 4393 324 4428 ι

166 4465 250 4536 Τῷ
267 4467 540 4541 πνεύματι
565 4468 832 4541 δηλονότι.

174 4575 192 4609 ι
218 4558 404 4614 Πίστει.
456 4562 859 4632 προσενήνοχεν
911 4561 1163 4634 Ἀϐραάμ
1195 4563 1290 4619 τὸν
1324 4566 1512 4621 Ἰσαὰκ
1549 4585 1670 4625 πει-

113 4645 408 4721 ραζόμενος.
441 4654 656 4708 καὶτὸν
688 4655 964 4725 μονογενῆ·
977 4657 1342 4729 προσέφερεν,
1377 4660 1406 4713 ὁ
1437 4660 1535 4725 τὰς
1573 4663 1671 4716 ἐπ-

114 4743 345 4811 αγγελίας
373 4745 791 4818 ἀναδεξάμενος,
827 4748 964 4819 πρὸς
1009 4747 1068 4803 ὃν
1123 4749 1392 4823 ἐλαλήθη,
1433 4753 1516 4807 ὅτι
1581 4755 1671 4809 Ἑν

124 4833 636 4912 ἰσαάκ’κ).ηθήσεταί
672 4857 754 4893 σοι
801 4838 1044 4912 σπέρμα.
1081 4859 1102 4894 ›

175 4933 362 5004 Πεῐραν
404 4936 503 5007 τῆς
537 4935 822 5000 εὐσεϐείας
873 4936 1206 5002 ἐπιδεικνύς.
1243 4938 1506 5011 Πειράζει
1539 4941 1668 5013 γάρ,

101 5023 200 5096 -οὺχ
228 5027 298 5092 ὡς
338 5028 548 5096 ἀγνοῶν
590 5026 744 5094 Θεὸς,
774 5026 892 5081 ἀλλ’
943 5028 1026 5081 ὅτι
1061 5029 1113 5082 oi
1167 5029 1313 5098 ἆγιοι
1351 5033 1548 5103 πεῖραν
1577 5033 1671 5086 καὶ

117 5117 366 5186 ἀπόδειξιν
417 5121 516 5194 τῆς
566 5120 854 5185 εὐσεϐείας
900 5122 1330 5196 παρασχόμενοι,
1368 5124 1672 5197 θαυμαστοὶ

119 5210 254 5282 παρὰ
282 5215 410 5269 πᾶσι
441 5212 725 5284 γένωνται.

184 5319 202 5353 ι
233 5305 610 5382 [λογισάμενος.
644 5309 727 5364 ὅτι
761 5307 858 5364 καὶ
887 5307 954 5362 ἐκ
1002 5307 1212 5379 νεκρῶν
1242 5309 1481 5380 ἐγείρειν
1515 5309 1673 5365 δυνα-

121 5391 199 5459 τὺς
219 5398 246 5451 ὁ
270 5399 413 5465 Θεός.
449 5419 470 5454 ι
1209 5399 1211 5401 ’

187 5488 365 5563 Ἔλεγε
386 5532 401 5559 ,
430 5495 613 5566 φησιν,
641 5495 722 5549 ὅτι
754 5494 784 5548 ὁ
810 5495 875 5548 ἐκ
907 5495 1122 5566 μήτρας
1145 5495 1241 5550 καὶ
1273 5497 1670 5569 γεγηρακυίας,

129 5580 210 5636 καὶ
230 5582 486 5656 ἀχρήστου
517 5586 892 5659 γεγενημένης
917 5628 931 5652 ,
960 5587 1074 5641 υἱὸν
1103 5588 1360 5657 γενέσθαι
1390 5607 1672 5663 παρεσχη-

129 5671 243 5740 κὼς,
265 5677 352 5731 καὶ
381 5680 652 5750 σφαγέντα
685 5679 984 5751 ἀναστῆσαι
1010 5681 1317 5754 δυνήσεται.

193 5783 211 5820 ι
235 5767 384 5827 Ὅθεν
410 5762 573 5830 αὗτδν
600 5773 693 5830 καὶ
717 5774 776 5829 ἐν
809 5772 1092 5847 παραϐολῇ
1125 5775 1437 5848 ἐκομίσατο.
1472 5795 1491 5828 ι

1777 3171 1920 3244 quit,
1955 3185 2021 3226 ex
2055 3183 2165 3225 uno
2196 3167 2457 3226 videlicet
2489 3169 2719 3226 semine.

1848 3260 2226 3319 Vsas.13-16.
2265 3280 2282 3314 ι
2321 3259 2492 3316 Juxta
2521 3260 2682 3317 ﬁdem
2729 3257 2978 3318 defuncti
3007 3268 3136 3322 sunt
3165 3275 3360 3318 omnes

1775 3363 1887 3430 isti,
1927 3375 2038 3415 non
2073 3359 2320 3430 acceptis
2350 3357 2908 3430 repromissionibus.
2943 3377 2963 3410 ι

1845 3454 2127 3511 Abraham
2175 3453 2456 3521 nimirum,
2485 3461 2542 3510 et
2599 3451 2693 3522 qui
2737 3467 2803 3508 ex
2848 3467 2915 3508 eo
2949 3451 3058 3509 orti
3105 3459 3237 3508 sunt
3269 3467 3358 3523 pa-

1777 3549 2053 3604 triarchze.

1845 3640 2005 3712 251
2046 3660 2064 3692 ι
2105 3638 2213 3696 Sed
2239 3654 2267 3694 a
2301 3639 2458 3712 lange
2486 3652 2582 3694 eas
2632 3637 2991 3710 accipientes,
3024 3648 3077 3693 et
3111 3637 3360 3694 saluzan-

1775 3744 1880 3802 tes,
1909 3744 1965 3790 et
2000 3733 2327 3792 confitentes
2369 3733 2502 3806 quia
2537 3734 2817 3806 peregrini
2843 3741 2899 3791 et
2947 3734 3196 3805 hospites
3228 3746 3360 3792 sunt

1775 3845 1943 3902 super
1977 3839 2202 3886 terram.
2237 3828 2342 3903 qui
2372 3827 2670 3892 enimhzec
2707 3827 2921 3894 dicunt,
2957 3826 3270 3898 signiﬁcant
3298 3843 3360 3884 se

1776 3924 2010 3996 patriam
2035 3922 2335 3993 inquirere.
2358 3919 2426 3975 Et
2448 3920 2495 3976 si
2513 3920 2740 3992 quidem
2763 3919 2939 3991 ipsius
2959 3919 3357 3985 meminissent,

1775 4020 1844 4077 de
1871 4035 1979 4091 qua
2034 4017 2312 4082 exierunt,
2341 4014 2620 4071 habebant
2659 4012 2855 4084 utique
2908 4019 3125 4083 tempus
3172 4027 3358 4066 rever-

1777 4114 1946 4171 tendi.
1980 4113 2139 4168 Nunc
2177 4117 2360 4167 autem
2407 4109 2690 4166 meliorem
2724 4114 3011 4180 appetunt,
3047 4106 3098 4162 id
3130 4114 3212 4162 est
3245 4121 3361 4161 cm-

1775 4206 1990 4264 lestem.
2026 4206 2154 4261 Ideo
2206 4220 2315 4262 non
2374 4203 2734 4262 confunditur
2783 4201 2930 4258 Deus
2984 4201 3172 4258 vacari
3215 4200 3359 4257 Deus

1774 4316 1964 4357 eorum
1999 4316 2012 4352 :
2041 4297 2254 4372 paravit
2284 4299 2430 4355 enim
2472 4297 2585 4357 illis
2613 4294 2916 4357 civitatem.
2950 4313 2969 4347 ι

1700 4475 1746 4531 1)
1848 4477 2059 4549 Spiritu
2092 4477 2377 4536 nimirum.

1841 4569 2010 4625 Vens.
2043 4570 2131 4636 17,
2159 4569 2246 4624 18.
2277 4589 2295 4621 c
2334 4567 2464 4625 Fide
2494 4567 2694 4623 obtulit
2728 4566 3005 4624 Abraham
3040 4566 3211 4630 lsaac,
3234 4582 3357 4622 cum

1772 4670 2116 4731 tentaretur;
2146 4671 2198 4716 et
2248 4660 2590 4731 unigenitum
2640 4660 2929 4728 offerebat,
2966 4661 3061 4733 qui
3095 4676 3360 4732 suscepe-

1772 4766 1858 4810 rat
1902 4755 2387 4826 rcpromissiones,
2425 4755 2493 4810 ad
2528 4769 2691 4826 quem
2721 4753 2928 4810 dictum
2965 4762 3048 4810 est
3080 4772 3094 4809 :
3129 4753 3268 4821 Quia
3304 4756 3358 4810 in

1774 4849 1927 4904 isaac
1954 4848 2250 4905 vocabitur
2272 4849 2369 4905 tibi
2404 4863 2618 4905 semen.
2657 4867 2676 4900 ι

1846 4941 2296 5014 Experimentum
2347 4944 2597 5014 praebens
2630 4942 2854 5015 pietatis
2881 4958 3016 5000 suae.
3049 4941 3184 4997 Nam
3216 4943 3358 5000 Deus

1775 5037 2082 5109 periculum
2125 5035 2280 5101 facit,
2328 5052 2436 5091 non
2478 5051 2544 5092 ex
2574 5037 2906 5110 ignorantia,
2940 5037 3034 5092 sed
3065 5044 3122 5090 ut
3160 5038 3358 5104 sancti,

1776 5127 2005 5198 probata
2057 5125 2544 5197 demonstrataque
2602 5128 2805 5198 pietate
2857 5143 2996 5193 sua,
3029 5137 3258 5185 cunctos
3304 5123 3358 5185 in

1776 5218 2197 5276 admirationem
2230 5218 2472 5290 rapiant.

1846 5308 2012 5364 Vens.
2049 5307 2136 5364 19.
2177 5327 2195 5361 ι
2234 5310 2523 5367 Arbitrans
2574 5311 2702 5381 quia
2740 5317 2793 5366 et
2831 5323 2862 5365 a
2898 5311 3130 5367 mortuis
3179 5314 3358 5371 susci-

1774 5410 1894 5458 tare
1926 5409 2120 5472 potens
2153 5408 2238 5456 est
2268 5401 2430 5456 Deus.
2483 5421 2501 5452 ι

1849 5493 2115 5560 Dicebat,
2150 5495 2329 5564 inquit
2367 5512 2381 5548 :
2418 5495 2514 5550 ille
2547 5496 2640 5565 qui
2698 5513 2764 5552 ex
2807 5499 2968 5553 vulva
3002 5507 3225 5571 pr0pter
3274 5515 3361 5557 se—

1777 5589 1928 5643 nium
1970 5585 2212 5641 marcida
2247 5594 2410 5656 atque
2451 5587 2631 5642 inutili
2685 5589 2928 5657 reddita,
2976 5592 3123 5664 gigni
3186 5593 3354 5648 filium

1779 5681 2075 5748 concessit,
2113 5681 2230 5751 ipse
2274 5679 2472 5752 poterit
2512 5689 2567 5736 et
2601 5683 2848 5739 occisum
2885 5685 3152 5742 excitare.

1854 5793 1874 5830 ι
1912 5773 2068 5831 Unde
2102 5790 2226 5830 eum
2259 5759 2319 5830 et
2352 5774 2402 5829 in
2438 5770 2755 5846 parabolam
2782 5777 3011 5849 accepit.
3047 5795 3066 5830 ι
