3928 6264
414 363 522 432 987

1611 352 1673 413 S.
1709 344 2030 412 JOANNIS
2067 338 2503 404 DAMASCENI

3601 318 3705 385 988

484 498 505 533 ι
546 475 648 531 Alii
688 471 915 531 distenti
945 477 1097 535 sunt,
1124 483 1234 526 non
1268 464 1643 538 suscipientes
1674 459 2005 530 redemptio-

2180 472 2202 508 ι
2240 453 2429 508 Ἀλλοι
2446 452 2504 507 δὲ
2525 441 3120 522 ἐτυμπανίσθησανίού
3138 434 3574 538 προσδεξάμενοι
3607 430 3703 506 τὴν

413 586 580 637 nem,
638 575 699 622 ut
771 565 1054 621 meliorem
1133 560 1447 617 invenirent
1515 552 2006 611 resurrectionem.

416 662 607 739 [Vens
646 660 750 725 36,
787 654 906 729 ετ]
956 656 1062 711 Alii
1102 652 1343 709 ludibria
1390 661 1441 707 et
1494 649 1729 705 verbera
1767 643 2004 716 experti,

416 758 646 826 insuper
676 760 731 808 et
776 749 999 807 vincula
1025 757 1080 805 et
1106 760 1385 803 carceres.
1429 739 1685 814 Lapidati
1722 747 1873 797 sunt.
1918 754 1963 788 ι.

492 846 829 917 Stephanus.

488 959 507 993 ι
550 939 695 996 Secti
742 947 893 1004 sunt,
938 934 1133 991 tentati
1194 940 1347 1000 sunt,
1397 931 1481 985 in.
1519 927 1800 985 occisione
1846 921 2015 997 gladii

420 1032 628 1091 mortui
679 1037 830 1087 sunt.
872 1048 891 1081 ι

492 1126 600 1180 Eos
628 1138 695 1179 ex
752 1119 1038 1193 prophetis
1066 1116 1200 1174 dicit
1255 1114 1352 1187 qui
1396 1108 1715 1181 interempti
1769 1105 2016 1171 fuerunt,

423 1218 622 1276 lsaiam
646 1223 799 1286 puta,
832 1212 928 1284 qui
973 1225 1129 1267 serra
1169 1209 1348 1279 lignea
1371 1212 1555 1261 sectus
1608 1201 1732 1257 fuit.

502 1329 524 1363 ι
560 1309 917 1364 Circuierunt
945 1305 1000 1360 in
1061 1299 1277 1357 melotis
1305 1340 1320 1365 ,
1354 1306 1410 1354 et
1461 1293 1699 1368 pellibus
1750 1288 2018 1364 caprinis,

433 1412 680 1475 egentes,
711 1398 1037 1474 angustiati,
1075 1394 1281 1451 afﬂicti.
1322 1412 1339 1446 ι

499 1498 673 1553 Elias.

501 1587 883 1647 “233.5840.
919 1603 938 1640 ι
970 1584 1182 1653 Quibus
1236 1582 1438 1652 dignus
1466 1595 1577 1636 non
1616 1585 1735 1634 erat
1764 1573 2022 1631 mundus.

432 1686 496 1743 In
527 1683 924 1743 solitudinibus
950 1686 1223 1745 errantes,
1250 1678 1305 1731 in
1356 1673 1665 1736 montibus,
1698 1680 1757 1727 et
1795 1668 2024 1741 spelun-

435 1779 539 1843 cis.
571 1784 624 1834 et
676 1774 927 1833 cavernis
976 1781 1137 1829 terra:
1162 1789 1176 1839 ;
1204 1778 1260 1826 et
1298 1768 1354 1823 lii
1382 1781 1577 1823 omnes
1603 1762 1927 1821 testimonio
1963 1762 2028 1817 li-

433 1872 523 1929 dei
568 1869 807 1942 probati,
834 1883 945 1923 non
982 1870 1319 1934 acceperunt
1364 1858 1885 1931 repromissionem,
1913 1854 2024 1911 Deo

433 1981 534 2039 pro
574 1965 733 2020 nobis
763 1962 962 2018 melius
995 1958 1199 2029 aliquid
1236 1954 1599 2029 providente,
1635 1962 1697 2009 ut
1745 1965 1857 2008 non
1902 1950 2026 2007 sine

435 2057 597 2114 nobis
619 2061 1163 2114 eonsummarentur.
1202 2069 1221 2103 ι
1468 2047 1471 2049 ’

1075 2198 1230 2257 CAP.
1262 2195 1379 2259 XII.

510 2346 677 2402 Vitas.
714 2342 766 2399 i.
801 2360 819 2396 ι
854 2342 1091 2413 Ideoque
1124 2346 1180 2396 et
1229 2351 1334 2395 nos
1369 2345 1575 2393 tantam
1612 2333 1878 2391 habentes
1921 2332 2031 2390 im-

441 2441 676 2515 positam
712 2438 914 2493 nubem
961 2456 983 2491 ι

512 2527 706 2592 Eliam,
730 2525 961 2597 ejusque
992 2525 1178 2583 socios
1216 2524 1375 2581 dicit.
1410 2522 1687 2591 Quidnam
1738 2521 1910 2595 igitur
1940 2520 2035 2579 hic

440 2629 601 2677 erant
627 2608 908 2690 accepturi
936 2618 960 2672 τ
1890 2622 1893 2623 ⁷

513 2711 779 2770 Mundum
810 2713 1001 2786 utique
1040 2712 1350 2785 intelligere
1396 2719 1615 2785 oportet
1640 2726 1737 2770 eos
1772 2711 1868 2784 qui
1900 2719 2037 2768 sunt

441 2806 500 2862 in
533 2806 762 2863 mundo.

518 2920 539 2955 ι
583 2898 853 2968 Testium,
885 2899 1226 2971 deponentes
1256 2913 1421 2956 omne
1451 2898 1691 2972 pondus,
1731 2918 1752 2955 ι

511 2993 703 3053 Testes
730 2993 886 3062 dicit,
907 3010 1017 3050 non
1050 2994 1215 3051 modo
1244 2993 1340 3066 qui
1379 2993 1484 3050 sub
1527 3007 1671 3050 novo
1701 3002 2036 3052 testamento

443 3098 596 3153 sunt,
631 3088 728 3145 sed
776 3088 940 3144 etiam
972 3087 1066 3158 qui
1128 3088 1232 3144 sub
1273 3086 1446 3144 veteri
1482 3085 1656 3142 fuere.
1702 3085 1841 3142 Nam
1871 3096 1928 3144 et
1955 3087 2036 3144 illi

444 3180 822 3239 testimoninm
848 3179 1122 3237 dederunt
1151 3180 1352 3237 divinae
1376 3178 1821 3251 magnificentiae.

514 3291 536 3326 ι
571 3271 638 3329 Et
688 3273 1061 3330 circumstans
1089 3288 1192 3330 nos
1238 3280 1530 3345 peccatum
1552 3316 1567 3341 ,
1592 3287 1689 3343 per
1712 3276 2038 3345 patientiam

446 3380 737 3423 curramus
763 3366 830 3421 ad
852 3366 1198 3438 propositum
1230 3369 1391 3427 nobis
1420 3379 1739 3428 certamen:
1764 3370 1959 3445 [Vsus
1978 3371 2037 3445 2]

446 3457 777 3529 aspicientes
811 3459 866 3514 in
918 3467 1200 3518 auctorem
1259 3460 1384 3520 ﬁdei
1440 3473 1495 3522 et
1529 3473 2039 3522 consummatorem

445 3546 657 3609 Jesum.
690 3572 712 3604 ι

517 3662 676 3731 Quod
729 3680 832 3721 nos
894 3666 1052 3724 facile
1104 3669 1509 3738 circumvenit,
1539 3672 1625 3728 vel
1681 3672 1829 3745 quod
1877 3672 2041 3731 facile

446 3754 612 3828 255.
660 3756 1049 3815 circumveniri
1078 3770 1263 3831 queat.
1292 3760 1471 3833 Atque
1496 3762 1602 3819 hoc
1622 3763 1832 3832 potius.
1866 3764 2041 3820 Dum-

447 3849 613 3904 modo
647 3849 791 3905 enim
823 3851 1056 3907 velimus
1079 3893 1095 3919 ,
1126 3851 1273 3909 facili
1312 3854 1537 3927 negotio
1574 3870 1871 3927 possumus
1908 3872 2040 3927 pec-

450 3948 577 3997 cato
604 3944 920 4011 superiores
944 3944 1087 4002 fieri.

524 4074 544 4108 ι
587 4054 712 4124 Qui,
755 4061 1042 4131 proposito
1076 4062 1179 4118 sibi
1234 4064 1456 4135 gaudio,
1491 4064 1757 4122 sustinuit
1793 4079 2038 4134 crucem,

446 4148 781 4208 confusione
812 4160 1163 4227 contempta,
1202 4156 1255 4210 in
1315 4157 1544 4213 dextera
1597 4157 1747 4215 sedis
1798 4157 1897 4213 Dei
1949 4171 2038 4216 se-

451 4244 562 4302 det.
593 4262 615 4298 ι

518 4358 637 4413 Hoc
669 4367 775 4425 est,
810 4358 865 4415 in
891 4368 1164 4433 potestate
1196 4361 1347 4419 illius
1380 4372 1501 4420 erat
1536 4364 1672 4420 nihil
1712 4365 1848 4437 pati,
1877 4366 1924 4422 si
1949 4382 2043 4423 vo-

447 4448 662 4506 luisset.
695 4450 814 4523 lpse
844 4468 974 4509 vero
1000 4454 1363 4512 nihilominus
1392 4458 1617 4527 pertulit
1649 4459 2039 4524 crucem,'cum

2107 546 2512 619 ἀπολύτρωσιν,
2537 540 2634 600 ἵνα
2682 543 2999 615 κρείττονος
3050 534 3409 596 ἀναστάσεως
3442 527 3706 599 τύχωσιν.

2110 641 2332 713 Ἕτεροι
2363 639 2421 693 δὲ
2459 633 2798 708 ἑμπαιγμῶν
2823 632 2917 688 καὶ
2946 627 3459 706 μαστίγωνπετραν
3493 625 3705 696 ἔλαϐον,

2110 732 2193 789 ἔτι
2218 733 2275 786 δὲ
2302 730 2520 805 δεσμῶν
2546 728 2643 784 καὶ
2676 724 2955 798 φυλακῆς.-
2999 720 3419 793 Ἐλιθάσθησαν.
3457 737 3497 771 ιτ

2185 825 2484 896 Στέφανος.

2191 936 2225 971 «π
2256 915 2654 988 Ἐπρίαθησαν,
2683 906 3121 983 δπειράσθησαν,
3158 905 3230 961 tv
3255 900 3405 975 φόνῳ
3434 898 3712 975 μαχαίρας

2115 1011 2411 1069 ἀπέθανον.
2443 1027 2464 1062 ι

2190 1105 2333 1167 Τοὺς
2404 1098 2785 1162 ἀποθανόντας
2837 1093 3191 1170 προφήτας,
3226 1089 3435 1162 φησὶν,
3490 1088 3575 1152 ὡς
3623 1084 3713 1142 τὸν

2131 1198 2382 1266 Ἠσαίαν,
2420 1197 2502 1250 ὅτι
2530 1197 2589 1248 ὲν
2615 1192 2817 1261 ξυλίνῳ
2850 1187 3093 1262 ὲπρίσθη
3114 1185 3319 1259 πρίονι.

2197 1307 2216 1341 ι
2258 1286 2559 1359 Περιῆλθον
2609 1285 2669 1337 ὲν
2705 1280 3017 1354 μηλωταῖς,
3074 1281 3141 1333 ὲν
3166 1276 3402 1347 αἰγείοις
3424 1273 3713 1349 δέρμασιν.

2122 1380 2542 1453 ὑστερούμενοι,
2572 1375 2907 1448 θλιὸόμενοι,
2941 1369 3403 1443 κακουχούμενοι.
3430 1387 3450 1422 ι

2208 1473 2420 1537 Ἠλίας.

2200 1586 2220 1618 ι
2242 1560 2341 1619 Ὧν
2368 1565 2468 1619 οὐκ
2488 1559 2558 1637 ἦν
2590 1564 2742 1631 ἄξιος
2774 1563 2804 1617 ό
2834 1560 3067 1632 κόσμος.
3104 1558 3191 1615 Ἕν
3212 1556 3477 1629 ἐρημίαις
3508 1552 3722 1609 πλανώ-

2131 1675 2301 1731 μενοι,
2337 1656 2433 1711 καὶ
2470 1656 2647 1728 ὗρεσι,
2679 1654 2779 1709 καὶ
2809 1651 3126 1724 σπηλαίοις,
3158 1650 3255 1704 καὶ
3277 1650 3400 1713 ταῖς
3430 1646 3599 1710 ὀπαῖς
3628 1647 3724 1716 τῆς

2128 1749 2236 1820 γῆς
2259 1766 2273 1782 ’
2303 1748 2401 1803 καὶ
2437 1742 2586 1804 οὗτοι
2618 1747 2825 1811 πάντες
2878 1741 3326 1818 μαρτυρηθέντες
3355 1739 3446 1795 διὰ
3496 1739 3602 1811 τῆς
3638 1736 3729 1791 πί-

2056 1822 2101 1883 B
2132 1843 2477 1909 «emaciet
2523 1842 2854 1912 εκομίσαντο
2900 1837 3002 1911 τὴν
3040 1835 3404 1907 ἐπαγγελίαν,
3455 1832 3554 1888 τοῦ
3592 1829 3726 1886 Θεοῦ

2132 1937 2263 2011 περὶ
2279 1936 2438 2009 ἡμῶν
2466 1934 2719 2007 κρεῖττόν
2747 1951 2799 1988 τι
2825 1930 3305 2006 προϐλεψαμένου,
3334 1927 3424 1988 ἵνα
3444 1925 3526 2000 μὴ
3552 1924 3729 2000 χωρὶς

2133 2030 2295 2104 ἡμῶν
2333 2027 2694 2091 τελειωθῶσι.
2728 2045 2750 2081 ι

2734 2184 2991 2243 ΚΕΦΑΛ.
3018 2184 3120 2239 lB’.

2216 2348 2235 2383 ι
2271 2324 2589 2399 Τοιγαροῦν
2616 2323 2714 2379 καὶ
2737 2324 2905 2395 ἡμεῖς
2943 2316 3205 2375 τοσοῦτον
3234 2318 3454 2390 ἔχοντες
3489 2312 3734 2388 περικει-

2142 2439 2304 2496 μενον
2334 2421 2468 2493 ἡμῖν
2504 2416 2669 2488 νέφος
2701 2434 2721 2469 ι

2209 2514 2351 2579 Τοὺς
2378 2512 2510 2584 περὶ
2548 2509 2736 2566 Ἠλίαν
2766 2506 2923 2581 φησι.
2946 2503 3014 2561 Τί
3041 2503 3222 2560 τοίνυν
3241 2500 3480 2575 ἤμελλον
3500 2498 3734 2557 ἐνταῦθα

2139 2603 2549 2683 ἀπλαμὸάνειν
2575 2619 2590 2672 ;

2212 2699 2434 2769 Κόσμον
2472 2715 2539 2770 γε
2597 2695 2705 2770 μὴν
2739 2695 2801 2750 ἑν
2843 2691 3083 2760 τούτοις,
3116 2692 3261 2755 τοὺς
3292 2690 3354 2746 ὲν
3381 2688 3583 2765 κόσμῳ
3608 2689 3736 2744 vos!-

2143 2791 2268 2847 σθαι
2301 2791 2407 2864 πρέ
2418 2808 2531 2847 πει.
3561 2784 3564 2788 “

2219 2903 2238 2937 ι
2274 2882 2609 2955 Μαρτύρων,
2636 2878 2803 2951 ὄγκον
2828 2877 3164 2951 ἀποθέμενοι
3190 2877 3393 2943 πάντα,
3428 2897 3449 2932 ι

2211 2978 2543 3050 Μάρτυρας,
2601 2972 2727 3046 οὐχὶ
2753 2972 2882 3037 τοὺς
2922 2972 2982 3027 ὲν
3011 2974 3079 3043 τῇ
3124 2970 3305 3043 Καινῇ
3357 2970 3513 3040 λέγει
3559 2970 3733 3043 μόνον,

2142 3070 2280 3128 ἀλλά
2328 3068 2425 3124 καί
2468 3066 2598 3132 τοὺς
2630 3067 2691 3120 ὲν
2738 3065 2807 3136 τῇ
2842 3062 3078 3134 Παλαιᾷ.
3122 3062 3233 3116 Καὶ
3274 3061 3387 3135 γὰρ
3426 3063 3556 3118 καί
3591 3062 3737 3118 αὐτοὶ

2064 3201 2110 3263 c
2145 3163 2543 3237 ἐμαρτύρησαν
2569 3161 2637 3232 τῇ
2668 3157 2764 3212 τοῦ
2793 3154 2930 3210 Θεοῦ
2963 3155 3372 3228 μεγαλειότητι.
3464 3183 3467 3185 >

2221 3275 2241 3309 ι
2289 3255 2404 3311 Καὶ
2431 3255 2533 3327 τὴν
2562 3251 2963 3324 εὐπερίστατον
3003 3248 3307 3321 ἁμαρτίαν,
3346 3248 3417 3303 δι’
3459 3249 3738 3322 ὑπομονῆς

2142 3350 2433 3422 τρέχωμεν
2460 3348 2555 3402 τὸν
2605 3343 2970 3419 προκείμενον
3006 3345 3039 3413 ὴ
3050 3345 3141 3415 μίν
3192 3342 3401 3412 ἀγῶνα,
3423 3343 3738 3413 ἀφορῶντες

2144 3447 2226 3509 εἰς
2273 3444 2368 3498 τὸν
2401 3443 2503 3513 τῇς
2535 3440 2795 3505 πίστεως
2824 3438 3093 3510 ἀρχηγὸν,
3154 3437 3250 3492 καί
3295 3435 3601 3511 τελειωτὴν
3638 3437 3739 3510 ’11;-

2146 3555 2294 3594 σουν.
2336 3556 2359 3592 1

2214 3655 2329 3727 Τὴν
2379 3652 2620 3719 εὐκόλως
2642 3652 3083 3727 περιισταμένην
3117 3651 3287 3723 ἡμᾶς,
3313 3651 3349 3721 ἢ
3374 3648 3478 3721 τὴν
3509 3647 3737 3711 εὐκόλως

2144 3747 2470 3821 περίστασιν
2524 3747 2832 3818 δυναμένην
2880 3735 3114 3803 «adadv:
3162 3738 3380 3799 Μᾶλλον
3438 3740 3503 3797 δὲ
3551 3739 3720 3796 τοῦτο.

2153 3842 2367 3915 Ῥᾴδιον
2403 3841 2513 3913 γὰρ
2543 3839 2639 3895 εάν
2653 3835 3403 3917 θελήσωμεν,.περιγενέσθαι
3432 3839 3541 3909 τῆς
3571 3836 3740 3907 ἁμαρ-

2141 3935 2283 4000 τίας.
2644 3998 2647 3999 ν

2222 4067 2242 4102 ι
2282 4050 2379 4113 ⁸ος
2408 4048 2532 4105 ἀντὶ
2559 4014 2662 4117 τῆς
2689 4046 3064 4121 προκειμένης
3100 4043 3249 4117 αὐτῷ
3270 4046 3451 4117 χαρᾶς
3478 4044 3734 4114 ὑπέμεινε

2147 4142 2404 4212 σταυρὸν,
2437 4139 2705 4211 αἰσχύνης
2764 4138 3213 4210 καταφρονήσας,
3259 4138 3317 4191 ὲν
3341 4133 3502 4208 δεξιᾲ
3542 4150 3605 4189 τε
3646 4132 3734 4188 τοῦ

2146 4234 2339 4307 θρόνου
2369 4232 2466 4288 τοῦ
2491 4232 2628 4288 Θεοῦ
2661 4230 2981 4291 κεκάθικεν.
3020 4248 3039 4283 ι
3070 4264 3073 4267 λ
3140 4246 3143 4247 ⁷

2218 4347 2536 4417 Τουτέστιν,
2570 4347 2699 4415 ἐξῆν
2731 4345 2882 4418 αύτῷ
2922 4345 3092 4417 μηδὲν
3136 4346 3354 4407 παθεῖν,
3391 4347 3554 4420 εἴπερ
3578 4335 3732 4418 {.606-

2145 4443 2286 4499 λετο.
2338 4442 2398 4497 ’0
2453 4442 2511 4495 δὲ
2568 4442 2693 4496 ἀντί
2727 4440 2922 4494 τούτου
2956 4437 3194 4510 σταυρὸν
3223 4432 3529 4509 ⁵ὑπέμεινε,
3576 4440 3733 4511 μηδειο

449 4542 602 4597 nulla
624 4544 958 4601 necessitate
990 4547 1056 4601 ad
1088 4562 1310 4604 crucem
1334 4549 1675 4621 adigeretur.
1700 4548 1839 4606 Nam
1864 4550 2033 4609 nostri

2166 4539 2284 4592 λίαν
2310 4535 2451 4609 ἔχων
2486 4535 2733 4608 ἀνάγκην
2796 4532 2890 4588 τοῦ
2933 4531 3341 4603 σταυρωθῆναι.
3389 4531 3731 4606 Ἐσταυρώθη

450 4649 618 4691 causa
654 4636 847 4693 afﬁxus
878 4645 962 4693 est
990 4638 1168 4695 cruci.
1187 4686 1191 4690 .

509 4745 677 4803 Vsus.
734 4750 891 4804 3-H).
936 4768 954 4803 ι
989 4750 1317 4823 Recogitate
1365 4754 1512 4810 enim
1560 4772 1686 4813 eum
1738 4759 1831 4831 qui
1876 4762 2041 4819 talem

454 4840 719 4895 sustinuit
772 4855 801 4894 a
856 4843 1243 4913 peccatoribus
1324 4845 1619 4902 adversum
1685 4852 2046 4923 semetipsum

453 4932 977 5004 contradictionem,
1009 4944 1069 4992 ut
1122 4955 1192 4995 ne
1229 4938 1561 5012 fatigemini,
1609 4945 1813 5003 animis
1839 4949 2047 5007 vestris

456 5026 791 5086 deficientes.
826 5028 1084 5087 Nondum
1116 5031 1261 5088 enim
1296 5048 1473 5105 usque
1500 5037 1569 5091 ad
1608 5040 1936 5111 sanguinem
1962 5058 2043 5100 re-

457 5120 698 5189 stitistis,
737 5120 1004 5180 adversus
1036 5133 1324 5194 peccatum
1356 5139 1751 5201 repugnantes,
1784 5140 1840 5188 et
1890 5132 2047 5190 obliti

456 5211 593 5267 estis
626 5212 1026 5269 consolationis
1054 5228 1177 5285 quae
1208 5216 1368 5273 vobis
1405 5226 1671 5291 tanquam
1712 5222 1841 5281 ﬁliis
1867 5224 2046 5296 loqui-

458 5310 579 5369 tur,
606 5302 799 5358 dicens
844 5323 855 5358 :
887 5302 990 5357 Fili
1045 5305 1118 5358 mi
1151 5347 1165 5371 ,
1196 5306 1308 5361 noli
1358 5310 1633 5381 negligere
1691 5312 2047 5386 disciplinam

455 5395 696 5461 Domini,
732 5412 910 5467 neque
941 5396 1356 5469 fatigeris,dum
1391 5403 1461 5459 ab
1488 5419 1553 5459 eo
1582 5407 1850 5477 argueris.
1871 5408 2043 5477 Quem

455 5490 600 5549 enim
654 5490 833 5561 diligit
891 5489 1189 5565 Dominus,
1244 5498 1482 5570 castigat
1527 5496 1809 5570 :ﬂagellat
1862 5510 2044 5557 autem

457 5600 677 5642 omnem
710 5587 882 5643 filium
907 5606 1071 5660 quem
1106 5591 1322 5662 recipit.
1357 5592 1415 5647 ln
1465 5591 1763 5665 disciplina
1794 5610 2045 5665 perseve-

455 5686 619 5734 rate:
656 5686 924 5752 tanquam
960 5681 1086 5737 ﬁliis
1118 5683 1274 5739 vobis
1306 5681 1462 5739 oﬂ'ert
1491 5697 1551 5739 se
1580 5679 1748 5738 Deus.
1784 5682 1920 5750 Quis
1949 5699 2047 5739 au-

459 5783 569 5830 tem
608 5774 752 5831 illius
786 5791 946 5849 quem
981 5791 1089 5832 non
1121 5778 1351 5849 corripit
1380 5777 1578 5849 pater?
1613 5777 1771 5845 Quod
1815 5778 1861 5834 si
1893 5787 2047 5835 extra

452 5860 805 5939 disciplinam
887 5868 1067 5940 estis,
1107 5868 1267 5941 cujus
1332 5870 1629 5943 participes
1703 5869 1835 5927 facti
1910 5880 2041 5929 sunt

2150 4630 2259 4703 γὰρ
2294 4629 2329 4700 ἡ
2337 4627 2454 4700 μῶν
2478 4626 2681 4681 ἕνεκεν.

2227 4762 2248 4797 ι
2297 4739 2721 4812 Ἀναλογίσαοθε
2753 4739 2862 4812 γὰρ
2882 4740 2973 4795 τὸν
3003 4738 3262 4811 τοιαύτην
3279 4738 3730 4813 ὑπομεμενηκότα

2153 4838 2258 4893 ὑπὸ
2285 4836 2395 4892 τῶν
2435 4834 2784 4907 ἁμαρτωλῶν
2828 4836 2909 4899 είς
2942 4834 3107 4889 αὐτὸν
3163 4833 3502 4902 ἀντιλογίαν,
3534 4836 3620 4889 ἵνα
3659 4833 3727 4906 μὴ

2153 4932 2393 5002 κάμητε,
2418 4930 2541 4992 ταῖς
2570 4928 2771 5001 ψυχαῖς
2798 4928 2953 5001 ὑμῶν
2970 4927 3313 5001 ἐκλυόμενοι.
3348 4926 3519 4983 Οΰπω
3547 4927 3724 5001 μέχρις

2151 5024 2384 5095 αἵματος
2432 5020 2895 5093 ἀντικατέστητε,
2946 5020 3083 5093 πρὸς
3138 5021 3243 5092 τὴν
3279 5010 3556 5092 ἁμαρτίαν
3610 5020 3727 5074 ἀντ-

2126 5116 2552 5187 αγωνιζόμενοι
2578 5131 2592 5147 ’
2628 5114 2729 5168 καί⁸
2760 5112 3053 5185 ἐκλέλησθε
3085 5112 3189 5183 τῆς
3232 5113 3649 5185 παρακλήσεως,
3668 5110 3729 5182 ἦ·

2153 5228 2240 5275 τις
2268 5211 2395 5280 ὑμῖν
2424 5208 2500 5271 ὡς
2533 5208 2668 5271 υἱοῖς
2700 5206 3029 5273 διαλέγεται·
3062 5204 3161 5259 Υίέ
3204 5221 3334 5276 μου,
3381 5206 3458 5277 μὴ
3491 5201 3725 5273 ὀλιγώρει

2155 5304 2407 5367 παιδείας
2434 5302 2663 5373 Κυρίου,
2695 5300 2831 5373 μηδὲ
2870 5298 3070 5355 ἐκλύου
3113 5299 3206 5354 ὑπ’
3237 5298 3403 5354 αὐτοῦ
3452 5298 3725 5370 ὲλεγχόμευ

2155 5416 2267 5464 νος.
2302 5398 2403 5453 Ὃν
2434 5396 2773 5469 γὰρνὰγαπᾷ
2800 5394 3029 5467 Κύριος,
3085 5392 3360 5462 παιδεύει,
3395 5393 3643 5466 μαστιγοῖ
3672 5388 3722 5443 δὲ

2155 5493 2339 5549 πάντα
2367 5491 2483 5545 υἱὸν
2510 5490 2568 5545 ὃν
2590 5487 2993 5568 παραδέχεται*
3021 5490 3101 5553 είς
3134 5488 3381 5544 παιδείαν
3404 5488 3716 5560 ὑπομένετε·

2155 5586 2231 5653 ὡς
2260 5586 2398 5651 υἱοῖς
2433 5586 2570 5657 ὑμῖν
2618 5582 2990 5656 προσφέρεται
3034 5582 3249 5649 όΘεός.
3274 5584 3391 5648 Τίς
3439 5582 3545 5655 γάρ
3586 5582 3719 5635 ἔστιν

2154 5682 2370 5747 υίὸς,δν
2393 5680 2455 5735 οὐ
2490 5678 2739 5734 παιδεύει
2782 5677 3001 5750 πατήρ;
3048 5679 3113 5733 Et
3159 5678 3217 5731 δὲ
3252 5677 3423 5751 χωρίς
3459 5679 3577 5733 ἐστε
3600 5690 3717 5730 παι-

2157 5776 2329 5844 δείας,
2364 5769 2430 5848 ἧς
2458 5772 2677 5845 μέτοχοι
2708 5770 2968 5841 γεγόνασι
3005 5766 3227 5836 πάντες,
3274 5759 3385 5840 ἄρα
3409 5769 3549 5823 νόθοι
3582 5764 3711 5829 ἐστὶ,

2151 5866 2249 5925 καὶ
2283 5866 2384 5938 οὐχ
2406 5864 2530 5918 υἱοί.
2565 5859 2856 5928 Εἷταιτοὺς
2893 5859 2993 5933 μὲν
3017 5858 3116 5935 τῆς
3148 5858 3350 5932 σαρκὸς
3384 5858 3535 5935 ἡμῶν
3554 5872 3705 5912 πατε-
