3880 6254
433 262 539 326 995

1598 251 1660 313 S.
1702 245 2022 315 IOANNIS
2047 245 2485 310 DAMASCENI

3575 247 3669 313 996

432 374 555 439 ejus
586 375 895 440 portantes.
922 366 1043 423 Non
1074 368 1223 423 enim
1274 364 1545 421 habemus
1575 363 1670 417 hic
1702 368 2014 418 manentem

2140 362 2399 432 ρέροντες.
2435 359 2511 414 Οὐ
2543 357 2655 430 γὰρ
2684 357 2882 430 ἔχομεν
2907 348 3013 413 ὧδε
3048 357 3321 429 μένουσαν
3362 357 3529 427 πόλιν,
3555 361 3673 417 ἀλλὰ

432 464 736 528 civitatem,
798 460 894 518 sed
966 459 1208 515 futuram
1278 456 1645 529 inquirimus.
1694 454 1801 510 Per
1831 454 2015 525 ipsum

432 568 566 624 ergo
621 552 906 608 otl'erimus
945 549 1186 606 hostiam
1236 546 1419 603 laudis
1475 560 1693 617 semper
1746 544 1878 609 Deo,
1917 543 2022 599 hoc

432 652 517 702 est
544 644 781 700 fructum
815 663 835 696 ι

500 737 561 792 ld
608 747 715 802 est,
765 732 1218 807 quandoquidem
1262 732 1379 789 haec
1406 732 1672 806 patimur,
1705 728 2019 787 communi-

433 842 624 883 cemus
652 825 901 898 passioni
932 824 1166 880 Christi.

510 936 530 970 ι
561 917 860 973 Labiorum
892 915 1278 973 confitentium
1300 915 1510 970 nomini
1537 912 2016 985 ejus.Bcneftcen-

433 1011 525 1067 tite
568 1020 752 1066 autem
803 1018 857 1066 et
888 1008 1309 1065 communionis
1359 1008 1531 1063 nolite
1565 1006 1819 1064 oblivisci
1852 1005 2023 1061 :tali—

433 1103 540 1159 bus
571 1102 717 1157 enim
750 1099 946 1157 hostiis
980 1110 1340 1170 promeretur
1371 1099 1543 1166 Deus.
1579 1117 1598 1152 ι

506 1189 829 1246 Gratiarum
861 1188 1135 1245 actionem
1162 1189 1651 1245 Ettcharistiamve
1683 1188 2019 1245 olierendam

434 1284 592 1349 dicit,
646 1292 703 1341 et
750 1293 952 1339 cuncta
1006 1284 1223 1341 fortiter
1274 1284 1583 1350 toleranda,
1643 1284 1747 1342 etsi
1790 1284 2019 1341 molesta

434 1376 714 1432 videntur.
750 1378 865 1433 Hoc
898 1386 1060 1448 pacto
1091 1378 1241 1433 enim
1288 1376 1399 1433 Deo
1432 1377 1670 1449 proximi
1702 1375 2019 1443 evadimus,

434 1472 571 1543 quin
600 1477 657 1528 et
686 1470 992 1526 debitorem
1027 1471 1295 1526 habemus
1327 1470 1524 1526 Deum.
1571 1469 1807 1537 Quando
1836 1478 2021 1525 autem

433 1580 570 1631 non,
612 1564 692 1619 uti
727 1563 901 1629 decet,
935 1564 1203 1635 patimur,
1245 1563 1356 1619 Deo
1391 1562 1663 1619 efﬁcimur
1704 1563 1934 1620 obnoxii
1964 1571 2023 1618 et

434 1658 749 1724 debitores;
781 1655 878 1712 sed
910 1668 963 1712 et
994 1655 1317 1726 frequenter
1362 1657 1417 1712 id
1451 1657 1615 1713 nobis
1654 1657 1710 1712 in
1747 1657 2021 1728 judicium

2121 454 2220 525 τὴν
2255 453 2558 525 μέλλουσαν
2601 450 2995 523 ἐπιζητοῦμεν.
3042 452 3121 505 Δι’
3153 450 3322 507 αὐτοῦ
3364 447 3456 507 οῦν
3497 452 3673 527 ἀναφι-

2125 563 2292 616 ρομεν
2327 545 2519 601 θυσίαν
2545 543 2806 609 αἰνέσεως
2841 542 2932 598 διὰ
2960 542 3163 608 παντὸς
3182 542 3261 616 τῷ
3292 543 3431 616 Θεῷ,
3458 546 3676 602 τουτέστι

2123 634 2338 707 καρπὸν
2381 653 2400 687 ι

2196 727 2486 794 Τουτέστι,
2516 727 2586 782 τὰ
2617 727 2758 783 αὐτὰ
2791 727 3097 798 πάσχοντες
3140 726 3555 798 κοινωνήὰωμεν
3585 728 3682 794 τοις

2123 820 2414 893 παθήμασι
2443 819 2538 875 τοῦ
2570 817 2833 891 Χριστοῦ.

2202 937 2220 970 ι
2267 917 2508 973 Χειλέων
2552 916 2967 989 ὁμολογούντων
2994 916 3074 988 τῷ
3119 916 3347 988 ὀνόματι
3373 903 3555 971 αὐτοῦ.
3589 916 3685 987 Τῆς

2122 1010 2182 1067 δὲ
2209 1010 2463 1073 εὐποιίας
2483 1010 2580 1065 καὶ
2608 1008 2899 1073 κοινωνίας
2934 1008 3012 1081 μὴ
3045 1006 3504 1062 ἐπιλανθάνεσθεο
3528 1008 3688 1063 τοιαύ-

2123 1126 2247 1173 ταις
2274 1109 2381 1183 γὰρ
2415 1107 2634 1172 θυσίαις
2659 1106 3041 1180 εὐαρεστεῖται
3065 1106 3094 1159 ὁ
3122 1104 3279 1169 Θεός.
3320 1122 3341 1156 ι

2195 1199 2271 1257 Τὸ
2314 1201 2416 1273 τὴν
2455 1198 2811 1273 εὐχαριστίαν
2859 1198 3155 1270 ἀναφέρειν
3209 1196 3399 1267 λέγει,
3443 1195 3539 1252 καὶ
3579 1212 3690 1266 γεν-

2125 1294 2294 1358 ναίως
2316 1295 2533 1351 ἅπαντα
2553 1293 2766 1366 φέρειν,
2789 1292 2889 1347 καὶ
2907 1290 2978 1351 τὰ
2992 1288 3258 1347 δοκοῦντα
3279 1288 3520 1361 λυπηρά.
3542 1287 3694 1343 Τοῦτο

2126 1388 2296 1459 ἐγγὺς
2341 1387 2493 1461 ἡμᾶς
2546 1381 2689 1441 εἶναι
2721 1386 2871 1440 ποιεῖ
2921 1384 3061 1439 Θεοῦ
3083 1400 3100 1417 ο
3144 1385 3270 1439 τότε
3309 1384 3409 1438 καὶ⁵
3447 1382 3537 1437 τὸν
3577 1382 3693 1437 Θεὸν

2124 1481 2413 1553 ὀφειλέτην
2459 1479 2679 1553 ἔχομεν.
2719 1478 2891 1534 Ὅταν
2949 1477 3008 1531 δὲ
3052 1476 3116 1531 οὺ
3173 1474 3357 1539 καλῶς
3414 1472 3695 1545 πάθωμεν.

2124 1577 2290 1646 ἡμεῖς
2321 1576 2491 1645 ἐσμεν
2527 1573 2808 1642 ὀφειλέται
2842 1571 2938 1626 καὶ
2962 1568 3259 1624 ὑπεύθυνοι
3289 1567 3387 1622 τοῦ
3418 1566 3586 1633 Θεοῦ,
3615 1566 3698 1622 καὶ

2127 1664 2391 1730 πολλάκις
2418 1665 2581 1736 ἡμῶν
2617 1662 2797 1717 ταῦτα
2825 1664 2906 1728 είς
2939 1663 3123 1735 κρῖμα
3151 1661 3365 1732 γίνεται
3389 1675 3406 1692 ’
3438 1660 3619 1715 ἐκεῖνα
3649 1658 3700 1713 δι

432 1750 706 1806 vertitur:
737 1748 992 1820 quinimo
1048 1747 1269 1805 dolores
1303 1756 1358 1805 et
1391 1749 1657 1807 molestiae
1685 1726 1815 1805 sunt
1849 1758 2026 1821 pinnae

2140 1761 2211 1825 εἰς
2242 1726 2918 1828 ἔκτισιν-ἁμαρτημάτωνι

435 1850 821 1914 peccatorum.

509 1932 675 1991 Vsus.
732 1931 924 1989 17-24.
983 1952 1003 1987 ι
1041 1932 1271 1989 Obedite
1320 1934 1638 2005 praepositis
1688 1934 1914 2000 vestris,
1970 1943 2027 1992 et

436 2024 739 2095 subjacete.
804 2023 913 2094 Ipsi
967 2024 1115 2080 enim
1168 2026 1522 2096 pervigilant,
1559 2027 1721 2098 quasi
1753 2028 2025 2084 rationem

436 2132 537 2188 pro
570 2116 859 2173 animabus
890 2117 1091 2173 vestris
1116 2117 1412 2187 reddituri,
1442 2129 1502 2175 ut
1532 2136 1660 2176 cum
1693 2120 1895 2192 gaudio
1919 2120 2026 2176 hoc

438 2209 672 2275 faciant,
709 2215 765 2265 et
797 2224 911 2265 non
962 2217 1247 2281 gementes
1281 2226 1297 2264 :
1334 2212 1439 2267 hoc
1478 2212 1630 2267 enim
1664 2226 1776 2268 non
1803 2213 2027 2284 expedit

440 2300 622 2357 vobis.
680 2298 848 2357 Orate
889 2314 987 2373 pro
1042 2300 1224 2358 nobis.
1291 2300 1641 2359 Confidimus
1697 2303 1849 2359 enim
1891 2302 2025 2374 quia

402 2394 641 2461 bonam
702 2393 1107 2449 conscientiam
1163 2393 1435 2452 habemus
1487 2395 1545 2451 in
1575 2396 1839 2453 omnibus
1883 2395 2025 2453 bene

438 2470 687 2561 volentes
716 2486 1061 2543 conversari.
1094 2486 1350 2561 Amplius
1400 2496 1585 2546 autem
1626 2491 1895 2561 deprecor
1924 2505 2025 2547 vos

438 2586 544 2637 hoc
597 2555 808 2648 'Tacere,
866 2595 979 2652 quo
1028 2580 1274 2638 celerius
1324 2584 1596 2638 restituar
1646 2582 1822 2639 vobis.
1878 2581 2025 2639 Deus

436 2679 621 2726 autem
650 2671 829 2741 pacis,
853 2670 963 2742 ξ(ιυί
995 2668 1188 2727 eduxit
1230 2671 1299 2728 de
1328 2672 1569 2728 mortuis
1592 2682 1873 2744 pastorem
1906 2688 2026 2728 ma-

435 2776 605 2836 gnum
636 2761 845 2831 ovium,
887 2762 942 2817 in
969 2763 1242 2833 sanguine
1294 2766 1616 2821 testamenti
1660 2765 1877 2835 aeterni,
1914 2764 2025 2821 Do-

435 2856 649 2912 minum
691 2861 946 2910 nostrum
987 2853 1197 2923 Jesum,
1247 2862 1400 2927 aptet
1428 2871 1533 2913 vos
1583 2857 1641 2912 in
1670 2856 1825 2913 omni
1856 2872 2026 2929 opere

436 2948 606 3016 bono,
642 2955 702 3004 ut
749 2945 969 3004 faciatis
996 2947 1121 3018 ejus
1145 2948 1491 3006 voluntatem
1522 2966 1538 3004 :
1587 2948 1801 3007 faciens
1841 2949 1898 3004 in
1928 2965 2028 3005 vo-

435 3042 526 3099 bis
552 3044 700 3115 quod
745 3040 962 3113 placeat
1009 3054 1202 3097 coram
1251 3056 1313 3097 se
1357 3056 1455 3112 per
1474 3039 1666 3098 Iesum
1719 3041 2024 3111 Christum,

437 3138 530 3194 cui
569 3144 657 3194 est
689 3134 866 3208 gloria
909 3135 968 3191 in
1004 3137 1207 3192 saecula
1255 3135 1615 3193 saeculorum.
1648 3134 1846 3191 Amen.
1877 3134 2032 3207 Rogo

438 3238 622 3287 autem
672 3244 794 3293 vos,
832 3228 1062 3295 fratres,
1114 3236 1181 3284 ut
1226 3227 1510 3286 sufferatis
1557 3228 1788 3284 verbum
1818 3228 2028 3285 solatii.

441 3322 655 3378 Etenim
710 3321 1007 3393 perpaucis
1054 3320 1259 3393 scripsi
1299 3320 1485 3377 vobis.
1531 3318 1862 3392 Cognoscite
1920 3316 2033 3375 fra-

440 3427 579 3474 trem
612 3423 867 3473 nostrum
898 3414 1277 3471 Timotheum.
1318 3433 1338 3468 ι

512 3509 653 3577 Quid
682 3523 815 3581 ergo
865 3507 976 3563 ait?
1020 3505 1301 3579 nunquid,
1345 3507 1395 3564 si
1447 3506 1626 3563 malus
1660 3512 1767 3571 est,
1800 3502 2031 3561 obedire

441 3601 742 3659 debemus?
772 3599 1072 3672 lquomodo
1114 3601 1322 3657 malum
1373 3598 1629 3656 dixeris?
1686 3596 1747 3652 Si
1806 3596 2033 3669 quidem

441 3693 626 3750 malus
666 3693 739 3750 sit
770 3693 829 3749 in
859 3707 1030 3750 causa
1055 3691 1208 3761 tidei,
1241 3692 1369 3764 fuge
1408 3692 1567 3748 illum
1590 3697 1645 3748 et
1677 3689 1884 3754 devita,
1920 3704 2033 3748 non

444 3789 624 3844 solum
655 3787 705 3843 si
749 3787 919 3843 homo
950 3786 1047 3854 sit,
1077 3787 1176 3843 sed
1214 3793 1270 3842 et
1309 3786 1356 3842 si
1389 3784 1457 3842 de
1499 3784 1642 3840 coelo
1676 3783 1907 3855 angelus
1935 3781 2033 3837 de-

439 3879 741 3936 scenderit.
793 3877 892 3934 Sin
924 3893 1057 3935 vero
1090 3878 1160 3933 in
1216 3878 1343 3934 vitae
1384 3876 1627 3941 ratione,
1658 3891 1725 3931 ne
1754 3874 1808 3931 id
1842 3873 2033 3930 curio-

443 3974 561 4029 sius
620 3971 892 4043 inquiras.
946 3970 1087 4028 Nam
1135 3970 1266 4026 andi
1318 3971 1455 4039 quid
1503 3968 1768 4024 Christus
1833 3966 2028 4023 dicat:

446 4046 617 4135 Super
649 4064 961 4121 cathedram
1002 4064 1182 4136 Moysi
1220 4063 1469 4118 sederunt
1515 4059 1721 4117 Scribae
1751 4069 1803 4115 et
1832 4059 2032 4114 Phari-

445 4161 540 4215 σαί
572 4158 634 4213 ’⁸.
665 4158 803 4214 Cum
859 4158 1032 4214 multa
1066 4158 1285 4213 illorum
1342 4156 1487 4211 mala
1534 4160 1665 4208 ante
1692 4167 2033 4209 commemo-

448 4260 648 4315 rasset,
682 4258 817 4306 tunc
844 4251 943 4316 ait,
998 4248 1173 4321 Super
1216 4248 1528 4304 cathedram
1559 4246 1735 4318 Moysi
1756 4248 2030 4303 sederunt.

450 4344 645 4403 Omnia
668 4361 792 4416 ergo
839 4361 1162 4417 quotcunque
1206 4344 1447 4401 dixerint
1498 4343 1642 4399 vobis
1700 4355 1757 4398 ut
1788 4344 2030 4414 faciatis,

2209 1955 2229 1990 ι
2266 1936 2531 1992 Πείθεσθε
2574 1936 2689 1999 τοῖς
2718 1933 3049 2006 ἡγουμένοις
3078 1932 3271 2004 ὑμῶν,
3304 1932 3401 1987 καὶ
3437 1930 3698 1988 ὑπείκετε.

2130 2027 2297 2081 Αὐτοὶ
2326 2026 2437 2097 γὰρ
2473 2023 2851 2097 ἀγρυπνοῦσιν
2882 2023 3025 2096 ὑπὲρ
3053 2023 3164 2077 τῶν
3197 2022 3390 2095 ψυχῶν
3424 2022 3606 2096 ὑμῶν.
3639 2024 3705 2088 ὡς

2130 2118 2288 2187 λόγον
2331 2116 2742 2189 ἀποδώσοντες,
2776 2115 2866 2170 ἵνα
2897 2116 3035 2186 μετὰ
3066 2117 3245 2188 χαρᾶς
3290 2114 3458 2169 τοῦτο
3488 2114 3703 2183 ποιῶσι,

2132 2211 2227 2265 καὶ
2262 2209 2337 2281 μὴ
2388 2207 2744 2273 στενάζοντες
2768 2224 2782 2239 ⁸
2839 2206 3157 2272 ἀλυσιτελὲς
3201 2207 3319 2281 γὰρ,
3363 2208 3499 2281 ὑμῖν
3541 2208 3703 2263 τοῦτο.

2131 2301 2513 2379 Προσεύχεσθε
2556 2301 2687 2374 περὶ
2720 2301 2900 2373 ἡμῶν.
2936 2300 3292 2374 Πεποίθαμεν
3334 2302 3472 2375 γὰρ,
3501 2303 3581 2357 ὅτι
3620 2318 3707 2355 κα-

2130 2396 2230 2468 λὴν
2251 2395 2560 2469 συνείδησιν
2580 2395 2778 2468 ἔχομεν
2800 2397 2859 2450 ὲν
2888 2398 3076 2465 πᾶσιν,
3110 2396 3296 2461 καλῶς
3324 2395 3574 2462 θέλοντες
3593 2397 3708 2452 ἀνα-

2134 2488 2484 2563 στρέφεσθαι.
2515 2490 2929 2563 Περισσοτέρως
2954 2490 3011 2545 δὲ
3043 2489 3352 2563 παρακαλῶ
3371 2490 3539 2545 τοῦτο
3565 2488 3705 2560 ποιῆ-

2134 2602 2259 2651 σαι,
2293 2585 2381 2639 ἴνα
2411 2583 2601 2656 τάχιον
2629 2583 3075 2639 ἀποκατασταθῶ
3100 2583 3255 2655 ὑμῖν.
3296 2585 3354 2639 '0
3381 2584 3446 2638 δὲ
3466 2584 3597 2648 Θεὸς
3621 2583 3707 2653 τῆς

2132 2679 2376 2750 εἱρήνης,
2411 2678 2439 2731 ό
2488 2676 2784 2747 ἀναγαγὼν
2831 2678 2897 2731 ὲκ
2935 2675 3149 2749 νεκρῶν
3183 2676 3295 2735 τὸν
3327 2674 3575 2748 ποιμένα
3614 2674 3707 2729 τῶν

2131 2768 2426 2845 προϐάτων
2461 2769 2554 2824 τδν
2586 2768 2890 2842 μέγαν,·ὲν
2923 2768 3121 2841 αἵματι
3158 2767 3436 2841 διαθήκης
3464 2767 3708 2834 αἰωνίου,

2132 2866 2224 2921 τὸν
2247 2863 2455 2938 Κύριον
2483 2863 2643 2936 ἡμῶν
2684 2860 2917 2934 Ἰησοῦν,
2947 2862 3282 2936 καταρτίσαι
3306 2862 3462 2933 ὑμᾶς
3483 2863 3543 2917 ὲν
3567 2859 3711 2915 παντὶ

2133 2958 2281 3031 ἔργῳ
2307 2958 2518 3030 ἀγαθῷ,
2544 2960 2626 3022 είς
2651 2959 2713 3013 τὸ
2742 2958 2969 3030 ποιῆσαι
3002 2958 3064 3012 τὸ
3089 2957 3305 3030 θέλημα
3334 2954 3531 3023 αὑτοῦ,
3564 2952 3715 3010 ποιῶν

2134 3050 2193 3104 ὲν
2237 3052 2369 3122 ὑμῖν
2413 3050 2477 3105 τὸ
2528 3050 2823 3121 εὐάρεστον
2858 3048 3095 3105 ὲνώπιον
3136 3047 3344 3113 αὐτοῦ,
3396 3047 3498 3103 διὰ
3555 3043 3712 3120 Ἰησοῖ

2134 3143 2414 3218 Χριστοῦ,
2450 3138 2495 3215 ᾧ
2526 3146 2560 3215 ἡ
2604 3144 2733 3209 δόξα
2776 3144 2859 3207 εἰς
2911 3141 3043 3206 τοὺς
3091 3140 3297 3205 αἰῶνας
3340 3139 3459 3194 τῶν
3499 3137 3712 3195 αἰώνων.

2146 3241 2340 3313 Ἀμήν.
2364 3238 2679 3313 Παρακαλῶ
2717 3237 2774 3291 δὲ
2804 3238 2982 3309 ὑμᾶς,
3022 3233 3277 3305 ἀδελφοὶ,
3305 3230 3594 3306 ἀνέχεσθε
3634 3226 3714 3284 τοῦ

2132 3333 2294 3404 λόγου
2320 3333 2424 3405 τῆς
2454 3329 2881 3402 παρακλήσεως.
2918 3328 3033 3384 Καὶ
3055 3328 3165 3400 γὰρ
3225 3325 3316 3381 διὰ
3351 3325 3606 3399 βραχέων
3630 3324 3716 3378 ἑπ-

2134 3426 2350 3481 ἐστειλα
2393 3425 2543 3497 ὑμῖν.
2572 3421 2881 3477 Γινώσκετε
2900 3420 2993 3476 τὸν
3017 3418 3244 3489 ἀδελφὸν
3271 3416 3569 3491 Τιμόθεον.
3604 3435 3623 3470 t

2206 3519 2273 3572 Τί
2299 3512 2394 3572 οὖν
2418 3531 2620 3588 φησιν;
2648 3512 2716 3570 ἂν
2744 3512 2983 3585 πονηρὸς
3010 3507 3070 3587 ᾗ,
3103 3509 3468 3583 πειθώμεθας
3495 3504 3715 3580 πονηρδς

2135 3605 2255 3671 πῶς
2277 3606 2495 3676 λέγεις;
2521 3606 2572 3659 εί
2605 3604 2708 3674 μὲν
2737 3604 2980 3667 πίστεως
3004 3603 3217 3670 ἕνεκεν,
3250 3600 3396 3672 φύγε
3423 3599 3611 3668 αὐτὸν,
3636 3596 3717 3653 καὶ

2135 3700 2511 3773 παραίτησαι,
2552 3696 2629 3769 μὴ
2682 3696 2846 3769 μόνον
2882 3695 2952 3751 ἂν
2981 3695 3275 3768 ἄνθρωπος
3308 3691 3385 3771 ᾖ,
3438 3692 3580 3749 ἀλλὰ
3630 3690 3718 3747 κᾶν

2134 3790 2369 3861 ἄγγελος
2396 3788 2455 3855 ἐξ
2497 3785 2735 3861 οὐρανοῦ
2783 3785 3010 3843 κατιών.
3044 3786 3109 3842 Ei
3140 3786 3200 3841 δὲ
3243 3785 3362 3858 βίου
3394 3786 3620 3853 ἕνεκεν,
3651 3781 3715 3855 μὴ

2135 3881 2530 3955 περιεργάζου.
2583 3880 2787 3943 ΙἌκουε
2842 3878 2955 3950 γὰρ
3002 3877 3098 3933 τοῦ
3145 3877 3389 3951 Χριστοῦ
3460 3876 3714 3947 λέγοντος,

2148 3976 2275 4031 Ἐπὶ
2307 3974 2422 4044 τῆς
2453 3974 2755 4040 Μωυσέως
2789 3970 3086 4043 καθέδρας
3117 3970 3419 4035 ἐκάθισαν
3452 3973 3511 4027 οι
3542 3972 3716 4040 Γραμ-

2131 4068 2340 4142 patch
2374 4067 2476 4122 καὶ
2502 4069 2558 4121 οι
2588 4065 2925 4137 Φαρισαῖοι.
2957 4065 3237 4138 Πρότερον
3269 4062 3448 4121 εἰπὼν
3473 4066 3603 4137 περὶ
3635 4063 3715 4117 αὐ-

2134 4160 2245 4214 τῶν
2274 4158 2426 4214 δεινά
2457 4157 2660 4221 πολλὰ,
2693 4158 2816 4211 τότε
2855 4156 3023 4228 φησιν
3041 4195 3059 4223 ,
3111 4155 3245 4212 Ἐπὶ
3286 4154 3400 4226 τῆς
3438 4156 3717 4220 Μωῠσέως

2136 4248 2430 4318 καθέδρας
2452 4247 2766 4304 ἐκάθισαν.
2792 4249 2998 4316 Πάν-τα
3018 4243 3134 4305 οὖν
3159 4248 3279 4303 ὅσα
3298 4252 3570 4318 laruam
3594 4245 3717 4318 ὑμῖν

2136 4342 2365 4408 ποιεῖν,
2420 4341 2645 4398 ποιεῖτε
2666 4357 2681 4372 ·
2732 4342 2885 4397 κατὰ
2944 4341 3015 4396 δὲ
3071 4344 3145 4397 τὰ
3193 4342 3341 4413 ἔργα
3391 4342 3595 4398 αὐτῶν
3641 4338 3715 4410 μὴ

446 4439 608 4509 facite
637 4456 656 4494 :
705 4438 995 4494 secundum
1062 4450 1243 4494 autem
1291 4454 1451 4508 opera
1497 4452 1681 4493 eorum
1720 4438 1893 4493 nolite
1951 4437 2028 4509 fa-

2140 4435 2379 4490 ποιεῖτε.
2407 4436 2657 4507 Ἔχουσι,
2690 4434 2847 4505 φησὶ,
2879 4434 2941 4488 τδ
2990 4434 3236 4506 ᾲξίωμα,
3267 4432 3407 4487 ἀλλὰ
3441 4432 3560 4505 βίου
3594 4431 3715 4484 εἰσὶν

446 4547 559 4586 cere
617 4532 681 4588 η.
735 4529 955 4588 Habent
1007 4531 1425 4597 auctoritatem,
1484 4528 1690 4601 inquit,
1728 4529 1827 4586 sed
1866 4529 2034 4585 vitam

446 4632 617 4695 agunt
660 4624 960 4695 impuram.
1008 4623 1215 4679 Verum
1248 4638 1362 4679 non
1391 4623 1538 4690 vitae,
1587 4621 1683 4680 sed
1723 4622 1889 4679 dictis
1917 4623 2038 4678 ani-

447 4733 598 4773 mum
658 4717 907 4788 adjicite.
964 4714 1139 4773 Nemo
1188 4716 1393 4789 quippe
1444 4730 1513 4773 ex
1548 4732 1740 4773 eorum
1790 4716 2038 4773 moribus

449 4811 840 4869 detrimentum
880 4811 1174 4881 acceperit.
1230 4810 1416 4866 Eccur
1469 4810 1639 4867 vero?
1686 4810 1947 4880 quoniam
1983 4816 2040 4865 et

448 4902 732 4960 manifesti
756 4910 899 4959 sunt
954 4904 1237 4970 omnibus,
1291 4913 1347 4959 et
1394 4902 1652 4974 quamvis
1702 4903 1796 4959 ille
1832 4901 2035 4967 millies

444 4995 739 5069 improbus
769 4996 866 5064 sit,
898 4996 1042 5051 mala
1074 4995 1193 5051 haec
1227 5011 1515 5068 nunquam
1548 4996 1792 5052 docebit.
1829 4994 1905 5051 De
1933 4994 2040 5051 fide

445 5098 658 5155 autem,
708 5104 819 5144 non
875 5087 959 5146 sic
988 5087 1134 5161 apud
1179 5102 1374 5145 omnes
1426 5095 1669 5152 constat,
1711 5086 1804 5142 ubi
1860 5088 2039 5144 malus

442 5182 545 5257 ille
578 5182 814 5239 docendi
844 5196 1052 5246 munus
1096 5196 1209 5238 non
1240 5180 1535 5238 detrectat.
1569 5180 1845 5248 Quoniam
1880 5188 1935 5237 et
1967 5180 2037 5235 il-

450 5275 544 5336 lud
587 5274 837 5342 effatum,
871 5272 1056 5331 Nolite
1087 5273 1360 5345 judicare,
1396 5283 1455 5329 ut
1489 5290 1592 5329 non
1622 5273 1943 5345 judicemini
1971 5273 2039 5343 ¹⁶,

443 5370 514 5427 de
537 5369 671 5435 vita,
729 5384 842 5425 non
893 5367 962 5425 de
1006 5366 1115 5423 lide
1159 5366 1578 5439 pronuntiatum
1632 5374 1739 5422 est.
1797 5365 1853 5421 Id
1886 5364 2034 5440 quod

446 5461 722 5539 sermonis
785 5458 961 5537 series
990 5460 1370 5533 perspicuum
1430 5460 1585 5515 facit.
1645 5458 1788 5533 Quid
1853 5459 2030 5525 uides,

450 5554 650 5627 inquit,
685 5553 945 5625 festucam
973 5553 1033 5609 in
1065 5552 1219 5611 oculo
1250 5544 1443 5623 fratris
1482 5554 1582 5619 tui,
1620 5553 1822 5607 trabem
1856 5564 2035 5609 autem

522 5730 568 5807 εξ
598 5729 794 5790 Matth.
837 5746 995 5797 xxm,
1027 5732 1081 5785 2.
1170 5731 1212 5765 ¹⁸
1244 5730 1377 5787 ibid.
1420 5732 1472 5788 ὅ.
1520 5730 1562 5763 ³⁸
1594 5729 1791 5785 Matth.
1821 5728 1919 5799 in,
1964 5731 2039 5803 1-

2102 4519 2467 4602 ὶὰκαθάρτου.
2486 4527 2651 4583 Ἀλλὰ
2687 4528 2762 4601 μὴ
2791 4527 2870 4598 τῷ
2896 4525 3017 4600 βίῳ,
3046 4525 3187 4581 ἀλλὰ
3213 4527 3328 4589 τοῖς
3355 4525 3541 4596 λόγοις
3563 4540 3715 4595 προσ-

2136 4622 2311 4693 έχετε.
2336 4620 2459 4676 Τῶν
2492 4621 2592 4692 μὲν
2634 4619 2747 4692 γὰρ
2773 4618 2923 4691 ἠθῶν
2949 4618 3143 4674 ἓνεκεν
3178 4617 3359 4683 οὐδεὶς
3383 4618 3451 4673 ἂν
3480 4616 3711 4690 βλαϐείη.

2134 4715 2201 4772 Τί
2229 4715 2469 4787 δήποτε;
2504 4715 2591 4768 ὅτι
2624 4714 2731 4769 καὶ
2755 4713 2892 4786 δῆλα
2924 4713 3093 4772 πᾶσίν
3127 4715 3315 4778 ἐστιν,
3346 4712 3445 4767 καὶ
3477 4711 3599 4765 οὐδὲ
3632 4709 3715 4764 a6-

2134 4809 2248 4877 τὸς,
2285 4807 2394 4865 κᾶν
2427 4807 2693 4880 μυριάκις
2724 4805 3045 4881 ᾗπονηρδς,
3086 4804 3306 4877 πονηρὰ
3343 4804 3547 4873 διδάξει
3578 4800 3710 4857 ποτέ.

2138 4901 2385 4967 Πίστεως
2412 4901 2472 4955 δὲ
2498 4899 2714 4966 ἕνεκεν,
2740 4896 2868 4954 οὔτε
2898 4897 3058 4971 δῆλόν
3083 4898 3203 4952 ἐστι
3226 4899 3416 4960 πᾶσιν,
3447 4898 3541 4951 ὅτι
3572 4909 3715 4962 non.

2143 4996 2234 5067 ρὸς
2274 4993 2338 5049 οὐ
2380 4994 2785 5066 παραιτήσεται
2822 4991 3326 5050 διδάσκειν..Ἐπεὶ
3357 4991 3455 5043 καὶ
3492 4989 3573 5055 τὸ,
3627 4987 3710 5053 Μὴ

2139 5090 2397 5163 κρίνετε,
2428 5088 2531 5142 ἳνα
2553 5076 2641 5157 μὴ
2681 5084 2944 5155 κριθῆτε,
2981 5083 3112 5156 περὶ
3142 5082 3258 5155 βίου
3289 5084 3462 5149 ἐστὶν,
3493 5081 3555 5135 οὐ
3599 5081 3712 5150 περὶ

2141 5180 2402 5245 πίστεως.
2434 5177 2510 5235 To
2538 5178 2669 5249 γοῦν
2698 5177 3064 5251 ἐπαγόμενον,
3105 5175 3266 5232 τοῦτο
3286 5176 3458 5250 δηλοῖ.
3493 5176 3556 5231 Τί
3579 5170 3711 5241 ,βλέ-

2142 5272 2311 5341 πεις,
2348 5271 2549 5345 φησὶν,
2590 5270 2661 5327 τὸ
2694 5259 3025 5341 κάρφοςτὸ
3067 5268 3137 5325 ἐν
3170 5267 3254 5341 τῷ
3302 5264 3585 5340 deuorauit}?
3616 5253 3710 5319 τοῦ

2138 5363 2412 5436 ἀδελφοῦ
2459 5377 2613 5431 σου,
2655 5362 2774 5433 τὴν
2805 5361 2875 5417 δὲ
2909 5359 3096 5417 δοκὸν
3131 5360 3249 5429 τὴν
3273 5358 3347 5415 ἐν
3371 5356 3449 5426 τῷ
3488 5355 3577 5423 σῷ
3615 5353 3707 5425 ὀφ-

2139 5455 2347 5530 θαλμῷ
2371 5454 2854 5525 maxuma-ask;
2901 5452 3120 5520 Πάντα
3145 5449 3269 5511 οὖν
3291 5454 3407 5517 ὅσα
3436 5450 3517 5507 ἂν
3541 5446 3706 5520 λέγω·

2139 5568 2244 5611 σιν
2274 5552 2449 5625 ὑμῖν,
2495 5550 2751 5621 ποιεῖτε,
2796 5548 2949 5607 κατὰ
2972 5547 3060 5625 ,δὲ
3104 5547 3179 5605 τὰ
3227 5548 3373 5620 ἕρτα
3398 5540 3594 5602 αὐτῶν
3626 5538 3707 5612 μὴ
