3928 6264
256 279 359 346 997

1377 277 1460 339 IN
1497 279 1739 348 EPIST.
1783 279 1812 341 Ι
1849 280 1950 340 ΑΙ)
1973 280 2472 351 .TIMOTHEUM.

3424 282 3530 351 993

250 397 489 457 ποιεῖτε.
531 397 697 470 Ὀρᾷς
726 395 826 452 ’ὅτι
873 393 936 450 οὐ
968 394 1101 468 περὶ
1138 394 1431 468 δογμάτων
1473 396 1653 464 ἐστὶν,
1702 397 1812 452 άλλη

1949 398 2004 453 in
2036 399 2189 454 oculo
2232 408 2322 455 tuo
2353 415 2457 454 non
2512 398 2658 456 vides
2709 399 2788 457 ιη
2826 399 3024 457 Omnia
3051 414 3176 473 ergo
3207 417 3530 473 quwcunquc

249 492 378 565 περὶ
417 491 535 564 βίον
567 489 664 545 καὶ
692 487 892 560 ἔργων.
933 486 1097 542 Ἀλλὰ
1119 487 1150 543 ὁ
1173 487 1388 554 Παῦλος
1411 487 1678 561 πρότερον
1709 507 1840 545 συν-

1945 489 2184 546 dixeriut
2241 489 2412 558 vobis,
2468 491 2627 562 facile
2653 509 2673 546 :
2716 492 3005 549 secundum
3035 503 3214 548 autem
3249 510 3408 563 opera
3435 510 3527 549 eo.-

248 581 483 656 ἔστησεν
559 581 793 646 αὐτοὺς,
837 579 936 635 καὶ
985 579 1109 634 τότε
1171 580 1359 656 φησὶν,
1389 581 1678 637 Πείθεσθε
1715 582 1812 637 ’τοῇ

1946 599 2065 638 rum
2085 585 2265 640 nolite
2284 584 2461 654 facere
2497 585 2758 643 “.Vides
2786 585 2980 658 igitur,
3012 601 3122 642 non
3153 588 3219 642 de
3249 585 3526 653 doctrina,

244 673 610 746 ἡγουμένοις
632 672 803 744 ὑμῶν
822 714 840 740 ,
863 672 963 727 καί
989 672 1285 728 ὑπείκετε.

1944 675 2046 731 sed
2095 675 2163 732 de
2209 676 2335 732 vita!
2370 676 2590 733 ratione
2624 684 2681 732 et
2723 676 2987 747 operibus
3033 693 3342 734 sermonem
3377 692 3522 735 esse.

243 768 457 825 Paulus
488 768 696 840 itaque,
731 765 898 836 258
949 778 1075 821 cum
1151 765 1392 836 primum
1416 780 1513 822 eos
1585 767 2083 835 commendaverit,
2140 776 2274 824 tunc
2333 768 2519 826 dicit:
2587 769 2805 826 Obedite
2851 771 3154 841 ρνιεροδὶιίε
3217 770 3424 837 vestris,
3473 780 3526 826 et

241 861 536 932 subjucctc.

315 971 338 1007 ι
396 950 830 1025 ’Δπολελυμένον
849 971 866 988 ο
921 953 1042 1026 μεθ’
1072 943 1136 1008 οὗ
1166 991 1184 1018 ,
1216 947 1314 1008 ἐὰν
1349 953 1539 1024 τάχιον
1571 951 1830 1024 ἔρχηται,

2018 973 2037 1007 ι
2064 952 2387 1018 Dimissum,
2407 966 2531 1008 cum
2551 965 2663 1021 quo
2695 949 2765 1021 (si
2795 949 3032 1004 celerius
3061 947 3294 1021 venerit)
3325 948 3524 1004 videbo

238 1047 445 1120 ὄψομαι
476 1046 641 1118 ὑμᾶς.
686 1043 1036 1102 Ἀσπάσασθε
1071 1046 1283 1111 πάντας
1323 1046 1454 1110 τοὺς
1491 1044 1812 1117 ἡγουμένους

1946 1061 2059 1102 vos.
2093 1045 2346 1100 Salutate
2380 1058 2575 1099 omnes
2595 1043 2935 1115 praepositos
2960 1049 3201 1107 vestros,
3250 1051 3304 1095 et
3330 1056 3528 1098 omnes

237 1139 420 1211 ὑμῶν,
454 1138 550 1194 καὶ
580 1138 792 1203 πάντας
815 1139 942 1203 τοὺς
964 1137 1174 1208 ἁγίους.
1217 1136 1581 1202 ’Δσπάζονται
1609 1138 1753 1210 ὑμᾶς
1780 1155 1807 1193 ο

1946 1143 2181 1193 sanctos.
2217 1134 2473 1190 Salutant
2509 1149 2606 1191 vos
2636 1134 2733 1206 qui
2767 1141 2897 1190 sunt
2925 1133 2994 1188 de
3023 1132 3196 1190 ltalia.
3232 1152 3253 1187 ι

236 1233 346 1289 ἀπὸ
374 1234 480 1304 τῆς
521 1230 771 1297 Ἰταλίας.
814 1248 835 1283 ι

314 1323 824 1394 Ἀπολελυμένον.
855 1322 1063 1389 Πόθενς
1099 1315 1270 1395 Οἶμαι
1300 1321 1473 1377 αὐτδν
1502 1322 1582 1386 είς
1611 1321 1825 1393 osamn-

1993 1318 2319 1376 .Dimiuum.
2382 1315 2542 1374 Unde
2570 1331 2699 1373 reor
2729 1316 2884 1371 illum
2921 1317 2978 1371 in
3020 1329 3300 1371 carcerem
3333 1315 3522 1384 conje-

233 1418 428 1490 τήριον
459 1414 870 1488 ἐμϐεϐλῆσθαιο
913 1414 947 1485 ἦ
992 1414 1042 1468 εί
1075 1413 1151 1486 μὴ
1186 1411 1376 1479 τοῦτο,
1417 1412 1528 1468 ἀπὸ
1584 1411 1812 1483 Ἀθηνῶη

1946 1419 2084 1469 :tum
2143 1412 2351 1479 fuisse;
2397 1411 2487 1468 sin
2536 1425 2694 1478 vero,
2740 1407 3035 1464 dimissum
3088 1408 3345 1463 Athenis.
3378 1404 3517 1462 Nam

233 1507 660 1580 ἀπολελυμένον.
691 1505 806 1562 Kal
841 1503 1081 1577 γὰρκαὶ
1117 1504 1276 1559 τοῦτο
1321 1507 1379 1560 ἑν
1424 1505 1550 1564 ταῖς
1584 1502 1812 1576 Πράξισι

1946 1511 1985 1562 ξι
2022 1502 2129 1561 hoc
2156 1517 2378 1576 quoque
2409 1503 2466 1559 in
2497 1501 2732 1558 Actibus
2772 1500 3147 1571 apostolorum
3179 1499 3434 1553 habetur.

232 1603 439 1655 κεῖται.

260 1745 264 1750 ,
295 1711 329 1747 ι
383 1691 454 1745 Ἦ
485 1689 645 1764 χάρις
681 1686 820 1762 μετὰ
854 1688 1074 1744 πάντων
1105 1687 1281 1760 ὑμῶν.
1327 1686 1524 1760 ’Δμήν.
1564 1706 1584 1741 ι

309 1782 377 1839 Ἦ
405 1784 572 1854 χάρις
606 1781 728 1847 πῶς
759 1781 969 1853 γίνεται
1019 1781 1140 1854 μεθ’
1191 1780 1386 1852 ἠμῶν;
1416 1782 1512 1838 ἐὰν
1549 1781 1626 1853 μὴ
1665 1780 1824 1854 ὑϐρί-

230 1892 415 1947 σωμεν
445 1876 530 1939 είς
555 1874 658 1946 τὴν
687 1873 1028 1946 εὐεργεσίαν.

228 1965 387 2036 Πρὸς
425 1964 739 2034 Ἐϐραίους
762 1962 989 2034 ἐγράφη
1019 1962 1139 2018 ἀπὸ
1168 1961 1280 2031 τῆς
1315 1960 1578 2028 Ἰταλιας
1601 1959 1701 2016 διὰ
1734 1965 1823 2020 Τι-

673 2058 916 2128 μοθέου.
956 2057 1206 2127 Στίχων.
1250 2059 1373 2126 ’φησι

295 2150 450 2225 (Τὴν
480 2150 619 2222 πρὸς
649 2149 935 2221 Ἐϐραίους
987 2147 1541 2220 Ἐπιστολὴντίστορεϊ
1563 2147 1816 2222 Κλήμης,

227 2236 287 2300 οῦ
338 2246 623 2319 μέμνηται
667 2242 916 2307 Παῦλος,
947 2242 1007 2308 ὃς
1042 2242 1139 2296 καὶ
1189 2241 1488 2304 ἐπίσκοπος
1530 2241 1821 2311 Ῥωμαίων

225 2336 485 2404 ἐγένετο·
529 2334 605 2397 ὡς
635 2332 864 2393 ,Παύλου
912 2331 1083 2403 αὐτὴν
1139 2330 1418 2402 Ἑϐραίοις
1457 2331 1525 2402 τῇ
1575 2329 1819 2406 Ἐσραῖδι

226 2428 498 2499 διαλέκτῳ
550 2425 912 2495 συντάξαντος
950 2422 1308 2497 ὴρμηνεύθη,
1361 2423 1438 2488 ὣς
1479 2427 1662 2490 τινεςέ
1713 2421 1820 2478 ὑπὸ

228 2520 412 2576 Λουκᾶ
458 2519 557 2575 τοῦ
601 2518 1043 2591 εὐαγγελιστοῦ)
1093 2519 1170 2584 ὡς
1214 2515 1272 2572 δὲ
1313 2517 1485 2587 ἄλλοι,
1517 2515 1624 2570 ὑπὸ
1651 2514 1819 2570 αὐτοῦ

228 2613 322 2669 τοῦ
352 2613 702 2687 Κλήμεντος.
724 2613 744 2684 )

308 2728 351 2761 "
384 2726 584 2786 Matth.
616 2744 716 2796 vn,
737 2728 794 2787 4.
882 2729 926 2763 ⁸³
947 2726 1144 2784 Matth.
1183 2740 1346 2793 mn,
1378 2726 1436 2782 5.
1475 2774 1478 2777 ,

1851 2049 1898 2107 Β

2001 1683 2170 1742 Vens.
2201 1683 2295 1740 25.
2327 1701 2347 1737 ι
2388 1681 2578 1740 Gratia
2605 1696 2730 1738 cum
2759 1679 3017 1737 omnibus
3043 1679 3220 1736 vobis.
3254 1679 3448 1735 Amen.
3486 1699 3506 1733 ι

2002 1778 2254 1845 Quonam
2306 1777 2472 1833 modo
2509 1774 2688 1848 gratia
2716 1773 3009 1830 nobiscum
3048 1775 3178 1839 erit,
3232 1774 3279 1830 si
3310 1772 3518 1829 beneﬂ-

1930 1866 2128 1922 eentia:
2160 1865 2260 1922 Dei
2290 1879 2640 1936 nequaquam
2672 1863 2864 1934 injurii
2894 1863 3144 1920 erimus?

1929 1956 2182 2029 Epistola
2207 1957 2276 2013 ad
2302 1954 2558 2012 Hebraeos
2589 1972 2655 2012 ex
2687 1955 2857 2012 Italia
2883 1957 3085 2026 scripta
3115 1966 3192 2013 est
3217 1972 3308 2026 per
3331 1955 3518 2013 Timo-

2389 2051 2585 2106 theum.
2635 2049 2885 2105 Versibus
2914 2049 3040 2104 705.

1998 2146 2020 2216 (
2043 2144 2343 2217 Epistolam
2371 2143 2438 2199 ad
2466 2141 2726 2199 Hebraeos
2753 2139 3012 2197 edisserit
3041 2138 3318 2207 Clemens,
3353 2140 3515 2212 cujus

1922 2237 2178 2297 meminit
2229 2237 2457 2303 Paulus,
2513 2235 2722 2306 quique
2785 2234 3170 2288 Romanorum
3221 2233 3515 2302 episcOpus

1921 2333 2027 2390 fuit
2056 2338 2169 2388 :.ut
2206 2344 2404 2403 nempe
2427 2344 2555 2385 cum
2585 2326 2892 2400 Apostolus
2919 2340 3040 2382 eam
3072 2324 3350 2382 ﬂebraico
3376 2324 3516 2380 idio-

1921 2429 2072 2478 mate
2101 2422 2448 2493 scripsisset,
2491 2420 2547 2476 in
2579 2418 2832 2477 Graecum
2870 2418 3144 2475 translata
3174 2417 3269 2480 sit,
3298 2425 3360 2472 ut
3391 2416 3515 2487 qui-

1923 2512 2050 2569 dem
2083 2512 2367 2570 nonnullis
2401 2513 2604 2584 placet,
2637 2528 2667 2566 a
2714 2511 2864 2568 Luca
2894 2510 3271 2582 evangelista;
3300 2515 3363 2564 ut
3387 2507 3514 2564 aliis

1926 2620 2085 2672 vero,
2115 2606 2183 2662 ab
2209 2605 2404 2664 eodem
2431 2603 2784 2675 Clemente.)

239 2904 3463 2950 MM

803 3084 977 3172 ΕΙΣ
1069 3077 1729 3171 ΕΠΙΣΤΟΛΗΝ
1783 3077 2080 3168 ΠΡΟΣ
2161 3071 2756 3168 ΤΙΜΟΘΕΟΝ
2800 3072 2872 3156 Α

615 3440 747 3530 ΙΝ
823 3434 1499 3533 EPISTOLAM
1574 3431 2046 3526 PRIMAM
2118 3428 2268 3520 AD
2347 3422 3134 3519 TIMOTHEUM.

658 3759 888 3815 ΚΕΦΑΛ
897 3756 1057 3814 ΔῙΟΝ
1105 3755 1409 3814 ΠΡΩΤΟΝ.

293 3870 317 3910 ι
350 3851 568 3918 Παῦλος
623 3851 920 3914 ἀπόστολος
974 3847 1212 3923 Χριστοῦ
1256 3847 1431 3920 Ἰησοῦ
1471 3851 1592 3904 κατ’
1621 3852 1812 3908 ἐπιτα-

224 3944 324 4020 γὴν
378 3944 521 4001 Θεοῦ
578 3944 793 4019 Πατρδς
839 3945 950 4016 (12)
999 3942 1156 4015 ὑμῶν
1215 3942 1308 3996 καὶ
1353 3943 1560 4015 Κυρίου
1634 3945 1809 4018 Ἰησοῦ

225 4038 456 4111 Χριστοῦ
485 4037 589 4110 τῆς
635 4037 856 4102 ἐλπίδος
903 4036 1086 4109 ἡμῶν,
1119 4035 1370 4106 Τιμοθέῳ
1394 4037 1604 4109 γνησίῳ
1630 4038 1808 4111 τέκνῳ

226 4131 280 4184 ἐν
315 4131 523 4186 πίστει.
552 4148 574 4184 ι

299 4220 520 4295 Ἐπειδὴ
576 4219 750 4293 μέγας
790 4214 859 4293 ἦν
903 4221 931 4275 ὁ
962 4221 1112 4290 ἁγὼν
1161 4220 1240 4293 τῷ
1276 4221 1506 4300 ,μαθητῇ
1533 4239 1548 4254 ο
1581 4221 1806 4291 δέσμιος

223 4313 328 4387 γὰρ
369 4310 438 4388 ἦν
467 4313 612 4386 ὑπὲρ
640 4313 735 4369 τοῦ
770 4314 1160 4387 κηρύγματος·
1203 4313 1394 4368 τούτου
1434 4315 1596 4386 χάριν
1641 4315 1804 4380 εὐθὺς

225 4405 286 4460 ἐκ
312 4404 615 4479 προοιμίων
651 4403 934 4479 ἀνίστησιν
968 4404 1134 4460 αὐτοῦ
1179 4405 1278 4476 τὴν
1307 4405 1508 4478 ψυχὴν.
1553 4407 1802 4476 Σωτῆρα

223 4495 308 4550 τὸν
338 4496 468 4553 Θεὸν
495 4497 713 4552 καλῶν·
739 4498 925 4568 ὅμοιον
954 4495 1010 4550 δὲ
1037 4497 1113 4560 ὡς
1146 4498 1194 4550 εί
1220 4496 1390 4566 λέγοι·
1425 4499 1500 4552 Οὐ
1533 4499 1636 4571 χρὴ
1660 4502 1801 4572 ἀκηω

225 4582 335 4658 διᾷν
362 4587 419 4639 ὲν
445 4588 569 4649 ταῖς
592 4585 858 4656 θλίψεσιν,
893 4584 1107 4657 ἔχοντες
1137 4586 1367 4658 Σωτῆρα
1394 4588 1488 4644 τὸν
1515 4589 1670 4657 Θεὸν,
1703 4591 1799 4645 καὶ

227 4672 403 4730 ἑλπίδα
427 4678 521 4732 τὸν
555 4677 812 4750 Χριστόν.

291 4868 631 4945 Εὑρίσκομεν
671 4875 780 4946 γὰρ
822 4874 885 4928 τὸ
931 4873 1158 4948 Πνεῦμα
1191 4875 1360 4945 λέγον
1389 4893 1405 4908 ι
1456 4875 1801 4947 Ἄφορίσατέ

227 4977 320 5027 μοι
347 4962 590 5018 Παῦλον
621 4965 716 5018 καὶ
745 4965 1081 5035 Βαρνάϐαν.

298 5072 316 5107 ι
353 5056 557 5131 Χάρις,
587 5058 770 5124 ἔλεος,
817 5060 1009 5132 εἰρήνη
1037 5059 1146 5115 ἀπὸ
1174 5057 1311 5115 Θεοῦ
1351 5061 1568 5131 Πατρὸς
1602 5059 1792 5133 ἡμῶν,

234 5145 320 5199 καὶ
349 5148 550 5223 Κυρίου
580 5150 820 5223 Χριστοῦ
862 5151 1039 5224 Ἰησοῦ
1075 5152 1176 5206 τοῦ
1204 5153 1412 5224 Κυρίου
1442 5152 1622 5223 ἡμῶν.
1661 5171 1681 5205 ›

297 5239 401 5295 Καὶ
423 5241 584 5298 τοῦτο
602 5243 703 5312 τῆς
733 5241 965 5315 θλίψεως
985 5245 1397 5318 παραμυθικόν.
1424 5244 1674 5318 Οὑδαμοῦ
1702 5246 1794 5301 τὸν

237 5324 370 5384 ῑλεον
403 5334 436 5405 ἦ
473 5335 710 5390 ἐνταῦθα
746 5337 1056 5409 ὠνόμασεν.

246 5501 281 5560 ί⁹
301 5525 419 5587 Act.
448 5509 650 5599 xm,’2.

2433 3753 2666 3811 CAPUT
2693 3752 2990 3811 PRIMUM.

1984 3849 2154 3909 Vens.
2194 3851 2249 3918 1,
2278 3851 2335 3909 2.
2371 3867 2392 3902 ι
2431 3849 2638 3907 Paulus
2689 3848 2976 3920 apostolus
3007 3849 3140 3907 Jesu
3169 3849 3372 3908 Christi
3406 3867 3494 3909 se-

1912 3945 2157 4004 cundum
2187 3943 2484 4015 imperium
2533 3941 2631 3998 Dei
2675 3942 2858 3999 Patris
2907 3943 3109 4012 nostri,
3161 3951 3216 4000 et
3273 3946 3493 4002 Domini

1912 4040 2092 4097 nostri
2138 4037 2272 4096 Jesu
2302 4036 2509 4094 Christi
2550 4038 2670 4110 spei
2703 4045 2930 4107 nostrae,
2971 4036 3266 4096 Timotheo
3290 4039 3492 4098 dilecto

1910 4133 2023 4188 ﬁlio
2049 4131 2104 4187 in
2137 4132 2264 4187 ﬁde.
2291 4149 2310 4184 ι

1979 4224 2255 4293 Quoniam
2305 4240 2564 4295 magnum
2613 4230 2898 4280 certamen
2932 4223 3291 4281 incumbebat
3322 4223 3489 4282 disci-

1907 4316 2057 4387 pulo,
2099 4329 2222 4371 cum
2276 4315 2495 4372 vinctus
2529 4324 2675 4370 esset
2730 4322 2954 4385 propter
3007 4313 3486 4385 praedicationem,

1905 4423 2026 4466 eam
2056 4407 2127 4463 ob
2158 4421 2386 4462 causam
2430 4407 2610 4462 statim
2669 4405 2738 4462 ab
2772 4405 2998 4462 exordio
3040 4406 3285 4462 animum
3335 4409 3487 4467 illius

1907 4501 2096 4574 erigit,
2135 4501 2307 4557 Deum
2357 4499 2693 4555 Salvatorem
2743 4508 2940 4567 vocat;
2972 4500 3202 4571 perinde
3233 4517 3299 4556 ac
3323 4504 3370 4558 si
3396 4504 3482 4560 di-

1904 4605 2092 4651 ceret:
2125 4593 2246 4650 Non
2280 4609 2382 4649 nos
2413 4601 2628 4664 oportet
2660 4593 2716 4648 in
2759 4591 3155 4650 amictionibus
3189 4595 3487 4655 concidere

1905 4686 2112 4751 animo,
2144 4686 2240 4756 qui
2293 4685 2468 4740 Deum
2524 4684 2827 4742 habeamus
2864 4684 3205 4743 Salvatorem
3237 4697 3292 4745 et
3321 4687 3484 4745 Chri-

1905 4788 2051 4834 stum
2086 4792 2262 4849 spem.

1973 4871 2296 4926 lnvenimus
2345 4870 2494 4926 enim
2565 4867 2840 4941 Spiritum
2883 4870 3170 4930 edixisse:
3203 4871 3483 4948 Segregatc

1901 4963 2033 5017 mihi
2071 4960 2301 5017 Paulum
2338 4973 2386 5016 et
2418 4960 2725 5015 Barnabam
2763 4962 2835 5020 η,

1978 5076 1995 5110 ι
2052 5056 2268 5122 Gratia,
2319 5055 2738 5123 misericordia,
2793 5071 2899 5128 pax
2956 5071 2989 5114 a
3043 5055 3176 5116 Deo
3209 5057 3374 5117 Patre
3426 5071 3482 5119 et

1827 5146 1871 5203 D
1899 5149 2120 5206 Christo
2148 5147 2280 5205 Jesu
2309 5147 2545 5204 Domino
2579 5156 2794 5205 nostro.
2822 5169 2852 5202 .›

1973 5246 2156 5314 Atque
2207 5241 2311 5298 hoc
2350 5250 2436 5298 est
2483 5241 2799 5299 aﬂlictionis
2839 5241 3206 5301 levamentum
3237 5252 3293 5302 et
3334 5247 3482 5305 solaa

1902 5352 2052 5392 men.
2082 5334 2371 5407 Nusquam
2415 5333 2852 5392 misericordiam
2883 5327 2973 5394 his
3004 5338 3061 5395 in
3100 5339 3239 5398 locis
3273 5355 3480 5400 memo-

1905 5428 2064 5484 ravit.
3011 5439 3013 5441 ‘

1723 5624 1959 5699 Nom,

300 5713 405 5791 (l2)
436 5717 524 5782 Sic
547 5719 769 5796 quidem
794 5720 1012 5782 codices
1039 5718 1250 5794 aliquot
1269 5734 1301 5797 ι
1333 5726 1526 5779 auctor
1548 5732 1680 5781 vero
1708 5736 1831 5780 cum
1861 5724 2254 5796 Chrysostomo
2273 5737 2326 5788 et
2351 5729 2474 5791 aliis
2503 5731 2737 5806 legebat,
2776 5734 3050 5808 Σωτῆρος.
