3880 6254
411 302 518 367 999

1608 291 1673 352 S.
1702 290 1736 352 J
1742 287 1890 350 OAN
1895 286 1944 348 N
1952 285 2023 347 IS
2047 285 2478 352 DAMASCENI

3539 239 3698 360 1000’

479 411 649 467 Vens.
681 410 735 464 5.
772 427 792 460 ι
832 407 989 462 Sicut
1022 403 1210 476 rogavi
1251 411 1304 460 te
1333 410 1392 457 ut
1418 413 1739 458 remaneres
1771 399 1997 471 Ephesi,

2179 417 2200 452 ι
2253 400 2457 468 Καθὼς
2488 402 2845 478 παρεκάλεσά
2876 421 2935 460 σε
2977 407 3308 480 προσμείναι
3339 408 3401 466 ἂν
3437 409 3677 483 Ἐφέσῳ,

411 519 536 563 cum
577 503 711 558 irem
746 502 800 556 in
832 497 1237 554 Macedoniam.
1269 516 1288 550 ι

481 597 604 652 Non
651 593 903 662 magistri
956 604 1109 645 more
1151 588 1422 660 loquitur,
1456 586 1555 645 sed
1587 602 1726 660 pene
1759 584 1993 651 famuli;

415 696 475 744 ut
521 685 853 756 discipulum
913 682 1111 738 doceat
1150 681 1397 737 modeste
1423 694 1487 736 ac
1511 678 1752 736 demisse
1780 691 1994 748 sapere.

489 797 509 833 ι
545 777 619 836 Ut
645 777 1006 832 denuntiares
1036 773 1370 845 quibusdam
1394 787 1504 828 non
1533 771 1693 827 aliter
1716 769 1939 826 docere.
1972 787 1993 820 ι

484 872 606 926 Νοη
638 885 734 926 eos
777 866 1102 924 nominatim
1162 864 1394 928 indicat,
1451 878 1520 921 ne
1562 862 2000 935 impudentiores

415 962 660 1107 nevis.
695 1050 751 1105 ι.
789 1067 809 1101 ‹
847 1047 1035 1119 Neque
1075 1045 1430 1103 intenderent
1460 1042 1691 1112 fabulis,
1731 1061 1752 1097 ι

485 1143 783 1198 Fabulosis
814 1141 1010 1212 utique
1060 1136 1377 1195 Iudaeorum
1408 1136 1833 1200 traditionibus,
1860 1147 2004 1206 quos

416 1236 580 1291 etiam
615 1234 882 1305 propheta
918 1234 1172 1303 coarguit
1210 1233 1410 1288 dicens
1441 1249 1455 1284 :
1508 1230 1767 1285 Docenm
1797 1226 2005 1284 doctri-

418 1343 517 1382 nas
570 1336 620 1381 et
672 1325 932 1380 mandata
978 1325 1252 1379 hominum
1297 1323 1364 1376 ³⁸.
1409 1320 1548 1379 Nam
1579 1321 1836 1394 neglecta
1868 1318 2006 1392 legis

418 1419 791 1490 expositione,
826 1416 1163 1472 traditiones
1197 1431 1328 1473 suas
1355 1415 1826 1489 excogitaverant.

495 1531 514 1564 ε
547 1510 614 1564 Ει
640 1508 979 1582 genealogiis
1017 1508 1407 1564 interminatis.
1443 1527 1462 1560 ι
1764 1549 1768 1554 .

494 1601 840 1672 Genealogias
872 1607 1054 1665 vocat,
1092 1598 1417 1669 theogonias
1439 1597 1783 1659 Graecorum,
1811 1594 2007 1664 longas

419 1697 592 1754 series
621 1693 875 1750 deorum.
913 1690 1182 1748 Hortatur
1209 1706 1343 1762 ergo
1372 1690 1712 1762 discipulum
1752 1687 1918 1759 259
1948 1695 2008 1742 ut

419 1805 519 1846 eos
569 1786 846 1842 disturbet
881 1785 977 1856 qui
1018 1783 1241 1839 fabulas
1290 1781 1555 1838 Judaicas
1607 1780 2011 1852 amplecteren-

421 1889 534 1946 tur,
571 1894 672 1934 nec
704 1878 828 1934 illos
854 1877 1004 1947 loqui
1041 1876 1250 1933 sineret
1293 1875 1394 1948 qui
1423 1873 1763 1932 Graecanicis
1805 1872 2014 1930 errori-

419 1975 525 2030 bus
580 1972 786 2028 addicti
853 1977 1066 2036 essent,
1131 1984 1234 2026 nec
1289 1969 1460 2025 veluti
1523 1965 2014 2024 concatenationes

421 2067 650 2123 deorum
685 2064 914 2120 inferre.

502 2179 520 2211 ι
552 2157 681 2224 Quae
727 2157 1062 2225 quaestiones
1115 2163 1386 2226 praestant
1441 2153 1651 2227 magis,
1687 2166 1853 2224 quam
1897 2150 2018 2208 dis-

425 2250 806 2320 pensationem
842 2248 934 2303 Dei
968 2249 1023 2303 in
1052 2247 1178 2304 lide.
1215 2267 1233 2302 ι

497 2340 624 2402 ista:
675 2341 980 2408 doctrinae,
1037 2341 1259 2412 inquit,
1315 2354 1442 2396 cum
1499 2339 1638 2395 nulli
1691 2338 2016 2409 adiumento

426 2433 540 2490 sint
560 2473 577 2500 ,
623 2433 903 2488 hominem
954 2433 1181 2503 insuper
1215 2447 1246 2487 a
1276 2432 1697 2503 dispensatione
1725 2429 1824 2487 Dei
1855 2439 2017 2486 aver-

423 2533 573 2583 tunt.
615 2525 1074 2592 Dispensationem
1128 2533 1314 2595 autem
1347 2523 1447 2579 Dei
1481 2524 1723 2597 appellat
1759 2523 2019 2578 incarna-

429 2615 601 2673 tionis
628 2616 971 2690 mysterium.

500 2709 670 2766 Vens.
707 2709 761 2765 5.
793 2728 810 2760 ι
836 2707 994 2764 Finis
1029 2717 1218 2764 autem
1255 2707 1517 2778 praecepti
1550 2713 1636 2762 est
1667 2705 1916 2761 Charitas
1951 2702 2020 2760 de

431 2803 600 2861 corde
651 2816 794 2874 puro
815 2843 830 2870 ,
882 2808 937 2857 et
976 2799 1325 2858 conscientia
1359 2801 1502 2857 bona
1525 2839 1542 2869 ,
1567 2805 1639 2857 -et
1680 2797 1786 2855 ﬁde
1814 2810 1927 2854 non
1958 2796 2020 2852 il-

431 2904 539 2954 cta.
575 2914 595 2950 ι

502 2986 558 3042 ld
587 2994 707 3053 est,
751 3002 969 3044 summa
1017 2985 1410 3042 mandatorum
1454 2991 1542 3041 est
1584 2998 1768 3042 sermo
1795 2982 1862 3040 de
1890 2983 2022 3039 cha-

430 3080 614 3136 ritate.
649 3063 1122 3146 Quemadmodum
1168 3087 1352 3135 autem
1401 3078 1695 3152 Scriptura
1737 3078 2019 3136 Christum

432 3170 594 3226 tinem
643 3169 786 3242 legis
832 3170 970 3227 dicit
1018 3170 1088 3235 “,
1139 3170 1246 3226 hoc
1296 3180 1383 3227 est
1437 3170 1911 3241 complementum
1965 3177 2022 3225 et

433 3261 835 3330 summarium;
869 3263 952 3318 sic
985 3263 1176 3318 ethoc
1226 3263 1280 3318 in
1333 3264 1458 3319 loco
1514 3264 1845 3320 vocabulum
1891 3265 2021 3334 ﬁnis

434 3356 745 3427 usurpavit.
775 3355 923 3413 Bene
954 3372 1086 3414 vero
1117 3356 1352 3428 adjecit,
1387 3357 1452 3412 de
1486 3357 1644 3413 corde
1674 3372 1851 3426 puro;
1883 3372 2024 3428 quo-

433 3449 585 3506 niam
635 3457 692 3505 et
742 3449 1016 3504 malorum
1067 3459 1154 3507 est
1183 3450 1432 3506 amicitia
1454 3492 1469 3516 ,
1501 3450 1686 3521 qualis
1716 3449 1895 3507 fuerat
1927 3465 2024 3506 eo-

435 3558 559 3598 rum
593 3543 688 3612 qui
737 3542 989 3616 unanimi
1043 3543 1285 3599 consilio
1331 3542 1621 3598 Christum
1667 3542 1837 3613 impie
1883 3540 2024 3596 aﬂli-

437 3643 661 3688 ιετιιηῑ.

508 3724 678 3783 Vens.
720 3724 773 3781 6.
798 3743 816 3779 ι
845 3725 1093 3794 Quorum
1131 3725 1360 3796 quidam
1389 3723 1738 3791 aberrantes,
1766 3723 2023 3780 conversi

437 3816 651 3873 suntin
684 3816 1089 3888 vaniloquium.
1123 3835 1143 3869 ι

503 3906 546 3961 Λ
581 3907 889 3974 charitate,
922 3908 998 3962 ait
1022 3943 1036 3975 ε
1091 3914 1145 3963 et
1196 3906 1540 3963 conscientia
1591 3907 1771 3975 bona,
1815 3916 1872 3965 et
1918 3907 2025 3965 (ide

439 4015 547 4056 non
583 4000 870 4056 simulata.

510 4091 675 4149 Vens.
719 4091 772 4148 7.
804 4111 823 4144 ε
859 4090 1120 4149 Volentes
1180 4107 1304 4149 esse
1359 4091 1498 4165 legis
1552 4091 1848 4160 doctores,
1912 4108 2022 4150 non

439 4185 816 4256 intelligentes
845 4224 860 4249 ,
901 4200 1080 4254 neque
1109 4185 1177 4241 de
1223 4185 1428 4256 quibus
1478 4185 1801 4257 loquuntur,
1845 4202 2024 4258 neque

437 4277 505 4333 de
532 4277 736 4346 quibus
766 4276 1061 4334 aﬂlrmanl.
1095 4296 1113 4330 ι

509 4365 704 4422 Libido
739 4368 943 4439 quippe
966 4369 1296 4425 dominandi
1324 4384 1420 4426 eos
1450 4372 1597 4444 cogit
1625 4380 1686 4428 ut
1717 4372 2020 4446 magisterii

436 4477 640 4518 munus
671 4461 960 4533 arripiant.

503 4575 672 4635 Vens.
713 4575 771 4644 8,
809 4575 864 4630 9.
893 4593 913 4627 ι
945 4573 1164 4632 Scimus
1193 4582 1383 4631 autem
1411 4576 1537 4646 quia
1568 4577 1713 4634 bona
1766 4589 1856 4636 est
1895 4579 2019 4647 lex,

439 4670 485 4728 si
515 4669 644 4740 quis
667 4683 730 4726 ea
763 4669 1007 4741 legitime
1036 4677 1243 4724 utatur.
1273 4667 1390 4725 Hoc
1421 4671 1629 4740 sciens,
1662 4691 1681 4725 ι

503 4781 796 4853 chitimc,
837 4782 1060 4852 inquit,
1107 4782 1158 4836 id
1197 4791 1318 4849 est,
1354 4799 1454 4855 per
1487 4799 1656 4855 opera
1698 4786 1869 4859 legem
1919 4788 2022 4844 im-

347 4873 357 4879 ’
440 4878 661 4948 plendo.
693 4874 1049 4944 Rursumque
1081 4875 1315 4947 legitime
1360 4877 1589 4943 dicitur,
1639 4879 1770 4934 dum
1819 4882 2022 4951 aliquis

439 4973 543 5042 legi
580 4985 788 5026 morem
828 4968 993 5040 gerit.
1025 4969 1155 5040 Legi
1189 4987 1318 5027 vero
1354 4972 1444 5027 ille
1473 4988 1681 5028 morem
1725 4975 1900 5044 gerit,
1929 4976 2022 5044 qui

440 5063 722 5118 Christum
758 5061 1037 5131 suscipit:
1083 5062 1209 5132 quia
1262 5077 1460 5132 nempe
1508 5064 1623 5118 haec
1667 5080 1770 5120 nos
1818 5077 2025 5137 myste-

442 5156 583 5210 rium
614 5154 732 5224 ejus
761 5153 1036 5218 docebat,
1067 5153 1217 5224 quod
1247 5155 1555 5212 umbratica
1585 5155 1911 5212 delinearet.

519 5288 538 5322 ι
567 5269 710 5337 Quia
740 5269 829 5327 lex
853 5269 1011 5340 justo
1044 5283 1153 5324 non
1185 5277 1269 5325 est
1301 5272 1504 5341 posita.
1537 5288 1555 5323 ι

510 5380 805 5439 Proximus
839 5395 1039 5439 sensus
1065 5391 1182 5447 est,
1208 5381 1425 5451 justum
1461 5384 1688 5441 minime
1719 5386 2018 5442 obnoxium

443 5489 566 5532 esse
599 5472 896 5545 supplicio.
927 5473 1283 5543 Spiritualior
1309 5474 1474 5545 vero},
1525 5491 1651 5530 eum
1701 5478 1796 5547 qui
1820 5471 2023 5547 'justus

446 5567 624 5622 iactus
677 5565 785 5633 sit,
835 5565 1069 5621 liberum
1116 5580 1238 5622 esse
1294 5580 1326 5620 a
1381 5567 1630 5625 molestis
1677 5567 2023 5638 jussionibus

515 5745 562 5780 "
587 5743 698 5802 lsa.
728 5759 882 5811 xxxx,
919 5744 1006 5800 l5.
1081 5746 1128 5779 “
1167 5745 1328 5802 Rom.
1366 5760 1421 5812 ι,
1461 5744 1516 5802 4.

2050 4301 2098 4359 D

2099 495 2471 568 πορευόμενος
2499 499 2579 562 εἰς
2608 499 2971 555 Μακεδονίαν.
3012 520 3032 552 ι

2170 589 2245 645 οὐ
2269 588 2595 647 διδασκάλου
2631 595 2783 665 φωνῇ
2826 591 3117 665 κέχρηται,
3148 592 3266 650 ἀλλ’
3303 593 3525 650 οἰκέτου
3561 610 3678 671 σχι-

2099 682 2211 750 δὺν,
2243 683 2332 737 ῐνα
2361 680 2549 758 διδάξῃ
2577 685 2668 739 τδν
2700 685 2952 758 μαθητὴν
2980 690 3454 760 ταπεινοφρονεῐν.

2179 797 2200 833 ε
2245 779 2366 835 Ἰνα
2401 780 2785 853 παραγγείλῃς
2811 782 2945 848 τισὶ,
2979 782 3056 854 μὴ
3089 781 3613 854 ἑτεροδιδασκαλεῖν.
3654 799 3677 838 ε

2175 869 2252 925 Οὐ
2282 870 2499 942 τίθησιν
2539 870 2737 936 αὐτοὺς
2786 872 3067 944 ὀνομαστὶ,
3101 872 3188 928 ίνα
3219 871 3298 947 μὴ
3332 874 3682 944 ἀναισχυντο-

2101 962 2294 1036 τέρους
2323 964 2550 1037 ποιήσῃ.

2182 1070 2202 1105 ι
2237 1053 2390 1124 Μηδὲ
2420 1054 2708 1127 προσέχειν
2742 1053 2955 1126 μύθοις,
2997 1074 3020 1109 ι

2175 1145 2311 1209 Ταῖς
2338 1145 2596 1216 μυθικαίς
2620 1145 2732 1201 τῶν
2770 1147 3040 1202 Ἰουδαίων
3068 1146 3458 1220 παραδόσεσιν,
3490 1141 3576 1213 οἷς
3601 1149 3690 1202 καὶ

2104 1237 2134 1294 ὁ
2151 1239 2438 1310 προφήτης
2460 1238 2706 1292 ἐνεκάλει
2733 1237 2912 1307 λέγων
2933 1257 2947 1272 ο
2977 1238 3380 1308 Διδάσκοντες
3404 1239 3689 1298 διδασκα-

2105 1330 2276 1397 λίας,
2325 1328 2671 1400 ἐντάλματα
2735 1329 3087 1399 ἀνθρώπων.
3143 1331 3428 1402 ’Δφιέντες
3461 1333 3573 1405 γὰρ
3610 1330 3693 1400 lg.

2109 1422 2364 1494 ηγετσθαι
2387 1423 2482 1477 τὸν
2512 1424 2701 1494 νόμον,
2745 1423 2883 1488 ιδίας
2912 1423 3244 1495 παραδόσεις
3273 1424 3563 1486 ὶπενόουν.

2187 1534 2209 1570 ε
2250 1517 2366 1571 Καὶ
2391 1516 2767 1588 γενεαλογίαις
2795 1518 3145 1590 ἀπεράντοις.
3175 1535 3195 1568 ι

2181 1608 2588 1679 Γενεαλογίας
2609 1650 2625 1675 ,
2668 1607 2769 1672 τάς
2816 1609 2948 1680 παρ’
2993 1607 3268 1680 Ἑλλήνων
3299 1607 3586 1677 Θεογονίας
3611 1607 3696 1663 λέ.

2112 1717 2234 1771 γει,
2263 1699 2366 1765 τὰς
2394 1701 2582 1772 σειρὰς
2605 1701 2714 1755 τῶν
2748 1699 2909 1759 θεῶν.
2937 1701 3213 1773 Παραινεϊ
3235 1696 3332 1757 οὖν
3353 1699 3436 1773 τῷ
3461 1701 3693 1774 μαθητῇ,

2114 1793 2214 1848 καλ⁸
2253 1795 2381 1858 τοὺς
2439 1793 2631 1864 μύθοις
2688 1793 3002 1859 Ἰουδαϊκοῖς
3050 1794 3438 1866 κεχρημένους
3478 1793 3699 1867 ἀνατρέ·-

2113 1894 2258 1954 πειν,
2290 1888 2388 1942 καὶ
2427 1889 2553 1953 τοὺς
2595 1887 2918 1959 Ἑλληνικῆς
2963 1888 3182 1957 ἀπάτης
3230 1888 3580 1960 χρωμένους,
3631 1886 3701 1961 μὴ

2114 1981 2434 2055 ιπιτρέπειν
2483 1981 2698 2045 λαλεῖν,
2767 1981 2906 2053 μηδὲ
2964 1981 3132 2036 elevet
3186 1981 3374 2054 σειρὰς
3428 1979 3702 2053 εἰσφέρειν

2095 2090 2100 2095 ·
2117 2074 2278 2132 θεῶν.

2195 2186 2215 2222 ι
2244 2167 2463 2232 Δίτινες
2513 2169 2771 2242 ζητήσεις
2809 2167 3109 2240 παρέχουσι
3153 2167 3383 2240 μᾶλλον,
3424 2168 3461 2241 ἢ
3498 2166 3698 2224 οίκοδο-

2120 2263 2258 2336 μίαν
2303 2263 2441 2318 Θεοῦ
2476 2263 2580 2334 τὴν
2611 2263 2672 2316 ὲν
2704 2263 2913 2318 πίστει.
2955 2282 2976 2316 ι

2187 2346 2386 2420 Δῦται,
2423 2354 2608 2426 φησιν,
2640 2357 2695 2409 αί
2723 2353 3067 2410 διδασκαλίαι
3103 2353 3241 2424 πρὸς
3260 2352 3322 2408 ea
3352 2354 3532 2426 μηδὲν
3559 2355 3698 2427 ὡφε-

2117 2444 2254 2512 λεϊν,
2282 2444 2379 2500 καὶ
2405 2445 2506 2516 τῆς
2546 2445 2862 2517 οἰκονομίας
2882 2444 2978 2499 τοῦ
3000 2439 3164 2509 Θεοῦ,
3188 2444 3579 2514 ἀπασχολοῦσι
3620 2446 3703 2500 τὸν

2119 2533 2431 2606 ἄνθρωπον.
2467 2537 2828 2607 Οίκογομίαν
2858 2535 2941 2592 δὲ’
2969 2534 3117 2591 Θεοῦ
3139 2535 3200 2588 τὸ
3223 2535 3323 2606 τῆς
3352 2535 3702 2611 ὲνανθρωπη-

2119 2643 2260 2695 σεως
2291 2628 2446 2700 λέγει
2479 2631 2803 2702 μυστήριον.

2201 2735 2226 2773 ε
2255 2719 2330 2775 Τὸ
2360 2719 2419 2774 δὲ
2455 2718 2609 2784 τέλος
2641 2718 2743 2790 τῆς
2788 2718 3172 2792 παραγγελίας
3211 2719 3387 2785 ἐστὶν,
3421 2719 3616 2791 ἀγάπη
3645 2717 3704 2774 ἐκ

2118 2812 2375 2885 καθαρᾶς
2406 2812 2658 2885 καρδίας,
2687 2811 2781 2867 καὶ
2825 2812 3186 2884 συνειδήσεως
3212 2812 3460 2884 ἀγαθῆς,
3500 2811 3599 2868 καὶ
3625 2813 3704 2867 κί-

2047 2897 2106 3010 ά
2126 2919 2298 2970 στεως
2323 2905 2711 2976 ἀνυποκρίτου.
2752 2923 2771 2957 ι

2197 2997 2480 3061 Τουτέστι,
2520 2995 2820 3065 κεφάλαιον
2865 2995 2969 3068 τῆς
3017 2996 3406 3069 παραγγελίας
3482 2996 3705 3064 Earini)

2124 3087 2254 3159 περὶ
2281 3088 2506 3158 ἀγάπης
2534 3087 2716 3158 λόγος.
2745 3087 2958 3161 Ὥσπερ
2996 3088 3055 3142 δὲ
3083 3088 3240 3153 τέλος
3267 3090 3445 3160 νόμου
3476 3088 3703 3162 Χριστὸν

2123 3177 2157 3247 ὴ
2180 3177 2373 3247 Γραφὴ
2400 3172 2585 3245 λέγει,
2632 3175 2884 3230 τουτέστι
2917 3175 3321 3248 συμπλήρωσιν
3379 3177 3487 3231 καὶ
3542 3194 3704 3246 κεφα-

2122 3263 2372 3328 λαίωσιν,
2397 3263 2547 3318 οὕτω
2575 3263 2814 3318 ὲνταῦθα
2851 3263 3045 3337 είρηκε
3077 3263 3177 3336 τὴν
3205 3263 3406 3330 λέξιν.
3456 3259 3533 3318 Εὖ
3569 3265 3625 3319 δὲ
3652 3262 3707 3317 τδ

2127 3355 2446 3426 προσθεῖναι
2496 3356 2565 3410 ἐκ
2600 3355 2866 3424 καθαρᾶς
2915 3355 3186 3428 καρδίας,
3217 3356 3414 3428 ἐπειδὴ
3451 3356 3569 3410 ἔστι
3621 3357 3706 3412 καὶ

2124 3446 2380 3518 πονηρῶν
2414 3446 2628 3518 ἀγάπη.
2679 3441 2801 3502 οἷοι
2855 3441 3000 3519 ἦσαν
3029 3448 3079 3502 oi
3110 3445 3482 3520 ὁμονοοῦντες
3509 3448 3604 3502 ἐπὶ
3646 3449 3705 3519 τῇ

2125 3538 2266 3592 κατά
2284 3537 2523 3610 Χριστοῦ
2546 3537 2859 3611 δυσσεϐείᾳ.

2202 3739 2221 3773 ι
2251 3712 2353 3774 Ὧν
2390 3733 2534 3782 τινες
2568 3717 3003 3791 ἀστοχήσαντες,
3052 3715 3442 3789 ἐξετράπησαν
3492 3717 3576 3781 είς
3615 3732 3707 3790 μα-

2125 3810 2459 3880 ταιολογίαν.
2489 3828 2510 3863 ι

2198 3905 2309 3975 Τῆς
2337 3903 2559 3976 ἀγάπης
2588 3903 2762 3975 λέγει,
2808 3903 2906 3961 καὶ
2949 3904 3050 3977 τῆς
3080 3903 3294 3976 ἀγαθῆς
3321 3903 3702 3976 συνειδήσεως,

2126 3996 2220 4051 κα)⁸
2251 3996 2352 4068 τῆς
2374 3996 2749 4068 ἀνυποκρίτου
2777 3997 3039 4061 πίστεως.

2210 4109 2230 4144 ε
2267 4089 2525 4152 Θέλοντες
2566 4087 2704 4144 εἶναι
2765 4089 3236 4162 νομοδιδάσκαλοι,
3310 4089 3388 4161 μὴ
3439 4091 3702 4160 νοοῦντες,

2130 4185 2271 4258 μήτε
2300 4185 2338 4241 ἃ
2371 4184 2613 4256 λέγουσι,
2644 4185 2783 4257 μήτε
2816 4185 2947 4257 περὶ
2975 4184 3141 4240 τίνων
3175 4184 3642 4243 διαϐεϐαιοῦνται.
3678 4204 3698 4239 ι

2203 4370 2268 4424 Ὅ
2314 4370 2422 4441 γὰρ
2465 4368 2608 4442 ἔρως
2661 4369 2760 4439 τῆς
2816 4367 3113 4440 φιλαρχίας
3159 4368 3468 4438 ἀναγκάζει
3515 4369 3574 4426 τὸ
3603 4369 3702 4422 τῶν

2133 4463 2476 4520 διδασκάλων
2512 4460 2781 4534 ἁρπάζειν
2811 4461 3051 4532 ἀξίωμα.

2201 4599 2220 4633 ι
2252 4579 2491 4650 Οἴδαμεν
2537 4577 2598 4632 δὲ
2644 4577 2726 4632 ὅτι
2779 4577 2945 4642 καλὸς
2992 4578 3022 4630 ὁ
3066 4575 3254 4649 νόμος,
3289 4577 3413 4646 ηὲάν
3454 4595 3538 4643 τις
3564 4574 3700 4649 αὐτῷ

2129 4674 2385 4747 νομίμως
2410 4671 2628 4744 χρῆται.
2670 4669 2844 4734 Εἰδὼς
2871 4670 3052 4738 τοῦτο,
3092 4686 3113 4721 ι

2199 4790 2295 4854 Τὸ,
2324 4788 2609 4859 νομίμως,
2650 4786 2776 4842 ἀντὶ
2806 4784 2925 4852 τοῦ,
2961 4784 3033 4839 δι’
3071 4783 3251 4856 ἔργων
3289 4783 3456 4839 αὐτὸν
3490 4783 3694 4856 πληροῖ.

2129 4882 2240 4936 Καὶ
2277 4881 2441 4935 πάλιν
2463 4880 2526 4934 τὸ
2570 4879 2858 4950 νομίμως,
2910 4879 3039 4932 ὅταν
3091 4895 3172 4941 τις
3219 4875 3370 4948 αὐτῷ
3427 4875 3694 4931 πείθεσθαι

2129 4973 2300 5041 λέγει.
2337 4972 2593 5026 Πείθεται
2640 4971 2698 5026 δὲ
2745 4969 2894 5041 αὖτῷ
2923 4971 2952 5023 ὁ
2989 4969 3282 5042 δεχόμενος
3312 4969 3406 5024 τὸν
3453 4969 3694 5042 Χριστὸν,

2131 5065 2267 5118 καθὸ
2309 5065 2491 5117 καὶτὸ
2525 5062 2655 5134 περὶ
2691 5061 2858 5116 αὐτοῦ
2885 5062 3164 5116 ὲδίδασκεν
3204 5064 3355 5134 ἡμᾶς
3380 5063 3691 5135 μυστήριον,

2135 5157 2324 5229 ὥσπερ
2348 5160 2405 5210 ὲν
2436 5159 2613 5220 σκιαῖς
2651 5155 2780 5226 ὑμῖν
2807 5156 3181 5226 καταγράφων
3211 5155 3366 5210 αὑτό.

2207 5289 2227 5324 ι
2268 5272 2393 5326 Ὅτι
2428 5270 2621 5340 δικαίῳ
2649 5270 2816 5341 νόμος
2835 5269 2896 5323 οὐ
2936 5270 3137 5324 κεῖται.
3165 5286 3184 5320 ι

2203 5387 2363 5443 Κατά
2386 5387 2486 5458 μὲν
2508 5386 2600 5441 τὸν
2627 5385 2923 5458 πρόχειρον
2941 5375 3122 5455 λόγον,
3144 5383 3226 5438 ὅτι
3247 5382 3524 5448 κολάσεως
3545 5383 3683 5436 ἐστιν

2138 5478 2296 5542 me;
2334 5477 2412 5548 τῷ
2435 5475 2649 5548 δικαίῳ.
2670 5475 2831 5530 Κατά
2863 5474 2920 5529 δὲ
2945 5476 3034 5530 τὸν
3063 5475 3597 5546 πνευματικώτερον,
3616 5472 3689 5526 ὅτι

2134 5574 2163 5626 δ
2190 5572 2504 5638 δικαιωθεὶς
2533 5573 2623 5628 διὰ
2653 5572 2753 5643 τῆς
2793 5569 3040 5642 χάριτος,
3076 5567 3182 5639 ἔξω
3204 5568 3516 5625 λυπούντων
3539 5580 3691 5641 προσ·
