3928 6264
188 283 305 356 1001

1166 269 1246 330 IN
1281 265 1520 328 EPIST.
1583 263 1683 323 AD
1711 257 2173 321 TIMOTIIEUM
2221 257 2277 319 Ῑ.

3258 249 3397 321 1002

178 394 448 468 ταγμάτων
475 387 593 444 ἐστὶ
609 384 704 441 τοῦ
723 385 914 458 νόμου,
939 382 1122 438 οὐκέτι
1148 380 1337 454 χρείαν
1370 377 1512 449 ἔχων
1553 373 1725 444 γάλα-

1854 369 1974 457 egi's
2002 411 2018 435 ,
2051 380 2110 424 ut
2140 369 2233 440 qui
2269 382 2381 423 non
2412 364 2647 436 amplius
2676 377 2814 436 opus
2841 363 2982 420 lacte
3027 363 3251 430 habeat,
3300 368 3396 422 sed

175 505 301 552 κτος,
344 485 432 539 ac:
457 481 647 536 λοιπὸν
678 477 980 551 τῇστερεᾷ
1019 473 1307 546 χρώμενος
1342 470 1538 542 τροφῇ.

237 599 254 632 ι
315 576 555 646 Ἀνόμοις
600 573 657 628 δὲ
703 571 804 625 καὶ
866 569 1293 631 ἀνυποτάκτοις,
1340 561 1568 620 ἀσεὸέσι
1621 559 1720 615 καὶ

172 669 511 746 ἁμαρτωλοῖς,
542 665 781 731 ἀνοσίοις
816 662 913 718 καὶ
938 658 1213 734 βεϐήλοις,
1241 654 1599 730 πατραλοίαις
1625 652 1722 706 καὶ

173 762 503 840 μητραλοίαις
561 758 937 832 ἀνδροφόνοις,
981 753 1226 825 πόρνοις,
1283 748 1718 822 ἀρσενοκοίταις,

166 860 614 935 ἀνδραποδισταῖς,
637 856 925 928 ψεύσταις,
949 851 1253 926 ἐπιόρκοις,
1276 847 1374 907 καὶ
1393 846 1450 901 εί
1461 864 1514 903 τι
1531 845 1722 918 ἓτερον

166 957 225 1027 τῇ
250 951 557 1024 ὑγιαινούσῃ
583 947 905 1021 διδασκαλίᾳ
940 945 1303 1002 ἀντίκειται.»

229 1130 409 1188 Ταῦτα
434 1133 513 1195 εἰς
549 1128 838 1190 Ἰουδαίους
869 1125 1187 1181 αἰνίττεται.
1219 1125 1296 1179 Οὐ
1321 1117 1526 1197 γὰρῆν
1549 1141 1726 1195 παρα·

167 1223 346 1296 νομίας
370 1216 526 1286 εἶδος,
560 1221 590 1274 ὃ
619 1220 695 1292 μὴ
725 1219 1019 1292 ἔπραττον.
1047 1217 1140 1273 Διδ
1161 1217 1257 1272 καὶ
1279 1215 1510 1289 σφοδρὸς
1538 1216 1724 1280 αὐτοῖς

167 1315 311 1389 ιτίθη
339 1315 503 1387 νόμος
529 1311 776 1377 κολάζων
814 1309 1276 1383 παραϐαίνοντας.

232 1517 252 1551 ι
292 1495 454 1552 Κατά
500 1495 558 1549 eo
591 1494 924 1563 Εὑαγγέλιον
960 1491 1063 1563 τῆς
1106 1490 1268 1564 δόξης
1307 1491 1403 1546 τοῦ
1451 1491 1725 1562 μακαρίου

167 1589 310 1656 Θεοῦ,
336 1588 363 1642 ὃ
391 1587 723 1656 ἐπιστεύθην
753 1584 864 1654 ἐγώ
883 1601 898 1614 °
942 1585 1037 1640 καὶ
1068 1585 1231 1660 χάριν
1266 1584 1375 1655 ἔχω
1399 1585 1475 1655 τῷ
1506 1585 1725 1637 ἐνδυνα-

166 1679 395 1754 μώσαντί
426 1696 519 1751 με,
549 1677 773 1750 Χριστῷ
818 1677 994 1748 Ἰησοῦ
1025 1677 1103 1748 τῷ
1133 1677 1325 1750 Κυρίῳ
1355 1676 1533 1748 ἡμῶν.
1563 1696 1582 1730 ι

1824 463 2058 520 robusto
2081 463 2195 533 jam
2225 462 2351 517 cibo
2380 468 2657 517 vescatur.

1898 573 1919 608 ι
1952 555 2061 610 Sed
2092 555 2352 625 injustis,
2378 563 2432 609 et
2478 569 2585 608 non
2633 553 2904 618 subditis,
2938 553 3121 624 impiis
3175 560 3231 608 et
3275 566 3403 623 pec-

1819 648 2143 716 catoribus,
2173 647 2460 704 sceleratis
2489 653 2544 702 et
2565 647 2962 701 contaminatis
2983 684 2998 709 ,
3030 642 3323 716 parricidis
3349 652 3403 699 et

1821 739 2161 809 matricidis,
2191 739 2504 802 homicidis,
2538 737 2732 811 Heus.
2768 737 2858 811 ιο]
2891 736 3246 804 fornicariis,
3276 751 3399 790 rna-

1821 838 2102 894 sculorum
2156 833 2610 892 concubitoribus
2643 873 2659 897 ,
2723 832 3011 905 plagiariis
3042 871 3058 897 ,
3118 829 3407 886 mendaci-

1821 928 1964 995 bus,
2000 935 2057 984 et
2093 927 2363 1000 periuris,
2395 933 2453 980 et
2481 924 2532 981 si
2576 923 2709 997 quid
2761 922 2912 980 aliud
2957 939 3106 981 sana:
3137 921 3407 980 doctrinae

1824 1024 2174 1079 adversatur.
2207 1038 2228 1073 ι

1907 1115 2007 1173 His
2041 1115 2224 1172 verbis
2257 1110 2478 1172 Iudaeos
2510 1111 2715 1170 innuit.
2746 1109 2965 1167 Nullum
3001 1110 3206 1183 quippe
3236 1126 3411 1184 genus

1825 1208 2138 1280 iniquitatis
2185 1205 2289 1262 fuit
2341 1206 2486 1278 quod
2534 1205 2612 1260 illi
2669 1220 2781 1260 non
2830 1203 3218 1275 perpetrarint.
3271 1202 3410 1258 Pro-

1825 1310 2010 1372 ptcrea
2042 1300 2390 1356 severissima
2412 1299 2496 1356 lcx
2521 1286 2604 1355 eis
2631 1299 2890 1370 imposuta
2919 1305 3035 1364 est,
3057 1310 3175 1366 quae
3197 1310 3408 1366 praeva-

1829 1396 2106 1451 ricatores
2137 1394 2379 1465 puniret.

1902 1487 2071 1541 Vens.
2115 1487 2177 1540 ll
2208 1516 2234 1527 ο
2257 1485 2343 1540 Η.
2375 1504 2394 1536 ι
2427 1481 2744 1539 Secundum
2802 1480 3160 1551 Evangelium
3220 1480 3410 1552 gloriae

1832 1580 1976 1636 beati
2008 1581 2140 1643 Dei,
2175 1578 2322 1649 quod
2355 1577 2627 1634 creditum
2658 1584 2745 1632 est
2776 1575 2932 1630 mihi.
2970 1574 3036 1628 Et
3065 1575 3275 1645 gratias
3305 1589 3411 1645 ago

1829 1673 1879 1727 ei
1903 1672 1994 1743 qui
2022 1686 2108 1727 me
2130 1670 2485 1734 confortavit,
2505 1669 2724 1724 Christo
2747 1664 2877 1722 Jesu
2900 1665 3134 1721 Domino
3159 1674 3405 1723 nostro.»

222 1733 586 1844 Cbanéli'or
604 1733 817 1841 ιδόξαις
852 1733 984 1826 α’ὑτδ
1012 1733 1192 1837 καλεῖ,
1225 1733 1308 1824 δι’.
1336 1733 1489 1827 ούδὲν
1514 1770 1724 1841 ἓτερον,

1894 1733 2108 1841 l‘iullam
2163 1764 2236 1820 ob
2281 1733 2507 1820 causam
2553 1763 2782 1817 alteram
2823 1760 3173 1831 Evangelia»:
3225 1760 3412 1833 gloriae

163 1864 267 1919 ἀλλ’
295 1863 328 1935 ἦ
358 1863 500 1935 πρὸς
529 1863 657 1925 τοὺς
703 1863 1136 1932 αἰσχυνομένους
1163 1861 1255 1914 ἐπὶ
1298 1863 1413 1924 τοῖς
1443 1861 1726 1932 διωγμοῖς,

165 1957 249 2009 καί
274 1957 362 2010 ἐπὶ
400 1955 479 2027 τῷ
520 1954 686 2010 πάθει
741 1955 837 2008 τοῦ
888 1954 1130 2026 Χριστοῦ
1162 1972 1176 1985 ·
1215 1954 1250 2026 ἢ
1285 1954 1426 2025 τάχα
1457 1957 1553 2010 καὶ
1600 1957 1730 2028 περὶ

163 2049 260 2102 τῶν
290 2049 597 2119 μελλόντων
617 2049 917 2103 αἰνίττεται
947 2046 1204 2117 ἀγαθῶν.

234 2160 252 2192 ι
297 2142 420 2195 Ὀτι
453 2139 648 2195 πιστόν
677 2139 1030 2212 μεήγήσατο,
1065 2138 1294 2210 θέμενος
1317 2141 1397 2204 εἰς
1427 2138 1729 2202 διακονίαν,

163 2237 246 2292 τον
299 2235 574 2306 πρότερον
635 2234 766 2288 δντα
818 2233 1164 2305 βλάσφημον,
1202 2233 1298 2286 καὶ
1327 2231 1586 2301 διώκτην,
1636 2230 1732 2285 καὶ

165 2327 450 2400 ὐόριστήν·
514 2327 652 2383 ἀλλά
687 2324 950 2398 ⁴ίιλεήθην,
987 2325 1071 2378 ὅτι
1125 2325 1337 2395 ἀγνοῶν
1410 2324 1643 2395 ἐποίησα
1673 2324 1732 2376 ὲν

165 2420 398 2492 ἀπιστίᾳ.
469 2417 950 2490 ’Υπερεπλεόνασε
989 2415 1046 2472 δὲ
1106 2419 1138 2488 ἡ
1188 2417 1347 2491 χάρις
1380 2416 1476 2469 τοῦ
1525 2417 1732 2489 Κυρίου

166 2514 308 2584 ἡμῶν
361 2513 508 2585 μετά
564 2513 806 2577 πίστεως
834 2512 928 2568 καὶ
985 2511 1209 2582 ἀγάπης
1238 2511 1335 2582 τῆς
1394 2511 1452 2562 ὲν
1508 2509 1733 2584 Χριστῷ

176 2606 359 2679 Ἰησοῦ.
401 2627 421 2660 ι

230 2700 429 2770 Εἰπὼν,
492 2702 576 2756 δτι
632 2699 1038 2768 Ἐπιστεύθηγ
1075 2701 1144 2754 τὸ
1201 2698 1574 2773 Εὺαπέλιον
1619 2695 1733 2770 τῆς

165 2790 338 2859 δόξης
361 2791 473 2847 τοῦ
497 2776 665 2858 Θεοῦ,
692 2791 882 2863 ἐπειδὴ
911 2791 1058 2860 ἔδοξε
1088 2794 1232 2862 μέγα
1257 2791 1616 2863 φθέγξασθαι,
1642 2792 1732 2847 ῐνα

174 2885 240 2954 μή
264 2902 344 2949 τις
372 2883 509 2957 δόξῃ
541 2883 602 2949 ἐξ
646 2885 908 2948 ἀπονοίας
939 2883 1103 2939 τοῦτο
1145 2887 1341 2946 ποιεῖν,
1400 2884 1592 2940 σκόπει
1619 2884 1737 2949 πῶς

168 2975 584 3049 ἐπιδιορθοῦται,
608 2976 829 3041 ἀνάξιον
862 2975 1053 3030 ἑαυτὸν
1083 2975 1259 3043 λέγων
1286 2975 1377 3031 διὰ
1399 2977 1499 3049 τὴν
1529 2977 1734 3049 προτέ-

1830 1857 1998 1920 dicit.
2027 1857 2135 1913 nisi
2168 1857 2296 1928 quia
2332 1871 2426 1912 eos
2460 1855 2786 1926 alloquitur,
2825 1855 3063 1926 quibus,
3096 1869 3223 1910 cum
3260 1854 3412 1909 insc—

1833 1950 2104 2006 elationes
2124 1989 2140 2014 ,
2173 1958 2288 2004 tum
2321 1949 2527 2005 Christi
2561 1948 2748 2020 passio
2776 1945 3079 2018 opprobrio
3103 1954 3283 2002 erant.
3313 1943 3411 2002 Vel

1834 2045 2020 2101 forsan
2055 2043 2241 2100 futura
2277 2043 2420 2099 bona
2449 2041 2656 2098 innuit.

1899 2138 2064 2210 260
2090 2157 2110 2190 ‹
2144 2136 2250 2204 Qui
2283 2152 2370 2193 me
2406 2135 2620 2193 lldelem
2668 2135 3045 2200 existimavit,
3096 2151 3312 2208 ponens
3358 2134 3414 2190 in

1833 2230 2186 2298 ministerio;
2218 2230 2314 2300 qui
2358 2229 2515 2299 prius
2547 2229 2900 2301 blasphemus
2933 2228 3007 2284 fui
3031 2271 3048 2294 ,
3076 2238 3128 2285 et
3161 2243 3418 2300 persecu-

1835 2330 1947 2388 tor,
1974 2329 2028 2378 et
2057 2322 2539 2389 contumeliosus;
2571 2322 2667 2378 sed
2696 2321 3132 2378 misericordiam
3159 2322 3256 2379 Dei
3284 2338 3416 2379 conn

1835 2424 2062 2474 secutus
2107 2429 2265 2482 sum,
2295 2414 2428 2486 quia
2469 2414 2731 2486 ignorans
2762 2414 2865 2470 feci
2900 2415 2954 2470 in
2999 2415 3411 2472 incredulitate.

1839 2507 2320 2581 Superabundavit
2366 2517 2547 2564 autem
2591 2509 2768 2580 gratia
2816 2509 3036 2564 Domini
3079 2512 3256 2567 nostri
3290 2525 3416 2566 cum

1837 2601 1946 2658 ﬁde
1975 2611 2028 2658 et
2055 2601 2385 2668 dilectione,
2417 2615 2542 2671 quas
2571 2608 2657 2655 est
2689 2600 2744 2654 in
2772 2597 3178 2658 Christo-Jesu.
3216 2620 3235 2655 ι

1907 2693 2176 2762 Quoniam
2219 2694 2470 2758 dixerat,
2511 2690 2853 2762 Evangelium
2882 2692 3071 2764 gloria:
3115 2693 3217 2748 Dei
3245 2694 3422 2748 credi-

1839 2798 1948 2846 tum
1993 2795 2074 2842 est
2121 2785 2297 2852 mihi;
2344 2801 2468 2842 cum
2524 2800 2784 2854 magnum
2838 2786 2969 2856 quid
3026 2788 3421 2858 pronuntiasse

1835 2883 2140 2947 videretur,
2196 2897 2266 2937 ne
2315 2887 2578 2952 putarent
2632 2881 2804 2952 aliqui
2844 2881 2897 2936 id
2942 2881 3010 2936 ab
3056 2882 3178 2953 ipso
3214 2881 3418 2939 factum

1836 2975 2230 3035 ostentationis
2278 2990 2448 3046 ergo,
2497 2973 2625 3030 vide
2674 2975 2949 3043 quomodo
3000 2975 3105 3031 hoc
3152 2978 3418 3049 corrigit,

169 3083 257 3138 ραν
275 3069 529 3138 ἄγνοιαν.
551 3067 705 3139 ’Ἅμα
726 3068 783 3122 δὲ
805 3067 902 3122 καὶ
927 3069 1146 3140 ἐπαίρει
1166 3067 1256 3121 τὸν
1274 3067 1424 3122 ελεον
1446 3068 1541 3122 τοῦ
1572 3067 1730 3135 Θεοῦ,

1857 3071 2125 3143 ndignum
2158 3069 2402 3139 seipsum
2434 3067 2630 3124 dicens
2662 3067 2758 3123 illo
2785 3083 3012 3124 munere
3038 3079 3262 3141 propter
3292 3087 3422 3141 prae-

168 3160 250 3212 καὶ
294 3161 393 3238 την
442 3159 891 3233 φιλανθρωπίαν,
936 3161 1030 3214 τὸν
1084 3162 1356 3234 πρότερον
1389 3161 1582 3215 ἑαυτοῦ
1622 3159 1736 3232 βίον

167 3249 554 3324 ἐξηγούμενος.

231 3449 250 3482 ι
284 3430 494 3495 Πιστὸς
520 3431 551 3484 ό
580 3429 760 3501 λόγος,
792 3430 893 3486 καὶ
925 3430 1112 3503 πάσης
1142 3430 1420 3501 ἀποδοχῆς
1450 3428 1624 3496 ἄξιος,
1654 3430 1739 3484 ὅτι

166 3522 387 3594 Χριστὸς
427 3523 647 3597 Ἰησοῦς
688 3520 857 3596 ἦλθεν
890 3524 973 3587 είς
1000 3524 1094 3578 τὸν
1141 3523 1347 3595 κόσμον
1375 3522 1739 3595 ἁμαρτωλοὺς

167 3615 350 3680 σῶσαι,
383 3610 468 3672 ὧν
502 3616 722 3687 πρῶτός
752 3617 867 3686 είμι
899 3613 1040 3684 syth“
1082 3613 1222 3672 ἀλλὰ
1264 3613 1359 3680 διὰ
1380 3611 1544 3666 τοῦτο
1574 3611 1741 3684 ἤλθεθ’

170 3705 280 3774 θην,
311 3708 399 3764 ἶνα
432 3708 496 3763 ἐν
525 3710 653 3779 spei.
679 3707 884 3781 πρώτῳ
925 3708 1225 3780 ἰνδείξηται
1270 3705 1482 3778 Ἰησοῦς
1507 3705 1744 3777 Χριστὸς

168 3800 256 3868 τὴν
273 3803 458 3856 πᾶσαν
487 3801 904 3878 μακροθυμίαν.
943 3820 964 3854 ι

231 3981 417 4050 Οὕτως
446 3982 690 4057 μεγάλαι
717 3984 861 4040 εἰσιν
885 3984 945 4037 ai
975 3983 1294 4056 εὐεργεσίαι
1338 3981 1434 4036 τοῦ
1462 3981 1621 4048 Θεοῦ,
1647 3983 1744 4037 καὶ

171 4076 340 4129 πᾶσαν
390 4076 751 4149 ἀνθρωπίνην
797 4076 1234 4148 ύπερῦαίνουσαι
1275 4075 1604 4145 προσδοκίαν
1649 4075 1744 4130 καὶ

170 4167 374 4234 ίλπίδα,
405 4170 490 4239 ὡς
546 4169 819 4243 πολλαχοῦ
869 4172 966 4226 καὶ
1019 4171 1397 4226 ἀπιστεῖσθαι.
1435 4171 1501 4223 Ἀ
1531 4169 1639 4240 γὰρ
1669 4168 1744 4242 μὴ

169 4262 329 4326 είδετό
379 4280 541 4330 ποτε,
602 4263 742 4338 μήτε
801 4265 1107 4338 ἐνενόησεν,
1149 4267 1287 4337 μήτε
1341 4265 1744 4337 προσεδόκησεν

169 4352 286 4421 νοῦς
305 4357 680 4429 ἀνθρώπινος,
713 4359 887 4413 ταῦτα
910 4361 945 4430 ἠ
955 4362 1046 4430 μίν
1070 4359 1386 4431 ἐχαρίσατο.
1410 4360 1503 4413 Διὸ
1533 4360 1744 4430 μέλλων

1837 3167 2051 3222 teritam
2087 3163 2485 3234 ignorantiam.
2535 3159 2652 3217 Una
2683 3176 2817 3218 vero
2847 3162 2940 3216 Dei
2985 3163 3421 3219 misericordiam

1836 3265 1892 3316 et
1921 3257 2321 3313 humanitatem
2366 3254 2624 3324 extollit,
2680 3262 2990 3311 anteactam
3046 3256 3213 3312 vitam
3264 3273 3422 3313 suam

1838 3350 2165 3409 enarrando.

1915 3443 2079 3502 Vens.
2122 3443 2211 3510 l5,
2247 3446 2334 3502 16.
2356 3466 2374 3500 ι
2402 3443 2608 3501 Fidelis
2635 3459 2820 3501 sermo
2843 3452 2901 3500 et
2926 3443 3071 3501 omni
3100 3444 3425 3518 acceptione

1840 3539 2072 3609 dignus,
2104 3537 2251 3608 quod
2281 3536 2443 3595 Jesus
2474 3536 2730 3592 Christus
2762 3535 2911 3592 venit
2962 3538 3015 3592 in
3070 3538 3217 3592 hunc
3259 3554 3416 3593 mun-

1841 3629 1971 3685 dum
1999 3638 2318 3700 peccatores
2347 3629 2530 3684 salvos
2563 3627 2747 3683 facere
2767 3669 2785 3694 ,
2810 3642 3046 3698 quorum
3079 3628 3289 3698 primus
3323 3643 3425 3699 ego

1841 3737 1985 3779 sum.
2025 3719 2132 3777 Sed
2165 3720 2290 3776 ideo
2334 3719 2770 3776 misericordiam
2800 3726 3136 3776 consecutura
3186 3736 3332 3778 sum.
3364 3731 3426 3774 ut

1844 3812 1900 3867 in
1931 3826 2018 3867 me
2047 3810 2227 3882 primo
2257 3810 2577 3867 ostenderet
2608 3809 2868 3867 Christus
2893 3808 3055 3867 Iesus
3083 3825 3300 3867 omnem
3330 3827 3428 3884 pa-

1844 3903 2114 3962 tientiam.
2148 3922 2168 3957 ι

1911 3995 2043 4049 Tam
2081 4009 2291 4065 magnae
2320 4000 2449 4050 sunt
2480 3993 2853 4050 beneficentiae
2883 3992 3013 4060 Dei,
3056 4003 3279 4063 tamque
3315 3995 3420 4047 hu-

1843 4103 2060 4144 manam
2079 4087 2542 4157 exspectationem
2563 4097 2617 4142 et
2636 4103 2783 4157 spem
2807 4102 3021 4142 omnem
3046 4089 3334 4149 excedunt,
3365 4093 3423 4139 ut

1840 4180 1924 4234 eis
1958 4193 2102 4248 saepe
2130 4178 2263 4233 lides
2290 4178 2615 4249 denegetnr.
2642 4177 2715 4231 Ea
2748 4178 2949 4248 quippe
2980 4178 3203 4231 donavit
3231 4179 3419 4234 nobis.

1844 4284 1965 4340 quae
1997 4285 2153 4324 mens
2187 4269 2466 4335 hominis,
2501 4284 2600 4324 nec
2633 4270 2788 4323 novit
2819 4283 3090 4338 unquam,
3131 4284 3231 4323 nec
3268 4269 3423 4338 (ιοςί-

1845 4362 2018 4426 tavit,
2068 4369 2163 4416 aut
2207 4363 2565 4432 exspectavit.
2597 4361 2963 4433 Quapropter,
2998 4364 3315 4431 priusquam
3361 4377 3422 4417 ca

169 4447 300 4502 αὐτὰ
347 4450 1023 4522 λέγειν,νπρολαμόάνει,
1071 4453 1166 4506 καὶ
1229 4451 1376 4522 λέγει
1401 4471 1413 4483 ο
1451 4455 1673 4520 Πιστὸς
1712 4458 1734 4506 c‘

1854 4453 2152 4521 edisserat,
2195 4455 2458 4527 prmfatur
2501 4465 2556 4511 et
2602 4457 2720 4510 ait:
2757 4453 2962 4509 Fidelis
2991 4472 3160 4508 sermo
3190 4466 3239 4509 et
3280 4457 3424 4510 omni

168 4541 363 4611 λόγος,
394 4543 499 4600 καὶ
519 4542 727 4612 πάσης
756 4543 1067 4613 ἀποδοχῆς
1113 4543 1303 4609 ἄξιος.
1358 4546 1444 4609 Ὠς
1479 4547 1528 4599 εί
1558 4542 1737 4613 λέγοι·

171 4633 254 4706 Μή
281 4651 366 4698 τις
389 4636 672 4707 ἀπιστήσῃ
700 4630 782 4700 οἷς
810 4634 1079 4708 μέλλομεν
1103 4638 1265 4703 ἐρεῖν.
1283 4656 1300 4687 ι
1414 4699 1422 4706 ,

239 4745 258 4778 ι
299 4728 448 4799 Πρὸς
483 4727 834 4783 ὑποτύπωσιν
855 4726 970 4782 τῶν
1000 4728 1306 4799 μελλόντων
1340 4729 1620 4782 πιστεύειν
1653 4732 1741 4783 ἐπ’

171 4818 314 4890 αὐτῷ
343 4822 428 4884 εἰς
453 4819 600 4890 ζωὴν
640 4820 882 4876 αἰώνιον.
911 4820 1002 4892 Τῷ
1031 4821 1087 4874 δὲ
1136 4821 1351 4892 βασιλεί
1396 4823 1502 4875 τῶν
1529 4823 1741 4876 αἰώνων

173 4911 454 4985 ἀφθάρτῳ,
490 4915 636 4987 μόνῳ
668 4915 818 4987 σοφῷ
841 4915 980 4985 Θεῷ,
1007 4916 1162 4986 τιμὴ,
1194 4915 1322 4980 δόξα
1350 4918 1426 4978 εἰς
1457 4919 1584 4979 τοὺς
1615 4916 1742 4968 αίῶ-

173 5020 264 5065 νας
297 5009 407 5060 τῶν
439 5006 676 5060 αίώνων.
722 5006 913 5077 Ἀμήν.
971 5006 1186 5074 Ταύτην
1223 5007 1320 5077 τὴν
1362 5006 1742 5078 παραγγελίαν

174 5098 548 5169 παρατίθεμαί
588 5115 694 5162 σοι,
728 5098 916 5152 τέκνον
946 5100 1198 5168 Τιμόθεε.
1228 5119 1246 5152 ι

241 5191 574 5261 Βουλόμενος
593 5193 801 5254 πεῖσαι,
828 5192 1016 5263 φησὶν,
1037 5195 1065 5245 ό
1086 5189 1220 5254 Θεὸς
1244 5191 1371 5253 τοὺς
1394 5190 1738 5261 ἀνθρώπους,

173 5280 251 5333 ὅτι
277 5282 457 5337 πάντα
481 5285 662 5349 αὐτοῖς
697 5284 946 5354 ἀφίησιν,
975 5284 1071 5353 ἐμὲ
1099 5283 1338 5350 ἐδέξατο.

250 5392 268 5424 ι
309 5377 469 5430 Κατά
493 5378 590 5440 τὰς
620 5377 970 5450 προαγούσας
1005 5377 1098 5430 ἐπὶ
1139 5376 1199 5430 σὲ
1232 5377 1594 5447 προφητείας,
1655 5379 1742 5431 ἵνα

180 5468 447 5540 στρατεύῃ
481 5471 535 5522 ἑν
563 5470 748 5532 αὐτοῖς
777 5469 875 5540 τὴν
914 5470 1088 5541 καλὴν
1129 5470 1443 5542 στρατείαν,
1478 5471 1617 5542 ἔχων
1651 5472 1743 5524 πί-

179 5575 290 5612 στιν
322 5563 417 5613 καὶ
450 5562 664 5633 ἀγαθὴν
708 5562 1036 5632 συνείδησιν.
1068 5581 1085 5613 ι

245 5654 616 5722 Προφητείαν
644 5653 878 5708 ἐνταῦθα
905 5654 1004 5725 τὴν
1032 5654 1368 5724 χειροτονίαν
1398 5656 1550 5726 φησὶ,
1583 5653 1650 5708 δι’
1678 5649 1744 5724 ἦς

183 5743 238 5798 to
265 5746 491 5818 Πνεῦμα
537 5747 719 5802 ἔλαθε.
757 5747 1145 5817 Πληθυντικῶς
1172 5748 1226 5800 δὲ
1256 5747 1425 5810 αὖτάς
1459 5748 1739 5818 ὀνομάζει,

491 5844 763 5916 Parnm.
806 5845 921 5907 Gn.
961 5845 1143 5906 XCV.

1846 4549 2143 4618 acceptione
2175 4549 2386 4619 dignus.
2422 4549 2497 4603 Ac
2545 4549 2589 4603 si
2634 4550 2829 4603 dicat:
2877 4546 3053 4602 Nemo
3095 4564 3155 4603 ea
3203 4547 3426 4603 credere

1847 4652 2075 4706 renuat,
2109 4659 2230 4712 quae
2263 4641 2535 4696 narraturi
2572 4659 2790 4700 sunms.

1927 4753 1944 4784 ι
1974 4734 2052 4785 Ad
2104 4733 2547 4787 informationem
2591 4748 2782 4787 eorum
2835 4734 2930 4802 qui
2979 4731 3245 4787 credituri
3295 4743 3424 4787 suut

1846 4827 1920 4879 illi
1963 4827 2014 4880 in
2049 4827 2215 4880 vitam
2251 4835 2538 4881 aeternam.
2574 4823 2768 4898 [Vens
2802 4825 2889 4889 l7,
2921 4824 3034 4898 18.]
3075 4825 3206 4895 Regi
3240 4837 3422 4880 autem

1845 4920 2172 4975 sreculorum
2205 4920 2497 4974 immortali
2529 4932 2580 4972 et
2616 4918 2914 4983 invisibili,
2944 4920 3041 4973 soli
3078 4919 3218 4980 Deo,
3251 4919 3426 4973 honor

1843 5014 2109 5083 ctgloria,
2144 5013 2197 5066 in
2231 5014 2428 5068 saecula
2461 5013 2808 5066 smculorum.
2844 5013 3037 5067 Amen.
3074 5011 3184 5067 Hoc
3219 5029 3426 5083 prince-

1845 5114 1997 5176 ptum
2033 5105 2360 5158 commendo
2392 5106 2522 5168 tibi,
2559 5104 2630 5157 ﬁli
2667 5103 2979 5158 Timmhee.
3011 5124 3029 5155 ι

1911 5196 2056 5253 Deus
2079 5237 2092 5262 ,
2125 5196 2339 5266 inquit,
2378 5213 2486 5267 quo
2521 5197 2882 5266 persuaderet
2914 5196 3265 5264 hominibus,
3294 5213 3426 5252 cun-

1844 5297 1930 5341 cta
1963 5287 2072 5342 illis
2103 5286 2436 5352 condonari,
2471 5288 2586 5356 ipse
2618 5303 2704 5342 me
2737 5288 3004 5358 suscepit.

1917 5400 1934 5430 ι
1965 5378 2279 5439 Secundum
2325 5383 2698 5450 prmcedentes
2749 5382 2803 5436 in
2857 5389 2911 5435 te
2957 5381 3310 5452 prophetias,
3363 5389 3426 5436 ut

1845 5474 2047 5528 milites
2076 5475 2128 5528 in
2159 5475 2267 5529 illis
2299 5476 2499 5529 bonam
2536 5475 2786 5529 militiam
2808 5514 2823 5538 ,
2858 5473 3053 5546 ﬂens.
3084 5472 3176 5548 19]
3217 5474 3428 5531 habens

1855 5565 2013 5620 ﬁdem
2043 5576 2098 5621 et
2126 5566 2324 5620 bonam
2357 5569 2778 5624 conscientiam.
2811 5588 2830 5620 ο

1925 5656 2259 5726 Prophetiam
2290 5659 2378 5714 hic
2407 5661 2648 5732 appellat
2675 5661 3080 5716 ordinationem
3099 5699 3115 5721 ,
3143 5673 3238 5729 per
3260 5674 3422 5728 quam
3476 5670 3481 5674 '

1849 5747 2112 5820 Spiritum
2167 5761 2479 5823 acceperat.
2542 5752 2746 5808 Plurali
2814 5764 2996 5807 autem
3052 5767 3146 5806 cas
3199 5765 3429 5809 nuniet‘o

2869 5849 2943 5908 32
