3928 6264
583 226 722 294 1003

1742 220 1801 285 S.
1830 222 2152 284 JOANNIS
2182 224 2579 290 DAMASCEN
2588 229 2614 289 Ι

3685 237 3803 305 100i

581 337 878 413 exprimit,
910 335 1081 394 'velut
1135 334 1483 406 signiﬁcans,
1527 342 1643 390 tum
1690 336 1838 391 illam
1869 351 1992 392 cum
2044 347 2142 407 qua

2259 338 2417 393 οἱονεὶ
2448 340 2730 412 σημαίνων
2782 338 2999 416 ἐκείνην
3042 343 3161 415 μεθ’
3193 344 3259 420 ἦς
3297 345 3697 411 ελαϐινηαὺτδν.
3724 357 3809 409 καὶ

578 429 928 489 Timotheum
971 438 1293 498 acceperat,
1337 443 1461 483 cum
1495 443 1602 499 qua
1632 437 1686 483 et
1711 428 1890 499 ipsum
1916 427 2146 482 circum-

574 521 817 589 ciderat,
849 529 905 576 et
958 534 1083 577 cum
1137 533 1245 590 qua
1286 518 1485 575 ordine
1536 533 1694 574 sacro
1743 516 1997 575 eumdem
2044 515 2150 571 ini-

576 617 830 673 tiaverat.
850 671 853 674 ,

647 716 673 762 ἰ
702 708 876 775 Quam
906 707 1130 778 quidam
1155 703 1487 778 repellentes
1507 746 1524 773 ,
1553 704 1891 762 circavﬁdem
1924 704 2150 760 naufra-

2253 432 2375 499 μεθ’
2401 427 2468 504 ἧς
2491 435 2809 507 περιέτεμε,
2843 439 2936 492 καὶ
2969 436 3088 509 μεθ’
3118 434 3186 512 ἦς
3217 438 3568 512 ἐχειροτόνει.

2328 722 2347 755 ι
2390 703 2497 759 Ἦν
2526 720 2683 779 τινες,
2715 706 3090 781 ἀπωσάμενοι,
3117 711 3245 783 περὶ
3296 710 3392 780 τὴν
3429 710 3617 766 πίστιν
3668 712 3809 767 ἔναυε

573 812 883 875 gaverunt,
919 799 1126 874 [Vens
1164 797 1293 873 20].
1320 814 1384 855 ex
1448 800 1650 871 quibus
1691 810 1774 856 est
1822 798 2142 871 Hymenaeus

2259 795 2484 869 ἀγησαν,
2505 790 2580 851 ὧν
2602 799 2751 853 ἐστιν
2765 801 3053 871 Ὑμεναίος
3072 803 3167 857 καὶ
3192 800 3547 875 Ἀλέξανδρος
3570 801 3665 869 οὓς
3684 823 3811 877 παρα

574 904 632 952 et
656 892 990 960 Alexander,
1022 907 1164 963 quos
1194 891 1393 947 tradidi
1428 891 1667 946 Sataum.
1700 910 1719 943 ι

646 987 780 1043 Nam
808 985 901 1041 ubi
936 987 1051 1041 vita
1086 984 1337 1056 deposita
1371 992 1495 1049 est,
1526 992 1582 1039 et
1626 983 1903 1055 ejusmodi
1945 984 2147 1055 dogma

572 1080 632 1135 in
656 1080 835 1134 lucem
866 1076 1070 1142 editur,
1107 1090 1172 1132 ac
1206 1075 1473 1146 plurimos
1501 1076 1693 1133 videas
1726 1079 1781 1133 in
1814 1075 2144 1149 profundum

572 1171 847 1228 malorum
874 1180 1142 1227 corruere
1160 1210 1176 1235 ,
1203 1177 1259 1225 et
1282 1168 1349 1225 ad
1380 1168 1640 1241 gentilem
1667 1169 1842 1224 'ritum
1875 1167 2144 1224 converti.

461 1268 464 1271 “
573 1262 644 1320 Ut
669 1262 815 1321 enim
846 1260 1162 1319 futurorum
1209 1272 1358 1330 metu
1392 1260 1620 1317 minime
1650 1261 1990 1325 crucientur,
2026 1260 2144 1315 ani-

572 1370 659 1411 mo
688 1352 1022 1425 persuadere
1048 1352 1271 1410 student
1302 1351 1440 1408 falsa
1488 1367 1613 1409 esse
1657 1367 2002 1423 quaecunque
2044 1367 2144 1406 nos

571 1446 868 1502 tradimus.
1999 1443 2003 1447 ’

637 1561 658 1594 ι
688 1539 761 1596 Ut
786 1539 1141 1596 discantnon
1168 1537 1570 1611 blasphemare.
1606 1557 1625 1592 ι

1218 1630 1375 1687 CAP.
1421 1628 1485 1688 ll.

642 1723 805 1781 Vsus.
848 1722 899 1780 1.
930 1742 949 1777 ι
982 1723 1229 1781 Obsecro
1254 1724 1421 1796 igitur
1450 1726 1689 1796 primum
1723 1723 1842 1780 ﬁeri
1873 1724 2142 1783 obsecra-

567 1818 783 1883 tiones,
832 1817 1268 1890 postulationes,
1313 1824 1367 1874 et
1408 1816 1713 1891 gratiarum
1755 1818 2002 1876 actiones
2044 1832 2146 1892 pro

564 1911 824 1967 omnibus
848 1910 1224 1968 hominibus.»

631 2005 754 2063 Non
785 2014 843 2061 ut
867 2021 961 2063 eos
988 2006 1225 2075 doceat,
1255 2009 1464 2080 inquit,
1509 2008 1607 2065 sed
1651 2018 1709 2063 ut
1750 2009 1982 2064 discant.
2022 2004 2144 2064 Non

535 2099 707 2155 aenim
751 2098 857 2156 hoc
897 2100 991 2156 ille
1021 2108 1244 2171 praestat
1264 2139 1280 2170 ,
1311 2101 1405 2159 sed
1434 2102 1733 2159 inﬂictione
1759 2116 1937 2174 pcenae
1969 2101 2022 2158 id
2053 2115 2146 2158 ac-

561 2193 720 2251 cidit.

628 2287 795 2347 V’sns.
837 2289 972 2347 2-6.
998 2308 1017 2345 ι
1051 2290 1157 2347 Pro
1193 2290 1413 2363 regibus
1442 2300 1498 2348 et
1521 2288 1778 2347 omnibus
1803 2290 1896 2361 qui
1927 2288 1982 2345 in
2012 2287 2144 2345 sub-

562 2382 793 2441 limitate
839 2393 1001 2454 sunt,
1075 2386 1235 2459 261
1284 2397 1346 2442 ut
1392 2386 1632 2457 quietam
1682 2393 1737 2441 et
1785 2383 2140 2456 tranquillam

538 2475 732 2531 «vitam
769 2491 1002 2551 agamus
1048 2479 1106 2534 in
1153 2477 1306 2535 omni
1359 2480 1567 2551 pietate
1615 2486 1669 2534 et
1714 2477 1994 2534 castitate.
2028 2474 2143 2532 Hoc

556 2570 705 2625 enim
729 2569 933 2627 bonum
960 2580 1046 2629 est
1103 2578 1159 2630 et
1187 2579 1466 2642 acceptum
1497 2586 1685 2627 coram
1714 2570 2002 2626 Salvatore
2032 2570 2143 2626 Deo

552 2672 780 2731 nostro,
809 2666 903 2736 qui
942 2665 1059 2720 vult
1090 2680 1282 2721 omnes
1310 2663 1560 2720 homines
1589 2663 1771 2719 salvos
1804 2663 1955 2728 ﬁeri,
1986 2668 2041 2718 et
2072 2660 2143 2717 ad

554 2756 893 2829 agnitionem
922 2758 1172 2815 veritatis
1206 2757 1420 2815 venire.
1443 2755 1602 2813 Unus
1622 2756 1770 2812 enim
1803 2754 1969 2821 Deus,
1997 2771 2142 2813 unus

556 2849 829 2907 mediator
860 2850 953 2908 Dei
977 2862 1033 2909 et
1067 2850 1351 2908 hominum
1373 2892 1389 2919 ,
1437 2850 1604 2907 homo
1649 2847 1906 2906 Christus
1944 2845 2139 2914 Jesus,

557 2944 649 3015 qui
683 2942 835 3001 dedit
858 2945 1217 3016 semetipsum
1241 2962 1262 2997 ι
1945 2948 1949 2952 ’

631 3037 770 3105 Quia
824 3038 1106 3110 principes
1138 3045 1276 3093 tunc
1322 3037 1587 3109 temporis
1639 3037 1985 3095 Christianos
2019 3050 2139 3091 ma-
2166 3052 2230 3124 ο·

556 3135 704 3189 xime
739 3132 1180 3197 insectabantur,
1236 3131 1508 3187 orandum
1572 3145 1695 3187 esse
1725 3145 1824 3202 pro
1855 3128 1992 3199 ipsis
2037 3128 2135 3195 ait,

558 3232 616 3280 ut
646 3222 835 3281 ﬁdeles
864 3224 1081 3280 discant
1103 3237 1199 3279 eos
1259 3236 1370 3278 non
1426 3222 1631 3278 odisse.
1667 3220 1780 3278 Hoc
1810 3236 2003 3292 nempe
2035 3220 2139 3276 do-

556 3331 708 3384 cens,
739 3315 886 3388 quod
913 3315 1179 3372 Dominus
1208 3314 1292 3371 his
1320 3314 1503 3370 verbis
1558 3320 1893 3387 praeceperat
1926 3328 1941 3368 :
1975 3312 2140 3370 Orate

555 3426 651 3480 pro
685 3408 1114 3481 persequentibus
1151 3410 1324 3465 vos".
1355 3406 1707 3480 Quapropter
1738 3407 1941 3479 adjecit
1970 3423 1988 3462 :
2018 3410 2135 3463 Hoc

556 3499 751 3557 bonum
775 3508 860 3557 est
882 3511 932 3557 et
964 3510 1261 3572 acceptum.

632 3611 652 3647 ι
681 3592 1131 3666 Redemptionem
1154 3608 1251 3665 pro
1274 3593 1552 3662 omnibus,
1582 3593 1981 3658 testimonium,
2007 3609 2027 3645 ι

624 3686 765 3743 Cum
841 3688 913 3743 ob
970 3693 1198 3758 peccata
1226 3702 1338 3743 sua
1373 3685 1639 3758 puniendi
1693 3692 1906 3751 essent,
1934 3683 2134 3756 inquit,

555 3777 751 3833 horum
786 3776 905 3835 vice
929 3773 1126 3832 Filium
1150 3792 1312 3835 suum
1336 3776 1509 3834 dedit.

567 3960 990 4034 «Temporibus
1041 3961 1192 4030 suis;
1245 3959 1451 4033 [Vsus
1482 3958 1540 4028 ’7,
1566 3958 1635 4033 8]
1673 3960 1729 4015 in
1766 3974 1876 4032 quo
1924 3959 2139 4031 positus

554 4067 676 4109 sum
696 4068 798 4127 ego
823 4054 1148 4125 pmdicator
1166 4065 1218 4110 et
1245 4052 1539 4125 Apostolus
1567 4051 1884 4119 (veritatem
1914 4051 2057 4119 dico,
2084 4061 2139 4109 et

556 4159 666 4201 non
705 4148 994 4219 mentior),
1026 4145 1285 4216 magister
1314 4147 1556 4217 gentium
1594 4145 1647 4201 in
1684 4144 1787 4200 ﬁde
1810 4153 1865 4199 et
1884 4145 2136 4202 veritate.

560 4233 691 4293 Volo
717 4252 817 4307 ego
844 4238 991 4295 viros
1019 4253 1179 4295 orare
1202 4256 1220 4291 ι

540 4356 541 4359 η
625 4329 684 4384 ιιι
705 4336 812 4396 est,
841 4330 917 4384 uti
948 4332 1311 4401 congruebat.

2248 887 2429 944 έδωκα
2453 890 2529 963 τῷ
2551 893 2787 963 Σατανᾷ,
2832 913 2850 945 ι

2319 983 2488 1039 Ὅταν
2519 982 2679 1061 γὰρῇ
2704 986 2818 1057 βίος
2839 989 3286 1060 ἀπεγνωσμένος,
3311 990 3411 1043 καὶ
3439 990 3627 1060 δόγμα
3650 988 3811 1043 τίκτε-

2244 1087 2338 1127 ται
2387 1072 2651 1140 τοιοῦτον,
2705 1079 2802 1131 καὶ
2845 1078 2993 1133 ἔστιν
3053 1078 3182 1133 ίδεῐν
3240 1078 3476 1143 πολλοὺς
3506 1080 3692 1135 irrisa
3720 1081 3804 1135 τοῦ

2246 1167 2584 1220 καταπεσεῖν
2610 1167 2691 1231 είς
2721 1166 2882 1239 βυθὸν
2937 1169 3124 1225 κακῶν
3169 1172 3264 1224 καὶ
3320 1172 3403 1235 είς
3459 1168 3811 1244 Ἐλληνισμδν

2244 1257 2640 1329 ἐκτραπέντας.
2690 1261 2809 1316 Ἰνα
2831 1264 2940 1335 γὰρ
2982 1264 3058 1336 μὴ
3088 1262 3166 1335 τῷ
3195 1263 3350 1336 φόϐῳ
3376 1263 3490 1318 τῶν
3524 1258 3810 1337 μελλόντων

2247 1348 2680 1419 βασανίζωνται,
2717 1357 3083 1409 σπουδάσουσι
3132 1360 3318 1410 πεῖσαι
3374 1356 3480 1429 τὴν
3512 1356 3712 1428 ψυχὴν,
3740 1356 3809 1411 ὅτι

2243 1442 2416 1516 ψευδῆ
2447 1446 2624 1500 πάντα
2651 1446 2719 1500 τὰ
2755 1448 2888 1519 παρ’
2922 1451 3076 1521 ἡμῖν.

2322 1556 2341 1588 ι
2379 1538 2497 1593 Ἵνα
2539 1540 2871 1596 παιδευθῶσι
2917 1542 2994 1615 μὴ
3023 1541 3390 1616 βλασφημεῖν.

2848 1636 3101 1691 ΚΕΦΑΛ.
3143 1638 3218 1692 B'.

2320 1742 2340 1775 ι
2390 1723 2705 1797 Παρακαλῶ
2735 1720 2830 1781 οὖν
2861 1726 3079 1799 πρῶτον
3112 1726 3332 1783 πάντων
3389 1727 3671 1783 ποιεῖσθαι
3704 1728 3809 1801 5d,-

2248 1831 2388 1883 σεις,
2418 1819 2749 1891 προσευχὰς,
2783 1819 3081 1889 ἐντεύξεις,
3125 1821 3487 1893 εὐχαριστίας
3516 1821 3659 1895 ὑπὲρ
3686 1823 3804 1877 πάνυ

2244 1919 2354 1958 των
2379 1903 2707 1978 ἀνθρώπων.
2739 1925 2757 1959 ι
3529 1946 3535 1951 -

2317 1997 2431 2069 Οὐχ
2450 1997 2538 2053 ἵνα
2566 1999 2836 2073 παιδεύσῃ
2858 1999 3085 2068 αὐτοὺς,
3115 2000 3304 2072 φησιν,
3334 2000 3455 2055 ἀλλ’
3487 2001 3578 2057 ἵνα
3598 2001 3812 2058 mndav-

2244 2087 2452 2146 θῶσιν.
2485 2091 2563 2146 Οὐ
2577 2091 2688 2164 γὰρ
2717 2094 2926 2158 ἐκεῖνος
2952 2091 3115 2148 τοῦτο
3137 2092 3459 2165 ἐργάζεται,
3496 2093 3614 2147 ἀλλ’
3640 2094 3703 2147 ἐκ
3724 2094 3807 2164 τῆς

2246 2183 2521 2250 κολάσεως
2552 2185 2712 2241 τοῦτο
2742 2186 3054 2259 συμϐαίνει.

2321 2299 2340 2332 ι
2382 2278 2559 2353 ’Υπὲρ
2603 2281 2895 2354 βασιλέων,
2951 2284 3047 2338 καὶ
3080 2280 3302 2338 πάντων
3332 2283 3445 2339 τῶν
3483 2283 3545 2338 ὲν
3580 2284 3804 2356 ὑπεροχῇ

2244 2376 2435 2444 ὄντων,
2495 2378 2582 2434 ἵνα
2633 2380 2842 2453 ἤρεμον
2891 2375 2988 2437 καὶ
3024 2380 3249 2453 ἡσύχιον
3305 2373 3425 2452 βίον
3462 2381 3735 2451 διᾷγωμεν
3756 2379 3804 2432 iv

2244 2476 2394 2547 πάσῃ
2429 2474 2684 2548 εὐσεϐείᾳ
2720 2476 2816 2531 καὶ
2837 2476 3150 2550 σεμνότητι.
3183 2474 3357 2531 Τοῦτο
3388 2475 3504 2554 γᾴρ
3533 2474 3694 2529 καλὸν
3724 2473 3803 2526 καί

2242 2570 2539 2624 ἀπόδεκτον
2596 2570 2828 2625 ἐνώπιον
2876 2568 2972 2625 τοῦ
3024 2571 3278 2641 Σωτῆρος
3335 2570 3503 2641 ἡμῶν
3550 2566 3702 2631 Θεοῦ,
3751 2565 3800 2630 ὃς

2243 2661 2457 2727 πάντας
2486 2662 2811 2735 ἀνθρώπους
2835 2663 2982 2718 θέλει
3034 2661 3308 2734 σωθῆναι,
3340 2662 3439 2717 καὶ
3472 2662 3557 2727 είς
3586 2661 3799 2729 ἐπίγνω-

2244 2771 2329 2810 σιν
2357 2754 2839 2826 ἁληθείαςὲλθεῖν.
2873 2752 2969 2821 Εἷς
3005 2746 3115 2831 ¹Ῡὰρ
3143 2756 3299 2823 Θεὸς,
3349 2751 3434 2821 εἷς
3458 2755 3558 2810 καὶ
3592 2738 3798 2825 μεσίτης

2241 2848 2379 2905 Θεοῦ
2406 2848 2503 2906 καὶ
2544 2848 2872 2923 ἀνθρώπων,
2904 2850 3193 2923 ἄνθρωπος
3237 2847 3457 2920 Ἰησοῦς
3506 2844 3796 2920 Χριστὸς,ὸ

2239 2944 2365 3010 δοὺς
2394 2944 2590 3000 ἑαυτὸν
2628 2963 2647 2999 ι

2326 3036 2547 3110 Ἐπειδὴ
2566 3035 2963 3109 τότεμάλιστα
2995 3034 3306 3101 ἐδιώκοντο,
3354 3034 3530 3105 φησὶν
3567 3032 3796 3105 εὔχεσθαι

2244 3131 2387 3205 ὑπὲρ
2415 3130 2618 3198 αὐτῶν,
2644 3128 2734 3184 ἴνα
2776 3128 3006 3204 διδάσκῃ
3038 3128 3114 3202 μὴ
3167 3131 3348 3200 μισεῖν
3380 3127 3604 3191 αὐτούς.
3644 3122 3795 3179 Τοῦτο

2238 3223 2437 3291 λέγων,
2474 3223 2504 3278 δ
2534 3221 2867 3295 προσέταξεν
2892 3223 2921 3276 ὁ
2946 3220 3153 3293 Κύριος
3171 3220 3367 3289 λέγων,
3396 3217 3795 3288 Προσεύχεσθε

2239 3314 2393 3384 ὑπὲρ
2426 3313 2546 3369 τῶν
2591 3314 2934 3371 διωκόντων
2987 3311 3165 3382 ὑμᾶς.
3218 3311 3311 3367 Διὸ
3360 3312 3459 3367 καὶ
3489 3311 3792 3383 ἐπήγαγεν⁸

2244 3407 2425 3462 Τοῦτο
2452 3408 2645 3462 καλὸν
2671 3405 2771 3462 καί
2803 3405 3162 3463 ἀπόδεκτον.

2315 3604 2335 3637 ι
2388 3583 2739 3659 Ἀντίλυτρον
2771 3584 2913 3657 ὑπὲρ
2952 3584 3172 3639 πάντων
3198 3598 3216 3614 ’
3242 3584 3306 3639 τὸ
3337 3584 3664 3657 μαρτύριον,
3698 3598 3716 3633 ι

2315 3676 2619 3751 Ἐμελλεν,
2660 3677 2818 3750 φησὶ,
2866 3676 3231 3749 τιμωρεῖσθαι
3284 3677 3489 3740 αὐτοὺς
3525 3674 3661 3747 ὑπὲρ
3701 3671 3792 3725 τῶν

2237 3769 2678 3845 ἁμαρτημάτων,
2702 3770 2815 3825 ἀλλ’
2844 3772 2962 3826 ἀντ’
2994 3770 3221 3825 ἐκείνων
3256 3772 3352 3823 τὸν
3383 3768 3579 3826 ἐαυτοῦ
3617 3769 3791 3822 ἔδωκεν

2239 3865 2387 3922 Υίόν.
3292 3922 3293 3925 η

2318 3979 2341 4015 ι
2368 3961 2598 4033 Καιροῐς
2637 3959 2805 4025 ἰδίοις,
2836 3961 2915 4025 εἰς
2951 3958 2980 4013 ὂ
3005 3957 3197 4032 ἐτέθην
3216 3956 3327 4027 ἐγὼ
3348 3956 3532 4032 κῆρυξ
3567 3954 3658 4010 καὶ
3678 3952 3791 4009 dari.

2241 4049 2449 4115 στολος,
2484 4048 2748 4121 ἀλήθειαν
2812 4048 2981 4119 λέγω,
3022 4049 3085 4105 οὐ
3137 4047 3435 4121 ψεύδομαι,
3497 4044 3790 4104 διδάσκαλος

2239 4141 2431 4209 ἐθνῶν,
2462 4142 2522 4196 ὲν
2550 4142 2732 4196 πίστει
2763 4142 2861 4197 καὶ
2887 4141 3136 4215 ἀληθείᾳ.
3150 4140 3435 4214 ’Βούλομαι
3456 4136 3557 4197 οὖν
3584 4135 3791 4221 προσεύ-

2241 4235 2432 4307 χεσθαι
2463 4236 2589 4298 τοὺς
2622 4235 2819 4304 ἄνδρας
2856 4254 2876 4289 ι

2315 4329 2597 4393 Τουτέστι,
2631 4328 3045 4401 προσηκόντως.

628 4439 648 4473 ι
682 4420 741 4476 ln
790 4422 939 4477 omni
967 4421 1109 4486 loco,
1165 4421 1415 4479 levantes
1475 4436 1643 4492 puras
1675 4438 1872 4480 manus
1906 4424 2027 4483 sine
2055 4427 2136 4482 ira

2319 4440 2338 4475 ι
2387 4422 2477 4476 Ἐν
2510 4422 2676 4477 παντὶ
2694 4420 2868 4493 τόπῳ,
2895 4420 3225 4492 ἐπαίροντας
3248 4419 3433 4485 ὁσίους
3470 4422 3666 4493 χεῖρας,
3699 4432 3791 4483 χω·

554 4522 609 4571 et
643 4514 1062 4585 disceptatione.
1093 4534 1112 4569 ι

626 4602 885 4661 Ostendit
916 4604 1197 4661 sacriﬁcio
1229 4604 1439 4663 Christi
1465 4606 1671 4663 factum
1714 4623 1839 4666 esse
1870 4617 1929 4666 ut
1957 4613 2143 4669 omnis

545 4696 708 4754 'orbis
734 4705 894 4753 terrae
912 4696 1071 4753 locus
1090 4694 1398 4753 Jerusalem
1429 4697 1709 4755 evaderet.
1744 4698 1918 4755 Pura;
1952 4720 2141 4758 manus

555 4792 714 4857 dicit,
745 4800 804 4847 ut
830 4790 981 4863 ipsos
1018 4791 1215 4848 doceat
1240 4792 1306 4845 ab
1338 4792 1490 4848 omni
1526 4804 1755 4863 peccato
1787 4810 1959 4866 puros
1991 4812 2136 4862 esse,

556 4886 709 4939 velut
763 4894 891 4941 ante
935 4884 1172 4939 dixerat.
1203 4882 1344 4938 ιιιυά
1380 4899 1533 4951 vero,
1571 4886 1685 4940 sine
1718 4887 1825 4954 ira,
1869 4886 2013 4944 idem
2052 4897 2140 4946 est

559 4983 725 5049 atque
788 4976 1118 5047 iniuriarum
1181 4977 1553 5034 immemores.
1616 4975 1764 5034 Istud
1825 4980 2036 5045 etiam,
2087 4990 2137 5037 et

558 5068 1043 5139 disceptationibus,
1109 5083 1327 5124 omnem
1391 5068 1787 5125 haesitationem
1842 5070 2055 5139 adimit,
2087 5080 2143 5127 et

559 5160 827 5232 ejusmodi
872 5160 1246 5225 dubietatem;
1305 5176 1434 5215 num
1499 5160 1643 5217 forte
1691 5177 1883 5219 eorum
1935 5177 2060 5234 quae
2105 5179 2134 5218 a

560 5252 673 5307 Deo
702 5252 1005 5324 postulant,
1032 5262 1318 5323 compotes
1357 5262 1545 5308 essent
1579 5251 1781 5309 futuri.
2112 5270 2117 5275 '

632 5342 801 5401 Vens.
860 5344 916 5409 9,
949 5343 1038 5401 10.
1080 5359 1100 5395 ι
1140 5342 1409 5401 Similiter
1463 5352 1520 5400 et
1563 5346 1823 5402 mulieres
1851 5346 1906 5401 in
1942 5345 2134 5401 habitu

558 5443 759 5493 ornato
790 5447 917 5489 cum
962 5433 1293 5491 verecundia
1334 5442 1389 5491 et
1421 5435 1721 5493 sobrietate
1749 5446 2016 5493 ornautes
2044 5452 2127 5505 se,

559 5537 616 5585 et
638 5542 747 5583 non
774 5528 828 5582 in
862 5526 1023 5582 tortis
1060 5524 1331 5595 crinibus,
1360 5535 1456 5584 aut
1486 5544 1642 5598 auro,
1675 5538 1768 5585 aut
1798 5531 2136 5599 margaritis.

648 5705 692 5736 "
709 5707 897 5765 Matth.
936 5722 1071 5775 χχιι,
1106 5706 1196 5764 ﬂ.

2247 4514 2331 4588 pi;
2362 4514 2533 4588 ὀργῆς
2563 4516 2661 4570 καὶ
2694 4513 3072 4586 διαλογισμοῦ.
3110 4533 3130 4566 ι

2314 4612 2619 4674 Δείκνυσιν,
2651 4609 2726 4674 ὡς
2764 4608 2853 4664 διὰ
2883 4608 2989 4679 τῆς
3029 4608 3222 4673 θυσίας
3271 4606 3365 4663 τοῦ
3401 4604 3636 4679 Χριστοῦ
3662 4604 3782 4661 ἄπας

2241 4703 2343 4774 τῆς
2359 4705 2509 4759 οίκου
2518 4703 2686 4775 μένης
2704 4700 2869 4768 τόπος
2884 4702 3112 4773 γέγονεν
3142 4700 3526 4773 Ἰερουσαλήμ.
3564 4695 3784 4755 Ὀσίοινς

2239 4796 2297 4851 δὲ
2329 4796 2526 4865 χεῖρας
2555 4794 2731 4863 λέγει,
2754 4794 3021 4849 διδάσκων
3043 4794 3244 4858 αὐτοὺς
3273 4794 3476 4863 πάσης,
3505 4792 3579 4855 ὼς
3607 4786 3779 4846 είπετνς

2245 4888 2572 4959 καθαρεύειν
2603 4885 2901 4957 ἁμαρτίας.
2942 4885 3023 4938 Τὸ
3070 4885 3149 4950 δὲ,
3184 4884 3367 4954 χωρὶς
3400 4881 3600 4953 ὀργῆς,
3646 4890 3781 4931 τουτο

2242 4982 2393 5035 ἐστιν
2422 4979 2837 5052 ἀμνησικάκους
2865 4978 3042 5041 δντας.
3084 4978 3158 5032 Τὸ
3185 4977 3263 5044 δὲ,
3295 4970 3701 5045 διαλογισμῶν,
3730 4964 3781 5020 τδ

2245 5073 2545 5146 ἀμφίϐολον
2578 5072 2930 5144 ἀναιροῦντός
2968 5074 3111 5139 ἐστι,
3144 5072 3243 5125 καὶ
3263 5070 3324 5127 τδ
3362 5068 3708 5134 διστάζοντοςν
3737 5057 3778 5111 εί

2245 5165 2352 5240 ἄρα
2384 5164 2601 5220 λάῦοιεν
2623 5165 2658 5219 ἃ
2692 5162 2905 5219 αἰτοῦσι
2927 5162 3081 5236 παρὰ
3101 5162 3261 5223 Θεοῦ.

2326 5367 2344 5400 ι
2406 5348 2686 5413 Ὡσαύτως
2710 5348 2807 5403 καὶ
2830 5347 2931 5411 τὰς
2961 5349 3226 5417 γυναῖκας
3272 5349 3332 5400 ὲν
3368 5340 3654 5410 καταστολῇ
3696 5348 3773 5389 κο-

2250 5439 2417 5511 σμίῳ,
2457 5439 2592 5511 μετὰ
2620 5438 2805 5503 αιδοῦς
2830 5438 2923 5491 καὶ
2957 5437 3314 5510 σωφροσύνης
3336 5437 3553 5509 κοσμεῖν
3583 5424 3769 5485 ἑαυτὰς.

2249 5534 2328 5625 μὴ
2357 5534 2415 5585 ὲν
2452 5531 2779 5604 πλέγμασιν,
2812 5532 2847 5590 ἦ
2900 5534 2960 5586 ὲν
2998 5535 3202 5606 χρυσῷ,
3240 5534 3285 5602 -ἢ
3341 5525 3701 5607 μαρτασίταις,
3743 5513 3771 5583 ἦ
