3880 6254
393 206 528 279 1°31
1579 178 1652 239 S.
1699 181 2050 243 JOANNIS
2076 180 2520 244 DAMASCENI
3557 172 3681 242 1032

390 321 564 396 “nm
615 316 775 375 vobis
833 318 890 367 ει
942 323 1043 381 pax
1080 321 1111 361 a
1164 302 1275 358 Deo
1313 296 1471 353 Patre
1502 301 1555 347 et
1585 293 1847 351 Domino
1878 296 2012 353 Jcsu

2121 296 2253 366 ὑμῖν
2286 296 2384 350 καὶ
2406 294 2605 367 εἰρήνη
2634 292 2741 348 ἀπὸ
2766 291 2900 348 θεοῦ
2931 290 3149 363 Πατρὸς
3190 289 3287 343 καὶ
3311 285 3517 359 Κυρίου
3542 290 3683 360 ἡμῶν

393 386 641 472 διιιίειο.
697 427 717 461 ι

2132 389 2308 459 Ἰησοῦ
2336 386 2602 460 Χριστοῦ.
2629 406 2647 439 ι

468 504 586 560 Non
614 500 769 557 initio
785 494 970 552 statim
987 488 1214 562 gratiam
1228 479 1492 556 postulat,
1515 477 1613 534 sed
1633 480 1833 538 virum
1854 480 2015 553 prius

401 590 760 646 admiratione
791 577 1144 655 prosequitur
1177 584 1232 627 et
1258 568 1445 624 laudat
1467 565 1539 620 ob
1568 569 1847 639 egregias
1906 583 2015 624 ac-

405 684 609 739 tiones,
655 676 981 731 cbaritatem
1026 668 1173 722 illius
1209 659 1535 734 praedicans.
1572 667 1627 713 et
1654 659 1828 716 fidem
1880 675 2013 732 erga

408 772 722 833 Dominum,
798 777 907 837 qua
966 758 1181 814 cunctis
1251 751 1460 810 sanctis
1518 753 2010 821 communicaret,

480 954 650 1010 Vens.
673 948 833 1006 μεθ.
880 962 903 998 ι
934 941 1128 1001 Gratia
1158 951 1261 1010 ago
1312 934 1423 991 Deo
1474 948 1604 990 meo
1635 950 1867 1007 semper
1899 951 2017 994 me-

410 1045 648 1102 moriam
687 1040 771 1096 tui
831 1035 1042 1093 faciens
1100 1032 1155 1086 in
1190 1025 1540 1085 orationibus
1569 1027 1743 1091 meis,
1775 1028 2013 1083 audiens

410 1135 737 1193 cbaritatem
776 1137 928 1188 tuam
962 1135 1019 1183 et
1045 1123 1233 1187 fidem,
1262 1133 1429 1193 quam
1457 1117 1639 1177 babes
1680 1120 1739 1176 in
1772 1118 2013 1176 Domino

411 1228 571 1296 Iesu,
594 1224 732 1282 etin
768 1234 966 1279 omnes
995 1224 1258 1281 sanctos;
1294 1218 1356 1267 ul
1391 1211 1838 1266 communicatio
1882 1210 2012 1268 fidei

414 1328 525 1375 ture
558 1316 785 1374 evidens
823 1310 920 1368 fiat
983 1307 1041 1364 in
1074 1304 1357 1377 agnitione
1408 1301 1599 1359 omnis
1638 1305 1828 1367 operis
1857 1301 2012 1369 boni,

414 1408 567 1483 quod
601 1416 689 1465 est
718 1406 777 1477 in
822 1401 983 1460 vobis
1018 1400 1076 1455 in
1107 1395 1331 1454 Christo
1360 1391 1516 1451 Jesu.
1550 1392 1829 1450 Gaudium
1861 1395 2009 1450 enim

418 1514 682 1571 magnum
709 1496 875 1553 habui
908 1503 963 1549 et
1000 1487 1435 1546 consolationem
1470 1484 1527 1539 in
1559 1487 1839 1542 cbaritate
1868 1495 1960 1542 tua
1988 1502 2007 1543 :

417 1593 551 1666 quia
588 1590 803 1647 viscera
848 1592 1167 1642 sanctorum
1202 1578 1609 1650 requieverunt
1662 1595 1760 1651 per
1791 1588 1867 1646 te,
1904 1578 2011 1634 frao

2189 481 2304 534 Οὐκ
2332 480 2539 543 εὐθέως
2565 480 2629 533 ἐκ
2684 477 2985 550 προοιμίων
3026 476 3177 531 αἰτεῖ
3226 474 3328 547 τὴν
3354 473 3536 547 χάριν,
3562 473 3687 530 ἀλλὰ

2116 572 2386 644 πρότερον
2414 574 2510 627 τὸν
2536 572 2705 645 ἄνδρα
2740 569 3012 643 θαυμάζει
3064 570 3163 624 καὶ
3214 569 3436 623 ἐπαινεῖ
3468 566 3560 622 ἐπὶ
3588 570 3689 633 τοῖς

2112 663 2511 735 κατορθώμασι
2576 665 2672 736 την
2720 664 2944 735 ἀγάπην
3007 660 3201 729 αὐτοῦ,
3253 660 3356 715 καὶ
3398 661 3496 732 τὴν
3521 660 3691 715 πίστιν

2112 757 2216 828 τὴν
2240 756 2378 831 πρὸς
2402 755 2496 811 τὸν
2522 755 2731 827 Κύριον
2766 755 3028 821 ἐπαινῶν,
3069 754 3132 820 ἐξ
3174 749 3245 828 ἦς
3297 754 3401 809 καὶ
3434 755 3569 809 πᾶσι
3589 757 3693 817 τοῖς

2112 850 2290 919 ἁγίοις
2322 849 2642 914 κοινωνικὸς
2674 846 2765 921 ἦν.

2189 962 2208 996 ι
2256 942 2583 1015 Εὐχαριστῶ
2608 942 2687 1013 τῷ
2713 940 2831 1013 Θεῷ
2854 940 3109 1007 πάντοτε,
3144 940 3343 1013 μνείαν
3393 956 3489 994 σου
3522 935 3693 994 ποιού-

2114 1052 2276 1108 μενος
2333 1036 2429 1090 ἐπὶ
2478 1036 2589 1089 τῶν
2642 1035 2963 1106 προσευχῶν
3020 1050 3147 1105 μου,
3184 1032 3406 1088 ἀκούων
3454 1049 3552 1086 σου
3596 1031 3688 1106 τὴν

2110 1128 2355 1201 ἀγάπην,
2383 1126 2482 1183 καὶ
2528 1125 2629 1200 τὴν
2657 1126 2861 1194 πίστιν,
2897 1117 2966 1196 ἣν
2997 1125 3143 1195 ἔχεις
3178 1124 3319 1197 πρὸς
3358 1121 3455 1179 τὸν
3500 1121 3693 1196 Κύριον

2121 1221 2358 1287 Ἰησοῦν,
2388 1220 2483 1276 καὶ
2517 1220 2599 1283 είς
2620 1219 2829 1284 πάντας
2860 1219 2988 1281 τοὺς
3019 1217 3231 1287 ἁγίους,
3265 1217 3420 1282 ὅπως
3448 1218 3485 1290 η
3522 1216 3697 1271 διακο-

2108 1312 2198 1367 νία
2226 1312 2327 1384 τῆς
2387 1312 2628 1378 πίστεώς
2662 1328 2757 1364 σου
2780 1310 3011 1382 ἐνεργὴς
3037 1309 3268 1382 γένηται
3318 1310 3381 1364 ὲν
3409 1308 3697 1379 ιπιγνώσει

2110 1405 2313 1470 παντὸς
2358 1405 2569 1475 ἀγαθοῦ
2621 1403 2716 1459 τοῦ
2782 1405 2842 1458 ὲν
2898 1405 3035 1476 ἡμῖν
3062 1404 3144 1468 είς
3170 1401 3414 1473 Χριστὸν
3471 1399 3693 1473 Ἰησοῦν.

2109 1496 2288 1570 Χάριν
2344 1497 2454 1568 γάρ
2503 1495 2701 1567 ἔχομεν
2735 1494 2943 1567 πολλὴν
2970 1494 3067 1548 καὶ
3116 1492 3471 1565 παράκλησιν
3516 1493 3609 1547 ἐπὶ
3634 1492 3697 1563 τῇ

2109 1594 2302 1669 ἀγάπῃ
2322 1610 2439 1657 σου,
2463 1592 2546 1646 ὅτι
2581 1591 2651 1647 τά
2670 1590 2965 1663 σπλάγχνα
2986 1589 3096 1644 τῶν
3115 1587 3290 1659 ἁγίων
3317 1587 3699 1643 ἀναπέπαυται

418 1664 527 1742 ter.
608 1682 838 1753 Propter
895 1676 1047 1751 quod
1116 1674 1346 1729 multam
1403 1671 1661 1729 fiduciam
1708 1673 1921 1729 habens
1952 1673 2008 1728 in

2121 1686 2199 1741 se
2222 1664 2339 1752 σοῦ,
2372 1683 2593 1754 ἀδελφέ.
2632 1683 2723 1738 Διὸ
2775 1682 2982 1754 πολλὴν
3025 1683 3085 1736 ὲν
3123 1680 3351 1754 Χριστῷ
3376 1680 3694 1754 παρρησίαν

417 1778 645 1834 Christo
669 1773 799 1831 Jesu
832 1767 1140 1841 imperandi
1168 1764 1269 1821 tibi
1302 1764 1448 1837 quod
1475 1766 1545 1821 ad
1578 1782 1696 1823 rem
1726 1767 1964 1839 pertinet
1991 1785 2006 1822 :

422 1876 652 1942 propter
695 1864 1029 1923 cbaritatem
1075 1858 1254 1931 magis
1288 1860 1548 1924 obsecro,
1584 1874 1715 1916 cum
1740 1860 1821 1917 sis
1851 1858 2005 1927 talis,

422 1972 487 2019 ut
514 1959 720 2015 Paulus
744 1970 938 2022 senex,
960 1968 1109 2010 nunc
1137 1960 1322 2007 autem
1342 1959 1399 2007 et
1428 1950 1655 2009 vinctus
1680 1950 1811 2008 Jesu
1848 1949 2013 2008 Chri-

422 2054 522 2111 sti.
559 2052 809 2109 Obsecro
838 2056 895 2104 te
928 2061 1028 2118 pro
1057 2058 1179 2103 meo
1219 2043 1355 2111 lilio,
1389 2057 1557 2115 quem
1605 2041 1772 2115 genui
1797 2042 1854 2098 in
1882 2040 2009 2099 vin-

424 2144 595 2212 culis,
638 2141 922 2207 Onesimo,
958 2135 1054 2211 qui
1114 2136 1215 2192 tibi
1275 2136 1578 2208 aliquando
1627 2133 1841 2191 inutilis
1879 2133 2007 2205 fuit,

422 2253 578 2298 nunc
633 2243 814 2292 autem
845 2241 900 2291 et
936 2232 1071 2289 mihi
1104 2239 1161 2288 et
1212 2229 1311 2286 tibi
1366 2228 1545 2295 utilis,
1596 2244 1760 2303 quem
1815 2228 2007 2287 remisi

423 2330 553 2387 tibi.
583 2323 668 2385 Tu
699 2332 884 2383 autem
909 2322 1089 2389 illum,
1120 2320 1179 2377 id
1206 2328 1287 2379 est
1317 2318 1532 2375 viscera
1564 2334 1708 2385 mea,
1742 2319 1964 2391 suscipe
1986 2334 2007 2375 :

424 2435 594 2495 quem
628 2434 732 2491 ego
776 2417 1063 2473 volueram
1121 2425 1337 2469 mecum
1382 2411 1654 2478 detinere,
1712 2418 1774 2467 ut
1808 2425 1910 2485 pro
1955 2416 2010 2466 te

428 2512 569 2571 mihi
599 2509 947 2569 ministraret
977 2505 1035 2562 in
1064 2503 1310 2561 vinculis
1359 2502 1667 2577 Evangelii.
1710 2501 1842 2560 Sine
1870 2516 2006 2559 eon-

426 2602 557 2663 silio
585 2609 772 2658 autem
815 2606 918 2656 tuo
947 2595 1088 2654 nihil
1117 2592 1267 2650 volui
1311 2592 1523 2663 facere,
1553 2593 1636 2650 uti
1665 2608 1735 2651 ne
1762 2593 1912 2651 velut
1938 2607 2008 2650 ex

425 2693 767 2753 necessitate
809 2691 1019 2748 bonum
1076 2696 1234 2743 tuum
1282 2698 1450 2753 esset,
1479 2684 1578 2742 sed
1608 2684 2005 2746 voluntarium.

426 2787 691 2847 Forsitan
744 2784 895 2843 enim
955 2781 1077 2839 ideo
1124 2778 1391 2837 discessit
1437 2778 1507 2834 ad
1542 2779 1736 2835 horam
1767 2791 1800 2834 a
1840 2786 1917 2847 te,
1950 2791 2010 2836 ut

425 2888 698 2937 veternum
728 2877 883 2934 illum
916 2873 1192 2945 reciperes
1219 2890 1234 2927 :
1263 2872 1377 2943 jam
1408 2885 1518 2927 non
1543 2880 1603 2927 ut
1634 2885 1885 2938 servum,
1914 2868 2011 2930 sed

2109 1776 2249 1850 ἔχων
2277 1776 2595 1832 ἔπιτάσσειν
2624 1791 2711 1830 σοι
2738 1773 2801 1831 τὸ
2826 1775 3032 1845 ἀνῆκον
3053 1772 3272 1845 διάλτὴν
3295 1773 3550 1845 ἀγάπην,
3568 1773 3697 1844 p.51.

2107 1870 2202 1926 λον
2234 1868 2559 1944 παρακαλῶ,
2582 1868 2827 1933 τοιοῦτος
2869 1866 2948 1922 ὢν
2977 1866 3055 1932 ώς
3103 1865 3319 1932 Παῦλος
3359 1867 3696 1941 πρεσϐύτης,

2108 1962 2313 2019 νυνὶδὲ
2345 1962 2442 2018 καὶ
2462 1961 2690 2034 δέσμιος
2729 1959 2912 2032 Ἰησοῦ
2969 1958 3232 2031 Χριστοῦ.
3278 1960 3603 2033 Παρακαλῶ
3644 1976 3700 2015 σε

2109 2054 2243 2127 περὶ
2287 2051 2384 2108 τοῦ
2415 2051 2553 2125 ιμοῦ
2600 2052 2817 2117 τέκνου,
2846 2051 2908 2107 ὃν
2938 2051 3208 2123 ἐγέννησα
3236 2052 3298 2106 ἐν
3327 2052 3447 2118 τοῖς
3484 2051 3702 2125 δεσμοῖς

2110 2162 2241 2219 μου,
2288 2144 2580 2217 Ὀνήσιμον
2605 2142 2699 2200 τόν
2724 2142 2859 2198 ποτέ
2893 2158 2976 2198 σοι
3028 2141 3340 2216 ἄχρηστον,
3372 2143 3517 2209 νυνὶ,
3540 2144 3598 2199 δὲ
3626 2144 3705 2199 σοὶ

2108 2237 2206 2294 καὶ
2235 2237 2360 2311 ἐμοὶ
2382 2235 2710 2311 εὔχρηστον,
2724 2235 2786 2291 δν
2805 2234 3123 2309 ἀνέπεμψα.
3152 2235 3230 2293 Σὺ
3257 2235 3318 2290 δὲ
3337 2236 3533 2301 αὐτὸν,
3554 2254 3703 2293 τουτ-

2110 2331 2228 2387 ἕστι
2257 2331 2332 2388 τά
2370 2330 2481 2403 ὶμὰ
2510 2329 2820 2400 σπλάγχνα,
2875 2327 3209 2402 προσλαϐοῦ,
3238 2328 3300 2383 δν
3339 2328 3456 2400 ἰτὼ
3490 2329 3702 2385 ἔθουλό-

2112 2440 2222 2498 μην
2250 2424 2391 2495 πρὸς
2443 2423 2685 2494 ἐμαυτὸν
2737 2421 3010 2492 κατέχειν,
3043 2420 3136 2475 ἵνα
3176 2419 3324 2493 ὑπὲρ
3355 2419 3455 2479 σοῦ
3485 2422 3704 2495 διακονῇ

2112 2534 2204 2591 μοι
2228 2517 2292 2572 ὲν
2328 2516 2446 2580 τοῖς
2501 2513 2727 2585 δεσμοῖς
2756 2512 2855 2569 τοῦ
2882 2512 3243 2582 Εὐαγγελίου.
3282 2514 3475 2586 Χωρὶς
3515 2515 3575 2570 δὲ
3610 2517 3704 2588 τῆς

2109 2610 2343 2684 γνώμης
2390 2609 2547 2664 οὐδὲν
2604 2607 2851 2680 ἠθέλησα
2910 2609 3160 2681 ποιῆσαι,
3221 2609 3312 2665 ἵνα
3361 2610 3441 2683 μὴ
3487 2610 3701 2675 ώςκατ*

2110 2702 2361 2776 ἀνάγκην
2386 2701 2448 2758 τὸ
2468 2700 2673 2771 ἀγαθόν
2699 2718 2795 2755 σου
2823 2696 2883 2775 ᾖ,
2915 2700 3054 2755 ἀλλὰ
3079 2701 3226 2757 κατά
3252 2700 3534 2759 ἑκούσιον.
3559 2702 3707 2769 Τάχα

2111 2795 2223 2869 γὰρ
2244 2794 2334 2849 διὰ
2360 2792 2521 2848 τοῦτο
2553 2786 2837 2871 ἐχωρίσθη
2857 2786 2994 2864 πρὸς
3020 2784 3201 2865 ὥραν,
3225 2792 3315 2849 ἵνα
3360 2793 3590 2850 αἰώνιον
3610 2794 3703 2850 αὐ-

2079 2889 2205 2947 ’τδν
2257 2888 2491 2960 ἀπέχῃς,
2548 2886 2736 2940 οὐκέτι
2790 2884 2864 2949 ώς
2903 2883 3109 2951 δοῦλον,
3159 2884 3281 2941 ἀλλ’
3310 2886 3453 2960 ὐπὶρ
3495 2884 3701 2954 δοῦλον,

428 2986 599 3045 supra
622 2982 844 3028 servum
870 2964 1265 3026 charissimum
1287 2962 1544 3029 fratrem,
1571 2963 1811 3021 maxime
1837 2964 2007 3021 mihi:

438 3079 453 3081 -
489 3070 633 3081 A__._
674 3068 851 3081 ann-..
906 3054 1081 3081 ...-..2-
1124 3053 1225 3081 ιιιιὲ
1288 3062 1337 3081 ..ι
1391 3054 1447 3081 1..
1489 3070 1655 3081 ...ε-...ι
1727 3064 1774 3081 ..ι
1806 3056 1858 3081 ε..
1904 3057 2011 3081 ls-’

2121 2980 2343 3051 ἂδελφὸν
2401 2978 2725 3063 ἀγαπητὸν,
2750 2976 3005 3051 μάλιστα
3028 2976 3181 3049 ὲμοὶ.
3211 2976 3367 3049 dum
3412 2977 3477 3035 δὶ
3505 2980 3703 3052 μᾶλλον

428 3070 639 3134 quanto
668 3068 854 3115 autem
905 3054 1084 3127 magis
1124 3053 1251 3122 tibi,
1285 3062 1343 3111 et
1391 3054 1449 3110 in
1488 3070 1678 3123 carne,
1723 3064 1779 3113 et
1806 3056 1861 3112 in
1904 3057 2012 3113 Do;

429 3156 619 3213 mino!
648 3153 709 3211 Si
747 3166 882 3224 ergo
926 3149 1102 3206 habes
1151 3163 1241 3205 me
1294 3148 1531 3215 socium,
1584 3149 1811 3219 suscipe
1859 3148 2013 3204 illum

432 3249 581 3305 sicut
613 3261 722 3304 me.
752 3244 811 3301 Si
844 3250 1032 3299 autem
1064 3238 1278 3311 aliquid
1306 3238 1501 3295 nocuit
1534 3237 1656 3301 tibi,
1694 3246 1793 3293 aut
1830 3238 2013 3305 debet,

435 3338 544 3395 hoc
572 3335 725 3395 mihi.
753 3335 989 3408 imputa.
1032 3332 1148 3404 Ego
1179 3329 1385 3388 Paulus
1411 3329 1614 3401 scripsi
1644 3343 1768 3386 mea
1802 3344 1967 3386 manu
1993 3348 2013 3389 :

433 3446 535 3503 ego
560 3429 827 3498 reddam;
871 3440 932 3485 ut
975 3440 1087 3483 non
1120 3424 1303 3481 dicam
1353 3424 1477 3491 tibi,
1506 3424 1657 3498 quod
1689 3432 1748 3481 et
1776 3424 2013 3498 teipsum

434 3521 574 3579 mihi
604 3520 794 3578 debes.
828 3517 929 3584 Ita,
971 3517 1167 3583 frater,
1200 3531 1307 3588 ego
1335 3523 1390 3572 te
1418 3516 1576 3573 fruar
1615 3518 1670 3573 in
1705 3517 1957 3575 Domino.
1990 3534 2010 3572 ι

505 3615 615 3673 Pro
639 3628 807 3672 servo
831 3609 1053 3687 quidem
1082 3610 1348 3667 scribitur
1377 3610 1643 3682 Epistola,
1684 3610 1848 3682 idque
1888 3625 2013 3667 cum

434 3707 531 3763 ille
557 3703 891 3776 aufugisset,
921 3703 1037 3758 imo
1084 3711 1136 3758 et
1163 3700 1384 3757 furatus
1422 3710 1607 3771 esset;
1654 3701 1751 3758 sed
1778 3715 1846 3757 ex
1875 3701 2019 3772 Apo-

430 3800 566 3885 stoli
623 3796 885 3855 doctrina
938 3794 1179 3853 fructum
1228 3793 1538 3852 retulisset.
1581 3795 1751 3866 Atqui
1798 3810 1867 3852 ex
1912 3794 2017 3851 hac

435 3893 600 3950 utilia
625 3889 801 3947 multa
829 3887 1131 3964 percipias.
1166 3884 1346 3943 Unum
1387 3886 1635 3959 quidem,
1669 3897 1726 3944 et
1754 3889 2017 3959 primum,

434 3991 696 4060 oportere
737 3992 800 4042 ut
838 3996 902 4039 se
943 3972 1130 4052 aliqui
1158 3978 1425 4035 sollicitos
1464 3994 1594 4051 erga
1634 3993 1830 4035 omnes
1873 3993 2020 4050 pra-

432 4080 627 4136 besnt.
655 4072 797 4133 Nam
829 4075 880 4133 si
918 4072 1128 4131 Paulus
1174 4086 1274 4145 pro
1307 4086 1468 4129 servo
1519 4071 1754 4144 fugitivo
1780 4080 1836 4129 et
1867 4070 2016 4150 fure,

431 4184 567 4227 cum
590 4168 642 4226 is
672 4166 1027 4241 resipuisset,
1055 4171 1277 4220 tantum
1322 4162 1721 4222 sollicitudinis
1749 4164 2017 4230 ostendit,

436 4268 652 4339 quanto
686 4259 867 4333 magis
921 4256 1201 4315 incumbit
1245 4255 1407 4313 nobis
1455 4254 1673 4313 desides
1727 4271 1839 4311 non
1872 4271 2019 4321 esse,

2116 3075 2222 3142 σοὶ,
2254 3072 2351 3127 καὶ
2383 3071 2443 3126 ἐν
2490 3060 2703 3143 σαρκὶ,
2732 3069 2829 3124 καὶ
2881 3070 2942 3123 ιν
2989 3068 3205 3142 Κυρίῳ.
3232 3068 3297 3125 Εἰ
3325 3064 3423 3124 οῦν
3451 3088 3523 3141 με
3564 3071 3703 3143 ἔχεις

2114 3162 2396 3227 κοινωνὸν,
2431 3159 2749 3233 προσλαϐοῦ
2775 3159 2939 3214 αὐτὸν
2966 3155 3042 3223 ὡς
3072 3158 3201 3232 Ξμέ.
3232 3160 3297 3215 ει
3318 3159 3379 3217 δέ
3418 3178 3474 3216 τι
3510 3162 3702 3235 ηδίκη-

2116 3257 2179 3312 σέ
2220 3272 2302 3325 σε,
2339 3255 2374 3328 ἢ
2405 3253 2635 3321 ὀφείλει,
2674 3250 2837 3309 τοῦτο
2858 3251 2984 3324 ἱμοὶ
3038 3250 3275 3321 ιλλ6γει.
3322 3251 3470 3325 Ἐγὼ
3496 3252 3704 3321 Παῦλος

2113 3345 2333 3418 ἔγραψα
2362 3346 2433 3417 τῇ
2470 3344 2582 3415 ἐμῇ
2638 3343 2809 3415 χειρὶ,
2843 3340 2956 3411 ἐγὼ
2987 3341 3272 3398 ἀποτίσω·
3304 3343 3396 3398 ἶνα
3439 3343 3522 3417 μὴ
3567 3344 3705 3416 λέγω

2116 3456 2221 3505 σοι,
2255 3440 2341 3493 ὅτι
2371 3439 2467 3494 καὶ
2509 3437 2703 3494 ἑαυτόν
2739 3453 2832 3509 μοι
2883 3434 3292 3508 προσοφείλεις.
3314 3435 3449 3503 Ναὶ.
3474 3436 3691 3509 ἀδελφδ,

2115 3530 2229 3603 ἐγώ
2261 3548 2349 3585 σοι
2374 3530 2610 3602 ὀναίμην
2644 3530 2703 3585 ὲν
2728 3527 2941 3602 Κυρίῳ.
2973 3546 2996 3583 s
3281 3521 3287 3526 ’

2196 3625 2372 3697 ’Υπὲρ
2386 3622 2574 3679 δούλου
2602 3622 2703 3696 μὶν
2724 3621 2997 3695 γράφεται
3022 3622 3056 3693 η
3085 3620 3401 3694 Ἐπιστολὴ,
3428 3619 3704 3678 καὶταῦτα

2115 3716 2551 3789 ἁποδράσαντος,
2575 3715 2671 3770 καὶ
2722 3712 2807 3770 ἔτι
2837 3715 2934 3769 καὶ
2968 3711 3298 3784 κλέψαντος,
3325 3713 3701 3786 ὠφεληθέντας

2114 3810 2176 3866 δὲ
2206 3810 2297 3865 διά
2318 3810 2418 3882 τῆς
2450 3806 2804 3874 διδασκαλίας
2853 3806 2951 3861 τοῦ
3013 3805 3369 3863 ’Δποστόλοω
3415 3807 3599 3863 Πολλά
3648 3801 3724 3862 δι’

2118 3903 2217 3960 καὶ
2244 3885 2311 3957 ἐκ
2332 3901 2536 3973 ταύτης
2556 3898 2629 3955 τὰ
2657 3900 2930 3973 χρήσιμα.
2974 3898 3073 3953 Ἐν
3095 3896 3197 3970 μὲν
3232 3899 3331 3954 καὶ
3378 3897 3617 3973 πρῶτον,
3643 3897 3701 3956 τὸ

2119 3993 2409 4053 σπουδαῖον
2432 3990 2572 4048 εἷναί
2600 4009 2757 4057 τινας
2791 3990 2932 4065 πρὸς
2983 3990 3214 4056 πάντας.
3258 3990 3323 4045 Εί
3351 3991 3463 4064 γάρ
3491 3992 3699 4056 Παῦλος

2119 4087 2260 4161 ὑπὲρ
2286 4086 2558 4161 δραπέτου
2581 4086 2678 4141 καὶ
2710 4082 2948 4140 κλέπτου
3002 4082 3401 4155 μετανοοῦντος
3435 4085 3699 4157 τοσαύτην

2118 4181 2356 4235 ποιεῖται
2386 4175 2645 4249 σπουδὴν,
2670 4172 2853 4248 πολλῷ
2885 4174 3089 4247 μᾶλλον
3114 4173 3238 4229 οὔτε
3255 4176 3408 4247 ἡμᾶς
3438 4176 3699 4251 προσήκει

2121 4268 2405 4343 ῥᾳθύμους
2427 4265 2567 4323 εἶναι
2608 4266 2736 4338 περί
2772 4282 2926 4331 τινας
2955 4264 3067 4321 τῶν
3114 4265 3385 4335 ἀδελφῶν.
3424 4267 3695 4341 Δεύτερον,

439 4360 538 4418 ubi
565 4360 635 4417 de
661 4357 935 4415 fratribus
980 4352 1315 4428 quibusdam
1370 4354 1578 4425 agitur.
1627 4354 1878 4410 Alterum
1912 4360 2012 4422 est,

2124 4362 2206 4416 ὅτι
2242 4361 2303 4414 τὸ
2327 4357 2574 4415 δουλικὸν
2601 4359 2760 4428 γένος
2797 4358 2861 4412 οῦ
2912 4356 2994 4412 δεῖ
3016 4356 3453 4428 ἀπογινώσκειν,
3485 4359 3589 4415 κᾶν
3618 4357 3695 4425 είς

441 4455 513 4513 de
554 4452 743 4511 servili
792 4449 1113 4507 conditione
1160 4446 1390 4503 minime
1425 4446 1833 4517 desperandum
1867 4461 2013 4511 esse,

442 4546 662 4604 ta‘metsi
685 4544 753 4602 ad
786 4551 1090 4601 extremam
1120 4554 1297 4611 usque
1328 4538 1629 4612 nequitiam
1658 4540 2015 4611 processerit.

444 4639 547 4697 llic
578 4638 727 4696 enim
764 4636 1031 4709 fugitivus
1067 4644 1123 4689 ct
1156 4634 1245 4688 fur
1268 4646 1396 4689 cum
1442 4631 1666 4697 fuisset,
1701 4631 1768 4687 ad
1805 4639 2019 4688 tantum

442 4734 599 4792 istud
645 4730 869 4788 virtutis
928 4726 1209 4799 fastigium
1273 4724 1545 4797 pervenit.
1604 4722 1879 4792 Tertium,
1938 4722 2025 4779 fas

446 4827 675 4885 minime
707 4840 829 4881 esse
862 4838 1051 4879 servos
1082 4838 1112 4875 a
1144 4819 1386 4875 dominis
1420 4818 1742 4873 abstrahere
1772 4836 1784 4871 :
1824 4832 1949 4872 nam
1978 4818 2023 4873 si

448 4922 680 4988 Pauius,
740 4920 835 4991 qui
881 4926 1033 4972 tanta
1076 4915 1220 4987 apud
1270 4912 1647 4967 Philemonem
1696 4911 2026 4968 auctoritate

448 5017 706 5090 pollebat,
774 5014 1097 5071 Onesimum
1159 5018 1370 5073 tamen,
1436 5008 1597 5080 cujus
1654 5008 2025 5064 ministerium

449 5110 559 5168 sibi
591 5108 889 5165 admodum
942 5103 1075 5159 utile
1104 5108 1272 5167 esset,
1324 5099 1571 5156 detinuere
1616 5100 1794 5155 noluit
1826 5108 2029 5172 praeter

449 5203 572 5259 beri
607 5199 937 5257 sententiam
967 5212 1030 5252 ac
1058 5195 1426 5257 voluntatem,
1462 5207 1492 5247 a
1523 5193 1741 5249 fortiori
1792 5193 1897 5250 hoc
1928 5210 2029 5251 n0-

451 5298 539 5354 bis
571 5294 751 5351 facere
785 5308 895 5349 non
941 5291 1093 5346 licet.
1128 5289 1187 5343 Si
1226 5288 1371 5342 enim
1410 5286 1653 5341 famulus
1681 5286 1899 5344 eximias
1928 5288 2028 5343 vir-

2122 4455 2359 4526 ἐσχάτην
2392 4452 2561 4525 ἐλάσῃ
2593 4452 2813 4506 κακίαν.
2864 4451 2926 4505 '0
2953 4448 3066 4521 γάρ
3095 4448 3342 4522 κλέπτης
3365 4453 3470 4507 καὶ
3512 4451 3698 4523 δραπέ.

2123 4565 2221 4616 της
2254 4545 2399 4601 οῦτω
2435 4544 2659 4615 γέγονεν
2688 4544 2969 4615 ινάρετος.
2994 4542 3216 4615 Τρίτον.
3242 4543 3326 4600 ὅτι
3349 4543 3695 4608 τοῦςδούλους

2126 4641 2383 4713 ἀποσπᾷν
2412 4638 2522 4693 τῶν
2539 4637 2819 4693 δεσπότων
2844 4635 2909 4690 ού
2944 4636 3234 4707 προσήκει.
3267 4630 3332 4689 Ei
3364 4634 3478 4707 γὰρ
3504 4630 3696 4699 Παῦλος

2127 4733 2270 4787 οὕτω
2331 4731 2553 4806 θαρρῶν
2596 4730 2678 4803 τῷ
2726 4729 2995 4801 Φιλήμονι
3054 4727 3149 4783 τδν
3192 4725 3491 4801 Ὀνήσιμον
3538 4726 3695 4792 οὕτως

2131 4827 2455 4898 εὐχάριστον
2518 4823 2668 4896 αὐτῷ
2697 4824 2829 4877 ὂντα
2882 4822 3018 4894 πρὸς
3046 4820 3325 4878 διακονίαν
3350 4824 3453 4877 οῦκ
3483 4822 3694 4894 ἠθέλησε

2133 4917 2427 4987 κατασχεῖν
2457 4916 2613 4986 παρὰ
2644 4914 2872 4984 γνώμην
2901 4913 2994 4967 τοῦ
3024 4910 3322 4978 Δεσπότου,
3358 4911 3543 4984 πολλῷ
3572 4910 3684 4985 μᾶλ-

2132 5010 2224 5063 λον
2256 5009 2405 5080 ἡμᾶς
2438 5006 2599 5061 τοῦτο
2650 5009 2826 5061 ποιεῖν
2867 5006 2929 5059 ού
2979 5004 3111 5079 χρὴ.
3144 5004 3206 5057 Et
3245 5002 3356 5077 γὰρ
3401 5000 3695 5075 θαυμαστός

2134 5106 2281 5158 ἐστιν
2312 5106 2340 5156 ὀ
2370 5102 2615 5170 οἰκέτης,
2640 5097 2818 5172 ταύτῃ
2854 5099 3092 5170 μάλιστα
3134 5098 3337 5169 πρέπει
3378 5097 3540 5151 αὐτὸν
3565 5094 3691 5165 ἑντῇ

2134 5196 2349 5267 δουλείᾳ
2367 5196 2576 5265 μένειν,
2605 5192 2703 5249 καὶ⁵
2732 5190 2830 5265 τὴν
2849 5190 3168 5246 δεσποτείαν
3190 5189 3597 5259 ἐπιγινώσκειν,
3618 5185 3691 5237 ἵνα

2135 5288 2604 5361 εὔχρηστος¹πᾶσι
2630 5287 2745 5349 τοῖς
2775 5286 2834 5338 ὲν
2858 5284 3007 5356 οἰκίᾳ.
3037 5282 3286 5353 γένηται.

449 5395 589 5449 tntis
618 5401 721 5457 est,
755 5392 882 5445 ideo
915 5403 1146 5460 prorsus
1182 5387 1446 5441 convenit
1488 5382 1650 5455 274
1679 5392 1740 5438 ιιι
1796 5384 1850 5439 ἰη
1920 5387 2191 5442 servitute
2241 5393 2484 5453 maneat,
2551 5394 2606 5440 ct
2652 5382 2826 5438 herile
2908 5381 2995 5452 ius
3045 5386 3335 5452 agnoscat,
3391 5386 3453 5434 nt
3495 5372 3689 5434 cunctis

453 5485 548 5560 qui
579 5484 725 5541 domi
758 5491 906 5552 sunt,
939 5481 1228 5540 commodo
1248 5490 1302 5535 et
1337 5478 1558 5533 utilitati
1583 5494 1705 5535 esse
1728 5479 1921 5547 possit.

1738 5570 1976 5627 VARM‘Z
2018 5570 2420 5629 LECTIONES.

540 5674 563 5709 ⁴³
591 5670 731 5741 Lege
757 5684 822 5725 ex
861 5667 1145 5739 Cbrysost.
1179 5664 1498 5738 εὔχρηστον.
