  <div class='ocr_page' id='page_1' title='image "/cluster/home/n/w/nwhite01/storage/ocr_20150623/95/hvd.32044073502106/542.png"; bbox 0 0 3880 6254; ppageno 0'>
   <div class='ocr_carea' id='block_1_1' title="bbox 157 313 276 382">
    <p class='ocr_par' dir='ltr' id='par_1_1' title="bbox 157 313 276 382">
     <span class='ocr_line' id='line_1_1' title="bbox 157 313 276 382; baseline 0.008 -2"><span class='ocrx_word' id='word_1_1' title='bbox 157 313 276 382; x_wconf 80' lang='grc'><strong>1073</strong></span> 
     </span>
    </p>
   </div>
   <div class='ocr_carea' id='block_1_2' title="bbox 1380 307 2116 374">
    <p class='ocr_par' dir='ltr' id='par_1_2' title="bbox 1380 307 2116 374">
     <span class='ocr_line' id='line_1_2' title="bbox 1380 307 2116 374; baseline -0.005 0"><span class='ocrx_word' id='word_1_2' title='bbox 1380 311 1620 374; x_wconf 75' lang='lat' dir='ltr'><strong>SACRA</strong></span> <span class='ocrx_word' id='word_1_3' title='bbox 1653 307 2116 371; x_wconf 77' lang='lat' dir='ltr'><strong>PARALLELA.</strong></span> 
     </span>
    </p>
   </div>
   <div class='ocr_carea' id='block_1_3' title="bbox 3249 298 3383 365">
    <p class='ocr_par' dir='ltr' id='par_1_3' title="bbox 3249 298 3383 365">
     <span class='ocr_line' id='line_1_3' title="bbox 3249 298 3383 365; baseline -0.007 0"><span class='ocrx_word' id='word_1_4' title='bbox 3249 298 3383 365; x_wconf 63' lang='lat'><strong>1074</strong></span> 
     </span>
    </p>
   </div>
   <div class='ocr_carea' id='block_1_4' title="bbox 155 409 1688 498">
    <p class='ocr_par' dir='ltr' id='par_1_4' title="bbox 155 421 1688 498">
     <span class='ocr_line' id='line_1_4' title="bbox 155 421 1688 498; baseline -0.004 -18"><span class='ocrx_word' id='word_1_5' title='bbox 155 442 306 498; x_wconf 81' lang='grc' dir='ltr'>μενοι,</span> <span class='ocrx_word' id='word_1_6' title='bbox 334 423 442 479; x_wconf 74' lang='grc' dir='ltr'>εἴτε</span> <span class='ocrx_word' id='word_1_7' title='bbox 469 421 526 478; x_wconf 77' lang='grc' dir='ltr'>ἐν</span> <span class='ocrx_word' id='word_1_8' title='bbox 565 422 803 496; x_wconf 79' lang='grc' dir='ltr'><strong>οὐρανῷ,</strong></span> <span class='ocrx_word' id='word_1_9' title='bbox 832 423 944 478; x_wconf 77' lang='grc' dir='ltr'>εἴτε</span> <span class='ocrx_word' id='word_1_10' title='bbox 984 422 1077 479; x_wconf 68' lang='grc' dir='ltr'><strong>ἰπὶ</strong></span> <span class='ocrx_word' id='word_1_11' title='bbox 1108 424 1209 495; x_wconf 83' lang='grc' dir='ltr'>τῆς</span> <span class='ocrx_word' id='word_1_12' title='bbox 1249 423 1370 496; x_wconf 81' lang='grc' dir='ltr'>γῆς,</span> <span class='ocrx_word' id='word_1_13' title='bbox 1406 423 1520 480; x_wconf 75' lang='grc' dir='ltr'>ἀλλ’</span> <span class='ocrx_word' id='word_1_14' title='bbox 1559 422 1688 495; x_wconf 34' lang='grc' dir='ltr'>,ἡμῖν</span> 
     </span>
    </p>
   </div>
   <div class='ocr_carea' id='block_1_5' title="bbox 1794 409 3434 498">
    <p class='ocr_par' dir='ltr' id='par_1_5' title="bbox 1799 409 3434 488">
     <span class='ocr_line' id='line_1_5' title="bbox 1799 409 3434 488; baseline -0.004 -18"><span class='ocrx_word' id='word_1_15' title='bbox 1799 415 1933 472; x_wconf 86' lang='lat' dir='ltr'><strong>Nam</strong></span> <span class='ocrx_word' id='word_1_16' title='bbox 1964 417 2068 473; x_wconf 91' lang='lat' dir='ltr'><strong>etsi</strong></span> <span class='ocrx_word' id='word_1_17' title='bbox 2111 424 2241 473; x_wconf 88' lang='lat' dir='ltr'><strong>sunt</strong></span> <span class='ocrx_word' id='word_1_18' title='bbox 2268 411 2362 488; x_wconf 82' lang='lat' dir='ltr'><strong>qui</strong></span> <span class='ocrx_word' id='word_1_19' title='bbox 2389 413 2655 472; x_wconf 85' lang='lat' dir='ltr'><strong>dicuntur</strong></span> <span class='ocrx_word' id='word_1_20' title='bbox 2683 412 2786 477; x_wconf 89' lang='lat' dir='ltr'><strong>dii,</strong></span> <span class='ocrx_word' id='word_1_21' title='bbox 2824 413 2942 468; x_wconf 84' lang='lat' dir='ltr'><strong>sive</strong></span> <span class='ocrx_word' id='word_1_22' title='bbox 2984 409 3038 466; x_wconf 90' lang='lat' dir='ltr'><strong>in</strong></span> <span class='ocrx_word' id='word_1_23' title='bbox 3075 409 3236 477; x_wconf 76' lang='lat' dir='ltr'><strong>coelo,</strong></span> <span class='ocrx_word' id='word_1_24' title='bbox 3268 411 3385 465; x_wconf 84' lang='lat' dir='ltr'><strong>sive</strong></span> <span class='ocrx_word' id='word_1_25' title='bbox 3430 443 3434 446; x_wconf 91' lang='lat'><strong><em>-</em></strong></span> 
     </span>
    </p>
   </div>
   <div class='ocr_carea' id='block_1_6' title="bbox 151 509 1697 589">
    <p class='ocr_par' dir='ltr' id='par_1_6' title="bbox 151 509 1697 589">
     <span class='ocr_line' id='line_1_6' title="bbox 151 509 1697 589; baseline -0.002 -18"><span class='ocrx_word' id='word_1_26' title='bbox 151 514 220 581; x_wconf 76' lang='grc' dir='ltr'>εἷς</span> <span class='ocrx_word' id='word_1_27' title='bbox 243 516 368 581; x_wconf 81' lang='grc' dir='ltr'>Θεὸς</span> <span class='ocrx_word' id='word_1_28' title='bbox 393 518 422 570; x_wconf 88' lang='grc' dir='ltr'><strong>ό</strong></span> <span class='ocrx_word' id='word_1_29' title='bbox 449 515 634 588; x_wconf 76' lang='grc' dir='ltr'>Πατὴρ</span> <span class='ocrx_word' id='word_1_30' title='bbox 669 515 730 584; x_wconf 65' lang='grc' dir='ltr'><strong>ἒξ</strong></span> <span class='ocrx_word' id='word_1_31' title='bbox 756 509 820 572; x_wconf 71' lang='grc' dir='ltr'><strong>οὗ</strong></span> <span class='ocrx_word' id='word_1_32' title='bbox 840 517 910 571; x_wconf 87' lang='grc' dir='ltr'><strong>τά</strong></span> <span class='ocrx_word' id='word_1_33' title='bbox 931 511 1136 584; x_wconf 73' lang='grc' dir='ltr'>πάντα,</span> <span class='ocrx_word' id='word_1_34' title='bbox 1172 517 1270 571; x_wconf 71' lang='grc' dir='ltr'>καὶ</span> <span class='ocrx_word' id='word_1_35' title='bbox 1297 518 1459 589; x_wconf 77' lang='grc' dir='ltr'>ἡμεῖς</span> <span class='ocrx_word' id='word_1_36' title='bbox 1488 517 1566 580; x_wconf 83' lang='grc' dir='ltr'><strong>είς</strong></span> <span class='ocrx_word' id='word_1_37' title='bbox 1600 514 1697 569; x_wconf 72' lang='lat' dir='ltr'><strong>as.</strong></span> 
     </span>
    </p>
   </div>
   <div class='ocr_carea' id='block_1_7' title="bbox 147 601 1694 682">
    <p class='ocr_par' dir='ltr' id='par_1_7' title="bbox 147 601 1694 682">
     <span class='ocr_line' id='line_1_7' title="bbox 147 601 1694 682; baseline -0.003 -18"><span class='ocrx_word' id='word_1_38' title='bbox 147 610 255 664; x_wconf 73' lang='grc' dir='ltr'>τόνο</span> <span class='ocrx_word' id='word_1_39' title='bbox 281 608 374 664; x_wconf 75' lang='grc' dir='ltr'>καὶ</span> <span class='ocrx_word' id='word_1_40' title='bbox 396 602 474 674; x_wconf 72' lang='grc' dir='ltr'>εἷς</span> <span class='ocrx_word' id='word_1_41' title='bbox 489 607 694 680; x_wconf 79' lang='grc' dir='ltr'>Κύριος</span> <span class='ocrx_word' id='word_1_42' title='bbox 728 609 934 682; x_wconf 82' lang='grc' dir='ltr'>Ἰησοῦς</span> <span class='ocrx_word' id='word_1_43' title='bbox 959 608 1216 682; x_wconf 74' lang='grc' dir='ltr'>Χριστος,</span> <span class='ocrx_word' id='word_1_44' title='bbox 1233 608 1300 664; x_wconf 80' lang='grc' dir='ltr'><strong>δι’</strong></span> <span class='ocrx_word' id='word_1_45' title='bbox 1323 601 1384 663; x_wconf 66' lang='grc' dir='ltr'><strong>οὗ</strong></span> <span class='ocrx_word' id='word_1_46' title='bbox 1403 606 1472 662; x_wconf 84' lang='grc' dir='ltr'><strong>τὰ</strong></span> <span class='ocrx_word' id='word_1_47' title='bbox 1495 607 1694 672; x_wconf 82' lang='grc' dir='ltr'>πάντα,</span> 
     </span>
    </p>
   </div>
   <div class='ocr_carea' id='block_1_8' title="bbox 146 693 1698 775">
    <p class='ocr_par' dir='ltr' id='par_1_8' title="bbox 146 693 1698 775">
     <span class='ocr_line' id='line_1_8' title="bbox 146 693 1698 775; baseline -0.001 -18"><span class='ocrx_word' id='word_1_48' title='bbox 146 703 230 757; x_wconf 74' lang='grc' dir='ltr'><strong>καὶ</strong></span> <span class='ocrx_word' id='word_1_49' title='bbox 262 703 418 773; x_wconf 70' lang='grc' dir='ltr'>ἡμεῖς</span> <span class='ocrx_word' id='word_1_50' title='bbox 449 695 520 756; x_wconf 72' lang='grc' dir='ltr'><strong>δι’</strong></span> <span class='ocrx_word' id='word_1_51' title='bbox 539 699 704 756; x_wconf 78' lang='grc' dir='ltr'>αὑτοῦ</span> <span class='ocrx_word' id='word_1_52' title='bbox 725 717 742 734; x_wconf 70' lang='grc'>⁸</span> <span class='ocrx_word' id='word_1_53' title='bbox 775 701 874 757; x_wconf 77' lang='grc' dir='ltr'>καὶ</span> <span class='ocrx_word' id='word_1_54' title='bbox 903 701 962 756; x_wconf 62' lang='grc' dir='ltr'><strong>ἓν</strong></span> <span class='ocrx_word' id='word_1_55' title='bbox 992 699 1221 775; x_wconf 79' lang='grc' dir='ltr'>Πνεῦμα</span> <span class='ocrx_word' id='word_1_56' title='bbox 1261 700 1438 772; x_wconf 71' lang='grc' dir='ltr'>ἅγιον,</span> <span class='ocrx_word' id='word_1_57' title='bbox 1471 701 1530 756; x_wconf 75' lang='grc' dir='ltr'><strong>ἐν</strong></span> <span class='ocrx_word' id='word_1_58' title='bbox 1557 693 1601 771; x_wconf 78' lang='grc' dir='ltr'><strong>ᾧ</strong></span> <span class='ocrx_word' id='word_1_59' title='bbox 1627 700 1698 755; x_wconf 83' lang='grc' dir='ltr'>τὰ</span> 
     </span>
    </p>
   </div>
   <div class='ocr_carea' id='block_1_9' title="bbox 147 784 990 866">
    <p class='ocr_par' dir='ltr' id='par_1_9' title="bbox 147 784 990 866">
     <span class='ocr_line' id='line_1_9' title="bbox 147 784 990 866; baseline 0 -19"><span class='ocrx_word' id='word_1_60' title='bbox 147 795 327 856; x_wconf 83' lang='grc' dir='ltr'>πάντα,</span> <span class='ocrx_word' id='word_1_61' title='bbox 352 794 446 847; x_wconf 72' lang='grc' dir='ltr'>καὶ</span> <span class='ocrx_word' id='word_1_62' title='bbox 472 791 636 866; x_wconf 71' lang='grc' dir='ltr'>ἡμεῖς</span> <span class='ocrx_word' id='word_1_63' title='bbox 668 792 728 860; x_wconf 73' lang='grc' dir='ltr'>ἰξ</span> <span class='ocrx_word' id='word_1_64' title='bbox 757 784 945 850; x_wconf 77' lang='grc' dir='ltr'>αὐτοῦ.</span> <span class='ocrx_word' id='word_1_65' title='bbox 970 811 990 847; x_wconf 75' lang='grc' dir='ltr'><strong>ι</strong></span> 
     </span>
    </p>
   </div>
   <div class='ocr_carea' id='block_1_10' title="bbox 205 883 1696 959">
    <p class='ocr_par' dir='ltr' id='par_1_10' title="bbox 205 883 1696 959">
     <span class='ocr_line' id='line_1_10' title="bbox 205 883 1696 959; baseline -0.002 -19"><span class='ocrx_word' id='word_1_66' title='bbox 205 884 519 957; x_wconf 78' lang='grc' dir='ltr'>Διαδραμὼν</span> <span class='ocrx_word' id='word_1_67' title='bbox 559 885 631 941; x_wconf 74' lang='grc' dir='ltr'>τὰ</span> <span class='ocrx_word' id='word_1_68' title='bbox 681 885 1002 958; x_wconf 82' lang='grc' dir='ltr'>σύμπαντα,</span> <span class='ocrx_word' id='word_1_69' title='bbox 1050 884 1149 942; x_wconf 71' lang='grc' dir='ltr'>καὶ</span> <span class='ocrx_word' id='word_1_70' title='bbox 1202 885 1345 959; x_wconf 76' lang='grc' dir='ltr'>ὑπὲρ</span> <span class='ocrx_word' id='word_1_71' title='bbox 1380 885 1562 940; x_wconf 77' lang='grc' dir='ltr'>πᾶσαν</span> <span class='ocrx_word' id='word_1_72' title='bbox 1598 883 1696 956; x_wconf 80' lang='grc' dir='ltr'>τὴν</span> 
     </span>
    </p>
   </div>
   <div class='ocr_carea' id='block_1_11' title="bbox 144 962 1698 1050">
    <p class='ocr_par' dir='ltr' id='par_1_11' title="bbox 144 962 1698 1050">
     <span class='ocr_line' id='line_1_11' title="bbox 144 962 1698 1050; baseline 0.001 -19"><span class='ocrx_word' id='word_1_73' title='bbox 144 977 306 1033; x_wconf 78' lang='grc' dir='ltr'><strong>κτίσιν</strong></span> <span class='ocrx_word' id='word_1_74' title='bbox 335 976 634 1045; x_wconf 82' lang='grc' dir='ltr'>ἀνανεύσας</span> <span class='ocrx_word' id='word_1_75' title='bbox 669 980 784 1044; x_wconf 83' lang='grc' dir='ltr'>τοῖς</span> <span class='ocrx_word' id='word_1_76' title='bbox 808 979 1114 1050; x_wconf 82' lang='grc' dir='ltr'>λογισμοῖς,</span> <span class='ocrx_word' id='word_1_77' title='bbox 1160 962 1418 1034; x_wconf 61' lang='grc' dir='ltr'>ἐπέκεινα</span> <span class='ocrx_word' id='word_1_78' title='bbox 1449 977 1540 1032; x_wconf 78' lang='grc' dir='ltr'><strong>τὸν</strong></span> <span class='ocrx_word' id='word_1_79' title='bbox 1568 975 1698 1032; x_wconf 94' lang='grc' dir='ltr'>νοῦν</span> 
     </span>
    </p>
   </div>
   <div class='ocr_carea' id='block_1_12' title="bbox 141 1068 1694 1145">
    <p class='ocr_par' dir='ltr' id='par_1_12' title="bbox 141 1068 1694 1145">
     <span class='ocr_line' id='line_1_12' title="bbox 141 1068 1694 1145; baseline 0.002 -22"><span class='ocrx_word' id='word_1_80' title='bbox 141 1068 455 1141; x_wconf 77' lang='grc' dir='ltr'>ἀνυψὼσας,</span> <span class='ocrx_word' id='word_1_81' title='bbox 507 1070 763 1144; x_wconf 73' lang='grc' dir='ltr'>ἀννόησον</span> <span class='ocrx_word' id='word_1_82' title='bbox 819 1070 922 1145; x_wconf 76' lang='grc' dir='ltr'>τὴν</span> <span class='ocrx_word' id='word_1_83' title='bbox 989 1071 1394 1144; x_wconf 81' lang='grc' dir='ltr'>θείαν-φύσιν,</span> <span class='ocrx_word' id='word_1_84' title='bbox 1448 1070 1694 1129; x_wconf 70' lang='grc' dir='ltr'>ἑστῶσαν</span> 
     </span>
    </p>
   </div>
   <div class='ocr_carea' id='block_1_13' title="bbox 141 1162 1716 1247">
    <p class='ocr_par' dir='ltr' id='par_1_13' title="bbox 141 1162 1716 1247">
     <span class='ocr_line' id='line_1_13' title="bbox 141 1162 1716 1247; baseline 0.003 -31"><span class='ocrx_word' id='word_1_85' title='bbox 141 1163 413 1236; x_wconf 76' lang='grc' dir='ltr'>ἄτρεπτον,</span> <span class='ocrx_word' id='word_1_86' title='bbox 452 1162 836 1234; x_wconf 79' lang='grc' dir='ltr'>ἀναλλοίωτον,</span> <span class='ocrx_word' id='word_1_87' title='bbox 870 1163 1084 1239; x_wconf 73' lang='grc' dir='ltr'>ἀπαθῆ,</span> <span class='ocrx_word' id='word_1_88' title='bbox 1122 1166 1340 1239; x_wconf 62' lang='grc' dir='ltr'>ἁπλῆν,</span> <span class='ocrx_word' id='word_1_89' title='bbox 1374 1165 1716 1247; x_wconf 28' lang='grc' dir='ltr'>ἀσύνθετον..</span> 
     </span>
    </p>
   </div>
   <div class='ocr_carea' id='block_1_14' title="bbox 139 1251 1695 1337">
    <p class='ocr_par' dir='ltr' id='par_1_14' title="bbox 139 1251 1695 1337">
     <span class='ocr_line' id='line_1_14' title="bbox 139 1251 1695 1337; baseline 0.003 -28"><span class='ocrx_word' id='word_1_90' title='bbox 139 1254 443 1327; x_wconf 79' lang='grc' dir='ltr'>ἀδιαίρετον,</span> <span class='ocrx_word' id='word_1_91' title='bbox 467 1251 587 1326; x_wconf 78' lang='grc' dir='ltr'>φῶς</span> <span class='ocrx_word' id='word_1_92' title='bbox 605 1255 924 1337; x_wconf 71' lang='grc' dir='ltr'>ἀπρόσιτον,</span> <span class='ocrx_word' id='word_1_93' title='bbox 948 1257 1180 1330; x_wconf 80' lang='grc' dir='ltr'><strong>δύναμιν</strong></span> <span class='ocrx_word' id='word_1_94' title='bbox 1203 1258 1430 1330; x_wconf 78' lang='grc' dir='ltr'><strong>ἄφατον,</strong></span> <span class='ocrx_word' id='word_1_95' title='bbox 1464 1255 1695 1330; x_wconf 79' lang='grc' dir='ltr'>μέγεθος</span> 
     </span>
    </p>
   </div>
   <div class='ocr_carea' id='block_1_15' title="bbox 138 1349 1694 1425">
    <p class='ocr_par' dir='ltr' id='par_1_15' title="bbox 138 1349 1694 1425">
     <span class='ocr_line' id='line_1_15' title="bbox 138 1349 1694 1425; baseline 0.005 -25"><span class='ocrx_word' id='word_1_96' title='bbox 138 1349 524 1421; x_wconf 84' lang='grc' dir='ltr'>ἀπεριόριστον,</span> <span class='ocrx_word' id='word_1_97' title='bbox 557 1349 719 1421; x_wconf 77' lang='grc' dir='ltr'>δόξαν</span> <span class='ocrx_word' id='word_1_98' title='bbox 752 1349 1343 1425; x_wconf 76' lang='grc' dir='ltr'>ὕπεραστράπτουσαν,</span> <span class='ocrx_word' id='word_1_99' title='bbox 1380 1353 1694 1425; x_wconf 79' lang='grc' dir='ltr'>ἀγαθότητα</span> 
     </span>
    </p>
   </div>
   <div class='ocr_carea' id='block_1_16' title="bbox 139 1441 1692 1519">
    <p class='ocr_par' dir='ltr' id='par_1_16' title="bbox 139 1441 1692 1519">
     <span class='ocr_line' id='line_1_16' title="bbox 139 1441 1692 1519; baseline 0.005 -26"><span class='ocrx_word' id='word_1_100' title='bbox 139 1441 486 1514; x_wconf 70' lang='grc' dir='ltr'>ἐπιθυμητὴν,</span> <span class='ocrx_word' id='word_1_101' title='bbox 513 1441 714 1509; x_wconf 77' lang='grc' dir='ltr'>κάλλος</span> <span class='ocrx_word' id='word_1_102' title='bbox 737 1441 1044 1517; x_wconf 75' lang='grc' dir='ltr'>ἀμήχανον,</span> <span class='ocrx_word' id='word_1_103' title='bbox 1071 1444 1316 1519; x_wconf 77' lang='grc' dir='ltr'><strong>σφοδρῶς</strong></span> <span class='ocrx_word' id='word_1_104' title='bbox 1353 1444 1453 1518; x_wconf 70' lang='grc' dir='ltr'><strong>μὲν</strong></span> <span class='ocrx_word' id='word_1_105' title='bbox 1474 1445 1575 1514; x_wconf 77' lang='grc' dir='ltr'>τῆς</span> <span class='ocrx_word' id='word_1_106' title='bbox 1599 1461 1692 1501; x_wconf 82' lang='grc' dir='ltr'>τε·</span> 
     </span>
    </p>
   </div>
   <div class='ocr_carea' id='block_1_17' title="bbox 137 1529 1694 1610">
    <p class='ocr_par' dir='ltr' id='par_1_17' title="bbox 137 1529 1694 1610">
     <span class='ocr_line' id='line_1_17' title="bbox 137 1529 1694 1610; baseline 0.004 -24"><span class='ocrx_word' id='word_1_107' title='bbox 137 1533 408 1605; x_wconf 84' lang='grc' dir='ltr'>τρωμένης</span> <span class='ocrx_word' id='word_1_108' title='bbox 430 1529 614 1607; x_wconf 73' lang='grc' dir='ltr'>’ψυχῆς</span> <span class='ocrx_word' id='word_1_109' title='bbox 649 1535 1086 1608; x_wconf 76' lang='grc' dir='ltr'><strong>καθαπτόμενον,</strong></span> <span class='ocrx_word' id='word_1_110' title='bbox 1115 1537 1258 1610; x_wconf 76' lang='grc' dir='ltr'>λόγῳ</span> <span class='ocrx_word' id='word_1_111' title='bbox 1295 1537 1352 1591; x_wconf 81' lang='grc' dir='ltr'><strong>δὲ</strong></span> <span class='ocrx_word' id='word_1_112' title='bbox 1384 1537 1694 1609; x_wconf 75' lang='grc' dir='ltr'><strong>δηλωθῆναι</strong></span> 
     </span>
    </p>
   </div>
   <div class='ocr_carea' id='block_1_18' title="bbox 138 1623 1692 1700">
    <p class='ocr_par' dir='ltr' id='par_1_18' title="bbox 138 1623 1692 1700">
     <span class='ocr_line' id='line_1_18' title="bbox 138 1623 1692 1700; baseline 0.004 -24"><span class='ocrx_word' id='word_1_113' title='bbox 138 1625 260 1695; x_wconf 80' lang='grc' dir='ltr'>πρὸς</span> <span class='ocrx_word' id='word_1_114' title='bbox 289 1623 448 1692; x_wconf 79' lang='grc' dir='ltr'>ἀξίαν</span> <span class='ocrx_word' id='word_1_115' title='bbox 479 1625 761 1682; x_wconf 78' lang='grc' dir='ltr'>ἀδύνατον.</span> <span class='ocrx_word' id='word_1_116' title='bbox 783 1627 945 1685; x_wconf 76' lang='grc' dir='ltr'>,Ἐκεῖ</span> <span class='ocrx_word' id='word_1_117' title='bbox 982 1628 1197 1700; x_wconf 78' lang='grc' dir='ltr'>Πατὴρ,</span> <span class='ocrx_word' id='word_1_118' title='bbox 1242 1629 1360 1682; x_wconf 71' lang='grc' dir='ltr'>ἐκεῖ</span> <span class='ocrx_word' id='word_1_119' title='bbox 1397 1627 1543 1695; x_wconf 81' lang='grc' dir='ltr'>Υἱὸς,</span> <span class='ocrx_word' id='word_1_120' title='bbox 1574 1629 1692 1682; x_wconf 64' lang='grc' dir='ltr'>ἐκεῖ</span> 
     </span>
    </p>
   </div>
   <div class='ocr_carea' id='block_1_19' title="bbox 140 1716 1693 1790">
    <p class='ocr_par' dir='ltr' id='par_1_19' title="bbox 140 1716 1693 1790">
     <span class='ocr_line' id='line_1_19' title="bbox 140 1716 1693 1790; baseline 0.005 -21"><span class='ocrx_word' id='word_1_121' title='bbox 140 1716 282 1785; x_wconf 79' lang='grc' dir='ltr'>ἅγιον</span> <span class='ocrx_word' id='word_1_122' title='bbox 308 1717 556 1790; x_wconf 84' lang='grc' dir='ltr'>Πνεῦμα,</span> <span class='ocrx_word' id='word_1_123' title='bbox 580 1721 613 1790; x_wconf 83' lang='grc' dir='ltr'><strong>ἠ</strong></span> <span class='ocrx_word' id='word_1_124' title='bbox 640 1718 891 1785; x_wconf 73' lang='grc' dir='ltr'>ἀκτιστος</span> <span class='ocrx_word' id='word_1_125' title='bbox 908 1719 1168 1790; x_wconf 48' lang='lat' dir='ltr'><strong>adsigno</strong></span> <span class='ocrx_word' id='word_1_126' title='bbox 1190 1723 1520 1776; x_wconf 82' lang='grc' dir='ltr'>Δεσποτικδν</span> <span class='ocrx_word' id='word_1_127' title='bbox 1537 1720 1693 1787; x_wconf 82' lang='grc' dir='ltr'>ἀξίω-</span> 
     </span>
    </p>
   </div>
   <div class='ocr_carea' id='block_1_20' title="bbox 138 1810 1691 1887">
    <p class='ocr_par' dir='ltr' id='par_1_20' title="bbox 138 1810 1691 1887">
     <span class='ocr_line' id='line_1_20' title="bbox 138 1810 1691 1887; baseline 0.005 -24"><span class='ocrx_word' id='word_1_128' title='bbox 138 1827 222 1879; x_wconf 84' lang='grc' dir='ltr'>μα,</span> <span class='ocrx_word' id='word_1_129' title='bbox 249 1811 280 1880; x_wconf 84' lang='grc' dir='ltr'>ἡ</span> <span class='ocrx_word' id='word_1_130' title='bbox 305 1810 508 1884; x_wconf 82' lang='grc' dir='ltr'>φυσικὴ</span> <span class='ocrx_word' id='word_1_131' title='bbox 550 1811 857 1884; x_wconf 85' lang='grc' dir='ltr'>ἀγαθότης·</span> <span class='ocrx_word' id='word_1_132' title='bbox 902 1813 1156 1886; x_wconf 75' lang='grc' dir='ltr'>Πατὴρή</span> <span class='ocrx_word' id='word_1_133' title='bbox 1192 1814 1410 1868; x_wconf 77' lang='grc' dir='ltr'>πάντων</span> <span class='ocrx_word' id='word_1_134' title='bbox 1451 1815 1617 1886; x_wconf 79' lang='grc' dir='ltr'>ἀρχὴ.</span> <span class='ocrx_word' id='word_1_135' title='bbox 1657 1816 1691 1887; x_wconf 79' lang='grc' dir='ltr'><strong>ἡ</strong></span> 
     </span>
    </p>
   </div>
   <div class='ocr_carea' id='block_1_21' title="bbox 134 1897 1696 1978">
    <p class='ocr_par' dir='ltr' id='par_1_21' title="bbox 134 1897 1696 1978">
     <span class='ocr_line' id='line_1_21' title="bbox 134 1897 1696 1978; baseline 0.003 -24"><span class='ocrx_word' id='word_1_136' title='bbox 134 1901 267 1955; x_wconf 77' lang='grc' dir='ltr'>αἰτία</span> <span class='ocrx_word' id='word_1_137' title='bbox 289 1900 380 1956; x_wconf 86' lang='grc' dir='ltr'><strong>τοῦ</strong></span> <span class='ocrx_word' id='word_1_138' title='bbox 406 1897 551 1959; x_wconf 73' lang='grc' dir='ltr'>εἶναι</span> <span class='ocrx_word' id='word_1_139' title='bbox 578 1905 692 1970; x_wconf 85' lang='grc' dir='ltr'>τοῖς</span> <span class='ocrx_word' id='word_1_140' title='bbox 719 1899 891 1972; x_wconf 82' lang='grc' dir='ltr'>οὖσιν,</span> <span class='ocrx_word' id='word_1_141' title='bbox 921 1905 956 1977; x_wconf 76' lang='grc' dir='ltr'><strong>ἠ</strong></span> <span class='ocrx_word' id='word_1_142' title='bbox 989 1904 1117 1978; x_wconf 74' lang='grc' dir='ltr'>ῥίζα</span> <span class='ocrx_word' id='word_1_143' title='bbox 1150 1903 1263 1960; x_wconf 86' lang='grc' dir='ltr'><strong>τῶν</strong></span> <span class='ocrx_word' id='word_1_144' title='bbox 1301 1903 1543 1972; x_wconf 77' lang='grc' dir='ltr'><strong>ζώντων,</strong></span> <span class='ocrx_word' id='word_1_145' title='bbox 1571 1903 1696 1961; x_wconf 81' lang='grc' dir='ltr'>ὅθεν</span> 
     </span>
    </p>
   </div>
   <div class='ocr_carea' id='block_1_22' title="bbox 134 1994 1697 2072">
    <p class='ocr_par' dir='ltr' id='par_1_22' title="bbox 134 1994 1697 2072">
     <span class='ocr_line' id='line_1_22' title="bbox 134 1994 1697 2072; baseline 0.004 -24"><span class='ocrx_word' id='word_1_146' title='bbox 134 1994 383 2067; x_wconf 76' lang='grc' dir='ltr'><strong>προῆλθεν</strong></span> <span class='ocrx_word' id='word_1_147' title='bbox 401 1997 432 2068; x_wconf 76' lang='grc' dir='ltr'>ἡ</span> <span class='ocrx_word' id='word_1_148' title='bbox 450 1997 607 2067; x_wconf 77' lang='grc' dir='ltr'>πηγὴ</span> <span class='ocrx_word' id='word_1_149' title='bbox 621 1997 720 2070; x_wconf 84' lang='grc' dir='ltr'>τῆς</span> <span class='ocrx_word' id='word_1_150' title='bbox 735 1995 900 2070; x_wconf 75' lang='grc' dir='ltr'>ζωῆς,</span> <span class='ocrx_word' id='word_1_151' title='bbox 919 1999 955 2072; x_wconf 73' lang='grc' dir='ltr'><strong>ἡ</strong></span> <span class='ocrx_word' id='word_1_152' title='bbox 971 1998 1152 2070; x_wconf 78' lang='grc' dir='ltr'>σοφία,</span> <span class='ocrx_word' id='word_1_153' title='bbox 1169 2000 1202 2072; x_wconf 76' lang='grc' dir='ltr'>ὴ</span> <span class='ocrx_word' id='word_1_154' title='bbox 1217 1997 1468 2070; x_wconf 83' lang='grc' dir='ltr'>δύναμις,</span> <span class='ocrx_word' id='word_1_155' title='bbox 1483 1999 1516 2071; x_wconf 76' lang='grc' dir='ltr'>ἡ</span> <span class='ocrx_word' id='word_1_156' title='bbox 1533 1997 1697 2054; x_wconf 84' lang='grc' dir='ltr'>εἰκὼν</span> 
     </span>
    </p>
   </div>
   <div class='ocr_carea' id='block_1_23' title="bbox 133 2085 1692 2164">
    <p class='ocr_par' dir='ltr' id='par_1_23' title="bbox 133 2085 1692 2164">
     <span class='ocr_line' id='line_1_23' title="bbox 133 2085 1692 2164; baseline 0.006 -26"><span class='ocrx_word' id='word_1_157' title='bbox 133 2085 540 2155; x_wconf 77' lang='grc' dir='ltr'>ἀπαράλλακτος</span> <span class='ocrx_word' id='word_1_158' title='bbox 565 2087 661 2142; x_wconf 88' lang='grc' dir='ltr'><strong>τοῦ</strong></span> <span class='ocrx_word' id='word_1_159' title='bbox 687 2089 921 2161; x_wconf 75' lang='grc' dir='ltr'><strong>ἀοράτου</strong></span> <span class='ocrx_word' id='word_1_160' title='bbox 943 2089 1100 2156; x_wconf 87' lang='grc' dir='ltr'>Θεοῦ,</span> <span class='ocrx_word' id='word_1_161' title='bbox 1113 2091 1141 2145; x_wconf 85' lang='grc' dir='ltr'><strong>ό</strong></span> <span class='ocrx_word' id='word_1_162' title='bbox 1156 2093 1220 2147; x_wconf 71' lang='grc' dir='ltr'>ὲκ</span> <span class='ocrx_word' id='word_1_163' title='bbox 1233 2090 1328 2146; x_wconf 89' lang='grc' dir='ltr'><strong>τοῦ</strong></span> <span class='ocrx_word' id='word_1_164' title='bbox 1341 2089 1555 2164; x_wconf 72' lang='grc' dir='ltr'>Πατρός</span> <span class='ocrx_word' id='word_1_165' title='bbox 1571 2107 1692 2161; x_wconf 72' lang='grc' dir='ltr'>γεν·</span> 
     </span>
    </p>
   </div>
   <div class='ocr_carea' id='block_1_24' title="bbox 130 2174 1696 2252">
    <p class='ocr_par' dir='ltr' id='par_1_24' title="bbox 130 2174 1696 2252">
     <span class='ocr_line' id='line_1_24' title="bbox 130 2174 1696 2252; baseline 0.003 -21"><span class='ocrx_word' id='word_1_166' title='bbox 130 2175 296 2250; x_wconf 79' lang='grc' dir='ltr'>νηθείς</span> <span class='ocrx_word' id='word_1_167' title='bbox 314 2176 468 2242; x_wconf 80' lang='grc' dir='ltr'>Υἰὺς,</span> <span class='ocrx_word' id='word_1_168' title='bbox 484 2178 514 2230; x_wconf 87' lang='grc' dir='ltr'><strong>ό</strong></span> <span class='ocrx_word' id='word_1_169' title='bbox 529 2174 638 2242; x_wconf 78' lang='grc' dir='ltr'>ζῶν</span> <span class='ocrx_word' id='word_1_170' title='bbox 656 2178 849 2248; x_wconf 83' lang='grc' dir='ltr'>Λόγος,</span> <span class='ocrx_word' id='word_1_171' title='bbox 863 2179 892 2233; x_wconf 86' lang='grc' dir='ltr'><strong>ό</strong></span> <span class='ocrx_word' id='word_1_172' title='bbox 911 2178 1044 2245; x_wconf 81' lang='grc' dir='ltr'>Θεὸς</span> <span class='ocrx_word' id='word_1_173' title='bbox 1064 2178 1164 2248; x_wconf 81' lang='grc' dir='ltr'>ὢν,</span> <span class='ocrx_word' id='word_1_174' title='bbox 1184 2181 1280 2234; x_wconf 78' lang='grc' dir='ltr'>καὶ</span> <span class='ocrx_word' id='word_1_175' title='bbox 1302 2179 1436 2252; x_wconf 80' lang='grc' dir='ltr'>πρὸς</span> <span class='ocrx_word' id='word_1_176' title='bbox 1452 2179 1542 2235; x_wconf 81' lang='grc' dir='ltr'>τὸν</span> <span class='ocrx_word' id='word_1_177' title='bbox 1560 2179 1696 2235; x_wconf 83' lang='grc' dir='ltr'>Θεὸν</span> 
     </span>
    </p>
   </div>
   <div class='ocr_carea' id='block_1_25' title="bbox 130 2268 1685 2346">
    <p class='ocr_par' dir='ltr' id='par_1_25' title="bbox 130 2268 1685 2346">
     <span class='ocr_line' id='line_1_25' title="bbox 130 2268 1685 2346; baseline 0.003 -23"><span class='ocrx_word' id='word_1_178' title='bbox 130 2268 344 2343; x_wconf 77' lang='grc' dir='ltr'>ὤνὀὐχί</span> <span class='ocrx_word' id='word_1_179' title='bbox 363 2271 830 2344; x_wconf 79' lang='grc' dir='ltr'><strong>προσγενόμενος,</strong></span> <span class='ocrx_word' id='word_1_180' title='bbox 861 2271 1126 2346; x_wconf 75' lang='grc' dir='ltr'><strong>ὑπάρχων</strong></span> <span class='ocrx_word' id='word_1_181' title='bbox 1154 2274 1262 2346; x_wconf 78' lang='grc' dir='ltr'>πρὸ</span> <span class='ocrx_word' id='word_1_182' title='bbox 1289 2274 1401 2329; x_wconf 85' lang='grc' dir='ltr'><strong>τῶν</strong></span> <span class='ocrx_word' id='word_1_183' title='bbox 1432 2271 1646 2328; x_wconf 78' lang='grc' dir='ltr'>αἰώνων</span> <span class='ocrx_word' id='word_1_184' title='bbox 1668 2287 1685 2304; x_wconf 87' lang='grc'><strong>·</strong></span> 
     </span>
    </p>
   </div>
   <div class='ocr_carea' id='block_1_26' title="bbox 129 2360 1689 2438">
    <p class='ocr_par' dir='ltr' id='par_1_26' title="bbox 129 2360 1689 2438">
     <span class='ocr_line' id='line_1_26' title="bbox 129 2360 1689 2438; baseline 0.002 -24"><span class='ocrx_word' id='word_1_185' title='bbox 129 2360 233 2432; x_wconf 69' lang='grc' dir='ltr'>οὒχί</span> <span class='ocrx_word' id='word_1_186' title='bbox 261 2361 630 2435; x_wconf 61' lang='grc' dir='ltr'>προσποιηθεὶς</span> <span class='ocrx_word' id='word_1_187' title='bbox 650 2361 910 2436; x_wconf 73' lang='grc' dir='ltr'>ὕστερονο</span> <span class='ocrx_word' id='word_1_188' title='bbox 938 2363 1096 2430; x_wconf 83' lang='grc' dir='ltr'>Υἰδς,</span> <span class='ocrx_word' id='word_1_189' title='bbox 1126 2363 1250 2438; x_wconf 62' lang='grc' dir='ltr'><strong>οὐχὶ⁹</strong></span> <span class='ocrx_word' id='word_1_190' title='bbox 1271 2364 1492 2436; x_wconf 79' lang='grc' dir='ltr'>κτῆμα·</span> <span class='ocrx_word' id='word_1_191' title='bbox 1528 2379 1689 2436; x_wconf 83' lang='grc' dir='ltr'>ποιη-</span> 
     </span>
    </p>
   </div>
   <div class='ocr_carea' id='block_1_27' title="bbox 128 2452 1686 2528">
    <p class='ocr_par' dir='ltr' id='par_1_27' title="bbox 128 2452 1686 2528">
     <span class='ocr_line' id='line_1_27' title="bbox 128 2452 1686 2528; baseline 0.004 -24"><span class='ocrx_word' id='word_1_192' title='bbox 128 2452 233 2524; x_wconf 81' lang='grc' dir='ltr'>τὴς,</span> <span class='ocrx_word' id='word_1_193' title='bbox 268 2453 388 2525; x_wconf 77' lang='grc' dir='ltr'>οὐχὶ</span> <span class='ocrx_word' id='word_1_194' title='bbox 422 2453 673 2528; x_wconf 76' lang='grc' dir='ltr'>ποίημαο</span> <span class='ocrx_word' id='word_1_195' title='bbox 705 2453 953 2525; x_wconf 82' lang='grc' dir='ltr'><strong>κτίστης,</strong></span> <span class='ocrx_word' id='word_1_196' title='bbox 989 2453 1112 2527; x_wconf 74' lang='grc' dir='ltr'><strong>οὐχὶ</strong></span> <span class='ocrx_word' id='word_1_197' title='bbox 1147 2454 1205 2509; x_wconf 60' lang='grc' dir='ltr'><strong>δὴ</strong></span> <span class='ocrx_word' id='word_1_198' title='bbox 1240 2452 1478 2526; x_wconf 75' lang='grc' dir='ltr'>κτίσμαο</span> <span class='ocrx_word' id='word_1_199' title='bbox 1507 2455 1686 2510; x_wconf 82' lang='grc' dir='ltr'>πάντα</span> 
     </span>
    </p>
   </div>
   <div class='ocr_carea' id='block_1_28' title="bbox 126 2540 1687 2619">
    <p class='ocr_par' dir='ltr' id='par_1_28' title="bbox 126 2540 1687 2619">
     <span class='ocr_line' id='line_1_28' title="bbox 126 2540 1687 2619; baseline 0 -22"><span class='ocrx_word' id='word_1_200' title='bbox 126 2541 193 2598; x_wconf 74' lang='grc' dir='ltr'>ὢν</span> <span class='ocrx_word' id='word_1_201' title='bbox 219 2545 319 2601; x_wconf 81' lang='grc' dir='ltr'>ὅσα</span> <span class='ocrx_word' id='word_1_202' title='bbox 343 2545 500 2600; x_wconf 64' lang='grc' dir='ltr'>ἔστὶν</span> <span class='ocrx_word' id='word_1_203' title='bbox 525 2546 556 2600; x_wconf 82' lang='grc' dir='ltr'><strong>ό</strong></span> <span class='ocrx_word' id='word_1_204' title='bbox 582 2545 801 2619; x_wconf 75' lang='grc' dir='ltr'>Πατήρο</span> <span class='ocrx_word' id='word_1_205' title='bbox 836 2544 966 2610; x_wconf 80' lang='grc' dir='ltr'>Υἰὸς</span> <span class='ocrx_word' id='word_1_206' title='bbox 991 2540 1145 2599; x_wconf 81' lang='grc' dir='ltr'>εἷπον</span> <span class='ocrx_word' id='word_1_207' title='bbox 1173 2545 1272 2600; x_wconf 79' lang='grc' dir='ltr'>καὶ</span> <span class='ocrx_word' id='word_1_208' title='bbox 1315 2543 1509 2617; x_wconf 76' lang='grc' dir='ltr'>Πατήρ</span> <span class='ocrx_word' id='word_1_209' title='bbox 1531 2561 1550 2578; x_wconf 81' lang='grc' dir='ltr'><strong><em>ο</em></strong></span> <span class='ocrx_word' id='word_1_210' title='bbox 1583 2542 1687 2614; x_wconf 76' lang='grc' dir='ltr'><strong>φύ-</strong></span> 
     </span>
    </p>
   </div>
   <div class='ocr_carea' id='block_1_29' title="bbox 127 2633 1686 2710">
    <p class='ocr_par' dir='ltr' id='par_1_29' title="bbox 127 2633 1686 2710">
     <span class='ocr_line' id='line_1_29' title="bbox 127 2633 1686 2710; baseline 0.002 -22"><span class='ocrx_word' id='word_1_211' title='bbox 127 2633 277 2691; x_wconf 76' lang='grc' dir='ltr'>λασσί</span> <span class='ocrx_word' id='word_1_212' title='bbox 313 2653 405 2710; x_wconf 82' lang='grc' dir='ltr'>μοι</span> <span class='ocrx_word' id='word_1_213' title='bbox 433 2634 647 2702; x_wconf 80' lang='grc' dir='ltr'>ταύτας</span> <span class='ocrx_word' id='word_1_214' title='bbox 674 2636 777 2702; x_wconf 84' lang='grc' dir='ltr'><strong>τὰς</strong></span> <span class='ocrx_word' id='word_1_215' title='bbox 834 2636 1124 2710; x_wconf 75' lang='grc' dir='ltr'>ἰδιότητας.</span> <span class='ocrx_word' id='word_1_216' title='bbox 1156 2637 1350 2693; x_wconf 76' lang='grc' dir='ltr'>Μένων</span> <span class='ocrx_word' id='word_1_217' title='bbox 1383 2634 1478 2692; x_wconf 78' lang='grc' dir='ltr'>οὖν</span> <span class='ocrx_word' id='word_1_218' title='bbox 1502 2638 1561 2691; x_wconf 71' lang='grc' dir='ltr'><strong>ὲν</strong></span> <span class='ocrx_word' id='word_1_219' title='bbox 1607 2634 1686 2709; x_wconf 82' lang='grc' dir='ltr'><strong>τῷ</strong></span> 
     </span>
    </p>
   </div>
   <div class='ocr_carea' id='block_1_30' title="bbox 128 2725 1687 2802">
    <p class='ocr_par' dir='ltr' id='par_1_30' title="bbox 128 2725 1687 2802">
     <span class='ocr_line' id='line_1_30' title="bbox 128 2725 1687 2802; baseline -0.001 -19"><span class='ocrx_word' id='word_1_220' title='bbox 128 2725 254 2784; x_wconf 78' lang='grc' dir='ltr'>εἶναι</span> <span class='ocrx_word' id='word_1_221' title='bbox 274 2729 424 2797; x_wconf 78' lang='grc' dir='ltr'>Υἰδς,</span> <span class='ocrx_word' id='word_1_222' title='bbox 455 2731 638 2788; x_wconf 78' lang='grc' dir='ltr'>πάντα</span> <span class='ocrx_word' id='word_1_223' title='bbox 664 2730 813 2786; x_wconf 68' lang='grc' dir='ltr'>ἐστὶν</span> <span class='ocrx_word' id='word_1_224' title='bbox 833 2731 935 2786; x_wconf 83' lang='grc' dir='ltr'>ὅσα</span> <span class='ocrx_word' id='word_1_225' title='bbox 963 2731 1109 2786; x_wconf 80' lang='grc' dir='ltr'>ὲστίν</span> <span class='ocrx_word' id='word_1_226' title='bbox 1130 2731 1158 2786; x_wconf 84' lang='grc'>6</span> <span class='ocrx_word' id='word_1_227' title='bbox 1186 2730 1398 2802; x_wconf 76' lang='grc' dir='ltr'>Πατὴρ,</span> <span class='ocrx_word' id='word_1_228' title='bbox 1420 2726 1564 2784; x_wconf 84' lang='grc' dir='ltr'><strong>κατά</strong></span> <span class='ocrx_word' id='word_1_229' title='bbox 1588 2727 1687 2800; x_wconf 80' lang='grc' dir='ltr'>τὴν</span> 
     </span>
    </p>
   </div>
   <div class='ocr_carea' id='block_1_31' title="bbox 126 2819 1702 2897">
    <p class='ocr_par' dir='ltr' id='par_1_31' title="bbox 126 2819 1702 2897">
     <span class='ocr_line' id='line_1_31' title="bbox 126 2819 1702 2897; baseline 0.001 -23"><span class='ocrx_word' id='word_1_230' title='bbox 126 2822 271 2877; x_wconf 78' lang='grc' dir='ltr'>αὐτοῦ</span> <span class='ocrx_word' id='word_1_231' title='bbox 295 2825 486 2896; x_wconf 74' lang='grc' dir='ltr'>φωνὴν</span> <span class='ocrx_word' id='word_1_232' title='bbox 509 2819 606 2878; x_wconf 86' lang='grc' dir='ltr'><strong>τοῦ</strong></span> <span class='ocrx_word' id='word_1_233' title='bbox 634 2823 867 2896; x_wconf 78' lang='grc' dir='ltr'>Κυρίου,</span> <span class='ocrx_word' id='word_1_234' title='bbox 890 2823 1162 2889; x_wconf 80' lang='grc' dir='ltr'>εἰπόντος·</span> <span class='ocrx_word' id='word_1_235' title='bbox 1195 2841 1215 2875; x_wconf 74' lang='grc' dir='ltr'><strong>ι</strong></span> <span class='ocrx_word' id='word_1_236' title='bbox 1235 2821 1421 2878; x_wconf 82' lang='grc' dir='ltr'>Πάντα</span> <span class='ocrx_word' id='word_1_237' title='bbox 1448 2823 1550 2877; x_wconf 79' lang='grc' dir='ltr'>ὅσα</span> <span class='ocrx_word' id='word_1_238' title='bbox 1571 2820 1702 2897; x_wconf 72' lang='grc' dir='ltr'>ἔχει</span> 
     </span>
    </p>
   </div>
   <div class='ocr_carea' id='block_1_32' title="bbox 125 2913 1689 2988">
    <p class='ocr_par' dir='ltr' id='par_1_32' title="bbox 125 2913 1689 2988">
     <span class='ocr_line' id='line_1_32' title="bbox 125 2913 1689 2988; baseline 0.002 -21"><span class='ocrx_word' id='word_1_239' title='bbox 125 2913 151 2966; x_wconf 85' lang='grc' dir='ltr'><strong>ό</strong></span> <span class='ocrx_word' id='word_1_240' title='bbox 178 2915 382 2988; x_wconf 80' lang='grc' dir='ltr'>Πατὴρ,</span> <span class='ocrx_word' id='word_1_241' title='bbox 411 2916 528 2987; x_wconf 61' lang='lat' dir='ltr'><strong>tua</strong></span> <span class='ocrx_word' id='word_1_242' title='bbox 561 2916 730 2971; x_wconf 68' lang='grc' dir='ltr'>ἔστιν.</span> <span class='ocrx_word' id='word_1_243' title='bbox 750 2935 771 2969; x_wconf 72' lang='grc' dir='ltr'><strong><em>ι</em></strong></span> <span class='ocrx_word' id='word_1_244' title='bbox 808 2913 900 2988; x_wconf 82' lang='grc' dir='ltr'><strong>Τῷ</strong></span> <span class='ocrx_word' id='word_1_245' title='bbox 920 2916 1036 2970; x_wconf 76' lang='lat' dir='ltr'><strong>sm</strong></span> <span class='ocrx_word' id='word_1_246' title='bbox 1065 2915 1173 2988; x_wconf 84' lang='grc' dir='ltr'>γὰρ</span> <span class='ocrx_word' id='word_1_247' title='bbox 1201 2914 1300 2987; x_wconf 85' lang='grc' dir='ltr'>τῆς</span> <span class='ocrx_word' id='word_1_248' title='bbox 1330 2913 1540 2979; x_wconf 85' lang='grc' dir='ltr'>εἰκόνος</span> <span class='ocrx_word' id='word_1_249' title='bbox 1567 2914 1689 2970; x_wconf 64' lang='grc' dir='ltr'>ἐστὶ</span> 
     </span>
    </p>
   </div>
   <div class='ocr_carea' id='block_1_33' title="bbox 121 3005 1269 3083">
    <p class='ocr_par' dir='ltr' id='par_1_33' title="bbox 121 3005 1269 3083">
     <span class='ocr_line' id='line_1_33' title="bbox 121 3005 1269 3083; baseline 0.003 -23"><span class='ocrx_word' id='word_1_250' title='bbox 121 3005 287 3062; x_wconf 85' lang='grc' dir='ltr'>πάντα</span> <span class='ocrx_word' id='word_1_251' title='bbox 310 3009 409 3064; x_wconf 81' lang='grc' dir='ltr'>ὅσα</span> <span class='ocrx_word' id='word_1_252' title='bbox 435 3008 564 3063; x_wconf 69' lang='lat' dir='ltr'><strong>lati</strong></span> <span class='ocrx_word' id='word_1_253' title='bbox 591 3012 659 3083; x_wconf 75' lang='grc' dir='ltr'><strong>τῇ</strong></span> <span class='ocrx_word' id='word_1_254' title='bbox 687 3008 1031 3082; x_wconf 79' lang='grc' dir='ltr'>πρωτοτῦπῳ</span> <span class='ocrx_word' id='word_1_255' title='bbox 1062 3011 1269 3081; x_wconf 73' lang='grc' dir='ltr'>μορφῇ.</span> 
     </span>
    </p>
   </div>
   <div class='ocr_carea' id='block_1_34' title="bbox 1802 503 3383 577">
    <p class='ocr_par' dir='ltr' id='par_1_34' title="bbox 1802 503 3383 577">
     <span class='ocr_line' id='line_1_34' title="bbox 1802 503 3383 577; baseline -0.005 -14"><span class='ocrx_word' id='word_1_256' title='bbox 1802 508 1858 564; x_wconf 89' lang='lat' dir='ltr'><strong>in</strong></span> <span class='ocrx_word' id='word_1_257' title='bbox 1895 517 2063 577; x_wconf 87' lang='lat' dir='ltr'><strong>terra,</strong></span> <span class='ocrx_word' id='word_1_258' title='bbox 2106 510 2266 566; x_wconf 88' lang='lat' dir='ltr'><strong>nobis</strong></span> <span class='ocrx_word' id='word_1_259' title='bbox 2315 518 2502 564; x_wconf 86' lang='lat' dir='ltr'><strong>tamen</strong></span> <span class='ocrx_word' id='word_1_260' title='bbox 2544 522 2689 562; x_wconf 90' lang='lat' dir='ltr'><strong>unus</strong></span> <span class='ocrx_word' id='word_1_261' title='bbox 2740 504 2883 561; x_wconf 83' lang='lat' dir='ltr'><strong>Deus</strong></span> <span class='ocrx_word' id='word_1_262' title='bbox 2934 503 3116 569; x_wconf 85' lang='lat' dir='ltr'><strong>Pater,</strong></span> <span class='ocrx_word' id='word_1_263' title='bbox 3167 516 3231 558; x_wconf 78' lang='lat' dir='ltr'><strong>ex</strong></span> <span class='ocrx_word' id='word_1_264' title='bbox 3274 520 3383 573; x_wconf 86' lang='lat' dir='ltr'><strong>quo</strong></span> 
     </span>
    </p>
   </div>
   <div class='ocr_carea' id='block_1_35' title="bbox 1797 594 3377 668">
    <p class='ocr_par' dir='ltr' id='par_1_35' title="bbox 1797 594 3377 668">
     <span class='ocr_line' id='line_1_35' title="bbox 1797 594 3377 668; baseline -0.004 -10"><span class='ocrx_word' id='word_1_265' title='bbox 1797 602 2009 668; x_wconf 85' lang='lat' dir='ltr'><strong>omnia,</strong></span> <span class='ocrx_word' id='word_1_266' title='bbox 2035 611 2091 657; x_wconf 90' lang='lat' dir='ltr'><strong>et</strong></span> <span class='ocrx_word' id='word_1_267' title='bbox 2139 615 2238 657; x_wconf 89' lang='lat' dir='ltr'><strong>nos</strong></span> <span class='ocrx_word' id='word_1_268' title='bbox 2269 603 2325 656; x_wconf 92' lang='lat' dir='ltr'><strong>in</strong></span> <span class='ocrx_word' id='word_1_269' title='bbox 2380 601 2533 657; x_wconf 87' lang='lat' dir='ltr'><strong>illum</strong></span> <span class='ocrx_word' id='word_1_270' title='bbox 2574 617 2588 654; x_wconf 90' lang='lat'><strong>:</strong></span> <span class='ocrx_word' id='word_1_271' title='bbox 2625 605 2680 656; x_wconf 88' lang='lat' dir='ltr'><strong>et</strong></span> <span class='ocrx_word' id='word_1_272' title='bbox 2707 613 2854 654; x_wconf 83' lang='lat' dir='ltr'><strong>unus</strong></span> <span class='ocrx_word' id='word_1_273' title='bbox 2894 596 3058 652; x_wconf 82' lang='lat' dir='ltr'><strong>Jesus</strong></span> <span class='ocrx_word' id='word_1_274' title='bbox 3096 594 3377 659; x_wconf 88' lang='lat' dir='ltr'><strong>Christus,</strong></span> 
     </span>
    </p>
   </div>
   <div class='ocr_carea' id='block_1_36' title="bbox 1798 686 3380 767">
    <p class='ocr_par' dir='ltr' id='par_1_36' title="bbox 1798 686 3380 767">
     <span class='ocr_line' id='line_1_36' title="bbox 1798 686 3380 767; baseline -0.005 -17"><span class='ocrx_word' id='word_1_275' title='bbox 1798 709 1896 765; x_wconf 88' lang='lat' dir='ltr'><strong>per</strong></span> <span class='ocrx_word' id='word_1_276' title='bbox 1921 711 2081 767; x_wconf 84' lang='lat' dir='ltr'><strong>quem</strong></span> <span class='ocrx_word' id='word_1_277' title='bbox 2107 695 2313 762; x_wconf 85' lang='lat' dir='ltr'><strong>omnia,</strong></span> <span class='ocrx_word' id='word_1_278' title='bbox 2335 700 2391 750; x_wconf 91' lang='lat' dir='ltr'><strong>et</strong></span> <span class='ocrx_word' id='word_1_279' title='bbox 2420 707 2521 748; x_wconf 89' lang='lat' dir='ltr'><strong>nos</strong></span> <span class='ocrx_word' id='word_1_280' title='bbox 2559 706 2656 763; x_wconf 85' lang='lat' dir='ltr'><strong>per</strong></span> <span class='ocrx_word' id='word_1_281' title='bbox 2686 690 2867 763; x_wconf 87' lang='lat' dir='ltr'><strong>ipsum</strong></span> <span class='ocrx_word' id='word_1_282' title='bbox 2896 707 2911 744; x_wconf 88' lang='lat'><strong>:</strong></span> <span class='ocrx_word' id='word_1_283' title='bbox 2949 697 3004 745; x_wconf 89' lang='lat' dir='ltr'><strong>et</strong></span> <span class='ocrx_word' id='word_1_284' title='bbox 3025 704 3173 744; x_wconf 88' lang='lat' dir='ltr'><strong>unus</strong></span> <span class='ocrx_word' id='word_1_285' title='bbox 3204 686 3380 757; x_wconf 84' lang='lat' dir='ltr'><strong>Spiri-</strong></span> 
     </span>
    </p>
   </div>
   <div class='ocr_carea' id='block_1_37' title="bbox 1797 784 3152 859">
    <p class='ocr_par' dir='ltr' id='par_1_37' title="bbox 1797 784 3152 859">
     <span class='ocr_line' id='line_1_37' title="bbox 1797 784 3152 859; baseline -0.007 -15"><span class='ocrx_word' id='word_1_286' title='bbox 1797 797 1888 844; x_wconf 92' lang='lat' dir='ltr'><strong>tus</strong></span> <span class='ocrx_word' id='word_1_287' title='bbox 1907 799 2151 854; x_wconf 88' lang='lat' dir='ltr'><strong>sanctus,</strong></span> <span class='ocrx_word' id='word_1_288' title='bbox 2185 789 2239 844; x_wconf 91' lang='lat' dir='ltr'><strong>in</strong></span> <span class='ocrx_word' id='word_1_289' title='bbox 2270 803 2378 859; x_wconf 87' lang='lat' dir='ltr'><strong>quo</strong></span> <span class='ocrx_word' id='word_1_290' title='bbox 2403 785 2608 850; x_wconf 85' lang='lat' dir='ltr'><strong>omnia,</strong></span> <span class='ocrx_word' id='word_1_291' title='bbox 2641 791 2696 841; x_wconf 87' lang='lat' dir='ltr'><strong>et</strong></span> <span class='ocrx_word' id='word_1_292' title='bbox 2729 800 2830 841; x_wconf 81' lang='lat' dir='ltr'><strong>nos</strong></span> <span class='ocrx_word' id='word_1_293' title='bbox 2863 799 2928 840; x_wconf 90' lang='lat' dir='ltr'><strong>ex</strong></span> <span class='ocrx_word' id='word_1_294' title='bbox 2957 784 3099 854; x_wconf 89' lang='lat' dir='ltr'><strong>ipso.</strong></span> <span class='ocrx_word' id='word_1_295' title='bbox 3133 802 3152 835; x_wconf 75' lang='grc' dir='ltr'><strong>ι</strong></span> 
     </span>
    </p>
   </div>
   <div class='ocr_carea' id='block_1_38' title="bbox 1869 875 3384 951">
    <p class='ocr_par' dir='ltr' id='par_1_38' title="bbox 1869 875 3384 951">
     <span class='ocr_line' id='line_1_38' title="bbox 1869 875 3384 951; baseline -0.005 -14"><span class='ocrx_word' id='word_1_296' title='bbox 1869 881 2134 948; x_wconf 75' lang='lat' dir='ltr'><strong>Basilius,</strong></span> <span class='ocrx_word' id='word_1_297' title='bbox 2162 880 2236 935; x_wconf 86' lang='lat' dir='ltr'><strong>De</strong></span> <span class='ocrx_word' id='word_1_298' title='bbox 2259 881 2383 951; x_wconf 79' lang='lat' dir='ltr'><strong>ﬁde.</strong></span> <span class='ocrx_word' id='word_1_299' title='bbox 2409 912 2479 923; x_wconf 93' lang='lat'><strong>—</strong></span> <span class='ocrx_word' id='word_1_300' title='bbox 2507 877 2780 935; x_wconf 84' lang='lat' dir='ltr'><strong>Universa</strong></span> <span class='ocrx_word' id='word_1_301' title='bbox 2823 875 3189 948; x_wconf 79' lang='lat' dir='ltr'><strong>peragrando,</strong></span> <span class='ocrx_word' id='word_1_302' title='bbox 3224 882 3384 944; x_wconf 88' lang='lat' dir='ltr'><strong>teque</strong></span> 
     </span>
    </p>
   </div>
   <div class='ocr_carea' id='block_1_39' title="bbox 1797 970 3381 1051">
    <p class='ocr_par' dir='ltr' id='par_1_39' title="bbox 1797 970 3381 1051">
     <span class='ocr_line' id='line_1_39' title="bbox 1797 970 3381 1051; baseline -0.006 -17"><span class='ocrx_word' id='word_1_303' title='bbox 1797 978 1977 1051; x_wconf 84' lang='lat' dir='ltr'><strong>ipsum</strong></span> <span class='ocrx_word' id='word_1_304' title='bbox 2018 977 2352 1051; x_wconf 71' lang='lat' dir='ltr'><strong>cogitatione</strong></span> <span class='ocrx_word' id='word_1_305' title='bbox 2410 992 2577 1048; x_wconf 83' lang='lat' dir='ltr'><strong>supra</strong></span> <span class='ocrx_word' id='word_1_306' title='bbox 2636 989 2728 1031; x_wconf 89' lang='lat' dir='ltr'><strong>res</strong></span> <span class='ocrx_word' id='word_1_307' title='bbox 2781 973 3040 1042; x_wconf 84' lang='lat' dir='ltr'><strong>conditas</strong></span> <span class='ocrx_word' id='word_1_308' title='bbox 3095 970 3381 1042; x_wconf 80' lang='lat' dir='ltr'><strong>crigendo,</strong></span> 
     </span>
    </p>
   </div>
   <div class='ocr_carea' id='block_1_40' title="bbox 1796 1063 3376 1135">
    <p class='ocr_par' dir='ltr' id='par_1_40' title="bbox 1796 1063 3376 1135">
     <span class='ocr_line' id='line_1_40' title="bbox 1796 1063 3376 1135; baseline -0.004 -7"><span class='ocrx_word' id='word_1_309' title='bbox 1796 1080 2034 1129; x_wconf 87' lang='lat' dir='ltr'><strong>mentem</strong></span> <span class='ocrx_word' id='word_1_310' title='bbox 2073 1070 2305 1128; x_wconf 90' lang='lat' dir='ltr'><strong>ulterius</strong></span> <span class='ocrx_word' id='word_1_311' title='bbox 2326 1070 2606 1135; x_wconf 73' lang='lat' dir='ltr'><strong>attollens,</strong></span> <span class='ocrx_word' id='word_1_312' title='bbox 2629 1068 2872 1124; x_wconf 83' lang='lat' dir='ltr'><strong>divinam</strong></span> <span class='ocrx_word' id='word_1_313' title='bbox 2893 1071 3147 1123; x_wconf 86' lang='lat' dir='ltr'><strong>naturam</strong></span> <span class='ocrx_word' id='word_1_314' title='bbox 3175 1063 3376 1134; x_wconf 70' lang='lat' dir='ltr'><strong>cogita,</strong></span> 
     </span>
    </p>
   </div>
   <div class='ocr_carea' id='block_1_41' title="bbox 1796 1158 3384 1231">
    <p class='ocr_par' dir='ltr' id='par_1_41' title="bbox 1796 1158 3384 1231">
     <span class='ocr_line' id='line_1_41' title="bbox 1796 1158 3384 1231; baseline -0.008 -10"><span class='ocrx_word' id='word_1_315' title='bbox 1796 1164 2073 1231; x_wconf 89' lang='lat' dir='ltr'><strong>stabilem,</strong></span> <span class='ocrx_word' id='word_1_316' title='bbox 2124 1164 2194 1220; x_wconf 86' lang='lat' dir='ltr'><strong>ab</strong></span> <span class='ocrx_word' id='word_1_317' title='bbox 2221 1164 2370 1219; x_wconf 87' lang='lat' dir='ltr'><strong>omni</strong></span> <span class='ocrx_word' id='word_1_318' title='bbox 2413 1161 2740 1228; x_wconf 78' lang='lat' dir='ltr'><strong>mutatione,</strong></span> <span class='ocrx_word' id='word_1_319' title='bbox 2774 1158 3136 1217; x_wconf 83' lang='lat' dir='ltr'><strong>conversione</strong></span> <span class='ocrx_word' id='word_1_320' title='bbox 3174 1165 3225 1212; x_wconf 91' lang='lat' dir='ltr'><strong>et</strong></span> <span class='ocrx_word' id='word_1_321' title='bbox 3260 1171 3384 1227; x_wconf 79' lang='lat' dir='ltr'><strong>per-</strong></span> 
     </span>
    </p>
   </div>
   <div class='ocr_carea' id='block_1_42' title="bbox 1795 1247 3380 1330">
    <p class='ocr_par' dir='ltr' id='par_1_42' title="bbox 1795 1247 3380 1330">
     <span class='ocr_line' id='line_1_42' title="bbox 1795 1247 3380 1330; baseline -0.011 -14"><span class='ocrx_word' id='word_1_322' title='bbox 1795 1258 2055 1330; x_wconf 87' lang='lat' dir='ltr'><strong>pessione</strong></span> <span class='ocrx_word' id='word_1_323' title='bbox 2091 1262 2385 1322; x_wconf 84' lang='lat' dir='ltr'><strong>remotam,</strong></span> <span class='ocrx_word' id='word_1_324' title='bbox 2433 1252 2760 1324; x_wconf 86' lang='lat' dir='ltr'><strong>simplicem.</strong></span> <span class='ocrx_word' id='word_1_325' title='bbox 2791 1257 3075 1322; x_wconf 76' lang='lat' dir='ltr'><strong>expertem</strong></span> <span class='ocrx_word' id='word_1_326' title='bbox 3099 1247 3380 1317; x_wconf 70' lang='lat' dir='ltr'><strong>composi-</strong></span> 
     </span>
    </p>
   </div>
   <div class='ocr_carea' id='block_1_43' title="bbox 1794 1340 3379 1416">
    <p class='ocr_par' dir='ltr' id='par_1_43' title="bbox 1794 1340 3379 1416">
     <span class='ocr_line' id='line_1_43' title="bbox 1794 1340 3379 1416; baseline -0.008 -11"><span class='ocrx_word' id='word_1_327' title='bbox 1794 1350 1963 1407; x_wconf 85' lang='lat' dir='ltr'><strong>tionis</strong></span> <span class='ocrx_word' id='word_1_328' title='bbox 1999 1358 2054 1408; x_wconf 88' lang='lat' dir='ltr'><strong>et</strong></span> <span class='ocrx_word' id='word_1_329' title='bbox 2085 1348 2417 1416; x_wconf 83' lang='lat' dir='ltr'><strong>divisionis;</strong></span> <span class='ocrx_word' id='word_1_330' title='bbox 2468 1348 2652 1403; x_wconf 89' lang='lat' dir='ltr'><strong>lumen</strong></span> <span class='ocrx_word' id='word_1_331' title='bbox 2699 1346 3065 1408; x_wconf 87' lang='lat' dir='ltr'><strong>inaccessum,</strong></span> <span class='ocrx_word' id='word_1_332' title='bbox 3116 1340 3379 1396; x_wconf 80' lang='lat' dir='ltr'><strong>virtutem</strong></span> 
     </span>
    </p>
   </div>
   <div class='ocr_carea' id='block_1_44' title="bbox 1793 1431 3380 1505">
    <p class='ocr_par' dir='ltr' id='par_1_44' title="bbox 1793 1431 3380 1505">
     <span class='ocr_line' id='line_1_44' title="bbox 1793 1431 3380 1505; baseline -0.009 -5"><span class='ocrx_word' id='word_1_333' title='bbox 1793 1442 2239 1505; x_wconf 85' lang='lat' dir='ltr'><strong>inenarrabilem,</strong></span> <span class='ocrx_word' id='word_1_334' title='bbox 2272 1439 2616 1496; x_wconf 72' lang='lat' dir='ltr'><strong>indefinitum</strong></span> <span class='ocrx_word' id='word_1_335' title='bbox 2644 1434 3108 1504; x_wconf 75' lang='lat' dir='ltr'><strong>magnitudinem,</strong></span> <span class='ocrx_word' id='word_1_336' title='bbox 3140 1431 3380 1504; x_wconf 83' lang='lat' dir='ltr'><strong>gloriam</strong></span> 
     </span>
    </p>
   </div>
   <div class='ocr_carea' id='block_1_45' title="bbox 1793 1521 3376 1598">
    <p class='ocr_par' dir='ltr' id='par_1_45' title="bbox 1793 1521 3376 1598">
     <span class='ocr_line' id='line_1_45' title="bbox 1793 1521 3376 1598; baseline -0.011 -9"><span class='ocrx_word' id='word_1_337' title='bbox 1793 1535 1934 1590; x_wconf 89' lang='lat' dir='ltr'><strong>ultra</strong></span> <span class='ocrx_word' id='word_1_338' title='bbox 1968 1534 2191 1588; x_wconf 88' lang='lat' dir='ltr'><strong>modum</strong></span> <span class='ocrx_word' id='word_1_339' title='bbox 2237 1531 2584 1593; x_wconf 81' lang='lat' dir='ltr'><strong>rutilantem,</strong></span> <span class='ocrx_word' id='word_1_340' title='bbox 2637 1523 3001 1598; x_wconf 80' lang='lat' dir='ltr'><strong>expetendam</strong></span> <span class='ocrx_word' id='word_1_341' title='bbox 3049 1521 3376 1584; x_wconf 85' lang='lat' dir='ltr'><strong>bonitatem,</strong></span> 
     </span>
    </p>
   </div>
   <div class='ocr_carea' id='block_1_46' title="bbox 1791 1611 3377 1697">
    <p class='ocr_par' dir='ltr' id='par_1_46' title="bbox 1791 1611 3377 1697">
     <span class='ocr_line' id='line_1_46' title="bbox 1791 1611 3377 1697; baseline -0.011 -16"><span class='ocrx_word' id='word_1_342' title='bbox 1791 1623 2260 1697; x_wconf 83' lang='lat' dir='ltr'><strong>pulchritudinem</strong></span> <span class='ocrx_word' id='word_1_343' title='bbox 2321 1621 2709 1692; x_wconf 77' lang='lat' dir='ltr'><strong>singularem,</strong></span> <span class='ocrx_word' id='word_1_344' title='bbox 2781 1629 3016 1687; x_wconf 81' lang='lat' dir='ltr'><strong>quasque</strong></span> <span class='ocrx_word' id='word_1_345' title='bbox 3079 1611 3377 1670; x_wconf 84' lang='lat' dir='ltr'><strong>sauciatam</strong></span> 
     </span>
    </p>
   </div>
   <div class='ocr_carea' id='block_1_47' title="bbox 1793 1704 3380 1789">
    <p class='ocr_par' dir='ltr' id='par_1_47' title="bbox 1793 1704 3380 1789">
     <span class='ocr_line' id='line_1_47' title="bbox 1793 1704 3380 1789; baseline -0.01 -17"><span class='ocrx_word' id='word_1_346' title='bbox 1793 1717 2008 1789; x_wconf 86' lang='lat' dir='ltr'><strong>quidem</strong></span> <span class='ocrx_word' id='word_1_347' title='bbox 2039 1715 2280 1771; x_wconf 83' lang='lat' dir='ltr'><strong>animam</strong></span> <span class='ocrx_word' id='word_1_348' title='bbox 2311 1713 2668 1770; x_wconf 85' lang='lat' dir='ltr'><strong>vehementer</strong></span> <span class='ocrx_word' id='word_1_349' title='bbox 2694 1706 3040 1780; x_wconf 76' lang='lat' dir='ltr'><strong>perstringit,</strong></span> <span class='ocrx_word' id='word_1_350' title='bbox 3092 1704 3224 1774; x_wconf 90' lang='lat' dir='ltr'><strong>quin</strong></span> <span class='ocrx_word' id='word_1_351' title='bbox 3279 1716 3380 1757; x_wconf 90' lang='lat' dir='ltr'><strong>nec</strong></span> 
     </span>
    </p>
   </div>
   <div class='ocr_carea' id='block_1_48' title="bbox 1795 1795 3379 1878">
    <p class='ocr_par' dir='ltr' id='par_1_48' title="bbox 1795 1795 3379 1878">
     <span class='ocr_line' id='line_1_48' title="bbox 1795 1795 3379 1878; baseline -0.013 -11"><span class='ocrx_word' id='word_1_352' title='bbox 1795 1810 1982 1867; x_wconf 86' lang='lat' dir='ltr'><strong>verbis</strong></span> <span class='ocrx_word' id='word_1_353' title='bbox 2034 1809 2164 1865; x_wconf 90' lang='lat' dir='ltr'><strong>ullis</strong></span> <span class='ocrx_word' id='word_1_354' title='bbox 2213 1821 2315 1878; x_wconf 88' lang='lat' dir='ltr'><strong>pro</strong></span> <span class='ocrx_word' id='word_1_355' title='bbox 2362 1804 2630 1878; x_wconf 76' lang='lat' dir='ltr'><strong>dignitate</strong></span> <span class='ocrx_word' id='word_1_356' title='bbox 2679 1801 2859 1874; x_wconf 87' lang='lat' dir='ltr'><strong>possit</strong></span> <span class='ocrx_word' id='word_1_357' title='bbox 2906 1798 3198 1854; x_wconf 85' lang='lat' dir='ltr'><strong>declarari.</strong></span> <span class='ocrx_word' id='word_1_358' title='bbox 3261 1795 3379 1848; x_wconf 87' lang='lat' dir='ltr'><strong>illic</strong></span> 
     </span>
    </p>
   </div>
   <div class='ocr_carea' id='block_1_49' title="bbox 1788 1890 3376 1970">
    <p class='ocr_par' dir='ltr' id='par_1_49' title="bbox 1788 1890 3376 1970">
     <span class='ocr_line' id='line_1_49' title="bbox 1788 1890 3376 1970; baseline -0.011 -10"><span class='ocrx_word' id='word_1_359' title='bbox 1788 1902 1974 1970; x_wconf 81' lang='lat' dir='ltr'><strong>Pater,</strong></span> <span class='ocrx_word' id='word_1_360' title='bbox 2021 1900 2138 1957; x_wconf 91' lang='lat' dir='ltr'><strong>illic</strong></span> <span class='ocrx_word' id='word_1_361' title='bbox 2175 1900 2376 1968; x_wconf 86' lang='lat' dir='ltr'><strong>Filius,</strong></span> <span class='ocrx_word' id='word_1_362' title='bbox 2420 1897 2534 1953; x_wconf 91' lang='lat' dir='ltr'><strong>illic</strong></span> <span class='ocrx_word' id='word_1_363' title='bbox 2561 1894 2805 1968; x_wconf 83' lang='lat' dir='ltr'><strong>Spiritus</strong></span> <span class='ocrx_word' id='word_1_364' title='bbox 2835 1902 3085 1956; x_wconf 89' lang='lat' dir='ltr'><strong>sanctus,</strong></span> <span class='ocrx_word' id='word_1_365' title='bbox 3128 1890 3376 1945; x_wconf 85' lang='lat' dir='ltr'><strong>incrcata</strong></span> 
     </span>
    </p>
   </div>
   <div class='ocr_carea' id='block_1_50' title="bbox 1791 1980 3377 2060">
    <p class='ocr_par' dir='ltr' id='par_1_50' title="bbox 1791 1980 3377 2060">
     <span class='ocr_line' id='line_1_50' title="bbox 1791 1980 3377 2060; baseline -0.011 -9"><span class='ocrx_word' id='word_1_366' title='bbox 1791 2002 2012 2060; x_wconf 87' lang='lat' dir='ltr'><strong>natura,</strong></span> <span class='ocrx_word' id='word_1_367' title='bbox 2041 1993 2232 2050; x_wconf 82' lang='lat' dir='ltr'><strong>herilis</strong></span> <span class='ocrx_word' id='word_1_368' title='bbox 2262 1991 2590 2054; x_wconf 80' lang='lat' dir='ltr'><strong>auctoritas,</strong></span> <span class='ocrx_word' id='word_1_369' title='bbox 2627 1988 2849 2044; x_wconf 89' lang='lat' dir='ltr'><strong>bonitas</strong></span> <span class='ocrx_word' id='word_1_370' title='bbox 2882 1983 3180 2040; x_wconf 80' lang='lat' dir='ltr'><strong>naturalis.</strong></span> <span class='ocrx_word' id='word_1_371' title='bbox 3213 1980 3377 2035; x_wconf 62' lang='lat' dir='ltr'><strong>Pater</strong></span> 
     </span>
    </p>
   </div>
   <div class='ocr_carea' id='block_1_51' title="bbox 1789 2073 3376 2154">
    <p class='ocr_par' dir='ltr' id='par_1_51' title="bbox 1789 2073 3376 2154">
     <span class='ocr_line' id='line_1_51' title="bbox 1789 2073 3376 2154; baseline -0.009 -13"><span class='ocrx_word' id='word_1_372' title='bbox 1789 2086 2036 2141; x_wconf 85' lang='lat' dir='ltr'><strong>omnium</strong></span> <span class='ocrx_word' id='word_1_373' title='bbox 2063 2094 2147 2142; x_wconf 87' lang='lat' dir='ltr'><strong>est</strong></span> <span class='ocrx_word' id='word_1_374' title='bbox 2174 2084 2352 2154; x_wconf 86' lang='lat' dir='ltr'><strong>origo,</strong></span> <span class='ocrx_word' id='word_1_375' title='bbox 2380 2089 2435 2139; x_wconf 92' lang='lat' dir='ltr'><strong>et</strong></span> <span class='ocrx_word' id='word_1_376' title='bbox 2463 2080 2744 2137; x_wconf 86' lang='lat' dir='ltr'><strong>universis</strong></span> <span class='ocrx_word' id='word_1_377' title='bbox 2765 2093 2888 2150; x_wconf 71' lang='lat' dir='ltr'><strong>qua:</strong></span> <span class='ocrx_word' id='word_1_378' title='bbox 2923 2087 3052 2134; x_wconf 91' lang='lat' dir='ltr'><strong>sunt</strong></span> <span class='ocrx_word' id='word_1_379' title='bbox 3075 2073 3376 2131; x_wconf 82' lang='lat' dir='ltr'><strong>exsistendi</strong></span> 
     </span>
    </p>
   </div>
   <div class='ocr_carea' id='block_1_52' title="bbox 1792 2167 3372 2242">
    <p class='ocr_par' dir='ltr' id='par_1_52' title="bbox 1792 2167 3372 2242">
     <span class='ocr_line' id='line_1_52' title="bbox 1792 2167 3372 2242; baseline -0.007 -9"><span class='ocrx_word' id='word_1_380' title='bbox 1792 2191 1982 2241; x_wconf 88' lang='lat' dir='ltr'><strong>causa,</strong></span> <span class='ocrx_word' id='word_1_381' title='bbox 2030 2189 2246 2232; x_wconf 88' lang='lat' dir='ltr'><strong>necnon</strong></span> <span class='ocrx_word' id='word_1_382' title='bbox 2282 2173 2581 2231; x_wconf 89' lang='lat' dir='ltr'><strong>viventium</strong></span> <span class='ocrx_word' id='word_1_383' title='bbox 2607 2171 2790 2239; x_wconf 81' lang='lat' dir='ltr'><strong>radix,</strong></span> <span class='ocrx_word' id='word_1_384' title='bbox 2833 2171 2979 2227; x_wconf 88' lang='lat' dir='ltr'><strong>unde</strong></span> <span class='ocrx_word' id='word_1_385' title='bbox 3011 2170 3214 2242; x_wconf 84' lang='lat' dir='ltr'><strong>prodiit</strong></span> <span class='ocrx_word' id='word_1_386' title='bbox 3253 2167 3372 2223; x_wconf 80' lang='lat' dir='ltr'><strong>fons</strong></span> 
     </span>
    </p>
   </div>
   <div class='ocr_carea' id='block_1_53' title="bbox 1794 2261 3376 2342">
    <p class='ocr_par' dir='ltr' id='par_1_53' title="bbox 1794 2261 3376 2342">
     <span class='ocr_line' id='line_1_53' title="bbox 1794 2261 3376 2342; baseline -0.006 -18"><span class='ocrx_word' id='word_1_387' title='bbox 1794 2271 1945 2337; x_wconf 74' lang='lat' dir='ltr'><strong>vitae,</strong></span> <span class='ocrx_word' id='word_1_388' title='bbox 2004 2267 2299 2342; x_wconf 86' lang='lat' dir='ltr'><strong>sapientia,</strong></span> <span class='ocrx_word' id='word_1_389' title='bbox 2350 2266 2619 2338; x_wconf 89' lang='lat' dir='ltr'><strong>potentia,</strong></span> <span class='ocrx_word' id='word_1_390' title='bbox 2678 2264 2864 2336; x_wconf 86' lang='lat' dir='ltr'><strong>imago</strong></span> <span class='ocrx_word' id='word_1_391' title='bbox 2895 2276 3128 2334; x_wconf 87' lang='lat' dir='ltr'><strong>prorsus</strong></span> <span class='ocrx_word' id='word_1_392' title='bbox 3180 2261 3376 2318; x_wconf 88' lang='lat' dir='ltr'><strong>similis</strong></span> 
     </span>
    </p>
   </div>
   <div class='ocr_carea' id='block_1_54' title="bbox 1795 2353 3374 2426">
    <p class='ocr_par' dir='ltr' id='par_1_54' title="bbox 1795 2353 3374 2426">
     <span class='ocr_line' id='line_1_54' title="bbox 1795 2353 3374 2426; baseline -0.007 -8"><span class='ocrx_word' id='word_1_393' title='bbox 1795 2362 2094 2420; x_wconf 87' lang='lat' dir='ltr'><strong>invisibilis</strong></span> <span class='ocrx_word' id='word_1_394' title='bbox 2155 2360 2286 2424; x_wconf 90' lang='lat' dir='ltr'><strong>Dei,</strong></span> <span class='ocrx_word' id='word_1_395' title='bbox 2345 2357 2519 2414; x_wconf 85' lang='lat' dir='ltr'><strong>Filius</strong></span> <span class='ocrx_word' id='word_1_396' title='bbox 2556 2372 2625 2414; x_wconf 89' lang='lat' dir='ltr'><strong>ex</strong></span> <span class='ocrx_word' id='word_1_397' title='bbox 2677 2353 2842 2411; x_wconf 83' lang='lat' dir='ltr'><strong>Patre</strong></span> <span class='ocrx_word' id='word_1_398' title='bbox 2885 2355 3128 2426; x_wconf 86' lang='lat' dir='ltr'><strong>genitus,</strong></span> <span class='ocrx_word' id='word_1_399' title='bbox 3186 2354 3374 2409; x_wconf 88' lang='lat' dir='ltr'><strong>vivens</strong></span> 
     </span>
    </p>
   </div>
   <div class='ocr_carea' id='block_1_55' title="bbox 1793 2447 3370 2522">
    <p class='ocr_par' dir='ltr' id='par_1_55' title="bbox 1793 2447 3370 2522">
     <span class='ocr_line' id='line_1_55' title="bbox 1793 2447 3370 2522; baseline -0.008 -11"><span class='ocrx_word' id='word_1_400' title='bbox 1793 2453 2056 2516; x_wconf 75' lang='lat' dir='ltr'><strong>Verbum,</strong></span> <span class='ocrx_word' id='word_1_401' title='bbox 2089 2451 2182 2522; x_wconf 85' lang='lat' dir='ltr'><strong>qui</strong></span> <span class='ocrx_word' id='word_1_402' title='bbox 2237 2449 2386 2507; x_wconf 86' lang='lat' dir='ltr'><strong>Deus</strong></span> <span class='ocrx_word' id='word_1_403' title='bbox 2432 2458 2538 2514; x_wconf 86' lang='lat' dir='ltr'><strong>est,</strong></span> <span class='ocrx_word' id='word_1_404' title='bbox 2585 2456 2641 2505; x_wconf 89' lang='lat' dir='ltr'><strong>et</strong></span> <span class='ocrx_word' id='word_1_405' title='bbox 2687 2460 2773 2504; x_wconf 88' lang='lat' dir='ltr'><strong>est</strong></span> <span class='ocrx_word' id='word_1_406' title='bbox 2815 2447 2959 2518; x_wconf 88' lang='lat' dir='ltr'><strong>apud</strong></span> <span class='ocrx_word' id='word_1_407' title='bbox 3021 2447 3210 2511; x_wconf 87' lang='lat' dir='ltr'><strong>Deum,</strong></span> <span class='ocrx_word' id='word_1_408' title='bbox 3260 2460 3370 2500; x_wconf 91' lang='lat' dir='ltr'><strong>non</strong></span> 
     </span>
    </p>
   </div>
   <div class='ocr_carea' id='block_1_56' title="bbox 1792 2537 3370 2614">
    <p class='ocr_par' dir='ltr' id='par_1_56' title="bbox 1792 2537 3370 2614">
     <span class='ocr_line' id='line_1_56' title="bbox 1792 2537 3370 2614; baseline -0.008 -12"><span class='ocrx_word' id='word_1_409' title='bbox 1792 2544 2163 2610; x_wconf 80' lang='lat' dir='ltr'><strong>adventitius;</strong></span> <span class='ocrx_word' id='word_1_410' title='bbox 2191 2551 2318 2599; x_wconf 88' lang='lat' dir='ltr'><strong>ante</strong></span> <span class='ocrx_word' id='word_1_411' title='bbox 2357 2542 2560 2598; x_wconf 81' lang='lat' dir='ltr'><strong>saecula</strong></span> <span class='ocrx_word' id='word_1_412' title='bbox 2603 2543 2844 2614; x_wconf 83' lang='lat' dir='ltr'><strong>genitus,</strong></span> <span class='ocrx_word' id='word_1_413' title='bbox 2876 2556 2984 2596; x_wconf 91' lang='lat' dir='ltr'><strong>non</strong></span> <span class='ocrx_word' id='word_1_414' title='bbox 3018 2537 3370 2610; x_wconf 88' lang='lat' dir='ltr'><strong>postmodum</strong></span> 
     </span>
    </p>
   </div>
   <div class='ocr_carea' id='block_1_57' title="bbox 1787 2627 3370 2706">
    <p class='ocr_par' dir='ltr' id='par_1_57' title="bbox 1787 2627 3370 2706">
     <span class='ocr_line' id='line_1_57' title="bbox 1787 2627 3370 2706; baseline -0.008 -13"><span class='ocrx_word' id='word_1_415' title='bbox 1787 2638 2010 2694; x_wconf 83' lang='lat' dir='ltr'><strong>tandem</strong></span> <span class='ocrx_word' id='word_1_416' title='bbox 2047 2634 2354 2706; x_wconf 86' lang='lat' dir='ltr'><strong>acquisitus</strong></span> <span class='ocrx_word' id='word_1_417' title='bbox 2379 2651 2396 2700; x_wconf 90' lang='lat'><strong>;</strong></span> <span class='ocrx_word' id='word_1_418' title='bbox 2419 2630 2615 2698; x_wconf 86' lang='lat' dir='ltr'><strong>Filius,</strong></span> <span class='ocrx_word' id='word_1_419' title='bbox 2641 2647 2754 2688; x_wconf 90' lang='lat' dir='ltr'><strong>non</strong></span> <span class='ocrx_word' id='word_1_420' title='bbox 2788 2631 3071 2703; x_wconf 88' lang='lat' dir='ltr'><strong>possessio</strong></span> <span class='ocrx_word' id='word_1_421' title='bbox 3099 2627 3370 2701; x_wconf 66' lang='lat' dir='ltr'><strong>quaedam,</strong></span> 
     </span>
    </p>
   </div>
   <div class='ocr_carea' id='block_1_58' title="bbox 1787 2723 3375 2796">
    <p class='ocr_par' dir='ltr' id='par_1_58' title="bbox 1787 2723 3375 2796">
     <span class='ocr_line' id='line_1_58' title="bbox 1787 2723 3375 2796; baseline -0.006 -11"><span class='ocrx_word' id='word_1_422' title='bbox 1787 2727 1987 2793; x_wconf 72' lang='lat' dir='ltr'><strong>Factor,</strong></span> <span class='ocrx_word' id='word_1_423' title='bbox 2043 2741 2156 2782; x_wconf 87' lang='lat' dir='ltr'><strong>non</strong></span> <span class='ocrx_word' id='word_1_424' title='bbox 2204 2724 2479 2780; x_wconf 80' lang='lat' dir='ltr'><strong>factitium</strong></span> <span class='ocrx_word' id='word_1_425' title='bbox 2531 2723 2782 2796; x_wconf 82' lang='lat' dir='ltr'><strong>aliquid;</strong></span> <span class='ocrx_word' id='word_1_426' title='bbox 2833 2731 3070 2788; x_wconf 87' lang='lat' dir='ltr'><strong>creator,</strong></span> <span class='ocrx_word' id='word_1_427' title='bbox 3123 2734 3234 2775; x_wconf 89' lang='lat' dir='ltr'><strong>non</strong></span> <span class='ocrx_word' id='word_1_428' title='bbox 3283 2734 3375 2776; x_wconf 85' lang='lat' dir='ltr'><strong>res</strong></span> 
     </span>
    </p>
   </div>
   <div class='ocr_carea' id='block_1_59' title="bbox 1784 2810 3375 2890">
    <p class='ocr_par' dir='ltr' id='par_1_59' title="bbox 1784 2810 3375 2890">
     <span class='ocr_line' id='line_1_59' title="bbox 1784 2810 3375 2890; baseline -0.006 -13"><span class='ocrx_word' id='word_1_429' title='bbox 1784 2832 1990 2885; x_wconf 85' lang='lat' dir='ltr'><strong>creata,</strong></span> <span class='ocrx_word' id='word_1_430' title='bbox 2020 2817 2206 2873; x_wconf 88' lang='lat' dir='ltr'><strong>omnia</strong></span> <span class='ocrx_word' id='word_1_431' title='bbox 2229 2831 2353 2890; x_wconf 66' lang='lat' dir='ltr'><strong>quae</strong></span> <span class='ocrx_word' id='word_1_432' title='bbox 2375 2813 2538 2872; x_wconf 85' lang='lat' dir='ltr'><strong>Pater</strong></span> <span class='ocrx_word' id='word_1_433' title='bbox 2561 2823 2666 2884; x_wconf 89' lang='lat' dir='ltr'><strong>est,</strong></span> <span class='ocrx_word' id='word_1_434' title='bbox 2699 2815 2998 2872; x_wconf 87' lang='lat' dir='ltr'><strong>exsisteus.</strong></span> <span class='ocrx_word' id='word_1_435' title='bbox 3034 2812 3175 2878; x_wconf 89' lang='lat' dir='ltr'><strong>Dixi,</strong></span> <span class='ocrx_word' id='word_1_436' title='bbox 3199 2810 3375 2867; x_wconf 84' lang='lat' dir='ltr'><strong>Filius</strong></span> 
     </span>
    </p>
   </div>
   <div class='ocr_carea' id='block_1_60' title="bbox 1787 2903 3371 2980">
    <p class='ocr_par' dir='ltr' id='par_1_60' title="bbox 1787 2903 3371 2980">
     <span class='ocr_line' id='line_1_60' title="bbox 1787 2903 3371 2980; baseline -0.009 -8"><span class='ocrx_word' id='word_1_437' title='bbox 1787 2923 1842 2972; x_wconf 92' lang='lat' dir='ltr'><strong>et</strong></span> <span class='ocrx_word' id='word_1_438' title='bbox 1872 2912 2078 2969; x_wconf 87' lang='lat' dir='ltr'><strong>Pater:</strong></span> <span class='ocrx_word' id='word_1_439' title='bbox 2113 2909 2199 2967; x_wconf 78' lang='lat' dir='ltr'><strong>fac</strong></span> <span class='ocrx_word' id='word_1_440' title='bbox 2229 2910 2368 2966; x_wconf 83' lang='lat' dir='ltr'><strong>istas</strong></span> <span class='ocrx_word' id='word_1_441' title='bbox 2411 2909 2777 2980; x_wconf 84' lang='lat' dir='ltr'><strong>proprietates</strong></span> <span class='ocrx_word' id='word_1_442' title='bbox 2817 2920 3026 2963; x_wconf 86' lang='lat' dir='ltr'><strong>serves.</strong></span> <span class='ocrx_word' id='word_1_443' title='bbox 3067 2903 3371 2959; x_wconf 81' lang='lat' dir='ltr'><strong>Filietatem</strong></span> 
     </span>
    </p>
   </div>
   <div class='ocr_carea' id='block_1_61' title="bbox 1784 2995 3371 3082">
    <p class='ocr_par' dir='ltr' id='par_1_61' title="bbox 1784 2995 3371 3082">
     <span class='ocr_line' id='line_1_61' title="bbox 1784 2995 3371 3082; baseline -0.009 -18"><span class='ocrx_word' id='word_1_444' title='bbox 1784 3007 1954 3082; x_wconf 88' lang='lat' dir='ltr'><strong>igitur</strong></span> <span class='ocrx_word' id='word_1_445' title='bbox 1986 3006 2253 3071; x_wconf 89' lang='lat' dir='ltr'><strong>retinens,</strong></span> <span class='ocrx_word' id='word_1_446' title='bbox 2307 3010 2509 3060; x_wconf 90' lang='lat' dir='ltr'><strong>cuneta</strong></span> <span class='ocrx_word' id='word_1_447' title='bbox 2548 3010 2633 3058; x_wconf 89' lang='lat' dir='ltr'><strong>est</strong></span> <span class='ocrx_word' id='word_1_448' title='bbox 2675 3016 2799 3072; x_wconf 73' lang='lat' dir='ltr'><strong>qua:</strong></span> <span class='ocrx_word' id='word_1_449' title='bbox 2840 2999 3024 3066; x_wconf 85' lang='lat' dir='ltr'><strong>Pater,</strong></span> <span class='ocrx_word' id='word_1_450' title='bbox 3056 2995 3371 3055; x_wconf 77' lang='lat' dir='ltr'><strong>secundum</strong></span> 
     </span>
    </p>
   </div>
   <div class='ocr_carea' id='block_1_62' title="bbox 126 3093 3371 3176">
    <p class='ocr_par' dir='ltr' id='par_1_62' title="bbox 126 3093 3371 3176">
     <span class='ocr_line' id='line_1_62' title="bbox 126 3093 3371 3176; baseline -0.002 -19"><span class='ocrx_word' id='word_1_451' title='bbox 126 3103 394 3174; x_wconf 76' lang='lat' dir='ltr'><strong>ipsammet</strong></span> <span class='ocrx_word' id='word_1_452' title='bbox 433 3102 656 3161; x_wconf 85' lang='lat' dir='ltr'><strong>Domini</strong></span> <span class='ocrx_word' id='word_1_453' title='bbox 708 3118 921 3172; x_wconf 80' lang='lat' dir='ltr'><strong>vocem,</strong></span> <span class='ocrx_word' id='word_1_454' title='bbox 951 3103 1047 3176; x_wconf 87' lang='lat' dir='ltr'><strong>qui</strong></span> <span class='ocrx_word' id='word_1_455' title='bbox 1093 3103 1216 3159; x_wconf 88' lang='lat' dir='ltr'><strong>ait:</strong></span> <span class='ocrx_word' id='word_1_456' title='bbox 1270 3121 1290 3156; x_wconf 77' lang='grc' dir='ltr'>ι</span> <span class='ocrx_word' id='word_1_457' title='bbox 1326 3100 1522 3159; x_wconf 87' lang='lat' dir='ltr'><strong>Omnia</strong></span> <span class='ocrx_word' id='word_1_458' title='bbox 1559 3116 1684 3176; x_wconf 66' lang='lat' dir='ltr'><strong>qua</strong></span> <span class='ocrx_word' id='word_1_459' title='bbox 1721 3102 1884 3160; x_wconf 83' lang='lat' dir='ltr'><strong>Pater</strong></span> <span class='ocrx_word' id='word_1_460' title='bbox 1912 3101 2076 3158; x_wconf 88' lang='lat' dir='ltr'><strong>habet</strong></span> <span class='ocrx_word' id='word_1_461' title='bbox 2107 3114 2225 3157; x_wconf 87' lang='lat' dir='ltr'><strong>mea</strong></span> <span class='ocrx_word' id='word_1_462' title='bbox 2259 3105 2390 3157; x_wconf 87' lang='lat' dir='ltr'><strong>sunt</strong></span> <span class='ocrx_word' id='word_1_463' title='bbox 2417 3096 2600 3171; x_wconf 77' lang='lat' dir='ltr'><strong>(Joan.</strong></span> <span class='ocrx_word' id='word_1_464' title='bbox 2650 3110 2764 3164; x_wconf 81' lang='lat' dir='ltr'><strong>xvr,</strong></span> <span class='ocrx_word' id='word_1_465' title='bbox 2797 3095 2912 3168; x_wconf 72' lang='grc'>15).</span> <span class='ocrx_word' id='word_1_466' title='bbox 2958 3114 2981 3148; x_wconf 71' lang='grc' dir='ltr'><strong>ι</strong></span> <span class='ocrx_word' id='word_1_467' title='bbox 3042 3093 3178 3151; x_wconf 73' lang='lat' dir='ltr'><strong>Nam</strong></span> <span class='ocrx_word' id='word_1_468' title='bbox 3247 3107 3371 3166; x_wconf 87' lang='lat' dir='ltr'><strong>pro-</strong></span> 
     </span>
    </p>
   </div>
   <div class='ocr_carea' id='block_1_63' title="bbox 126 3196 2302 3271">
    <p class='ocr_par' dir='ltr' id='par_1_63' title="bbox 126 3196 2302 3271">
     <span class='ocr_line' id='line_1_63' title="bbox 126 3196 2302 3271; baseline -0 -19"><span class='ocrx_word' id='word_1_469' title='bbox 126 3197 203 3253; x_wconf 81' lang='lat' dir='ltr'><strong>cul</strong></span> <span class='ocrx_word' id='word_1_470' title='bbox 227 3197 389 3256; x_wconf 90' lang='lat' dir='ltr'><strong>dubio</strong></span> <span class='ocrx_word' id='word_1_471' title='bbox 429 3199 690 3271; x_wconf 81' lang='lat' dir='ltr'><strong>imaginis</strong></span> <span class='ocrx_word' id='word_1_472' title='bbox 734 3207 863 3258; x_wconf 88' lang='lat' dir='ltr'><strong>sunt</strong></span> <span class='ocrx_word' id='word_1_473' title='bbox 911 3211 977 3256; x_wconf 85' lang='lat' dir='ltr'><strong>ea</strong></span> <span class='ocrx_word' id='word_1_474' title='bbox 1017 3199 1202 3258; x_wconf 87' lang='lat' dir='ltr'><strong>omnia</strong></span> <span class='ocrx_word' id='word_1_475' title='bbox 1235 3213 1358 3271; x_wconf 67' lang='lat' dir='ltr'><strong>quae</strong></span> <span class='ocrx_word' id='word_1_476' title='bbox 1405 3199 1681 3271; x_wconf 68' lang='lat' dir='ltr'><strong>primaria:</strong></span> <span class='ocrx_word' id='word_1_477' title='bbox 1716 3199 1909 3266; x_wconf 69' lang='lat' dir='ltr'><strong>formae</strong></span> <span class='ocrx_word' id='word_1_478' title='bbox 1945 3196 2302 3254; x_wconf 87' lang='lat' dir='ltr'><strong>conveniunt.</strong></span> 
     </span>
    </p>
   </div>
   <div class='ocr_carea' id='block_1_64' title="bbox 185 3289 1688 3370">
    <p class='ocr_par' dir='ltr' id='par_1_64' title="bbox 185 3293 1676 3370">
     <span class='ocr_line' id='line_1_64' title="bbox 185 3293 1676 3370; baseline 0.003 -20"><span class='ocrx_word' id='word_1_479' title='bbox 185 3295 322 3352; x_wconf 77' lang='grc' dir='ltr'>Μίαν</span> <span class='ocrx_word' id='word_1_480' title='bbox 348 3295 538 3368; x_wconf 81' lang='grc' dir='ltr'>φωνὴν</span> <span class='ocrx_word' id='word_1_481' title='bbox 561 3294 659 3368; x_wconf 74' lang='grc' dir='ltr'><strong>την</strong></span> <span class='ocrx_word' id='word_1_482' title='bbox 688 3294 879 3367; x_wconf 79' lang='grc' dir='ltr'>αὐτὴν,</span> <span class='ocrx_word' id='word_1_483' title='bbox 911 3293 1323 3368; x_wconf 75' lang='grc' dir='ltr'>καὶ’σύμφωνος</span> <span class='ocrx_word' id='word_1_484' title='bbox 1352 3295 1676 3370; x_wconf 76' lang='grc' dir='ltr'><strong>φθέγξομαι.</strong></span> 
     </span>
    </p>
   </div>
   <div class='ocr_carea' id='block_1_65' title="bbox 1794 3289 3369 3370">
    <p class='ocr_par' dir='ltr' id='par_1_65' title="bbox 1858 3289 3369 3368">
     <span class='ocr_line' id='line_1_65' title="bbox 1858 3289 3369 3368; baseline -0.005 -18"><span class='ocrx_word' id='word_1_485' title='bbox 1858 3293 2015 3368; x_wconf 75' lang='lat' dir='ltr'><strong>Greg.</strong></span> <span class='ocrx_word' id='word_1_486' title='bbox 2053 3293 2197 3350; x_wconf 77' lang='lat' dir='ltr'><strong>Naz.</strong></span> <span class='ocrx_word' id='word_1_487' title='bbox 2258 3301 2400 3350; x_wconf 75' lang='lat' dir='ltr'><strong>orat.</strong></span> <span class='ocrx_word' id='word_1_488' title='bbox 2462 3291 2550 3347; x_wconf 72' lang='grc'><strong>15.</strong></span> <span class='ocrx_word' id='word_1_489' title='bbox 2581 3320 2653 3336; x_wconf 87' lang='lat'><strong>--</strong></span> <span class='ocrx_word' id='word_1_490' title='bbox 2684 3289 2856 3347; x_wconf 85' lang='lat' dir='ltr'><strong>Unam</strong></span> <span class='ocrx_word' id='word_1_491' title='bbox 2903 3289 3262 3361; x_wconf 85' lang='lat' dir='ltr'><strong>eamdemque</strong></span> <span class='ocrx_word' id='word_1_492' title='bbox 3312 3296 3369 3346; x_wconf 91' lang='lat' dir='ltr'><strong>et</strong></span> 
     </span>
    </p>
   </div>
   <div class='ocr_carea' id='block_1_66' title="bbox 129 3383 1685 3460">
    <p class='ocr_par' dir='ltr' id='par_1_66' title="bbox 129 3383 1685 3460">
     <span class='ocr_line' id='line_1_66' title="bbox 129 3383 1685 3460; baseline 0.002 -20"><span class='ocrx_word' id='word_1_493' title='bbox 129 3386 280 3460; x_wconf 84' lang='grc' dir='ltr'>Τριάς</span> <span class='ocrx_word' id='word_1_494' title='bbox 318 3385 393 3453; x_wconf 83' lang='grc' dir='ltr'><strong>ὡς</strong></span> <span class='ocrx_word' id='word_1_495' title='bbox 440 3383 662 3459; x_wconf 79' lang='grc' dir='ltr'>ἀληθῶς</span> <span class='ocrx_word' id='word_1_496' title='bbox 691 3387 726 3458; x_wconf 81' lang='grc' dir='ltr'><strong>ή</strong></span> <span class='ocrx_word' id='word_1_497' title='bbox 763 3385 954 3460; x_wconf 84' lang='grc' dir='ltr'>Τριάς,</span> <span class='ocrx_word' id='word_1_498' title='bbox 993 3384 1250 3456; x_wconf 78' lang='grc' dir='ltr'>ἀδελφοίο</span> <span class='ocrx_word' id='word_1_499' title='bbox 1284 3385 1458 3460; x_wconf 78' lang='grc' dir='ltr'>Τριάς</span> <span class='ocrx_word' id='word_1_500' title='bbox 1496 3386 1576 3455; x_wconf 71' lang='grc' dir='ltr'>δὲ,</span> <span class='ocrx_word' id='word_1_501' title='bbox 1621 3387 1685 3443; x_wconf 81' lang='grc' dir='ltr'>οὒ</span> 
     </span>
    </p>
   </div>
   <div class='ocr_carea' id='block_1_67' title="bbox 127 3477 1689 3553">
    <p class='ocr_par' dir='ltr' id='par_1_67' title="bbox 127 3477 1689 3553">
     <span class='ocr_line' id='line_1_67' title="bbox 127 3477 1689 3553; baseline 0 -19"><span class='ocrx_word' id='word_1_502' title='bbox 127 3481 449 3553; x_wconf 77' lang='grc' dir='ltr'><strong>πραγμάτων</strong></span> <span class='ocrx_word' id='word_1_503' title='bbox 470 3479 676 3536; x_wconf 78' lang='grc' dir='ltr'>ἀνίσων</span> <span class='ocrx_word' id='word_1_504' title='bbox 701 3478 1104 3552; x_wconf 79' lang='grc' dir='ltr'>ἁπαρίθμησις,</span> <span class='ocrx_word' id='word_1_505' title='bbox 1125 3477 1244 3536; x_wconf 80' lang='grc' dir='ltr'>ἀλλ’</span> <span class='ocrx_word' id='word_1_506' title='bbox 1278 3479 1410 3536; x_wconf 81' lang='grc' dir='ltr'>ῖσων</span> <span class='ocrx_word' id='word_1_507' title='bbox 1439 3481 1534 3536; x_wconf 76' lang='grc' dir='ltr'>καὶ</span> <span class='ocrx_word' id='word_1_508' title='bbox 1556 3483 1689 3552; x_wconf 80' lang='grc' dir='ltr'>ὁμο-</span> 
     </span>
    </p>
   </div>
   <div class='ocr_carea' id='block_1_68' title="bbox 128 3571 1688 3648">
    <p class='ocr_par' dir='ltr' id='par_1_68' title="bbox 128 3571 1688 3648">
     <span class='ocr_line' id='line_1_68' title="bbox 128 3571 1688 3648; baseline 0.003 -24"><span class='ocrx_word' id='word_1_509' title='bbox 128 3571 283 3643; x_wconf 83' lang='grc' dir='ltr'>τίμων</span> <span class='ocrx_word' id='word_1_510' title='bbox 311 3572 610 3646; x_wconf 70' lang='grc' dir='ltr'>σύλληψις,</span> <span class='ocrx_word' id='word_1_511' title='bbox 639 3572 868 3644; x_wconf 70' lang='grc' dir='ltr'>ἑνούσης</span> <span class='ocrx_word' id='word_1_512' title='bbox 899 3575 1000 3645; x_wconf 75' lang='grc' dir='ltr'>τῆς</span> <span class='ocrx_word' id='word_1_513' title='bbox 1033 3573 1408 3647; x_wconf 82' lang='grc' dir='ltr'>προσηγορίας</span> <span class='ocrx_word' id='word_1_514' title='bbox 1440 3574 1513 3629; x_wconf 86' lang='grc' dir='ltr'><strong>τά</strong></span> <span class='ocrx_word' id='word_1_515' title='bbox 1546 3575 1688 3648; x_wconf 82' lang='grc' dir='ltr'><strong>ήνω-</strong></span> 
     </span>
    </p>
   </div>
   <div class='ocr_carea' id='block_1_69' title="bbox 132 3655 1688 3738">
    <p class='ocr_par' dir='ltr' id='par_1_69' title="bbox 132 3655 1688 3738">
     <span class='ocr_line' id='line_1_69' title="bbox 132 3655 1688 3738; baseline 0.006 -27"><span class='ocrx_word' id='word_1_516' title='bbox 132 3655 252 3727; x_wconf 80' lang='grc' dir='ltr'>μένα</span> <span class='ocrx_word' id='word_1_517' title='bbox 275 3662 340 3716; x_wconf 65' lang='grc' dir='ltr'><strong>εκ</strong></span> <span class='ocrx_word' id='word_1_518' title='bbox 367 3660 609 3734; x_wconf 78' lang='grc' dir='ltr'>φύσεως,</span> <span class='ocrx_word' id='word_1_519' title='bbox 637 3663 732 3717; x_wconf 86' lang='grc' dir='ltr'><strong>καί</strong></span> <span class='ocrx_word' id='word_1_520' title='bbox 752 3662 855 3717; x_wconf 82' lang='grc' dir='ltr'>οὐκ</span> <span class='ocrx_word' id='word_1_521' title='bbox 875 3659 1054 3734; x_wconf 73' lang='grc' dir='ltr'>ιώσης</span> <span class='ocrx_word' id='word_1_522' title='bbox 1079 3661 1444 3737; x_wconf 74' lang='grc' dir='ltr'>σκεδασθῆναι</span> <span class='ocrx_word' id='word_1_523' title='bbox 1465 3665 1688 3738; x_wconf 83' lang='grc' dir='ltr'>ἀριθμῷ</span> 
     </span>
    </p>
   </div>
   <div class='ocr_carea' id='block_1_70' title="bbox 127 3750 890 3830">
    <p class='ocr_par' dir='ltr' id='par_1_70' title="bbox 127 3750 890 3830">
     <span class='ocr_line' id='line_1_70' title="bbox 127 3750 890 3830; baseline 0.005 -25"><span class='ocrx_word' id='word_1_524' title='bbox 127 3750 383 3828; x_wconf 74' lang='grc' dir='ltr'><strong>λελυμένῳ</strong></span> <span class='ocrx_word' id='word_1_525' title='bbox 419 3754 491 3813; x_wconf 78' lang='grc' dir='ltr'>τὰ</span> <span class='ocrx_word' id='word_1_526' title='bbox 523 3755 601 3830; x_wconf 79' lang='grc' dir='ltr'><strong>μὴ</strong></span> <span class='ocrx_word' id='word_1_527' title='bbox 631 3753 890 3827; x_wconf 81' lang='grc' dir='ltr'>λυόμενα.</span> 
     </span>
    </p>
   </div>
   <div class='ocr_carea' id='block_1_71' title="bbox 195 3931 1685 4009">
    <p class='ocr_par' dir='ltr' id='par_1_71' title="bbox 195 3931 1685 4009">
     <span class='ocr_line' id='line_1_71' title="bbox 195 3931 1685 4009; baseline 0.002 -20"><span class='ocrx_word' id='word_1_528' title='bbox 195 3931 354 4007; x_wconf 77' lang='grc' dir='ltr'>Ἡμῖν</span> <span class='ocrx_word' id='word_1_529' title='bbox 380 3931 463 4002; x_wconf 75' lang='grc' dir='ltr'><strong>εἷς</strong></span> <span class='ocrx_word' id='word_1_530' title='bbox 495 3935 630 4002; x_wconf 82' lang='grc' dir='ltr'>Θεδς</span> <span class='ocrx_word' id='word_1_531' title='bbox 656 3936 686 3991; x_wconf 86' lang='grc' dir='ltr'><strong>ό</strong></span> <span class='ocrx_word' id='word_1_532' title='bbox 714 3935 928 4009; x_wconf 72' lang='grc' dir='ltr'>Πατὴρ,</span> <span class='ocrx_word' id='word_1_533' title='bbox 960 3935 1021 4004; x_wconf 74' lang='grc' dir='ltr'><strong>ὲξ</strong></span> <span class='ocrx_word' id='word_1_534' title='bbox 1046 3931 1107 3993; x_wconf 74' lang='grc' dir='ltr'><strong>οὗ</strong></span> <span class='ocrx_word' id='word_1_535' title='bbox 1132 3935 1203 3992; x_wconf 80' lang='grc' dir='ltr'><strong>τὰ</strong></span> <span class='ocrx_word' id='word_1_536' title='bbox 1232 3935 1442 3992; x_wconf 82' lang='grc' dir='ltr'>πάντα·</span> <span class='ocrx_word' id='word_1_537' title='bbox 1475 3936 1572 3993; x_wconf 75' lang='grc' dir='ltr'>καὶ</span> <span class='ocrx_word' id='word_1_538' title='bbox 1604 3931 1685 4003; x_wconf 73' lang='grc' dir='ltr'><strong>εἷς</strong></span> 
     </span>
    </p>
   </div>
   <div class='ocr_carea' id='block_1_72' title="bbox 127 4019 1686 4102">
    <p class='ocr_par' dir='ltr' id='par_1_72' title="bbox 127 4019 1686 4102">
     <span class='ocr_line' id='line_1_72' title="bbox 127 4019 1686 4102; baseline 0.004 -24"><span class='ocrx_word' id='word_1_539' title='bbox 127 4022 152 4077; x_wconf 75' lang='grc' dir='ltr'><strong>ὁ</strong></span> <span class='ocrx_word' id='word_1_540' title='bbox 177 4024 319 4092; x_wconf 75' lang='grc' dir='ltr'>Υἱὸς,</span> <span class='ocrx_word' id='word_1_541' title='bbox 349 4025 419 4082; x_wconf 74' lang='grc' dir='ltr'>δι’</span> <span class='ocrx_word' id='word_1_542' title='bbox 455 4019 522 4081; x_wconf 74' lang='grc' dir='ltr'><strong>οὗ</strong></span> <span class='ocrx_word' id='word_1_543' title='bbox 581 4026 654 4082; x_wconf 79' lang='grc' dir='ltr'>τὰ</span> <span class='ocrx_word' id='word_1_544' title='bbox 686 4029 895 4083; x_wconf 78' lang='grc' dir='ltr'>πάντα·</span> <span class='ocrx_word' id='word_1_545' title='bbox 926 4029 1024 4084; x_wconf 78' lang='grc' dir='ltr'>καὶ</span> <span class='ocrx_word' id='word_1_546' title='bbox 1068 4027 1129 4084; x_wconf 72' lang='grc' dir='ltr'>ιν</span> <span class='ocrx_word' id='word_1_547' title='bbox 1162 4028 1389 4102; x_wconf 80' lang='grc' dir='ltr'>Πνεῦμα</span> <span class='ocrx_word' id='word_1_548' title='bbox 1418 4027 1596 4100; x_wconf 73' lang='grc' dir='ltr'>ᾇγιον,</span> <span class='ocrx_word' id='word_1_549' title='bbox 1626 4030 1686 4084; x_wconf 75' lang='grc' dir='ltr'><strong>ιν</strong></span> 
     </span>
    </p>
   </div>
   <div class='ocr_carea' id='block_1_73' title="bbox 124 4109 476 4185">
    <p class='ocr_par' dir='ltr' id='par_1_73' title="bbox 124 4109 476 4185">
     <span class='ocr_line' id='line_1_73' title="bbox 124 4109 476 4185; baseline 0.014 -13"><span class='ocrx_word' id='word_1_550' title='bbox 124 4109 162 4185; x_wconf 82' lang='grc' dir='ltr'><strong>ᾦ</strong></span> <span class='ocrx_word' id='word_1_551' title='bbox 186 4117 248 4175; x_wconf 75' lang='grc' dir='ltr'>τὰ</span> <span class='ocrx_word' id='word_1_552' title='bbox 277 4121 476 4176; x_wconf 74' lang='grc' dir='ltr'>πάντα.</span> 
     </span>
    </p>
   </div>
   <div class='ocr_carea' id='block_1_74' title="bbox 183 4297 1684 4374">
    <p class='ocr_par' dir='ltr' id='par_1_74' title="bbox 183 4297 1684 4374">
     <span class='ocr_line' id='line_1_74' title="bbox 183 4297 1684 4374; baseline 0.004 -22"><span class='ocrx_word' id='word_1_553' title='bbox 183 4297 312 4365; x_wconf 74' lang='grc' dir='ltr'>Θεὸς</span> <span class='ocrx_word' id='word_1_554' title='bbox 353 4299 454 4374; x_wconf 71' lang='grc' dir='ltr'><strong>μιν</strong></span> <span class='ocrx_word' id='word_1_555' title='bbox 487 4301 613 4356; x_wconf 67' lang='lat' dir='ltr'><strong>last</strong></span> <span class='ocrx_word' id='word_1_556' title='bbox 635 4299 696 4354; x_wconf 81' lang='grc' dir='ltr'><strong>τὸ</strong></span> <span class='ocrx_word' id='word_1_557' title='bbox 735 4299 1040 4371; x_wconf 76' lang='grc' dir='ltr'>ἀκρότατον</span> <span class='ocrx_word' id='word_1_558' title='bbox 1068 4297 1165 4357; x_wconf 75' lang='grc' dir='ltr'>καὶ</span> <span class='ocrx_word' id='word_1_559' title='bbox 1215 4300 1537 4372; x_wconf 82' lang='grc' dir='ltr'>ἀπρόσιτον,</span> <span class='ocrx_word' id='word_1_560' title='bbox 1581 4303 1684 4358; x_wconf 76' lang='grc' dir='ltr'>καὶ</span> 
     </span>
    </p>
   </div>
   <div class='ocr_carea' id='block_1_75' title="bbox 126 4388 1680 4468">
    <p class='ocr_par' dir='ltr' id='par_1_75' title="bbox 126 4388 1680 4468">
     <span class='ocr_line' id='line_1_75' title="bbox 126 4388 1680 4468; baseline 0.003 -27"><span class='ocrx_word' id='word_1_561' title='bbox 126 4389 346 4463; x_wconf 79' lang='grc' dir='ltr'>ἀρρητον</span> <span class='ocrx_word' id='word_1_562' title='bbox 371 4388 513 4463; x_wconf 77' lang='grc' dir='ltr'>φῶς,</span> <span class='ocrx_word' id='word_1_563' title='bbox 571 4391 700 4451; x_wconf 64' lang='grc' dir='ltr'>οὔτε</span> <span class='ocrx_word' id='word_1_564' title='bbox 747 4389 828 4446; x_wconf 89' lang='grc' dir='ltr'>νο¹ἰ</span> <span class='ocrx_word' id='word_1_565' title='bbox 851 4390 1084 4460; x_wconf 76' lang='grc' dir='ltr'>ληπτὸν,</span> <span class='ocrx_word' id='word_1_566' title='bbox 1127 4391 1252 4446; x_wconf 79' lang='grc' dir='ltr'>οὔτε</span> <span class='ocrx_word' id='word_1_567' title='bbox 1299 4393 1444 4465; x_wconf 78' lang='grc' dir='ltr'>λόγῳ</span> <span class='ocrx_word' id='word_1_568' title='bbox 1496 4395 1680 4468; x_wconf 74' lang='grc' dir='ltr'>ῥητόν,</span> 
     </span>
    </p>
   </div>
   <div class='ocr_carea' id='block_1_76' title="bbox 129 4478 1680 4556">
    <p class='ocr_par' dir='ltr' id='par_1_76' title="bbox 129 4478 1680 4556">
     <span class='ocr_line' id='line_1_76' title="bbox 129 4478 1680 4556; baseline 0.005 -26"><span class='ocrx_word' id='word_1_569' title='bbox 129 4478 293 4554; x_wconf 69' lang='grc' dir='ltr'>πάσης</span> <span class='ocrx_word' id='word_1_570' title='bbox 312 4479 642 4552; x_wconf 79' lang='grc' dir='ltr'>φωτιστικδν</span> <span class='ocrx_word' id='word_1_571' title='bbox 665 4478 893 4553; x_wconf 78' lang='grc' dir='ltr'>λογικῆς</span> <span class='ocrx_word' id='word_1_572' title='bbox 915 4480 1158 4554; x_wconf 80' lang='grc' dir='ltr'>φύσεως·</span> <span class='ocrx_word' id='word_1_573' title='bbox 1183 4481 1339 4538; x_wconf 82' lang='grc' dir='ltr'>τοῦτο</span> <span class='ocrx_word' id='word_1_574' title='bbox 1370 4486 1428 4538; x_wconf 70' lang='grc' dir='ltr'><strong>ὲν</strong></span> <span class='ocrx_word' id='word_1_575' title='bbox 1449 4487 1680 4556; x_wconf 77' lang='grc' dir='ltr'>νοητοῖς,</span> 
     </span>
    </p>
   </div>
   <div class='ocr_carea' id='block_1_77' title="bbox 127 4569 1678 4648">
    <p class='ocr_par' dir='ltr' id='par_1_77' title="bbox 127 4569 1678 4648">
     <span class='ocr_line' id='line_1_77' title="bbox 127 4569 1678 4648; baseline 0.006 -27"><span class='ocrx_word' id='word_1_576' title='bbox 127 4569 249 4643; x_wconf 79' lang='grc' dir='ltr'>ὅπερ</span> <span class='ocrx_word' id='word_1_577' title='bbox 274 4573 330 4627; x_wconf 73' lang='grc' dir='ltr'>ιν</span> <span class='ocrx_word' id='word_1_578' title='bbox 358 4573 638 4646; x_wconf 71' lang='grc' dir='ltr'>αἰσθητοῖς</span> <span class='ocrx_word' id='word_1_579' title='bbox 675 4575 706 4627; x_wconf 84' lang='grc' dir='ltr'><strong>ό</strong></span> <span class='ocrx_word' id='word_1_580' title='bbox 750 4572 924 4647; x_wconf 70' lang='grc' dir='ltr'>ἥλιος.</span> <span class='ocrx_word' id='word_1_581' title='bbox 968 4574 1133 4628; x_wconf 88' lang='grc' dir='ltr'>Ὅσον</span> <span class='ocrx_word' id='word_1_582' title='bbox 1162 4576 1229 4629; x_wconf 75' lang='grc' dir='ltr'><strong>ἂν</strong></span> <span class='ocrx_word' id='word_1_583' title='bbox 1288 4575 1678 4648; x_wconf 82' lang='grc' dir='ltr'>καθαρὼμεθα,</span> 
     </span>
    </p>
   </div>
   <div class='ocr_carea' id='block_1_78' title="bbox 1785 3380 3366 3457">
    <p class='ocr_par' dir='ltr' id='par_1_78' title="bbox 1785 3380 3366 3457">
     <span class='ocr_line' id='line_1_78' title="bbox 1785 3380 3366 3457; baseline -0.006 -11"><span class='ocrx_word' id='word_1_584' title='bbox 1785 3387 2007 3446; x_wconf 84' lang='lat' dir='ltr'><strong>brevem</strong></span> <span class='ocrx_word' id='word_1_585' title='bbox 2037 3401 2226 3442; x_wconf 82' lang='lat' dir='ltr'><strong>vocem</strong></span> <span class='ocrx_word' id='word_1_586' title='bbox 2253 3384 2505 3457; x_wconf 89' lang='lat' dir='ltr'><strong>eloquar.</strong></span> <span class='ocrx_word' id='word_1_587' title='bbox 2537 3381 2782 3439; x_wconf 87' lang='lat' dir='ltr'><strong>Trinitas</strong></span> <span class='ocrx_word' id='word_1_588' title='bbox 2824 3396 2953 3438; x_wconf 85' lang='lat' dir='ltr'><strong>vere</strong></span> <span class='ocrx_word' id='word_1_589' title='bbox 2984 3380 3229 3440; x_wconf 83' lang='lat' dir='ltr'><strong>Trinitas</strong></span> <span class='ocrx_word' id='word_1_590' title='bbox 3261 3391 3366 3450; x_wconf 87' lang='lat' dir='ltr'><strong>est,</strong></span> 
     </span>
    </p>
   </div>
   <div class='ocr_carea' id='block_1_79' title="bbox 1786 3473 3370 3548">
    <p class='ocr_par' dir='ltr' id='par_1_79' title="bbox 1786 3473 3370 3548">
     <span class='ocr_line' id='line_1_79' title="bbox 1786 3473 3370 3548; baseline -0.003 -13"><span class='ocrx_word' id='word_1_591' title='bbox 1786 3477 2011 3536; x_wconf 72' lang='lat' dir='ltr'><strong>fratres.</strong></span> <span class='ocrx_word' id='word_1_592' title='bbox 2045 3474 2293 3533; x_wconf 83' lang='lat' dir='ltr'><strong>Trinitas</strong></span> <span class='ocrx_word' id='word_1_593' title='bbox 2321 3490 2491 3548; x_wconf 88' lang='lat' dir='ltr'><strong>porro</strong></span> <span class='ocrx_word' id='word_1_594' title='bbox 2521 3489 2631 3531; x_wconf 89' lang='lat' dir='ltr'><strong>non</strong></span> <span class='ocrx_word' id='word_1_595' title='bbox 2674 3473 2978 3546; x_wconf 88' lang='lat' dir='ltr'><strong>disparium</strong></span> <span class='ocrx_word' id='word_1_596' title='bbox 3010 3490 3199 3532; x_wconf 88' lang='lat' dir='ltr'><strong>rerum</strong></span> <span class='ocrx_word' id='word_1_597' title='bbox 3226 3491 3370 3531; x_wconf 83' lang='lat' dir='ltr'><strong>enu-</strong></span> 
     </span>
    </p>
   </div>
   <div class='ocr_carea' id='block_1_80' title="bbox 1785 3565 3366 3639">
    <p class='ocr_par' dir='ltr' id='par_1_80' title="bbox 1785 3565 3366 3639">
     <span class='ocr_line' id='line_1_80' title="bbox 1785 3565 3366 3639; baseline -0.004 -11"><span class='ocrx_word' id='word_1_598' title='bbox 1785 3570 2018 3628; x_wconf 81' lang='lat' dir='ltr'><strong>meratio</strong></span> <span class='ocrx_word' id='word_1_599' title='bbox 2040 3578 2145 3636; x_wconf 90' lang='lat' dir='ltr'><strong>est,</strong></span> <span class='ocrx_word' id='word_1_600' title='bbox 2184 3569 2279 3625; x_wconf 85' lang='lat' dir='ltr'><strong>sed</strong></span> <span class='ocrx_word' id='word_1_601' title='bbox 2312 3566 2627 3639; x_wconf 68' lang='lat' dir='ltr'><strong>aequalium,</strong></span> <span class='ocrx_word' id='word_1_602' title='bbox 2654 3574 2707 3622; x_wconf 90' lang='lat' dir='ltr'><strong>et</strong></span> <span class='ocrx_word' id='word_1_603' title='bbox 2742 3566 3008 3637; x_wconf 80' lang='lat' dir='ltr'><strong>aequalem</strong></span> <span class='ocrx_word' id='word_1_604' title='bbox 3041 3565 3366 3638; x_wconf 83' lang='lat' dir='ltr'><strong>dignitatem</strong></span> 
     </span>
    </p>
   </div>
   <div class='ocr_carea' id='block_1_81' title="bbox 1786 3657 3370 3727">
    <p class='ocr_par' dir='ltr' id='par_1_81' title="bbox 1786 3657 3370 3727">
     <span class='ocr_line' id='line_1_81' title="bbox 1786 3657 3370 3727; baseline -0.003 -7"><span class='ocrx_word' id='word_1_605' title='bbox 1786 3662 2112 3721; x_wconf 88' lang='lat' dir='ltr'><strong>habentium</strong></span> <span class='ocrx_word' id='word_1_606' title='bbox 2167 3661 2457 3727; x_wconf 85' lang='lat' dir='ltr'><strong>collectio;</strong></span> <span class='ocrx_word' id='word_1_607' title='bbox 2515 3657 2793 3716; x_wconf 76' lang='lat' dir='ltr'><strong>vocabulo</strong></span> <span class='ocrx_word' id='word_1_608' title='bbox 2839 3657 3104 3715; x_wconf 89' lang='lat' dir='ltr'><strong>nimirum</strong></span> <span class='ocrx_word' id='word_1_609' title='bbox 3147 3673 3213 3715; x_wconf 90' lang='lat' dir='ltr'><strong>ea</strong></span> <span class='ocrx_word' id='word_1_610' title='bbox 3269 3674 3370 3715; x_wconf 82' lang='lat' dir='ltr'><strong>co-</strong></span> 
     </span>
    </p>
   </div>
   <div class='ocr_carea' id='block_1_82' title="bbox 1787 3751 3366 3835">
    <p class='ocr_par' dir='ltr' id='par_1_82' title="bbox 1787 3751 3366 3835">
     <span class='ocr_line' id='line_1_82' title="bbox 1787 3751 3366 3835; baseline -0.002 -24"><span class='ocrx_word' id='word_1_611' title='bbox 1787 3757 2034 3829; x_wconf 87' lang='lat' dir='ltr'><strong>pulante,</strong></span> <span class='ocrx_word' id='word_1_612' title='bbox 2067 3770 2191 3835; x_wconf 70' lang='lat' dir='ltr'><strong>quae</strong></span> <span class='ocrx_word' id='word_1_613' title='bbox 2215 3763 2414 3817; x_wconf 89' lang='lat' dir='ltr'><strong>natura</strong></span> <span class='ocrx_word' id='word_1_614' title='bbox 2438 3758 2572 3810; x_wconf 87' lang='lat' dir='ltr'><strong>sunt</strong></span> <span class='ocrx_word' id='word_1_615' title='bbox 2595 3751 2875 3823; x_wconf 88' lang='lat' dir='ltr'><strong>copulata,</strong></span> <span class='ocrx_word' id='word_1_616' title='bbox 2906 3765 3010 3808; x_wconf 88' lang='lat' dir='ltr'><strong>nec</strong></span> <span class='ocrx_word' id='word_1_617' title='bbox 3037 3767 3136 3824; x_wconf 90' lang='lat' dir='ltr'><strong>per</strong></span> <span class='ocrx_word' id='word_1_618' title='bbox 3161 3751 3366 3808; x_wconf 83' lang='lat' dir='ltr'><strong>ﬂuxum</strong></span> 
     </span>
    </p>
   </div>
   <div class='ocr_carea' id='block_1_83' title="bbox 1787 3844 3366 3916">
    <p class='ocr_par' dir='ltr' id='par_1_83' title="bbox 1787 3844 3366 3916">
     <span class='ocr_line' id='line_1_83' title="bbox 1787 3844 3366 3916; baseline -0.003 -14"><span class='ocrx_word' id='word_1_619' title='bbox 1787 3861 2079 3903; x_wconf 89' lang='lat' dir='ltr'><strong>numerum</strong></span> <span class='ocrx_word' id='word_1_620' title='bbox 2109 3862 2173 3903; x_wconf 88' lang='lat' dir='ltr'><strong>ea</strong></span> <span class='ocrx_word' id='word_1_621' title='bbox 2213 3845 2382 3902; x_wconf 87' lang='lat' dir='ltr'><strong>dilabi</strong></span> <span class='ocrx_word' id='word_1_622' title='bbox 2417 3845 2659 3912; x_wconf 83' lang='lat' dir='ltr'><strong>sinente,</strong></span> <span class='ocrx_word' id='word_1_623' title='bbox 2699 3858 2822 3915; x_wconf 73' lang='lat' dir='ltr'><strong>quae</strong></span> <span class='ocrx_word' id='word_1_624' title='bbox 2863 3844 3004 3901; x_wconf 88' lang='lat' dir='ltr'><strong>solvi</strong></span> <span class='ocrx_word' id='word_1_625' title='bbox 3059 3853 3366 3916; x_wconf 83' lang='lat' dir='ltr'><strong>nequeant.</strong></span> 
     </span>
    </p>
   </div>
   <div class='ocr_carea' id='block_1_84' title="bbox 1861 3934 3362 4004">
    <p class='ocr_par' dir='ltr' id='par_1_84' title="bbox 1861 3934 3362 4004">
     <span class='ocr_line' id='line_1_84' title="bbox 1861 3934 3362 4004; baseline -0.003 -8"><span class='ocrx_word' id='word_1_626' title='bbox 1861 3939 2017 3996; x_wconf 87' lang='lat' dir='ltr'><strong>Orat.</strong></span> <span class='ocrx_word' id='word_1_627' title='bbox 2057 3940 2112 3994; x_wconf 84' lang='lat' dir='ltr'><strong>in</strong></span> <span class='ocrx_word' id='word_1_628' title='bbox 2140 3937 2243 3996; x_wconf 88' lang='lat' dir='ltr'><strong>SS.</strong></span> <span class='ocrx_word' id='word_1_629' title='bbox 2269 3937 2522 3994; x_wconf 85' lang='lat' dir='ltr'><strong>Lumina.</strong></span> <span class='ocrx_word' id='word_1_630' title='bbox 2545 3966 2620 3980; x_wconf 90' lang='lat'><strong>-—</strong></span> <span class='ocrx_word' id='word_1_631' title='bbox 2646 3934 2815 3993; x_wconf 80' lang='lat' dir='ltr'><strong>Nobis</strong></span> <span class='ocrx_word' id='word_1_632' title='bbox 2841 3952 2986 3994; x_wconf 90' lang='lat' dir='ltr'><strong>unus</strong></span> <span class='ocrx_word' id='word_1_633' title='bbox 3006 3935 3150 3994; x_wconf 84' lang='lat' dir='ltr'><strong>Deus</strong></span> <span class='ocrx_word' id='word_1_634' title='bbox 3178 3936 3362 4004; x_wconf 84' lang='lat' dir='ltr'><strong>Pater,</strong></span> 
     </span>
    </p>
   </div>
   <div class='ocr_carea' id='block_1_85' title="bbox 1785 4027 3361 4106">
    <p class='ocr_par' dir='ltr' id='par_1_85' title="bbox 1785 4027 3361 4106">
     <span class='ocr_line' id='line_1_85' title="bbox 1785 4027 3361 4106; baseline -0.003 -16"><span class='ocrx_word' id='word_1_635' title='bbox 1785 4047 1851 4090; x_wconf 90' lang='lat' dir='ltr'><strong>ex</strong></span> <span class='ocrx_word' id='word_1_636' title='bbox 1876 4047 1987 4106; x_wconf 89' lang='lat' dir='ltr'><strong>quo</strong></span> <span class='ocrx_word' id='word_1_637' title='bbox 2014 4033 2233 4100; x_wconf 87' lang='lat' dir='ltr'><strong>omnia;</strong></span> <span class='ocrx_word' id='word_1_638' title='bbox 2275 4039 2330 4088; x_wconf 91' lang='lat' dir='ltr'><strong>et</strong></span> <span class='ocrx_word' id='word_1_639' title='bbox 2369 4047 2515 4089; x_wconf 87' lang='lat' dir='ltr'><strong>unus</strong></span> <span class='ocrx_word' id='word_1_640' title='bbox 2561 4030 2829 4088; x_wconf 86' lang='lat' dir='ltr'><strong>Dominus</strong></span> <span class='ocrx_word' id='word_1_641' title='bbox 2871 4027 3035 4086; x_wconf 84' lang='lat' dir='ltr'><strong>Jesus</strong></span> <span class='ocrx_word' id='word_1_642' title='bbox 3084 4030 3361 4097; x_wconf 88' lang='lat' dir='ltr'><strong>Christus,</strong></span> 
     </span>
    </p>
   </div>
   <div class='ocr_carea' id='block_1_86' title="bbox 1787 4123 3363 4195">
    <p class='ocr_par' dir='ltr' id='par_1_86' title="bbox 1787 4123 3363 4195">
     <span class='ocr_line' id='line_1_86' title="bbox 1787 4123 3363 4195; baseline -0.002 -14"><span class='ocrx_word' id='word_1_643' title='bbox 1787 4139 1884 4195; x_wconf 87' lang='lat' dir='ltr'><strong>per</strong></span> <span class='ocrx_word' id='word_1_644' title='bbox 1913 4139 2076 4195; x_wconf 86' lang='lat' dir='ltr'><strong>quem</strong></span> <span class='ocrx_word' id='word_1_645' title='bbox 2103 4123 2288 4178; x_wconf 91' lang='lat' dir='ltr'><strong>omnia</strong></span> <span class='ocrx_word' id='word_1_646' title='bbox 2316 4139 2332 4191; x_wconf 87' lang='lat'><strong>;</strong></span> <span class='ocrx_word' id='word_1_647' title='bbox 2370 4132 2420 4180; x_wconf 89' lang='lat' dir='ltr'><strong>et</strong></span> <span class='ocrx_word' id='word_1_648' title='bbox 2454 4139 2598 4181; x_wconf 88' lang='lat' dir='ltr'><strong>unus</strong></span> <span class='ocrx_word' id='word_1_649' title='bbox 2633 4123 2872 4195; x_wconf 77' lang='lat' dir='ltr'><strong>Spiritus</strong></span> <span class='ocrx_word' id='word_1_650' title='bbox 2898 4133 3143 4190; x_wconf 84' lang='lat' dir='ltr'><strong>sanctus,</strong></span> <span class='ocrx_word' id='word_1_651' title='bbox 3173 4123 3228 4179; x_wconf 91' lang='lat' dir='ltr'><strong>in</strong></span> <span class='ocrx_word' id='word_1_652' title='bbox 3253 4139 3363 4194; x_wconf 91' lang='lat' dir='ltr'><strong>quo</strong></span> 
     </span>
    </p>
   </div>
   <div class='ocr_carea' id='block_1_87' title="bbox 1785 4215 1992 4271">
    <p class='ocr_par' dir='ltr' id='par_1_87' title="bbox 1785 4215 1992 4271">
     <span class='ocr_line' id='line_1_87' title="bbox 1785 4215 1992 4271; baseline 0 0"><span class='ocrx_word' id='word_1_653' title='bbox 1785 4215 1992 4271; x_wconf 83' lang='lat' dir='ltr'><strong>omnia.</strong></span> 
     </span>
    </p>
   </div>
   <div class='ocr_carea' id='block_1_88' title="bbox 1859 4305 3363 4377">
    <p class='ocr_par' dir='ltr' id='par_1_88' title="bbox 1859 4305 3363 4377">
     <span class='ocr_line' id='line_1_88' title="bbox 1859 4305 3363 4377; baseline -0.003 -14"><span class='ocrx_word' id='word_1_654' title='bbox 1859 4305 2015 4363; x_wconf 85' lang='lat' dir='ltr'><strong>Orat.</strong></span> <span class='ocrx_word' id='word_1_655' title='bbox 2044 4307 2099 4362; x_wconf 82' lang='lat' dir='ltr'><strong>in</strong></span> <span class='ocrx_word' id='word_1_656' title='bbox 2131 4305 2192 4364; x_wconf 93' lang='lat' dir='ltr'><strong>S.</strong></span> <span class='ocrx_word' id='word_1_657' title='bbox 2228 4306 2462 4377; x_wconf 77' lang='lat' dir='ltr'><strong>Baptist.</strong></span> <span class='ocrx_word' id='word_1_658' title='bbox 2486 4305 2715 4364; x_wconf 87' lang='lat' dir='ltr'><strong>--Deus</strong></span> <span class='ocrx_word' id='word_1_659' title='bbox 2746 4307 2933 4363; x_wconf 87' lang='lat' dir='ltr'><strong>lumen</strong></span> <span class='ocrx_word' id='word_1_660' title='bbox 2971 4320 3246 4362; x_wconf 89' lang='lat' dir='ltr'><strong>summum</strong></span> <span class='ocrx_word' id='word_1_661' title='bbox 3279 4315 3363 4361; x_wconf 87' lang='lat' dir='ltr'><strong>est</strong></span> 
     </span>
    </p>
   </div>
   <div class='ocr_carea' id='block_1_89' title="bbox 1784 4398 3360 4470">
    <p class='ocr_par' dir='ltr' id='par_1_89' title="bbox 1784 4398 3360 4470">
     <span class='ocr_line' id='line_1_89' title="bbox 1784 4398 3360 4470; baseline -0.002 -13"><span class='ocrx_word' id='word_1_662' title='bbox 1784 4408 1840 4457; x_wconf 91' lang='lat' dir='ltr'><strong>et</strong></span> <span class='ocrx_word' id='word_1_663' title='bbox 1880 4399 2244 4466; x_wconf 86' lang='lat' dir='ltr'><strong>inaccessum,</strong></span> <span class='ocrx_word' id='word_1_664' title='bbox 2279 4398 2425 4470; x_wconf 84' lang='lat' dir='ltr'><strong>quod</strong></span> <span class='ocrx_word' id='word_1_665' title='bbox 2458 4398 2624 4470; x_wconf 75' lang='lat'><strong>299</strong></span> <span class='ocrx_word' id='word_1_666' title='bbox 2649 4413 2752 4455; x_wconf 89' lang='lat' dir='ltr'><strong>nec</strong></span> <span class='ocrx_word' id='word_1_667' title='bbox 2779 4406 2960 4455; x_wconf 89' lang='lat' dir='ltr'><strong>mente</strong></span> <span class='ocrx_word' id='word_1_668' title='bbox 2995 4398 3224 4470; x_wconf 86' lang='lat' dir='ltr'><strong>percipi,</strong></span> <span class='ocrx_word' id='word_1_669' title='bbox 3258 4414 3360 4454; x_wconf 91' lang='lat' dir='ltr'><strong>nec</strong></span> 
     </span>
    </p>
   </div>
   <div class='ocr_carea' id='block_1_90' title="bbox 1787 4491 3362 4562">
    <p class='ocr_par' dir='ltr' id='par_1_90' title="bbox 1787 4491 3362 4562">
     <span class='ocr_line' id='line_1_90' title="bbox 1787 4491 3362 4562; baseline -0.002 -14"><span class='ocrx_word' id='word_1_670' title='bbox 1787 4492 1977 4549; x_wconf 82' lang='lat' dir='ltr'><strong>verbis</strong></span> <span class='ocrx_word' id='word_1_671' title='bbox 2007 4491 2272 4562; x_wconf 88' lang='lat' dir='ltr'><strong>explicari</strong></span> <span class='ocrx_word' id='word_1_672' title='bbox 2305 4499 2521 4562; x_wconf 77' lang='lat' dir='ltr'><strong>potest;</strong></span> <span class='ocrx_word' id='word_1_673' title='bbox 2563 4500 2814 4547; x_wconf 86' lang='lat' dir='ltr'><strong>naturam</strong></span> <span class='ocrx_word' id='word_1_674' title='bbox 2862 4506 3080 4548; x_wconf 90' lang='lat' dir='ltr'><strong>omnem</strong></span> <span class='ocrx_word' id='word_1_675' title='bbox 3121 4493 3362 4548; x_wconf 58' lang='lat' dir='ltr'><strong>rationa-</strong></span> 
     </span>
    </p>
   </div>
   <div class='ocr_carea' id='block_1_91' title="bbox 1787 4583 3358 4652">
    <p class='ocr_par' dir='ltr' id='par_1_91' title="bbox 1787 4583 3358 4652">
     <span class='ocr_line' id='line_1_91' title="bbox 1787 4583 3358 4652; baseline 0.001 -12"><span class='ocrx_word' id='word_1_676' title='bbox 1787 4586 1893 4642; x_wconf 92' lang='lat' dir='ltr'><strong>lem</strong></span> <span class='ocrx_word' id='word_1_677' title='bbox 1948 4585 2285 4641; x_wconf 89' lang='lat' dir='ltr'><strong>illuminans.</strong></span> <span class='ocrx_word' id='word_1_678' title='bbox 2317 4583 2472 4652; x_wconf 80' lang='lat' dir='ltr'><strong>Quod</strong></span> <span class='ocrx_word' id='word_1_679' title='bbox 2509 4585 2592 4641; x_wconf 88' lang='lat' dir='ltr'><strong>sol</strong></span> <span class='ocrx_word' id='word_1_680' title='bbox 2645 4587 2700 4640; x_wconf 93' lang='lat' dir='ltr'><strong>in</strong></span> <span class='ocrx_word' id='word_1_681' title='bbox 2760 4585 3060 4642; x_wconf 87' lang='lat' dir='ltr'><strong>sensilibus</strong></span> <span class='ocrx_word' id='word_1_682' title='bbox 3100 4594 3205 4652; x_wconf 89' lang='lat' dir='ltr'><strong>est,</strong></span> <span class='ocrx_word' id='word_1_683' title='bbox 3252 4586 3358 4641; x_wconf 85' lang='lat' dir='ltr'><strong>hoc</strong></span> 
     </span>
    </p>
   </div>
   <div class='ocr_carea' id='block_1_92' title="bbox 130 4655 1688 4749">
    <p class='ocr_par' dir='ltr' id='par_1_92' title="bbox 130 4664 1680 4740">
     <span class='ocr_line' id='line_1_92' title="bbox 130 4664 1680 4740; baseline 0.006 -25"><span class='ocrx_word' id='word_1_684' title='bbox 130 4664 534 4740; x_wconf 71' lang='grc' dir='ltr'>φανταζόμενον,</span> <span class='ocrx_word' id='word_1_685' title='bbox 580 4666 674 4721; x_wconf 77' lang='grc' dir='ltr'><strong>καί</strong></span> <span class='ocrx_word' id='word_1_686' title='bbox 701 4667 825 4720; x_wconf 84' lang='grc' dir='ltr'>ὅσον</span> <span class='ocrx_word' id='word_1_687' title='bbox 878 4666 945 4720; x_wconf 82' lang='grc' dir='ltr'><strong>ἂν</strong></span> <span class='ocrx_word' id='word_1_688' title='bbox 989 4666 1411 4738; x_wconf 81' lang='grc' dir='ltr'>φαντασθῶμεν,</span> <span class='ocrx_word' id='word_1_689' title='bbox 1453 4671 1680 4740; x_wconf 84' lang='grc' dir='ltr'>ἀγαπώ-</span> 
     </span>
    </p>
   </div>
   <div class='ocr_carea' id='block_1_93' title="bbox 1794 4655 3354 4749">
    <p class='ocr_par' dir='ltr' id='par_1_93' title="bbox 1794 4676 3354 4749">
     <span class='ocr_line' id='line_1_93' title="bbox 1794 4676 3354 4749; baseline -0.002 -15"><span class='ocrx_word' id='word_1_690' title='bbox 1794 4678 1878 4734; x_wconf 87' lang='lat' dir='ltr'><strong>llle</strong></span> <span class='ocrx_word' id='word_1_691' title='bbox 1905 4679 1956 4733; x_wconf 91' lang='lat' dir='ltr'><strong>in</strong></span> <span class='ocrx_word' id='word_1_692' title='bbox 1981 4676 2477 4742; x_wconf 88' lang='lat' dir='ltr'><strong>intellectualibus;</strong></span> <span class='ocrx_word' id='word_1_693' title='bbox 2506 4691 2573 4732; x_wconf 92' lang='lat' dir='ltr'><strong>eo</strong></span> <span class='ocrx_word' id='word_1_694' title='bbox 2594 4692 2653 4732; x_wconf 90' lang='lat' dir='ltr'><strong>se</strong></span> <span class='ocrx_word' id='word_1_695' title='bbox 2674 4681 2845 4748; x_wconf 88' lang='lat' dir='ltr'><strong>magis</strong></span> <span class='ocrx_word' id='word_1_696' title='bbox 2874 4677 3354 4749; x_wconf 88' lang='lat' dir='ltr'><strong>contemplandum</strong></span> 
     </span>
    </p>
   </div>
   <div class='ocr_carea' id='block_1_94' title="bbox 133 4757 1677 4834">
    <p class='ocr_par' dir='ltr' id='par_1_94' title="bbox 133 4757 1677 4834">
     <span class='ocr_line' id='line_1_94' title="bbox 133 4757 1677 4834; baseline 0.005 -24"><span class='ocrx_word' id='word_1_697' title='bbox 133 4771 294 4822; x_wconf 78' lang='grc' dir='ltr'>μενον,</span> <span class='ocrx_word' id='word_1_698' title='bbox 325 4759 419 4813; x_wconf 80' lang='grc' dir='ltr'>καὶ</span> <span class='ocrx_word' id='word_1_699' title='bbox 459 4759 582 4814; x_wconf 80' lang='grc' dir='ltr'>ὅσον</span> <span class='ocrx_word' id='word_1_700' title='bbox 615 4757 684 4815; x_wconf 71' lang='grc' dir='ltr'><strong>ἂν</strong></span> <span class='ocrx_word' id='word_1_701' title='bbox 728 4760 1126 4831; x_wconf 80' lang='grc' dir='ltr'>ἀγαπήσωμεν,</span> <span class='ocrx_word' id='word_1_702' title='bbox 1160 4757 1316 4825; x_wconf 83' lang='grc' dir='ltr'>αὖθις</span> <span class='ocrx_word' id='word_1_703' title='bbox 1350 4763 1639 4834; x_wconf 84' lang='grc' dir='ltr'>νοούμενον</span> <span class='ocrx_word' id='word_1_704' title='bbox 1662 4781 1677 4796; x_wconf 77' lang='grc' dir='ltr'><strong><em>ο</em></strong></span> 
     </span>
    </p>
   </div>
   <div class='ocr_carea' id='block_1_95' title="bbox 84 4847 1682 4926">
    <p class='ocr_par' dir='ltr' id='par_1_95' title="bbox 84 4847 1682 4926">
     <span class='ocr_line' id='line_1_95' title="bbox 84 4847 1682 4926; baseline 0.007 -27"><span class='ocrx_word' id='word_1_705' title='bbox 84 4865 93 4874; x_wconf 93' lang='grc'>·</span> <span class='ocrx_word' id='word_1_706' title='bbox 130 4847 250 4903; x_wconf 76' lang='grc' dir='ltr'>αὐτὸ</span> <span class='ocrx_word' id='word_1_707' title='bbox 275 4851 468 4906; x_wconf 75' lang='grc' dir='ltr'>ἑαυτοῦ</span> <span class='ocrx_word' id='word_1_708' title='bbox 498 4852 833 4926; x_wconf 86' lang='grc' dir='ltr'>θεωρητικόν</span> <span class='ocrx_word' id='word_1_709' title='bbox 860 4869 920 4905; x_wconf 86' lang='grc' dir='ltr'><strong>τε</strong></span> <span class='ocrx_word' id='word_1_710' title='bbox 945 4851 1039 4906; x_wconf 85' lang='grc' dir='ltr'><strong>καί</strong></span> <span class='ocrx_word' id='word_1_711' title='bbox 1062 4854 1498 4925; x_wconf 82' lang='grc' dir='ltr'>καταληπτικόν·</span> <span class='ocrx_word' id='word_1_712' title='bbox 1525 4856 1682 4926; x_wconf 77' lang='grc' dir='ltr'>ὀλίγα</span> 
     </span>
    </p>
   </div>
   <div class='ocr_carea' id='block_1_96' title="bbox 129 4941 657 5016">
    <p class='ocr_par' dir='ltr' id='par_1_96' title="bbox 129 4941 657 5016">
     <span class='ocr_line' id='line_1_96' title="bbox 129 4941 657 5016; baseline 0.011 -19"><span class='ocrx_word' id='word_1_713' title='bbox 129 4942 230 5006; x_wconf 76' lang='grc' dir='ltr'>τοῖς</span> <span class='ocrx_word' id='word_1_714' title='bbox 249 4941 351 5012; x_wconf 66' lang='grc' dir='ltr'><strong>ἔξω</strong></span> <span class='ocrx_word' id='word_1_715' title='bbox 375 4946 657 5016; x_wconf 77' lang='grc' dir='ltr'><strong>χεόμενον.</strong></span> 
     </span>
    </p>
   </div>
   <div class='ocr_carea' id='block_1_97' title="bbox 183 5210 1686 5300">
    <p class='ocr_par' dir='ltr' id='par_1_97' title="bbox 183 5210 1686 5300">
     <span class='ocr_line' id='line_1_97' title="bbox 183 5210 1686 5300; baseline 0.01 -33"><span class='ocrx_word' id='word_1_716' title='bbox 183 5210 351 5300; x_wconf 68' lang='grc' dir='ltr'>Ὅπερ</span> <span class='ocrx_word' id='word_1_717' title='bbox 381 5213 531 5272; x_wconf 62' lang='grc' dir='ltr'>ἐστὶν</span> <span class='ocrx_word' id='word_1_718' title='bbox 553 5219 666 5284; x_wconf 88' lang='grc' dir='ltr'>τοῖς</span> <span class='ocrx_word' id='word_1_719' title='bbox 688 5218 963 5290; x_wconf 73' lang='grc' dir='ltr'>αἰσθητοῖς</span> <span class='ocrx_word' id='word_1_720' title='bbox 977 5217 1150 5293; x_wconf 75' lang='grc' dir='ltr'>ἥλιος,</span> <span class='ocrx_word' id='word_1_721' title='bbox 1165 5221 1324 5278; x_wconf 83' lang='grc' dir='ltr'>τοῦτο</span> <span class='ocrx_word' id='word_1_722' title='bbox 1339 5227 1451 5295; x_wconf 86' lang='grc' dir='ltr'>τοῖς</span> <span class='ocrx_word' id='word_1_723' title='bbox 1473 5229 1686 5300; x_wconf 83' lang='grc' dir='ltr'>νοητοῖς</span> 
     </span>
    </p>
   </div>
   <div class='ocr_carea' id='block_1_98' title="bbox 133 5294 1681 5386">
    <p class='ocr_par' dir='ltr' id='par_1_98' title="bbox 133 5294 1681 5386">
     <span class='ocr_line' id='line_1_98' title="bbox 133 5294 1681 5386; baseline 0.014 -35"><span class='ocrx_word' id='word_1_724' title='bbox 133 5294 274 5363; x_wconf 81' lang='grc' dir='ltr'>Θιός.</span> <span class='ocrx_word' id='word_1_725' title='bbox 294 5300 353 5352; x_wconf 86' lang='lat'><strong>&#39;0</strong></span> <span class='ocrx_word' id='word_1_726' title='bbox 380 5305 478 5374; x_wconf 70' lang='grc' dir='ltr'><strong>μὶν</strong></span> <span class='ocrx_word' id='word_1_727' title='bbox 507 5303 616 5378; x_wconf 75' lang='grc' dir='ltr'><strong>γὰρ</strong></span> <span class='ocrx_word' id='word_1_728' title='bbox 637 5305 730 5361; x_wconf 84' lang='grc' dir='ltr'><strong>τδν</strong></span> <span class='ocrx_word' id='word_1_729' title='bbox 764 5306 1044 5380; x_wconf 77' lang='grc' dir='ltr'>ὁρώμενον</span> <span class='ocrx_word' id='word_1_730' title='bbox 1073 5311 1297 5380; x_wconf 78' lang='grc' dir='ltr'>φωτίζει</span> <span class='ocrx_word' id='word_1_731' title='bbox 1318 5294 1596 5386; x_wconf 41' lang='grc' dir='ltr'>κόσμονίό</span> <span class='ocrx_word' id='word_1_732' title='bbox 1622 5318 1681 5372; x_wconf 73' lang='grc' dir='ltr'><strong>δὲ</strong></span> 
     </span>
    </p>
   </div>
   <div class='ocr_carea' id='block_1_99' title="bbox 131 5388 1679 5478">
    <p class='ocr_par' dir='ltr' id='par_1_99' title="bbox 131 5388 1679 5478">
     <span class='ocr_line' id='line_1_99' title="bbox 131 5388 1679 5478; baseline 0.016 -38"><span class='ocrx_word' id='word_1_733' title='bbox 131 5388 214 5443; x_wconf 76' lang='grc' dir='ltr'>τὸν</span> <span class='ocrx_word' id='word_1_734' title='bbox 226 5391 469 5466; x_wconf 73' lang='grc' dir='ltr'>ἀόρατον.</span> <span class='ocrx_word' id='word_1_735' title='bbox 480 5398 626 5453; x_wconf 76' lang='grc' dir='ltr'>Καὶό</span> <span class='ocrx_word' id='word_1_736' title='bbox 645 5397 748 5470; x_wconf 69' lang='grc' dir='ltr'><strong>μὲν</strong></span> <span class='ocrx_word' id='word_1_737' title='bbox 760 5399 862 5464; x_wconf 87' lang='grc' dir='ltr'><strong>τὰς</strong></span> <span class='ocrx_word' id='word_1_738' title='bbox 878 5401 1308 5476; x_wconf 80' lang='grc' dir='ltr'>σωματικὰςόψε</span> <span class='ocrx_word' id='word_1_739' title='bbox 1315 5424 1361 5470; x_wconf 93' lang='grc' dir='ltr'><strong>ις</strong></span> <span class='ocrx_word' id='word_1_740' title='bbox 1376 5407 1679 5478; x_wconf 78' lang='grc' dir='ltr'>ἡλιοειδεῖς,</span> 
     </span>
    </p>
   </div>
   <div class='ocr_carea' id='block_1_100' title="bbox 132 5479 1681 5567">
    <p class='ocr_par' dir='ltr' id='par_1_100' title="bbox 132 5479 1681 5567">
     <span class='ocr_line' id='line_1_100' title="bbox 132 5479 1681 5567; baseline 0.015 -34"><span class='ocrx_word' id='word_1_741' title='bbox 132 5479 232 5537; x_wconf 71' lang='grc' dir='ltr'>όόδ</span> <span class='ocrx_word' id='word_1_742' title='bbox 258 5483 353 5552; x_wconf 76' lang='grc' dir='ltr'>τὰς</span> <span class='ocrx_word' id='word_1_743' title='bbox 387 5488 580 5562; x_wconf 74' lang='grc' dir='ltr'>νοεράς</span> <span class='ocrx_word' id='word_1_744' title='bbox 609 5490 801 5561; x_wconf 76' lang='grc' dir='ltr'>φύσεις</span> <span class='ocrx_word' id='word_1_745' title='bbox 837 5491 1092 5558; x_wconf 76' lang='grc' dir='ltr'>θεοειδεῖς</span> <span class='ocrx_word' id='word_1_746' title='bbox 1128 5494 1522 5567; x_wconf 76' lang='grc' dir='ltr'>ἀπεργάζεται.</span> <span class='ocrx_word' id='word_1_747' title='bbox 1569 5500 1681 5556; x_wconf 73' lang='grc' dir='ltr'><strong>Καὶ</strong></span> 
     </span>
    </p>
   </div>
   <div class='ocr_carea' id='block_1_101' title="bbox 120 5570 1679 5663">
    <p class='ocr_par' dir='ltr' id='par_1_101' title="bbox 120 5570 1679 5663">
     <span class='ocr_line' id='line_1_101' title="bbox 120 5570 1679 5663; baseline 0.008 -28"><span class='ocrx_word' id='word_1_748' title='bbox 120 5570 304 5649; x_wconf 70' lang='grc' dir='ltr'>,ὥσπερ</span> <span class='ocrx_word' id='word_1_749' title='bbox 331 5573 481 5648; x_wconf 69' lang='grc' dir='ltr'>οὗτος</span> <span class='ocrx_word' id='word_1_750' title='bbox 509 5584 624 5648; x_wconf 82' lang='grc' dir='ltr'>τοῖς</span> <span class='ocrx_word' id='word_1_751' title='bbox 644 5600 705 5638; x_wconf 85' lang='grc' dir='ltr'><strong>τε</strong></span> <span class='ocrx_word' id='word_1_752' title='bbox 727 5584 920 5656; x_wconf 80' lang='grc' dir='ltr'>ὁρῶσι,</span> <span class='ocrx_word' id='word_1_753' title='bbox 944 5587 1043 5640; x_wconf 79' lang='grc' dir='ltr'>καὶ</span> <span class='ocrx_word' id='word_1_754' title='bbox 1078 5588 1192 5652; x_wconf 86' lang='grc' dir='ltr'>τοῖς</span> <span class='ocrx_word' id='word_1_755' title='bbox 1219 5589 1539 5663; x_wconf 76' lang='grc' dir='ltr'>ὁρωμένοις,</span> <span class='ocrx_word' id='word_1_756' title='bbox 1566 5597 1679 5658; x_wconf 85' lang='grc' dir='ltr'>τοῖς</span> 
     </span>
    </p>
   </div>
   <div class='ocr_carea' id='block_1_102' title="bbox 137 5665 1674 5758">
    <p class='ocr_par' dir='ltr' id='par_1_102' title="bbox 137 5665 1674 5758">
     <span class='ocr_line' id='line_1_102' title="bbox 137 5665 1674 5758; baseline 0.014 -39"><span class='ocrx_word' id='word_1_757' title='bbox 137 5665 228 5758; x_wconf 57' lang='grc' dir='ltr'><strong>μιν</strong></span> <span class='ocrx_word' id='word_1_758' title='bbox 247 5671 343 5743; x_wconf 75' lang='grc' dir='ltr'><strong>τὴν</strong></span> <span class='ocrx_word' id='word_1_759' title='bbox 366 5673 457 5728; x_wconf 84' lang='grc' dir='ltr'><strong>τοῦ</strong></span> <span class='ocrx_word' id='word_1_760' title='bbox 479 5675 636 5750; x_wconf 77' lang='grc' dir='ltr'>όρᾷν,</span> <span class='ocrx_word' id='word_1_761' title='bbox 664 5677 776 5742; x_wconf 87' lang='grc' dir='ltr'>τοῖς</span> <span class='ocrx_word' id='word_1_762' title='bbox 807 5677 866 5732; x_wconf 75' lang='grc' dir='ltr'><strong>δὲ</strong></span> <span class='ocrx_word' id='word_1_763' title='bbox 897 5678 997 5750; x_wconf 84' lang='grc' dir='ltr'><strong>τὴν</strong></span> <span class='ocrx_word' id='word_1_764' title='bbox 1023 5680 1116 5734; x_wconf 90' lang='grc' dir='ltr'><strong>τοῦ</strong></span> <span class='ocrx_word' id='word_1_765' title='bbox 1144 5681 1378 5753; x_wconf 71' lang='grc' dir='ltr'>ὁρᾶσθαι</span> <span class='ocrx_word' id='word_1_766' title='bbox 1414 5685 1674 5758; x_wconf 77' lang='grc' dir='ltr'>παρέχων</span> 
     </span>
    </p>
   </div>
   <div class='ocr_carea' id='block_1_103' title="bbox 138 5757 1666 5842">
    <p class='ocr_par' dir='ltr' id='par_1_103' title="bbox 138 5757 1666 5842">
     <span class='ocr_line' id='line_1_103' title="bbox 138 5757 1666 5842; baseline 0.017 -32"><span class='ocrx_word' id='word_1_767' title='bbox 138 5757 366 5832; x_wconf 77' lang='grc' dir='ltr'>δύναμιν,</span> <span class='ocrx_word' id='word_1_768' title='bbox 397 5766 557 5832; x_wconf 73' lang='grc' dir='ltr'>αὐτὸς</span> <span class='ocrx_word' id='word_1_769' title='bbox 601 5768 712 5825; x_wconf 85' lang='grc' dir='ltr'><strong>τῶν</strong></span> <span class='ocrx_word' id='word_1_770' title='bbox 743 5768 1034 5842; x_wconf 74' lang='grc' dir='ltr'>δρωμένων</span> <span class='ocrx_word' id='word_1_771' title='bbox 1078 5773 1198 5830; x_wconf 77' lang='grc' dir='ltr'><strong>ἰστί</strong></span> <span class='ocrx_word' id='word_1_772' title='bbox 1241 5774 1303 5830; x_wconf 82' lang='grc' dir='ltr'>τδ</span> <span class='ocrx_word' id='word_1_773' title='bbox 1345 5757 1666 5834; x_wconf 76' lang='grc' dir='ltr'>κάλλιστον’</span> 
     </span>
    </p>
   </div>
   <div class='ocr_carea' id='block_1_104' title="bbox 1787 4769 3358 4841">
    <p class='ocr_par' dir='ltr' id='par_1_104' title="bbox 1787 4769 3358 4841">
     <span class='ocr_line' id='line_1_104' title="bbox 1787 4769 3358 4841; baseline 0.001 -15"><span class='ocrx_word' id='word_1_774' title='bbox 1787 4770 2057 4841; x_wconf 74' lang='lat' dir='ltr'><strong>praebens,</strong></span> <span class='ocrx_word' id='word_1_775' title='bbox 2091 4784 2201 4841; x_wconf 91' lang='lat' dir='ltr'><strong>quo</strong></span> <span class='ocrx_word' id='word_1_776' title='bbox 2229 4770 2438 4841; x_wconf 88' lang='lat' dir='ltr'><strong>puriori</strong></span> <span class='ocrx_word' id='word_1_777' title='bbox 2473 4769 2656 4824; x_wconf 91' lang='lat' dir='ltr'><strong>animo</strong></span> <span class='ocrx_word' id='word_1_778' title='bbox 2684 4785 2916 4838; x_wconf 91' lang='lat' dir='ltr'><strong>sumus;</strong></span> <span class='ocrx_word' id='word_1_779' title='bbox 2964 4779 3020 4828; x_wconf 90' lang='lat' dir='ltr'><strong>et</strong></span> <span class='ocrx_word' id='word_1_780' title='bbox 3061 4787 3126 4826; x_wconf 91' lang='lat' dir='ltr'><strong>eo</strong></span> <span class='ocrx_word' id='word_1_781' title='bbox 3165 4785 3358 4827; x_wconf 89' lang='lat' dir='ltr'><strong>rursus</strong></span> 
     </span>
    </p>
   </div>
   <div class='ocr_carea' id='block_1_105' title="bbox 1786 4861 3356 4934">
    <p class='ocr_par' dir='ltr' id='par_1_105' title="bbox 1786 4861 3356 4934">
     <span class='ocr_line' id='line_1_105' title="bbox 1786 4861 3356 4934; baseline 0.001 -17"><span class='ocrx_word' id='word_1_782' title='bbox 1786 4861 2081 4918; x_wconf 83' lang='lat' dir='ltr'><strong>amandum</strong></span> <span class='ocrx_word' id='word_1_783' title='bbox 2135 4863 2330 4933; x_wconf 86' lang='lat' dir='ltr'><strong>magis,</strong></span> <span class='ocrx_word' id='word_1_784' title='bbox 2379 4877 2489 4932; x_wconf 90' lang='lat' dir='ltr'><strong>quo</strong></span> <span class='ocrx_word' id='word_1_785' title='bbox 2545 4862 2808 4917; x_wconf 89' lang='lat' dir='ltr'><strong>attentius</strong></span> <span class='ocrx_word' id='word_1_786' title='bbox 2847 4877 2971 4918; x_wconf 90' lang='lat' dir='ltr'><strong>eum</strong></span> <span class='ocrx_word' id='word_1_787' title='bbox 3013 4865 3356 4934; x_wconf 87' lang='lat' dir='ltr'><strong>contempla-</strong></span> 
     </span>
    </p>
   </div>
   <div class='ocr_carea' id='block_1_106' title="bbox 1788 4953 3357 5027">
    <p class='ocr_par' dir='ltr' id='par_1_106' title="bbox 1788 4953 3357 5027">
     <span class='ocr_line' id='line_1_106' title="bbox 1788 4953 3357 5027; baseline 0.001 -17"><span class='ocrx_word' id='word_1_788' title='bbox 1788 4970 1946 5023; x_wconf 90' lang='lat' dir='ltr'><strong>mur;</strong></span> <span class='ocrx_word' id='word_1_789' title='bbox 1974 4963 2029 5010; x_wconf 92' lang='lat' dir='ltr'><strong>et</strong></span> <span class='ocrx_word' id='word_1_790' title='bbox 2048 4969 2115 5011; x_wconf 90' lang='lat' dir='ltr'><strong>eo</strong></span> <span class='ocrx_word' id='word_1_791' title='bbox 2143 4955 2376 5025; x_wconf 87' lang='lat' dir='ltr'><strong>denique</strong></span> <span class='ocrx_word' id='word_1_792' title='bbox 2402 4953 2575 5025; x_wconf 85' lang='lat' dir='ltr'><strong>magis</strong></span> <span class='ocrx_word' id='word_1_793' title='bbox 2591 4955 2966 5026; x_wconf 78' lang='lat' dir='ltr'><strong>cognoscitur,</strong></span> <span class='ocrx_word' id='word_1_794' title='bbox 2984 4973 3096 5027; x_wconf 90' lang='lat' dir='ltr'><strong>quo</strong></span> <span class='ocrx_word' id='word_1_795' title='bbox 3121 4959 3357 5027; x_wconf 86' lang='lat' dir='ltr'><strong>amplius</strong></span> 
     </span>
    </p>
   </div>
   <div class='ocr_carea' id='block_1_107' title="bbox 1787 5047 3356 5119">
    <p class='ocr_par' dir='ltr' id='par_1_107' title="bbox 1787 5047 3356 5119">
     <span class='ocr_line' id='line_1_107' title="bbox 1787 5047 3356 5119; baseline -0.001 -16"><span class='ocrx_word' id='word_1_796' title='bbox 1787 5047 1966 5118; x_wconf 85' lang='lat' dir='ltr'><strong>ipsum</strong></span> <span class='ocrx_word' id='word_1_797' title='bbox 1991 5061 2241 5102; x_wconf 86' lang='lat' dir='ltr'><strong>amamus</strong></span> <span class='ocrx_word' id='word_1_798' title='bbox 2266 5065 2279 5103; x_wconf 90' lang='lat'><strong>:</strong></span> <span class='ocrx_word' id='word_1_799' title='bbox 2305 5047 2420 5117; x_wconf 88' lang='lat' dir='ltr'><strong>ipse</strong></span> <span class='ocrx_word' id='word_1_800' title='bbox 2441 5063 2498 5103; x_wconf 87' lang='lat' dir='ltr'><strong>se</strong></span> <span class='ocrx_word' id='word_1_801' title='bbox 2516 5049 2833 5118; x_wconf 86' lang='lat' dir='ltr'><strong>speculatur</strong></span> <span class='ocrx_word' id='word_1_802' title='bbox 2846 5055 2900 5103; x_wconf 92' lang='lat' dir='ltr'><strong>et</strong></span> <span class='ocrx_word' id='word_1_803' title='bbox 2920 5048 3356 5119; x_wconf 79' lang='lat' dir='ltr'><strong>comprehendit,</strong></span> 
     </span>
    </p>
   </div>
   <div class='ocr_carea' id='block_1_108' title="bbox 1786 5138 2902 5210">
    <p class='ocr_par' dir='ltr' id='par_1_108' title="bbox 1786 5138 2902 5210">
     <span class='ocr_line' id='line_1_108' title="bbox 1786 5138 2902 5210; baseline -0.002 -14"><span class='ocrx_word' id='word_1_804' title='bbox 1786 5148 1842 5196; x_wconf 84' lang='lat' dir='ltr'><strong>et</strong></span> <span class='ocrx_word' id='word_1_805' title='bbox 1881 5139 2171 5210; x_wconf 78' lang='lat' dir='ltr'><strong>perexigue</strong></span> <span class='ocrx_word' id='word_1_806' title='bbox 2193 5139 2261 5194; x_wconf 87' lang='lat' dir='ltr'><strong>ad</strong></span> <span class='ocrx_word' id='word_1_807' title='bbox 2291 5148 2519 5195; x_wconf 87' lang='lat' dir='ltr'><strong>externa</strong></span> <span class='ocrx_word' id='word_1_808' title='bbox 2550 5138 2902 5195; x_wconf 80' lang='lat' dir='ltr'><strong>diﬂunditur.</strong></span> 
     </span>
    </p>
   </div>
   <div class='ocr_carea' id='block_1_109' title="bbox 1857 5229 3351 5298">
    <p class='ocr_par' dir='ltr' id='par_1_109' title="bbox 1857 5229 3351 5298">
     <span class='ocr_line' id='line_1_109' title="bbox 1857 5229 3351 5298; baseline 0.003 -12"><span class='ocrx_word' id='word_1_809' title='bbox 1857 5231 2008 5286; x_wconf 84' lang='lat' dir='ltr'><strong>Orat.</strong></span> <span class='ocrx_word' id='word_1_810' title='bbox 2033 5231 2084 5286; x_wconf 82' lang='lat' dir='ltr'><strong>in</strong></span> <span class='ocrx_word' id='word_1_811' title='bbox 2110 5229 2168 5285; x_wconf 86' lang='lat' dir='ltr'><strong>S.</strong></span> <span class='ocrx_word' id='word_1_812' title='bbox 2195 5231 2390 5286; x_wconf 75' lang='lat' dir='ltr'><strong>Athan.</strong></span> <span class='ocrx_word' id='word_1_813' title='bbox 2414 5261 2486 5272; x_wconf 89' lang='lat'><strong><em>—</em></strong></span> <span class='ocrx_word' id='word_1_814' title='bbox 2514 5231 2669 5298; x_wconf 80' lang='lat' dir='ltr'><strong>Quod</strong></span> <span class='ocrx_word' id='word_1_815' title='bbox 2700 5232 3058 5289; x_wconf 82' lang='lat' dir='ltr'><strong>sensibilibus</strong></span> <span class='ocrx_word' id='word_1_816' title='bbox 3085 5233 3248 5289; x_wconf 85' lang='lat' dir='ltr'><strong>rebus</strong></span> <span class='ocrx_word' id='word_1_817' title='bbox 3272 5243 3351 5290; x_wconf 86' lang='lat' dir='ltr'><strong>est</strong></span> 
     </span>
    </p>
   </div>
   <div class='ocr_carea' id='block_1_110' title="bbox 1782 5323 3351 5398">
    <p class='ocr_par' dir='ltr' id='par_1_110' title="bbox 1782 5323 3351 5398">
     <span class='ocr_line' id='line_1_110' title="bbox 1782 5323 3351 5398; baseline 0.003 -20"><span class='ocrx_word' id='word_1_818' title='bbox 1782 5325 1867 5380; x_wconf 86' lang='lat' dir='ltr'><strong>sol</strong></span> <span class='ocrx_word' id='word_1_819' title='bbox 1898 5334 2105 5390; x_wconf 88' lang='lat' dir='ltr'><strong>noster,</strong></span> <span class='ocrx_word' id='word_1_820' title='bbox 2151 5325 2254 5380; x_wconf 88' lang='lat' dir='ltr'><strong>hoc</strong></span> <span class='ocrx_word' id='word_1_821' title='bbox 2306 5323 2449 5381; x_wconf 85' lang='lat' dir='ltr'><strong>Deus</strong></span> <span class='ocrx_word' id='word_1_822' title='bbox 2481 5333 2565 5382; x_wconf 89' lang='lat' dir='ltr'><strong>est</strong></span> <span class='ocrx_word' id='word_1_823' title='bbox 2608 5325 2674 5380; x_wconf 89' lang='lat' dir='ltr'><strong>iis</strong></span> <span class='ocrx_word' id='word_1_824' title='bbox 2711 5342 2834 5395; x_wconf 79' lang='lat' dir='ltr'><strong>quae</strong></span> <span class='ocrx_word' id='word_1_825' title='bbox 2887 5333 3071 5382; x_wconf 90' lang='lat' dir='ltr'><strong>mente</strong></span> <span class='ocrx_word' id='word_1_826' title='bbox 3126 5327 3351 5398; x_wconf 61' lang='lat' dir='ltr'><strong>pradita</strong></span> 
     </span>
    </p>
   </div>
   <div class='ocr_carea' id='block_1_111' title="bbox 1781 5416 3352 5488">
    <p class='ocr_par' dir='ltr' id='par_1_111' title="bbox 1781 5416 3352 5488">
     <span class='ocr_line' id='line_1_111' title="bbox 1781 5416 3352 5488; baseline 0.001 -16"><span class='ocrx_word' id='word_1_827' title='bbox 1781 5423 1930 5472; x_wconf 86' lang='lat' dir='ltr'><strong>sunt.</strong></span> <span class='ocrx_word' id='word_1_828' title='bbox 1973 5416 2069 5472; x_wconf 89' lang='lat' dir='ltr'><strong>ille</strong></span> <span class='ocrx_word' id='word_1_829' title='bbox 2113 5417 2261 5471; x_wconf 90' lang='lat' dir='ltr'><strong>enim</strong></span> <span class='ocrx_word' id='word_1_830' title='bbox 2294 5416 2561 5472; x_wconf 88' lang='lat' dir='ltr'><strong>mundum</strong></span> <span class='ocrx_word' id='word_1_831' title='bbox 2615 5417 2764 5472; x_wconf 82' lang='lat' dir='ltr'><strong>hunc</strong></span> <span class='ocrx_word' id='word_1_832' title='bbox 2816 5417 3204 5488; x_wconf 88' lang='lat' dir='ltr'><strong>aspectabilem</strong></span> <span class='ocrx_word' id='word_1_833' title='bbox 3239 5421 3352 5475; x_wconf 84' lang='lat' dir='ltr'><strong>col-</strong></span> 
     </span>
    </p>
   </div>
   <div class='ocr_carea' id='block_1_112' title="bbox 1781 5508 3350 5581">
    <p class='ocr_par' dir='ltr' id='par_1_112' title="bbox 1781 5508 3350 5581">
     <span class='ocr_line' id='line_1_112' title="bbox 1781 5508 3350 5581; baseline 0 -17"><span class='ocrx_word' id='word_1_834' title='bbox 1781 5509 2020 5576; x_wconf 87' lang='lat' dir='ltr'><strong>lustrat;</strong></span> <span class='ocrx_word' id='word_1_835' title='bbox 2076 5509 2166 5565; x_wconf 90' lang='lat' dir='ltr'><strong>hic</strong></span> <span class='ocrx_word' id='word_1_836' title='bbox 2214 5509 2564 5566; x_wconf 89' lang='lat' dir='ltr'><strong>invisibilem.</strong></span> <span class='ocrx_word' id='word_1_837' title='bbox 2623 5508 2720 5566; x_wconf 91' lang='lat' dir='ltr'><strong>llle</strong></span> <span class='ocrx_word' id='word_1_838' title='bbox 2749 5508 3004 5581; x_wconf 87' lang='lat' dir='ltr'><strong>corporis</strong></span> <span class='ocrx_word' id='word_1_839' title='bbox 3039 5510 3233 5567; x_wconf 84' lang='lat' dir='ltr'><strong>oculos</strong></span> <span class='ocrx_word' id='word_1_840' title='bbox 3277 5511 3350 5566; x_wconf 88' lang='lat' dir='ltr'><strong>ita</strong></span> 
     </span>
    </p>
   </div>
   <div class='ocr_carea' id='block_1_113' title="bbox 1783 5602 3348 5672">
    <p class='ocr_par' dir='ltr' id='par_1_113' title="bbox 1783 5602 3348 5672">
     <span class='ocr_line' id='line_1_113' title="bbox 1783 5602 3348 5672; baseline 0.001 -16"><span class='ocrx_word' id='word_1_841' title='bbox 1783 5602 1965 5666; x_wconf 87' lang='lat' dir='ltr'><strong>allicit,</strong></span> <span class='ocrx_word' id='word_1_842' title='bbox 1997 5611 2055 5656; x_wconf 89' lang='lat' dir='ltr'><strong>ut</strong></span> <span class='ocrx_word' id='word_1_843' title='bbox 2084 5602 2217 5658; x_wconf 88' lang='lat' dir='ltr'><strong>solis</strong></span> <span class='ocrx_word' id='word_1_844' title='bbox 2249 5603 2483 5672; x_wconf 84' lang='lat' dir='ltr'><strong>speciem</strong></span> <span class='ocrx_word' id='word_1_845' title='bbox 2517 5603 2757 5658; x_wconf 78' lang='lat' dir='ltr'><strong>referant</strong></span> <span class='ocrx_word' id='word_1_846' title='bbox 2788 5623 2804 5660; x_wconf 91' lang='lat'><strong>:</strong></span> <span class='ocrx_word' id='word_1_847' title='bbox 2839 5603 2927 5658; x_wconf 91' lang='lat' dir='ltr'><strong>hic</strong></span> <span class='ocrx_word' id='word_1_848' title='bbox 2975 5613 3189 5660; x_wconf 88' lang='lat' dir='ltr'><strong>mentes</strong></span> <span class='ocrx_word' id='word_1_849' title='bbox 3233 5604 3348 5659; x_wconf 81' lang='lat' dir='ltr'><strong>dei-</strong></span> 
     </span>
    </p>
   </div>
   <div class='ocr_carea' id='block_1_114' title="bbox 1778 5690 3343 5766">
    <p class='ocr_par' dir='ltr' id='par_1_114' title="bbox 1778 5690 3343 5766">
     <span class='ocr_line' id='line_1_114' title="bbox 1778 5690 3343 5766; baseline 0.002 -20"><span class='ocrx_word' id='word_1_850' title='bbox 1778 5690 1983 5746; x_wconf 79' lang='lat' dir='ltr'><strong>formes</strong></span> <span class='ocrx_word' id='word_1_851' title='bbox 2016 5691 2164 5747; x_wconf 81' lang='lat' dir='ltr'><strong>facit.</strong></span> <span class='ocrx_word' id='word_1_852' title='bbox 2190 5692 2368 5764; x_wconf 80' lang='lat' dir='ltr'><strong>Atque</strong></span> <span class='ocrx_word' id='word_1_853' title='bbox 2397 5705 2453 5749; x_wconf 91' lang='lat' dir='ltr'><strong>ut</strong></span> <span class='ocrx_word' id='word_1_854' title='bbox 2496 5695 2608 5760; x_wconf 91' lang='lat' dir='ltr'><strong>ille,</strong></span> <span class='ocrx_word' id='word_1_855' title='bbox 2636 5702 2746 5749; x_wconf 82' lang='lat' dir='ltr'><strong>tam</strong></span> <span class='ocrx_word' id='word_1_856' title='bbox 2777 5693 2845 5751; x_wconf 82' lang='lat' dir='ltr'><strong>iis</strong></span> <span class='ocrx_word' id='word_1_857' title='bbox 2886 5695 3088 5766; x_wconf 88' lang='lat' dir='ltr'><strong>quibus</strong></span> <span class='ocrx_word' id='word_1_858' title='bbox 3130 5696 3343 5750; x_wconf 83' lang='lat' dir='ltr'><strong>vivendi</strong></span> 
     </span>
    </p>
   </div>
   <div class='ocr_carea' id='block_1_115' title="bbox 1774 5779 3344 5853">
    <p class='ocr_par' dir='ltr' id='par_1_115' title="bbox 1774 5779 3344 5853">
     <span class='ocr_line' id='line_1_115' title="bbox 1774 5779 3344 5853; baseline 0.002 -17"><span class='ocrx_word' id='word_1_859' title='bbox 1774 5779 2008 5838; x_wconf 79' lang='lat' dir='ltr'><strong>facultas</strong></span> <span class='ocrx_word' id='word_1_860' title='bbox 2058 5783 2214 5841; x_wconf 82' lang='lat' dir='ltr'><strong>adest</strong></span> <span class='ocrx_word' id='word_1_861' title='bbox 2261 5799 2425 5851; x_wconf 82' lang='lat' dir='ltr'><strong>quam</strong></span> <span class='ocrx_word' id='word_1_862' title='bbox 2463 5784 2531 5841; x_wconf 85' lang='lat' dir='ltr'><strong>iis</strong></span> <span class='ocrx_word' id='word_1_863' title='bbox 2578 5800 2699 5852; x_wconf 75' lang='lat' dir='ltr'><strong>qua:</strong></span> <span class='ocrx_word' id='word_1_864' title='bbox 2733 5784 3006 5853; x_wconf 71' lang='lat' dir='ltr'><strong>videntur,</strong></span> <span class='ocrx_word' id='word_1_865' title='bbox 3055 5786 3199 5842; x_wconf 86' lang='lat' dir='ltr'><strong>hanc</strong></span> <span class='ocrx_word' id='word_1_866' title='bbox 3238 5785 3344 5840; x_wconf 82' lang='lat' dir='ltr'><strong>vim</strong></span> 
     </span>
    </p>
   </div>
  </div>
