3880 6254
467 288 606 355 1075

1663 290 1725 351 s.
1763 262 2086 352 JOANNIS
2125 290 2558 372 DAMASCENI

3571 289 3690 363 tuo

461 401 686 472 praebet,
717 405 777 456 ut
805 407 863 456 et
891 401 986 455 illa
1015 400 1237 472 quidem
1274 401 1517 468 videant,
1569 403 1672 458 ista
1715 403 2042 474 videantur;

2180 404 2292 460 ῦτω
2313 406 2410 461 καὶ
2435 404 2468 462 ὁ
2497 405 2632 474 Θεὸς
2667 408 2782 473 τοῖς
2804 424 2863 463 τε
2894 408 3099 474 νοοῦσι,
3130 408 3226 465 καὶ
3251 409 3366 476 τοῖς
3391 408 3692 482 νοουμένοις,

462 509 591 548 cum
619 493 736 563 ipse
764 496 931 550 rebus
956 510 1078 564 qua:
1099 496 1202 551 sub
1225 504 1508 566 aspectum
1541 497 1772 565 eadunt,
1807 497 2050 569 pulchri-

465 587 657 643 tudine
687 587 977 647 antecellat
1011 606 1024 642 :
1065 588 1257 643 eodem
1286 593 1449 644 modo
1480 590 1644 654 Deus,
1673 604 1798 646 cum
1833 590 1904 647 iis
1929 607 2052 661 quae

467 678 824 748 intelligentia
877 687 1130 744 utuntur,
1183 681 1286 736 hoc
1331 680 1546 748 afferat,
1580 690 1640 738 ut
1694 681 2051 753 intelligant:

2156 497 2272 561 τοῖς
2309 497 2412 569 μὲν
2439 497 2500 552 τδ
2542 501 2706 569 νοεῐν,
2740 503 2854 566 τοῖς
2901 501 2958 554 δὲ
2987 503 3050 556 τὸ
3083 501 3326 558 νοεῖσθαι
3354 501 3692 575 δημιουργῶν,

2158 588 2324 654 αὐτὸς
2346 589 2455 643 τῶν
2483 591 2794 662 νοουμένων
2824 593 2942 647 ἐστὶ
2970 595 3030 648 τὸ
3056 595 3376 667 ἀκρότατον,
3399 595 3478 660 εις
3498 594 3553 650 ὃν
3569 597 3699 651 πᾶσα

2161 680 2352 752 ἔφεσις
2379 681 2622 738 [σταται.

465 775 520 820 et
572 767 639 822 iis
690 782 810 839 qua
843 777 1025 826 mente
1089 771 1487 840 percipiuntur,
1532 782 1592 827 ut
1683 774 2084 846 intelligantur,
2160 772 2278 846 ipse
2344 775 2577 861 proinde
2650 777 3074 851 iutelligibilium
3155 780 3402 837 omnium
3479 792 3701 840 summus

467 870 549 912 est
592 869 803 927 vertex,
855 861 909 915 in
961 876 1071 931 quo
1126 862 1459 920 desiderium
1509 881 1674 922 omne
1723 865 1946 923 sistitur
1989 872 2046 921 et
2082 865 2337 938 quiescit.

539 951 814 1024 Chrysa“.
848 954 990 1009 hom.
1021 955 1089 1010 77
1130 956 1185 1011 in
1229 955 1392 1012 Joan.
1422 989 1494 1000 —
1536 959 1751 1016 ldciaco
1782 960 1955 1014 etiam
1994 959 2054 1015 in

468 1047 799 1118 baptismate
834 1047 1077 1105 Trinitas
1136 1052 1463 1106 assumitur.
1521 1050 1657 1107 Nam
1711 1051 1877 1108 Pater
1935 1067 2052 1108 rem

471 1155 690 1206 omnem
717 1149 897 1210 potest
916 1140 1158 1207 ellieerc,
1202 1141 1488 1215 Filiusque
1525 1145 1684 1212 item,
1727 1155 1783 1201 et
1811 1144 2057 1217 Spiritus

473 1242 702 1288 sanctus
729 1252 748 1290 ι
778 1248 903 1288 cum
957 1249 1092 1291 vero
1122 1235 1190 1292 de
1234 1235 1396 1292 Patre
1434 1252 1595 1292 nemo
1629 1237 1951 1309 ambigeret,
1986 1237 2055 1294 de

471 1325 612 1380 Filio
635 1334 817 1382 autem
844 1337 898 1383 et
939 1327 1146 1399 Spiritu
1195 1341 1390 1386 sancto
1438 1333 1822 1386 controversia
1872 1330 2053 1399 foret;

471 1430 763 1493 eapropter
789 1423 1079 1495 utriusque
1113 1426 1308 1479 liorum
1344 1441 1540 1480 nomen
1574 1426 1628 1480 in
1659 1435 1848 1481 saneta
1870 1425 2056 1481 initia-

473 1515 627 1571 tione
665 1527 1008 1588 assumptum
1037 1517 1160 1587 fuit,
1199 1525 1256 1574 ut
1302 1520 1356 1573 in
1395 1519 1931 1576 subministrationis
1960 1534 2054 1574 ar-

474 1626 736 1665 canorum
761 1610 979 1666 illorum
998 1613 1266 1667 bonorum
1291 1612 1578 1677 societate,
1605 1611 1892 1684 dignitatis
1919 1625 2062 1683 quo-

475 1719 582 1773 que
611 1702 930 1758 societatem
973 1719 1423 1775 agnoscere-mus.

547 1792 739 1865 Epip/i.
811 1798 866 1852 in
909 1799 1039 1853 Anc.
1096 1815 1155 1853 n.
1213 1797 1299 1853 lO.
1332 1829 1404 1842 --
1457 1797 1734 1862 Sanctus.
1795 1799 2140 1864 sanctus,B

478 1900 731 1944 sanctus.
789 1889 905 1944 Non
957 1891 1170 1956 dicunt,
1225 1891 1428 1959 sancti,
1476 1892 1676 1958 sancti,
1723 1900 1782 1948 ut
1823 1893 1872 1948 ei
1913 1890 2063 1962 quod

479 1983 758 2052 singulare
791 1992 898 2047 est,
929 1983 1286 2054 multiplicem
1337 1985 1756 2056 appellationem
1793 1985 2062 2048 tribuant,

479 2089 584 2128 nec
607 2077 775 2129 trium
821 2090 1109 2130 numerum
1147 2075 1512 2132 dissimulent.
1566 2074 1672 2130 Sed
1723 2076 1795 2129 ita
1828 2083 1912 2131 ter
1938 2075 2068 2147 qui-

480 2167 602 2222 dem
645 2175 898 2223 sanetum
943 2168 1265 2238 praedicant,
1298 2174 1358 2222 ut
1411 2183 1521 2224 uno
1549 2167 1857 2238 eodemque
1902 2167 2066 2223 modo

480 2267 535 2317 et
592 2259 948 2331 singulariter
973 2275 1162 2316 vocem
1194 2261 1579 2331 pronuntient,
1608 2275 1678 2314 ne
1713 2260 1900 2330 plures
1928 2259 2066 2315 deos

481 2354 789 2408 nominent.
826 2353 986 2410 Unus
1017 2355 1163 2410 enim
1197 2353 1343 2409 Deus
1372 2365 1458 2410 est
1498 2353 1661 2409 Pater
1707 2354 1761 2408 in
1816 2351 1978 2416 Filio,
2010 2360 2066 2408 et

483 2443 657 2500 Filius
704 2447 760 2500 in
798 2443 962 2500 Patre
1011 2458 1136 2500 cum
1195 2442 1402 2516 Spiritu
1463 2451 1678 2500 sancto.
1735 2441 1800 2496 Et
1859 2441 2070 2497 idcirco

482 2543 713 2592 sanctus
750 2537 845 2606 qui
893 2537 949 2590 in
989 2537 1198 2592 sanctis
1255 2537 1573 2608 requiescit,
1614 2535 1773 2590 Pater
1817 2550 1980 2590 verus
2013 2543 2069 2590 et

481 2630 815 2696 subsistens,
851 2629 1025 2686 Filius
1063 2645 1284 2702 quoque
1316 2646 1481 2687 verus
1527 2637 1583 2686 et
1630 2629 1964 2696 subsistens,
2013 2637 2070 2684 et

484 2721 729 2794 Spiritus
759 2730 988 2780 sanctus
1035 2738 1200 2780 verus
1244 2731 1298 2780 et
1365 2722 1698 2780 subsistens.
1749 2722 1880 2778 Tria
1914 2731 2065 2788 sunt,

483 2821 579 2874 sed
611 2817 791 2874 deitas
818 2833 948 2886 una,
977 2818 1219 2874 essentia
1238 2833 1372 2882 una,
1407 2832 1513 2872 una
1545 2816 1897 2887 glorilieatio,
1922 2831 2069 2872 unus

483 2908 650 2965 Deus.
680 2907 782 2964 Ubi
807 2907 974 2964 Deum
999 2908 1340 2964 nominasti?
1363 2923 1471 2962 una
1500 2922 1719 2978 quoque
1741 2906 2065 2962 Trinitatem

485 3011 672 3057 mente
715 3003 1037 3074 complexus
1063 3017 1146 3059 es.
1195 3000 1448 3056 Habuisti
1486 3000 1750 3072 Spiritum
1783 2999 2072 3055 sanctum?

486 3094 732 3164 potentia
771 3091 952 3151 Patris
972 3100 1027 3150 et
1052 3091 1195 3149 Filio
1226 3091 1323 3149 Dei
1343 3093 1583 3150 donatus
1601 3109 1683 3149 es.
1711 3091 1924 3148 Patrem
1947 3091 2070 3147 lata»

2225 963 2327 1018 Διά
2360 961 2520 1020 τοῦτο
2552 964 2645 1021 καὶ
2677 965 2772 1021 ἰπὶ
2798 965 2895 1021 τοῦ
2931 965 3311 1037 βαπτίσματος
3338 967 3374 1038 ἡ
3395 965 3560 1037 Τριάς
3584 967 3702 1040 λαμ-

2157 1051 2402 1110 ϐάνεται.
2451 1056 2561 1110 Καὶ
2589 1056 2700 1128 γὰρ
2731 1055 2761 1109 ὁ
2791 1057 2980 1128 Πατὴρ
3019 1057 3080 1110 τὸ
3123 1057 3232 1109 πᾶν
3265 1057 3596 1128 ἐργάσασθαι
3630 1059 3705 1112 δύο

2155 1163 2337 1213 ναται,
2371 1148 2467 1202 καὶ
2500 1150 2528 1202 6
2582 1149 2713 1212 Υίὸς
2763 1151 2858 1204 καὶ
2889 1151 2952 1204 τὸ
3001 1150 3228 1222 Πνεῦμα
3281 1151 3344 1204 τὸ
3377 1151 3565 1218 ἅγιον·
3613 1150 3706 1204 ἀλλ’

2158 1239 2346 1310 ἐπειδὴ
2377 1240 2502 1311 περὶ
2554 1241 2647 1296 τοῦ
2707 1243 2925 1313 Πατρὸς
2979 1243 3152 1308 οὐδεὶς
3180 1243 3538 1315 ἀμφιϐάλλει,
3583 1244 3637 1298 τὺ
3663 1246 3709 1299 δὲ

2161 1333 2465 1405 ἀμφίϐολον
2497 1331 2564 1408 ἦν
2612 1337 2742 1409 περὶ
2791 1336 2884 1391 τοῦ
2921 1336 3053 1392 Υῑοῦ
3104 1338 3198 1391 καὶ
3229 1338 3324 1392 τοῦ
3362 1339 3521 1408 ἁγίου
3561 1339 3711 1393 Πνεῦ-

2164 1443 2355 1500 ματος,
2389 1429 2758 1502 παρείληπται
2803 1431 2864 1484 ἐν
2892 1434 2956 1504 τῇ
3009 1433 3372 1503 μυσταγωγίᾳ
3399 1475 3415 1496 ,
3451 1432 3538 1484 ινα
3575 1432 3629 1485 ἰν
3658 1435 3712 1502 τῇ

2166 1524 2422 1596 κοινωνίᾳ
2451 1523 2560 1577 τῶν
2599 1525 2932 1597 ἀποῤῥήτων
2965 1525 3188 1579 ἐκείνων
3223 1524 3472 1594 ἀγαθῶν,
3515 1524 3606 1579 καὶ
3631 1524 3714 1597 τὴν

2165 1614 2455 1670 κοινωνίαν
2481 1615 2578 1687 τῆς
2611 1616 2766 1683 ἀξίας
2791 1614 3320 1689 καταμανθάνωμεν.

2238 1799 2428 1868 Ἄγιος
2452 1838 2470 1864 ,
2528 1799 2706 1870 ἅγιος,
2762 1799 2942 1868 ᾰγιος·
2991 1799 3085 1854 καὶ
3132 1801 3192 1854 οὐ
3245 1802 3524 1872 λέγουσιν,
3572 1803 3715 1872 ἆγιοι,

2164 1887 2331 1961 ἅγιοι,
2359 1891 2448 1947 ἴνα
2497 1893 2561 1946 τὺ
2594 1892 2774 1947 ἑνικὸν
2806 1891 3164 1964 πολυώνυμον
3207 1897 3554 1964 ἀποφάνωσι,
3603 1897 3719 1967 μηδὲ

2163 1985 2273 2037 τῶν
2303 1986 2474 2056 τριῶν
2500 1986 2592 2038 τὸν
2625 1985 2858 2058 ἀριθμὸν
2889 1987 3310 2060 ἀποκρύψωσιν,
3342 1989 3484 2043 ἀλλά
3514 1990 3628 2061 τρὶς
3653 1990 3718 2042 διο

2172 2075 2326 2132 δόασι
2380 2077 2482 2148 τὴν
2529 2077 2886 2146 ἀγιαστείανο
2956 2080 3244 2150 μονοειδῶς
3297 2080 3356 2134 δὲ
3410 2081 3506 2134 καὶ
3552 2081 3720 2145 ἑνικῶς

2165 2167 2611 2240 ἁποφθὲγγονται
2641 2169 2733 2224 τὸν
2766 2169 2946 2240 λόγον,
2975 2171 3064 2226 ἵνα
3099 2171 3175 2245 μὴ
3209 2171 3514 2226 πυλυθεῖαν
3542 2173 3723 2245 ὀνομά-

2168 2271 2372 2310 σωσινυ
2433 2250 2514 2324 εἷς
2542 2257 2652 2330 γάρ
2698 2259 2816 2314 ἐστι
2862 2259 2997 2324 Θεὸς
3024 2261 3216 2333 Πατὴρ
3259 2263 3318 2316 ὲν
3346 2261 3501 2336 Υἱιξν
3536 2263 3650 2327 Υἱὸς
3677 2263 3724 2316 ιν

2167 2346 2347 2419 Ha.va
2377 2350 2475 2404 σὺν
2513 2351 2656 2422 ἁγίῳ
2681 2351 2984 2424 Πνεύματι.
3015 2353 3128 2409 Καὶ
3167 2354 3259 2409 διὰ
3306 2355 3473 2410 τοῦτο
3505 2355 3650 2426 ἅγιος
3677 2356 3724 2410 tv

2168 2441 2342 2510 ἁγίοις
2357 2442 2792 2514 ἀναπαυόμενος,
2811 2444 3005 2516 Πατὴρ
3029 2447 3060 2501 ὁ
3083 2446 3338 2518 ἀληθινὸς
3363 2447 3723 2511 ἑνυπόστατος,

2168 2534 2266 2588 καὶ
2286 2531 2415 2597 Υἱὸς
2432 2533 2689 2608 ἀληθινὸς
2712 2533 3104 2601 ὲνυπόστατος,
3128 2538 3225 2592 καὶ
3243 2534 3474 2610 Πνεῦμα
3503 2535 3725 2608 ἀληθινὸν

2169 2625 2556 2691 ὲνυπὸστατον,
2589 2628 2717 2697 τρία
2753 2626 2884 2682 ὄντα
2930 2628 3031 2700 μία
3057 2629 3273 2701 θεότης,
3302 2628 3406 2701 μία
3439 2628 3614 2694 οὐσία,
3645 2626 3725 2700 μία

2167 2720 2465 2790 δοξολογία,
2488 2715 2566 2785 εἷς
2593 2720 2745 2786 Θεόςο
2785 2721 3061 2790 ὀνομάσας
3084 2721 3238 2787 Θεὸν,
3275 2723 3726 2795 συμπεριείληφας

2169 2814 2379 2887 διανοίᾳ
2411 2814 2508 2886 τὴν
2541 2816 2572 2867 Ἰ
2590 2815 2770 2887 ριάδα.
2796 2816 2996 2887 Ἔσχες
3024 2815 3252 2889 Πνεῦμα
3283 2817 3468 2886 ἄτιον,
3488 2815 3725 2888 κατηξίω-

2174 2923 2266 2959 σαι
2292 2906 2393 2976 τῆς
2441 2906 2729 2977 δυνάμεως
2759 2908 2860 2979 τῆς
2911 2909 3172 2981 πατρῴας
3207 2909 3307 2964 καὶ
3344 2908 3444 2963 τοῦ
3473 2909 3604 2962 Υίοῦ
3649 2905 3724 2960 τοῦ

2173 2998 2345 3053 Θεοῦο
2386 2996 2648 3063 ὲδόξασας
2698 2999 2790 3053 τὸν
2833 3000 3079 3071 Πατέρα,
3130 3003 3424 3074 ὲσήμανας
3457 3001 3550 3056 τὸν
3599 3000 3725 3064 Υίὸν,

2173 3093 2269 3146 καὶ
2307 3091 2372 3146 τὸ
2417 3091 2573 3160 ἅγιον
2621 3090 2872 3162 Πνεῦμα,
2923 3091 3062 3148 ἀλλὰ
3096 3092 3172 3165 μὴ
3210 3094 3354 3148 κατά
3406 3091 3724 3160 συναλοιφὴν.

488 3152 676 3242 dasti?
727 3184 927 3242 Filium
985 3195 1039 3243 et
1087 3185 1357 3259 Spiritum
1411 3195 1668 3250 sanctum
1723 3183 2070 3257 signiﬁcasti,

2180 3187 2340 3242 Ἐστι
2381 3152 2490 3258 γάῤ
2522 3187 2551 3241 6
2573 3152 3022 3258 Πατὴρήάτήρ·
3047 3152 3241 3238 εσῖτξνδ
3274 3183 3410 3248 Υἱὸς
3431 3152 3728 3247 ria-ten

489 3292 598 3332 non
629 3285 808 3332 tamen
841 3291 943 3348 per
965 3275 1224 3332 unionem
1249 3284 1305 3332 et
1332 3277 1707 3332 eoalitionem.
1733 3274 1897 3330 Pater
1927 3275 2075 3332 enim

489 3375 573 3424 est
614 3366 797 3433 Pater,
824 3375 881 3421 et
906 3366 1080 3424 Filius
1114 3367 1306 3434 Filius,
1341 3377 1397 3424 et
1428 3367 1669 3439 Spiritus
1687 3375 1920 3426 sanctus
1951 3365 2078 3439 Spi-

490 3460 634 3514 ritus
661 3467 909 3514 sanctus.
946 3456 1017 3512 At
1045 3454 1290 3514 Trinitas
1327 3457 1395 3513 ab
1427 3458 1636 3513 unitate
1684 3463 1739 3512 et
1790 3454 2079 3511 identitate

492 3551 716 3606 minime
749 3562 958 3607 semota
988 3557 1096 3608 est.

565 3644 794 3700 Ibid.—
823 3644 868 3701 Ο
899 3644 1149 3713 Trinitas
1179 3652 1393 3713 sancta,
1425 3660 1549 3716 quae
1576 3643 1921 3712 numeraris;
1959 3641 2080 3697 Tri-

495 3739 642 3794 nitas
669 3737 1024 3793 unonomine
1060 3739 1391 3794 numerata!
1428 3736 1548 3793 Non
1586 3738 1734 3792 enim
1769 3736 1955 3790 unitas
1995 3735 2080 3790 vel

495 3829 748 3886 binarius
769 3830 993 3898 dicitur,
1025 3844 1205 3899 neque
1235 3829 1419 3885 unitas
1447 3839 1502 3884 et
1528 3830 1744 3896 unitas;
1770 3829 1862 3884 sed
1893 3825 2080 3882 Trini-

496 3928 584 3976 tas
632 3920 689 3976 in
732 3921 968 3985 unitate,
1015 3927 1072 3975 et
1122 3919 1312 3977 unitas
1350 3921 1406 3975 in
1457 3918 1752 3986 Trinitate,
1813 3918 2080 3990 singulari

497 4009 696 4080 forma,
731 4021 786 4069 et
807 4013 1178 4084 appellatione
1207 4012 1493 4083 singulari.
1523 4011 1678 4070 Unus
1706 4012 1870 4070 Pater
1891 4012 1947 4074 in
1986 4008 2080 4067 Fi—

497 4108 596 4176 lio,
631 4107 806 4164 Filius
845 4107 900 4164 in
930 4106 1091 4162 Patre
1120 4114 1176 4162 et
1200 4105 1414 4176 Spiritu
1439 4117 1658 4166 sancto.

570 4196 689 4254 Una
716 4206 801 4254 est
830 4197 1008 4270 gloria
1051 4195 1234 4253 Patris
1264 4205 1322 4253 et
1350 4197 1475 4252 Filii
1505 4207 1564 4253 et
1604 4196 1844 4268 Spiritus
1881 4183 2079 4251 saneti.

505 4312 524 4347 ι
556 4291 802 4349 Gloriam
853 4292 1006 4346 enim
1053 4305 1255 4356 meam,
1315 4289 1516 4360 inquit,
1557 4287 1716 4345 alteri
1779 4305 1888 4344 non
1942 4287 2086 4342 dabo

499 4385 640 4456 (Im.
675 4399 814 4454 ml,
843 4383 920 4454 8).
960 4381 1084 4440 Non
1117 4384 1266 4440 enim
1291 4382 1570 4438 secundus
1605 4381 1748 4436 Deus
1772 4388 1852 4436 est
1883 4378 2081 4443 Filius,

2175 3281 2236 3336 τὸ
2270 3280 2426 3349 ἅγιον
2453 3277 2703 3349 Πνεῦμα,
2740 3277 2900 3346 ἅγιον
2939 3277 3188 3348 Πνεῦμα.
3220 3275 3364 3330 Ἀλλ’
3388 3275 3498 3330 οὐκ
3525 3272 3731 3345 ἀπηλλο-

2175 3371 2454 3443 τριωμένη
2506 3369 2678 3445 Τριάς
2741 3371 2844 3443 τῆς
2890 3369 3144 3440 ὲνότητος
3169 3408 3186 3436 ,
3240 3367 3336 3424 καὶ
3386 3367 3498 3440 τῆς
3567 3363 3734 3422 ταυτό-

2177 3481 2361 3537 τητος.

2248 3641 2320 3700 Ὠ
2343 3643 2512 3716 Τριάς
2548 3643 2680 3713 ἁγία
2709 3641 3091 3715 ἀριθμουμένη
3125 3652 3172 3707 ³,
3207 3638 3379 3712 Τριάς
3417 3639 3487 3694 ὲν
3533 3636 3610 3692 ἑνὶ
3637 3632 3733 3688 6νό-

2184 3757 2314 3811 ματι
2350 3738 2763 3811 ἀριθμουμένηί
2800 3736 2877 3790 οῦ
2897 3736 3008 3808 γὰρ
3031 3734 3250 3804 λέγεται
3275 3732 3455 3804 μονὰς
3487 3731 3580 3786 καὶ
3601 3728 3731 3794 δυὰς,

2180 3830 2301 3885 οὐδὲ
2336 3829 2504 3902 μονὰς
2531 3827 2625 3882 καὶ
2675 3826 2866 3898 μονὰς,
2899 3825 3038 3879 ἀλλὰ
3086 3822 3258 3896 Τριάς
3311 3824 3373 3876 ἐν
3413 3819 3624 3894 μονάδι,
3655 3814 3732 3872 καὶ

2185 3925 2353 3996 μονὰς
2408 3924 2466 3976 ἐν
2500 3920 2714 3990 Τριάδι,
2735 3934 2739 3935 ’
2762 3917 3051 3992 μονοειδῶς
3105 3914 3445 3988 μονωνῦμως
3478 3908 3557 3977 εἷς
3588 3907 3728 3971 Θεός⁶

2181 4015 2373 4087 Πατὴρ
2425 4016 2485 4069 ἐν
2543 4011 2691 4083 Υἱῷ·
2744 4011 2872 4076 Υἱὸς
2919 4012 2976 4064 ἐν
3020 4007 3201 4080 Πατρὶ
3255 4007 3354 4061 σὺν
3406 4004 3553 4073 ἁγίῳ
3585 3997 3732 4054 Ilvati-

2265 4126 2336 4162 τι.

2184 4127 2368 4260 μαὲία
2393 4199 2522 4268 δόξα
2556 4197 2769 4270 Harpe;
2798 4197 2891 4252 καὶ
2925 4191 3058 4250 Υἰοῦ
3104 4193 3198 4247 καὶ
3229 4186 3397 4262 ἁγίου
3417 4191 3730 4259 Πνεῦματος.

2188 4318 2210 4352 ι
2227 4299 2339 4367 Τὴν
2356 4295 2513 4362 δόξαν
2541 4293 2648 4362 γάρ
2669 4307 2795 4362 μου,
2814 4289 2998 4360 φησιν,
3018 4285 3190 4358 ἑτέρῳ
3215 4285 3278 4338 οὐ
3305 4283 3487 4338 δώσω.
3514 4302 3532 4334 ι
3558 4279 3627 4334 Οὐ
3645 4275 3734 4345 γάρ

2184 4391 2303 4444 ἔστι
2329 4388 2582 4457 δεύτερος
2616 4384 2753 4449 Θεὸς
2778 4386 2810 4436 ὁ
2842 4380 2991 4444 Υἱὸς,
3023 4379 3161 4434 ἀλλὰ
3192 4379 3366 4448 Λόγος
3393 4376 3492 4430 τοῦ
3523 4375 3633 4436 ἑνὸς
3655 4367 3732 4422 καὶ

500 4479 595 4533 sed
627 4474 871 4532 Verbum
907 4477 1071 4534 unius
1102 4483 1158 4531 et
1187 4477 1359 4532 solius
1389 4475 1502 4541 Dei,
1535 4476 1628 4547 qui
1669 4475 1721 4528 in
1752 4474 1912 4529 Patre
1939 4473 2072 4527 Dens

2189 4481 2358 4554 μόνου
2378 4477 2536 4539 Θεοῦ,
2569 4472 2990 4546 θεολογοῦμενος
3023 4473 3082 4525 ὲν
3113 4470 3308 4540 Πατρὶ,
3338 4467 3415 4533 ὡς
3441 4466 3536 4523 καὶ
3572 4461 3734 4577 [litim

501 4586 626 4626 esse
658 4569 1012 4639 praedicatur,
1048 4569 1510 4640 quemadmodum
1543 4576 1599 4622 et
1628 4567 1791 4623 Pater
1829 4567 1886 4621 in
1922 4564 2082 4620 Filio.

503 4662 664 4719 Velut
701 4661 865 4733 300
889 4663 1055 4717 etiam
1091 4661 1266 4718 Isaias
1295 4661 1390 4728 ait,
1424 4661 1550 4714 dum
1580 4659 1780 4714 Filium
1818 4674 1926 4714 una
1953 4673 2083 4714 cum

502 4756 664 4810 Patre
721 4755 888 4810 Deum
949 4755 1237 4825 proﬁtetur
1272 4775 1283 4809 :
1326 4774 1344 4806 ι
1383 4755 1706 4809 Adorabunt
1743 4764 1815 4821 te,
1849 4763 1901 4808 ct
1946 4753 2004 4813 in
2033 4763 2086 4809 te

503 4847 780 4901 orabunt:
821 4845 1080 4916 quoniam
1140 4848 1194 4901 in
1258 4856 1309 4901 te
1371 4847 1513 4902 Deus
1568 4845 1772 4910 Israel,
1832 4845 2087 4900 Salvator

505 4939 642 5016 (Isa.
689 4956 810 5006 ειν,
855 4939 1086 5010 14,15).
1131 4959 1149 4991 ι
1182 4939 1623 5006 Confundentur,
1656 4950 1711 4995 et
1754 4941 2084 4995 erubescent

505 5049 718 5097 omnes,
760 5034 851 5102 qui
887 5033 988 5102 ipsi
1022 5033 1408 5098 adversantur,
1455 5049 1554 5086 nec
1588 5034 1765 5102 ipsum
1818 5033 2086 5088 cantilen-

508 5133 618 5189 tur,
659 5141 760 5179 nec
781 5124 1046 5196 Spiritum
1080 5125 1257 5195 ipsius
1278 5126 1520 5195 ejusdem
1547 5141 1610 5180 ac
1635 5124 1804 5179 Filius
1835 5126 2087 5180 essentia:

509 5234 652 5279 esse,
671 5230 742 5272 'ac
770 5227 967 5287 praeter
989 5234 1136 5282 enin,
1166 5219 1331 5272 alium
1353 5218 1534 5273 Deum
1566 5235 1707 5276 esse.

579 5309 936 5380 Nequaquam
986 5312 1059 5364 ita
1101 5319 1239 5366 est:
1289 5311 1617 5367 absithon
1668 5320 1752 5367 est
1801 5319 2089 5384 procreata

511 5402 782 5468 Trinitas,
829 5405 923 5461 sed
959 5407 1291 5476 sempiterna
1333 5416 1385 5461 et
1428 5424 1534 5462 una
1583 5415 1667 5466 est
1718 5408 1773 5463 in
1819 5407 2090 5463 Trinitale

2188 4578 2247 4630 ἐν
2275 4573 2392 4643 Υῖῷ
2427 4570 2782 4638 Θεολογείται.
2818 4562 3020 4628 Καθὼς
3058 4563 3154 4620 καὶ
3190 4562 3418 4624 Ἡσαΐας
3438 4558 3606 4630 λέγει,
3637 4555 3733 4608 Oeae

2186 4666 2362 4737 λογῶν
2393 4663 2525 4716 Υίδν
2550 4660 2648 4715 σὺν
2674 4657 2849 4728 Πατρξ
2867 4674 2883 4688 ·
2913 4675 2931 4708 ι
2954 4652 3407 4728 Προσκυνήαουσί
3442 4668 3546 4714 σοι,
3573 4647 3662 4704 καὶ
3685 4645 3731 4698 ὲν

2193 4761 2278 4814 σοὶ
2335 4753 2758 4828 προσεύξονταιο
2788 4751 2872 4804 ὅτι
2911 4751 2971 4804 ὲν
3021 4749 3105 4802 σοὶ
3135 4751 3163 4806 ὸ
3210 4746 3345 4812 Θεὸς
3387 4745 3484 4800 τοῦ
3524 4737 3730 4815 Ἰσραὴλ.

2187 4852 2405 4921 Σωτήρ.
2429 4867 2448 4899 ι
2477 4844 2949 4917 Δίσχυνθήσονται
2975 4845 3069 4896 καὶ
3099 4839 3532 4912 ἐντραπήσονται
3557 4836 3733 4892 πάντες

2187 4945 2238 4998 al
2263 4940 2637 5012 ἀντικείμενοι
2659 4934 2830 5006 αὐτῷ,
2855 4936 2906 4989 al
2941 4934 3016 5006 μὴ
3045 4931 3436 5004 ὁμολογοῦντες
3468 4927 3626 4996 αὐτῷ,
3654 4925 3730 4977 καὶ

2188 5039 2252 5092 τὸ
2291 5036 2516 5107 Πνεῦμα
2567 5032 2758 5096 αὐτοῦ,
2785 5031 2885 5102 τῆς
2930 5029 3101 5101 αὐτῆς
3136 5014 3222 5100 τῷ
3261 5027 3378 5098 Υἱῷ
3424 5024 3618 5087 οὐσίας,
3654 5018 3729 5073 καὶ

2193 5133 2334 5204 πλὴν
2371 5129 2537 5185 αὑτοῦ
2565 5125 2694 5200 [μὴ]
2721 5119 2862 5179 εἶναι
2894 5122 3050 5178 Θεὸν.

2266 5310 2380 5364 Οὐκ
2400 5307 2548 5361 ἐστιν
2582 5303 2755 5358 οὕτω·
2787 5299 2864 5374 μὴ
2894 5298 3142 5368 γένοιτο³
3174 5297 3282 5353 οὐκ
3321 5294 3444 5349 ἔστι
3470 5284 3723 5361 γεψητῆἡ

2196 5405 2238 5459 Τ
2247 5403 2388 5475 ριάς,
2427 5398 2540 5456 ἀλλ’
2575 5397 2767 5460 ἀΐδιος,
2807 5394 2905 5448 καὶ
2953 5392 3058 5464 μία
3101 5391 3295 5463 Θεότης
3333 5391 3394 5448 ὲν
3426 5383 3622 5462 Τριάδι,
3650 5377 3725 5432 καὶ

1695 5556 1704 5565 '
1789 5544 2021 5601 VARl/E
2050 5542 2465 5601 LECTIONES.

582 5645 611 5709 fi
646 5633 769 5709 llaec
806 5631 1280 5709 leguntur-eodem
1313 5636 1416 5692 loci
1447 5639 1588 5705 apud
1624 5637 2010 5708 Epiphaniam.
2044 5637 2312 5706 Rupefuc.
2362 5650 2493 5692 vero
2533 5630 2735 5709 tribuit
2757 5626 3167 5709 Ampliilocliio,
3206 5626 3583 5709 τοῦ-μακαρίου

518 5697 884 5780 φιλφχξουι
907 5702 1000 5754 τοῦ
1025 5707 1112 5780 είς,
1141 5706 1197 5760 τὸ
1231 5711 1290 5760 Ὀ
1315 5697 1500 5778 κύριος
1519 5697 1697 5763 ἔκτισὲ
1733 5697 1826 5780 με.
1855 5710 1987 5775 Quae
2019 5697 2303 5778 inscriptio
2336 5709 2409 5762 sit
2443 5707 2628 5778 potius
2661 5701 2810 5758 illius
2838 5699 3153 5770 fragtnenti,
3183 5697 3331 5766 quod
3371 5697 3542 5755 statim
3570 5702 3719 5760 sequ!-

523 5793 597 5838 ιιιι
630 5776 736 5828 Μία
761 5773 909 5841 δόξα,
938 5792 992 5826 κ.
1015 5791 1064 5827 τ.
1094 5774 1138 5828 ὲ.
