3880 6254
167 317 288 381 1οἾ7

1402 313 1640 385 SACRA
1669 322 2126 385 PARALLELA.

3258 309 3397 376 1078

169 441 254 509 μία
276 436 392 502 δόξα
416 435 512 508 τῆς
541 436 706 508 ἁγίας
736 437 988 510 Τριάδος.
1023 441 1131 495 Καὶ
1175 441 1383 513 σχίζειν
1428 442 1600 514 αὐτὴν
1632 444 1712 508 είς

1863 441 2015 502 sitas,
2043 446 2096 494 et
2130 455 2237 494 una
2289 445 2495 495 sanctae
2536 434 2826 492 Trinitatis
2872 433 3067 506 gloria.
3103 430 3166 485 Et
3207 443 3303 485 vos
3327 443 3394 485 eo

166 533 431 604 διαφόρους
459 530 649 601 φύσεις
680 533 950 604 militare;
983 534 1146 605 Μόνῳ
1173 534 1294 605 Θεῷ
1325 536 1589 608 ἁρμόττει
1621 536 1712 590 λέ-

1821 532 2068 586 audaciae
2095 531 2478 602 prorumpitis,
2523 537 2581 584 ut
2629 543 2752 585 eam
2803 528 2858 583 in
2891 527 3138 583 diversas
3169 534 3393 579 naturas

162 643 268 697 γειν
311 624 369 679 τὸ
409 625 575 696 ἐμόν.
607 625 786 681 Αὑτοῦ
822 629 932 702 γὰρ
967 629 1132 699 μόνου
1184 627 1352 694 ὅντως
1404 629 1591 702 κτῆμα
1647 628 1715 684 τὰ

1863 625 2123 680 :indatis?
2179 622 2285 679 Uni
2333 623 2440 679 Deo
2491 640 2663 678 meum
2715 621 2901 677 dicere
2949 618 3229 675 convenit.
3260 615 3393 672 Nam

165 720 345 774 πάντα.

161 856 294 909 Τίτλ.
326 854 396 928 Bf.
421 885 490 896 —
515 858 656 928 Περὶ
707 857 817 913 τοῦ
853 857 1157 928 ἇφευκτον
1208 854 1360 914 εῖναι
1389 857 1499 913 τὸν
1532 858 1711 914 Θεόν·

217 927 442 1053 jugali“
488 926 690 982 πάντα
737 926 958 998 ἐφορᾷ,
1001 930 1101 986 καὶ
1155 929 1337 987 οὐδὲν
1377 931 1567 986 αὑτὸν
1615 928 1716 984 λέ-

258 1016 290 1053 η
400 1036 416 1051 .

258 1016 416 1066 ησεν.

223 1131 238 1165 ι
271 1113 378 1166 Οὐκ
406 1110 552 1170 ἐστιν
581 1111 642 1178 ὃς
669 1111 937 1180 ἐξελεῖ-ται
971 1114 1036 1168 ἐκ
1065 1113 1176 1170 τῶν
1209 1113 1414 1187 χειρῶν
1447 1133 1572 1187 μου.
1614 1133 1636 1170 0

221 1315 238 1347 ι
273 1295 504 1368 Ὀρατής
530 1297 681 1349 ἐστιν
706 1295 887 1367 ἔργων
920 1297 1121 1368 χειρῶν
1146 1295 1450 1370 ἀνθρώπων
1477 1316 1490 1327 ·
1519 1296 1715 1369 λέληθε

153 1387 201 1443 δὲ
229 1389 384 1444 αὐτὸν
409 1389 566 1442 οὐδὲν
592 1381 666 1444 ὧν
701 1389 1056 1460 πράττουσιν.
1095 1407 1115 1441 0

223 1502 239 1534 ι
267 1481 470 1555 Κύριος
502 1483 682 1538 πάντα
710 1483 905 1554 ἐφορᾷ,
944 1482 1382 1554 καταλαμϐάνων
1423 1481 1719 1555 ἀνεξιχνία-

156 1593 274 1642 στα,
336 1575 528 1643 ἔνδοξα
575 1594 634 1631 τε
677 1577 774 1630 καὶ⁵
815 1575 1064 1643 ἐξαίσια,
1114 1567 1191 1630 ὧν
1239 1575 1338 1630 οὐκ
1390 1574 1541 1630 εστιν
1595 1576 1718 1649 ἀρι-

156 1670 304 1741 Θμός.’
327 1688 345 1722 0

221 1763 358 1828 «Τίς
409 1756 568 1828 οὗτος
619 1765 649 1818 ὀ
692 1761 952 1835 κρύπτων
1004 1779 1071 1835 με
1113 1760 1332 1836 βουλὴν,
1385 1761 1626 1836 συνέχων
1661 1763 1718 1819 δὲ

156 1854 360 1928 ῥήματα
391 1856 452 1910 ὲν
489 1855 707 1930 καρδίᾳ,
742 1855 844 1928 ἐμὲ
872 1855 1046 1911 οἴεται
1075 1855 1381 1928 κρύπτειν;
1413 1875 1435 1910 0

219 2044 240 2080 (
280 2027 523 2093 Ἐτάζων
555 2030 784 2104 καρδίας
807 2030 905 2088 καὶ
933 2033 1167 2105 νεφροὺς
1195 2034 1223 2088 ὀ
1249 2033 1403 2100 Θεός.
1433 2055 1452 2088 0

229 2219 516 2294 (Ὕψηλὸς
549 2219 778 2292 Κύριος,
831 2221 929 2275 καὶ
961 2219 1196 2275 ταπεινὰ
1241 2220 1453 2293 ἐφορᾷ,
1505 2226 1599 2274 καὶ
1656 2224 1726 2274 τὰ

155 2314 322 2386 ὑψηλὰ
352 2313 751 2386 ἀπομακρόθεν
780 2311 1063 2384 γινώσκει.
1099 2331 1117 2365 0

220 2426 239 2460 ι
271 2405 381 2462 Ποῦ
415 2406 676 2480 πορευθῶ
705 2405 816 2462 ἀπὸ
846 2405 942 2461 τοῦ
986 2406 1298 2478 πνεύματός
1341 2424 1458 2473 σου,
1495 2405 1590 2461 καὶ
1618 2406 1726 2461 ἀπὸ

152 2500 237 2557 τοῦ
266 2502 570 2576 προσώπου
606 2520 700 2556 σου
731 2503 834 2557 ποῦ
863 2502 1053 2574 φύγω;
1083 2523 1097 2556 ι

218 2613 236 2647 ι
273 2595 452 2668 ’ᾼδης
481 2595 576 2649 καὶ
625 2595 874 2651 ἀπώλεια
905 2596 1119 2668 φανερὰ
1159 2595 1310 2669 παρὰ
1351 2596 1573 2669 Κυρίῳ·
1612 2596 1728 2663 πῶς

141 2687 265 2759 infixi
294 2690 390 2743 καὶ
423 2690 483 2743 αἱ
515 2689 732 2761 καρδίαι
755 2691 866 2745 τῶν
898 2688 1241 2762 ἀνθρώπων;
1279 2710 1299 2742 0

220 2801 238 2834 ι
267 2781 357 2838 Ἐν
390 2783 564 2839 παντὶ
609 2783 759 2857 τόπῳ
805 2784 1078 2858 ὀφθαλμοὶ
1133 2784 1341 2856 Κυρίου
1398 2784 1728 2840 σκοπεύουσι

153 2876 348 2942 κακούς
368 2894 431 2932 τε
465 2878 566 2933 καῖ
591 2877 854 2948 ἀγαθούς.
891 2897 911 2932 0

218 2986 238 3020 ‹
265 2936 398 3037 Θεὸς
453 2936 693 3041 ἐγγίζων
725 2936 840 3044 ciui.
887 2971 1020 3042 ἐγὼ,
1053 2971 1205 3043 λέγει
1260 2973 1494 3046 Κύριος,
1529 2973 1622 3029 καὶ
1668 2975 1730 3030 οὐ
1764 2936 1768 2940 ί

149 3060 271 3126 Θεὸς
301 3064 632 3137 πόρρωθενς
665 3065 730 3118 Εἰ
754 3065 1092 3138 κρυϐήσεταί
1113 3082 1168 3119 τι
1192 3066 1250 3121 ὲν
1279 3067 1550 3140 κρυφίοις,
1577 3068 1732 3139 κάγὼ

147 3153 239 3208 οὐκ
271 3153 482 3227 ὄψομαι
511 3156 673 3224 auro;
697 3156 790 3228 Μὴ
829 3155 954 3228 οὐχὶ⁸
991 3158 1082 3211 τὸν
1114 3157 1343 3228 οὐρανὸν
1374 3159 1469 3214 καὶ
1493 3157 1591 3231 τὴν
1620 3160 1725 3233 γῆν

150 3242 251 3314 ἐγὼ
279 3245 506 3320 πληρῶ,
530 3246 684 3318 λέγει
716 3247 950 3318 Κύριος;
989 3267 1008 3302 0

220 3445 236 3478 ι
261 3426 476 3500 Κύριος
509 3427 856 3501 ἀποκαλύψει
890 3429 1059 3502 βαθέα
1098 3431 1190 3484 καὶ
1228 3429 1732 3502 ἀπόκρυφα,γινὼ-

150 3533 287 3574 σκων
317 3520 388 3576 τὰ
415 3521 480 3576 ἑν
504 3522 709 3588 σκότει,
742 3523 840 3578 καὶ
869 3523 984 3594 φῶς
1019 3524 1137 3595 μετ’
1169 3523 1335 3602 αὐτοῦ
1367 3527 1504 3580 ἐστι.
1530 3544 1549 3578 0

217 3727 237 3759 ι
272 3707 348 3763 Τδ
382 3708 616 3780 συνέχον
656 3708 727 3762 τὰ
763 3709 967 3777 πάντα,
1011 3709 1214 3780 γνῶσιν
1249 3710 1365 3781 ἔχει
1398 3713 1608 3785 φωνῆς·
1642 3711 1732 3768 διὰ

147 3798 296 3856 τοῦτο
316 3802 704 3875 φθεγγόμενος
733 3804 896 3858 ἄδικα
930 3805 1106 3870 οὐδεὶς
1132 3805 1193 3859 οὐ
1235 3806 1313 3879 μὴ
1342 3805 1500 3880 λάθῃ,
1529 3807 1639 3861 οὐδ’
1667 3809 1727 3863 οὐ

149 3894 219 3970 μὴ
249 3895 658 3970 παρελεύσεται
689 3899 852 3954 αὐτὸν
876 3898 1177 3970 ἐλέγχουσα
1203 3900 1353 3973 δίκη.
1384 3922 1402 3954 0

213 4095 234 4132 ι
262 4079 389 4134 Τῶν
422 4080 645 4153 νεφρῶν
697 4083 864 4138 αὐτοῦ
917 4085 1152 4158 μάρτυς,
1211 4088 1306 4142 καὶ
1349 4087 1452 4159 τῆς
1503 4089 1732 4161 καρδίας

144 4170 306 4226 αὐτοῦ
340 4174 652 4240 ἐπίσκοπος
695 4175 935 4250 ἀληθὴς,
969 4179 1068 4234 καὶ
1114 4181 1215 4252 τῆς
1259 4179 1514 4252 γλώσσης
1571 4183 1733 4237 ἀκου-

148 4278 295 4321 στῆς.
329 4286 350 4321 ι

255 4283 295 4319 ·.
329 4286 350 4321 0

211 4265 379 4432 Ῠξΐὴν
403 4361 510 4433 σὴν
544 4362 703 4434 χεῖρα
743 4362 1004 4433 ἐκφυγεῖν
1036 4363 1299 4418 ἀδύνατόν
1325 4367 1488 4423 ἐστιν.
1527 4385 1546 4420 0

217 4561 235 4596 ι
270 4545 336 4597 0i.
368 4541 648 4641 ὀφθαλμοὶ
680 4543 1314 4641 Κυρίουιμυριοπλάσιον
1355 4547 1507 4620 ἡλίου
1532 4568 1729 4620 φωτει-
1767 4585 1808 4641 D

151 4631 381 4706 νόσεροι,
413 4631 808 4698 ἔπιϐλὲποντες
839 4633 1019 4698 πάσας
1054 4636 1155 4703 τὰς
1185 4637 1339 4702 ὁδοὺς
1376 4640 1483 4694 τῶν
1519 4641 1731 4706 ἀνθρὼο

149 4743 337 4785 πων.»
1581 4701 1638 4778 ,ι

223 4840 242 4873 ι
276 4824 467 4893 Ἔγνω
493 4822 699 4896 Κύριος
729 4824 758 4877 ό
790 4824 1011 4895 ὕψιστος
1051 4827 1235 4880 πᾶσαν
1280 4827 1605 4898 συνείδησιν,
1639 4829 1733 4882 καὶ

149 4913 454 4986 ιπέϐλεψεν
484 4919 564 4982 είς
595 4920 825 4989 σημεῖον
853 4918 1074 4985 αἰῶνος,
1104 4919 1467 4990 ἀπαγγέλλων
1490 4921 1560 4975 τὰ
1590 4939 1734 4993 παρ-ο

151 5004 397 5070 ελθόντα,
446 5009 539 5062 καὶ
581 5008 652 5063 τὰ
699 5008 959 5081 ἐσόμενα,
1015 5011 1114 5065 καὶ
1162 5011 1572 5067 ἀποκαλύπτων
1610 5014 1731 5085 ἴχνη

150 5097 512 5170 ἀποκρύφων.
545 5101 620 5155 Οὐ
655 5102 938 5176 παρῆλθεν
966 5103 1132 5158 αὐτὸν
1159 5106 1268 5159 πᾶν
1295 5105 1595 5179 διανόημα’
1632 5107 1734 5161 οὐκ

150 5190 372 5265 ικρὺὗη·
397 5191 490 5248 ὑπ’
522 5193 690 5249 αὐτοῦ
716 5191 798 5261 εἷς
825 5195 1006 5267 λόγος.
1039 5197 1122 5250 Τὰ
1146 5197 1414 5269 μεγαλεῖα
1438 5197 1606 5253 αὐτοῦ
1633 5200 1733 5270 τῆς

153 5283 349 5355 σοφίας,
385 5285 488 5357 τῆς
536 5289 812 5360 κωμικῆς
859 5289 1194 5361 ἐκόσμησεν,
1236 5290 1296 5355 ὃς
1331 5293 1451 5346 ἐστι
1496 5291 1603 5364 πρὸ
1639 5291 1733 5347 τοῦ

153 5378 489 5448 αἱῶνος,καὶ
516 5383 595 5447 είς
615 5380 709 5436 τὸν
736 5382 1025 5438 αίῶνα.οὒ
1053 5382 1381 5455 πρρσετέθη.
1409 5381 1534 5437 οὕτε
1564 5383 1731 5455 ἠλατο

153 5471 356 5547 τώθη.»

226 5582 249 5622 ο
287 5569 469 5642 Ἔργα
496 5569 675 5642 πάσης
707 5568 913 5642 σαρκὸς
956 5567 1192 5623 ινώπιον
1240 5567 1435 5633 αὑτοῦ,
1485 5565 1584 5623 καὶ
1621 5569 1726 5624 οὐκ

159 5662 268 5716 ιστι
301 5663 573 5739 κρυϐῆναί
595 5681 650 5719 τι
680 5663 788 5718 ἀπὸ
819 5663 927 5718 τῶν
966 5661 1260 5736 ὀφθαλμῶν
1295 5661 1484 5717 αὐτοῦ.
1521 5683 1538 5716 0

219 5827 266 5900 ἐ’
292 5845 379 5912 Ὠς
416 5846 582 5919 κηλδς
609 5845 900 5920 κεραμέως
956 5844 1016 5900 ὲν
1060 5844 1205 5920 χειρὶ
1236 5819 1424 5915 αὐτοῦ,
1453 5843 1597 5902 κατὰ
1630 5841 1728 5918 τὴν

1820 720 1936 791 ipse
1965 718 2120 774 solus
2153 717 2337 772 omnia
2365 732 2496 773 vere
2527 713 2792 786 possidet.

1840 850 1931 906 Tit
1984 847 2048 902 ΙΙ.
2093 877 2165 888 —-
2215 845 2368 912 Quod
2420 845 2558 901 Deus
2619 841 2776 899 vitari
2826 840 3370 914 nequeatpquodque

1923 919 2100 974 omnia
2129 919 2407 990 inspiciat,
2449 933 2539 971 nec
2569 916 2856 985 quidquam
2897 913 3074 983 ipsum
3100 913 3286 966 lateat.

1891 1117 2045 1174 Deut.
2071 1132 2242 1184 χχχιι,
2261 1117 2451 1175 ’ὅθι-ι
2479 1115 2594 1173 Non
2623 1125 2708 1173 est
2726 1115 2821 1188 qui
2839 1113 3037 1184 eripiat
3055 1112 3122 1168 de
3143 1111 3399 1170 manilius

1817 1211 1977 1267 meis.
2023 1228 2042 1264 0

1893 1321 1911 1354 ε
1951 1300 2294 1373 Conspector
2341 1309 2428 1357 est
2471 1314 2699 1371 operum
2743 1299 3024 1353 Hominum
3073 1314 3089 1350 :
3130 1311 3229 1352 nec
3275 1311 3398 1353 eum

1819 1393 2116 1468 quidquam
2146 1409 2213 1450 ex
2247 1393 2316 1450 iis
2345 1407 2470 1464 quae
2510 1391 2737 1458 faciunt,
2775 1392 2928 1445 latet.
2961 1407 2980 1441 ι

1889 1487 1990 1542 Job
2019 1503 2070 1548 ν.
2111 1487 2165 1544 9.
2192 1516 2265 1528 ——-
2315 1506 2332 1539 ι
2365 1485 2630 1541 Dominus
2661 1485 2847 1542 omnia
2879 1484 3058 1540 cernit
3099 1499 3114 1538 :
3147 1496 3400 1555 comprea

1820 1580 2069 1637 hendens
2103 1579 2505 1645 inscrutaliilia,
2549 1578 2772 1644 eximia,
2814 1584 2868 1631 et
2919 1573 3214 1646 stupenda,
3267 1587 3404 1643 quo-

1821 1687 1944 1729 rum
1968 1686 2078 1728 non
2101 1681 2185 1728 est
2217 1686 2502 1728 numerus.
2545 1689 2563 1723 ι

1890 1764 1992 1819 Job
2044 1780 2177 1828 nu,
2233 1764 2288 1820 5.
2322 1793 2394 1803 —
2427 1782 2445 1815 (
2489 1761 2624 1829 Quis
2680 1767 2768 1816 est
2811 1759 2936 1822 iste,
2977 1756 3071 1827 qui
3125 1755 3269 1811 celat
3318 1768 3404 1810 me

1749 1858 1793 1914 Β
1821 1859 2136 1926 consilium,
2171 1864 2224 1914 et
2265 1857 2514 1913 continet
2565 1853 2733 1910 verba
2766 1853 2821 1909 in
2853 1849 3019 1908 corde
3051 1868 3067 1906 :
3099 1864 3187 1905 me
3219 1856 3404 1904 autem

1821 1958 1976 2025 putat
2005 1950 2384 2007 abscondere?
2417 1968 2436 2002 0

1895 2044 2048 2100 Psal.
2099 2059 2215 2110 vn,
2269 2043 2324 2100 9.
2378 2072 2451 2084 -—
2506 2061 2527 2095 ι
2581 2039 2854 2097 Serutans
2904 2036 3071 2094 corda
3136 2044 3191 2092 et
3243 2048 3405 2092 renes

1824 2135 1986 2193 Deus.
2033 2155 2052 2189 0

1898 2226 2052 2284 Psal.
2087 2244 2344 2294 cxnvn,
2400 2225 2456 2283 6.
2490 2253 2562 2265 -
2608 2243 2626 2276 ι
2669 2221 2934 2280 Ercelsus
2990 2219 3297 2286 Dominus,
3351 2224 3409 2274 ct

1825 2323 2051 2378 immitia
2079 2322 2326 2392 respicit,
2359 2327 2412 2377 et
2438 2319 2546 2375 alta
2578 2317 2797 2390 alonge
2826 2313 3137 2386 cognoscit.
3173 2330 3193 2366 0

1905 2413 2052 2469 Psal.
2099 2426 2364 2479 cxxxvm,
2407 2411 2459 2465 7.
2497 2439 2566 2451 ——
2611 2427 2629 2462 ι
2671 2407 2791 2476 Quo
2841 2407 2932 2463 ibo
2974 2403 3240 2478 aspiritu
3268 2398 3405 2472 tuo;

1828 2515 1882 2564 et
1905 2521 2014 2577 quo
2043 2521 2071 2560 a
2103 2504 2242 2560 facie
2271 2512 2366 2558 tua
2400 2502 2647 2574 fugiam?
2685 2520 2706 2554 0
2803 2544 2811 2549 .

1899 2597 2061 2653 Prov.
2101 2613 2191 2663 xv,
2232 2597 2317 2653 ii.
2350 2625 2422 2638 -ο
2465 2614 2484 2647 ι
2525 2596 2778 2650 lni’ernus
2828 2602 2882 2650 et
2934 2593 3167 2665 perditio
3222 2605 3410 2648 coram

1829 2691 2061 2747 Domino
2095 2709 2109 2746 :
2142 2697 2351 2761 quanto
2374 2689 2548 2760 magis
2579 2687 2746 2745 corda
2778 2688 3081 2743 hominum.
3113 2705 3134 2740 0

1905 2782 2048 2840 Ibid.
2073 2784 2128 2838 3.
2151 2813 2219 2826 -—
2251 2801 2270 2835 ι
2303 2783 2358 2839 ln
2381 2782 2530 2838 omni
2559 2783 2680 2839 loco
2725 2781 2872 2839 oculi
2914 2777 3128 2837 Domini
3153 2788 3414 2838 contem-

1831 2876 2049 2948 plantur
2076 2875 2253 2932 bonos
2284 2882 2340 2932 et
2377 2875 2574 2931 malos.
2610 2893 2630 2929 0

1899 2966 2100 3024 Jerem.
2135 2982 2293 3034 mu,
2325 2965 2415 3022 εδ.
2457 2997 2528 3008 -
2565 2976 2601 3019 ι·
2624 2965 2767 3023 Deus
2788 2981 2817 3023 ε
2846 2966 3029 3023 vicino
3047 2981 3148 3039 ego
3175 2980 3328 3032 sum;
3358 2974 3413 3023 et

1832 3074 1940 3116 non
1975 3059 2118 3117 Deus
2154 3058 2223 3116 de
2248 3059 2449 3132 longe?
2481 3059 2539 3115 Si
2571 3057 2941 3127 occultabitur
2969 3058 3052 3115 vir
3079 3060 3132 3114 in
3171 3059 3408 3115 abscon-

1833 3150 1982 3217 ditis,
2011 3159 2067 3206 et
2095 3166 2197 3223 ego
2236 3166 2346 3207 non
2374 3149 2572 3207 Videbo
2604 3165 2750 3217 eum,
2777 3149 2912 3206 dicit
2935 3150 3233 3208 Dominus?
3262 3149 3414 3205 Nun-

1757 3225 1800 3286 c
1832 3244 1967 3317 quid
2001 3259 2113 3300 non
2140 3244 2338 3302 coelum
2374 3253 2430 3302 et
2479 3252 2687 3301 terram
2716 3259 2819 3317 ego
2864 3244 3088 3316 impleo,
3139 3243 3274 3300 dicit
3308 3242 3415 3302 Do-

1831 3338 2057 3394 minus?
2088 3357 2108 3391 0

1902 3354 2015 3395 inus
2034 3354 2057 3394 ι
2088 3357 2108 3391 0

1902 3431 2044 3488 Dan.
2073 3449 2147 3501 «ιι,
2188 3432 2280 3489 22.
2304 3461 2375 3472 -
2427 3451 2444 3484 ε
2476 3429 2632 3493 Deus
2664 3429 2866 3487 revelat
2897 3426 3168 3501 profunda
3205 3436 3260 3486 et
3288 3430 3418 3486 alis-

1827 3526 2076 3595 condita,
2103 3535 2158 3583 et
2188 3526 2339 3582 novit
2384 3541 2505 3596 quae
2535 3527 2590 3580 in
2637 3523 2881 3582 tenebris
2905 3532 3056 3591 sunt,
3086 3532 3141 3580 et
3170 3523 3260 3580 lux
3288 3538 3413 3580 cum

1831 3637 1899 3680 eo
1925 3629 2033 3679 est.
2065 3639 2084 3674 0

1902 3713 2032 3785 Sap.
2053 3713 2264 3782 r,7.-—c
2290 3714 2428 3778 Hoc,
2449 3712 2596 3784 quod
2624 3712 2869 3772 continet
2887 3711 3092 3779 omnia,
3125 3709 3414 3770 scientiam

1834 3810 2000 3866 liabet
2032 3808 2203 3865 vocis.
2240 3806 2472 3878 Propter
2513 3807 2617 3862 hoc
2652 3808 2747 3878 qui
2784 3806 3030 3877 loquitur
3059 3806 3270 3877 inique,
3303 3821 3416 3860 non

1834 3909 2016 3974 potest
2065 3900 2262 3960 latere.
2295 3913 2394 3955 nec
2445 3898 2722 3969 prmterict
2761 3912 2884 3954 eum
2932 3896 3237 3968 corripiens
3263 3895 3414 3967 judi-

1831 3993 1999 4050 cium.
2031 4012 2050 4044 ι
2587 3997 2596 4003 ·

1903 4086 2044 4141 Ibid.
2080 4085 2208 4140 6.-
2244 4104 2260 4137 ι
2299 4082 2514 4143 Renum
2549 4080 2692 4139 illius
2726 4081 2881 4139 testis
2913 4089 2997 4138 est
3027 4079 3192 4148 Deus,
3213 4088 3268 4136 et
3292 4094 3417 4137 cor-

1832 4179 1919 4235 dis
1968 4178 2142 4249 ipsius
2170 4186 2448 4236 scrutator
2507 4191 2704 4244 verus,
2768 4183 2822 4232 et
2886 4173 3086 4247 lingua:
3139 4172 3261 4246 ejus
3311 4188 3414 4228 au—

1834 4273 1997 4329 ditor.
2033 4292 2052 4326 0

1905 4364 2032 4434 Sap.
2067 4381 2178 4431 xw,
2207 4365 2294 4420 i5.
2320 4395 2393 4412 -
2422 4381 2440 4416 ι
2472 4363 2690 4418 Manum
2755 4360 2924 4431 tuam;
2955 4358 3192 4431 effugere
3214 4358 3413 4440 impos-

1835 4459 1995 4517 sibile
2021 4466 2126 4516 est.
2169 4478 2189 4512 0
3347 4450 3351 4454 '

1908 4551 2076 4606 Eccli.
2113 4567 2272 4618 mn,
2304 4549 2395 4608 28.
2429 4576 2495 4589 --
2531 4567 2550 4603 t
2591 4546 2754 4604 .Oeuli
2806 4545 3019 4602 Domini
3065 4544 3243 4600 multo
3295 4544 3418 4614 plus

1838 4645 2136 4701 lncidiores
2170 4652 2303 4701 sunt
2337 4644 2474 4711 sole,
2507 4640 3028 4712 circumspicientes
3063 4653 3254 4695 omnes
3301 4636 3419 4706 vias

1837 4738 2144 4793 hominum.
2178 4757 2200 4789 ι

1907 4828 2080 4885 Eccli.
2115 4843 2250 4898 xui,
2285 4828 2353 4884 18
2383 4843 2540 4901 seqq;
2574 4861 2640 4872 —-
2671 4847 2692 4882 ι
2725 4826 2997 4901 Cognovit
3033 4825 3301 4882 Dominus
3328 4824 3422 4880 Al-

1835 4922 2086 4980 tissimus
2110 4939 2329 4980 omnem
2349 4923 2844 4990 c0nseientiam,et
2869 4921 3106 4994 inspexit
3123 4920 3179 4977 in
3203 4920 3419 4991 signum

1834 5016 1958 5081 aevi,
1989 5016 2330 5072 annuntians
2379 5029 2500 5086 quae
2539 5014 2949 5086 praeterierunt,
2982 5019 3038 5071 et
3075 5026 3200 5083 quae
3228 5015 3420 5085 super-

1836 5116 2068 5164 ventura
2098 5115 2249 5174 sunt,
2273 5114 2329 5164 et
2354 5107 2606 5165 revelans
2637 5106 2868 5179 vestigia
2901 5108 3266 5163 occultorum.
3299 5103 3418 5161 Non

1835 5198 2101 5272 praeteriit
2131 5211 2260 5260 eum
2295 5196 2406 5254 ulla
2440 5197 2737 5268 cogitatio,
2777 5209 2887 5252 non
2937 5194 3229 5252 abscondit
3262 5209 3322 5251 se
3351 5193 3422 5274 ali

1835 5308 1902 5350 eo
1937 5293 2085 5348 ullus
2114 5306 2321 5349 sermo.
2351 5289 2624 5364 Magnalia
2663 5290 2948 5363 sapientiae
2971 5304 3086 5346 suae
3113 5287 3417 5351 decoravit.

1835 5385 1929 5458 qui
1959 5394 2046 5440 est
2076 5390 2206 5440 ante
2247 5383 2541 5451 saeculum,
2589 5391 2644 5438 et
2681 5397 2857 5453 usque
2889 5381 2945 5437 in
2986 5380 3268 5438 saeculum.
3298 5378 3421 5434 Non

1837 5476 2091 5542 increvit,
2127 5490 2231 5534 nec
2262 5474 2528 5532 decrevit.
2558 5492 2579 5528 0
3383 5522 3386 5526 .

1909 5565 2082 5621 scca.
2113 5581 2306 5631 xxxix,
2341 5563 2430 5621 i9.
2452 5589 2523 5607 --
2549 5581 2571 5618 ι
2599 5559 2779 5635 Opera
2816 5561 2998 5621 omnis
3017 5561 3202 5619 carnis
3228 5576 3418 5618 eorum

1838 5661 1934 5718 illo
1964 5669 2096 5717 sunt
2135 5676 2151 5714 :
2182 5666 2236 5714 et
2267 5673 2374 5714 non
2404 5663 2490 5715 est
2530 5656 2682 5729 quod
2727 5656 3103 5714 abscondatur
3128 5657 3198 5716 ab
3239 5657 3421 5714 oculis

1837 5754 1978 5826 ejus.
2016 5772 2036 5805 0

1835 5869 1840 5875 -
1908 5843 2077 5902 Eccli.
2111 5859 2309 5912 xxxiii,
2344 5843 2430 5901 15.
2451 5872 2522 5885 -
2553 5860 2573 5896 σ
2604 5839 2774 5912 Quasi
2792 5840 2966 5900 lutum
2993 5839 3142 5914 ilguli
3167 5841 3223 5898 in
3249 5857 3413 5899 manu
