3926 6256
247 297 366 360 1081

1516 306 1758 369 ΒΑΟΒΑ
1794 307 2260 376 PARALLELA.

3369 313 3508 384 1082

233 416 326 469 aut
357 414 428 470 τὰ
459 416 518 472 ιν
557 418 747 491 χερσὶν
789 418 1121 492 εὑρίσκομεν
1151 420 1293 492 μετά
1324 420 1491 476 πόνου
1517 439 1532 454 ·
1560 424 1630 478 τά
1668 423 1726 478 δὲ
1756 424 1805 478 ἐν

1923 424 1971 481 in
2003 436 2148 484 terra
2185 438 2356 486 sunt:
2388 439 2443 489 et
2489 449 2613 506 quae
2644 433 2698 491 in
2732 442 3029 508 prospectu
3080 442 3233 501 sunt,
3279 433 3496 493 inveni-

231 510 504 582 οὐρανοῖς,
528 511 612 578 τις
637 512 973 585 ﬁguratae”;
1007 534 1027 569 ι

305 707 324 740 ι
360 688 738 764 Χαλεπώτερά
779 711 876 748 σου
912 693 987 769 μὴ
1015 693 1191 768 ζήτει,
1220 697 1316 751 καὶ
1374 697 1688 773 ὑψηλότερά
1716 718 1813 757 σου

235 781 308 852 μὴ
339 785 712 858 περιεργάζου
732 805 749 820 ·
774 787 834 850 ἀ,
857 789 1177 862 προσετάγη
1227 810 1332 857 σοι,
1366 793 1541 850 ταῦτα
1571 795 1810 852 διανοοῦ.

233 873 306 928 οὐ
333 876 445 948 γάρ
467 878 586 934 ἐστί
616 896 699 937 σοι
727 881 890 955 χρεία
914 881 1024 938 τῶν
1051 884 1332 955 κρυπτῶν.
1369 886 1460 942 Ἐν
1493 889 1604 952 τοῖς
1621 906 1816 963 περισ-

232 970 343 1034 σοῖς
372 970 484 1026 τῶν
509 970 690 1046 ἔργων
739 992 835 1031 σου
872 977 948 1049 μὴ
996 979 1392 1051 περιεργάζου.
1425 981 1656 1037 Πλείονα
1701 981 1814 1056 γὰρ

232 1063 501 1130 συνέσεως
555 1065 862 1141 ἀνθρώπων
908 1069 1208 1143 ύπεδείχθη
1260 1089 1379 1128 σοι·
1445 1075 1676 1141 πολλοὺς
1706 1077 1820 1151 γὰρ

230 1155 514 1213 ἀπώλεσεν
554 1161 590 1232 ἡ
620 1159 892 1237 ὑπόληψις
941 1163 1150 1234 αὐτῶν,
1186 1170 1284 1222 καὶ
1337 1167 1567 1223 ὑπόνοια
1600 1169 1816 1243 πονηρά

230 1249 498 1325 ὠλίσθησε
540 1253 784 1311 διάνοιαν
828 1255 1048 1328 αὐτῶν·
1096 1259 1242 1314 καὶό
1280 1259 1515 1331 ἀγαπῶν
1564 1261 1813 1317 κίνδυνον

231 1344 288 1400 ιν
312 1344 464 1419 αὐτῷ
489 1347 794 1404 ἀπολεῖται.
831 1368 852 1403 ι

307 1588 325 1622 ι
367 1570 513 1642 Περὶ⁹
534 1565 967 1646 πράγματος,οῦ
995 1574 1096 1630 οὐκ
1128 1575 1247 1631 ἔστι
1274 1593 1360 1631 σοι
1386 1576 1570 1649 χρεία,
1605 1574 1683 1649 μὴ
1713 1593 1814 1630 πε-

233 1665 550 1739 ριεργάζου.
583 1685 606 1720 ι

300 1777 320 1811 ε
353 1756 663 1830 Θαυμαστὰ
689 1760 760 1815 τὰ
779 1758 919 1832 ἔργα
945 1761 1176 1834 Κυρίου,
1205 1760 1302 1817 καὶ⁵
1323 1760 1546 1833 κρυπτά
1572 1761 1643 1817 τὰ
1672 1759 1815 1833 ἔργα

226 1849 390 1906 αὑτοῦ
420 1847 759 1924 ἀνθρώποις.
797 1873 818 1906 ι

293 1966 314 2001 ε
349 1945 452 2013 Τίς
482 1947 783 2020 ὲξιχνιάσει
837 1948 909 2003 τὰ
946 1949 1209 2021 μεγαλεῖα
1257 1948 1352 2003 τοῦ
1398 1946 1573 2015 Θεοῦ;
1607 1944 1814 2019 κράτος

223 2041 323 2110 τῆς
361 2039 747 2113 μεγαλοσύνης
776 2039 944 2098 αὐτοῦ
988 2042 1072 2108 τίς
1099 2039 1567 2115 ὲξαριθμήσεταις
1597 2043 1693 2098 καὶ
1728 2041 1814 2106 τίς

223 2134 527 2208 προσθήσει
560 2134 1000 2210 ἔκδιηγήσασθαι
1033 2136 1106 2191 τά
1133 2135 1260 2208 ὲλέη
1292 2135 1496 2207 αὐτοῦς
1535 2136 1637 2190 οὐκ
1662 2133 1813 2190 ἐστιν

223 2228 553 2293 ἐλαττῶσαι,
582 2229 708 2284 οὐδὲ
734 2228 1060 2303 προσθεῖναι
1082 2245 1096 2260 ·
1129 2229 1225 2285 καὶ
1259 2229 1364 2286 οὐκ
1388 2228 1538 2284 ἔστιν
1567 2227 1812 2301 ἐξιχνιά-

224 2339 312 2378 σαι
334 2322 404 2380 τά
417 2322 684 2396 θαύματα
700 2324 909 2397 Κυρίου
923 2338 938 2352 ·
968 2324 1098 2377 ὅταν
1122 2322 1425 2397 συντελέσῃ
1444 2323 1474 2376 ὁ
1500 2319 1809 2393 ἄνθρωπος,

221 2409 338 2465 τότε
372 2411 641 2487 ἄρχεται·
685 2413 783 2467 καὶ
821 2413 952 2469 ὅταν
980 2411 1190 2486 παύσῃ,
1234 2409 1359 2465 τότε
1393 2407 1810 2482 ἐξαπορηθήσε-

220 2521 330 2560 ται.
379 2524 400 2559 ι

293 2618 311 2651 ε
344 2598 482 2655 Θεὸν
509 2598 688 2664 οὐδεὶς
726 2596 944 2671 ιώρακε
981 2595 1227 2655 πώποτε.
1264 2618 1283 2652 ι

292 2713 312 2746 ε
357 2693 416 2747 Ὁ
439 2692 704 2763 βασιλεὺς
731 2692 843 2749 τῶν
868 2692 1293 2765 βασιλευόντων,
1323 2691 1421 2746 καὶ
1450 2688 1662 2763 Κύριος
1698 2689 1810 2744 τῶν

221 2786 621 2859 κυριευόντων·
651 2787 682 2841 ό
730 2786 893 2858 μόνος
923 2785 1066 2858 ἔχων
1095 2784 1403 2841 ἀθανασίαν
1422 2801 1439 2817 ·
1474 2781 1592 2855 φῶς
1637 2783 1809 2838 οίκῶν

220 2878 546 2952 ἀπρόσιτον,
599 2875 660 2935 δν
693 2874 838 2934 εῐδεν
871 2877 1050 2944 οὐδεὶς
1104 2875 1436 2952 ἀνθρώπων,
1490 2873 1612 2932 οὐδὲ
1675 2874 1808 2930 ἰδεῖν

217 2967 464 3026 δύναται.
501 2988 522 3022 ε

285 3064 349 3120 Ei
381 3062 570 3134 βούλει
602 3063 733 3135 περὶ
753 3062 894 3119 Θεοῦ
922 3064 1106 3135 λέγειν
1134 3081 1213 3129 τι,
1238 3063 1272 3135 ἢ
1305 3059 1554 3127 ἀκούειν,
1579 3059 1716 3133 ἄφες
1743 3061 1812 3116 τὸ

220 3157 372 3228 σῶμα
392 3155 596 3214 ἑαυτοῦ
614 3172 632 3189 ·
666 3158 808 3230 ἄφες
836 3157 936 3223 τὰς
961 3156 1283 3233 σωματικὰς
1301 3154 1607 3225 αἰσθήσεις·
1633 3153 1804 3210 κατά·
1831 3178 1878 3244 c

216 3248 336 3303 λιπε
373 3251 479 3324 τὴν
503 3249 609 3322 γῆν
628 3264 647 3283 ·
680 3251 952 3306 κατάλιπε
979 3251 1082 3322 τὴν
1113 3250 1392 3304 Θάλασσαν
1413 3265 1429 3280 ·
1461 3248 1614 3304 κάτω
1643 3264 1803 3303 σεαυ-

214 3340 306 3396 τοῦ
349 3341 585 3414 ποίησον
632 3340 725 3398 τδν
756 3342 896 3416 ἀέρα
924 3354 942 3374 ·
976 3341 1308 3414 παράδραμε
1356 3338 1533 3413 ῶρας,
1590 3339 1802 3413 καιρῶν

217 3435 495 3502 εὐταξίας,
553 3434 656 3501 τάς
711 3436 841 3508 περὶ
864 3435 973 3507 γῆν
1004 3434 1418 3506 διακοσμήσεις.
1492 3433 1665 3506 ’Υπὲρ
1706 3431 1801 3486 τδν

217 3528 414 3602 αἰθέρα
444 3528 655 3600 γενοῦ·
698 3528 918 3601 διάϐηθι
950 3529 1082 3593 τοὺς
1131 3527 1389 3599 ἀστέρας,
1425 3525 1495 3581 τὰ
1530 3527 1661 3598 περὶ
1704 3525 1804 3580 αὐ-

215 3622 321 3677 τῶν
353 3622 640 3695 θαύματα,
674 3621 776 3694 τὴν
824 3622 1127 3692 εὐκοσμίαν
1175 3619 1396 3684 αὐτῶν,
1440 3619 1512 3672 τά
1562 3617 1798 3690 μεγέθη,

216 3714 311 3781 τὰς
380 3713 611 3791 χρείας,
664 3713 766 3787 τὴν
833 3713 1233 3788 λαμπρότητα,
1301 3712 1406 3783 τὴν
1463 3709 1636 3779 θέσιν,
1700 3710 1802 3782 τὴν

216 3808 412 3866 κτίσιν.

281 3903 374 3976 Μὴ
399 3897 557 3976 ζήτει
583 3901 654 3956 τὰ
681 3898 1051 3974 ἀνερεύνητα·
1084 3900 1208 3956 οὐδὲ
1233 3898 1343 3973 γάρ
1360 3898 1661 3970 εὑρίσκεις.
1681 3897 1802 3952 Ἵνα

216 3996 321 4067 γὰρ
341 3996 397 4052 τί
431 3996 530 4051 καὶ
559 3995 783 4069 (quiq;
818 3997 978 4068 Παρὰ
1018 3995 1167 4060 τίνος
1194 3993 1342 4065 ἔχεις
1375 3993 1606 4065 μαθεῖν;
1636 3991 1800 4064 Παρά

1925 535 2048 576 mus
2079 537 2206 578 cum
2257 524 2464 583 labore.
2517 528 2651 596 Quae
2702 537 2884 585 autem
2931 527 2987 584 in
3017 529 3173 586 caelis
3202 535 3354 594 sunt,
3379 529 3506 601 quis

1923 614 2324 690 investigabit?
2360 641 2380 676 ι

1995 709 2168 768 Ecclt'.
2221 730 2306 782 tn,
2348 714 2541 773 22-27.
2575 747 2646 759 —
2674 735 2694 771 ‹
2743 717 2955 774 Altiora
3005 714 3058 776 te
3087 731 3159 773 ne
3195 715 3508 788 quaesieris,

1922 813 1978 862 et
2007 803 2237 863 fortiora
2273 816 2330 864 te
2359 822 2429 867 ne
2460 818 2742 870 scrutatus
2777 810 2948 868 lueris
2973 827 2988 866 ι
3020 813 3119 871 sed
3146 828 3270 885 qua
3292 827 3506 884 praece-

1921 900 2004 973 pit
2057 901 2156 958 tibi
2207 902 2376 972 Deus,
2418 904 2512 960 illa
2561 906 2744 978 cogita
2796 922 3039 978 semper.
3072 907 3196 964 Non
3247 908 3395 964 enim
3426 915 3512 963 est

1924 993 2020 1050 tibi
2055 996 2432 1053 necessarium
2481 1010 2603 1070 quae
2633 998 2964 1055 abscondita
3014 1009 3169 1066 sunt,
3203 999 3411 1056 videre.
3447 998 3508 1053 ln

1923 1090 2281 1160 supervacuis
2329 1091 2591 1160 operibus
2671 1091 2785 1148 tuis
2844 1107 2914 1148 ne
2993 1090 3168 1148 literis
3222 1090 3504 1147 curiosus.

1921 1176 2166 1234 Plurima
2215 1180 2360 1236 enim
2417 1197 2584 1254 super
2638 1197 2868 1241 sensum
2930 1183 3219 1239 hominum
3280 1191 3509 1241 ostensa

1922 1280 2056 1328 sunt
2092 1273 2212 1330 tibi.
2265 1273 2467 1332 Multos
2519 1278 2663 1332 enim
2712 1276 2956 1350 perdidit
2997 1276 3242 1349 suspicio
3277 1291 3505 1333 eorum:

1921 1376 1977 1423 et
2025 1365 2080 1422 in
2116 1369 2363 1423 vanitate
2425 1370 2669 1426 detinuit
2725 1386 2927 1428 sensus
2995 1370 3257 1427 illorum:
3307 1377 3362 1426 et
3410 1371 3505 1442 qui

1922 1467 2070 1514 amat
2100 1461 2434 1531 periculum,
2468 1465 2520 1518 in
2548 1480 2614 1519 eo
2649 1463 2869 1535 peribit.

1994 1552 2166 1609 Eccli.
2192 1571 2270 1620 xu,
2305 1555 2360 1612 9.
2382 1587 2450 1596 —
2478 1576 2495 1608 ι
2539 1555 2614 1614 De
2639 1574 2702 1613 ea
2735 1575 2814 1628 re,
2853 1574 2978 1632 qua:
3002 1566 3055 1616 te
3084 1573 3196 1615 non
3223 1557 3502 1621 molestat,

1922 1661 1992 1702 ne
2022 1649 2348 1706 certaveris.
2379 1669 2398 1702 ι

1996 1736 2360 1798 Ιὺὶὀ.4.-‹
2417 1741 2694 1799 Mirabilia
2758 1759 2925 1816 opera
2982 1743 3256 1800 Altissimi
3307 1745 3497 1806 solius.

1846 1819 1887 1876 Β
1917 1833 2160 1904 gloriosa
2189 1843 2244 1891 et
2284 1835 2583 1901 absconsa,
2620 1848 2675 1894 et
2713 1838 2894 1895 invisa
2935 1853 3106 1911 opera
3139 1840 3315 1896 illius.
3347 1859 3366 1894 ι

1985 1927 2147 1999 302
2183 1926 2357 1984 Eccli.
2408 1945 2568 1998 xvm,
2603 1930 2658 1986 3.
2688 1961 2760 1973 --
2787 1948 2807 1984 ι
2834 1930 2970 1998 Quis
2997 1933 3352 2004 investigabit
3387 1948 3506 1988 ma-

1914 2021 2094 2094 gnalia
2129 2021 2261 2078 Dei?
2292 2022 2550 2079 virtutem
2581 2033 2764 2080 autem
2791 2025 3194 2097 magnitudinis
3228 2027 3350 2098 ejus
3377 2032 3505 2098 quis

1915 2113 2275 2171 euuntiabit?
2323 2125 2419 2172 aut
2452 2117 2579 2188 quis
2633 2118 2855 2190 adiiciet
2886 2135 3150 2177 enarrare
3181 2121 3506 2178 misericor-

1878 2273 1882 2277 _
1914 2207 2061 2264 diam
2088 2209 2258 2281 eius?
2298 2209 2419 2266 Non
2469 2221 2556 2268 est
2589 2211 2868 2282 minuere,
2915 2229 3019 2271 nec
3070 2213 3316 2286 adjicere
3349 2233 3363 2270 :
3400 2233 3506 2274 nec

1913 2310 2003 2359 est
2056 2301 2308 2362 invenire
2342 2307 2620 2378 magnalia
2673 2305 2797 2364 Dei.
2843 2306 2980 2365 Cum
3031 2311 3507 2367 consummaverit

1914 2395 2103 2464 homo,
2159 2407 2290 2455 tunc
2340 2399 2614 2472 incipiet:
2674 2410 2730 2458 et
2775 2417 2905 2458 cum
2955 2402 3260 2474 quieverit,
3305 2419 3505 2477 opera-

1911 2487 2084 2547 bitur.
2120 2510 2139 2543 ε

1979 2580 2146 2637 Joan.
2185 2598 2226 2650 ι,
2256 2584 2346 2641 l8.
2375 2614 2446 2626 -—
2479 2603 2496 2636 ε
2540 2583 2710 2641 Deum
2763 2600 2927 2647 nemo
2975 2585 3119 2644 vidit
3163 2603 3433 2662 unquam.
3477 2607 3498 2642 ο

1983 2671 2016 2727 1
2049 2672 2189 2730 Tim.
2238 2691 2316 2739 vr.
2355 2675 2445 2731 15.
2472 2704 2526 2715 -—
2565 2695 2584 2730 ι
2611 2675 2727 2734 Rex
2769 2693 2984 2750 regum,
3023 2677 3296 2739 Dominus
3327 2680 3504 2738 domi-

1909 2766 2189 2832 nantium,
2236 2769 2330 2840 qui
2363 2769 2516 2826 solus
2545 2769 2718 2826 habet
2763 2771 3261 2839 immortalitatem,
3315 2783 3371 2832 et
3414 2772 3502 2828 lu-

1909 2870 2032 2916 cem
2087 2859 2299 2918 habitat
2345 2862 2831 2920 inaccessibilem:
2887 2880 3051 2936 quem
3093 2866 3284 2922 nullus
3318 2865 3500 2923 immi-

1909 2967 2042 3009 num
2073 2953 2254 3022 vidit,
2279 2955 2377 3014 sed
2411 2972 2517 3014 nec
2547 2957 2734 3014 videre
2763 2965 2964 3028 potest.

1979 3041 2156 3100 Basil.
2183 3043 2260 3102 De
2293 3046 2423 3118 ﬁde.
2453 3076 2523 3088 -—
2547 3047 2608 3103 Si
2649 3047 2718 3104 de
2745 3047 2857 3105 Deo
2888 3048 3173 3124 quidpiam
3212 3049 3362 3123 loqui
3401 3053 3500 3106 an‘t

1910 3137 2108 3197 audire
2135 3139 2354 3209 studes,
2408 3141 2643 3200 missum
2697 3142 2785 3199 fac
2835 3158 3040 3215 corpus
3090 3153 3268 3210 tuum,
3297 3143 3501 3201 missos

1908 3230 1996 3288 fac
2025 3247 2325 3305 corporeos
2347 3250 2569 3293 sensus.
2609 3238 2811 3294 Desere
2838 3247 3070 3306 terram,
3096 3237 3293 3296 desere
3322 3255 3493 3309 mare,

1906 3341 2075 3397 supra
2109 3341 2291 3386 aerem
2328 3344 2580 3404 assurge,
2620 3332 2752 3386 anni
2778 3343 2964 3404 partes
2999 3333 3245 3404 praeteri,
3285 3342 3498 3406 tempo-

1906 3435 2031 3476 rum
2063 3421 2315 3488 ordines,
2359 3433 2688 3481 ornamenta
2738 3434 2940 3488 terra:
2987 3428 3194 3485 aethere
3239 3428 3498 3501 superior

1904 3513 2026 3579 ﬁas,
2065 3516 2345 3586 pertransi
2395 3517 2611 3585 stellas,
2647 3534 2712 3574 ea
2748 3534 2872 3591 quae
2922 3520 3072 3576 circa
3107 3520 3231 3578 illas
3262 3521 3496 3579 miriﬁca

1903 3615 2057 3675 sunt,
2121 3617 2379 3664 ornatum
2462 3626 2675 3675 earum,
2763 3613 3228 3684 magnitudinem,
3307 3629 3494 3683 usum,

1901 3701 2280 3774 splendorem,
2307 3703 2501 3770 situm,
2539 3704 3014 3776 procreationem.

1973 3875 2252 3949 Ejusdem.
2281 3909 2352 3920 —
2377 3877 2458 3940 Ne
2497 3882 2595 3938 illa
2634 3899 2856 3956 quaeras
2901 3900 3024 3958 qua:
3080 3887 3337 3961 indagari
3395 3905 3495 3946 ne-

1903 3981 2158 4044 queunt:
2197 3989 2379 4047 neque
2427 3978 2578 4034 enim
2629 3980 2902 4038 invenies.
2961 3980 3174 4055 Ecquid
3223 3985 3371 4041 enim
3427 3999 3494 4040 ea

215 4065 347 4158 γῆςς
392 4088 499 4143 οὐκ
551 4065 1105 4158 ὐερειστήκειίΠαρὰ
1156 4083 1462 4155 θαλάσσηςς
1506 4082 1611 4136 οὐκ
1653 4077 1726 4154 ἦν
1761 4082 1796 4154 ἡ

1923 4065 2222 4138 μιαπίδτΑ
2269 4085 2513 4142 quonam
2573 4087 2765 4129 eorum
2835 4073 3067 4133 haurire
3121 4076 3493 4149 cognitionem

217 4173 378 4246 ὐγρά.
413 4175 578 4248 Παρά
599 4175 874 4251 οὐρανοῦ;
906 4175 1012 4231 οὐκ
1037 4170 1105 4248 ἦν
1135 4173 1423 4249 ἐπαρθείς.
1454 4173 1617 4246 Παρά
1642 4171 1797 4246 ἡλίου

1923 4159 2123 4217 tussis?
2170 4161 2218 4218 Δ
2265 4164 2459 4220 terra?
2489 4173 2549 4221 at
2601 4181 2713 4222 non
2764 4168 3090 4226 exsistebat.
3142 4169 3189 4224 A
3229 4169 3492 4225 mari?at

215 4271 307 4323 ttat
332 4270 599 4343 σελήνης;
654 4269 872 4325 οὐδέπω
915 4267 1410 4342 δεδημιούργηντο.
1459 4266 1626 4322 Ἀλλά
1659 4265 1798 4340 παρ’

1923 4252 2146 4309 nondum
2198 4254 2350 4312 unda
2399 4264 2543 4313 erat.
2582 4257 2626 4313 Δ
2660 4258 3144 4350 cwlol‘nondum
3196 4270 3490 4319 extensum

215 4360 455 4428 αίώνωνς
480 4361 590 4434 πρὸ
609 4361 824 4416 αἰώνων
843 4363 873 4416 ό
895 4361 1234 4433 Μονογενής.
1263 4359 1358 4435 Μὴ
1379 4358 1600 4427 ιεὲταζε
1625 4359 1694 4415 τά
1721 4359 1797 4432 μὴ

1923 4353 2044 4404 :rat.
2097 4346 2142 4401 A
2198 4348 2318 4404 sole
2367 4357 2423 4404 et
2457 4349 2632 4406 luna?
2674 4346 2918 4410 nonduin
2974 4353 3184 4410 conditi
3240 4360 3489 4412 erant.A

217 4452 298 4506 ἀεὶ
331 4453 486 4518 δντα,
520 4455 662 4526 ὑπὲρ
689 4453 787 4509 τοῦ
815 4455 904 4510 ἀεὶ
929 4455 1102 4519 δντος.
1129 4455 1196 4511 Et
1219 4454 1279 4510 δὲ
1303 4455 1381 4527 μὴ
1414 4452 1614 4520 θέλεις,
1659 4451 1798 4510 ἀλλά

1923 4438 2169 4495 saeculis?
2216 4456 2407 4496 verum
2440 4454 2571 4497 ante
2617 4445 2818 4500 sarcula
2843 4446 3096 4502 exstabat
3135 4444 3484 4519 Unigenitus.

217 4539 559 4608 φιλονεικεῖς,
591 4542 885 4613 καταγελῶ
941 4561 1038 4600 σου
1070 4546 1174 4618 τῆς
1216 4543 1469 4615 ἀγνοίας,
1500 4542 1706 4616 μᾶλλον
1739 4543 1796 4598 δὲ

1923 4531 2010 4588 ’ro
2045 4533 2140 4589 illo
2171 4535 2266 4604 qui
2300 4537 2676 4606 sempiternus
2727 4544 2836 4602 est,
2869 4555 2939 4595 ne
2969 4553 3033 4593 ea
3084 4554 3208 4610 qua:
3259 4540 3488 4598 minime

221 4630 388 4688 κλαίω
426 4651 526 4689 σου
557 4634 657 4707 τὴν
684 4636 914 4708 τόλμαν.

1923 4636 2105 4683 eterna
2140 4637 2293 4693 sant,
2328 4629 2560 4700 cogites.
2587 4628 2746 4697 Quod
2775 4631 2822 4687 si
2851 4630 2982 4685 mihi
3010 4647 3119 4687 non
3150 4647 3358 4688 morem
3389 4648 3488 4705 ge-

1899 4723 1999 4785 ris,
2031 4720 2123 4775 sed
2178 4721 2517 4778 contendere
2572 4722 2758 4795 cupis,
2830 4722 3110 4779 inscitiam
3157 4734 3306 4780 tuam
3355 4726 3483 4781 irri-

1899 4811 2024 4877 dco,
2063 4812 2176 4865 imo
2209 4813 2392 4882 potius
2423 4815 2790 4870 temeritatem
2830 4815 3076 4888 deploro.

1971 4904 2332 4974 Ejusdem.-—-
2354 4907 2427 4962 lis
2457 4925 2579 4979 qua:
2613 4911 2822 4980 scripta
2857 4919 3009 4976 sunt,
3041 4911 3199 4968 fidem
3235 4912 3435 4968 adhibe
3465 4927 3482 4968 :

1898 5015 2023 5071 quae
2056 5000 2267 5072 scripto
2319 5002 2548 5058 minime
2595 5002 2816 5072 prodita
2860 5013 3010 5069 sunt,
3049 5020 3118 5062 ne
3164 5005 3479 5074 quzesieris.

1897 5093 2014 5150 Hoc
2071 5095 2217 5150 scire
2257 5095 2509 5161 interest,
2561 5095 2695 5167 quid
2740 5096 2892 5163 loqui
2923 5105 3194 5166 oporteat,
3242 5097 3371 5167 quid
3403 5098 3482 5152 si-

1896 5187 2030 5244 lere.
2058 5185 2177 5241 Non
2217 5189 2407 5242 omnia
2451 5189 2617 5244 verba
2646 5189 2848 5260 lingua:
2875 5189 3270 5245 committenda
3300 5196 3433 5245 sunt
3461 5207 3477 5245 :

1895 5296 1966 5336 ne
1993 5281 2199 5352 alioqui
2239 5280 2382 5336 idem
2415 5281 2512 5336 tibi
2550 5282 2699 5353 quod
2745 5284 2910 5338 oculo
2953 5283 3188 5348 accidat,
3216 5283 3310 5354 qui
3348 5284 3480 5339 dum

1894 5374 2064 5429 solem
2099 5383 2273 5428 totum
2307 5375 2508 5430 intueri
2545 5377 2765 5442 nititur,
2799 5394 2918 5434 eam
2949 5395 3169 5450 quoque
3194 5395 3302 5450 qua
3335 5396 3478 5452 ρης

1892 5466 2044 5522 ditus
2073 5469 2381 5546 cst,_lucem
2413 5469 2642 5524 amittit.

1972 5559 2129 5632 Ejus.
2165 5562 2220 5616 in
2258 5560 2317 5618 S.
2344 5562 2933 5630 Mamant.-——Quantus
2962 5565 3035 5621 sit
3066 5564 3235 5633 Deus,
3266 5578 3472 5638 quanta

1892 5652 2067 5724 ipsius
2089 5652 2348 5709 essentiae
2391 5669 2678 5721 mensura,
2707 5656 2928 5728 aliaque
2966 5654 3022 5711 id
3043 5672 3256 5729 genus;
3297 5657 3473 5715 inter-

1890 5742 2106 5815 roganti
2139 5745 2363 5815 quidem
2409 5747 2725 5818 periculosa
2761 5758 2891 5806 sunt
2919 5769 2936 5807 :
2964 5751 3014 5806 ei
3047 5761 3229 5808 autem
3263 5753 3356 5825 qui
3390 5753 3476 5811 in-

1893 5846 2230 5909 terrogatur,
2265 5841 2522 5910 perplexa
2558 5857 2808 5911 prorsus.
2852 5843 3145 5903 Silentium
3173 5862 3300 5905 vero
3329 5847 3476 5921 ejus-

1896 5931 2043 5989 modi
2084 5949 2268 5991 rcrum
2300 5935 2574 5993 medicina
2610 5947 2711 5990 est.

283 4899 404 4964 Τοῖς
432 4898 846 4972 γεγραμμένοις
881 4898 1114 4954 πίστευε
1138 4915 1155 4932 ·
1202 4901 1271 4957 τὰ
1309 4900 1383 4974 μὴ
1419 4900 1792 4974 γεγραμμένα

223 4990 294 5062 μὴ
336 4993 507 5062 ζήτει.
565 4991 783 5047 Είδέναι
832 4993 999 5063 ἡμεῖς
1033 4992 1327 5065 ὀφείλομεν
1371 4995 1408 5050 ὃ.
1439 4996 1544 5068 χρὴ
1576 4995 1784 5062 λαλεῖν,

220 5083 309 5137 καὶ
332 5084 366 5139 ἀ
395 5084 502 5159 χρὴ
525 5087 758 5157 σιωπᾷν.
787 5087 882 5158 Μὴ
908 5086 1092 5142 πάντα
1114 5087 1184 5141 τὰ
1203 5089 1424 5161 ῥήματα
1449 5092 1514 5162 τῇ
1547 5088 1791 5160 γλώσσῃ,

220 5173 303 5228 ῐνα
327 5176 402 5248 μὴ
452 5177 658 5251 πάθῃς,
706 5175 959 5250 καθάπερ
996 5180 1026 5233 ὁ
1073 5181 1378 5252 ὀφθαλμὸς,
1437 5181 1498 5246 ὃς
1548 5182 1670 5236 ὅλον
1701 5181 1793 5234 τὸν

221 5266 364 5340 ἣλιον
393 5271 733 5345 ἀποὸλλψας,
766 5271 962 5327 ἀπολεῖ
991 5276 1089 5328 καὶ
1131 5275 1158 5328 ὃ
1185 5275 1301 5346 ἔχει
1334 5274 1474 5343 φῶς.

289 5541 464 5609 Πόσος
497 5545 527 5601 δ
575 5542 732 5612 Θεδς,
765 5546 862 5599 καὶ
904 5545 957 5599 τί
1008 5547 1070 5600 τὸ
1119 5548 1321 5621 μέτρον
1365 5547 1461 5603 τοῦ
1497 5547 1656 5617 Θεοῦ,
1696 5551 1791 5605 καὶ

228 5639 464 5703 ποταπὸς
504 5639 604 5712 τὴν
653 5639 879 5707 οὐσίαν,
917 5637 990 5693 τὰ
1019 5637 1266 5708 τοιαῦτα,
1316 5641 1637 5698 ὶπικίνδυνα
1689 5645 1788 5714 μὲν

226 5723 508 5799 ὶρωτῶντι,
553 5733 763 5806 ἀπορία
809 5731 867 5786 δὲ
904 5730 980 5805 τῷ
1036 5732 1420 5811 ἐρωτωμένῳ·
1476 5739 1655 5812 σιωπὴ
1707 5741 1782 5807 δὲ,

235 5813 475 5888 θεραπεία
497 5826 606 5885 τῶν
632 5825 903 5883 τοιούτων.
