3880 6254
398 318 544 386 1083

397 542 502 582 nec
553 525 621 581 ad
671 526 1039 583 imitationem
1085 527 1336 598 Apostoli
1401 528 1578 586 dicit:
1638 547 1657 583 ι
1713 526 1972 599 Fratres;

397 632 510 690 ego
558 618 830 689 meipsum
879 619 1125 676 nondum
1184 621 1430 679 arbitror
1490 623 1975 695 comprehendisse

400 709 677 784 (Philipp.
712 727 796 778 ιιι,
825 711 969 784 i5):
1012 732 1031 766 ι
1089 728 1281 770 verum
1328 716 1585 772 essentiae
1630 717 1831 774 divina:
1880 732 1977 774 co-

399 804 707 874 gnitionem
739 807 994 875 rimatur,
1021 814 1077 863 et
1106 808 1458 879 cogitationis
1482 825 1599 866 suae
1626 810 1852 867 modulo
1883 825 1971 879 ea,

398 912 522 964 qua
568 899 964 970 comprehendi
999 914 1111 955 non
1160 911 1415 972 possunt,
1450 904 1696 971 metitur,
1730 911 1977 960 tantum-

399 992 634 1063 demque
665 992 953 1057 duntaxat,
993 1003 1261 1064 quantum
1309 995 1427 1067 ipse
1458 1010 1563 1053 suo
1609 996 1795 1055 animo
1821 1012 1974 1057 com-

400 1082 595 1153 plexus
623 1092 729 1151 est,
757 1082 927 1141 Deum
972 1100 1097 1142 esse
1127 1094 1340 1157 censet,
1374 1101 1440 1144 ac
1465 1086 1704 1161 denique
1736 1096 1977 1146 mentem

400 1192 559 1233 suam
593 1191 782 1233 eorum
814 1193 937 1249 qua:
965 1179 1249 1236 exsistunt
1290 1194 1611 1236 mensuram
1664 1180 1977 1245 constituit,

402 1280 465 1325 ut
516 1286 619 1326 nec
675 1270 810 1326 illud
844 1287 1033 1328 secum
1082 1280 1299 1344 reputet
1353 1273 1575 1330 facilius
1603 1289 1729 1331 esse
1753 1274 1977 1331 vasculo

399 1364 600 1433 exiguo
644 1370 821 1417 totum
877 1378 1030 1421 mare
1061 1364 1268 1432 metiri,
1308 1381 1474 1436 quam
1505 1368 1747 1422 humana
1793 1375 1977 1423 mente

402 1453 496 1509 Dei
536 1454 879 1526 maiestatem
928 1458 1079 1512 omni
1121 1472 1376 1514 sermone
1422 1459 1854 1529 praestantiorem
1883 1473 1974 1514 ar-

402 1552 584 1619 ripere
636 1560 690 1606 et
723 1550 978 1622 amplecti
1013 1572 1027 1607 :
1068 1550 1180 1616 ille,
1220 1566 1348 1607 cum
1398 1566 1685 1623 perperam
1744 1551 1968 1610 inﬂatus

1588 324 1651 387 S.
1691 323 2013 391 JOANNIS
2032 326 2464 392 DAMASCENI

471 432 537 487 In
568 431 709 501 psal.
735 447 861 490 cxv.
895 463 963 474 --
990 430 1096 502 Qui
1144 448 1256 503 non
1285 433 1478 508 dejicit
1507 434 1751 493 animum
1784 452 1968 502 suum,
2001 441 2049 501 Δ

3513 324 3641 393 1084

2176 441 2218 494 0
2249 439 2326 511 μὴ
2362 436 2639 495 ταπεινῶν
2677 434 2872 491 ἑαυτοῦ
2914 434 3014 509 τὴν
3044 419 3308 500 διάνοιαν,
3344 436 3479 507 μηδὲ
3509 440 3641 494 κατὰ

2084 530 2313 604 μίμησιν
2336 529 2433 586 τοῦ
2476 529 2803 585 ’Δποστόλου
2850 528 3026 599 λέγων
3054 528 3141 594 τὸ,
3179 545 3199 581 ι
3247 526 3514 600 ’Δδελφοὶ,
3545 529 3645 599 ἐγὼ

2079 620 2315 692 ἐμαυτὸν
2347 620 2494 676 οὕτω
2543 618 2835 692 λογίζομαι
2875 617 3269 690 κατειληφέναι
3292 634 3379 673 τι⁶
3442 638 3463 672 ι
3518 620 3646 676 ἀλλὰ

2078 714 2346 787 περινοῶν
2380 714 2571 779 ούσίας
2599 713 2737 767 Θεοῦ
2772 710 3101 784 κατάληψιν,
3129 711 3225 766 καὶ
3254 712 3335 783 τῷ
3367 711 3481 784 ἰδίῳ
3509 714 3646 785 λογι-

2081 804 2206 878 σμῷ
2236 806 2526 880 ἐκμετρῶν
2550 806 2622 862 τὰ
2653 805 2945 877 ἀνέφικτα,
2977 805 3073 860 καὶ
3102 804 3347 859 τοιοῦτον
3397 800 3539 860 εἶναι
3567 807 3648 862 λο-

2083 898 2371 970 γιζόμενος
2416 898 2510 955 τόν
2557 898 2714 960 Θεὸν,
2766 898 2891 953 ὅσον
2930 897 3095 959 αὐτὸς
3122 895 3200 968 τῷ
3254 894 3371 969 ίδίῳ
3415 897 3651 971 λογισμῷ

2079 993 2429 1065 περιέλαϐεν,
2470 992 2567 1048 καὶ
2609 992 2749 1059 ὅλως
2796 992 2889 1047 τὸν
2925 990 3127 1047 οίκεῖον
3158 990 3286 1046 νοῦν
3328 992 3531 1065 μέτρον
3554 993 3653 1048 τῶν

2076 1082 2249 1140 όντων
2302 1084 2651 1158 ποιούμενος,
2708 1084 2805 1139 καὶ
2841 1083 2918 1156 μὴ
2946 1083 3322 1154 λογιζόμενος,
3378 1083 3468 1138 ὃτι
3532 1084 3654 1156 ῥᾷον

2079 1177 2201 1233 ἐστὶ
2231 1177 2435 1251 κοτύλῃ
2490 1177 2668 1251 μικρᾲ
2705 1176 2805 1249 τὴν
2842 1177 3025 1231 πᾶσαν
3076 1175 3356 1231 θάλασσαν
3386 1175 3657 1248 ἔκμετρῆ-

2082 1287 2197 1338 σαι,
2229 1270 2263 1340 ἢ
2303 1269 2381 1343 τῷ
2414 1270 2744 1344 ἀνθρωπίνῳ
2773 1269 2850 1342 νῷ
2872 1273 2979 1343 τῆς
2996 1270 3206 1342 ἀφάτου
3240 1269 3657 1343 μεγαλειότητος

2082 1362 2180 1420 τοῦ
2232 1364 2369 1420 Θεοῦ
2420 1365 2879 1439 περιδράξασθαι,
2941 1368 3085 1440 είκῆ.
3117 1366 3513 1439 φυσιούμενος,
3572 1368 3659 1422 καὶ

2084 1459 2455 1530 ἐπαιρόμενος
2480 1462 2547 1531 τῇ
2586 1458 2917 1532 ματαιότητι
2966 1460 3061 1514 τοῦ
3085 1461 3205 1526 νοὸς
3237 1459 3435 1527 αὐτοῦ,
3463 1461 3525 1517 οὐ
3572 1460 3659 1516 δύο

2074 1568 2234 1606 ναται
2272 1550 2453 1623 λέγειν
2483 1552 2567 1619 τὸ,
2612 1569 2633 1605 ε
2674 1552 3023 1620 Ἐπίστευσα,
3052 1553 3135 1608 διδ
3169 1554 3436 1626 ἐλάλησα.
3468 1573 3491 1608 ι

402 1649 457 1694 et
487 1643 662 1699 elatus
694 1645 937 1699 vanitate
962 1660 1163 1702 sensus
1192 1645 1277 1700 sui
1303 1644 1607 1713 sit,dicere
1633 1659 1983 1717 nequaquam
2052 1653 2235 1716 potest
2273 1665 2288 1701 :
2355 1666 2373 1700 ι
2434 1645 2656 1704 Credidi
2712 1656 2937 1720 propter
2981 1646 3131 1720 quod
3189 1648 3420 1707 locutus
3468 1663 3589 1706 sum
3637 1667 3658 1701 ι

402 1731 577 1804 (Ptol.
604 1750 730 1801 (τιν,
766 1734 831 1790 10

475 1870 750 1941 Ejusdem.
778 1903 849 1914 -α
879 1874 955 1928 Ex
994 1872 1279 1945 Scriptura
1324 1874 1512 1931 divina
1545 1873 1725 1931 edocti
1753 1889 1967 1942 sumus,

2145 1878 2520 1951 Δεδιδάγμεθα
2570 1879 2721 1951 παρὰ
2749 1879 2849 1951 τῆς
2896 1877 3048 1943 Θείας
3072 1878 3305 1952 Γραφῆς
3341 1879 3518 1952 μηδιν
3545 1874 3660 1935 ἑπι-

402 1966 574 2021 rnenti
639 1976 843 2023 nostrae
902 1969 1332 2038 permittendum
1380 1983 1496 2024 non
1528 1984 1673 2035 esse,
1722 1979 1781 2025 ut
1810 1968 1973 2040 quid-

401 2070 567 2125 quam
600 2067 797 2128 praeter
830 2075 895 2114 ea
926 2074 1049 2131 quae
1073 2074 1340 2116 concessa
1373 2069 1522 2127 sunt,
1564 2060 1924 2133 imaginetur.

471 2190 664 2261 Ejusd.
710 2192 851 2250 hom.
892 2194 971 2252 De
1012 2198 1139 2267 ﬁde.
1175 2228 1245 2239 ο·-
1278 2197 1376 2256 Dei
1424 2198 1647 2271 quidem
1692 2213 1975 2271 nunquam

401 2301 512 2343 non
538 2288 852 2345 meminisse
875 2290 1028 2361 pium
1062 2300 1171 2359 est,
1202 2294 1368 2363 atque
1395 2290 1695 2363 ejusmodi,
1733 2300 1794 2349 ut
1820 2308 1978 2350 mens

400 2398 590 2440 amore
618 2384 808 2442 divino
836 2387 1086 2459 praedita,
1118 2389 1279 2461 303
1313 2389 1543 2445 minime
1566 2390 1760 2447 satiari
1791 2398 1976 2461 queat.

398 2479 471 2533 At
504 2494 589 2535 res
643 2480 861 2536 divinas
912 2497 1168 2539 sermone
1214 2483 1479 2555 prosequi
1534 2482 1713 2539 audax
1758 2482 1980 2540 facinus

396 2583 481 2631 est
513 2592 528 2635 :
559 2575 760 2647 quippe
806 2591 931 2633 cum
978 2577 1098 2647 ipsa
1152 2592 1376 2651 quoque
1425 2591 1582 2635 mens
1609 2592 1641 2634 a
1676 2592 1861 2635 rerum
1894 2576 1981 2632 di-

398 2666 609 2737 gnitate
637 2669 830 2740 procul
868 2669 1110 2737 excidat,
1144 2679 1198 2727 et
1242 2685 1366 2743 qua:
1412 2670 1469 2727 in
1528 2671 1776 2727 animum
1840 2670 1976 2727 sub—

396 2758 586 2827 ierint,
625 2762 865 2819 tenuiter
913 2773 971 2821 et
1024 2763 1263 2820 obscure
1308 2779 1563 2821 sermone
1600 2764 1974 2822 declarentur.

396 2853 532 2910 Cum
566 2855 734 2928 igitur
759 2868 812 2913 et
834 2872 987 2915 mens
1021 2865 1217 2914 nostra
1245 2873 1428 2914 rerum
1454 2857 1785 2915 celsitudine
1813 2858 1973 2929 longe

397 2948 472 3003 sit
500 2947 752 3014 inferior,
790 2959 845 3005 at
882 2965 1078 3007 rursus
1115 2950 1221 3023 ipsi
1271 2966 1497 3023 quoque
1531 2949 1852 3022 cogitationi
1878 2964 1973 3005 eeo

396 3039 492 3094 dat
524 3040 738 3109 oratio;
789 3041 922 3113 quid
978 3041 1202 3099 tandem
1237 3041 1421 3099 aﬂ‘erri
1474 3042 1671 3114 possit,
1707 3042 1841 3115 quin
1872 3057 1975 3098 ne-

2079 1974 2302 2044 τρέπειν
2329 1971 2492 2043 ἡμῶν
2521 1970 2603 2045 τῷ
2656 1970 2734 2043 νῷ
2790 1970 2944 2049 παρὰ
2994 1968 3104 2028 τῶν
3146 1972 3663 2047 συγκεχωρημένων

2080 2064 2531 2138 φαντασιοῦσθαι.

2151 2200 2288 2255 Θεοῦ
2315 2200 2630 2274 μεμνῆσθαι
2663 2200 2762 2271 μὲν
2798 2200 3065 2271 διηνεκῶς
3094 2200 3339 2268 εὐσεϐὲς,
3370 2201 3475 2258 καὶ
3509 2202 3664 2276 κόρον

2080 2290 2181 2347 ούκ
2211 2291 2333 2363 ἕχον
2364 2294 2429 2364 τῇ
2458 2290 2692 2363 φιλοθέῳ
2714 2291 2859 2364 ψυχῇ
2882 2310 2895 2325 ο
2916 2291 3063 2363 λόγῳ
3083 2292 3140 2347 δὲ
3161 2291 3422 2360 διεξιέναι
3452 2294 3526 2349 τὰ
3541 2293 3665 2368 περὶ

2078 2384 2218 2441 θεοῦ
2249 2385 2525 2458 τολμηρόν
2546 2402 2565 2418 ο
2615 2386 2721 2457 τῆς
2762 2386 2863 2457 μὲν
2890 2386 3129 2452 διανοίας
3163 2386 3347 2461 πολλῷ
3374 2387 3465 2461 τῷ
3487 2389 3665 2463 μέτρῳ

2078 2479 2182 2551 τῆς
2216 2479 2371 2544 ἀξίας
2402 2478 2512 2536 τῶν
2543 2480 2887 2553 πραγμάτων
2917 2480 3383 2555 ἁποπιπτούσηςο
3409 2483 3578 2539 πάλιν
3611 2482 3663 2537 δδ

2078 2572 2174 2629 τοῦ
2222 2573 2383 2643 λόγου
2418 2573 2679 2646 ἀμυδρῶς
2726 2572 3103 2645 παριστῶντος
3144 2574 3214 2629 τὰ
3252 2575 3548 2648 νοηθέντα.
3602 2573 3663 2630 Ei

2080 2662 2176 2723 οὖν
2211 2669 2244 2740 ὴ
2291 2667 2393 2740 μὲν
2436 2667 2647 2723 διάνοια
2693 2665 2854 2738 ἡμῶν
2896 2666 3049 2737 παρὰ
3099 2667 3235 2721 πολὺ
3258 2668 3357 2724 τοῦ
3397 2668 3663 2741 μεγέθους

2080 2760 2193 2815 τῶν
2222 2762 2568 2834 πραγμάτων
2594 2761 3059 2835 ἀπολιμπάνεται,
3094 2768 3122 2821 ό
3151 2767 3209 2822 δὲ
3241 2767 3406 2838 λόγος
3430 2768 3662 2824 ἐλάττων

2082 2852 2203 2907 ἐστὶ
2233 2852 2330 2908 καὶ
2366 2854 2542 2926 αὐτῆς
2568 2854 2671 2926 τῆς
2708 2855 2970 2926 διανοίας,
3007 2859 3127 2925 πῶς
3167 2862 3270 2916 ούκ
3314 2862 3661 2933 ἀναγκαίαή

2085 2946 2269 3017 σιωπὴ
2290 2987 2305 3012 ,
2336 2946 2550 3019 μήποτε
2587 2949 2645 3002 ιν
2689 2951 2757 3022 τῇ
2786 2948 2896 3004 τῶν
2929 2952 3196 3024 ῥημάτων
3241 2955 3497 3030 εὐτελείᾳ
3543 2954 3662 3030 δόξῃ

2082 3042 2411 3099 κινδυνεύειν
2432 3044 2531 3117 τῆς
2554 3044 2836 3116 θεολογίας
2869 3045 2930 3100 τδ
2957 3044 3178 3119 θαῦμα;

396 3133 703 3189 cessarium
734 3135 1015 3192 silentium
1046 3135 1139 3205 sit,
1165 3150 1235 3194 ne
1266 3137 1340 3195 ob
1376 3138 1653 3195 sermonis
1684 3137 1974 3204 vilitatem,
2013 3137 2219 3194 eximia
2247 3147 2302 3196 et
2334 3137 2657 3196 admiranda
2698 3139 3018 3198 divinarum
3083 3150 3271 3199 rerum
3339 3142 3664 3217 magnitudo

397 3227 697 3299 periclitari
722 3230 1004 3287 videatur?

468 3340 627 3413 (ἶνες.
674 3339 816 3397 Ναε.
874 3351 1015 3400 orat.
1039 3342 1135 3399 '59.
1157 3340 1465 3416 -—-Lingua
1508 3348 1679 3415 atque
1705 3341 1887 3398 anima
1916 3348 1974 3399 et

2145 3340 2359 3415 Φρίττω
2384 3341 2479 3397 καὶ¹
2498 3342 2780 3412 γλῶσσαν,
2808 3343 2901 3400 καὶ
2914 3342 3178 3413 διάνοιαν,
3206 3346 3340 3403 ὅταν
3367 3348 3510 3419 περὶ
3532 3348 3662 3406 Θεοῦ

400 3444 585 3491 mente
614 3435 909 3503 horresco,
943 3450 1071 3491 cum
1110 3434 1179 3493 de
1222 3435 1337 3492 Deo
1383 3448 1696 3492 sermonem
1754 3434 1931 3490 habeo
1954 3450 1974 3490 :

401 3528 661 3599 buucque
714 3528 899 3601 ipsum
952 3527 1285 3586 laudabilem
1339 3536 1395 3587 et
1440 3528 1660 3585 beatum
1718 3526 1974 3584 aﬁ'ectum

400 3621 559 3678 vobis
589 3630 812 3694 exopto.

472 3733 562 3792 Μ.
618 3746 759 3793 orat.
806 3734 898 3793 26.
935 3764 998 3778 —
1034 3734 1271 3793 Humilis
1320 3750 1449 3793 meo
1492 3733 1715 3807 quidem
1762 3733 1974 3805 judicio

400 3828 711 3885 censendus
740 3836 847 3896 est,
878 3844 989 3886 non
1029 3829 1125 3901 qui
1166 3843 1335 3902 parva
1368 3828 1437 3885 de
1472 3828 1655 3899 seipso
1700 3828 1973 3899 loquitur,
1992 3864 2014 3895 _.

401 3922 566 3995 idque
613 3922 759 3995 apud
802 3938 1011 3995 paucos
1067 3932 1126 3981 et
1174 3938 1337 3991 raro;
1372 3937 1474 3979 nec
1500 3921 1595 3993 qui
1626 3921 1973 3993 dejectiorem

399 4017 685 4073 humiliter
744 4017 1095 4089 alloquitur:
1142 4014 1241 4073 sed
1290 4015 1385 4087 qui
1439 4016 1509 4071 de
1565 4015 1675 4071 Deo
1726 4014 1977 4071 modeste

399 4112 691 4183 loquitur:
744 4112 841 4183 qui
885 4110 992 4167 alia
1041 4110 1248 4175 dicere,
1286 4110 1393 4164 alia
1450 4108 1672 4165 silentio
1702 4124 1973 4179 premere,

399 4207 636 4262 aliorum
682 4206 922 4277 denique
962 4204 1238 4263 inscitiam
1280 4204 1536 4260 confiteri
1592 4204 1770 4271 novit,
1815 4203 1977 4274 eique

398 4298 567 4365 cedit,
598 4297 690 4355 cui
729 4298 1002 4356 sermonis
1046 4311 1179 4353 cura
1218 4296 1519 4353 commissa
1584 4298 1822 4366 est:qui
1864 4297 1979 4367 spi-

399 4391 741 4448 ritualiorem
788 4404 916 4447 esse
964 4390 1207 4461 aliquem
1251 4404 1412 4461 aequo
1442 4389 1629 4445 animo
1676 4389 1803 4455 fert,
1833 4390 1974 4445 etin

398 4482 865 4553 contemplatione
891 4482 1320 4553 provectiorem.

474 4597 616 4653 Ibid.
644 4597 869 4653 -Cum
899 4588 1085 4654 Omnis
1122 4597 1305 4653 oratio
1347 4604 1540 4668 suapte
1570 4605 1764 4654 natura
1800 4598 1977 4653 imbe-

399 4692 540 4749 ciliis
602 4692 697 4759 sit,
742 4690 1018 4761 facileque
1064 4691 1259 4763 agitari
1289 4700 1478 4762 queat,
1511 4699 1567 4747 et
1599 4698 1826 4763 propter
1856 4707 1975 4748 ser-

399 4798 619 4838 monem
671 4796 740 4836 ex
785 4780 1021 4837 adverso
1064 4786 1400 4852 pugnantem
1441 4778 1697 4834 libertate
1740 4787 1969 4834 careat:

398 4882 515 4927 tum
543 4886 673 4927 vero
705 4886 767 4926 ea
794 4885 917 4941 quae
942 4869 1010 4925 de
1025 4869 1142 4925 Deo
1172 4869 1499 4940 suscipitur,
1534 4874 1689 4923 tanto
1718 4868 1841 4940 plus
1873 4868 1974 4923 ba-

399 4966 491 5021 bet
519 4962 877 5029 difﬁcultatis,
910 4972 1129 5035 quanto
1157 4962 1336 5031 majus
1374 4972 1761 5032 argumentum
1786 4971 1894 5027 est,
1920 4968 1977 5017 et

399 5060 552 5116 zelus
592 5058 898 5124 ardentior,
923 5065 979 5113 et
1013 5057 1321 5128 periculum
1359 5055 1602 5127 gravius.
1634 5054 1819 5125 Ecqua
1853 5063 1973 5109 tan--

398 5154 522 5208 dem
562 5150 783 5208 subnixi
816 5148 1015 5205 ﬁducia
1063 5157 1270 5204 metum
1307 5147 1454 5203 hunc
1484 5147 1870 5218 dispellemus?
1902 5162 1970 5201 an

399 5242 699 5307 sermonis,
740 5258 809 5298 an
857 5242 1122 5298 auditus?
1183 5239 1626 5312 quandoquidem
1679 5239 1734 5293 in
1785 5239 1967 5296 tribus

398 5340 524 5417 istis
570 5337 876 5407 periculum
914 5343 1189 5391 versatur.
1244 5331 1377 5386 Nam
1432 5343 1487 5387 ct
1536 5330 1822 5387 intellectu
1882 5346 1972 5387 res

2004 4738 2051 4796 ο

2074 3436 2422 3508 φθέγγωμαι,
2452 3437 2548 3492 καὶ
2577 3438 2710 3508 ὑμῖν
2736 3437 2797 3492 τὸ
2831 3437 2966 3493 αύτδ
3016 3438 3374 3516 συνεύχομαι,
3399 3442 3466 3498 τδ
3504 3445 3661 3499 ἔπαιε-

2072 3530 2225 3585 νετὸν
2254 3530 2425 3594 πάθος
2464 3531 2560 3585 καὶ
2588 3532 2882 3603 μακάριον.

2146 3733 2544 3806 Ταπεινόφρων
2581 3735 2735 3805 ἐμὸς,
2766 3736 2866 3810 ούχ
2898 3739 3049 3804 ὅστις
3094 3739 3222 3813 περὶ
3252 3741 3455 3798 ἑαυτοῦ
3493 3744 3661 3817 μικρὰ

2074 3824 2402 3896 διαλέγεται,
2450 3826 2547 3882 καὶ
2588 3827 2748 3884 τοῦτο
2793 3829 2933 3903 πρὸς
2976 3831 3196 3902 ὀλίγους
3243 3834 3342 3890 καὶ
3388 3835 3659 3906 ὀλιγάκις,

2073 3920 2196 3974 οὐδὲ
2243 3922 2392 3985 ὅστις
2420 3922 2698 3987 ταπεινῶς
2735 3919 3136 3997 προσαγορεύει
3173 3925 3266 3981 τὸν
3309 3928 3656 4001 ἀτιμότερον,

2074 4009 2191 4068 ἀλλ’
2244 4012 2394 4077 ὅστις
2437 4012 2566 4083 περὶ
2605 4012 2743 4068 Θεοῦ
2800 4013 3038 4087 μετρίως
3076 4016 3379 4087 φθέγγεται
3402 4034 3420 4051 ⁸
3470 4020 3569 4074 καὶ
3596 4019 3661 4074 τὰ

2080 4104 2179 4178 μὲν
2207 4106 2382 4161 εἰπεῖν
2412 4100 2577 4174 οῖδεν,
2604 4107 2674 4162 τὰ
2700 4107 2757 4162 δὲ
2786 4109 3063 4181 κατέχειν,
3099 4110 3210 4166 τῶν
3242 4110 3301 4167 δὲ
3325 4111 3660 4186 ὁμολογῆσαι

2074 4197 2174 4269 τὴν
2205 4199 2464 4267 ἄγνοιανο
2525 4200 2619 4254 καὶ
2664 4203 3083 4273 παραχωρεῖται
3130 4201 3231 4257 τοῦ
3266 4201 3433 4273 λόγου
3461 4204 3544 4277 τῷ
3572 4223 3656 4260 πι-

2079 4290 2374 4356 στευθέντι,
2403 4292 2496 4346 καὶ
2532 4286 2677 4347 εἷναί
2714 4309 2838 4348 τινα
2868 4294 3387 4372 πνευματικώτερον
3422 4297 3658 4373 δέχεται,

2077 4383 2174 4439 καὶ
2196 4382 2563 4455 διαϐεϐηκότα
2598 4383 2801 4455 μᾶλλον
2830 4386 2893 4440 ἐν
2923 4385 3153 4462 θεωρίᾳ.

2144 4586 2309 4641 Φύσει
2338 4585 2439 4658 μὲν
2461 4589 2607 4651 ἄπας
2630 4587 2791 4657 λόγος
2826 4588 3047 4663 σαθρὸς,
3085 4588 3184 4645 καὶ
3212 4589 3529 4666 εὐκίνητος,
3563 4595 3653 4648 καὶ

2077 4680 2166 4734 διὰ
2198 4679 2292 4735 τδν
2317 4682 2621 4753 ἀντίμαχον
2651 4682 2809 4752 λόγον
2829 4682 3150 4754 ἱλευθερίαν
3171 4683 3276 4739 οὐκ
3304 4684 3471 4757 ἔχων.
3518 4684 3578 4741 '0
3597 4684 3651 4741 δὲ

2078 4773 2205 4843 περὶ
2236 4771 2395 4839 Θεοῦ,
2439 4774 2681 4846 τοσούτῳ
2714 4774 2936 4846 μᾶλλον,
2968 4776 3079 4848 ὅσῳ
3105 4775 3290 4847 μεῖζον
3323 4777 3387 4831 τὸ
3431 4778 3645 4833 omne-

2080 4884 2261 4938 μενον,
2295 4867 2391 4921 καὶ
2422 4869 2450 4923 ό
2484 4868 2642 4937 ζῆλος
2670 4867 2892 4937 πλείων,
2925 4869 3021 4925 καὶ
3053 4870 3084 4924 δ
3125 4868 3374 4934 κίνδυνος
3401 4871 3647 4943 χαλεπώ-

2075 4976 2253 5031 τερος.
2296 4961 2407 5015 Καὶ
2461 4961 2516 5013 τί
2558 4962 2913 5033 φοϐηθέντες,
2963 4962 3019 5018 τί
3050 4961 3430 5035 θαρῤἠσομενς
3459 4963 3645 5033 νοῦνῆ

2075 5052 2256 5123 λόγον,
2286 5053 2320 5124 ἦ
2354 5054 2563 5123 ἀκοήνς
2596 5056 2654 5107 ἐν
2682 5054 2833 5125 τρισὶ
2865 5051 3085 5119 τούτοις
3119 5053 3369 5109 κινδύνου
3398 5055 3646 5110 σαλεύονο

2073 5158 2186 5207 τος.
2223 5142 2333 5198 Καὶ
2362 5143 2473 5216 γὰρ
2502 5144 2696 5215 νοῆσαι
2732 5142 2969 5215 χαλεπὸν
3002 5143 3097 5199 καὶ
3126 5144 3463 5216 ἑρμηνεῦσαι
3508 5146 3647 5217 ἀμή-

2080 5253 2242 5307 χανον
2265 5274 2283 5303 ,
2334 5238 2429 5291 καὶ
2483 5237 2654 5308 ἀκοῆς
2712 5236 3136 5311 κεκαθαρμένης
3171 5239 3360 5311 τυχεῖν
3418 5238 3641 5312 ἐργωδέ-

2082 5349 2295 5405 στερον.

399 5388 1244 5501 div-inarsperciperevarduum
1309 5435 1413 5492 est,
1453 5433 1509 5483 et
1568 5439 1833 5482 enarrare
1905 5388 2246 5498 perdimcile,
2310 5424 2653 5499 maiorisque
2709 5422 2937 5481 tandem
2994 5422 3336 5484 diliicuitatis
3388 5433 3639 5500 purgatas

400 5540 566 5582 aures
591 5523 861 5580 nancisci.

472 5642 615 5697 Ibid.
641 5673 709 5684 -
738 5642 877 5709 Quid
913 5648 1021 5705 cst,
1055 5639 1417 5711 quamobrem
1458 5640 1749 5710 quisquam
1782 5636 1970 5693 lauda-

402 5734 567 5791 bilem
620 5748 913 5790 ascensum
972 5733 1217 5804 cuipiam
1276 5730 1559 5787 iuvideat?
1623 5732 1702 5787 Ac
1750 5748 1967 5798 rursus,

402 5824 532 5899 quis
571 5824 799 5895 perinde
844 5822 1024 5895 gravis
1064 5836 1248 5888 casus,
1288 5830 1453 5892 atque
1501 5819 1736 5875 elatione
1786 5828 1970 5887 trans~

2146 5632 2243 5698 Τίς
2279 5630 2474 5703 φθόνος
2516 5628 2812 5700 ἐπαινετῆς
2831 5627 3196 5695 ἁναϐάσεωςς
3223 5626 3338 5685 ’Καὶ
3365 5627 3417 5686 τί
3444 5623 3631 5696 πτῶμα

2078 5726 2345 5792 τοιοῦτον,
2370 5718 2483 5780 οἷον
2509 5721 2748 5796 ὶπάρσει
2791 5722 3183 5796 περιπαρῆναι,
3217 5722 3313 5777 καὶ
3352 5723 3423 5794 μὴ
3444 5718 3631 5788 γνῶναι

2077 5822 2172 5891 τῆς
2207 5818 2551 5889 ἀνθρωπίνης
2575 5817 2892 5882 ἀναϐάσεως
2912 5816 3012 5880 τὴν
3036 5814 3387 5875 ταπείνωσιν.
3405 5811 3490 5875 καὶ
3515 5809 3630 5866 δσθν
