3926 6256
238 287 372 352 1589

1493 285 1726 345 SACRA
1766 285 2227 347 PARALLELA.

3350 281 3486 350 1090

301 427 322 463 0
368 404 590 479 Πνεῦμα
637 406 991 480 φοϐουμένων
1043 404 1250 478 Κύριον
1299 403 1562 476 ζήσεταιο
1612 401 1647 472 ἡ
1685 401 1756 468 τὰ

1978 397 2151 455 Baeti.
2202 413 2390 467 xxxiv,
2446 399 2538 463 M,
2589 397 2676 455 19.
2717 429 2785 442 —
2813 417 2832 453 0
2880 396 3125 472 Spiritus
3170 399 3484 456 timentium

224 503 379 567 έλπὶς
421 500 599 556 αὐτῶν
644 501 738 557 ἐπὶ
782 499 874 556 τὸν
907 497 1150 564 σώζοντα
1204 496 1425 562 αύτούς.
1495 495 1796 566 Ὀφθαλμοὶ

221 595 431 667 Κυρίου
466 593 561 647 ἐπὶ
604 592 737 656 τοὺς
777 591 1112 662 ἀγαπῶντας
1153 590 1349 647 αὐτόν·
1381 589 1650 662 ὀφθαλμοὶ
1679 590 1798 646 Κυ-

218 685 337 758 ρίου
361 684 453 740 ἐπὶ
480 686 609 750 τοὺς
630 683 1000 758 φοϐουμένους
1025 684 1211 741 αὐτόν.
1259 703 1280 738 0

292 794 314 829 0
361 776 427 831 Οί
475 773 802 848 φοϐούμενοι
851 774 1093 849 Κύριον,
1152 775 1486 849 ἀναμείνατε
1532 776 1598 831 τδ
1645 775 1792 842 ἔλεος

216 866 405 935 αὐτοῦ,
441 868 536 923 καὶ
568 866 645 941 μὴ
670 867 977 936 ὲκκλίνατε,
1008 869 1094 924 ἵνα
1122 869 1198 943 μὴ
1230 869 1458 941 πέσητε.
1498 869 1564 923 0i.
1595 867 1795 940 φοϐούο

218 977 372 1030 μενοι
439 959 646 1034 Κύριον
696 961 798 1016 οὐκ
866 961 1227 1035 ἀπειθήσουσι
1289 962 1554 1035 ῥημάτων
1599 959 1791 1016 αὐτοῦ’

214 1053 308 1107 καὶ
350 1054 400 1108 οί
453 1051 777 1124 ἀγαπῶντες
828 1054 1027 1124 αὐτὸν,
1073 1053 1452 1111 συντελέσουσι
1494 1053 1595 1120 τὰς
1639 1053 1793 1120 ὁδοὺς

209 1145 402 1202 αὐτοῦ.
449 1165 470 1201 0

282 1257 302 1292 0
349 1237 444 1311 Τῷ
465 1237 784 1312 φοϐουμένῳ
808 1238 899 1294 τὸν
919 1238 1124 1312 Κύριον
1143 1239 1245 1295 οὐκ
1273 1239 1576 1311 ἀπαντήσει
1596 1238 1788 1304 κακον,

208 1329 322 1385 ἀλλ’
351 1333 413 1385 έν
446 1332 738 1404 πειρασμῷ
770 1331 867 1387 καὶ
894 1332 1044 1408 πάλῃ
1073 1332 1357 1401 έξελεῐται.
1383 1333 1658 1406 Χρήματα
1693 1333 1789 1388 καὶ¹

207 1420 238 1488 ἡ
267 1418 426 1488 ἰσχὺς
459 1418 724 1490 ἀνυψοῦσι
759 1419 1010 1493 καρδίαν,
1048 1423 1145 1476 καὶ
1191 1423 1332 1494 ὑπὲρ
1357 1423 1648 1496 ἀμφότερα
1688 1423 1786 1494 φό-

205 1509 295 1572 ϐος
328 1511 562 1584 Κυρίου.
611 1530 633 1565 0

276 1620 296 1654 0
353 1602 413 1658 '0
452 1603 788 1676 φοϐούμενος
812 1604 1016 1681 Κύριον
1056 1603 1272 1661 εὐθύνει
1303 1605 1489 1676 φίλους
1525 1605 1712 1662 αὑτοῦ.
1759 1625 1780 1661 0

273 1800 293 1834 0
351 1781 447 1837 Ἕν
476 1740 627 1856 φόϐιρ
656 1781 863 1856 Κυρίου
895 1783 1039 1840 ἔστω
1074 1783 1134 1838 τὺ
1170 1783 1436 1857 καύχημά
1480 1801 1597 1841 σου.
1646 1803 1665 1838 0

273 1981 292 2014 0
333 1962 571 2034 Σπέρμα
599 1962 820 2036 ἔντιμον
865 1966 1052 2032 ποῖον;
1085 1965 1147 2018 Oi
1180 1963 1507 2038 φοϐούμενοι
1537 1962 1631 2018 τὸν
1664 1962 1779 2018 Κύ-

203 2073 332 2128 ριον.
364 2055 632 2122 Πλούσιος
671 2058 769 2113 καί⁸
808 2058 1039 2127 ἔνδοξος,
1069 2059 1161 2114 καὶ
1203 2059 1394 2134 πένης,
1423 2059 1486 2114 τὸ
1513 2057 1778 2131 καύχημα

198 2149 395 2217 αὐτῶν,
433 2150 600 2221 φόϐος
628 2150 858 2225 Κυρίου.
909 2170 928 2203 0

269 2260 289 2295 0
335 2244 401 2298 Οί
446 2244 775 2315 φοϐούμενοι
816 2245 1042 2319 Κύριον,
1078 2247 1404 2302 πιστεύσατε
1453 2247 1625 2321 αὐτῷ,
1677 2249 1775 2303 καὶ⁵

195 2336 252 2390 ού
289 2337 367 2411 μὴ
406 2337 557 2411 πέσῃ
587 2337 617 2390 ὁ
650 2338 844 2408 μισθὸς
872 2339 1048 2411 ὑμῶν.
1075 2330 1145 2394 Oi
1175 2340 1502 2413 φοϐούμενοι
1545 2341 1773 2414 Κύριον,

193 2429 450 2485 ἂλπίσατε
491 2431 574 2495 είς
601 2429 802 2502 άγαθά,
833 2433 926 2486 καὶ
949 2433 1030 2500 είς
1052 2433 1392 2505 εὐφροσύνην
1427 2432 1650 2489 αίὼνιον
1679 2433 1775 2488 καὶ

192 2521 356 2585 ἕλεος.
407 2541 428 2573 0

264 2633 283 2667 0
326 2616 614 2686 Μεγιστάν
635 2616 732 2671 καὶ
761 2615 978 2687 κριτὴς,
1001 2617 1098 2670 καὶ
1131 2613 1402 2688 δυνάστης
1429 2615 1770 2686 δοξασθήσε-

189 2723 295 2774 ται,
331 2710 428 2762 καὶ
458 2709 566 2763 οὐκ
591 2707 737 2764 ἔστιν
759 2708 939 2766 αὐτῶν
970 2726 1054 2774 τις
1089 2709 1289 2782 μείζων
1311 2709 1407 2764 τού
1433 2708 1770 2782 φοϐουμένου

189 2800 278 2855 τὸν
310 2801 547 2876 Κύριον.
594 2821 614 2856 0

262 2914 281 2948 0
327 2895 494 2949 Πᾶσα
518 2892 680 2963 σοφία
706 2892 868 2964 φόϐος
893 2890 1120 2965 Κυρίου.
1142 2891 1309 2947 Οὐδὲν
1330 2893 1577 2964 κρείττον
1602 2891 1771 2963 φόϐου

189 2987 415 3061 Κυρίου,
450 2986 551 3042 καὶ
590 2968 1103 3059 οὐδὲνγλυκύτερον
1153 2983 1249 3041 τοῦ
1286 2985 1580 3060 προσέχειν
1619 2987 1771 3040 ἐντο-

186 3080 300 3145 λαῐς
324 3080 563 3155 Κυρίου.
610 3096 630 3132 0

255 3285 272 3317 0
325 3265 387 3318 Ὀ
421 3263 768 3335 φοϐούμενος
814 3261 1048 3333 Κύριον,
1095 3260 1252 3316 οὐδὲν
1298 3258 1763 3333 εύλαϐηθήσεται.

183 3358 522 3429 Φοϐουμένου
565 3355 789 3430 Κύριον,
829 3354 1076 3427 μακαρία
1105 3355 1139 3427 η
1168 3353 1337 3427 ψυχή.
1384 3372 1404 3406 0

251 3468 273 3504 0
328 3451 390 3506 ’0
427 3448 764 3521 φοϐούμενος
791 3445 1019 3520 Κύριον,
1051 3445 1328 3514 ἐκδέξεται
1353 3445 1624 3502 παιδείαν.
1666 3465 1688 3500 0

250 3649 269 3681 0
315 3632 378 3685 Οί
407 3629 738 3702 φοϐούμενοι
775 3626 1003 3701 Κύριον,
1037 3628 1326 3701 εὑρήσουσι
1356 3631 1531 3702 κρῖμα
1558 3628 1655 3685 καὶ
1678 3630 1763 3685 δι...

181 3722 492 3796 καιώματα,
534 3721 631 3777 καὶ
659 3721 734 3787 ὡς
766 3721 884 3792 φῶς
912 3720 1302 3792 ἐκλάμψουσιν.
1347 3740 1368 3775 0

249 3921 266 3954 0
313 3902 429 3957 Ούκ
490 3901 638 3956 ἔστιν
684 3901 744 3956 ὲν
790 3900 942 3973 φόϐῳ
993 3901 1200 3974 Κυρίου
1243 3903 1559 3970 ἐλάττωσις,
1593 3905 1758 3974 φόϐος

179 3994 398 4066 Κυρίου,
424 3994 508 4060 ὡς
544 3995 875 4066 παράδεισος
906 3994 1185 4066 εὐλογίας.
1234 4015 1254 4050 0

246 4211 264 4244 0
307 4193 400 4264 Μὴ
437 4191 698 4263 φοϐεῖσθε
727 4190 836 4246 ἀπὸ
865 4190 976 4246 τῶν
1008 4192 1441 4251 ἀποκτεινόντων
1466 4193 1528 4249 τδ
1565 4194 1751 4268 σῶμα,

176 4285 266 4356 τὴν
295 4286 352 4339 δὲ
383 4285 566 4358 ψυχὴν
600 4284 675 4357 μὴ
706 4285 1022 4358 δυναμένων
1067 4287 1424 4343 ἀποκτεῖναι·
1472 4289 1752 4363 φοϐήθητε

175 4374 226 4428 δὲ
257 4377 456 4447 μᾶλλον
488 4377 582 4432 τὸν
602 4377 901 4448 δυνάμενον
931 4377 1026 4432 καὶ
1074 4377 1255 4452 ψυχὴν
1283 4381 1379 4435 καὶ
1409 4380 1568 4454 σῶμα
1607 4383 1749 4439 ἀπο-

175 4467 318 4524 λέσαι
347 4472 407 4525 έν
437 4471 653 4542 γεέννῃ.
701 4489 721 4524 0

243 4581 264 4613 0
305 4561 508 4629 Καθὼς
565 4564 817 4638 ἠγάπησε
866 4583 934 4636 με
984 4566 1013 4619 ὁ
1044 4565 1257 4638 Πατὴρ,
1288 4565 1447 4636 κάγὼ
1481 4568 1745 4640 ἠγάπησα

179 4654 334 4724 ὑμᾶς.
366 4658 611 4713 Μείνατε
640 4659 699 4711 έν
722 4661 789 4730 τῇ
824 4659 1013 4731 ἀγάπῃ
1044 4662 1111 4730 τῇ
1141 4659 1271 4731 ἐμῇ.
1315 4660 1440 4714 Ἐὰν
1466 4660 1567 4725 τὰς
1596 4662 1746 4715 ἐντο-

175 4745 266 4812 λάς
290 4765 390 4818 μου
423 4750 724 4821 τηρήσητε,
765 4753 974 4820 μενεῖτε
1006 4752 1064 4804 ὲν
1097 4754 1162 4823 τῇ
1195 4751 1383 4824 ἀγάπῃ
1415 4770 1538 4822 μου,
1564 4753 1747 4818 καθὼς

176 4840 276 4908 ἐγὼ
296 4844 394 4909 τὰς
418 4843 638 4907 ὲντολάς
663 4843 760 4898 τοῦ
792 4845 1002 4916 Πατρός
1030 4863 1130 4915 μου
1153 4847 1450 4919 τετήρηκα,
1477 4848 1571 4902 καὶ
1602 4847 1746 4918 μένω

178 4933 331 4989 αὑτοῦ
361 4939 418 4990 ἐν
447 4941 514 5008 τῇ
545 4937 756 5012 ἀγάπῃ.
804 4957 822 4990 0

249 5044 267 5078 0
318 5028 562 5096 Ἀνοίξας
600 5031 805 5102 Πέτρος
835 5032 895 5085 τὸ
927 5032 1100 5104 στόμα
1131 5026 1318 5088 εἶπεν·
1360 5033 1484 5088 Ἐπὶ
1515 5033 1743 5106 ἀληθείᾳ

180 5116 681 5192 καταλαμϐάνομαι,
739 5123 821 5176 ότι
876 5122 979 5178 οὐκ
1032 5123 1146 5178 ιστι
1197 5124 1671 5197 προσωπολήπτης
1715 5125 1743 5177 ὁ

181 5203 322 5274 Θεὸς,
354 5209 489 5265 ἀλλά
518 5211 576 5265 έν
623 5213 786 5267 παντὶ
830 5213 973 5268 ἔθνει
1007 5217 1035 5271 ό
1067 5215 1403 5287 φοϐούμενος
1432 5217 1610 5281 αὐτον.
1649 5217 1742 5272 καὶ

181 5296 530 5373 ἐργαζόμενος
565 5302 930 5380 δικαιοσύνην,
961 5307 1148 5373 δεκτὸς
1177 5307 1330 5380 αύτῷ
1365 5310 1530 5365 ἔστιν.
1579 5329 1597 5362 0

248 5411 266 5443 ι
311 5396 545 5469 οἴδαμεν
571 5400 653 5453 ὅτι
683 5402 795 5467 τοῖς
821 5403 1077 5471 ἀγαπῶσι
1105 5403 1197 5456 τὸν
1223 5401 1358 5456 Θεὸν
1405 5403 1583 5458 πάντα
1613 5421 1741 5457 συν·

184 5489 324 5555 εργεί
353 5487 430 5553 είς
461 5489 683 5561 ἀγαθόν.
730 5511 751 5547 0

246 5596 272 5630 0
315 5579 381 5632 Εῐ
422 5599 506 5648 τις
558 5585 753 5659 ἀγαπᾷ
799 5587 891 5642 τὸν
935 5587 1089 5656 Θεδν,
1137 5581 1291 5653 οὗτος
1340 5589 1610 5661 ἔγνωσται
1647 5592 1738 5647 ὕπ’

183 5668 364 5727 αὑτοῦ.
406 5693 428 5730 0

249 5765 405 5834 Φόϐος
432 5769 653 5848 Κυρίου,
686 5773 985 5849 καθάρσιον
1016 5777 1216 5850 ψυχῆς,
1258 5779 1400 5834 κατὰ
1429 5780 1528 5854 τὴν
1572 5782 1736 5856 εὐχὴν

1900 488 2071 546 Deum
2121 488 2271 545 vivet
2318 509 2333 546 ;
2386 505 2514 562 spes
2568 490 2718 546 enim
2771 489 2996 546 illorum
3040 490 3097 547 in
3131 490 3392 558 salutem,
3430 500 3485 548 et

1897 582 2048 638 oculi
2077 581 2172 637 Dei
2203 585 2259 638 in
2283 581 2579 655 diligentes
2610 599 2690 640 se.
2717 583 2876 640 Oculi
2918 583 3138 640 Domini
3166 599 3335 657 super
3368 598 3482 641 me-

1897 679 2122 730 tuentes
2142 688 2289 729 eum.
2327 691 2347 727 0
3157 723 3164 726 Α

1968 762 2142 821 Eccli.
2175 781 2238 830 ιι,
2268 759 2327 831 ⁸1,
2370 764 2459 822 18.
2489 795 2554 805 -
2580 783 2598 816 0
2637 764 2942 821 Metuentes
2977 763 3480 834 Dominum,susti-

1895 867 2025 916 nete
2083 857 2526 916 misericordiam
2581 857 2722 929 ejus,
2767 870 2823 913 et
2877 873 2989 914 non
3044 857 3376 927 deﬂectatis,
3412 877 3480 918 ne

1883 933 2132 1008 'c'adatis.
2161 951 2266 1019 Qui
2299 952 2501 1007 timent
2536 951 2857 1016 Dominum,
2892 965 3005 1008 non
3034 959 3201 1009 erunt
3237 953 3478 1010 incredi-

1893 1043 2038 1102 biles
2065 1045 2251 1101 verbis
2275 1044 2462 1112 iilius;
2496 1051 2552 1101 et
2579 1043 2676 1116 qui
2706 1043 2946 1116 diligunt
2972 1045 3152 1114 illum,
3187 1061 3477 1104 conserva-

1893 1138 2034 1195 bunt
2058 1140 2172 1198 vias
2201 1140 2374 1196 illius.
2404 1159 2425 1194 0

1965 1231 2129 1290 Ecclt'.
2162 1250 2353 1302 xxxiii,
2387 1234 2438 1290 1.
2463 1264 2536 1277 -
2561 1250 2582 1287 0
2627 1232 2865 1290 Timenti
2894 1232 3190 1290 Dominum
3223 1250 3336 1292 non
3377 1252 3472 1293 oc-

1889 1334 2115 1383 current
2159 1327 2324 1392 mala,
2360 1326 2458 1384 sed
2491 1327 2549 1382 in
2580 1325 2886 1382 tentatione
2928 1333 2983 1382 et
3017 1327 3168 1382 lucta
3211 1327 3472 1385 liberabit

1887 1432 2036 1474 eum.
2063 1418 2378 1476 Facultates
2405 1426 2462 1475 et
2492 1419 2671 1474 virtus
2709 1418 2959 1475 exaltant
2994 1433 3093 1476 cor
3123 1420 3275 1502 :_sed
3303 1436 3472 1494 super

1887 1509 2003 1566 haec
2027 1512 2195 1567 timor
2231 1510 2470 1567 Domini.
2503 1529 2522 1564 0

1958 1603 2129 1660 Eccti.
2173 1619 2267 1673 ιι,
2315 1605 2405 1660 26.
2452 1635 2523 1647 —
2568 1622 2587 1658 0
2621 1603 2728 1674 Qui
2775 1604 2930 1660 timet
2976 1604 3289 1673 Dominum,
3327 1607 3471 1664 diri-

1887 1697 1968 1768 git
1995 1697 2208 1754 amicos
2236 1712 2391 1754 suos.
2425 1716 2445 1750 0

1817 1785 1858 1842 Β
1954 1788 2127 1844 Eccli.
2158 1804 2234 1856 ix,
2262 1789 2353 1846 22.
2391 1819 2463 1832 --
2498 1808 2518 1844 0
2546 1789 2608 1846 In
2643 1790 2845 1851 timore
2889 1790 3110 1849 Domini
3152 1791 3226 1849 sit
3263 1792 3470 1864 gloria-

1881 1883 1959 1940 tio
1993 1890 2109 1938 tua.
2155 1902 2175 1938 0

1951 1974 2124 2030 Eccti.
2156 1990 2213 2040 ι,
2238 1975 2333 2043 2⁸5,
2366 1975 2458 2033 25.
2493 2007 2561 2019 -
2591 1997 2611 2031 0
2654 1978 2854 2034 Semen
2903 1975 3230 2037 lionorabile
3262 1977 3466 2048 quale?

1878 2067 1971 2140 qui
2010 2070 2207 2126 timent
2239 2071 2556 2129 Dominum.
2591 2071 2774 2139 Dives,
2814 2079 2870 2128 et
2900 2072 3210 2143 gloriosus,
3243 2082 3298 2128 et
3327 2089 3464 2144 pau-

1879 2177 2001 2233 per,
2027 2163 2288 2233 gloriatio
2311 2179 2502 2220 eorum
2528 2166 2695 2222 timor
2732 2164 2971 2222 Domini.
3014 2183 3034 2218 0

1943 2253 2108 2308 Eccli.
2148 2270 2207 2318 ιι,
2243 2255 2297 2320 8,
2333 2254 2388 2310 9.
2422 2288 2473 2299 -
2512 2275 2531 2309 0
2569 2255 2672 2324 Qui
2716 2257 2925 2314 timetis
2964 2256 3288 2326 Dominum,
3338 2274 3463 2316 crea

1877 2340 1992 2396 dite
2034 2342 2149 2410 illi;
2191 2352 2246 2400 et
2295 2359 2405 2401 non
2458 2349 2822 2403 evacuabitur
2854 2361 3067 2404 merces
3094 2357 3298 2406 vestra.
3352 2351 3456 2417 Qui

1876 2431 2086 2488 timetis
2124 2435 2438 2504 Dominum,
2478 2448 2702 2510 sperate
2735 2441 2902 2505 bona,
2933 2446 2988 2495 et
3019 2439 3273 2499 laetitiam
3309 2460 3459 2501 sem-

1873 2524 2170 2595 piternam,
2201 2537 2258 2584 et
2287 2530 2750 2592 misericordiam.
2779 2517 2806 2589 '0
2971 2592 2974 2594 .

1947 2615 2115 2674 Eccli.
2146 2634 2206 2686 ι,
2236 2619 2331 2677 27.
2362 2652 2433 2664 —
2475 2642 2495 2675 0
2533 2625 2787 2697 Magnus,
2823 2636 2878 2684 et
2915 2629 3108 2700 judex,
3159 2638 3213 2687 et
3257 2639 3456 2701 potens

1873 2709 1977 2762 erit
2005 2709 2058 2763 in
2101 2711 2316 2768 honore
2356 2730 2372 2769 :
2417 2723 2473 2770 et
2505 2731 2616 2772 non
2652 2725 2737 2774 est
2784 2719 2963 2792 major
3016 2720 3113 2776 illo
3159 2721 3255 2793 qui
3298 2722 3456 2779 timet

1873 2798 2192 2857 Dominum.
2235 2821 2256 2858 0

1941 2890 2112 2949 Eccli.
2144 2912 2259 2964 xix,
2295 2897 2390 2964 28,
2432 2898 2523 2956 18.
2559 2929 2630 2942 —-
2675 2919 2694 2954 0
2719 2900 2914 2961 Omnis
2957 2905 3231 2978 sapientia
3281 2907 3454 2965 timor

1869 2984 2110 3043 Domini.
2171 2986 2321 3046 Nihil
2373 2992 2577 3050 melius
2621 3009 2783 3066 quam
2841 2997 3008 3055 timor
3072 2997 3346 3056 Domini:
3394 3013 3451 3059 et

1869 3077 2010 3134 nihil
2055 3079 2299 3152 dulcius,
2349 3099 2521 3156 quam
2570 3088 2850 3160 respicere
2901 3087 2962 3145 in
3016 3092 3295 3150 mandatis
3342 3093 3451 3152 Do-

1873 3185 2030 3226 ωιηι.
2073 3191 2093 3225 ι

1944 3262 2114 3322 Ecclt‘.
2143 3282 2302 3336 χχιιι,
2329 3266 2423 3327 57.
2454 3302 2524 3314 —-
2557 3292 2578 3325 0
2608 3273 2714 3343 Qui
2748 3276 2907 3334 timet
2951 3276 3266 3349 Dominum,
3303 3282 3444 3340 nihil

1870 3357 2194 3428 trepidabit.
2233 3361 2506 3422 Timentis
2539 3364 2832 3425 Dominum
2860 3370 3022 3427 beata
3057 3382 3145 3429 est
3171 3374 3377 3431 anima.
3419 3397 3437 3431 0

1941 3449 2112 3508 Eccti.
2143 3469 2334 3525 xxxiv,
2360 3457 2450 3514 17.
2477 3488 2550 3501 -
2585 3477 2604 3514 0
2636 3458 2742 3530 Qui
2776 3462 2935 3519 timet
2961 3463 3277 3537 Dominum,
3303 3472 3445 3527 acci-

1868 3543 1976 3615 piet
2006 3545 2382 3619 disciplinam.
2417 3570 2436 3604 0

1938 3635 2109 3695 Eccli.
2140 3657 2310 3708 χχχιι,
2347 3642 2433 3700 16.
2476 3674 2545 3688 -—
2589 3666 2608 3699 0
2642 3647 2746 3716 Qui
2785 3649 2984 3710 timent
3020 3654 3314 3712 Dominum
3353 3659 3440 3712 in-

1865 3732 2086 3788 venient
2111 3733 2382 3804 judicium
2418 3740 2942 3816 etjustiﬁcationes,
2965 3758 3020 3806 et
3052 3750 3222 3806 utiux
3261 3749 3437 3823 fulge-

1862 3823 2020 3880 bunt.
2062 3844 2082 3879 0

1931 3916 2102 3973 Eccti.
2143 3935 2233 3988 XL,
2269 3921 2360 3988 26,
2387 3923 2478 3988 27,
2515 3955 2585 3965 —
2639 3945 2658 3978 0
2691 3927 2810 3985 Non
2851 3942 2935 3988 est
2983 3933 3038 3990 in
3086 3936 3284 3994 timore
3329 3940 3433 3995 Do«

1861 4009 1994 4064 mini
2022 4010 2356 4070 imminutio.
2385 4013 2578 4072 Timor
2607 4015 2822 4075 Domini
2854 4021 3001 4079 sicut
3027 4027 3317 4097 paradisus
3339 4029 3433 4087 be-

1860 4103 2215 4161 nedictionis.
2252 4125 2270 4158 0

1931 4193 2125 4251 Matth.
2151 4213 2206 4264 ιι,
2228 4199 2321 4256 28.
2352 4231 2424 4242 -
2455 4223 2472 4255 0
2497 4201 2676 4261 Nolite
2707 4207 2899 4265 timere
2927 4225 3022 4266 eos
3043 4211 3134 4283 qui
3170 4213 3429 4271 occidunt

1857 4303 2083 4361 corpus,
2123 4293 2360 4349 animam
2389 4306 2574 4353 autem
2602 4316 2714 4354 non
2750 4312 2986 4373 possunt
3011 4306 3304 4364 occidere:
3331 4310 3427 4366 sed

1855 4385 2042 4455 potius
2072 4401 2196 4442 eum
2229 4388 2440 4455 timete,
2491 4391 2583 4462 qui
2635 4403 2818 4464 potest
2848 4411 3054 4470 corpus
3096 4409 3151 4456 ct
3185 4404 3422 4460 animam

1776 4513 1823 4571 υ
1853 4477 2089 4571 perdere
2124 4477 2176 4533 in
2210 4480 2545 4552 gehennam.

1920 4569 2082 4627 Joan.
2117 4588 2210 4643 xv,
2251 4575 2418 4639 9,10.
2443 4608 2514 4618 -
2549 4599 2568 4632 0
2611 4579 2766 4638 Sicut
2790 4582 2988 4640 dilexit
3020 4602 3104 4643 me
3145 4577 3326 4654 Pater,
3369 4601 3421 4647 et
3530 4594 3534 4598 ’

1847 4677 1948 4732 ego
1988 4664 2154 4720 dilexi
2197 4684 2315 4724 vos.
2340 4668 2554 4726 Manete
2587 4672 2641 4726 in
2669 4672 2969 4732 dilectione
3009 4695 3151 4735 mea.
3190 4682 3249 4735 bi
3285 4699 3419 4753 pne-

1848 4762 2002 4824 cepta
2043 4772 2162 4811 mea
2211 4761 2587 4829 servaveritis,
2633 4764 2798 4838 306
2847 4769 3139 4826 manebitis
3185 4773 3242 4828 in
3282 4775 3421 4830 dile-

1846 4847 2029 4901 Ctione
2065 4863 2206 4916 mea,
2251 4852 2395 4907 sicut
2424 4865 2479 4909 et
2517 4871 2617 4926 ego
2650 4855 2829 4916 Patris
2867 4862 2968 4916 mei
3010 4864 3270 4921 mandata
3305 4883 3418 4923 ser-

1848 4938 1994 5003 vavi,
2030 4948 2082 4995 et
2107 4957 2303 4999 maneo
2326 4943 2381 4999 in
2408 4946 2526 5016 ejus
2552 4948 2872 5008 dilectione.
2905 4973 2922 5007 ε

1916 5033 2034 5088 Act.
2067 5049 2121 5100 x,
2147 5035 2235 5091 54.
2267 5063 2340 5078 -ο
2374 5058 2392 5090 0
2423 5041 2690 5110 Aperiens
2723 5046 2926 5103 Petrus
2961 5064 3022 5104 os
3053 5067 3214 5106 suum
3239 5053 3414 5112 dixit:

1846 5121 1902 5179 in
1934 5126 2168 5182 veritate
2195 5132 2462 5201 comperi,
2494 5135 2639 5202 quod
2675 5151 2782 5191 non
2811 5148 2895 5196 est
2923 5157 3290 5212 personarum
3321 5163 3415 5202 ac-

1845 5224 2039 5287 ceptor
2068 5217 2235 5285 Deus,
2263 5220 2362 5276 scd
2389 5223 2444 5277 in
2476 5227 2626 5282 omni
2654 5241 2838 5299 gente.
2871 5234 2965 5303 qui
2994 5233 3151 5290 timet
3178 5250 3326 5306 eum,
3359 5249 3415 5296 et

1843 5308 1979 5363 facit
2005 5308 2304 5379 justitiam,
2340 5327 2605 5388 acceptus
2639 5330 2722 5377 est
2740 5322 2840 5382 illi.
2879 5344 2900 5378 0

1912 5399 2062 5456 Rom.
2106 5419 2224 5501 vni,
2278 5407 2372 5465 28.
2405 5440 2475 5450 —
2532 5432 2550 5464 0
2598 5412 2820 5474 Scimus
2865 5421 2997 5491 quia
3057 5424 3413 5501 diligentibus

1842 5494 2010 5550 Deum
2043 5499 2227 5553 omnia
2261 5515 2634 5572 conperantur
2659 5509 2712 5562 in
2746 5510 2973 5570 bonum.
3017 5534 3038 5569 0

1913 5589 1941 5644 I
1975 5588 2099 5647 Cor.
2136 5609 2251 5661 vm,
2279 5594 2331 5650 5.
2358 5629 2425 5637 —
2463 5619 2480 5650 0
2514 5602 2569 5655 Si
2597 5603 2722 5672 quis
2745 5605 2924 5677 diligit
2956 5607 3149 5680 Deum,
3183 5612 3273 5672 hic
3319 5634 3415 5675 co-

1842 5685 2030 5756 gnitus
2062 5695 2147 5740 est
2182 5689 2253 5743 ab
2278 5705 2361 5744 eo.
2396 5710 2414 5743 0

1911 5777 2081 5835 Basil.
2135 5780 2188 5834 in
2241 5782 2358 5840 im't.
2405 5785 2562 5846 Prov.
2600 5823 2670 5836 --
2709 5793 2919 5853 Domini
2955 5797 3139 5868 timor,
3171 5803 3410 5874 expiatio
