3880 6254
463 271 600 339 1091

1665 266 1731 330 S.
1766 264 2089 329 IOANNIS
2124 263 2560 329 DAMASCENI

3565 266 3685 336 1092

461 398 549 447 est
574 380 766 457 animi,
792 385 1094 445 secundum
1125 384 1270 441 hanc
1301 383 1589 457 Prophetas
1616 382 2047 457 postulationem

2170 382 2246 437 τοῦ
2276 382 2565 455 Προφήτου
2602 381 2874 451 λέγοντος·
2916 402 2935 435 ι
2976 383 3309 455 Καθήλωσον
3337 384 3399 438 ἐκ
3425 385 3514 439 τοῦ
3549 387 3689 456 φόϐου

462 483 706 540 dicentis
736 497 751 534 :
784 496 804 533 ι
836 478 1064 551 Conﬁge
1085 479 1282 534 timore
1317 484 1413 533 tuo
1446 492 1647 534 carnes
1677 491 1834 535 meas
1858 472 2041 548 (Ρεαί.

462 588 655 640 cxvut,
694 572 820 639 120)
851 591 872 625 ι
904 590 920 629 :
957 581 1219 642 tanquam
1245 570 1349 626 hac
1373 570 1613 636 ratione,
1642 568 1893 641 improba
1924 581 2045 623 om-

465 667 555 723 nis
598 674 655 723 et
704 663 980 735 ﬂagitiosa
1044 662 1191 718 actio
1250 661 1551 733 profugiat,
1594 660 1688 718 ubi
1718 660 1907 718 timor
1954 675 2048 716 se-

440 759 592 816 "dem
642 758 760 813 ﬁxit
789 772 804 809 :
835 756 1041 827 quippe
1077 768 1208 811 cum
1242 753 1497 823 corporis
1546 752 1791 809 membra
1824 765 1943 807 eam
1975 752 2049 807 ob

463 866 694 909 causam
726 850 794 906 ad
822 849 1008 920 turpia
1040 847 1248 919 ﬂagitia
1278 846 1489 903 moveri
1517 852 1814 918 nequeant,
1849 843 1943 901 ubi
1976 844 2050 899 ti-

467 960 621 1001 more
641 959 744 1001 ceu
767 943 941 999 clavis
969 943 1187 998 conﬁxa
1216 949 1367 997 sunt.
1396 937 1871 1006 Quemadmodum
1896 936 2049 993 enim

466 1037 564 1107 qui
599 1050 803 1108 corpus
844 1034 1019 1090 clavis
1062 1034 1391 1089 transﬁxum
1440 1029 1630 1096 habet,
1665 1029 1723 1085 in
1775 1027 2048 1098 ejusmodi

467 1131 721 1186 cruciatu
762 1137 1044 1195 versatur,
1076 1136 1134 1181 ut
1170 1125 1311 1180 nihil
1356 1123 1538 1180 valeat
1578 1136 1747 1194 agere
1785 1140 1802 1177 :
1840 1121 1926 1177 sic
1955 1120 2051 1193 qui

470 1223 672 1279 timore
718 1221 812 1276 Dei
857 1219 1201 1276 constrictus
1235 1223 1484 1283 tenetur,
1531 1229 1643 1271 non
1687 1213 1855 1269 oculo
1885 1211 1954 1268 ad
1987 1227 2050 1269 ea

470 1329 593 1387 quae
634 1314 861 1370 minime
901 1327 1045 1383 opus
1087 1319 1197 1376 est,
1235 1310 1359 1373 uti,‘
1394 1324 1503 1365 non
1540 1322 1739 1365 manus
1771 1306 1842 1362 ad
1880 1307 2055 1361 inter-

472 1409 649 1466 dictas
690 1407 937 1463 actiones
980 1420 1236 1467 movere;
1271 1402 1410 1458 nihil
1454 1401 1757 1473 quidquam
1793 1398 2057 1469 denique,

471 1503 561 1558 vel
596 1514 851 1573 parvum,
880 1500 967 1555 vel
1002 1511 1285 1567 magnum,
1324 1502 1692 1566 praeterquam
1740 1491 2059 1556 conveniat,

2147 492 2244 529 σου
2282 474 2381 541 τὰς
2423 476 2636 548 σάρκας
2668 492 2771 548 μου
2791 492 2807 507 ’
2850 496 2871 530 ι
2898 476 2975 541 ὡς
3000 477 3137 531 ὅπου
3184 475 3346 547 φόϐος
3374 477 3580 545 ἐνοικεῖ,
3605 480 3692 534 πά-

2148 583 2251 638 σης
2296 569 2541 640 πονηρᾶς
2588 569 2687 622 καὶ
2730 568 2956 631 ἀνοσίας
2995 568 3252 641 πράξεως
3286 570 3694 642 ἀποφεογούσης,

2145 660 2256 715 τῶν
2307 659 2405 717 τοῦ
2448 660 2701 733 σώματος
2751 662 2933 735 μελῶν
2974 662 3265 734 κινηθῆναι
3312 667 3449 736 πρὸς
3494 666 3698 732 ἀτόπους

2148 752 2431 824 ἐνεργείας
2457 754 2551 808 διά
2575 753 2637 810 τὸ
2667 754 2745 827 τῷ
2778 754 2933 828 φόϐῳ
2969 754 3345 827 καθηλῶσθαι.
3379 755 3451 828 μὴ
3491 756 3699 829 δυναμέ-

2148 860 2277 900 νων.
2324 846 2538 919 Ὥσπερ
2579 847 2689 921 γάρ
2738 849 2770 902 ὁ
2816 850 3213 922 ἐμπεπηγότας
3262 848 3402 921 ἔχων
3446 853 3503 905 ἐν
3546 852 3701 924 ἑαντῷ

2146 939 2275 1004 τοὺς
2297 940 2646 1011 σωματικούς
2674 942 2859 1015 ἥλους,
2889 942 3256 1016 ἀνενέργητός
3288 944 3458 1011 ἐστιν,
3489 944 3587 998 ὐπὺ
3613 945 3702 998 τῶν

2149 1029 2354 1085 ὀδυνῶν
2380 1032 2768 1106 κατεχόμενος.
2802 1034 2977 1103 οὕτως
3004 1035 3035 1090 ό
3061 1035 3142 1110 τῷ
3176 1034 3330 1107 φόϐῳ
3366 1034 3500 1090 Θεοῦ
3541 1053 3703 1091 κατει-

2151 1121 2454 1196 λημμένος,
2481 1126 2584 1183 οὐκ
2631 1128 2902 1203 ὀφθαλμῷ
2946 1131 3260 1205 χρήσασθαι
3300 1131 3438 1204 πρὸς
3465 1130 3503 1187 ἀ
3525 1131 3595 1203 μὴ
3621 1132 3706 1195 δεῖ.

2158 1215 2220 1269 οὐ
2249 1217 2436 1289 χεῖρας
2461 1218 2686 1290 κινῆσαι
2709 1222 2846 1303 προς
2877 1223 3338 1296 άπηγορευμένας
3368 1223 3607 1296 πράξεις.
3626 1225 3709 1295 υῦκ

2159 1306 2297 1372 ὅλως
2335 1310 2533 1383 μικρὸν
2580 1310 2615 1384 ἢ
2650 1313 2837 1383 μεῖζον
2883 1315 3178 1389 ἐνεργῆσαι
3210 1316 3366 1387 παρὰ
3405 1315 3470 1370 τὺ
3498 1314 3710 1386 καθῆκον

2160 1398 2415 1457 δύναται·
2449 1397 2561 1458 οἷον
2603 1405 2766 1478 ὀδύνῃ
2796 1407 2907 1463 τινὶ
2938 1409 3005 1481 τῇ
3033 1408 3337 1483 προσδοκίᾳ
3371 1408 3483 1465 τῶν
3508 1408 3711 1479 ἀπειλη-

2166 1490 2366 1548 θέντων
2396 1513 2461 1550 συ
2468 1513 2698 1571 μπεπαρ
2704 1498 2887 1570 μένος.

474 1600 701 1662 patrare
744 1595 966 1659 potest;
1024 1587 1177 1643 velut
1239 1598 1438 1655 nempe
1478 1581 1881 1655 suppliciorum
1934 1592 2059 1652 qua
2096 1577 2243 1643 Deus
2281 1585 2653 1644 comminatus
2682 1592 3061 1656 est,cruciatu
3129 1593 3398 1664 quodam,
3457 1601 3714 1667 aspect»

478 1686 630 1742 tione
663 1684 1045 1755 trausﬂgatur.

547 1776 635 1833 Ea:
660 1743 892 1833 Conon:
914 1776 1206 1833 Constitut.
1238 1772 1364 1846 Reg.
1402 1774 1511 1846 fus.
1544 1770 1655 1829 Iut.
1675 1770 1731 1828 2.
1757 1801 1830 1813 -—
1866 1768 2058 1827 Chari-

2245 1771 2572 1844 ’Δναγκαῖον
2624 1775 2845 1849 όφλημα
2876 1778 2976 1850 τὴν
3015 1778 3098 1844 είς
3144 1776 3279 1833 Θεὸν
3310 1743 3536 1853 ἀγάπην
3577 1783 3717 1839 άπαιο

475 1880 564 1927 tas
594 1884 725 1941 erga
762 1869 933 1923 Deum
964 1868 1292 1940 exposcitur
1317 1881 1349 1921 a
1382 1865 1548 1922 nobis
1590 1873 1857 1935 tanquam
1904 1859 2060 1918 debi-

476 1969 593 2019 tum
624 1960 1037 2027 necessarium;
1066 1958 1214 2030 quod
1244 1957 1375 2013 dum
1400 1958 1622 2014 animus
1651 1956 1919 2014 solvendo
1945 1969 2060 2010 non

477 2066 587 2121 est,
607 2054 715 2109 hoc
732 2054 891 2109 malis
916 2051 1180 2108 omnibus
1200 2058 1284 2106 est
1306 2050 1738 2106 intolerabilius.
1772 2046 2059 2119 Siquidem

480 2148 721 2203 alienum
755 2160 882 2201 esse
923 2152 978 2200 et
1014 2158 1271 2199 aversum
1309 2157 1340 2196 a
1370 2141 1501 2207 Deo,
1539 2140 1677 2211 ipsis
1721 2154 1948 2211 quoque
1970 2154 2064 2210 ge-

482 2241 676 2296 hennae
698 2237 902 2294 futuris
927 2235 1300 2313 cruciatibus,
1336 2233 1594 2304 asperius
1616 2241 1724 2297 est,
1751 2240 1807 2286 et
1839 2231 2064 2304 gravius

483 2330 565 2386 illi
594 2329 687 2401 qui
718 2328 981 2385 damnum
1017 2326 1124 2382 hoc
1152 2324 1388 2397 patitur;
1442 2324 1596 2378 velut
1647 2323 1809 2379 oculo
1852 2323 2065 2379 lumine

478 2423 693 2492 orbari,
723 2422 850 2477 licet
875 2420 1065 2476 nullus
1092 2413 1297 2488 alioqui
1324 2415 1481 2471 dolor
1503 2416 1751 2471 accedat.

555 2515 745 2571 Timor
786 2513 1005 2570 Domini
1039 2509 1357 2568 omnimoda
1389 2515 1537 2565 recte
1566 2507 1712 2565 facta
1759 2507 1930 2565 animi
1964 2522 2064 2568 su-

556 2618 667 2667 rat.

556 2628 667 2667 ῐιιι.

483 2628 814 2760 peCharitas
855 2716 985 2774 erga
1034 2701 1200 2756 Deum
1249 2698 1305 2755 in
1353 2698 1459 2756 hoc
1488 2700 1591 2757 sita
1621 2705 1726 2767 est,
1753 2706 1814 2753 ut
1842 2694 2065 2757 animus

487 2798 740 2872 quotidie
780 2814 841 2853 se
865 2811 1035 2867 supra
1057 2796 1206 2850 vires
1235 2794 1519 2850 extendat.

557 2891 684 2965 Reg.
728 2891 869 2948 brae.
902 2898 1092 2961 quasi.
1117 2887 1246 2943 212.
1276 2918 1348 2929 --
1370 2883 1843 2955 Quemadmodum
1875 2883 1977 2940 bos
2012 2890 2066 2939 et

484 2989 681 3045 asinus
714 3001 783 3042 ex
820 2983 1090 3041 beneﬁcio
1111 2983 1255 3055 quod
1296 2982 1369 3038 ab
1397 2984 1582 3037 alente
1617 2978 1953 3049 suscipiunt,
1997 2976 2068 3031 ti-

2159 1864 2420 1935 τούμεθα,
2455 1865 2485 1921 δ
2513 1869 2577 1939 τῇ
2607 1866 2901 1944 ἐλλιπούση
2941 1869 3086 1942 ψυχῇ
3124 1871 3342 1926 πάντων
3380 1873 3567 1927 κακῶν
3593 1878 3716 1930 ἐστιν

2160 1957 2584 2031 ἀφορητότατον.
2613 1960 2749 2016 Θεοῦ
2775 1963 2885 2035 γὰρ
2917 1963 3269 2035 ἀλλοτρίωσις
3284 1967 3385 2020 καὶ
3402 1968 3715 2041 ἀποστροφὴ,

2162 2048 2260 2103 καὶ
2312 2050 2421 2104 τῶν
2475 2052 2535 2104 ὲν
2587 2054 2654 2125 τῇ
2694 2052 2889 2126 γεέννῃ
2938 2054 3413 2126 προσδοκωμένων
3467 2057 3715 2115 κολάσεων

2163 2140 2564 2216 ἀφορητότερόν
2598 2146 2713 2199 ἐστι
2762 2146 2857 2200 καὶ
2890 2144 3196 2221 βαρύτερον
3233 2146 3313 2221 τῷ
3339 2164 3341 2166 ·
3363 2149 3609 2219 παθόντι,
3654 2152 3718 2217 ὡς

2163 2233 2440 2310 ὀφθαλμῷ
2452 2237 2633 2307 φωτὸς
2664 2238 2941 2312 στέρησις,
2971 2238 3074 2295 κάν
3102 2240 3180 2312 μὴ
3207 2240 3374 2315 ὀδύνη
3401 2244 3597 2316 προσῇ.

2236 2500 2404 2565 Φόϐος
2431 2502 2514 2556 Ku
2522 2501 2639 2576 ρίου
2672 2503 2942 2560 παντοίων
2971 2503 3421 2579 κατορθωμάτων
3450 2504 3551 2577 τῆς
3570 2505 3720 2579 ψυχῆς

2167 2595 2530 2667 περιγίνεται.
3089 2595 3092 2599 ’
3575 2640 3581 2649 ,

2249 2689 2315 2743 Ἡ
2347 2692 2426 2754 είς
2455 2691 2590 2746 Θεὸν
2620 2691 2811 2764 ἀγάπη
2861 2691 3003 2765 αὕτη
3049 2693 3221 2761 ἐστὶν,
3254 2694 3317 2749 τὸ
3349 2695 3495 2769 ὑπὲρ
3521 2695 3719 2767 δύναμιν

2166 2782 2255 2838 ἀεὶ
2280 2782 2379 2855 τὴν
2402 2783 2579 2856 ψυχὴν
2606 2786 2941 2841 ἐπεκτεῖναι.

2236 2876 2452 2949 Ὥσπερ
2472 2876 2549 2947 τῷ
2570 2875 2655 2949 βοῒ
2684 2879 2780 2933 καί⁹
2808 2877 2886 2950 τῷ
2919 2879 3027 2953 ϐνῳ
3072 2881 3137 2936 ὲκ
3163 2879 3263 2953 τῆς
3310 2882 3468 2957 παρά
3503 2881 3592 2938 τοῦ
3628 2882 3721 2956 τρί-

2169 2985 2363 3039 ψοντος
2400 2969 2743 3041 εὐεργεσίας,
2775 2972 2809 3041 ἡ
2841 2971 2981 3044 πρὸς
3014 2972 3175 3026 αὑτὸν
3202 2973 3397 3047 ἀγάπη
3422 2975 3721 3046 αὐτομάτως

488 3094 694 3136 morem
747 3091 878 3147 erga
926 3074 1099 3130 Deum
1161 3082 1359 3145 sponte
1403 3071 1790 3143 concipimus;
1852 3070 1897 3125 si
1953 3084 2058 3124 non

2172 3061 2465 3130 ἐγγίνεται,
2506 3060 2649 3116 οὕτω
2693 3064 2788 3117 καὶ
2818 3064 3007 3137 ἡμεῖς,
3033 3065 3127 3121 ὲάν
3150 3066 3495 3140 εὐαισθήτως
3535 3068 3623 3123 καὶ
3648 3068 3722 3121 εὐ·

486 3173 711 3245 stupido
763 3131 1094 3243 invgratoque
1139 3131 1326 3224 animo
1359 3131 1631 3223 beneﬁcia
1664 3162 2058 3233 suscipiamus.

2172 3155 2470 3225 γνωμόνως
2504 3156 2603 3220 τὰς
2642 3131 2961 3229 εὐεργεσίας
2991 3157 3295 3232 δεξώμεθα.
3351 3131 3461 3216 ’Ῠδν
3477 3131 3725 3216 τοσούτων

486 3268 596 3337 Qui
632 3267 749 3323 ﬁeri
791 3264 989 3337 possit,
1023 3270 1084 3318 ut
1120 3270 1203 3317 tot
1244 3268 1638 3331 tantorumque
1664 3256 2062 3313 beneﬁciorum

489 3372 769 3418 auctorem
816 3358 988 3415 Deum
1042 3372 1152 3412 non
1199 3356 1589 3422 redamemus;
1643 3351 1870 3424 quando
1911 3349 2064 3418 ejus-

491 3455 636 3512 modi
682 3451 915 3509 aﬂ'ectus
967 3448 1234 3517 naturali,
1291 3456 1353 3503 ut
1397 3448 1472 3503 ita
1518 3446 1721 3507 dicam.
1768 3442 2063 3506 instinctu,

491 3548 645 3605 nullo
679 3547 936 3612 docente,
967 3542 1171 3599 animis
1196 3542 1409 3597 nostris
1447 3538 1658 3595 inditus
1693 3537 1816 3593 fuit.

564 3638 710 3695 Naz.
763 3645 905 3695 erat.
960 3636 1017 3691 Ξ.
1048 3634 1365 3689 --lnitium
1426 3631 1713 3701 sapientiae
1763 3637 1849 3685 est
1902 3629 2069 3686 timor

492 3732 732 3800 Domini,
769 3729 945 3786 veluti
989 3728 1179 3801 prima:
1228 3724 1478 3797 quaedam
1524 3722 1712 3778 fascia:
1754 3722 1926 3778 illius.
1968 3721 2069 3778 δι·
2111 3776 2115 3785 ,

490 3826 704 3899 pientia
769 3831 955 3879 autem
1026 3820 1279 3876 timorem
1348 3826 1667 3888 exsuperat,
1724 3829 1938 3885 nosque
2002 3814 2070 3871 ad

494 3935 745 3977 amorem
780 3916 1128 3989 .provehens,
1170 3912 1266 3969 Dei
1313 3911 1522 3967 amicos
1554 3918 1606 3966 et
1637 3909 1784 3967 ﬁlios
1825 3925 1922 3980 pro
1950 3924 2071 3967 ser-

2165 3250 2260 3302 καὶ
2282 3248 2615 3319 τηλικούτων
2639 3251 2937 3323 εὐεργέτην
2960 3251 3093 3308 Θεὸν
3127 3253 3245 3319 πῶς
3264 3253 3367 3308 οὐκ
3395 3254 3724 3327 ἀγαπήσομεν

2166 3343 2308 3397 κατὰ
2351 3342 2531 3413 φύσιν,
2569 3345 2636 3399 ἶν’
2662 3344 2835 3411 οὕτως
2857 3341 3018 3413 εἴπω,
3041 3347 3341 3414 ἀδιδάκτως
3362 3349 3470 3421 τῆς
3500 3349 3724 3422 τοιαύτης

2167 3435 2461 3501 διαθέσεως
2496 3440 2565 3512 τῇ
2596 3439 2899 3514 ὑγιαινούσῃ
2919 3441 3065 3515 ψυχῇ
3096 3442 3462 3517 ἐγγινομένης
3480 3462 3497 3513 ς

2222 3610 2235 3623 ⁸
2253 3620 2423 3693 ’Δρχὴ
2454 3620 2647 3691 σοφίας
2677 3620 2842 3690 φόϐος
2867 3622 3095 3692 Κυρίου,
3128 3618 3243 3679 οἷόν
3262 3640 3317 3679 τι
3350 3626 3568 3699 πρῶτον
3584 3626 3725 3699 σπάρ-

2171 3730 2336 3784 γανον
2358 3729 2373 3744 ο
2402 3713 2495 3768 καὶ
2524 3711 2687 3784 σοφία
2715 3712 2809 3771 τὸν
2856 3714 3026 3783 φόϐον
3067 3715 3382 3788 ὑπερϐᾶσα,
3415 3720 3510 3775 καὶ
3536 3722 3613 3787 είς
3644 3720 3726 3792 τὴν

2174 3810 2395 3880 ἀγάπην
2434 3807 2839 3873 ἀναϐιϐάσασα,
2882 3807 3021 3864 Θεοῦ
3054 3809 3246 3882 φίλους
3278 3813 3432 3886 ἡμᾶς
3476 3816 3572 3871 καὶ
3599 3814 3726 3879 υἱοὺς

2172 3900 2296 3957 ἀντὶ
2319 3898 2524 3954 δούλων
2553 3898 2871 3972 ἐργάζεται.

494 4016 581 4071 vis
613 4015 766 4070 facit.

570 4104 846 4175 Ejusdem,
895 4110 1034 4159 orat.
1094 4128 1232 4155 ι.--
1273 4098 1483 4154 Bonum
1540 4105 1625 4154 est
1673 4097 2058 4170 aliquantisper

2260 4086 2491 4157 ’Δγαθὺν
2536 4087 2631 4143 καὶ
2663 4085 3022 4161 ὑποχωρῆσαί
3051 4106 3107 4144 τι
3140 4090 3364 4164 μικρὸν,
3404 4092 3483 4161 ὡς
3514 4077 3726 4167 Mariana:

492 4202 659 4255 etiam
721 4198 1001 4265 secedere,
1048 4194 1515 4267 quemadmodum
1573 4193 1709 4247 olim
1750 4192 1986 4265 Moyses,
2018 4202 2058 4248 et

2179 4181 2388 4245 ἐκεῖνος
2436 4180 2806 4248 τὸπαλαιὺν,
2864 4181 2961 4236 καὶ
3027 4181 3298 4256 Ἱερεμίας
3346 4184 3606 4260 ὕστερον,
3648 4188 3727 4242 καὶ

498 4292 847 4365 postmodum
893 4289 1188 4356 Jeremias,
1234 4303 1301 4343 ac
1343 4298 1599 4359 prompte
1634 4296 1800 4357 atque
1848 4285 2058 4357 imping

2178 4275 2551 4349 προσδραμεῖν
2610 4275 2848 4347 ἑτοίμως
2873 4274 2952 4348 τῷ
2986 4275 3265 4347 καλοῦντι,
3308 4279 3390 4346 ὼς
3444 4279 3645 4354 ’Δαρών
3676 4296 3725 4333 τε

497 4387 564 4443 ad
596 4398 881 4442 vocantem
908 4390 1322 4448 accurrere,-ut
1350 4383 1419 4438 de
1453 4382 1671 4437 Aarone
1698 4387 1751 4436 et
1774 4378 1916 4437 Isaia
1941 4394 2058 4450 pro.

2180 4371 2274 4425 καὶ
2319 4371 2571 4437 Ἠσαίας,
2607 4371 2768 4443 μόνον
2796 4371 3041 4437 εὐσεϐῶς
3075 4372 3401 4448 ἀμφότεραο
3430 4376 3494 4431 τδ
3538 4375 3631 4450 μιν
3652 4375 3725 4429 διὰ

497 4484 671 4537 ditum
702 4490 787 4535 est
823 4495 839 4531 :
870 4477 1171 4534 dummodo
1199 4488 1498 4548 utrumque
1537 4476 1624 4546 pie
1662 4474 1757 4536 ﬁat
1788 4490 1803 4527 :
1837 4474 2058 4530 alterum

2178 4464 2280 4538 τὴν
2312 4462 2520 4520 οἰκείαν
2548 4464 2855 4532 ἀσθένειαν,
2883 4462 2944 4519 τὸ
2974 4463 3031 4520 δὲ
3059 4463 3150 4521 διὰ
3190 4465 3293 4538 τὴν
3337 4464 3435 4523 τοῦ
3466 4466 3725 4528 καλοῦντος

498 4572 889 4644 obpmpriam
941 4570 1342 4638 inﬁrmitatem,
1399 4569 1635 4625 alterum
1683 4568 1757 4625 ob
1818 4566 2058 4625 vocanti:

2175 4556 2426 4630 δύναμιν.

502 4668 829 4740 petentiam.

571 4760 761 4833 Chrys.
802 4769 943 4815 orat.
971 4758 1038 4814 15
1068 4757 1145 4812 De
1180 4767 1310 4814 stat.
1336 4785 1407 4797 -ο
1436 4755 1556 4811 Non
1597 4763 1811 4810 tantum
1854 4754 2058 4811 virtuti:

2251 4744 2327 4797 Οὐ
2347 4740 2600 4796 τοσοῦτον
2628 4738 2961 4812 ἐργάζεσθαι
2992 4739 3282 4812 δυνήσεται
3309 4739 3493 4810 λόγος,
3512 4739 3629 4794 ὅσον
3654 4738 3727 4809 ἐρα

502 4830 903 4920 liabet-oratio,
929 4863 1192 4923 quantum
1224 4849 1388 4907 elllcit
1422 4851 1607 4904 timor.
1660 4846 1806 4915 Quid
1831 4848 2058 4904 atrociui

2181 4835 2411 4906 γάζεται
2452 4834 2635 4904 φόϐος.
2662 4834 2726 4886 Τί
2752 4832 2976 4903 γεέννης
3008 4831 3426 4905 χαλεπώτερονς
3463 4832 3575 4891 ἀλλ’
3598 4830 3725 4887 οὐδὲν

504 4948 789 5022 gehenna?
818 4958 872 5000 at
890 4947 1024 5001 nihil
1050 4947 1172 5015 ejus
1206 4947 1403 4999 timore
1425 4943 1642 4997 utilius.
1673 4941 1850 4999 Metus
1877 4942 2058 5014 quippt

2181 4929 2276 4984 τοῦ
2307 4928 2512 4999 ταύτης
2539 4924 2953 5000 χρησιμώτερον
2986 4924 3176 4996 φόϐου.
3226 4926 3283 4979 Ὀ
3324 4927 3435 4999 γὰρ
3474 4931 3572 4999 τῆς
3597 4925 3725 4995 γεέν·

502 5041 765 5114 gehennaa
790 5039 951 5094 nobis
984 5038 1133 5108 regni
1157 5035 1397 5091 caelestis
1420 5048 1682 5089 coronam
1711 5033 1869 5089 all‘ert
1897 5052 1910 5089 :
1936 5033 2058 5087 haut

2182 5042 2280 5094 νης
2315 5021 2479 5094 φόϐος
2512 5021 2604 5073 τὸν
2633 5020 2730 5090 τῆς
2759 5018 3038 5089 βασιλείας
3067 5020 3198 5091 ἡμῖν
3214 5019 3429 5092 κομίζει
3473 5020 3721 5088 στέφανον.

504 5148 667 5192 secus
706 5148 771 5189 ac
791 5132 847 5187 in
886 5132 1084 5186 militis
1122 5144 1340 5197 semper
1364 5127 1562 5181 armati
1599 5127 1788 5193 dumo,
1821 5140 1929 5181 non
1952 5140 2058 5196 pra:

2185 5115 2456 5187 Καθάπερ
2483 5115 2541 5169 ἐν
2558 5112 2706 5185 οἰκίᾳ
2733 5110 3070 5183 στρατιώτου
3096 5111 3363 5184 διηνεκῶς
3388 5110 3722 5183 ὡπλισμένον,

504 5230 595 5295 do,
639 5243 748 5283 non
796 5224 1028 5282 ell‘ossor
1066 5237 1374 5289 murorum,
1399 5236 1510 5275 non
1544 5220 1821 5292 quispiam
1853 5220 1993 5273 alius
2018 5234 2058 5273 e1

2186 5214 2249 5269 οὐ
2296 5209 2525 5284 λῃστὴς,
2569 5208 2632 5263 οὐ
2692 5206 3043 5280 τοιχωρύχος,
3094 5207 3195 5263 οὐκ
3229 5206 3389 5272 ἄλλος
3418 5223 3505 5271 τις
3542 5204 3639 5260 τῶν
3672 5198 3726 5255 τά

503 5324 592 5380 liis
624 5322 721 5394 qui
762 5316 1035 5392 ejusmodi
1094 5315 1340 5371 facinora
1391 5314 1802 5385 aggrediuntur,
1847 5310 2058 5381 propius

2188 5305 2417 5362 τοιαῦτα
2443 5303 2923 5375 κακουργούντων,
2942 5301 3208 5375 τολμήσει
3230 5300 3467 5374 φανῆναι
3491 5298 3693 5371 πλησίον
3708 5307 3721 5325 '

503 5418 706 5474 audeat
731 5428 1035 5485 apparere:
1067 5410 1263 5465 timore
1281 5410 1363 5464 sic
1379 5410 1596 5464 animos
1620 5408 1927 5468 obtinente,
1953 5406 2058 5461 nilii

2192 5399 2334 5453 οὕτω
2378 5396 2543 5467 φόϐου
2591 5396 2916 5465 κατέχοντος
2958 5393 3058 5458 τὰς
3100 5393 3300 5465 ψυχὰς,
3348 5394 3499 5465 οὐδὲν
3527 5390 3625 5447 τῶν
3654 5390 3723 5443 ἀν-

506 5478 859 5565 ῑυὼει-ιιιίίιὶιι
884 5503 1044 5577 307
1072 5500 1429 5557 aﬁ‘ectionum
1462 5499 1626 5554 facile
1656 5498 1815 5554 nobis
1849 5496 2058 5553 accedit

2196 5492 2499 5564 ελευθέρων
2534 5488 2722 5546 παθῶν
2760 5487 3141 5561 ἐπεισέρχεται
3173 5478 3377 5561 ῥᾳδίως
3416 5490 3566 5562 ἡμῖν,
3615 5481 3724 5540 ἀλλὰ

507 5604 605 5661 sed
643 5616 836 5657 omnes
889 5615 1011 5656 sese
1050 5595 1387 5672 proripiunt,
1436 5602 1491 5647 et
1536 5592 1719 5662 fugam
1762 5596 2058 5660 capessunt

2197 5584 2519 5658 δραπετεύει
2540 5584 2635 5638 καὶ
2665 5581 3051 5653 φυγαδεύεται,
3080 5584 3148 5655 τῇ
3177 5581 3451 5655 τυραννίδι
3470 5580 3557 5637 τοῦ
3588 5578 3722 5648 φόϐου

513 5696 731 5752 timoris
771 5695 821 5747 vi
871 5701 924 5750 et
955 5690 1197 5763 potentia
1240 5686 1484 5755 undique
1520 5684 1655 5740 fusae
1682 5691 1736 5738 et
1767 5683 2058 5754 proﬂigatae

2198 5680 2468 5736 πάντοθεν
2505 5677 2921 5748 ἐξελαυνόμενα.
2956 5677 3064 5731 Καὶ
3096 5677 3155 5731 οὐ
3182 5676 3342 5732 τοῦτό
3371 5677 3515 5730 ἐστιν
3555 5674 3581 5727 ό
3610 5685 3723 5741 acap-

513 5788 626 5848 Nec
654 5802 783 5845 vero
814 5790 917 5843 hoc
958 5783 1137 5841 solum
1171 5780 1308 5837 lucri
1342 5796 1406 5837 ex
1440 5779 1641 5836 timore
1674 5778 1968 5850 capimus;
1992 5791 2058 5834 se.

2201 5770 2453 5844 πούμεθα
2506 5771 2613 5826 ἀπὸ
2669 5770 2764 5825 τοῦ
2816 5770 2983 5841 φόϐου
3023 5769 3203 5842 μόνον⁹
3263 5769 3412 5847 ἀλλὰ.
3441 5768 3531 5825 καὶ
3570 5766 3722 5834 ἕτερον
