  <div class='ocr_page' id='page_1' title='image "/cluster/home/n/w/nwhite01/storage/ocr_20150623/95/hvd.32044073502106/552.png"; bbox 0 0 3926 6256; ppageno 0'>
   <div class='ocr_carea' id='block_1_1' title="bbox 267 244 393 317">
    <p class='ocr_par' dir='ltr' id='par_1_1' title="bbox 267 244 393 317">
     <span class='ocr_line' id='line_1_1' title="bbox 267 244 393 317; baseline -0.016 0"><span class='ocrx_word' id='word_1_1' title='bbox 267 244 393 317; x_wconf 81' lang='grc'><strong>1093</strong></span> 
     </span>
    </p>
   </div>
   <div class='ocr_carea' id='block_1_2' title="bbox 1518 236 2233 300">
    <p class='ocr_par' dir='ltr' id='par_1_2' title="bbox 1518 236 2233 300">
     <span class='ocr_line' id='line_1_2' title="bbox 1518 236 2233 300; baseline -0.001 -1"><span class='ocrx_word' id='word_1_2' title='bbox 1518 236 1755 300; x_wconf 76' lang='lat' dir='ltr'><strong>SACRA</strong></span> <span class='ocrx_word' id='word_1_3' title='bbox 1790 237 1883 298; x_wconf 90' lang='lat' dir='ltr'><strong>PA</strong></span> <span class='ocrx_word' id='word_1_4' title='bbox 1894 236 2233 300; x_wconf 81' lang='lat' dir='ltr'><strong>RALLELA</strong></span> 
     </span>
    </p>
   </div>
   <div class='ocr_carea' id='block_1_3' title="bbox 3362 232 3500 298">
    <p class='ocr_par' dir='ltr' id='par_1_3' title="bbox 3362 232 3500 298">
     <span class='ocr_line' id='line_1_3' title="bbox 3362 232 3500 298; baseline 0.007 -2"><span class='ocrx_word' id='word_1_5' title='bbox 3362 232 3500 298; x_wconf 65' lang='lat'><strong>1096</strong></span> 
     </span>
    </p>
   </div>
   <div class='ocr_carea' id='block_1_4' title="bbox 248 320 1826 431">
    <p class='ocr_par' dir='ltr' id='par_1_4' title="bbox 248 349 1824 431">
     <span class='ocr_line' id='line_1_4' title="bbox 248 349 1824 431; baseline -0.01 -14"><span class='ocrx_word' id='word_1_6' title='bbox 248 358 432 431; x_wconf 73' lang='grc' dir='ltr'>ιπολλῷ</span> <span class='ocrx_word' id='word_1_7' title='bbox 482 351 688 431; x_wconf 78' lang='grc' dir='ltr'>μεῖζον.</span> <span class='ocrx_word' id='word_1_8' title='bbox 737 356 810 412; x_wconf 84' lang='grc' dir='ltr'><strong>Ού</strong></span> <span class='ocrx_word' id='word_1_9' title='bbox 854 354 965 425; x_wconf 78' lang='grc' dir='ltr'>γὰρ</span> <span class='ocrx_word' id='word_1_10' title='bbox 1004 352 1069 426; x_wconf 76' lang='grc' dir='ltr'><strong>δή</strong></span> <span class='ocrx_word' id='word_1_11' title='bbox 1117 352 1278 422; x_wconf 77' lang='grc' dir='ltr'>μόνον</span> <span class='ocrx_word' id='word_1_12' title='bbox 1310 351 1376 405; x_wconf 71' lang='grc' dir='ltr'>τὰ</span> <span class='ocrx_word' id='word_1_13' title='bbox 1419 351 1633 423; x_wconf 80' lang='grc' dir='ltr'>πονηρὰ</span> <span class='ocrx_word' id='word_1_14' title='bbox 1666 349 1824 419; x_wconf 75' lang='grc' dir='ltr'>ἡμῶν</span> 
     </span>
    </p>
   </div>
   <div class='ocr_carea' id='block_1_5' title="bbox 1949 320 3495 431">
    <p class='ocr_par' dir='ltr' id='par_1_5' title="bbox 1949 320 3495 419">
     <span class='ocr_line' id='line_1_5' title="bbox 1949 320 3495 419; baseline 0.002 -18"><span class='ocrx_word' id='word_1_15' title='bbox 1949 347 2079 402; x_wconf 75' lang='grc' dir='ltr'>ιιὶιιιί</span> <span class='ocrx_word' id='word_1_16' title='bbox 2121 360 2343 419; x_wconf 87' lang='lat' dir='ltr'><strong>quoque</strong></span> <span class='ocrx_word' id='word_1_17' title='bbox 2399 344 2572 400; x_wconf 79' lang='lat' dir='ltr'><strong>multo</strong></span> <span class='ocrx_word' id='word_1_18' title='bbox 2621 344 2993 414; x_wconf 75' lang='lat' dir='ltr'><strong>praestantius.</strong></span> <span class='ocrx_word' id='word_1_19' title='bbox 3032 340 3155 399; x_wconf 77' lang='lat' dir='ltr'><strong>Non</strong></span> <span class='ocrx_word' id='word_1_20' title='bbox 3191 320 3338 400; x_wconf 84' lang='lat' dir='ltr'><strong>enim</strong></span> <span class='ocrx_word' id='word_1_21' title='bbox 3369 350 3495 404; x_wconf 86' lang='lat' dir='ltr'><strong>tan-</strong></span> 
     </span>
    </p>
   </div>
   <div class='ocr_carea' id='block_1_6' title="bbox 263 438 1822 523">
    <p class='ocr_par' dir='ltr' id='par_1_6' title="bbox 263 438 1822 523">
     <span class='ocr_line' id='line_1_6' title="bbox 263 438 1822 523; baseline -0.009 -15"><span class='ocrx_word' id='word_1_22' title='bbox 263 450 541 508; x_wconf 80' lang='grc' dir='ltr'>ἀπελαύνει</span> <span class='ocrx_word' id='word_1_23' title='bbox 576 451 741 523; x_wconf 82' lang='grc' dir='ltr'>πάθη,</span> <span class='ocrx_word' id='word_1_24' title='bbox 776 449 911 503; x_wconf 82' lang='grc' dir='ltr'>ἀλλὰ</span> <span class='ocrx_word' id='word_1_25' title='bbox 941 446 1036 501; x_wconf 71' lang='grc' dir='ltr'>καὶ</span> <span class='ocrx_word' id='word_1_26' title='bbox 1063 446 1244 499; x_wconf 74' lang='grc' dir='ltr'>πᾶσαν</span> <span class='ocrx_word' id='word_1_27' title='bbox 1273 443 1485 513; x_wconf 76' lang='grc' dir='ltr'><strong>εἰσάγει</strong></span> <span class='ocrx_word' id='word_1_28' title='bbox 1519 442 1656 512; x_wconf 80' lang='grc' dir='ltr'>μετὰ</span> <span class='ocrx_word' id='word_1_29' title='bbox 1694 438 1822 494; x_wconf 85' lang='grc' dir='ltr'>πολ-</span> 
     </span>
    </p>
   </div>
   <div class='ocr_carea' id='block_1_7' title="bbox 262 531 1823 618">
    <p class='ocr_par' dir='ltr' id='par_1_7' title="bbox 262 531 1823 618">
     <span class='ocr_line' id='line_1_7' title="bbox 262 531 1823 618; baseline -0.01 -19"><span class='ocrx_word' id='word_1_30' title='bbox 262 545 355 618; x_wconf 80' lang='grc' dir='ltr'>λῆς</span> <span class='ocrx_word' id='word_1_31' title='bbox 403 542 649 606; x_wconf 82' lang='grc' dir='ltr'><strong>εὐκολίας</strong></span> <span class='ocrx_word' id='word_1_32' title='bbox 698 540 799 615; x_wconf 79' lang='grc' dir='ltr'>τὴν</span> <span class='ocrx_word' id='word_1_33' title='bbox 855 539 1081 612; x_wconf 82' lang='grc' dir='ltr'>ἀρετήν.</span> <span class='ocrx_word' id='word_1_34' title='bbox 1134 535 1300 590; x_wconf 80' lang='grc' dir='ltr'>υύδὲν</span> <span class='ocrx_word' id='word_1_35' title='bbox 1348 536 1459 605; x_wconf 75' lang='grc' dir='ltr'><strong>γὰρ</strong></span> <span class='ocrx_word' id='word_1_36' title='bbox 1512 531 1655 587; x_wconf 76' lang='grc' dir='ltr'>οὕτω</span> <span class='ocrx_word' id='word_1_37' title='bbox 1692 550 1823 585; x_wconf 80' lang='grc' dir='ltr'>κατ-</span> 
     </span>
    </p>
   </div>
   <div class='ocr_carea' id='block_1_8' title="bbox 265 626 1826 707">
    <p class='ocr_par' dir='ltr' id='par_1_8' title="bbox 265 626 1826 707">
     <span class='ocr_line' id='line_1_8' title="bbox 265 626 1826 707; baseline -0.009 -15"><span class='ocrx_word' id='word_1_38' title='bbox 265 636 424 693; x_wconf 80' lang='grc' dir='ltr'>εσθίει</span> <span class='ocrx_word' id='word_1_39' title='bbox 467 636 565 707; x_wconf 78' lang='grc' dir='ltr'>μὲν</span> <span class='ocrx_word' id='word_1_40' title='bbox 611 635 1008 707; x_wconf 71' lang='grc' dir='ltr'>ἁμαρτήματα,</span> <span class='ocrx_word' id='word_1_41' title='bbox 1048 628 1261 702; x_wconf 69' lang='grc' dir='ltr'>ἀρετήν,</span> <span class='ocrx_word' id='word_1_42' title='bbox 1286 627 1345 682; x_wconf 80' lang='grc' dir='ltr'><strong>δέ</strong></span> <span class='ocrx_word' id='word_1_43' title='bbox 1380 626 1643 695; x_wconf 77' lang='grc' dir='ltr'>αὖξεσθαι</span> <span class='ocrx_word' id='word_1_44' title='bbox 1681 626 1826 679; x_wconf 82' lang='grc' dir='ltr'>ποιεῖ</span> 
     </span>
    </p>
   </div>
   <div class='ocr_carea' id='block_1_9' title="bbox 260 716 1824 798">
    <p class='ocr_par' dir='ltr' id='par_1_9' title="bbox 260 716 1824 798">
     <span class='ocr_line' id='line_1_9' title="bbox 260 716 1824 798; baseline -0.009 -13"><span class='ocrx_word' id='word_1_45' title='bbox 260 732 349 786; x_wconf 76' lang='grc' dir='ltr'>καὶ</span> <span class='ocrx_word' id='word_1_46' title='bbox 391 728 624 795; x_wconf 79' lang='grc' dir='ltr'><strong>θάλλειν,</strong></span> <span class='ocrx_word' id='word_1_47' title='bbox 650 728 727 791; x_wconf 85' lang='grc' dir='ltr'>ὼς</span> <span class='ocrx_word' id='word_1_48' title='bbox 764 722 1045 798; x_wconf 78' lang='grc' dir='ltr'><strong>διηνεκοῦς</strong></span> <span class='ocrx_word' id='word_1_49' title='bbox 1085 721 1250 793; x_wconf 82' lang='grc' dir='ltr'>φόϐου</span> <span class='ocrx_word' id='word_1_50' title='bbox 1295 720 1477 790; x_wconf 82' lang='grc' dir='ltr'>φύσις.</span> <span class='ocrx_word' id='word_1_51' title='bbox 1519 718 1619 773; x_wconf 85' lang='grc' dir='ltr'><strong>Διὰ</strong></span> <span class='ocrx_word' id='word_1_52' title='bbox 1665 716 1824 772; x_wconf 88' lang='grc' dir='ltr'>τοῦτο</span> 
     </span>
    </p>
   </div>
   <div class='ocr_carea' id='block_1_10' title="bbox 257 810 1823 896">
    <p class='ocr_par' dir='ltr' id='par_1_10' title="bbox 257 810 1823 896">
     <span class='ocr_line' id='line_1_10' title="bbox 257 810 1823 896; baseline -0.008 -17"><span class='ocrx_word' id='word_1_53' title='bbox 257 824 342 879; x_wconf 86' lang='grc' dir='ltr'><strong>τὸν</strong></span> <span class='ocrx_word' id='word_1_54' title='bbox 372 821 446 896; x_wconf 78' lang='grc' dir='ltr'>μὴ</span> <span class='ocrx_word' id='word_1_55' title='bbox 470 818 715 886; x_wconf 81' lang='grc' dir='ltr'>συζῶντα</span> <span class='ocrx_word' id='word_1_56' title='bbox 732 816 881 889; x_wconf 81' lang='grc' dir='ltr'>φόϐῳ</span> <span class='ocrx_word' id='word_1_57' title='bbox 895 816 1179 888; x_wconf 83' lang='grc' dir='ltr'>ἀμήχανον</span> <span class='ocrx_word' id='word_1_58' title='bbox 1218 813 1587 882; x_wconf 86' lang='grc' dir='ltr'>κατορθῶσαι,</span> <span class='ocrx_word' id='word_1_59' title='bbox 1615 810 1823 883; x_wconf 82' lang='grc' dir='ltr'>ὡσπερ·</span> 
     </span>
    </p>
   </div>
   <div class='ocr_carea' id='block_1_11' title="bbox 257 906 1619 987">
    <p class='ocr_par' dir='ltr' id='par_1_11' title="bbox 257 906 1619 987">
     <span class='ocr_line' id='line_1_11' title="bbox 257 906 1619 987; baseline -0.012 -13"><span class='ocrx_word' id='word_1_60' title='bbox 257 919 346 974; x_wconf 90' lang='grc' dir='ltr'><strong>οῦν</strong></span> <span class='ocrx_word' id='word_1_61' title='bbox 372 916 461 974; x_wconf 82' lang='grc' dir='ltr'><strong>τὸν</strong></span> <span class='ocrx_word' id='word_1_62' title='bbox 484 917 543 970; x_wconf 79' lang='grc' dir='ltr'>ὲν</span> <span class='ocrx_word' id='word_1_63' title='bbox 568 912 719 987; x_wconf 80' lang='grc' dir='ltr'>φόϐῳ</span> <span class='ocrx_word' id='word_1_64' title='bbox 747 911 927 978; x_wconf 79' lang='grc' dir='ltr'>ζῶντα</span> <span class='ocrx_word' id='word_1_65' title='bbox 954 908 1240 980; x_wconf 80' lang='grc' dir='ltr'>ἀμήχανον</span> <span class='ocrx_word' id='word_1_66' title='bbox 1274 906 1619 979; x_wconf 81' lang='grc' dir='ltr'><strong>διαμαρτεῖν.</strong></span> 
     </span>
    </p>
   </div>
   <div class='ocr_carea' id='block_1_12' title="bbox 321 1086 1817 1181">
    <p class='ocr_par' dir='ltr' id='par_1_12' title="bbox 321 1086 1817 1181">
     <span class='ocr_line' id='line_1_12' title="bbox 321 1086 1817 1181; baseline -0.007 -28"><span class='ocrx_word' id='word_1_67' title='bbox 321 1096 485 1163; x_wconf 73' lang='grc' dir='ltr'>Φόϐος</span> <span class='ocrx_word' id='word_1_68' title='bbox 506 1093 657 1181; x_wconf 81' lang='grc' dir='ltr'>οὐδὲν</span> <span class='ocrx_word' id='word_1_69' title='bbox 684 1093 872 1167; x_wconf 74' lang='grc' dir='ltr'>ἕτερόν</span> <span class='ocrx_word' id='word_1_70' title='bbox 892 1093 1063 1159; x_wconf 83' lang='grc' dir='ltr'>ἐστιν,</span> <span class='ocrx_word' id='word_1_71' title='bbox 1096 1092 1132 1165; x_wconf 74' lang='grc' dir='ltr'><strong>ἦ</strong></span> <span class='ocrx_word' id='word_1_72' title='bbox 1168 1091 1370 1164; x_wconf 85' lang='grc' dir='ltr'>τεῖχος,</span> <span class='ocrx_word' id='word_1_73' title='bbox 1403 1088 1501 1144; x_wconf 75' lang='grc' dir='ltr'>καὶ</span> <span class='ocrx_word' id='word_1_74' title='bbox 1526 1086 1817 1159; x_wconf 82' lang='grc' dir='ltr'>ἀσφάλεια,</span> 
     </span>
    </p>
   </div>
   <div class='ocr_carea' id='block_1_13' title="bbox 255 1184 1083 1265">
    <p class='ocr_par' dir='ltr' id='par_1_13' title="bbox 255 1184 1083 1265">
     <span class='ocr_line' id='line_1_13' title="bbox 255 1184 1083 1265; baseline -0.012 -15"><span class='ocrx_word' id='word_1_75' title='bbox 255 1194 346 1250; x_wconf 79' lang='grc' dir='ltr'>καὶ</span> <span class='ocrx_word' id='word_1_76' title='bbox 374 1193 585 1265; x_wconf 81' lang='grc' dir='ltr'><strong>πύργος</strong></span> <span class='ocrx_word' id='word_1_77' title='bbox 613 1184 1083 1257; x_wconf 79' lang='grc' dir='ltr'>ἁκαταγὼνιστος.</span> 
     </span>
    </p>
   </div>
   <div class='ocr_carea' id='block_1_14' title="bbox 328 1360 1825 1437">
    <p class='ocr_par' dir='ltr' id='par_1_14' title="bbox 328 1360 1825 1437">
     <span class='ocr_line' id='line_1_14' title="bbox 328 1360 1825 1437; baseline -0.005 -13"><span class='ocrx_word' id='word_1_78' title='bbox 328 1370 390 1424; x_wconf 85' lang='lat'><strong>&#39;0</strong></span> <span class='ocrx_word' id='word_1_79' title='bbox 416 1368 512 1424; x_wconf 88' lang='grc' dir='ltr'><strong>τοῦ</strong></span> <span class='ocrx_word' id='word_1_80' title='bbox 538 1366 786 1432; x_wconf 81' lang='grc' dir='ltr'><strong>ἀπαθοῦς</strong></span> <span class='ocrx_word' id='word_1_81' title='bbox 809 1364 947 1421; x_wconf 89' lang='grc' dir='ltr'>Θεοῦ</span> <span class='ocrx_word' id='word_1_82' title='bbox 968 1364 1129 1436; x_wconf 86' lang='grc' dir='ltr'>φόϐος</span> <span class='ocrx_word' id='word_1_83' title='bbox 1158 1363 1376 1437; x_wconf 84' lang='grc' dir='ltr'>ἀπαθής</span> <span class='ocrx_word' id='word_1_84' title='bbox 1398 1380 1413 1395; x_wconf 74' lang='grc' dir='ltr'><strong>ο</strong></span> <span class='ocrx_word' id='word_1_85' title='bbox 1442 1362 1688 1433; x_wconf 84' lang='grc' dir='ltr'>φοϐεῖται</span> <span class='ocrx_word' id='word_1_86' title='bbox 1712 1360 1825 1435; x_wconf 79' lang='grc' dir='ltr'>γάρ</span> 
     </span>
    </p>
   </div>
   <div class='ocr_carea' id='block_1_15' title="bbox 248 1452 1823 1529">
    <p class='ocr_par' dir='ltr' id='par_1_15' title="bbox 248 1452 1823 1529">
     <span class='ocr_line' id='line_1_15' title="bbox 248 1452 1823 1529; baseline -0.006 -11"><span class='ocrx_word' id='word_1_87' title='bbox 248 1480 350 1529; x_wconf 80' lang='grc' dir='ltr'>τις,</span> <span class='ocrx_word' id='word_1_88' title='bbox 378 1462 441 1516; x_wconf 87' lang='grc' dir='ltr'><strong>οῦ</strong></span> <span class='ocrx_word' id='word_1_89' title='bbox 472 1462 566 1517; x_wconf 86' lang='grc' dir='ltr'><strong>τὸν</strong></span> <span class='ocrx_word' id='word_1_90' title='bbox 589 1458 744 1528; x_wconf 91' lang='grc' dir='ltr'>Θεὸν,</span> <span class='ocrx_word' id='word_1_91' title='bbox 767 1458 906 1514; x_wconf 81' lang='grc' dir='ltr'>ἀλλὰ</span> <span class='ocrx_word' id='word_1_92' title='bbox 933 1457 995 1511; x_wconf 85' lang='grc' dir='ltr'><strong>τὸ</strong></span> <span class='ocrx_word' id='word_1_93' title='bbox 1022 1456 1321 1512; x_wconf 82' lang='grc' dir='ltr'>ἀποπεσεῖν</span> <span class='ocrx_word' id='word_1_94' title='bbox 1352 1453 1446 1510; x_wconf 88' lang='grc' dir='ltr'><strong>τοῦ</strong></span> <span class='ocrx_word' id='word_1_95' title='bbox 1472 1452 1630 1509; x_wconf 83' lang='grc' dir='ltr'>Θεοῦ.</span> <span class='ocrx_word' id='word_1_96' title='bbox 1678 1454 1739 1507; x_wconf 90' lang='lat' dir='ltr'><strong>&#39;O</strong></span> <span class='ocrx_word' id='word_1_97' title='bbox 1766 1453 1823 1508; x_wconf 69' lang='grc' dir='ltr'>δὲ</span> 
     </span>
    </p>
   </div>
   <div class='ocr_carea' id='block_1_16' title="bbox 249 1541 1823 1619">
    <p class='ocr_par' dir='ltr' id='par_1_16' title="bbox 249 1541 1823 1619">
     <span class='ocr_line' id='line_1_16' title="bbox 249 1541 1823 1619; baseline -0.008 -11"><span class='ocrx_word' id='word_1_98' title='bbox 249 1553 405 1609; x_wconf 87' lang='grc' dir='ltr'>τοῦτο</span> <span class='ocrx_word' id='word_1_99' title='bbox 452 1550 663 1619; x_wconf 83' lang='grc' dir='ltr'>δεδιὼς,</span> <span class='ocrx_word' id='word_1_100' title='bbox 711 1549 777 1605; x_wconf 83' lang='grc' dir='ltr'><strong>τὸ</strong></span> <span class='ocrx_word' id='word_1_101' title='bbox 824 1551 938 1615; x_wconf 88' lang='grc' dir='ltr'>τοῖς</span> <span class='ocrx_word' id='word_1_102' title='bbox 973 1550 1163 1612; x_wconf 79' lang='grc' dir='ltr'><strong>κακοῖς</strong></span> <span class='ocrx_word' id='word_1_103' title='bbox 1217 1546 1540 1618; x_wconf 84' lang='grc' dir='ltr'>συμπεσεῖν,</span> <span class='ocrx_word' id='word_1_104' title='bbox 1576 1541 1823 1614; x_wconf 83' lang='grc' dir='ltr'>φοϐεῖται</span> 
     </span>
    </p>
   </div>
   <div class='ocr_carea' id='block_1_17' title="bbox 247 1633 1822 1709">
    <p class='ocr_par' dir='ltr' id='par_1_17' title="bbox 247 1633 1822 1709">
     <span class='ocr_line' id='line_1_17' title="bbox 247 1633 1822 1709; baseline -0.008 -8"><span class='ocrx_word' id='word_1_105' title='bbox 247 1646 340 1702; x_wconf 74' lang='grc' dir='ltr'>καὶ</span> <span class='ocrx_word' id='word_1_106' title='bbox 372 1643 545 1701; x_wconf 79' lang='grc' dir='ltr'>δέδιεν</span> <span class='ocrx_word' id='word_1_107' title='bbox 572 1643 642 1699; x_wconf 82' lang='grc' dir='ltr'>τὰ</span> <span class='ocrx_word' id='word_1_108' title='bbox 667 1643 817 1699; x_wconf 85' lang='grc' dir='ltr'>κακά</span> <span class='ocrx_word' id='word_1_109' title='bbox 839 1660 855 1675; x_wconf 93' lang='grc'><strong>·</strong></span> <span class='ocrx_word' id='word_1_110' title='bbox 882 1645 912 1697; x_wconf 88' lang='lat'><strong>6</strong></span> <span class='ocrx_word' id='word_1_111' title='bbox 944 1639 1133 1705; x_wconf 86' lang='grc' dir='ltr'>δεδιὼς</span> <span class='ocrx_word' id='word_1_112' title='bbox 1161 1640 1218 1694; x_wconf 77' lang='grc' dir='ltr'>δὲ</span> <span class='ocrx_word' id='word_1_113' title='bbox 1244 1638 1307 1693; x_wconf 86' lang='grc' dir='ltr'><strong>τὸ</strong></span> <span class='ocrx_word' id='word_1_114' title='bbox 1342 1637 1567 1709; x_wconf 83' lang='grc' dir='ltr'>πτῶμα,</span> <span class='ocrx_word' id='word_1_115' title='bbox 1606 1633 1822 1707; x_wconf 75' lang='grc' dir='ltr'>ἄφθαρο·</span> 
     </span>
    </p>
   </div>
   <div class='ocr_carea' id='block_1_18' title="bbox 244 1729 1392 1808">
    <p class='ocr_par' dir='ltr' id='par_1_18' title="bbox 244 1729 1392 1808">
     <span class='ocr_line' id='line_1_18' title="bbox 244 1729 1392 1808; baseline -0.007 -13"><span class='ocrx_word' id='word_1_116' title='bbox 244 1755 337 1795; x_wconf 85' lang='grc' dir='ltr'><strong>τον</strong></span> <span class='ocrx_word' id='word_1_117' title='bbox 372 1737 569 1796; x_wconf 86' lang='grc' dir='ltr'>ἐαυτὸν</span> <span class='ocrx_word' id='word_1_118' title='bbox 602 1737 699 1793; x_wconf 75' lang='grc' dir='ltr'>καὶ</span> <span class='ocrx_word' id='word_1_119' title='bbox 729 1735 916 1808; x_wconf 79' lang='grc' dir='ltr'>ἀπαθῆ</span> <span class='ocrx_word' id='word_1_120' title='bbox 946 1729 1084 1790; x_wconf 80' lang='grc' dir='ltr'>εἶναι</span> <span class='ocrx_word' id='word_1_121' title='bbox 1119 1731 1392 1805; x_wconf 85' lang='grc' dir='ltr'>βούλεται.</span> 
     </span>
    </p>
   </div>
   <div class='ocr_carea' id='block_1_19' title="bbox 317 1991 1824 2074">
    <p class='ocr_par' dir='ltr' id='par_1_19' title="bbox 317 1991 1824 2074">
     <span class='ocr_line' id='line_1_19' title="bbox 317 1991 1824 2074; baseline -0.01 -13"><span class='ocrx_word' id='word_1_122' title='bbox 317 2026 338 2061; x_wconf 81' lang='grc' dir='ltr'><strong>ι</strong></span> <span class='ocrx_word' id='word_1_123' title='bbox 360 2006 434 2063; x_wconf 83' lang='grc' dir='ltr'><strong>Οὐ</strong></span> <span class='ocrx_word' id='word_1_124' title='bbox 473 2005 702 2062; x_wconf 86' lang='grc' dir='ltr'>δυνατὸν</span> <span class='ocrx_word' id='word_1_125' title='bbox 729 2002 823 2058; x_wconf 82' lang='grc' dir='ltr'><strong>τὸν</strong></span> <span class='ocrx_word' id='word_1_126' title='bbox 851 1999 1069 2074; x_wconf 82' lang='grc' dir='ltr'>ἀληθῶς</span> <span class='ocrx_word' id='word_1_127' title='bbox 1099 1998 1434 2070; x_wconf 84' lang='grc' dir='ltr'>φοϐούμενον</span> <span class='ocrx_word' id='word_1_128' title='bbox 1453 1994 1544 2051; x_wconf 82' lang='grc' dir='ltr'><strong>τὸν</strong></span> <span class='ocrx_word' id='word_1_129' title='bbox 1560 1993 1694 2049; x_wconf 87' lang='grc' dir='ltr'>Θεὸν</span> <span class='ocrx_word' id='word_1_130' title='bbox 1717 1991 1824 2046; x_wconf 84' lang='grc' dir='ltr'>δει-</span> 
     </span>
    </p>
   </div>
   <div class='ocr_carea' id='block_1_20' title="bbox 244 2083 1821 2173">
    <p class='ocr_par' dir='ltr' id='par_1_20' title="bbox 244 2083 1821 2173">
     <span class='ocr_line' id='line_1_20' title="bbox 244 2083 1821 2173; baseline -0.011 -18"><span class='ocrx_word' id='word_1_131' title='bbox 244 2100 363 2156; x_wconf 88' lang='grc' dir='ltr'>λίαν</span> <span class='ocrx_word' id='word_1_132' title='bbox 396 2100 566 2173; x_wconf 66' lang='grc' dir='ltr'>ἔχειν,</span> <span class='ocrx_word' id='word_1_133' title='bbox 605 2098 901 2172; x_wconf 79' lang='grc' dir='ltr'>είρημένου</span> <span class='ocrx_word' id='word_1_134' title='bbox 940 2093 1073 2150; x_wconf 66' lang='grc' dir='ltr'>τοῦθ</span> <span class='ocrx_word' id='word_1_135' title='bbox 1111 2110 1132 2147; x_wconf 90' lang='lat'><strong>0</strong></span> <span class='ocrx_word' id='word_1_136' title='bbox 1171 2089 1319 2166; x_wconf 79' lang='grc' dir='ltr'>Πλὴν</span> <span class='ocrx_word' id='word_1_137' title='bbox 1347 2088 1511 2145; x_wconf 83' lang='grc' dir='ltr'>αὐτὸν</span> <span class='ocrx_word' id='word_1_138' title='bbox 1553 2087 1628 2160; x_wconf 79' lang='grc' dir='ltr'>μῆ</span> <span class='ocrx_word' id='word_1_139' title='bbox 1656 2083 1821 2156; x_wconf 85' lang='grc' dir='ltr'>φοϐοῦ</span> 
     </span>
    </p>
   </div>
   <div class='ocr_carea' id='block_1_21' title="bbox 242 2193 492 2250">
    <p class='ocr_par' dir='ltr' id='par_1_21' title="bbox 242 2193 492 2250">
     <span class='ocr_line' id='line_1_21' title="bbox 242 2193 492 2250; baseline -0.008 -3"><span class='ocrx_word' id='word_1_140' title='bbox 242 2193 421 2250; x_wconf 76' lang='grc' dir='ltr'>ἄλλον.</span> <span class='ocrx_word' id='word_1_141' title='bbox 471 2210 492 2245; x_wconf 88' lang='lat'><strong>0</strong></span> 
     </span>
    </p>
   </div>
   <div class='ocr_carea' id='block_1_22' title="bbox 315 2352 1821 2442">
    <p class='ocr_par' dir='ltr' id='par_1_22' title="bbox 315 2352 1821 2442">
     <span class='ocr_line' id='line_1_22' title="bbox 315 2352 1821 2442; baseline -0.012 -16"><span class='ocrx_word' id='word_1_142' title='bbox 315 2373 383 2426; x_wconf 85' lang='lat'><strong>&#39;0</strong></span> <span class='ocrx_word' id='word_1_143' title='bbox 446 2368 785 2442; x_wconf 86' lang='grc' dir='ltr'>φοϐούμενος</span> <span class='ocrx_word' id='word_1_144' title='bbox 846 2365 938 2420; x_wconf 84' lang='grc' dir='ltr'><strong>τὸν</strong></span> <span class='ocrx_word' id='word_1_145' title='bbox 1003 2362 1173 2432; x_wconf 86' lang='grc' dir='ltr'>Θεὸν,</span> <span class='ocrx_word' id='word_1_146' title='bbox 1239 2361 1384 2418; x_wconf 78' lang='grc' dir='ltr'>κατὰ</span> <span class='ocrx_word' id='word_1_147' title='bbox 1453 2358 1586 2414; x_wconf 88' lang='grc' dir='ltr'>Θεὸν</span> <span class='ocrx_word' id='word_1_148' title='bbox 1645 2352 1821 2412; x_wconf 82' lang='grc' dir='ltr'>πάντα</span> 
     </span>
    </p>
   </div>
   <div class='ocr_carea' id='block_1_23' title="bbox 243 2460 502 2499">
    <p class='ocr_par' dir='ltr' id='par_1_23' title="bbox 243 2460 502 2499">
     <span class='ocr_line' id='line_1_23' title="bbox 243 2460 502 2499; baseline -0.004 0"><span class='ocrx_word' id='word_1_149' title='bbox 243 2460 502 2499; x_wconf 81' lang='grc' dir='ltr'>ποαττει.</span> 
     </span>
    </p>
   </div>
   <div class='ocr_carea' id='block_1_24' title="bbox 287 2462 1825 2601">
    <p class='ocr_par' dir='ltr' id='par_1_24' title="bbox 287 2462 1825 2601">
     <span class='ocr_line' id='line_1_24' title="bbox 287 2462 1825 2601; baseline -0.009 -15"><span class='ocrx_word' id='word_1_150' title='bbox 287 2462 553 2601; x_wconf 52' lang='grc' dir='ltr'><strong>ρξξξῖξαι</strong></span> <span class='ocrx_word' id='word_1_151' title='bbox 580 2531 608 2584; x_wconf 97' lang='lat'><strong>6</strong></span> <span class='ocrx_word' id='word_1_152' title='bbox 634 2527 767 2593; x_wconf 83' lang='grc' dir='ltr'>Θεὸς</span> <span class='ocrx_word' id='word_1_153' title='bbox 800 2525 929 2597; x_wconf 86' lang='grc' dir='ltr'>φοϐε</span> <span class='ocrx_word' id='word_1_154' title='bbox 940 2525 1029 2597; x_wconf 81' lang='grc' dir='ltr'><strong>ρὸς</strong></span> <span class='ocrx_word' id='word_1_155' title='bbox 1057 2517 1197 2579; x_wconf 75' lang='grc' dir='ltr'>εἶναι</span> <span class='ocrx_word' id='word_1_156' title='bbox 1216 2538 1231 2554; x_wconf 75' lang='grc' dir='ltr'><strong><em>ο</em></strong></span> <span class='ocrx_word' id='word_1_157' title='bbox 1263 2520 1381 2577; x_wconf 82' lang='grc' dir='ltr'>ἀλλ’</span> <span class='ocrx_word' id='word_1_158' title='bbox 1418 2519 1516 2593; x_wconf 85' lang='grc' dir='ltr'><strong>οὐχ</strong></span> <span class='ocrx_word' id='word_1_159' title='bbox 1545 2518 1622 2584; x_wconf 83' lang='grc' dir='ltr'>ὡς</span> <span class='ocrx_word' id='word_1_160' title='bbox 1660 2518 1825 2573; x_wconf 81' lang='grc' dir='ltr'>θανα-</span> 
     </span>
    </p>
   </div>
   <div class='ocr_carea' id='block_1_25' title="bbox 243 2612 1824 2698">
    <p class='ocr_par' dir='ltr' id='par_1_25' title="bbox 243 2612 1824 2698">
     <span class='ocr_line' id='line_1_25' title="bbox 243 2612 1824 2698; baseline -0.008 -19"><span class='ocrx_word' id='word_1_161' title='bbox 243 2624 405 2698; x_wconf 77' lang='grc' dir='ltr'>σίμου</span> <span class='ocrx_word' id='word_1_162' title='bbox 434 2623 631 2697; x_wconf 78' lang='grc' dir='ltr'>θηρίου</span> <span class='ocrx_word' id='word_1_163' title='bbox 664 2623 698 2694; x_wconf 76' lang='grc' dir='ltr'><strong>ἢ</strong></span> <span class='ocrx_word' id='word_1_164' title='bbox 728 2620 1019 2693; x_wconf 80' lang='grc' dir='ltr'>ἀνθρώπου</span> <span class='ocrx_word' id='word_1_165' title='bbox 1046 2615 1196 2690; x_wconf 84' lang='grc' dir='ltr'>ὠμοῦ</span> <span class='ocrx_word' id='word_1_166' title='bbox 1222 2614 1385 2685; x_wconf 84' lang='grc' dir='ltr'>φόϐον</span> <span class='ocrx_word' id='word_1_167' title='bbox 1422 2614 1583 2686; x_wconf 70' lang='grc' dir='ltr'>ἔχειν.</span> <span class='ocrx_word' id='word_1_168' title='bbox 1628 2612 1688 2667; x_wconf 85' lang='grc' dir='ltr'>ὐ</span> <span class='ocrx_word' id='word_1_169' title='bbox 1715 2613 1824 2683; x_wconf 82' lang='grc' dir='ltr'>γὰρ</span> 
     </span>
    </p>
   </div>
   <div class='ocr_carea' id='block_1_26' title="bbox 241 2702 1826 2787">
    <p class='ocr_par' dir='ltr' id='par_1_26' title="bbox 241 2702 1826 2787">
     <span class='ocr_line' id='line_1_26' title="bbox 241 2702 1826 2787; baseline -0.009 -15"><span class='ocrx_word' id='word_1_170' title='bbox 241 2717 372 2783; x_wconf 80' lang='grc' dir='ltr'>Θεὸς</span> <span class='ocrx_word' id='word_1_171' title='bbox 405 2718 530 2787; x_wconf 85' lang='grc' dir='ltr'><strong>φῶς</strong></span> <span class='ocrx_word' id='word_1_172' title='bbox 558 2720 726 2781; x_wconf 91' lang='grc' dir='ltr'>ἐστιν,</span> <span class='ocrx_word' id='word_1_173' title='bbox 770 2716 867 2769; x_wconf 72' lang='grc' dir='ltr'>καὶ</span> <span class='ocrx_word' id='word_1_174' title='bbox 905 2714 975 2768; x_wconf 82' lang='grc' dir='ltr'>τὰ</span> <span class='ocrx_word' id='word_1_175' title='bbox 1006 2712 1156 2783; x_wconf 77' lang='grc' dir='ltr'>ἐξῆς.</span> <span class='ocrx_word' id='word_1_176' title='bbox 1192 2708 1314 2773; x_wconf 82' lang='grc' dir='ltr'>Πῶς</span> <span class='ocrx_word' id='word_1_177' title='bbox 1358 2702 1452 2762; x_wconf 82' lang='grc' dir='ltr'><strong>οῦν</strong></span> <span class='ocrx_word' id='word_1_178' title='bbox 1496 2706 1826 2779; x_wconf 77' lang='grc' dir='ltr'>φοϐηθῶμεν</span> 
     </span>
    </p>
   </div>
   <div class='ocr_carea' id='block_1_27' title="bbox 240 2799 1825 2883">
    <p class='ocr_par' dir='ltr' id='par_1_27' title="bbox 240 2799 1825 2883">
     <span class='ocr_line' id='line_1_27' title="bbox 240 2799 1825 2883; baseline -0.011 -15"><span class='ocrx_word' id='word_1_179' title='bbox 240 2813 378 2881; x_wconf 86' lang='grc' dir='ltr'>φῶς,</span> <span class='ocrx_word' id='word_1_180' title='bbox 408 2812 444 2883; x_wconf 74' lang='grc' dir='ltr'><strong>ἢ</strong></span> <span class='ocrx_word' id='word_1_181' title='bbox 482 2810 653 2883; x_wconf 74' lang='grc' dir='ltr'>ζωὴν,</span> <span class='ocrx_word' id='word_1_182' title='bbox 684 2808 719 2881; x_wconf 79' lang='grc' dir='ltr'><strong>ἢ</strong></span> <span class='ocrx_word' id='word_1_183' title='bbox 759 2807 1040 2881; x_wconf 86' lang='grc' dir='ltr'>ἀλήθειαν,</span> <span class='ocrx_word' id='word_1_184' title='bbox 1077 2806 1112 2878; x_wconf 76' lang='grc' dir='ltr'>ἢ</span> <span class='ocrx_word' id='word_1_185' title='bbox 1146 2804 1479 2870; x_wconf 81' lang='grc' dir='ltr'>ἁνάστασιν;</span> <span class='ocrx_word' id='word_1_186' title='bbox 1517 2801 1593 2865; x_wconf 83' lang='grc' dir='ltr'><strong>ὡς</strong></span> <span class='ocrx_word' id='word_1_187' title='bbox 1620 2799 1715 2853; x_wconf 81' lang='grc' dir='ltr'>ἐάν</span> <span class='ocrx_word' id='word_1_188' title='bbox 1741 2815 1825 2863; x_wconf 85' lang='grc' dir='ltr'><strong>τις</strong></span> 
     </span>
    </p>
   </div>
   <div class='ocr_carea' id='block_1_28' title="bbox 238 2891 1824 2981">
    <p class='ocr_par' dir='ltr' id='par_1_28' title="bbox 238 2891 1824 2981">
     <span class='ocr_line' id='line_1_28' title="bbox 238 2891 1824 2981; baseline -0.009 -22"><span class='ocrx_word' id='word_1_189' title='bbox 238 2902 271 2981; x_wconf 78' lang='grc' dir='ltr'>ᾖ</span> <span class='ocrx_word' id='word_1_190' title='bbox 315 2906 413 2960; x_wconf 75' lang='grc' dir='ltr'>ἐπὶ</span> <span class='ocrx_word' id='word_1_191' title='bbox 456 2902 665 2975; x_wconf 77' lang='grc' dir='ltr'>ὑψηλὸν</span> <span class='ocrx_word' id='word_1_192' title='bbox 717 2899 847 2973; x_wconf 78' lang='grc' dir='ltr'>ὅρος</span> <span class='ocrx_word' id='word_1_193' title='bbox 892 2898 1081 2966; x_wconf 72' lang='grc' dir='ltr'>οἰκῶν,</span> <span class='ocrx_word' id='word_1_194' title='bbox 1135 2899 1229 2952; x_wconf 75' lang='grc' dir='ltr'>καὶ</span> <span class='ocrx_word' id='word_1_195' title='bbox 1272 2897 1492 2967; x_wconf 82' lang='grc' dir='ltr'>λέγεται</span> <span class='ocrx_word' id='word_1_196' title='bbox 1544 2891 1824 2965; x_wconf 84' lang='grc' dir='ltr'>φοϐεῖσθαι</span> 
     </span>
    </p>
   </div>
   <div class='ocr_carea' id='block_1_29' title="bbox 238 2984 1825 3068">
    <p class='ocr_par' dir='ltr' id='par_1_29' title="bbox 238 2984 1825 3068">
     <span class='ocr_line' id='line_1_29' title="bbox 238 2984 1825 3068; baseline -0.009 -13"><span class='ocrx_word' id='word_1_197' title='bbox 238 3002 407 3056; x_wconf 77' lang='grc' dir='ltr'>αύτό’</span> <span class='ocrx_word' id='word_1_198' title='bbox 443 3000 512 3055; x_wconf 85' lang='grc' dir='ltr'>οὐ</span> <span class='ocrx_word' id='word_1_199' title='bbox 557 2999 619 3052; x_wconf 86' lang='grc' dir='ltr'><strong>τὸ</strong></span> <span class='ocrx_word' id='word_1_200' title='bbox 645 2998 769 3068; x_wconf 79' lang='grc' dir='ltr'>ὅρος</span> <span class='ocrx_word' id='word_1_201' title='bbox 810 2994 1079 3065; x_wconf 84' lang='grc' dir='ltr'>φοϐεῖται,</span> <span class='ocrx_word' id='word_1_202' title='bbox 1129 2990 1268 3047; x_wconf 81' lang='grc' dir='ltr'>ἀλλὰ</span> <span class='ocrx_word' id='word_1_203' title='bbox 1313 2988 1409 3045; x_wconf 86' lang='grc' dir='ltr'><strong>τοῦ</strong></span> <span class='ocrx_word' id='word_1_204' title='bbox 1463 2992 1537 3061; x_wconf 80' lang='grc' dir='ltr'>μὴ</span> <span class='ocrx_word' id='word_1_205' title='bbox 1569 2984 1825 3043; x_wconf 84' lang='grc' dir='ltr'>ἐκπεσεῖν</span> 
     </span>
    </p>
   </div>
   <div class='ocr_carea' id='block_1_30' title="bbox 238 3078 1893 3170">
    <p class='ocr_par' dir='ltr' id='par_1_30' title="bbox 238 3078 1893 3170">
     <span class='ocr_line' id='line_1_30' title="bbox 238 3078 1893 3170; baseline -0.005 -27"><span class='ocrx_word' id='word_1_206' title='bbox 238 3093 429 3150; x_wconf 82' lang='grc' dir='ltr'>αὑτοῦ.</span> <span class='ocrx_word' id='word_1_207' title='bbox 458 3092 659 3146; x_wconf 86' lang='grc' dir='ltr'>Τοίνυν</span> <span class='ocrx_word' id='word_1_208' title='bbox 691 3090 785 3145; x_wconf 73' lang='grc' dir='ltr'>καὶ</span> <span class='ocrx_word' id='word_1_209' title='bbox 807 3090 971 3161; x_wconf 78' lang='grc' dir='ltr'>ἡμεῖς</span> <span class='ocrx_word' id='word_1_210' title='bbox 994 3084 1306 3158; x_wconf 78' lang='grc' dir='ltr'>φοϐούμεθα</span> <span class='ocrx_word' id='word_1_211' title='bbox 1323 3084 1414 3140; x_wconf 86' lang='grc' dir='ltr'><strong>τὸν</strong></span> <span class='ocrx_word' id='word_1_212' title='bbox 1446 3082 1599 3149; x_wconf 85' lang='grc' dir='ltr'>Θεὸν,</span> <span class='ocrx_word' id='word_1_213' title='bbox 1630 3078 1823 3152; x_wconf 80' lang='grc' dir='ltr'>φοϐού·</span> <span class='ocrx_word' id='word_1_214' title='bbox 1851 3111 1893 3170; x_wconf 76' lang='lat' dir='ltr'><strong><em>C</em></strong></span> 
     </span>
    </p>
   </div>
   <div class='ocr_carea' id='block_1_31' title="bbox 239 3174 1824 3260">
    <p class='ocr_par' dir='ltr' id='par_1_31' title="bbox 239 3174 1824 3260">
     <span class='ocr_line' id='line_1_31' title="bbox 239 3174 1824 3260; baseline -0.007 -20"><span class='ocrx_word' id='word_1_215' title='bbox 239 3204 393 3260; x_wconf 86' lang='grc' dir='ltr'>μενοι</span> <span class='ocrx_word' id='word_1_216' title='bbox 428 3186 691 3241; x_wconf 76' lang='grc' dir='ltr'>ἐκπεσεῖν</span> <span class='ocrx_word' id='word_1_217' title='bbox 720 3181 813 3237; x_wconf 88' lang='grc' dir='ltr'><strong>τοῦ</strong></span> <span class='ocrx_word' id='word_1_218' title='bbox 850 3180 1050 3252; x_wconf 83' lang='grc' dir='ltr'>φωτὸς,</span> <span class='ocrx_word' id='word_1_219' title='bbox 1100 3180 1195 3235; x_wconf 73' lang='grc' dir='ltr'>καὶ</span> <span class='ocrx_word' id='word_1_220' title='bbox 1237 3177 1339 3250; x_wconf 83' lang='grc' dir='ltr'>τῆς</span> <span class='ocrx_word' id='word_1_221' title='bbox 1388 3176 1558 3249; x_wconf 77' lang='grc' dir='ltr'>ζωῆς,</span> <span class='ocrx_word' id='word_1_222' title='bbox 1590 3177 1685 3231; x_wconf 79' lang='grc' dir='ltr'>καὶ</span> <span class='ocrx_word' id='word_1_223' title='bbox 1725 3174 1824 3246; x_wconf 84' lang='grc' dir='ltr'>τῆς</span> 
     </span>
    </p>
   </div>
   <div class='ocr_carea' id='block_1_32' title="bbox 237 3274 1086 3353">
    <p class='ocr_par' dir='ltr' id='par_1_32' title="bbox 237 3274 1086 3353">
     <span class='ocr_line' id='line_1_32' title="bbox 237 3274 1086 3353; baseline -0.005 -18"><span class='ocrx_word' id='word_1_224' title='bbox 237 3279 533 3353; x_wconf 76' lang='grc' dir='ltr'>ἀληθείας,</span> <span class='ocrx_word' id='word_1_225' title='bbox 568 3277 663 3332; x_wconf 80' lang='grc' dir='ltr'>καὶ</span> <span class='ocrx_word' id='word_1_226' title='bbox 691 3276 789 3349; x_wconf 78' lang='grc' dir='ltr'>τῆς</span> <span class='ocrx_word' id='word_1_227' title='bbox 813 3274 1086 3346; x_wconf 78' lang='grc' dir='ltr'>γνώσεως.</span> 
     </span>
    </p>
   </div>
   <div class='ocr_carea' id='block_1_33' title="bbox 237 3607 1825 3687">
    <p class='ocr_par' dir='ltr' id='par_1_33' title="bbox 237 3607 1825 3687">
     <span class='ocr_line' id='line_1_33' title="bbox 237 3607 1825 3687; baseline -0.009 -10"><span class='ocrx_word' id='word_1_228' title='bbox 237 3621 368 3677; x_wconf 62' lang='lat' dir='ltr'><strong>Tir).</strong></span> <span class='ocrx_word' id='word_1_229' title='bbox 400 3661 417 3676; x_wconf 97' lang='lat'><strong>.</strong></span> <span class='ocrx_word' id='word_1_230' title='bbox 460 3621 545 3677; x_wconf 85' lang='lat' dir='ltr'><strong>E&#39;.</strong></span> <span class='ocrx_word' id='word_1_231' title='bbox 585 3646 656 3660; x_wconf 89' lang='lat'><strong>-—</strong></span> <span class='ocrx_word' id='word_1_232' title='bbox 694 3615 835 3687; x_wconf 69' lang='grc' dir='ltr'>Περὶ</span> <span class='ocrx_word' id='word_1_233' title='bbox 883 3614 1226 3687; x_wconf 73' lang='grc' dir='ltr'>ἀντιλογίας</span> <span class='ocrx_word' id='word_1_234' title='bbox 1285 3613 1434 3682; x_wconf 80' lang='grc' dir='ltr'>πρὸς</span> <span class='ocrx_word' id='word_1_235' title='bbox 1483 3611 1676 3687; x_wconf 69' lang='grc' dir='ltr'><strong>ρεᾴν·</strong></span> <span class='ocrx_word' id='word_1_236' title='bbox 1726 3607 1825 3687; x_wconf 77' lang='grc' dir='ltr'><strong>κᾳι</strong></span> 
     </span>
    </p>
   </div>
   <div class='ocr_carea' id='block_1_34' title="bbox 307 3679 1826 3761">
    <p class='ocr_par' dir='ltr' id='par_1_34' title="bbox 307 3679 1826 3761">
     <span class='ocr_line' id='line_1_34' title="bbox 307 3679 1826 3761; baseline -0.01 -14"><span class='ocrx_word' id='word_1_237' title='bbox 307 3693 401 3747; x_wconf 87' lang='grc' dir='ltr'>ὅτι</span> <span class='ocrx_word' id='word_1_238' title='bbox 435 3694 522 3747; x_wconf 85' lang='grc' dir='ltr'>οὐ</span> <span class='ocrx_word' id='word_1_239' title='bbox 555 3688 653 3745; x_wconf 78' lang='grc' dir='ltr'><strong>δεῖ</strong></span> <span class='ocrx_word' id='word_1_240' title='bbox 676 3679 1031 3761; x_wconf 67' lang='grc' dir='ltr'>ὰνξιλέγειν,</span> <span class='ocrx_word' id='word_1_241' title='bbox 1060 3679 1112 3756; x_wconf 69' lang='grc' dir='ltr'><strong><em>ἦ</em></strong></span> <span class='ocrx_word' id='word_1_242' title='bbox 1142 3679 1643 3755; x_wconf 53' lang='grc' dir='ltr'>δικαιολογεῖσθαι</span> <span class='ocrx_word' id='word_1_243' title='bbox 1674 3679 1826 3750; x_wconf 75' lang='grc' dir='ltr'>πρὸς</span> 
     </span>
    </p>
   </div>
   <div class='ocr_carea' id='block_1_35' title="bbox 309 3764 495 3821">
    <p class='ocr_par' dir='ltr' id='par_1_35' title="bbox 309 3764 495 3821">
     <span class='ocr_line' id='line_1_35' title="bbox 309 3764 495 3821; baseline 0.016 -3"><span class='ocrx_word' id='word_1_244' title='bbox 309 3764 495 3821; x_wconf 82' lang='grc' dir='ltr'>Θεόν.</span> 
     </span>
    </p>
   </div>
   <div class='ocr_carea' id='block_1_36' title="bbox 308 3865 1825 3946">
    <p class='ocr_par' dir='ltr' id='par_1_36' title="bbox 308 3865 1825 3946">
     <span class='ocr_line' id='line_1_36' title="bbox 308 3865 1825 3946; baseline -0.003 -18"><span class='ocrx_word' id='word_1_245' title='bbox 308 3893 331 3928; x_wconf 97' lang='lat'><strong>0</strong></span> <span class='ocrx_word' id='word_1_246' title='bbox 388 3874 627 3945; x_wconf 76' lang='grc' dir='ltr'>’Δνομία</span> <span class='ocrx_word' id='word_1_247' title='bbox 674 3872 811 3946; x_wconf 76' lang='grc' dir='ltr'>ἡμῖν</span> <span class='ocrx_word' id='word_1_248' title='bbox 855 3871 1257 3945; x_wconf 80' lang='grc' dir='ltr'>λογισθήσεται,</span> <span class='ocrx_word' id='word_1_249' title='bbox 1301 3866 1469 3923; x_wconf 85' lang='grc' dir='ltr'>πολλά</span> <span class='ocrx_word' id='word_1_250' title='bbox 1519 3865 1825 3923; x_wconf 87' lang='grc' dir='ltr'>λαλούντων</span> 
     </span>
    </p>
   </div>
   <div class='ocr_carea' id='block_1_37' title="bbox 237 3963 1062 4040">
    <p class='ocr_par' dir='ltr' id='par_1_37' title="bbox 237 3963 1062 4040">
     <span class='ocr_line' id='line_1_37' title="bbox 237 3963 1062 4040; baseline -0.005 -20"><span class='ocrx_word' id='word_1_251' title='bbox 237 3968 472 4040; x_wconf 80' lang='grc' dir='ltr'>ῥήματα</span> <span class='ocrx_word' id='word_1_252' title='bbox 514 3963 744 4021; x_wconf 85' lang='grc' dir='ltr'>ἐνώπιον</span> <span class='ocrx_word' id='word_1_253' title='bbox 768 3963 993 4037; x_wconf 83' lang='grc' dir='ltr'>Κυρίου.</span> <span class='ocrx_word' id='word_1_254' title='bbox 1042 3984 1062 4015; x_wconf 81' lang='lat'><strong>0</strong></span> 
     </span>
    </p>
   </div>
   <div class='ocr_carea' id='block_1_38' title="bbox 311 4048 1823 4128">
    <p class='ocr_par' dir='ltr' id='par_1_38' title="bbox 311 4048 1823 4128">
     <span class='ocr_line' id='line_1_38' title="bbox 311 4048 1823 4128; baseline -0.005 -15"><span class='ocrx_word' id='word_1_255' title='bbox 311 4080 333 4113; x_wconf 91' lang='lat'><strong>0</strong></span> <span class='ocrx_word' id='word_1_256' title='bbox 385 4059 513 4113; x_wconf 82' lang='grc' dir='ltr'><strong>Οὐκ</strong></span> <span class='ocrx_word' id='word_1_257' title='bbox 567 4052 622 4112; x_wconf 80' lang='grc' dir='ltr'>εἶ</span> <span class='ocrx_word' id='word_1_258' title='bbox 647 4056 935 4128; x_wconf 72' lang='grc' dir='ltr'>ἄνθρωπος</span> <span class='ocrx_word' id='word_1_259' title='bbox 956 4058 1075 4112; x_wconf 83' lang='grc' dir='ltr'>κατ’</span> <span class='ocrx_word' id='word_1_260' title='bbox 1121 4057 1244 4128; x_wconf 83' lang='grc' dir='ltr'>ἐμὲ,</span> <span class='ocrx_word' id='word_1_261' title='bbox 1289 4048 1334 4124; x_wconf 81' lang='grc' dir='ltr'><strong>ᾧ</strong></span> <span class='ocrx_word' id='word_1_262' title='bbox 1383 4052 1823 4125; x_wconf 81' lang='grc' dir='ltr'>ἀντικρινοῦμαι,</span> 
     </span>
    </p>
   </div>
   <div class='ocr_carea' id='block_1_39' title="bbox 236 4149 1392 4224">
    <p class='ocr_par' dir='ltr' id='par_1_39' title="bbox 236 4149 1392 4224">
     <span class='ocr_line' id='line_1_39' title="bbox 236 4149 1392 4224; baseline -0.005 -18"><span class='ocrx_word' id='word_1_263' title='bbox 236 4152 328 4208; x_wconf 84' lang='grc' dir='ltr'><strong>ῖνα</strong></span> <span class='ocrx_word' id='word_1_264' title='bbox 353 4151 615 4224; x_wconf 79' lang='grc' dir='ltr'>ἔλθωμεν</span> <span class='ocrx_word' id='word_1_265' title='bbox 647 4149 991 4223; x_wconf 83' lang='grc' dir='ltr'>ὁμοθυμαδὸν</span> <span class='ocrx_word' id='word_1_266' title='bbox 1018 4150 1095 4214; x_wconf 88' lang='grc' dir='ltr'><strong>είς</strong></span> <span class='ocrx_word' id='word_1_267' title='bbox 1126 4149 1329 4219; x_wconf 87' lang='grc' dir='ltr'>κρίσιν.</span> <span class='ocrx_word' id='word_1_268' title='bbox 1375 4165 1392 4200; x_wconf 85' lang='lat'><strong>0</strong></span> 
     </span>
    </p>
   </div>
   <div class='ocr_carea' id='block_1_40' title="bbox 316 4323 1829 4429">
    <p class='ocr_par' dir='ltr' id='par_1_40' title="bbox 316 4323 1829 4429">
     <span class='ocr_line' id='line_1_40' title="bbox 316 4323 1829 4429; baseline -0.005 -14"><span class='ocrx_word' id='word_1_269' title='bbox 316 4380 337 4414; x_wconf 88' lang='lat'><strong>0</strong></span> <span class='ocrx_word' id='word_1_270' title='bbox 387 4360 459 4414; x_wconf 88' lang='grc' dir='ltr'>Τί</span> <span class='ocrx_word' id='word_1_271' title='bbox 491 4359 574 4414; x_wconf 74' lang='grc' dir='ltr'>ἔτι</span> <span class='ocrx_word' id='word_1_272' title='bbox 603 4323 722 4427; x_wconf 37' lang='grc' dir='ltr'>ἐγὼ.</span> <span class='ocrx_word' id='word_1_273' title='bbox 748 4356 1005 4429; x_wconf 74' lang='grc' dir='ltr'>κρίνομαι</span> <span class='ocrx_word' id='word_1_274' title='bbox 1033 4354 1454 4424; x_wconf 84' lang='grc' dir='ltr'>νουθετούμενος</span> <span class='ocrx_word' id='word_1_275' title='bbox 1480 4354 1576 4408; x_wconf 70' lang='grc' dir='ltr'>καὶ</span> <span class='ocrx_word' id='word_1_276' title='bbox 1610 4353 1829 4423; x_wconf 81' lang='grc' dir='ltr'>ἐλεγχό-</span> 
     </span>
    </p>
   </div>
   <div class='ocr_carea' id='block_1_41' title="bbox 1923 434 3500 507">
    <p class='ocr_par' dir='ltr' id='par_1_41' title="bbox 1923 434 3500 507">
     <span class='ocr_line' id='line_1_41' title="bbox 1923 434 3500 507; baseline 0.003 -14"><span class='ocrx_word' id='word_1_277' title='bbox 1923 440 2211 496; x_wconf 89' lang='lat' dir='ltr'><strong>tummodo</strong></span> <span class='ocrx_word' id='word_1_278' title='bbox 2250 438 2489 495; x_wconf 82' lang='lat' dir='ltr'><strong>vitiosos</strong></span> <span class='ocrx_word' id='word_1_279' title='bbox 2529 436 2760 492; x_wconf 77' lang='lat' dir='ltr'><strong>aﬂ‘ectus</strong></span> <span class='ocrx_word' id='word_1_280' title='bbox 2800 444 3023 491; x_wconf 90' lang='lat' dir='ltr'><strong>nostros</strong></span> <span class='ocrx_word' id='word_1_281' title='bbox 3064 434 3374 507; x_wconf 86' lang='lat' dir='ltr'><strong>propulsat,</strong></span> <span class='ocrx_word' id='word_1_282' title='bbox 3406 457 3500 496; x_wconf 88' lang='lat' dir='ltr'><strong>ve-</strong></span> 
     </span>
    </p>
   </div>
   <div class='ocr_carea' id='block_1_42' title="bbox 1921 529 3500 588">
    <p class='ocr_par' dir='ltr' id='par_1_42' title="bbox 1921 529 3500 588">
     <span class='ocr_line' id='line_1_42' title="bbox 1921 529 3500 588; baseline 0.001 -2"><span class='ocrx_word' id='word_1_283' title='bbox 1921 548 2045 587; x_wconf 86' lang='lat' dir='ltr'><strong>rum</strong></span> <span class='ocrx_word' id='word_1_284' title='bbox 2074 541 2130 588; x_wconf 91' lang='lat' dir='ltr'><strong>et</strong></span> <span class='ocrx_word' id='word_1_285' title='bbox 2159 531 2415 587; x_wconf 84' lang='lat' dir='ltr'><strong>omnibus</strong></span> <span class='ocrx_word' id='word_1_286' title='bbox 2452 530 2761 586; x_wconf 72' lang='lat' dir='ltr'><strong>virtutibus</strong></span> <span class='ocrx_word' id='word_1_287' title='bbox 2791 529 3010 584; x_wconf 80' lang='lat' dir='ltr'><strong>facilem</strong></span> <span class='ocrx_word' id='word_1_288' title='bbox 3048 530 3115 583; x_wconf 88' lang='lat' dir='ltr'><strong>ad</strong></span> <span class='ocrx_word' id='word_1_289' title='bbox 3159 545 3259 584; x_wconf 90' lang='lat' dir='ltr'><strong>nos</strong></span> <span class='ocrx_word' id='word_1_290' title='bbox 3288 530 3500 588; x_wconf 86' lang='lat' dir='ltr'><strong>aditum</strong></span> 
     </span>
    </p>
   </div>
   <div class='ocr_carea' id='block_1_43' title="bbox 1922 619 3497 696">
    <p class='ocr_par' dir='ltr' id='par_1_43' title="bbox 1922 619 3497 696">
     <span class='ocr_line' id='line_1_43' title="bbox 1922 619 3497 696; baseline -0.001 -17"><span class='ocrx_word' id='word_1_291' title='bbox 1922 624 2121 696; x_wconf 87' lang='lat' dir='ltr'><strong>aperit.</strong></span> <span class='ocrx_word' id='word_1_292' title='bbox 2152 620 2265 679; x_wconf 79' lang='lat' dir='ltr'><strong>Nec</strong></span> <span class='ocrx_word' id='word_1_293' title='bbox 2295 622 2441 678; x_wconf 88' lang='lat' dir='ltr'><strong>enim</strong></span> <span class='ocrx_word' id='word_1_294' title='bbox 2473 621 2774 693; x_wconf 82' lang='lat' dir='ltr'><strong>quidquam</strong></span> <span class='ocrx_word' id='word_1_295' title='bbox 2816 619 3067 691; x_wconf 84' lang='lat' dir='ltr'><strong>perinde,</strong></span> <span class='ocrx_word' id='word_1_296' title='bbox 3103 627 3221 677; x_wconf 90' lang='lat' dir='ltr'><strong>tum</strong></span> <span class='ocrx_word' id='word_1_297' title='bbox 3271 632 3497 693; x_wconf 72' lang='lat' dir='ltr'><strong>peccata</strong></span> 
     </span>
    </p>
   </div>
   <div class='ocr_carea' id='block_1_44' title="bbox 1923 712 3499 786">
    <p class='ocr_par' dir='ltr' id='par_1_44' title="bbox 1923 712 3499 786">
     <span class='ocr_line' id='line_1_44' title="bbox 1923 712 3499 786; baseline -0.001 -14"><span class='ocrx_word' id='word_1_298' title='bbox 1923 716 2089 783; x_wconf 87' lang='lat' dir='ltr'><strong>delet,</strong></span> <span class='ocrx_word' id='word_1_299' title='bbox 2148 723 2266 771; x_wconf 88' lang='lat' dir='ltr'><strong>tum</strong></span> <span class='ocrx_word' id='word_1_300' title='bbox 2320 722 2488 786; x_wconf 79' lang='lat' dir='ltr'><strong>auget</strong></span> <span class='ocrx_word' id='word_1_301' title='bbox 2534 713 2800 769; x_wconf 78' lang='lat' dir='ltr'><strong>virtutem</strong></span> <span class='ocrx_word' id='word_1_302' title='bbox 2856 720 2913 769; x_wconf 89' lang='lat' dir='ltr'><strong>et</strong></span> <span class='ocrx_word' id='word_1_303' title='bbox 2962 712 3253 768; x_wconf 82' lang='lat' dir='ltr'><strong>ﬂorentem</strong></span> <span class='ocrx_word' id='word_1_304' title='bbox 3297 714 3499 785; x_wconf 78' lang='lat' dir='ltr'><strong>reddit,</strong></span> 
     </span>
    </p>
   </div>
   <div class='ocr_carea' id='block_1_45' title="bbox 1922 805 3500 882">
    <p class='ocr_par' dir='ltr' id='par_1_45' title="bbox 1922 805 3500 882">
     <span class='ocr_line' id='line_1_45' title="bbox 1922 805 3500 882; baseline 0.001 -17"><span class='ocrx_word' id='word_1_305' title='bbox 1922 818 2091 882; x_wconf 88' lang='lat' dir='ltr'><strong>atque</strong></span> <span class='ocrx_word' id='word_1_306' title='bbox 2110 808 2366 881; x_wconf 84' lang='lat' dir='ltr'><strong>perpetui</strong></span> <span class='ocrx_word' id='word_1_307' title='bbox 2414 807 2635 862; x_wconf 85' lang='lat' dir='ltr'><strong>timoris</strong></span> <span class='ocrx_word' id='word_1_308' title='bbox 2678 815 2897 863; x_wconf 82' lang='lat' dir='ltr'><strong>natura.</strong></span> <span class='ocrx_word' id='word_1_309' title='bbox 2937 805 3212 873; x_wconf 84' lang='lat' dir='ltr'><strong>Quocirca</strong></span> <span class='ocrx_word' id='word_1_310' title='bbox 3242 806 3358 862; x_wconf 82' lang='lat' dir='ltr'><strong>ﬁeri</strong></span> <span class='ocrx_word' id='word_1_311' title='bbox 3389 824 3500 866; x_wconf 90' lang='lat' dir='ltr'><strong>non</strong></span> 
     </span>
    </p>
   </div>
   <div class='ocr_carea' id='block_1_46' title="bbox 1918 896 3497 973">
    <p class='ocr_par' dir='ltr' id='par_1_46' title="bbox 1918 896 3497 973">
     <span class='ocr_line' id='line_1_46' title="bbox 1918 896 3497 973; baseline -0.003 -17"><span class='ocrx_word' id='word_1_312' title='bbox 1918 909 2126 973; x_wconf 86' lang='lat' dir='ltr'><strong>potest,</strong></span> <span class='ocrx_word' id='word_1_313' title='bbox 2159 908 2220 954; x_wconf 93' lang='lat' dir='ltr'><strong>ut</strong></span> <span class='ocrx_word' id='word_1_314' title='bbox 2257 897 2352 971; x_wconf 88' lang='lat' dir='ltr'><strong>qui</strong></span> <span class='ocrx_word' id='word_1_315' title='bbox 2386 897 2443 954; x_wconf 88' lang='lat' dir='ltr'><strong>in</strong></span> <span class='ocrx_word' id='word_1_316' title='bbox 2476 898 2686 952; x_wconf 77' lang='lat' dir='ltr'><strong>timore</strong></span> <span class='ocrx_word' id='word_1_317' title='bbox 2719 896 2875 961; x_wconf 87' lang='lat' dir='ltr'><strong>vivit,</strong></span> <span class='ocrx_word' id='word_1_318' title='bbox 2914 904 3065 952; x_wconf 84' lang='lat' dir='ltr'><strong>recte</strong></span> <span class='ocrx_word' id='word_1_319' title='bbox 3102 897 3311 966; x_wconf 86' lang='lat' dir='ltr'><strong>aliquid</strong></span> <span class='ocrx_word' id='word_1_320' title='bbox 3350 907 3497 973; x_wconf 76' lang='lat' dir='ltr'><strong>agat,</strong></span> 
     </span>
    </p>
   </div>
   <div class='ocr_carea' id='block_1_47' title="bbox 1921 989 3388 1062">
    <p class='ocr_par' dir='ltr' id='par_1_47' title="bbox 1921 989 3388 1062">
     <span class='ocr_line' id='line_1_47' title="bbox 1921 989 3388 1062; baseline -0.002 -12"><span class='ocrx_word' id='word_1_321' title='bbox 1921 1000 1977 1050; x_wconf 88' lang='lat' dir='ltr'><strong>et</strong></span> <span class='ocrx_word' id='word_1_322' title='bbox 1998 992 2241 1049; x_wconf 82' lang='lat' dir='ltr'><strong>vicissim</strong></span> <span class='ocrx_word' id='word_1_323' title='bbox 2274 993 2370 1062; x_wconf 88' lang='lat' dir='ltr'><strong>qui</strong></span> <span class='ocrx_word' id='word_1_324' title='bbox 2402 991 2458 1046; x_wconf 89' lang='lat' dir='ltr'><strong>in</strong></span> <span class='ocrx_word' id='word_1_325' title='bbox 2476 990 2684 1044; x_wconf 87' lang='lat' dir='ltr'><strong>timore</strong></span> <span class='ocrx_word' id='word_1_326' title='bbox 2706 989 2865 1055; x_wconf 84' lang='lat' dir='ltr'><strong>vivit,</strong></span> <span class='ocrx_word' id='word_1_327' title='bbox 2897 1004 2928 1044; x_wconf 90' lang='lat' dir='ltr'><strong>a</strong></span> <span class='ocrx_word' id='word_1_328' title='bbox 2967 999 3119 1044; x_wconf 86' lang='lat' dir='ltr'><strong>recto</strong></span> <span class='ocrx_word' id='word_1_329' title='bbox 3150 990 3388 1047; x_wconf 87' lang='lat' dir='ltr'><strong>aberret.</strong></span> 
     </span>
    </p>
   </div>
   <div class='ocr_carea' id='block_1_48' title="bbox 1917 1081 3496 1160">
    <p class='ocr_par' dir='ltr' id='par_1_48' title="bbox 1917 1081 3496 1160">
     <span class='ocr_line' id='line_1_48' title="bbox 1917 1081 3496 1160; baseline -0.001 -16"><span class='ocrx_word' id='word_1_330' title='bbox 1917 1128 1920 1132; x_wconf 51' lang='grc' dir='ltr'><strong>λ</strong></span> <span class='ocrx_word' id='word_1_331' title='bbox 1992 1084 2266 1160; x_wconf 76' lang='lat' dir='ltr'><strong>Chrysost.</strong></span> <span class='ocrx_word' id='word_1_332' title='bbox 2304 1095 2442 1141; x_wconf 85' lang='lat' dir='ltr'><strong>orat.</strong></span> <span class='ocrx_word' id='word_1_333' title='bbox 2484 1085 2547 1141; x_wconf 76' lang='grc'><strong>15</strong></span> <span class='ocrx_word' id='word_1_334' title='bbox 2575 1083 2654 1140; x_wconf 82' lang='lat' dir='ltr'><strong>De</strong></span> <span class='ocrx_word' id='word_1_335' title='bbox 2690 1094 2819 1139; x_wconf 73' lang='lat' dir='ltr'><strong>stat.</strong></span> <span class='ocrx_word' id='word_1_336' title='bbox 2862 1114 2930 1128; x_wconf 92' lang='lat'><strong>-</strong></span> <span class='ocrx_word' id='word_1_337' title='bbox 2974 1081 3159 1140; x_wconf 88' lang='lat' dir='ltr'><strong>Timor</strong></span> <span class='ocrx_word' id='word_1_338' title='bbox 3183 1085 3319 1140; x_wconf 78' lang='lat' dir='ltr'><strong>niiiil</strong></span> <span class='ocrx_word' id='word_1_339' title='bbox 3348 1086 3496 1142; x_wconf 85' lang='lat' dir='ltr'><strong>aliud</strong></span> 
     </span>
    </p>
   </div>
   <div class='ocr_carea' id='block_1_49' title="bbox 1921 1176 3500 1251">
    <p class='ocr_par' dir='ltr' id='par_1_49' title="bbox 1921 1176 3500 1251">
     <span class='ocr_line' id='line_1_49' title="bbox 1921 1176 3500 1251; baseline -0.002 -14"><span class='ocrx_word' id='word_1_340' title='bbox 1921 1186 2031 1246; x_wconf 87' lang='lat' dir='ltr'><strong>est,</strong></span> <span class='ocrx_word' id='word_1_341' title='bbox 2076 1180 2184 1237; x_wconf 87' lang='lat' dir='ltr'><strong>nisi</strong></span> <span class='ocrx_word' id='word_1_342' title='bbox 2218 1193 2415 1235; x_wconf 90' lang='lat' dir='ltr'><strong>murus</strong></span> <span class='ocrx_word' id='word_1_343' title='bbox 2454 1184 2506 1233; x_wconf 88' lang='lat' dir='ltr'><strong>et</strong></span> <span class='ocrx_word' id='word_1_344' title='bbox 2550 1176 2894 1249; x_wconf 69' lang='lat' dir='ltr'><strong>praesidium,</strong></span> <span class='ocrx_word' id='word_1_345' title='bbox 2948 1189 3011 1231; x_wconf 84' lang='lat' dir='ltr'><strong>ac</strong></span> <span class='ocrx_word' id='word_1_346' title='bbox 3046 1177 3220 1233; x_wconf 89' lang='lat' dir='ltr'><strong>turris</strong></span> <span class='ocrx_word' id='word_1_347' title='bbox 3266 1178 3500 1251; x_wconf 80' lang='lat' dir='ltr'><strong>inexpu-</strong></span> 
     </span>
    </p>
   </div>
   <div class='ocr_carea' id='block_1_50' title="bbox 1922 1272 2181 1346">
    <p class='ocr_par' dir='ltr' id='par_1_50' title="bbox 1922 1272 2181 1346">
     <span class='ocr_line' id='line_1_50' title="bbox 1922 1272 2181 1346; baseline 0.008 -19"><span class='ocrx_word' id='word_1_348' title='bbox 1922 1272 2181 1346; x_wconf 83' lang='lat' dir='ltr'><strong>gnabilis.</strong></span> 
     </span>
    </p>
   </div>
   <div class='ocr_carea' id='block_1_51' title="bbox 1991 1361 3500 1435">
    <p class='ocr_par' dir='ltr' id='par_1_51' title="bbox 1991 1361 3500 1435">
     <span class='ocr_line' id='line_1_51' title="bbox 1991 1361 3500 1435; baseline -0.001 -15"><span class='ocrx_word' id='word_1_349' title='bbox 1991 1364 2159 1421; x_wconf 82' lang='lat' dir='ltr'><strong>Clem.</strong></span> <span class='ocrx_word' id='word_1_350' title='bbox 2199 1364 2353 1420; x_wconf 70' lang='lat' dir='ltr'><strong>Alex.</strong></span> <span class='ocrx_word' id='word_1_351' title='bbox 2406 1361 2667 1419; x_wconf 85' lang='lat' dir='ltr'><strong>Stromat.</strong></span> <span class='ocrx_word' id='word_1_352' title='bbox 2698 1361 2982 1417; x_wconf 83' lang='lat' dir='ltr'><strong>——Timor</strong></span> <span class='ocrx_word' id='word_1_353' title='bbox 3023 1362 3119 1418; x_wconf 89' lang='lat' dir='ltr'><strong>Dei</strong></span> <span class='ocrx_word' id='word_1_354' title='bbox 3153 1362 3247 1434; x_wconf 87' lang='lat' dir='ltr'><strong>qui</strong></span> <span class='ocrx_word' id='word_1_355' title='bbox 3288 1372 3500 1435; x_wconf 84' lang='lat' dir='ltr'><strong>pertur-</strong></span> 
     </span>
    </p>
   </div>
   <div class='ocr_carea' id='block_1_52' title="bbox 1921 1455 3492 1526">
    <p class='ocr_par' dir='ltr' id='par_1_52' title="bbox 1921 1455 3492 1526">
     <span class='ocr_line' id='line_1_52' title="bbox 1921 1455 3492 1526; baseline -0.001 -12"><span class='ocrx_word' id='word_1_356' title='bbox 1921 1457 2241 1514; x_wconf 90' lang='lat' dir='ltr'><strong>bationibus</strong></span> <span class='ocrx_word' id='word_1_357' title='bbox 2282 1464 2464 1520; x_wconf 79' lang='lat' dir='ltr'><strong>vacat,</strong></span> <span class='ocrx_word' id='word_1_358' title='bbox 2497 1455 2901 1526; x_wconf 84' lang='lat' dir='ltr'><strong>perturbationi</strong></span> <span class='ocrx_word' id='word_1_359' title='bbox 2946 1471 3057 1511; x_wconf 89' lang='lat' dir='ltr'><strong>non</strong></span> <span class='ocrx_word' id='word_1_360' title='bbox 3082 1465 3166 1512; x_wconf 88' lang='lat' dir='ltr'><strong>est</strong></span> <span class='ocrx_word' id='word_1_361' title='bbox 3198 1456 3492 1512; x_wconf 79' lang='lat' dir='ltr'><strong>obnoxius.</strong></span> 
     </span>
    </p>
   </div>
   <div class='ocr_carea' id='block_1_53' title="bbox 1920 1545 3497 1620">
    <p class='ocr_par' dir='ltr' id='par_1_53' title="bbox 1920 1545 3497 1620">
     <span class='ocr_line' id='line_1_53' title="bbox 1920 1545 3497 1620; baseline -0.001 -16"><span class='ocrx_word' id='word_1_362' title='bbox 1920 1547 2111 1620; x_wconf 81' lang='lat' dir='ltr'><strong>Neque</strong></span> <span class='ocrx_word' id='word_1_363' title='bbox 2135 1548 2281 1604; x_wconf 89' lang='lat' dir='ltr'><strong>enim</strong></span> <span class='ocrx_word' id='word_1_364' title='bbox 2322 1546 2496 1602; x_wconf 87' lang='lat' dir='ltr'><strong>Deum</strong></span> <span class='ocrx_word' id='word_1_365' title='bbox 2535 1548 2834 1618; x_wconf 81' lang='lat' dir='ltr'><strong>quisquam</strong></span> <span class='ocrx_word' id='word_1_366' title='bbox 2874 1547 3055 1615; x_wconf 89' lang='lat' dir='ltr'><strong>timet,</strong></span> <span class='ocrx_word' id='word_1_367' title='bbox 3096 1547 3193 1603; x_wconf 86' lang='lat' dir='ltr'><strong>sed</strong></span> <span class='ocrx_word' id='word_1_368' title='bbox 3228 1562 3294 1602; x_wconf 91' lang='lat' dir='ltr'><strong>ne</strong></span> <span class='ocrx_word' id='word_1_369' title='bbox 3329 1545 3497 1602; x_wconf 81' lang='lat' dir='ltr'><strong>aDeo</strong></span> 
     </span>
    </p>
   </div>
   <div class='ocr_carea' id='block_1_54' title="bbox 1921 1636 3495 1704">
    <p class='ocr_par' dir='ltr' id='par_1_54' title="bbox 1921 1636 3495 1704">
     <span class='ocr_line' id='line_1_54' title="bbox 1921 1636 3495 1704; baseline -0.003 -8"><span class='ocrx_word' id='word_1_370' title='bbox 1921 1639 2161 1696; x_wconf 80' lang='lat' dir='ltr'><strong>excidat.</strong></span> <span class='ocrx_word' id='word_1_371' title='bbox 2226 1637 2333 1704; x_wconf 92' lang='lat' dir='ltr'><strong>Qui</strong></span> <span class='ocrx_word' id='word_1_372' title='bbox 2392 1646 2577 1694; x_wconf 85' lang='lat' dir='ltr'><strong>autem</strong></span> <span class='ocrx_word' id='word_1_373' title='bbox 2645 1638 2751 1693; x_wconf 83' lang='lat' dir='ltr'><strong>hoc</strong></span> <span class='ocrx_word' id='word_1_374' title='bbox 2819 1638 2996 1703; x_wconf 83' lang='lat' dir='ltr'><strong>timet,</strong></span> <span class='ocrx_word' id='word_1_375' title='bbox 3059 1653 3129 1693; x_wconf 89' lang='lat' dir='ltr'><strong>ne</strong></span> <span class='ocrx_word' id='word_1_376' title='bbox 3194 1637 3397 1693; x_wconf 87' lang='lat' dir='ltr'><strong>incidat</strong></span> <span class='ocrx_word' id='word_1_377' title='bbox 3440 1636 3495 1692; x_wconf 90' lang='lat' dir='ltr'><strong>in</strong></span> 
     </span>
    </p>
   </div>
   <div class='ocr_carea' id='block_1_55' title="bbox 1852 1717 3495 1802">
    <p class='ocr_par' dir='ltr' id='par_1_55' title="bbox 1852 1717 3495 1802">
     <span class='ocr_line' id='line_1_55' title="bbox 1852 1717 3495 1802; baseline -0.002 -16"><span class='ocrx_word' id='word_1_378' title='bbox 1852 1717 1895 1778; x_wconf 79' lang='grc' dir='ltr'><strong>Β</strong></span> <span class='ocrx_word' id='word_1_379' title='bbox 1926 1732 2088 1797; x_wconf 88' lang='lat' dir='ltr'><strong>mala,</strong></span> <span class='ocrx_word' id='word_1_380' title='bbox 2129 1732 2178 1788; x_wconf 87' lang='lat' dir='ltr'><strong>is</strong></span> <span class='ocrx_word' id='word_1_381' title='bbox 2219 1730 2447 1802; x_wconf 87' lang='lat' dir='ltr'><strong>proinde</strong></span> <span class='ocrx_word' id='word_1_382' title='bbox 2498 1730 2642 1785; x_wconf 87' lang='lat' dir='ltr'><strong>mala</strong></span> <span class='ocrx_word' id='word_1_383' title='bbox 2694 1731 2917 1785; x_wconf 91' lang='lat' dir='ltr'><strong>metuit.</strong></span> <span class='ocrx_word' id='word_1_384' title='bbox 2965 1731 3138 1786; x_wconf 85' lang='lat' dir='ltr'><strong>Porro</strong></span> <span class='ocrx_word' id='word_1_385' title='bbox 3176 1729 3269 1800; x_wconf 91' lang='lat' dir='ltr'><strong>qui</strong></span> <span class='ocrx_word' id='word_1_386' title='bbox 3305 1743 3495 1783; x_wconf 87' lang='lat' dir='ltr'><strong>casum</strong></span> 
     </span>
    </p>
   </div>
   <div class='ocr_carea' id='block_1_56' title="bbox 1927 1817 3495 1893">
    <p class='ocr_par' dir='ltr' id='par_1_56' title="bbox 1927 1817 3495 1893">
     <span class='ocr_line' id='line_1_56' title="bbox 1927 1817 3495 1893; baseline -0.005 -13"><span class='ocrx_word' id='word_1_387' title='bbox 1927 1824 2100 1890; x_wconf 86' lang='lat' dir='ltr'><strong>timet,</strong></span> <span class='ocrx_word' id='word_1_388' title='bbox 2131 1825 2180 1880; x_wconf 89' lang='lat' dir='ltr'><strong>is</strong></span> <span class='ocrx_word' id='word_1_389' title='bbox 2213 1822 2285 1879; x_wconf 90' lang='lat' dir='ltr'><strong>ab</strong></span> <span class='ocrx_word' id='word_1_390' title='bbox 2314 1822 2543 1878; x_wconf 83' lang='lat' dir='ltr'><strong>interitu</strong></span> <span class='ocrx_word' id='word_1_391' title='bbox 2569 1828 2623 1877; x_wconf 88' lang='lat' dir='ltr'><strong>et</strong></span> <span class='ocrx_word' id='word_1_392' title='bbox 2651 1821 3101 1893; x_wconf 84' lang='lat' dir='ltr'><strong>perpessionibus</strong></span> <span class='ocrx_word' id='word_1_393' title='bbox 3134 1818 3348 1875; x_wconf 86' lang='lat' dir='ltr'><strong>alienus</strong></span> <span class='ocrx_word' id='word_1_394' title='bbox 3379 1817 3495 1873; x_wconf 74' lang='lat' dir='ltr'><strong>ﬁeri</strong></span> 
     </span>
    </p>
   </div>
   <div class='ocr_carea' id='block_1_57' title="bbox 1924 1917 2097 1986">
    <p class='ocr_par' dir='ltr' id='par_1_57' title="bbox 1924 1917 2097 1986">
     <span class='ocr_line' id='line_1_57' title="bbox 1924 1917 2097 1986; baseline 0 -13"><span class='ocrx_word' id='word_1_395' title='bbox 1924 1917 2097 1986; x_wconf 83' lang='lat' dir='ltr'><strong>cupit.</strong></span> 
     </span>
    </p>
   </div>
   <div class='ocr_carea' id='block_1_58' title="bbox 1998 2000 3497 2080">
    <p class='ocr_par' dir='ltr' id='par_1_58' title="bbox 1998 2000 3497 2080">
     <span class='ocr_line' id='line_1_58' title="bbox 1998 2000 3497 2080; baseline -0.006 -16"><span class='ocrx_word' id='word_1_396' title='bbox 1998 2008 2213 2080; x_wconf 79' lang='lat' dir='ltr'><strong>Didym.</strong></span> <span class='ocrx_word' id='word_1_397' title='bbox 2245 2009 2297 2063; x_wconf 86' lang='lat' dir='ltr'><strong>in</strong></span> <span class='ocrx_word' id='word_1_398' title='bbox 2320 2005 2435 2064; x_wconf 74' lang='lat' dir='ltr'><strong>Isa.</strong></span> <span class='ocrx_word' id='word_1_399' title='bbox 2462 2036 2535 2048; x_wconf 91' lang='lat'><strong>—</strong></span> <span class='ocrx_word' id='word_1_400' title='bbox 2557 2005 2703 2062; x_wconf 82' lang='lat' dir='ltr'><strong>Fieri</strong></span> <span class='ocrx_word' id='word_1_401' title='bbox 2752 2019 2858 2061; x_wconf 86' lang='lat' dir='ltr'><strong>non</strong></span> <span class='ocrx_word' id='word_1_402' title='bbox 2893 2010 3172 2075; x_wconf 87' lang='lat' dir='ltr'><strong>potest,ut</strong></span> <span class='ocrx_word' id='word_1_403' title='bbox 3200 2001 3307 2079; x_wconf 84' lang='lat' dir='ltr'><strong>qui</strong></span> <span class='ocrx_word' id='word_1_404' title='bbox 3329 2000 3465 2056; x_wconf 88' lang='lat' dir='ltr'><strong>timo</strong></span> <span class='ocrx_word' id='word_1_405' title='bbox 3490 2035 3497 2042; x_wconf 72' lang='lat'><strong><em>~</em></strong></span> 
     </span>
    </p>
   </div>
   <div class='ocr_carea' id='block_1_59' title="bbox 1924 2094 3496 2174">
    <p class='ocr_par' dir='ltr' id='par_1_59' title="bbox 1924 2094 3496 2174">
     <span class='ocr_line' id='line_1_59' title="bbox 1924 2094 3496 2174; baseline -0.007 -14"><span class='ocrx_word' id='word_1_406' title='bbox 1924 2119 1985 2160; x_wconf 88' lang='lat' dir='ltr'><strong>re</strong></span> <span class='ocrx_word' id='word_1_407' title='bbox 2040 2101 2132 2158; x_wconf 86' lang='lat' dir='ltr'><strong>Dei</strong></span> <span class='ocrx_word' id='word_1_408' title='bbox 2190 2100 2452 2174; x_wconf 59' lang='lat' dir='ltr'><strong>praditus</strong></span> <span class='ocrx_word' id='word_1_409' title='bbox 2507 2110 2612 2165; x_wconf 88' lang='lat' dir='ltr'><strong>est,</strong></span> <span class='ocrx_word' id='word_1_410' title='bbox 2677 2099 3041 2154; x_wconf 87' lang='lat' dir='ltr'><strong>meticulosus</strong></span> <span class='ocrx_word' id='word_1_411' title='bbox 3094 2099 3224 2153; x_wconf 90' lang='lat' dir='ltr'><strong>sit:</strong></span> <span class='ocrx_word' id='word_1_412' title='bbox 3274 2094 3496 2168; x_wconf 86' lang='lat' dir='ltr'><strong>quando</strong></span> 
     </span>
    </p>
   </div>
   <div class='ocr_carea' id='block_1_60' title="bbox 1924 2187 3499 2265">
    <p class='ocr_par' dir='ltr' id='par_1_60' title="bbox 1924 2187 3499 2265">
     <span class='ocr_line' id='line_1_60' title="bbox 1924 2187 3499 2265; baseline -0.008 -12"><span class='ocrx_word' id='word_1_413' title='bbox 1924 2197 2135 2253; x_wconf 86' lang='lat' dir='ltr'><strong>dictum</strong></span> <span class='ocrx_word' id='word_1_414' title='bbox 2179 2202 2307 2251; x_wconf 87' lang='lat' dir='ltr'><strong>est:</strong></span> <span class='ocrx_word' id='word_1_415' title='bbox 2351 2213 2370 2248; x_wconf 79' lang='grc' dir='ltr'><strong>ι</strong></span> <span class='ocrx_word' id='word_1_416' title='bbox 2406 2194 2615 2250; x_wconf 63' lang='lat' dir='ltr'><strong>Praeter</strong></span> <span class='ocrx_word' id='word_1_417' title='bbox 2654 2191 2811 2247; x_wconf 87' lang='lat' dir='ltr'><strong>illum</strong></span> <span class='ocrx_word' id='word_1_418' title='bbox 2857 2206 2925 2248; x_wconf 89' lang='lat' dir='ltr'><strong>ne</strong></span> <span class='ocrx_word' id='word_1_419' title='bbox 2962 2204 3296 2265; x_wconf 68' lang='lat' dir='ltr'><strong>quemquem</strong></span> <span class='ocrx_word' id='word_1_420' title='bbox 3330 2187 3499 2243; x_wconf 84' lang='lat' dir='ltr'><strong>alium</strong></span> 
     </span>
    </p>
   </div>
   <div class='ocr_carea' id='block_1_61' title="bbox 1926 2300 2221 2345">
    <p class='ocr_par' dir='ltr' id='par_1_61' title="bbox 1926 2300 2221 2345">
     <span class='ocr_line' id='line_1_61' title="bbox 1926 2300 2221 2345; baseline -0.017 0"><span class='ocrx_word' id='word_1_421' title='bbox 1926 2300 2157 2345; x_wconf 89' lang='lat' dir='ltr'><strong>metuas.</strong></span> <span class='ocrx_word' id='word_1_422' title='bbox 2202 2307 2221 2340; x_wconf 91' lang='lat'><strong>0</strong></span> 
     </span>
    </p>
   </div>
   <div class='ocr_carea' id='block_1_62' title="bbox 1999 2378 3499 2453">
    <p class='ocr_par' dir='ltr' id='par_1_62' title="bbox 1999 2378 3499 2453">
     <span class='ocr_line' id='line_1_62' title="bbox 1999 2378 3499 2453; baseline 0.001 -16"><span class='ocrx_word' id='word_1_423' title='bbox 1999 2382 2229 2453; x_wconf 77' lang='lat' dir='ltr'><strong>Evagrii.</strong></span> <span class='ocrx_word' id='word_1_424' title='bbox 2263 2411 2330 2423; x_wconf 88' lang='lat'><strong>--</strong></span> <span class='ocrx_word' id='word_1_425' title='bbox 2362 2379 2469 2448; x_wconf 85' lang='lat' dir='ltr'><strong>Qui</strong></span> <span class='ocrx_word' id='word_1_426' title='bbox 2522 2380 2680 2437; x_wconf 81' lang='lat' dir='ltr'><strong>timet</strong></span> <span class='ocrx_word' id='word_1_427' title='bbox 2724 2378 2921 2449; x_wconf 86' lang='lat' dir='ltr'><strong>Deum,</strong></span> <span class='ocrx_word' id='word_1_428' title='bbox 2967 2381 3150 2435; x_wconf 86' lang='lat' dir='ltr'><strong>omnia</strong></span> <span class='ocrx_word' id='word_1_429' title='bbox 3191 2379 3499 2439; x_wconf 81' lang='lat' dir='ltr'><strong>secundum</strong></span> 
     </span>
    </p>
   </div>
   <div class='ocr_carea' id='block_1_63' title="bbox 1925 2474 2277 2547">
    <p class='ocr_par' dir='ltr' id='par_1_63' title="bbox 1925 2474 2277 2547">
     <span class='ocr_line' id='line_1_63' title="bbox 1925 2474 2277 2547; baseline -0.009 -16"><span class='ocrx_word' id='word_1_430' title='bbox 1925 2476 2092 2531; x_wconf 89' lang='lat' dir='ltr'><strong>Deum</strong></span> <span class='ocrx_word' id='word_1_431' title='bbox 2120 2474 2277 2547; x_wconf 77' lang='lat' dir='ltr'><strong>gerit.</strong></span> 
     </span>
    </p>
   </div>
   <div class='ocr_carea' id='block_1_64' title="bbox 1994 2566 3499 2639">
    <p class='ocr_par' dir='ltr' id='par_1_64' title="bbox 1994 2566 3499 2639">
     <span class='ocr_line' id='line_1_64' title="bbox 1994 2566 3499 2639; baseline 0.004 -17"><span class='ocrx_word' id='word_1_432' title='bbox 1994 2566 2271 2639; x_wconf 73' lang='lat' dir='ltr'><strong>Ejusdem.</strong></span> <span class='ocrx_word' id='word_1_433' title='bbox 2319 2597 2390 2609; x_wconf 87' lang='lat'><em>--</em></span> <span class='ocrx_word' id='word_1_434' title='bbox 2432 2568 2577 2625; x_wconf 87' lang='lat' dir='ltr'><strong>Deus</strong></span> <span class='ocrx_word' id='word_1_435' title='bbox 2621 2567 2891 2625; x_wconf 85' lang='lat' dir='ltr'><strong>terribilis</strong></span> <span class='ocrx_word' id='word_1_436' title='bbox 2929 2582 3055 2625; x_wconf 86' lang='lat' dir='ltr'><strong>esse</strong></span> <span class='ocrx_word' id='word_1_437' title='bbox 3102 2567 3309 2626; x_wconf 78' lang='lat' dir='ltr'><strong>dicitur</strong></span> <span class='ocrx_word' id='word_1_438' title='bbox 3338 2588 3356 2627; x_wconf 88' lang='lat'><strong>:</strong></span> <span class='ocrx_word' id='word_1_439' title='bbox 3386 2585 3499 2628; x_wconf 85' lang='lat' dir='ltr'><strong>non</strong></span> 
     </span>
    </p>
   </div>
   <div class='ocr_carea' id='block_1_65' title="bbox 1923 2653 3609 2734">
    <p class='ocr_par' dir='ltr' id='par_1_65' title="bbox 1923 2653 3609 2734">
     <span class='ocr_line' id='line_1_65' title="bbox 1923 2653 3609 2734; baseline 0.001 -16"><span class='ocrx_word' id='word_1_440' title='bbox 1923 2661 2069 2734; x_wconf 88' lang='lat' dir='ltr'><strong>quod</strong></span> <span class='ocrx_word' id='word_1_441' title='bbox 2101 2663 2155 2717; x_wconf 91' lang='lat' dir='ltr'><strong>in</strong></span> <span class='ocrx_word' id='word_1_442' title='bbox 2188 2660 2467 2733; x_wconf 76' lang='lat' dir='ltr'><strong>pestifera:</strong></span> <span class='ocrx_word' id='word_1_443' title='bbox 2500 2662 2695 2718; x_wconf 82' lang='lat' dir='ltr'><strong>belluas</strong></span> <span class='ocrx_word' id='word_1_444' title='bbox 2732 2670 2826 2717; x_wconf 90' lang='lat' dir='ltr'><strong>aut</strong></span> <span class='ocrx_word' id='word_1_445' title='bbox 2855 2662 2988 2718; x_wconf 67' lang='lat' dir='ltr'><strong>saevi</strong></span> <span class='ocrx_word' id='word_1_446' title='bbox 3021 2661 3262 2719; x_wconf 84' lang='lat' dir='ltr'><strong>hominis</strong></span> <span class='ocrx_word' id='word_1_447' title='bbox 3289 2678 3500 2720; x_wconf 89' lang='lat' dir='ltr'><strong>morem</strong></span> <span class='ocrx_word' id='word_1_448' title='bbox 3608 2653 3609 2656; x_wconf 33' lang='grc'><em>“</em></span> 
     </span>
    </p>
   </div>
   <div class='ocr_carea' id='block_1_66' title="bbox 1925 2754 3499 2827">
    <p class='ocr_par' dir='ltr' id='par_1_66' title="bbox 1925 2754 3499 2827">
     <span class='ocr_line' id='line_1_66' title="bbox 1925 2754 3499 2827; baseline 0.001 -16"><span class='ocrx_word' id='word_1_449' title='bbox 1925 2765 2191 2812; x_wconf 88' lang='lat' dir='ltr'><strong>terrorem</strong></span> <span class='ocrx_word' id='word_1_450' title='bbox 2227 2754 2483 2811; x_wconf 87' lang='lat' dir='ltr'><strong>incutiat.</strong></span> <span class='ocrx_word' id='word_1_451' title='bbox 2519 2754 2666 2813; x_wconf 88' lang='lat' dir='ltr'><strong>Deus</strong></span> <span class='ocrx_word' id='word_1_452' title='bbox 2693 2756 2896 2827; x_wconf 85' lang='lat' dir='ltr'><strong>quippe</strong></span> <span class='ocrx_word' id='word_1_453' title='bbox 2927 2761 3012 2811; x_wconf 85' lang='lat' dir='ltr'><strong>est</strong></span> <span class='ocrx_word' id='word_1_454' title='bbox 3045 2754 3162 2821; x_wconf 84' lang='lat' dir='ltr'><strong>lux,</strong></span> <span class='ocrx_word' id='word_1_455' title='bbox 3209 2755 3320 2822; x_wconf 89' lang='lat' dir='ltr'><strong>via,</strong></span> <span class='ocrx_word' id='word_1_456' title='bbox 3355 2756 3499 2812; x_wconf 84' lang='lat' dir='ltr'><strong>veri-</strong></span> 
     </span>
    </p>
   </div>
   <div class='ocr_carea' id='block_1_67' title="bbox 1924 2846 3499 2920">
    <p class='ocr_par' dir='ltr' id='par_1_67' title="bbox 1924 2846 3499 2920">
     <span class='ocr_line' id='line_1_67' title="bbox 1924 2846 3499 2920; baseline -0.001 -16"><span class='ocrx_word' id='word_1_457' title='bbox 1924 2858 2032 2916; x_wconf 87' lang='lat' dir='ltr'><strong>tas,</strong></span> <span class='ocrx_word' id='word_1_458' title='bbox 2065 2857 2121 2905; x_wconf 87' lang='lat' dir='ltr'><strong>et</strong></span> <span class='ocrx_word' id='word_1_459' title='bbox 2154 2847 2289 2915; x_wconf 87' lang='lat' dir='ltr'><strong>vita,</strong></span> <span class='ocrx_word' id='word_1_460' title='bbox 2322 2856 2432 2904; x_wconf 91' lang='lat' dir='ltr'><strong>etc.</strong></span> <span class='ocrx_word' id='word_1_461' title='bbox 2463 2847 2700 2912; x_wconf 84' lang='lat' dir='ltr'><strong>Quinam</strong></span> <span class='ocrx_word' id='word_1_462' title='bbox 2746 2863 2881 2920; x_wconf 75' lang='lat' dir='ltr'><strong>ergo</strong></span> <span class='ocrx_word' id='word_1_463' title='bbox 2928 2846 3133 2914; x_wconf 88' lang='lat' dir='ltr'><strong>lucem,</strong></span> <span class='ocrx_word' id='word_1_464' title='bbox 3182 2857 3276 2903; x_wconf 81' lang='lat' dir='ltr'><strong>aut</strong></span> <span class='ocrx_word' id='word_1_465' title='bbox 3306 2846 3499 2914; x_wconf 88' lang='lat' dir='ltr'><strong>vitam,</strong></span> 
     </span>
    </p>
   </div>
   <div class='ocr_carea' id='block_1_68' title="bbox 1923 2940 3501 3012">
    <p class='ocr_par' dir='ltr' id='par_1_68' title="bbox 1923 2940 3501 3012">
     <span class='ocr_line' id='line_1_68' title="bbox 1923 2940 3501 3012; baseline -0.003 -13"><span class='ocrx_word' id='word_1_466' title='bbox 1923 2951 2020 2999; x_wconf 88' lang='lat' dir='ltr'><strong>aut</strong></span> <span class='ocrx_word' id='word_1_467' title='bbox 2088 2942 2417 3008; x_wconf 80' lang='lat' dir='ltr'><strong>veritatem,</strong></span> <span class='ocrx_word' id='word_1_468' title='bbox 2479 2949 2576 2997; x_wconf 86' lang='lat' dir='ltr'><strong>aut</strong></span> <span class='ocrx_word' id='word_1_469' title='bbox 2639 2941 3098 2998; x_wconf 84' lang='lat' dir='ltr'><strong>resurrectionem</strong></span> <span class='ocrx_word' id='word_1_470' title='bbox 3176 2940 3501 3012; x_wconf 80' lang='lat' dir='ltr'><strong>perhorres-</strong></span> 
     </span>
    </p>
   </div>
   <div class='ocr_carea' id='block_1_69' title="bbox 1926 3031 3495 3109">
    <p class='ocr_par' dir='ltr' id='par_1_69' title="bbox 1926 3031 3495 3109">
     <span class='ocr_line' id='line_1_69' title="bbox 1926 3031 3495 3109; baseline -0.003 -16"><span class='ocrx_word' id='word_1_471' title='bbox 1926 3036 2159 3093; x_wconf 82' lang='lat' dir='ltr'><strong>camus?</strong></span> <span class='ocrx_word' id='word_1_472' title='bbox 2200 3036 2316 3093; x_wconf 84' lang='lat' dir='ltr'><strong>Hoc</strong></span> <span class='ocrx_word' id='word_1_473' title='bbox 2362 3036 2593 3109; x_wconf 87' lang='lat' dir='ltr'><strong>perinde</strong></span> <span class='ocrx_word' id='word_1_474' title='bbox 2630 3043 2734 3103; x_wconf 89' lang='lat' dir='ltr'><strong>est,</strong></span> <span class='ocrx_word' id='word_1_475' title='bbox 2780 3050 2845 3091; x_wconf 89' lang='lat' dir='ltr'><strong>ac</strong></span> <span class='ocrx_word' id='word_1_476' title='bbox 2904 3034 2951 3090; x_wconf 92' lang='lat' dir='ltr'><strong>si</strong></span> <span class='ocrx_word' id='word_1_477' title='bbox 3002 3035 3128 3105; x_wconf 88' lang='lat' dir='ltr'><strong>quis</strong></span> <span class='ocrx_word' id='word_1_478' title='bbox 3174 3033 3230 3089; x_wconf 88' lang='lat' dir='ltr'><strong>in</strong></span> <span class='ocrx_word' id='word_1_479' title='bbox 3269 3031 3495 3089; x_wconf 84' lang='lat' dir='ltr'><strong>sublimi</strong></span> 
     </span>
    </p>
   </div>
   <div class='ocr_carea' id='block_1_70' title="bbox 1926 3125 3501 3201">
    <p class='ocr_par' dir='ltr' id='par_1_70' title="bbox 1926 3125 3501 3201">
     <span class='ocr_line' id='line_1_70' title="bbox 1926 3125 3501 3201; baseline -0.001 -16"><span class='ocrx_word' id='word_1_480' title='bbox 1926 3128 2168 3201; x_wconf 88' lang='lat' dir='ltr'><strong>quodam</strong></span> <span class='ocrx_word' id='word_1_481' title='bbox 2206 3136 2397 3186; x_wconf 90' lang='lat' dir='ltr'><strong>monte</strong></span> <span class='ocrx_word' id='word_1_482' title='bbox 2424 3144 2620 3201; x_wconf 83' lang='lat' dir='ltr'><strong>agens,</strong></span> <span class='ocrx_word' id='word_1_483' title='bbox 2661 3128 2842 3200; x_wconf 85' lang='lat' dir='ltr'><strong>ipsum</strong></span> <span class='ocrx_word' id='word_1_484' title='bbox 2870 3133 3120 3184; x_wconf 81' lang='lat' dir='ltr'><strong>metuere</strong></span> <span class='ocrx_word' id='word_1_485' title='bbox 3149 3125 3410 3195; x_wconf 84' lang='lat' dir='ltr'><strong>dicatur;</strong></span> <span class='ocrx_word' id='word_1_486' title='bbox 3450 3127 3501 3183; x_wconf 82' lang='lat' dir='ltr'><strong>is</strong></span> 
     </span>
    </p>
   </div>
   <div class='ocr_carea' id='block_1_71' title="bbox 1923 3214 3505 3292">
    <p class='ocr_par' dir='ltr' id='par_1_71' title="bbox 1923 3214 3505 3292">
     <span class='ocr_line' id='line_1_71' title="bbox 1923 3214 3505 3292; baseline -0.001 -17"><span class='ocrx_word' id='word_1_487' title='bbox 1923 3220 2088 3292; x_wconf 82' lang='lat' dir='ltr'><strong>plane</strong></span> <span class='ocrx_word' id='word_1_488' title='bbox 2121 3234 2234 3275; x_wconf 91' lang='lat' dir='ltr'><strong>non</strong></span> <span class='ocrx_word' id='word_1_489' title='bbox 2288 3227 2529 3274; x_wconf 85' lang='lat' dir='ltr'><strong>montem</strong></span> <span class='ocrx_word' id='word_1_490' title='bbox 2567 3218 2742 3284; x_wconf 81' lang='lat' dir='ltr'><strong>timet,</strong></span> <span class='ocrx_word' id='word_1_491' title='bbox 2787 3214 2884 3274; x_wconf 84' lang='lat' dir='ltr'><strong>sed</strong></span> <span class='ocrx_word' id='word_1_492' title='bbox 2920 3232 2989 3272; x_wconf 90' lang='lat' dir='ltr'><strong>ne</strong></span> <span class='ocrx_word' id='word_1_493' title='bbox 3032 3230 3098 3271; x_wconf 79' lang='lat' dir='ltr'><strong>ex</strong></span> <span class='ocrx_word' id='word_1_494' title='bbox 3141 3228 3209 3271; x_wconf 88' lang='lat' dir='ltr'><strong>eo</strong></span> <span class='ocrx_word' id='word_1_495' title='bbox 3254 3230 3505 3287; x_wconf 72' lang='lat' dir='ltr'><strong>praeceps</strong></span> 
     </span>
    </p>
   </div>
   <div class='ocr_carea' id='block_1_72' title="bbox 1923 3308 3502 3377">
    <p class='ocr_par' dir='ltr' id='par_1_72' title="bbox 1923 3308 3502 3377">
     <span class='ocr_line' id='line_1_72' title="bbox 1923 3308 3502 3377; baseline -0.004 -5"><span class='ocrx_word' id='word_1_496' title='bbox 1923 3323 2067 3372; x_wconf 88' lang='lat' dir='ltr'><strong>ruat.</strong></span> <span class='ocrx_word' id='word_1_497' title='bbox 2115 3312 2197 3369; x_wconf 85' lang='lat' dir='ltr'><strong>Ad</strong></span> <span class='ocrx_word' id='word_1_498' title='bbox 2241 3312 2496 3370; x_wconf 89' lang='lat' dir='ltr'><strong>eumdem</strong></span> <span class='ocrx_word' id='word_1_499' title='bbox 2542 3311 2768 3368; x_wconf 89' lang='lat' dir='ltr'><strong>modum</strong></span> <span class='ocrx_word' id='word_1_500' title='bbox 2833 3308 3004 3365; x_wconf 86' lang='lat' dir='ltr'><strong>Deum</strong></span> <span class='ocrx_word' id='word_1_501' title='bbox 3050 3309 3502 3377; x_wconf 80' lang='lat' dir='ltr'><strong>extimescimus;</strong></span> 
     </span>
    </p>
   </div>
   <div class='ocr_carea' id='block_1_73' title="bbox 1922 3400 3505 3478">
    <p class='ocr_par' dir='ltr' id='par_1_73' title="bbox 1922 3400 3505 3478">
     <span class='ocr_line' id='line_1_73' title="bbox 1922 3400 3505 3478; baseline -0.003 -14"><span class='ocrx_word' id='word_1_502' title='bbox 1922 3407 2026 3464; x_wconf 89' lang='lat' dir='ltr'><strong>boc</strong></span> <span class='ocrx_word' id='word_1_503' title='bbox 2054 3407 2240 3478; x_wconf 89' lang='lat' dir='ltr'><strong>utique</strong></span> <span class='ocrx_word' id='word_1_504' title='bbox 2270 3412 2595 3470; x_wconf 86' lang='lat' dir='ltr'><strong>metuentes,</strong></span> <span class='ocrx_word' id='word_1_505' title='bbox 2630 3418 2699 3460; x_wconf 89' lang='lat' dir='ltr'><strong>ne</strong></span> <span class='ocrx_word' id='word_1_506' title='bbox 2735 3418 2767 3459; x_wconf 88' lang='lat' dir='ltr'><strong>a</strong></span> <span class='ocrx_word' id='word_1_507' title='bbox 2800 3405 2921 3461; x_wconf 89' lang='lat' dir='ltr'><strong>luce</strong></span> <span class='ocrx_word' id='word_1_508' title='bbox 2945 3442 2961 3469; x_wconf 88' lang='lat'><strong>,</strong></span> <span class='ocrx_word' id='word_1_509' title='bbox 3001 3400 3133 3471; x_wconf 79' lang='lat' dir='ltr'><strong>vita,</strong></span> <span class='ocrx_word' id='word_1_510' title='bbox 3167 3402 3400 3459; x_wconf 85' lang='lat' dir='ltr'><strong>veritate</strong></span> <span class='ocrx_word' id='word_1_511' title='bbox 3447 3411 3505 3459; x_wconf 90' lang='lat' dir='ltr'><strong>et</strong></span> 
     </span>
    </p>
   </div>
   <div class='ocr_carea' id='block_1_74' title="bbox 1924 3498 2540 3558">
    <p class='ocr_par' dir='ltr' id='par_1_74' title="bbox 1924 3498 2540 3558">
     <span class='ocr_line' id='line_1_74' title="bbox 1924 3498 2540 3558; baseline -0.005 0"><span class='ocrx_word' id='word_1_512' title='bbox 1924 3500 2156 3558; x_wconf 82' lang='lat' dir='ltr'><strong>scientia</strong></span> <span class='ocrx_word' id='word_1_513' title='bbox 2194 3498 2540 3556; x_wconf 83' lang='lat' dir='ltr'><strong>excidamus.</strong></span> 
     </span>
    </p>
   </div>
   <div class='ocr_carea' id='block_1_75' title="bbox 1995 3630 3505 3691">
    <p class='ocr_par' dir='ltr' id='par_1_75' title="bbox 1995 3630 3505 3691">
     <span class='ocr_line' id='line_1_75' title="bbox 1995 3630 3505 3691; baseline -0.001 -1"><span class='ocrx_word' id='word_1_514' title='bbox 1995 3634 2107 3690; x_wconf 88' lang='lat' dir='ltr'><strong>Tit.</strong></span> <span class='ocrx_word' id='word_1_515' title='bbox 2142 3631 2209 3689; x_wconf 73' lang='grc' dir='ltr'><strong>ν.</strong></span> <span class='ocrx_word' id='word_1_516' title='bbox 2232 3665 2304 3675; x_wconf 95' lang='lat'><strong>—</strong></span> <span class='ocrx_word' id='word_1_517' title='bbox 2329 3634 2408 3689; x_wconf 79' lang='lat' dir='ltr'><strong>De</strong></span> <span class='ocrx_word' id='word_1_518' title='bbox 2456 3632 2868 3689; x_wconf 80' lang='lat' dir='ltr'><strong>contradictione</strong></span> <span class='ocrx_word' id='word_1_519' title='bbox 2907 3633 3157 3691; x_wconf 73' lang='lat' dir='ltr'><strong>adt-enus</strong></span> <span class='ocrx_word' id='word_1_520' title='bbox 3201 3630 3367 3688; x_wconf 82' lang='lat' dir='ltr'><strong>Deum</strong></span> <span class='ocrx_word' id='word_1_521' title='bbox 3400 3646 3423 3688; x_wconf 92' lang='lat'><strong><em>:</em></strong></span> <span class='ocrx_word' id='word_1_522' title='bbox 3452 3642 3505 3689; x_wconf 83' lang='lat' dir='ltr'><strong>et</strong></span> 
     </span>
    </p>
   </div>
   <div class='ocr_carea' id='block_1_76' title="bbox 1992 3703 3500 3778">
    <p class='ocr_par' dir='ltr' id='par_1_76' title="bbox 1992 3703 3500 3778">
     <span class='ocr_line' id='line_1_76' title="bbox 1992 3703 3500 3778; baseline 0 -18"><span class='ocrx_word' id='word_1_523' title='bbox 1992 3707 2131 3778; x_wconf 83' lang='lat' dir='ltr'><strong>quod</strong></span> <span class='ocrx_word' id='word_1_524' title='bbox 2166 3704 2417 3761; x_wconf 73' lang='lat' dir='ltr'><strong>adversus</strong></span> <span class='ocrx_word' id='word_1_525' title='bbox 2452 3705 2620 3778; x_wconf 76' lang='lat' dir='ltr'><strong>Deum</strong></span> <span class='ocrx_word' id='word_1_526' title='bbox 2660 3707 2877 3778; x_wconf 76' lang='lat' dir='ltr'><strong>minime</strong></span> <span class='ocrx_word' id='word_1_527' title='bbox 2906 3706 2976 3762; x_wconf 71' lang='lat' dir='ltr'><strong>sit</strong></span> <span class='ocrx_word' id='word_1_528' title='bbox 3008 3703 3500 3772; x_wconf 66' lang='lat' dir='ltr'><strong>contrudit-endam,</strong></span> 
     </span>
    </p>
   </div>
   <div class='ocr_carea' id='block_1_77' title="bbox 1996 3776 2825 3847">
    <p class='ocr_par' dir='ltr' id='par_1_77' title="bbox 1996 3776 2825 3847">
     <span class='ocr_line' id='line_1_77' title="bbox 1996 3776 2825 3847; baseline 0.001 -16"><span class='ocrx_word' id='word_1_529' title='bbox 1996 3776 2088 3834; x_wconf 76' lang='lat' dir='ltr'><strong>nec</strong></span> <span class='ocrx_word' id='word_1_530' title='bbox 2116 3793 2232 3833; x_wconf 80' lang='lat' dir='ltr'><strong>cum</strong></span> <span class='ocrx_word' id='word_1_531' title='bbox 2266 3794 2326 3832; x_wconf 82' lang='lat' dir='ltr'><strong>eo</strong></span> <span class='ocrx_word' id='word_1_532' title='bbox 2356 3776 2825 3847; x_wconf 69' lang='lat' dir='ltr'><strong>expostulandum.</strong></span> 
     </span>
    </p>
   </div>
   <div class='ocr_carea' id='block_1_78' title="bbox 2001 3888 3501 3961">
    <p class='ocr_par' dir='ltr' id='par_1_78' title="bbox 2001 3888 3501 3961">
     <span class='ocr_line' id='line_1_78' title="bbox 2001 3888 3501 3961; baseline 0 -17"><span class='ocrx_word' id='word_1_533' title='bbox 2001 3889 2106 3945; x_wconf 86' lang='lat' dir='ltr'><strong>Job</strong></span> <span class='ocrx_word' id='word_1_534' title='bbox 2160 3904 2349 3951; x_wconf 76' lang='lat' dir='ltr'><strong>xxxiv.</strong></span> <span class='ocrx_word' id='word_1_535' title='bbox 2394 3889 2487 3946; x_wconf 79' lang='lat'><strong>57.</strong></span> <span class='ocrx_word' id='word_1_536' title='bbox 2525 3920 2595 3932; x_wconf 86' lang='lat'><strong>--</strong></span> <span class='ocrx_word' id='word_1_537' title='bbox 2632 3906 2652 3941; x_wconf 78' lang='grc' dir='ltr'><strong>ι</strong></span> <span class='ocrx_word' id='word_1_538' title='bbox 2705 3888 2970 3961; x_wconf 86' lang='lat' dir='ltr'><strong>lniquitas</strong></span> <span class='ocrx_word' id='word_1_539' title='bbox 3017 3890 3178 3948; x_wconf 87' lang='lat' dir='ltr'><strong>nobis</strong></span> <span class='ocrx_word' id='word_1_540' title='bbox 3220 3888 3501 3961; x_wconf 83' lang='lat' dir='ltr'><strong>reputabi-</strong></span> 
     </span>
    </p>
   </div>
   <div class='ocr_carea' id='block_1_79' title="bbox 1926 3982 3389 4055">
    <p class='ocr_par' dir='ltr' id='par_1_79' title="bbox 1926 3982 3389 4055">
     <span class='ocr_line' id='line_1_79' title="bbox 1926 3982 3389 4055; baseline -0.001 -16"><span class='ocrx_word' id='word_1_541' title='bbox 1926 3991 2037 4049; x_wconf 90' lang='lat' dir='ltr'><strong>tur,</strong></span> <span class='ocrx_word' id='word_1_542' title='bbox 2067 3983 2238 4039; x_wconf 87' lang='lat' dir='ltr'><strong>multa</strong></span> <span class='ocrx_word' id='word_1_543' title='bbox 2264 3982 2430 4040; x_wconf 86' lang='lat' dir='ltr'><strong>verba</strong></span> <span class='ocrx_word' id='word_1_544' title='bbox 2467 3982 2822 4055; x_wconf 81' lang='lat' dir='ltr'><strong>loquentibus</strong></span> <span class='ocrx_word' id='word_1_545' title='bbox 2857 3998 3041 4039; x_wconf 87' lang='lat' dir='ltr'><strong>coram</strong></span> <span class='ocrx_word' id='word_1_546' title='bbox 3078 3982 3336 4040; x_wconf 87' lang='lat' dir='ltr'><strong>Domino.</strong></span> <span class='ocrx_word' id='word_1_547' title='bbox 3370 4002 3389 4037; x_wconf 77' lang='lat'><strong>0</strong></span> 
     </span>
    </p>
   </div>
   <div class='ocr_carea' id='block_1_80' title="bbox 2000 4073 3496 4141">
    <p class='ocr_par' dir='ltr' id='par_1_80' title="bbox 2000 4073 3496 4141">
     <span class='ocr_line' id='line_1_80' title="bbox 2000 4073 3496 4141; baseline 0.001 -12"><span class='ocrx_word' id='word_1_548' title='bbox 2000 4073 2105 4130; x_wconf 83' lang='lat' dir='ltr'><strong>Job</strong></span> <span class='ocrx_word' id='word_1_549' title='bbox 2154 4091 2231 4141; x_wconf 81' lang='lat' dir='ltr'><strong>Ix,</strong></span> <span class='ocrx_word' id='word_1_550' title='bbox 2268 4075 2360 4131; x_wconf 74' lang='lat'><strong>32.</strong></span> <span class='ocrx_word' id='word_1_551' title='bbox 2393 4104 2465 4118; x_wconf 90' lang='lat'><em>-</em></span> <span class='ocrx_word' id='word_1_552' title='bbox 2495 4094 2513 4129; x_wconf 87' lang='lat'><strong>0</strong></span> <span class='ocrx_word' id='word_1_553' title='bbox 2542 4074 2666 4131; x_wconf 82' lang='lat' dir='ltr'><strong>Non</strong></span> <span class='ocrx_word' id='word_1_554' title='bbox 2688 4091 2753 4133; x_wconf 84' lang='lat' dir='ltr'><strong>es</strong></span> <span class='ocrx_word' id='word_1_555' title='bbox 2791 4076 2955 4132; x_wconf 86' lang='lat' dir='ltr'><strong>homo</strong></span> <span class='ocrx_word' id='word_1_556' title='bbox 2984 4076 3181 4132; x_wconf 79' lang='lat' dir='ltr'><strong>similis</strong></span> <span class='ocrx_word' id='word_1_557' title='bbox 3206 4077 3336 4139; x_wconf 88' lang='lat' dir='ltr'><strong>mei.</strong></span> <span class='ocrx_word' id='word_1_558' title='bbox 3370 4090 3496 4131; x_wconf 90' lang='lat' dir='ltr'><strong>cum</strong></span> 
     </span>
    </p>
   </div>
   <div class='ocr_carea' id='block_1_81' title="bbox 1929 4163 3499 4241">
    <p class='ocr_par' dir='ltr' id='par_1_81' title="bbox 1929 4163 3499 4241">
     <span class='ocr_line' id='line_1_81' title="bbox 1929 4163 3499 4241; baseline 0 -18"><span class='ocrx_word' id='word_1_559' title='bbox 1929 4184 2039 4241; x_wconf 90' lang='lat' dir='ltr'><strong>quo</strong></span> <span class='ocrx_word' id='word_1_560' title='bbox 2102 4168 2337 4239; x_wconf 81' lang='lat' dir='ltr'><strong>litigem,</strong></span> <span class='ocrx_word' id='word_1_561' title='bbox 2397 4178 2460 4225; x_wconf 91' lang='lat' dir='ltr'><strong>ut</strong></span> <span class='ocrx_word' id='word_1_562' title='bbox 2519 4170 2807 4227; x_wconf 84' lang='lat' dir='ltr'><strong>veniamus</strong></span> <span class='ocrx_word' id='word_1_563' title='bbox 2857 4169 3194 4226; x_wconf 85' lang='lat' dir='ltr'><strong>unanimiter</strong></span> <span class='ocrx_word' id='word_1_564' title='bbox 3232 4170 3301 4225; x_wconf 87' lang='lat' dir='ltr'><strong>ad</strong></span> <span class='ocrx_word' id='word_1_565' title='bbox 3344 4163 3499 4241; x_wconf 63' lang='lat' dir='ltr'><strong>judio</strong></span> 
     </span>
    </p>
   </div>
   <div class='ocr_carea' id='block_1_82' title="bbox 1928 4278 2157 4318">
    <p class='ocr_par' dir='ltr' id='par_1_82' title="bbox 1928 4278 2157 4318">
     <span class='ocr_line' id='line_1_82' title="bbox 1928 4278 2157 4318; baseline -0.017 0"><span class='ocrx_word' id='word_1_566' title='bbox 1928 4278 2097 4318; x_wconf 79' lang='lat' dir='ltr'><strong>etum.</strong></span> <span class='ocrx_word' id='word_1_567' title='bbox 2139 4279 2157 4314; x_wconf 71' lang='grc' dir='ltr'><strong>ι</strong></span> 
     </span>
    </p>
   </div>
   <div class='ocr_carea' id='block_1_83' title="bbox 1998 4370 3501 4446">
    <p class='ocr_par' dir='ltr' id='par_1_83' title="bbox 1998 4370 3501 4446">
     <span class='ocr_line' id='line_1_83' title="bbox 1998 4370 3501 4446; baseline 0.002 -20"><span class='ocrx_word' id='word_1_568' title='bbox 1998 4371 2099 4427; x_wconf 84' lang='lat' dir='ltr'><strong>Job</strong></span> <span class='ocrx_word' id='word_1_569' title='bbox 2141 4388 2332 4439; x_wconf 70' lang='grc' dir='ltr'><strong>χχχιι,</strong></span> <span class='ocrx_word' id='word_1_570' title='bbox 2380 4372 2471 4428; x_wconf 76' lang='grc'><strong>54.</strong></span> <span class='ocrx_word' id='word_1_571' title='bbox 2517 4403 2586 4416; x_wconf 74' lang='grc' dir='ltr'><strong>ο·-</strong></span> <span class='ocrx_word' id='word_1_572' title='bbox 2636 4390 2657 4426; x_wconf 81' lang='lat'><strong>0</strong></span> <span class='ocrx_word' id='word_1_573' title='bbox 2715 4370 2858 4441; x_wconf 84' lang='lat' dir='ltr'><strong>Quid</strong></span> <span class='ocrx_word' id='word_1_574' title='bbox 2904 4372 3088 4431; x_wconf 83' lang='lat' dir='ltr'><strong>adhuc</strong></span> <span class='ocrx_word' id='word_1_575' title='bbox 3135 4388 3238 4446; x_wconf 77' lang='lat' dir='ltr'><strong>ego</strong></span> <span class='ocrx_word' id='word_1_576' title='bbox 3276 4373 3501 4445; x_wconf 80' lang='lat' dir='ltr'><strong>judicor</strong></span> 
     </span>
    </p>
   </div>
   <div class='ocr_carea' id='block_1_84' title="bbox 240 4444 1826 4548">
    <p class='ocr_par' dir='ltr' id='par_1_84' title="bbox 240 4444 1826 4525">
     <span class='ocr_line' id='line_1_84' title="bbox 240 4444 1826 4525; baseline -0.005 -18"><span class='ocrx_word' id='word_1_577' title='bbox 240 4470 407 4525; x_wconf 89' lang='grc' dir='ltr'>μενος</span> <span class='ocrx_word' id='word_1_578' title='bbox 433 4450 593 4523; x_wconf 80' lang='grc' dir='ltr'>παρὰ</span> <span class='ocrx_word' id='word_1_579' title='bbox 616 4450 842 4520; x_wconf 85' lang='grc' dir='ltr'>Κυρίου,</span> <span class='ocrx_word' id='word_1_580' title='bbox 864 4446 1077 4502; x_wconf 86' lang='grc' dir='ltr'>ἀκούων</span> <span class='ocrx_word' id='word_1_581' title='bbox 1109 4447 1332 4502; x_wconf 84' lang='grc' dir='ltr'>τοιαῦτα</span> <span class='ocrx_word' id='word_1_582' title='bbox 1364 4446 1520 4501; x_wconf 68' lang='grc' dir='ltr'>οὐθὲν</span> <span class='ocrx_word' id='word_1_583' title='bbox 1547 4445 1650 4514; x_wconf 82' lang='grc' dir='ltr'>ῶν;</span> <span class='ocrx_word' id='word_1_584' title='bbox 1690 4444 1826 4515; x_wconf 83' lang='grc' dir='ltr'><strong>Ἐγὼ</strong></span> 
     </span>
    </p>
   </div>
   <div class='ocr_carea' id='block_1_85' title="bbox 1949 4444 3499 4548">
    <p class='ocr_par' dir='ltr' id='par_1_85' title="bbox 1949 4444 3499 4538">
     <span class='ocr_line' id='line_1_85' title="bbox 1949 4444 3499 4538; baseline 0.001 -16"><span class='ocrx_word' id='word_1_585' title='bbox 1949 4467 2253 4524; x_wconf 66' lang='lat' dir='ltr'><strong>admonitus</strong></span> <span class='ocrx_word' id='word_1_586' title='bbox 2296 4477 2350 4524; x_wconf 90' lang='lat' dir='ltr'><strong>et</strong></span> <span class='ocrx_word' id='word_1_587' title='bbox 2396 4467 2769 4538; x_wconf 87' lang='lat' dir='ltr'><strong>reprehensus</strong></span> <span class='ocrx_word' id='word_1_588' title='bbox 2804 4484 2834 4523; x_wconf 92' lang='lat' dir='ltr'><strong>a</strong></span> <span class='ocrx_word' id='word_1_589' title='bbox 2868 4467 3121 4535; x_wconf 87' lang='lat' dir='ltr'><strong>Domiuo,</strong></span> <span class='ocrx_word' id='word_1_590' title='bbox 3149 4444 3381 4525; x_wconf 77' lang='lat' dir='ltr'><strong>audiens</strong></span> <span class='ocrx_word' id='word_1_591' title='bbox 3411 4476 3499 4523; x_wconf 87' lang='lat' dir='ltr'><strong>ta-</strong></span> 
     </span>
    </p>
   </div>
   <div class='ocr_carea' id='block_1_86' title="bbox 233 4539 1826 4634">
    <p class='ocr_par' dir='ltr' id='par_1_86' title="bbox 233 4539 1826 4614">
     <span class='ocr_line' id='line_1_86' title="bbox 233 4539 1826 4614; baseline -0.005 -14"><span class='ocrx_word' id='word_1_592' title='bbox 233 4546 293 4600; x_wconf 79' lang='grc' dir='ltr'>δὲ</span> <span class='ocrx_word' id='word_1_593' title='bbox 322 4547 454 4600; x_wconf 70' lang='grc' dir='ltr'>τινα</span> <span class='ocrx_word' id='word_1_594' title='bbox 491 4543 788 4614; x_wconf 77' lang='grc' dir='ltr'>ἀπόκρισιν</span> <span class='ocrx_word' id='word_1_595' title='bbox 822 4540 1005 4607; x_wconf 86' lang='grc' dir='ltr'>δώσω;</span> <span class='ocrx_word' id='word_1_596' title='bbox 1062 4542 1233 4613; x_wconf 79' lang='grc' dir='ltr'>Χεῖρα</span> <span class='ocrx_word' id='word_1_597' title='bbox 1275 4540 1425 4611; x_wconf 82' lang='grc' dir='ltr'>θήσω</span> <span class='ocrx_word' id='word_1_598' title='bbox 1472 4540 1566 4594; x_wconf 84' lang='grc' dir='ltr'>ἐπὶ</span> <span class='ocrx_word' id='word_1_599' title='bbox 1596 4539 1826 4610; x_wconf 83' lang='grc' dir='ltr'>στόματί</span> 
     </span>
    </p>
   </div>
   <div class='ocr_carea' id='block_1_87' title="bbox 1949 4539 3499 4634">
    <p class='ocr_par' dir='ltr' id='par_1_87' title="bbox 1953 4559 3499 4634">
     <span class='ocr_line' id='line_1_87' title="bbox 1953 4559 3499 4634; baseline 0.003 -22"><span class='ocrx_word' id='word_1_600' title='bbox 1953 4559 2026 4623; x_wconf 88' lang='lat' dir='ltr'><strong>ia,</strong></span> <span class='ocrx_word' id='word_1_601' title='bbox 2060 4573 2183 4614; x_wconf 89' lang='lat' dir='ltr'><strong>cum</strong></span> <span class='ocrx_word' id='word_1_602' title='bbox 2228 4560 2365 4615; x_wconf 88' lang='lat' dir='ltr'><strong>nihil</strong></span> <span class='ocrx_word' id='word_1_603' title='bbox 2407 4560 2551 4615; x_wconf 85' lang='lat' dir='ltr'><strong>sim?</strong></span> <span class='ocrx_word' id='word_1_604' title='bbox 2580 4560 2695 4631; x_wconf 76' lang='lat' dir='ltr'><strong>Ego</strong></span> <span class='ocrx_word' id='word_1_605' title='bbox 2730 4568 2911 4617; x_wconf 91' lang='lat' dir='ltr'><strong>autem</strong></span> <span class='ocrx_word' id='word_1_606' title='bbox 2947 4562 3083 4634; x_wconf 90' lang='lat' dir='ltr'><strong>quid</strong></span> <span class='ocrx_word' id='word_1_607' title='bbox 3120 4561 3233 4617; x_wconf 67' lang='lat' dir='ltr'><strong>haec</strong></span> <span class='ocrx_word' id='word_1_608' title='bbox 3266 4578 3499 4633; x_wconf 57' lang='lat' dir='ltr'><strong>respone</strong></span> 
     </span>
    </p>
   </div>
   <div class='ocr_carea' id='block_1_88' title="bbox 240 4633 1831 4710">
    <p class='ocr_par' dir='ltr' id='par_1_88' title="bbox 240 4633 1831 4710">
     <span class='ocr_line' id='line_1_88' title="bbox 240 4633 1831 4710; baseline -0.005 -17"><span class='ocrx_word' id='word_1_609' title='bbox 240 4653 385 4710; x_wconf 84' lang='grc' dir='ltr'>μου·</span> <span class='ocrx_word' id='word_1_610' title='bbox 439 4634 595 4701; x_wconf 71' lang='grc' dir='ltr'>ἅπαξ</span> <span class='ocrx_word' id='word_1_611' title='bbox 632 4634 924 4705; x_wconf 70' lang='grc' dir='ltr'>λελάληκα,</span> <span class='ocrx_word' id='word_1_612' title='bbox 960 4635 1053 4689; x_wconf 77' lang='grc' dir='ltr'>ἐπὶ</span> <span class='ocrx_word' id='word_1_613' title='bbox 1090 4634 1145 4688; x_wconf 79' lang='grc' dir='ltr'>δὲ</span> <span class='ocrx_word' id='word_1_614' title='bbox 1178 4633 1255 4704; x_wconf 80' lang='grc' dir='ltr'><strong>τῷ</strong></span> <span class='ocrx_word' id='word_1_615' title='bbox 1284 4634 1522 4707; x_wconf 82' lang='grc' dir='ltr'>δευτέρῳ</span> <span class='ocrx_word' id='word_1_616' title='bbox 1562 4634 1623 4687; x_wconf 87' lang='grc' dir='ltr'><strong>ού</strong></span> <span class='ocrx_word' id='word_1_617' title='bbox 1668 4645 1831 4705; x_wconf 85' lang='grc' dir='ltr'>προσ-</span> 
     </span>
    </p>
   </div>
   <div class='ocr_carea' id='block_1_89' title="bbox 236 4730 501 4804">
    <p class='ocr_par' dir='ltr' id='par_1_89' title="bbox 236 4730 501 4804">
     <span class='ocr_line' id='line_1_89' title="bbox 236 4730 501 4804; baseline -0.011 -19"><span class='ocrx_word' id='word_1_618' title='bbox 236 4730 424 4804; x_wconf 78' lang='grc' dir='ltr'>θήσω.</span> <span class='ocrx_word' id='word_1_619' title='bbox 476 4748 501 4782; x_wconf 88' lang='lat'><strong>0</strong></span> 
     </span>
    </p>
   </div>
   <div class='ocr_carea' id='block_1_90' title="bbox 318 4839 1829 4913">
    <p class='ocr_par' dir='ltr' id='par_1_90' title="bbox 318 4839 1829 4913">
     <span class='ocr_line' id='line_1_90' title="bbox 318 4839 1829 4913; baseline -0.001 -16"><span class='ocrx_word' id='word_1_620' title='bbox 318 4862 340 4896; x_wconf 89' lang='lat'><strong>0</strong></span> <span class='ocrx_word' id='word_1_621' title='bbox 390 4842 487 4913; x_wconf 75' lang='grc' dir='ltr'>Μή</span> <span class='ocrx_word' id='word_1_622' title='bbox 526 4858 618 4910; x_wconf 86' lang='grc' dir='ltr'><strong>μοι</strong></span> <span class='ocrx_word' id='word_1_623' title='bbox 642 4840 727 4911; x_wconf 71' lang='grc' dir='ltr'><strong>εἴη</strong></span> <span class='ocrx_word' id='word_1_624' title='bbox 771 4840 1010 4893; x_wconf 82' lang='grc' dir='ltr'>ἐναντίον</span> <span class='ocrx_word' id='word_1_625' title='bbox 1038 4840 1244 4911; x_wconf 81' lang='grc' dir='ltr'>Κυρίου</span> <span class='ocrx_word' id='word_1_626' title='bbox 1276 4839 1567 4912; x_wconf 83' lang='grc' dir='ltr'>ἀσεϐῆσαι,</span> <span class='ocrx_word' id='word_1_627' title='bbox 1600 4840 1633 4912; x_wconf 82' lang='grc' dir='ltr'>ἢ</span> <span class='ocrx_word' id='word_1_628' title='bbox 1675 4841 1829 4895; x_wconf 77' lang='grc' dir='ltr'>ἐναν-</span> 
     </span>
    </p>
   </div>
   <div class='ocr_carea' id='block_1_91' title="bbox 234 4933 1540 5008">
    <p class='ocr_par' dir='ltr' id='par_1_91' title="bbox 234 4933 1540 5008">
     <span class='ocr_line' id='line_1_91' title="bbox 234 4933 1540 5008; baseline -0.002 -18"><span class='ocrx_word' id='word_1_629' title='bbox 234 4936 357 4992; x_wconf 77' lang='grc' dir='ltr'>τίον</span> <span class='ocrx_word' id='word_1_630' title='bbox 389 4936 846 5008; x_wconf 80' lang='grc' dir='ltr'>παντοκράτορος</span> <span class='ocrx_word' id='word_1_631' title='bbox 870 4933 1104 5006; x_wconf 75' lang='grc' dir='ltr'>ταράξαι</span> <span class='ocrx_word' id='word_1_632' title='bbox 1148 4933 1211 4987; x_wconf 86' lang='grc' dir='ltr'><strong>τὸ</strong></span> <span class='ocrx_word' id='word_1_633' title='bbox 1242 4934 1471 4988; x_wconf 87' lang='grc' dir='ltr'>δίκαιον.</span> <span class='ocrx_word' id='word_1_634' title='bbox 1522 4953 1540 4988; x_wconf 84' lang='lat'><strong>0</strong></span> 
     </span>
    </p>
   </div>
   <div class='ocr_carea' id='block_1_92' title="bbox 320 5045 1830 5121">
    <p class='ocr_par' dir='ltr' id='par_1_92' title="bbox 320 5045 1830 5121">
     <span class='ocr_line' id='line_1_92' title="bbox 320 5045 1830 5121; baseline -0.002 -19"><span class='ocrx_word' id='word_1_635' title='bbox 320 5069 340 5102; x_wconf 90' lang='lat'><strong>0</strong></span> <span class='ocrx_word' id='word_1_636' title='bbox 388 5048 494 5121; x_wconf 75' lang='grc' dir='ltr'><strong>Μὴ</strong></span> <span class='ocrx_word' id='word_1_637' title='bbox 527 5047 724 5102; x_wconf 84' lang='grc' dir='ltr'>σπεῦδε</span> <span class='ocrx_word' id='word_1_638' title='bbox 760 5048 855 5101; x_wconf 74' lang='grc' dir='ltr'><strong>ἐπὶ</strong></span> <span class='ocrx_word' id='word_1_639' title='bbox 884 5045 1112 5116; x_wconf 84' lang='grc' dir='ltr'>στόματί</span> <span class='ocrx_word' id='word_1_640' title='bbox 1154 5062 1266 5112; x_wconf 92' lang='grc' dir='ltr'>σου,</span> <span class='ocrx_word' id='word_1_641' title='bbox 1292 5046 1387 5099; x_wconf 74' lang='grc' dir='ltr'>καὶ</span> <span class='ocrx_word' id='word_1_642' title='bbox 1431 5048 1463 5116; x_wconf 88' lang='grc' dir='ltr'><strong>ή</strong></span> <span class='ocrx_word' id='word_1_643' title='bbox 1505 5046 1703 5118; x_wconf 84' lang='grc' dir='ltr'>καρδία</span> <span class='ocrx_word' id='word_1_644' title='bbox 1736 5061 1830 5100; x_wconf 90' lang='grc' dir='ltr'><strong>σου</strong></span> 
     </span>
    </p>
   </div>
   <div class='ocr_carea' id='block_1_93' title="bbox 242 5140 1833 5219">
    <p class='ocr_par' dir='ltr' id='par_1_93' title="bbox 242 5140 1833 5219">
     <span class='ocr_line' id='line_1_93' title="bbox 242 5140 1833 5219; baseline -0.002 -20"><span class='ocrx_word' id='word_1_645' title='bbox 242 5145 321 5219; x_wconf 79' lang='grc' dir='ltr'>μὴ</span> <span class='ocrx_word' id='word_1_646' title='bbox 358 5143 679 5217; x_wconf 78' lang='grc' dir='ltr'>ταχύνηται</span> <span class='ocrx_word' id='word_1_647' title='bbox 708 5143 802 5198; x_wconf 88' lang='grc' dir='ltr'><strong>τοῦ</strong></span> <span class='ocrx_word' id='word_1_648' title='bbox 849 5142 1157 5211; x_wconf 82' lang='grc' dir='ltr'>ἐξενεγκεῖν</span> <span class='ocrx_word' id='word_1_649' title='bbox 1189 5140 1347 5211; x_wconf 86' lang='grc' dir='ltr'>λόγον</span> <span class='ocrx_word' id='word_1_650' title='bbox 1378 5142 1486 5213; x_wconf 86' lang='grc' dir='ltr'><strong>πρὸ</strong></span> <span class='ocrx_word' id='word_1_651' title='bbox 1536 5140 1833 5214; x_wconf 83' lang='grc' dir='ltr'>προσώπου</span> 
     </span>
    </p>
   </div>
   <div class='ocr_carea' id='block_1_94' title="bbox 176 5236 614 5293">
    <p class='ocr_par' dir='ltr' id='par_1_94' title="bbox 176 5236 614 5293">
     <span class='ocr_line' id='line_1_94' title="bbox 176 5236 614 5293; baseline -0.007 1"><span class='ocrx_word' id='word_1_652' title='bbox 176 5283 179 5286; x_wconf 89' lang='grc'><strong>.</strong></span> <span class='ocrx_word' id='word_1_653' title='bbox 238 5238 337 5293; x_wconf 86' lang='grc' dir='ltr'><strong>τοῦ</strong></span> <span class='ocrx_word' id='word_1_654' title='bbox 370 5236 542 5293; x_wconf 78' lang='grc' dir='ltr'>Θεοῦ.</span> <span class='ocrx_word' id='word_1_655' title='bbox 592 5256 614 5291; x_wconf 97' lang='lat'><strong>0</strong></span> 
     </span>
    </p>
   </div>
   <div class='ocr_carea' id='block_1_95' title="bbox 321 5345 1835 5427">
    <p class='ocr_par' dir='ltr' id='par_1_95' title="bbox 321 5345 1835 5427">
     <span class='ocr_line' id='line_1_95' title="bbox 321 5345 1835 5427; baseline -0.003 -20"><span class='ocrx_word' id='word_1_656' title='bbox 321 5374 345 5407; x_wconf 92' lang='lat'><strong>0</strong></span> <span class='ocrx_word' id='word_1_657' title='bbox 389 5354 500 5427; x_wconf 80' lang='grc' dir='ltr'><strong>Μὴ</strong></span> <span class='ocrx_word' id='word_1_658' title='bbox 543 5353 660 5426; x_wconf 86' lang='grc' dir='ltr'>ἐρεῖ</span> <span class='ocrx_word' id='word_1_659' title='bbox 686 5351 911 5425; x_wconf 85' lang='grc' dir='ltr'>πλάσμα</span> <span class='ocrx_word' id='word_1_660' title='bbox 935 5349 1014 5423; x_wconf 83' lang='grc' dir='ltr'><strong>τῷ</strong></span> <span class='ocrx_word' id='word_1_661' title='bbox 1053 5348 1341 5417; x_wconf 79' lang='grc' dir='ltr'>πλάσαντι,</span> <span class='ocrx_word' id='word_1_662' title='bbox 1372 5348 1447 5401; x_wconf 84' lang='grc' dir='ltr'><strong>οὐ</strong></span> <span class='ocrx_word' id='word_1_663' title='bbox 1477 5347 1543 5403; x_wconf 88' lang='grc' dir='ltr'><strong>σύ</strong></span> <span class='ocrx_word' id='word_1_664' title='bbox 1571 5365 1639 5419; x_wconf 80' lang='grc' dir='ltr'><strong>με</strong></span> <span class='ocrx_word' id='word_1_665' title='bbox 1668 5345 1835 5403; x_wconf 77' lang='grc' dir='ltr'>ἔπλα-</span> 
     </span>
    </p>
   </div>
   <div class='ocr_carea' id='block_1_96' title="bbox 244 5441 1835 5519">
    <p class='ocr_par' dir='ltr' id='par_1_96' title="bbox 244 5441 1835 5519">
     <span class='ocr_line' id='line_1_96' title="bbox 244 5441 1835 5519; baseline -0.005 -16"><span class='ocrx_word' id='word_1_666' title='bbox 244 5464 384 5517; x_wconf 71' lang='grc' dir='ltr'>σαςς</span> <span class='ocrx_word' id='word_1_667' title='bbox 430 5450 468 5519; x_wconf 79' lang='grc' dir='ltr'>ἢ</span> <span class='ocrx_word' id='word_1_668' title='bbox 523 5446 581 5501; x_wconf 87' lang='grc' dir='ltr'><strong>τὸ</strong></span> <span class='ocrx_word' id='word_1_669' title='bbox 629 5446 846 5519; x_wconf 84' lang='grc' dir='ltr'>ποίημα</span> <span class='ocrx_word' id='word_1_670' title='bbox 895 5446 973 5518; x_wconf 82' lang='grc' dir='ltr'>τῷ</span> <span class='ocrx_word' id='word_1_671' title='bbox 1013 5444 1323 5515; x_wconf 85' lang='grc' dir='ltr'>ποιήσαντι,</span> <span class='ocrx_word' id='word_1_672' title='bbox 1374 5444 1449 5497; x_wconf 77' lang='grc' dir='ltr'><strong>Οὐ</strong></span> <span class='ocrx_word' id='word_1_673' title='bbox 1495 5441 1731 5507; x_wconf 84' lang='grc' dir='ltr'>συνετῶς</span> <span class='ocrx_word' id='word_1_674' title='bbox 1769 5458 1835 5515; x_wconf 90' lang='grc' dir='ltr'><strong>με</strong></span> 
     </span>
    </p>
   </div>
   <div class='ocr_carea' id='block_1_97' title="bbox 242 5543 641 5613">
    <p class='ocr_par' dir='ltr' id='par_1_97' title="bbox 242 5543 641 5613">
     <span class='ocr_line' id='line_1_97' title="bbox 242 5543 641 5613; baseline -0.003 -17"><span class='ocrx_word' id='word_1_675' title='bbox 242 5543 532 5613; x_wconf 81' lang='grc' dir='ltr'>ἐποίησας</span> <span class='ocrx_word' id='word_1_676' title='bbox 555 5558 570 5608; x_wconf 76' lang='grc' dir='ltr'><strong>ς</strong></span> <span class='ocrx_word' id='word_1_677' title='bbox 621 5559 641 5595; x_wconf 88' lang='lat'><strong>0</strong></span> 
     </span>
    </p>
   </div>
   <div class='ocr_carea' id='block_1_98' title="bbox 326 5652 1836 5729">
    <p class='ocr_par' dir='ltr' id='par_1_98' title="bbox 326 5652 1836 5729">
     <span class='ocr_line' id='line_1_98' title="bbox 326 5652 1836 5729; baseline -0.001 -18"><span class='ocrx_word' id='word_1_678' title='bbox 326 5674 348 5711; x_wconf 84' lang='lat'><strong>0</strong></span> <span class='ocrx_word' id='word_1_679' title='bbox 394 5654 498 5726; x_wconf 80' lang='grc' dir='ltr'><strong>Μὴ</strong></span> <span class='ocrx_word' id='word_1_680' title='bbox 526 5658 637 5727; x_wconf 73' lang='grc' dir='ltr'>ἐρεῖ</span> <span class='ocrx_word' id='word_1_681' title='bbox 660 5656 688 5710; x_wconf 90' lang='lat'><strong>6</strong></span> <span class='ocrx_word' id='word_1_682' title='bbox 722 5655 891 5727; x_wconf 84' lang='grc' dir='ltr'>πηλὸς</span> <span class='ocrx_word' id='word_1_683' title='bbox 915 5655 993 5727; x_wconf 81' lang='grc' dir='ltr'>τῷ</span> <span class='ocrx_word' id='word_1_684' title='bbox 1022 5655 1275 5729; x_wconf 85' lang='grc' dir='ltr'>κεραμεῖ,</span> <span class='ocrx_word' id='word_1_685' title='bbox 1305 5653 1372 5709; x_wconf 79' lang='grc' dir='ltr'>Τί</span> <span class='ocrx_word' id='word_1_686' title='bbox 1392 5655 1597 5721; x_wconf 86' lang='grc' dir='ltr'>ποιεῖς;</span> <span class='ocrx_word' id='word_1_687' title='bbox 1632 5653 1697 5707; x_wconf 90' lang='grc' dir='ltr'>Τί</span> <span class='ocrx_word' id='word_1_688' title='bbox 1739 5652 1836 5709; x_wconf 82' lang='grc' dir='ltr'><strong>ούκ</strong></span> 
     </span>
    </p>
   </div>
   <div class='ocr_carea' id='block_1_99' title="bbox 246 5736 1836 5823">
    <p class='ocr_par' dir='ltr' id='par_1_99' title="bbox 246 5736 1836 5823">
     <span class='ocr_line' id='line_1_99' title="bbox 246 5736 1836 5823; baseline 0.002 -21"><span class='ocrx_word' id='word_1_689' title='bbox 246 5736 543 5820; x_wconf 71' lang='grc' dir='ltr'>ἐργάσεις,</span> <span class='ocrx_word' id='word_1_690' title='bbox 575 5748 692 5803; x_wconf 74' lang='grc' dir='ltr'>οὖδέ</span> <span class='ocrx_word' id='word_1_691' title='bbox 722 5747 865 5821; x_wconf 74' lang='grc' dir='ltr'>ἔχεις</span> <span class='ocrx_word' id='word_1_692' title='bbox 893 5750 1115 5820; x_wconf 84' lang='grc' dir='ltr'>χεῖρας;</span> <span class='ocrx_word' id='word_1_693' title='bbox 1164 5749 1257 5805; x_wconf 70' lang='grc' dir='ltr'><strong>καὶ</strong></span> <span class='ocrx_word' id='word_1_694' title='bbox 1289 5746 1363 5821; x_wconf 76' lang='grc' dir='ltr'><strong>μή</strong></span> <span class='ocrx_word' id='word_1_695' title='bbox 1406 5748 1836 5823; x_wconf 75' lang='grc' dir='ltr'>ἀποκριθήσεται</span> 
     </span>
    </p>
   </div>
   <div class='ocr_carea' id='block_1_100' title="bbox 1932 4650 3496 4725">
    <p class='ocr_par' dir='ltr' id='par_1_100' title="bbox 1932 4650 3496 4725">
     <span class='ocr_line' id='line_1_100' title="bbox 1932 4650 3496 4725; baseline 0 -18"><span class='ocrx_word' id='word_1_696' title='bbox 1932 4666 2052 4707; x_wconf 83' lang='lat' dir='ltr'><strong>sum</strong></span> <span class='ocrx_word' id='word_1_697' title='bbox 2107 4650 2285 4707; x_wconf 81' lang='lat' dir='ltr'><strong>dabo?</strong></span> <span class='ocrx_word' id='word_1_698' title='bbox 2342 4668 2563 4707; x_wconf 86' lang='lat' dir='ltr'><strong>manum</strong></span> <span class='ocrx_word' id='word_1_699' title='bbox 2626 4670 2800 4710; x_wconf 86' lang='lat' dir='ltr'><strong>meam</strong></span> <span class='ocrx_word' id='word_1_700' title='bbox 2867 4655 3144 4725; x_wconf 77' lang='lat' dir='ltr'><strong>imponam</strong></span> <span class='ocrx_word' id='word_1_701' title='bbox 3210 4656 3295 4712; x_wconf 85' lang='lat' dir='ltr'><strong>ori</strong></span> <span class='ocrx_word' id='word_1_702' title='bbox 3355 4671 3496 4713; x_wconf 86' lang='lat' dir='ltr'><strong>meo.</strong></span> 
     </span>
    </p>
   </div>
   <div class='ocr_carea' id='block_1_101' title="bbox 1933 4744 3257 4811">
    <p class='ocr_par' dir='ltr' id='par_1_101' title="bbox 1933 4744 3257 4811">
     <span class='ocr_line' id='line_1_101' title="bbox 1933 4744 3257 4811; baseline 0.001 -11"><span class='ocrx_word' id='word_1_703' title='bbox 1933 4744 2112 4800; x_wconf 82' lang='lat' dir='ltr'><strong>Unum</strong></span> <span class='ocrx_word' id='word_1_704' title='bbox 2146 4746 2364 4801; x_wconf 87' lang='lat' dir='ltr'><strong>locutus</strong></span> <span class='ocrx_word' id='word_1_705' title='bbox 2395 4762 2542 4811; x_wconf 87' lang='lat' dir='ltr'><strong>sum,</strong></span> <span class='ocrx_word' id='word_1_706' title='bbox 2580 4755 2633 4801; x_wconf 87' lang='lat' dir='ltr'><strong>et</strong></span> <span class='ocrx_word' id='word_1_707' title='bbox 2664 4747 2805 4802; x_wconf 86' lang='lat' dir='ltr'><strong>ultra</strong></span> <span class='ocrx_word' id='word_1_708' title='bbox 2832 4762 2941 4803; x_wconf 89' lang='lat' dir='ltr'><strong>non</strong></span> <span class='ocrx_word' id='word_1_709' title='bbox 2982 4747 3201 4803; x_wconf 86' lang='lat' dir='ltr'><strong>addam.</strong></span> <span class='ocrx_word' id='word_1_710' title='bbox 3238 4768 3257 4801; x_wconf 74' lang='grc' dir='ltr'><strong><em>ο</em></strong></span> 
     </span>
    </p>
   </div>
   <div class='ocr_carea' id='block_1_102' title="bbox 2008 4859 3500 4935">
    <p class='ocr_par' dir='ltr' id='par_1_102' title="bbox 2008 4859 3500 4935">
     <span class='ocr_line' id='line_1_102' title="bbox 2008 4859 3500 4935; baseline 0.001 -20"><span class='ocrx_word' id='word_1_711' title='bbox 2008 4859 2149 4915; x_wconf 83' lang='lat' dir='ltr'><strong>Ibid.</strong></span> <span class='ocrx_word' id='word_1_712' title='bbox 2174 4861 2263 4916; x_wconf 77' lang='lat'><strong>35.</strong></span> <span class='ocrx_word' id='word_1_713' title='bbox 2292 4891 2363 4901; x_wconf 83' lang='lat'><strong>—-</strong></span> <span class='ocrx_word' id='word_1_714' title='bbox 2404 4879 2423 4911; x_wconf 81' lang='grc' dir='ltr'><strong>ι</strong></span> <span class='ocrx_word' id='word_1_715' title='bbox 2466 4860 2623 4916; x_wconf 76' lang='lat' dir='ltr'><strong>Absit</strong></span> <span class='ocrx_word' id='word_1_716' title='bbox 2653 4869 2710 4916; x_wconf 90' lang='lat' dir='ltr'><strong>ut</strong></span> <span class='ocrx_word' id='word_1_717' title='bbox 2732 4875 2918 4916; x_wconf 85' lang='lat' dir='ltr'><strong>coram</strong></span> <span class='ocrx_word' id='word_1_718' title='bbox 2957 4860 3067 4917; x_wconf 87' lang='lat' dir='ltr'><strong>Deo</strong></span> <span class='ocrx_word' id='word_1_719' title='bbox 3110 4861 3276 4932; x_wconf 87' lang='lat' dir='ltr'><strong>impie</strong></span> <span class='ocrx_word' id='word_1_720' title='bbox 3302 4876 3500 4935; x_wconf 78' lang='lat' dir='ltr'><strong>agam:</strong></span> 
     </span>
    </p>
   </div>
   <div class='ocr_carea' id='block_1_103' title="bbox 1931 4953 3224 5027">
    <p class='ocr_par' dir='ltr' id='par_1_103' title="bbox 1931 4953 3224 5027">
     <span class='ocr_line' id='line_1_103' title="bbox 1931 4953 3224 5027; baseline -0.003 -14"><span class='ocrx_word' id='word_1_721' title='bbox 1931 4966 1985 5013; x_wconf 87' lang='lat' dir='ltr'><strong>et</strong></span> <span class='ocrx_word' id='word_1_722' title='bbox 2018 4970 2204 5011; x_wconf 84' lang='lat' dir='ltr'><strong>coram</strong></span> <span class='ocrx_word' id='word_1_723' title='bbox 2240 4953 2631 5026; x_wconf 86' lang='lat' dir='ltr'><strong>Omnipoteute</strong></span> <span class='ocrx_word' id='word_1_724' title='bbox 2656 4954 2750 5025; x_wconf 89' lang='lat' dir='ltr'><strong>jus</strong></span> <span class='ocrx_word' id='word_1_725' title='bbox 2781 4958 3104 5027; x_wconf 83' lang='lat' dir='ltr'><strong>perturbem</strong></span> <span class='ocrx_word' id='word_1_726' title='bbox 3139 4956 3152 5010; x_wconf 87' lang='lat' dir='ltr'><strong>l</strong></span> <span class='ocrx_word' id='word_1_727' title='bbox 3204 4974 3224 5009; x_wconf 89' lang='lat'><strong>0</strong></span> 
     </span>
    </p>
   </div>
   <div class='ocr_carea' id='block_1_104' title="bbox 2009 5065 3510 5130">
    <p class='ocr_par' dir='ltr' id='par_1_104' title="bbox 2009 5065 3510 5130">
     <span class='ocr_line' id='line_1_104' title="bbox 2009 5065 3510 5130; baseline 0.001 -7"><span class='ocrx_word' id='word_1_728' title='bbox 2009 5065 2189 5123; x_wconf 81' lang='lat' dir='ltr'><strong>Eccle.</strong></span> <span class='ocrx_word' id='word_1_729' title='bbox 2217 5082 2272 5130; x_wconf 91' lang='lat' dir='ltr'><strong>v,</strong></span> <span class='ocrx_word' id='word_1_730' title='bbox 2302 5065 2354 5123; x_wconf 76' lang='grc' dir='ltr'><strong>ι.</strong></span> <span class='ocrx_word' id='word_1_731' title='bbox 2390 5097 2458 5107; x_wconf 86' lang='lat'><strong>-—-</strong></span> <span class='ocrx_word' id='word_1_732' title='bbox 2501 5087 2521 5119; x_wconf 83' lang='grc' dir='ltr'><strong>ι</strong></span> <span class='ocrx_word' id='word_1_733' title='bbox 2553 5066 2630 5123; x_wconf 80' lang='lat' dir='ltr'><strong>Nc</strong></span> <span class='ocrx_word' id='word_1_734' title='bbox 2659 5067 2889 5124; x_wconf 79' lang='lat' dir='ltr'><strong>festines</strong></span> <span class='ocrx_word' id='word_1_735' title='bbox 2933 5071 2987 5124; x_wconf 88' lang='lat' dir='ltr'><strong>in</strong></span> <span class='ocrx_word' id='word_1_736' title='bbox 3015 5084 3112 5125; x_wconf 85' lang='lat' dir='ltr'><strong>ore</strong></span> <span class='ocrx_word' id='word_1_737' title='bbox 3146 5080 3245 5125; x_wconf 89' lang='lat' dir='ltr'><strong>tuo</strong></span> <span class='ocrx_word' id='word_1_738' title='bbox 3280 5087 3294 5124; x_wconf 86' lang='lat'><strong>:</strong></span> <span class='ocrx_word' id='word_1_739' title='bbox 3328 5080 3383 5125; x_wconf 87' lang='lat' dir='ltr'><strong>et</strong></span> <span class='ocrx_word' id='word_1_740' title='bbox 3410 5084 3510 5125; x_wconf 81' lang='lat' dir='ltr'><strong>cor</strong></span> 
     </span>
    </p>
   </div>
   <div class='ocr_carea' id='block_1_105' title="bbox 1935 5158 3507 5231">
    <p class='ocr_par' dir='ltr' id='par_1_105' title="bbox 1935 5158 3507 5231">
     <span class='ocr_line' id='line_1_105' title="bbox 1935 5158 3507 5231; baseline 0.003 -17"><span class='ocrx_word' id='word_1_741' title='bbox 1935 5167 2088 5216; x_wconf 91' lang='lat' dir='ltr'><strong>tuum</strong></span> <span class='ocrx_word' id='word_1_742' title='bbox 2118 5173 2228 5214; x_wconf 88' lang='lat' dir='ltr'><strong>non</strong></span> <span class='ocrx_word' id='word_1_743' title='bbox 2263 5158 2488 5215; x_wconf 78' lang='lat' dir='ltr'><strong>festinet</strong></span> <span class='ocrx_word' id='word_1_744' title='bbox 2518 5160 2583 5215; x_wconf 90' lang='lat' dir='ltr'><strong>ad</strong></span> <span class='ocrx_word' id='word_1_745' title='bbox 2607 5160 3000 5231; x_wconf 83' lang='lat' dir='ltr'><strong>proferendum</strong></span> <span class='ocrx_word' id='word_1_746' title='bbox 3031 5162 3256 5219; x_wconf 82' lang='lat' dir='ltr'><strong>verbum</strong></span> <span class='ocrx_word' id='word_1_747' title='bbox 3283 5163 3336 5217; x_wconf 91' lang='lat' dir='ltr'><strong>in</strong></span> <span class='ocrx_word' id='word_1_748' title='bbox 3368 5178 3507 5219; x_wconf 85' lang='lat' dir='ltr'><strong>con-</strong></span> 
     </span>
    </p>
   </div>
   <div class='ocr_carea' id='block_1_106' title="bbox 1935 5252 2347 5324">
    <p class='ocr_par' dir='ltr' id='par_1_106' title="bbox 1935 5252 2347 5324">
     <span class='ocr_line' id='line_1_106' title="bbox 1935 5252 2347 5324; baseline -0.012 -16"><span class='ocrx_word' id='word_1_749' title='bbox 1935 5261 2129 5324; x_wconf 89' lang='lat' dir='ltr'><strong>spectu</strong></span> <span class='ocrx_word' id='word_1_750' title='bbox 2161 5252 2277 5309; x_wconf 87' lang='lat' dir='ltr'><strong>Dei.</strong></span> <span class='ocrx_word' id='word_1_751' title='bbox 2328 5270 2347 5303; x_wconf 75' lang='grc' dir='ltr'><strong>ι</strong></span> 
     </span>
    </p>
   </div>
   <div class='ocr_carea' id='block_1_107' title="bbox 2007 5361 3506 5439">
    <p class='ocr_par' dir='ltr' id='par_1_107' title="bbox 2007 5361 3506 5439">
     <span class='ocr_line' id='line_1_107' title="bbox 2007 5361 3506 5439; baseline 0.005 -23"><span class='ocrx_word' id='word_1_752' title='bbox 2007 5361 2123 5416; x_wconf 72' lang='lat' dir='ltr'><strong>Ita.</strong></span> <span class='ocrx_word' id='word_1_753' title='bbox 2172 5377 2326 5429; x_wconf 74' lang='lat' dir='ltr'><strong>xxix,</strong></span> <span class='ocrx_word' id='word_1_754' title='bbox 2367 5361 2452 5417; x_wconf 78' lang='grc'>16.</span> <span class='ocrx_word' id='word_1_755' title='bbox 2501 5392 2572 5405; x_wconf 87' lang='grc'><strong><em>-</em></strong></span> <span class='ocrx_word' id='word_1_756' title='bbox 2612 5380 2631 5415; x_wconf 84' lang='grc' dir='ltr'><strong>ι</strong></span> <span class='ocrx_word' id='word_1_757' title='bbox 2683 5362 2944 5436; x_wconf 82' lang='lat' dir='ltr'><strong>Nunquid</strong></span> <span class='ocrx_word' id='word_1_758' title='bbox 2998 5365 3145 5423; x_wconf 84' lang='lat' dir='ltr'><strong>dicet</strong></span> <span class='ocrx_word' id='word_1_759' title='bbox 3193 5365 3506 5439; x_wconf 68' lang='lat' dir='ltr'><strong>ﬁgmentum</strong></span> 
     </span>
    </p>
   </div>
   <div class='ocr_carea' id='block_1_108' title="bbox 1938 5451 3508 5517">
    <p class='ocr_par' dir='ltr' id='par_1_108' title="bbox 1938 5451 3508 5517">
     <span class='ocr_line' id='line_1_108' title="bbox 1938 5451 3508 5517; baseline 0.006 -11"><span class='ocrx_word' id='word_1_760' title='bbox 1938 5451 2119 5508; x_wconf 79' lang='lat' dir='ltr'><strong>ﬂeturi</strong></span> <span class='ocrx_word' id='word_1_761' title='bbox 2156 5468 2295 5509; x_wconf 88' lang='lat' dir='ltr'><strong>suo:</strong></span> <span class='ocrx_word' id='word_1_762' title='bbox 2337 5453 2449 5507; x_wconf 79' lang='lat' dir='ltr'><strong>Non</strong></span> <span class='ocrx_word' id='word_1_763' title='bbox 2494 5461 2551 5507; x_wconf 92' lang='lat' dir='ltr'><strong>tu</strong></span> <span class='ocrx_word' id='word_1_764' title='bbox 2578 5469 2665 5510; x_wconf 90' lang='lat' dir='ltr'><strong>me</strong></span> <span class='ocrx_word' id='word_1_765' title='bbox 2692 5455 2909 5513; x_wconf 77' lang='lat' dir='ltr'><strong>fecisti?</strong></span> <span class='ocrx_word' id='word_1_766' title='bbox 2938 5464 3029 5513; x_wconf 85' lang='lat' dir='ltr'><strong>aut</strong></span> <span class='ocrx_word' id='word_1_767' title='bbox 3067 5457 3277 5513; x_wconf 77' lang='lat' dir='ltr'><strong>factura</strong></span> <span class='ocrx_word' id='word_1_768' title='bbox 3307 5456 3508 5517; x_wconf 80' lang='lat' dir='ltr'><strong>Iactori</strong></span> 
     </span>
    </p>
   </div>
   <div class='ocr_carea' id='block_1_109' title="bbox 1938 5544 3049 5618">
    <p class='ocr_par' dir='ltr' id='par_1_109' title="bbox 1938 5544 3049 5618">
     <span class='ocr_line' id='line_1_109' title="bbox 1938 5544 3049 5618; baseline 0.002 -17"><span class='ocrx_word' id='word_1_769' title='bbox 1938 5544 2221 5601; x_wconf 80' lang='lat' dir='ltr'><strong>suozNon</strong></span> <span class='ocrx_word' id='word_1_770' title='bbox 2252 5554 2309 5601; x_wconf 94' lang='lat' dir='ltr'><strong>tu</strong></span> <span class='ocrx_word' id='word_1_771' title='bbox 2343 5548 2620 5618; x_wconf 70' lang='lat' dir='ltr'><strong>sapienter</strong></span> <span class='ocrx_word' id='word_1_772' title='bbox 2658 5563 2745 5604; x_wconf 86' lang='lat' dir='ltr'><strong>me</strong></span> <span class='ocrx_word' id='word_1_773' title='bbox 2780 5548 2994 5606; x_wconf 80' lang='lat' dir='ltr'><strong>iecisti?</strong></span> <span class='ocrx_word' id='word_1_774' title='bbox 3029 5568 3049 5603; x_wconf 78' lang='grc' dir='ltr'><strong>ι</strong></span> 
     </span>
    </p>
   </div>
   <div class='ocr_carea' id='block_1_110' title="bbox 2010 5652 3511 5735">
    <p class='ocr_par' dir='ltr' id='par_1_110' title="bbox 2010 5652 3511 5735">
     <span class='ocr_line' id='line_1_110' title="bbox 2010 5652 3511 5735; baseline 0.007 -20"><span class='ocrx_word' id='word_1_775' title='bbox 2010 5658 2127 5715; x_wconf 75' lang='grc' dir='ltr'>ιςσ.</span> <span class='ocrx_word' id='word_1_776' title='bbox 2165 5677 2286 5727; x_wconf 74' lang='grc' dir='ltr'>ην,</span> <span class='ocrx_word' id='word_1_777' title='bbox 2336 5663 2391 5728; x_wconf 87' lang='lat'><strong>9,</strong></span> <span class='ocrx_word' id='word_1_778' title='bbox 2434 5662 2521 5717; x_wconf 84' lang='grc'>10.</span> <span class='ocrx_word' id='word_1_779' title='bbox 2553 5692 2623 5706; x_wconf 90' lang='grc'><strong>--</strong></span> <span class='ocrx_word' id='word_1_780' title='bbox 2669 5682 2687 5714; x_wconf 77' lang='lat'><strong>0</strong></span> <span class='ocrx_word' id='word_1_781' title='bbox 2727 5662 2984 5735; x_wconf 75' lang='lat' dir='ltr'><strong>Nunquid</strong></span> <span class='ocrx_word' id='word_1_782' title='bbox 3043 5665 3193 5721; x_wconf 82' lang='lat' dir='ltr'><strong>dicet</strong></span> <span class='ocrx_word' id='word_1_783' title='bbox 3234 5652 3410 5722; x_wconf 74' lang='lat' dir='ltr'><strong>lutum</strong></span> <span class='ocrx_word' id='word_1_784' title='bbox 3447 5667 3511 5726; x_wconf 80' lang='lat' dir='ltr'><strong>ﬁ-</strong></span> 
     </span>
    </p>
   </div>
   <div class='ocr_carea' id='block_1_111' title="bbox 1943 5750 3509 5826">
    <p class='ocr_par' dir='ltr' id='par_1_111' title="bbox 1943 5750 3509 5826">
     <span class='ocr_line' id='line_1_111' title="bbox 1943 5750 3509 5826; baseline 0.006 -20"><span class='ocrx_word' id='word_1_785' title='bbox 1943 5752 2076 5824; x_wconf 77' lang='lat' dir='ltr'><strong>gulo</strong></span> <span class='ocrx_word' id='word_1_786' title='bbox 2104 5770 2116 5809; x_wconf 86' lang='lat'><strong>:</strong></span> <span class='ocrx_word' id='word_1_787' title='bbox 2148 5751 2287 5819; x_wconf 83' lang='lat' dir='ltr'><strong>Quid</strong></span> <span class='ocrx_word' id='word_1_788' title='bbox 2339 5750 2677 5826; x_wconf 73' lang='lat' dir='ltr'><strong>facis?quid</strong></span> <span class='ocrx_word' id='word_1_789' title='bbox 2702 5769 2807 5812; x_wconf 90' lang='lat' dir='ltr'><strong>non</strong></span> <span class='ocrx_word' id='word_1_790' title='bbox 2837 5756 3175 5824; x_wconf 80' lang='lat' dir='ltr'><strong>operaberis.</strong></span> <span class='ocrx_word' id='word_1_791' title='bbox 3212 5772 3311 5817; x_wconf 85' lang='lat' dir='ltr'><strong>nec</strong></span> <span class='ocrx_word' id='word_1_792' title='bbox 3342 5759 3509 5821; x_wconf 78' lang='lat' dir='ltr'><strong>babes</strong></span> 
     </span>
    </p>
   </div>
  </div>
