  <div class='ocr_page' id='page_1' title='image "/cluster/home/n/w/nwhite01/storage/ocr_20150623/95/hvd.32044073502106/553.png"; bbox 0 0 3880 6254; ppageno 0'>
   <div class='ocr_carea' id='block_1_1' title="bbox 401 286 539 351">
    <p class='ocr_par' dir='ltr' id='par_1_1' title="bbox 401 286 539 351">
     <span class='ocr_line' id='line_1_1' title="bbox 401 286 539 351; baseline -0.007 0"><span class='ocrx_word' id='word_1_1' title='bbox 401 286 539 351; x_wconf 76' lang='grc'>1095</span> 
     </span>
    </p>
   </div>
   <div class='ocr_carea' id='block_1_2' title="bbox 1587 273 2474 337">
    <p class='ocr_par' dir='ltr' id='par_1_2' title="bbox 1587 273 2474 337">
     <span class='ocr_line' id='line_1_2' title="bbox 1587 273 2474 337; baseline -0.002 -1"><span class='ocrx_word' id='word_1_2' title='bbox 1587 277 1648 337; x_wconf 89' lang='lat' dir='ltr'><strong>S.</strong></span> <span class='ocrx_word' id='word_1_3' title='bbox 1685 274 2009 336; x_wconf 80' lang='lat' dir='ltr'><strong>JOANNIS</strong></span> <span class='ocrx_word' id='word_1_4' title='bbox 2040 273 2474 335; x_wconf 82' lang='lat' dir='ltr'><strong>DAMASCENI</strong></span> 
     </span>
    </p>
   </div>
   <div class='ocr_carea' id='block_1_3' title="bbox 3530 272 3658 340">
    <p class='ocr_par' dir='ltr' id='par_1_3' title="bbox 3530 272 3658 340">
     <span class='ocr_line' id='line_1_3' title="bbox 3530 272 3658 340; baseline 0.016 -2"><span class='ocrx_word' id='word_1_5' title='bbox 3530 272 3658 340; x_wconf 79' lang='lat'><strong>1096</strong></span> 
     </span>
    </p>
   </div>
   <div class='ocr_carea' id='block_1_4' title="bbox 400 383 1997 462">
    <p class='ocr_par' dir='ltr' id='par_1_4' title="bbox 400 383 1974 460">
     <span class='ocr_line' id='line_1_4' title="bbox 400 383 1974 460; baseline -0.008 -10"><span class='ocrx_word' id='word_1_6' title='bbox 400 392 634 450; x_wconf 82' lang='lat' dir='ltr'><strong>manus?</strong></span> <span class='ocrx_word' id='word_1_7' title='bbox 667 398 721 447; x_wconf 91' lang='lat' dir='ltr'><strong>et</strong></span> <span class='ocrx_word' id='word_1_8' title='bbox 755 404 864 446; x_wconf 92' lang='lat' dir='ltr'><strong>non</strong></span> <span class='ocrx_word' id='word_1_9' title='bbox 892 385 1248 460; x_wconf 98' lang='lat' dir='ltr'><strong>respondebit</strong></span> <span class='ocrx_word' id='word_1_10' title='bbox 1278 384 1602 457; x_wconf 83' lang='lat' dir='ltr'><strong>ﬁgmentum</strong></span> <span class='ocrx_word' id='word_1_11' title='bbox 1631 383 1700 439; x_wconf 87' lang='lat' dir='ltr'><strong>ad</strong></span> <span class='ocrx_word' id='word_1_12' title='bbox 1726 398 1852 440; x_wconf 89' lang='lat' dir='ltr'><strong>eum</strong></span> <span class='ocrx_word' id='word_1_13' title='bbox 1878 383 1974 454; x_wconf 86' lang='lat' dir='ltr'><strong>qui</strong></span> 
     </span>
    </p>
   </div>
   <div class='ocr_carea' id='block_1_5' title="bbox 2119 383 3662 462">
    <p class='ocr_par' dir='ltr' id='par_1_5' title="bbox 2119 383 3662 462">
     <span class='ocr_line' id='line_1_5' title="bbox 2119 383 3662 462; baseline 0.001 -24"><span class='ocrx_word' id='word_1_14' title='bbox 2119 387 2137 438; x_wconf 73' lang='lat'><strong>5</strong></span> <span class='ocrx_word' id='word_1_15' title='bbox 2170 384 2397 455; x_wconf 87' lang='grc' dir='ltr'>πλάσμα</span> <span class='ocrx_word' id='word_1_16' title='bbox 2427 383 2565 455; x_wconf 82' lang='grc' dir='ltr'>πρὸς</span> <span class='ocrx_word' id='word_1_17' title='bbox 2589 384 2683 439; x_wconf 77' lang='grc' dir='ltr'><strong>τὸν</strong></span> <span class='ocrx_word' id='word_1_18' title='bbox 2719 384 3000 442; x_wconf 83' lang='grc' dir='ltr'>πλάσαντα</span> <span class='ocrx_word' id='word_1_19' title='bbox 3030 386 3229 451; x_wconf 79' lang='grc' dir='ltr'>αὐτόν;</span> <span class='ocrx_word' id='word_1_20' title='bbox 3262 385 3296 456; x_wconf 77' lang='grc' dir='ltr'>ἢ</span> <span class='ocrx_word' id='word_1_21' title='bbox 3333 388 3362 441; x_wconf 82' lang='grc' dir='ltr'>ὁ</span> <span class='ocrx_word' id='word_1_22' title='bbox 3391 385 3564 456; x_wconf 79' lang='grc' dir='ltr'>λέγων</span> <span class='ocrx_word' id='word_1_23' title='bbox 3587 387 3662 462; x_wconf 72' lang='grc' dir='ltr'><strong>τῷ</strong></span> 
     </span>
    </p>
   </div>
   <div class='ocr_carea' id='block_1_6' title="bbox 402 474 1978 554">
    <p class='ocr_par' dir='ltr' id='par_1_6' title="bbox 402 474 1978 554">
     <span class='ocr_line' id='line_1_6' title="bbox 402 474 1978 554; baseline -0.011 -10"><span class='ocrx_word' id='word_1_24' title='bbox 402 503 463 544; x_wconf 85' lang='lat' dir='ltr'><strong>se</strong></span> <span class='ocrx_word' id='word_1_25' title='bbox 495 487 654 541; x_wconf 84' lang='lat' dir='ltr'><strong>tinxit</strong></span> <span class='ocrx_word' id='word_1_26' title='bbox 673 525 689 544; x_wconf 84' lang='lat'><strong>.</strong></span> <span class='ocrx_word' id='word_1_27' title='bbox 713 491 808 537; x_wconf 90' lang='lat' dir='ltr'><strong>aut</strong></span> <span class='ocrx_word' id='word_1_28' title='bbox 836 484 930 554; x_wconf 85' lang='lat' dir='ltr'><strong>qui</strong></span> <span class='ocrx_word' id='word_1_29' title='bbox 961 480 1098 536; x_wconf 92' lang='lat' dir='ltr'><strong>dicit</strong></span> <span class='ocrx_word' id='word_1_30' title='bbox 1122 477 1296 546; x_wconf 84' lang='lat' dir='ltr'><strong>Patri,</strong></span> <span class='ocrx_word' id='word_1_31' title='bbox 1333 494 1433 533; x_wconf 87' lang='lat' dir='ltr'><strong>cur</strong></span> <span class='ocrx_word' id='word_1_32' title='bbox 1455 476 1690 551; x_wconf 85' lang='lat' dir='ltr'><strong>genuit?</strong></span> <span class='ocrx_word' id='word_1_33' title='bbox 1713 484 1769 532; x_wconf 88' lang='lat' dir='ltr'><strong>et</strong></span> <span class='ocrx_word' id='word_1_34' title='bbox 1791 474 1978 540; x_wconf 90' lang='lat' dir='ltr'><strong>matri,</strong></span> 
     </span>
    </p>
   </div>
   <div class='ocr_carea' id='block_1_7' title="bbox 403 578 879 651">
    <p class='ocr_par' dir='ltr' id='par_1_7' title="bbox 403 578 879 651">
     <span class='ocr_line' id='line_1_7' title="bbox 403 578 879 651; baseline -0.015 -15"><span class='ocrx_word' id='word_1_35' title='bbox 403 583 518 636; x_wconf 78' lang='lat' dir='ltr'><strong>Cur</strong></span> <span class='ocrx_word' id='word_1_36' title='bbox 541 578 826 651; x_wconf 86' lang='lat' dir='ltr'><strong>parturis?</strong></span> <span class='ocrx_word' id='word_1_37' title='bbox 860 597 879 629; x_wconf 77' lang='grc' dir='ltr'>ι</span> 
     </span>
    </p>
   </div>
   <div class='ocr_carea' id='block_1_8' title="bbox 479 660 1983 744">
    <p class='ocr_par' dir='ltr' id='par_1_8' title="bbox 479 660 1983 744">
     <span class='ocr_line' id='line_1_8' title="bbox 479 660 1983 744; baseline -0.01 -13"><span class='ocrx_word' id='word_1_38' title='bbox 479 675 613 744; x_wconf 78' lang='lat' dir='ltr'><strong>Sep.</strong></span> <span class='ocrx_word' id='word_1_39' title='bbox 657 689 738 739; x_wconf 88' lang='grc' dir='ltr'>ιιι,</span> <span class='ocrx_word' id='word_1_40' title='bbox 793 671 880 725; x_wconf 73' lang='grc'><strong>14.</strong></span> <span class='ocrx_word' id='word_1_41' title='bbox 910 700 982 712; x_wconf 78' lang='grc' dir='ltr'><strong>-ο</strong></span> <span class='ocrx_word' id='word_1_42' title='bbox 1011 689 1030 722; x_wconf 73' lang='grc' dir='ltr'>ι</span> <span class='ocrx_word' id='word_1_43' title='bbox 1065 669 1170 736; x_wconf 85' lang='lat' dir='ltr'><strong>Qui</strong></span> <span class='ocrx_word' id='word_1_44' title='bbox 1233 683 1340 723; x_wconf 90' lang='lat' dir='ltr'><strong>non</strong></span> <span class='ocrx_word' id='word_1_45' title='bbox 1397 661 1665 734; x_wconf 77' lang='lat' dir='ltr'><strong>cogitavit</strong></span> <span class='ocrx_word' id='word_1_46' title='bbox 1711 660 1983 717; x_wconf 80' lang='lat' dir='ltr'><strong>adversus</strong></span> 
     </span>
    </p>
   </div>
   <div class='ocr_carea' id='block_1_9' title="bbox 2082 477 3561 560">
    <p class='ocr_par' dir='ltr' id='par_1_9' title="bbox 2082 477 3561 560">
     <span class='ocr_line' id='line_1_9' title="bbox 2082 477 3561 560; baseline 0.003 -30"><span class='ocrx_word' id='word_1_47' title='bbox 2082 479 2273 550; x_wconf 74' lang='grc' dir='ltr'>πατρὶ,</span> <span class='ocrx_word' id='word_1_48' title='bbox 2303 479 2354 532; x_wconf 87' lang='grc' dir='ltr'>τί</span> <span class='ocrx_word' id='word_1_49' title='bbox 2387 477 2680 560; x_wconf 49' lang='grc' dir='ltr'>ἐγέννησα</span> <span class='ocrx_word' id='word_1_50' title='bbox 2711 479 2807 542; x_wconf 73' lang='grc' dir='ltr'><strong>καὶ</strong></span> <span class='ocrx_word' id='word_1_51' title='bbox 2834 481 2904 552; x_wconf 70' lang='grc' dir='ltr'>τῇ</span> <span class='ocrx_word' id='word_1_52' title='bbox 2937 479 3130 552; x_wconf 72' lang='grc' dir='ltr'>μητρὶ,</span> <span class='ocrx_word' id='word_1_53' title='bbox 3152 480 3219 534; x_wconf 92' lang='grc' dir='ltr'>Τί</span> <span class='ocrx_word' id='word_1_54' title='bbox 3251 480 3502 549; x_wconf 75' lang='grc' dir='ltr'>ὠδίνειςς</span> <span class='ocrx_word' id='word_1_55' title='bbox 3541 499 3561 534; x_wconf 76' lang='grc' dir='ltr'>ι</span> 
     </span>
    </p>
   </div>
   <div class='ocr_carea' id='block_1_10' title="bbox 2159 658 3670 734">
    <p class='ocr_par' dir='ltr' id='par_1_10' title="bbox 2159 658 3670 734">
     <span class='ocr_line' id='line_1_10' title="bbox 2159 658 3670 734; baseline -0.002 -18"><span class='ocrx_word' id='word_1_56' title='bbox 2159 681 2179 716; x_wconf 75' lang='grc' dir='ltr'>ι</span> <span class='ocrx_word' id='word_1_57' title='bbox 2237 662 2296 715; x_wconf 85' lang='grc' dir='ltr'><strong>Ὀ</strong></span> <span class='ocrx_word' id='word_1_58' title='bbox 2324 660 2401 734; x_wconf 80' lang='grc' dir='ltr'>μὴ</span> <span class='ocrx_word' id='word_1_59' title='bbox 2426 661 2754 734; x_wconf 70' lang='grc' dir='ltr'>ἐνθυμηθεὶς</span> <span class='ocrx_word' id='word_1_60' title='bbox 2792 661 2935 718; x_wconf 77' lang='grc' dir='ltr'>κατὰ</span> <span class='ocrx_word' id='word_1_61' title='bbox 2954 660 3050 717; x_wconf 81' lang='grc' dir='ltr'><strong>τοῦ</strong></span> <span class='ocrx_word' id='word_1_62' title='bbox 3082 658 3557 733; x_wconf 67' lang='grc' dir='ltr'>Κυρίουιπονηρᾶ,</span> <span class='ocrx_word' id='word_1_63' title='bbox 3583 660 3670 714; x_wconf 79' lang='grc' dir='ltr'><strong>δο-</strong></span> 
     </span>
    </p>
   </div>
   <div class='ocr_carea' id='block_1_11' title="bbox 408 751 1997 835">
    <p class='ocr_par' dir='ltr' id='par_1_11' title="bbox 408 751 1982 835">
     <span class='ocr_line' id='line_1_11' title="bbox 408 751 1982 835; baseline -0.006 -14"><span class='ocrx_word' id='word_1_64' title='bbox 408 767 699 822; x_wconf 79' lang='lat' dir='ltr'><strong>Dominuni</strong></span> <span class='ocrx_word' id='word_1_65' title='bbox 753 762 1118 835; x_wconf 87' lang='lat' dir='ltr'><strong>nequissima,</strong></span> <span class='ocrx_word' id='word_1_66' title='bbox 1167 761 1298 817; x_wconf 90' lang='lat' dir='ltr'><strong>huic</strong></span> <span class='ocrx_word' id='word_1_67' title='bbox 1347 759 1570 815; x_wconf 82' lang='lat' dir='ltr'><strong>dabitur</strong></span> <span class='ocrx_word' id='word_1_68' title='bbox 1605 757 1811 813; x_wconf 88' lang='lat' dir='ltr'><strong>donum</strong></span> <span class='ocrx_word' id='word_1_69' title='bbox 1858 751 1982 811; x_wconf 79' lang='lat' dir='ltr'><strong>ﬁdei</strong></span> 
     </span>
    </p>
   </div>
   <div class='ocr_carea' id='block_1_12' title="bbox 2119 751 3457 835">
    <p class='ocr_par' dir='ltr' id='par_1_12' title="bbox 2119 754 3457 829">
     <span class='ocr_line' id='line_1_12' title="bbox 2119 754 3457 829; baseline 0 -21"><span class='ocrx_word' id='word_1_70' title='bbox 2119 757 2313 828; x_wconf 84' lang='grc' dir='ltr'>ήσεται</span> <span class='ocrx_word' id='word_1_71' title='bbox 2347 755 2496 828; x_wconf 80' lang='grc' dir='ltr'>αὐτῷ</span> <span class='ocrx_word' id='word_1_72' title='bbox 2520 758 2619 829; x_wconf 78' lang='grc' dir='ltr'>τῆς</span> <span class='ocrx_word' id='word_1_73' title='bbox 2646 756 2887 820; x_wconf 83' lang='grc' dir='ltr'>πίστεως</span> <span class='ocrx_word' id='word_1_74' title='bbox 2929 755 3092 828; x_wconf 82' lang='grc' dir='ltr'>χάρις</span> <span class='ocrx_word' id='word_1_75' title='bbox 3121 754 3380 828; x_wconf 74' lang='grc' dir='ltr'>ὲκλεκτή,</span> <span class='ocrx_word' id='word_1_76' title='bbox 3433 773 3457 808; x_wconf 76' lang='grc' dir='ltr'>ι</span> 
     </span>
    </p>
   </div>
   <div class='ocr_carea' id='block_1_13' title="bbox 406 860 732 915">
    <p class='ocr_par' dir='ltr' id='par_1_13' title="bbox 406 860 732 915">
     <span class='ocr_line' id='line_1_13' title="bbox 406 860 732 915; baseline -0.021 -1"><span class='ocrx_word' id='word_1_77' title='bbox 406 860 668 915; x_wconf 87' lang='lat' dir='ltr'><strong>electum.</strong></span> <span class='ocrx_word' id='word_1_78' title='bbox 712 874 732 907; x_wconf 76' lang='grc' dir='ltr'>ι</span> 
     </span>
    </p>
   </div>
   <div class='ocr_carea' id='block_1_14' title="bbox 479 944 1988 1022">
    <p class='ocr_par' dir='ltr' id='par_1_14' title="bbox 479 944 1988 1022">
     <span class='ocr_line' id='line_1_14' title="bbox 479 944 1988 1022; baseline 0.001 -18"><span class='ocrx_word' id='word_1_79' title='bbox 479 952 646 1022; x_wconf 73' lang='lat'><strong>308</strong></span> <span class='ocrx_word' id='word_1_80' title='bbox 687 948 856 1004; x_wconf 83' lang='lat' dir='ltr'><strong>Eccli.</strong></span> <span class='ocrx_word' id='word_1_81' title='bbox 906 963 1004 1016; x_wconf 81' lang='lat' dir='ltr'><strong>vn,</strong></span> <span class='ocrx_word' id='word_1_82' title='bbox 1058 947 1114 1004; x_wconf 81' lang='lat'><strong>5.</strong></span> <span class='ocrx_word' id='word_1_83' title='bbox 1155 975 1227 991; x_wconf 76' lang='lat'><strong>-—-</strong></span> <span class='ocrx_word' id='word_1_84' title='bbox 1267 966 1285 1000; x_wconf 81' lang='grc' dir='ltr'>ι</span> <span class='ocrx_word' id='word_1_85' title='bbox 1325 944 1408 1002; x_wconf 76' lang='lat' dir='ltr'><strong>Ne</strong></span> <span class='ocrx_word' id='word_1_86' title='bbox 1453 956 1504 1003; x_wconf 92' lang='lat' dir='ltr'><strong>te</strong></span> <span class='ocrx_word' id='word_1_87' title='bbox 1539 945 1814 1018; x_wconf 77' lang='lat' dir='ltr'><strong>iustiﬁces</strong></span> <span class='ocrx_word' id='word_1_88' title='bbox 1859 955 1988 1005; x_wconf 84' lang='lat' dir='ltr'><strong>ante</strong></span> 
     </span>
    </p>
   </div>
   <div class='ocr_carea' id='block_1_15' title="bbox 409 1042 657 1099">
    <p class='ocr_par' dir='ltr' id='par_1_15' title="bbox 409 1042 657 1099">
     <span class='ocr_line' id='line_1_15' title="bbox 409 1042 657 1099; baseline -0.016 0"><span class='ocrx_word' id='word_1_89' title='bbox 409 1042 604 1099; x_wconf 88' lang='lat' dir='ltr'><strong>Deum.</strong></span> <span class='ocrx_word' id='word_1_90' title='bbox 639 1061 657 1095; x_wconf 75' lang='grc' dir='ltr'>ι</span> 
     </span>
    </p>
   </div>
   <div class='ocr_carea' id='block_1_16' title="bbox 479 1124 1982 1202">
    <p class='ocr_par' dir='ltr' id='par_1_16' title="bbox 479 1124 1982 1202">
     <span class='ocr_line' id='line_1_16' title="bbox 479 1124 1982 1202; baseline -0.001 -12"><span class='ocrx_word' id='word_1_91' title='bbox 479 1124 634 1190; x_wconf 75' lang='lat' dir='ltr'><strong>Rom.</strong></span> <span class='ocrx_word' id='word_1_92' title='bbox 669 1149 746 1198; x_wconf 78' lang='lat' dir='ltr'><strong>ix,</strong></span> <span class='ocrx_word' id='word_1_93' title='bbox 768 1133 859 1195; x_wconf 76' lang='lat'><strong>20,</strong></span> <span class='ocrx_word' id='word_1_94' title='bbox 885 1133 1066 1188; x_wconf 74' lang='lat' dir='ltr'><strong>2l.—</strong></span> <span class='ocrx_word' id='word_1_95' title='bbox 1087 1152 1104 1185; x_wconf 77' lang='grc' dir='ltr'>ι</span> <span class='ocrx_word' id='word_1_96' title='bbox 1134 1131 1179 1189; x_wconf 91' lang='grc' dir='ltr'><strong>Ο</strong></span> <span class='ocrx_word' id='word_1_97' title='bbox 1214 1133 1396 1197; x_wconf 91' lang='lat' dir='ltr'><strong>homo,</strong></span> <span class='ocrx_word' id='word_1_98' title='bbox 1441 1140 1496 1185; x_wconf 92' lang='lat' dir='ltr'><strong>tu</strong></span> <span class='ocrx_word' id='word_1_99' title='bbox 1532 1131 1658 1202; x_wconf 85' lang='lat' dir='ltr'><strong>quis</strong></span> <span class='ocrx_word' id='word_1_100' title='bbox 1675 1132 1871 1202; x_wconf 86' lang='lat' dir='ltr'><strong>es,qui</strong></span> <span class='ocrx_word' id='word_1_101' title='bbox 1894 1148 1982 1189; x_wconf 86' lang='lat' dir='ltr'><strong>re-</strong></span> 
     </span>
    </p>
   </div>
   <div class='ocr_carea' id='block_1_17' title="bbox 414 1224 1986 1299">
    <p class='ocr_par' dir='ltr' id='par_1_17' title="bbox 414 1224 1986 1299">
     <span class='ocr_line' id='line_1_17' title="bbox 414 1224 1986 1299; baseline -0.003 -14"><span class='ocrx_word' id='word_1_102' title='bbox 414 1229 690 1299; x_wconf 84' lang='lat' dir='ltr'><strong>spondeas</strong></span> <span class='ocrx_word' id='word_1_103' title='bbox 718 1224 868 1281; x_wconf 83' lang='lat' dir='ltr'><strong>Deo?</strong></span> <span class='ocrx_word' id='word_1_104' title='bbox 895 1227 977 1280; x_wconf 83' lang='lat' dir='ltr'><strong>An</strong></span> <span class='ocrx_word' id='word_1_105' title='bbox 1013 1226 1160 1281; x_wconf 85' lang='lat' dir='ltr'><strong>dicet</strong></span> <span class='ocrx_word' id='word_1_106' title='bbox 1189 1225 1504 1296; x_wconf 78' lang='lat' dir='ltr'><strong>figmentum</strong></span> <span class='ocrx_word' id='word_1_107' title='bbox 1527 1224 1573 1278; x_wconf 92' lang='lat' dir='ltr'><strong>ei</strong></span> <span class='ocrx_word' id='word_1_108' title='bbox 1595 1225 1687 1295; x_wconf 87' lang='lat' dir='ltr'><strong>qui</strong></span> <span class='ocrx_word' id='word_1_109' title='bbox 1707 1240 1768 1279; x_wconf 90' lang='lat' dir='ltr'><strong>se</strong></span> <span class='ocrx_word' id='word_1_110' title='bbox 1792 1225 1986 1281; x_wconf 81' lang='lat' dir='ltr'><strong>(imit:</strong></span> 
     </span>
    </p>
   </div>
   <div class='ocr_carea' id='block_1_18' title="bbox 414 1318 1990 1390">
    <p class='ocr_par' dir='ltr' id='par_1_18' title="bbox 414 1318 1990 1390">
     <span class='ocr_line' id='line_1_18' title="bbox 414 1318 1990 1390; baseline -0.001 -14"><span class='ocrx_word' id='word_1_111' title='bbox 414 1323 560 1390; x_wconf 83' lang='lat' dir='ltr'><strong>Quid</strong></span> <span class='ocrx_word' id='word_1_112' title='bbox 595 1337 680 1375; x_wconf 90' lang='lat' dir='ltr'><strong>me</strong></span> <span class='ocrx_word' id='word_1_113' title='bbox 719 1319 898 1375; x_wconf 78' lang='lat' dir='ltr'><strong>fecisti</strong></span> <span class='ocrx_word' id='word_1_114' title='bbox 929 1318 1056 1374; x_wconf 78' lang='lat' dir='ltr'><strong>sic?</strong></span> <span class='ocrx_word' id='word_1_115' title='bbox 1097 1319 1296 1373; x_wconf 82' lang='lat' dir='ltr'><strong>Annon</strong></span> <span class='ocrx_word' id='word_1_116' title='bbox 1347 1318 1510 1373; x_wconf 84' lang='lat' dir='ltr'><strong>habet</strong></span> <span class='ocrx_word' id='word_1_117' title='bbox 1547 1326 1878 1388; x_wconf 87' lang='lat' dir='ltr'><strong>potestatem</strong></span> <span class='ocrx_word' id='word_1_118' title='bbox 1927 1318 1990 1374; x_wconf 81' lang='lat' dir='ltr'><strong>ii-</strong></span> 
     </span>
    </p>
   </div>
   <div class='ocr_carea' id='block_1_19' title="bbox 2168 939 3167 1016">
    <p class='ocr_par' dir='ltr' id='par_1_19' title="bbox 2168 939 3167 1016">
     <span class='ocr_line' id='line_1_19' title="bbox 2168 939 3167 1016; baseline 0 -22"><span class='ocrx_word' id='word_1_119' title='bbox 2168 961 2187 994; x_wconf 73' lang='lat' dir='ltr'><strong>t</strong></span> <span class='ocrx_word' id='word_1_120' title='bbox 2233 941 2330 1016; x_wconf 82' lang='grc' dir='ltr'><strong>Μὴ</strong></span> <span class='ocrx_word' id='word_1_121' title='bbox 2347 939 2560 996; x_wconf 83' lang='grc' dir='ltr'>δικαιοῦ</span> <span class='ocrx_word' id='word_1_122' title='bbox 2587 941 2834 995; x_wconf 76' lang='grc' dir='ltr'>ἐναντίον</span> <span class='ocrx_word' id='word_1_123' title='bbox 2867 940 3098 1014; x_wconf 78' lang='grc' dir='ltr'><strong>Κυρίου.</strong></span> <span class='ocrx_word' id='word_1_124' title='bbox 3146 959 3167 994; x_wconf 72' lang='grc' dir='ltr'>ι</span> 
     </span>
    </p>
   </div>
   <div class='ocr_carea' id='block_1_20' title="bbox 2169 1115 3674 1194">
    <p class='ocr_par' dir='ltr' id='par_1_20' title="bbox 2169 1115 3674 1194">
     <span class='ocr_line' id='line_1_20' title="bbox 2169 1115 3674 1194; baseline 0.001 -19"><span class='ocrx_word' id='word_1_125' title='bbox 2169 1141 2188 1175; x_wconf 75' lang='grc' dir='ltr'>ι</span> <span class='ocrx_word' id='word_1_126' title='bbox 2229 1117 2302 1177; x_wconf 80' lang='grc' dir='ltr'><strong><em>Ὦ</em></strong></span> <span class='ocrx_word' id='word_1_127' title='bbox 2359 1121 2634 1194; x_wconf 81' lang='grc' dir='ltr'><strong>ἄνθρωπε,</strong></span> <span class='ocrx_word' id='word_1_128' title='bbox 2685 1119 2882 1192; x_wconf 76' lang='grc' dir='ltr'>μενοῦν</span> <span class='ocrx_word' id='word_1_129' title='bbox 2911 1137 2997 1191; x_wconf 86' lang='grc' dir='ltr'><strong>γε,</strong></span> <span class='ocrx_word' id='word_1_130' title='bbox 3053 1120 3118 1175; x_wconf 82' lang='grc' dir='ltr'>σὺ</span> <span class='ocrx_word' id='word_1_131' title='bbox 3159 1121 3243 1185; x_wconf 86' lang='grc' dir='ltr'><strong>τίς</strong></span> <span class='ocrx_word' id='word_1_132' title='bbox 3275 1115 3331 1176; x_wconf 79' lang='grc' dir='ltr'>εἴ</span> <span class='ocrx_word' id='word_1_133' title='bbox 3368 1121 3399 1175; x_wconf 82' lang='grc' dir='ltr'><strong><em>ὁ</em></strong></span> <span class='ocrx_word' id='word_1_134' title='bbox 3439 1121 3674 1176; x_wconf 75' lang='grc' dir='ltr'>ἀνταπο-</span> 
     </span>
    </p>
   </div>
   <div class='ocr_carea' id='block_1_21' title="bbox 2092 1213 3677 1288">
    <p class='ocr_par' dir='ltr' id='par_1_21' title="bbox 2092 1213 3677 1288">
     <span class='ocr_line' id='line_1_21' title="bbox 2092 1213 3677 1288; baseline -0.001 -18"><span class='ocrx_word' id='word_1_135' title='bbox 2092 1215 2414 1288; x_wconf 79' lang='grc' dir='ltr'>κρινόμενος</span> <span class='ocrx_word' id='word_1_136' title='bbox 2450 1213 2529 1286; x_wconf 85' lang='grc' dir='ltr'>τῷ</span> <span class='ocrx_word' id='word_1_137' title='bbox 2568 1213 2721 1284; x_wconf 85' lang='grc' dir='ltr'><strong>Θεῷ;</strong></span> <span class='ocrx_word' id='word_1_138' title='bbox 2774 1213 2868 1285; x_wconf 81' lang='grc' dir='ltr'><strong>Μὴ</strong></span> <span class='ocrx_word' id='word_1_139' title='bbox 2915 1216 3032 1287; x_wconf 84' lang='grc' dir='ltr'>ὲρεῖ</span> <span class='ocrx_word' id='word_1_140' title='bbox 3067 1213 3129 1267; x_wconf 81' lang='grc' dir='ltr'><strong>τὸ</strong></span> <span class='ocrx_word' id='word_1_141' title='bbox 3161 1214 3392 1286; x_wconf 81' lang='grc' dir='ltr'><strong>πλάσμα</strong></span> <span class='ocrx_word' id='word_1_142' title='bbox 3435 1214 3519 1286; x_wconf 82' lang='grc' dir='ltr'>τῷ</span> <span class='ocrx_word' id='word_1_143' title='bbox 3547 1214 3677 1270; x_wconf 76' lang='grc' dir='ltr'>πλάο</span> 
     </span>
    </p>
   </div>
   <div class='ocr_carea' id='block_1_22' title="bbox 2096 1305 3677 1378">
    <p class='ocr_par' dir='ltr' id='par_1_22' title="bbox 2096 1305 3677 1378">
     <span class='ocr_line' id='line_1_22' title="bbox 2096 1305 3677 1378; baseline -0.001 -16"><span class='ocrx_word' id='word_1_144' title='bbox 2096 1325 2249 1362; x_wconf 74' lang='grc' dir='ltr'>σαντι</span> <span class='ocrx_word' id='word_1_145' title='bbox 2271 1323 2282 1335; x_wconf 89' lang='grc'><strong>·</strong></span> <span class='ocrx_word' id='word_1_146' title='bbox 2331 1306 2396 1360; x_wconf 92' lang='grc' dir='ltr'><strong>Τί</strong></span> <span class='ocrx_word' id='word_1_147' title='bbox 2427 1323 2495 1378; x_wconf 86' lang='grc' dir='ltr'><strong>με</strong></span> <span class='ocrx_word' id='word_1_148' title='bbox 2522 1306 2788 1377; x_wconf 80' lang='grc' dir='ltr'>ἐποίησας</span> <span class='ocrx_word' id='word_1_149' title='bbox 2828 1306 3038 1370; x_wconf 78' lang='grc' dir='ltr'>οὓτωςς</span> <span class='ocrx_word' id='word_1_150' title='bbox 3073 1305 3234 1378; x_wconf 78' lang='grc' dir='ltr'>ἢούκ</span> <span class='ocrx_word' id='word_1_151' title='bbox 3272 1306 3388 1377; x_wconf 77' lang='grc' dir='ltr'>ἔχει</span> <span class='ocrx_word' id='word_1_152' title='bbox 3428 1307 3677 1373; x_wconf 78' lang='grc' dir='ltr'>ἐξουσίαν</span> 
     </span>
    </p>
   </div>
   <div class='ocr_carea' id='block_1_23' title="bbox 415 1398 1997 1483">
    <p class='ocr_par' dir='ltr' id='par_1_23' title="bbox 415 1409 1989 1483">
     <span class='ocr_line' id='line_1_23' title="bbox 415 1409 1989 1483; baseline -0.003 -15"><span class='ocrx_word' id='word_1_153' title='bbox 415 1414 575 1483; x_wconf 82' lang='lat' dir='ltr'><strong>gulus</strong></span> <span class='ocrx_word' id='word_1_154' title='bbox 620 1412 718 1466; x_wconf 91' lang='lat' dir='ltr'><strong>luti</strong></span> <span class='ocrx_word' id='word_1_155' title='bbox 771 1427 838 1468; x_wconf 82' lang='lat' dir='ltr'><strong>ex</strong></span> <span class='ocrx_word' id='word_1_156' title='bbox 872 1410 1062 1466; x_wconf 87' lang='lat' dir='ltr'><strong>eadem</strong></span> <span class='ocrx_word' id='word_1_157' title='bbox 1110 1425 1296 1466; x_wconf 88' lang='lat' dir='ltr'><strong>massa</strong></span> <span class='ocrx_word' id='word_1_158' title='bbox 1329 1409 1529 1474; x_wconf 80' lang='lat' dir='ltr'><strong>facere,</strong></span> <span class='ocrx_word' id='word_1_159' title='bbox 1577 1410 1727 1464; x_wconf 86' lang='lat' dir='ltr'><strong>aliud</strong></span> <span class='ocrx_word' id='word_1_160' title='bbox 1761 1410 1989 1480; x_wconf 85' lang='lat' dir='ltr'><strong>quidem</strong></span> 
     </span>
    </p>
   </div>
   <div class='ocr_carea' id='block_1_24' title="bbox 2119 1398 3678 1483">
    <p class='ocr_par' dir='ltr' id='par_1_24' title="bbox 2119 1398 3678 1472">
     <span class='ocr_line' id='line_1_24' title="bbox 2119 1398 3678 1472; baseline 0.002 -20"><span class='ocrx_word' id='word_1_161' title='bbox 2119 1426 2122 1450; x_wconf 71' lang='grc' dir='ltr'>ι</span> <span class='ocrx_word' id='word_1_162' title='bbox 2172 1399 2453 1472; x_wconf 75' lang='grc' dir='ltr'>κεραμεὺς</span> <span class='ocrx_word' id='word_1_163' title='bbox 2501 1399 2596 1453; x_wconf 82' lang='grc' dir='ltr'><strong>τοῦ</strong></span> <span class='ocrx_word' id='word_1_164' title='bbox 2650 1398 2825 1472; x_wconf 82' lang='grc' dir='ltr'><strong>πηλοῦ</strong></span> <span class='ocrx_word' id='word_1_165' title='bbox 2880 1401 2944 1454; x_wconf 82' lang='grc' dir='ltr'>ὲκ</span> <span class='ocrx_word' id='word_1_166' title='bbox 2993 1399 3085 1454; x_wconf 78' lang='grc' dir='ltr'>τοῦ</span> <span class='ocrx_word' id='word_1_167' title='bbox 3138 1399 3306 1454; x_wconf 80' lang='grc' dir='ltr'>αὑτοῦ</span> <span class='ocrx_word' id='word_1_168' title='bbox 3354 1402 3678 1472; x_wconf 80' lang='grc' dir='ltr'><strong>φυράματος</strong></span> 
     </span>
    </p>
   </div>
   <div class='ocr_carea' id='block_1_25' title="bbox 417 1502 1944 1570">
    <p class='ocr_par' dir='ltr' id='par_1_25' title="bbox 417 1502 1944 1570">
     <span class='ocr_line' id='line_1_25' title="bbox 417 1502 1944 1570; baseline -0.005 -8"><span class='ocrx_word' id='word_1_169' title='bbox 417 1508 588 1563; x_wconf 82' lang='lat' dir='ltr'><strong>vasin</strong></span> <span class='ocrx_word' id='word_1_170' title='bbox 623 1507 918 1570; x_wconf 86' lang='lat' dir='ltr'><strong>honorem;</strong></span> <span class='ocrx_word' id='word_1_171' title='bbox 950 1503 1103 1558; x_wconf 88' lang='lat' dir='ltr'><strong>aliud</strong></span> <span class='ocrx_word' id='word_1_172' title='bbox 1153 1513 1335 1558; x_wconf 86' lang='lat' dir='ltr'><strong>autem</strong></span> <span class='ocrx_word' id='word_1_173' title='bbox 1377 1504 1431 1557; x_wconf 90' lang='lat' dir='ltr'><strong>in</strong></span> <span class='ocrx_word' id='word_1_174' title='bbox 1458 1502 1890 1558; x_wconf 79' lang='lat' dir='ltr'><strong>contumeliam?</strong></span> <span class='ocrx_word' id='word_1_175' title='bbox 1925 1522 1944 1555; x_wconf 75' lang='grc' dir='ltr'>ι</span> 
     </span>
    </p>
   </div>
   <div class='ocr_carea' id='block_1_26' title="bbox 488 1594 1994 1662">
    <p class='ocr_par' dir='ltr' id='par_1_26' title="bbox 488 1594 1994 1662">
     <span class='ocr_line' id='line_1_26' title="bbox 488 1594 1994 1662; baseline -0.001 -11"><span class='ocrx_word' id='word_1_176' title='bbox 488 1597 516 1651; x_wconf 91' lang='lat' dir='ltr'><strong><em>I</em></strong></span> <span class='ocrx_word' id='word_1_177' title='bbox 551 1597 676 1652; x_wconf 88' lang='lat' dir='ltr'><strong>Cor.</strong></span> <span class='ocrx_word' id='word_1_178' title='bbox 711 1613 764 1662; x_wconf 75' lang='grc' dir='ltr'>ι,</span> <span class='ocrx_word' id='word_1_179' title='bbox 797 1596 853 1651; x_wconf 88' lang='lat'><strong>9.</strong></span> <span class='ocrx_word' id='word_1_180' title='bbox 899 1625 955 1637; x_wconf 90' lang='lat'><strong>-</strong></span> <span class='ocrx_word' id='word_1_181' title='bbox 986 1614 1005 1649; x_wconf 71' lang='grc' dir='ltr'>ι</span> <span class='ocrx_word' id='word_1_182' title='bbox 1036 1595 1154 1651; x_wconf 81' lang='lat' dir='ltr'><strong>Non</strong></span> <span class='ocrx_word' id='word_1_183' title='bbox 1193 1602 1473 1651; x_wconf 87' lang='lat' dir='ltr'><strong>tentcmus</strong></span> <span class='ocrx_word' id='word_1_184' title='bbox 1500 1594 1814 1662; x_wconf 89' lang='lat' dir='ltr'><strong>Dominum,</strong></span> <span class='ocrx_word' id='word_1_185' title='bbox 1848 1596 1994 1652; x_wconf 86' lang='lat' dir='ltr'><strong>sicut</strong></span> 
     </span>
    </p>
   </div>
   <div class='ocr_carea' id='block_1_27' title="bbox 417 1687 1986 1763">
    <p class='ocr_par' dir='ltr' id='par_1_27' title="bbox 417 1687 1986 1763">
     <span class='ocr_line' id='line_1_27' title="bbox 417 1687 1986 1763; baseline -0.001 -18"><span class='ocrx_word' id='word_1_186' title='bbox 417 1691 642 1763; x_wconf 87' lang='lat' dir='ltr'><strong>quidam</strong></span> <span class='ocrx_word' id='word_1_187' title='bbox 688 1705 882 1746; x_wconf 88' lang='lat' dir='ltr'><strong>eorum</strong></span> <span class='ocrx_word' id='word_1_188' title='bbox 914 1696 1282 1753; x_wconf 88' lang='lat' dir='ltr'><strong>tentaverunt,</strong></span> <span class='ocrx_word' id='word_1_189' title='bbox 1313 1696 1367 1744; x_wconf 90' lang='lat' dir='ltr'><strong>et</strong></span> <span class='ocrx_word' id='word_1_190' title='bbox 1402 1702 1434 1743; x_wconf 86' lang='lat' dir='ltr'><strong>a</strong></span> <span class='ocrx_word' id='word_1_191' title='bbox 1471 1687 1825 1759; x_wconf 80' lang='lat' dir='ltr'><strong>serpentibus</strong></span> <span class='ocrx_word' id='word_1_192' title='bbox 1857 1703 1986 1760; x_wconf 86' lang='lat' dir='ltr'><strong>per-</strong></span> 
     </span>
    </p>
   </div>
   <div class='ocr_carea' id='block_1_28' title="bbox 417 1784 672 1840">
    <p class='ocr_par' dir='ltr' id='par_1_28' title="bbox 417 1784 672 1840">
     <span class='ocr_line' id='line_1_28' title="bbox 417 1784 672 1840; baseline -0.024 0"><span class='ocrx_word' id='word_1_193' title='bbox 417 1784 623 1840; x_wconf 83' lang='lat' dir='ltr'><strong>ierunt.</strong></span> <span class='ocrx_word' id='word_1_194' title='bbox 661 1802 672 1833; x_wconf 77' lang='grc' dir='ltr'><strong>ν</strong></span> 
     </span>
    </p>
   </div>
   <div class='ocr_carea' id='block_1_29' title="bbox 465 1873 1995 1943">
    <p class='ocr_par' dir='ltr' id='par_1_29' title="bbox 465 1873 1995 1943">
     <span class='ocr_line' id='line_1_29' title="bbox 465 1873 1995 1943; baseline -0.002 -11"><span class='ocrx_word' id='word_1_195' title='bbox 465 1876 661 1932; x_wconf 82' lang='lat' dir='ltr'><strong>.Basil.</strong></span> <span class='ocrx_word' id='word_1_196' title='bbox 697 1875 846 1941; x_wconf 82' lang='lat' dir='ltr'><strong>Quod</strong></span> <span class='ocrx_word' id='word_1_197' title='bbox 879 1873 1016 1929; x_wconf 82' lang='lat' dir='ltr'><strong>Deus</strong></span> <span class='ocrx_word' id='word_1_198' title='bbox 1049 1882 1253 1930; x_wconf 81' lang='lat' dir='ltr'><strong>nonest</strong></span> <span class='ocrx_word' id='word_1_199' title='bbox 1282 1882 1469 1929; x_wconf 82' lang='lat' dir='ltr'><strong>auctor</strong></span> <span class='ocrx_word' id='word_1_200' title='bbox 1495 1874 1995 1943; x_wconf 63' lang='lat' dir='ltr'><strong>malorum—Qui</strong></span> 
     </span>
    </p>
   </div>
   <div class='ocr_carea' id='block_1_30' title="bbox 2095 1491 3674 1565">
    <p class='ocr_par' dir='ltr' id='par_1_30' title="bbox 2095 1491 3674 1565">
     <span class='ocr_line' id='line_1_30' title="bbox 2095 1491 3674 1565; baseline 0.003 -22"><span class='ocrx_word' id='word_1_201' title='bbox 2095 1492 2344 1563; x_wconf 84' lang='grc' dir='ltr'>ποιῆσαι,</span> <span class='ocrx_word' id='word_1_202' title='bbox 2371 1491 2400 1544; x_wconf 87' lang='grc' dir='ltr'><strong>ὃ</strong></span> <span class='ocrx_word' id='word_1_203' title='bbox 2428 1491 2525 1561; x_wconf 71' lang='grc' dir='ltr'>μὲν</span> <span class='ocrx_word' id='word_1_204' title='bbox 2549 1491 2630 1555; x_wconf 83' lang='grc' dir='ltr'>εἰς</span> <span class='ocrx_word' id='word_1_205' title='bbox 2659 1491 2826 1564; x_wconf 78' lang='grc' dir='ltr'>τιμὴν</span> <span class='ocrx_word' id='word_1_206' title='bbox 2857 1492 3073 1558; x_wconf 83' lang='grc' dir='ltr'>σκεῦος,</span> <span class='ocrx_word' id='word_1_207' title='bbox 3099 1491 3130 1546; x_wconf 76' lang='grc' dir='ltr'><strong><em>ὃ</em></strong></span> <span class='ocrx_word' id='word_1_208' title='bbox 3155 1493 3212 1548; x_wconf 75' lang='grc' dir='ltr'><strong>δὲ</strong></span> <span class='ocrx_word' id='word_1_209' title='bbox 3241 1494 3322 1557; x_wconf 87' lang='grc' dir='ltr'><strong>είς</strong></span> <span class='ocrx_word' id='word_1_210' title='bbox 3346 1495 3618 1565; x_wconf 78' lang='grc' dir='ltr'>ἀτιμίαν;</span> <span class='ocrx_word' id='word_1_211' title='bbox 3655 1513 3674 1548; x_wconf 72' lang='grc' dir='ltr'>ι</span> 
     </span>
    </p>
   </div>
   <div class='ocr_carea' id='block_1_31' title="bbox 2174 1586 3679 1659">
    <p class='ocr_par' dir='ltr' id='par_1_31' title="bbox 2174 1586 3679 1659">
     <span class='ocr_line' id='line_1_31' title="bbox 2174 1586 3679 1659; baseline 0.004 -22"><span class='ocrx_word' id='word_1_212' title='bbox 2174 1604 2192 1637; x_wconf 78' lang='grc' dir='ltr'>ι</span> <span class='ocrx_word' id='word_1_213' title='bbox 2242 1587 2333 1658; x_wconf 84' lang='grc' dir='ltr'><strong>Μὴ</strong></span> <span class='ocrx_word' id='word_1_214' title='bbox 2362 1586 2717 1659; x_wconf 77' lang='grc' dir='ltr'>πειράζωμεν</span> <span class='ocrx_word' id='word_1_215' title='bbox 2744 1587 2835 1640; x_wconf 84' lang='grc' dir='ltr'><strong>τὸν</strong></span> <span class='ocrx_word' id='word_1_216' title='bbox 2848 1586 3088 1657; x_wconf 77' lang='grc' dir='ltr'>ιΚὺριον,</span> <span class='ocrx_word' id='word_1_217' title='bbox 3115 1586 3301 1651; x_wconf 83' lang='grc' dir='ltr'>καθώς</span> <span class='ocrx_word' id='word_1_218' title='bbox 3322 1605 3473 1652; x_wconf 86' lang='grc' dir='ltr'>τινες</span> <span class='ocrx_word' id='word_1_219' title='bbox 3499 1587 3679 1643; x_wconf 81' lang='grc' dir='ltr'>αὐτῶν</span> 
     </span>
    </p>
   </div>
   <div class='ocr_carea' id='block_1_32' title="bbox 2096 1679 3426 1752">
    <p class='ocr_par' dir='ltr' id='par_1_32' title="bbox 2096 1679 3426 1752">
     <span class='ocr_line' id='line_1_32' title="bbox 2096 1679 3426 1752; baseline 0 -18"><span class='ocrx_word' id='word_1_220' title='bbox 2096 1681 2418 1752; x_wconf 73' lang='grc' dir='ltr'>ἐπείρασαν,</span> <span class='ocrx_word' id='word_1_221' title='bbox 2443 1680 2539 1734; x_wconf 79' lang='grc' dir='ltr'><strong>καὶ</strong></span> <span class='ocrx_word' id='word_1_222' title='bbox 2565 1680 2671 1733; x_wconf 77' lang='grc' dir='ltr'><strong>ὑπὸ</strong></span> <span class='ocrx_word' id='word_1_223' title='bbox 2701 1679 2808 1734; x_wconf 85' lang='grc' dir='ltr'><strong>τῶν</strong></span> <span class='ocrx_word' id='word_1_224' title='bbox 2841 1679 3018 1750; x_wconf 75' lang='grc' dir='ltr'>δφεων</span> <span class='ocrx_word' id='word_1_225' title='bbox 3055 1679 3356 1736; x_wconf 80' lang='grc' dir='ltr'>ἀπώλοντο.</span> <span class='ocrx_word' id='word_1_226' title='bbox 3404 1700 3426 1734; x_wconf 73' lang='grc' dir='ltr'>ι</span> 
     </span>
    </p>
   </div>
   <div class='ocr_carea' id='block_1_33' title="bbox 2165 1860 3682 1932">
    <p class='ocr_par' dir='ltr' id='par_1_33' title="bbox 2165 1860 3682 1932">
     <span class='ocr_line' id='line_1_33' title="bbox 2165 1860 3682 1932; baseline 0.004 -18"><span class='ocrx_word' id='word_1_227' title='bbox 2165 1861 2229 1915; x_wconf 85' lang='grc' dir='ltr'>Οἱ</span> <span class='ocrx_word' id='word_1_228' title='bbox 2263 1861 2571 1932; x_wconf 82' lang='grc' dir='ltr'><strong>τολμῶντες</strong></span> <span class='ocrx_word' id='word_1_229' title='bbox 2609 1861 2727 1932; x_wconf 86' lang='grc' dir='ltr'><strong>Θεῷ</strong></span> <span class='ocrx_word' id='word_1_230' title='bbox 2771 1860 3091 1932; x_wconf 75' lang='grc' dir='ltr'><strong>ἀντιλέγειν,</strong></span> <span class='ocrx_word' id='word_1_231' title='bbox 3140 1863 3340 1932; x_wconf 60' lang='grc' dir='ltr'>φασίν</span> <span class='ocrx_word' id='word_1_232' title='bbox 3369 1864 3476 1921; x_wconf 83' lang='grc' dir='ltr'><strong>Διά</strong></span> <span class='ocrx_word' id='word_1_233' title='bbox 3524 1865 3578 1918; x_wconf 88' lang='grc' dir='ltr'>τί</span> <span class='ocrx_word' id='word_1_234' title='bbox 3628 1866 3682 1920; x_wconf 69' lang='grc' dir='ltr'><strong>ἓν</strong></span> 
     </span>
    </p>
   </div>
   <div class='ocr_carea' id='block_1_34' title="bbox 423 1954 1997 2034">
    <p class='ocr_par' dir='ltr' id='par_1_34' title="bbox 423 1966 1996 2034">
     <span class='ocr_line' id='line_1_34' title="bbox 423 1966 1996 2034; baseline 0 -12"><span class='ocrx_word' id='word_1_235' title='bbox 423 1969 533 2023; x_wconf 90' lang='lat' dir='ltr'><strong>Deo</strong></span> <span class='ocrx_word' id='word_1_236' title='bbox 579 1967 838 2022; x_wconf 86' lang='lat' dir='ltr'><strong>reluctari</strong></span> <span class='ocrx_word' id='word_1_237' title='bbox 891 1967 1114 2032; x_wconf 90' lang='lat' dir='ltr'><strong>audent,</strong></span> <span class='ocrx_word' id='word_1_238' title='bbox 1169 1966 1254 2023; x_wconf 91' lang='lat' dir='ltr'><strong>his</strong></span> <span class='ocrx_word' id='word_1_239' title='bbox 1298 1966 1485 2022; x_wconf 85' lang='lat' dir='ltr'><strong>verbis</strong></span> <span class='ocrx_word' id='word_1_240' title='bbox 1531 1976 1814 2022; x_wconf 81' lang='lat' dir='ltr'><strong>utuntur:</strong></span> <span class='ocrx_word' id='word_1_241' title='bbox 1852 1966 1996 2034; x_wconf 86' lang='lat' dir='ltr'><strong>Quid</strong></span> 
     </span>
    </p>
   </div>
   <div class='ocr_carea' id='block_1_35' title="bbox 2119 1954 3685 2034">
    <p class='ocr_par' dir='ltr' id='par_1_35' title="bbox 2119 1954 3685 2029">
     <span class='ocr_line' id='line_1_35' title="bbox 2119 1954 3685 2029; baseline 0.003 -22"><span class='ocrx_word' id='word_1_242' title='bbox 2119 1957 2166 2026; x_wconf 73' lang='grc' dir='ltr'><strong>τῇ</strong></span> <span class='ocrx_word' id='word_1_243' title='bbox 2216 1957 2528 2026; x_wconf 77' lang='grc' dir='ltr'>κατασκευῇ</span> <span class='ocrx_word' id='word_1_244' title='bbox 2577 1955 2639 2008; x_wconf 81' lang='grc' dir='ltr'>τὸ</span> <span class='ocrx_word' id='word_1_245' title='bbox 2679 1954 3064 2026; x_wconf 81' lang='grc' dir='ltr'><strong>ἀναμάρτητον</strong></span> <span class='ocrx_word' id='word_1_246' title='bbox 3119 1956 3221 2011; x_wconf 82' lang='grc' dir='ltr'>οὐκ</span> <span class='ocrx_word' id='word_1_247' title='bbox 3267 1957 3494 2029; x_wconf 74' lang='grc' dir='ltr'>ἔχομεν,</span> <span class='ocrx_word' id='word_1_248' title='bbox 3545 1958 3685 2012; x_wconf 70' lang='grc' dir='ltr'>ὥστε</span> 
     </span>
    </p>
   </div>
   <div class='ocr_carea' id='block_1_36' title="bbox 420 2059 1998 2133">
    <p class='ocr_par' dir='ltr' id='par_1_36' title="bbox 420 2059 1998 2133">
     <span class='ocr_line' id='line_1_36' title="bbox 420 2059 1998 2133; baseline -0.002 -14"><span class='ocrx_word' id='word_1_249' title='bbox 420 2062 911 2133; x_wconf 71' lang='lat' dir='ltr'><strong>est,quamobrem</strong></span> <span class='ocrx_word' id='word_1_250' title='bbox 960 2061 1016 2114; x_wconf 91' lang='lat' dir='ltr'><strong>in</strong></span> <span class='ocrx_word' id='word_1_251' title='bbox 1066 2061 1180 2131; x_wconf 87' lang='lat' dir='ltr'><strong>ipsa</strong></span> <span class='ocrx_word' id='word_1_252' title='bbox 1219 2068 1501 2115; x_wconf 87' lang='lat' dir='ltr'><strong>structura</strong></span> <span class='ocrx_word' id='word_1_253' title='bbox 1542 2075 1651 2115; x_wconf 88' lang='lat' dir='ltr'><strong>non</strong></span> <span class='ocrx_word' id='word_1_254' title='bbox 1707 2059 1998 2122; x_wconf 88' lang='lat' dir='ltr'><strong>habemus.</strong></span> 
     </span>
    </p>
   </div>
   <div class='ocr_carea' id='block_1_37' title="bbox 418 2153 1999 2224">
    <p class='ocr_par' dir='ltr' id='par_1_37' title="bbox 418 2153 1999 2224">
     <span class='ocr_line' id='line_1_37' title="bbox 418 2153 1999 2224; baseline -0.001 -12"><span class='ocrx_word' id='word_1_255' title='bbox 418 2166 481 2212; x_wconf 82' lang='lat' dir='ltr'><strong>ut</strong></span> <span class='ocrx_word' id='word_1_256' title='bbox 512 2165 664 2211; x_wconf 78' lang='lat' dir='ltr'><strong>extra</strong></span> <span class='ocrx_word' id='word_1_257' title='bbox 715 2153 984 2224; x_wconf 84' lang='lat' dir='ltr'><strong>peccandi</strong></span> <span class='ocrx_word' id='word_1_258' title='bbox 1019 2153 1195 2207; x_wconf 88' lang='lat' dir='ltr'><strong>aleam</strong></span> <span class='ocrx_word' id='word_1_259' title='bbox 1226 2154 1426 2220; x_wconf 90' lang='lat' dir='ltr'><strong>simus,</strong></span> <span class='ocrx_word' id='word_1_260' title='bbox 1467 2163 1527 2207; x_wconf 93' lang='lat' dir='ltr'><strong>ut</strong></span> <span class='ocrx_word' id='word_1_261' title='bbox 1557 2169 1646 2218; x_wconf 91' lang='lat' dir='ltr'><strong>ne,</strong></span> <span class='ocrx_word' id='word_1_262' title='bbox 1681 2155 1727 2209; x_wconf 90' lang='lat' dir='ltr'><strong>si</strong></span> <span class='ocrx_word' id='word_1_263' title='bbox 1764 2154 1999 2210; x_wconf 89' lang='lat' dir='ltr'><strong>velimus</strong></span> 
     </span>
    </p>
   </div>
   <div class='ocr_carea' id='block_1_38' title="bbox 420 2245 1997 2319">
    <p class='ocr_par' dir='ltr' id='par_1_38' title="bbox 420 2245 1997 2319">
     <span class='ocr_line' id='line_1_38' title="bbox 420 2245 1997 2319; baseline -0.001 -16"><span class='ocrx_word' id='word_1_264' title='bbox 420 2249 664 2319; x_wconf 84' lang='lat' dir='ltr'><strong>quidem,</strong></span> <span class='ocrx_word' id='word_1_265' title='bbox 705 2261 935 2317; x_wconf 85' lang='lat' dir='ltr'><strong>peccare</strong></span> <span class='ocrx_word' id='word_1_266' title='bbox 968 2245 1127 2302; x_wconf 83' lang='lat' dir='ltr'><strong>nobis</strong></span> <span class='ocrx_word' id='word_1_267' title='bbox 1161 2245 1358 2300; x_wconf 80' lang='lat' dir='ltr'><strong>liceat?</strong></span> <span class='ocrx_word' id='word_1_268' title='bbox 1389 2246 1659 2314; x_wconf 84' lang='lat' dir='ltr'><strong>Quoniam</strong></span> <span class='ocrx_word' id='word_1_269' title='bbox 1686 2254 1743 2301; x_wconf 92' lang='lat' dir='ltr'><strong>tu</strong></span> <span class='ocrx_word' id='word_1_270' title='bbox 1778 2261 1997 2318; x_wconf 90' lang='lat' dir='ltr'><strong>quoque</strong></span> 
     </span>
    </p>
   </div>
   <div class='ocr_carea' id='block_1_39' title="bbox 422 2339 1993 2408">
    <p class='ocr_par' dir='ltr' id='par_1_39' title="bbox 422 2339 1993 2408">
     <span class='ocr_line' id='line_1_39' title="bbox 422 2339 1993 2408; baseline 0 -10"><span class='ocrx_word' id='word_1_271' title='bbox 422 2356 634 2408; x_wconf 89' lang='lat' dir='ltr'><strong>servos,</strong></span> <span class='ocrx_word' id='word_1_272' title='bbox 654 2355 788 2406; x_wconf 89' lang='lat' dir='ltr'><strong>non,</strong></span> <span class='ocrx_word' id='word_1_273' title='bbox 817 2356 942 2394; x_wconf 82' lang='lat' dir='ltr'><strong>cum</strong></span> <span class='ocrx_word' id='word_1_274' title='bbox 979 2355 1075 2396; x_wconf 87' lang='lat' dir='ltr'><strong>eos</strong></span> <span class='ocrx_word' id='word_1_275' title='bbox 1105 2340 1162 2394; x_wconf 92' lang='lat' dir='ltr'><strong>in</strong></span> <span class='ocrx_word' id='word_1_276' title='bbox 1198 2339 1436 2397; x_wconf 88' lang='lat' dir='ltr'><strong>vinculis</strong></span> <span class='ocrx_word' id='word_1_277' title='bbox 1462 2342 1794 2398; x_wconf 91' lang='lat' dir='ltr'><strong>constrictos</strong></span> <span class='ocrx_word' id='word_1_278' title='bbox 1818 2348 1993 2407; x_wconf 89' lang='lat' dir='ltr'><strong>tenes,</strong></span> 
     </span>
    </p>
   </div>
   <div class='ocr_carea' id='block_1_40' title="bbox 419 2433 1996 2505">
    <p class='ocr_par' dir='ltr' id='par_1_40' title="bbox 419 2433 1996 2505">
     <span class='ocr_line' id='line_1_40' title="bbox 419 2433 1996 2505; baseline -0.002 -14"><span class='ocrx_word' id='word_1_279' title='bbox 419 2435 715 2492; x_wconf 85' lang='lat' dir='ltr'><strong>benevolos</strong></span> <span class='ocrx_word' id='word_1_280' title='bbox 745 2433 840 2488; x_wconf 85' lang='lat' dir='ltr'><strong>tibi</strong></span> <span class='ocrx_word' id='word_1_281' title='bbox 867 2433 1180 2497; x_wconf 79' lang='lat' dir='ltr'><strong>existimas;</strong></span> <span class='ocrx_word' id='word_1_282' title='bbox 1209 2433 1302 2488; x_wconf 87' lang='lat' dir='ltr'><strong>sed</strong></span> <span class='ocrx_word' id='word_1_283' title='bbox 1347 2449 1471 2489; x_wconf 89' lang='lat' dir='ltr'><strong>cum</strong></span> <span class='ocrx_word' id='word_1_284' title='bbox 1512 2449 1608 2491; x_wconf 91' lang='lat' dir='ltr'><strong>eos</strong></span> <span class='ocrx_word' id='word_1_285' title='bbox 1641 2441 1840 2505; x_wconf 89' lang='lat' dir='ltr'><strong>sponte</strong></span> <span class='ocrx_word' id='word_1_286' title='bbox 1871 2448 1996 2488; x_wconf 82' lang='lat' dir='ltr'><strong>mu-</strong></span> 
     </span>
    </p>
   </div>
   <div class='ocr_carea' id='block_1_41' title="bbox 420 2521 1994 2597">
    <p class='ocr_par' dir='ltr' id='par_1_41' title="bbox 420 2521 1994 2597">
     <span class='ocr_line' id='line_1_41' title="bbox 420 2521 1994 2597; baseline -0.002 -17"><span class='ocrx_word' id='word_1_287' title='bbox 420 2540 554 2582; x_wconf 87' lang='lat' dir='ltr'><strong>nere</strong></span> <span class='ocrx_word' id='word_1_288' title='bbox 583 2540 685 2580; x_wconf 88' lang='lat' dir='ltr'><strong>suo</strong></span> <span class='ocrx_word' id='word_1_289' title='bbox 717 2522 868 2592; x_wconf 79' lang='lat' dir='ltr'><strong>fungi</strong></span> <span class='ocrx_word' id='word_1_290' title='bbox 903 2522 1193 2593; x_wconf 89' lang='lat' dir='ltr'><strong>perspicis.</strong></span> <span class='ocrx_word' id='word_1_291' title='bbox 1221 2521 1362 2589; x_wconf 90' lang='lat' dir='ltr'><strong>Quin</strong></span> <span class='ocrx_word' id='word_1_292' title='bbox 1392 2523 1504 2580; x_wconf 88' lang='lat' dir='ltr'><strong>Deo</strong></span> <span class='ocrx_word' id='word_1_293' title='bbox 1535 2538 1757 2596; x_wconf 87' lang='lat' dir='ltr'><strong>quoque</strong></span> <span class='ocrx_word' id='word_1_294' title='bbox 1777 2531 1994 2597; x_wconf 85' lang='lat' dir='ltr'><strong>gratum</strong></span> 
     </span>
    </p>
   </div>
   <div class='ocr_carea' id='block_1_42' title="bbox 419 2613 1998 2685">
    <p class='ocr_par' dir='ltr' id='par_1_42' title="bbox 419 2613 1998 2685">
     <span class='ocr_line' id='line_1_42' title="bbox 419 2613 1998 2685; baseline -0.001 -14"><span class='ocrx_word' id='word_1_295' title='bbox 419 2625 524 2682; x_wconf 84' lang='lat' dir='ltr'><strong>est,</strong></span> <span class='ocrx_word' id='word_1_296' title='bbox 557 2630 666 2670; x_wconf 93' lang='lat' dir='ltr'><strong>non</strong></span> <span class='ocrx_word' id='word_1_297' title='bbox 701 2613 848 2685; x_wconf 91' lang='lat' dir='ltr'><strong>quod</strong></span> <span class='ocrx_word' id='word_1_298' title='bbox 885 2613 934 2667; x_wconf 86' lang='lat' dir='ltr'><strong>vi</strong></span> <span class='ocrx_word' id='word_1_299' title='bbox 959 2619 1346 2684; x_wconf 82' lang='lat' dir='ltr'><strong>extorquetur,</strong></span> <span class='ocrx_word' id='word_1_300' title='bbox 1381 2614 1478 2670; x_wconf 85' lang='lat' dir='ltr'><strong>sed</strong></span> <span class='ocrx_word' id='word_1_301' title='bbox 1503 2613 1650 2684; x_wconf 92' lang='lat' dir='ltr'><strong>quod</strong></span> <span class='ocrx_word' id='word_1_302' title='bbox 1683 2629 1747 2670; x_wconf 82' lang='lat' dir='ltr'><strong>ex</strong></span> <span class='ocrx_word' id='word_1_303' title='bbox 1793 2613 1998 2669; x_wconf 85' lang='lat' dir='ltr'><strong>virtute</strong></span> 
     </span>
    </p>
   </div>
   <div class='ocr_carea' id='block_1_43' title="bbox 421 2703 1997 2778">
    <p class='ocr_par' dir='ltr' id='par_1_43' title="bbox 421 2703 1997 2778">
     <span class='ocr_line' id='line_1_43' title="bbox 421 2703 1997 2778; baseline -0.002 -16"><span class='ocrx_word' id='word_1_304' title='bbox 421 2707 650 2778; x_wconf 80' lang='lat' dir='ltr'><strong>geritur.</strong></span> <span class='ocrx_word' id='word_1_305' title='bbox 696 2703 888 2760; x_wconf 75' lang='lat' dir='ltr'><strong>Virtus</strong></span> <span class='ocrx_word' id='word_1_306' title='bbox 925 2719 1090 2776; x_wconf 90' lang='lat' dir='ltr'><strong>porro</strong></span> <span class='ocrx_word' id='word_1_307' title='bbox 1121 2718 1152 2757; x_wconf 90' lang='lat' dir='ltr'><strong>a</strong></span> <span class='ocrx_word' id='word_1_308' title='bbox 1193 2704 1498 2770; x_wconf 86' lang='lat' dir='ltr'><strong>voluntate,</strong></span> <span class='ocrx_word' id='word_1_309' title='bbox 1532 2720 1642 2760; x_wconf 88' lang='lat' dir='ltr'><strong>non</strong></span> <span class='ocrx_word' id='word_1_310' title='bbox 1666 2719 1731 2758; x_wconf 81' lang='lat' dir='ltr'><strong>ex</strong></span> <span class='ocrx_word' id='word_1_311' title='bbox 1751 2703 1997 2760; x_wconf 86' lang='lat' dir='ltr'><strong>necessi-</strong></span> 
     </span>
    </p>
   </div>
   <div class='ocr_carea' id='block_1_44' title="bbox 420 2795 1998 2869">
    <p class='ocr_par' dir='ltr' id='par_1_44' title="bbox 420 2795 1998 2869">
     <span class='ocr_line' id='line_1_44' title="bbox 420 2795 1998 2869; baseline 0 -14"><span class='ocrx_word' id='word_1_312' title='bbox 420 2807 536 2856; x_wconf 81' lang='lat' dir='ltr'><strong>tate</strong></span> <span class='ocrx_word' id='word_1_313' title='bbox 588 2801 790 2856; x_wconf 87' lang='lat' dir='ltr'><strong>oritur.</strong></span> <span class='ocrx_word' id='word_1_314' title='bbox 849 2797 1037 2869; x_wconf 82' lang='lat' dir='ltr'><strong>Itaque</strong></span> <span class='ocrx_word' id='word_1_315' title='bbox 1081 2797 1176 2869; x_wconf 90' lang='lat' dir='ltr'><strong>qui</strong></span> <span class='ocrx_word' id='word_1_316' title='bbox 1225 2795 1573 2853; x_wconf 90' lang='lat' dir='ltr'><strong>conditorem</strong></span> <span class='ocrx_word' id='word_1_317' title='bbox 1620 2797 1724 2853; x_wconf 86' lang='lat' dir='ltr'><strong>hoc</strong></span> <span class='ocrx_word' id='word_1_318' title='bbox 1777 2798 1998 2855; x_wconf 86' lang='lat' dir='ltr'><strong>nomine</strong></span> 
     </span>
    </p>
   </div>
   <div class='ocr_carea' id='block_1_45' title="bbox 422 2877 2001 2967">
    <p class='ocr_par' dir='ltr' id='par_1_45' title="bbox 422 2877 2001 2967">
     <span class='ocr_line' id='line_1_45' title="bbox 422 2877 2001 2967; baseline 0 -17"><span class='ocrx_word' id='word_1_319' title='bbox 422 2877 803 2967; x_wconf 83' lang='lat' dir='ltr'><strong>reprehendit,</strong></span> <span class='ocrx_word' id='word_1_320' title='bbox 858 2894 1004 2966; x_wconf 89' lang='lat' dir='ltr'><strong>quod</strong></span> <span class='ocrx_word' id='word_1_321' title='bbox 1045 2910 1151 2950; x_wconf 87' lang='lat' dir='ltr'><strong>nos</strong></span> <span class='ocrx_word' id='word_1_322' title='bbox 1199 2902 1401 2950; x_wconf 88' lang='lat' dir='ltr'><strong>natura</strong></span> <span class='ocrx_word' id='word_1_323' title='bbox 1448 2894 1842 2967; x_wconf 89' lang='lat' dir='ltr'><strong>impeccabiles</strong></span> <span class='ocrx_word' id='word_1_324' title='bbox 1892 2910 2001 2950; x_wconf 86' lang='lat' dir='ltr'><strong>non</strong></span> 
     </span>
    </p>
   </div>
   <div class='ocr_carea' id='block_1_46' title="bbox 421 2988 2001 3062">
    <p class='ocr_par' dir='ltr' id='par_1_46' title="bbox 421 2988 2001 3062">
     <span class='ocr_line' id='line_1_46' title="bbox 421 2988 2001 3062; baseline -0.001 -17"><span class='ocrx_word' id='word_1_325' title='bbox 421 2988 757 3057; x_wconf 85' lang='lat' dir='ltr'><strong>condiderit,</strong></span> <span class='ocrx_word' id='word_1_326' title='bbox 806 2990 944 3044; x_wconf 84' lang='lat' dir='ltr'><strong>nihil</strong></span> <span class='ocrx_word' id='word_1_327' title='bbox 993 2990 1142 3047; x_wconf 87' lang='lat' dir='ltr'><strong>aliud</strong></span> <span class='ocrx_word' id='word_1_328' title='bbox 1186 3006 1350 3062; x_wconf 87' lang='lat' dir='ltr'><strong>quam</strong></span> <span class='ocrx_word' id='word_1_329' title='bbox 1382 2989 1601 3046; x_wconf 87' lang='lat' dir='ltr'><strong>brutam</strong></span> <span class='ocrx_word' id='word_1_330' title='bbox 1643 2998 1900 3044; x_wconf 85' lang='lat' dir='ltr'><strong>naturam</strong></span> <span class='ocrx_word' id='word_1_331' title='bbox 1952 2988 2001 3044; x_wconf 91' lang='lat' dir='ltr'><strong>ei</strong></span> 
     </span>
    </p>
   </div>
   <div class='ocr_carea' id='block_1_47' title="bbox 2100 2052 3684 2126">
    <p class='ocr_par' dir='ltr' id='par_1_47' title="bbox 2100 2052 3684 2126">
     <span class='ocr_line' id='line_1_47' title="bbox 2100 2052 3684 2126; baseline 0.001 -19"><span class='ocrx_word' id='word_1_332' title='bbox 2100 2053 2222 2107; x_wconf 79' lang='grc' dir='ltr'>οὐδὲ</span> <span class='ocrx_word' id='word_1_333' title='bbox 2245 2052 2589 2124; x_wconf 77' lang='grc' dir='ltr'><strong>βουλομένοις</strong></span> <span class='ocrx_word' id='word_1_334' title='bbox 2614 2053 2746 2123; x_wconf 81' lang='grc' dir='ltr'>ἡμῖν</span> <span class='ocrx_word' id='word_1_335' title='bbox 2772 2053 3042 2124; x_wconf 82' lang='grc' dir='ltr'>ὑπάρχειν</span> <span class='ocrx_word' id='word_1_336' title='bbox 3068 2054 3126 2108; x_wconf 83' lang='grc' dir='ltr'>τὸ</span> <span class='ocrx_word' id='word_1_337' title='bbox 3154 2054 3534 2126; x_wconf 83' lang='grc' dir='ltr'>άμαρτάνειν;</span> <span class='ocrx_word' id='word_1_338' title='bbox 3565 2056 3684 2110; x_wconf 85' lang='grc' dir='ltr'>Ὀτι</span> 
     </span>
    </p>
   </div>
   <div class='ocr_carea' id='block_1_48' title="bbox 2102 2144 3684 2220">
    <p class='ocr_par' dir='ltr' id='par_1_48' title="bbox 2102 2144 3684 2220">
     <span class='ocr_line' id='line_1_48' title="bbox 2102 2144 3684 2220; baseline 0 -20"><span class='ocrx_word' id='word_1_339' title='bbox 2102 2146 2199 2200; x_wconf 71' lang='grc' dir='ltr'><strong>καὶ</strong></span> <span class='ocrx_word' id='word_1_340' title='bbox 2235 2147 2299 2201; x_wconf 81' lang='grc' dir='ltr'><strong>σὺ</strong></span> <span class='ocrx_word' id='word_1_341' title='bbox 2323 2147 2449 2210; x_wconf 75' lang='grc' dir='ltr'>τοὺς</span> <span class='ocrx_word' id='word_1_342' title='bbox 2471 2144 2714 2210; x_wconf 81' lang='grc' dir='ltr'><strong>οἰκέτας,</strong></span> <span class='ocrx_word' id='word_1_343' title='bbox 2739 2149 2836 2216; x_wconf 78' lang='grc' dir='ltr'><strong>οὐχ</strong></span> <span class='ocrx_word' id='word_1_344' title='bbox 2860 2146 2988 2200; x_wconf 81' lang='grc' dir='ltr'>ὅταν</span> <span class='ocrx_word' id='word_1_345' title='bbox 3008 2146 3265 2218; x_wconf 78' lang='grc' dir='ltr'><strong>δεσμίους</strong></span> <span class='ocrx_word' id='word_1_346' title='bbox 3296 2147 3428 2220; x_wconf 75' lang='grc' dir='ltr'><strong>ἔχῃς</strong></span> <span class='ocrx_word' id='word_1_347' title='bbox 3449 2188 3462 2212; x_wconf 93' lang='grc'>,</span> <span class='ocrx_word' id='word_1_348' title='bbox 3495 2148 3684 2212; x_wconf 72' lang='grc' dir='ltr'>εὔνους</span> 
     </span>
    </p>
   </div>
   <div class='ocr_carea' id='block_1_49' title="bbox 2103 2238 3686 2315">
    <p class='ocr_par' dir='ltr' id='par_1_49' title="bbox 2103 2238 3686 2315">
     <span class='ocr_line' id='line_1_49' title="bbox 2103 2238 3686 2315; baseline 0.002 -24"><span class='ocrx_word' id='word_1_349' title='bbox 2103 2238 2529 2311; x_wconf 78' lang='grc' dir='ltr'>ὑπολαμϐάνεις,</span> <span class='ocrx_word' id='word_1_350' title='bbox 2552 2238 2665 2292; x_wconf 78' lang='grc' dir='ltr'><strong>ἀλλ’</strong></span> <span class='ocrx_word' id='word_1_351' title='bbox 2693 2239 2822 2293; x_wconf 87' lang='grc' dir='ltr'>ὅταν</span> <span class='ocrx_word' id='word_1_352' title='bbox 2856 2239 2971 2314; x_wconf 76' lang='grc' dir='ltr'><strong>ἴδῃς</strong></span> <span class='ocrx_word' id='word_1_353' title='bbox 3002 2242 3268 2304; x_wconf 80' lang='grc' dir='ltr'>ἑκουσίως</span> <span class='ocrx_word' id='word_1_354' title='bbox 3292 2242 3686 2315; x_wconf 52' lang='grc' dir='ltr'>ἀποπληροῦν</span> 
     </span>
    </p>
   </div>
   <div class='ocr_carea' id='block_1_50' title="bbox 2102 2329 3685 2406">
    <p class='ocr_par' dir='ltr' id='par_1_50' title="bbox 2102 2329 3685 2406">
     <span class='ocr_line' id='line_1_50' title="bbox 2102 2329 3685 2406; baseline 0.001 -19"><span class='ocrx_word' id='word_1_355' title='bbox 2102 2331 2202 2396; x_wconf 87' lang='grc' dir='ltr'><strong>τάς</strong></span> <span class='ocrx_word' id='word_1_356' title='bbox 2236 2347 2319 2386; x_wconf 89' lang='grc' dir='ltr'>σοι</span> <span class='ocrx_word' id='word_1_357' title='bbox 2347 2329 2416 2385; x_wconf 80' lang='grc' dir='ltr'>τὰ</span> <span class='ocrx_word' id='word_1_358' title='bbox 2442 2329 2780 2401; x_wconf 80' lang='grc' dir='ltr'>καθήκοντα.</span> <span class='ocrx_word' id='word_1_359' title='bbox 2817 2332 2927 2386; x_wconf 80' lang='grc' dir='ltr'><strong>Καὶ</strong></span> <span class='ocrx_word' id='word_1_360' title='bbox 2964 2332 3085 2405; x_wconf 85' lang='grc' dir='ltr'><strong>Θεῷ</strong></span> <span class='ocrx_word' id='word_1_361' title='bbox 3117 2334 3292 2403; x_wconf 85' lang='grc' dir='ltr'>φίλον,</span> <span class='ocrx_word' id='word_1_362' title='bbox 3333 2335 3396 2388; x_wconf 82' lang='grc' dir='ltr'>οὐ</span> <span class='ocrx_word' id='word_1_363' title='bbox 3430 2334 3492 2388; x_wconf 80' lang='grc' dir='ltr'><strong>τὸ</strong></span> <span class='ocrx_word' id='word_1_364' title='bbox 3517 2336 3685 2406; x_wconf 75' lang='grc' dir='ltr'>ἡναγ-</span> 
     </span>
    </p>
   </div>
   <div class='ocr_carea' id='block_1_51' title="bbox 2102 2424 3687 2501">
    <p class='ocr_par' dir='ltr' id='par_1_51' title="bbox 2102 2424 3687 2501">
     <span class='ocr_line' id='line_1_51' title="bbox 2102 2424 3687 2501; baseline 0.001 -21"><span class='ocrx_word' id='word_1_365' title='bbox 2102 2426 2399 2496; x_wconf 84' lang='grc' dir='ltr'>κασμένον,</span> <span class='ocrx_word' id='word_1_366' title='bbox 2426 2424 2563 2479; x_wconf 80' lang='grc' dir='ltr'><strong>ἀλλὰ</strong></span> <span class='ocrx_word' id='word_1_367' title='bbox 2595 2424 2656 2480; x_wconf 77' lang='grc' dir='ltr'>τὸ</span> <span class='ocrx_word' id='word_1_368' title='bbox 2685 2426 2745 2491; x_wconf 81' lang='grc' dir='ltr'>ἐξ</span> <span class='ocrx_word' id='word_1_369' title='bbox 2773 2426 2972 2498; x_wconf 82' lang='grc' dir='ltr'>ἀρετῆς</span> <span class='ocrx_word' id='word_1_370' title='bbox 2994 2426 3456 2501; x_wconf 80' lang='grc' dir='ltr'><strong>κατορθούμενον.</strong></span> <span class='ocrx_word' id='word_1_371' title='bbox 3493 2426 3687 2500; x_wconf 76' lang='grc' dir='ltr'>’Λρετὴ</span> 
     </span>
    </p>
   </div>
   <div class='ocr_carea' id='block_1_52' title="bbox 2101 2518 3687 2592">
    <p class='ocr_par' dir='ltr' id='par_1_52' title="bbox 2101 2518 3687 2592">
     <span class='ocr_line' id='line_1_52' title="bbox 2101 2518 3687 2592; baseline 0.003 -18"><span class='ocrx_word' id='word_1_372' title='bbox 2101 2518 2160 2576; x_wconf 70' lang='grc' dir='ltr'><strong>δὲ</strong></span> <span class='ocrx_word' id='word_1_373' title='bbox 2213 2519 2280 2574; x_wconf 79' lang='grc' dir='ltr'>ὲκ</span> <span class='ocrx_word' id='word_1_374' title='bbox 2329 2519 2724 2592; x_wconf 81' lang='grc' dir='ltr'>προαιρέσεως,</span> <span class='ocrx_word' id='word_1_375' title='bbox 2774 2521 2868 2574; x_wconf 72' lang='grc' dir='ltr'><strong>καὶ</strong></span> <span class='ocrx_word' id='word_1_376' title='bbox 2902 2521 3004 2575; x_wconf 77' lang='grc' dir='ltr'>οὐκ</span> <span class='ocrx_word' id='word_1_377' title='bbox 3049 2521 3299 2592; x_wconf 77' lang='grc' dir='ltr'>ἀνάγκης</span> <span class='ocrx_word' id='word_1_378' title='bbox 3343 2521 3584 2592; x_wconf 89' lang='grc' dir='ltr'>γίνεται.</span> <span class='ocrx_word' id='word_1_379' title='bbox 3631 2523 3687 2578; x_wconf 90' lang='lat'><strong>&#39;0</strong></span> 
     </span>
    </p>
   </div>
   <div class='ocr_carea' id='block_1_53' title="bbox 2104 2613 3688 2688">
    <p class='ocr_par' dir='ltr' id='par_1_53' title="bbox 2104 2613 3688 2688">
     <span class='ocr_line' id='line_1_53' title="bbox 2104 2613 3688 2688; baseline 0.001 -20"><span class='ocrx_word' id='word_1_380' title='bbox 2104 2613 2284 2669; x_wconf 85' lang='grc' dir='ltr'>τοίνυν</span> <span class='ocrx_word' id='word_1_381' title='bbox 2334 2613 2682 2686; x_wconf 80' lang='grc' dir='ltr'>μεμφόμενος</span> <span class='ocrx_word' id='word_1_382' title='bbox 2737 2613 2829 2668; x_wconf 81' lang='grc' dir='ltr'>τὸν</span> <span class='ocrx_word' id='word_1_383' title='bbox 2883 2615 3134 2688; x_wconf 79' lang='grc' dir='ltr'>ποιητὴν,</span> <span class='ocrx_word' id='word_1_384' title='bbox 3176 2614 3255 2681; x_wconf 83' lang='grc' dir='ltr'>ὡς</span> <span class='ocrx_word' id='word_1_385' title='bbox 3304 2614 3382 2688; x_wconf 83' lang='grc' dir='ltr'>μὴ</span> <span class='ocrx_word' id='word_1_386' title='bbox 3438 2616 3688 2688; x_wconf 78' lang='grc' dir='ltr'><strong>φυσικῶς</strong></span> 
     </span>
    </p>
   </div>
   <div class='ocr_carea' id='block_1_54' title="bbox 2102 2708 3688 2783">
    <p class='ocr_par' dir='ltr' id='par_1_54' title="bbox 2102 2708 3688 2783">
     <span class='ocr_line' id='line_1_54' title="bbox 2102 2708 3688 2783; baseline -0.001 -20"><span class='ocrx_word' id='word_1_387' title='bbox 2102 2709 2597 2765; x_wconf 83' lang='grc' dir='ltr'>κατασκευάσαντα</span> <span class='ocrx_word' id='word_1_388' title='bbox 2638 2710 2790 2779; x_wconf 77' lang='grc' dir='ltr'>ἡμᾶς</span> <span class='ocrx_word' id='word_1_389' title='bbox 2836 2708 3282 2783; x_wconf 79' lang='grc' dir='ltr'>ἀναμαρτήτους,</span> <span class='ocrx_word' id='word_1_390' title='bbox 3310 2709 3468 2764; x_wconf 77' lang='grc' dir='ltr'>οὐδὲν</span> <span class='ocrx_word' id='word_1_391' title='bbox 3501 2711 3688 2783; x_wconf 74' lang='grc' dir='ltr'>ἕτερον</span> 
     </span>
    </p>
   </div>
   <div class='ocr_carea' id='block_1_55' title="bbox 2104 2798 3688 2874">
    <p class='ocr_par' dir='ltr' id='par_1_55' title="bbox 2104 2798 3688 2874">
     <span class='ocr_line' id='line_1_55' title="bbox 2104 2798 3688 2874; baseline 0 -18"><span class='ocrx_word' id='word_1_392' title='bbox 2104 2802 2138 2872; x_wconf 84' lang='grc' dir='ltr'>ἢ</span> <span class='ocrx_word' id='word_1_393' title='bbox 2169 2801 2271 2871; x_wconf 81' lang='grc' dir='ltr'>τὴν</span> <span class='ocrx_word' id='word_1_394' title='bbox 2308 2801 2506 2872; x_wconf 78' lang='grc' dir='ltr'>ἄλογον</span> <span class='ocrx_word' id='word_1_395' title='bbox 2535 2798 2700 2872; x_wconf 78' lang='grc' dir='ltr'>φύσιν</span> <span class='ocrx_word' id='word_1_396' title='bbox 2728 2800 2832 2872; x_wconf 82' lang='grc' dir='ltr'><strong>τῆς</strong></span> <span class='ocrx_word' id='word_1_397' title='bbox 2874 2799 3099 2872; x_wconf 78' lang='grc' dir='ltr'><strong>λογικῆς</strong></span> <span class='ocrx_word' id='word_1_398' title='bbox 3141 2801 3409 2874; x_wconf 76' lang='grc' dir='ltr'>προτιμᾷ,</span> <span class='ocrx_word' id='word_1_399' title='bbox 3443 2801 3544 2856; x_wconf 72' lang='grc' dir='ltr'>καὶ</span> <span class='ocrx_word' id='word_1_400' title='bbox 3594 2802 3688 2873; x_wconf 77' lang='grc' dir='ltr'>τὴν</span> 
     </span>
    </p>
   </div>
   <div class='ocr_carea' id='block_1_56' title="bbox 2108 2891 3687 2967">
    <p class='ocr_par' dir='ltr' id='par_1_56' title="bbox 2108 2891 3687 2967">
     <span class='ocr_line' id='line_1_56' title="bbox 2108 2891 3687 2967; baseline -0.001 -20"><span class='ocrx_word' id='word_1_401' title='bbox 2108 2893 2365 2965; x_wconf 82' lang='grc' dir='ltr'>ἀκίνητον</span> <span class='ocrx_word' id='word_1_402' title='bbox 2407 2892 2499 2947; x_wconf 78' lang='grc' dir='ltr'>καὶ</span> <span class='ocrx_word' id='word_1_403' title='bbox 2527 2892 2841 2965; x_wconf 82' lang='grc' dir='ltr'>ἁνόρμητον</span> <span class='ocrx_word' id='word_1_404' title='bbox 2864 2891 2969 2964; x_wconf 80' lang='grc' dir='ltr'>τῆς</span> <span class='ocrx_word' id='word_1_405' title='bbox 2998 2893 3394 2967; x_wconf 83' lang='grc' dir='ltr'>προαιρετικῆς</span> <span class='ocrx_word' id='word_1_406' title='bbox 3441 2895 3544 2948; x_wconf 77' lang='grc' dir='ltr'><strong>καὶ</strong></span> <span class='ocrx_word' id='word_1_407' title='bbox 3589 2896 3687 2966; x_wconf 80' lang='grc' dir='ltr'><strong>ὲμ-</strong></span> 
     </span>
    </p>
   </div>
   <div class='ocr_carea' id='block_1_57' title="bbox 2109 2986 2378 3060">
    <p class='ocr_par' dir='ltr' id='par_1_57' title="bbox 2109 2986 2378 3060">
     <span class='ocr_line' id='line_1_57' title="bbox 2109 2986 2378 3060; baseline 0.004 -18"><span class='ocrx_word' id='word_1_408' title='bbox 2109 2986 2378 3060; x_wconf 86' lang='grc' dir='ltr'>πράκτου.</span> 
     </span>
    </p>
   </div>
   <div class='ocr_carea' id='block_1_58' title="bbox 422 3082 3688 3161">
    <p class='ocr_par' dir='ltr' id='par_1_58' title="bbox 422 3082 3688 3161">
     <span class='ocr_line' id='line_1_58' title="bbox 422 3082 3688 3161; baseline -0.002 -18"><span class='ocrx_word' id='word_1_409' title='bbox 422 3102 547 3161; x_wconf 69' lang='lat' dir='ltr'><strong>qua:</strong></span> <span class='ocrx_word' id='word_1_410' title='bbox 585 3087 874 3146; x_wconf 86' lang='lat' dir='ltr'><strong>rationalis</strong></span> <span class='ocrx_word' id='word_1_411' title='bbox 911 3095 996 3145; x_wconf 89' lang='lat' dir='ltr'><strong>cst</strong></span> <span class='ocrx_word' id='word_1_412' title='bbox 1032 3088 1354 3160; x_wconf 84' lang='lat' dir='ltr'><strong>anteponit;</strong></span> <span class='ocrx_word' id='word_1_413' title='bbox 1395 3092 1450 3144; x_wconf 90' lang='lat' dir='ltr'><strong>et</strong></span> <span class='ocrx_word' id='word_1_414' title='bbox 1485 3085 1636 3141; x_wconf 87' lang='lat' dir='ltr'><strong>illam</strong></span> <span class='ocrx_word' id='word_1_415' title='bbox 1678 3099 1800 3158; x_wconf 74' lang='lat' dir='ltr'><strong>qua:</strong></span> <span class='ocrx_word' id='word_1_416' title='bbox 1847 3084 2002 3140; x_wconf 90' lang='lat' dir='ltr'><strong>nullo</strong></span> <span class='ocrx_word' id='word_1_417' title='bbox 2040 3099 2105 3141; x_wconf 82' lang='lat' dir='ltr'><strong>ex</strong></span> <span class='ocrx_word' id='word_1_418' title='bbox 2166 3099 2226 3141; x_wconf 87' lang='lat' dir='ltr'><strong>se</strong></span> <span class='ocrx_word' id='word_1_419' title='bbox 2279 3092 2432 3140; x_wconf 86' lang='lat' dir='ltr'><strong>motu</strong></span> <span class='ocrx_word' id='word_1_420' title='bbox 2476 3085 2674 3152; x_wconf 89' lang='lat' dir='ltr'><strong>cietur,</strong></span> <span class='ocrx_word' id='word_1_421' title='bbox 2741 3083 2792 3140; x_wconf 89' lang='lat' dir='ltr'><strong>ei</strong></span> <span class='ocrx_word' id='word_1_422' title='bbox 2868 3082 2959 3140; x_wconf 88' lang='lat' dir='ltr'><strong>cui</strong></span> <span class='ocrx_word' id='word_1_423' title='bbox 3017 3082 3164 3141; x_wconf 89' lang='lat' dir='ltr'><strong>inest</strong></span> <span class='ocrx_word' id='word_1_424' title='bbox 3246 3083 3448 3140; x_wconf 89' lang='lat' dir='ltr'><strong>electio</strong></span> <span class='ocrx_word' id='word_1_425' title='bbox 3501 3093 3555 3140; x_wconf 90' lang='lat' dir='ltr'><strong>et</strong></span> <span class='ocrx_word' id='word_1_426' title='bbox 3610 3084 3688 3139; x_wconf 83' lang='lat' dir='ltr'><strong>vis</strong></span> 
     </span>
    </p>
   </div>
   <div class='ocr_carea' id='block_1_59' title="bbox 427 3181 651 3252">
    <p class='ocr_par' dir='ltr' id='par_1_59' title="bbox 427 3181 651 3252">
     <span class='ocr_line' id='line_1_59' title="bbox 427 3181 651 3252; baseline -0.004 -17"><span class='ocrx_word' id='word_1_427' title='bbox 427 3181 651 3252; x_wconf 78' lang='lat' dir='ltr'><strong>agendi.</strong></span> 
     </span>
    </p>
   </div>
   <div class='ocr_carea' id='block_1_60' title="bbox 497 3261 1997 3346">
    <p class='ocr_par' dir='ltr' id='par_1_60' title="bbox 497 3268 1997 3346">
     <span class='ocr_line' id='line_1_60' title="bbox 497 3268 1997 3346; baseline -0.003 -18"><span class='ocrx_word' id='word_1_428' title='bbox 497 3271 590 3328; x_wconf 82' lang='lat' dir='ltr'><strong>Id.</strong></span> <span class='ocrx_word' id='word_1_429' title='bbox 621 3273 773 3343; x_wconf 80' lang='lat' dir='ltr'><strong>epist.</strong></span> <span class='ocrx_word' id='word_1_430' title='bbox 807 3272 896 3329; x_wconf 75' lang='grc'><strong>41.</strong></span> <span class='ocrx_word' id='word_1_431' title='bbox 925 3304 990 3314; x_wconf 93' lang='grc'><strong><em>-</em></strong></span> <span class='ocrx_word' id='word_1_432' title='bbox 1019 3271 1098 3329; x_wconf 86' lang='lat' dir='ltr'><strong>Ne</strong></span> <span class='ocrx_word' id='word_1_433' title='bbox 1126 3274 1277 3346; x_wconf 87' lang='lat' dir='ltr'><strong>quis,</strong></span> <span class='ocrx_word' id='word_1_434' title='bbox 1309 3272 1498 3340; x_wconf 90' lang='lat' dir='ltr'><strong>velim,</strong></span> <span class='ocrx_word' id='word_1_435' title='bbox 1524 3271 1803 3344; x_wconf 75' lang='lat' dir='ltr'><strong>corrigere</strong></span> <span class='ocrx_word' id='word_1_436' title='bbox 1830 3268 1997 3325; x_wconf 90' lang='lat' dir='ltr'><strong>Deum</strong></span> 
     </span>
    </p>
   </div>
   <div class='ocr_carea' id='block_1_61' title="bbox 2119 3261 3690 3346">
    <p class='ocr_par' dir='ltr' id='par_1_61' title="bbox 2179 3261 3690 3338">
     <span class='ocr_line' id='line_1_61' title="bbox 2179 3261 3690 3338; baseline -0.001 -16"><span class='ocrx_word' id='word_1_437' title='bbox 2179 3267 2405 3338; x_wconf 69' lang='grc' dir='ltr'><strong>Μηδεὶς,</strong></span> <span class='ocrx_word' id='word_1_438' title='bbox 2443 3262 2772 3336; x_wconf 82' lang='grc' dir='ltr'>παρακαλῶ,</span> <span class='ocrx_word' id='word_1_439' title='bbox 2804 3261 3136 3336; x_wconf 84' lang='grc' dir='ltr'>διορθούσθω</span> <span class='ocrx_word' id='word_1_440' title='bbox 3170 3261 3263 3318; x_wconf 74' lang='grc' dir='ltr'><strong>τὸν</strong></span> <span class='ocrx_word' id='word_1_441' title='bbox 3291 3263 3525 3337; x_wconf 75' lang='grc' dir='ltr'>Κύριον,</span> <span class='ocrx_word' id='word_1_442' title='bbox 3557 3263 3690 3338; x_wconf 72' lang='grc' dir='ltr'>μηᾶ</span> 
     </span>
    </p>
   </div>
   <div class='ocr_carea' id='block_1_62' title="bbox 425 3361 2006 3430">
    <p class='ocr_par' dir='ltr' id='par_1_62' title="bbox 425 3361 2006 3430">
     <span class='ocr_line' id='line_1_62' title="bbox 425 3361 2006 3430; baseline -0.003 -10"><span class='ocrx_word' id='word_1_443' title='bbox 425 3373 620 3430; x_wconf 88' lang='lat' dir='ltr'><strong>tentet,</strong></span> <span class='ocrx_word' id='word_1_444' title='bbox 661 3372 716 3420; x_wconf 92' lang='lat' dir='ltr'><strong>et</strong></span> <span class='ocrx_word' id='word_1_445' title='bbox 752 3363 905 3420; x_wconf 82' lang='lat' dir='ltr'><strong>dicat</strong></span> <span class='ocrx_word' id='word_1_446' title='bbox 931 3380 946 3421; x_wconf 88' lang='lat'><strong>:</strong></span> <span class='ocrx_word' id='word_1_447' title='bbox 971 3364 1086 3422; x_wconf 86' lang='lat' dir='ltr'><strong>Hoc</strong></span> <span class='ocrx_word' id='word_1_448' title='bbox 1130 3364 1294 3421; x_wconf 86' lang='lat' dir='ltr'><strong>nobis</strong></span> <span class='ocrx_word' id='word_1_449' title='bbox 1323 3367 1547 3421; x_wconf 86' lang='lat' dir='ltr'><strong>omnino</strong></span> <span class='ocrx_word' id='word_1_450' title='bbox 1589 3362 1751 3420; x_wconf 90' lang='lat' dir='ltr'><strong>debet</strong></span> <span class='ocrx_word' id='word_1_451' title='bbox 1788 3361 2006 3418; x_wconf 90' lang='lat' dir='ltr'><strong>contin-</strong></span> 
     </span>
    </p>
   </div>
   <div class='ocr_carea' id='block_1_63' title="bbox 429 3457 2005 3532">
    <p class='ocr_par' dir='ltr' id='par_1_63' title="bbox 429 3457 2005 3532">
     <span class='ocr_line' id='line_1_63' title="bbox 429 3457 2005 3532; baseline -0.003 -18"><span class='ocrx_word' id='word_1_452' title='bbox 429 3475 578 3532; x_wconf 86' lang='lat' dir='ltr'><strong>gere,</strong></span> <span class='ocrx_word' id='word_1_453' title='bbox 611 3473 722 3513; x_wconf 92' lang='lat' dir='ltr'><strong>non</strong></span> <span class='ocrx_word' id='word_1_454' title='bbox 765 3467 946 3515; x_wconf 88' lang='lat' dir='ltr'><strong>autem</strong></span> <span class='ocrx_word' id='word_1_455' title='bbox 996 3459 1154 3514; x_wconf 83' lang='lat' dir='ltr'><strong>illud.</strong></span> <span class='ocrx_word' id='word_1_456' title='bbox 1183 3479 1202 3512; x_wconf 86' lang='grc'><strong><em>‹</em></strong></span> <span class='ocrx_word' id='word_1_457' title='bbox 1238 3457 1374 3527; x_wconf 86' lang='lat' dir='ltr'><strong>Quis</strong></span> <span class='ocrx_word' id='word_1_458' title='bbox 1408 3461 1552 3514; x_wconf 91' lang='lat' dir='ltr'><strong>enim</strong></span> <span class='ocrx_word' id='word_1_459' title='bbox 1599 3457 1754 3513; x_wconf 85' lang='lat' dir='ltr'><strong>novit</strong></span> <span class='ocrx_word' id='word_1_460' title='bbox 1781 3470 2005 3513; x_wconf 89' lang='lat' dir='ltr'><strong>sensum</strong></span> 
     </span>
    </p>
   </div>
   <div class='ocr_carea' id='block_1_64' title="bbox 431 3549 2004 3623">
    <p class='ocr_par' dir='ltr' id='par_1_64' title="bbox 431 3549 2004 3623">
     <span class='ocr_line' id='line_1_64' title="bbox 431 3549 2004 3623; baseline -0.003 -18"><span class='ocrx_word' id='word_1_461' title='bbox 431 3551 677 3617; x_wconf 87' lang='lat' dir='ltr'><strong>Domini;</strong></span> <span class='ocrx_word' id='word_1_462' title='bbox 719 3559 814 3606; x_wconf 90' lang='lat' dir='ltr'><strong>aut</strong></span> <span class='ocrx_word' id='word_1_463' title='bbox 836 3552 960 3623; x_wconf 88' lang='lat' dir='ltr'><strong>quis</strong></span> <span class='ocrx_word' id='word_1_464' title='bbox 982 3553 1332 3609; x_wconf 89' lang='lat' dir='ltr'><strong>consiliarius</strong></span> <span class='ocrx_word' id='word_1_465' title='bbox 1365 3551 1483 3622; x_wconf 88' lang='lat' dir='ltr'><strong>ejus</strong></span> <span class='ocrx_word' id='word_1_466' title='bbox 1509 3551 1658 3607; x_wconf 77' lang='lat' dir='ltr'><strong>fuit?</strong></span> <span class='ocrx_word' id='word_1_467' title='bbox 1690 3570 1707 3605; x_wconf 82' lang='grc' dir='ltr'>ι</span> <span class='ocrx_word' id='word_1_468' title='bbox 1733 3549 1906 3623; x_wconf 83' lang='lat' dir='ltr'><strong>(Rom.</strong></span> <span class='ocrx_word' id='word_1_469' title='bbox 1929 3563 2004 3615; x_wconf 73' lang='grc' dir='ltr'>ιι,</span> 
     </span>
    </p>
   </div>
   <div class='ocr_carea' id='block_1_65' title="bbox 429 3643 2005 3721">
    <p class='ocr_par' dir='ltr' id='par_1_65' title="bbox 429 3643 2005 3721">
     <span class='ocr_line' id='line_1_65' title="bbox 429 3643 2005 3721; baseline -0.005 -16"><span class='ocrx_word' id='word_1_470' title='bbox 429 3649 520 3721; x_wconf 78' lang='lat' dir='ltr'><strong>3i)</strong></span> <span class='ocrx_word' id='word_1_471' title='bbox 576 3645 636 3703; x_wconf 86' lang='grc' dir='ltr'>ιιι</span> <span class='ocrx_word' id='word_1_472' title='bbox 706 3646 938 3719; x_wconf 76' lang='lat' dir='ltr'><strong>caligine</strong></span> <span class='ocrx_word' id='word_1_473' title='bbox 975 3646 1249 3718; x_wconf 83' lang='lat' dir='ltr'><strong>siquidem</strong></span> <span class='ocrx_word' id='word_1_474' title='bbox 1309 3645 1541 3719; x_wconf 73' lang='lat' dir='ltr'><strong>iudicat,</strong></span> <span class='ocrx_word' id='word_1_475' title='bbox 1590 3653 1652 3701; x_wconf 89' lang='lat' dir='ltr'><strong>ut</strong></span> <span class='ocrx_word' id='word_1_476' title='bbox 1693 3643 1819 3701; x_wconf 80' lang='lat' dir='ltr'><strong>Jobi</strong></span> <span class='ocrx_word' id='word_1_477' title='bbox 1885 3657 2005 3699; x_wconf 86' lang='lat' dir='ltr'><strong>ser-</strong></span> 
     </span>
    </p>
   </div>
   <div class='ocr_carea' id='block_1_66' title="bbox 431 3737 2010 3810">
    <p class='ocr_par' dir='ltr' id='par_1_66' title="bbox 431 3737 2010 3810">
     <span class='ocr_line' id='line_1_66' title="bbox 431 3737 2010 3810; baseline -0.002 -15"><span class='ocrx_word' id='word_1_478' title='bbox 431 3740 690 3797; x_wconf 85' lang='lat' dir='ltr'><strong>monibus</strong></span> <span class='ocrx_word' id='word_1_479' title='bbox 737 3748 882 3807; x_wconf 90' lang='lat' dir='ltr'><strong>utar,</strong></span> <span class='ocrx_word' id='word_1_480' title='bbox 919 3747 975 3795; x_wconf 92' lang='lat' dir='ltr'><strong>et</strong></span> <span class='ocrx_word' id='word_1_481' title='bbox 1019 3741 1197 3798; x_wconf 85' lang='lat' dir='ltr'><strong>nubes</strong></span> <span class='ocrx_word' id='word_1_482' title='bbox 1248 3739 1540 3796; x_wconf 85' lang='lat' dir='ltr'><strong>absconsio</strong></span> <span class='ocrx_word' id='word_1_483' title='bbox 1583 3737 1708 3810; x_wconf 84' lang='lat' dir='ltr'><strong>ejus</strong></span> <span class='ocrx_word' id='word_1_484' title='bbox 1751 3743 1858 3801; x_wconf 88' lang='lat' dir='ltr'><strong>est,</strong></span> <span class='ocrx_word' id='word_1_485' title='bbox 1906 3751 2010 3792; x_wconf 92' lang='lat' dir='ltr'><strong>nec</strong></span> 
     </span>
    </p>
   </div>
   <div class='ocr_carea' id='block_1_67' title="bbox 429 3829 2009 3905">
    <p class='ocr_par' dir='ltr' id='par_1_67' title="bbox 429 3829 2009 3905">
     <span class='ocr_line' id='line_1_67' title="bbox 429 3829 2009 3905; baseline -0.003 -15"><span class='ocrx_word' id='word_1_486' title='bbox 429 3833 826 3904; x_wconf 86' lang='lat' dir='ltr'><strong>conspicietur.</strong></span> <span class='ocrx_word' id='word_1_487' title='bbox 862 3833 1160 3905; x_wconf 79' lang='lat' dir='ltr'><strong>Explorata</strong></span> <span class='ocrx_word' id='word_1_488' title='bbox 1194 3831 1563 3890; x_wconf 82' lang='lat' dir='ltr'><strong>medicamina</strong></span> <span class='ocrx_word' id='word_1_489' title='bbox 1602 3829 1789 3896; x_wconf 84' lang='lat' dir='ltr'><strong>habet,</strong></span> <span class='ocrx_word' id='word_1_490' title='bbox 1821 3844 1945 3901; x_wconf 85' lang='lat' dir='ltr'><strong>quae</strong></span> <span class='ocrx_word' id='word_1_491' title='bbox 1976 3841 2009 3885; x_wconf 73' lang='grc' dir='ltr'><strong>ει</strong></span> 
     </span>
    </p>
   </div>
   <div class='ocr_carea' id='block_1_68' title="bbox 433 3924 2009 4001">
    <p class='ocr_par' dir='ltr' id='par_1_68' title="bbox 433 3924 2009 4001">
     <span class='ocr_line' id='line_1_68' title="bbox 433 3924 2009 4001; baseline -0.001 -22"><span class='ocrx_word' id='word_1_492' title='bbox 433 3928 568 3982; x_wconf 77' lang='lat' dir='ltr'><strong>vitio</strong></span> <span class='ocrx_word' id='word_1_493' title='bbox 589 3927 656 3983; x_wconf 90' lang='lat' dir='ltr'><strong>ad</strong></span> <span class='ocrx_word' id='word_1_494' title='bbox 687 3928 975 3994; x_wconf 89' lang='lat' dir='ltr'><strong>virtutem,</strong></span> <span class='ocrx_word' id='word_1_495' title='bbox 1005 3934 1058 3983; x_wconf 89' lang='lat' dir='ltr'><strong>et</strong></span> <span class='ocrx_word' id='word_1_496' title='bbox 1082 3929 1149 3983; x_wconf 89' lang='lat' dir='ltr'><strong>ab</strong></span> <span class='ocrx_word' id='word_1_497' title='bbox 1171 3925 1525 4001; x_wconf 76' lang='lat' dir='ltr'><strong>ignoratione</strong></span> <span class='ocrx_word' id='word_1_498' title='bbox 1543 3924 1610 3982; x_wconf 86' lang='lat' dir='ltr'><strong>ad</strong></span> <span class='ocrx_word' id='word_1_499' title='bbox 1635 3925 2009 3999; x_wconf 68' lang='lat' dir='ltr'><strong>cognitionem</strong></span> 
     </span>
    </p>
   </div>
   <div class='ocr_carea' id='block_1_69' title="bbox 431 4021 1074 4077">
    <p class='ocr_par' dir='ltr' id='par_1_69' title="bbox 431 4021 1074 4077">
     <span class='ocr_line' id='line_1_69' title="bbox 431 4021 1074 4077; baseline 0 -1"><span class='ocrx_word' id='word_1_500' title='bbox 431 4021 527 4077; x_wconf 85' lang='lat' dir='ltr'><strong>Dei</strong></span> <span class='ocrx_word' id='word_1_501' title='bbox 562 4021 780 4076; x_wconf 88' lang='lat' dir='ltr'><strong>animos</strong></span> <span class='ocrx_word' id='word_1_502' title='bbox 809 4022 1074 4077; x_wconf 75' lang='lat' dir='ltr'><strong>excitant.</strong></span> 
     </span>
    </p>
   </div>
   <div class='ocr_carea' id='block_1_70' title="bbox 504 4111 2007 4183">
    <p class='ocr_par' dir='ltr' id='par_1_70' title="bbox 504 4111 2007 4183">
     <span class='ocr_line' id='line_1_70' title="bbox 504 4111 2007 4183; baseline -0.002 -14"><span class='ocrx_word' id='word_1_503' title='bbox 504 4113 697 4183; x_wconf 82' lang='lat' dir='ltr'><strong>Cyrilli</strong></span> <span class='ocrx_word' id='word_1_504' title='bbox 725 4111 985 4168; x_wconf 74' lang='lat' dir='ltr'><strong>Alexand.</strong></span> <span class='ocrx_word' id='word_1_505' title='bbox 1003 4143 1071 4153; x_wconf 85' lang='lat'><strong>—-</strong></span> <span class='ocrx_word' id='word_1_506' title='bbox 1091 4111 1322 4168; x_wconf 89' lang='lat' dir='ltr'><strong>Demitte</strong></span> <span class='ocrx_word' id='word_1_507' title='bbox 1346 4111 1723 4183; x_wconf 90' lang='lat' dir='ltr'><strong>supercilium,</strong></span> <span class='ocrx_word' id='word_1_508' title='bbox 1743 4125 1774 4165; x_wconf 92' lang='grc' dir='ltr'>ο</span> <span class='ocrx_word' id='word_1_509' title='bbox 1797 4111 1963 4166; x_wconf 92' lang='lat' dir='ltr'><strong>homo</strong></span> <span class='ocrx_word' id='word_1_510' title='bbox 1990 4127 2007 4165; x_wconf 91' lang='lat'><strong>:</strong></span> 
     </span>
    </p>
   </div>
   <div class='ocr_carea' id='block_1_71' title="bbox 433 4201 2008 4276">
    <p class='ocr_par' dir='ltr' id='par_1_71' title="bbox 433 4201 2008 4276">
     <span class='ocr_line' id='line_1_71' title="bbox 433 4201 2008 4276; baseline -0.001 -17"><span class='ocrx_word' id='word_1_511' title='bbox 433 4204 752 4275; x_wconf 84' lang='lat' dir='ltr'><strong>repagulum</strong></span> <span class='ocrx_word' id='word_1_512' title='bbox 800 4213 852 4258; x_wconf 89' lang='lat' dir='ltr'><strong>et</strong></span> <span class='ocrx_word' id='word_1_513' title='bbox 881 4205 1108 4274; x_wconf 84' lang='lat' dir='ltr'><strong>januam</strong></span> <span class='ocrx_word' id='word_1_514' title='bbox 1140 4218 1360 4274; x_wconf 79' lang='lat' dir='ltr'><strong>impone.</strong></span> <span class='ocrx_word' id='word_1_515' title='bbox 1396 4203 1616 4276; x_wconf 70' lang='lat' dir='ltr'><strong>linguae.</strong></span> <span class='ocrx_word' id='word_1_516' title='bbox 1652 4201 1736 4257; x_wconf 83' lang='lat' dir='ltr'><strong>Ab</strong></span> <span class='ocrx_word' id='word_1_517' title='bbox 1773 4203 1875 4258; x_wconf 90' lang='lat' dir='ltr'><strong>hoc</strong></span> <span class='ocrx_word' id='word_1_518' title='bbox 1898 4210 2008 4257; x_wconf 88' lang='lat' dir='ltr'><strong>tam</strong></span> 
     </span>
    </p>
   </div>
   <div class='ocr_carea' id='block_1_72' title="bbox 437 4294 2009 4367">
    <p class='ocr_par' dir='ltr' id='par_1_72' title="bbox 437 4294 2009 4367">
     <span class='ocr_line' id='line_1_72' title="bbox 437 4294 2009 4367; baseline 0 -16"><span class='ocrx_word' id='word_1_519' title='bbox 437 4297 635 4366; x_wconf 77' lang='lat' dir='ltr'><strong>frigido</strong></span> <span class='ocrx_word' id='word_1_520' title='bbox 686 4297 1003 4366; x_wconf 84' lang='lat' dir='ltr'><strong>vaniloquio</strong></span> <span class='ocrx_word' id='word_1_521' title='bbox 1067 4298 1476 4367; x_wconf 87' lang='lat' dir='ltr'><strong>quamprimum</strong></span> <span class='ocrx_word' id='word_1_522' title='bbox 1551 4295 1808 4352; x_wconf 82' lang='lat' dir='ltr'><strong>abscede.</strong></span> <span class='ocrx_word' id='word_1_523' title='bbox 1877 4294 2009 4351; x_wconf 84' lang='lat' dir='ltr'><strong>Sine</strong></span> 
     </span>
    </p>
   </div>
   <div class='ocr_carea' id='block_1_73' title="bbox 437 4387 1838 4460">
    <p class='ocr_par' dir='ltr' id='par_1_73' title="bbox 437 4387 1838 4460">
     <span class='ocr_line' id='line_1_73' title="bbox 437 4387 1838 4460; baseline -0.002 -16"><span class='ocrx_word' id='word_1_524' title='bbox 437 4390 604 4446; x_wconf 79' lang='lat' dir='ltr'><strong>Deum</strong></span> <span class='ocrx_word' id='word_1_525' title='bbox 636 4401 689 4442; x_wconf 87' lang='lat' dir='ltr'><strong>et</strong></span> <span class='ocrx_word' id='word_1_526' title='bbox 716 4391 881 4454; x_wconf 86' lang='lat' dir='ltr'><strong>scire,</strong></span> <span class='ocrx_word' id='word_1_527' title='bbox 906 4397 959 4444; x_wconf 90' lang='lat' dir='ltr'><strong>et</strong></span> <span class='ocrx_word' id='word_1_528' title='bbox 1001 4387 1200 4454; x_wconf 76' lang='lat' dir='ltr'><strong>facere,</strong></span> <span class='ocrx_word' id='word_1_529' title='bbox 1225 4404 1345 4460; x_wconf 56' lang='lat' dir='ltr'><strong>qua</strong></span> <span class='ocrx_word' id='word_1_530' title='bbox 1375 4388 1552 4458; x_wconf 87' lang='lat' dir='ltr'><strong>ipsum</strong></span> <span class='ocrx_word' id='word_1_531' title='bbox 1588 4387 1838 4444; x_wconf 87' lang='lat' dir='ltr'><strong>deceant.</strong></span> 
     </span>
    </p>
   </div>
   <div class='ocr_carea' id='block_1_74' title="bbox 477 4525 1975 4608">
    <p class='ocr_par' dir='ltr' id='par_1_74' title="bbox 477 4525 1975 4608">
     <span class='ocr_line' id='line_1_74' title="bbox 477 4525 1975 4608; baseline 0.001 -28"><span class='ocrx_word' id='word_1_532' title='bbox 477 4527 579 4584; x_wconf 87' lang='lat' dir='ltr'><strong>Tit.</strong></span> <span class='ocrx_word' id='word_1_533' title='bbox 617 4525 704 4580; x_wconf 75' lang='lat' dir='ltr'><strong>Vl.</strong></span> <span class='ocrx_word' id='word_1_534' title='bbox 734 4555 800 4568; x_wconf 89' lang='lat'><strong><em>—-</em></strong></span> <span class='ocrx_word' id='word_1_535' title='bbox 835 4525 909 4581; x_wconf 83' lang='lat' dir='ltr'><strong>De</strong></span> <span class='ocrx_word' id='word_1_536' title='bbox 960 4527 1158 4596; x_wconf 82' lang='lat' dir='ltr'><strong>angelis</strong></span> <span class='ocrx_word' id='word_1_537' title='bbox 1183 4543 1212 4608; x_wconf 37' lang='grc' dir='ltr'>,ε</span> <span class='ocrx_word' id='word_1_538' title='bbox 1241 4537 1286 4608; x_wconf 82' lang='lat' dir='ltr'><strong>et</strong></span> <span class='ocrx_word' id='word_1_539' title='bbox 1319 4526 1457 4598; x_wconf 85' lang='lat' dir='ltr'><strong>quod</strong></span> <span class='ocrx_word' id='word_1_540' title='bbox 1490 4527 1724 4582; x_wconf 76' lang='lat' dir='ltr'><strong>admisso</strong></span> <span class='ocrx_word' id='word_1_541' title='bbox 1762 4536 1975 4597; x_wconf 76' lang='lat' dir='ltr'><strong>peccato</strong></span> 
     </span>
    </p>
   </div>
   <div class='ocr_carea' id='block_1_75' title="bbox 1065 4607 1375 4666">
    <p class='ocr_par' dir='ltr' id='par_1_75' title="bbox 1065 4607 1375 4666">
     <span class='ocr_line' id='line_1_75' title="bbox 1065 4607 1375 4666; baseline 0.006 -16"><span class='ocrx_word' id='word_1_542' title='bbox 1065 4607 1375 4666; x_wconf 74' lang='lat' dir='ltr'><strong>puniantur.</strong></span> 
     </span>
    </p>
   </div>
   <div class='ocr_carea' id='block_1_76' title="bbox 507 4716 2011 4789">
    <p class='ocr_par' dir='ltr' id='par_1_76' title="bbox 507 4716 2011 4789">
     <span class='ocr_line' id='line_1_76' title="bbox 507 4716 2011 4789; baseline 0.003 -19"><span class='ocrx_word' id='word_1_543' title='bbox 507 4716 608 4771; x_wconf 83' lang='lat' dir='ltr'><strong>Job</strong></span> <span class='ocrx_word' id='word_1_544' title='bbox 650 4733 800 4781; x_wconf 74' lang='lat' dir='ltr'><strong>xxvr,</strong></span> <span class='ocrx_word' id='word_1_545' title='bbox 850 4717 934 4772; x_wconf 83' lang='lat' dir='ltr'><strong>l5.</strong></span> <span class='ocrx_word' id='word_1_546' title='bbox 975 4747 1044 4757; x_wconf 98' lang='lat'><strong>—</strong></span> <span class='ocrx_word' id='word_1_547' title='bbox 1085 4735 1102 4768; x_wconf 75' lang='grc' dir='ltr'>ι</span> <span class='ocrx_word' id='word_1_548' title='bbox 1148 4718 1428 4789; x_wconf 84' lang='lat' dir='ltr'><strong>Praecepto</strong></span> <span class='ocrx_word' id='word_1_549' title='bbox 1486 4717 1767 4774; x_wconf 80' lang='lat' dir='ltr'><strong>interfecit</strong></span> <span class='ocrx_word' id='word_1_550' title='bbox 1820 4718 2011 4774; x_wconf 83' lang='lat' dir='ltr'><strong>draco-</strong></span> 
     </span>
    </p>
   </div>
   <div class='ocr_carea' id='block_1_77' title="bbox 439 4817 978 4879">
    <p class='ocr_par' dir='ltr' id='par_1_77' title="bbox 439 4817 978 4879">
     <span class='ocr_line' id='line_1_77' title="bbox 439 4817 978 4879; baseline -0.009 -13"><span class='ocrx_word' id='word_1_551' title='bbox 439 4828 561 4866; x_wconf 85' lang='lat' dir='ltr'><strong>nem</strong></span> <span class='ocrx_word' id='word_1_552' title='bbox 591 4817 917 4879; x_wconf 87' lang='lat' dir='ltr'><strong>aposlalam.</strong></span> <span class='ocrx_word' id='word_1_553' title='bbox 961 4829 978 4861; x_wconf 76' lang='grc' dir='ltr'>ι</span> 
     </span>
    </p>
   </div>
   <div class='ocr_carea' id='block_1_78' title="bbox 512 4902 2010 4976">
    <p class='ocr_par' dir='ltr' id='par_1_78' title="bbox 512 4902 2010 4976">
     <span class='ocr_line' id='line_1_78' title="bbox 512 4902 2010 4976; baseline 0.005 -20"><span class='ocrx_word' id='word_1_554' title='bbox 512 4902 573 4957; x_wconf 86' lang='grc' dir='ltr'><strong><em>Η</em></strong></span> <span class='ocrx_word' id='word_1_555' title='bbox 619 4903 766 4958; x_wconf 60' lang='lat' dir='ltr'><strong>Pen.</strong></span> <span class='ocrx_word' id='word_1_556' title='bbox 814 4920 875 4968; x_wconf 90' lang='grc' dir='ltr'>ιι,</span> <span class='ocrx_word' id='word_1_557' title='bbox 928 4904 984 4956; x_wconf 73' lang='grc'><strong>4.</strong></span> <span class='ocrx_word' id='word_1_558' title='bbox 1028 4931 1100 4943; x_wconf 83' lang='lat'><strong>--</strong></span> <span class='ocrx_word' id='word_1_559' title='bbox 1151 4921 1169 4955; x_wconf 87' lang='grc'><strong>‹</strong></span> <span class='ocrx_word' id='word_1_560' title='bbox 1205 4902 1346 4959; x_wconf 89' lang='lat' dir='ltr'><strong>Deus</strong></span> <span class='ocrx_word' id='word_1_561' title='bbox 1393 4903 1604 4976; x_wconf 81' lang='lat' dir='ltr'><strong>angelis</strong></span> <span class='ocrx_word' id='word_1_562' title='bbox 1650 4907 2010 4975; x_wconf 86' lang='lat' dir='ltr'><strong>peccantibus</strong></span> 
     </span>
    </p>
   </div>
   <div class='ocr_carea' id='block_1_79' title="bbox 441 4994 2009 5066">
    <p class='ocr_par' dir='ltr' id='par_1_79' title="bbox 441 4994 2009 5066">
     <span class='ocr_line' id='line_1_79' title="bbox 441 4994 2009 5066; baseline 0.001 -13"><span class='ocrx_word' id='word_1_563' title='bbox 441 5014 549 5053; x_wconf 89' lang='lat' dir='ltr'><strong>non</strong></span> <span class='ocrx_word' id='word_1_564' title='bbox 585 4997 850 5066; x_wconf 86' lang='lat' dir='ltr'><strong>pepercit,</strong></span> <span class='ocrx_word' id='word_1_565' title='bbox 897 4994 992 5050; x_wconf 88' lang='lat' dir='ltr'><strong>sed</strong></span> <span class='ocrx_word' id='word_1_566' title='bbox 1032 4995 1360 5050; x_wconf 82' lang='lat' dir='ltr'><strong>rudentibus</strong></span> <span class='ocrx_word' id='word_1_567' title='bbox 1391 4995 1593 5052; x_wconf 79' lang='lat' dir='ltr'><strong>inferni</strong></span> <span class='ocrx_word' id='word_1_568' title='bbox 1636 4996 1919 5054; x_wconf 84' lang='lat' dir='ltr'><strong>detractos</strong></span> <span class='ocrx_word' id='word_1_569' title='bbox 1953 4998 2009 5054; x_wconf 90' lang='lat' dir='ltr'><strong>in</strong></span> 
     </span>
    </p>
   </div>
   <div class='ocr_carea' id='block_1_80' title="bbox 441 5089 2009 5163">
    <p class='ocr_par' dir='ltr' id='par_1_80' title="bbox 441 5089 2009 5163">
     <span class='ocr_line' id='line_1_80' title="bbox 441 5089 2009 5163; baseline 0.001 -17"><span class='ocrx_word' id='word_1_570' title='bbox 441 5101 708 5148; x_wconf 86' lang='lat' dir='ltr'><strong>tartarum</strong></span> <span class='ocrx_word' id='word_1_571' title='bbox 745 5089 970 5145; x_wconf 86' lang='lat' dir='ltr'><strong>tradidit</strong></span> <span class='ocrx_word' id='word_1_572' title='bbox 1014 5090 1368 5156; x_wconf 85' lang='lat' dir='ltr'><strong>cruciandos,</strong></span> <span class='ocrx_word' id='word_1_573' title='bbox 1424 5091 1478 5144; x_wconf 88' lang='lat' dir='ltr'><strong>in</strong></span> <span class='ocrx_word' id='word_1_574' title='bbox 1510 5091 1781 5163; x_wconf 86' lang='lat' dir='ltr'><strong>judicium</strong></span> <span class='ocrx_word' id='word_1_575' title='bbox 1828 5107 2009 5147; x_wconf 85' lang='lat' dir='ltr'><strong>reser-</strong></span> 
     </span>
    </p>
   </div>
   <div class='ocr_carea' id='block_1_81' title="bbox 405 5189 640 5242">
    <p class='ocr_par' dir='ltr' id='par_1_81' title="bbox 405 5189 640 5242">
     <span class='ocr_line' id='line_1_81' title="bbox 405 5189 640 5242; baseline -0.009 -1"><span class='ocrx_word' id='word_1_576' title='bbox 405 5189 414 5198; x_wconf 80' lang='lat'>&#39;</span> <span class='ocrx_word' id='word_1_577' title='bbox 441 5189 578 5242; x_wconf 82' lang='lat' dir='ltr'><strong>vari.</strong></span> <span class='ocrx_word' id='word_1_578' title='bbox 621 5204 640 5239; x_wconf 75' lang='grc' dir='ltr'>ι</span> 
     </span>
    </p>
   </div>
   <div class='ocr_carea' id='block_1_82' title="bbox 515 5279 2010 5352">
    <p class='ocr_par' dir='ltr' id='par_1_82' title="bbox 515 5279 2010 5352">
     <span class='ocr_line' id='line_1_82' title="bbox 515 5279 2010 5352; baseline 0.001 -19"><span class='ocrx_word' id='word_1_579' title='bbox 515 5279 675 5336; x_wconf 73' lang='lat' dir='ltr'><strong>ludo:</strong></span> <span class='ocrx_word' id='word_1_580' title='bbox 726 5281 779 5335; x_wconf 87' lang='lat'><strong>6.</strong></span> <span class='ocrx_word' id='word_1_581' title='bbox 836 5311 907 5324; x_wconf 86' lang='lat'><strong>-—-</strong></span> <span class='ocrx_word' id='word_1_582' title='bbox 981 5299 1000 5333; x_wconf 77' lang='grc' dir='ltr'>ι</span> <span class='ocrx_word' id='word_1_583' title='bbox 1056 5279 1293 5352; x_wconf 79' lang='lat' dir='ltr'><strong>Angelos</strong></span> <span class='ocrx_word' id='word_1_584' title='bbox 1337 5279 1433 5348; x_wconf 87' lang='lat' dir='ltr'><strong>qui</strong></span> <span class='ocrx_word' id='word_1_585' title='bbox 1487 5293 1597 5334; x_wconf 90' lang='lat' dir='ltr'><strong>non</strong></span> <span class='ocrx_word' id='word_1_586' title='bbox 1647 5289 2010 5335; x_wconf 81' lang='lat' dir='ltr'><strong>servaverunt</strong></span> 
     </span>
    </p>
   </div>
   <div class='ocr_carea' id='block_1_83' title="bbox 445 5371 2012 5447">
    <p class='ocr_par' dir='ltr' id='par_1_83' title="bbox 445 5371 2012 5447">
     <span class='ocr_line' id='line_1_83' title="bbox 445 5371 2012 5447; baseline -0.001 -17"><span class='ocrx_word' id='word_1_587' title='bbox 445 5390 604 5432; x_wconf 88' lang='lat' dir='ltr'><strong>suum</strong></span> <span class='ocrx_word' id='word_1_588' title='bbox 642 5375 1034 5447; x_wconf 86' lang='lat' dir='ltr'><strong>principatum,</strong></span> <span class='ocrx_word' id='word_1_589' title='bbox 1065 5373 1162 5432; x_wconf 89' lang='lat' dir='ltr'><strong>sed</strong></span> <span class='ocrx_word' id='word_1_590' title='bbox 1189 5371 1604 5442; x_wconf 86' lang='lat' dir='ltr'><strong>dereliquerunt</strong></span> <span class='ocrx_word' id='word_1_591' title='bbox 1643 5388 1804 5429; x_wconf 86' lang='lat' dir='ltr'><strong>suum</strong></span> <span class='ocrx_word' id='word_1_592' title='bbox 1836 5371 2012 5428; x_wconf 87' lang='lat' dir='ltr'><strong>domi-</strong></span> 
     </span>
    </p>
   </div>
   <div class='ocr_carea' id='block_1_84' title="bbox 2106 3357 3689 3432">
    <p class='ocr_par' dir='ltr' id='par_1_84' title="bbox 2106 3357 3689 3432">
     <span class='ocr_line' id='line_1_84' title="bbox 2106 3357 3689 3432; baseline -0.004 -14"><span class='ocrx_word' id='word_1_593' title='bbox 2106 3362 2368 3432; x_wconf 81' lang='grc' dir='ltr'>λεγέσθω,</span> <span class='ocrx_word' id='word_1_594' title='bbox 2401 3361 2482 3415; x_wconf 74' lang='grc' dir='ltr'><strong>ὅτε</strong></span> <span class='ocrx_word' id='word_1_595' title='bbox 2511 3358 2673 3413; x_wconf 78' lang='grc' dir='ltr'>τοῦτο</span> <span class='ocrx_word' id='word_1_596' title='bbox 2703 3359 2836 3431; x_wconf 76' lang='grc' dir='ltr'>ἡμῖν</span> <span class='ocrx_word' id='word_1_597' title='bbox 2864 3357 3068 3429; x_wconf 77' lang='grc' dir='ltr'>ὠφελεῖ</span> <span class='ocrx_word' id='word_1_598' title='bbox 3116 3358 3414 3431; x_wconf 79' lang='grc' dir='ltr'>συμϐῆναι,</span> <span class='ocrx_word' id='word_1_599' title='bbox 3463 3361 3562 3415; x_wconf 76' lang='grc' dir='ltr'>καὶ</span> <span class='ocrx_word' id='word_1_600' title='bbox 3593 3360 3689 3414; x_wconf 82' lang='grc' dir='ltr'><strong>οὑκ</strong></span> 
     </span>
    </p>
   </div>
   <div class='ocr_carea' id='block_1_85' title="bbox 2109 3449 3684 3525">
    <p class='ocr_par' dir='ltr' id='par_1_85' title="bbox 2109 3449 3684 3525">
     <span class='ocr_line' id='line_1_85' title="bbox 2109 3449 3684 3525; baseline -0.003 -13"><span class='ocrx_word' id='word_1_601' title='bbox 2109 3449 2285 3512; x_wconf 69' lang='grc' dir='ltr'>έκεῖνο</span> <span class='ocrx_word' id='word_1_602' title='bbox 2315 3455 2551 3517; x_wconf 86' lang='grc' dir='ltr'>πάντως.</span> <span class='ocrx_word' id='word_1_603' title='bbox 2588 3472 2607 3505; x_wconf 82' lang='grc' dir='ltr'>ι</span> <span class='ocrx_word' id='word_1_604' title='bbox 2651 3453 2749 3516; x_wconf 86' lang='grc' dir='ltr'><strong>Τίς</strong></span> <span class='ocrx_word' id='word_1_605' title='bbox 2774 3451 2886 3524; x_wconf 79' lang='grc' dir='ltr'>γὰρ</span> <span class='ocrx_word' id='word_1_606' title='bbox 2919 3451 3061 3522; x_wconf 66' lang='grc' dir='ltr'>ἔγνω</span> <span class='ocrx_word' id='word_1_607' title='bbox 3087 3452 3217 3506; x_wconf 85' lang='grc' dir='ltr'>νοῦν</span> <span class='ocrx_word' id='word_1_608' title='bbox 3256 3453 3506 3525; x_wconf 74' lang='grc' dir='ltr'>κυρίους</span> <span class='ocrx_word' id='word_1_609' title='bbox 3538 3452 3573 3524; x_wconf 73' lang='grc' dir='ltr'><strong>ἢ</strong></span> <span class='ocrx_word' id='word_1_610' title='bbox 3609 3457 3684 3519; x_wconf 80' lang='grc' dir='ltr'><strong>τίς</strong></span> 
     </span>
    </p>
   </div>
   <div class='ocr_carea' id='block_1_86' title="bbox 2071 3543 3686 3620">
    <p class='ocr_par' dir='ltr' id='par_1_86' title="bbox 2071 3543 3686 3620">
     <span class='ocr_line' id='line_1_86' title="bbox 2071 3543 3686 3620; baseline -0.001 -18"><span class='ocrx_word' id='word_1_611' title='bbox 2071 3607 2073 3609; x_wconf 55' lang='grc'><strong>,</strong></span> <span class='ocrx_word' id='word_1_612' title='bbox 2111 3547 2415 3619; x_wconf 81' lang='grc' dir='ltr'>σύμϐουλος</span> <span class='ocrx_word' id='word_1_613' title='bbox 2461 3543 2626 3599; x_wconf 83' lang='grc' dir='ltr'>αὐτοῦ</span> <span class='ocrx_word' id='word_1_614' title='bbox 2661 3544 2920 3614; x_wconf 73' lang='grc' dir='ltr'>ὲγένετο;</span> <span class='ocrx_word' id='word_1_615' title='bbox 2956 3564 2976 3598; x_wconf 72' lang='grc' dir='ltr'>ι</span> <span class='ocrx_word' id='word_1_616' title='bbox 3016 3547 3074 3600; x_wconf 74' lang='grc' dir='ltr'><strong>ὲν</strong></span> <span class='ocrx_word' id='word_1_617' title='bbox 3113 3544 3298 3618; x_wconf 80' lang='grc' dir='ltr'>γνόφῳ</span> <span class='ocrx_word' id='word_1_618' title='bbox 3347 3545 3458 3618; x_wconf 83' lang='grc' dir='ltr'>γὰρ</span> <span class='ocrx_word' id='word_1_619' title='bbox 3491 3548 3686 3620; x_wconf 78' lang='grc' dir='ltr'>κρίνει,</span> 
     </span>
    </p>
   </div>
   <div class='ocr_carea' id='block_1_87' title="bbox 2110 3637 3685 3712">
    <p class='ocr_par' dir='ltr' id='par_1_87' title="bbox 2110 3637 3685 3712">
     <span class='ocr_line' id='line_1_87' title="bbox 2110 3637 3685 3712; baseline -0.002 -15"><span class='ocrx_word' id='word_1_620' title='bbox 2110 3641 2249 3697; x_wconf 82' lang='grc' dir='ltr'>κατὰ</span> <span class='ocrx_word' id='word_1_621' title='bbox 2300 3639 2392 3694; x_wconf 77' lang='grc' dir='ltr'>τὸν</span> <span class='ocrx_word' id='word_1_622' title='bbox 2435 3637 2576 3707; x_wconf 83' lang='grc' dir='ltr'>Ἰὼϐ,</span> <span class='ocrx_word' id='word_1_623' title='bbox 2631 3640 2725 3693; x_wconf 77' lang='grc' dir='ltr'>καὶ</span> <span class='ocrx_word' id='word_1_624' title='bbox 2753 3637 2950 3710; x_wconf 82' lang='grc' dir='ltr'>νεφέλη</span> <span class='ocrx_word' id='word_1_625' title='bbox 2997 3637 3294 3712; x_wconf 74' lang='grc' dir='ltr'>ἀποκρυφὴ</span> <span class='ocrx_word' id='word_1_626' title='bbox 3347 3639 3543 3703; x_wconf 72' lang='grc' dir='ltr'>αὐτοῦ,</span> <span class='ocrx_word' id='word_1_627' title='bbox 3599 3641 3685 3694; x_wconf 78' lang='grc' dir='ltr'>καὶ</span> 
     </span>
    </p>
   </div>
   <div class='ocr_carea' id='block_1_88' title="bbox 2109 3729 3684 3808">
    <p class='ocr_par' dir='ltr' id='par_1_88' title="bbox 2109 3729 3684 3808">
     <span class='ocr_line' id='line_1_88' title="bbox 2109 3729 3684 3808; baseline -0.004 -17"><span class='ocrx_word' id='word_1_628' title='bbox 2109 3736 2207 3808; x_wconf 79' lang='grc' dir='ltr'><strong>οὐχ</strong></span> <span class='ocrx_word' id='word_1_629' title='bbox 2231 3733 2585 3807; x_wconf 76' lang='grc' dir='ltr'>ὁραθήσεται.</span> <span class='ocrx_word' id='word_1_630' title='bbox 2633 3729 2790 3788; x_wconf 78' lang='grc' dir='ltr'>Εἷδεν</span> <span class='ocrx_word' id='word_1_631' title='bbox 2827 3730 2898 3786; x_wconf 81' lang='grc' dir='ltr'>τὰ</span> <span class='ocrx_word' id='word_1_632' title='bbox 2930 3732 3041 3787; x_wconf 75' lang='grc' dir='ltr'><strong>ἀπὸ</strong></span> <span class='ocrx_word' id='word_1_633' title='bbox 3084 3731 3287 3797; x_wconf 84' lang='grc' dir='ltr'>κακίας</span> <span class='ocrx_word' id='word_1_634' title='bbox 3333 3731 3429 3786; x_wconf 69' lang='grc' dir='ltr'><strong>ἐπὶ</strong></span> <span class='ocrx_word' id='word_1_635' title='bbox 3465 3731 3684 3804; x_wconf 74' lang='grc' dir='ltr'>ἀρετὴν,</span> 
     </span>
    </p>
   </div>
   <div class='ocr_carea' id='block_1_89' title="bbox 2109 3824 3690 3898">
    <p class='ocr_par' dir='ltr' id='par_1_89' title="bbox 2109 3824 3690 3898">
     <span class='ocr_line' id='line_1_89' title="bbox 2109 3824 3690 3898; baseline -0.004 -14"><span class='ocrx_word' id='word_1_636' title='bbox 2109 3828 2204 3884; x_wconf 72' lang='grc' dir='ltr'>καὶ</span> <span class='ocrx_word' id='word_1_637' title='bbox 2234 3827 2340 3885; x_wconf 79' lang='grc' dir='ltr'><strong>ἀπὸ</strong></span> <span class='ocrx_word' id='word_1_638' title='bbox 2365 3826 2643 3897; x_wconf 84' lang='grc' dir='ltr'>ἀγνωσίας</span> <span class='ocrx_word' id='word_1_639' title='bbox 2672 3828 2750 3893; x_wconf 80' lang='grc' dir='ltr'><strong>εἰς</strong></span> <span class='ocrx_word' id='word_1_640' title='bbox 2779 3827 3077 3896; x_wconf 66' lang='grc' dir='ltr'>ἐπίγνωσιν</span> <span class='ocrx_word' id='word_1_641' title='bbox 3103 3824 3242 3880; x_wconf 78' lang='grc' dir='ltr'>Θεοῦ</span> <span class='ocrx_word' id='word_1_642' title='bbox 3268 3827 3690 3898; x_wconf 73' lang='grc' dir='ltr'>προτρεπόμενι</span> 
     </span>
    </p>
   </div>
   <div class='ocr_carea' id='block_1_90' title="bbox 2110 3923 2400 3995">
    <p class='ocr_par' dir='ltr' id='par_1_90' title="bbox 2110 3923 2400 3995">
     <span class='ocr_line' id='line_1_90' title="bbox 2110 3923 2400 3995; baseline -0.003 -18"><span class='ocrx_word' id='word_1_643' title='bbox 2110 3923 2400 3995; x_wconf 84' lang='grc' dir='ltr'>φάρμακα.</span> 
     </span>
    </p>
   </div>
   <div class='ocr_carea' id='block_1_91' title="bbox 2250 4121 3676 4197">
    <p class='ocr_par' dir='ltr' id='par_1_91' title="bbox 2250 4121 3676 4197">
     <span class='ocr_line' id='line_1_91' title="bbox 2250 4121 3676 4197; baseline 0.001 -19"><span class='ocrx_word' id='word_1_644' title='bbox 2250 4123 2454 4188; x_wconf 83' lang='grc' dir='ltr'>Κάθες,</span> <span class='ocrx_word' id='word_1_645' title='bbox 2481 4121 2754 4196; x_wconf 83' lang='grc' dir='ltr'>ἄνθρωπε,</span> <span class='ocrx_word' id='word_1_646' title='bbox 2778 4123 2877 4194; x_wconf 77' lang='grc' dir='ltr'><strong>τὴν</strong></span> <span class='ocrx_word' id='word_1_647' title='bbox 2911 4124 3091 4196; x_wconf 79' lang='grc' dir='ltr'>ὁρμήν</span> <span class='ocrx_word' id='word_1_648' title='bbox 3111 4141 3126 4156; x_wconf 74' lang='grc' dir='ltr'><strong><em>ο</em></strong></span> <span class='ocrx_word' id='word_1_649' title='bbox 3154 4123 3346 4188; x_wconf 72' lang='grc' dir='ltr'>ἐπίθες</span> <span class='ocrx_word' id='word_1_650' title='bbox 3375 4127 3444 4197; x_wconf 81' lang='grc' dir='ltr'>τῇ</span> <span class='ocrx_word' id='word_1_651' title='bbox 3478 4125 3676 4197; x_wconf 74' lang='grc' dir='ltr'>γλιὶιττῃ</span> 
     </span>
    </p>
   </div>
   <div class='ocr_carea' id='block_1_92' title="bbox 2112 4211 3677 4289">
    <p class='ocr_par' dir='ltr' id='par_1_92' title="bbox 2112 4211 3677 4289">
     <span class='ocr_line' id='line_1_92' title="bbox 2112 4211 3677 4289; baseline -0.003 -18"><span class='ocrx_word' id='word_1_652' title='bbox 2112 4217 2310 4289; x_wconf 70' lang='grc' dir='ltr'>μοχλὸν</span> <span class='ocrx_word' id='word_1_653' title='bbox 2344 4215 2438 4269; x_wconf 79' lang='grc' dir='ltr'><strong>καὶ</strong></span> <span class='ocrx_word' id='word_1_654' title='bbox 2467 4214 2653 4285; x_wconf 83' lang='grc' dir='ltr'>θύραν,</span> <span class='ocrx_word' id='word_1_655' title='bbox 2688 4213 3042 4285; x_wconf 74' lang='grc' dir='ltr'>ἀποπήδησον</span> <span class='ocrx_word' id='word_1_656' title='bbox 3069 4213 3167 4285; x_wconf 78' lang='grc' dir='ltr'>τῆς</span> <span class='ocrx_word' id='word_1_657' title='bbox 3191 4211 3334 4268; x_wconf 75' lang='grc' dir='ltr'>οὕτω</span> <span class='ocrx_word' id='word_1_658' title='bbox 3366 4214 3578 4286; x_wconf 63' lang='grc' dir='ltr'>ψυχρᾶς</span> <span class='ocrx_word' id='word_1_659' title='bbox 3605 4217 3677 4268; x_wconf 83' lang='grc' dir='ltr'>εί-</span> 
     </span>
    </p>
   </div>
   <div class='ocr_carea' id='block_1_93' title="bbox 2110 4304 3676 4381">
    <p class='ocr_par' dir='ltr' id='par_1_93' title="bbox 2110 4304 3676 4381">
     <span class='ocr_line' id='line_1_93' title="bbox 2110 4304 3676 4381; baseline -0.003 -15"><span class='ocrx_word' id='word_1_660' title='bbox 2110 4308 2438 4381; x_wconf 81' lang='grc' dir='ltr'>καιομυθίας</span> <span class='ocrx_word' id='word_1_661' title='bbox 2492 4308 2674 4378; x_wconf 82' lang='grc' dir='ltr'>Πάρες</span> <span class='ocrx_word' id='word_1_662' title='bbox 2723 4308 2817 4360; x_wconf 76' lang='grc' dir='ltr'>ἐπὶ</span> <span class='ocrx_word' id='word_1_663' title='bbox 2862 4306 3044 4361; x_wconf 84' lang='grc' dir='ltr'>πάντα</span> <span class='ocrx_word' id='word_1_664' title='bbox 3093 4304 3211 4378; x_wconf 82' lang='grc' dir='ltr'><strong>Θεῷ</strong></span> <span class='ocrx_word' id='word_1_665' title='bbox 3239 4305 3300 4362; x_wconf 82' lang='grc' dir='ltr'>τὺ</span> <span class='ocrx_word' id='word_1_666' title='bbox 3350 4308 3446 4361; x_wconf 74' lang='grc' dir='ltr'><strong>καὶ</strong></span> <span class='ocrx_word' id='word_1_667' title='bbox 3495 4307 3676 4362; x_wconf 82' lang='grc' dir='ltr'>είδέναι</span> 
     </span>
    </p>
   </div>
   <div class='ocr_carea' id='block_1_94' title="bbox 2111 4399 3066 4475">
    <p class='ocr_par' dir='ltr' id='par_1_94' title="bbox 2111 4399 3066 4475">
     <span class='ocr_line' id='line_1_94' title="bbox 2111 4399 3066 4475; baseline -0.002 -18"><span class='ocrx_word' id='word_1_668' title='bbox 2111 4402 2205 4457; x_wconf 72' lang='grc' dir='ltr'><strong>καὶ</strong></span> <span class='ocrx_word' id='word_1_669' title='bbox 2230 4401 2364 4475; x_wconf 78' lang='grc' dir='ltr'>δρᾷν</span> <span class='ocrx_word' id='word_1_670' title='bbox 2394 4400 2538 4472; x_wconf 80' lang='grc' dir='ltr'>ἆπερ</span> <span class='ocrx_word' id='word_1_671' title='bbox 2573 4399 2638 4455; x_wconf 84' lang='grc' dir='ltr'><strong>ἂν</strong></span> <span class='ocrx_word' id='word_1_672' title='bbox 2668 4399 2816 4473; x_wconf 74' lang='grc' dir='ltr'>αὐτῷ</span> <span class='ocrx_word' id='word_1_673' title='bbox 2843 4399 3066 4471; x_wconf 82' lang='grc' dir='ltr'>πρέπει.</span> 
     </span>
    </p>
   </div>
   <div class='ocr_carea' id='block_1_95' title="bbox 2110 4536 3676 4616">
    <p class='ocr_par' dir='ltr' id='par_1_95' title="bbox 2110 4536 3676 4616">
     <span class='ocr_line' id='line_1_95' title="bbox 2110 4536 3676 4616; baseline 0.002 -22"><span class='ocrx_word' id='word_1_674' title='bbox 2110 4536 2260 4594; x_wconf 83' lang='grc' dir='ltr'>Τίτλ.</span> <span class='ocrx_word' id='word_1_675' title='bbox 2328 4539 2422 4606; x_wconf 76' lang='grc' dir='ltr'><strong>ς’.</strong></span> <span class='ocrx_word' id='word_1_676' title='bbox 2478 4568 2556 4616; x_wconf 87' lang='lat'><strong>_--</strong></span> <span class='ocrx_word' id='word_1_677' title='bbox 2611 4538 2747 4616; x_wconf 63' lang='grc' dir='ltr'>Περὶ</span> <span class='ocrx_word' id='word_1_678' title='bbox 2799 4537 3252 4616; x_wconf 47' lang='grc' dir='ltr'>ἀγγέλωιτοωὸτι</span> <span class='ocrx_word' id='word_1_679' title='bbox 3296 4541 3398 4597; x_wconf 66' lang='grc' dir='ltr'><strong>καί</strong></span> <span class='ocrx_word' id='word_1_680' title='bbox 3451 4542 3676 4616; x_wconf 69' lang='grc' dir='ltr'>ἄγγελοι</span> 
     </span>
    </p>
   </div>
   <div class='ocr_carea' id='block_1_96' title="bbox 2457 4609 3334 4680">
    <p class='ocr_par' dir='ltr' id='par_1_96' title="bbox 2457 4609 3334 4680">
     <span class='ocr_line' id='line_1_96' title="bbox 2457 4609 3334 4680; baseline 0.007 -19"><span class='ocrx_word' id='word_1_681' title='bbox 2457 4609 2916 4680; x_wconf 71' lang='grc' dir='ltr'>ἁμαρτήσαντος</span> <span class='ocrx_word' id='word_1_682' title='bbox 2963 4609 3334 4672; x_wconf 71' lang='grc' dir='ltr'>κολάζονται.</span> 
     </span>
    </p>
   </div>
   <div class='ocr_carea' id='block_1_97' title="bbox 2189 4724 3674 4800">
    <p class='ocr_par' dir='ltr' id='par_1_97' title="bbox 2189 4724 3674 4800">
     <span class='ocr_line' id='line_1_97' title="bbox 2189 4724 3674 4800; baseline 0.007 -23"><span class='ocrx_word' id='word_1_683' title='bbox 2189 4744 2210 4777; x_wconf 73' lang='grc' dir='ltr'>ι</span> <span class='ocrx_word' id='word_1_684' title='bbox 2285 4725 2677 4798; x_wconf 84' lang='grc' dir='ltr'>Προστάγματι</span> <span class='ocrx_word' id='word_1_685' title='bbox 2748 4724 3058 4781; x_wconf 73' lang='grc' dir='ltr'>ἐθανάτωσε</span> <span class='ocrx_word' id='word_1_686' title='bbox 3111 4726 3385 4800; x_wconf 86' lang='grc' dir='ltr'>δράκοντα</span> <span class='ocrx_word' id='word_1_687' title='bbox 3446 4731 3674 4787; x_wconf 79' lang='grc' dir='ltr'>ἀποστά-</span> 
     </span>
    </p>
   </div>
   <div class='ocr_carea' id='block_1_98' title="bbox 2112 4835 2313 4874">
    <p class='ocr_par' dir='ltr' id='par_1_98' title="bbox 2112 4835 2313 4874">
     <span class='ocr_line' id='line_1_98' title="bbox 2112 4835 2313 4874; baseline -0.01 -3"><span class='ocrx_word' id='word_1_688' title='bbox 2112 4835 2231 4874; x_wconf 81' lang='grc' dir='ltr'>την.</span> <span class='ocrx_word' id='word_1_689' title='bbox 2295 4836 2313 4869; x_wconf 76' lang='grc' dir='ltr'>ι</span> 
     </span>
    </p>
   </div>
   <div class='ocr_carea' id='block_1_99' title="bbox 2145 4835 3672 4986">
    <p class='ocr_par' dir='ltr' id='par_1_99' title="bbox 2145 4835 3672 4986">
     <span class='ocr_line' id='line_1_99' title="bbox 2185 4836 2313 4874; baseline -0.008 -4"><span class='ocrx_word' id='word_1_690' title='bbox 2185 4836 2231 4874; x_wconf 88' lang='grc' dir='ltr'>ν.</span> <span class='ocrx_word' id='word_1_691' title='bbox 2295 4836 2313 4869; x_wconf 78' lang='grc' dir='ltr'>ι</span> 
     </span>
     <span class='ocr_line' id='line_1_100' title="bbox 2145 4835 3672 4986; baseline 0.003 -21"><span class='ocrx_word' id='word_1_692' title='bbox 2145 4835 2210 4965; x_wconf 72' lang='grc' dir='ltr'><strong>η(</strong></span> <span class='ocrx_word' id='word_1_693' title='bbox 2270 4913 2327 4967; x_wconf 82' lang='grc' dir='ltr'><strong>Ὀ</strong></span> <span class='ocrx_word' id='word_1_694' title='bbox 2379 4911 2509 4978; x_wconf 83' lang='grc' dir='ltr'>Θεὸς</span> <span class='ocrx_word' id='word_1_695' title='bbox 2565 4911 3001 4986; x_wconf 83' lang='grc' dir='ltr'>αμαρτησάντων</span> <span class='ocrx_word' id='word_1_696' title='bbox 3055 4913 3154 4967; x_wconf 81' lang='grc' dir='ltr'>οὐκ</span> <span class='ocrx_word' id='word_1_697' title='bbox 3205 4913 3497 4983; x_wconf 75' lang='grc' dir='ltr'>ἐφείσατο·</span> <span class='ocrx_word' id='word_1_698' title='bbox 3555 4917 3672 4971; x_wconf 68' lang='grc' dir='ltr'><strong>ἀλλὰ</strong></span> 
     </span>
    </p>
   </div>
   <div class='ocr_carea' id='block_1_100' title="bbox 2115 5004 3671 5082">
    <p class='ocr_par' dir='ltr' id='par_1_100' title="bbox 2115 5004 3671 5082">
     <span class='ocr_line' id='line_1_101' title="bbox 2115 5004 3671 5082; baseline 0.003 -23"><span class='ocrx_word' id='word_1_699' title='bbox 2115 5007 2328 5079; x_wconf 79' lang='grc' dir='ltr'>σειραῖς</span> <span class='ocrx_word' id='word_1_700' title='bbox 2379 5005 2544 5076; x_wconf 79' lang='grc' dir='ltr'>ζόφου</span> <span class='ocrx_word' id='word_1_701' title='bbox 2601 5004 2982 5081; x_wconf 84' lang='grc' dir='ltr'>ταρταρώσας,</span> <span class='ocrx_word' id='word_1_702' title='bbox 3022 5007 3339 5080; x_wconf 83' lang='grc' dir='ltr'>παρέδωκεν</span> <span class='ocrx_word' id='word_1_703' title='bbox 3382 5013 3464 5075; x_wconf 83' lang='grc' dir='ltr'>εἰς</span> <span class='ocrx_word' id='word_1_704' title='bbox 3509 5010 3671 5082; x_wconf 84' lang='grc' dir='ltr'>κρίσιν</span> 
     </span>
    </p>
   </div>
   <div class='ocr_carea' id='block_1_101' title="bbox 2120 5097 2924 5169">
    <p class='ocr_par' dir='ltr' id='par_1_101' title="bbox 2120 5097 2924 5169">
     <span class='ocr_line' id='line_1_102' title="bbox 2120 5097 2924 5169; baseline -0.002 -19"><span class='ocrx_word' id='word_1_705' title='bbox 2120 5097 2512 5169; x_wconf 70' lang='grc' dir='ltr'>κολαζομένους</span> <span class='ocrx_word' id='word_1_706' title='bbox 2550 5097 2851 5169; x_wconf 76' lang='grc' dir='ltr'>τηρεῖσθαι.</span> <span class='ocrx_word' id='word_1_707' title='bbox 2905 5116 2924 5148; x_wconf 74' lang='grc' dir='ltr'>ι</span> 
     </span>
    </p>
   </div>
   <div class='ocr_carea' id='block_1_102' title="bbox 2196 5277 3663 5356">
    <p class='ocr_par' dir='ltr' id='par_1_102' title="bbox 2196 5277 3663 5356">
     <span class='ocr_line' id='line_1_103' title="bbox 2196 5277 3663 5356; baseline 0.007 -26"><span class='ocrx_word' id='word_1_708' title='bbox 2196 5299 2214 5329; x_wconf 86' lang='grc'><strong><em>‹</em></strong></span> <span class='ocrx_word' id='word_1_709' title='bbox 2277 5277 2566 5346; x_wconf 82' lang='grc' dir='ltr'>Ἀγγέλους</span> <span class='ocrx_word' id='word_1_710' title='bbox 2599 5279 2724 5342; x_wconf 78' lang='grc' dir='ltr'>τοὺς</span> <span class='ocrx_word' id='word_1_711' title='bbox 2751 5278 2827 5350; x_wconf 76' lang='grc' dir='ltr'>μὴ</span> <span class='ocrx_word' id='word_1_712' title='bbox 2853 5280 3200 5353; x_wconf 79' lang='grc' dir='ltr'>τηρήσαντας</span> <span class='ocrx_word' id='word_1_713' title='bbox 3225 5283 3325 5355; x_wconf 77' lang='grc' dir='ltr'><strong>τὴν</strong></span> <span class='ocrx_word' id='word_1_714' title='bbox 3351 5284 3554 5340; x_wconf 80' lang='grc' dir='ltr'>ἑαυτῶν</span> <span class='ocrx_word' id='word_1_715' title='bbox 3578 5286 3663 5356; x_wconf 77' lang='grc' dir='ltr'><strong>ἁρ-</strong></span> 
     </span>
    </p>
   </div>
   <div class='ocr_carea' id='block_1_103' title="bbox 2121 5368 3662 5450">
    <p class='ocr_par' dir='ltr' id='par_1_103' title="bbox 2121 5368 3662 5450">
     <span class='ocr_line' id='line_1_104' title="bbox 2121 5368 3662 5450; baseline 0.001 -26"><span class='ocrx_word' id='word_1_716' title='bbox 2121 5371 2243 5443; x_wconf 81' lang='grc' dir='ltr'>χὴν,</span> <span class='ocrx_word' id='word_1_717' title='bbox 2280 5369 2416 5424; x_wconf 76' lang='grc' dir='ltr'>ἀλλὰ</span> <span class='ocrx_word' id='word_1_718' title='bbox 2445 5368 2812 5436; x_wconf 80' lang='grc' dir='ltr'>ἀπολιπόντας</span> <span class='ocrx_word' id='word_1_719' title='bbox 2847 5371 2908 5424; x_wconf 85' lang='grc' dir='ltr'><strong>τὸ</strong></span> <span class='ocrx_word' id='word_1_720' title='bbox 2936 5371 3065 5428; x_wconf 84' lang='grc' dir='ltr'>τδιον</span> <span class='ocrx_word' id='word_1_721' title='bbox 3089 5373 3429 5450; x_wconf 72' lang='grc' dir='ltr'>οίκητήριον,</span> <span class='ocrx_word' id='word_1_722' title='bbox 3459 5379 3533 5444; x_wconf 84' lang='grc' dir='ltr'><strong>είς</strong></span> <span class='ocrx_word' id='word_1_723' title='bbox 3563 5371 3662 5443; x_wconf 84' lang='grc' dir='ltr'>κρί-</span> 
     </span>
    </p>
   </div>
   <div class='ocr_carea' id='block_1_104' title="bbox 1707 5566 2391 5626">
    <p class='ocr_par' dir='ltr' id='par_1_104' title="bbox 1707 5566 2391 5626">
     <span class='ocr_line' id='line_1_105' title="bbox 1707 5566 2391 5626; baseline 0.01 -7"><span class='ocrx_word' id='word_1_724' title='bbox 1707 5566 1943 5624; x_wconf 64' lang='grc' dir='ltr'><strong>νΑιιιλέΕ</strong></span> <span class='ocrx_word' id='word_1_725' title='bbox 1987 5568 2391 5626; x_wconf 78' lang='lat' dir='ltr'><strong>LECTIONES.</strong></span> 
     </span>
    </p>
   </div>
   <div class='ocr_carea' id='block_1_105' title="bbox 527 5657 3650 5764">
    <p class='ocr_par' dir='ltr' id='par_1_105' title="bbox 527 5657 3650 5764">
     <span class='ocr_line' id='line_1_106' title="bbox 527 5657 3650 5764; baseline 0.003 -24"><span class='ocrx_word' id='word_1_726' title='bbox 527 5687 556 5727; x_wconf 65' lang='grc' dir='ltr'>δ</span> <span class='ocrx_word' id='word_1_727' title='bbox 579 5685 701 5740; x_wconf 64' lang='lat' dir='ltr'><strong>“me</strong></span> <span class='ocrx_word' id='word_1_728' title='bbox 733 5701 1019 5764; x_wconf 84' lang='lat' dir='ltr'><strong>perperam</strong></span> <span class='ocrx_word' id='word_1_729' title='bbox 1056 5689 1109 5743; x_wconf 92' lang='lat' dir='ltr'><strong>in</strong></span> <span class='ocrx_word' id='word_1_730' title='bbox 1143 5687 1517 5764; x_wconf 81' lang='lat' dir='ltr'><strong>Rup._d_i_citur</strong></span> <span class='ocrx_word' id='word_1_731' title='bbox 1553 5697 1778 5764; x_wconf 77' lang='lat' dir='ltr'><strong>accepta</strong></span> <span class='ocrx_word' id='word_1_732' title='bbox 1805 5701 1873 5741; x_wconf 79' lang='lat' dir='ltr'><strong>ex</strong></span> <span class='ocrx_word' id='word_1_733' title='bbox 1915 5687 2008 5742; x_wconf 88' lang='lat' dir='ltr'><strong>lib.</strong></span> <span class='ocrx_word' id='word_1_734' title='bbox 2039 5703 2169 5744; x_wconf 80' lang='lat' dir='ltr'><strong>xvm</strong></span> <span class='ocrx_word' id='word_1_735' title='bbox 2214 5687 2414 5745; x_wconf 77' lang='lat' dir='ltr'><strong>Contra</strong></span> <span class='ocrx_word' id='word_1_736' title='bbox 2433 5689 2668 5758; x_wconf 76' lang='lat' dir='ltr'><strong>Julian.,</strong></span> <span class='ocrx_word' id='word_1_737' title='bbox 2690 5704 2812 5748; x_wconf 89' lang='lat' dir='ltr'><strong>cum</strong></span> <span class='ocrx_word' id='word_1_738' title='bbox 2850 5657 3086 5764; x_wconf 59' lang='lat' dir='ltr'><strong>Cyi‘ilius</strong></span> <span class='ocrx_word' id='word_1_739' title='bbox 3121 5690 3311 5749; x_wconf 84' lang='lat' dir='ltr'><strong>decem</strong></span> <span class='ocrx_word' id='word_1_740' title='bbox 3353 5694 3511 5752; x_wconf 83' lang='lat' dir='ltr'><strong>libros</strong></span> <span class='ocrx_word' id='word_1_741' title='bbox 3533 5693 3650 5750; x_wconf 74' lang='lat' dir='ltr'><strong>dan-</strong></span> 
     </span>
    </p>
   </div>
   <div class='ocr_carea' id='block_1_106' title="bbox 447 5758 1828 5830">
    <p class='ocr_par' dir='ltr' id='par_1_106' title="bbox 447 5758 1828 5830">
     <span class='ocr_line' id='line_1_107' title="bbox 447 5758 1828 5830; baseline -0.001 -16"><span class='ocrx_word' id='word_1_742' title='bbox 447 5768 619 5825; x_wconf 77' lang='lat' dir='ltr'><strong>taxat,</strong></span> <span class='ocrx_word' id='word_1_743' title='bbox 665 5774 772 5814; x_wconf 81' lang='lat' dir='ltr'><strong>non</strong></span> <span class='ocrx_word' id='word_1_744' title='bbox 805 5761 1010 5830; x_wconf 85' lang='lat' dir='ltr'><strong>plures,</strong></span> <span class='ocrx_word' id='word_1_745' title='bbox 1054 5758 1244 5817; x_wconf 74' lang='lat' dir='ltr'><strong>contra</strong></span> <span class='ocrx_word' id='word_1_746' title='bbox 1277 5758 1554 5816; x_wconf 86' lang='lat' dir='ltr'><strong>Julianum</strong></span> <span class='ocrx_word' id='word_1_747' title='bbox 1579 5758 1828 5815; x_wconf 82' lang='lat' dir='ltr'><strong>ediderit.</strong></span> 
     </span>
    </p>
   </div>
  </div>
