  <div class='ocr_page' id='page_1' title='image "/cluster/home/n/w/nwhite01/storage/ocr_20150623/95/hvd.32044073502106/555.png"; bbox 0 0 3880 6254; ppageno 0'>
   <div class='ocr_carea' id='block_1_1' title="bbox 486 283 652 385">
    <p class='ocr_par' dir='ltr' id='par_1_1' title="bbox 486 283 652 385">
     <span class='ocr_line' id='line_1_1' title="bbox 486 283 652 385; baseline 0.012 -36"><span class='ocrx_word' id='word_1_1' title='bbox 486 376 492 385; x_wconf 27' lang='grc' dir='ltr'>λ</span> <span class='ocrx_word' id='word_1_2' title='bbox 515 283 652 353; x_wconf 75' lang='lat'><strong>1099</strong></span> 
     </span>
    </p>
   </div>
   <div class='ocr_carea' id='block_1_2' title="bbox 1715 288 2602 355">
    <p class='ocr_par' dir='ltr' id='par_1_2' title="bbox 1715 288 2602 355">
     <span class='ocr_line' id='line_1_2' title="bbox 1715 288 2602 355; baseline 0.005 -5"><span class='ocrx_word' id='word_1_3' title='bbox 1715 289 1776 350; x_wconf 92' lang='lat' dir='ltr'><strong>S.</strong></span> <span class='ocrx_word' id='word_1_4' title='bbox 1817 289 2137 355; x_wconf 84' lang='lat' dir='ltr'><strong>JOANNIS</strong></span> <span class='ocrx_word' id='word_1_5' title='bbox 2171 288 2602 354; x_wconf 70' lang='lat' dir='ltr'><strong>DAMASCENI</strong></span> 
     </span>
    </p>
   </div>
   <div class='ocr_carea' id='block_1_3' title="bbox 3619 288 3742 351">
    <p class='ocr_par' dir='ltr' id='par_1_3' title="bbox 3619 288 3742 351">
     <span class='ocr_line' id='line_1_3' title="bbox 3619 288 3742 351; baseline 0.016 -2"><span class='ocrx_word' id='word_1_6' title='bbox 3619 288 3742 351; x_wconf 75' lang='grc'>1100</span> 
     </span>
    </p>
   </div>
   <div class='ocr_carea' id='block_1_4' title="bbox 500 398 2100 477">
    <p class='ocr_par' dir='ltr' id='par_1_4' title="bbox 500 398 2091 466">
     <span class='ocr_line' id='line_1_4' title="bbox 500 398 2091 466; baseline 0.001 -11"><span class='ocrx_word' id='word_1_7' title='bbox 500 403 578 466; x_wconf 65' lang='grc' dir='ltr'>ιιι,</span> <span class='ocrx_word' id='word_1_8' title='bbox 622 400 929 465; x_wconf 78' lang='lat' dir='ltr'><strong>mulierem,</strong></span> <span class='ocrx_word' id='word_1_9' title='bbox 970 407 1022 456; x_wconf 84' lang='lat' dir='ltr'><strong>et</strong></span> <span class='ocrx_word' id='word_1_10' title='bbox 1077 398 1306 457; x_wconf 78' lang='lat' dir='ltr'><strong>adduxit</strong></span> <span class='ocrx_word' id='word_1_11' title='bbox 1352 415 1474 459; x_wconf 87' lang='lat' dir='ltr'><strong>eam</strong></span> <span class='ocrx_word' id='word_1_12' title='bbox 1526 399 1598 457; x_wconf 81' lang='lat' dir='ltr'><strong>ad</strong></span> <span class='ocrx_word' id='word_1_13' title='bbox 1632 401 1825 458; x_wconf 74' lang='lat' dir='ltr'><strong>Adam.</strong></span> <span class='ocrx_word' id='word_1_14' title='bbox 1865 400 1931 457; x_wconf 78' lang='lat' dir='ltr'><strong>Et</strong></span> <span class='ocrx_word' id='word_1_15' title='bbox 1958 401 2091 457; x_wconf 75' lang='lat' dir='ltr'><strong>dixit</strong></span> 
     </span>
    </p>
   </div>
   <div class='ocr_carea' id='block_1_5' title="bbox 2230 398 3736 477">
    <p class='ocr_par' dir='ltr' id='par_1_5' title="bbox 2230 398 3736 477">
     <span class='ocr_line' id='line_1_5' title="bbox 2230 398 3736 477; baseline 0 -19"><span class='ocrx_word' id='word_1_16' title='bbox 2230 401 2295 477; x_wconf 77' lang='grc' dir='ltr'>ὴν</span> <span class='ocrx_word' id='word_1_17' title='bbox 2320 405 2400 469; x_wconf 84' lang='grc' dir='ltr'><strong>είς</strong></span> <span class='ocrx_word' id='word_1_18' title='bbox 2437 404 2692 473; x_wconf 76' lang='grc' dir='ltr'>γυναῐκα,</span> <span class='ocrx_word' id='word_1_19' title='bbox 2736 401 2830 457; x_wconf 60' lang='grc' dir='ltr'>κοῦ.</span> <span class='ocrx_word' id='word_1_20' title='bbox 2854 403 3060 476; x_wconf 74' lang='grc' dir='ltr'>ηγαγεν</span> <span class='ocrx_word' id='word_1_21' title='bbox 3089 400 3260 476; x_wconf 76' lang='grc' dir='ltr'>αὐτὴν</span> <span class='ocrx_word' id='word_1_22' title='bbox 3287 399 3419 470; x_wconf 72' lang='grc' dir='ltr'>πρὸς</span> <span class='ocrx_word' id='word_1_23' title='bbox 3446 398 3532 456; x_wconf 72' lang='grc' dir='ltr'><strong>τὸν</strong></span> <span class='ocrx_word' id='word_1_24' title='bbox 3571 403 3736 477; x_wconf 72' lang='grc' dir='ltr'>Ἀδάμ.</span> 
     </span>
    </p>
   </div>
   <div class='ocr_carea' id='block_1_6' title="bbox 512 494 2102 574">
    <p class='ocr_par' dir='ltr' id='par_1_6' title="bbox 512 494 2102 574">
     <span class='ocr_line' id='line_1_6' title="bbox 512 494 2102 574; baseline 0.002 -24"><span class='ocrx_word' id='word_1_25' title='bbox 512 495 685 574; x_wconf 68' lang='lat' dir='ltr'><strong>Adam</strong></span> <span class='ocrx_word' id='word_1_26' title='bbox 727 512 742 550; x_wconf 88' lang='lat'><strong>:</strong></span> <span class='ocrx_word' id='word_1_27' title='bbox 778 494 892 550; x_wconf 84' lang='lat' dir='ltr'><strong>[loc</strong></span> <span class='ocrx_word' id='word_1_28' title='bbox 916 509 1062 551; x_wconf 87' lang='lat' dir='ltr'><strong>nunc</strong></span> <span class='ocrx_word' id='word_1_29' title='bbox 1089 495 1567 554; x_wconf 80' lang='lat' dir='ltr'><strong>estosexossihus</strong></span> <span class='ocrx_word' id='word_1_30' title='bbox 1605 495 1765 565; x_wconf 85' lang='lat' dir='ltr'><strong>meis,</strong></span> <span class='ocrx_word' id='word_1_31' title='bbox 1796 504 1849 552; x_wconf 93' lang='lat' dir='ltr'><strong>et</strong></span> <span class='ocrx_word' id='word_1_32' title='bbox 1876 510 2005 552; x_wconf 86' lang='lat' dir='ltr'><strong>caro</strong></span> <span class='ocrx_word' id='word_1_33' title='bbox 2034 497 2102 553; x_wconf 85' lang='lat' dir='ltr'><strong>de</strong></span> 
     </span>
    </p>
   </div>
   <div class='ocr_carea' id='block_1_7' title="bbox 510 589 2100 663">
    <p class='ocr_par' dir='ltr' id='par_1_7' title="bbox 510 589 2100 663">
     <span class='ocr_line' id='line_1_7' title="bbox 510 589 2100 663; baseline 0 -17"><span class='ocrx_word' id='word_1_34' title='bbox 510 605 676 659; x_wconf 84' lang='lat' dir='ltr'><strong>carne</strong></span> <span class='ocrx_word' id='word_1_35' title='bbox 706 604 844 646; x_wconf 83' lang='lat' dir='ltr'><strong>mea.</strong></span> <span class='ocrx_word' id='word_1_36' title='bbox 896 589 1021 646; x_wconf 71' lang='lat' dir='ltr'><strong>[hcc</strong></span> <span class='ocrx_word' id='word_1_37' title='bbox 1053 590 1344 648; x_wconf 98' lang='lat' dir='ltr'><strong>vocabitur</strong></span> <span class='ocrx_word' id='word_1_38' title='bbox 1382 590 1580 646; x_wconf 82' lang='lat' dir='ltr'><strong>mulier</strong></span> <span class='ocrx_word' id='word_1_39' title='bbox 1630 590 1748 662; x_wconf 84' lang='lat' dir='ltr'><strong>(seu</strong></span> <span class='ocrx_word' id='word_1_40' title='bbox 1779 591 1942 663; x_wconf 86' lang='lat' dir='ltr'><strong>vir‘a),</strong></span> <span class='ocrx_word' id='word_1_41' title='bbox 1971 591 2100 663; x_wconf 82' lang='lat' dir='ltr'><strong>quia</strong></span> 
     </span>
    </p>
   </div>
   <div class='ocr_carea' id='block_1_8' title="bbox 513 683 2104 757">
    <p class='ocr_par' dir='ltr' id='par_1_8' title="bbox 513 683 2104 757">
     <span class='ocr_line' id='line_1_8' title="bbox 513 683 2104 757; baseline 0.003 -19"><span class='ocrx_word' id='word_1_42' title='bbox 513 685 590 738; x_wconf 83' lang='lat' dir='ltr'><strong>de</strong></span> <span class='ocrx_word' id='word_1_43' title='bbox 610 683 729 749; x_wconf 79' lang='lat' dir='ltr'><strong>,viro</strong></span> <span class='ocrx_word' id='word_1_44' title='bbox 772 699 875 740; x_wconf 86' lang='lat' dir='ltr'><strong>suo</strong></span> <span class='ocrx_word' id='word_1_45' title='bbox 905 691 1123 755; x_wconf 75' lang='lat' dir='ltr'><strong>sumpta</strong></span> <span class='ocrx_word' id='word_1_46' title='bbox 1154 690 1238 741; x_wconf 87' lang='lat' dir='ltr'><strong>est</strong></span> <span class='ocrx_word' id='word_1_47' title='bbox 1267 684 1410 757; x_wconf 90' lang='lat' dir='ltr'><strong>ipsa.</strong></span> <span class='ocrx_word' id='word_1_48' title='bbox 1437 684 1669 756; x_wconf 75' lang='lat' dir='ltr'><strong>Propter</strong></span> <span class='ocrx_word' id='word_1_49' title='bbox 1692 685 1795 740; x_wconf 89' lang='lat' dir='ltr'><strong>hoc</strong></span> <span class='ocrx_word' id='word_1_50' title='bbox 1827 685 2104 756; x_wconf 72' lang='lat' dir='ltr'><strong>relinquet</strong></span> 
     </span>
    </p>
   </div>
   <div class='ocr_carea' id='block_1_9' title="bbox 513 775 2099 848">
    <p class='ocr_par' dir='ltr' id='par_1_9' title="bbox 513 775 2099 848">
     <span class='ocr_line' id='line_1_9' title="bbox 513 775 2099 848; baseline 0.003 -18"><span class='ocrx_word' id='word_1_51' title='bbox 513 777 682 832; x_wconf 88' lang='lat' dir='ltr'><strong>homo</strong></span> <span class='ocrx_word' id='word_1_52' title='bbox 707 784 916 845; x_wconf 88' lang='lat' dir='ltr'><strong>patrem</strong></span> <span class='ocrx_word' id='word_1_53' title='bbox 949 785 1006 834; x_wconf 80' lang='lat' dir='ltr'><strong>et</strong></span> <span class='ocrx_word' id='word_1_54' title='bbox 1041 782 1292 842; x_wconf 79' lang='lat' dir='ltr'><strong>matrem,</strong></span> <span class='ocrx_word' id='word_1_55' title='bbox 1331 784 1389 832; x_wconf 91' lang='lat' dir='ltr'><strong>et</strong></span> <span class='ocrx_word' id='word_1_56' title='bbox 1425 775 1721 834; x_wconf 66' lang='lat' dir='ltr'><strong>adhaerebit</strong></span> <span class='ocrx_word' id='word_1_57' title='bbox 1756 779 1915 834; x_wconf 78' lang='lat' dir='ltr'><strong>uxori</strong></span> <span class='ocrx_word' id='word_1_58' title='bbox 1965 793 2099 848; x_wconf 73' lang='lat' dir='ltr'><strong>suae,</strong></span> 
     </span>
    </p>
   </div>
   <div class='ocr_carea' id='block_1_10' title="bbox 512 872 1534 944">
    <p class='ocr_par' dir='ltr' id='par_1_10' title="bbox 512 872 1534 944">
     <span class='ocr_line' id='line_1_10' title="bbox 512 872 1534 944; baseline -0.001 -16"><span class='ocrx_word' id='word_1_59' title='bbox 512 878 567 944; x_wconf 80' lang='lat' dir='ltr'><strong>et</strong></span> <span class='ocrx_word' id='word_1_60' title='bbox 594 881 756 928; x_wconf 86' lang='lat' dir='ltr'><strong>erunt</strong></span> <span class='ocrx_word' id='word_1_61' title='bbox 789 872 902 928; x_wconf 84' lang='lat' dir='ltr'><strong>duo</strong></span> <span class='ocrx_word' id='word_1_62' title='bbox 931 872 991 929; x_wconf 88' lang='lat' dir='ltr'><strong>in</strong></span> <span class='ocrx_word' id='word_1_63' title='bbox 1026 885 1250 928; x_wconf 87' lang='lat' dir='ltr'><strong>carnem</strong></span> <span class='ocrx_word' id='word_1_64' title='bbox 1295 886 1481 927; x_wconf 86' lang='lat' dir='ltr'><strong>unam.</strong></span> <span class='ocrx_word' id='word_1_65' title='bbox 1512 891 1534 926; x_wconf 75' lang='grc' dir='ltr'><strong>ι</strong></span> 
     </span>
    </p>
   </div>
   <div class='ocr_carea' id='block_1_11' title="bbox 583 1049 2098 1122">
    <p class='ocr_par' dir='ltr' id='par_1_11' title="bbox 583 1049 2098 1122">
     <span class='ocr_line' id='line_1_11' title="bbox 583 1049 2098 1122; baseline 0.001 -14"><span class='ocrx_word' id='word_1_66' title='bbox 583 1052 689 1110; x_wconf 75' lang='lat' dir='ltr'><strong>Job</strong></span> <span class='ocrx_word' id='word_1_67' title='bbox 741 1070 794 1120; x_wconf 70' lang='grc' dir='ltr'><strong>τ,</strong></span> <span class='ocrx_word' id='word_1_68' title='bbox 827 1053 883 1122; x_wconf 84' lang='grc'>8,</span> <span class='ocrx_word' id='word_1_69' title='bbox 916 1051 1006 1119; x_wconf 75' lang='lat' dir='ltr'><strong>ll,</strong></span> <span class='ocrx_word' id='word_1_70' title='bbox 1030 1050 1084 1107; x_wconf 85' lang='lat'><strong>9.</strong></span> <span class='ocrx_word' id='word_1_71' title='bbox 1123 1079 1193 1092; x_wconf 83' lang='lat'><strong>-</strong></span> <span class='ocrx_word' id='word_1_72' title='bbox 1229 1068 1249 1102; x_wconf 80' lang='grc' dir='ltr'><strong>ι</strong></span> <span class='ocrx_word' id='word_1_73' title='bbox 1290 1049 1483 1108; x_wconf 77' lang='lat' dir='ltr'><strong>Manus</strong></span> <span class='ocrx_word' id='word_1_74' title='bbox 1537 1058 1648 1108; x_wconf 70' lang='lat' dir='ltr'><strong>tute</strong></span> <span class='ocrx_word' id='word_1_75' title='bbox 1703 1049 1957 1109; x_wconf 77' lang='lat' dir='ltr'><strong>fecerunt</strong></span> <span class='ocrx_word' id='word_1_76' title='bbox 1989 1068 2098 1120; x_wconf 87' lang='lat' dir='ltr'><strong>me,</strong></span> 
     </span>
    </p>
   </div>
   <div class='ocr_carea' id='block_1_12' title="bbox 511 1143 2100 1220">
    <p class='ocr_par' dir='ltr' id='par_1_12' title="bbox 511 1143 2100 1220">
     <span class='ocr_line' id='line_1_12' title="bbox 511 1143 2100 1220; baseline -0.001 -16"><span class='ocrx_word' id='word_1_77' title='bbox 511 1155 569 1205; x_wconf 88' lang='lat' dir='ltr'><strong>et</strong></span> <span class='ocrx_word' id='word_1_78' title='bbox 603 1147 1018 1220; x_wconf 84' lang='lat' dir='ltr'><strong>plasmavcrunt</strong></span> <span class='ocrx_word' id='word_1_79' title='bbox 1059 1160 1169 1202; x_wconf 88' lang='lat' dir='ltr'><strong>me.</strong></span> <span class='ocrx_word' id='word_1_80' title='bbox 1201 1143 1351 1201; x_wconf 83' lang='lat' dir='ltr'><strong>Pelle</strong></span> <span class='ocrx_word' id='word_1_81' title='bbox 1397 1151 1452 1200; x_wconf 88' lang='lat' dir='ltr'><strong>et</strong></span> <span class='ocrx_word' id='word_1_82' title='bbox 1489 1158 1659 1202; x_wconf 83' lang='lat' dir='ltr'><strong>carne</strong></span> <span class='ocrx_word' id='word_1_83' title='bbox 1700 1146 1920 1203; x_wconf 86' lang='lat' dir='ltr'><strong>vestisti</strong></span> <span class='ocrx_word' id='word_1_84' title='bbox 1978 1161 2100 1216; x_wconf 86' lang='lat' dir='ltr'><strong>me;</strong></span> 
     </span>
    </p>
   </div>
   <div class='ocr_carea' id='block_1_13' title="bbox 511 1235 2101 1317">
    <p class='ocr_par' dir='ltr' id='par_1_13' title="bbox 511 1235 2101 1317">
     <span class='ocr_line' id='line_1_13' title="bbox 511 1235 2101 1317; baseline -0.001 -21"><span class='ocrx_word' id='word_1_85' title='bbox 511 1240 735 1317; x_wconf 72' lang='lat' dir='ltr'><strong>ossibus</strong></span> <span class='ocrx_word' id='word_1_86' title='bbox 779 1245 836 1296; x_wconf 89' lang='lat' dir='ltr'><strong>et</strong></span> <span class='ocrx_word' id='word_1_87' title='bbox 882 1236 1068 1294; x_wconf 82' lang='lat' dir='ltr'><strong>nervis</strong></span> <span class='ocrx_word' id='word_1_88' title='bbox 1123 1235 1453 1309; x_wconf 87' lang='lat' dir='ltr'><strong>compegisti</strong></span> <span class='ocrx_word' id='word_1_89' title='bbox 1501 1252 1610 1294; x_wconf 89' lang='lat' dir='ltr'><strong>me.</strong></span> <span class='ocrx_word' id='word_1_90' title='bbox 1660 1236 1934 1295; x_wconf 79' lang='lat' dir='ltr'><strong>Memento</strong></span> <span class='ocrx_word' id='word_1_91' title='bbox 1971 1240 2101 1311; x_wconf 91' lang='lat' dir='ltr'><strong>quia</strong></span> 
     </span>
    </p>
   </div>
   <div class='ocr_carea' id='block_1_14' title="bbox 513 1324 2103 1398">
    <p class='ocr_par' dir='ltr' id='par_1_14' title="bbox 513 1324 2103 1398">
     <span class='ocr_line' id='line_1_14' title="bbox 513 1324 2103 1398; baseline 0.001 -9"><span class='ocrx_word' id='word_1_92' title='bbox 513 1324 658 1389; x_wconf 80' lang='lat' dir='ltr'><strong>sicut</strong></span> <span class='ocrx_word' id='word_1_93' title='bbox 686 1330 862 1389; x_wconf 87' lang='lat' dir='ltr'><strong>lutum</strong></span> <span class='ocrx_word' id='word_1_94' title='bbox 904 1329 1111 1388; x_wconf 76' lang='lat' dir='ltr'><strong>tinxisti</strong></span> <span class='ocrx_word' id='word_1_95' title='bbox 1143 1345 1264 1398; x_wconf 87' lang='lat' dir='ltr'><strong>me;</strong></span> <span class='ocrx_word' id='word_1_96' title='bbox 1309 1339 1366 1387; x_wconf 86' lang='lat' dir='ltr'><strong>et</strong></span> <span class='ocrx_word' id='word_1_97' title='bbox 1403 1345 1600 1389; x_wconf 80' lang='lat' dir='ltr'><strong>rursus</strong></span> <span class='ocrx_word' id='word_1_98' title='bbox 1629 1331 1683 1387; x_wconf 90' lang='lat' dir='ltr'><strong>in</strong></span> <span class='ocrx_word' id='word_1_99' title='bbox 1705 1339 1908 1389; x_wconf 88' lang='lat' dir='ltr'><strong>terram</strong></span> <span class='ocrx_word' id='word_1_100' title='bbox 1934 1335 2103 1392; x_wconf 88' lang='lat' dir='ltr'><strong>redu-</strong></span> 
     </span>
    </p>
   </div>
   <div class='ocr_carea' id='block_1_15' title="bbox 514 1438 805 1481">
    <p class='ocr_par' dir='ltr' id='par_1_15' title="bbox 514 1438 805 1481">
     <span class='ocr_line' id='line_1_15' title="bbox 514 1438 805 1481; baseline -0.017 0"><span class='ocrx_word' id='word_1_101' title='bbox 514 1439 608 1481; x_wconf 85' lang='lat' dir='ltr'><strong>ces</strong></span> <span class='ocrx_word' id='word_1_102' title='bbox 638 1438 746 1481; x_wconf 89' lang='lat' dir='ltr'><strong>me.</strong></span> <span class='ocrx_word' id='word_1_103' title='bbox 783 1439 805 1476; x_wconf 73' lang='grc' dir='ltr'><strong>ι</strong></span> 
     </span>
    </p>
   </div>
   <div class='ocr_carea' id='block_1_16' title="bbox 583 1513 2102 1585">
    <p class='ocr_par' dir='ltr' id='par_1_16' title="bbox 583 1513 2102 1585">
     <span class='ocr_line' id='line_1_16' title="bbox 583 1513 2102 1585; baseline 0.003 -12"><span class='ocrx_word' id='word_1_104' title='bbox 583 1516 740 1574; x_wconf 71' lang='lat' dir='ltr'><strong>Paul.</strong></span> <span class='ocrx_word' id='word_1_105' title='bbox 771 1531 1003 1582; x_wconf 80' lang='lat' dir='ltr'><strong>nxvm,</strong></span> <span class='ocrx_word' id='word_1_106' title='bbox 1038 1515 1099 1585; x_wconf 87' lang='lat'><strong>6,</strong></span> <span class='ocrx_word' id='word_1_107' title='bbox 1139 1513 1197 1573; x_wconf 84' lang='lat'><strong>7.</strong></span> <span class='ocrx_word' id='word_1_108' title='bbox 1237 1543 1298 1559; x_wconf 75' lang='grc' dir='ltr'><strong>οο-</strong></span> <span class='ocrx_word' id='word_1_109' title='bbox 1343 1536 1365 1571; x_wconf 81' lang='grc' dir='ltr'><strong>ι</strong></span> <span class='ocrx_word' id='word_1_110' title='bbox 1398 1515 1797 1576; x_wconf 74' lang='lat' dir='ltr'><strong>Verumtamen</strong></span> <span class='ocrx_word' id='word_1_111' title='bbox 1841 1520 2102 1579; x_wconf 86' lang='lat' dir='ltr'><strong>universa</strong></span> 
     </span>
    </p>
   </div>
   <div class='ocr_carea' id='block_1_17' title="bbox 508 1608 2101 1682">
    <p class='ocr_par' dir='ltr' id='par_1_17' title="bbox 508 1608 2101 1682">
     <span class='ocr_line' id='line_1_17' title="bbox 508 1608 2101 1682; baseline -0.004 -3"><span class='ocrx_word' id='word_1_112' title='bbox 508 1621 766 1682; x_wconf 82' lang='lat' dir='ltr'><strong>vanitas,</strong></span> <span class='ocrx_word' id='word_1_113' title='bbox 837 1612 1021 1673; x_wconf 82' lang='lat' dir='ltr'><strong>omnis</strong></span> <span class='ocrx_word' id='word_1_114' title='bbox 1084 1608 1254 1666; x_wconf 91' lang='lat' dir='ltr'><strong>homo</strong></span> <span class='ocrx_word' id='word_1_115' title='bbox 1325 1611 1537 1670; x_wconf 78' lang='lat' dir='ltr'><strong>vivens.</strong></span> <span class='ocrx_word' id='word_1_116' title='bbox 1593 1613 1982 1671; x_wconf 74' lang='lat' dir='ltr'><strong>Verumtamen</strong></span> <span class='ocrx_word' id='word_1_117' title='bbox 2047 1615 2101 1673; x_wconf 90' lang='lat' dir='ltr'><strong>in</strong></span> 
     </span>
    </p>
   </div>
   <div class='ocr_carea' id='block_1_18' title="bbox 512 1704 2101 1786">
    <p class='ocr_par' dir='ltr' id='par_1_18' title="bbox 512 1704 2101 1786">
     <span class='ocr_line' id='line_1_18' title="bbox 512 1704 2101 1786; baseline -0.001 -18"><span class='ocrx_word' id='word_1_118' title='bbox 512 1710 751 1786; x_wconf 77' lang='lat' dir='ltr'><strong>imagine</strong></span> <span class='ocrx_word' id='word_1_119' title='bbox 773 1705 1074 1782; x_wconf 82' lang='lat' dir='ltr'><strong>pertransit</strong></span> <span class='ocrx_word' id='word_1_120' title='bbox 1115 1707 1320 1775; x_wconf 86' lang='lat' dir='ltr'><strong>homo;</strong></span> <span class='ocrx_word' id='word_1_121' title='bbox 1371 1704 1470 1762; x_wconf 85' lang='lat' dir='ltr'><strong>sed</strong></span> <span class='ocrx_word' id='word_1_122' title='bbox 1509 1714 1563 1762; x_wconf 89' lang='lat' dir='ltr'><strong>et</strong></span> <span class='ocrx_word' id='word_1_123' title='bbox 1615 1705 1823 1764; x_wconf 69' lang='lat' dir='ltr'><strong>[rustra</strong></span> <span class='ocrx_word' id='word_1_124' title='bbox 1869 1718 2101 1767; x_wconf 84' lang='lat' dir='ltr'><strong>contur-</strong></span> 
     </span>
    </p>
   </div>
   <div class='ocr_carea' id='block_1_19' title="bbox 513 1809 759 1863">
    <p class='ocr_par' dir='ltr' id='par_1_19' title="bbox 513 1809 759 1863">
     <span class='ocr_line' id='line_1_19' title="bbox 513 1809 759 1863; baseline -0.024 0"><span class='ocrx_word' id='word_1_125' title='bbox 513 1809 696 1863; x_wconf 89' lang='lat' dir='ltr'><strong>batur.</strong></span> <span class='ocrx_word' id='word_1_126' title='bbox 738 1823 759 1857; x_wconf 76' lang='grc' dir='ltr'><strong>ι</strong></span> 
     </span>
    </p>
   </div>
   <div class='ocr_carea' id='block_1_20' title="bbox 581 1891 2105 1966">
    <p class='ocr_par' dir='ltr' id='par_1_20' title="bbox 581 1891 2105 1966">
     <span class='ocr_line' id='line_1_20' title="bbox 581 1891 2105 1966; baseline -0.001 -13"><span class='ocrx_word' id='word_1_127' title='bbox 581 1896 738 1959; x_wconf 73' lang='lat' dir='ltr'><strong>Paul.</strong></span> <span class='ocrx_word' id='word_1_128' title='bbox 770 1891 886 1963; x_wconf 73' lang='lat' dir='ltr'><strong>cui,</strong></span> <span class='ocrx_word' id='word_1_129' title='bbox 915 1891 1102 1951; x_wconf 73' lang='lat'><strong>29..—-</strong></span> <span class='ocrx_word' id='word_1_130' title='bbox 1149 1912 1170 1947; x_wconf 83' lang='grc' dir='ltr'><strong>ι</strong></span> <span class='ocrx_word' id='word_1_131' title='bbox 1210 1893 1444 1951; x_wconf 79' lang='lat' dir='ltr'><strong>Auferes</strong></span> <span class='ocrx_word' id='word_1_132' title='bbox 1494 1893 1747 1966; x_wconf 79' lang='lat' dir='ltr'><strong>Spiritum</strong></span> <span class='ocrx_word' id='word_1_133' title='bbox 1789 1912 2002 1964; x_wconf 90' lang='lat' dir='ltr'><strong>eorum,</strong></span> <span class='ocrx_word' id='word_1_134' title='bbox 2051 1905 2105 1955; x_wconf 90' lang='lat' dir='ltr'><strong>et</strong></span> 
     </span>
    </p>
   </div>
   <div class='ocr_carea' id='block_1_21' title="bbox 512 1985 2004 2058">
    <p class='ocr_par' dir='ltr' id='par_1_21' title="bbox 512 1985 2004 2058">
     <span class='ocr_line' id='line_1_21' title="bbox 512 1985 2004 2058; baseline -0.003 -10"><span class='ocrx_word' id='word_1_135' title='bbox 512 1990 771 2048; x_wconf 75' lang='lat' dir='ltr'><strong>deﬁcient</strong></span> <span class='ocrx_word' id='word_1_136' title='bbox 805 2005 821 2044; x_wconf 89' lang='lat'><strong>:</strong></span> <span class='ocrx_word' id='word_1_137' title='bbox 863 1988 998 2044; x_wconf 89' lang='lat' dir='ltr'><strong>etin</strong></span> <span class='ocrx_word' id='word_1_138' title='bbox 1027 1985 1306 2058; x_wconf 82' lang='lat' dir='ltr'><strong>pulverem</strong></span> <span class='ocrx_word' id='word_1_139' title='bbox 1337 2001 1496 2043; x_wconf 88' lang='lat' dir='ltr'><strong>suum</strong></span> <span class='ocrx_word' id='word_1_140' title='bbox 1531 1998 1942 2047; x_wconf 89' lang='lat' dir='ltr'><strong>convertentur.</strong></span> <span class='ocrx_word' id='word_1_141' title='bbox 1985 2010 2004 2043; x_wconf 79' lang='grc' dir='ltr'><strong>ι</strong></span> 
     </span>
    </p>
   </div>
   <div class='ocr_carea' id='block_1_22' title="bbox 581 2081 2102 2154">
    <p class='ocr_par' dir='ltr' id='par_1_22' title="bbox 581 2081 2102 2154">
     <span class='ocr_line' id='line_1_22' title="bbox 581 2081 2102 2154; baseline 0.003 -15"><span class='ocrx_word' id='word_1_142' title='bbox 581 2082 762 2141; x_wconf 75' lang='lat' dir='ltr'><strong>Ecclc.</strong></span> <span class='ocrx_word' id='word_1_143' title='bbox 796 2097 882 2149; x_wconf 85' lang='grc' dir='ltr'>ιιι,</span> <span class='ocrx_word' id='word_1_144' title='bbox 907 2081 999 2137; x_wconf 75' lang='grc'><strong>20.</strong></span> <span class='ocrx_word' id='word_1_145' title='bbox 1032 2110 1104 2124; x_wconf 91' lang='lat'><strong>—-</strong></span> <span class='ocrx_word' id='word_1_146' title='bbox 1144 2100 1163 2134; x_wconf 81' lang='grc' dir='ltr'><strong>ι</strong></span> <span class='ocrx_word' id='word_1_147' title='bbox 1201 2081 1399 2136; x_wconf 85' lang='lat' dir='ltr'><strong>Omnia</strong></span> <span class='ocrx_word' id='word_1_148' title='bbox 1430 2081 1500 2138; x_wconf 87' lang='lat' dir='ltr'><strong>de</strong></span> <span class='ocrx_word' id='word_1_149' title='bbox 1551 2091 1696 2140; x_wconf 85' lang='lat' dir='ltr'><strong>terra</strong></span> <span class='ocrx_word' id='word_1_150' title='bbox 1755 2084 1901 2141; x_wconf 74' lang='lat' dir='ltr'><strong>facta</strong></span> <span class='ocrx_word' id='word_1_151' title='bbox 1933 2094 2102 2154; x_wconf 87' lang='lat' dir='ltr'><strong>sunt;</strong></span> 
     </span>
    </p>
   </div>
   <div class='ocr_carea' id='block_1_23' title="bbox 498 2182 1559 2241">
    <p class='ocr_par' dir='ltr' id='par_1_23' title="bbox 498 2182 1559 2241">
     <span class='ocr_line' id='line_1_23' title="bbox 498 2182 1559 2241; baseline -0.008 0"><span class='ocrx_word' id='word_1_152' title='bbox 498 2192 568 2241; x_wconf 86' lang='lat' dir='ltr'><strong>-et</strong></span> <span class='ocrx_word' id='word_1_153' title='bbox 593 2182 774 2240; x_wconf 84' lang='lat' dir='ltr'><strong>omnia</strong></span> <span class='ocrx_word' id='word_1_154' title='bbox 812 2183 868 2239; x_wconf 91' lang='lat' dir='ltr'><strong>in</strong></span> <span class='ocrx_word' id='word_1_155' title='bbox 896 2191 1099 2239; x_wconf 87' lang='lat' dir='ltr'><strong>terram</strong></span> <span class='ocrx_word' id='word_1_156' title='bbox 1134 2186 1502 2237; x_wconf 85' lang='lat' dir='ltr'><strong>revertentur.</strong></span> <span class='ocrx_word' id='word_1_157' title='bbox 1538 2196 1559 2232; x_wconf 74' lang='grc' dir='ltr'><strong>ι</strong></span> 
     </span>
    </p>
   </div>
   <div class='ocr_carea' id='block_1_24' title="bbox 588 2270 2105 2347">
    <p class='ocr_par' dir='ltr' id='par_1_24' title="bbox 588 2270 2105 2347">
     <span class='ocr_line' id='line_1_24' title="bbox 588 2270 2105 2347; baseline -0.002 -15"><span class='ocrx_word' id='word_1_158' title='bbox 588 2276 719 2347; x_wconf 75' lang='lat' dir='ltr'><strong>Sep.</strong></span> <span class='ocrx_word' id='word_1_159' title='bbox 753 2291 816 2344; x_wconf 84' lang='grc' dir='ltr'><strong>ιι,</strong></span> <span class='ocrx_word' id='word_1_160' title='bbox 843 2275 936 2333; x_wconf 76' lang='lat'><strong>23.</strong></span> <span class='ocrx_word' id='word_1_161' title='bbox 965 2305 1040 2317; x_wconf 87' lang='lat'><strong>-—</strong></span> <span class='ocrx_word' id='word_1_162' title='bbox 1064 2274 1229 2347; x_wconf 78' lang='lat'><strong>310</strong></span> <span class='ocrx_word' id='word_1_163' title='bbox 1264 2291 1282 2326; x_wconf 86' lang='grc' dir='ltr'><strong>ι</strong></span> <span class='ocrx_word' id='word_1_164' title='bbox 1316 2273 1462 2330; x_wconf 86' lang='lat' dir='ltr'><strong>Deus</strong></span> <span class='ocrx_word' id='word_1_165' title='bbox 1492 2270 1701 2330; x_wconf 87' lang='lat' dir='ltr'><strong>creavit</strong></span> <span class='ocrx_word' id='word_1_166' title='bbox 1728 2270 1796 2328; x_wconf 91' lang='lat' dir='ltr'><strong>de</strong></span> <span class='ocrx_word' id='word_1_167' title='bbox 1827 2280 1972 2328; x_wconf 89' lang='lat' dir='ltr'><strong>terra</strong></span> <span class='ocrx_word' id='word_1_168' title='bbox 2007 2273 2105 2329; x_wconf 88' lang='lat' dir='ltr'><strong>ho-</strong></span> 
     </span>
    </p>
   </div>
   <div class='ocr_carea' id='block_1_25' title="bbox 514 2365 2104 2439">
    <p class='ocr_par' dir='ltr' id='par_1_25' title="bbox 514 2365 2104 2439">
     <span class='ocr_line' id='line_1_25' title="bbox 514 2365 2104 2439; baseline -0.003 -13"><span class='ocrx_word' id='word_1_169' title='bbox 514 2369 722 2426; x_wconf 86' lang='lat' dir='ltr'><strong>minem</strong></span> <span class='ocrx_word' id='word_1_170' title='bbox 759 2365 1315 2436; x_wconf 80' lang='lat' dir='ltr'><strong>inexterminahilem,</strong></span> <span class='ocrx_word' id='word_1_171' title='bbox 1352 2376 1408 2423; x_wconf 87' lang='lat' dir='ltr'><strong>et</strong></span> <span class='ocrx_word' id='word_1_172' title='bbox 1433 2365 1501 2422; x_wconf 89' lang='lat' dir='ltr'><strong>ad</strong></span> <span class='ocrx_word' id='word_1_173' title='bbox 1541 2366 1838 2439; x_wconf 75' lang='lat' dir='ltr'><strong>imaginem</strong></span> <span class='ocrx_word' id='word_1_174' title='bbox 1881 2367 2104 2424; x_wconf 81' lang='lat' dir='ltr'><strong>aeterni-</strong></span> 
     </span>
    </p>
   </div>
   <div class='ocr_carea' id='block_1_26' title="bbox 517 2459 1232 2521">
    <p class='ocr_par' dir='ltr' id='par_1_26' title="bbox 517 2459 1232 2521">
     <span class='ocr_line' id='line_1_26' title="bbox 517 2459 1232 2521; baseline -0.008 -1"><span class='ocrx_word' id='word_1_175' title='bbox 517 2463 644 2520; x_wconf 85' lang='lat' dir='ltr'><strong>tatis</strong></span> <span class='ocrx_word' id='word_1_176' title='bbox 678 2478 795 2521; x_wconf 71' lang='lat' dir='ltr'><strong>suae</strong></span> <span class='ocrx_word' id='word_1_177' title='bbox 821 2459 954 2520; x_wconf 79' lang='lat' dir='ltr'><strong>fecit</strong></span> <span class='ocrx_word' id='word_1_178' title='bbox 988 2461 1170 2518; x_wconf 88' lang='lat' dir='ltr'><strong>illum.</strong></span> <span class='ocrx_word' id='word_1_179' title='bbox 1211 2480 1232 2514; x_wconf 71' lang='grc' dir='ltr'><strong>ι</strong></span> 
     </span>
    </p>
   </div>
   <div class='ocr_carea' id='block_1_27' title="bbox 585 2553 2105 2629">
    <p class='ocr_par' dir='ltr' id='par_1_27' title="bbox 585 2553 2105 2629">
     <span class='ocr_line' id='line_1_27' title="bbox 585 2553 2105 2629; baseline -0.001 -14"><span class='ocrx_word' id='word_1_180' title='bbox 585 2556 716 2629; x_wconf 71' lang='lat' dir='ltr'><strong>Sep.</strong></span> <span class='ocrx_word' id='word_1_181' title='bbox 744 2572 821 2625; x_wconf 77' lang='lat' dir='ltr'><strong>Ix,</strong></span> <span class='ocrx_word' id='word_1_182' title='bbox 851 2556 901 2624; x_wconf 78' lang='grc' dir='ltr'>Ι,</span> <span class='ocrx_word' id='word_1_183' title='bbox 926 2556 982 2612; x_wconf 78' lang='lat'><strong>2.</strong></span> <span class='ocrx_word' id='word_1_184' title='bbox 1003 2584 1076 2598; x_wconf 83' lang='lat'><strong>-—-</strong></span> <span class='ocrx_word' id='word_1_185' title='bbox 1109 2572 1129 2608; x_wconf 83' lang='grc' dir='ltr'><strong>ι</strong></span> <span class='ocrx_word' id='word_1_186' title='bbox 1161 2555 1268 2623; x_wconf 82' lang='lat' dir='ltr'><strong>Qui</strong></span> <span class='ocrx_word' id='word_1_187' title='bbox 1300 2553 1477 2612; x_wconf 81' lang='lat' dir='ltr'><strong>fecisti</strong></span> <span class='ocrx_word' id='word_1_188' title='bbox 1509 2554 1695 2611; x_wconf 90' lang='lat' dir='ltr'><strong>omnia</strong></span> <span class='ocrx_word' id='word_1_189' title='bbox 1719 2553 1886 2612; x_wconf 79' lang='lat' dir='ltr'><strong>verbo</strong></span> <span class='ocrx_word' id='word_1_190' title='bbox 1912 2563 2028 2624; x_wconf 91' lang='lat' dir='ltr'><strong>tuo,</strong></span> <span class='ocrx_word' id='word_1_191' title='bbox 2051 2565 2105 2614; x_wconf 89' lang='lat' dir='ltr'><strong>et</strong></span> 
     </span>
    </p>
   </div>
   <div class='ocr_carea' id='block_1_28' title="bbox 517 2646 2107 2722">
    <p class='ocr_par' dir='ltr' id='par_1_28' title="bbox 517 2646 2107 2722">
     <span class='ocr_line' id='line_1_28' title="bbox 517 2646 2107 2722; baseline -0.002 -15"><span class='ocrx_word' id='word_1_192' title='bbox 517 2648 784 2722; x_wconf 86' lang='lat' dir='ltr'><strong>sapientia</strong></span> <span class='ocrx_word' id='word_1_193' title='bbox 808 2655 900 2703; x_wconf 89' lang='lat' dir='ltr'><strong>tua</strong></span> <span class='ocrx_word' id='word_1_194' title='bbox 933 2646 1280 2704; x_wconf 84' lang='lat' dir='ltr'><strong>constituisti</strong></span> <span class='ocrx_word' id='word_1_195' title='bbox 1309 2646 1613 2712; x_wconf 84' lang='lat' dir='ltr'><strong>hominem,</strong></span> <span class='ocrx_word' id='word_1_196' title='bbox 1638 2655 1696 2701; x_wconf 91' lang='lat' dir='ltr'><strong>ut</strong></span> <span class='ocrx_word' id='word_1_197' title='bbox 1727 2646 2107 2704; x_wconf 85' lang='lat' dir='ltr'><strong>dominaretur</strong></span> 
     </span>
    </p>
   </div>
   <div class='ocr_carea' id='block_1_29' title="bbox 515 2740 2105 2815">
    <p class='ocr_par' dir='ltr' id='par_1_29' title="bbox 515 2740 2105 2815">
     <span class='ocr_line' id='line_1_29' title="bbox 515 2740 2105 2815; baseline -0.001 -15"><span class='ocrx_word' id='word_1_198' title='bbox 515 2753 807 2810; x_wconf 65' lang='lat' dir='ltr'><strong>creaturae,</strong></span> <span class='ocrx_word' id='word_1_199' title='bbox 859 2758 981 2815; x_wconf 63' lang='lat' dir='ltr'><strong>quae</strong></span> <span class='ocrx_word' id='word_1_200' title='bbox 1008 2757 1039 2799; x_wconf 89' lang='lat' dir='ltr'><strong>a</strong></span> <span class='ocrx_word' id='word_1_201' title='bbox 1093 2751 1146 2798; x_wconf 89' lang='lat' dir='ltr'><strong>te</strong></span> <span class='ocrx_word' id='word_1_202' title='bbox 1187 2740 1330 2797; x_wconf 81' lang='lat' dir='ltr'><strong>facta</strong></span> <span class='ocrx_word' id='word_1_203' title='bbox 1361 2751 1468 2808; x_wconf 89' lang='lat' dir='ltr'><strong>est,</strong></span> <span class='ocrx_word' id='word_1_204' title='bbox 1517 2751 1577 2798; x_wconf 86' lang='lat' dir='ltr'><strong>ut</strong></span> <span class='ocrx_word' id='word_1_205' title='bbox 1609 2742 1864 2812; x_wconf 89' lang='lat' dir='ltr'><strong>disponat</strong></span> <span class='ocrx_word' id='word_1_206' title='bbox 1913 2743 2105 2800; x_wconf 83' lang='lat' dir='ltr'><strong>urbem</strong></span> 
     </span>
    </p>
   </div>
   <div class='ocr_carea' id='block_1_30' title="bbox 511 2835 2105 2912">
    <p class='ocr_par' dir='ltr' id='par_1_30' title="bbox 511 2835 2105 2912">
     <span class='ocr_line' id='line_1_30' title="bbox 511 2835 2105 2912; baseline 0.003 -20"><span class='ocrx_word' id='word_1_207' title='bbox 511 2848 682 2912; x_wconf 67' lang='lat' dir='ltr'><strong>terra:</strong></span> <span class='ocrx_word' id='word_1_208' title='bbox 711 2840 767 2896; x_wconf 86' lang='lat' dir='ltr'><strong>in</strong></span> <span class='ocrx_word' id='word_1_209' title='bbox 790 2838 1050 2911; x_wconf 66' lang='lat' dir='ltr'><strong>aequitate</strong></span> <span class='ocrx_word' id='word_1_210' title='bbox 1085 2841 1140 2894; x_wconf 89' lang='lat' dir='ltr'><strong>et</strong></span> <span class='ocrx_word' id='word_1_211' title='bbox 1165 2835 1406 2909; x_wconf 75' lang='lat' dir='ltr'><strong>iustitia,</strong></span> <span class='ocrx_word' id='word_1_212' title='bbox 1437 2843 1490 2894; x_wconf 89' lang='lat' dir='ltr'><strong>et</strong></span> <span class='ocrx_word' id='word_1_213' title='bbox 1515 2837 1568 2891; x_wconf 88' lang='lat' dir='ltr'><strong>in</strong></span> <span class='ocrx_word' id='word_1_214' title='bbox 1592 2836 1896 2894; x_wconf 79' lang='lat' dir='ltr'><strong>directione</strong></span> <span class='ocrx_word' id='word_1_215' title='bbox 1919 2838 2105 2896; x_wconf 82' lang='lat' dir='ltr'><strong>cordis</strong></span> 
     </span>
    </p>
   </div>
   <div class='ocr_carea' id='block_1_31' title="bbox 512 2929 1119 3004">
    <p class='ocr_par' dir='ltr' id='par_1_31' title="bbox 512 2929 1119 3004">
     <span class='ocr_line' id='line_1_31' title="bbox 512 2929 1119 3004; baseline -0.008 -16"><span class='ocrx_word' id='word_1_216' title='bbox 512 2929 1057 3004; x_wconf 77' lang='lat' dir='ltr'><strong>judicium&#39;judicet.</strong></span> <span class='ocrx_word' id='word_1_217' title='bbox 1097 2948 1119 2983; x_wconf 75' lang='grc' dir='ltr'><strong>ι</strong></span> 
     </span>
    </p>
   </div>
   <div class='ocr_carea' id='block_1_32' title="bbox 588 3021 2102 3098">
    <p class='ocr_par' dir='ltr' id='par_1_32' title="bbox 588 3021 2102 3098">
     <span class='ocr_line' id='line_1_32' title="bbox 588 3021 2102 3098; baseline -0.002 -16"><span class='ocrx_word' id='word_1_218' title='bbox 588 3023 721 3098; x_wconf 73' lang='lat' dir='ltr'><strong>Sep.</strong></span> <span class='ocrx_word' id='word_1_219' title='bbox 754 3040 852 3093; x_wconf 84' lang='lat' dir='ltr'><strong>vn,</strong></span> <span class='ocrx_word' id='word_1_220' title='bbox 887 3024 938 3080; x_wconf 79' lang='lat' dir='ltr'><strong>i.</strong></span> <span class='ocrx_word' id='word_1_221' title='bbox 967 3054 1032 3066; x_wconf 89' lang='lat'><strong>-—-</strong></span> <span class='ocrx_word' id='word_1_222' title='bbox 1083 3041 1104 3077; x_wconf 79' lang='grc' dir='ltr'><strong>ι</strong></span> <span class='ocrx_word' id='word_1_223' title='bbox 1139 3021 1205 3079; x_wconf 82' lang='lat' dir='ltr'><strong>Et</strong></span> <span class='ocrx_word' id='word_1_224' title='bbox 1242 3035 1345 3097; x_wconf 85' lang='lat' dir='ltr'><strong>ego</strong></span> <span class='ocrx_word' id='word_1_225' title='bbox 1378 3021 1600 3096; x_wconf 85' lang='lat' dir='ltr'><strong>quidem</strong></span> <span class='ocrx_word' id='word_1_226' title='bbox 1631 3024 1881 3082; x_wconf 86' lang='lat' dir='ltr'><strong>mortalis</strong></span> <span class='ocrx_word' id='word_1_227' title='bbox 1915 3023 2102 3090; x_wconf 82' lang='lat' dir='ltr'><strong>homo,</strong></span> 
     </span>
    </p>
   </div>
   <div class='ocr_carea' id='block_1_33' title="bbox 2202 493 3733 568">
    <p class='ocr_par' dir='ltr' id='par_1_33' title="bbox 2202 493 3733 568">
     <span class='ocr_line' id='line_1_33' title="bbox 2202 493 3733 568; baseline -0.001 -16"><span class='ocrx_word' id='word_1_228' title='bbox 2202 497 2314 552; x_wconf 74' lang='grc' dir='ltr'><strong>Καὶ</strong></span> <span class='ocrx_word' id='word_1_229' title='bbox 2362 493 2517 553; x_wconf 77' lang='grc' dir='ltr'>εἶπεν</span> <span class='ocrx_word' id='word_1_230' title='bbox 2558 497 2763 568; x_wconf 71' lang='grc' dir='ltr'>Ἀδάμο</span> <span class='ocrx_word' id='word_1_231' title='bbox 2822 495 2996 552; x_wconf 88' lang='grc' dir='ltr'>Τοῦτο</span> <span class='ocrx_word' id='word_1_232' title='bbox 3032 494 3128 551; x_wconf 91' lang='grc' dir='ltr'><strong>νῦν</strong></span> <span class='ocrx_word' id='word_1_233' title='bbox 3161 497 3309 550; x_wconf 78' lang='grc' dir='ltr'>ἔστιν</span> <span class='ocrx_word' id='word_1_234' title='bbox 3338 495 3524 550; x_wconf 88' lang='grc' dir='ltr'>ὁστοῦν</span> <span class='ocrx_word' id='word_1_235' title='bbox 3560 499 3626 567; x_wconf 59' lang='lat' dir='ltr'><strong>tu</strong></span> <span class='ocrx_word' id='word_1_236' title='bbox 3647 502 3733 556; x_wconf 81' lang='grc' dir='ltr'>τῶν</span> 
     </span>
    </p>
   </div>
   <div class='ocr_carea' id='block_1_34' title="bbox 2201 586 3742 663">
    <p class='ocr_par' dir='ltr' id='par_1_34' title="bbox 2201 586 3742 663">
     <span class='ocr_line' id='line_1_34' title="bbox 2201 586 3742 663; baseline -0.005 -17"><span class='ocrx_word' id='word_1_237' title='bbox 2201 591 2402 647; x_wconf 73' lang='grc' dir='ltr'>ὀστέων</span> <span class='ocrx_word' id='word_1_238' title='bbox 2427 607 2552 663; x_wconf 88' lang='grc' dir='ltr'>μου,</span> <span class='ocrx_word' id='word_1_239' title='bbox 2585 591 2678 646; x_wconf 80' lang='grc' dir='ltr'>καὶ</span> <span class='ocrx_word' id='word_1_240' title='bbox 2710 589 2846 662; x_wconf 80' lang='grc' dir='ltr'>σάρξ</span> <span class='ocrx_word' id='word_1_241' title='bbox 2867 591 2930 643; x_wconf 81' lang='grc' dir='ltr'>ὲκ</span> <span class='ocrx_word' id='word_1_242' title='bbox 2953 589 3055 661; x_wconf 83' lang='grc' dir='ltr'><strong>τῆς</strong></span> <span class='ocrx_word' id='word_1_243' title='bbox 3085 588 3288 661; x_wconf 88' lang='grc' dir='ltr'>σαρκός</span> <span class='ocrx_word' id='word_1_244' title='bbox 3322 605 3444 660; x_wconf 86' lang='grc' dir='ltr'>μου.</span> <span class='ocrx_word' id='word_1_245' title='bbox 3467 586 3608 660; x_wconf 70' lang='grc' dir='ltr'>Αὕτη</span> <span class='ocrx_word' id='word_1_246' title='bbox 3631 592 3742 659; x_wconf 76' lang='grc' dir='ltr'>κλη-</span> 
     </span>
    </p>
   </div>
   <div class='ocr_carea' id='block_1_35' title="bbox 2204 680 3742 757">
    <p class='ocr_par' dir='ltr' id='par_1_35' title="bbox 2204 680 3742 757">
     <span class='ocr_line' id='line_1_35' title="bbox 2204 680 3742 757; baseline -0.003 -20"><span class='ocrx_word' id='word_1_247' title='bbox 2204 682 2429 757; x_wconf 83' lang='grc' dir='ltr'>θήσεται</span> <span class='ocrx_word' id='word_1_248' title='bbox 2457 685 2619 757; x_wconf 81' lang='grc' dir='ltr'>γυνὴ,</span> <span class='ocrx_word' id='word_1_249' title='bbox 2643 684 2724 738; x_wconf 81' lang='grc' dir='ltr'>ὅτι</span> <span class='ocrx_word' id='word_1_250' title='bbox 2746 684 2810 738; x_wconf 82' lang='grc' dir='ltr'>ὲκ</span> <span class='ocrx_word' id='word_1_251' title='bbox 2841 681 2940 738; x_wconf 90' lang='grc' dir='ltr'><strong>τοῦ</strong></span> <span class='ocrx_word' id='word_1_252' title='bbox 2969 681 3161 755; x_wconf 80' lang='grc' dir='ltr'>ἀνδρὸς</span> <span class='ocrx_word' id='word_1_253' title='bbox 3181 681 3350 753; x_wconf 81' lang='grc' dir='ltr'>αὐτῆς</span> <span class='ocrx_word' id='word_1_254' title='bbox 3377 680 3584 752; x_wconf 70' lang='grc' dir='ltr'>ἐλήφθη</span> <span class='ocrx_word' id='word_1_255' title='bbox 3606 680 3742 753; x_wconf 76' lang='grc' dir='ltr'>αὕτη·</span> 
     </span>
    </p>
   </div>
   <div class='ocr_carea' id='block_1_36' title="bbox 2202 773 3748 850">
    <p class='ocr_par' dir='ltr' id='par_1_36' title="bbox 2202 773 3748 850">
     <span class='ocr_line' id='line_1_36' title="bbox 2202 773 3748 850; baseline -0.003 -18"><span class='ocrx_word' id='word_1_256' title='bbox 2202 777 2389 835; x_wconf 67' lang='grc' dir='ltr'>ἕνεκεν</span> <span class='ocrx_word' id='word_1_257' title='bbox 2419 777 2609 834; x_wconf 89' lang='grc' dir='ltr'>τούτου</span> <span class='ocrx_word' id='word_1_258' title='bbox 2629 776 2946 850; x_wconf 79' lang='grc' dir='ltr'><strong>καταλείψει</strong></span> <span class='ocrx_word' id='word_1_259' title='bbox 2965 775 3062 833; x_wconf 68' lang='lat' dir='ltr'><strong>ave</strong></span> <span class='ocrx_word' id='word_1_260' title='bbox 3069 792 3252 850; x_wconf 86' lang='grc' dir='ltr'>ρωπος</span> <span class='ocrx_word' id='word_1_261' title='bbox 3269 774 3361 830; x_wconf 80' lang='grc' dir='ltr'>τὸν</span> <span class='ocrx_word' id='word_1_262' title='bbox 3380 774 3585 846; x_wconf 82' lang='grc' dir='ltr'>πατέρα</span> <span class='ocrx_word' id='word_1_263' title='bbox 3605 773 3748 829; x_wconf 77' lang='grc' dir='ltr'>αὺτοῦ</span> 
     </span>
    </p>
   </div>
   <div class='ocr_carea' id='block_1_37' title="bbox 2202 867 3750 947">
    <p class='ocr_par' dir='ltr' id='par_1_37' title="bbox 2202 867 3750 947">
     <span class='ocr_line' id='line_1_37' title="bbox 2202 867 3750 947; baseline -0.006 -18"><span class='ocrx_word' id='word_1_264' title='bbox 2202 873 2297 929; x_wconf 72' lang='grc' dir='ltr'><strong>καὶ</strong></span> <span class='ocrx_word' id='word_1_265' title='bbox 2323 872 2422 947; x_wconf 78' lang='grc' dir='ltr'><strong>τὴν</strong></span> <span class='ocrx_word' id='word_1_266' title='bbox 2438 871 2650 947; x_wconf 84' lang='grc' dir='ltr'>μητέρα</span> <span class='ocrx_word' id='word_1_267' title='bbox 2664 869 2852 938; x_wconf 81' lang='grc' dir='ltr'>αὑτοῦ,</span> <span class='ocrx_word' id='word_1_268' title='bbox 2869 869 2964 925; x_wconf 76' lang='grc' dir='ltr'>καὶ</span> <span class='ocrx_word' id='word_1_269' title='bbox 2985 867 3516 943; x_wconf 76' lang='grc' dir='ltr'><strong>προσκολληθήσεται</strong></span> <span class='ocrx_word' id='word_1_270' title='bbox 3534 870 3653 939; x_wconf 66' lang='grc' dir='ltr'>πρὸς</span> <span class='ocrx_word' id='word_1_271' title='bbox 3667 868 3750 938; x_wconf 60' lang='grc' dir='ltr'><strong>τὴν</strong></span> 
     </span>
    </p>
   </div>
   <div class='ocr_carea' id='block_1_38' title="bbox 2202 959 3746 1039">
    <p class='ocr_par' dir='ltr' id='par_1_38' title="bbox 2202 959 3746 1039">
     <span class='ocr_line' id='line_1_38' title="bbox 2202 959 3746 1039; baseline -0.006 -17"><span class='ocrx_word' id='word_1_272' title='bbox 2202 969 2438 1039; x_wconf 78' lang='grc' dir='ltr'>γυναῖκα</span> <span class='ocrx_word' id='word_1_273' title='bbox 2463 965 2648 1023; x_wconf 79' lang='grc' dir='ltr'>αὐτοῦ·</span> <span class='ocrx_word' id='word_1_274' title='bbox 2678 965 2772 1023; x_wconf 77' lang='grc' dir='ltr'>καὶ</span> <span class='ocrx_word' id='word_1_275' title='bbox 2800 964 3013 1019; x_wconf 78' lang='grc' dir='ltr'>ἔσονται</span> <span class='ocrx_word' id='word_1_276' title='bbox 3041 963 3091 1018; x_wconf 75' lang='lat' dir='ltr'><strong>oi</strong></span> <span class='ocrx_word' id='word_1_277' title='bbox 3115 962 3209 1018; x_wconf 87' lang='grc' dir='ltr'><strong>δύο</strong></span> <span class='ocrx_word' id='word_1_278' title='bbox 3245 963 3326 1027; x_wconf 87' lang='grc' dir='ltr'><strong>είς</strong></span> <span class='ocrx_word' id='word_1_279' title='bbox 3360 961 3536 1032; x_wconf 80' lang='grc' dir='ltr'><strong>σάρκα</strong></span> <span class='ocrx_word' id='word_1_280' title='bbox 3565 959 3697 1032; x_wconf 84' lang='grc' dir='ltr'>μίαν.</span> <span class='ocrx_word' id='word_1_281' title='bbox 3729 980 3746 1012; x_wconf 72' lang='grc' dir='ltr'><strong>ι</strong></span> 
     </span>
    </p>
   </div>
   <div class='ocr_carea' id='block_1_39' title="bbox 2279 1054 3751 1135">
    <p class='ocr_par' dir='ltr' id='par_1_39' title="bbox 2279 1054 3751 1135">
     <span class='ocr_line' id='line_1_39' title="bbox 2279 1054 3751 1135; baseline -0.006 -18"><span class='ocrx_word' id='word_1_282' title='bbox 2279 1081 2300 1117; x_wconf 80' lang='grc' dir='ltr'><strong>ι</strong></span> <span class='ocrx_word' id='word_1_283' title='bbox 2334 1063 2401 1117; x_wconf 81' lang='lat' dir='ltr'><strong>Ai</strong></span> <span class='ocrx_word' id='word_1_284' title='bbox 2427 1062 2611 1135; x_wconf 81' lang='grc' dir='ltr'>χεῖρές</span> <span class='ocrx_word' id='word_1_285' title='bbox 2647 1078 2741 1115; x_wconf 80' lang='grc' dir='ltr'><strong>σου</strong></span> <span class='ocrx_word' id='word_1_286' title='bbox 2762 1058 3028 1132; x_wconf 69' lang='grc' dir='ltr'>ἔποίησάν</span> <span class='ocrx_word' id='word_1_287' title='bbox 3058 1075 3150 1132; x_wconf 81' lang='grc' dir='ltr'><strong>με,</strong></span> <span class='ocrx_word' id='word_1_288' title='bbox 3185 1058 3281 1112; x_wconf 81' lang='grc' dir='ltr'>καὶ</span> <span class='ocrx_word' id='word_1_289' title='bbox 3301 1055 3574 1112; x_wconf 87' lang='grc' dir='ltr'><strong>ἔπλασαν⁹</strong></span> <span class='ocrx_word' id='word_1_290' title='bbox 3602 1054 3751 1128; x_wconf 80' lang='grc' dir='ltr'>δέρμα</span> 
     </span>
    </p>
   </div>
   <div class='ocr_carea' id='block_1_40' title="bbox 2204 1137 3752 1228">
    <p class='ocr_par' dir='ltr' id='par_1_40' title="bbox 2204 1137 3752 1228">
     <span class='ocr_line' id='line_1_40' title="bbox 2204 1137 3752 1228; baseline -0.006 -17"><span class='ocrx_word' id='word_1_291' title='bbox 2204 1155 2300 1212; x_wconf 76' lang='grc' dir='ltr'>καὶ</span> <span class='ocrx_word' id='word_1_292' title='bbox 2325 1154 2492 1228; x_wconf 84' lang='grc' dir='ltr'>κρέας</span> <span class='ocrx_word' id='word_1_293' title='bbox 2515 1154 2790 1222; x_wconf 81' lang='grc' dir='ltr'>ὲνέδυσας,</span> <span class='ocrx_word' id='word_1_294' title='bbox 2823 1152 3035 1218; x_wconf 78' lang='grc' dir='ltr'><strong>ὀστέοις</strong></span> <span class='ocrx_word' id='word_1_295' title='bbox 3059 1137 3127 1207; x_wconf 53' lang='grc' dir='ltr'><strong>’δὲ</strong></span> <span class='ocrx_word' id='word_1_296' title='bbox 3150 1153 3246 1206; x_wconf 78' lang='grc' dir='ltr'>καὶ</span> <span class='ocrx_word' id='word_1_297' title='bbox 3275 1148 3491 1222; x_wconf 82' lang='grc' dir='ltr'><strong>νεύροις</strong></span> <span class='ocrx_word' id='word_1_298' title='bbox 3527 1166 3591 1221; x_wconf 89' lang='grc' dir='ltr'><strong>με</strong></span> <span class='ocrx_word' id='word_1_299' title='bbox 3637 1150 3752 1202; x_wconf 75' lang='grc' dir='ltr'><strong>ὲνείο</strong></span> 
     </span>
    </p>
   </div>
   <div class='ocr_carea' id='block_1_41' title="bbox 2208 1243 3752 1322">
    <p class='ocr_par' dir='ltr' id='par_1_41' title="bbox 2208 1243 3752 1322">
     <span class='ocr_line' id='line_1_41' title="bbox 2208 1243 3752 1322; baseline -0.006 -18"><span class='ocrx_word' id='word_1_300' title='bbox 2208 1268 2324 1322; x_wconf 90' lang='grc' dir='ltr'>ρας.</span> <span class='ocrx_word' id='word_1_301' title='bbox 2348 1243 2633 1322; x_wconf 71' lang='grc' dir='ltr'>Μνήσθ-ητι</span> <span class='ocrx_word' id='word_1_302' title='bbox 2659 1251 2741 1304; x_wconf 79' lang='grc' dir='ltr'>ὅτι</span> <span class='ocrx_word' id='word_1_303' title='bbox 2767 1248 2937 1322; x_wconf 85' lang='grc' dir='ltr'>πηλόν</span> <span class='ocrx_word' id='word_1_304' title='bbox 2979 1265 3046 1322; x_wconf 83' lang='grc' dir='ltr'><strong>με</strong></span> <span class='ocrx_word' id='word_1_305' title='bbox 3095 1246 3363 1314; x_wconf 84' lang='grc' dir='ltr'>ἔπλασας,</span> <span class='ocrx_word' id='word_1_306' title='bbox 3390 1246 3471 1310; x_wconf 87' lang='grc' dir='ltr'><strong>είς</strong></span> <span class='ocrx_word' id='word_1_307' title='bbox 3491 1245 3549 1300; x_wconf 74' lang='grc' dir='ltr'>δὲ</span> <span class='ocrx_word' id='word_1_308' title='bbox 3580 1243 3673 1314; x_wconf 76' lang='grc' dir='ltr'>γῆν</span> <span class='ocrx_word' id='word_1_309' title='bbox 3699 1262 3752 1315; x_wconf 83' lang='grc' dir='ltr'><strong>με</strong></span> 
     </span>
    </p>
   </div>
   <div class='ocr_carea' id='block_1_42' title="bbox 2205 1342 2844 1416">
    <p class='ocr_par' dir='ltr' id='par_1_42' title="bbox 2205 1342 2844 1416">
     <span class='ocr_line' id='line_1_42' title="bbox 2205 1342 2844 1416; baseline -0.005 -16"><span class='ocrx_word' id='word_1_310' title='bbox 2205 1344 2370 1400; x_wconf 85' lang='grc' dir='ltr'>πάλιν</span> <span class='ocrx_word' id='word_1_311' title='bbox 2399 1342 2789 1416; x_wconf 77' lang='grc' dir='ltr'><strong>ἀποστρέφεις.</strong></span> <span class='ocrx_word' id='word_1_312' title='bbox 2822 1363 2844 1397; x_wconf 69' lang='grc' dir='ltr'><strong>ι</strong></span> 
     </span>
    </p>
   </div>
   <div class='ocr_carea' id='block_1_43' title="bbox 2280 1521 3754 1600">
    <p class='ocr_par' dir='ltr' id='par_1_43' title="bbox 2280 1521 3754 1600">
     <span class='ocr_line' id='line_1_43' title="bbox 2280 1521 3754 1600; baseline -0.003 -20"><span class='ocrx_word' id='word_1_313' title='bbox 2280 1545 2300 1580; x_wconf 81' lang='grc' dir='ltr'><strong>ι</strong></span> <span class='ocrx_word' id='word_1_314' title='bbox 2339 1525 2488 1600; x_wconf 77' lang='grc' dir='ltr'>Πλὴν</span> <span class='ocrx_word' id='word_1_315' title='bbox 2530 1525 2600 1582; x_wconf 82' lang='grc' dir='ltr'><strong>τά</strong></span> <span class='ocrx_word' id='word_1_316' title='bbox 2657 1521 2951 1597; x_wconf 87' lang='grc' dir='ltr'>σύμπαντα</span> <span class='ocrx_word' id='word_1_317' title='bbox 2981 1525 3306 1599; x_wconf 85' lang='grc' dir='ltr'>ματαιότης,</span> <span class='ocrx_word' id='word_1_318' title='bbox 3361 1523 3473 1587; x_wconf 73' lang='grc' dir='ltr'><strong>πᾶς</strong></span> <span class='ocrx_word' id='word_1_319' title='bbox 3505 1522 3754 1594; x_wconf 77' lang='grc' dir='ltr'>ἄνθρωπος</span> 
     </span>
    </p>
   </div>
   <div class='ocr_carea' id='block_1_44' title="bbox 2205 1617 3754 1695">
    <p class='ocr_par' dir='ltr' id='par_1_44' title="bbox 2205 1617 3754 1695">
     <span class='ocr_line' id='line_1_44' title="bbox 2205 1617 3754 1695; baseline -0.003 -19"><span class='ocrx_word' id='word_1_320' title='bbox 2205 1621 2355 1688; x_wconf 77' lang='grc' dir='ltr'>ζῶνο</span> <span class='ocrx_word' id='word_1_321' title='bbox 2384 1620 2569 1695; x_wconf 82' lang='grc' dir='ltr'>μέντοι</span> <span class='ocrx_word' id='word_1_322' title='bbox 2615 1637 2680 1692; x_wconf 85' lang='grc' dir='ltr'><strong>γε</strong></span> <span class='ocrx_word' id='word_1_323' title='bbox 2733 1621 2792 1674; x_wconf 91' lang='lat' dir='ltr'><strong>tv</strong></span> <span class='ocrx_word' id='word_1_324' title='bbox 2845 1620 3013 1676; x_wconf 72' lang='grc' dir='ltr'>εἰκόνι</span> <span class='ocrx_word' id='word_1_325' title='bbox 3042 1618 3425 1693; x_wconf 78' lang='grc' dir='ltr'><strong>διαπορεύεται</strong></span> <span class='ocrx_word' id='word_1_326' title='bbox 3479 1617 3754 1691; x_wconf 74' lang='grc' dir='ltr'>ἄνθρωπος,</span> 
     </span>
    </p>
   </div>
   <div class='ocr_carea' id='block_1_45' title="bbox 2206 1713 2982 1790">
    <p class='ocr_par' dir='ltr' id='par_1_45' title="bbox 2206 1713 2982 1790">
     <span class='ocr_line' id='line_1_45' title="bbox 2206 1713 2982 1790; baseline -0.005 -18"><span class='ocrx_word' id='word_1_327' title='bbox 2206 1715 2347 1790; x_wconf 76' lang='grc' dir='ltr'>πλὴν</span> <span class='ocrx_word' id='word_1_328' title='bbox 2374 1714 2552 1788; x_wconf 79' lang='grc' dir='ltr'>μάτην</span> <span class='ocrx_word' id='word_1_329' title='bbox 2572 1713 2926 1788; x_wconf 82' lang='grc' dir='ltr'><strong>ταράσσεται.</strong></span> <span class='ocrx_word' id='word_1_330' title='bbox 2961 1731 2982 1768; x_wconf 78' lang='grc' dir='ltr'><strong>ι</strong></span> 
     </span>
    </p>
   </div>
   <div class='ocr_carea' id='block_1_46' title="bbox 2281 1889 3756 1964">
    <p class='ocr_par' dir='ltr' id='par_1_46' title="bbox 2281 1889 3756 1964">
     <span class='ocr_line' id='line_1_46' title="bbox 2281 1889 3756 1964; baseline -0.003 -16"><span class='ocrx_word' id='word_1_331' title='bbox 2281 1913 2304 1947; x_wconf 72' lang='grc' dir='ltr'><strong>ι</strong></span> <span class='ocrx_word' id='word_1_332' title='bbox 2349 1891 2686 1958; x_wconf 79' lang='grc' dir='ltr'>Ἀντανελεῖς</span> <span class='ocrx_word' id='word_1_333' title='bbox 2727 1890 2793 1948; x_wconf 85' lang='grc' dir='ltr'><strong>τδ</strong></span> <span class='ocrx_word' id='word_1_334' title='bbox 2829 1889 3050 1964; x_wconf 87' lang='grc' dir='ltr'>πνεῦμα</span> <span class='ocrx_word' id='word_1_335' title='bbox 3071 1891 3276 1958; x_wconf 77' lang='grc' dir='ltr'>αὐτῶν,</span> <span class='ocrx_word' id='word_1_336' title='bbox 3325 1891 3425 1946; x_wconf 69' lang='grc' dir='ltr'>καὶ</span> <span class='ocrx_word' id='word_1_337' title='bbox 3453 1889 3756 1963; x_wconf 68' lang='grc' dir='ltr'><strong>ἐπιλείψουσι,</strong></span> 
     </span>
    </p>
   </div>
   <div class='ocr_carea' id='block_1_47' title="bbox 2205 1983 3429 2059">
    <p class='ocr_par' dir='ltr' id='par_1_47' title="bbox 2205 1983 3429 2059">
     <span class='ocr_line' id='line_1_47' title="bbox 2205 1983 3429 2059; baseline -0.002 -18"><span class='ocrx_word' id='word_1_338' title='bbox 2205 1986 2302 2041; x_wconf 74' lang='grc' dir='ltr'>καὶ</span> <span class='ocrx_word' id='word_1_339' title='bbox 2331 1987 2409 2051; x_wconf 69' lang='grc' dir='ltr'>ας</span> <span class='ocrx_word' id='word_1_340' title='bbox 2435 1985 2526 2040; x_wconf 81' lang='grc' dir='ltr'><strong>τδν</strong></span> <span class='ocrx_word' id='word_1_341' title='bbox 2557 1984 2685 2058; x_wconf 93' lang='grc' dir='ltr'>χοῦν</span> <span class='ocrx_word' id='word_1_342' title='bbox 2706 1983 2888 2043; x_wconf 78' lang='grc' dir='ltr'>αὐτῶν</span> <span class='ocrx_word' id='word_1_343' title='bbox 2919 1983 3362 2059; x_wconf 82' lang='grc' dir='ltr'>ὲπιστρέψουσιν.</span> <span class='ocrx_word' id='word_1_344' title='bbox 3408 2003 3429 2039; x_wconf 75' lang='grc' dir='ltr'><strong>ι</strong></span> 
     </span>
    </p>
   </div>
   <div class='ocr_carea' id='block_1_48' title="bbox 2284 2077 3759 2152">
    <p class='ocr_par' dir='ltr' id='par_1_48' title="bbox 2284 2077 3759 2152">
     <span class='ocr_line' id='line_1_48' title="bbox 2284 2077 3759 2152; baseline -0.001 -18"><span class='ocrx_word' id='word_1_345' title='bbox 2284 2099 2304 2134; x_wconf 81' lang='grc' dir='ltr'><strong>ι</strong></span> <span class='ocrx_word' id='word_1_346' title='bbox 2334 2081 2415 2137; x_wconf 56' lang='lat' dir='ltr'><strong>id</strong></span> <span class='ocrx_word' id='word_1_347' title='bbox 2450 2080 2628 2136; x_wconf 83' lang='grc' dir='ltr'>πάντα</span> <span class='ocrx_word' id='word_1_348' title='bbox 2658 2078 2877 2150; x_wconf 74' lang='grc' dir='ltr'>ἐγένετο</span> <span class='ocrx_word' id='word_1_349' title='bbox 2926 2080 2990 2134; x_wconf 77' lang='grc' dir='ltr'>ἐκ</span> <span class='ocrx_word' id='word_1_350' title='bbox 3032 2078 3128 2135; x_wconf 88' lang='grc' dir='ltr'><strong>τοῦ</strong></span> <span class='ocrx_word' id='word_1_351' title='bbox 3155 2078 3300 2152; x_wconf 81' lang='grc' dir='ltr'>χοὸς,</span> <span class='ocrx_word' id='word_1_352' title='bbox 3351 2078 3451 2134; x_wconf 66' lang='grc' dir='ltr'><strong>καί⁵</strong></span> <span class='ocrx_word' id='word_1_353' title='bbox 3495 2077 3566 2133; x_wconf 79' lang='grc' dir='ltr'>τὰ</span> <span class='ocrx_word' id='word_1_354' title='bbox 3611 2078 3759 2133; x_wconf 82' lang='grc' dir='ltr'>πάντα</span> 
     </span>
    </p>
   </div>
   <div class='ocr_carea' id='block_1_49' title="bbox 2206 2174 3007 2249">
    <p class='ocr_par' dir='ltr' id='par_1_49' title="bbox 2206 2174 3007 2249">
     <span class='ocr_line' id='line_1_49' title="bbox 2206 2174 3007 2249; baseline -0.001 -20"><span class='ocrx_word' id='word_1_355' title='bbox 2206 2175 2526 2249; x_wconf 76' lang='grc' dir='ltr'>ἐπιστρέψει</span> <span class='ocrx_word' id='word_1_356' title='bbox 2561 2177 2642 2241; x_wconf 81' lang='grc' dir='ltr'><strong>είς</strong></span> <span class='ocrx_word' id='word_1_357' title='bbox 2683 2175 2784 2248; x_wconf 81' lang='grc' dir='ltr'>τὴν</span> <span class='ocrx_word' id='word_1_358' title='bbox 2819 2174 2945 2249; x_wconf 79' lang='grc' dir='ltr'>γῆν.</span> <span class='ocrx_word' id='word_1_359' title='bbox 2987 2193 3007 2228; x_wconf 73' lang='grc' dir='ltr'><strong>ι</strong></span> 
     </span>
    </p>
   </div>
   <div class='ocr_carea' id='block_1_50' title="bbox 2281 2266 3758 2343">
    <p class='ocr_par' dir='ltr' id='par_1_50' title="bbox 2281 2266 3758 2343">
     <span class='ocr_line' id='line_1_50' title="bbox 2281 2266 3758 2343; baseline -0.003 -19"><span class='ocrx_word' id='word_1_360' title='bbox 2281 2289 2301 2324; x_wconf 84' lang='grc' dir='ltr'><strong>ι</strong></span> <span class='ocrx_word' id='word_1_361' title='bbox 2349 2269 2408 2327; x_wconf 79' lang='lat'><strong>&#39;0</strong></span> <span class='ocrx_word' id='word_1_362' title='bbox 2437 2271 2573 2337; x_wconf 79' lang='grc' dir='ltr'>Θεὸς</span> <span class='ocrx_word' id='word_1_363' title='bbox 2633 2270 2815 2325; x_wconf 79' lang='grc' dir='ltr'>ἔκτισε</span> <span class='ocrx_word' id='word_1_364' title='bbox 2866 2270 2962 2326; x_wconf 80' lang='grc' dir='ltr'>τὸν</span> <span class='ocrx_word' id='word_1_365' title='bbox 3017 2268 3308 2343; x_wconf 74' lang='grc' dir='ltr'>ἄνθρωπον</span> <span class='ocrx_word' id='word_1_366' title='bbox 3363 2266 3462 2324; x_wconf 67' lang='grc' dir='ltr'>επὶ</span> <span class='ocrx_word' id='word_1_367' title='bbox 3489 2266 3758 2338; x_wconf 72' lang='grc' dir='ltr'>ἀφθαρσίᾳ,</span> 
     </span>
    </p>
   </div>
   <div class='ocr_carea' id='block_1_51' title="bbox 2206 2360 3758 2436">
    <p class='ocr_par' dir='ltr' id='par_1_51' title="bbox 2206 2360 3758 2436">
     <span class='ocr_line' id='line_1_51' title="bbox 2206 2360 3758 2436; baseline -0.005 -16"><span class='ocrx_word' id='word_1_368' title='bbox 2206 2365 2302 2420; x_wconf 76' lang='grc' dir='ltr'>καὶ</span> <span class='ocrx_word' id='word_1_369' title='bbox 2349 2364 2472 2421; x_wconf 74' lang='grc' dir='ltr'>κατ’</span> <span class='ocrx_word' id='word_1_370' title='bbox 2514 2363 2698 2420; x_wconf 83' lang='grc' dir='ltr'>είκόνα</span> <span class='ocrx_word' id='word_1_371' title='bbox 2740 2362 2842 2436; x_wconf 84' lang='grc' dir='ltr'>τῆς</span> <span class='ocrx_word' id='word_1_372' title='bbox 2887 2362 3023 2429; x_wconf 82' lang='grc' dir='ltr'>ιδίας</span> <span class='ocrx_word' id='word_1_373' title='bbox 3067 2362 3375 2435; x_wconf 81' lang='grc' dir='ltr'>ἁῖδιότητος</span> <span class='ocrx_word' id='word_1_374' title='bbox 3400 2361 3652 2434; x_wconf 71' lang='grc' dir='ltr'>ἐποίησεν</span> <span class='ocrx_word' id='word_1_375' title='bbox 3677 2360 3758 2414; x_wconf 82' lang='grc' dir='ltr'>αύ-</span> 
     </span>
    </p>
   </div>
   <div class='ocr_carea' id='block_1_52' title="bbox 2204 2459 2387 2519">
    <p class='ocr_par' dir='ltr' id='par_1_52' title="bbox 2204 2459 2387 2519">
     <span class='ocr_line' id='line_1_52' title="bbox 2204 2459 2387 2519; baseline 0 -3"><span class='ocrx_word' id='word_1_376' title='bbox 2204 2459 2318 2519; x_wconf 86' lang='grc' dir='ltr'>τόν.</span> <span class='ocrx_word' id='word_1_377' title='bbox 2365 2477 2387 2516; x_wconf 71' lang='grc' dir='ltr'><strong>ν</strong></span> 
     </span>
    </p>
   </div>
   <div class='ocr_carea' id='block_1_53' title="bbox 2283 2543 3758 2629">
    <p class='ocr_par' dir='ltr' id='par_1_53' title="bbox 2283 2543 3758 2629">
     <span class='ocr_line' id='line_1_53' title="bbox 2283 2543 3758 2629; baseline -0.006 -19"><span class='ocrx_word' id='word_1_378' title='bbox 2283 2575 2303 2610; x_wconf 79' lang='grc' dir='ltr'><strong>ι</strong></span> <span class='ocrx_word' id='word_1_379' title='bbox 2347 2556 2406 2611; x_wconf 86' lang='lat'><strong>&#39;0</strong></span> <span class='ocrx_word' id='word_1_380' title='bbox 2435 2555 2666 2629; x_wconf 76' lang='grc' dir='ltr'>ποιήσας</span> <span class='ocrx_word' id='word_1_381' title='bbox 2691 2553 2763 2610; x_wconf 82' lang='grc' dir='ltr'><strong>τὰ</strong></span> <span class='ocrx_word' id='word_1_382' title='bbox 2794 2554 2973 2610; x_wconf 84' lang='grc' dir='ltr'>πάντα</span> <span class='ocrx_word' id='word_1_383' title='bbox 3000 2553 3058 2609; x_wconf 87' lang='lat' dir='ltr'><strong>tv</strong></span> <span class='ocrx_word' id='word_1_384' title='bbox 3088 2550 3234 2624; x_wconf 84' lang='grc' dir='ltr'>λόγῳ</span> <span class='ocrx_word' id='word_1_385' title='bbox 3267 2567 3363 2606; x_wconf 88' lang='grc' dir='ltr'>σου</span> <span class='ocrx_word' id='word_1_386' title='bbox 3393 2549 3493 2606; x_wconf 77' lang='grc' dir='ltr'>καὶ</span> <span class='ocrx_word' id='word_1_387' title='bbox 3523 2550 3590 2623; x_wconf 76' lang='grc' dir='ltr'>τῇ</span> <span class='ocrx_word' id='word_1_388' title='bbox 3627 2543 3758 2619; x_wconf 61' lang='grc' dir='ltr'>σοφίᾳ</span> 
     </span>
    </p>
   </div>
   <div class='ocr_carea' id='block_1_54' title="bbox 2209 2641 3760 2724">
    <p class='ocr_par' dir='ltr' id='par_1_54' title="bbox 2209 2641 3760 2724">
     <span class='ocr_line' id='line_1_54' title="bbox 2209 2641 3760 2724; baseline -0.01 -12"><span class='ocrx_word' id='word_1_389' title='bbox 2209 2675 2302 2714; x_wconf 89' lang='grc' dir='ltr'><strong>σου</strong></span> <span class='ocrx_word' id='word_1_390' title='bbox 2335 2655 2756 2719; x_wconf 80' lang='grc' dir='ltr'>κατασκευάσας</span> <span class='ocrx_word' id='word_1_391' title='bbox 2783 2651 3092 2724; x_wconf 83' lang='grc' dir='ltr'>ἄνθρωπον,</span> <span class='ocrx_word' id='word_1_392' title='bbox 3130 2649 3220 2704; x_wconf 83' lang='grc' dir='ltr'>ῐνα</span> <span class='ocrx_word' id='word_1_393' title='bbox 3267 2645 3511 2718; x_wconf 73' lang='grc' dir='ltr'>δεσπόζῃ</span> <span class='ocrx_word' id='word_1_394' title='bbox 3533 2644 3639 2701; x_wconf 83' lang='grc' dir='ltr'>τῶν</span> <span class='ocrx_word' id='word_1_395' title='bbox 3676 2641 3760 2697; x_wconf 71' lang='grc' dir='ltr'><strong>ὑπὸ</strong></span> 
     </span>
    </p>
   </div>
   <div class='ocr_carea' id='block_1_55' title="bbox 2208 2738 3760 2824">
    <p class='ocr_par' dir='ltr' id='par_1_55' title="bbox 2208 2738 3760 2824">
     <span class='ocr_line' id='line_1_55' title="bbox 2208 2738 3760 2824; baseline -0.012 -17"><span class='ocrx_word' id='word_1_396' title='bbox 2208 2751 2304 2807; x_wconf 86' lang='grc' dir='ltr'><strong>σοῦ</strong></span> <span class='ocrx_word' id='word_1_397' title='bbox 2357 2750 2669 2824; x_wconf 81' lang='grc' dir='ltr'><strong>γενομένων</strong></span> <span class='ocrx_word' id='word_1_398' title='bbox 2722 2749 3061 2820; x_wconf 81' lang='grc' dir='ltr'>κτισμάτων,</span> <span class='ocrx_word' id='word_1_399' title='bbox 3106 2743 3204 2800; x_wconf 80' lang='grc' dir='ltr'>καὶ</span> <span class='ocrx_word' id='word_1_400' title='bbox 3255 2742 3422 2817; x_wconf 79' lang='grc' dir='ltr'>διέπῃ</span> <span class='ocrx_word' id='word_1_401' title='bbox 3453 2740 3547 2796; x_wconf 84' lang='grc' dir='ltr'>τὸν</span> <span class='ocrx_word' id='word_1_402' title='bbox 3587 2738 3760 2811; x_wconf 75' lang='grc' dir='ltr'>κόσμον</span> 
     </span>
    </p>
   </div>
   <div class='ocr_carea' id='block_1_56' title="bbox 2207 2832 3760 2918">
    <p class='ocr_par' dir='ltr' id='par_1_56' title="bbox 2207 2832 3760 2918">
     <span class='ocr_line' id='line_1_56' title="bbox 2207 2832 3760 2918; baseline -0.012 -15"><span class='ocrx_word' id='word_1_403' title='bbox 2207 2850 2266 2903; x_wconf 86' lang='lat' dir='ltr'><strong>tv</strong></span> <span class='ocrx_word' id='word_1_404' title='bbox 2303 2845 2542 2918; x_wconf 77' lang='grc' dir='ltr'>ὁσιότητι</span> <span class='ocrx_word' id='word_1_405' title='bbox 2572 2843 2668 2898; x_wconf 68' lang='grc' dir='ltr'>καὶ</span> <span class='ocrx_word' id='word_1_406' title='bbox 2695 2840 3008 2913; x_wconf 80' lang='grc' dir='ltr'>δικαιοσύνῃ</span> <span class='ocrx_word' id='word_1_407' title='bbox 3028 2881 3042 2907; x_wconf 93' lang='grc'><strong>,</strong></span> <span class='ocrx_word' id='word_1_408' title='bbox 3087 2839 3184 2895; x_wconf 57' lang='grc' dir='ltr'><strong>καί⁵</strong></span> <span class='ocrx_word' id='word_1_409' title='bbox 3207 2839 3265 2892; x_wconf 88' lang='lat' dir='ltr'><strong>tv</strong></span> <span class='ocrx_word' id='word_1_410' title='bbox 3313 2835 3580 2908; x_wconf 82' lang='grc' dir='ltr'>εύϐύτητι</span> <span class='ocrx_word' id='word_1_411' title='bbox 3609 2832 3760 2906; x_wconf 81' lang='grc' dir='ltr'>κρίσιν</span> 
     </span>
    </p>
   </div>
   <div class='ocr_carea' id='block_1_57' title="bbox 2208 2939 2442 3013">
    <p class='ocr_par' dir='ltr' id='par_1_57' title="bbox 2208 2939 2442 3013">
     <span class='ocr_line' id='line_1_57' title="bbox 2208 2939 2442 3013; baseline -0.009 -17"><span class='ocrx_word' id='word_1_412' title='bbox 2208 2939 2390 3013; x_wconf 78' lang='grc' dir='ltr'>κρίνῃ.</span> <span class='ocrx_word' id='word_1_413' title='bbox 2423 2959 2442 2994; x_wconf 75' lang='grc' dir='ltr'><strong>ι</strong></span> 
     </span>
    </p>
   </div>
   <div class='ocr_carea' id='block_1_58' title="bbox 2248 2958 3759 3107">
    <p class='ocr_par' dir='ltr' id='par_1_58' title="bbox 2248 2958 3759 3107">
     <span class='ocr_line' id='line_1_58' title="bbox 2248 2958 3759 3107; baseline -0.01 -19"><span class='ocrx_word' id='word_1_414' title='bbox 2248 2958 2471 3107; x_wconf 52' lang='grc' dir='ltr'>ρίνῐέίείι</span> <span class='ocrx_word' id='word_1_415' title='bbox 2518 3031 2620 3104; x_wconf 80' lang='grc' dir='ltr'>μὲν</span> <span class='ocrx_word' id='word_1_416' title='bbox 2653 3027 2810 3100; x_wconf 82' lang='grc' dir='ltr'><strong>κάγὼ</strong></span> <span class='ocrx_word' id='word_1_417' title='bbox 2859 3026 3052 3098; x_wconf 77' lang='grc' dir='ltr'>θνητὸς</span> <span class='ocrx_word' id='word_1_418' title='bbox 3080 3025 3392 3098; x_wconf 79' lang='grc' dir='ltr'>ἄνθρωπος,</span> <span class='ocrx_word' id='word_1_419' title='bbox 3443 3023 3556 3088; x_wconf 80' lang='grc' dir='ltr'>ἴσος</span> <span class='ocrx_word' id='word_1_420' title='bbox 3589 3021 3759 3077; x_wconf 62' lang='lat' dir='ltr'><strong>tum</strong></span> 
     </span>
    </p>
   </div>
   <div class='ocr_carea' id='block_1_59' title="bbox 519 3116 2100 3216">
    <p class='ocr_par' dir='ltr' id='par_1_59' title="bbox 519 3119 2100 3188">
     <span class='ocr_line' id='line_1_59' title="bbox 519 3119 2100 3188; baseline -0.002 -11"><span class='ocrx_word' id='word_1_421' title='bbox 519 3120 722 3178; x_wconf 79' lang='lat' dir='ltr'><strong>similis</strong></span> <span class='ocrx_word' id='word_1_422' title='bbox 771 3119 1051 3183; x_wconf 86' lang='lat' dir='ltr'><strong>omnibus,</strong></span> <span class='ocrx_word' id='word_1_423' title='bbox 1093 3125 1148 3174; x_wconf 87' lang='lat' dir='ltr'><strong>et</strong></span> <span class='ocrx_word' id='word_1_424' title='bbox 1192 3133 1258 3174; x_wconf 81' lang='lat' dir='ltr'><strong>ex</strong></span> <span class='ocrx_word' id='word_1_425' title='bbox 1303 3132 1502 3188; x_wconf 89' lang='lat' dir='ltr'><strong>genere</strong></span> <span class='ocrx_word' id='word_1_426' title='bbox 1560 3125 1784 3174; x_wconf 85' lang='lat' dir='ltr'><strong>terreno</strong></span> <span class='ocrx_word' id='word_1_427' title='bbox 1834 3119 2100 3175; x_wconf 83' lang='lat' dir='ltr'><strong>oriundus</strong></span> 
     </span>
    </p>
   </div>
   <div class='ocr_carea' id='block_1_60' title="bbox 2230 3116 3760 3216">
    <p class='ocr_par' dir='ltr' id='par_1_60' title="bbox 2230 3116 3760 3203">
     <span class='ocr_line' id='line_1_60' title="bbox 2230 3116 3760 3203; baseline -0.01 -18"><span class='ocrx_word' id='word_1_428' title='bbox 2230 3130 2304 3187; x_wconf 77' lang='grc' dir='ltr'>ιαὶ</span> <span class='ocrx_word' id='word_1_429' title='bbox 2330 3125 2595 3203; x_wconf 80' lang='grc' dir='ltr'>γηγενοῦς</span> <span class='ocrx_word' id='word_1_430' title='bbox 2635 3126 2901 3197; x_wconf 79' lang='grc' dir='ltr'>ἀπόγονος</span> <span class='ocrx_word' id='word_1_431' title='bbox 2928 3122 3381 3200; x_wconf 85' lang='grc' dir='ltr'>πρωτοπλάστου,</span> <span class='ocrx_word' id='word_1_432' title='bbox 3412 3121 3512 3176; x_wconf 74' lang='grc' dir='ltr'><strong>καὶ</strong></span> <span class='ocrx_word' id='word_1_433' title='bbox 3536 3121 3594 3175; x_wconf 79' lang='grc' dir='ltr'>ὲν</span> <span class='ocrx_word' id='word_1_434' title='bbox 3612 3116 3760 3189; x_wconf 69' lang='grc' dir='ltr'>κοιλίᾳ</span> 
     </span>
    </p>
   </div>
   <div class='ocr_carea' id='block_1_61' title="bbox 522 3212 2104 3287">
    <p class='ocr_par' dir='ltr' id='par_1_61' title="bbox 522 3212 2104 3287">
     <span class='ocr_line' id='line_1_61' title="bbox 522 3212 2104 3287; baseline -0.003 -15"><span class='ocrx_word' id='word_1_435' title='bbox 522 3214 674 3272; x_wconf 85' lang='lat' dir='ltr'><strong>illius</strong></span> <span class='ocrx_word' id='word_1_436' title='bbox 695 3214 787 3287; x_wconf 87' lang='lat' dir='ltr'><strong>qui</strong></span> <span class='ocrx_word' id='word_1_437' title='bbox 819 3213 971 3286; x_wconf 86' lang='lat' dir='ltr'><strong>prior</strong></span> <span class='ocrx_word' id='word_1_438' title='bbox 999 3213 1178 3269; x_wconf 79' lang='lat' dir='ltr'><strong>[actus</strong></span> <span class='ocrx_word' id='word_1_439' title='bbox 1205 3218 1309 3279; x_wconf 88' lang='lat' dir='ltr'><strong>est,</strong></span> <span class='ocrx_word' id='word_1_440' title='bbox 1340 3219 1395 3269; x_wconf 88' lang='lat' dir='ltr'><strong>et</strong></span> <span class='ocrx_word' id='word_1_441' title='bbox 1423 3212 1478 3268; x_wconf 89' lang='lat' dir='ltr'><strong>in</strong></span> <span class='ocrx_word' id='word_1_442' title='bbox 1514 3219 1702 3269; x_wconf 87' lang='lat' dir='ltr'><strong>ventre</strong></span> <span class='ocrx_word' id='word_1_443' title='bbox 1735 3214 1928 3271; x_wconf 90' lang='lat' dir='ltr'><strong>matris</strong></span> <span class='ocrx_word' id='word_1_444' title='bbox 1964 3214 2104 3286; x_wconf 81' lang='lat' dir='ltr'><strong>ligu-</strong></span> 
     </span>
    </p>
   </div>
   <div class='ocr_carea' id='block_1_62' title="bbox 520 3305 2105 3380">
    <p class='ocr_par' dir='ltr' id='par_1_62' title="bbox 520 3305 2105 3380">
     <span class='ocr_line' id='line_1_62' title="bbox 520 3305 2105 3380; baseline -0.002 -15"><span class='ocrx_word' id='word_1_445' title='bbox 520 3315 679 3365; x_wconf 87' lang='lat' dir='ltr'><strong>ratus</strong></span> <span class='ocrx_word' id='word_1_446' title='bbox 705 3322 826 3364; x_wconf 79' lang='lat' dir='ltr'><strong>sum</strong></span> <span class='ocrx_word' id='word_1_447' title='bbox 853 3320 1009 3374; x_wconf 88' lang='lat' dir='ltr'><strong>caro,</strong></span> <span class='ocrx_word' id='word_1_448' title='bbox 1039 3305 1225 3363; x_wconf 84' lang='lat' dir='ltr'><strong>decem</strong></span> <span class='ocrx_word' id='word_1_449' title='bbox 1265 3305 1538 3362; x_wconf 79' lang='lat' dir='ltr'><strong>mensium</strong></span> <span class='ocrx_word' id='word_1_450' title='bbox 1570 3315 1818 3379; x_wconf 89' lang='lat' dir='ltr'><strong>tempore</strong></span> <span class='ocrx_word' id='word_1_451' title='bbox 1849 3307 2105 3380; x_wconf 81' lang='lat' dir='ltr'><strong>coagula-</strong></span> 
     </span>
    </p>
   </div>
   <div class='ocr_carea' id='block_1_63' title="bbox 522 3396 2105 3475">
    <p class='ocr_par' dir='ltr' id='par_1_63' title="bbox 522 3396 2105 3475">
     <span class='ocr_line' id='line_1_63' title="bbox 522 3396 2105 3475; baseline -0.001 -17"><span class='ocrx_word' id='word_1_452' title='bbox 522 3411 614 3460; x_wconf 86' lang='lat' dir='ltr'><strong>tus</strong></span> <span class='ocrx_word' id='word_1_453' title='bbox 641 3415 765 3458; x_wconf 82' lang='lat' dir='ltr'><strong>sum</strong></span> <span class='ocrx_word' id='word_1_454' title='bbox 793 3400 845 3457; x_wconf 89' lang='lat' dir='ltr'><strong>in</strong></span> <span class='ocrx_word' id='word_1_455' title='bbox 868 3400 1158 3475; x_wconf 83' lang='lat' dir='ltr'><strong>sanguine,</strong></span> <span class='ocrx_word' id='word_1_456' title='bbox 1177 3415 1242 3456; x_wconf 77' lang='lat' dir='ltr'><strong>ex</strong></span> <span class='ocrx_word' id='word_1_457' title='bbox 1266 3399 1478 3457; x_wconf 87' lang='lat' dir='ltr'><strong>semine</strong></span> <span class='ocrx_word' id='word_1_458' title='bbox 1500 3396 1763 3467; x_wconf 82' lang='lat' dir='ltr'><strong>hominis,</strong></span> <span class='ocrx_word' id='word_1_459' title='bbox 1782 3407 1838 3457; x_wconf 91' lang='lat' dir='ltr'><strong>et</strong></span> <span class='ocrx_word' id='word_1_460' title='bbox 1868 3400 2105 3457; x_wconf 81' lang='lat' dir='ltr'><strong>delecta-</strong></span> 
     </span>
    </p>
   </div>
   <div class='ocr_carea' id='block_1_64' title="bbox 523 3491 2105 3566">
    <p class='ocr_par' dir='ltr' id='par_1_64' title="bbox 523 3491 2105 3566">
     <span class='ocr_line' id='line_1_64' title="bbox 523 3491 2105 3566; baseline -0.002 -13"><span class='ocrx_word' id='word_1_461' title='bbox 523 3503 714 3554; x_wconf 88' lang='lat' dir='ltr'><strong>mento</strong></span> <span class='ocrx_word' id='word_1_462' title='bbox 761 3494 942 3552; x_wconf 88' lang='lat' dir='ltr'><strong>somni</strong></span> <span class='ocrx_word' id='word_1_463' title='bbox 994 3492 1377 3550; x_wconf 86' lang='lat' dir='ltr'><strong>conveniente.</strong></span> <span class='ocrx_word' id='word_1_464' title='bbox 1436 3491 1502 3547; x_wconf 84' lang='lat' dir='ltr'><strong>Et</strong></span> <span class='ocrx_word' id='word_1_465' title='bbox 1536 3506 1641 3564; x_wconf 89' lang='lat' dir='ltr'><strong>ego</strong></span> <span class='ocrx_word' id='word_1_466' title='bbox 1697 3501 1869 3550; x_wconf 86' lang='lat' dir='ltr'><strong>natus</strong></span> <span class='ocrx_word' id='word_1_467' title='bbox 1914 3493 2105 3566; x_wconf 84' lang='lat' dir='ltr'><strong>accepi</strong></span> 
     </span>
    </p>
   </div>
   <div class='ocr_carea' id='block_1_65' title="bbox 523 3584 2105 3654">
    <p class='ocr_par' dir='ltr' id='par_1_65' title="bbox 523 3584 2105 3654">
     <span class='ocr_line' id='line_1_65' title="bbox 523 3584 2105 3654; baseline -0.001 -8"><span class='ocrx_word' id='word_1_468' title='bbox 523 3599 871 3646; x_wconf 83' lang='lat' dir='ltr'><strong>communem</strong></span> <span class='ocrx_word' id='word_1_469' title='bbox 928 3601 1133 3654; x_wconf 87' lang='lat' dir='ltr'><strong>aerem,</strong></span> <span class='ocrx_word' id='word_1_470' title='bbox 1175 3593 1232 3642; x_wconf 87' lang='lat' dir='ltr'><strong>et</strong></span> <span class='ocrx_word' id='word_1_471' title='bbox 1270 3586 1327 3643; x_wconf 91' lang='lat' dir='ltr'><strong>in</strong></span> <span class='ocrx_word' id='word_1_472' title='bbox 1360 3584 1618 3642; x_wconf 87' lang='lat' dir='ltr'><strong>similiter</strong></span> <span class='ocrx_word' id='word_1_473' title='bbox 1675 3585 1878 3642; x_wconf 78' lang='lat' dir='ltr'><strong>factam</strong></span> <span class='ocrx_word' id='word_1_474' title='bbox 1931 3588 2105 3644; x_wconf 86' lang='lat' dir='ltr'><strong>decidi</strong></span> 
     </span>
    </p>
   </div>
   <div class='ocr_carea' id='block_1_66' title="bbox 526 3679 2105 3754">
    <p class='ocr_par' dir='ltr' id='par_1_66' title="bbox 526 3679 2105 3754">
     <span class='ocr_line' id='line_1_66' title="bbox 526 3679 2105 3754; baseline 0 -16"><span class='ocrx_word' id='word_1_475' title='bbox 526 3690 764 3751; x_wconf 84' lang='lat' dir='ltr'><strong>terram;</strong></span> <span class='ocrx_word' id='word_1_476' title='bbox 794 3688 849 3737; x_wconf 90' lang='lat' dir='ltr'><strong>et</strong></span> <span class='ocrx_word' id='word_1_477' title='bbox 874 3679 1107 3754; x_wconf 88' lang='lat' dir='ltr'><strong>primam</strong></span> <span class='ocrx_word' id='word_1_478' title='bbox 1143 3695 1331 3737; x_wconf 89' lang='lat' dir='ltr'><strong>vocem</strong></span> <span class='ocrx_word' id='word_1_479' title='bbox 1361 3679 1600 3736; x_wconf 84' lang='lat' dir='ltr'><strong>similem</strong></span> <span class='ocrx_word' id='word_1_480' title='bbox 1652 3680 1912 3739; x_wconf 88' lang='lat' dir='ltr'><strong>omnibus</strong></span> <span class='ocrx_word' id='word_1_481' title='bbox 1943 3681 2105 3738; x_wconf 87' lang='lat' dir='ltr'><strong>emisi</strong></span> 
     </span>
    </p>
   </div>
   <div class='ocr_carea' id='block_1_67' title="bbox 434 3773 2104 3849">
    <p class='ocr_par' dir='ltr' id='par_1_67' title="bbox 434 3773 2104 3849">
     <span class='ocr_line' id='line_1_67' title="bbox 434 3773 2104 3849; baseline 0 -16"><span class='ocrx_word' id='word_1_482' title='bbox 434 3791 446 3802; x_wconf 82' lang='lat'><strong><em>&#39;</em></strong></span> <span class='ocrx_word' id='word_1_483' title='bbox 511 3777 773 3849; x_wconf 77' lang='lat' dir='ltr'><strong>~piorans.</strong></span> <span class='ocrx_word' id='word_1_484' title='bbox 826 3773 886 3831; x_wconf 84' lang='lat' dir='ltr'><strong>In</strong></span> <span class='ocrx_word' id='word_1_485' title='bbox 931 3773 1325 3831; x_wconf 79' lang='lat' dir='ltr'><strong>invoiumentis</strong></span> <span class='ocrx_word' id='word_1_486' title='bbox 1383 3773 1626 3831; x_wconf 90' lang='lat' dir='ltr'><strong>nutritus</strong></span> <span class='ocrx_word' id='word_1_487' title='bbox 1668 3789 1812 3839; x_wconf 90' lang='lat' dir='ltr'><strong>sum,</strong></span> <span class='ocrx_word' id='word_1_488' title='bbox 1849 3784 1902 3831; x_wconf 88' lang='lat' dir='ltr'><strong>et</strong></span> <span class='ocrx_word' id='word_1_489' title='bbox 1933 3777 2104 3833; x_wconf 89' lang='lat' dir='ltr'><strong>curis.</strong></span> 
     </span>
    </p>
   </div>
   <div class='ocr_carea' id='block_1_68' title="bbox 513 3865 2105 3938">
    <p class='ocr_par' dir='ltr' id='par_1_68' title="bbox 513 3865 2105 3938">
     <span class='ocr_line' id='line_1_68' title="bbox 513 3865 2105 3938; baseline 0.003 -19"><span class='ocrx_word' id='word_1_490' title='bbox 513 3868 696 3927; x_wconf 77' lang='lat' dir='ltr'><strong>Nemo</strong></span> <span class='ocrx_word' id='word_1_491' title='bbox 723 3868 872 3924; x_wconf 81' lang='lat' dir='ltr'><strong>enim</strong></span> <span class='ocrx_word' id='word_1_492' title='bbox 908 3881 975 3924; x_wconf 79' lang='lat' dir='ltr'><strong>ex</strong></span> <span class='ocrx_word' id='word_1_493' title='bbox 1006 3867 1232 3938; x_wconf 81' lang='lat' dir='ltr'><strong>regibus</strong></span> <span class='ocrx_word' id='word_1_494' title='bbox 1260 3865 1404 3923; x_wconf 86' lang='lat' dir='ltr'><strong>aliud</strong></span> <span class='ocrx_word' id='word_1_495' title='bbox 1439 3865 1628 3923; x_wconf 83' lang='lat' dir='ltr'><strong>habuit</strong></span> <span class='ocrx_word' id='word_1_496' title='bbox 1658 3866 1965 3924; x_wconf 85' lang='lat' dir='ltr'><strong>nativitatis</strong></span> <span class='ocrx_word' id='word_1_497' title='bbox 1997 3869 2105 3924; x_wconf 89' lang='lat' dir='ltr'><strong>ini-</strong></span> 
     </span>
    </p>
   </div>
   <div class='ocr_carea' id='block_1_69' title="bbox 513 3959 2107 4034">
    <p class='ocr_par' dir='ltr' id='par_1_69' title="bbox 513 3959 2107 4034">
     <span class='ocr_line' id='line_1_69' title="bbox 513 3959 2107 4034; baseline 0 -14"><span class='ocrx_word' id='word_1_498' title='bbox 513 3962 685 4020; x_wconf 72' lang='lat' dir='ltr'><strong>tium.</strong></span> <span class='ocrx_word' id='word_1_499' title='bbox 708 3959 864 4020; x_wconf 83' lang='lat' dir='ltr'><strong>Unus</strong></span> <span class='ocrx_word' id='word_1_500' title='bbox 892 3974 1025 4034; x_wconf 86' lang='lat' dir='ltr'><strong>ergo</strong></span> <span class='ocrx_word' id='word_1_501' title='bbox 1051 3959 1310 4017; x_wconf 86' lang='lat' dir='ltr'><strong>introitus</strong></span> <span class='ocrx_word' id='word_1_502' title='bbox 1341 3969 1424 4018; x_wconf 82' lang='lat' dir='ltr'><strong>est</strong></span> <span class='ocrx_word' id='word_1_503' title='bbox 1447 3961 1708 4018; x_wconf 89' lang='lat' dir='ltr'><strong>omnibus</strong></span> <span class='ocrx_word' id='word_1_504' title='bbox 1739 3962 1804 4018; x_wconf 87' lang='lat' dir='ltr'><strong>ad</strong></span> <span class='ocrx_word' id='word_1_505' title='bbox 1836 3963 2024 4032; x_wconf 86' lang='lat' dir='ltr'><strong>vitam,</strong></span> <span class='ocrx_word' id='word_1_506' title='bbox 2053 3974 2107 4020; x_wconf 92' lang='lat' dir='ltr'><strong>et</strong></span> 
     </span>
    </p>
   </div>
   <div class='ocr_carea' id='block_1_70' title="bbox 511 4055 1017 4114">
    <p class='ocr_par' dir='ltr' id='par_1_70' title="bbox 511 4055 1017 4114">
     <span class='ocr_line' id='line_1_70' title="bbox 511 4055 1017 4114; baseline -0.01 0"><span class='ocrx_word' id='word_1_507' title='bbox 511 4056 725 4114; x_wconf 70' lang='lat' dir='ltr'><strong>similis</strong></span> <span class='ocrx_word' id='word_1_508' title='bbox 752 4055 954 4112; x_wconf 81' lang='lat' dir='ltr'><strong>exitus.</strong></span> <span class='ocrx_word' id='word_1_509' title='bbox 996 4073 1017 4108; x_wconf 76' lang='grc' dir='ltr'><strong>ι</strong></span> 
     </span>
    </p>
   </div>
   <div class='ocr_carea' id='block_1_71' title="bbox 587 4141 2106 4212">
    <p class='ocr_par' dir='ltr' id='par_1_71' title="bbox 587 4141 2106 4212">
     <span class='ocr_line' id='line_1_71' title="bbox 587 4141 2106 4212; baseline 0.005 -14"><span class='ocrx_word' id='word_1_510' title='bbox 587 4142 770 4202; x_wconf 80' lang='lat' dir='ltr'><strong>.Eccli.</strong></span> <span class='ocrx_word' id='word_1_511' title='bbox 796 4160 930 4212; x_wconf 79' lang='lat' dir='ltr'><strong>xvn,</strong></span> <span class='ocrx_word' id='word_1_512' title='bbox 968 4145 1019 4210; x_wconf 83' lang='grc'>1,</span> <span class='ocrx_word' id='word_1_513' title='bbox 1056 4141 1110 4198; x_wconf 75' lang='lat'><strong>2.</strong></span> <span class='ocrx_word' id='word_1_514' title='bbox 1145 4173 1212 4183; x_wconf 86' lang='lat'><strong>—-</strong></span> <span class='ocrx_word' id='word_1_515' title='bbox 1249 4162 1268 4196; x_wconf 81' lang='grc' dir='ltr'><strong>ι</strong></span> <span class='ocrx_word' id='word_1_516' title='bbox 1305 4142 1572 4202; x_wconf 88' lang='lat' dir='ltr'><strong>Dominus</strong></span> <span class='ocrx_word' id='word_1_517' title='bbox 1603 4147 1812 4203; x_wconf 82' lang='lat' dir='ltr'><strong>creavit</strong></span> <span class='ocrx_word' id='word_1_518' title='bbox 1853 4147 1920 4204; x_wconf 87' lang='lat' dir='ltr'><strong>de</strong></span> <span class='ocrx_word' id='word_1_519' title='bbox 1960 4156 2106 4205; x_wconf 86' lang='lat' dir='ltr'><strong>terra</strong></span> 
     </span>
    </p>
   </div>
   <div class='ocr_carea' id='block_1_72' title="bbox 524 4238 2104 4313">
    <p class='ocr_par' dir='ltr' id='par_1_72' title="bbox 524 4238 2104 4313">
     <span class='ocr_line' id='line_1_72' title="bbox 524 4238 2104 4313; baseline 0 -14"><span class='ocrx_word' id='word_1_520' title='bbox 524 4242 823 4299; x_wconf 85' lang='lat' dir='ltr'><strong>hominem.</strong></span> <span class='ocrx_word' id='word_1_521' title='bbox 879 4238 1182 4296; x_wconf 83' lang='lat' dir='ltr'><strong>Numerum</strong></span> <span class='ocrx_word' id='word_1_522' title='bbox 1231 4238 1446 4296; x_wconf 88' lang='lat' dir='ltr'><strong>dierum</strong></span> <span class='ocrx_word' id='word_1_523' title='bbox 1482 4247 1535 4294; x_wconf 87' lang='lat' dir='ltr'><strong>et</strong></span> <span class='ocrx_word' id='word_1_524' title='bbox 1576 4247 1792 4313; x_wconf 84' lang='lat' dir='ltr'><strong>tempus</strong></span> <span class='ocrx_word' id='word_1_525' title='bbox 1824 4242 1974 4297; x_wconf 81' lang='lat' dir='ltr'><strong>dedit</strong></span> <span class='ocrx_word' id='word_1_526' title='bbox 2007 4244 2104 4311; x_wconf 84' lang='lat' dir='ltr'><strong>illi,</strong></span> 
     </span>
    </p>
   </div>
   <div class='ocr_carea' id='block_1_73' title="bbox 525 4332 2109 4408">
    <p class='ocr_par' dir='ltr' id='par_1_73' title="bbox 525 4332 2109 4408">
     <span class='ocr_line' id='line_1_73' title="bbox 525 4332 2109 4408; baseline -0.002 -15"><span class='ocrx_word' id='word_1_527' title='bbox 525 4343 582 4393; x_wconf 84' lang='lat' dir='ltr'><strong>et</strong></span> <span class='ocrx_word' id='word_1_528' title='bbox 604 4341 928 4408; x_wconf 83' lang='lat' dir='ltr'><strong>potestatem</strong></span> <span class='ocrx_word' id='word_1_529' title='bbox 961 4347 1129 4404; x_wconf 85' lang='lat' dir='ltr'><strong>super</strong></span> <span class='ocrx_word' id='word_1_530' title='bbox 1170 4345 1309 4388; x_wconf 87' lang='lat' dir='ltr'><strong>eam.</strong></span> <span class='ocrx_word' id='word_1_531' title='bbox 1344 4333 1424 4386; x_wconf 76' lang='lat' dir='ltr'><strong>Ad</strong></span> <span class='ocrx_word' id='word_1_532' title='bbox 1463 4332 1754 4404; x_wconf 77' lang='lat' dir='ltr'><strong>imaginem</strong></span> <span class='ocrx_word' id='word_1_533' title='bbox 1787 4349 1942 4390; x_wconf 85' lang='lat' dir='ltr'><strong>suam</strong></span> <span class='ocrx_word' id='word_1_534' title='bbox 1977 4335 2109 4391; x_wconf 76' lang='lat' dir='ltr'><strong>fecit</strong></span> 
     </span>
    </p>
   </div>
   <div class='ocr_carea' id='block_1_74' title="bbox 519 4423 2108 4497">
    <p class='ocr_par' dir='ltr' id='par_1_74' title="bbox 519 4423 2108 4497">
     <span class='ocr_line' id='line_1_74' title="bbox 519 4423 2108 4497; baseline -0.001 -13"><span class='ocrx_word' id='word_1_535' title='bbox 519 4426 681 4484; x_wconf 77' lang='lat' dir='ltr'><strong>illum</strong></span> <span class='ocrx_word' id='word_1_536' title='bbox 715 4444 732 4482; x_wconf 87' lang='lat'><strong>:</strong></span> <span class='ocrx_word' id='word_1_537' title='bbox 765 4432 820 4481; x_wconf 91' lang='lat' dir='ltr'><strong>et</strong></span> <span class='ocrx_word' id='word_1_538' title='bbox 849 4424 1032 4497; x_wconf 87' lang='lat' dir='ltr'><strong>posuit</strong></span> <span class='ocrx_word' id='word_1_539' title='bbox 1063 4424 1316 4479; x_wconf 86' lang='lat' dir='ltr'><strong>timorem</strong></span> <span class='ocrx_word' id='word_1_540' title='bbox 1349 4423 1522 4494; x_wconf 87' lang='lat' dir='ltr'><strong>ipsius</strong></span> <span class='ocrx_word' id='word_1_541' title='bbox 1545 4439 1709 4496; x_wconf 86' lang='lat' dir='ltr'><strong>super</strong></span> <span class='ocrx_word' id='word_1_542' title='bbox 1739 4441 1957 4482; x_wconf 89' lang='lat' dir='ltr'><strong>omnem</strong></span> <span class='ocrx_word' id='word_1_543' title='bbox 1990 4442 2108 4483; x_wconf 84' lang='lat' dir='ltr'><strong>ear-</strong></span> 
     </span>
    </p>
   </div>
   <div class='ocr_carea' id='block_1_75' title="bbox 2214 3211 3760 3297">
    <p class='ocr_par' dir='ltr' id='par_1_75' title="bbox 2214 3211 3760 3297">
     <span class='ocr_line' id='line_1_75' title="bbox 2214 3211 3760 3297; baseline -0.011 -17"><span class='ocrx_word' id='word_1_544' title='bbox 2214 3223 2422 3297; x_wconf 81' lang='grc' dir='ltr'>μητρδς</span> <span class='ocrx_word' id='word_1_545' title='bbox 2449 3221 2690 3294; x_wconf 81' lang='grc' dir='ltr'>ἑγλύφην</span> <span class='ocrx_word' id='word_1_546' title='bbox 2705 3219 2862 3293; x_wconf 76' lang='grc' dir='ltr'>σάρξ,</span> <span class='ocrx_word' id='word_1_547' title='bbox 2893 3215 3268 3291; x_wconf 76' lang='grc' dir='ltr'>δεκαμηνιαίῳ</span> <span class='ocrx_word' id='word_1_548' title='bbox 3303 3215 3488 3288; x_wconf 81' lang='grc' dir='ltr'>χρόνῳ</span> <span class='ocrx_word' id='word_1_549' title='bbox 3513 3212 3693 3283; x_wconf 84' lang='grc' dir='ltr'>παγεὶς</span> <span class='ocrx_word' id='word_1_550' title='bbox 3715 3211 3760 3263; x_wconf 84' lang='lat' dir='ltr'><strong>tv</strong></span> 
     </span>
    </p>
   </div>
   <div class='ocr_carea' id='block_1_76' title="bbox 2210 3308 3762 3391">
    <p class='ocr_par' dir='ltr' id='par_1_76' title="bbox 2210 3308 3762 3391">
     <span class='ocr_line' id='line_1_76' title="bbox 2210 3308 3762 3391; baseline -0.01 -17"><span class='ocrx_word' id='word_1_551' title='bbox 2210 3320 2423 3391; x_wconf 79' lang='grc' dir='ltr'>αἵματι,</span> <span class='ocrx_word' id='word_1_552' title='bbox 2456 3318 2522 3372; x_wconf 72' lang='grc' dir='ltr'>ἐκ</span> <span class='ocrx_word' id='word_1_553' title='bbox 2552 3317 2865 3390; x_wconf 86' lang='grc' dir='ltr'>σπέρματος</span> <span class='ocrx_word' id='word_1_554' title='bbox 2885 3313 3103 3386; x_wconf 82' lang='grc' dir='ltr'>ἀνδρὸς,</span> <span class='ocrx_word' id='word_1_555' title='bbox 3133 3315 3228 3368; x_wconf 80' lang='grc' dir='ltr'>καὶ</span> <span class='ocrx_word' id='word_1_556' title='bbox 3262 3309 3464 3384; x_wconf 75' lang='grc' dir='ltr'>ἡδονῆς</span> <span class='ocrx_word' id='word_1_557' title='bbox 3492 3308 3638 3380; x_wconf 84' lang='grc' dir='ltr'>ῦπνῳ</span> <span class='ocrx_word' id='word_1_558' title='bbox 3661 3323 3762 3360; x_wconf 84' lang='grc' dir='ltr'>συν·</span> 
     </span>
    </p>
   </div>
   <div class='ocr_carea' id='block_1_77' title="bbox 2211 3398 3762 3483">
    <p class='ocr_par' dir='ltr' id='par_1_77' title="bbox 2211 3398 3762 3483">
     <span class='ocr_line' id='line_1_77' title="bbox 2211 3398 3762 3483; baseline -0.01 -17"><span class='ocrx_word' id='word_1_559' title='bbox 2211 3411 2494 3483; x_wconf 83' lang='grc' dir='ltr'>ελθούσης.</span> <span class='ocrx_word' id='word_1_560' title='bbox 2520 3408 2632 3465; x_wconf 75' lang='grc' dir='ltr'><strong>Καὶ</strong></span> <span class='ocrx_word' id='word_1_561' title='bbox 2655 3406 2765 3479; x_wconf 68' lang='grc' dir='ltr'><strong>ἐγὼ</strong></span> <span class='ocrx_word' id='word_1_562' title='bbox 2790 3406 2847 3462; x_wconf 77' lang='grc' dir='ltr'>δὲ</span> <span class='ocrx_word' id='word_1_563' title='bbox 2874 3405 3165 3479; x_wconf 82' lang='grc' dir='ltr'>γενόμενος</span> <span class='ocrx_word' id='word_1_564' title='bbox 3211 3403 3432 3464; x_wconf 84' lang='grc' dir='ltr'>ἔσπασα</span> <span class='ocrx_word' id='word_1_565' title='bbox 3482 3401 3572 3456; x_wconf 74' lang='grc' dir='ltr'><strong>τὸν</strong></span> <span class='ocrx_word' id='word_1_566' title='bbox 3613 3398 3762 3455; x_wconf 71' lang='grc' dir='ltr'>κοινόν</span> 
     </span>
    </p>
   </div>
   <div class='ocr_carea' id='block_1_78' title="bbox 2211 3485 3762 3576">
    <p class='ocr_par' dir='ltr' id='par_1_78' title="bbox 2211 3485 3762 3576">
     <span class='ocr_line' id='line_1_78' title="bbox 2211 3485 3762 3576; baseline -0.014 -17"><span class='ocrx_word' id='word_1_567' title='bbox 2211 3502 2371 3576; x_wconf 76' lang='grc' dir='ltr'>άιρα,</span> <span class='ocrx_word' id='word_1_568' title='bbox 2399 3501 2495 3558; x_wconf 71' lang='grc' dir='ltr'>καὶ</span> <span class='ocrx_word' id='word_1_569' title='bbox 2524 3499 2616 3555; x_wconf 67' lang='grc' dir='ltr'><strong>ἔπι</strong></span> <span class='ocrx_word' id='word_1_570' title='bbox 2643 3497 2742 3571; x_wconf 77' lang='grc' dir='ltr'>τὴν</span> <span class='ocrx_word' id='word_1_571' title='bbox 2765 3494 3072 3570; x_wconf 80' lang='grc' dir='ltr'>ὁμοιοπαθῆ</span> <span class='ocrx_word' id='word_1_572' title='bbox 3095 3493 3376 3572; x_wconf 73' lang='grc' dir='ltr'>κατέπεσα</span> <span class='ocrx_word' id='word_1_573' title='bbox 3404 3491 3543 3564; x_wconf 85' lang='grc' dir='ltr'>γῆν,</span> <span class='ocrx_word' id='word_1_574' title='bbox 3571 3485 3762 3562; x_wconf 74' lang='grc' dir='ltr'>πρώτην</span> 
     </span>
    </p>
   </div>
   <div class='ocr_carea' id='block_1_79' title="bbox 2213 3582 3762 3666">
    <p class='ocr_par' dir='ltr' id='par_1_79' title="bbox 2213 3582 3762 3666">
     <span class='ocr_line' id='line_1_79' title="bbox 2213 3582 3762 3666; baseline -0.012 -16"><span class='ocrx_word' id='word_1_575' title='bbox 2213 3595 2398 3666; x_wconf 82' lang='grc' dir='ltr'>φωνὴν</span> <span class='ocrx_word' id='word_1_576' title='bbox 2426 3592 2524 3665; x_wconf 78' lang='grc' dir='ltr'>τὴν</span> <span class='ocrx_word' id='word_1_577' title='bbox 2547 3590 2742 3664; x_wconf 79' lang='grc' dir='ltr'>ὁμοίαν</span> <span class='ocrx_word' id='word_1_578' title='bbox 2772 3590 2938 3644; x_wconf 80' lang='grc' dir='ltr'>πᾶσιν</span> <span class='ocrx_word' id='word_1_579' title='bbox 2973 3587 3065 3642; x_wconf 85' lang='grc' dir='ltr'>ῑσα</span> <span class='ocrx_word' id='word_1_580' title='bbox 3088 3585 3289 3643; x_wconf 79' lang='grc' dir='ltr'>κλαίων</span> <span class='ocrx_word' id='word_1_581' title='bbox 3309 3599 3325 3616; x_wconf 82' lang='grc'><strong><em>⁸</em></strong></span> <span class='ocrx_word' id='word_1_582' title='bbox 3363 3587 3426 3640; x_wconf 85' lang='lat' dir='ltr'><strong>tv</strong></span> <span class='ocrx_word' id='word_1_583' title='bbox 3461 3582 3762 3656; x_wconf 77' lang='grc' dir='ltr'>σπαργάνοις</span> 
     </span>
    </p>
   </div>
   <div class='ocr_carea' id='block_1_80' title="bbox 2213 3673 3762 3761">
    <p class='ocr_par' dir='ltr' id='par_1_80' title="bbox 2213 3673 3762 3761">
     <span class='ocr_line' id='line_1_80' title="bbox 2213 3673 3762 3761; baseline -0.011 -17"><span class='ocrx_word' id='word_1_584' title='bbox 2213 3688 2523 3761; x_wconf 77' lang='grc' dir='ltr'>ἀνετράφην</span> <span class='ocrx_word' id='word_1_585' title='bbox 2554 3685 2650 3740; x_wconf 76' lang='grc' dir='ltr'>καὶ</span> <span class='ocrx_word' id='word_1_586' title='bbox 2700 3685 2759 3739; x_wconf 84' lang='grc' dir='ltr'><strong>έν</strong></span> <span class='ocrx_word' id='word_1_587' title='bbox 2803 3681 3102 3755; x_wconf 82' lang='grc' dir='ltr'>φροντίσιν.</span> <span class='ocrx_word' id='word_1_588' title='bbox 3143 3679 3337 3744; x_wconf 76' lang='grc' dir='ltr'>Οὐδεὶς</span> <span class='ocrx_word' id='word_1_589' title='bbox 3377 3679 3492 3750; x_wconf 80' lang='grc' dir='ltr'>γὰρ</span> <span class='ocrx_word' id='word_1_590' title='bbox 3543 3673 3762 3749; x_wconf 74' lang='grc' dir='ltr'>βασιλεὺς</span> 
     </span>
    </p>
   </div>
   <div class='ocr_carea' id='block_1_81' title="bbox 2213 3768 3760 3856">
    <p class='ocr_par' dir='ltr' id='par_1_81' title="bbox 2213 3768 3760 3856">
     <span class='ocr_line' id='line_1_81' title="bbox 2213 3768 3760 3856; baseline -0.01 -18"><span class='ocrx_word' id='word_1_591' title='bbox 2213 3783 2407 3856; x_wconf 82' lang='grc' dir='ltr'>ἑτέραν</span> <span class='ocrx_word' id='word_1_592' title='bbox 2429 3781 2554 3854; x_wconf 84' lang='grc' dir='ltr'>ἔσχε</span> <span class='ocrx_word' id='word_1_593' title='bbox 2585 3781 2850 3851; x_wconf 83' lang='grc' dir='ltr'>γενέσεως</span> <span class='ocrx_word' id='word_1_594' title='bbox 2878 3778 3053 3852; x_wconf 83' lang='grc' dir='ltr'>ἀρχήν</span> <span class='ocrx_word' id='word_1_595' title='bbox 3072 3792 3087 3811; x_wconf 87' lang='grc'><strong>·</strong></span> <span class='ocrx_word' id='word_1_596' title='bbox 3120 3776 3219 3849; x_wconf 87' lang='grc' dir='ltr'><strong>μία</strong></span> <span class='ocrx_word' id='word_1_597' title='bbox 3247 3773 3306 3830; x_wconf 73' lang='grc' dir='ltr'>δὲ</span> <span class='ocrx_word' id='word_1_598' title='bbox 3340 3775 3562 3831; x_wconf 88' lang='grc' dir='ltr'>πάντων</span> <span class='ocrx_word' id='word_1_599' title='bbox 3590 3768 3760 3830; x_wconf 71' lang='grc' dir='ltr'>εἴσοδος</span> 
     </span>
    </p>
   </div>
   <div class='ocr_carea' id='block_1_82' title="bbox 2214 3871 3065 3946">
    <p class='ocr_par' dir='ltr' id='par_1_82' title="bbox 2214 3871 3065 3946">
     <span class='ocr_line' id='line_1_82' title="bbox 2214 3871 3065 3946; baseline -0.005 -17"><span class='ocrx_word' id='word_1_600' title='bbox 2214 3877 2290 3941; x_wconf 83' lang='grc' dir='ltr'><strong>είς</strong></span> <span class='ocrx_word' id='word_1_601' title='bbox 2318 3874 2408 3929; x_wconf 83' lang='grc' dir='ltr'>τὸν</span> <span class='ocrx_word' id='word_1_602' title='bbox 2440 3874 2666 3946; x_wconf 87' lang='grc' dir='ltr'>κόσμον,</span> <span class='ocrx_word' id='word_1_603' title='bbox 2697 3872 2874 3942; x_wconf 79' lang='grc' dir='ltr'>ἔξοδος</span> <span class='ocrx_word' id='word_1_604' title='bbox 2903 3871 3016 3943; x_wconf 83' lang='grc' dir='ltr'>ἴση.</span> <span class='ocrx_word' id='word_1_605' title='bbox 3045 3889 3065 3924; x_wconf 82' lang='grc'>›</span> 
     </span>
    </p>
   </div>
   <div class='ocr_carea' id='block_1_83' title="bbox 2289 4146 3760 4229">
    <p class='ocr_par' dir='ltr' id='par_1_83' title="bbox 2289 4146 3760 4229">
     <span class='ocr_line' id='line_1_83' title="bbox 2289 4146 3760 4229; baseline -0.008 -20"><span class='ocrx_word' id='word_1_606' title='bbox 2289 4176 2308 4209; x_wconf 79' lang='grc' dir='ltr'><strong>ι</strong></span> <span class='ocrx_word' id='word_1_607' title='bbox 2348 4153 2552 4229; x_wconf 81' lang='grc' dir='ltr'>Κύριος</span> <span class='ocrx_word' id='word_1_608' title='bbox 2610 4153 2793 4209; x_wconf 89' lang='grc' dir='ltr'>ἔκτισε</span> <span class='ocrx_word' id='word_1_609' title='bbox 2823 4153 2887 4208; x_wconf 77' lang='grc' dir='ltr'>ἐκ</span> <span class='ocrx_word' id='word_1_610' title='bbox 2921 4152 3025 4224; x_wconf 85' lang='grc' dir='ltr'>γῆς</span> <span class='ocrx_word' id='word_1_611' title='bbox 3056 4149 3380 4223; x_wconf 73' lang='grc' dir='ltr'>ἄνθρωπονο</span> <span class='ocrx_word' id='word_1_612' title='bbox 3425 4148 3636 4222; x_wconf 77' lang='grc' dir='ltr'>ἡμέρας</span> <span class='ocrx_word' id='word_1_613' title='bbox 3661 4146 3760 4214; x_wconf 70' lang='lat' dir='ltr'><strong>dp:-</strong></span> 
     </span>
    </p>
   </div>
   <div class='ocr_carea' id='block_1_84' title="bbox 2215 4235 3761 4321">
    <p class='ocr_par' dir='ltr' id='par_1_84' title="bbox 2215 4235 3761 4321">
     <span class='ocr_line' id='line_1_84' title="bbox 2215 4235 3761 4321; baseline -0.008 -17"><span class='ocrx_word' id='word_1_614' title='bbox 2215 4248 2385 4321; x_wconf 81' lang='grc' dir='ltr'>Θμοὺς</span> <span class='ocrx_word' id='word_1_615' title='bbox 2435 4249 2529 4304; x_wconf 78' lang='grc' dir='ltr'>καὶ</span> <span class='ocrx_word' id='word_1_616' title='bbox 2561 4247 2750 4320; x_wconf 75' lang='grc' dir='ltr'>καιρὸν</span> <span class='ocrx_word' id='word_1_617' title='bbox 2807 4245 3006 4302; x_wconf 85' lang='grc' dir='ltr'>ἔδωκεν</span> <span class='ocrx_word' id='word_1_618' title='bbox 3051 4243 3222 4316; x_wconf 80' lang='grc' dir='ltr'>αύτῷ,</span> <span class='ocrx_word' id='word_1_619' title='bbox 3269 4242 3367 4298; x_wconf 76' lang='grc' dir='ltr'>καὶ</span> <span class='ocrx_word' id='word_1_620' title='bbox 3398 4241 3597 4296; x_wconf 80' lang='grc' dir='ltr'>ἔδωκεν</span> <span class='ocrx_word' id='word_1_621' title='bbox 3635 4235 3761 4306; x_wconf 75' lang='grc' dir='ltr'>αὐτῷ</span> 
     </span>
    </p>
   </div>
   <div class='ocr_carea' id='block_1_85' title="bbox 2214 4333 3760 4414">
    <p class='ocr_par' dir='ltr' id='par_1_85' title="bbox 2214 4333 3760 4414">
     <span class='ocr_line' id='line_1_85' title="bbox 2214 4333 3760 4414; baseline -0.012 -11"><span class='ocrx_word' id='word_1_622' title='bbox 2214 4345 2460 4414; x_wconf 77' lang='grc' dir='ltr'>ἐξουσίαν</span> <span class='ocrx_word' id='word_1_623' title='bbox 2488 4345 2576 4398; x_wconf 81' lang='grc' dir='ltr'><strong>ἐπ’</strong></span> <span class='ocrx_word' id='word_1_624' title='bbox 2599 4343 2790 4414; x_wconf 82' lang='grc' dir='ltr'>αὐτῆς.</span> <span class='ocrx_word' id='word_1_625' title='bbox 2825 4342 2963 4397; x_wconf 84' lang='grc' dir='ltr'>Κατ’</span> <span class='ocrx_word' id='word_1_626' title='bbox 2987 4340 3173 4396; x_wconf 72' lang='grc' dir='ltr'>εἰκόνα</span> <span class='ocrx_word' id='word_1_627' title='bbox 3209 4339 3376 4394; x_wconf 83' lang='grc' dir='ltr'>αὑτοῦ</span> <span class='ocrx_word' id='word_1_628' title='bbox 3410 4338 3657 4410; x_wconf 66' lang='grc' dir='ltr'>ἐποίησεν</span> <span class='ocrx_word' id='word_1_629' title='bbox 3684 4333 3760 4387; x_wconf 75' lang='grc' dir='ltr'>αύ-</span> 
     </span>
    </p>
   </div>
   <div class='ocr_carea' id='block_1_86' title="bbox 2213 4425 3759 4510">
    <p class='ocr_par' dir='ltr' id='par_1_86' title="bbox 2213 4425 3759 4510">
     <span class='ocr_line' id='line_1_86' title="bbox 2213 4425 3759 4510; baseline -0.01 -16"><span class='ocrx_word' id='word_1_630' title='bbox 2213 4439 2326 4506; x_wconf 83' lang='grc' dir='ltr'>τδν,</span> <span class='ocrx_word' id='word_1_631' title='bbox 2356 4438 2452 4494; x_wconf 80' lang='grc' dir='ltr'>καὶ</span> <span class='ocrx_word' id='word_1_632' title='bbox 2474 4438 2670 4510; x_wconf 85' lang='grc' dir='ltr'>ἔθηκεν</span> <span class='ocrx_word' id='word_1_633' title='bbox 2697 4436 2789 4491; x_wconf 78' lang='grc' dir='ltr'>τὸν</span> <span class='ocrx_word' id='word_1_634' title='bbox 2813 4434 2976 4506; x_wconf 74' lang='grc' dir='ltr'>φόϐον</span> <span class='ocrx_word' id='word_1_635' title='bbox 3010 4431 3176 4488; x_wconf 80' lang='grc' dir='ltr'>αὐτοῦ</span> <span class='ocrx_word' id='word_1_636' title='bbox 3222 4431 3315 4486; x_wconf 69' lang='grc' dir='ltr'><strong>ἐπὶ</strong></span> <span class='ocrx_word' id='word_1_637' title='bbox 3348 4431 3533 4502; x_wconf 81' lang='grc' dir='ltr'>πάσης</span> <span class='ocrx_word' id='word_1_638' title='bbox 3565 4425 3759 4501; x_wconf 75' lang='grc' dir='ltr'>σαρκὸς,</span> 
     </span>
    </p>
   </div>
   <div class='ocr_carea' id='block_1_87' title="bbox 528 4516 2100 4604">
    <p class='ocr_par' dir='ltr' id='par_1_87' title="bbox 528 4516 2100 4591">
     <span class='ocr_line' id='line_1_87' title="bbox 528 4516 2100 4591; baseline 0.003 -19"><span class='ocrx_word' id='word_1_639' title='bbox 528 4531 672 4586; x_wconf 87' lang='lat' dir='ltr'><strong>ncm,</strong></span> <span class='ocrx_word' id='word_1_640' title='bbox 721 4525 777 4572; x_wconf 85' lang='lat' dir='ltr'><strong>et</strong></span> <span class='ocrx_word' id='word_1_641' title='bbox 823 4516 1145 4574; x_wconf 86' lang='lat' dir='ltr'><strong>dominatus</strong></span> <span class='ocrx_word' id='word_1_642' title='bbox 1191 4523 1278 4572; x_wconf 92' lang='lat' dir='ltr'><strong>est</strong></span> <span class='ocrx_word' id='word_1_643' title='bbox 1337 4516 1639 4574; x_wconf 85' lang='lat' dir='ltr'><strong>bestiarum</strong></span> <span class='ocrx_word' id='word_1_644' title='bbox 1692 4526 1746 4574; x_wconf 88' lang='lat' dir='ltr'><strong>et</strong></span> <span class='ocrx_word' id='word_1_645' title='bbox 1801 4520 2100 4591; x_wconf 84' lang='lat' dir='ltr'><strong>reptilium.</strong></span> 
     </span>
    </p>
   </div>
   <div class='ocr_carea' id='block_1_88' title="bbox 2230 4516 3758 4604">
    <p class='ocr_par' dir='ltr' id='par_1_88' title="bbox 2230 4519 3758 4604">
     <span class='ocr_line' id='line_1_88' title="bbox 2230 4519 3758 4604; baseline -0.012 -15"><span class='ocrx_word' id='word_1_646' title='bbox 2230 4531 2629 4604; x_wconf 81' lang='grc' dir='ltr'>ιατακυριεύειν</span> <span class='ocrx_word' id='word_1_647' title='bbox 2657 4529 2866 4602; x_wconf 83' lang='grc' dir='ltr'>θηρίων</span> <span class='ocrx_word' id='word_1_648' title='bbox 2891 4527 2986 4584; x_wconf 82' lang='grc' dir='ltr'>καὶ</span> <span class='ocrx_word' id='word_1_649' title='bbox 3014 4525 3279 4600; x_wconf 77' lang='grc' dir='ltr'>ἑρπετῶν.</span> <span class='ocrx_word' id='word_1_650' title='bbox 3317 4523 3648 4586; x_wconf 74' lang='grc' dir='ltr'>Διαῦούλιον,</span> <span class='ocrx_word' id='word_1_651' title='bbox 3683 4519 3758 4573; x_wconf 75' lang='grc' dir='ltr'>καὶ</span> 
     </span>
    </p>
   </div>
   <div class='ocr_carea' id='block_1_89' title="bbox 525 4610 2105 4686">
    <p class='ocr_par' dir='ltr' id='par_1_89' title="bbox 525 4610 2105 4686">
     <span class='ocr_line' id='line_1_89' title="bbox 525 4610 2105 4686; baseline 0.004 -20"><span class='ocrx_word' id='word_1_652' title='bbox 525 4610 795 4675; x_wconf 85' lang='lat' dir='ltr'><strong>Consilio,</strong></span> <span class='ocrx_word' id='word_1_653' title='bbox 827 4618 882 4668; x_wconf 86' lang='lat' dir='ltr'><strong>et</strong></span> <span class='ocrx_word' id='word_1_654' title='bbox 932 4611 1228 4678; x_wconf 76' lang='lat' dir='ltr'><strong>sententia,</strong></span> <span class='ocrx_word' id='word_1_655' title='bbox 1271 4620 1326 4667; x_wconf 92' lang='lat' dir='ltr'><strong>et</strong></span> <span class='ocrx_word' id='word_1_656' title='bbox 1373 4611 1576 4682; x_wconf 81' lang='lat' dir='ltr'><strong>oculis,</strong></span> <span class='ocrx_word' id='word_1_657' title='bbox 1599 4623 1652 4670; x_wconf 90' lang='lat' dir='ltr'><strong>et</strong></span> <span class='ocrx_word' id='word_1_658' title='bbox 1700 4614 1994 4686; x_wconf 83' lang='lat' dir='ltr'><strong>disciplina</strong></span> <span class='ocrx_word' id='word_1_659' title='bbox 2026 4616 2105 4672; x_wconf 81' lang='lat' dir='ltr'><strong>in-</strong></span> 
     </span>
    </p>
   </div>
   <div class='ocr_carea' id='block_1_90' title="bbox 526 4702 2109 4776">
    <p class='ocr_par' dir='ltr' id='par_1_90' title="bbox 526 4702 2109 4776">
     <span class='ocr_line' id='line_1_90' title="bbox 526 4702 2109 4776; baseline 0.006 -18"><span class='ocrx_word' id='word_1_660' title='bbox 526 4702 844 4776; x_wconf 60' lang='lat' dir='ltr'><strong>telligentia</strong></span> <span class='ocrx_word' id='word_1_661' title='bbox 871 4703 1102 4776; x_wconf 86' lang='lat' dir='ltr'><strong>replevit</strong></span> <span class='ocrx_word' id='word_1_662' title='bbox 1133 4719 1259 4761; x_wconf 87' lang='lat' dir='ltr'><strong>eum</strong></span> <span class='ocrx_word' id='word_1_663' title='bbox 1294 4724 1307 4761; x_wconf 90' lang='lat'>:</span> <span class='ocrx_word' id='word_1_664' title='bbox 1345 4716 1399 4762; x_wconf 91' lang='lat' dir='ltr'><strong>et</strong></span> <span class='ocrx_word' id='word_1_665' title='bbox 1431 4707 1573 4762; x_wconf 89' lang='lat' dir='ltr'><strong>bona</strong></span> <span class='ocrx_word' id='word_1_666' title='bbox 1601 4717 1657 4766; x_wconf 87' lang='lat' dir='ltr'><strong>et</strong></span> <span class='ocrx_word' id='word_1_667' title='bbox 1692 4710 1834 4765; x_wconf 82' lang='lat' dir='ltr'><strong>mala</strong></span> <span class='ocrx_word' id='word_1_668' title='bbox 1865 4713 2109 4769; x_wconf 86' lang='lat' dir='ltr'><strong>ostendit</strong></span> 
     </span>
    </p>
   </div>
   <div class='ocr_carea' id='block_1_91' title="bbox 524 4810 655 4851">
    <p class='ocr_par' dir='ltr' id='par_1_91' title="bbox 524 4810 655 4851">
     <span class='ocr_line' id='line_1_91' title="bbox 524 4810 655 4851; baseline -0.023 0"><span class='ocrx_word' id='word_1_669' title='bbox 524 4810 597 4851; x_wconf 72' lang='lat' dir='ltr'><strong>Cl.</strong></span> <span class='ocrx_word' id='word_1_670' title='bbox 634 4813 655 4848; x_wconf 72' lang='grc' dir='ltr'><strong>ι</strong></span> 
     </span>
    </p>
   </div>
   <div class='ocr_carea' id='block_1_92' title="bbox 542 4882 2105 4964">
    <p class='ocr_par' dir='ltr' id='par_1_92' title="bbox 542 4882 2105 4964">
     <span class='ocr_line' id='line_1_92' title="bbox 542 4882 2105 4964; baseline 0.009 -24"><span class='ocrx_word' id='word_1_671' title='bbox 542 4882 767 4946; x_wconf 60' lang='lat' dir='ltr'><strong>*‘Eccli.</strong></span> <span class='ocrx_word' id='word_1_672' title='bbox 799 4904 915 4955; x_wconf 73' lang='lat' dir='ltr'><strong>ut,</strong></span> <span class='ocrx_word' id='word_1_673' title='bbox 945 4890 1029 4946; x_wconf 72' lang='grc'><strong>13.</strong></span> <span class='ocrx_word' id='word_1_674' title='bbox 1053 4919 1124 4930; x_wconf 89' lang='grc'><strong>-</strong></span> <span class='ocrx_word' id='word_1_675' title='bbox 1155 4908 1174 4943; x_wconf 84' lang='grc' dir='ltr'><strong>ι</strong></span> <span class='ocrx_word' id='word_1_676' title='bbox 1218 4889 1409 4947; x_wconf 87' lang='lat' dir='ltr'><strong>Omnia</strong></span> <span class='ocrx_word' id='word_1_677' title='bbox 1435 4907 1557 4964; x_wconf 65' lang='lat' dir='ltr'><strong>quae</strong></span> <span class='ocrx_word' id='word_1_678' title='bbox 1588 4893 1655 4949; x_wconf 86' lang='lat' dir='ltr'><strong>de</strong></span> <span class='ocrx_word' id='word_1_679' title='bbox 1686 4902 1834 4951; x_wconf 80' lang='lat' dir='ltr'><strong>terra</strong></span> <span class='ocrx_word' id='word_1_680' title='bbox 1867 4907 2014 4963; x_wconf 89' lang='lat' dir='ltr'><strong>sunt,</strong></span> <span class='ocrx_word' id='word_1_681' title='bbox 2051 4898 2105 4954; x_wconf 87' lang='lat' dir='ltr'><strong>in</strong></span> 
     </span>
    </p>
   </div>
   <div class='ocr_carea' id='block_1_93' title="bbox 524 4991 1175 5040">
    <p class='ocr_par' dir='ltr' id='par_1_93' title="bbox 524 4991 1175 5040">
     <span class='ocr_line' id='line_1_93' title="bbox 524 4991 1175 5040; baseline -0.003 -2"><span class='ocrx_word' id='word_1_682' title='bbox 524 4992 727 5038; x_wconf 87' lang='lat' dir='ltr'><strong>terram</strong></span> <span class='ocrx_word' id='word_1_683' title='bbox 759 4991 1120 5040; x_wconf 82' lang='lat' dir='ltr'><strong>revertentur.</strong></span> <span class='ocrx_word' id='word_1_684' title='bbox 1159 5003 1175 5036; x_wconf 73' lang='grc' dir='ltr'><strong>Ι</strong></span> 
     </span>
    </p>
   </div>
   <div class='ocr_carea' id='block_1_94' title="bbox 596 5075 2101 5151">
    <p class='ocr_par' dir='ltr' id='par_1_94' title="bbox 596 5075 2101 5151">
     <span class='ocr_line' id='line_1_94' title="bbox 596 5075 2101 5151; baseline 0.009 -21"><span class='ocrx_word' id='word_1_685' title='bbox 596 5075 787 5146; x_wconf 71' lang='lat' dir='ltr'><strong>Epiros.</strong></span> <span class='ocrx_word' id='word_1_686' title='bbox 827 5094 887 5145; x_wconf 88' lang='lat' dir='ltr'><strong>tl,</strong></span> <span class='ocrx_word' id='word_1_687' title='bbox 919 5077 971 5133; x_wconf 89' lang='grc'><strong>8.</strong></span> <span class='ocrx_word' id='word_1_688' title='bbox 1006 5109 1074 5122; x_wconf 88' lang='lat'><strong>--</strong></span> <span class='ocrx_word' id='word_1_689' title='bbox 1109 5096 1127 5130; x_wconf 82' lang='grc' dir='ltr'><strong>ι</strong></span> <span class='ocrx_word' id='word_1_690' title='bbox 1160 5077 1338 5151; x_wconf 81' lang='lat' dir='ltr'><strong>ipsius</strong></span> <span class='ocrx_word' id='word_1_691' title='bbox 1362 5078 1568 5138; x_wconf 76' lang='lat' dir='ltr'><strong>factura</strong></span> <span class='ocrx_word' id='word_1_692' title='bbox 1603 5099 1815 5151; x_wconf 88' lang='lat' dir='ltr'><strong>sumus,</strong></span> <span class='ocrx_word' id='word_1_693' title='bbox 1843 5088 2010 5143; x_wconf 85' lang='lat' dir='ltr'><strong>creati</strong></span> <span class='ocrx_word' id='word_1_694' title='bbox 2049 5088 2101 5144; x_wconf 89' lang='lat' dir='ltr'><strong>in</strong></span> 
     </span>
    </p>
   </div>
   <div class='ocr_carea' id='block_1_95' title="bbox 521 5167 2101 5251">
    <p class='ocr_par' dir='ltr' id='par_1_95' title="bbox 521 5167 2101 5251">
     <span class='ocr_line' id='line_1_95' title="bbox 521 5167 2101 5251; baseline 0.009 -29"><span class='ocrx_word' id='word_1_695' title='bbox 521 5168 739 5224; x_wconf 81' lang='lat' dir='ltr'><strong>Christo</strong></span> <span class='ocrx_word' id='word_1_696' title='bbox 779 5167 908 5228; x_wconf 84' lang='lat' dir='ltr'><strong>Jesu</strong></span> <span class='ocrx_word' id='word_1_697' title='bbox 952 5169 1006 5225; x_wconf 92' lang='lat' dir='ltr'><strong>in</strong></span> <span class='ocrx_word' id='word_1_698' title='bbox 1056 5171 1320 5241; x_wconf 86' lang='lat' dir='ltr'><strong>operibus</strong></span> <span class='ocrx_word' id='word_1_699' title='bbox 1374 5173 1552 5242; x_wconf 77' lang='lat' dir='ltr'><strong>hortis,</strong></span> <span class='ocrx_word' id='word_1_700' title='bbox 1598 5190 1718 5248; x_wconf 62' lang='lat' dir='ltr'><strong>qua</strong></span> <span class='ocrx_word' id='word_1_701' title='bbox 1778 5183 2101 5251; x_wconf 62' lang='lat' dir='ltr'><strong>praeparavit</strong></span> 
     </span>
    </p>
   </div>
   <div class='ocr_carea' id='block_1_96' title="bbox 523 5261 1478 5333">
    <p class='ocr_par' dir='ltr' id='par_1_96' title="bbox 523 5261 1478 5333">
     <span class='ocr_line' id='line_1_96' title="bbox 523 5261 1478 5333; baseline 0.008 -20"><span class='ocrx_word' id='word_1_702' title='bbox 523 5261 688 5329; x_wconf 82' lang='lat' dir='ltr'><strong>Deus,</strong></span> <span class='ocrx_word' id='word_1_703' title='bbox 723 5272 780 5316; x_wconf 92' lang='lat' dir='ltr'><strong>ut</strong></span> <span class='ocrx_word' id='word_1_704' title='bbox 807 5263 859 5319; x_wconf 90' lang='lat' dir='ltr'><strong>in</strong></span> <span class='ocrx_word' id='word_1_705' title='bbox 893 5262 1028 5333; x_wconf 85' lang='lat' dir='ltr'><strong>ipsis</strong></span> <span class='ocrx_word' id='word_1_706' title='bbox 1057 5264 1420 5323; x_wconf 83' lang='lat' dir='ltr'><strong>ambulemus.</strong></span> <span class='ocrx_word' id='word_1_707' title='bbox 1458 5288 1478 5321; x_wconf 71' lang='grc' dir='ltr'><strong>ι</strong></span> 
     </span>
    </p>
   </div>
   <div class='ocr_carea' id='block_1_97' title="bbox 586 5351 2094 5432">
    <p class='ocr_par' dir='ltr' id='par_1_97' title="bbox 586 5351 2094 5432">
     <span class='ocr_line' id='line_1_97' title="bbox 586 5351 2094 5432; baseline 0.015 -27"><span class='ocrx_word' id='word_1_708' title='bbox 586 5351 710 5408; x_wconf 88' lang='lat' dir='ltr'><strong>Jac.</strong></span> <span class='ocrx_word' id='word_1_709' title='bbox 742 5353 984 5420; x_wconf 76' lang='grc' dir='ltr'><strong>ι,18.-</strong></span> <span class='ocrx_word' id='word_1_710' title='bbox 1020 5373 1038 5406; x_wconf 78' lang='grc' dir='ltr'><strong>ι</strong></span> <span class='ocrx_word' id='word_1_711' title='bbox 1083 5352 1404 5416; x_wconf 77' lang='lat' dir='ltr'><strong>Voluntarie</strong></span> <span class='ocrx_word' id='word_1_712' title='bbox 1447 5362 1638 5432; x_wconf 80' lang='lat' dir='ltr'><strong>genuit</strong></span> <span class='ocrx_word' id='word_1_713' title='bbox 1673 5378 1774 5422; x_wconf 87' lang='lat' dir='ltr'><strong>nos</strong></span> <span class='ocrx_word' id='word_1_714' title='bbox 1806 5370 1973 5426; x_wconf 79' lang='lat' dir='ltr'><strong>verbo</strong></span> <span class='ocrx_word' id='word_1_715' title='bbox 2002 5387 2094 5428; x_wconf 78' lang='lat' dir='ltr'><strong>ve-</strong></span> 
     </span>
    </p>
   </div>
   <div class='ocr_carea' id='block_1_98' title="bbox 2204 4615 3754 4698">
    <p class='ocr_par' dir='ltr' id='par_1_98' title="bbox 2204 4615 3754 4698">
     <span class='ocr_line' id='line_1_98' title="bbox 2204 4615 3754 4698; baseline -0.012 -15"><span class='ocrx_word' id='word_1_716' title='bbox 2204 4630 2400 4697; x_wconf 78' lang='grc' dir='ltr'>δόξαν,</span> <span class='ocrx_word' id='word_1_717' title='bbox 2451 4627 2547 4681; x_wconf 77' lang='grc' dir='ltr'>καὶ</span> <span class='ocrx_word' id='word_1_718' title='bbox 2604 4623 2958 4698; x_wconf 69' lang='grc' dir='ltr'>ὀφθαλμοὺς,</span> <span class='ocrx_word' id='word_1_719' title='bbox 3011 4622 3107 4678; x_wconf 77' lang='grc' dir='ltr'>καὶ</span> <span class='ocrx_word' id='word_1_720' title='bbox 3163 4621 3478 4692; x_wconf 70' lang='grc' dir='ltr'>ἐπιστήμην</span> <span class='ocrx_word' id='word_1_721' title='bbox 3524 4615 3754 4673; x_wconf 78' lang='grc' dir='ltr'>συνέσεως</span> 
     </span>
    </p>
   </div>
   <div class='ocr_carea' id='block_1_99' title="bbox 2209 4708 3755 4795">
    <p class='ocr_par' dir='ltr' id='par_1_99' title="bbox 2209 4708 3755 4795">
     <span class='ocr_line' id='line_1_99' title="bbox 2209 4708 3755 4795; baseline -0.013 -16"><span class='ocrx_word' id='word_1_722' title='bbox 2209 4723 2506 4795; x_wconf 74' lang='grc' dir='ltr'>ἐνέπλησεν</span> <span class='ocrx_word' id='word_1_723' title='bbox 2551 4721 2711 4778; x_wconf 79' lang='grc' dir='ltr'>αὑτὸν</span> <span class='ocrx_word' id='word_1_724' title='bbox 2737 4761 2753 4788; x_wconf 94' lang='grc'><strong>,</strong></span> <span class='ocrx_word' id='word_1_725' title='bbox 2800 4721 2897 4776; x_wconf 77' lang='grc' dir='ltr'>καὶ</span> <span class='ocrx_word' id='word_1_726' title='bbox 2947 4719 3129 4790; x_wconf 79' lang='grc' dir='ltr'>ἀγαθὰ</span> <span class='ocrx_word' id='word_1_727' title='bbox 3177 4719 3272 4773; x_wconf 76' lang='grc' dir='ltr'>καὶ</span> <span class='ocrx_word' id='word_1_728' title='bbox 3318 4715 3466 4771; x_wconf 77' lang='grc' dir='ltr'>κακά</span> <span class='ocrx_word' id='word_1_729' title='bbox 3511 4708 3755 4774; x_wconf 80' lang='grc' dir='ltr'>ὑπέδειξεν</span> 
     </span>
    </p>
   </div>
   <div class='ocr_carea' id='block_1_100' title="bbox 2207 4817 2441 4890">
    <p class='ocr_par' dir='ltr' id='par_1_100' title="bbox 2207 4817 2441 4890">
     <span class='ocr_line' id='line_1_100' title="bbox 2207 4817 2441 4890; baseline 0 -19"><span class='ocrx_word' id='word_1_730' title='bbox 2207 4817 2380 4890; x_wconf 80' lang='grc' dir='ltr'>αύτῷ.</span> <span class='ocrx_word' id='word_1_731' title='bbox 2421 4837 2441 4871; x_wconf 72' lang='grc' dir='ltr'><em>θ</em></span> 
     </span>
    </p>
   </div>
   <div class='ocr_carea' id='block_1_101' title="bbox 2286 4899 3744 4979">
    <p class='ocr_par' dir='ltr' id='par_1_101' title="bbox 2286 4899 3744 4979">
     <span class='ocr_line' id='line_1_101' title="bbox 2286 4899 3744 4979; baseline -0.01 -15"><span class='ocrx_word' id='word_1_732' title='bbox 2286 4929 2304 4964; x_wconf 83' lang='grc' dir='ltr'><strong>ι</strong></span> <span class='ocrx_word' id='word_1_733' title='bbox 2351 4909 2535 4965; x_wconf 83' lang='grc' dir='ltr'>Πάντα</span> <span class='ocrx_word' id='word_1_734' title='bbox 2566 4909 2665 4963; x_wconf 82' lang='grc' dir='ltr'>ὅσα</span> <span class='ocrx_word' id='word_1_735' title='bbox 2688 4906 2798 4961; x_wconf 79' lang='grc' dir='ltr'><strong>ἀπὸ</strong></span> <span class='ocrx_word' id='word_1_736' title='bbox 2829 4906 2955 4979; x_wconf 77' lang='grc' dir='ltr'>γῆς,</span> <span class='ocrx_word' id='word_1_737' title='bbox 2984 4907 3063 4971; x_wconf 85' lang='grc' dir='ltr'><strong>είς</strong></span> <span class='ocrx_word' id='word_1_738' title='bbox 3090 4906 3190 4977; x_wconf 77' lang='grc' dir='ltr'>τὴν</span> <span class='ocrx_word' id='word_1_739' title='bbox 3213 4903 3319 4976; x_wconf 76' lang='grc' dir='ltr'>γῆν</span> <span class='ocrx_word' id='word_1_740' title='bbox 3341 4899 3694 4958; x_wconf 70' lang='grc' dir='ltr'>ἐπελεύσεται.</span> <span class='ocrx_word' id='word_1_741' title='bbox 3731 4914 3744 4947; x_wconf 83' lang='grc' dir='ltr'><strong>ι</strong></span> 
     </span>
    </p>
   </div>
   <div class='ocr_carea' id='block_1_102' title="bbox 2285 5083 3747 5163">
    <p class='ocr_par' dir='ltr' id='par_1_102' title="bbox 2285 5083 3747 5163">
     <span class='ocr_line' id='line_1_102' title="bbox 2285 5083 3747 5163; baseline -0.008 -18"><span class='ocrx_word' id='word_1_742' title='bbox 2285 5112 2302 5145; x_wconf 84' lang='grc' dir='ltr'><strong>ι</strong></span> <span class='ocrx_word' id='word_1_743' title='bbox 2345 5090 2520 5148; x_wconf 80' lang='grc' dir='ltr'>Αὐτοῦ</span> <span class='ocrx_word' id='word_1_744' title='bbox 2550 5093 2718 5163; x_wconf 80' lang='grc' dir='ltr'>ἐσμεν</span> <span class='ocrx_word' id='word_1_745' title='bbox 2742 5088 2977 5161; x_wconf 86' lang='grc' dir='ltr'>ποίημα,</span> <span class='ocrx_word' id='word_1_746' title='bbox 3010 5085 3328 5152; x_wconf 80' lang='grc' dir='ltr'>κτισθέντες</span> <span class='ocrx_word' id='word_1_747' title='bbox 3353 5086 3411 5140; x_wconf 86' lang='lat' dir='ltr'><strong>tv</strong></span> <span class='ocrx_word' id='word_1_748' title='bbox 3433 5085 3608 5159; x_wconf 87' lang='grc' dir='ltr'>ἔργοις</span> <span class='ocrx_word' id='word_1_749' title='bbox 3633 5083 3747 5151; x_wconf 75' lang='grc' dir='ltr'>ἁγα-</span> 
     </span>
    </p>
   </div>
   <div class='ocr_carea' id='block_1_103' title="bbox 2207 5176 3744 5259">
    <p class='ocr_par' dir='ltr' id='par_1_103' title="bbox 2207 5176 3744 5259">
     <span class='ocr_line' id='line_1_103' title="bbox 2207 5176 3744 5259; baseline -0.008 -17"><span class='ocrx_word' id='word_1_750' title='bbox 2207 5187 2317 5251; x_wconf 81' lang='grc' dir='ltr'><strong>Οοῖς</strong></span> <span class='ocrx_word' id='word_1_751' title='bbox 2348 5188 2404 5241; x_wconf 88' lang='lat' dir='ltr'><strong>tv</strong></span> <span class='ocrx_word' id='word_1_752' title='bbox 2435 5186 2478 5240; x_wconf 85' lang='grc' dir='ltr'>Χ</span> <span class='ocrx_word' id='word_1_753' title='bbox 2489 5184 2658 5259; x_wconf 82' lang='grc' dir='ltr'>ριστῷ</span> <span class='ocrx_word' id='word_1_754' title='bbox 2704 5181 2898 5256; x_wconf 85' lang='grc' dir='ltr'>Ἰησοῦ,</span> <span class='ocrx_word' id='word_1_755' title='bbox 2926 5176 3009 5248; x_wconf 74' lang='grc' dir='ltr'>οἷς</span> <span class='ocrx_word' id='word_1_756' title='bbox 3034 5181 3439 5254; x_wconf 85' lang='grc' dir='ltr'>προητοίμασεν</span> <span class='ocrx_word' id='word_1_757' title='bbox 3464 5184 3490 5236; x_wconf 90' lang='grc' dir='ltr'><strong>ὁ</strong></span> <span class='ocrx_word' id='word_1_758' title='bbox 3520 5181 3656 5243; x_wconf 72' lang='grc' dir='ltr'>Θεὸς,</span> <span class='ocrx_word' id='word_1_759' title='bbox 3677 5178 3744 5230; x_wconf 79' lang='grc' dir='ltr'>ἵνα</span> 
     </span>
    </p>
   </div>
   <div class='ocr_carea' id='block_1_104' title="bbox 2205 5276 3014 5350">
    <p class='ocr_par' dir='ltr' id='par_1_104' title="bbox 2205 5276 3014 5350">
     <span class='ocr_line' id='line_1_104' title="bbox 2205 5276 3014 5350; baseline -0.005 -18"><span class='ocrx_word' id='word_1_760' title='bbox 2205 5280 2264 5332; x_wconf 83' lang='grc' dir='ltr'>ὲν</span> <span class='ocrx_word' id='word_1_761' title='bbox 2289 5276 2438 5348; x_wconf 81' lang='grc' dir='ltr'>αύτῷ</span> <span class='ocrx_word' id='word_1_762' title='bbox 2467 5277 2954 5350; x_wconf 83' lang='grc' dir='ltr'>περιπατήσωμεν.</span> <span class='ocrx_word' id='word_1_763' title='bbox 2995 5294 3014 5328; x_wconf 74' lang='grc' dir='ltr'><strong>ι</strong></span> 
     </span>
    </p>
   </div>
   <div class='ocr_carea' id='block_1_105' title="bbox 2280 5361 3739 5440">
    <p class='ocr_par' dir='ltr' id='par_1_105' title="bbox 2280 5361 3739 5440">
     <span class='ocr_line' id='line_1_105' title="bbox 2280 5361 3739 5440; baseline -0.004 -19"><span class='ocrx_word' id='word_1_764' title='bbox 2280 5387 2297 5420; x_wconf 83' lang='grc' dir='ltr'><strong>ι</strong></span> <span class='ocrx_word' id='word_1_765' title='bbox 2336 5369 2625 5440; x_wconf 84' lang='grc' dir='ltr'>Βουληοε“ις</span> <span class='ocrx_word' id='word_1_766' title='bbox 2678 5367 2989 5439; x_wconf 83' lang='grc' dir='ltr'>ἀπεκύησεν</span> <span class='ocrx_word' id='word_1_767' title='bbox 3035 5367 3184 5440; x_wconf 79' lang='grc' dir='ltr'>ἡμᾶς</span> <span class='ocrx_word' id='word_1_768' title='bbox 3210 5366 3356 5439; x_wconf 83' lang='grc' dir='ltr'>λόγῳ</span> <span class='ocrx_word' id='word_1_769' title='bbox 3388 5365 3646 5438; x_wconf 82' lang='grc' dir='ltr'>ἀληθείας,</span> <span class='ocrx_word' id='word_1_770' title='bbox 3677 5361 3739 5423; x_wconf 74' lang='grc' dir='ltr'><strong>εἰς</strong></span> 
     </span>
    </p>
   </div>
   <div class='ocr_carea' id='block_1_106' title="bbox 519 5440 2100 5534">
    <p class='ocr_par' dir='ltr' id='par_1_106' title="bbox 519 5440 2086 5534">
     <span class='ocr_line' id='line_1_106' title="bbox 519 5440 2086 5534; baseline 0.016 -41"><span class='ocrx_word' id='word_1_771' title='bbox 519 5440 722 5534; x_wconf 62' lang='lat' dir='ltr'><strong>vitatis,</strong></span> <span class='ocrx_word' id='word_1_772' title='bbox 772 5451 832 5497; x_wconf 90' lang='lat' dir='ltr'><strong>ut</strong></span> <span class='ocrx_word' id='word_1_773' title='bbox 873 5443 1048 5500; x_wconf 91' lang='lat' dir='ltr'><strong>simus</strong></span> <span class='ocrx_word' id='word_1_774' title='bbox 1079 5445 1295 5502; x_wconf 91' lang='lat' dir='ltr'><strong>initium</strong></span> <span class='ocrx_word' id='word_1_775' title='bbox 1329 5451 1552 5523; x_wconf 83' lang='lat' dir='ltr'><strong>aliquod</strong></span> <span class='ocrx_word' id='word_1_776' title='bbox 1586 5464 1855 5515; x_wconf 78' lang='lat' dir='ltr'><strong>creaturae</strong></span> <span class='ocrx_word' id='word_1_777' title='bbox 1884 5461 2021 5533; x_wconf 86' lang='lat' dir='ltr'><strong>ejus.</strong></span> <span class='ocrx_word' id='word_1_778' title='bbox 2069 5485 2086 5517; x_wconf 77' lang='grc' dir='ltr'><strong>ι</strong></span> 
     </span>
    </p>
   </div>
   <div class='ocr_carea' id='block_1_107' title="bbox 2230 5440 3732 5534">
    <p class='ocr_par' dir='ltr' id='par_1_107' title="bbox 2235 5457 3732 5534">
     <span class='ocr_line' id='line_1_107' title="bbox 2235 5457 3732 5534; baseline -0.005 -19"><span class='ocrx_word' id='word_1_779' title='bbox 2235 5461 2260 5515; x_wconf 74' lang='grc' dir='ltr'>ὸ</span> <span class='ocrx_word' id='word_1_780' title='bbox 2286 5457 2422 5517; x_wconf 79' lang='grc' dir='ltr'>εἶναι</span> <span class='ocrx_word' id='word_1_781' title='bbox 2445 5463 2591 5534; x_wconf 79' lang='grc' dir='ltr'>ἡμᾶς</span> <span class='ocrx_word' id='word_1_782' title='bbox 2614 5463 2870 5534; x_wconf 82' lang='grc' dir='ltr'>ἀπαρχήν</span> <span class='ocrx_word' id='word_1_783' title='bbox 2895 5478 3017 5516; x_wconf 89' lang='grc' dir='ltr'>τινα</span> <span class='ocrx_word' id='word_1_784' title='bbox 3034 5459 3145 5514; x_wconf 86' lang='grc' dir='ltr'><strong>τῶν</strong></span> <span class='ocrx_word' id='word_1_785' title='bbox 3174 5460 3368 5516; x_wconf 78' lang='grc' dir='ltr'>ἑαυτοῦ</span> <span class='ocrx_word' id='word_1_786' title='bbox 3395 5460 3697 5531; x_wconf 75' lang='grc' dir='ltr'>κτισμάτων.</span> <span class='ocrx_word' id='word_1_787' title='bbox 3718 5473 3732 5507; x_wconf 82' lang='grc' dir='ltr'><strong>ι</strong></span> 
     </span>
    </p>
   </div>
   <div class='ocr_carea' id='block_1_108' title="bbox 587 5533 2094 5622">
    <p class='ocr_par' dir='ltr' id='par_1_108' title="bbox 587 5533 2094 5622">
     <span class='ocr_line' id='line_1_108' title="bbox 587 5533 2094 5622; baseline 0.015 -30"><span class='ocrx_word' id='word_1_788' title='bbox 587 5533 864 5592; x_wconf 64' lang='lat' dir='ltr'><strong>Cluvienus</strong></span> <span class='ocrx_word' id='word_1_789' title='bbox 897 5554 1067 5609; x_wconf 65' lang='lat' dir='ltr'><strong>papa,</strong></span> <span class='ocrx_word' id='word_1_790' title='bbox 1097 5542 1249 5611; x_wconf 73' lang='lat' dir='ltr'><strong>epist.</strong></span> <span class='ocrx_word' id='word_1_791' title='bbox 1286 5545 1335 5598; x_wconf 81' lang='grc'><strong>1.</strong></span> <span class='ocrx_word' id='word_1_792' title='bbox 1366 5575 1435 5587; x_wconf 66' lang='grc' dir='ltr'><strong>ο·-</strong></span> <span class='ocrx_word' id='word_1_793' title='bbox 1459 5546 1595 5602; x_wconf 87' lang='lat' dir='ltr'><strong>Cum</strong></span> <span class='ocrx_word' id='word_1_794' title='bbox 1627 5551 1743 5622; x_wconf 89' lang='lat' dir='ltr'><strong>ipse</strong></span> <span class='ocrx_word' id='word_1_795' title='bbox 1777 5557 1848 5611; x_wconf 89' lang='lat' dir='ltr'><strong>sit</strong></span> <span class='ocrx_word' id='word_1_796' title='bbox 1875 5571 2094 5615; x_wconf 67' lang='lat' dir='ltr'><strong>creator</strong></span> 
     </span>
    </p>
   </div>
   <div class='ocr_carea' id='block_1_109' title="bbox 2271 5551 3736 5630">
    <p class='ocr_par' dir='ltr' id='par_1_109' title="bbox 2271 5551 3736 5630">
     <span class='ocr_line' id='line_1_109' title="bbox 2271 5551 3736 5630; baseline -0.005 -19"><span class='ocrx_word' id='word_1_797' title='bbox 2271 5557 2442 5621; x_wconf 77' lang='grc' dir='ltr'>Αὐτὸς</span> <span class='ocrx_word' id='word_1_798' title='bbox 2475 5557 2503 5611; x_wconf 95' lang='grc' dir='ltr'><strong>ὁ</strong></span> <span class='ocrx_word' id='word_1_799' title='bbox 2532 5555 2878 5630; x_wconf 73' lang='grc' dir='ltr'>Δημιουργὸς</span> <span class='ocrx_word' id='word_1_800' title='bbox 2931 5555 3028 5611; x_wconf 73' lang='grc' dir='ltr'>καὶ</span> <span class='ocrx_word' id='word_1_801' title='bbox 3071 5555 3349 5628; x_wconf 78' lang='grc' dir='ltr'>Δεσπότης</span> <span class='ocrx_word' id='word_1_802' title='bbox 3387 5554 3492 5609; x_wconf 87' lang='grc' dir='ltr'><strong>τῶν</strong></span> <span class='ocrx_word' id='word_1_803' title='bbox 3520 5551 3736 5609; x_wconf 77' lang='grc' dir='ltr'>ἁπάντων</span> 
     </span>
    </p>
   </div>
   <div class='ocr_carea' id='block_1_110' title="bbox 1836 5665 2496 5729">
    <p class='ocr_par' dir='ltr' id='par_1_110' title="bbox 1836 5665 2496 5729">
     <span class='ocr_line' id='line_1_110' title="bbox 1836 5665 2496 5729; baseline 0.014 -9"><span class='ocrx_word' id='word_1_804' title='bbox 1836 5665 2066 5725; x_wconf 68' lang='lat' dir='ltr'><strong>VARLE</strong></span> <span class='ocrx_word' id='word_1_805' title='bbox 2100 5669 2496 5729; x_wconf 83' lang='lat' dir='ltr'><strong>LECTIONES.</strong></span> 
     </span>
    </p>
   </div>
   <div class='ocr_carea' id='block_1_111' title="bbox 623 5743 3724 5844">
    <p class='ocr_par' dir='ltr' id='par_1_111' title="bbox 623 5743 3724 5844">
     <span class='ocr_line' id='line_1_111' title="bbox 623 5743 3724 5844; baseline 0.003 -36"><span class='ocrx_word' id='word_1_806' title='bbox 623 5743 1414 5844; x_wconf 37' lang='grc' dir='ltr'>ξ.ξίξιῐξο-ςηέοοόιομςιίίιίοιιοιη</span> <span class='ocrx_word' id='word_1_807' title='bbox 1456 5755 1688 5826; x_wconf 82' lang='lat' dir='ltr'><strong>Usserii,</strong></span> <span class='ocrx_word' id='word_1_808' title='bbox 1723 5762 1815 5831; x_wconf 87' lang='lat' dir='ltr'><strong>qui</strong></span> <span class='ocrx_word' id='word_1_809' title='bbox 1857 5780 1921 5820; x_wconf 75' lang='lat' dir='ltr'><strong>ex</strong></span> <span class='ocrx_word' id='word_1_810' title='bbox 1962 5768 2365 5838; x_wconf 67' lang='lat' dir='ltr'><strong>coniectatione</strong></span> <span class='ocrx_word' id='word_1_811' title='bbox 2398 5768 2471 5825; x_wconf 84' lang='lat' dir='ltr'><strong>ita</strong></span> <span class='ocrx_word' id='word_1_812' title='bbox 2502 5767 2842 5838; x_wconf 85' lang='lat' dir='ltr'><strong>restituerat,</strong></span> <span class='ocrx_word' id='word_1_813' title='bbox 2883 5766 3052 5825; x_wconf 75' lang='grc' dir='ltr'>αιἠοῦ</span> <span class='ocrx_word' id='word_1_814' title='bbox 3101 5769 3264 5844; x_wconf 68' lang='grc' dir='ltr'>σοφίᾳ</span> <span class='ocrx_word' id='word_1_815' title='bbox 3313 5769 3603 5841; x_wconf 72' lang='grc' dir='ltr'>ἐκόσμησεν</span> <span class='ocrx_word' id='word_1_816' title='bbox 3648 5759 3724 5816; x_wconf 75' lang='lat' dir='ltr'><strong>ati-</strong></span> 
     </span>
    </p>
   </div>
   <div class='ocr_carea' id='block_1_112' title="bbox 511 5812 1245 5893">
    <p class='ocr_par' dir='ltr' id='par_1_112' title="bbox 511 5812 1245 5893">
     <span class='ocr_line' id='line_1_112' title="bbox 511 5812 1245 5893; baseline 0.007 -21"><span class='ocrx_word' id='word_1_817' title='bbox 511 5812 642 5879; x_wconf 67' lang='grc' dir='ltr'>ιΰύς</span> <span class='ocrx_word' id='word_1_818' title='bbox 661 5832 674 5845; x_wconf 86' lang='lat'><strong><em>°</em></strong></span> <span class='ocrx_word' id='word_1_819' title='bbox 702 5818 807 5888; x_wconf 79' lang='grc' dir='ltr'>γῆν</span> <span class='ocrx_word' id='word_1_820' title='bbox 834 5835 893 5873; x_wconf 84' lang='grc' dir='ltr'><strong>τε</strong></span> <span class='ocrx_word' id='word_1_821' title='bbox 920 5818 1245 5893; x_wconf 77' lang='grc' dir='ltr'>διεμέρισεν.</span> 
     </span>
    </p>
   </div>
  </div>
