  <div class='ocr_page' id='page_1' title='image "/cluster/home/n/w/nwhite01/storage/ocr_20150623/95/hvd.32044073502106/556.png"; bbox 0 0 3926 6256; ppageno 0'>
   <div class='ocr_carea' id='block_1_1' title="bbox 257 252 387 322">
    <p class='ocr_par' dir='ltr' id='par_1_1' title="bbox 257 252 387 322">
     <span class='ocr_line' id='line_1_1' title="bbox 257 252 387 322; baseline 0 -2"><span class='ocrx_word' id='word_1_1' title='bbox 257 252 387 322; x_wconf 81' lang='grc' dir='ltr'><strong>11θί</strong></span> 
     </span>
    </p>
   </div>
   <div class='ocr_carea' id='block_1_2' title="bbox 1587 256 2339 319">
    <p class='ocr_par' dir='ltr' id='par_1_2' title="bbox 1587 256 2339 319">
     <span class='ocr_line' id='line_1_2' title="bbox 1587 256 2339 319; baseline 0 -1"><span class='ocrx_word' id='word_1_2' title='bbox 1587 258 1828 319; x_wconf 73' lang='lat' dir='ltr'><strong>SACRA</strong></span> <span class='ocrx_word' id='word_1_3' title='bbox 1867 256 1957 318; x_wconf 85' lang='lat' dir='ltr'><strong>PA</strong></span> <span class='ocrx_word' id='word_1_4' title='bbox 1971 257 2305 318; x_wconf 73' lang='lat' dir='ltr'><strong>RALLELA</strong></span> <span class='ocrx_word' id='word_1_5' title='bbox 2326 305 2339 318; x_wconf 95' lang='lat'><strong>.</strong></span> 
     </span>
    </p>
   </div>
   <div class='ocr_carea' id='block_1_3' title="bbox 3373 245 3511 312">
    <p class='ocr_par' dir='ltr' id='par_1_3' title="bbox 3373 245 3511 312">
     <span class='ocr_line' id='line_1_3' title="bbox 3373 245 3511 312; baseline 0.022 -2"><span class='ocrx_word' id='word_1_6' title='bbox 3373 245 3511 312; x_wconf 72' lang='lat'><strong>1102</strong></span> 
     </span>
    </p>
   </div>
   <div class='ocr_carea' id='block_1_4' title="bbox 249 363 1796 453">
    <p class='ocr_par' dir='ltr' id='par_1_4' title="bbox 249 374 1796 453">
     <span class='ocr_line' id='line_1_4' title="bbox 249 374 1796 453; baseline -0.001 -21"><span class='ocrx_word' id='word_1_7' title='bbox 249 378 337 432; x_wconf 75' lang='grc' dir='ltr'><strong>ἰπὶ</strong></span> <span class='ocrx_word' id='word_1_8' title='bbox 366 377 477 440; x_wconf 80' lang='grc' dir='ltr'><strong>τοίς</strong></span> <span class='ocrx_word' id='word_1_9' title='bbox 505 375 688 447; x_wconf 87' lang='grc' dir='ltr'><strong>ἔργοις</strong></span> <span class='ocrx_word' id='word_1_10' title='bbox 733 374 898 430; x_wconf 74' lang='grc' dir='ltr'><strong>αὑτοῦ</strong></span> <span class='ocrx_word' id='word_1_11' title='bbox 937 376 1256 453; x_wconf 79' lang='grc' dir='ltr'><strong>ἀγάλλεται.</strong></span> <span class='ocrx_word' id='word_1_12' title='bbox 1286 375 1379 452; x_wconf 79' lang='grc' dir='ltr'><strong>Τῷ</strong></span> <span class='ocrx_word' id='word_1_13' title='bbox 1400 377 1510 450; x_wconf 78' lang='grc' dir='ltr'><strong>γὰρ</strong></span> <span class='ocrx_word' id='word_1_14' title='bbox 1538 393 1796 449; x_wconf 86' lang='grc' dir='ltr'><strong>παμμεγε</strong></span> 
     </span>
    </p>
   </div>
   <div class='ocr_carea' id='block_1_5' title="bbox 1904 363 3506 453">
    <p class='ocr_par' dir='ltr' id='par_1_5' title="bbox 1927 363 3506 443">
     <span class='ocr_line' id='line_1_5' title="bbox 1927 363 3506 443; baseline -0.007 -13"><span class='ocrx_word' id='word_1_15' title='bbox 1927 383 1981 430; x_wconf 92' lang='lat' dir='ltr'><strong>et</strong></span> <span class='ocrx_word' id='word_1_16' title='bbox 2023 373 2287 430; x_wconf 80' lang='lat' dir='ltr'><strong>Dominus</strong></span> <span class='ocrx_word' id='word_1_17' title='bbox 2317 372 2585 442; x_wconf 89' lang='lat' dir='ltr'><strong>omnium,</strong></span> <span class='ocrx_word' id='word_1_18' title='bbox 2637 373 2692 428; x_wconf 92' lang='lat' dir='ltr'><strong>in</strong></span> <span class='ocrx_word' id='word_1_19' title='bbox 2738 369 3000 443; x_wconf 88' lang='lat' dir='ltr'><strong>operibus</strong></span> <span class='ocrx_word' id='word_1_20' title='bbox 3031 366 3358 430; x_wconf 79' lang='lat' dir='ltr'><strong>delectatur,</strong></span> <span class='ocrx_word' id='word_1_21' title='bbox 3408 363 3506 420; x_wconf 46' lang='lat' dir='ltr'><strong>Et.</strong></span> 
     </span>
    </p>
   </div>
   <div class='ocr_carea' id='block_1_6' title="bbox 245 459 1827 544">
    <p class='ocr_par' dir='ltr' id='par_1_6' title="bbox 245 459 1827 544">
     <span class='ocr_line' id='line_1_6' title="bbox 245 459 1827 544; baseline 0.001 -24"><span class='ocrx_word' id='word_1_22' title='bbox 245 465 424 540; x_wconf 80' lang='grc' dir='ltr'><strong>στάτῳ</strong></span> <span class='ocrx_word' id='word_1_23' title='bbox 445 464 609 522; x_wconf 85' lang='grc' dir='ltr'><strong>αὐτοῦ</strong></span> <span class='ocrx_word' id='word_1_24' title='bbox 636 467 824 540; x_wconf 73' lang='grc' dir='ltr'><strong>κρᾶιτει</strong></span> <span class='ocrx_word' id='word_1_25' title='bbox 852 459 1118 541; x_wconf 70' lang='grc' dir='ltr'><strong>οὐρανοὺς</strong></span> <span class='ocrx_word' id='word_1_26' title='bbox 1141 468 1444 544; x_wconf 72' lang='grc' dir='ltr'><strong>ἐστήριξεν,</strong></span> <span class='ocrx_word' id='word_1_27' title='bbox 1478 467 1570 523; x_wconf 67' lang='grc' dir='ltr'><strong>καὶ</strong></span> <span class='ocrx_word' id='word_1_28' title='bbox 1599 471 1665 541; x_wconf 75' lang='grc' dir='ltr'><strong>τῇ</strong></span> <span class='ocrx_word' id='word_1_29' title='bbox 1691 469 1827 522; x_wconf 79' lang='grc' dir='ltr'><strong>ἀκα-</strong></span> 
     </span>
    </p>
   </div>
   <div class='ocr_carea' id='block_1_7' title="bbox 243 561 1825 640">
    <p class='ocr_par' dir='ltr' id='par_1_7' title="bbox 243 561 1825 640">
     <span class='ocr_line' id='line_1_7' title="bbox 243 561 1825 640; baseline 0.002 -24"><span class='ocrx_word' id='word_1_30' title='bbox 243 561 500 636; x_wconf 70' lang='grc' dir='ltr'><strong>ταλήπτῳ</strong></span> <span class='ocrx_word' id='word_1_31' title='bbox 528 563 693 618; x_wconf 79' lang='grc' dir='ltr'><strong>αὑτοῦ</strong></span> <span class='ocrx_word' id='word_1_32' title='bbox 733 563 949 620; x_wconf 81' lang='grc' dir='ltr'><strong>συνείσει</strong></span> <span class='ocrx_word' id='word_1_33' title='bbox 973 564 1337 640; x_wconf 75' lang='grc' dir='ltr'><strong>διεκόσμησεν</strong></span> <span class='ocrx_word' id='word_1_34' title='bbox 1376 564 1607 634; x_wconf 72' lang='grc' dir='ltr'><strong>αὐτούς·</strong></span> <span class='ocrx_word' id='word_1_35' title='bbox 1636 569 1738 638; x_wconf 81' lang='grc' dir='ltr'><strong>γῆν</strong></span> <span class='ocrx_word' id='word_1_36' title='bbox 1766 564 1825 618; x_wconf 67' lang='grc' dir='ltr'><strong>δὲ</strong></span> 
     </span>
    </p>
   </div>
   <div class='ocr_carea' id='block_1_8' title="bbox 245 651 1824 731">
    <p class='ocr_par' dir='ltr' id='par_1_8' title="bbox 245 651 1824 731">
     <span class='ocr_line' id='line_1_8' title="bbox 245 651 1824 731; baseline 0.003 -23"><span class='ocrx_word' id='word_1_37' title='bbox 245 651 506 728; x_wconf 78' lang='grc' dir='ltr'><strong>ἐχώρισεν</strong></span> <span class='ocrx_word' id='word_1_38' title='bbox 544 656 654 711; x_wconf 86' lang='grc' dir='ltr'><strong>ἀπὸ</strong></span> <span class='ocrx_word' id='word_1_39' title='bbox 715 655 806 712; x_wconf 83' lang='grc' dir='ltr'><strong>τοῦ</strong></span> <span class='ocrx_word' id='word_1_40' title='bbox 849 657 1198 731; x_wconf 69' lang='grc' dir='ltr'><strong>περιέχοντος</strong></span> <span class='ocrx_word' id='word_1_41' title='bbox 1249 658 1422 731; x_wconf 80' lang='grc' dir='ltr'><strong>αὐτὴν</strong></span> <span class='ocrx_word' id='word_1_42' title='bbox 1457 657 1670 726; x_wconf 79' lang='grc' dir='ltr'><strong>ὓδατος,</strong></span> <span class='ocrx_word' id='word_1_43' title='bbox 1729 659 1824 713; x_wconf 74' lang='grc' dir='ltr'><strong>καὶ</strong></span> 
     </span>
    </p>
   </div>
   <div class='ocr_carea' id='block_1_9' title="bbox 239 746 1823 822">
    <p class='ocr_par' dir='ltr' id='par_1_9' title="bbox 239 746 1823 822">
     <span class='ocr_line' id='line_1_9' title="bbox 239 746 1823 822; baseline 0.002 -22"><span class='ocrx_word' id='word_1_44' title='bbox 239 746 472 820; x_wconf 73' lang='grc' dir='ltr'><strong>ἤδρασεν</strong></span> <span class='ocrx_word' id='word_1_45' title='bbox 510 747 602 801; x_wconf 74' lang='grc' dir='ltr'><strong>ἐπὶ</strong></span> <span class='ocrx_word' id='word_1_46' title='bbox 637 747 730 803; x_wconf 88' lang='grc' dir='ltr'><strong>τὸν</strong></span> <span class='ocrx_word' id='word_1_47' title='bbox 775 749 997 820; x_wconf 80' lang='grc' dir='ltr'><strong>ἀσφαλῆ</strong></span> <span class='ocrx_word' id='word_1_48' title='bbox 1027 747 1124 805; x_wconf 91' lang='grc' dir='ltr'><strong>τοῦ</strong></span> <span class='ocrx_word' id='word_1_49' title='bbox 1162 749 1296 806; x_wconf 86' lang='grc' dir='ltr'><strong>ἰδίου</strong></span> <span class='ocrx_word' id='word_1_50' title='bbox 1326 748 1632 822; x_wconf 78' lang='grc' dir='ltr'><strong>θελήματος</strong></span> <span class='ocrx_word' id='word_1_51' title='bbox 1660 747 1823 821; x_wconf 74' lang='grc' dir='ltr'><strong>θεμέ-</strong></span> 
     </span>
    </p>
   </div>
   <div class='ocr_carea' id='block_1_10' title="bbox 237 839 1818 919">
    <p class='ocr_par' dir='ltr' id='par_1_10' title="bbox 237 839 1818 919">
     <span class='ocr_line' id='line_1_10' title="bbox 237 839 1818 919; baseline 0.001 -25"><span class='ocrx_word' id='word_1_52' title='bbox 237 839 374 919; x_wconf 85' lang='grc' dir='ltr'><strong>λιον.</strong></span> <span class='ocrx_word' id='word_1_53' title='bbox 417 839 544 895; x_wconf 81' lang='grc' dir='ltr'><strong>Ἐπὶ</strong></span> <span class='ocrx_word' id='word_1_54' title='bbox 573 841 785 908; x_wconf 81' lang='grc' dir='ltr'><strong>τούτοις</strong></span> <span class='ocrx_word' id='word_1_55' title='bbox 827 841 922 896; x_wconf 77' lang='grc' dir='ltr'><strong>τὸν</strong></span> <span class='ocrx_word' id='word_1_56' title='bbox 972 840 1308 913; x_wconf 59' lang='grc' dir='ltr'><strong>ἐξοχώτατοι)</strong></span> <span class='ocrx_word' id='word_1_57' title='bbox 1342 842 1438 897; x_wconf 73' lang='grc' dir='ltr'><strong>καὶ</strong></span> <span class='ocrx_word' id='word_1_58' title='bbox 1487 840 1818 914; x_wconf 81' lang='grc' dir='ltr'><strong>παμμεγέθη</strong></span> 
     </span>
    </p>
   </div>
   <div class='ocr_carea' id='block_1_11' title="bbox 237 932 1819 1007">
    <p class='ocr_par' dir='ltr' id='par_1_11' title="bbox 237 932 1819 1007">
     <span class='ocr_line' id='line_1_11' title="bbox 237 932 1819 1007; baseline -0.002 -17"><span class='ocrx_word' id='word_1_59' title='bbox 237 932 522 1007; x_wconf 74' lang='grc' dir='ltr'><strong>ἄνθρωπον</strong></span> <span class='ocrx_word' id='word_1_60' title='bbox 575 935 696 998; x_wconf 79' lang='grc' dir='ltr'><strong>ταῖς</strong></span> <span class='ocrx_word' id='word_1_61' title='bbox 745 934 907 998; x_wconf 85' lang='grc' dir='ltr'><strong>ἰδίαις</strong></span> <span class='ocrx_word' id='word_1_62' title='bbox 961 933 1128 992; x_wconf 81' lang='grc' dir='ltr'><strong>αὑτοῦ</strong></span> <span class='ocrx_word' id='word_1_63' title='bbox 1177 935 1275 992; x_wconf 68' lang='grc' dir='ltr'><strong>καὶ</strong></span> <span class='ocrx_word' id='word_1_64' title='bbox 1313 933 1571 1007; x_wconf 83' lang='grc' dir='ltr'><strong>ἀμώμοις</strong></span> <span class='ocrx_word' id='word_1_65' title='bbox 1628 934 1819 1006; x_wconf 71' lang='grc' dir='ltr'><strong>χερσὶν</strong></span> 
     </span>
    </p>
   </div>
   <div class='ocr_carea' id='block_1_12' title="bbox 236 1025 1816 1101">
    <p class='ocr_par' dir='ltr' id='par_1_12' title="bbox 236 1025 1816 1101">
     <span class='ocr_line' id='line_1_12' title="bbox 236 1025 1816 1101; baseline 0.001 -21"><span class='ocrx_word' id='word_1_66' title='bbox 236 1025 492 1091; x_wconf 82' lang='grc' dir='ltr'><strong>ἔπλασεν,</strong></span> <span class='ocrx_word' id='word_1_67' title='bbox 524 1027 626 1100; x_wconf 79' lang='grc' dir='ltr'><strong>τῆς</strong></span> <span class='ocrx_word' id='word_1_68' title='bbox 654 1026 848 1084; x_wconf 70' lang='grc' dir='ltr'><strong>ἑαυτοῦ</strong></span> <span class='ocrx_word' id='word_1_69' title='bbox 874 1026 1084 1093; x_wconf 87' lang='grc' dir='ltr'><strong>εἰκόνος</strong></span> <span class='ocrx_word' id='word_1_70' title='bbox 1114 1029 1458 1101; x_wconf 73' lang='grc' dir='ltr'><strong>χαρακτῆρα.</strong></span> <span class='ocrx_word' id='word_1_71' title='bbox 1492 1027 1679 1093; x_wconf 80' lang='grc' dir='ltr'><strong>Οὕτως</strong></span> <span class='ocrx_word' id='word_1_72' title='bbox 1706 1025 1816 1100; x_wconf 87' lang='grc' dir='ltr'><strong>γάρ</strong></span> 
     </span>
    </p>
   </div>
   <div class='ocr_carea' id='block_1_13' title="bbox 236 1117 1816 1192">
    <p class='ocr_par' dir='ltr' id='par_1_13' title="bbox 236 1117 1816 1192">
     <span class='ocr_line' id='line_1_13' title="bbox 236 1117 1816 1192; baseline 0.001 -21"><span class='ocrx_word' id='word_1_73' title='bbox 236 1135 400 1188; x_wconf 83' lang='grc' dir='ltr'><strong>φησιν</strong></span> <span class='ocrx_word' id='word_1_74' title='bbox 431 1117 614 1184; x_wconf 82' lang='grc' dir='ltr'><strong>όΘεός</strong></span> <span class='ocrx_word' id='word_1_75' title='bbox 635 1135 650 1150; x_wconf 84' lang='grc'><strong>·</strong></span> <span class='ocrx_word' id='word_1_76' title='bbox 685 1135 707 1172; x_wconf 85' lang='grc' dir='ltr'><strong>ε</strong></span> <span class='ocrx_word' id='word_1_77' title='bbox 763 1119 1091 1192; x_wconf 71' lang='grc' dir='ltr'><strong>Ποιήσωμεν</strong></span> <span class='ocrx_word' id='word_1_78' title='bbox 1129 1118 1419 1190; x_wconf 73' lang='grc' dir='ltr'><strong>ἄνθρωπον</strong></span> <span class='ocrx_word' id='word_1_79' title='bbox 1454 1120 1577 1174; x_wconf 78' lang='grc' dir='ltr'><strong>κατ’</strong></span> <span class='ocrx_word' id='word_1_80' title='bbox 1631 1119 1816 1174; x_wconf 82' lang='grc' dir='ltr'><strong>εἰκόνα</strong></span> 
     </span>
    </p>
   </div>
   <div class='ocr_carea' id='block_1_14' title="bbox 233 1207 1814 1283">
    <p class='ocr_par' dir='ltr' id='par_1_14' title="bbox 233 1207 1814 1283">
     <span class='ocr_line' id='line_1_14' title="bbox 233 1207 1814 1283; baseline 0.003 -23"><span class='ocrx_word' id='word_1_81' title='bbox 233 1207 527 1279; x_wconf 73' lang='grc' dir='ltr'><strong>ἡμετέραν,</strong></span> <span class='ocrx_word' id='word_1_82' title='bbox 570 1208 665 1262; x_wconf 71' lang='grc' dir='ltr'><strong>καὶ</strong></span> <span class='ocrx_word' id='word_1_83' title='bbox 697 1207 821 1263; x_wconf 84' lang='grc' dir='ltr'><strong>καθ’</strong></span> <span class='ocrx_word' id='word_1_84' title='bbox 841 1209 1122 1282; x_wconf 79' lang='grc' dir='ltr'><strong>ὁμοίωσιν.</strong></span> <span class='ocrx_word' id='word_1_85' title='bbox 1172 1207 1284 1265; x_wconf 77' lang='grc' dir='ltr'><strong>Καὶ</strong></span> <span class='ocrx_word' id='word_1_86' title='bbox 1321 1209 1583 1283; x_wconf 79' lang='grc' dir='ltr'><strong>ἐποίησεν</strong></span> <span class='ocrx_word' id='word_1_87' title='bbox 1622 1211 1652 1264; x_wconf 82' lang='grc' dir='ltr'><strong>ό</strong></span> <span class='ocrx_word' id='word_1_88' title='bbox 1681 1209 1814 1275; x_wconf 80' lang='grc' dir='ltr'><strong>Θεὸς</strong></span> 
     </span>
    </p>
   </div>
   <div class='ocr_carea' id='block_1_15' title="bbox 229 1300 1806 1377">
    <p class='ocr_par' dir='ltr' id='par_1_15' title="bbox 229 1300 1806 1377">
     <span class='ocr_line' id='line_1_15' title="bbox 229 1300 1806 1377; baseline 0.003 -24"><span class='ocrx_word' id='word_1_89' title='bbox 229 1300 320 1354; x_wconf 84' lang='grc' dir='ltr'><strong>τὸν</strong></span> <span class='ocrx_word' id='word_1_90' title='bbox 370 1300 681 1374; x_wconf 71' lang='grc' dir='ltr'><strong>ἄνθρωπον,</strong></span> <span class='ocrx_word' id='word_1_91' title='bbox 736 1302 905 1374; x_wconf 79' lang='grc' dir='ltr'><strong>ἄρσεν</strong></span> <span class='ocrx_word' id='word_1_92' title='bbox 946 1302 1042 1359; x_wconf 71' lang='grc' dir='ltr'><strong>καὶ</strong></span> <span class='ocrx_word' id='word_1_93' title='bbox 1070 1301 1207 1375; x_wconf 71' lang='grc' dir='ltr'><strong>θῆλυ</strong></span> <span class='ocrx_word' id='word_1_94' title='bbox 1245 1303 1502 1377; x_wconf 73' lang='grc' dir='ltr'><strong>ἐποίησεν</strong></span> <span class='ocrx_word' id='word_1_95' title='bbox 1533 1303 1751 1370; x_wconf 81' lang='grc' dir='ltr'><strong>αὐτούς.</strong></span> <span class='ocrx_word' id='word_1_96' title='bbox 1787 1324 1806 1358; x_wconf 74' lang='grc' dir='ltr'><strong>ε</strong></span> 
     </span>
    </p>
   </div>
   <div class='ocr_carea' id='block_1_16' title="bbox 229 1386 1812 1470">
    <p class='ocr_par' dir='ltr' id='par_1_16' title="bbox 229 1386 1812 1470">
     <span class='ocr_line' id='line_1_16' title="bbox 229 1386 1812 1470; baseline 0.007 -27"><span class='ocrx_word' id='word_1_97' title='bbox 229 1387 417 1444; x_wconf 87' lang='grc' dir='ltr'><strong>Ταῦτα</strong></span> <span class='ocrx_word' id='word_1_98' title='bbox 439 1386 536 1445; x_wconf 83' lang='grc' dir='ltr'><strong>οὖν</strong></span> <span class='ocrx_word' id='word_1_99' title='bbox 554 1391 737 1448; x_wconf 81' lang='grc' dir='ltr'><strong>πάντα</strong></span> <span class='ocrx_word' id='word_1_100' title='bbox 763 1391 1077 1460; x_wconf 76' lang='grc' dir='ltr'><strong>τελειώσας,</strong></span> <span class='ocrx_word' id='word_1_101' title='bbox 1116 1393 1374 1467; x_wconf 64' lang='grc' dir='ltr'><strong>ἐποίησεν</strong></span> <span class='ocrx_word' id='word_1_102' title='bbox 1398 1395 1558 1465; x_wconf 81' lang='grc' dir='ltr'><strong>αὐτὰ,</strong></span> <span class='ocrx_word' id='word_1_103' title='bbox 1585 1396 1680 1452; x_wconf 77' lang='grc' dir='ltr'><strong>καὶ</strong></span> <span class='ocrx_word' id='word_1_104' title='bbox 1711 1398 1812 1470; x_wconf 82' lang='grc' dir='ltr'><strong>ηὗ-</strong></span> 
     </span>
    </p>
   </div>
   <div class='ocr_carea' id='block_1_17' title="bbox 226 1479 1767 1559">
    <p class='ocr_par' dir='ltr' id='par_1_17' title="bbox 226 1479 1767 1559">
     <span class='ocr_line' id='line_1_17' title="bbox 226 1479 1767 1559; baseline 0.005 -23"><span class='ocrx_word' id='word_1_105' title='bbox 226 1480 448 1555; x_wconf 80' lang='grc' dir='ltr'><strong>λόγησε,</strong></span> <span class='ocrx_word' id='word_1_106' title='bbox 483 1484 580 1539; x_wconf 78' lang='grc' dir='ltr'><strong>καὶ</strong></span> <span class='ocrx_word' id='word_1_107' title='bbox 609 1479 764 1540; x_wconf 84' lang='grc' dir='ltr'><strong>εῐπεν</strong></span> <span class='ocrx_word' id='word_1_108' title='bbox 787 1502 805 1521; x_wconf 80' lang='grc' dir='ltr'><strong><em>ο</em></strong></span> <span class='ocrx_word' id='word_1_109' title='bbox 840 1504 859 1540; x_wconf 80' lang='grc' dir='ltr'><strong>ι</strong></span> <span class='ocrx_word' id='word_1_110' title='bbox 889 1485 1196 1555; x_wconf 76' lang='grc' dir='ltr'><strong>Αὒξάνεσθε</strong></span> <span class='ocrx_word' id='word_1_111' title='bbox 1224 1486 1319 1543; x_wconf 73' lang='grc' dir='ltr'><strong>καὶ</strong></span> <span class='ocrx_word' id='word_1_112' title='bbox 1348 1487 1708 1559; x_wconf 74' lang='grc' dir='ltr'><strong>πληθῦνεσθε.</strong></span> <span class='ocrx_word' id='word_1_113' title='bbox 1747 1509 1767 1543; x_wconf 75' lang='grc' dir='ltr'><strong>ο</strong></span> 
     </span>
    </p>
   </div>
   <div class='ocr_carea' id='block_1_18' title="bbox 293 1577 1808 1654">
    <p class='ocr_par' dir='ltr' id='par_1_18' title="bbox 293 1577 1808 1654">
     <span class='ocr_line' id='line_1_18' title="bbox 293 1577 1808 1654; baseline 0.003 -22"><span class='ocrx_word' id='word_1_114' title='bbox 293 1577 395 1643; x_wconf 87' lang='grc' dir='ltr'><strong>Τίς</strong></span> <span class='ocrx_word' id='word_1_115' title='bbox 418 1577 626 1634; x_wconf 78' lang='grc' dir='ltr'><strong>ὀστέων</strong></span> <span class='ocrx_word' id='word_1_116' title='bbox 645 1577 876 1652; x_wconf 69' lang='grc' dir='ltr'><strong>ἐξῆπται</strong></span> <span class='ocrx_word' id='word_1_117' title='bbox 895 1578 1134 1650; x_wconf 78' lang='grc' dir='ltr'><strong>ἀτηκτον</strong></span> <span class='ocrx_word' id='word_1_118' title='bbox 1152 1580 1374 1650; x_wconf 76' lang='grc' dir='ltr'><strong>οὔτίαν;</strong></span> <span class='ocrx_word' id='word_1_119' title='bbox 1398 1580 1481 1647; x_wconf 88' lang='grc' dir='ltr'><strong>τίς</strong></span> <span class='ocrx_word' id='word_1_120' title='bbox 1500 1579 1558 1638; x_wconf 68' lang='grc' dir='ltr'><strong>δί</strong></span> <span class='ocrx_word' id='word_1_121' title='bbox 1583 1583 1808 1654; x_wconf 75' lang='grc' dir='ltr'><strong>συνέδη-</strong></span> 
     </span>
    </p>
   </div>
   <div class='ocr_carea' id='block_1_19' title="bbox 223 1671 1806 1749">
    <p class='ocr_par' dir='ltr' id='par_1_19' title="bbox 223 1671 1806 1749">
     <span class='ocr_line' id='line_1_19' title="bbox 223 1671 1806 1749; baseline 0.002 -22"><span class='ocrx_word' id='word_1_122' title='bbox 223 1688 316 1728; x_wconf 87' lang='grc' dir='ltr'><strong>σεν</strong></span> <span class='ocrx_word' id='word_1_123' title='bbox 343 1671 716 1728; x_wconf 82' lang='grc' dir='ltr'><strong>ἰπιτείνεσθαι</strong></span> <span class='ocrx_word' id='word_1_124' title='bbox 745 1671 982 1745; x_wconf 82' lang='grc' dir='ltr'><strong>νεύροις,</strong></span> <span class='ocrx_word' id='word_1_125' title='bbox 1017 1673 1112 1730; x_wconf 77' lang='grc' dir='ltr'><strong>καὶ</strong></span> <span class='ocrx_word' id='word_1_126' title='bbox 1139 1674 1386 1730; x_wconf 87' lang='grc' dir='ltr'><strong>ἀνίεσθαι</strong></span> <span class='ocrx_word' id='word_1_127' title='bbox 1419 1676 1549 1749; x_wconf 73' lang='grc' dir='ltr'><strong>περὶ</strong></span> <span class='ocrx_word' id='word_1_128' title='bbox 1575 1674 1674 1741; x_wconf 82' lang='grc' dir='ltr'><strong>τάς</strong></span> <span class='ocrx_word' id='word_1_129' title='bbox 1705 1675 1806 1749; x_wconf 85' lang='grc' dir='ltr'><strong>ἀρ-</strong></span> 
     </span>
    </p>
   </div>
   <div class='ocr_carea' id='block_1_20' title="bbox 225 1755 1880 1844">
    <p class='ocr_par' dir='ltr' id='par_1_20' title="bbox 225 1755 1880 1844">
     <span class='ocr_line' id='line_1_20' title="bbox 225 1755 1880 1844; baseline 0.011 -25"><span class='ocrx_word' id='word_1_130' title='bbox 225 1764 400 1836; x_wconf 89' lang='grc' dir='ltr'><strong>μογάς</strong></span> <span class='ocrx_word' id='word_1_131' title='bbox 421 1765 786 1840; x_wconf 82' lang='grc' dir='ltr'><strong>καμπτόμενα</strong></span> <span class='ocrx_word' id='word_1_132' title='bbox 806 1767 875 1822; x_wconf 78' lang='grc' dir='ltr'><strong>τὰ</strong></span> <span class='ocrx_word' id='word_1_133' title='bbox 908 1767 1046 1842; x_wconf 64' lang='grc' dir='ltr'><strong>μέλη</strong></span> <span class='ocrx_word' id='word_1_134' title='bbox 1068 1785 1082 1836; x_wconf 92' lang='lat'><strong>;</strong></span> <span class='ocrx_word' id='word_1_135' title='bbox 1114 1768 1200 1834; x_wconf 87' lang='grc' dir='ltr'><strong>τίς</strong></span> <span class='ocrx_word' id='word_1_136' title='bbox 1223 1769 1284 1836; x_wconf 81' lang='grc' dir='ltr'><strong>ὃς</strong></span> <span class='ocrx_word' id='word_1_137' title='bbox 1302 1769 1555 1842; x_wconf 75' lang='grc' dir='ltr'><strong>ἔζύμωσε</strong></span> <span class='ocrx_word' id='word_1_138' title='bbox 1575 1771 1803 1844; x_wconf 81' lang='grc' dir='ltr'><strong>χυμοὺς.</strong></span> <span class='ocrx_word' id='word_1_139' title='bbox 1840 1755 1880 1812; x_wconf 71' lang='grc' dir='ltr'><strong><em>Β</em></strong></span> 
     </span>
    </p>
   </div>
   <div class='ocr_carea' id='block_1_21' title="bbox 218 1859 1803 1938">
    <p class='ocr_par' dir='ltr' id='par_1_21' title="bbox 218 1859 1803 1938">
     <span class='ocr_line' id='line_1_21' title="bbox 218 1859 1803 1938; baseline 0.004 -24"><span class='ocrx_word' id='word_1_140' title='bbox 218 1859 416 1924; x_wconf 84' lang='grc' dir='ltr'><strong>δεύσας</strong></span> <span class='ocrx_word' id='word_1_141' title='bbox 462 1861 678 1932; x_wconf 80' lang='grc' dir='ltr'><strong>αἵματι,</strong></span> <span class='ocrx_word' id='word_1_142' title='bbox 718 1862 812 1918; x_wconf 69' lang='grc' dir='ltr'><strong>καὶ</strong></span> <span class='ocrx_word' id='word_1_143' title='bbox 842 1861 1128 1937; x_wconf 75' lang='grc' dir='ltr'><strong>μαλθακὴν</strong></span> <span class='ocrx_word' id='word_1_144' title='bbox 1167 1867 1302 1938; x_wconf 71' lang='grc' dir='ltr'><strong>ἡμῖν</strong></span> <span class='ocrx_word' id='word_1_145' title='bbox 1331 1867 1398 1921; x_wconf 75' lang='grc' dir='ltr'><strong>ἐκ</strong></span> <span class='ocrx_word' id='word_1_146' title='bbox 1429 1865 1553 1938; x_wconf 86' lang='grc' dir='ltr'><strong>χοὸς</strong></span> <span class='ocrx_word' id='word_1_147' title='bbox 1587 1866 1803 1938; x_wconf 71' lang='grc' dir='ltr'><strong>σάρκας</strong></span> 
     </span>
    </p>
   </div>
   <div class='ocr_carea' id='block_1_22' title="bbox 220 1953 1806 2033">
    <p class='ocr_par' dir='ltr' id='par_1_22' title="bbox 220 1953 1806 2033">
     <span class='ocr_line' id='line_1_22' title="bbox 220 1953 1806 2033; baseline 0.005 -25"><span class='ocrx_word' id='word_1_148' title='bbox 220 1953 394 2022; x_wconf 72' lang='grc' dir='ltr'><strong>Μόνος</strong></span> <span class='ocrx_word' id='word_1_149' title='bbox 440 1955 470 2009; x_wconf 87' lang='grc' dir='ltr'><strong>ό</strong></span> <span class='ocrx_word' id='word_1_150' title='bbox 503 1957 898 2030; x_wconf 80' lang='grc' dir='ltr'><strong>ἀριστοτέχνης</strong></span> <span class='ocrx_word' id='word_1_151' title='bbox 933 1959 1032 2032; x_wconf 75' lang='grc' dir='ltr'><strong>τὴν</strong></span> <span class='ocrx_word' id='word_1_152' title='bbox 1065 1957 1441 2033; x_wconf 83' lang='grc' dir='ltr'><strong>λογικωτάτην</strong></span> <span class='ocrx_word' id='word_1_153' title='bbox 1481 1961 1667 2016; x_wconf 88' lang='grc' dir='ltr'><strong>εἰκόνα</strong></span> <span class='ocrx_word' id='word_1_154' title='bbox 1710 1960 1806 2017; x_wconf 77' lang='grc' dir='ltr'><strong>καὶ</strong></span> 
     </span>
    </p>
   </div>
   <div class='ocr_carea' id='block_1_23' title="bbox 219 2046 1802 2126">
    <p class='ocr_par' dir='ltr' id='par_1_23' title="bbox 219 2046 1802 2126">
     <span class='ocr_line' id='line_1_23' title="bbox 219 2046 1802 2126; baseline 0.005 -26"><span class='ocrx_word' id='word_1_155' title='bbox 219 2046 464 2120; x_wconf 72' lang='grc' dir='ltr'><strong>ἔμψυχον</strong></span> <span class='ocrx_word' id='word_1_156' title='bbox 484 2048 578 2102; x_wconf 91' lang='grc' dir='ltr'><strong>τὸν</strong></span> <span class='ocrx_word' id='word_1_157' title='bbox 597 2048 909 2121; x_wconf 77' lang='grc' dir='ltr'><strong>ἄνθρωπον,</strong></span> <span class='ocrx_word' id='word_1_158' title='bbox 942 2052 1092 2122; x_wconf 76' lang='grc' dir='ltr'><strong>ἡμᾶς</strong></span> <span class='ocrx_word' id='word_1_159' title='bbox 1129 2051 1326 2107; x_wconf 73' lang='grc' dir='ltr'><strong>ἑαυτοῦ</strong></span> <span class='ocrx_word' id='word_1_160' title='bbox 1358 2055 1802 2126; x_wconf 80' lang='grc' dir='ltr'><strong>τεκταινόμενος,</strong></span> 
     </span>
    </p>
   </div>
   <div class='ocr_carea' id='block_1_24' title="bbox 218 2140 1806 2220">
    <p class='ocr_par' dir='ltr' id='par_1_24' title="bbox 218 2140 1806 2220">
     <span class='ocr_line' id='line_1_24' title="bbox 218 2140 1806 2220; baseline 0.004 -25"><span class='ocrx_word' id='word_1_161' title='bbox 218 2141 312 2195; x_wconf 74' lang='grc' dir='ltr'><strong>καὶ</strong></span> <span class='ocrx_word' id='word_1_162' title='bbox 336 2140 740 2214; x_wconf 67' lang='grc' dir='ltr'><strong>κηροπλαστιῖΝ</strong></span> <span class='ocrx_word' id='word_1_163' title='bbox 758 2142 820 2210; x_wconf 77' lang='grc' dir='ltr'><strong>ἐξ</strong></span> <span class='ocrx_word' id='word_1_164' title='bbox 842 2143 1024 2214; x_wconf 78' lang='grc' dir='ltr'><strong>ὑγρῶν</strong></span> <span class='ocrx_word' id='word_1_165' title='bbox 1052 2143 1148 2200; x_wconf 82' lang='grc' dir='ltr'><strong>καὶ</strong></span> <span class='ocrx_word' id='word_1_166' title='bbox 1177 2144 1535 2218; x_wconf 82' lang='grc' dir='ltr'><strong>βραχυτάτων</strong></span> <span class='ocrx_word' id='word_1_167' title='bbox 1559 2147 1806 2220; x_wconf 77' lang='grc' dir='ltr'><strong>σπερμά-</strong></span> 
     </span>
    </p>
   </div>
   <div class='ocr_carea' id='block_1_25' title="bbox 215 2233 1804 2311">
    <p class='ocr_par' dir='ltr' id='par_1_25' title="bbox 215 2233 1804 2311">
     <span class='ocr_line' id='line_1_25' title="bbox 215 2233 1804 2311; baseline 0.006 -25"><span class='ocrx_word' id='word_1_168' title='bbox 215 2251 323 2290; x_wconf 84' lang='grc' dir='ltr'><strong>των</strong></span> <span class='ocrx_word' id='word_1_169' title='bbox 351 2234 410 2288; x_wconf 75' lang='grc' dir='ltr'><strong>ἔν</strong></span> <span class='ocrx_word' id='word_1_170' title='bbox 442 2235 652 2306; x_wconf 74' lang='grc' dir='ltr'><strong>μήτρᾳ.</strong></span> <span class='ocrx_word' id='word_1_171' title='bbox 688 2233 785 2302; x_wconf 85' lang='grc' dir='ltr'><strong>Τίς</strong></span> <span class='ocrx_word' id='word_1_172' title='bbox 827 2235 934 2309; x_wconf 86' lang='grc' dir='ltr'><strong>γάρ</strong></span> <span class='ocrx_word' id='word_1_173' title='bbox 985 2238 1135 2292; x_wconf 76' lang='grc' dir='ltr'><strong>ἐστιν</strong></span> <span class='ocrx_word' id='word_1_174' title='bbox 1169 2236 1200 2291; x_wconf 84' lang='grc' dir='ltr'>ὁ</span> <span class='ocrx_word' id='word_1_175' title='bbox 1226 2236 1679 2311; x_wconf 72' lang='grc' dir='ltr'><strong>προμηθούμενος</strong></span> <span class='ocrx_word' id='word_1_176' title='bbox 1729 2238 1804 2309; x_wconf 83' lang='grc' dir='ltr'><strong>μὴ</strong></span> 
     </span>
    </p>
   </div>
   <div class='ocr_carea' id='block_1_26' title="bbox 217 2327 1804 2404">
    <p class='ocr_par' dir='ltr' id='par_1_26' title="bbox 217 2327 1804 2404">
     <span class='ocr_line' id='line_1_26' title="bbox 217 2327 1804 2404; baseline 0.003 -24"><span class='ocrx_word' id='word_1_177' title='bbox 217 2327 626 2399; x_wconf 86' lang='grc' dir='ltr'><strong>συμπνίγεσθαι</strong></span> <span class='ocrx_word' id='word_1_178' title='bbox 658 2327 737 2401; x_wconf 83' lang='grc' dir='ltr'><strong>τῷ</strong></span> <span class='ocrx_word' id='word_1_179' title='bbox 767 2329 938 2402; x_wconf 78' lang='grc' dir='ltr'><strong>ὑγρῷ,</strong></span> <span class='ocrx_word' id='word_1_180' title='bbox 978 2331 1074 2386; x_wconf 67' lang='grc' dir='ltr'><strong>καὶ</strong></span> <span class='ocrx_word' id='word_1_181' title='bbox 1103 2331 1171 2404; x_wconf 73' lang='grc' dir='ltr'><strong>τῇ</strong></span> <span class='ocrx_word' id='word_1_182' title='bbox 1200 2333 1401 2404; x_wconf 81' lang='grc' dir='ltr'><strong>συνοχῇ</strong></span> <span class='ocrx_word' id='word_1_183' title='bbox 1434 2330 1546 2386; x_wconf 83' lang='grc' dir='ltr'><strong>τῶν</strong></span> <span class='ocrx_word' id='word_1_184' title='bbox 1568 2331 1804 2402; x_wconf 77' lang='grc' dir='ltr'><strong>ἀγγείων</strong></span> 
     </span>
    </p>
   </div>
   <div class='ocr_carea' id='block_1_27' title="bbox 216 2420 1805 2497">
    <p class='ocr_par' dir='ltr' id='par_1_27' title="bbox 216 2420 1805 2497">
     <span class='ocr_line' id='line_1_27' title="bbox 216 2420 1805 2497; baseline 0.002 -23"><span class='ocrx_word' id='word_1_185' title='bbox 216 2420 666 2492; x_wconf 74' lang='grc' dir='ltr'><strong>ὲπικλειζόμενον</strong></span> <span class='ocrx_word' id='word_1_186' title='bbox 718 2420 827 2477; x_wconf 84' lang='grc' dir='ltr'><strong>ἔσω</strong></span> <span class='ocrx_word' id='word_1_187' title='bbox 869 2422 929 2477; x_wconf 85' lang='grc' dir='ltr'><strong>τὸ</strong></span> <span class='ocrx_word' id='word_1_188' title='bbox 977 2422 1254 2497; x_wconf 83' lang='grc' dir='ltr'><strong>ἔμϐρυον;</strong></span> <span class='ocrx_word' id='word_1_189' title='bbox 1305 2422 1339 2495; x_wconf 74' lang='grc' dir='ltr'>ἢ</span> <span class='ocrx_word' id='word_1_190' title='bbox 1385 2422 1471 2488; x_wconf 85' lang='grc' dir='ltr'><strong>τίς</strong></span> <span class='ocrx_word' id='word_1_191' title='bbox 1517 2423 1546 2478; x_wconf 83' lang='grc' dir='ltr'><strong>ό</strong></span> <span class='ocrx_word' id='word_1_192' title='bbox 1578 2422 1716 2496; x_wconf 86' lang='grc' dir='ltr'><strong>μετά</strong></span> <span class='ocrx_word' id='word_1_193' title='bbox 1744 2423 1805 2478; x_wconf 86' lang='grc' dir='ltr'><strong>τὸ</strong></span> 
     </span>
    </p>
   </div>
   <div class='ocr_carea' id='block_1_28' title="bbox 212 2513 1802 2590">
    <p class='ocr_par' dir='ltr' id='par_1_28' title="bbox 212 2513 1802 2590">
     <span class='ocr_line' id='line_1_28' title="bbox 212 2513 1802 2590; baseline 0 -20"><span class='ocrx_word' id='word_1_194' title='bbox 212 2513 564 2588; x_wconf 78' lang='grc' dir='ltr'><strong>λοχευθῆναι,</strong></span> <span class='ocrx_word' id='word_1_195' title='bbox 598 2513 694 2573; x_wconf 66' lang='grc' dir='ltr'><strong>κα)⁵</strong></span> <span class='ocrx_word' id='word_1_196' title='bbox 725 2516 807 2580; x_wconf 81' lang='grc' dir='ltr'><strong>είς</strong></span> <span class='ocrx_word' id='word_1_197' title='bbox 839 2516 953 2588; x_wconf 82' lang='grc' dir='ltr'><strong>φῶς</strong></span> <span class='ocrx_word' id='word_1_198' title='bbox 992 2515 1258 2582; x_wconf 75' lang='grc' dir='ltr'><strong>ἀνελθεῖν,</strong></span> <span class='ocrx_word' id='word_1_199' title='bbox 1305 2517 1385 2583; x_wconf 89' lang='grc' dir='ltr'><strong>εἰς</strong></span> <span class='ocrx_word' id='word_1_200' title='bbox 1413 2516 1664 2590; x_wconf 77' lang='grc' dir='ltr'><strong>μέγεθος,</strong></span> <span class='ocrx_word' id='word_1_201' title='bbox 1707 2515 1802 2572; x_wconf 71' lang='grc' dir='ltr'><strong>καὶ</strong></span> 
     </span>
    </p>
   </div>
   <div class='ocr_carea' id='block_1_29' title="bbox 213 2608 1804 2684">
    <p class='ocr_par' dir='ltr' id='par_1_29' title="bbox 213 2608 1804 2684">
     <span class='ocr_line' id='line_1_29' title="bbox 213 2608 1804 2684; baseline -0.001 -20"><span class='ocrx_word' id='word_1_202' title='bbox 213 2608 431 2679; x_wconf 76' lang='grc' dir='ltr'><strong>κάλλος,</strong></span> <span class='ocrx_word' id='word_1_203' title='bbox 467 2610 564 2665; x_wconf 78' lang='grc' dir='ltr'><strong>καί</strong></span> <span class='ocrx_word' id='word_1_204' title='bbox 598 2608 815 2684; x_wconf 78' lang='grc' dir='ltr'><strong>ῥώμην,</strong></span> <span class='ocrx_word' id='word_1_205' title='bbox 849 2609 911 2676; x_wconf 76' lang='grc' dir='ltr'>ἐξ</span> <span class='ocrx_word' id='word_1_206' title='bbox 937 2608 1200 2674; x_wconf 76' lang='grc' dir='ltr'><strong>ἀσθενοῦς</strong></span> <span class='ocrx_word' id='word_1_207' title='bbox 1230 2610 1324 2665; x_wconf 75' lang='grc' dir='ltr'><strong>καὶ</strong></span> <span class='ocrx_word' id='word_1_208' title='bbox 1357 2608 1590 2682; x_wconf 79' lang='grc' dir='ltr'><strong>βραχέος</strong></span> <span class='ocrx_word' id='word_1_209' title='bbox 1636 2626 1804 2683; x_wconf 81' lang='grc' dir='ltr'><strong>μετα-</strong></span> 
     </span>
    </p>
   </div>
   <div class='ocr_carea' id='block_1_30' title="bbox 211 2698 1798 2778">
    <p class='ocr_par' dir='ltr' id='par_1_30' title="bbox 211 2698 1798 2778">
     <span class='ocr_line' id='line_1_30' title="bbox 211 2698 1798 2778; baseline 0.002 -23"><span class='ocrx_word' id='word_1_210' title='bbox 211 2701 446 2769; x_wconf 75' lang='grc' dir='ltr'><strong>ϐάλλων,</strong></span> <span class='ocrx_word' id='word_1_211' title='bbox 481 2705 530 2758; x_wconf 90' lang='grc' dir='ltr'><strong>εἰ</strong></span> <span class='ocrx_word' id='word_1_212' title='bbox 561 2705 636 2776; x_wconf 81' lang='grc' dir='ltr'><strong>μὴ</strong></span> <span class='ocrx_word' id='word_1_213' title='bbox 665 2704 827 2769; x_wconf 79' lang='grc' dir='ltr'><strong>αὐτὸς</strong></span> <span class='ocrx_word' id='word_1_214' title='bbox 850 2698 1004 2770; x_wconf 70' lang='grc' dir='ltr'><strong>οὗτος</strong></span> <span class='ocrx_word' id='word_1_215' title='bbox 1031 2704 1060 2758; x_wconf 83' lang='grc' dir='ltr'><strong>ὁ</strong></span> <span class='ocrx_word' id='word_1_216' title='bbox 1089 2703 1502 2778; x_wconf 78' lang='grc' dir='ltr'><strong>ἀριστοτέχνης,</strong></span> <span class='ocrx_word' id='word_1_217' title='bbox 1529 2703 1607 2770; x_wconf 82' lang='grc' dir='ltr'><strong>ὡς</strong></span> <span class='ocrx_word' id='word_1_218' title='bbox 1639 2701 1798 2776; x_wconf 79' lang='grc' dir='ltr'><strong>ἔφην,</strong></span> 
     </span>
    </p>
   </div>
   <div class='ocr_carea' id='block_1_31' title="bbox 210 2795 1801 2871">
    <p class='ocr_par' dir='ltr' id='par_1_31' title="bbox 210 2795 1801 2871">
     <span class='ocr_line' id='line_1_31' title="bbox 210 2795 1801 2871; baseline 0 -21"><span class='ocrx_word' id='word_1_219' title='bbox 210 2795 362 2862; x_wconf 85' lang='grc' dir='ltr'><strong>Θεὸς,</strong></span> <span class='ocrx_word' id='word_1_220' title='bbox 411 2798 486 2870; x_wconf 70' lang='grc' dir='ltr'><strong>τῇ</strong></span> <span class='ocrx_word' id='word_1_221' title='bbox 541 2799 800 2870; x_wconf 74' lang='grc' dir='ltr'><strong>ποιητικῇ</strong></span> <span class='ocrx_word' id='word_1_222' title='bbox 860 2795 1088 2871; x_wconf 75' lang='grc' dir='ltr'><strong>δυνάμει</strong></span> <span class='ocrx_word' id='word_1_223' title='bbox 1142 2796 1665 2870; x_wconf 80' lang='grc' dir='ltr'><strong>μετασχηματίζων,</strong></span> <span class='ocrx_word' id='word_1_224' title='bbox 1704 2796 1801 2852; x_wconf 74' lang='grc' dir='ltr'><strong>καὶ</strong></span> 
     </span>
    </p>
   </div>
   <div class='ocr_carea' id='block_1_32' title="bbox 212 2888 1797 2963">
    <p class='ocr_par' dir='ltr' id='par_1_32' title="bbox 212 2888 1797 2963">
     <span class='ocr_line' id='line_1_32' title="bbox 212 2888 1797 2963; baseline 0.001 -20"><span class='ocrx_word' id='word_1_225' title='bbox 212 2889 668 2963; x_wconf 76' lang='grc' dir='ltr'><strong>μεταζωγραφῶν</strong></span> <span class='ocrx_word' id='word_1_226' title='bbox 712 2890 814 2955; x_wconf 75' lang='grc' dir='ltr'><strong>τὰς</strong></span> <span class='ocrx_word' id='word_1_227' title='bbox 847 2889 1034 2958; x_wconf 82' lang='grc' dir='ltr'><strong>ίδέας;</strong></span> <span class='ocrx_word' id='word_1_228' title='bbox 1077 2888 1139 2944; x_wconf 82' lang='grc' dir='ltr'>ὐ</span> <span class='ocrx_word' id='word_1_229' title='bbox 1171 2889 1302 2954; x_wconf 89' lang='grc' dir='ltr'><strong>Θεὸς</strong></span> <span class='ocrx_word' id='word_1_230' title='bbox 1337 2889 1609 2945; x_wconf 80' lang='grc' dir='ltr'><strong>ἀθανασία</strong></span> <span class='ocrx_word' id='word_1_231' title='bbox 1659 2890 1797 2957; x_wconf 71' lang='grc' dir='ltr'><strong>ἐστὶ,</strong></span> 
     </span>
    </p>
   </div>
   <div class='ocr_carea' id='block_1_33' title="bbox 208 2981 1796 3058">
    <p class='ocr_par' dir='ltr' id='par_1_33' title="bbox 208 2981 1796 3058">
     <span class='ocr_line' id='line_1_33' title="bbox 208 2981 1796 3058; baseline -0.001 -20"><span class='ocrx_word' id='word_1_232' title='bbox 208 2983 301 3039; x_wconf 75' lang='grc' dir='ltr'><strong>καὶ</strong></span> <span class='ocrx_word' id='word_1_233' title='bbox 329 2983 474 3058; x_wconf 73' lang='grc' dir='ltr'><strong>ζωὴ,</strong></span> <span class='ocrx_word' id='word_1_234' title='bbox 530 2984 625 3040; x_wconf 74' lang='grc' dir='ltr'><strong>καὶ</strong></span> <span class='ocrx_word' id='word_1_235' title='bbox 656 2982 965 3055; x_wconf 78' lang='grc' dir='ltr'><strong>ἀφθαρσίαο</strong></span> <span class='ocrx_word' id='word_1_236' title='bbox 996 2981 1159 3055; x_wconf 86' lang='grc' dir='ltr'><strong>ἔργον</strong></span> <span class='ocrx_word' id='word_1_237' title='bbox 1191 2981 1250 3037; x_wconf 67' lang='grc' dir='ltr'><strong>δὲ</strong></span> <span class='ocrx_word' id='word_1_238' title='bbox 1305 2981 1592 3055; x_wconf 76' lang='grc' dir='ltr'><strong>ἄνθρωπος</strong></span> <span class='ocrx_word' id='word_1_239' title='bbox 1620 2981 1756 3038; x_wconf 85' lang='grc' dir='ltr'><strong>Θεοῦ</strong></span> <span class='ocrx_word' id='word_1_240' title='bbox 1780 2997 1796 3014; x_wconf 85' lang='grc'>⁶</span> 
     </span>
    </p>
   </div>
   <div class='ocr_carea' id='block_1_34' title="bbox 208 3074 1797 3148">
    <p class='ocr_par' dir='ltr' id='par_1_34' title="bbox 208 3074 1797 3148">
     <span class='ocr_line' id='line_1_34' title="bbox 208 3074 1797 3148; baseline -0.001 -16"><span class='ocrx_word' id='word_1_241' title='bbox 208 3078 312 3132; x_wconf 80' lang='grc' dir='ltr'><strong>πᾶν</strong></span> <span class='ocrx_word' id='word_1_242' title='bbox 347 3075 408 3132; x_wconf 65' lang='grc' dir='ltr'><strong>δὲ</strong></span> <span class='ocrx_word' id='word_1_243' title='bbox 455 3074 517 3132; x_wconf 82' lang='grc' dir='ltr'><strong>τὸ</strong></span> <span class='ocrx_word' id='word_1_244' title='bbox 553 3076 661 3130; x_wconf 81' lang='grc' dir='ltr'><strong>ὑπὸ</strong></span> <span class='ocrx_word' id='word_1_245' title='bbox 701 3075 1002 3141; x_wconf 82' lang='grc' dir='ltr'><strong>ἀθανασίας</strong></span> <span class='ocrx_word' id='word_1_246' title='bbox 1039 3074 1333 3148; x_wconf 70' lang='grc' dir='ltr'><strong>ὶργασθὲν,</strong></span> <span class='ocrx_word' id='word_1_247' title='bbox 1381 3074 1670 3131; x_wconf 74' lang='grc' dir='ltr'><strong>ἀθάνατον.</strong></span> <span class='ocrx_word' id='word_1_248' title='bbox 1703 3077 1797 3130; x_wconf 81' lang='grc' dir='ltr'><strong>Διὸ</strong></span> 
     </span>
    </p>
   </div>
   <div class='ocr_carea' id='block_1_35' title="bbox 1925 459 3508 540">
    <p class='ocr_par' dir='ltr' id='par_1_35' title="bbox 1925 459 3508 540">
     <span class='ocr_line' id='line_1_35' title="bbox 1925 459 3508 540; baseline -0.008 -15"><span class='ocrx_word' id='word_1_249' title='bbox 1925 469 2068 525; x_wconf 86' lang='lat' dir='ltr'><strong>enim</strong></span> <span class='ocrx_word' id='word_1_250' title='bbox 2122 467 2510 540; x_wconf 79' lang='lat' dir='ltr'><strong>ingentissimo</strong></span> <span class='ocrx_word' id='word_1_251' title='bbox 2551 465 2753 522; x_wconf 89' lang='lat' dir='ltr'><strong>robore</strong></span> <span class='ocrx_word' id='word_1_252' title='bbox 2805 481 2908 524; x_wconf 91' lang='lat' dir='ltr'><strong>suo</strong></span> <span class='ocrx_word' id='word_1_253' title='bbox 2955 463 3127 521; x_wconf 74' lang='lat' dir='ltr'><strong>oculos</strong></span> <span class='ocrx_word' id='word_1_254' title='bbox 3177 459 3413 526; x_wconf 83' lang='lat' dir='ltr'><strong>fulcivit,</strong></span> <span class='ocrx_word' id='word_1_255' title='bbox 3451 468 3508 515; x_wconf 82' lang='lat' dir='ltr'><strong>et</strong></span> 
     </span>
    </p>
   </div>
   <div class='ocr_carea' id='block_1_36' title="bbox 1926 556 3505 634">
    <p class='ocr_par' dir='ltr' id='par_1_36' title="bbox 1926 556 3505 634">
     <span class='ocr_line' id='line_1_36' title="bbox 1926 556 3505 634; baseline -0.004 -16"><span class='ocrx_word' id='word_1_256' title='bbox 1926 561 2466 634; x_wconf 85' lang='lat' dir='ltr'><strong>incomprehensibili</strong></span> <span class='ocrx_word' id='word_1_257' title='bbox 2499 560 2775 617; x_wconf 83' lang='lat' dir='ltr'><strong>industria</strong></span> <span class='ocrx_word' id='word_1_258' title='bbox 2827 574 2926 616; x_wconf 84' lang='lat' dir='ltr'><strong>sua</strong></span> <span class='ocrx_word' id='word_1_259' title='bbox 2974 556 3193 614; x_wconf 83' lang='lat' dir='ltr'><strong>ornavit</strong></span> <span class='ocrx_word' id='word_1_260' title='bbox 3240 573 3260 614; x_wconf 88' lang='lat'><strong>:</strong></span> <span class='ocrx_word' id='word_1_261' title='bbox 3300 563 3505 611; x_wconf 86' lang='lat' dir='ltr'><strong>terram</strong></span> 
     </span>
    </p>
   </div>
   <div class='ocr_carea' id='block_1_37' title="bbox 1922 650 3509 724">
    <p class='ocr_par' dir='ltr' id='par_1_37' title="bbox 1922 650 3509 724">
     <span class='ocr_line' id='line_1_37' title="bbox 1922 650 3509 724; baseline -0.005 -14"><span class='ocrx_word' id='word_1_262' title='bbox 1922 665 2103 710; x_wconf 84' lang='lat' dir='ltr'><strong>autem</strong></span> <span class='ocrx_word' id='word_1_263' title='bbox 2143 653 2393 710; x_wconf 71' lang='lat' dir='ltr'><strong>distinxit</strong></span> <span class='ocrx_word' id='word_1_264' title='bbox 2440 653 2508 708; x_wconf 87' lang='lat' dir='ltr'><strong>ab</strong></span> <span class='ocrx_word' id='word_1_265' title='bbox 2548 666 2692 724; x_wconf 87' lang='lat' dir='ltr'><strong>aqua</strong></span> <span class='ocrx_word' id='word_1_266' title='bbox 2740 665 2861 708; x_wconf 88' lang='lat' dir='ltr'><strong>eam</strong></span> <span class='ocrx_word' id='word_1_267' title='bbox 2909 650 3205 717; x_wconf 84' lang='lat' dir='ltr'><strong>ambiente,</strong></span> <span class='ocrx_word' id='word_1_268' title='bbox 3237 656 3294 704; x_wconf 88' lang='lat' dir='ltr'><strong>et</strong></span> <span class='ocrx_word' id='word_1_269' title='bbox 3341 663 3509 721; x_wconf 84' lang='lat' dir='ltr'><strong>super</strong></span> 
     </span>
    </p>
   </div>
   <div class='ocr_carea' id='block_1_38' title="bbox 1924 738 3529 804">
    <p class='ocr_par' dir='ltr' id='par_1_38' title="bbox 1924 738 3529 804">
     <span class='ocr_line' id='line_1_38' title="bbox 1924 738 3529 804; baseline -0.006 -2"><span class='ocrx_word' id='word_1_270' title='bbox 1924 757 2041 803; x_wconf 88' lang='lat' dir='ltr'><strong>tuto</strong></span> <span class='ocrx_word' id='word_1_271' title='bbox 2072 747 2372 804; x_wconf 70' lang='lat' dir='ltr'><strong>voluntatis</strong></span> <span class='ocrx_word' id='word_1_272' title='bbox 2403 761 2519 804; x_wconf 80' lang='lat' dir='ltr'><strong>suae</strong></span> <span class='ocrx_word' id='word_1_273' title='bbox 2569 742 2928 801; x_wconf 88' lang='lat' dir='ltr'><strong>fundamento</strong></span> <span class='ocrx_word' id='word_1_274' title='bbox 2967 742 3255 800; x_wconf 69' lang='lat' dir='ltr'><strong>stabilivit.</strong></span> <span class='ocrx_word' id='word_1_275' title='bbox 3298 738 3529 797; x_wconf 80' lang='lat' dir='ltr'><strong>Deinde.</strong></span> 
     </span>
    </p>
   </div>
   <div class='ocr_carea' id='block_1_39' title="bbox 1920 833 3504 910">
    <p class='ocr_par' dir='ltr' id='par_1_39' title="bbox 1920 833 3504 910">
     <span class='ocr_line' id='line_1_39' title="bbox 1920 833 3504 910; baseline -0.006 -13"><span class='ocrx_word' id='word_1_276' title='bbox 1920 839 2443 897; x_wconf 78' lang='lat' dir='ltr'><strong>excellentissimum</strong></span> <span class='ocrx_word' id='word_1_277' title='bbox 2475 846 2530 895; x_wconf 87' lang='lat' dir='ltr'><strong>et</strong></span> <span class='ocrx_word' id='word_1_278' title='bbox 2583 837 2902 910; x_wconf 64' lang='lat' dir='ltr'><strong>praecelsum</strong></span> <span class='ocrx_word' id='word_1_279' title='bbox 2953 851 3183 908; x_wconf 79' lang='lat' dir='ltr'><strong>prorsus</strong></span> <span class='ocrx_word' id='word_1_280' title='bbox 3225 833 3504 890; x_wconf 84' lang='lat' dir='ltr'><strong>hominem</strong></span> 
     </span>
    </p>
   </div>
   <div class='ocr_carea' id='block_1_40' title="bbox 1921 925 3504 999">
    <p class='ocr_par' dir='ltr' id='par_1_40' title="bbox 1921 925 3504 999">
     <span class='ocr_line' id='line_1_40' title="bbox 1921 925 3504 999; baseline -0.005 -9"><span class='ocrx_word' id='word_1_281' title='bbox 1921 933 2154 990; x_wconf 82' lang='lat' dir='ltr'><strong>suismet</strong></span> <span class='ocrx_word' id='word_1_282' title='bbox 2180 931 2554 988; x_wconf 86' lang='lat' dir='ltr'><strong>immaculatis</strong></span> <span class='ocrx_word' id='word_1_283' title='bbox 2595 931 2855 988; x_wconf 82' lang='lat' dir='ltr'><strong>manibus</strong></span> <span class='ocrx_word' id='word_1_284' title='bbox 2903 931 3080 996; x_wconf 72' lang='lat' dir='ltr'><strong>tinxit,</strong></span> <span class='ocrx_word' id='word_1_285' title='bbox 3119 929 3216 999; x_wconf 86' lang='lat' dir='ltr'><strong>qui</strong></span> <span class='ocrx_word' id='word_1_286' title='bbox 3245 925 3504 998; x_wconf 75' lang='lat' dir='ltr'><strong>imaginis</strong></span> 
     </span>
    </p>
   </div>
   <div class='ocr_carea' id='block_1_41' title="bbox 1919 1017 3507 1098">
    <p class='ocr_par' dir='ltr' id='par_1_41' title="bbox 1919 1017 3507 1098">
     <span class='ocr_line' id='line_1_41' title="bbox 1919 1017 3507 1098; baseline -0.004 -17"><span class='ocrx_word' id='word_1_287' title='bbox 1919 1043 2032 1082; x_wconf 76' lang='lat' dir='ltr'><strong>sua:</strong></span> <span class='ocrx_word' id='word_1_288' title='bbox 2069 1025 2298 1098; x_wconf 72' lang='lat' dir='ltr'><strong>effigiem</strong></span> <span class='ocrx_word' id='word_1_289' title='bbox 2325 1025 2577 1081; x_wconf 75' lang='lat' dir='ltr'><strong>referret.</strong></span> <span class='ocrx_word' id='word_1_290' title='bbox 2613 1022 2704 1079; x_wconf 85' lang='lat' dir='ltr'><strong>Sic</strong></span> <span class='ocrx_word' id='word_1_291' title='bbox 2730 1024 2878 1079; x_wconf 88' lang='lat' dir='ltr'><strong>enim</strong></span> <span class='ocrx_word' id='word_1_292' title='bbox 2920 1023 3062 1077; x_wconf 61' lang='lat' dir='ltr'><strong>Deus</strong></span> <span class='ocrx_word' id='word_1_293' title='bbox 3093 1019 3174 1076; x_wconf 85' lang='lat' dir='ltr'><strong>ait</strong></span> <span class='ocrx_word' id='word_1_294' title='bbox 3207 1038 3221 1075; x_wconf 91' lang='lat'><strong>:</strong></span> <span class='ocrx_word' id='word_1_295' title='bbox 3253 1037 3272 1074; x_wconf 80' lang='grc' dir='ltr'><strong>ι</strong></span> <span class='ocrx_word' id='word_1_296' title='bbox 3310 1017 3507 1074; x_wconf 80' lang='lat' dir='ltr'><strong>Facia-</strong></span> 
     </span>
    </p>
   </div>
   <div class='ocr_carea' id='block_1_42' title="bbox 1917 1113 3505 1190">
    <p class='ocr_par' dir='ltr' id='par_1_42' title="bbox 1917 1113 3505 1190">
     <span class='ocr_line' id='line_1_42' title="bbox 1917 1113 3505 1190; baseline -0.004 -16"><span class='ocrx_word' id='word_1_297' title='bbox 1917 1133 2040 1174; x_wconf 88' lang='lat' dir='ltr'><strong>mus</strong></span> <span class='ocrx_word' id='word_1_298' title='bbox 2067 1117 2344 1174; x_wconf 87' lang='lat' dir='ltr'><strong>hominem</strong></span> <span class='ocrx_word' id='word_1_299' title='bbox 2375 1117 2438 1172; x_wconf 86' lang='lat' dir='ltr'><strong>ad</strong></span> <span class='ocrx_word' id='word_1_300' title='bbox 2477 1116 2768 1190; x_wconf 81' lang='lat' dir='ltr'><strong>imaginem</strong></span> <span class='ocrx_word' id='word_1_301' title='bbox 2810 1124 3052 1171; x_wconf 86' lang='lat' dir='ltr'><strong>nostram</strong></span> <span class='ocrx_word' id='word_1_302' title='bbox 3093 1122 3148 1170; x_wconf 88' lang='lat' dir='ltr'><strong>et</strong></span> <span class='ocrx_word' id='word_1_303' title='bbox 3185 1113 3505 1170; x_wconf 84' lang='lat' dir='ltr'><strong>similitudi-</strong></span> 
     </span>
    </p>
   </div>
   <div class='ocr_carea' id='block_1_43' title="bbox 1916 1203 3502 1270">
    <p class='ocr_par' dir='ltr' id='par_1_43' title="bbox 1916 1203 3502 1270">
     <span class='ocr_line' id='line_1_43' title="bbox 1916 1203 3502 1270; baseline -0.004 0"><span class='ocrx_word' id='word_1_304' title='bbox 1916 1229 2042 1270; x_wconf 87' lang='lat' dir='ltr'><strong>nem</strong></span> <span class='ocrx_word' id='word_1_305' title='bbox 2080 1221 2350 1270; x_wconf 88' lang='lat' dir='ltr'><strong>nostram.</strong></span> <span class='ocrx_word' id='word_1_306' title='bbox 2385 1211 2452 1268; x_wconf 85' lang='lat' dir='ltr'><strong>Et</strong></span> <span class='ocrx_word' id='word_1_307' title='bbox 2499 1211 2631 1267; x_wconf 75' lang='lat' dir='ltr'><strong>fecit</strong></span> <span class='ocrx_word' id='word_1_308' title='bbox 2661 1209 2806 1266; x_wconf 80' lang='lat' dir='ltr'><strong>Deus</strong></span> <span class='ocrx_word' id='word_1_309' title='bbox 2838 1203 3156 1264; x_wconf 86' lang='lat' dir='ltr'><strong>hominem:</strong></span> <span class='ocrx_word' id='word_1_310' title='bbox 3192 1208 3502 1264; x_wconf 86' lang='lat' dir='ltr'><strong>masculum</strong></span> 
     </span>
    </p>
   </div>
   <div class='ocr_carea' id='block_1_44' title="bbox 1914 1301 3500 1375">
    <p class='ocr_par' dir='ltr' id='par_1_44' title="bbox 1914 1301 3500 1375">
     <span class='ocr_line' id='line_1_44' title="bbox 1914 1301 3500 1375; baseline -0.006 -11"><span class='ocrx_word' id='word_1_311' title='bbox 1914 1315 1971 1364; x_wconf 89' lang='lat' dir='ltr'><strong>et</strong></span> <span class='ocrx_word' id='word_1_312' title='bbox 2003 1307 2264 1362; x_wconf 85' lang='lat' dir='ltr'><strong>feminam</strong></span> <span class='ocrx_word' id='word_1_313' title='bbox 2297 1304 2427 1361; x_wconf 88' lang='lat' dir='ltr'><strong>fecit</strong></span> <span class='ocrx_word' id='word_1_314' title='bbox 2455 1320 2552 1361; x_wconf 90' lang='lat' dir='ltr'><strong>eos</strong></span> <span class='ocrx_word' id='word_1_315' title='bbox 2582 1301 2735 1375; x_wconf 80' lang='lat' dir='ltr'><strong>(Cen.</strong></span> <span class='ocrx_word' id='word_1_316' title='bbox 2768 1318 2809 1368; x_wconf 85' lang='grc' dir='ltr'><strong>ι,</strong></span> <span class='ocrx_word' id='word_1_317' title='bbox 2838 1302 2932 1366; x_wconf 73' lang='grc'><strong>26,</strong></span> <span class='ocrx_word' id='word_1_318' title='bbox 2964 1301 3078 1375; x_wconf 73' lang='lat'><strong>27).</strong></span> <span class='ocrx_word' id='word_1_319' title='bbox 3106 1319 3126 1353; x_wconf 72' lang='grc' dir='ltr'><strong>ι</strong></span> <span class='ocrx_word' id='word_1_320' title='bbox 3158 1301 3291 1369; x_wconf 84' lang='lat' dir='ltr'><strong>Quae</strong></span> <span class='ocrx_word' id='word_1_321' title='bbox 3316 1301 3500 1357; x_wconf 89' lang='lat' dir='ltr'><strong>omnia</strong></span> 
     </span>
    </p>
   </div>
   <div class='ocr_carea' id='block_1_45' title="bbox 1914 1394 3496 1466">
    <p class='ocr_par' dir='ltr' id='par_1_45' title="bbox 1914 1394 3496 1466">
     <span class='ocr_line' id='line_1_45' title="bbox 1914 1394 3496 1466; baseline -0.007 -10"><span class='ocrx_word' id='word_1_322' title='bbox 1914 1415 2040 1456; x_wconf 87' lang='lat' dir='ltr'><strong>cum</strong></span> <span class='ocrx_word' id='word_1_323' title='bbox 2081 1396 2412 1461; x_wconf 85' lang='lat' dir='ltr'><strong>absolveret,</strong></span> <span class='ocrx_word' id='word_1_324' title='bbox 2448 1396 2644 1452; x_wconf 70' lang='lat' dir='ltr'><strong>istbme</strong></span> <span class='ocrx_word' id='word_1_325' title='bbox 2685 1395 2833 1460; x_wconf 86' lang='lat' dir='ltr'><strong>fecit,</strong></span> <span class='ocrx_word' id='word_1_326' title='bbox 2878 1394 3269 1466; x_wconf 77' lang='lat' dir='ltr'><strong>benedixitque</strong></span> <span class='ocrx_word' id='word_1_327' title='bbox 3298 1402 3352 1450; x_wconf 86' lang='lat' dir='ltr'><strong>et</strong></span> <span class='ocrx_word' id='word_1_328' title='bbox 3379 1394 3496 1448; x_wconf 88' lang='lat' dir='ltr'><strong>ait:</strong></span> 
     </span>
    </p>
   </div>
   <div class='ocr_carea' id='block_1_46' title="bbox 1919 1487 3204 1562">
    <p class='ocr_par' dir='ltr' id='par_1_46' title="bbox 1919 1487 3204 1562">
     <span class='ocr_line' id='line_1_46' title="bbox 1919 1487 3204 1562; baseline -0.002 -18"><span class='ocrx_word' id='word_1_329' title='bbox 1919 1509 1938 1544; x_wconf 82' lang='grc' dir='ltr'><strong>ι</strong></span> <span class='ocrx_word' id='word_1_330' title='bbox 1976 1491 2225 1548; x_wconf 82' lang='lat' dir='ltr'><strong>Crescite</strong></span> <span class='ocrx_word' id='word_1_331' title='bbox 2253 1497 2310 1548; x_wconf 85' lang='lat' dir='ltr'><strong>et</strong></span> <span class='ocrx_word' id='word_1_332' title='bbox 2353 1489 2795 1562; x_wconf 85' lang='lat' dir='ltr'><strong>multiplicamini</strong></span> <span class='ocrx_word' id='word_1_333' title='bbox 2839 1487 2992 1561; x_wconf 82' lang='lat' dir='ltr'><strong>(ibid.</strong></span> <span class='ocrx_word' id='word_1_334' title='bbox 3027 1487 3142 1560; x_wconf 72' lang='lat'><strong>28).</strong></span> <span class='ocrx_word' id='word_1_335' title='bbox 3184 1507 3204 1542; x_wconf 73' lang='grc' dir='ltr'><strong>ι</strong></span> 
     </span>
    </p>
   </div>
   <div class='ocr_carea' id='block_1_47' title="bbox 1981 1582 3507 1660">
    <p class='ocr_par' dir='ltr' id='par_1_47' title="bbox 1981 1582 3507 1660">
     <span class='ocr_line' id='line_1_47' title="bbox 1981 1582 3507 1660; baseline -0.003 -18"><span class='ocrx_word' id='word_1_336' title='bbox 1981 1585 2043 1642; x_wconf 86' lang='lat' dir='ltr'><strong>S.</strong></span> <span class='ocrx_word' id='word_1_337' title='bbox 2079 1585 2339 1642; x_wconf 76' lang='lat' dir='ltr'><strong>Hethodtt‘</strong></span> <span class='ocrx_word' id='word_1_338' title='bbox 2390 1585 2455 1641; x_wconf 80' lang='lat' dir='ltr'><strong>de</strong></span> <span class='ocrx_word' id='word_1_339' title='bbox 2500 1601 2760 1642; x_wconf 79' lang='lat' dir='ltr'><strong>resurrec.</strong></span> <span class='ocrx_word' id='word_1_340' title='bbox 2785 1613 2852 1625; x_wconf 92' lang='lat'><strong>-—</strong></span> <span class='ocrx_word' id='word_1_341' title='bbox 2881 1583 3021 1652; x_wconf 85' lang='lat' dir='ltr'><strong>Quis</strong></span> <span class='ocrx_word' id='word_1_342' title='bbox 3051 1582 3245 1640; x_wconf 87' lang='lat' dir='ltr'><strong>duram</strong></span> <span class='ocrx_word' id='word_1_343' title='bbox 3285 1584 3507 1660; x_wconf 86' lang='lat' dir='ltr'><strong>ossium</strong></span> 
     </span>
    </p>
   </div>
   <div class='ocr_carea' id='block_1_48' title="bbox 1913 1677 3497 1754">
    <p class='ocr_par' dir='ltr' id='par_1_48' title="bbox 1913 1677 3497 1754">
     <span class='ocr_line' id='line_1_48' title="bbox 1913 1677 3497 1754; baseline -0.003 -15"><span class='ocrx_word' id='word_1_344' title='bbox 1913 1681 2280 1754; x_wconf 76' lang='lat' dir='ltr'><strong>substantiam</strong></span> <span class='ocrx_word' id='word_1_345' title='bbox 2312 1680 2627 1752; x_wconf 79' lang='lat' dir='ltr'><strong>compegit?</strong></span> <span class='ocrx_word' id='word_1_346' title='bbox 2663 1680 2792 1752; x_wconf 86' lang='lat' dir='ltr'><strong>quis</strong></span> <span class='ocrx_word' id='word_1_347' title='bbox 2819 1678 3063 1735; x_wconf 85' lang='lat' dir='ltr'><strong>membra</strong></span> <span class='ocrx_word' id='word_1_348' title='bbox 3104 1677 3408 1751; x_wconf 74' lang='lat' dir='ltr'><strong>colligavit,</strong></span> <span class='ocrx_word' id='word_1_349' title='bbox 3441 1691 3497 1734; x_wconf 91' lang='lat' dir='ltr'><strong>ut</strong></span> 
     </span>
    </p>
   </div>
   <div class='ocr_carea' id='block_1_49' title="bbox 1911 1773 3500 1846">
    <p class='ocr_par' dir='ltr' id='par_1_49' title="bbox 1911 1773 3500 1846">
     <span class='ocr_line' id='line_1_49' title="bbox 1911 1773 3500 1846; baseline -0.004 -10"><span class='ocrx_word' id='word_1_350' title='bbox 1911 1778 2097 1836; x_wconf 82' lang='lat' dir='ltr'><strong>nervis</strong></span> <span class='ocrx_word' id='word_1_351' title='bbox 2119 1777 2502 1842; x_wconf 82' lang='lat' dir='ltr'><strong>tenderentur,</strong></span> <span class='ocrx_word' id='word_1_352' title='bbox 2525 1785 2581 1832; x_wconf 87' lang='lat' dir='ltr'><strong>et</strong></span> <span class='ocrx_word' id='word_1_353' title='bbox 2612 1775 2763 1833; x_wconf 86' lang='lat' dir='ltr'><strong>circa</strong></span> <span class='ocrx_word' id='word_1_354' title='bbox 2782 1775 3078 1846; x_wconf 84' lang='lat' dir='ltr'><strong>juncturas</strong></span> <span class='ocrx_word' id='word_1_355' title='bbox 3113 1773 3313 1832; x_wconf 78' lang='lat' dir='ltr'><strong>inﬂexa</strong></span> <span class='ocrx_word' id='word_1_356' title='bbox 3348 1773 3500 1832; x_wconf 76' lang='lat' dir='ltr'><strong>laxa-</strong></span> 
     </span>
    </p>
   </div>
   <div class='ocr_carea' id='block_1_50' title="bbox 1909 1866 3499 1941">
    <p class='ocr_par' dir='ltr' id='par_1_50' title="bbox 1909 1866 3499 1941">
     <span class='ocr_line' id='line_1_50' title="bbox 1909 1866 3499 1941; baseline -0.006 -10"><span class='ocrx_word' id='word_1_357' title='bbox 1909 1872 2137 1931; x_wconf 79' lang='lat' dir='ltr'><strong>rentur?</strong></span> <span class='ocrx_word' id='word_1_358' title='bbox 2155 1871 2292 1940; x_wconf 82' lang='lat' dir='ltr'><strong>Quis</strong></span> <span class='ocrx_word' id='word_1_359' title='bbox 2321 1869 2582 1927; x_wconf 81' lang='lat' dir='ltr'><strong>humores</strong></span> <span class='ocrx_word' id='word_1_360' title='bbox 2613 1868 2944 1941; x_wconf 86' lang='lat' dir='ltr'><strong>mollemquc</strong></span> <span class='ocrx_word' id='word_1_361' title='bbox 2967 1881 3033 1925; x_wconf 78' lang='lat' dir='ltr'><strong>ex</strong></span> <span class='ocrx_word' id='word_1_362' title='bbox 3059 1866 3230 1924; x_wconf 88' lang='lat' dir='ltr'><strong>humo</strong></span> <span class='ocrx_word' id='word_1_363' title='bbox 3252 1883 3499 1931; x_wconf 80' lang='lat' dir='ltr'><strong>carnem,</strong></span> 
     </span>
    </p>
   </div>
   <div class='ocr_carea' id='block_1_51' title="bbox 1911 1959 3501 2041">
    <p class='ocr_par' dir='ltr' id='par_1_51' title="bbox 1911 1959 3501 2041">
     <span class='ocr_line' id='line_1_51' title="bbox 1911 1959 3501 2041; baseline -0.004 -16"><span class='ocrx_word' id='word_1_364' title='bbox 1911 1968 2181 2041; x_wconf 75' lang='lat' dir='ltr'><strong>sanguine</strong></span> <span class='ocrx_word' id='word_1_365' title='bbox 2239 1981 2360 2023; x_wconf 85' lang='lat' dir='ltr'><strong>eam</strong></span> <span class='ocrx_word' id='word_1_366' title='bbox 2420 1961 2835 2037; x_wconf 79' lang='lat' dir='ltr'><strong>perfundendo,</strong></span> <span class='ocrx_word' id='word_1_367' title='bbox 2897 1959 3290 2018; x_wconf 77' lang='lat' dir='ltr'><strong>fermentavit?</strong></span> <span class='ocrx_word' id='word_1_368' title='bbox 3346 1963 3501 2018; x_wconf 84' lang='lat' dir='ltr'><strong>solus</strong></span> 
     </span>
    </p>
   </div>
   <div class='ocr_carea' id='block_1_52' title="bbox 1910 2055 3500 2135">
    <p class='ocr_par' dir='ltr' id='par_1_52' title="bbox 1910 2055 3500 2135">
     <span class='ocr_line' id='line_1_52' title="bbox 1910 2055 3500 2135; baseline -0.004 -19"><span class='ocrx_word' id='word_1_369' title='bbox 1910 2062 2072 2135; x_wconf 83' lang='lat' dir='ltr'><strong>plane</strong></span> <span class='ocrx_word' id='word_1_370' title='bbox 2105 2059 2595 2134; x_wconf 68' lang='lat' dir='ltr'><strong>praestantissimus</strong></span> <span class='ocrx_word' id='word_1_371' title='bbox 2625 2057 2822 2114; x_wconf 80' lang='lat' dir='ltr'><strong>artifex</strong></span> <span class='ocrx_word' id='word_1_372' title='bbox 2863 2055 3032 2123; x_wconf 84' lang='lat' dir='ltr'><strong>Deus,</strong></span> <span class='ocrx_word' id='word_1_373' title='bbox 3067 2055 3162 2129; x_wconf 87' lang='lat' dir='ltr'><strong>qui</strong></span> <span class='ocrx_word' id='word_1_374' title='bbox 3195 2056 3500 2120; x_wconf 82' lang='lat' dir='ltr'><strong>hominem,</strong></span> 
     </span>
    </p>
   </div>
   <div class='ocr_carea' id='block_1_53' title="bbox 1908 2145 3498 2221">
    <p class='ocr_par' dir='ltr' id='par_1_53' title="bbox 1908 2145 3498 2221">
     <span class='ocr_line' id='line_1_53' title="bbox 1908 2145 3498 2221; baseline -0.001 -16"><span class='ocrx_word' id='word_1_375' title='bbox 1908 2150 1962 2206; x_wconf 89' lang='lat' dir='ltr'><strong>id</strong></span> <span class='ocrx_word' id='word_1_376' title='bbox 2009 2161 2095 2207; x_wconf 89' lang='lat' dir='ltr'><strong>est</strong></span> <span class='ocrx_word' id='word_1_377' title='bbox 2143 2151 2359 2207; x_wconf 83' lang='lat' dir='ltr'><strong>ratione</strong></span> <span class='ocrx_word' id='word_1_378' title='bbox 2412 2147 2700 2221; x_wconf 66' lang='lat' dir='ltr'><strong>praeditam</strong></span> <span class='ocrx_word' id='word_1_379' title='bbox 2736 2155 2792 2204; x_wconf 92' lang='lat' dir='ltr'><strong>et</strong></span> <span class='ocrx_word' id='word_1_380' title='bbox 2843 2145 3144 2203; x_wconf 79' lang='lat' dir='ltr'><strong>animatam</strong></span> <span class='ocrx_word' id='word_1_381' title='bbox 3200 2146 3498 2220; x_wconf 78' lang='lat' dir='ltr'><strong>imaginem</strong></span> 
     </span>
    </p>
   </div>
   <div class='ocr_carea' id='block_1_54' title="bbox 1908 2237 3504 2312">
    <p class='ocr_par' dir='ltr' id='par_1_54' title="bbox 1908 2237 3504 2312">
     <span class='ocr_line' id='line_1_54' title="bbox 1908 2237 3504 2312; baseline -0.001 -14"><span class='ocrx_word' id='word_1_382' title='bbox 1908 2256 2087 2307; x_wconf 89' lang='lat' dir='ltr'><strong>suam,</strong></span> <span class='ocrx_word' id='word_1_383' title='bbox 2144 2256 2270 2306; x_wconf 85' lang='lat' dir='ltr'><strong>nos,</strong></span> <span class='ocrx_word' id='word_1_384' title='bbox 2323 2242 2576 2312; x_wconf 89' lang='lat' dir='ltr'><strong>inquam,</strong></span> <span class='ocrx_word' id='word_1_385' title='bbox 2602 2237 2917 2305; x_wconf 82' lang='lat' dir='ltr'><strong>fabricavit,</strong></span> <span class='ocrx_word' id='word_1_386' title='bbox 2959 2247 3018 2296; x_wconf 88' lang='lat' dir='ltr'><strong>et</strong></span> <span class='ocrx_word' id='word_1_387' title='bbox 3070 2254 3136 2295; x_wconf 80' lang='lat' dir='ltr'><strong>ex</strong></span> <span class='ocrx_word' id='word_1_388' title='bbox 3174 2238 3404 2296; x_wconf 89' lang='lat' dir='ltr'><strong>humido</strong></span> <span class='ocrx_word' id='word_1_389' title='bbox 3447 2252 3504 2296; x_wconf 88' lang='lat' dir='ltr'><strong>et</strong></span> 
     </span>
    </p>
   </div>
   <div class='ocr_carea' id='block_1_55' title="bbox 1906 2333 3502 2407">
    <p class='ocr_par' dir='ltr' id='par_1_55' title="bbox 1906 2333 3502 2407">
     <span class='ocr_line' id='line_1_55' title="bbox 1906 2333 3502 2407; baseline 0.001 -17"><span class='ocrx_word' id='word_1_390' title='bbox 1906 2335 2206 2407; x_wconf 74' lang='lat' dir='ltr'><strong>perexiguo</strong></span> <span class='ocrx_word' id='word_1_391' title='bbox 2257 2334 2467 2392; x_wconf 88' lang='lat' dir='ltr'><strong>semine</strong></span> <span class='ocrx_word' id='word_1_392' title='bbox 2506 2335 2562 2389; x_wconf 89' lang='lat' dir='ltr'><strong>in</strong></span> <span class='ocrx_word' id='word_1_393' title='bbox 2607 2333 2771 2390; x_wconf 87' lang='lat' dir='ltr'><strong>vulva</strong></span> <span class='ocrx_word' id='word_1_394' title='bbox 2825 2333 3041 2400; x_wconf 82' lang='lat' dir='ltr'><strong>matris,</strong></span> <span class='ocrx_word' id='word_1_395' title='bbox 3095 2335 3245 2391; x_wconf 89' lang='lat' dir='ltr'><strong>velut</strong></span> <span class='ocrx_word' id='word_1_396' title='bbox 3290 2351 3321 2392; x_wconf 89' lang='lat' dir='ltr'><strong>e</strong></span> <span class='ocrx_word' id='word_1_397' title='bbox 3371 2352 3502 2392; x_wconf 85' lang='lat' dir='ltr'><strong>cera</strong></span> 
     </span>
    </p>
   </div>
   <div class='ocr_carea' id='block_1_56' title="bbox 1906 2426 3497 2500">
    <p class='ocr_par' dir='ltr' id='par_1_56' title="bbox 1906 2426 3497 2500">
     <span class='ocr_line' id='line_1_56' title="bbox 1906 2426 3497 2500; baseline 0.002 -17"><span class='ocrx_word' id='word_1_398' title='bbox 1906 2427 2294 2484; x_wconf 88' lang='lat' dir='ltr'><strong>eonformavit.</strong></span> <span class='ocrx_word' id='word_1_399' title='bbox 2329 2426 2531 2499; x_wconf 80' lang='lat' dir='ltr'><strong>Ecquis</strong></span> <span class='ocrx_word' id='word_1_400' title='bbox 2559 2428 2705 2484; x_wconf 89' lang='lat' dir='ltr'><strong>enim</strong></span> <span class='ocrx_word' id='word_1_401' title='bbox 2728 2436 2811 2485; x_wconf 86' lang='lat' dir='ltr'><strong>est</strong></span> <span class='ocrx_word' id='word_1_402' title='bbox 2834 2428 2926 2500; x_wconf 90' lang='lat' dir='ltr'><strong>qui</strong></span> <span class='ocrx_word' id='word_1_403' title='bbox 2951 2427 3225 2500; x_wconf 76' lang='lat' dir='ltr'><strong>providet,</strong></span> <span class='ocrx_word' id='word_1_404' title='bbox 3253 2444 3322 2485; x_wconf 93' lang='lat' dir='ltr'><strong>ne</strong></span> <span class='ocrx_word' id='word_1_405' title='bbox 3350 2428 3497 2486; x_wconf 87' lang='lat' dir='ltr'><strong>fetus</strong></span> 
     </span>
    </p>
   </div>
   <div class='ocr_carea' id='block_1_57' title="bbox 1906 2520 3499 2593">
    <p class='ocr_par' dir='ltr' id='par_1_57' title="bbox 1906 2520 3499 2593">
     <span class='ocr_line' id='line_1_57' title="bbox 1906 2520 3499 2593; baseline 0.001 -17"><span class='ocrx_word' id='word_1_406' title='bbox 1906 2520 2160 2577; x_wconf 89' lang='lat' dir='ltr'><strong>humoris</strong></span> <span class='ocrx_word' id='word_1_407' title='bbox 2190 2521 2370 2592; x_wconf 80' lang='lat' dir='ltr'><strong>capia,</strong></span> <span class='ocrx_word' id='word_1_408' title='bbox 2403 2529 2459 2577; x_wconf 90' lang='lat' dir='ltr'><strong>et</strong></span> <span class='ocrx_word' id='word_1_409' title='bbox 2486 2521 2904 2593; x_wconf 86' lang='lat' dir='ltr'><strong>compressione</strong></span> <span class='ocrx_word' id='word_1_410' title='bbox 2934 2535 3191 2577; x_wconf 77' lang='lat' dir='ltr'><strong>vasorum</strong></span> <span class='ocrx_word' id='word_1_411' title='bbox 3237 2521 3499 2586; x_wconf 85' lang='lat' dir='ltr'><strong>obrutus.</strong></span> 
     </span>
    </p>
   </div>
   <div class='ocr_carea' id='block_1_58' title="bbox 1905 2609 3502 2684">
    <p class='ocr_par' dir='ltr' id='par_1_58' title="bbox 1905 2609 3502 2684">
     <span class='ocr_line' id='line_1_58' title="bbox 1905 2609 3502 2684; baseline 0.001 -18"><span class='ocrx_word' id='word_1_412' title='bbox 1905 2611 2056 2668; x_wconf 89' lang='lat' dir='ltr'><strong>intus</strong></span> <span class='ocrx_word' id='word_1_413' title='bbox 2106 2609 2472 2684; x_wconf 65' lang='lat' dir='ltr'><strong>praefocetur?</strong></span> <span class='ocrx_word' id='word_1_414' title='bbox 2537 2617 2634 2665; x_wconf 85' lang='lat' dir='ltr'><strong>aut</strong></span> <span class='ocrx_word' id='word_1_415' title='bbox 2691 2611 2852 2681; x_wconf 85' lang='lat' dir='ltr'><strong>quis,</strong></span> <span class='ocrx_word' id='word_1_416' title='bbox 2907 2617 3202 2683; x_wconf 79' lang='lat' dir='ltr'><strong>postquam</strong></span> <span class='ocrx_word' id='word_1_417' title='bbox 3252 2619 3502 2684; x_wconf 70' lang='lat' dir='ltr'><strong>gestatus</strong></span> 
     </span>
    </p>
   </div>
   <div class='ocr_carea' id='block_1_59' title="bbox 1905 2702 3500 2772">
    <p class='ocr_par' dir='ltr' id='par_1_59' title="bbox 1905 2702 3500 2772">
     <span class='ocr_line' id='line_1_59' title="bbox 1905 2702 3500 2772; baseline 0 -11"><span class='ocrx_word' id='word_1_418' title='bbox 1905 2712 2066 2761; x_wconf 85' lang='lat' dir='ltr'><strong>utero</strong></span> <span class='ocrx_word' id='word_1_419' title='bbox 2095 2710 2202 2772; x_wconf 87' lang='lat' dir='ltr'><strong>est,</strong></span> <span class='ocrx_word' id='word_1_420' title='bbox 2246 2711 2304 2760; x_wconf 90' lang='lat' dir='ltr'><strong>et</strong></span> <span class='ocrx_word' id='word_1_421' title='bbox 2335 2702 2557 2759; x_wconf 81' lang='lat' dir='ltr'><strong>tandem</strong></span> <span class='ocrx_word' id='word_1_422' title='bbox 2589 2702 2644 2757; x_wconf 88' lang='lat' dir='ltr'><strong>in</strong></span> <span class='ocrx_word' id='word_1_423' title='bbox 2678 2703 2856 2760; x_wconf 88' lang='lat' dir='ltr'><strong>lucem</strong></span> <span class='ocrx_word' id='word_1_424' title='bbox 2889 2702 3095 2771; x_wconf 88' lang='lat' dir='ltr'><strong>editus,</strong></span> <span class='ocrx_word' id='word_1_425' title='bbox 3129 2718 3197 2760; x_wconf 80' lang='lat' dir='ltr'><strong>ex</strong></span> <span class='ocrx_word' id='word_1_426' title='bbox 3235 2703 3500 2761; x_wconf 85' lang='lat' dir='ltr'><strong>imbecilli</strong></span> 
     </span>
    </p>
   </div>
   <div class='ocr_carea' id='block_1_60' title="bbox 1901 2795 3500 2870">
    <p class='ocr_par' dir='ltr' id='par_1_60' title="bbox 1901 2795 3500 2870">
     <span class='ocr_line' id='line_1_60' title="bbox 1901 2795 3500 2870; baseline -0.001 -15"><span class='ocrx_word' id='word_1_427' title='bbox 1901 2804 1960 2855; x_wconf 89' lang='lat' dir='ltr'><strong>ct</strong></span> <span class='ocrx_word' id='word_1_428' title='bbox 1994 2796 2198 2870; x_wconf 90' lang='lat' dir='ltr'><strong>pusillo</strong></span> <span class='ocrx_word' id='word_1_429' title='bbox 2231 2812 2516 2869; x_wconf 81' lang='lat' dir='ltr'><strong>magnum,</strong></span> <span class='ocrx_word' id='word_1_430' title='bbox 2558 2795 2854 2868; x_wconf 83' lang='lat' dir='ltr'><strong>pulchrum</strong></span> <span class='ocrx_word' id='word_1_431' title='bbox 2885 2803 2942 2852; x_wconf 89' lang='lat' dir='ltr'><strong>et</strong></span> <span class='ocrx_word' id='word_1_432' title='bbox 2987 2795 3283 2853; x_wconf 86' lang='lat' dir='ltr'><strong>robustum</strong></span> <span class='ocrx_word' id='word_1_433' title='bbox 3319 2797 3500 2853; x_wconf 86' lang='lat' dir='ltr'><strong>reddi-</strong></span> 
     </span>
    </p>
   </div>
   <div class='ocr_carea' id='block_1_61' title="bbox 1901 2887 3500 2962">
    <p class='ocr_par' dir='ltr' id='par_1_61' title="bbox 1901 2887 3500 2962">
     <span class='ocr_line' id='line_1_61' title="bbox 1901 2887 3500 2962; baseline 0.001 -16"><span class='ocrx_word' id='word_1_434' title='bbox 1901 2889 2002 2954; x_wconf 89' lang='lat' dir='ltr'><strong>dit,</strong></span> <span class='ocrx_word' id='word_1_435' title='bbox 2034 2888 2142 2946; x_wconf 87' lang='lat' dir='ltr'><strong>nisi</strong></span> <span class='ocrx_word' id='word_1_436' title='bbox 2179 2888 2323 2945; x_wconf 90' lang='lat' dir='ltr'><strong>idem</strong></span> <span class='ocrx_word' id='word_1_437' title='bbox 2351 2887 2489 2960; x_wconf 89' lang='lat' dir='ltr'><strong>ipse,</strong></span> <span class='ocrx_word' id='word_1_438' title='bbox 2531 2903 2698 2960; x_wconf 87' lang='lat' dir='ltr'><strong>quem</strong></span> <span class='ocrx_word' id='word_1_439' title='bbox 2733 2887 2895 2945; x_wconf 89' lang='lat' dir='ltr'><strong>modo</strong></span> <span class='ocrx_word' id='word_1_440' title='bbox 2918 2887 3194 2956; x_wconf 86' lang='lat' dir='ltr'><strong>dicebam,</strong></span> <span class='ocrx_word' id='word_1_441' title='bbox 3227 2898 3500 2962; x_wconf 62' lang='lat' dir='ltr'><strong>praestan-</strong></span> 
     </span>
    </p>
   </div>
   <div class='ocr_carea' id='block_1_62' title="bbox 1903 2979 3492 3055">
    <p class='ocr_par' dir='ltr' id='par_1_62' title="bbox 1903 2979 3492 3055">
     <span class='ocr_line' id='line_1_62' title="bbox 1903 2979 3492 3055; baseline 0.001 -16"><span class='ocrx_word' id='word_1_442' title='bbox 1903 2980 2151 3040; x_wconf 87' lang='lat' dir='ltr'><strong>tissimus</strong></span> <span class='ocrx_word' id='word_1_443' title='bbox 2202 2979 2462 3037; x_wconf 87' lang='lat' dir='ltr'><strong>conditor</strong></span> <span class='ocrx_word' id='word_1_444' title='bbox 2509 2980 2695 3045; x_wconf 83' lang='lat' dir='ltr'><strong>Deus,</strong></span> <span class='ocrx_word' id='word_1_445' title='bbox 2749 2980 2846 3052; x_wconf 81' lang='lat' dir='ltr'><strong>qui</strong></span> <span class='ocrx_word' id='word_1_446' title='bbox 2898 2980 3158 3051; x_wconf 77' lang='lat' dir='ltr'><strong>polentia:</strong></span> <span class='ocrx_word' id='word_1_447' title='bbox 3191 2983 3492 3055; x_wconf 68' lang='lat'><strong>303231],</strong></span> 
     </span>
    </p>
   </div>
   <div class='ocr_carea' id='block_1_63' title="bbox 1898 3072 3495 3145">
    <p class='ocr_par' dir='ltr' id='par_1_63' title="bbox 1898 3072 3495 3145">
     <span class='ocr_line' id='line_1_63' title="bbox 1898 3072 3495 3145; baseline 0.001 -13"><span class='ocrx_word' id='word_1_448' title='bbox 1898 3073 2242 3140; x_wconf 79' lang='lat' dir='ltr'><strong>cliicacitate,</strong></span> <span class='ocrx_word' id='word_1_449' title='bbox 2288 3073 2466 3128; x_wconf 87' lang='lat' dir='ltr'><strong>instar</strong></span> <span class='ocrx_word' id='word_1_450' title='bbox 2520 3072 2756 3145; x_wconf 86' lang='lat' dir='ltr'><strong>pictoris</strong></span> <span class='ocrx_word' id='word_1_451' title='bbox 2805 3072 3125 3144; x_wconf 83' lang='lat' dir='ltr'><strong>cujusdam,</strong></span> <span class='ocrx_word' id='word_1_452' title='bbox 3181 3073 3392 3134; x_wconf 86' lang='lat' dir='ltr'><strong>formas</strong></span> <span class='ocrx_word' id='word_1_453' title='bbox 3442 3079 3495 3133; x_wconf 91' lang='lat' dir='ltr'><strong>in</strong></span> 
     </span>
    </p>
   </div>
   <div class='ocr_carea' id='block_1_64' title="bbox 201 3164 1796 3246">
    <p class='ocr_par' dir='ltr' id='par_1_64' title="bbox 201 3167 1796 3246">
     <span class='ocr_line' id='line_1_64' title="bbox 201 3167 1796 3246; baseline 0 -21"><span class='ocrx_word' id='word_1_454' title='bbox 201 3171 293 3226; x_wconf 78' lang='grc' dir='ltr'><strong>τὸν</strong></span> <span class='ocrx_word' id='word_1_455' title='bbox 324 3171 427 3238; x_wconf 79' lang='grc' dir='ltr'><strong>μὲν</strong></span> <span class='ocrx_word' id='word_1_456' title='bbox 458 3169 748 3246; x_wconf 78' lang='grc' dir='ltr'><strong>ἄνθρωπον</strong></span> <span class='ocrx_word' id='word_1_457' title='bbox 773 3170 1152 3244; x_wconf 76' lang='grc' dir='ltr'><strong>ηὐτούργησεν</strong></span> <span class='ocrx_word' id='word_1_458' title='bbox 1191 3167 1390 3234; x_wconf 78' lang='grc' dir='ltr'><strong>αὐτός’</strong></span> <span class='ocrx_word' id='word_1_459' title='bbox 1426 3168 1496 3225; x_wconf 79' lang='grc' dir='ltr'><strong>τὰ</strong></span> <span class='ocrx_word' id='word_1_460' title='bbox 1523 3169 1581 3224; x_wconf 73' lang='grc' dir='ltr'><strong>δὲ</strong></span> <span class='ocrx_word' id='word_1_461' title='bbox 1607 3169 1796 3225; x_wconf 85' lang='grc' dir='ltr'><strong>-λοιπά</strong></span> 
     </span>
    </p>
   </div>
   <div class='ocr_carea' id='block_1_65' title="bbox 1904 3164 3498 3246">
    <p class='ocr_par' dir='ltr' id='par_1_65' title="bbox 1904 3164 3498 3238">
     <span class='ocr_line' id='line_1_65' title="bbox 1904 3164 3498 3238; baseline 0.001 -16"><span class='ocrx_word' id='word_1_462' title='bbox 1904 3166 2181 3224; x_wconf 85' lang='lat' dir='ltr'><strong>diversum</strong></span> <span class='ocrx_word' id='word_1_463' title='bbox 2239 3173 2450 3221; x_wconf 68' lang='lat' dir='ltr'><strong>mutat:</strong></span> <span class='ocrx_word' id='word_1_464' title='bbox 2492 3164 2638 3223; x_wconf 85' lang='lat' dir='ltr'><strong>Deus</strong></span> <span class='ocrx_word' id='word_1_465' title='bbox 2689 3165 3080 3224; x_wconf 84' lang='lat' dir='ltr'><strong>immortalitas</strong></span> <span class='ocrx_word' id='word_1_466' title='bbox 3123 3173 3242 3238; x_wconf 89' lang='lat' dir='ltr'><strong>est&#39;,</strong></span> <span class='ocrx_word' id='word_1_467' title='bbox 3291 3169 3400 3225; x_wconf 88' lang='lat' dir='ltr'><strong>vita</strong></span> <span class='ocrx_word' id='word_1_468' title='bbox 3441 3179 3498 3228; x_wconf 93' lang='lat' dir='ltr'><strong>ct</strong></span> 
     </span>
    </p>
   </div>
   <div class='ocr_carea' id='block_1_66' title="bbox 202 3261 1796 3339">
    <p class='ocr_par' dir='ltr' id='par_1_66' title="bbox 202 3261 1796 3339">
     <span class='ocr_line' id='line_1_66' title="bbox 202 3261 1796 3339; baseline 0 -21"><span class='ocrx_word' id='word_1_469' title='bbox 202 3263 332 3338; x_wconf 83' lang='grc' dir='ltr'><strong>γένη</strong></span> <span class='ocrx_word' id='word_1_470' title='bbox 353 3262 472 3319; x_wconf 83' lang='grc' dir='ltr'><strong>τῶν</strong></span> <span class='ocrx_word' id='word_1_471' title='bbox 495 3263 676 3332; x_wconf 77' lang='grc' dir='ltr'><strong>ζώων,</strong></span> <span class='ocrx_word' id='word_1_472' title='bbox 728 3265 874 3339; x_wconf 78' lang='grc' dir='ltr'><strong>ἀέρι,</strong></span> <span class='ocrx_word' id='word_1_473' title='bbox 910 3264 1006 3318; x_wconf 76' lang='grc' dir='ltr'><strong>καὶ</strong></span> <span class='ocrx_word' id='word_1_474' title='bbox 1031 3267 1126 3337; x_wconf 76' lang='grc' dir='ltr'><strong>γῇ,</strong></span> <span class='ocrx_word' id='word_1_475' title='bbox 1167 3264 1263 3318; x_wconf 73' lang='grc' dir='ltr'><strong>καὶ</strong></span> <span class='ocrx_word' id='word_1_476' title='bbox 1296 3262 1450 3317; x_wconf 77' lang='grc' dir='ltr'><strong>ὕδατι</strong></span> <span class='ocrx_word' id='word_1_477' title='bbox 1491 3261 1796 3337; x_wconf 76' lang='grc' dir='ltr'><strong>προσέταξε</strong></span> 
     </span>
    </p>
   </div>
   <div class='ocr_carea' id='block_1_67' title="bbox 202 3351 1795 3430">
    <p class='ocr_par' dir='ltr' id='par_1_67' title="bbox 202 3351 1795 3430">
     <span class='ocr_line' id='line_1_67' title="bbox 202 3351 1795 3430; baseline -0.001 -20"><span class='ocrx_word' id='word_1_478' title='bbox 202 3357 409 3430; x_wconf 79' lang='grc' dir='ltr'><strong>φέρειν,</strong></span> <span class='ocrx_word' id='word_1_479' title='bbox 455 3375 476 3412; x_wconf 82' lang='grc' dir='ltr'><strong>ι</strong></span> <span class='ocrx_word' id='word_1_480' title='bbox 518 3355 890 3427; x_wconf 81' lang='grc' dir='ltr'><strong>Ἐξαγαγέτω,</strong></span> <span class='ocrx_word' id='word_1_481' title='bbox 919 3354 1120 3425; x_wconf 74' lang='grc' dir='ltr'><strong>λέγων,</strong></span> <span class='ocrx_word' id='word_1_482' title='bbox 1155 3354 1225 3410; x_wconf 81' lang='grc' dir='ltr'><strong>τὰ.</strong></span> <span class='ocrx_word' id='word_1_483' title='bbox 1254 3353 1421 3409; x_wconf 79' lang='grc' dir='ltr'><strong>ὕδατα</strong></span> <span class='ocrx_word' id='word_1_484' title='bbox 1445 3355 1654 3428; x_wconf 82' lang='grc' dir='ltr'><strong>ἑρπετά</strong></span> <span class='ocrx_word' id='word_1_485' title='bbox 1687 3351 1795 3420; x_wconf 77' lang='grc' dir='ltr'><strong>ζω-</strong></span> 
     </span>
    </p>
   </div>
   <div class='ocr_carea' id='block_1_68' title="bbox 203 3444 1794 3520">
    <p class='ocr_par' dir='ltr' id='par_1_68' title="bbox 203 3444 1794 3520">
     <span class='ocr_line' id='line_1_68' title="bbox 203 3444 1794 3520; baseline 0.001 -19"><span class='ocrx_word' id='word_1_486' title='bbox 203 3448 310 3502; x_wconf 84' lang='grc' dir='ltr'><strong>σῶν</strong></span> <span class='ocrx_word' id='word_1_487' title='bbox 337 3447 556 3520; x_wconf 76' lang='grc' dir='ltr'><strong>ψυχῶν,</strong></span> <span class='ocrx_word' id='word_1_488' title='bbox 580 3448 678 3501; x_wconf 79' lang='grc' dir='ltr'><strong>καὶ</strong></span> <span class='ocrx_word' id='word_1_489' title='bbox 715 3444 938 3502; x_wconf 87' lang='grc' dir='ltr'><strong>πετεινά</strong></span> <span class='ocrx_word' id='word_1_490' title='bbox 964 3446 1236 3517; x_wconf 86' lang='grc' dir='ltr'><strong>πετόμενα</strong></span> <span class='ocrx_word' id='word_1_491' title='bbox 1263 3446 1358 3500; x_wconf 71' lang='grc' dir='ltr'><strong>ἐπὶ</strong></span> <span class='ocrx_word' id='word_1_492' title='bbox 1383 3447 1482 3519; x_wconf 79' lang='grc' dir='ltr'><strong>τῆς</strong></span> <span class='ocrx_word' id='word_1_493' title='bbox 1504 3447 1629 3520; x_wconf 79' lang='grc' dir='ltr'><strong>γῆς,</strong></span> <span class='ocrx_word' id='word_1_494' title='bbox 1649 3446 1794 3502; x_wconf 88' lang='grc' dir='ltr'><strong>κατά</strong></span> 
     </span>
    </p>
   </div>
   <div class='ocr_carea' id='block_1_69' title="bbox 201 3538 1790 3615">
    <p class='ocr_par' dir='ltr' id='par_1_69' title="bbox 201 3538 1790 3615">
     <span class='ocr_line' id='line_1_69' title="bbox 201 3538 1790 3615; baseline -0.001 -18"><span class='ocrx_word' id='word_1_495' title='bbox 201 3541 260 3597; x_wconf 88' lang='grc' dir='ltr'><strong>τὸ</strong></span> <span class='ocrx_word' id='word_1_496' title='bbox 281 3541 577 3615; x_wconf 70' lang='grc' dir='ltr'><strong>στερέωμα</strong></span> <span class='ocrx_word' id='word_1_497' title='bbox 601 3539 695 3596; x_wconf 88' lang='grc' dir='ltr'><strong>τοῦ</strong></span> <span class='ocrx_word' id='word_1_498' title='bbox 715 3539 970 3615; x_wconf 75' lang='grc' dir='ltr'><strong>οὐρανοῦ.</strong></span> <span class='ocrx_word' id='word_1_499' title='bbox 995 3557 1015 3595; x_wconf 75' lang='grc' dir='ltr'><strong>ε</strong></span> <span class='ocrx_word' id='word_1_500' title='bbox 1046 3539 1177 3606; x_wconf 77' lang='grc' dir='ltr'><strong>Καὶ,</strong></span> <span class='ocrx_word' id='word_1_501' title='bbox 1213 3556 1234 3591; x_wconf 78' lang='grc' dir='ltr'><strong>ι</strong></span> <span class='ocrx_word' id='word_1_502' title='bbox 1280 3538 1628 3610; x_wconf 79' lang='grc' dir='ltr'><strong>Ἑξαγαγέτω</strong></span> <span class='ocrx_word' id='word_1_503' title='bbox 1661 3540 1790 3613; x_wconf 71' lang='grc' dir='ltr'><strong>η’γῆ</strong></span> 
     </span>
    </p>
   </div>
   <div class='ocr_carea' id='block_1_70' title="bbox 199 3631 1790 3708">
    <p class='ocr_par' dir='ltr' id='par_1_70' title="bbox 199 3631 1790 3708">
     <span class='ocr_line' id='line_1_70' title="bbox 199 3631 1790 3708; baseline 0.003 -22"><span class='ocrx_word' id='word_1_504' title='bbox 199 3632 375 3706; x_wconf 76' lang='grc' dir='ltr'><strong>ψυχὴν</strong></span> <span class='ocrx_word' id='word_1_505' title='bbox 393 3633 586 3698; x_wconf 78' lang='grc' dir='ltr'><strong>ζῶσαν</strong></span> <span class='ocrx_word' id='word_1_506' title='bbox 607 3631 750 3689; x_wconf 84' lang='grc' dir='ltr'><strong>κατά</strong></span> <span class='ocrx_word' id='word_1_507' title='bbox 771 3633 948 3703; x_wconf 72' lang='grc' dir='ltr'><strong>γένος⁹</strong></span> <span class='ocrx_word' id='word_1_508' title='bbox 970 3632 1300 3706; x_wconf 79' lang='grc' dir='ltr'><strong>τετράποδα,</strong></span> <span class='ocrx_word' id='word_1_509' title='bbox 1321 3635 1415 3689; x_wconf 75' lang='grc' dir='ltr'><strong>καί</strong></span> <span class='ocrx_word' id='word_1_510' title='bbox 1441 3635 1669 3708; x_wconf 71' lang='grc' dir='ltr'><strong>ἑρπετὰ,</strong></span> <span class='ocrx_word' id='word_1_511' title='bbox 1695 3635 1790 3690; x_wconf 71' lang='grc' dir='ltr'><strong>καί</strong></span> 
     </span>
    </p>
   </div>
   <div class='ocr_carea' id='block_1_71' title="bbox 199 3725 1788 3802">
    <p class='ocr_par' dir='ltr' id='par_1_71' title="bbox 199 3725 1788 3802">
     <span class='ocr_line' id='line_1_71' title="bbox 199 3725 1788 3802; baseline 0.003 -22"><span class='ocrx_word' id='word_1_512' title='bbox 199 3727 362 3801; x_wconf 87' lang='grc' dir='ltr'><strong>θηρία</strong></span> <span class='ocrx_word' id='word_1_513' title='bbox 393 3727 505 3800; x_wconf 80' lang='grc' dir='ltr'><strong>τῆς</strong></span> <span class='ocrx_word' id='word_1_514' title='bbox 528 3727 634 3799; x_wconf 82' lang='grc' dir='ltr'><strong>γῆς</strong></span> <span class='ocrx_word' id='word_1_515' title='bbox 654 3727 798 3782; x_wconf 85' lang='grc' dir='ltr'><strong>κατά</strong></span> <span class='ocrx_word' id='word_1_516' title='bbox 826 3725 1006 3798; x_wconf 71' lang='grc' dir='ltr'><strong>γένος.</strong></span> <span class='ocrx_word' id='word_1_517' title='bbox 1046 3746 1067 3781; x_wconf 74' lang='grc' dir='ltr'><strong>ι</strong></span> <span class='ocrx_word' id='word_1_518' title='bbox 1115 3728 1242 3783; x_wconf 83' lang='grc' dir='ltr'><strong>Ἐπί</strong></span> <span class='ocrx_word' id='word_1_519' title='bbox 1281 3727 1341 3782; x_wconf 81' lang='grc' dir='ltr'><strong>δὲ</strong></span> <span class='ocrx_word' id='word_1_520' title='bbox 1366 3727 1463 3783; x_wconf 91' lang='grc' dir='ltr'><strong>τοῦ</strong></span> <span class='ocrx_word' id='word_1_521' title='bbox 1495 3727 1788 3802; x_wconf 82' lang='grc' dir='ltr'><strong>ἀνθρώπου</strong></span> 
     </span>
    </p>
   </div>
   <div class='ocr_carea' id='block_1_72' title="bbox 200 3818 1790 3894">
    <p class='ocr_par' dir='ltr' id='par_1_72' title="bbox 200 3818 1790 3894">
     <span class='ocr_line' id='line_1_72' title="bbox 200 3818 1790 3894; baseline 0.001 -20"><span class='ocrx_word' id='word_1_522' title='bbox 200 3821 295 3876; x_wconf 76' lang='grc' dir='ltr'><strong>οὐκ</strong></span> <span class='ocrx_word' id='word_1_523' title='bbox 322 3820 433 3890; x_wconf 74' lang='grc' dir='ltr'><strong>ἔτι,</strong></span> <span class='ocrx_word' id='word_1_524' title='bbox 452 3840 472 3874; x_wconf 82' lang='grc' dir='ltr'><strong>ε</strong></span> <span class='ocrx_word' id='word_1_525' title='bbox 493 3818 895 3892; x_wconf 71' lang='grc' dir='ltr'><strong>Ἔξαγαγὲτω,ι</strong></span> <span class='ocrx_word' id='word_1_526' title='bbox 922 3818 1082 3889; x_wconf 86' lang='grc' dir='ltr'><strong>ἀλλά,</strong></span> <span class='ocrx_word' id='word_1_527' title='bbox 1117 3822 1476 3894; x_wconf 75' lang='grc' dir='ltr'><strong>εῐῐοιησωμεν</strong></span> <span class='ocrx_word' id='word_1_528' title='bbox 1501 3819 1790 3894; x_wconf 75' lang='grc' dir='ltr'><strong>ἄνθρωπον</strong></span> 
     </span>
    </p>
   </div>
   <div class='ocr_carea' id='block_1_73' title="bbox 199 3912 1786 3988">
    <p class='ocr_par' dir='ltr' id='par_1_73' title="bbox 199 3912 1786 3988">
     <span class='ocr_line' id='line_1_73' title="bbox 199 3912 1786 3988; baseline 0 -21"><span class='ocrx_word' id='word_1_529' title='bbox 199 3917 314 3968; x_wconf 78' lang='grc' dir='ltr'><strong>κατ’</strong></span> <span class='ocrx_word' id='word_1_530' title='bbox 357 3914 554 3971; x_wconf 79' lang='grc' dir='ltr'><strong>εἰκόνα</strong></span> <span class='ocrx_word' id='word_1_531' title='bbox 608 3913 891 3988; x_wconf 75' lang='grc' dir='ltr'><strong>ἡμετέραν</strong></span> <span class='ocrx_word' id='word_1_532' title='bbox 939 3917 1037 3972; x_wconf 77' lang='grc' dir='ltr'><strong>καὶ</strong></span> <span class='ocrx_word' id='word_1_533' title='bbox 1085 3912 1206 3970; x_wconf 73' lang='grc' dir='ltr'><strong>καθ’</strong></span> <span class='ocrx_word' id='word_1_534' title='bbox 1255 3913 1540 3986; x_wconf 81' lang='grc' dir='ltr'><strong>ὁμοίωσιν.</strong></span> <span class='ocrx_word' id='word_1_535' title='bbox 1577 3933 1598 3969; x_wconf 73' lang='grc' dir='ltr'><strong>ε</strong></span> <span class='ocrx_word' id='word_1_536' title='bbox 1639 3913 1786 3982; x_wconf 78' lang='grc' dir='ltr'><strong>Καὶ,</strong></span> 
     </span>
    </p>
   </div>
   <div class='ocr_carea' id='block_1_74' title="bbox 203 4006 1789 4082">
    <p class='ocr_par' dir='ltr' id='par_1_74' title="bbox 203 4006 1789 4082">
     <span class='ocr_line' id='line_1_74' title="bbox 203 4006 1789 4082; baseline 0 -20"><span class='ocrx_word' id='word_1_537' title='bbox 203 4027 224 4062; x_wconf 81' lang='grc' dir='ltr'><strong>ι</strong></span> <span class='ocrx_word' id='word_1_538' title='bbox 261 4007 498 4067; x_wconf 79' lang='grc' dir='ltr'><strong>Ἐλασεν</strong></span> <span class='ocrx_word' id='word_1_539' title='bbox 529 4009 558 4063; x_wconf 85' lang='grc' dir='ltr'><strong>ό</strong></span> <span class='ocrx_word' id='word_1_540' title='bbox 583 4007 715 4074; x_wconf 81' lang='grc' dir='ltr'><strong>Θεὸς</strong></span> <span class='ocrx_word' id='word_1_541' title='bbox 743 4008 872 4081; x_wconf 86' lang='grc' dir='ltr'><strong>χοῦν</strong></span> <span class='ocrx_word' id='word_1_542' title='bbox 892 4006 1002 4063; x_wconf 74' lang='grc' dir='ltr'><strong>ἀπὸ</strong></span> <span class='ocrx_word' id='word_1_543' title='bbox 1031 4008 1131 4082; x_wconf 81' lang='grc' dir='ltr'><strong>τῆς</strong></span> <span class='ocrx_word' id='word_1_544' title='bbox 1165 4006 1290 4080; x_wconf 75' lang='grc' dir='ltr'><strong>γῆς,</strong></span> <span class='ocrx_word' id='word_1_545' title='bbox 1317 4008 1412 4062; x_wconf 80' lang='grc' dir='ltr'><strong>καὶ</strong></span> <span class='ocrx_word' id='word_1_546' title='bbox 1432 4006 1669 4063; x_wconf 81' lang='grc' dir='ltr'><strong>ἔπλασεν</strong></span> <span class='ocrx_word' id='word_1_547' title='bbox 1690 4007 1789 4064; x_wconf 81' lang='grc' dir='ltr'><strong>αὒ-</strong></span> 
     </span>
    </p>
   </div>
   <div class='ocr_carea' id='block_1_75' title="bbox 201 4103 358 4160">
    <p class='ocr_par' dir='ltr' id='par_1_75' title="bbox 201 4103 358 4160">
     <span class='ocr_line' id='line_1_75' title="bbox 201 4103 358 4160; baseline 0.013 -4"><span class='ocrx_word' id='word_1_548' title='bbox 201 4103 308 4160; x_wconf 78' lang='grc' dir='ltr'><strong>τόν.</strong></span> <span class='ocrx_word' id='word_1_549' title='bbox 339 4123 358 4158; x_wconf 76' lang='grc' dir='ltr'><strong>ε</strong></span> 
     </span>
    </p>
   </div>
   <div class='ocr_carea' id='block_1_76' title="bbox 1899 3255 3494 3333">
    <p class='ocr_par' dir='ltr' id='par_1_76' title="bbox 1899 3255 3494 3333">
     <span class='ocr_line' id='line_1_76' title="bbox 1899 3255 3494 3333; baseline 0.001 -19"><span class='ocrx_word' id='word_1_550' title='bbox 1899 3258 2252 3329; x_wconf 90' lang='lat' dir='ltr'><strong>incorruptio</strong></span> <span class='ocrx_word' id='word_1_551' title='bbox 2296 3273 2312 3313; x_wconf 91' lang='lat'><strong>:</strong></span> <span class='ocrx_word' id='word_1_552' title='bbox 2360 3271 2503 3328; x_wconf 91' lang='lat' dir='ltr'><strong>opus</strong></span> <span class='ocrx_word' id='word_1_553' title='bbox 2560 3268 2747 3314; x_wconf 84' lang='lat' dir='ltr'><strong>autem</strong></span> <span class='ocrx_word' id='word_1_554' title='bbox 2783 3255 2905 3324; x_wconf 84' lang='lat' dir='ltr'><strong>Dei,</strong></span> <span class='ocrx_word' id='word_1_555' title='bbox 2962 3259 3152 3316; x_wconf 89' lang='lat' dir='ltr'><strong>homo.</strong></span> <span class='ocrx_word' id='word_1_556' title='bbox 3211 3259 3494 3333; x_wconf 83' lang='lat' dir='ltr'><strong>Quidquid</strong></span> 
     </span>
    </p>
   </div>
   <div class='ocr_carea' id='block_1_77' title="bbox 1897 3349 3492 3425">
    <p class='ocr_par' dir='ltr' id='par_1_77' title="bbox 1897 3349 3492 3425">
     <span class='ocr_line' id='line_1_77' title="bbox 1897 3349 3492 3425; baseline 0.004 -17"><span class='ocrx_word' id='word_1_557' title='bbox 1897 3367 2066 3425; x_wconf 89' lang='lat' dir='ltr'><strong>porro</strong></span> <span class='ocrx_word' id='word_1_558' title='bbox 2095 3351 2166 3408; x_wconf 88' lang='lat' dir='ltr'><strong>ab</strong></span> <span class='ocrx_word' id='word_1_559' title='bbox 2195 3350 2617 3408; x_wconf 87' lang='lat' dir='ltr'><strong>immortalitate</strong></span> <span class='ocrx_word' id='word_1_560' title='bbox 2661 3349 2866 3408; x_wconf 88' lang='lat' dir='ltr'><strong>factum</strong></span> <span class='ocrx_word' id='word_1_561' title='bbox 2917 3361 3026 3420; x_wconf 88' lang='lat' dir='ltr'><strong>est,</strong></span> <span class='ocrx_word' id='word_1_562' title='bbox 3073 3353 3384 3414; x_wconf 84' lang='lat' dir='ltr'><strong>immortale</strong></span> <span class='ocrx_word' id='word_1_563' title='bbox 3422 3357 3492 3415; x_wconf 87' lang='lat' dir='ltr'><strong>sit</strong></span> 
     </span>
    </p>
   </div>
   <div class='ocr_carea' id='block_1_78' title="bbox 1896 3443 3497 3520">
    <p class='ocr_par' dir='ltr' id='par_1_78' title="bbox 1896 3443 3497 3520">
     <span class='ocr_line' id='line_1_78' title="bbox 1896 3443 3497 3520; baseline 0.004 -18"><span class='ocrx_word' id='word_1_564' title='bbox 1896 3453 2135 3517; x_wconf 86' lang='lat' dir='ltr'><strong>oportet.</strong></span> <span class='ocrx_word' id='word_1_565' title='bbox 2167 3444 2246 3500; x_wconf 83' lang='lat' dir='ltr'><strong>Ac</strong></span> <span class='ocrx_word' id='word_1_566' title='bbox 2276 3443 2516 3518; x_wconf 87' lang='lat' dir='ltr'><strong>proinde</strong></span> <span class='ocrx_word' id='word_1_567' title='bbox 2539 3443 2762 3516; x_wconf 87' lang='lat' dir='ltr'><strong>quidem</strong></span> <span class='ocrx_word' id='word_1_568' title='bbox 2796 3445 3074 3503; x_wconf 86' lang='lat' dir='ltr'><strong>hominem</strong></span> <span class='ocrx_word' id='word_1_569' title='bbox 3098 3448 3335 3520; x_wconf 86' lang='lat' dir='ltr'><strong>ipsemet</strong></span> <span class='ocrx_word' id='word_1_570' title='bbox 3363 3450 3497 3508; x_wconf 66' lang='lat' dir='ltr'><strong>effc-</strong></span> 
     </span>
    </p>
   </div>
   <div class='ocr_carea' id='block_1_79' title="bbox 1895 3534 3490 3608">
    <p class='ocr_par' dir='ltr' id='par_1_79' title="bbox 1895 3534 3490 3608">
     <span class='ocr_line' id='line_1_79' title="bbox 1895 3534 3490 3608; baseline 0.002 -14"><span class='ocrx_word' id='word_1_571' title='bbox 1895 3538 2011 3594; x_wconf 89' lang='lat' dir='ltr'><strong>cit:</strong></span> <span class='ocrx_word' id='word_1_572' title='bbox 2040 3535 2252 3608; x_wconf 86' lang='lat' dir='ltr'><strong>reliqua</strong></span> <span class='ocrx_word' id='word_1_573' title='bbox 2274 3544 2458 3591; x_wconf 84' lang='lat' dir='ltr'><strong>autem</strong></span> <span class='ocrx_word' id='word_1_574' title='bbox 2491 3534 2857 3591; x_wconf 87' lang='lat' dir='ltr'><strong>animantium</strong></span> <span class='ocrx_word' id='word_1_575' title='bbox 2889 3552 3111 3608; x_wconf 77' lang='lat' dir='ltr'><strong>genera,</strong></span> <span class='ocrx_word' id='word_1_576' title='bbox 3137 3539 3276 3606; x_wconf 84' lang='lat' dir='ltr'><strong>aeri,</strong></span> <span class='ocrx_word' id='word_1_577' title='bbox 3310 3547 3490 3608; x_wconf 76' lang='lat' dir='ltr'><strong>terrze,</strong></span> 
     </span>
    </p>
   </div>
   <div class='ocr_carea' id='block_1_80' title="bbox 1896 3627 3488 3703">
    <p class='ocr_par' dir='ltr' id='par_1_80' title="bbox 1896 3627 3488 3703">
     <span class='ocr_line' id='line_1_80' title="bbox 1896 3627 3488 3703; baseline 0.001 -14"><span class='ocrx_word' id='word_1_578' title='bbox 1896 3640 1952 3689; x_wconf 89' lang='lat' dir='ltr'><strong>et</strong></span> <span class='ocrx_word' id='word_1_579' title='bbox 1983 3629 2143 3703; x_wconf 85' lang='lat' dir='ltr'><strong>aquis</strong></span> <span class='ocrx_word' id='word_1_580' title='bbox 2173 3628 2529 3702; x_wconf 86' lang='lat' dir='ltr'><strong>producenda</strong></span> <span class='ocrx_word' id='word_1_581' title='bbox 2567 3627 2866 3684; x_wconf 84' lang='lat' dir='ltr'><strong>mandavit.</strong></span> <span class='ocrx_word' id='word_1_582' title='bbox 2904 3647 2926 3682; x_wconf 77' lang='grc' dir='ltr'><strong>ι</strong></span> <span class='ocrx_word' id='word_1_583' title='bbox 2963 3629 3280 3690; x_wconf 86' lang='lat' dir='ltr'><strong>Producant</strong></span> <span class='ocrx_word' id='word_1_584' title='bbox 3315 3634 3488 3700; x_wconf 86' lang='lat' dir='ltr'><strong>enim,</strong></span> 
     </span>
    </p>
   </div>
   <div class='ocr_carea' id='block_1_81' title="bbox 1896 3722 3489 3798">
    <p class='ocr_par' dir='ltr' id='par_1_81' title="bbox 1896 3722 3489 3798">
     <span class='ocr_line' id='line_1_81' title="bbox 1896 3722 3489 3798; baseline 0.004 -18"><span class='ocrx_word' id='word_1_585' title='bbox 1896 3723 2099 3797; x_wconf 89' lang='lat' dir='ltr'><strong>inquit,</strong></span> <span class='ocrx_word' id='word_1_586' title='bbox 2130 3739 2288 3796; x_wconf 73' lang='lat' dir='ltr'><strong>aqua:</strong></span> <span class='ocrx_word' id='word_1_587' title='bbox 2338 3723 2552 3794; x_wconf 83' lang='lat' dir='ltr'><strong>rcptilia</strong></span> <span class='ocrx_word' id='word_1_588' title='bbox 2589 3722 2893 3780; x_wconf 80' lang='lat' dir='ltr'><strong>viventium</strong></span> <span class='ocrx_word' id='word_1_589' title='bbox 2928 3725 3264 3798; x_wconf 78' lang='lat' dir='ltr'><strong>animarum,</strong></span> <span class='ocrx_word' id='word_1_590' title='bbox 3302 3737 3358 3787; x_wconf 88' lang='lat' dir='ltr'><strong>et</strong></span> <span class='ocrx_word' id='word_1_591' title='bbox 3392 3745 3489 3787; x_wconf 85' lang='lat' dir='ltr'><strong>vo-</strong></span> 
     </span>
    </p>
   </div>
   <div class='ocr_carea' id='block_1_82' title="bbox 1899 3817 3485 3890">
    <p class='ocr_par' dir='ltr' id='par_1_82' title="bbox 1899 3817 3485 3890">
     <span class='ocr_line' id='line_1_82' title="bbox 1899 3817 3485 3890; baseline 0.004 -16"><span class='ocrx_word' id='word_1_592' title='bbox 1899 3818 2071 3874; x_wconf 87' lang='lat' dir='ltr'><strong>latilia</strong></span> <span class='ocrx_word' id='word_1_593' title='bbox 2112 3817 2358 3875; x_wconf 85' lang='lat' dir='ltr'><strong>volantia</strong></span> <span class='ocrx_word' id='word_1_594' title='bbox 2417 3832 2585 3888; x_wconf 85' lang='lat' dir='ltr'><strong>super</strong></span> <span class='ocrx_word' id='word_1_595' title='bbox 2643 3827 2870 3887; x_wconf 90' lang='lat' dir='ltr'><strong>terram,</strong></span> <span class='ocrx_word' id='word_1_596' title='bbox 2926 3835 3026 3890; x_wconf 86' lang='lat' dir='ltr'><strong>per</strong></span> <span class='ocrx_word' id='word_1_597' title='bbox 3077 3821 3485 3881; x_wconf 77' lang='lat' dir='ltr'><strong>ﬁrmamentum</strong></span> 
     </span>
    </p>
   </div>
   <div class='ocr_carea' id='block_1_83' title="bbox 1896 3909 3483 3987">
    <p class='ocr_par' dir='ltr' id='par_1_83' title="bbox 1896 3909 3483 3987">
     <span class='ocr_line' id='line_1_83' title="bbox 1896 3909 3483 3987; baseline 0.004 -18"><span class='ocrx_word' id='word_1_598' title='bbox 1896 3913 2020 3970; x_wconf 75' lang='lat' dir='ltr'><strong>cmli</strong></span> <span class='ocrx_word' id='word_1_599' title='bbox 2054 3910 2211 3987; x_wconf 73' lang='lat' dir='ltr'><strong>(Gen.</strong></span> <span class='ocrx_word' id='word_1_600' title='bbox 2246 3928 2285 3978; x_wconf 87' lang='grc' dir='ltr'><strong>ι,</strong></span> <span class='ocrx_word' id='word_1_601' title='bbox 2315 3911 2428 3982; x_wconf 74' lang='grc'><strong>20).</strong></span> <span class='ocrx_word' id='word_1_602' title='bbox 2462 3930 2480 3965; x_wconf 73' lang='grc' dir='ltr'><strong>ι</strong></span> <span class='ocrx_word' id='word_1_603' title='bbox 2516 3909 2582 3966; x_wconf 83' lang='lat' dir='ltr'><strong>Et</strong></span> <span class='ocrx_word' id='word_1_604' title='bbox 2615 3930 2628 3968; x_wconf 89' lang='lat'><strong>:</strong></span> <span class='ocrx_word' id='word_1_605' title='bbox 2669 3931 2690 3966; x_wconf 86' lang='grc'><em>‹</em></span> <span class='ocrx_word' id='word_1_606' title='bbox 2736 3911 3015 3970; x_wconf 85' lang='lat' dir='ltr'><strong>Prudueat</strong></span> <span class='ocrx_word' id='word_1_607' title='bbox 3053 3922 3204 3972; x_wconf 89' lang='lat' dir='ltr'><strong>terra</strong></span> <span class='ocrx_word' id='word_1_608' title='bbox 3240 3918 3483 3975; x_wconf 83' lang='lat' dir='ltr'><strong>animam</strong></span> 
     </span>
    </p>
   </div>
   <div class='ocr_carea' id='block_1_84' title="bbox 1897 4007 3484 4082">
    <p class='ocr_par' dir='ltr' id='par_1_84' title="bbox 1897 4007 3484 4082">
     <span class='ocr_line' id='line_1_84' title="bbox 1897 4007 3484 4082; baseline 0.004 -20"><span class='ocrx_word' id='word_1_609' title='bbox 1897 4007 2168 4064; x_wconf 84' lang='lat' dir='ltr'><strong>viventem</strong></span> <span class='ocrx_word' id='word_1_610' title='bbox 2209 4007 2512 4064; x_wconf 81' lang='lat' dir='ltr'><strong>secundum</strong></span> <span class='ocrx_word' id='word_1_611' title='bbox 2560 4021 2736 4078; x_wconf 78' lang='lat' dir='ltr'><strong>genus</strong></span> <span class='ocrx_word' id='word_1_612' title='bbox 2773 4008 2926 4079; x_wconf 81' lang='lat' dir='ltr'><strong>(ibid.</strong></span> <span class='ocrx_word' id='word_1_613' title='bbox 2958 4009 3073 4082; x_wconf 66' lang='grc'><strong>24).</strong></span> <span class='ocrx_word' id='word_1_614' title='bbox 3114 4029 3134 4065; x_wconf 74' lang='grc' dir='ltr'><strong>ε</strong></span> <span class='ocrx_word' id='word_1_615' title='bbox 3169 4013 3238 4067; x_wconf 80' lang='lat' dir='ltr'><strong>At</strong></span> <span class='ocrx_word' id='word_1_616' title='bbox 3283 4011 3350 4069; x_wconf 91' lang='lat' dir='ltr'><strong>de</strong></span> <span class='ocrx_word' id='word_1_617' title='bbox 3382 4012 3484 4069; x_wconf 84' lang='lat' dir='ltr'><strong>ho-</strong></span> 
     </span>
    </p>
   </div>
   <div class='ocr_carea' id='block_1_85' title="bbox 1894 4098 3483 4167">
    <p class='ocr_par' dir='ltr' id='par_1_85' title="bbox 1894 4098 3483 4167">
     <span class='ocr_line' id='line_1_85' title="bbox 1894 4098 3483 4167; baseline 0.003 -11"><span class='ocrx_word' id='word_1_618' title='bbox 1894 4102 2042 4157; x_wconf 90' lang='lat' dir='ltr'><strong>mine</strong></span> <span class='ocrx_word' id='word_1_619' title='bbox 2070 4116 2178 4157; x_wconf 90' lang='lat' dir='ltr'><strong>non</strong></span> <span class='ocrx_word' id='word_1_620' title='bbox 2218 4101 2348 4157; x_wconf 87' lang='lat' dir='ltr'><strong>item</strong></span> <span class='ocrx_word' id='word_1_621' title='bbox 2380 4098 2544 4167; x_wconf 77' lang='lat' dir='ltr'><strong>dixit,</strong></span> <span class='ocrx_word' id='word_1_622' title='bbox 2578 4101 2886 4167; x_wconf 81' lang='lat' dir='ltr'><strong>Producat;</strong></span> <span class='ocrx_word' id='word_1_623' title='bbox 2943 4103 3083 4160; x_wconf 91' lang='lat' dir='ltr'><strong>sed:</strong></span> <span class='ocrx_word' id='word_1_624' title='bbox 3126 4121 3146 4156; x_wconf 83' lang='grc' dir='ltr'><strong>ι</strong></span> <span class='ocrx_word' id='word_1_625' title='bbox 3189 4103 3483 4164; x_wconf 83' lang='lat' dir='ltr'><strong>Faciamus</strong></span> 
     </span>
    </p>
   </div>
   <div class='ocr_carea' id='block_1_86' title="bbox 203 4189 3484 4268">
    <p class='ocr_par' dir='ltr' id='par_1_86' title="bbox 203 4189 3484 4268">
     <span class='ocr_line' id='line_1_86' title="bbox 203 4189 3484 4268; baseline 0.002 -18"><span class='ocrx_word' id='word_1_626' title='bbox 203 4197 477 4256; x_wconf 86' lang='lat' dir='ltr'><strong>hominem</strong></span> <span class='ocrx_word' id='word_1_627' title='bbox 527 4196 594 4252; x_wconf 81' lang='lat' dir='ltr'><strong>ad</strong></span> <span class='ocrx_word' id='word_1_628' title='bbox 628 4194 928 4268; x_wconf 79' lang='lat' dir='ltr'><strong>imaginem</strong></span> <span class='ocrx_word' id='word_1_629' title='bbox 959 4203 1207 4253; x_wconf 84' lang='lat' dir='ltr'><strong>nostram</strong></span> <span class='ocrx_word' id='word_1_630' title='bbox 1251 4201 1306 4252; x_wconf 91' lang='lat' dir='ltr'><strong>et</strong></span> <span class='ocrx_word' id='word_1_631' title='bbox 1339 4191 1758 4251; x_wconf 86' lang='lat' dir='ltr'><strong>similitudinem</strong></span> <span class='ocrx_word' id='word_1_632' title='bbox 1825 4189 1891 4247; x_wconf 85' lang='lat' dir='ltr'><strong>Et</strong></span> <span class='ocrx_word' id='word_1_633' title='bbox 1937 4191 2241 4264; x_wconf 86' lang='lat' dir='ltr'><strong>assumpsit</strong></span> <span class='ocrx_word' id='word_1_634' title='bbox 2298 4191 2441 4249; x_wconf 88' lang='lat' dir='ltr'><strong>Deus</strong></span> <span class='ocrx_word' id='word_1_635' title='bbox 2491 4192 2774 4265; x_wconf 86' lang='lat' dir='ltr'><strong>pulverem</strong></span> <span class='ocrx_word' id='word_1_636' title='bbox 2809 4193 2878 4251; x_wconf 89' lang='lat' dir='ltr'><strong>de</strong></span> <span class='ocrx_word' id='word_1_637' title='bbox 2908 4203 3078 4266; x_wconf 84' lang='lat' dir='ltr'><strong>terra,</strong></span> <span class='ocrx_word' id='word_1_638' title='bbox 3153 4205 3211 4255; x_wconf 87' lang='lat' dir='ltr'><strong>et</strong></span> <span class='ocrx_word' id='word_1_639' title='bbox 3274 4197 3484 4258; x_wconf 72' lang='lat' dir='ltr'><strong>cliinxit</strong></span> 
     </span>
    </p>
   </div>
   <div class='ocr_carea' id='block_1_87' title="bbox 200 4306 401 4348">
    <p class='ocr_par' dir='ltr' id='par_1_87' title="bbox 200 4306 401 4348">
     <span class='ocr_line' id='line_1_87' title="bbox 200 4306 401 4348; baseline 0.005 -3"><span class='ocrx_word' id='word_1_640' title='bbox 200 4306 343 4348; x_wconf 89' lang='lat' dir='ltr'><strong>eum.</strong></span> <span class='ocrx_word' id='word_1_641' title='bbox 381 4311 401 4346; x_wconf 71' lang='grc' dir='ltr'><strong>ι</strong></span> 
     </span>
    </p>
   </div>
   <div class='ocr_carea' id='block_1_88' title="bbox 268 4378 1782 4459">
    <p class='ocr_par' dir='ltr' id='par_1_88' title="bbox 268 4378 1782 4459">
     <span class='ocr_line' id='line_1_88' title="bbox 268 4378 1782 4459; baseline -0.005 -20"><span class='ocrx_word' id='word_1_642' title='bbox 268 4384 439 4459; x_wconf 85' lang='grc' dir='ltr'><strong>Σῶμα</strong></span> <span class='ocrx_word' id='word_1_643' title='bbox 497 4382 711 4438; x_wconf 75' lang='grc' dir='ltr'><strong>ἔκτισεν</strong></span> <span class='ocrx_word' id='word_1_644' title='bbox 760 4383 789 4438; x_wconf 87' lang='grc' dir='ltr'><strong>ό</strong></span> <span class='ocrx_word' id='word_1_645' title='bbox 824 4381 980 4448; x_wconf 75' lang='grc' dir='ltr'><strong>Θεὸς,</strong></span> <span class='ocrx_word' id='word_1_646' title='bbox 1032 4381 1158 4454; x_wconf 76' lang='grc' dir='ltr'><strong>οὐχὶ</strong></span> <span class='ocrx_word' id='word_1_647' title='bbox 1207 4381 1402 4436; x_wconf 78' lang='grc' dir='ltr'><strong>νόσονο</strong></span> <span class='ocrx_word' id='word_1_648' title='bbox 1453 4378 1550 4436; x_wconf 71' lang='grc' dir='ltr'><strong>καὶ</strong></span> <span class='ocrx_word' id='word_1_649' title='bbox 1601 4378 1782 4451; x_wconf 74' lang='grc' dir='ltr'><strong>ψυχὴν</strong></span> 
     </span>
    </p>
   </div>
   <div class='ocr_carea' id='block_1_89' title="bbox 201 4471 1780 4551">
    <p class='ocr_par' dir='ltr' id='par_1_89' title="bbox 201 4471 1780 4551">
     <span class='ocr_line' id='line_1_89' title="bbox 201 4471 1780 4551; baseline -0.003 -21"><span class='ocrx_word' id='word_1_650' title='bbox 201 4477 455 4551; x_wconf 71' lang='grc' dir='ltr'><strong>ἐποίησεν</strong></span> <span class='ocrx_word' id='word_1_651' title='bbox 491 4478 520 4530; x_wconf 87' lang='grc' dir='ltr'><strong>ό</strong></span> <span class='ocrx_word' id='word_1_652' title='bbox 547 4476 700 4543; x_wconf 83' lang='grc' dir='ltr'><strong>Θεὸς,</strong></span> <span class='ocrx_word' id='word_1_653' title='bbox 740 4475 860 4548; x_wconf 83' lang='grc' dir='ltr'><strong>οῦχί</strong></span> <span class='ocrx_word' id='word_1_654' title='bbox 905 4475 962 4530; x_wconf 76' lang='grc' dir='ltr'><strong>δὲ</strong></span> <span class='ocrx_word' id='word_1_655' title='bbox 1010 4473 1324 4548; x_wconf 72' lang='grc' dir='ltr'><strong>ἁμαρτίαν·</strong></span> <span class='ocrx_word' id='word_1_656' title='bbox 1373 4471 1630 4547; x_wconf 78' lang='grc' dir='ltr'><strong>ἐκακώθη</strong></span> <span class='ocrx_word' id='word_1_657' title='bbox 1659 4473 1716 4526; x_wconf 83' lang='grc' dir='ltr'><strong>δὲ</strong></span> <span class='ocrx_word' id='word_1_658' title='bbox 1746 4475 1780 4545; x_wconf 76' lang='grc' dir='ltr'><strong>ἡ</strong></span> 
     </span>
    </p>
   </div>
   <div class='ocr_carea' id='block_1_90' title="bbox 201 4568 1781 4646">
    <p class='ocr_par' dir='ltr' id='par_1_90' title="bbox 201 4568 1781 4646">
     <span class='ocr_line' id='line_1_90' title="bbox 201 4568 1781 4646; baseline 0.001 -22"><span class='ocrx_word' id='word_1_659' title='bbox 201 4570 342 4646; x_wconf 68' lang='grc' dir='ltr'><strong>ψυχὴ</strong></span> <span class='ocrx_word' id='word_1_660' title='bbox 370 4573 801 4645; x_wconf 84' lang='grc' dir='ltr'><strong>παρατραπεῖσα</strong></span> <span class='ocrx_word' id='word_1_661' title='bbox 825 4571 922 4627; x_wconf 89' lang='grc' dir='ltr'><strong>τοῦ</strong></span> <span class='ocrx_word' id='word_1_662' title='bbox 943 4571 1088 4628; x_wconf 86' lang='grc' dir='ltr'><strong>κατά</strong></span> <span class='ocrx_word' id='word_1_663' title='bbox 1115 4573 1297 4644; x_wconf 76' lang='grc' dir='ltr'><strong>φύσιν.</strong></span> <span class='ocrx_word' id='word_1_664' title='bbox 1321 4568 1430 4627; x_wconf 84' lang='grc' dir='ltr'><strong>Ἦν</strong></span> <span class='ocrx_word' id='word_1_665' title='bbox 1464 4588 1593 4625; x_wconf 86' lang='grc' dir='ltr'><strong>ποτε</strong></span> <span class='ocrx_word' id='word_1_666' title='bbox 1608 4571 1781 4645; x_wconf 74' lang='grc' dir='ltr'><strong>Ἀδάμ</strong></span> 
     </span>
    </p>
   </div>
   <div class='ocr_carea' id='block_1_91' title="bbox 200 4664 1780 4740">
    <p class='ocr_par' dir='ltr' id='par_1_91' title="bbox 200 4664 1780 4740">
     <span class='ocr_line' id='line_1_91' title="bbox 200 4664 1780 4740; baseline 0 -22"><span class='ocrx_word' id='word_1_667' title='bbox 200 4664 328 4734; x_wconf 84' lang='grc' dir='ltr'><strong>ἄνω,</strong></span> <span class='ocrx_word' id='word_1_668' title='bbox 353 4666 415 4720; x_wconf 81' lang='grc' dir='ltr'><strong>οὐ</strong></span> <span class='ocrx_word' id='word_1_669' title='bbox 448 4666 620 4738; x_wconf 85' lang='grc' dir='ltr'><strong>τόπῳ,</strong></span> <span class='ocrx_word' id='word_1_670' title='bbox 639 4666 777 4721; x_wconf 81' lang='grc' dir='ltr'><strong>ἀλλά</strong></span> <span class='ocrx_word' id='word_1_671' title='bbox 801 4669 867 4738; x_wconf 81' lang='grc' dir='ltr'><strong>τῇ</strong></span> <span class='ocrx_word' id='word_1_672' title='bbox 894 4665 1234 4740; x_wconf 76' lang='grc' dir='ltr'><strong>προαιρέσει.</strong></span> <span class='ocrx_word' id='word_1_673' title='bbox 1259 4665 1357 4721; x_wconf 87' lang='grc' dir='ltr'><strong>Διά</strong></span> <span class='ocrx_word' id='word_1_674' title='bbox 1384 4666 1436 4720; x_wconf 78' lang='grc' dir='ltr'><strong>τί</strong></span> <span class='ocrx_word' id='word_1_675' title='bbox 1456 4667 1555 4720; x_wconf 83' lang='grc' dir='ltr'><strong>οὐκ</strong></span> <span class='ocrx_word' id='word_1_676' title='bbox 1579 4664 1780 4730; x_wconf 76' lang='grc' dir='ltr'><strong>εὐθέως</strong></span> 
     </span>
    </p>
   </div>
   <div class='ocr_carea' id='block_1_92' title="bbox 202 4758 1780 4834">
    <p class='ocr_par' dir='ltr' id='par_1_92' title="bbox 202 4758 1780 4834">
     <span class='ocr_line' id='line_1_92' title="bbox 202 4758 1780 4834; baseline 0 -22"><span class='ocrx_word' id='word_1_677' title='bbox 202 4759 346 4832; x_wconf 77' lang='grc' dir='ltr'><strong>αὐτῷ</strong></span> <span class='ocrx_word' id='word_1_678' title='bbox 384 4758 906 4832; x_wconf 85' lang='grc' dir='ltr'><strong>συγκατεσκευάσθη</strong></span> <span class='ocrx_word' id='word_1_679' title='bbox 945 4759 1041 4814; x_wconf 74' lang='grc' dir='ltr'><strong>καὶ</strong></span> <span class='ocrx_word' id='word_1_680' title='bbox 1085 4759 1155 4815; x_wconf 86' lang='grc' dir='ltr'><strong>τά</strong></span> <span class='ocrx_word' id='word_1_681' title='bbox 1177 4759 1479 4834; x_wconf 75' lang='grc' dir='ltr'><strong>ὲνδῦματας</strong></span> <span class='ocrx_word' id='word_1_682' title='bbox 1506 4759 1627 4814; x_wconf 84' lang='grc' dir='ltr'><strong>Ὅτι</strong></span> <span class='ocrx_word' id='word_1_683' title='bbox 1659 4760 1780 4814; x_wconf 73' lang='grc' dir='ltr'><strong>οὒτε</strong></span> 
     </span>
    </p>
   </div>
   <div class='ocr_carea' id='block_1_93' title="bbox 204 4846 1782 4925">
    <p class='ocr_par' dir='ltr' id='par_1_93' title="bbox 204 4846 1782 4925">
     <span class='ocr_line' id='line_1_93' title="bbox 204 4846 1782 4925; baseline -0.001 -21"><span class='ocrx_word' id='word_1_684' title='bbox 204 4851 404 4919; x_wconf 71' lang='grc' dir='ltr'><strong>φυσικά</strong></span> <span class='ocrx_word' id='word_1_685' title='bbox 431 4853 674 4924; x_wconf 78' lang='grc' dir='ltr'><strong>ἔπρεπεν</strong></span> <span class='ocrx_word' id='word_1_686' title='bbox 694 4846 836 4905; x_wconf 79' lang='grc' dir='ltr'><strong>εἶναι</strong></span> <span class='ocrx_word' id='word_1_687' title='bbox 859 4850 1054 4920; x_wconf 88' lang='grc' dir='ltr'><strong>ταῦτα,</strong></span> <span class='ocrx_word' id='word_1_688' title='bbox 1084 4850 1210 4908; x_wconf 73' lang='grc' dir='ltr'><strong>οὔτε</strong></span> <span class='ocrx_word' id='word_1_689' title='bbox 1236 4853 1301 4908; x_wconf 71' lang='grc' dir='ltr'><strong>ὲκ</strong></span> <span class='ocrx_word' id='word_1_690' title='bbox 1329 4852 1542 4925; x_wconf 83' lang='grc' dir='ltr'><strong>τέχνης.</strong></span> <span class='ocrx_word' id='word_1_691' title='bbox 1573 4850 1654 4904; x_wconf 69' lang='lat' dir='ltr'><strong>Td</strong></span> <span class='ocrx_word' id='word_1_692' title='bbox 1680 4850 1782 4923; x_wconf 80' lang='grc' dir='ltr'><strong>μὲν</strong></span> 
     </span>
    </p>
   </div>
   <div class='ocr_carea' id='block_1_94' title="bbox 201 4941 1779 5018">
    <p class='ocr_par' dir='ltr' id='par_1_94' title="bbox 201 4941 1779 5018">
     <span class='ocr_line' id='line_1_94' title="bbox 201 4941 1779 5018; baseline 0.002 -20"><span class='ocrx_word' id='word_1_693' title='bbox 201 4943 306 5017; x_wconf 80' lang='grc' dir='ltr'><strong>γὰρ</strong></span> <span class='ocrx_word' id='word_1_694' title='bbox 340 4946 545 5016; x_wconf 80' lang='grc' dir='ltr'><strong>φυσικά</strong></span> <span class='ocrx_word' id='word_1_695' title='bbox 576 4945 679 5000; x_wconf 73' lang='grc' dir='ltr'><strong>ἴδια</strong></span> <span class='ocrx_word' id='word_1_696' title='bbox 725 4945 834 5000; x_wconf 82' lang='grc' dir='ltr'><strong>τῶν</strong></span> <span class='ocrx_word' id='word_1_697' title='bbox 868 4945 1080 5015; x_wconf 85' lang='grc' dir='ltr'><strong>ἀλόγων</strong></span> <span class='ocrx_word' id='word_1_698' title='bbox 1118 4947 1292 5012; x_wconf 72' lang='grc' dir='ltr'><strong>ἐστὶν,</strong></span> <span class='ocrx_word' id='word_1_699' title='bbox 1337 4941 1448 5001; x_wconf 75' lang='grc' dir='ltr'><strong>οἷον</strong></span> <span class='ocrx_word' id='word_1_700' title='bbox 1480 4947 1654 5018; x_wconf 85' lang='grc' dir='ltr'><strong>πτερά</strong></span> <span class='ocrx_word' id='word_1_701' title='bbox 1685 4947 1779 5001; x_wconf 75' lang='grc' dir='ltr'><strong>καὶ</strong></span> 
     </span>
    </p>
   </div>
   <div class='ocr_carea' id='block_1_95' title="bbox 201 5036 1776 5112">
    <p class='ocr_par' dir='ltr' id='par_1_95' title="bbox 201 5036 1776 5112">
     <span class='ocr_line' id='line_1_95' title="bbox 201 5036 1776 5112; baseline 0.004 -24"><span class='ocrx_word' id='word_1_702' title='bbox 201 5036 398 5109; x_wconf 83' lang='grc' dir='ltr'><strong>τρίχες,</strong></span> <span class='ocrx_word' id='word_1_703' title='bbox 424 5040 518 5094; x_wconf 76' lang='grc' dir='ltr'><strong>καὶ</strong></span> <span class='ocrx_word' id='word_1_704' title='bbox 549 5039 839 5112; x_wconf 84' lang='grc' dir='ltr'><strong>δερμάτων</strong></span> <span class='ocrx_word' id='word_1_705' title='bbox 873 5039 1143 5111; x_wconf 79' lang='grc' dir='ltr'><strong>παχύτης,</strong></span> <span class='ocrx_word' id='word_1_706' title='bbox 1180 5040 1394 5110; x_wconf 84' lang='grc' dir='ltr'><strong>στέγειν</strong></span> <span class='ocrx_word' id='word_1_707' title='bbox 1436 5039 1534 5110; x_wconf 81' lang='grc' dir='ltr'><strong>μὲν</strong></span> <span class='ocrx_word' id='word_1_708' title='bbox 1573 5041 1776 5112; x_wconf 82' lang='grc' dir='ltr'><strong>χειμῶ-</strong></span> 
     </span>
    </p>
   </div>
   <div class='ocr_carea' id='block_1_96' title="bbox 203 5131 1776 5206">
    <p class='ocr_par' dir='ltr' id='par_1_96' title="bbox 203 5131 1776 5206">
     <span class='ocr_line' id='line_1_96' title="bbox 203 5131 1776 5206; baseline 0.003 -23"><span class='ocrx_word' id='word_1_709' title='bbox 203 5145 315 5197; x_wconf 83' lang='grc' dir='ltr'><strong>νας,</strong></span> <span class='ocrx_word' id='word_1_710' title='bbox 349 5133 534 5206; x_wconf 80' lang='grc' dir='ltr'><strong>φέρειν</strong></span> <span class='ocrx_word' id='word_1_711' title='bbox 579 5132 638 5187; x_wconf 77' lang='grc' dir='ltr'><strong>δὲ</strong></span> <span class='ocrx_word' id='word_1_712' title='bbox 691 5131 981 5198; x_wconf 83' lang='grc' dir='ltr'><strong>καύσωνας</strong></span> <span class='ocrx_word' id='word_1_713' title='bbox 1028 5133 1375 5204; x_wconf 76' lang='grc' dir='ltr'><strong>δυναμένωνο</strong></span> <span class='ocrx_word' id='word_1_714' title='bbox 1412 5133 1683 5206; x_wconf 83' lang='grc' dir='ltr'><strong>ἀνθρώπῳ</strong></span> <span class='ocrx_word' id='word_1_715' title='bbox 1718 5133 1776 5188; x_wconf 77' lang='grc' dir='ltr'><strong>δὲ</strong></span> 
     </span>
    </p>
   </div>
   <div class='ocr_carea' id='block_1_97' title="bbox 203 5219 1775 5298">
    <p class='ocr_par' dir='ltr' id='par_1_97' title="bbox 203 5219 1775 5298">
     <span class='ocr_line' id='line_1_97' title="bbox 203 5219 1775 5298; baseline 0.001 -23"><span class='ocrx_word' id='word_1_716' title='bbox 203 5219 407 5296; x_wconf 78' lang='grc' dir='ltr'><strong>ἔπρεπε</strong></span> <span class='ocrx_word' id='word_1_717' title='bbox 435 5225 579 5281; x_wconf 82' lang='grc' dir='ltr'><strong>κατά</strong></span> <span class='ocrx_word' id='word_1_718' title='bbox 609 5225 710 5298; x_wconf 78' lang='grc' dir='ltr'><strong>τὴν</strong></span> <span class='ocrx_word' id='word_1_719' title='bbox 742 5223 1037 5293; x_wconf 84' lang='grc' dir='ltr'><strong>ἀναλογίαν</strong></span> <span class='ocrx_word' id='word_1_720' title='bbox 1088 5223 1190 5295; x_wconf 81' lang='grc' dir='ltr'><strong>τῆς</strong></span> <span class='ocrx_word' id='word_1_721' title='bbox 1219 5222 1356 5295; x_wconf 83' lang='grc' dir='ltr'><strong>πρὸς</strong></span> <span class='ocrx_word' id='word_1_722' title='bbox 1383 5222 1516 5277; x_wconf 82' lang='grc' dir='ltr'><strong>Θεὸν</strong></span> <span class='ocrx_word' id='word_1_723' title='bbox 1553 5225 1775 5295; x_wconf 82' lang='grc' dir='ltr'><strong>ἀγάπης</strong></span> 
     </span>
    </p>
   </div>
   <div class='ocr_carea' id='block_1_98' title="bbox 203 5311 1772 5390">
    <p class='ocr_par' dir='ltr' id='par_1_98' title="bbox 203 5311 1772 5390">
     <span class='ocr_line' id='line_1_98' title="bbox 203 5311 1772 5390; baseline -0.003 -18"><span class='ocrx_word' id='word_1_724' title='bbox 203 5315 660 5390; x_wconf 67' lang='grc' dir='ltr'><strong>παρηλλαγμένας</strong></span> <span class='ocrx_word' id='word_1_725' title='bbox 693 5314 800 5372; x_wconf 80' lang='grc' dir='ltr'><strong>τῶν</strong></span> <span class='ocrx_word' id='word_1_726' title='bbox 841 5313 1064 5385; x_wconf 82' lang='grc' dir='ltr'><strong>ἀγαθῶν</strong></span> <span class='ocrx_word' id='word_1_727' title='bbox 1108 5314 1207 5378; x_wconf 86' lang='grc' dir='ltr'><strong>τάς</strong></span> <span class='ocrx_word' id='word_1_728' title='bbox 1248 5312 1548 5377; x_wconf 81' lang='grc' dir='ltr'><strong>ἀντιδόσεις</strong></span> <span class='ocrx_word' id='word_1_729' title='bbox 1593 5311 1772 5385; x_wconf 83' lang='grc' dir='ltr'><strong>ὑπάρ-</strong></span> 
     </span>
    </p>
   </div>
   <div class='ocr_carea' id='block_1_99' title="bbox 203 5424 333 5480">
    <p class='ocr_par' dir='ltr' id='par_1_99' title="bbox 203 5424 333 5480">
     <span class='ocr_line' id='line_1_99' title="bbox 203 5424 333 5480; baseline 0.023 -16"><span class='ocrx_word' id='word_1_730' title='bbox 203 5424 333 5480; x_wconf 78' lang='grc' dir='ltr'><strong>χειν.</strong></span> 
     </span>
    </p>
   </div>
   <div class='ocr_carea' id='block_1_100' title="bbox 269 5579 1773 5662">
    <p class='ocr_par' dir='ltr' id='par_1_100' title="bbox 269 5579 1773 5662">
     <span class='ocr_line' id='line_1_100' title="bbox 269 5579 1773 5662; baseline -0.003 -23"><span class='ocrx_word' id='word_1_731' title='bbox 269 5586 480 5656; x_wconf 84' lang='grc' dir='ltr'><strong>Σκόπει,</strong></span> <span class='ocrx_word' id='word_1_732' title='bbox 512 5589 595 5654; x_wconf 83' lang='grc' dir='ltr'><strong>τίς</strong></span> <span class='ocrx_word' id='word_1_733' title='bbox 629 5590 663 5662; x_wconf 80' lang='grc' dir='ltr'>ἡ</span> <span class='ocrx_word' id='word_1_734' title='bbox 695 5587 804 5643; x_wconf 81' lang='grc' dir='ltr'><strong>ἀπὸ</strong></span> <span class='ocrx_word' id='word_1_735' title='bbox 831 5588 1014 5659; x_wconf 78' lang='grc' dir='ltr'><strong>ψυχῆς</strong></span> <span class='ocrx_word' id='word_1_736' title='bbox 1041 5588 1108 5660; x_wconf 68' lang='grc' dir='ltr'><strong>τῇ</strong></span> <span class='ocrx_word' id='word_1_737' title='bbox 1149 5584 1313 5658; x_wconf 77' lang='grc' dir='ltr'><strong>σαρκὶ</strong></span> <span class='ocrx_word' id='word_1_738' title='bbox 1338 5582 1650 5655; x_wconf 74' lang='grc' dir='ltr'><strong>ἔνδιδομένη</strong></span> <span class='ocrx_word' id='word_1_739' title='bbox 1678 5579 1773 5636; x_wconf 73' lang='grc' dir='ltr'><strong>δύ-</strong></span> 
     </span>
    </p>
   </div>
   <div class='ocr_carea' id='block_1_101' title="bbox 1962 4367 3480 4441">
    <p class='ocr_par' dir='ltr' id='par_1_101' title="bbox 1962 4367 3480 4441">
     <span class='ocr_line' id='line_1_101' title="bbox 1962 4367 3480 4441; baseline 0.003 -14"><span class='ocrx_word' id='word_1_740' title='bbox 1962 4371 2135 4427; x_wconf 83' lang='lat' dir='ltr'><strong>Basil.</strong></span> <span class='ocrx_word' id='word_1_741' title='bbox 2174 4367 2330 4428; x_wconf 79' lang='lat' dir='ltr'><strong>llam.</strong></span> <span class='ocrx_word' id='word_1_742' title='bbox 2362 4368 2502 4441; x_wconf 83' lang='lat' dir='ltr'><strong>quod</strong></span> <span class='ocrx_word' id='word_1_743' title='bbox 2530 4370 2669 4425; x_wconf 74' lang='lat' dir='ltr'><strong>Deus</strong></span> <span class='ocrx_word' id='word_1_744' title='bbox 2715 4386 2820 4425; x_wconf 78' lang='lat' dir='ltr'><strong>non</strong></span> <span class='ocrx_word' id='word_1_745' title='bbox 2867 4379 2948 4427; x_wconf 76' lang='lat' dir='ltr'><strong>est</strong></span> <span class='ocrx_word' id='word_1_746' title='bbox 2992 4382 3177 4429; x_wconf 77' lang='lat' dir='ltr'><strong>auctor</strong></span> <span class='ocrx_word' id='word_1_747' title='bbox 3228 4375 3377 4432; x_wconf 81' lang='lat' dir='ltr'><strong>mali.</strong></span> <span class='ocrx_word' id='word_1_748' title='bbox 3409 4403 3480 4418; x_wconf 84' lang='lat'><strong>--</strong></span> 
     </span>
    </p>
   </div>
   <div class='ocr_carea' id='block_1_102' title="bbox 1887 4462 3475 4538">
    <p class='ocr_par' dir='ltr' id='par_1_102' title="bbox 1887 4462 3475 4538">
     <span class='ocr_line' id='line_1_102' title="bbox 1887 4462 3475 4538; baseline 0.004 -19"><span class='ocrx_word' id='word_1_749' title='bbox 1887 4463 2032 4522; x_wconf 87' lang='lat' dir='ltr'><strong>Deus</strong></span> <span class='ocrx_word' id='word_1_750' title='bbox 2063 4479 2263 4534; x_wconf 83' lang='lat' dir='ltr'><strong>corpus</strong></span> <span class='ocrx_word' id='word_1_751' title='bbox 2290 4462 2508 4534; x_wconf 83' lang='lat' dir='ltr'><strong>quidem</strong></span> <span class='ocrx_word' id='word_1_752' title='bbox 2543 4464 2814 4531; x_wconf 87' lang='lat' dir='ltr'><strong>condidit,</strong></span> <span class='ocrx_word' id='word_1_753' title='bbox 2875 4466 2970 4522; x_wconf 81' lang='lat' dir='ltr'><strong>sed</strong></span> <span class='ocrx_word' id='word_1_754' title='bbox 3019 4482 3128 4523; x_wconf 92' lang='lat' dir='ltr'><strong>non</strong></span> <span class='ocrx_word' id='word_1_755' title='bbox 3183 4470 3475 4538; x_wconf 87' lang='lat' dir='ltr'><strong>morbum;</strong></span> 
     </span>
    </p>
   </div>
   <div class='ocr_carea' id='block_1_103' title="bbox 1889 4556 3477 4633">
    <p class='ocr_par' dir='ltr' id='par_1_103' title="bbox 1889 4556 3477 4633">
     <span class='ocr_line' id='line_1_103' title="bbox 1889 4556 3477 4633; baseline 0.003 -20"><span class='ocrx_word' id='word_1_756' title='bbox 1889 4557 1970 4613; x_wconf 87' lang='lat' dir='ltr'><strong>sic</strong></span> <span class='ocrx_word' id='word_1_757' title='bbox 2000 4572 2218 4629; x_wconf 87' lang='lat' dir='ltr'><strong>quoque</strong></span> <span class='ocrx_word' id='word_1_758' title='bbox 2251 4557 2487 4610; x_wconf 88' lang='lat' dir='ltr'><strong>animam</strong></span> <span class='ocrx_word' id='word_1_759' title='bbox 2523 4556 2672 4620; x_wconf 88' lang='lat' dir='ltr'><strong>fecit,</strong></span> <span class='ocrx_word' id='word_1_760' title='bbox 2716 4559 2808 4614; x_wconf 87' lang='lat' dir='ltr'><strong>sed</strong></span> <span class='ocrx_word' id='word_1_761' title='bbox 2841 4575 2947 4615; x_wconf 88' lang='lat' dir='ltr'><strong>non</strong></span> <span class='ocrx_word' id='word_1_762' title='bbox 2985 4569 3290 4633; x_wconf 84' lang='lat' dir='ltr'><strong>peccatum.</strong></span> <span class='ocrx_word' id='word_1_763' title='bbox 3331 4561 3477 4619; x_wconf 83' lang='lat' dir='ltr'><strong>Vitio</strong></span> 
     </span>
    </p>
   </div>
   <div class='ocr_carea' id='block_1_104' title="bbox 1887 4651 3474 4728">
    <p class='ocr_par' dir='ltr' id='par_1_104' title="bbox 1887 4651 3474 4728">
     <span class='ocr_line' id='line_1_104' title="bbox 1887 4651 3474 4728; baseline 0.003 -20"><span class='ocrx_word' id='word_1_764' title='bbox 1887 4660 2070 4708; x_wconf 88' lang='lat' dir='ltr'><strong>autem</strong></span> <span class='ocrx_word' id='word_1_765' title='bbox 2115 4651 2326 4706; x_wconf 83' lang='lat' dir='ltr'><strong>imbuta</strong></span> <span class='ocrx_word' id='word_1_766' title='bbox 2387 4651 2570 4706; x_wconf 87' lang='lat' dir='ltr'><strong>anima</strong></span> <span class='ocrx_word' id='word_1_767' title='bbox 2601 4662 2714 4716; x_wconf 84' lang='lat' dir='ltr'><strong>est,</strong></span> <span class='ocrx_word' id='word_1_768' title='bbox 2751 4660 3046 4726; x_wconf 87' lang='lat' dir='ltr'><strong>postquam</strong></span> <span class='ocrx_word' id='word_1_769' title='bbox 3097 4655 3168 4712; x_wconf 85' lang='lat' dir='ltr'><strong>ab</strong></span> <span class='ocrx_word' id='word_1_770' title='bbox 3218 4668 3284 4712; x_wconf 91' lang='lat' dir='ltr'><strong>eo</strong></span> <span class='ocrx_word' id='word_1_771' title='bbox 3327 4658 3474 4728; x_wconf 89' lang='lat' dir='ltr'><strong>quod</strong></span> 
     </span>
    </p>
   </div>
   <div class='ocr_carea' id='block_1_105' title="bbox 1887 4741 3474 4819">
    <p class='ocr_par' dir='ltr' id='par_1_105' title="bbox 1887 4741 3474 4819">
     <span class='ocr_line' id='line_1_105' title="bbox 1887 4741 3474 4819; baseline 0.003 -20"><span class='ocrx_word' id='word_1_772' title='bbox 1887 4753 2095 4800; x_wconf 62' lang='lat' dir='ltr'><strong>naturae</strong></span> <span class='ocrx_word' id='word_1_773' title='bbox 2116 4749 2546 4798; x_wconf 87' lang='lat' dir='ltr'><strong>consentaneum</strong></span> <span class='ocrx_word' id='word_1_774' title='bbox 2579 4750 2723 4811; x_wconf 88' lang='lat' dir='ltr'><strong>erat,</strong></span> <span class='ocrx_word' id='word_1_775' title='bbox 2755 4741 3002 4800; x_wconf 80' lang='lat' dir='ltr'><strong>deﬂexit.</strong></span> <span class='ocrx_word' id='word_1_776' title='bbox 3044 4743 3174 4801; x_wconf 84' lang='lat' dir='ltr'><strong>Erat</strong></span> <span class='ocrx_word' id='word_1_777' title='bbox 3194 4749 3474 4819; x_wconf 89' lang='lat' dir='ltr'><strong>quondam</strong></span> 
     </span>
    </p>
   </div>
   <div class='ocr_carea' id='block_1_106' title="bbox 1884 4836 3471 4904">
    <p class='ocr_par' dir='ltr' id='par_1_106' title="bbox 1884 4836 3471 4904">
     <span class='ocr_line' id='line_1_106' title="bbox 1884 4836 3471 4904; baseline 0.004 -12"><span class='ocrx_word' id='word_1_778' title='bbox 1884 4838 2126 4892; x_wconf 78' lang='lat' dir='ltr'><strong>Adamus</strong></span> <span class='ocrx_word' id='word_1_779' title='bbox 2157 4850 2404 4898; x_wconf 90' lang='lat' dir='ltr'><strong>sursum,</strong></span> <span class='ocrx_word' id='word_1_780' title='bbox 2438 4850 2544 4890; x_wconf 87' lang='lat' dir='ltr'><strong>non</strong></span> <span class='ocrx_word' id='word_1_781' title='bbox 2577 4836 2724 4904; x_wconf 82' lang='lat' dir='ltr'><strong>loco,</strong></span> <span class='ocrx_word' id='word_1_782' title='bbox 2759 4837 2855 4894; x_wconf 85' lang='lat' dir='ltr'><strong>sed</strong></span> <span class='ocrx_word' id='word_1_783' title='bbox 2886 4838 3055 4896; x_wconf 86' lang='lat' dir='ltr'><strong>animi</strong></span> <span class='ocrx_word' id='word_1_784' title='bbox 3079 4839 3471 4898; x_wconf 79' lang='lat' dir='ltr'><strong>destinatione.</strong></span> 
     </span>
    </p>
   </div>
   <div class='ocr_carea' id='block_1_107' title="bbox 1883 4926 3476 5004">
    <p class='ocr_par' dir='ltr' id='par_1_107' title="bbox 1883 4926 3476 5004">
     <span class='ocr_line' id='line_1_107' title="bbox 1883 4926 3476 5004; baseline 0.003 -20"><span class='ocrx_word' id='word_1_785' title='bbox 1883 4931 1994 4985; x_wconf 80' lang='lat' dir='ltr'><strong>Cur</strong></span> <span class='ocrx_word' id='word_1_786' title='bbox 2035 4936 2217 4983; x_wconf 86' lang='lat' dir='ltr'><strong>autem</strong></span> <span class='ocrx_word' id='word_1_787' title='bbox 2268 4926 2593 4983; x_wconf 84' lang='lat' dir='ltr'><strong>indumenta</strong></span> <span class='ocrx_word' id='word_1_788' title='bbox 2618 4929 2782 4985; x_wconf 88' lang='lat' dir='ltr'><strong>simul</strong></span> <span class='ocrx_word' id='word_1_789' title='bbox 2820 4929 2923 5003; x_wconf 87' lang='lat' dir='ltr'><strong>ipsi</strong></span> <span class='ocrx_word' id='word_1_790' title='bbox 2955 4940 3146 5004; x_wconf 83' lang='lat' dir='ltr'><strong>parata</strong></span> <span class='ocrx_word' id='word_1_791' title='bbox 3177 4948 3286 4990; x_wconf 84' lang='lat' dir='ltr'><strong>non</strong></span> <span class='ocrx_word' id='word_1_792' title='bbox 3305 4934 3476 4989; x_wconf 83' lang='lat' dir='ltr'><strong>sunt?</strong></span> 
     </span>
    </p>
   </div>
   <div class='ocr_carea' id='block_1_108' title="bbox 1881 5020 3474 5091">
    <p class='ocr_par' dir='ltr' id='par_1_108' title="bbox 1881 5020 3474 5091">
     <span class='ocr_line' id='line_1_108' title="bbox 1881 5020 3474 5091; baseline 0.004 -14"><span class='ocrx_word' id='word_1_793' title='bbox 1881 5022 2142 5079; x_wconf 88' lang='lat' dir='ltr'><strong>nimirum</strong></span> <span class='ocrx_word' id='word_1_794' title='bbox 2173 5020 2301 5091; x_wconf 87' lang='lat' dir='ltr'><strong>quia</strong></span> <span class='ocrx_word' id='word_1_795' title='bbox 2334 5037 2434 5076; x_wconf 85' lang='lat' dir='ltr'><strong>nee</strong></span> <span class='ocrx_word' id='word_1_796' title='bbox 2463 5022 2762 5085; x_wconf 87' lang='lat' dir='ltr'><strong>naturalia.</strong></span> <span class='ocrx_word' id='word_1_797' title='bbox 2785 5039 2886 5080; x_wconf 91' lang='lat' dir='ltr'><strong>nec</strong></span> <span class='ocrx_word' id='word_1_798' title='bbox 2906 5033 3024 5080; x_wconf 88' lang='lat' dir='ltr'><strong>arte</strong></span> <span class='ocrx_word' id='word_1_799' title='bbox 3049 5025 3328 5082; x_wconf 78' lang='lat' dir='ltr'><strong>elaborata</strong></span> <span class='ocrx_word' id='word_1_800' title='bbox 3349 5041 3474 5083; x_wconf 82' lang='lat' dir='ltr'><strong>esse</strong></span> 
     </span>
    </p>
   </div>
   <div class='ocr_carea' id='block_1_109' title="bbox 1879 5113 3468 5192">
    <p class='ocr_par' dir='ltr' id='par_1_109' title="bbox 1879 5113 3468 5192">
     <span class='ocr_line' id='line_1_109' title="bbox 1879 5113 3468 5192; baseline 0.003 -21"><span class='ocrx_word' id='word_1_801' title='bbox 1879 5113 2264 5171; x_wconf 85' lang='lat' dir='ltr'><strong>conveniebat.</strong></span> <span class='ocrx_word' id='word_1_802' title='bbox 2300 5114 2581 5170; x_wconf 79' lang='lat' dir='ltr'><strong>Naturalia</strong></span> <span class='ocrx_word' id='word_1_803' title='bbox 2603 5117 2750 5170; x_wconf 72' lang='lat' dir='ltr'><strong>extim</strong></span> <span class='ocrx_word' id='word_1_804' title='bbox 2786 5117 2966 5174; x_wconf 89' lang='lat' dir='ltr'><strong>brutis</strong></span> <span class='ocrx_word' id='word_1_805' title='bbox 2998 5120 3297 5192; x_wconf 87' lang='lat' dir='ltr'><strong>peculiaria</strong></span> <span class='ocrx_word' id='word_1_806' title='bbox 3317 5130 3468 5187; x_wconf 87' lang='lat' dir='ltr'><strong>sunt,</strong></span> 
     </span>
    </p>
   </div>
   <div class='ocr_carea' id='block_1_110' title="bbox 1878 5208 3470 5288">
    <p class='ocr_par' dir='ltr' id='par_1_110' title="bbox 1878 5208 3470 5288">
     <span class='ocr_line' id='line_1_110' title="bbox 1878 5208 3470 5288; baseline 0.006 -24"><span class='ocrx_word' id='word_1_807' title='bbox 1878 5218 1939 5264; x_wconf 85' lang='lat' dir='ltr'><strong>ut</strong></span> <span class='ocrx_word' id='word_1_808' title='bbox 1972 5209 2193 5280; x_wconf 72' lang='lat' dir='ltr'><strong>plumm,</strong></span> <span class='ocrx_word' id='word_1_809' title='bbox 2229 5208 2346 5279; x_wconf 88' lang='lat' dir='ltr'><strong>pili,</strong></span> <span class='ocrx_word' id='word_1_810' title='bbox 2380 5223 2580 5265; x_wconf 72' lang='lat' dir='ltr'><strong>crassae</strong></span> <span class='ocrx_word' id='word_1_811' title='bbox 2608 5211 2782 5282; x_wconf 85' lang='lat' dir='ltr'><strong>pelles</strong></span> <span class='ocrx_word' id='word_1_812' title='bbox 2816 5229 2830 5266; x_wconf 91' lang='lat'>:</span> <span class='ocrx_word' id='word_1_813' title='bbox 2869 5213 3074 5286; x_wconf 83' lang='lat' dir='ltr'><strong>quippe</strong></span> <span class='ocrx_word' id='word_1_814' title='bbox 3103 5230 3225 5288; x_wconf 70' lang='lat' dir='ltr'><strong>quae</strong></span> <span class='ocrx_word' id='word_1_815' title='bbox 3252 5215 3470 5288; x_wconf 79' lang='lat' dir='ltr'><strong>algorcs</strong></span> 
     </span>
    </p>
   </div>
   <div class='ocr_carea' id='block_1_111' title="bbox 1878 5302 3468 5376">
    <p class='ocr_par' dir='ltr' id='par_1_111' title="bbox 1878 5302 3468 5376">
     <span class='ocr_line' id='line_1_111' title="bbox 1878 5302 3468 5376; baseline 0.007 -19"><span class='ocrx_word' id='word_1_816' title='bbox 1878 5313 1931 5358; x_wconf 90' lang='lat' dir='ltr'><strong>et</strong></span> <span class='ocrx_word' id='word_1_817' title='bbox 1960 5315 2128 5358; x_wconf 82' lang='lat' dir='ltr'><strong>aestus</strong></span> <span class='ocrx_word' id='word_1_818' title='bbox 2160 5302 2387 5374; x_wconf 89' lang='lat' dir='ltr'><strong>perinde</strong></span> <span class='ocrx_word' id='word_1_819' title='bbox 2440 5302 2586 5360; x_wconf 83' lang='lat' dir='ltr'><strong>ferre</strong></span> <span class='ocrx_word' id='word_1_820' title='bbox 2618 5315 2849 5376; x_wconf 85' lang='lat' dir='ltr'><strong>queant.</strong></span> <span class='ocrx_word' id='word_1_821' title='bbox 2881 5309 2950 5362; x_wconf 83' lang='lat' dir='ltr'><strong>At</strong></span> <span class='ocrx_word' id='word_1_822' title='bbox 2990 5307 3270 5367; x_wconf 85' lang='lat' dir='ltr'><strong>hominem</strong></span> <span class='ocrx_word' id='word_1_823' title='bbox 3301 5310 3468 5368; x_wconf 74' lang='lat' dir='ltr'><strong>dccc~</strong></span> 
     </span>
    </p>
   </div>
   <div class='ocr_carea' id='block_1_112' title="bbox 1879 5397 3468 5478">
    <p class='ocr_par' dir='ltr' id='par_1_112' title="bbox 1879 5397 3468 5478">
     <span class='ocr_line' id='line_1_112' title="bbox 1879 5397 3468 5478; baseline 0.007 -26"><span class='ocrx_word' id='word_1_824' title='bbox 1879 5397 1971 5452; x_wconf 76' lang='lat' dir='ltr'><strong>bat</strong></span> <span class='ocrx_word' id='word_1_825' title='bbox 1997 5407 2098 5468; x_wconf 89' lang='lat' dir='ltr'><strong>pro</strong></span> <span class='ocrx_word' id='word_1_826' title='bbox 2147 5412 2248 5452; x_wconf 86' lang='lat' dir='ltr'><strong>sua</strong></span> <span class='ocrx_word' id='word_1_827' title='bbox 2288 5411 2417 5471; x_wconf 64' lang='lat' dir='ltr'><strong>erga</strong></span> <span class='ocrx_word' id='word_1_828' title='bbox 2451 5397 2620 5454; x_wconf 86' lang='lat' dir='ltr'><strong>Deum</strong></span> <span class='ocrx_word' id='word_1_829' title='bbox 2663 5399 2959 5468; x_wconf 87' lang='lat' dir='ltr'><strong>charitate,</strong></span> <span class='ocrx_word' id='word_1_830' title='bbox 3002 5401 3220 5461; x_wconf 86' lang='lat' dir='ltr'><strong>diversa</strong></span> <span class='ocrx_word' id='word_1_831' title='bbox 3249 5422 3468 5478; x_wconf 75' lang='lat' dir='ltr'><strong>quoque</strong></span> 
     </span>
    </p>
   </div>
   <div class='ocr_carea' id='block_1_113' title="bbox 1879 5487 2665 5560">
    <p class='ocr_par' dir='ltr' id='par_1_113' title="bbox 1879 5487 2665 5560">
     <span class='ocr_line' id='line_1_113' title="bbox 1879 5487 2665 5560; baseline 0.001 -15"><span class='ocrx_word' id='word_1_832' title='bbox 1879 5487 2148 5545; x_wconf 85' lang='lat' dir='ltr'><strong>bonorum</strong></span> <span class='ocrx_word' id='word_1_833' title='bbox 2178 5489 2398 5560; x_wconf 64' lang='lat' dir='ltr'><strong>praemia</strong></span> <span class='ocrx_word' id='word_1_834' title='bbox 2434 5489 2665 5548; x_wconf 88' lang='lat' dir='ltr'><strong>referre.</strong></span> 
     </span>
    </p>
   </div>
   <div class='ocr_carea' id='block_1_114' title="bbox 1946 5580 3467 5659">
    <p class='ocr_par' dir='ltr' id='par_1_114' title="bbox 1946 5580 3467 5659">
     <span class='ocr_line' id='line_1_114' title="bbox 1946 5580 3467 5659; baseline 0.007 -23"><span class='ocrx_word' id='word_1_835' title='bbox 1946 5580 2139 5652; x_wconf 81' lang='lat' dir='ltr'><strong>Ejusd.</strong></span> <span class='ocrx_word' id='word_1_836' title='bbox 2165 5582 2308 5637; x_wconf 76' lang='lat' dir='ltr'><strong>hom.</strong></span> <span class='ocrx_word' id='word_1_837' title='bbox 2345 5585 2398 5638; x_wconf 86' lang='lat' dir='ltr'><strong>in</strong></span> <span class='ocrx_word' id='word_1_838' title='bbox 2433 5584 2567 5639; x_wconf 79' lang='lat' dir='ltr'><strong>illud</strong></span> <span class='ocrx_word' id='word_1_839' title='bbox 2589 5601 2608 5638; x_wconf 88' lang='grc'><strong>.·</strong></span> <span class='ocrx_word' id='word_1_840' title='bbox 2633 5583 2861 5643; x_wconf 78' lang='lat' dir='ltr'><strong>Attende</strong></span> <span class='ocrx_word' id='word_1_841' title='bbox 2888 5587 2983 5643; x_wconf 75' lang='lat' dir='ltr'><strong>tibi</strong></span> <span class='ocrx_word' id='word_1_842' title='bbox 3023 5589 3143 5659; x_wconf 83' lang='lat' dir='ltr'><strong>ipsi.</strong></span> <span class='ocrx_word' id='word_1_843' title='bbox 3176 5622 3246 5632; x_wconf 90' lang='lat'><strong><em>—</em></strong></span> <span class='ocrx_word' id='word_1_844' title='bbox 3271 5593 3467 5647; x_wconf 81' lang='lat' dir='ltr'><strong>Consi-</strong></span> 
     </span>
    </p>
   </div>
   <div class='ocr_carea' id='block_1_115' title="bbox 201 5673 1796 5754">
    <p class='ocr_par' dir='ltr' id='par_1_115' title="bbox 201 5673 1770 5752">
     <span class='ocr_line' id='line_1_115' title="bbox 201 5673 1770 5752; baseline -0.001 -23"><span class='ocrx_word' id='word_1_845' title='bbox 201 5692 378 5747; x_wconf 83' lang='grc' dir='ltr'><strong>ναμις,</strong></span> <span class='ocrx_word' id='word_1_846' title='bbox 404 5680 496 5736; x_wconf 71' lang='grc' dir='ltr'><strong>καὶ</strong></span> <span class='ocrx_word' id='word_1_847' title='bbox 517 5680 602 5746; x_wconf 90' lang='grc' dir='ltr'><strong>τίς</strong></span> <span class='ocrx_word' id='word_1_848' title='bbox 634 5681 668 5751; x_wconf 75' lang='grc' dir='ltr'><strong>ἡ</strong></span> <span class='ocrx_word' id='word_1_849' title='bbox 700 5677 807 5735; x_wconf 79' lang='grc' dir='ltr'><strong>ἀπὸ</strong></span> <span class='ocrx_word' id='word_1_850' title='bbox 842 5678 1046 5752; x_wconf 84' lang='grc' dir='ltr'><strong>σαρκὸς</strong></span> <span class='ocrx_word' id='word_1_851' title='bbox 1086 5677 1222 5752; x_wconf 80' lang='grc' dir='ltr'><strong>πρὸς</strong></span> <span class='ocrx_word' id='word_1_852' title='bbox 1265 5675 1442 5748; x_wconf 77' lang='grc' dir='ltr'><strong>ψυχὴν</strong></span> <span class='ocrx_word' id='word_1_853' title='bbox 1474 5673 1770 5729; x_wconf 72' lang='grc' dir='ltr'><strong>ἐπανιοῦσα</strong></span> 
     </span>
    </p>
   </div>
   <div class='ocr_carea' id='block_1_116' title="bbox 1904 5673 3462 5754">
    <p class='ocr_par' dir='ltr' id='par_1_116' title="bbox 1904 5678 3462 5754">
     <span class='ocr_line' id='line_1_116' title="bbox 1904 5678 3462 5754; baseline 0.005 -23"><span class='ocrx_word' id='word_1_854' title='bbox 1904 5692 2005 5732; x_wconf 83' lang='lat' dir='ltr'><strong>.era</strong></span> <span class='ocrx_word' id='word_1_855' title='bbox 2043 5692 2299 5749; x_wconf 74' lang='lat' dir='ltr'><strong>quaenam</strong></span> <span class='ocrx_word' id='word_1_856' title='bbox 2346 5678 2419 5734; x_wconf 85' lang='lat' dir='ltr'><strong>sit</strong></span> <span class='ocrx_word' id='word_1_857' title='bbox 2458 5693 2521 5734; x_wconf 87' lang='lat' dir='ltr'><strong>ea</strong></span> <span class='ocrx_word' id='word_1_858' title='bbox 2577 5682 2843 5752; x_wconf 87' lang='lat' dir='ltr'><strong>potentia,</strong></span> <span class='ocrx_word' id='word_1_859' title='bbox 2873 5699 3036 5754; x_wconf 86' lang='lat' dir='ltr'><strong>quam</strong></span> <span class='ocrx_word' id='word_1_860' title='bbox 3074 5684 3256 5740; x_wconf 86' lang='lat' dir='ltr'><strong>anima</strong></span> <span class='ocrx_word' id='word_1_861' title='bbox 3310 5687 3462 5741; x_wconf 77' lang='lat' dir='ltr'><strong>carui</strong></span> 
     </span>
    </p>
   </div>
   <div class='ocr_carea' id='block_1_117' title="bbox 209 5768 1765 5848">
    <p class='ocr_par' dir='ltr' id='par_1_117' title="bbox 209 5768 1765 5848">
     <span class='ocr_line' id='line_1_117' title="bbox 209 5768 1765 5848; baseline 0.004 -20"><span class='ocrx_word' id='word_1_862' title='bbox 209 5773 510 5847; x_wconf 78' lang='grc' dir='ltr'><strong>συμπάθεια</strong></span> <span class='ocrx_word' id='word_1_863' title='bbox 531 5794 544 5808; x_wconf 89' lang='grc'>·</span> <span class='ocrx_word' id='word_1_864' title='bbox 587 5775 703 5844; x_wconf 82' lang='grc' dir='ltr'><strong>πῶς</strong></span> <span class='ocrx_word' id='word_1_865' title='bbox 736 5774 950 5848; x_wconf 78' lang='grc' dir='ltr'><strong>δέχεται</strong></span> <span class='ocrx_word' id='word_1_866' title='bbox 987 5775 1085 5848; x_wconf 78' lang='grc' dir='ltr'><strong>μὲν</strong></span> <span class='ocrx_word' id='word_1_867' title='bbox 1138 5774 1238 5847; x_wconf 81' lang='grc' dir='ltr'><strong>τὴν</strong></span> <span class='ocrx_word' id='word_1_868' title='bbox 1271 5771 1414 5846; x_wconf 75' lang='grc' dir='ltr'><strong>ζωὴν</strong></span> <span class='ocrx_word' id='word_1_869' title='bbox 1443 5771 1505 5825; x_wconf 81' lang='grc' dir='ltr'><strong>ὲκ</strong></span> <span class='ocrx_word' id='word_1_870' title='bbox 1539 5768 1636 5842; x_wconf 80' lang='grc' dir='ltr'><strong>τῆς</strong></span> <span class='ocrx_word' id='word_1_871' title='bbox 1660 5768 1765 5842; x_wconf 68' lang='grc' dir='ltr'><strong>ψυ-</strong></span> 
     </span>
    </p>
   </div>
   <div class='ocr_carea' id='block_1_118' title="bbox 1873 5768 3460 5845">
    <p class='ocr_par' dir='ltr' id='par_1_118' title="bbox 1873 5768 3460 5845">
     <span class='ocr_line' id='line_1_118' title="bbox 1873 5768 3460 5845; baseline 0.004 -21"><span class='ocrx_word' id='word_1_872' title='bbox 1873 5768 2149 5844; x_wconf 86' lang='lat' dir='ltr'><strong>impertit,</strong></span> <span class='ocrx_word' id='word_1_873' title='bbox 2181 5777 2235 5827; x_wconf 83' lang='lat' dir='ltr'><strong>ct</strong></span> <span class='ocrx_word' id='word_1_874' title='bbox 2263 5770 2501 5828; x_wconf 84' lang='lat' dir='ltr'><strong>vicissim</strong></span> <span class='ocrx_word' id='word_1_875' title='bbox 2529 5789 2783 5845; x_wconf 70' lang='lat' dir='ltr'><strong>qurcnam</strong></span> <span class='ocrx_word' id='word_1_876' title='bbox 2819 5791 2848 5829; x_wconf 86' lang='lat' dir='ltr'><strong>a</strong></span> <span class='ocrx_word' id='word_1_877' title='bbox 2892 5791 3062 5834; x_wconf 84' lang='lat' dir='ltr'><strong>carne</strong></span> <span class='ocrx_word' id='word_1_878' title='bbox 3106 5776 3172 5833; x_wconf 84' lang='lat' dir='ltr'><strong>ad</strong></span> <span class='ocrx_word' id='word_1_879' title='bbox 3224 5777 3460 5833; x_wconf 84' lang='lat' dir='ltr'><strong>animam</strong></span> 
     </span>
    </p>
   </div>
  </div>
