3880 6254
137 428 265 502 Ῑίῡὸ

1451 433 1691 497 SACRA
1726 433 2195 497 PARALLELA.

3232 421 3370 493 1106

130 569 231 615 σιν,
257 548 292 622 ἢ
340 548 455 624 tu};
483 547 561 621 μὴ
586 549 697 607 ἀπὸ
720 547 857 605 Θεοῦ
887 547 1061 617 πέσω,
1109 547 1399 623 βαρυνθεὶς
1443 551 1563 613 ταῖς
1595 548 1690 602 πέ-

1816 562 2039 619 gnorem
2069 546 2232 616 cujus
2264 545 2342 604 rei
2384 560 2553 604 causa
2582 547 2687 604 sim
2722 550 3069 619 procreatus,
3113 542 3372 616 quodque

128 643 263 708 ταις,
278 640 666 707 mutabant;
693 641 728 715 ἢ
745 642 1106 715 κατεχούσαις
1132 644 1213 708 εἰς
1229 641 1444 714 ἔδαφος.
1462 639 1686 713 Ἐχθρός

128 736 264 795 iactv
291 732 547 806 εὐμενὴς,
579 736 675 790 καὶ
698 733 852 807 φίλος
872 731 1182 801 ἐπίϐουλος.
1208 736 1272 789 Ὦ
1299 734 1401 806 τῆς
1430 732 1692 803 συζυγίας

129 825 337 897 καὶτῆς
386 824 826 900 ἀλλοτριώσεωςι
876 828 944 882 '0
990 825 1289 899 φοϐοῦμαι,
1333 826 1618 896 περιέπω·
1663 822 1694 878 ὃ

128 918 354 991 στέργω.
377 920 593 976 δέδοικα
612 936 626 953 ο
659 921 793 993 πρὶν
838 906 1175 994 πολεμῆσαι.
1204 919 1652 989 καταλλάσσομαι
1671 931 1694 951 ο

130 1014 215 1067 καὶ
241 1013 371 1086 πρὶν
395 1010 731 1087 εἰρηνεῦσαι,
760 1013 1068 1087 διῖσταμαι.
1097 1015 1195 1080 Τίς
1236 1014 1271 1087 ἡ
1308 1014 1439 1087 περὶ
1476 1012 1575 1084 ἐμὲ
1605 1028 1696 1067 σο-

128 1106 255 1177 φίαῖ
290 1107 388 1164 καὶ
416 1106 554 1164 τίτδ
576 1108 720 1181 μέγα
749 1109 879 1180 περὶ
920 1108 1019 1180 ἐμὲ
1051 1108 1383 1181 μυστήριον;
1416 1106 1449 1179 ἦ
1476 1103 1529 1161 τί
1567 1103 1694 1177 βού-

127 1198 290 1265 λεται,
324 1203 520 1273 μοῖραν
542 1202 691 1273 ἡμᾶς
712 1200 874 1264 ὄντας
906 1199 1064 1266 Θεοῦ,
1094 1200 1192 1254 καὶ
1231 1198 1438 1256 ἄνωθεν
1467 1196 1697 1269 ῥεύσαν-

127 1311 239 1358 τας,
266 1294 356 1348 ινα
378 1292 457 1366 μὴ
482 1292 573 1350 διά
595 1294 696 1365 τὴν
720 1291 879 1362 ἀξίαν
916 1286 1270 1366 ἐπαιρόμενοι
1302 1290 1394 1346 καὶ
1434 1304 1694 1362 μετεωρι-

130 1384 336 1455 ξάμενον.
363 1385 793 1458 καταφρονῶμεν
814 1384 909 1440 τοῦ
936 1384 1255 1450 κτίσαντος,
1291 1384 1349 1438 ἐν
1372 1385 1439 1454 τῇ
1467 1380 1604 1454 πρὸς
1634 1378 1697 1435 τὸ

132 1474 287 1548 σῶμα
312 1477 461 1552 πάλῃ
491 1476 589 1533 καὶ
619 1479 769 1552 μάχῃ
814 1478 952 1551 πρὸς
992 1476 1155 1531 αὐτὸν
1197 1475 1286 1530 ἀεὶ
1333 1464 1574 1546 βλέπειν,
1602 1472 1700 1529 καὶ

131 1570 220 1640 τὴν
242 1569 679 1643 συνεζευγμένην
702 1571 1011 1652 ἀσθένειαν,
1039 1567 1415 1640 παιδαγωγίαν
1444 1562 1582 1623 εἶναι
1602 1566 1698 1623 τοῦ

132 1662 453 1737 ἀξιώματος,
505 1666 594 1721 τνα
624 1666 851 1739 εἴδωμεν
884 1668 933 1719 oi
964 1664 1121 1719 αὐτοὶ
1147 1662 1395 1735 μέγιστοί
1444 1678 1505 1717 τε
1547 1660 1702 1727 ὄντες

132 1758 221 1812 καί
250 1759 648 1823 ταπεινότατοι,
679 1759 914 1829 ἐπίγειοι
957 1758 1053 1812 καλ⁸
1080 1755 1345 1828 οὐράνιοι,
1372 1755 1700 1827 πρόσκαιροι

1792 639 1925 697 mihi
1972 655 2069 711 per
2099 645 2352 698 actiones
2386 642 2455 697 ait
2497 642 2669 697 Deum
2703 640 3004 697 ascendere
3042 637 3370 695 incumbat:

1790 733 1879 791 sin
1905 742 2123 800 contra,
2162 744 2223 789 ut
2276 749 2404 791 cum
2454 735 2705 805 adjutore
2746 732 2933 789 mitius
2987 744 3167 803 agam,
3224 730 3374 786 nulla

1788 828 1904 901 jam
1955 829 2096 884 ratio
2131 829 2397 895 occurrit,
2451 846 2562 902 qua
2609 828 2933 886 rebellantis
2986 825 3251 897 impetum
3292 824 3381 880 ίιιι-

1792 922 1960 993 giam,
1998 929 2092 977 aut
2139 938 2208 979 ne
2241 936 2273 977 a
2320 922 2435 979 Deo
2486 937 2719 993 prorsus
2768 919 3055 987 excidam,
3102 917 3378 990 ejusmodi

1794 1014 2152 1087 compedibus
2182 1025 2467 1086 gravatus,
2490 1018 2583 1087 qui
2625 1033 2709 1073 me
2732 1015 2800 1071 ad
2833 1022 3035 1071 terram
3061 1011 3376 1077 detrahant,

1794 1108 1879 1165 vel
1909 1108 2219 1164 detineant.
2261 1108 2447 1166 Hostis
2480 1118 2566 1165 est
2607 1108 2846 1165 blandus
2875 1112 2929 1161 et
2964 1104 3169 1169 facilis,
3200 1111 3254 1157 et
3288 1099 3379 1157 iu-

1795 1200 2044 1259 sidiosus
2077 1200 2309 1261 amicus.
2344 1202 2387 1258 0
2415 1204 2601 1274 qualis
2624 1203 2731 1259 ista
2760 1198 3085 1269 conjunctio
3117 1196 3235 1254 est!
3259 1209 3382 1267 quat

1796 1292 2218 1350 inimicitiarum
2278 1293 2459 1350 ratio!
2520 1291 2669 1364 quod
2726 1307 2959 1357 vereor,
3021 1290 3378 1361 amplector:

1798 1384 1947 1457 quod
1967 1402 2113 1452 amo,
2147 1386 2249 1442 hoc
2278 1386 2665 1458 perhorresco.
2696 1384 3010 1456 Antequam
3039 1382 3242 1440 bellum
3266 1382 3384 1452 geri

1800 1476 2048 1545 incipiat,
2086 1477 2141 1531 iu
2168 1478 2401 1549 gratiam
2432 1492 2558 1533 cum
2594 1492 2661 1533 eo
2685 1476 2852 1532 redeo
2883 1494 2897 1531 :
2932 1482 2986 1530 ct
3014 1482 3145 1529 ante
3172 1472 3384 1529 consti~

1800 1576 1974 1625 tutam
2004 1586 2217 1641 pacem,
2237 1571 2311 1626 ‘ab
2339 1586 2405 1628 eo
2428 1570 2695 1627 dissideo.
2714 1569 2965 1638 Quanam
2994 1568 3088 1624 Dei
3114 1566 3391 1640 sapientia

1802 1663 1904 1719 hoc
1937 1664 2071 1719 mihi
2110 1664 2347 1721 accidit?
2376 1680 2615 1737 quonam
2672 1680 2873 1736 magno
2905 1676 3221 1733 arcanoque
3248 1674 3387 1718 con-

1802 1756 1975 1813 silio?
2008 1758 2091 1815 An
2124 1758 2231 1822 hoc
2266 1758 2401 1830 agit,
2434 1770 2493 1823 ut
2526 1775 2653 1816 cum
2695 1759 2876 1830 portio
2911 1756 3003 1813 Dei
3055 1757 3258 1821 simus,
3284 1769 3389 1811 seu

135 1852 221 1905 xui
245 1850 505 1906 ἀθάνατοι
528 1890 545 1916 ,
581 1851 908 1923 κληρονόμοι
939 1850 1115 1920 φωτὸς
1145 1848 1335 1923 πυρὸς,
1359 1849 1542 1902 είτουν
1576 1846 1704 1901 0x6-

1816 1866 2045 1921 supcrne
2097 1853 2461 1922 ﬁnxerimus;
2498 1869 2566 1909 ne
2617 1852 2705 1908 ob'
2739 1852 3008 1922 ejusmodi
3065 1849 3386 1922 dignitatem

133 1959 269 2008 τους,
318 1943 599 2016 ὁποτέρως
768 1919 1082 2016 νεγύσωμενς
1140 1919 1395 1998 Τοιοῦτον
1425 1939 1484 1995 τὸ
1510 1940 1701 2014 κρᾶμα

1816 1942 2066 1999 insolenti
2102 1942 2245 2000 fastu
2275 1945 2437 2014 elati,
2476 1945 2794 2002 Creatorem
2822 1956 3201 2016 aspernemur,
3235 1942 3291 1997 in
3322 1954 3391 1997 ea

132 2034 301 2107 ἡμῶν,
333 2038 427 2091 καὶ
460 2037 550 2092 διὰ
582 2037 782 2091 ταῦτα*
831 2037 907 2103 ὡς
950 2037 1081 2107 γοῦν
1112 2038 1237 2109 ἐμοὶ
1269 2034 1697 2105 καταφαίνεται·

133 2127 215 2182 i’va
242 2129 369 2184 ὅταν
399 2130 763 2202 ἐπαιρώμεθα
799 2129 887 2186 διὰ
918 2131 1015 2204 τὴν
1047 2131 1229 2185 εἰκόνα
1249 2170 1264 2195 ,
1309 2128 1400 2183 διά
1434 2128 1526 2182 τὸν
1570 2125 1699 2199 χοῦν

134 2220 397 2276 συστελλώ
403 2240 472 2293 με
480 2222 571 2280 Oa.

1806 2050 1931 2105 qua:
1965 2036 2127 2093 nobis
2156 2052 2281 2092 cum
2310 2053 2548 2114 corpore
2566 2047 2651 2097 est
2675 2038 3072 2103 colluctatione
3105 2044 3159 2092 ct
3186 2049 3388 2108 pugna,

1806 2126 1988 2199 ipsum
2039 2145 2259 2202 semper
2299 2131 2636 2199 intueamur,
2700 2132 2891 2206 sicque
2945 2145 3191 2188 connexa
3230 2127 3393 2185 nobis

1807 2220 2127 2291 infirmitas,
2182 2224 2509 2298 dignitatem
2573 2235 2824 2284 nostram
2878 2222 3394 2299 regateterudiatt

134 2311 389 2372 Videlicet
443 2326 504 2374 ut
561 2318 955 2390 intelligamus,
997 2333 1099 2374 nos
1132 2317 1403 2373 maximos
1452 2313 1608 2385 juxta
1651 2314 1705 2367 et
1743 2309 2155 2381 abjectissimos
2183 2330 2329 2382 esse,
2389 2326 2645 2375 terrenos
2693 2326 2750 2374 ct
2827 2318 3100 2384 caelestes,
3180 2324 3393 2387 tempo-

134 2425 321 2469 raneos
352 2423 407 2469 et
446 2413 819 2480 immortales,
867 2414 1007 2471 lucis
1056 2422 1111 2470 et
1170 2413 1332 2487 ignis,
1386 2415 1489 2469 seu'
1528 2410 1694 2466 etiam
1769 2409 2126 2469 tenebrarum
2185 2414 2458 2481 baeredes,
2536 2426 2703 2489 prout
2752 2419 2818 2474 ad
2860 2418 3187 2473 alterutrum
3238 2414 3397 2473 nobis

135 2503 463 2574 propendere
507 2507 821 2578 contigerit.
896 2506 1021 2563 limo
1084 2516 1274 2563 nostra
1335 2510 1706 2575 temperatura
1772 2508 1865 2558 .est
1912 2518 1930 2558 ι

2008 2515 2061 2561 et
2114 2508 2236 2565 istis
2292 2508 2358 2565 de
2412 2511 2599 2567 causis
2663 2510 2951 2584 (quantum
3005 2509 3223 2583 quidem
3277 2507 3397 2580 ipse

136 2599 433 2670 perspicere
483 2601 665 2671 valeo)
715 2610 778 2658 ut
828 2618 957 2660 eum
1008 2601 1256 2674 dignitas
1308 2598 1570 2673 imaginis
1634 2593 1851 2653 animos
1914 2600 2076 2657 nobis
2117 2603 2419 2671 extulerit,
2482 2620 2583 2662 nos
2652 2614 2795 2661 terra
2868 2603 3159 2661 contrahat
3222 2614 3277 2659 et
3326 2602 3396 2657 de

137 2691 346 2760 primat.

198 2810 359 2876 Τάξις
381 2810 477 2868 τόν
498 2812 784 2885 ἄνθρωπον
805 2817 870 2871 ἐκ
888 2814 1106 2886 λογικοῦ
1137 2816 1233 2871 καὶ
1254 2816 1451 2886 ἀλόγου
1478 2813 1711 2887 συγκρί-

142 2916 299 2971 ματος
324 2901 468 2968 ζῶον
496 2904 717 2975 λογικὸν
749 2908 1142 2981 συνεστήσατο,
1176 2909 1269 2964 mi
1300 2908 1559 2980 συνέδησε
1603 2925 1710 2979 μυ·-

142 2995 329 3063 στικῶς
356 2997 455 3053 καὶ
486 2999 745 3071 ἀρρήτως
790 3001 882 3055 τὸν
928 3000 1058 3074 χοῦν
1102 3002 1183 3076 τῷ
1218 3002 1324 3070 νοῒ,
1354 3002 1449 3057 τὸν
1474 3000 1600 3058 νοῦν
1631 3001 1711 3074 τῷ

140 3087 437 3159 πνεύματι⁸
463 3089 562 3145 καὶ
590 3089 680 3145 ῐνα
709 3090 1180 3169 θαυματουργὴσῃ
1194 3104 1263 3150 ’τι
1300 3096 1488 3168 μεῖζον
1545 3095 1605 3150 ἐν
1631 3095 1711 3168 τῷ

142 3182 323 3239 ἑαυτοῦ
352 3183 663 3257 πλάσματι,
688 3185 753 3240 τὸ
782 3186 917 3243 αὐτὸ
947 3190 1042 3243 καὶ
1071 3189 1389 3249 διεσώσατο.
1414 3190 1512 3244 καὶ
1533 3189 1709 3245 διέλυε

145 3293 246 3333 σεν.
278 3277 382 3345 Τὸν
426 3278 532 3351 μὲν
559 3279 670 3352 γάρ
712 3279 1103 3354 ἐπεισήγαγεν,
1130 3283 1221 3337 τδν
1249 3282 1307 3338 δὲ
1339 3283 1706 3355 ὐπεξήγαγεν,

1886 2803 2159 2875 Ejusdem,
2199 2815 2337 2864 orat.
2369 2808 2460 2865 26.
2495 2808 2737 2867 -0rdo
2775 2809 3053 2865 hominem
3100 2826 3163 2865 ex
3214 2823 3393 2865 massa

1810 2897 2009 2975 partim
2042 2899 2323 2967 rationali,
2352 2901 2555 2972 partim
2586 2916 2780 2958 aversa
2828 2916 2859 2956 a
2914 2903 3150 2968 ratione,
3188 2900 3395 2956 animai

1809 2992 2078 3053 rationale
2106 2996 2438 3063 construxit,
2456 3004 2519 3053 et
2575 3012 2781 3089 arcan’o
2824 2996 2990 3052 modo
3020 3005 3225 3054 terram
3266 3010 3394 3051 cum

1813 3092 2013 3151 mente,
2050 3095 2288 3143 mentem
2329 3103 2454 3144 cum
2488 3090 2688 3162 spiritu
2722 3088 2917 3147 vinxit.
2952 3088 3041 3157 Et,
3082 3096 3145 3147 ut
3171 3089 3399 3147 mirabi-

1816 3177 1924 3233 lius
1945 3178 2207 3250 quiddam
2241 3182 2297 3238 in
2331 3182 2593 3256 ﬁgmento
2622 3194 2790 3259 atque
2816 3200 2979 3257 upere
3002 3200 3105 3241 suo
3132 3192 3393 3257 patraret.

1814 3273 1958 3331 idem
2007 3277 2181 3348 ipsum
2212 3288 2267 3336 et
2311 3283 2681 3349 conservavit,
2728 3292 2781 3338 et
2831 3281 3111 3338 dissolvit.
3148 3282 3398 3338 Alterura

144 3366 317 3442 ὥσπερ
363 3372 421 3425 ἐν
482 3373 738 3446 ῥεύματι,
790 3353 902 3429 καί
930 3374 1009 3447 τῷ
1043 3374 1224 3449 θνητῷ
1280 3377 1377 3449 τὴν
1408 3353 1709 3434 ἀθανασίαν

1816 3368 1962 3424 enim
1999 3370 2409 3441 superinduxit,
2466 3373 2699 3427 alterum
2747 3372 3033 3437 subduxit,
3071 3388 3181 3429 non
3232 3388 3397 3430 secus

146 3463 633 3537 ἐπραγματεύσατο
661 3467 749 3523 διὰ
776 3467 1008 3535 λύσεως.

207 3693 299 3757 Τίς
330 3694 365 3768 ἡ
396 3693 546 3766 μίξις
568 3695 761 3768 ήμῶνς
796 3696 876 3763 τίς
905 3699 938 3770 ἡ
972 3698 1223 3772 κίνησις;
1275 3701 1390 3766 πῶς
1423 3701 1484 3755 τδ
1512 3700 1717 3757 ἀθάναη

147 3803 228 3841 τον
254 3787 329 3860 τῷ
358 3787 542 3861 θνητῷ
572 3790 917 3864 συνεκράθη;
951 3794 1068 3858 πῶς
1114 3794 1265 3848 κάτω
1313 3795 1444 3866 pem,
1475 3795 1570 3850 καὶ
1605 3796 1717 3851 άνω

148 3879 368 3953 φέρομαι
390 3899 407 3951 ;
433 3883 556 3947 πῶς
582 3884 729 3959 ψυχὴ
778 3886 1159 3958 περιφέρεται.
1193 3888 1286 3944 καὶ
1312 3888 1459 3963 ζωὴν
1510 3890 1715 3957 δίδωσι,

148 3973 238 4029 καὶ
269 3975 476 4041 πάθους
503 3978 948 4050 μεταλαμϐάνεις
978 3980 1097 4046 πῶς
1125 3982 1154 4035 ό
1184 3981 1311 4047 νοῦς
1339 3982 1721 4055 περιγραπτδς

149 4068 234 4119 καὶ
262 4069 539 4141 ἀόριστος,
590 4070 648 4125 ἐν
679 4072 812 4143 ἡμῖν
854 4072 1052 4144 μένων,
1087 4076 1182 4129 καὶ
1216 4075 1397 4129 πάντα
1445 4074 1717 4145 ἐφοδεύων

148 4158 290 4228 τάχει
316 4163 491 4235 φορᾶς
516 4162 611 4218 καὶ
644 4163 913 4236 ρεύσεωςς
937 4164 1054 4231 πῶς
1074 4167 1555 4240 μεταλαμϐάνεται
1574 4168 1718 4241 λόγῳ

150 4252 237 4304 καί
258 4255 621 4324 μεταδίδοται,
662 4257 759 4312 καὶ
801 4258 870 4313 δι’
908 4258 1070 4332 ἀέρος
1103 4263 1287 4333 χωρεῖ,
1320 4262 1414 4317 καὶ
1437 4264 1577 4335 μετά
1606 4263 1719 4321 τῶν

150 4346 482 4419 πραγμάτων
515 4350 823 4423 εἰσέρχεται
852 4351 962 4406 ἀπὸ
994 4352 1103 4408 τῶν
1135 4352 1483 4429 αίσθήσεωνς

216 4638 325 4712 οὔχ
347 4640 436 4699 ῐνα
464 4643 730 4716 φάγωμεν
761 4645 859 4701 καί
879 4645 1114 4719 πίωμεν,
1144 4648 1241 4703 καί
1266 4668 1331 4703 πε
1343 4649 1714 4724 ριϐαλώμεθα,

1815 3471 1981 3533 atque
2009 3463 2062 3517 in
2088 3479 2357 3535 aquarum
2389 3463 2536 3519 ﬂuxu
2558 3484 2575 3530 ς
2596 3474 2649 3521 et
2671 3467 2886 3537 corpori
2919 3468 3135 3523 mortali
3171 3468 3401 3525 immor‘

1817 3553 2087 3610 talitatelu
2114 3568 2213 3626 per
2238 3556 2574 3613 solutionem
2615 3555 2975 3628 comparavit.

1890 3690 2163 3761 Ejusdem,
2189 3700 2327 3748 orat.
2356 3693 2446 3749 54.
2472 3723 2544 3734 --
2566 3692 2828 3762 Quaenam
2862 3694 2976 3750 haec
3003 3695 3189 3751 mi'slio
3203 3704 3399 3754 nostra

1816 3783 1944 3838 est?
1972 3785 2097 3856 quis
2122 3786 2346 3843 motus?
2399 3786 2682 3857 quomodo
2714 3787 2764 3842 id
2787 3788 2934 3858 quod
2962 3787 3273 3845 immortale
3291 3798 3398 3857 est,

1819 3879 1943 3929 cum
1979 3890 2036 3930 re
2064 3876 2285 3931 mortali
2316 3864 2683 3948 temperatum
2717 3876 2860 3933 fuit?
2896 3877 3000 3947 Qui
3036 3881 3091 3935 tit
3127 3890 3187 3935 ut
3217 3881 3419 3937 anima.

1818 3969 2269 4039 circnmferatur,‘
2304 3982 2360 4030 et
2404 3974 2583 4029 vitam-
2626 3974 2929 4044 impertiat,
2996 3974 3403 4049 aﬂectuuinqua

1820 4058 1892 4113 sit
1924 4060 2235 4132 particeps?
2256 4062 2359 4128 Qui
2391 4060 2447 4118 tit
2479 4070 2538 4116 ut
2566 4077 2743 4137 ruens,
2768 4070 2822 4117 ct
2850 4064 3269 4136 circumscripta
3302 4066 3401 4132 sit,

1820 4159 1873 4206 et
1916 4151 2077 4223 313
2124 4152 2409 4209 indeﬁnite
2448 4171 2462 4209 :
2504 4154 2561 4209 in
2613 4153 2774 4210 nobis
2835 4164 3073 4225 maneat,
3120 4163 3172 4211 et
3221 4160 3401 4214 motus

1821 4245 2111 4317 {luxusque
2153 4248 2475 4319 pernicitate
2506 4246 2686 4303 omnia
2718 4248 3051 4316 perlustret?
3098 4252 3191 4321 qui
3229 4248 3309 4316 iit,
3342 4260 3403 4307 ut

1821 4349 2131 4392 sermonem
2156 4338 2440 4410 percipiat,
2459 4346 2513 4393 et
2533 4338 2780 4395 vicissim
2802 4340 3198 4406 communicet;
3216 4356 3401 4398 aerem

1819 4426 2105 4498 pervadat,
2137 4437 2189 4485 et
2229 4429 2569 4487 adminiculo
2599 4445 2866 4488 sensuum
2912 4431 2968 4486 in
3011 4432 3162 4503 ipsas
3188 4447 3279 4490 res
3312 4433 3402 4489 in-

1821 4517 2135 4590 grcdiatur!
2173 4532 2187 4549 '

1892 4630 2169 4705 Chrysost.
2202 4634 2373 4691 Homo
2397 4652 2494 4691 cur
2516 4636 2782 4694 conditus.
2813 4667 2883 4678 --
2911 4637 3029 4693 Non
3060 4646 3118 4692 ut
3151 4639 3401 4707 edamus,

156 4729 535 4809 ἐγεννήθημεν,
559 4713 675 4793 ἀλλ’
707 4740 794 4795 ἵνα
830 4713 1097 4813 φύγωμεν
1122 4713 1355 4811 κακίαν,-
1375 4713 1629 4819 ἑλώμεθα

1826 4735 1879 4783 et
1908 4727 2185 4794 bibamus,
2207 4738 2262 4786 et
2291 4730 2604 4797 induantur,
2636 4731 2750 4786 nati
2779 4746 2971 4789 sumus
2987 4750 3014 4801 ι
3036 4734 3153 4796 sed.
3182 4742 3401 4808 arrepta

156 4826 361 4903 ἀρετὴν,
391 4834 492 4902 τῆς
513 4831 663 4898 θείας
689 4834 1072 4908 ἐπιλαϐόμενοι
1099 4836 1437 4911 φιλοσοφίας.
1458 4842 1583 4896 ὀτι
1608 4840 1721 4915 γάρ

158 4922 245 4993 οὐχ
274 4923 360 4979 ἵνα
391 4928 655 5000 φάγωμεν
686 4928 781 4982 καὶ
805 4929 1039 5003 πίωμεν,
1071 4932 1468 5007 ἐγεννήθημεν,
1484 4934 1602 4990 ἀλλ’
1630 4935 1717 5006 ἐφ’

158 5012 351 5085 item
378 5019 561 5092 πολλῷ
612 5019 825 5095 μείζοσι
867 5028 961 5078 καί
992 5023 1281 5095 βελτίοσιν,
1331 5028 1567 5083 ἄκουσον
1619 5027 1716 5085 τοῦ

159 5102 284 5160 Θεοῦ
334 5110 430 5164 καὶ
484 5111 581 5185 τὴν
642 5112 823 5168 αἰτίαν
868 5111 1157 5183 λέγοντος,
1202 5115 1287 5185 ἐφ’
1338 5110 1372 5191 ἦ
1430 5118 1716 5191 ἄνθρωπον

162 5192 436 5267 ἐποίησεν·
466 5200 811 5257 διαπλάττων
847 5203 958 5276 γάρ
994 5204 1177 5269 αὑτὸν,
1213 5205 1356 5262 οὕτω
1387 5226 1504 5275 πως
1542 5210 1713 5281 φησί·

168 5288 515 5364 ιΠοιήσωμεν
565 5294 855 5367 ἄνθρωπον
896 5295 1021 5351 κατ’
1059 5296 1244 5352 εἰκόνα
1296 5299 1578 5373 ἡμετέραν
1623 5300 1719 5357 καὶ

166 5380 275 5433 καθ’
298 5384 570 5455 ὁμοίωσιν.
608 5406 629 5442 ι
656 5387 875 5458 Ὅμοιοι
905 5388 961 5444 δὲ
1002 5386 1095 5443 τοῦ
1132 5388 1267 5445 Θεοῦ
1298 5389 1584 5464 γινόμεθα,
1615 5392 1719 5449 οὐκ

167 5469 419 5541 ἐσθίοντες
467 5478 562 5533 καὶ
608 5478 855 5545 πίνοντες
903 5480 1000 5535 καὶ
1050 5481 1535 5554 περιϐαλλόμενον
1584 5481 1717 5551 Θεὸς

167 5559 265 5633 γὰρ
282 5564 397 5621 οὔτε
426 5570 617 5639 ἐσθίει,
639 5569 763 5625 οὔτε
791 5571 960 5637 πίνει,
984 5570 1111 5627 οὔτε
1141 5572 1527 5645 περιϐάλλεται
1543 5590 1556 5604 ο
1579 5573 1720 5630 ἀλλά

168 5650 488 5736 δικαιοσύνην
535 5664 855 5729 ἀσκοῦντες,
907 5665 1003 5719 καὶ
1052 5664 1468 5739 φιλανθρωπίαν
1518 5667 1725 5725 ἐπιδευ-

173 5748 431 5823 κνῠμτνοι,
460 5761 687 5831 χρηστοὶ
716 5759 815 5814 καὶ
844 5760 1108 5824 ἐπιεικεῖς
1134 5758 1305 5826 ὅντες,
1327 5762 1454 5827 τοὺς
1493 5763 1723 5836 πλησίον

175 5836 447 5914 ἐλεοῦντες,
471 5849 687 5905 ἃπασαν
715 5851 919 5923 ἀρετὴν
938 5851 1257 5919 διώκοντεςτ
1285 5854 1412 5909 ἐπεὶ
1438 5855 1501 5909 τὸ
1526 5857 1723 5927 φαγεῖν

179 5933 262 5989 καί
299 5936 356 5995 τδ
383 5944 544 6017 πιεῖν,
595 5944 775 6004 κοινὸν
812 5945 947 6020 πρὸς
1001 5946 1100 6019 τὴν
1142 5946 1251 6004 τῶν
1298 5948 1510 6020 ἀλόγων
1555 5949 1719 6023 φύσιν

1820 4819 2008 4876 divina
2037 4821 2407 4893 philosophia,
2456 4824 2649 4881 vitium
2705 4823 3002 4897 fugiamus,
3044 4836 3100 4884 et
3144 4830 3403 4885 virtutem

1820 4914 2216 4987 amplexemur.
2242 4914 2377 4971 Nam
2396 4917 2564 4988 quod,
2590 4932 2700 4976 non
2723 4929 2783 4975 ut
2804 4919 3032 4978 edamus
3047 4931 3101 4977 et
3126 4922 3400 4988 bibamus,

1820 5009 1915 5066 sed
1952 5010 2021 5066 ob
2042 5010 2148 5065 alia
2174 5010 2334 5084 longe
2363 5010 2574 5105 majpra
2622 5021 2677 5069 et
2711 5015 3092 5085 praestantiora
3135 5017 3190 5072 in
3224 5018 3401 5075 lucem

1818 5104 1952 5161 editi
2001 5105 2199 5172 simus,
2250 5104 2378 5162 audi
2408 5104 2571 5178 quam
2609 5121 2834 5163 causam
2864 5106 3009 5165 Deus
3039 5107 3250 5176 afferat,
3300 5125 3403 5166 cur

1822 5198 2101 5257 hominem
2134 5199 2461 5256 condiderit.
2507 5199 2644 5258 Cum
2694 5201 2841 5258 enim
2869 5208 2992 5258 eum
3024 5202 3301 5285 fprmavit,
3333 5194 3403 5259 ad

1824 5288 1971 5350 hunc
1992 5293 2213 5349 modum
2243 5294 2460 5351 locutus
2482 5302 2568 5351 est
2600 5311 2617 5351 :
2656 5314 2673 5346 ι
2703 5294 2995 5351 Faciamus
3027 5295 3301 5352 hominem
3332 5295 3402 5351 ad

1825 5387 2116 5461 imaginem
2146 5395 2201 5443 et
2256 5387 2667 5446 similitudinem
2712 5399 2979 5445 nostram.
3015 5407 3033 5441 ι
3076 5388 3187 5443 Deo
3237 5402 3403 5461 porro

1822 5482 2029 5539 similes
2054 5469 2338 5548 elllciniur,
2369 5496 2478 5537 non
2508 5481 2728 5552 quando
2777 5480 3013 5563 edimus,
3044 5488 3099 5537 et
3139 5480 3419 5545 bibimus,

1824 5584 1879 5634 et
1907 5575 2187 5631 induimur
2223 5573 2390 5646 (Deus
2422 5573 2623 5645 quippe
2665 5588 2769 5630 nec
2806 5572 2940 5638 edit,
2976 5586 3079 5629 nec
3111 5570 3271 5639 bibit,
3305 5587 3406 5628 nec

1825 5666 2073 5725 vestibus
2102 5669 2319 5734 utitur),
2350 5669 2447 5725 sed
2473 5668 2695 5739 quando
2726 5678 2841 5722 tum
2856 5666 3189 5741 benignitate
3204 5674 3261 5722 et
3286 5680 3405 5722 mo-

1825 5761 2023 5827 destia,
2043 5773 2155 5819 tum
2178 5762 2554 5818 misericordia
2580 5777 2708 5835 erga
2740 5775 3027 5833 pauperes,
3047 5760 3405 5828 omniumque

1824 5855 2086 5913 virtutum
2120 5854 2303 5913 studio
2349 5853 2623 5927 justitiam
2654 5853 2912 5920 colimus.
2945 5858 3002 5909 et
3047 5849 3405 5909 humanitatis

1826 5950 2102 6025 specimen
2136 5949 2352 6011 damus.
2387 5948 2559 6010 Edere
2589 5946 2861 6024 siquidem
2912 5956 2967 6005 et
3006 5945 3213 6015 bibere,
3246 5940 3405 6002 nobis
