  <div class='ocr_page' id='page_1' title='image "/cluster/home/n/w/nwhite01/storage/ocr_20150623/95/hvd.32044073502106/565.png"; bbox 0 0 3880 6254; ppageno 0'>
   <div class='ocr_carea' id='block_1_1' title="bbox 410 368 579 443">
    <p class='ocr_par' dir='ltr' id='par_1_1' title="bbox 410 368 579 443">
     <span class='ocr_line' id='line_1_1' title="bbox 410 368 579 443; baseline 0 -1"><span class='ocrx_word' id='word_1_1' title='bbox 410 368 579 443; x_wconf 54' lang='lat' dir='ltr'><strong>illi?</strong></span> 
     </span>
    </p>
   </div>
   <div class='ocr_carea' id='block_1_2' title="bbox 1560 372 2475 440">
    <p class='ocr_par' dir='ltr' id='par_1_2' title="bbox 1560 372 2475 440">
     <span class='ocr_line' id='line_1_2' title="bbox 1560 372 2475 440; baseline 0.001 -2"><span class='ocrx_word' id='word_1_2' title='bbox 1560 373 1622 438; x_wconf 71' lang='grc' dir='ltr'><strong>ς.</strong></span> <span class='ocrx_word' id='word_1_3' title='bbox 1668 374 1986 440; x_wconf 72' lang='lat' dir='ltr'><strong>IOANNIS</strong></span> <span class='ocrx_word' id='word_1_4' title='bbox 2021 372 2475 439; x_wconf 23' lang='lat' dir='ltr'><strong>DAMASCENI’</strong></span> 
     </span>
    </p>
   </div>
   <div class='ocr_carea' id='block_1_3' title="bbox 3523 372 3639 443">
    <p class='ocr_par' dir='ltr' id='par_1_3' title="bbox 3523 372 3639 443">
     <span class='ocr_line' id='line_1_3' title="bbox 3523 372 3639 443; baseline 0.017 -3"><span class='ocrx_word' id='word_1_5' title='bbox 3523 372 3639 443; x_wconf 68' lang='grc' dir='ltr'><strong>ιιιι</strong></span> 
     </span>
    </p>
   </div>
   <div class='ocr_carea' id='block_1_4' title="bbox 405 490 2030 569">
    <p class='ocr_par' dir='ltr' id='par_1_4' title="bbox 405 491 2030 569">
     <span class='ocr_line' id='line_1_4' title="bbox 405 491 2030 569; baseline -0.005 -18"><span class='ocrx_word' id='word_1_6' title='bbox 405 493 544 551; x_wconf 88' lang='lat' dir='ltr'><strong>mini</strong></span> <span class='ocrx_word' id='word_1_7' title='bbox 592 494 742 553; x_wconf 89' lang='lat' dir='ltr'><strong>sicut</strong></span> <span class='ocrx_word' id='word_1_8' title='bbox 773 493 877 553; x_wconf 79' lang='lat' dir='ltr'><strong>llos</strong></span> <span class='ocrx_word' id='word_1_9' title='bbox 911 492 1027 553; x_wconf 67' lang='lat' dir='ltr'><strong>feni</strong></span> <span class='ocrx_word' id='word_1_10' title='bbox 1057 491 1213 569; x_wconf 77' lang='lat' dir='ltr'><strong>(ha.</strong></span> <span class='ocrx_word' id='word_1_11' title='bbox 1246 509 1312 548; x_wconf 73' lang='lat' dir='ltr'><strong>si.</strong></span> <span class='ocrx_word' id='word_1_12' title='bbox 1337 536 1350 552; x_wconf 83' lang='lat'><strong>.</strong></span> <span class='ocrx_word' id='word_1_13' title='bbox 1375 493 1467 561; x_wconf 76' lang='grc' dir='ltr'><strong>ϐ).</strong></span> <span class='ocrx_word' id='word_1_14' title='bbox 1500 511 1519 544; x_wconf 74' lang='grc' dir='ltr'><strong>ι</strong></span> <span class='ocrx_word' id='word_1_15' title='bbox 1548 491 1833 563; x_wconf 89' lang='lat' dir='ltr'><strong>Siquidem</strong></span> <span class='ocrx_word' id='word_1_16' title='bbox 1862 491 1987 545; x_wconf 67' lang='lat' dir='ltr'><strong>vitm</strong></span> <span class='ocrx_word' id='word_1_17' title='bbox 2016 513 2030 550; x_wconf 62' lang='grc' dir='ltr'><strong>ι</strong></span> 
     </span>
    </p>
   </div>
   <div class='ocr_carea' id='block_1_5' title="bbox 2134 490 3645 569">
    <p class='ocr_par' dir='ltr' id='par_1_5' title="bbox 2134 490 3645 568">
     <span class='ocr_line' id='line_1_5' title="bbox 2134 490 3645 568; baseline 0.006 -25"><span class='ocrx_word' id='word_1_18' title='bbox 2134 491 2307 563; x_wconf 60' lang='lat' dir='ltr'><strong>ipson.</strong></span> <span class='ocrx_word' id='word_1_19' title='bbox 2332 510 2353 542; x_wconf 75' lang='grc' dir='ltr'><strong>ε</strong></span> <span class='ocrx_word' id='word_1_20' title='bbox 2382 490 2457 545; x_wconf 77' lang='grc' dir='ltr'><strong>Τὸ</strong></span> <span class='ocrx_word' id='word_1_21' title='bbox 2483 490 2593 567; x_wconf 76' lang='grc' dir='ltr'><strong>γάρ</strong></span> <span class='ocrx_word' id='word_1_22' title='bbox 2611 491 2977 566; x_wconf 80' lang='grc' dir='ltr'><strong>ὀλιγοχρόνιον</strong></span> <span class='ocrx_word' id='word_1_23' title='bbox 3006 496 3111 568; x_wconf 79' lang='grc' dir='ltr'><strong>τῆς</strong></span> <span class='ocrx_word' id='word_1_24' title='bbox 3135 493 3305 567; x_wconf 74' lang='grc' dir='ltr'><strong>ζωῆς,</strong></span> <span class='ocrx_word' id='word_1_25' title='bbox 3360 498 3455 551; x_wconf 74' lang='grc' dir='ltr'><strong>καὶ</strong></span> <span class='ocrx_word' id='word_1_26' title='bbox 3506 494 3562 549; x_wconf 70' lang='grc' dir='ltr'><strong>τὸ</strong></span> <span class='ocrx_word' id='word_1_27' title='bbox 3594 499 3645 552; x_wconf 71' lang='lat' dir='ltr'><strong>tv</strong></span> 
     </span>
    </p>
   </div>
   <div class='ocr_carea' id='block_1_6' title="bbox 406 582 2030 662">
    <p class='ocr_par' dir='ltr' id='par_1_6' title="bbox 406 583 1985 661">
     <span class='ocr_line' id='line_1_6' title="bbox 406 583 1985 661; baseline -0.004 -18"><span class='ocrx_word' id='word_1_28' title='bbox 406 590 690 655; x_wconf 80' lang='lat' dir='ltr'><strong>brevitas,</strong></span> <span class='ocrx_word' id='word_1_29' title='bbox 729 598 895 661; x_wconf 82' lang='lat' dir='ltr'><strong>atque</strong></span> <span class='ocrx_word' id='word_1_30' title='bbox 936 588 1191 645; x_wconf 76' lang='lat' dir='ltr'><strong>humana:</strong></span> <span class='ocrx_word' id='word_1_31' title='bbox 1242 586 1525 642; x_wconf 88' lang='lat' dir='ltr'><strong>felicitatis</strong></span> <span class='ocrx_word' id='word_1_32' title='bbox 1583 583 1881 641; x_wconf 78' lang='lat' dir='ltr'><strong>amumitas</strong></span> <span class='ocrx_word' id='word_1_33' title='bbox 1932 590 1985 639; x_wconf 87' lang='lat' dir='ltr'><strong>et</strong></span> 
     </span>
    </p>
   </div>
   <div class='ocr_carea' id='block_1_7' title="bbox 2134 582 3646 662">
    <p class='ocr_par' dir='ltr' id='par_1_7' title="bbox 2134 582 3646 662">
     <span class='ocr_line' id='line_1_7' title="bbox 2134 582 3646 662; baseline 0.006 -27"><span class='ocrx_word' id='word_1_34' title='bbox 2134 582 2253 655; x_wconf 76' lang='grc' dir='ltr'><strong>ιίτῳ</strong></span> <span class='ocrx_word' id='word_1_35' title='bbox 2282 585 2582 658; x_wconf 67' lang='grc' dir='ltr'><strong>περιχαρὲς</strong></span> <span class='ocrx_word' id='word_1_36' title='bbox 2603 587 2698 643; x_wconf 76' lang='grc' dir='ltr'><strong>καὶ</strong></span> <span class='ocrx_word' id='word_1_37' title='bbox 2718 587 2905 660; x_wconf 74' lang='grc' dir='ltr'><strong>ἱλαρὸν</strong></span> <span class='ocrx_word' id='word_1_38' title='bbox 2928 589 3025 659; x_wconf 80' lang='grc' dir='ltr'><strong>τῆς</strong></span> <span class='ocrx_word' id='word_1_39' title='bbox 3065 588 3417 662; x_wconf 63' lang='grc' dir='ltr'><strong>ἀνθρωπίνης</strong></span> <span class='ocrx_word' id='word_1_40' title='bbox 3466 589 3646 661; x_wconf 71' lang='grc' dir='ltr'><strong>εὐημε-</strong></span> 
     </span>
    </p>
   </div>
   <div class='ocr_carea' id='block_1_8' title="bbox 410 674 1990 756">
    <p class='ocr_par' dir='ltr' id='par_1_8' title="bbox 410 674 1990 756">
     <span class='ocr_line' id='line_1_8' title="bbox 410 674 1990 756; baseline -0.006 -16"><span class='ocrx_word' id='word_1_41' title='bbox 410 682 602 740; x_wconf 74' lang='lat' dir='ltr'><strong>lzctitia</strong></span> <span class='ocrx_word' id='word_1_42' title='bbox 636 682 707 740; x_wconf 84' lang='lat' dir='ltr'><strong>ad</strong></span> <span class='ocrx_word' id='word_1_43' title='bbox 735 684 997 756; x_wconf 75' lang='lat' dir='ltr'><strong>exiguum</strong></span> <span class='ocrx_word' id='word_1_44' title='bbox 1037 690 1254 753; x_wconf 83' lang='lat' dir='ltr'><strong>tempus</strong></span> <span class='ocrx_word' id='word_1_45' title='bbox 1287 694 1409 737; x_wconf 87' lang='lat' dir='ltr'><strong>sese</strong></span> <span class='ocrx_word' id='word_1_46' title='bbox 1444 676 1737 751; x_wconf 74' lang='lat' dir='ltr'><strong>porrigens</strong></span> <span class='ocrx_word' id='word_1_47' title='bbox 1758 718 1774 742; x_wconf 84' lang='lat'><strong>,</strong></span> <span class='ocrx_word' id='word_1_48' title='bbox 1810 674 1990 747; x_wconf 55' lang='lat' dir='ltr'><strong>aptis¢</strong></span> 
     </span>
    </p>
   </div>
   <div class='ocr_carea' id='block_1_9' title="bbox 2092 672 3647 755">
    <p class='ocr_par' dir='ltr' id='par_1_9' title="bbox 2092 672 3647 755">
     <span class='ocr_line' id='line_1_9' title="bbox 2092 672 3647 755; baseline 0.007 -29"><span class='ocrx_word' id='word_1_49' title='bbox 2092 672 2238 747; x_wconf 81' lang='grc' dir='ltr'><strong>ρίας,</strong></span> <span class='ocrx_word' id='word_1_50' title='bbox 2260 676 2635 748; x_wconf 82' lang='grc' dir='ltr'><strong>καιριωτάτης</strong></span> <span class='ocrx_word' id='word_1_51' title='bbox 2664 678 2816 751; x_wconf 85' lang='grc' dir='ltr'><strong>παρά</strong></span> <span class='ocrx_word' id='word_1_52' title='bbox 2861 681 2940 753; x_wconf 80' lang='grc' dir='ltr'><strong>τῷ</strong></span> <span class='ocrx_word' id='word_1_53' title='bbox 2968 684 3225 755; x_wconf 75' lang='grc' dir='ltr'><strong>προφήτῃ</strong></span> <span class='ocrx_word' id='word_1_54' title='bbox 3256 680 3551 753; x_wconf 74' lang='grc' dir='ltr'><strong>τετύχηκεν</strong></span> <span class='ocrx_word' id='word_1_55' title='bbox 3578 682 3647 737; x_wconf 79' lang='grc' dir='ltr'><strong>εί·</strong></span> 
     </span>
    </p>
   </div>
   <div class='ocr_carea' id='block_1_10' title="bbox 408 764 2030 849">
    <p class='ocr_par' dir='ltr' id='par_1_10' title="bbox 408 764 1989 848">
     <span class='ocr_line' id='line_1_10' title="bbox 408 764 1989 848; baseline -0.006 -16"><span class='ocrx_word' id='word_1_56' title='bbox 408 776 607 832; x_wconf 86' lang='lat' dir='ltr'><strong>simam</strong></span> <span class='ocrx_word' id='word_1_57' title='bbox 639 774 937 848; x_wconf 74' lang='lat' dir='ltr'><strong>imaginem</strong></span> <span class='ocrx_word' id='word_1_58' title='bbox 993 774 1136 846; x_wconf 85' lang='lat' dir='ltr'><strong>apud</strong></span> <span class='ocrx_word' id='word_1_59' title='bbox 1181 772 1505 845; x_wconf 74' lang='lat' dir='ltr'><strong>prophetam</strong></span> <span class='ocrx_word' id='word_1_60' title='bbox 1534 780 1694 828; x_wconf 87' lang='lat' dir='ltr'><strong>nacta</strong></span> <span class='ocrx_word' id='word_1_61' title='bbox 1722 777 1830 827; x_wconf 86' lang='lat' dir='ltr'><strong>est.</strong></span> <span class='ocrx_word' id='word_1_62' title='bbox 1882 764 1989 836; x_wconf 85' lang='lat' dir='ltr'><strong>Qui</strong></span> 
     </span>
    </p>
   </div>
   <div class='ocr_carea' id='block_1_11' title="bbox 2134 764 3649 849">
    <p class='ocr_par' dir='ltr' id='par_1_11' title="bbox 2134 766 3649 849">
     <span class='ocr_line' id='line_1_11' title="bbox 2134 766 3649 849; baseline 0.008 -29"><span class='ocrx_word' id='word_1_63' title='bbox 2134 766 2265 832; x_wconf 75' lang='grc' dir='ltr'><strong>όνος.</strong></span> <span class='ocrx_word' id='word_1_64' title='bbox 2314 766 2373 823; x_wconf 89' lang='lat'><strong>&#39;0</strong></span> <span class='ocrx_word' id='word_1_65' title='bbox 2399 771 2641 845; x_wconf 77' lang='grc' dir='ltr'><strong>σήμερον</strong></span> <span class='ocrx_word' id='word_1_66' title='bbox 2670 773 2904 849; x_wconf 76' lang='grc' dir='ltr'><strong>εὐθαλὴς</strong></span> <span class='ocrx_word' id='word_1_67' title='bbox 2928 775 3004 848; x_wconf 79' lang='grc' dir='ltr'><strong>τῷ</strong></span> <span class='ocrx_word' id='word_1_68' title='bbox 3030 775 3269 845; x_wconf 82' lang='grc' dir='ltr'><strong>σώματι,</strong></span> <span class='ocrx_word' id='word_1_69' title='bbox 3318 792 3649 849; x_wconf 81' lang='grc' dir='ltr'><strong>κατασεσαρ-</strong></span> 
     </span>
    </p>
   </div>
   <div class='ocr_carea' id='block_1_12' title="bbox 410 865 1993 939">
    <p class='ocr_par' dir='ltr' id='par_1_12' title="bbox 410 865 1993 939">
     <span class='ocr_line' id='line_1_12' title="bbox 410 865 1993 939; baseline -0.004 -15"><span class='ocrx_word' id='word_1_70' title='bbox 410 869 578 926; x_wconf 85' lang='lat' dir='ltr'><strong>hodie</strong></span> <span class='ocrx_word' id='word_1_71' title='bbox 626 866 844 925; x_wconf 73' lang='lat' dir='ltr'><strong>florenti</strong></span> <span class='ocrx_word' id='word_1_72' title='bbox 875 882 1109 939; x_wconf 89' lang='lat' dir='ltr'><strong>corpore</strong></span> <span class='ocrx_word' id='word_1_73' title='bbox 1138 876 1258 934; x_wconf 84' lang='lat' dir='ltr'><strong>est,</strong></span> <span class='ocrx_word' id='word_1_74' title='bbox 1285 866 1532 939; x_wconf 78' lang='lat' dir='ltr'><strong>luxuque</strong></span> <span class='ocrx_word' id='word_1_75' title='bbox 1578 865 1817 926; x_wconf 87' lang='lat' dir='ltr'><strong>obesus,</strong></span> <span class='ocrx_word' id='word_1_76' title='bbox 1865 870 1993 917; x_wconf 76' lang='lat' dir='ltr'><strong>Cute</strong></span> 
     </span>
    </p>
   </div>
   <div class='ocr_carea' id='block_1_13' title="bbox 412 955 1992 1035">
    <p class='ocr_par' dir='ltr' id='par_1_13' title="bbox 412 955 1992 1035">
     <span class='ocr_line' id='line_1_13' title="bbox 412 955 1992 1035; baseline -0.004 -17"><span class='ocrx_word' id='word_1_77' title='bbox 412 962 647 1025; x_wconf 86' lang='lat' dir='ltr'><strong>nitidus,</strong></span> <span class='ocrx_word' id='word_1_78' title='bbox 680 970 907 1035; x_wconf 88' lang='lat' dir='ltr'><strong>propter</strong></span> <span class='ocrx_word' id='word_1_79' title='bbox 930 962 1109 1019; x_wconf 65' lang='lat' dir='ltr'><strong>aetatis</strong></span> <span class='ocrx_word' id='word_1_80' title='bbox 1132 961 1322 1017; x_wconf 80' lang='lat' dir='ltr'><strong>ﬂorem</strong></span> <span class='ocrx_word' id='word_1_81' title='bbox 1350 971 1579 1033; x_wconf 82' lang='lat' dir='ltr'><strong>vegetus</strong></span> <span class='ocrx_word' id='word_1_82' title='bbox 1606 967 1663 1015; x_wconf 91' lang='lat' dir='ltr'><strong>et</strong></span> <span class='ocrx_word' id='word_1_83' title='bbox 1695 955 1992 1020; x_wconf 84' lang='lat' dir='ltr'><strong>robustus.</strong></span> 
     </span>
    </p>
   </div>
   <div class='ocr_carea' id='block_1_14' title="bbox 413 1048 1998 1130">
    <p class='ocr_par' dir='ltr' id='par_1_14' title="bbox 413 1048 1998 1130">
     <span class='ocr_line' id='line_1_14' title="bbox 413 1048 1998 1130; baseline -0.008 -15"><span class='ocrx_word' id='word_1_84' title='bbox 413 1074 479 1115; x_wconf 88' lang='lat' dir='ltr'><strong>ac</strong></span> <span class='ocrx_word' id='word_1_85' title='bbox 511 1058 676 1129; x_wconf 76' lang='lat' dir='ltr'><strong>cuius</strong></span> <span class='ocrx_word' id='word_1_86' title='bbox 704 1058 966 1130; x_wconf 80' lang='lat' dir='ltr'><strong>impetum</strong></span> <span class='ocrx_word' id='word_1_87' title='bbox 993 1056 1271 1113; x_wconf 83' lang='lat' dir='ltr'><strong>sustinere</strong></span> <span class='ocrx_word' id='word_1_88' title='bbox 1293 1069 1458 1111; x_wconf 90' lang='lat' dir='ltr'><strong>nemo</strong></span> <span class='ocrx_word' id='word_1_89' title='bbox 1482 1052 1715 1109; x_wconf 87' lang='lat' dir='ltr'><strong>valeat:</strong></span> <span class='ocrx_word' id='word_1_90' title='bbox 1745 1048 1998 1107; x_wconf 88' lang='lat' dir='ltr'><strong>crastino</strong></span> 
     </span>
    </p>
   </div>
   <div class='ocr_carea' id='block_1_15' title="bbox 413 1145 1997 1220">
    <p class='ocr_par' dir='ltr' id='par_1_15' title="bbox 413 1145 1997 1220">
     <span class='ocr_line' id='line_1_15' title="bbox 413 1145 1997 1220; baseline -0.007 -13"><span class='ocrx_word' id='word_1_91' title='bbox 413 1151 507 1208; x_wconf 86' lang='lat' dir='ltr'><strong>die</strong></span> <span class='ocrx_word' id='word_1_92' title='bbox 542 1150 690 1205; x_wconf 89' lang='lat' dir='ltr'><strong>idem</strong></span> <span class='ocrx_word' id='word_1_93' title='bbox 723 1148 846 1220; x_wconf 82' lang='lat' dir='ltr'><strong>ipse</strong></span> <span class='ocrx_word' id='word_1_94' title='bbox 874 1148 1292 1205; x_wconf 77' lang='lat' dir='ltr'><strong>miserationem</strong></span> <span class='ocrx_word' id='word_1_95' title='bbox 1324 1145 1590 1203; x_wconf 85' lang='lat' dir='ltr'><strong>omnibus</strong></span> <span class='ocrx_word' id='word_1_96' title='bbox 1622 1152 1802 1199; x_wconf 82' lang='lat' dir='ltr'><strong>movet</strong></span> <span class='ocrx_word' id='word_1_97' title='bbox 1826 1185 1841 1211; x_wconf 88' lang='lat'><strong>,</strong></span> <span class='ocrx_word' id='word_1_98' title='bbox 1895 1156 1997 1198; x_wconf 88' lang='lat' dir='ltr'><strong>seu</strong></span> 
     </span>
    </p>
   </div>
   <div class='ocr_carea' id='block_1_16' title="bbox 418 1234 1999 1312">
    <p class='ocr_par' dir='ltr' id='par_1_16' title="bbox 418 1234 1999 1312">
     <span class='ocr_line' id='line_1_16' title="bbox 418 1234 1999 1312; baseline -0.006 -11"><span class='ocrx_word' id='word_1_99' title='bbox 418 1245 575 1301; x_wconf 89' lang='lat' dir='ltr'><strong>senio</strong></span> <span class='ocrx_word' id='word_1_100' title='bbox 608 1240 935 1309; x_wconf 86' lang='lat' dir='ltr'><strong>confectus,</strong></span> <span class='ocrx_word' id='word_1_101' title='bbox 967 1258 1066 1298; x_wconf 87' lang='lat' dir='ltr'><strong>seu</strong></span> <span class='ocrx_word' id='word_1_102' title='bbox 1099 1240 1297 1298; x_wconf 87' lang='lat' dir='ltr'><strong>morbo</strong></span> <span class='ocrx_word' id='word_1_103' title='bbox 1325 1240 1631 1312; x_wconf 79' lang='lat' dir='ltr'><strong>collapsus.</strong></span> <span class='ocrx_word' id='word_1_104' title='bbox 1668 1234 1770 1291; x_wconf 82' lang='lat' dir='ltr'><strong>Hic</strong></span> <span class='ocrx_word' id='word_1_105' title='bbox 1797 1250 1999 1291; x_wconf 81' lang='lat' dir='ltr'><strong>rursus</strong></span> 
     </span>
    </p>
   </div>
   <div class='ocr_carea' id='block_1_17' title="bbox 416 1326 2001 1406">
    <p class='ocr_par' dir='ltr' id='par_1_17' title="bbox 416 1326 2001 1406">
     <span class='ocr_line' id='line_1_17' title="bbox 416 1326 2001 1406; baseline -0.006 -16"><span class='ocrx_word' id='word_1_106' title='bbox 416 1350 587 1406; x_wconf 84' lang='lat' dir='ltr'><strong>opum</strong></span> <span class='ocrx_word' id='word_1_107' title='bbox 625 1335 786 1406; x_wconf 85' lang='lat' dir='ltr'><strong>copia</strong></span> <span class='ocrx_word' id='word_1_108' title='bbox 819 1333 1159 1405; x_wconf 85' lang='lat' dir='ltr'><strong>conspicuus</strong></span> <span class='ocrx_word' id='word_1_109' title='bbox 1188 1338 1273 1389; x_wconf 87' lang='lat' dir='ltr'><strong>est</strong></span> <span class='ocrx_word' id='word_1_110' title='bbox 1296 1372 1313 1398; x_wconf 89' lang='lat'><strong>,</strong></span> <span class='ocrx_word' id='word_1_111' title='bbox 1344 1329 1696 1386; x_wconf 88' lang='lat' dir='ltr'><strong>adulatorum</strong></span> <span class='ocrx_word' id='word_1_112' title='bbox 1740 1326 2001 1401; x_wconf 74' lang='lat' dir='ltr'><strong>gregibus</strong></span> 
     </span>
    </p>
   </div>
   <div class='ocr_carea' id='block_1_18' title="bbox 422 1422 2005 1495">
    <p class='ocr_par' dir='ltr' id='par_1_18' title="bbox 422 1422 2005 1495">
     <span class='ocr_line' id='line_1_18' title="bbox 422 1422 2005 1495; baseline -0.006 -12"><span class='ocrx_word' id='word_1_113' title='bbox 422 1428 641 1484; x_wconf 83' lang='lat' dir='ltr'><strong>cinctus</strong></span> <span class='ocrx_word' id='word_1_114' title='bbox 662 1466 679 1489; x_wconf 87' lang='lat'><strong>.</strong></span> <span class='ocrx_word' id='word_1_115' title='bbox 713 1427 969 1484; x_wconf 84' lang='lat' dir='ltr'><strong>lictorum</strong></span> <span class='ocrx_word' id='word_1_116' title='bbox 1001 1426 1311 1483; x_wconf 87' lang='lat' dir='ltr'><strong>amicorum</strong></span> <span class='ocrx_word' id='word_1_117' title='bbox 1344 1423 1579 1495; x_wconf 79' lang='lat' dir='ltr'><strong>gratiam</strong></span> <span class='ocrx_word' id='word_1_118' title='bbox 1622 1422 1797 1493; x_wconf 87' lang='lat' dir='ltr'><strong>ipsius</strong></span> <span class='ocrx_word' id='word_1_119' title='bbox 1834 1434 2005 1475; x_wconf 82' lang='lat' dir='ltr'><strong>aucu-</strong></span> 
     </span>
    </p>
   </div>
   <div class='ocr_carea' id='block_1_19' title="bbox 425 1513 2005 1590">
    <p class='ocr_par' dir='ltr' id='par_1_19' title="bbox 425 1513 2005 1590">
     <span class='ocr_line' id='line_1_19' title="bbox 425 1513 2005 1590; baseline -0.003 -17"><span class='ocrx_word' id='word_1_120' title='bbox 425 1519 674 1590; x_wconf 86' lang='lat' dir='ltr'><strong>pantium</strong></span> <span class='ocrx_word' id='word_1_121' title='bbox 708 1518 977 1575; x_wconf 80' lang='lat' dir='ltr'><strong>satellitio</strong></span> <span class='ocrx_word' id='word_1_122' title='bbox 1006 1518 1249 1588; x_wconf 88' lang='lat' dir='ltr'><strong>stipatus</strong></span> <span class='ocrx_word' id='word_1_123' title='bbox 1272 1558 1287 1579; x_wconf 85' lang='lat'><strong>,</strong></span> <span class='ocrx_word' id='word_1_124' title='bbox 1326 1514 1714 1588; x_wconf 79' lang='lat' dir='ltr'><strong>frequentibus</strong></span> <span class='ocrx_word' id='word_1_125' title='bbox 1754 1513 2005 1585; x_wconf 79' lang='lat' dir='ltr'><strong>cognatis</strong></span> 
     </span>
    </p>
   </div>
   <div class='ocr_carea' id='block_1_20' title="bbox 424 1607 2010 1680">
    <p class='ocr_par' dir='ltr' id='par_1_20' title="bbox 424 1607 2010 1680">
     <span class='ocr_line' id='line_1_20' title="bbox 424 1607 2010 1680; baseline -0.005 -11"><span class='ocrx_word' id='word_1_126' title='bbox 424 1612 605 1680; x_wconf 81' lang='lat' dir='ltr'><strong>iisque</strong></span> <span class='ocrx_word' id='word_1_127' title='bbox 632 1610 939 1677; x_wconf 84' lang='lat' dir='ltr'><strong>simulatis,</strong></span> <span class='ocrx_word' id='word_1_128' title='bbox 961 1617 1015 1665; x_wconf 87' lang='lat' dir='ltr'><strong>et</strong></span> <span class='ocrx_word' id='word_1_129' title='bbox 1045 1609 1437 1664; x_wconf 80' lang='lat' dir='ltr'><strong>innumerabili</strong></span> <span class='ocrx_word' id='word_1_130' title='bbox 1460 1609 1796 1665; x_wconf 86' lang='lat' dir='ltr'><strong>asseclarum</strong></span> <span class='ocrx_word' id='word_1_131' title='bbox 1819 1607 2010 1662; x_wconf 72' lang='lat' dir='ltr'><strong>exani-</strong></span> 
     </span>
    </p>
   </div>
   <div class='ocr_carea' id='block_1_21' title="bbox 427 1702 2009 1777">
    <p class='ocr_par' dir='ltr' id='par_1_21' title="bbox 427 1702 2009 1777">
     <span class='ocr_line' id='line_1_21' title="bbox 427 1702 2009 1777; baseline -0.002 -18"><span class='ocrx_word' id='word_1_132' title='bbox 427 1721 514 1762; x_wconf 87' lang='lat' dir='ltr'><strong>me</strong></span> <span class='ocrx_word' id='word_1_133' title='bbox 534 1750 547 1772; x_wconf 88' lang='lat'><strong>,</strong></span> <span class='ocrx_word' id='word_1_134' title='bbox 575 1706 700 1777; x_wconf 87' lang='lat' dir='ltr'><strong>qui,</strong></span> <span class='ocrx_word' id='word_1_135' title='bbox 733 1715 847 1761; x_wconf 87' lang='lat' dir='ltr'><strong>tum</strong></span> <span class='ocrx_word' id='word_1_136' title='bbox 875 1704 1059 1761; x_wconf 87' lang='lat' dir='ltr'><strong>victus</strong></span> <span class='ocrx_word' id='word_1_137' title='bbox 1084 1720 1252 1762; x_wconf 81' lang='lat' dir='ltr'><strong>causa</strong></span> <span class='ocrx_word' id='word_1_138' title='bbox 1275 1744 1290 1769; x_wconf 93' lang='lat'><strong>,</strong></span> <span class='ocrx_word' id='word_1_139' title='bbox 1328 1713 1441 1759; x_wconf 91' lang='lat' dir='ltr'><strong>tum</strong></span> <span class='ocrx_word' id='word_1_140' title='bbox 1471 1703 1541 1757; x_wconf 88' lang='lat' dir='ltr'><strong>ob</strong></span> <span class='ocrx_word' id='word_1_141' title='bbox 1572 1702 1712 1758; x_wconf 78' lang='lat' dir='ltr'><strong>alios</strong></span> <span class='ocrx_word' id='word_1_142' title='bbox 1739 1717 1872 1757; x_wconf 84' lang='lat' dir='ltr'><strong>usus</strong></span> <span class='ocrx_word' id='word_1_143' title='bbox 1905 1702 2009 1771; x_wconf 84' lang='lat' dir='ltr'><strong>ipsi</strong></span> 
     </span>
    </p>
   </div>
   <div class='ocr_carea' id='block_1_22' title="bbox 428 1794 2008 1871">
    <p class='ocr_par' dir='ltr' id='par_1_22' title="bbox 428 1794 2008 1871">
     <span class='ocr_line' id='line_1_22' title="bbox 428 1794 2008 1871; baseline -0.003 -17"><span class='ocrx_word' id='word_1_144' title='bbox 428 1802 753 1857; x_wconf 44' lang='lat' dir='ltr'><strong>atlhmrent:</strong></span> <span class='ocrx_word' id='word_1_145' title='bbox 790 1814 935 1871; x_wconf 85' lang='lat' dir='ltr'><strong>quos</strong></span> <span class='ocrx_word' id='word_1_146' title='bbox 969 1799 1100 1855; x_wconf 89' lang='lat' dir='ltr'><strong>dum</strong></span> <span class='ocrx_word' id='word_1_147' title='bbox 1125 1838 1139 1863; x_wconf 85' lang='lat'><strong>,</strong></span> <span class='ocrx_word' id='word_1_148' title='bbox 1176 1800 1297 1855; x_wconf 85' lang='lat' dir='ltr'><strong>sive</strong></span> <span class='ocrx_word' id='word_1_149' title='bbox 1334 1798 1389 1851; x_wconf 90' lang='lat' dir='ltr'><strong>in</strong></span> <span class='ocrx_word' id='word_1_150' title='bbox 1422 1796 1702 1867; x_wconf 81' lang='lat' dir='ltr'><strong>publicum</strong></span> <span class='ocrx_word' id='word_1_151' title='bbox 1738 1794 2008 1867; x_wconf 81' lang='lat' dir='ltr'><strong>prodeat,</strong></span> 
     </span>
    </p>
   </div>
   <div class='ocr_carea' id='block_1_23' title="bbox 2092 864 3653 943">
    <p class='ocr_par' dir='ltr' id='par_1_23' title="bbox 2092 864 3653 943">
     <span class='ocr_line' id='line_1_23' title="bbox 2092 864 3653 943; baseline 0.005 -25"><span class='ocrx_word' id='word_1_152' title='bbox 2092 864 2337 936; x_wconf 62' lang='lat' dir='ltr'><strong>italusve;</strong></span> <span class='ocrx_word' id='word_1_153' title='bbox 2353 864 2459 920; x_wconf 79' lang='grc' dir='ltr'><strong>ὑπὸ</strong></span> <span class='ocrx_word' id='word_1_154' title='bbox 2485 866 2717 939; x_wconf 73' lang='grc' dir='ltr'><strong>τρυφῆς,</strong></span> <span class='ocrx_word' id='word_1_155' title='bbox 2746 867 3087 924; x_wconf 75' lang='grc' dir='ltr'><strong>ἐπανθοῦσαν</strong></span> <span class='ocrx_word' id='word_1_156' title='bbox 3114 870 3255 943; x_wconf 76' lang='grc' dir='ltr'><strong>ἔχων</strong></span> <span class='ocrx_word' id='word_1_157' title='bbox 3281 871 3381 942; x_wconf 78' lang='grc' dir='ltr'><strong>τὴν</strong></span> <span class='ocrx_word' id='word_1_158' title='bbox 3398 868 3653 942; x_wconf 75' lang='grc' dir='ltr'><strong>εὔχροιαν,</strong></span> 
     </span>
    </p>
   </div>
   <div class='ocr_carea' id='block_1_24' title="bbox 2094 957 3657 1036">
    <p class='ocr_par' dir='ltr' id='par_1_24' title="bbox 2094 957 3657 1036">
     <span class='ocr_line' id='line_1_24' title="bbox 2094 957 3657 1036; baseline 0.006 -24"><span class='ocrx_word' id='word_1_159' title='bbox 2094 957 2201 1012; x_wconf 73' lang='grc' dir='ltr'><strong>ὑπὸ</strong></span> <span class='ocrx_word' id='word_1_160' title='bbox 2227 958 2327 1030; x_wconf 78' lang='grc' dir='ltr'><strong>τῆς</strong></span> <span class='ocrx_word' id='word_1_161' title='bbox 2354 962 2497 1015; x_wconf 82' lang='grc' dir='ltr'><strong>κατὰ</strong></span> <span class='ocrx_word' id='word_1_162' title='bbox 2520 960 2623 1031; x_wconf 81' lang='grc' dir='ltr'><strong>τὴν</strong></span> <span class='ocrx_word' id='word_1_163' title='bbox 2641 960 2862 1032; x_wconf 76' lang='grc' dir='ltr'><strong>ἠλικίαν</strong></span> <span class='ocrx_word' id='word_1_164' title='bbox 2897 964 3085 1036; x_wconf 81' lang='grc' dir='ltr'><strong>ἀκμῆς</strong></span> <span class='ocrx_word' id='word_1_165' title='bbox 3109 962 3384 1036; x_wconf 79' lang='grc' dir='ltr'><strong>σφριγῶν,</strong></span> <span class='ocrx_word' id='word_1_166' title='bbox 3412 965 3508 1020; x_wconf 72' lang='grc' dir='ltr'><strong>καὶ</strong></span> <span class='ocrx_word' id='word_1_167' title='bbox 3557 963 3657 1021; x_wconf 78' lang='grc' dir='ltr'><strong>σύν-</strong></span> 
     </span>
    </p>
   </div>
   <div class='ocr_carea' id='block_1_25' title="bbox 2092 1051 3660 1129">
    <p class='ocr_par' dir='ltr' id='par_1_25' title="bbox 2092 1051 3660 1129">
     <span class='ocr_line' id='line_1_25' title="bbox 2092 1051 3660 1129; baseline 0.006 -26"><span class='ocrx_word' id='word_1_168' title='bbox 2092 1065 2271 1117; x_wconf 84' lang='grc' dir='ltr'><strong>τονος,</strong></span> <span class='ocrx_word' id='word_1_169' title='bbox 2294 1051 2391 1107; x_wconf 78' lang='grc' dir='ltr'><strong>καὶ</strong></span> <span class='ocrx_word' id='word_1_170' title='bbox 2424 1052 2799 1120; x_wconf 83' lang='grc' dir='ltr'><strong>ἀνυπόστατος</strong></span> <span class='ocrx_word' id='word_1_171' title='bbox 2820 1054 2917 1128; x_wconf 80' lang='grc' dir='ltr'><strong>τὴν</strong></span> <span class='ocrx_word' id='word_1_172' title='bbox 2966 1056 3166 1129; x_wconf 74' lang='grc' dir='ltr'><strong>ὁρμὴν,</strong></span> <span class='ocrx_word' id='word_1_173' title='bbox 3208 1055 3403 1129; x_wconf 76' lang='grc' dir='ltr'><strong>αθριον</strong></span> <span class='ocrx_word' id='word_1_174' title='bbox 3462 1058 3491 1110; x_wconf 82' lang='grc' dir='ltr'><strong>ὀ</strong></span> <span class='ocrx_word' id='word_1_175' title='bbox 3519 1058 3660 1123; x_wconf 62' lang='grc' dir='ltr'><strong>αὐτὸς</strong></span> 
     </span>
    </p>
   </div>
   <div class='ocr_carea' id='block_1_26' title="bbox 2096 1137 3664 1223">
    <p class='ocr_par' dir='ltr' id='par_1_26' title="bbox 2096 1137 3664 1223">
     <span class='ocr_line' id='line_1_26' title="bbox 2096 1137 3664 1223; baseline 0.004 -24"><span class='ocrx_word' id='word_1_176' title='bbox 2096 1137 2252 1204; x_wconf 69' lang='grc' dir='ltr'><strong>οὗτος</strong></span> <span class='ocrx_word' id='word_1_177' title='bbox 2282 1145 2534 1211; x_wconf 74' lang='grc' dir='ltr'><strong>ἐλεεινὸς,</strong></span> <span class='ocrx_word' id='word_1_178' title='bbox 2559 1146 2594 1219; x_wconf 78' lang='grc' dir='ltr'><strong>ἦ</strong></span> <span class='ocrx_word' id='word_1_179' title='bbox 2616 1146 2695 1219; x_wconf 85' lang='grc' dir='ltr'><strong>τῷ</strong></span> <span class='ocrx_word' id='word_1_180' title='bbox 2725 1148 2906 1220; x_wconf 86' lang='grc' dir='ltr'><strong>χρόνῳ</strong></span> <span class='ocrx_word' id='word_1_181' title='bbox 2940 1149 3263 1221; x_wconf 73' lang='grc' dir='ltr'><strong>μαρανθεὶς,</strong></span> <span class='ocrx_word' id='word_1_182' title='bbox 3313 1150 3349 1220; x_wconf 80' lang='grc' dir='ltr'><strong>ἧ</strong></span> <span class='ocrx_word' id='word_1_183' title='bbox 3381 1149 3524 1223; x_wconf 81' lang='grc' dir='ltr'><strong>νόσῳ</strong></span> <span class='ocrx_word' id='word_1_184' title='bbox 3558 1151 3664 1206; x_wconf 83' lang='grc' dir='ltr'><strong>δια-</strong></span> 
     </span>
    </p>
   </div>
   <div class='ocr_carea' id='block_1_27' title="bbox 2096 1233 3667 1315">
    <p class='ocr_par' dir='ltr' id='par_1_27' title="bbox 2096 1233 3667 1315">
     <span class='ocr_line' id='line_1_27' title="bbox 2096 1233 3667 1315; baseline 0.004 -24"><span class='ocrx_word' id='word_1_185' title='bbox 2096 1233 2302 1303; x_wconf 85' lang='grc' dir='ltr'><strong>λυθείς.</strong></span> <span class='ocrx_word' id='word_1_186' title='bbox 2342 1238 2404 1294; x_wconf 86' lang='grc'><strong>’0</strong></span> <span class='ocrx_word' id='word_1_187' title='bbox 2431 1239 2582 1295; x_wconf 82' lang='grc' dir='ltr'><strong>δεῖνα</strong></span> <span class='ocrx_word' id='word_1_188' title='bbox 2625 1240 2980 1313; x_wconf 83' lang='grc' dir='ltr'><strong>περίϐλεπτος</strong></span> <span class='ocrx_word' id='word_1_189' title='bbox 3032 1241 3127 1295; x_wconf 70' lang='grc' dir='ltr'><strong>επὶ</strong></span> <span class='ocrx_word' id='word_1_190' title='bbox 3184 1242 3493 1315; x_wconf 84' lang='grc' dir='ltr'><strong>χρημάτων</strong></span> <span class='ocrx_word' id='word_1_191' title='bbox 3536 1258 3667 1313; x_wconf 84' lang='grc' dir='ltr'><strong>περι-</strong></span> 
     </span>
    </p>
   </div>
   <div class='ocr_carea' id='block_1_28' title="bbox 2100 1320 3669 1410">
    <p class='ocr_par' dir='ltr' id='par_1_28' title="bbox 2100 1320 3669 1410">
     <span class='ocr_line' id='line_1_28' title="bbox 2100 1320 3669 1410; baseline 0.004 -26"><span class='ocrx_word' id='word_1_192' title='bbox 2100 1331 2277 1403; x_wconf 74' lang='grc' dir='ltr'><strong>ουσίᾳ,</strong></span> <span class='ocrx_word' id='word_1_193' title='bbox 2310 1329 2409 1387; x_wconf 77' lang='grc' dir='ltr'><strong>καὶ</strong></span> <span class='ocrx_word' id='word_1_194' title='bbox 2434 1330 2642 1401; x_wconf 84' lang='grc' dir='ltr'><strong>πλῆθος</strong></span> <span class='ocrx_word' id='word_1_195' title='bbox 2696 1333 2823 1406; x_wconf 69' lang='grc' dir='ltr'><strong>περὶ</strong></span> <span class='ocrx_word' id='word_1_196' title='bbox 2867 1334 3032 1390; x_wconf 72' lang='grc' dir='ltr'><strong>αὐτὸν</strong></span> <span class='ocrx_word' id='word_1_197' title='bbox 3072 1320 3344 1403; x_wconf 74' lang='grc' dir='ltr'><strong>κολάκων,</strong></span> <span class='ocrx_word' id='word_1_198' title='bbox 3394 1334 3669 1410; x_wconf 78' lang='grc' dir='ltr'><strong>δορυφορία</strong></span> 
     </span>
    </p>
   </div>
   <div class='ocr_carea' id='block_1_29' title="bbox 2104 1423 3671 1503">
    <p class='ocr_par' dir='ltr' id='par_1_29' title="bbox 2104 1423 3671 1503">
     <span class='ocr_line' id='line_1_29' title="bbox 2104 1423 3671 1503; baseline 0.006 -26"><span class='ocrx_word' id='word_1_199' title='bbox 2104 1423 2277 1495; x_wconf 84' lang='grc' dir='ltr'><strong>φίλων</strong></span> <span class='ocrx_word' id='word_1_200' title='bbox 2308 1427 2697 1499; x_wconf 76' lang='grc' dir='ltr'><strong>προσποιητῶν</strong></span> <span class='ocrx_word' id='word_1_201' title='bbox 2722 1427 2826 1499; x_wconf 68' lang='grc' dir='ltr'><strong>τὴν</strong></span> <span class='ocrx_word' id='word_1_202' title='bbox 2850 1429 2945 1484; x_wconf 81' lang='grc' dir='ltr'><strong>ἀπ’</strong></span> <span class='ocrx_word' id='word_1_203' title='bbox 2975 1428 3142 1485; x_wconf 72' lang='grc' dir='ltr'><strong>αὐτοῦ</strong></span> <span class='ocrx_word' id='word_1_204' title='bbox 3169 1429 3334 1502; x_wconf 83' lang='grc' dir='ltr'><strong>χάριν</strong></span> <span class='ocrx_word' id='word_1_205' title='bbox 3352 1428 3671 1503; x_wconf 81' lang='grc' dir='ltr'><strong>θεραπευὸνο</strong></span> 
     </span>
    </p>
   </div>
   <div class='ocr_carea' id='block_1_30' title="bbox 2102 1518 3677 1596">
    <p class='ocr_par' dir='ltr' id='par_1_30' title="bbox 2102 1518 3677 1596">
     <span class='ocr_line' id='line_1_30' title="bbox 2102 1518 3677 1596; baseline 0.003 -24"><span class='ocrx_word' id='word_1_206' title='bbox 2102 1534 2234 1585; x_wconf 86' lang='grc' dir='ltr'><strong>των,</strong></span> <span class='ocrx_word' id='word_1_207' title='bbox 2252 1518 2455 1591; x_wconf 77' lang='grc' dir='ltr'><strong>πλῆθος</strong></span> <span class='ocrx_word' id='word_1_208' title='bbox 2476 1522 2797 1591; x_wconf 75' lang='grc' dir='ltr'><strong>συγγενείας</strong></span> <span class='ocrx_word' id='word_1_209' title='bbox 2824 1522 2920 1577; x_wconf 75' lang='grc' dir='ltr'><strong>καὶ</strong></span> <span class='ocrx_word' id='word_1_210' title='bbox 2942 1522 3147 1593; x_wconf 72' lang='grc' dir='ltr'><strong>ταύτης</strong></span> <span class='ocrx_word' id='word_1_211' title='bbox 3173 1525 3677 1596; x_wconf 70' lang='grc' dir='ltr'><strong>κατεσχηματισμέ-</strong></span> 
     </span>
    </p>
   </div>
   <div class='ocr_carea' id='block_1_31' title="bbox 2106 1610 3677 1687">
    <p class='ocr_par' dir='ltr' id='par_1_31' title="bbox 2106 1610 3677 1687">
     <span class='ocr_line' id='line_1_31' title="bbox 2106 1610 3677 1687; baseline 0.004 -22"><span class='ocrx_word' id='word_1_212' title='bbox 2106 1629 2226 1681; x_wconf 79' lang='grc' dir='ltr'><strong>νης,</strong></span> <span class='ocrx_word' id='word_1_213' title='bbox 2254 1612 2425 1683; x_wconf 61' lang='grc' dir='ltr'><strong>ἑσμὸς</strong></span> <span class='ocrx_word' id='word_1_214' title='bbox 2451 1610 2559 1666; x_wconf 84' lang='grc' dir='ltr'><strong>τῶν</strong></span> <span class='ocrx_word' id='word_1_215' title='bbox 2582 1614 2940 1685; x_wconf 70' lang='grc' dir='ltr'><strong>ὲφεπομένων</strong></span> <span class='ocrx_word' id='word_1_216' title='bbox 2994 1613 3211 1687; x_wconf 84' lang='grc' dir='ltr'><strong>μυρίος,</strong></span> <span class='ocrx_word' id='word_1_217' title='bbox 3248 1616 3365 1671; x_wconf 84' lang='grc' dir='ltr'><strong>τῶν</strong></span> <span class='ocrx_word' id='word_1_218' title='bbox 3400 1633 3465 1671; x_wconf 80' lang='grc' dir='ltr'><strong>τε</strong></span> <span class='ocrx_word' id='word_1_219' title='bbox 3517 1618 3677 1673; x_wconf 67' lang='grc' dir='ltr'><strong>ιπισια</strong></span> 
     </span>
    </p>
   </div>
   <div class='ocr_carea' id='block_1_32' title="bbox 2109 1703 3685 1785">
    <p class='ocr_par' dir='ltr' id='par_1_32' title="bbox 2109 1703 3685 1785">
     <span class='ocr_line' id='line_1_32' title="bbox 2109 1703 3685 1785; baseline 0.006 -28"><span class='ocrx_word' id='word_1_220' title='bbox 2109 1703 2263 1769; x_wconf 84' lang='grc' dir='ltr'><strong>τίων,</strong></span> <span class='ocrx_word' id='word_1_221' title='bbox 2296 1705 2393 1758; x_wconf 76' lang='grc' dir='ltr'><strong>καὶ</strong></span> <span class='ocrx_word' id='word_1_222' title='bbox 2421 1703 2528 1759; x_wconf 84' lang='grc' dir='ltr'><strong>τῶν</strong></span> <span class='ocrx_word' id='word_1_223' title='bbox 2563 1706 2683 1761; x_wconf 84' lang='grc' dir='ltr'><strong>κατ’</strong></span> <span class='ocrx_word' id='word_1_224' title='bbox 2705 1705 2872 1771; x_wconf 83' lang='grc' dir='ltr'><strong>άλλας</strong></span> <span class='ocrx_word' id='word_1_225' title='bbox 2904 1707 3095 1779; x_wconf 80' lang='grc' dir='ltr'><strong>χρείας</strong></span> <span class='ocrx_word' id='word_1_226' title='bbox 3124 1708 3275 1782; x_wconf 70' lang='grc' dir='ltr'><strong>αὐτῷ</strong></span> <span class='ocrx_word' id='word_1_227' title='bbox 3308 1709 3685 1785; x_wconf 72' lang='grc' dir='ltr'><strong>προσεδρευόν-</strong></span> 
     </span>
    </p>
   </div>
   <div class='ocr_carea' id='block_1_33' title="bbox 2111 1802 3685 1875">
    <p class='ocr_par' dir='ltr' id='par_1_33' title="bbox 2111 1802 3685 1875">
     <span class='ocr_line' id='line_1_33' title="bbox 2111 1802 3685 1875; baseline 0.006 -20"><span class='ocrx_word' id='word_1_228' title='bbox 2111 1818 2220 1856; x_wconf 80' lang='grc' dir='ltr'><strong>των</strong></span> <span class='ocrx_word' id='word_1_229' title='bbox 2242 1818 2257 1832; x_wconf 77' lang='grc'><em>’</em></span> <span class='ocrx_word' id='word_1_230' title='bbox 2289 1803 2385 1857; x_wconf 67' lang='grc' dir='ltr'><strong>καὶ</strong></span> <span class='ocrx_word' id='word_1_231' title='bbox 2414 1802 2509 1867; x_wconf 73' lang='grc' dir='ltr'><strong>οὖς</strong></span> <span class='ocrx_word' id='word_1_232' title='bbox 2538 1806 2635 1857; x_wconf 74' lang='grc' dir='ltr'><strong>καὶ</strong></span> <span class='ocrx_word' id='word_1_233' title='bbox 2670 1803 2896 1875; x_wconf 84' lang='grc' dir='ltr'><strong>προῖὼν,</strong></span> <span class='ocrx_word' id='word_1_234' title='bbox 2935 1807 3026 1860; x_wconf 74' lang='grc' dir='ltr'><strong>καὶ</strong></span> <span class='ocrx_word' id='word_1_235' title='bbox 3074 1808 3238 1862; x_wconf 77' lang='grc' dir='ltr'><strong>πάλιν</strong></span> <span class='ocrx_word' id='word_1_236' title='bbox 3283 1806 3533 1864; x_wconf 79' lang='grc' dir='ltr'><strong>ἐπανιὼν</strong></span> <span class='ocrx_word' id='word_1_237' title='bbox 3576 1811 3685 1864; x_wconf 66' lang='grc' dir='ltr'><strong>ἐπι-</strong></span> 
     </span>
    </p>
   </div>
   <div class='ocr_carea' id='block_1_34' title="bbox 431 1882 2030 1975">
    <p class='ocr_par' dir='ltr' id='par_1_34' title="bbox 431 1886 2011 1957">
     <span class='ocr_line' id='line_1_34' title="bbox 431 1886 2011 1957; baseline -0.004 -8"><span class='ocrx_word' id='word_1_238' title='bbox 431 1896 547 1950; x_wconf 79' lang='lat' dir='ltr'><strong>sive</strong></span> <span class='ocrx_word' id='word_1_239' title='bbox 578 1895 801 1949; x_wconf 84' lang='lat' dir='ltr'><strong>demum</strong></span> <span class='ocrx_word' id='word_1_240' title='bbox 835 1898 1169 1957; x_wconf 79' lang='lat' dir='ltr'><strong>revertatur,</strong></span> <span class='ocrx_word' id='word_1_241' title='bbox 1204 1906 1391 1947; x_wconf 86' lang='lat' dir='ltr'><strong>secum</strong></span> <span class='ocrx_word' id='word_1_242' title='bbox 1424 1889 1631 1955; x_wconf 82' lang='lat' dir='ltr'><strong>trahit,</strong></span> <span class='ocrx_word' id='word_1_243' title='bbox 1669 1886 2011 1945; x_wconf 84' lang='lat' dir='ltr'><strong>invidiosum</strong></span> 
     </span>
    </p>
   </div>
   <div class='ocr_carea' id='block_1_35' title="bbox 2134 1882 3684 1975">
    <p class='ocr_par' dir='ltr' id='par_1_35' title="bbox 2134 1893 3684 1975">
     <span class='ocr_line' id='line_1_35' title="bbox 2134 1893 3684 1975; baseline 0.006 -26"><span class='ocrx_word' id='word_1_244' title='bbox 2134 1893 2437 1967; x_wconf 77' lang='grc' dir='ltr'><strong>ιυρόμενος,</strong></span> <span class='ocrx_word' id='word_1_245' title='bbox 2520 1897 2804 1967; x_wconf 68' lang='grc' dir='ltr'><strong>ἐπίφθονός</strong></span> <span class='ocrx_word' id='word_1_246' title='bbox 2869 1901 2985 1953; x_wconf 71' lang='grc' dir='ltr'><strong>ἐστι</strong></span> <span class='ocrx_word' id='word_1_247' title='bbox 3033 1903 3145 1965; x_wconf 83' lang='grc' dir='ltr'><strong>τοῖς</strong></span> <span class='ocrx_word' id='word_1_248' title='bbox 3212 1903 3684 1975; x_wconf 68' lang='grc' dir='ltr'><strong>συντυγχάνουσιν.</strong></span> 
     </span>
    </p>
   </div>
   <div class='ocr_carea' id='block_1_36' title="bbox 429 1983 2017 2059">
    <p class='ocr_par' dir='ltr' id='par_1_36' title="bbox 429 1983 2017 2059">
     <span class='ocr_line' id='line_1_36' title="bbox 429 1983 2017 2059; baseline -0.004 -16"><span class='ocrx_word' id='word_1_249' title='bbox 429 2005 491 2044; x_wconf 88' lang='lat' dir='ltr'><strong>se</strong></span> <span class='ocrx_word' id='word_1_250' title='bbox 520 1988 630 2043; x_wconf 83' lang='lat' dir='ltr'><strong>illis</strong></span> <span class='ocrx_word' id='word_1_251' title='bbox 658 1989 905 2059; x_wconf 74' lang='lat' dir='ltr'><strong>praebet,</strong></span> <span class='ocrx_word' id='word_1_252' title='bbox 936 1984 1269 2058; x_wconf 79' lang='lat' dir='ltr'><strong>quibuscum</strong></span> <span class='ocrx_word' id='word_1_253' title='bbox 1300 1992 1577 2042; x_wconf 82' lang='lat' dir='ltr'><strong>versatur.</strong></span> <span class='ocrx_word' id='word_1_254' title='bbox 1613 1983 1757 2051; x_wconf 78' lang='lat' dir='ltr'><strong>Quin</strong></span> <span class='ocrx_word' id='word_1_255' title='bbox 1787 1989 1842 2040; x_wconf 79' lang='lat' dir='ltr'><strong>et</strong></span> <span class='ocrx_word' id='word_1_256' title='bbox 1872 1983 2017 2038; x_wconf 85' lang='lat' dir='ltr'><strong>divi-</strong></span> 
     </span>
    </p>
   </div>
   <div class='ocr_carea' id='block_1_37' title="bbox 432 2066 2017 2152">
    <p class='ocr_par' dir='ltr' id='par_1_37' title="bbox 432 2066 2017 2152">
     <span class='ocr_line' id='line_1_37' title="bbox 432 2066 2017 2152; baseline -0.004 -17"><span class='ocrx_word' id='word_1_257' title='bbox 432 2081 527 2136; x_wconf 82' lang='lat' dir='ltr'><strong>liis</strong></span> <span class='ocrx_word' id='word_1_258' title='bbox 566 2086 898 2152; x_wconf 88' lang='lat' dir='ltr'><strong>potestatem</strong></span> <span class='ocrx_word' id='word_1_259' title='bbox 937 2078 1237 2151; x_wconf 87' lang='lat' dir='ltr'><strong>quamdam</strong></span> <span class='ocrx_word' id='word_1_260' title='bbox 1278 2066 1501 2133; x_wconf 83' lang='lat' dir='ltr'><strong>civilem</strong></span> <span class='ocrx_word' id='word_1_261' title='bbox 1538 2075 1811 2147; x_wconf 73' lang='lat' dir='ltr'><strong>adiunge,</strong></span> <span class='ocrx_word' id='word_1_262' title='bbox 1852 2082 2017 2144; x_wconf 87' lang='lat' dir='ltr'><strong>atque</strong></span> 
     </span>
    </p>
   </div>
   <div class='ocr_carea' id='block_1_38' title="bbox 432 2167 2019 2243">
    <p class='ocr_par' dir='ltr' id='par_1_38' title="bbox 432 2167 2019 2243">
     <span class='ocr_line' id='line_1_38' title="bbox 432 2167 2019 2243; baseline -0.002 -17"><span class='ocrx_word' id='word_1_263' title='bbox 432 2172 679 2230; x_wconf 79' lang='lat' dir='ltr'><strong>honores</strong></span> <span class='ocrx_word' id='word_1_264' title='bbox 725 2172 933 2243; x_wconf 88' lang='lat' dir='ltr'><strong>quibus</strong></span> <span class='ocrx_word' id='word_1_265' title='bbox 982 2180 1216 2228; x_wconf 82' lang='lat' dir='ltr'><strong>ornetur</strong></span> <span class='ocrx_word' id='word_1_266' title='bbox 1266 2170 1359 2225; x_wconf 84' lang='lat' dir='ltr'><strong>ille</strong></span> <span class='ocrx_word' id='word_1_267' title='bbox 1416 2170 1489 2224; x_wconf 87' lang='lat' dir='ltr'><strong>ab</strong></span> <span class='ocrx_word' id='word_1_268' title='bbox 1538 2167 2019 2239; x_wconf 83' lang='lat' dir='ltr'><strong>imperatoribus,</strong></span> 
     </span>
    </p>
   </div>
   <div class='ocr_carea' id='block_1_39' title="bbox 433 2253 2021 2336">
    <p class='ocr_par' dir='ltr' id='par_1_39' title="bbox 433 2253 2021 2336">
     <span class='ocr_line' id='line_1_39' title="bbox 433 2253 2021 2336; baseline -0.004 -14"><span class='ocrx_word' id='word_1_269' title='bbox 433 2264 601 2336; x_wconf 80' lang='lat'><strong>319</strong></span> <span class='ocrx_word' id='word_1_270' title='bbox 631 2265 716 2321; x_wconf 85' lang='lat' dir='ltr'><strong>vel</strong></span> <span class='ocrx_word' id='word_1_271' title='bbox 772 2253 1187 2335; x_wconf 83' lang='lat' dir='ltr'><strong>provinciarum</strong></span> <span class='ocrx_word' id='word_1_272' title='bbox 1238 2262 1640 2335; x_wconf 64' lang='lat' dir='ltr'><strong>praefecturas,</strong></span> <span class='ocrx_word' id='word_1_273' title='bbox 1683 2268 1779 2317; x_wconf 90' lang='lat' dir='ltr'><strong>aut</strong></span> <span class='ocrx_word' id='word_1_274' title='bbox 1814 2261 2021 2317; x_wconf 83' lang='lat' dir='ltr'><strong>milita-</strong></span> 
     </span>
    </p>
   </div>
   <div class='ocr_carea' id='block_1_40' title="bbox 434 2358 2003 2431">
    <p class='ocr_par' dir='ltr' id='par_1_40' title="bbox 434 2358 2003 2431">
     <span class='ocr_line' id='line_1_40' title="bbox 434 2358 2003 2431; baseline -0.003 -16"><span class='ocrx_word' id='word_1_275' title='bbox 434 2362 583 2415; x_wconf 89' lang='lat' dir='ltr'><strong>rium</strong></span> <span class='ocrx_word' id='word_1_276' title='bbox 626 2359 913 2431; x_wconf 84' lang='lat' dir='ltr'><strong>copiarum</strong></span> <span class='ocrx_word' id='word_1_277' title='bbox 957 2358 1286 2430; x_wconf 88' lang='lat' dir='ltr'><strong>imperium,</strong></span> <span class='ocrx_word' id='word_1_278' title='bbox 1332 2372 1639 2428; x_wconf 83' lang='lat' dir='ltr'><strong>praeconem</strong></span> <span class='ocrx_word' id='word_1_279' title='bbox 1688 2365 1809 2413; x_wconf 84' lang='lat' dir='ltr'><strong>ante</strong></span> <span class='ocrx_word' id='word_1_280' title='bbox 1854 2372 2003 2422; x_wconf 91' lang='lat' dir='ltr'><strong>eum,</strong></span> 
     </span>
    </p>
   </div>
   <div class='ocr_carea' id='block_1_41' title="bbox 439 2448 2020 2521">
    <p class='ocr_par' dir='ltr' id='par_1_41' title="bbox 439 2448 2020 2521">
     <span class='ocr_line' id='line_1_41' title="bbox 439 2448 2020 2521; baseline -0.001 -14"><span class='ocrx_word' id='word_1_281' title='bbox 439 2452 664 2507; x_wconf 85' lang='lat' dir='ltr'><strong>lictores</strong></span> <span class='ocrx_word' id='word_1_282' title='bbox 695 2466 821 2507; x_wconf 89' lang='lat' dir='ltr'><strong>cum</strong></span> <span class='ocrx_word' id='word_1_283' title='bbox 855 2448 1104 2507; x_wconf 85' lang='lat' dir='ltr'><strong>fascibus</strong></span> <span class='ocrx_word' id='word_1_284' title='bbox 1131 2449 1262 2505; x_wconf 87' lang='lat' dir='ltr'><strong>hinc</strong></span> <span class='ocrx_word' id='word_1_285' title='bbox 1292 2457 1346 2506; x_wconf 88' lang='lat' dir='ltr'><strong>et</strong></span> <span class='ocrx_word' id='word_1_286' title='bbox 1383 2450 1535 2505; x_wconf 90' lang='lat' dir='ltr'><strong>illinc</strong></span> <span class='ocrx_word' id='word_1_287' title='bbox 1564 2448 1896 2521; x_wconf 83' lang='lat' dir='ltr'><strong>gravissimo</strong></span> <span class='ocrx_word' id='word_1_288' title='bbox 1926 2464 2020 2506; x_wconf 89' lang='lat' dir='ltr'><strong>eos</strong></span> 
     </span>
    </p>
   </div>
   <div class='ocr_carea' id='block_1_42' title="bbox 437 2543 2023 2617">
    <p class='ocr_par' dir='ltr' id='par_1_42' title="bbox 437 2543 2023 2617">
     <span class='ocr_line' id='line_1_42' title="bbox 437 2543 2023 2617; baseline -0.003 -18"><span class='ocrx_word' id='word_1_289' title='bbox 437 2544 643 2616; x_wconf 86' lang='lat' dir='ltr'><strong>quibus</strong></span> <span class='ocrx_word' id='word_1_290' title='bbox 679 2545 905 2617; x_wconf 66' lang='lat' dir='ltr'><strong>praesit,</strong></span> <span class='ocrx_word' id='word_1_291' title='bbox 946 2552 1160 2601; x_wconf 88' lang='lat' dir='ltr'><strong>terrore</strong></span> <span class='ocrx_word' id='word_1_292' title='bbox 1206 2544 1561 2601; x_wconf 87' lang='lat' dir='ltr'><strong>incessantes</strong></span> <span class='ocrx_word' id='word_1_293' title='bbox 1585 2586 1600 2611; x_wconf 95' lang='lat'><strong>,</strong></span> <span class='ocrx_word' id='word_1_294' title='bbox 1642 2543 1858 2615; x_wconf 81' lang='lat' dir='ltr'><strong>plagis,</strong></span> <span class='ocrx_word' id='word_1_295' title='bbox 1893 2556 2023 2614; x_wconf 85' lang='lat' dir='ltr'><strong>pro-</strong></span> 
     </span>
    </p>
   </div>
   <div class='ocr_carea' id='block_1_43' title="bbox 439 2636 2021 2711">
    <p class='ocr_par' dir='ltr' id='par_1_43' title="bbox 439 2636 2021 2711">
     <span class='ocr_line' id='line_1_43' title="bbox 439 2636 2021 2711; baseline -0.001 -17"><span class='ocrx_word' id='word_1_296' title='bbox 439 2638 847 2711; x_wconf 82' lang='lat' dir='ltr'><strong>scriptionibus</strong></span> <span class='ocrx_word' id='word_1_297' title='bbox 870 2638 1143 2694; x_wconf 90' lang='lat' dir='ltr'><strong>bonorum</strong></span> <span class='ocrx_word' id='word_1_298' title='bbox 1166 2679 1180 2703; x_wconf 92' lang='lat'><strong>,</strong></span> <span class='ocrx_word' id='word_1_299' title='bbox 1209 2637 1656 2709; x_wconf 86' lang='lat' dir='ltr'><strong>abreptionibus,</strong></span> <span class='ocrx_word' id='word_1_300' title='bbox 1681 2636 2021 2696; x_wconf 88' lang='lat' dir='ltr'><strong>carceribus.</strong></span> 
     </span>
    </p>
   </div>
   <div class='ocr_carea' id='block_1_44' title="bbox 436 2729 2025 2805">
    <p class='ocr_par' dir='ltr' id='par_1_44' title="bbox 436 2729 2025 2805">
     <span class='ocr_line' id='line_1_44' title="bbox 436 2729 2025 2805; baseline -0.006 -13"><span class='ocrx_word' id='word_1_301' title='bbox 436 2748 503 2792; x_wconf 70' lang='lat' dir='ltr'><strong>ex</strong></span> <span class='ocrx_word' id='word_1_302' title='bbox 536 2733 740 2805; x_wconf 87' lang='lat' dir='ltr'><strong>quibus</strong></span> <span class='ocrx_word' id='word_1_303' title='bbox 775 2730 1162 2787; x_wconf 82' lang='lat' dir='ltr'><strong>intolerandus</strong></span> <span class='ocrx_word' id='word_1_304' title='bbox 1192 2729 1418 2799; x_wconf 84' lang='lat' dir='ltr'><strong>quidam</strong></span> <span class='ocrx_word' id='word_1_305' title='bbox 1457 2729 1695 2787; x_wconf 90' lang='lat' dir='ltr'><strong>subditis</strong></span> <span class='ocrx_word' id='word_1_306' title='bbox 1724 2736 1903 2785; x_wconf 89' lang='lat' dir='ltr'><strong>metus</strong></span> <span class='ocrx_word' id='word_1_307' title='bbox 1929 2744 2025 2784; x_wconf 89' lang='lat' dir='ltr'><strong>cu-</strong></span> 
     </span>
    </p>
   </div>
   <div class='ocr_carea' id='block_1_45' title="bbox 441 2808 2024 2895">
    <p class='ocr_par' dir='ltr' id='par_1_45' title="bbox 441 2808 2024 2895">
     <span class='ocr_line' id='line_1_45' title="bbox 441 2808 2024 2895; baseline -0.003 -14"><span class='ocrx_word' id='word_1_308' title='bbox 441 2828 701 2882; x_wconf 85' lang='lat' dir='ltr'><strong>mulctur.</strong></span> <span class='ocrx_word' id='word_1_309' title='bbox 736 2808 879 2893; x_wconf 66' lang='lat' dir='ltr'><strong>Quid</strong></span> <span class='ocrx_word' id='word_1_310' title='bbox 908 2839 1041 2880; x_wconf 84' lang='lat' dir='ltr'><strong>vero</strong></span> <span class='ocrx_word' id='word_1_311' title='bbox 1076 2822 1354 2895; x_wconf 80' lang='lat' dir='ltr'><strong>posthac?</strong></span> <span class='ocrx_word' id='word_1_312' title='bbox 1385 2837 1495 2877; x_wconf 89' lang='lat' dir='ltr'><strong>una</strong></span> <span class='ocrx_word' id='word_1_313' title='bbox 1527 2837 1670 2888; x_wconf 81' lang='lat' dir='ltr'><strong>nox,</strong></span> <span class='ocrx_word' id='word_1_314' title='bbox 1703 2820 1875 2877; x_wconf 85' lang='lat' dir='ltr'><strong>febris</strong></span> <span class='ocrx_word' id='word_1_315' title='bbox 1916 2834 2024 2876; x_wconf 86' lang='lat' dir='ltr'><strong>una</strong></span> 
     </span>
    </p>
   </div>
   <div class='ocr_carea' id='block_1_46' title="bbox 442 2915 2023 2989">
    <p class='ocr_par' dir='ltr' id='par_1_46' title="bbox 442 2915 2023 2989">
     <span class='ocr_line' id='line_1_46' title="bbox 442 2915 2023 2989; baseline -0.004 -12"><span class='ocrx_word' id='word_1_316' title='bbox 442 2928 541 2977; x_wconf 87' lang='lat' dir='ltr'><strong>aut</strong></span> <span class='ocrx_word' id='word_1_317' title='bbox 588 2918 777 2975; x_wconf 88' lang='lat' dir='ltr'><strong>lateris</strong></span> <span class='ocrx_word' id='word_1_318' title='bbox 829 2918 1010 2986; x_wconf 89' lang='lat' dir='ltr'><strong>dolor,</strong></span> <span class='ocrx_word' id='word_1_319' title='bbox 1057 2927 1155 2973; x_wconf 91' lang='lat' dir='ltr'><strong>aut</strong></span> <span class='ocrx_word' id='word_1_320' title='bbox 1204 2917 1484 2989; x_wconf 87' lang='lat' dir='ltr'><strong>pulmonis</strong></span> <span class='ocrx_word' id='word_1_321' title='bbox 1512 2915 1917 2983; x_wconf 78' lang='lat' dir='ltr'><strong>inﬂammatio,</strong></span> <span class='ocrx_word' id='word_1_322' title='bbox 1954 2930 2023 2971; x_wconf 78' lang='lat' dir='ltr'><strong>ex</strong></span> 
     </span>
    </p>
   </div>
   <div class='ocr_carea' id='block_1_47' title="bbox 444 3008 2025 3083">
    <p class='ocr_par' dir='ltr' id='par_1_47' title="bbox 444 3008 2025 3083">
     <span class='ocr_line' id='line_1_47' title="bbox 444 3008 2025 3083; baseline -0.006 -12"><span class='ocrx_word' id='word_1_323' title='bbox 444 3014 731 3071; x_wconf 80' lang='lat' dir='ltr'><strong>hominum</strong></span> <span class='ocrx_word' id='word_1_324' title='bbox 762 3024 906 3070; x_wconf 73' lang='lat' dir='ltr'><strong>cmtu</strong></span> <span class='ocrx_word' id='word_1_325' title='bbox 938 3011 1091 3067; x_wconf 91' lang='lat' dir='ltr'><strong>illum</strong></span> <span class='ocrx_word' id='word_1_326' title='bbox 1120 3010 1360 3083; x_wconf 88' lang='lat' dir='ltr'><strong>abripit,</strong></span> <span class='ocrx_word' id='word_1_327' title='bbox 1390 3011 1652 3080; x_wconf 83' lang='lat' dir='ltr'><strong>omnique</strong></span> <span class='ocrx_word' id='word_1_328' title='bbox 1677 3008 1773 3065; x_wconf 92' lang='lat' dir='ltr'><strong>illo</strong></span> <span class='ocrx_word' id='word_1_329' title='bbox 1802 3016 2025 3074; x_wconf 84' lang='lat' dir='ltr'><strong>ornatu,</strong></span> 
     </span>
    </p>
   </div>
   <div class='ocr_carea' id='block_1_48' title="bbox 444 3102 2029 3180">
    <p class='ocr_par' dir='ltr' id='par_1_48' title="bbox 444 3102 2029 3180">
     <span class='ocr_line' id='line_1_48' title="bbox 444 3102 2029 3180; baseline -0.006 -15"><span class='ocrx_word' id='word_1_330' title='bbox 444 3124 610 3180; x_wconf 79' lang='lat' dir='ltr'><strong>quem</strong></span> <span class='ocrx_word' id='word_1_331' title='bbox 640 3107 789 3163; x_wconf 84' lang='lat' dir='ltr'><strong>velut</strong></span> <span class='ocrx_word' id='word_1_332' title='bbox 824 3106 880 3163; x_wconf 86' lang='lat' dir='ltr'><strong>in</strong></span> <span class='ocrx_word' id='word_1_333' title='bbox 920 3122 1087 3164; x_wconf 88' lang='lat' dir='ltr'><strong>scena</strong></span> <span class='ocrx_word' id='word_1_334' title='bbox 1122 3104 1381 3175; x_wconf 82' lang='lat' dir='ltr'><strong>gerebat,</strong></span> <span class='ocrx_word' id='word_1_335' title='bbox 1423 3115 1646 3173; x_wconf 78' lang='lat' dir='ltr'><strong>repente</strong></span> <span class='ocrx_word' id='word_1_336' title='bbox 1682 3102 1886 3173; x_wconf 87' lang='lat' dir='ltr'><strong>spoliat</strong></span> <span class='ocrx_word' id='word_1_337' title='bbox 1915 3116 1930 3157; x_wconf 88' lang='lat'><strong>:</strong></span> <span class='ocrx_word' id='word_1_338' title='bbox 1967 3109 2029 3155; x_wconf 86' lang='lat' dir='ltr'><strong>ut</strong></span> 
     </span>
    </p>
   </div>
   <div class='ocr_carea' id='block_1_49' title="bbox 447 3196 2025 3270">
    <p class='ocr_par' dir='ltr' id='par_1_49' title="bbox 447 3196 2025 3270">
     <span class='ocr_line' id='line_1_49' title="bbox 447 3196 2025 3270; baseline -0.001 -15"><span class='ocrx_word' id='word_1_339' title='bbox 447 3215 511 3256; x_wconf 87' lang='lat' dir='ltr'><strong>ea</strong></span> <span class='ocrx_word' id='word_1_340' title='bbox 550 3199 723 3270; x_wconf 78' lang='lat' dir='ltr'><strong>gloria</strong></span> <span class='ocrx_word' id='word_1_341' title='bbox 758 3198 979 3255; x_wconf 89' lang='lat' dir='ltr'><strong>somnio</strong></span> <span class='ocrx_word' id='word_1_342' title='bbox 1024 3196 1225 3254; x_wconf 85' lang='lat' dir='ltr'><strong>similis</strong></span> <span class='ocrx_word' id='word_1_343' title='bbox 1272 3210 1399 3253; x_wconf 87' lang='lat' dir='ltr'><strong>esse</strong></span> <span class='ocrx_word' id='word_1_344' title='bbox 1440 3196 1839 3269; x_wconf 87' lang='lat' dir='ltr'><strong>comperiatur.</strong></span> <span class='ocrx_word' id='word_1_345' title='bbox 1874 3198 2025 3265; x_wconf 83' lang='lat' dir='ltr'><strong>Quo-</strong></span> 
     </span>
    </p>
   </div>
   <div class='ocr_carea' id='block_1_50' title="bbox 449 3288 2024 3362">
    <p class='ocr_par' dir='ltr' id='par_1_50' title="bbox 449 3288 2024 3362">
     <span class='ocr_line' id='line_1_50' title="bbox 449 3288 2024 3362; baseline -0.001 -13"><span class='ocrx_word' id='word_1_346' title='bbox 449 3292 601 3350; x_wconf 85' lang='lat' dir='ltr'><strong>circa</strong></span> <span class='ocrx_word' id='word_1_347' title='bbox 628 3308 738 3348; x_wconf 88' lang='lat' dir='ltr'><strong>non</strong></span> <span class='ocrx_word' id='word_1_348' title='bbox 774 3292 1050 3348; x_wconf 86' lang='lat' dir='ltr'><strong>immerito</strong></span> <span class='ocrx_word' id='word_1_349' title='bbox 1079 3289 1357 3362; x_wconf 63' lang='lat' dir='ltr'><strong>prophetas</strong></span> <span class='ocrx_word' id='word_1_350' title='bbox 1412 3288 1732 3345; x_wconf 89' lang='lat' dir='ltr'><strong>mandatum</strong></span> <span class='ocrx_word' id='word_1_351' title='bbox 1792 3299 1912 3359; x_wconf 85' lang='lat' dir='ltr'><strong>est,</strong></span> <span class='ocrx_word' id='word_1_352' title='bbox 1963 3300 2024 3346; x_wconf 87' lang='lat' dir='ltr'><strong>ut</strong></span> 
     </span>
    </p>
   </div>
   <div class='ocr_carea' id='block_1_51' title="bbox 451 3379 2033 3455">
    <p class='ocr_par' dir='ltr' id='par_1_51' title="bbox 451 3379 2033 3455">
     <span class='ocr_line' id='line_1_51' title="bbox 451 3379 2033 3455; baseline -0.002 -15"><span class='ocrx_word' id='word_1_353' title='bbox 451 3385 748 3442; x_wconf 87' lang='lat' dir='ltr'><strong>humanam</strong></span> <span class='ocrx_word' id='word_1_354' title='bbox 785 3390 1040 3441; x_wconf 88' lang='lat' dir='ltr'><strong>naturam</strong></span> <span class='ocrx_word' id='word_1_355' title='bbox 1072 3398 1199 3439; x_wconf 88' lang='lat' dir='ltr'><strong>cum</strong></span> <span class='ocrx_word' id='word_1_356' title='bbox 1240 3380 1598 3439; x_wconf 83' lang='lat' dir='ltr'><strong>imbecilliori</strong></span> <span class='ocrx_word' id='word_1_357' title='bbox 1636 3379 1769 3438; x_wconf 85' lang='lat' dir='ltr'><strong>ilore</strong></span> <span class='ocrx_word' id='word_1_358' title='bbox 1805 3398 2033 3455; x_wconf 85' lang='lat' dir='ltr'><strong>compa-</strong></span> 
     </span>
    </p>
   </div>
   <div class='ocr_carea' id='block_1_52' title="bbox 453 3485 624 3539">
    <p class='ocr_par' dir='ltr' id='par_1_52' title="bbox 453 3485 624 3539">
     <span class='ocr_line' id='line_1_52' title="bbox 453 3485 624 3539; baseline 0.018 -4"><span class='ocrx_word' id='word_1_359' title='bbox 453 3485 624 3539; x_wconf 87' lang='lat' dir='ltr'><strong>raret.</strong></span> 
     </span>
    </p>
   </div>
   <div class='ocr_carea' id='block_1_53' title="bbox 527 3564 2033 3643">
    <p class='ocr_par' dir='ltr' id='par_1_53' title="bbox 527 3564 2033 3643">
     <span class='ocr_line' id='line_1_53' title="bbox 527 3564 2033 3643; baseline -0.003 -16"><span class='ocrx_word' id='word_1_360' title='bbox 527 3567 746 3643; x_wconf 75' lang='lat' dir='ltr'><strong>Ejusd.,</strong></span> <span class='ocrx_word' id='word_1_361' title='bbox 771 3570 915 3626; x_wconf 81' lang='grc' dir='ltr'><strong>Ιιοηι.</strong></span> <span class='ocrx_word' id='word_1_362' title='bbox 936 3569 992 3634; x_wconf 83' lang='grc' dir='ltr'><strong>ο.</strong></span> <span class='ocrx_word' id='word_1_363' title='bbox 1019 3570 1073 3625; x_wconf 84' lang='lat' dir='ltr'><strong>in</strong></span> <span class='ocrx_word' id='word_1_364' title='bbox 1107 3567 1455 3626; x_wconf 76' lang='lat' dir='ltr'><strong>Hexaem.——</strong></span> <span class='ocrx_word' id='word_1_365' title='bbox 1477 3564 1626 3624; x_wconf 79' lang='lat' dir='ltr'><strong>Nihil</strong></span> <span class='ocrx_word' id='word_1_366' title='bbox 1655 3568 1710 3623; x_wconf 90' lang='lat' dir='ltr'><strong>in</strong></span> <span class='ocrx_word' id='word_1_367' title='bbox 1743 3568 1908 3624; x_wconf 87' lang='lat' dir='ltr'><strong>rebus</strong></span> <span class='ocrx_word' id='word_1_368' title='bbox 1937 3566 2033 3623; x_wconf 55' lang='lat' dir='ltr'><strong>huc</strong></span> 
     </span>
    </p>
   </div>
   <div class='ocr_carea' id='block_1_54' title="bbox 458 3662 2033 3734">
    <p class='ocr_par' dir='ltr' id='par_1_54' title="bbox 458 3662 2033 3734">
     <span class='ocr_line' id='line_1_54' title="bbox 458 3662 2033 3734; baseline -0.003 -11"><span class='ocrx_word' id='word_1_369' title='bbox 458 3666 639 3723; x_wconf 87' lang='lat' dir='ltr'><strong>manis</strong></span> <span class='ocrx_word' id='word_1_370' title='bbox 672 3665 889 3721; x_wconf 85' lang='lat' dir='ltr'><strong>firmum</strong></span> <span class='ocrx_word' id='word_1_371' title='bbox 927 3671 983 3721; x_wconf 89' lang='lat' dir='ltr'><strong>et</strong></span> <span class='ocrx_word' id='word_1_372' title='bbox 1021 3662 1226 3720; x_wconf 87' lang='lat' dir='ltr'><strong>stabile</strong></span> <span class='ocrx_word' id='word_1_373' title='bbox 1257 3671 1385 3721; x_wconf 87' lang='lat' dir='ltr'><strong>est:</strong></span> <span class='ocrx_word' id='word_1_374' title='bbox 1412 3676 1605 3720; x_wconf 86' lang='lat' dir='ltr'><strong>verum</strong></span> <span class='ocrx_word' id='word_1_375' title='bbox 1656 3662 1764 3717; x_wconf 89' lang='lat' dir='ltr'><strong>alia</strong></span> <span class='ocrx_word' id='word_1_376' title='bbox 1810 3663 2033 3734; x_wconf 85' lang='lat' dir='ltr'><strong>quidem</strong></span> 
     </span>
    </p>
   </div>
   <div class='ocr_carea' id='block_1_55' title="bbox 458 3755 2035 3829">
    <p class='ocr_par' dir='ltr' id='par_1_55' title="bbox 458 3755 2035 3829">
     <span class='ocr_line' id='line_1_55' title="bbox 458 3755 2035 3829; baseline -0.005 -11"><span class='ocrx_word' id='word_1_377' title='bbox 458 3778 526 3818; x_wconf 75' lang='lat' dir='ltr'><strong>ex</strong></span> <span class='ocrx_word' id='word_1_378' title='bbox 548 3760 722 3817; x_wconf 82' lang='lat' dir='ltr'><strong>nihilo</strong></span> <span class='ocrx_word' id='word_1_379' title='bbox 747 3758 816 3815; x_wconf 88' lang='lat' dir='ltr'><strong>ad</strong></span> <span class='ocrx_word' id='word_1_380' title='bbox 845 3757 1147 3829; x_wconf 83' lang='lat' dir='ltr'><strong>perfectum</strong></span> <span class='ocrx_word' id='word_1_381' title='bbox 1186 3763 1394 3814; x_wconf 86' lang='lat' dir='ltr'><strong>statum</strong></span> <span class='ocrx_word' id='word_1_382' title='bbox 1424 3756 1855 3829; x_wconf 88' lang='lat' dir='ltr'><strong>progrediuntur</strong></span> <span class='ocrx_word' id='word_1_383' title='bbox 1880 3774 1896 3825; x_wconf 91' lang='lat'><strong>;</strong></span> <span class='ocrx_word' id='word_1_384' title='bbox 1929 3755 2035 3812; x_wconf 91' lang='lat' dir='ltr'><strong>alia</strong></span> 
     </span>
    </p>
   </div>
   <div class='ocr_carea' id='block_1_56' title="bbox 459 3848 2037 3933">
    <p class='ocr_par' dir='ltr' id='par_1_56' title="bbox 459 3848 2037 3933">
     <span class='ocr_line' id='line_1_56' title="bbox 459 3848 2037 3933; baseline -0.004 -21"><span class='ocrx_word' id='word_1_385' title='bbox 459 3863 643 3912; x_wconf 83' lang='lat' dir='ltr'><strong>autem</strong></span> <span class='ocrx_word' id='word_1_386' title='bbox 673 3854 766 3911; x_wconf 90' lang='lat' dir='ltr'><strong>ubi</strong></span> <span class='ocrx_word' id='word_1_387' title='bbox 798 3852 864 3908; x_wconf 90' lang='lat' dir='ltr'><strong>ad</strong></span> <span class='ocrx_word' id='word_1_388' title='bbox 895 3851 1140 3924; x_wconf 82' lang='lat' dir='ltr'><strong>vigorem</strong></span> <span class='ocrx_word' id='word_1_389' title='bbox 1179 3866 1339 3907; x_wconf 88' lang='lat' dir='ltr'><strong>suum</strong></span> <span class='ocrx_word' id='word_1_390' title='bbox 1370 3848 1637 3922; x_wconf 90' lang='lat' dir='ltr'><strong>perducta</strong></span> <span class='ocrx_word' id='word_1_391' title='bbox 1673 3856 1838 3933; x_wconf 60' lang='lat' dir='ltr'><strong>sunt,</strong></span> <span class='ocrx_word' id='word_1_392' title='bbox 1871 3856 2037 3920; x_wconf 89' lang='lat' dir='ltr'><strong>atque</strong></span> 
     </span>
    </p>
   </div>
   <div class='ocr_carea' id='block_1_57' title="bbox 460 3941 2037 4016">
    <p class='ocr_par' dir='ltr' id='par_1_57' title="bbox 460 3941 2037 4016">
     <span class='ocr_line' id='line_1_57' title="bbox 460 3941 2037 4016; baseline -0.004 -13"><span class='ocrx_word' id='word_1_393' title='bbox 460 3948 518 4003; x_wconf 91' lang='lat' dir='ltr'><strong>in</strong></span> <span class='ocrx_word' id='word_1_394' title='bbox 553 3960 828 4004; x_wconf 89' lang='lat' dir='ltr'><strong>summam</strong></span> <span class='ocrx_word' id='word_1_395' title='bbox 860 3943 1304 4016; x_wconf 85' lang='lat' dir='ltr'><strong>magnitudinem</strong></span> <span class='ocrx_word' id='word_1_396' title='bbox 1340 3951 1529 4000; x_wconf 79' lang='lat' dir='ltr'><strong>evecta</strong></span> <span class='ocrx_word' id='word_1_397' title='bbox 1551 3982 1569 4009; x_wconf 89' lang='lat'><strong>,</strong></span> <span class='ocrx_word' id='word_1_398' title='bbox 1612 3941 1797 3999; x_wconf 83' lang='lat' dir='ltr'><strong>tacitis</strong></span> <span class='ocrx_word' id='word_1_399' title='bbox 1832 3943 2037 3999; x_wconf 78' lang='lat' dir='ltr'><strong>sensim</strong></span> 
     </span>
    </p>
   </div>
   <div class='ocr_carea' id='block_1_58' title="bbox 463 4034 2043 4106">
    <p class='ocr_par' dir='ltr' id='par_1_58' title="bbox 463 4034 2043 4106">
     <span class='ocr_line' id='line_1_58' title="bbox 463 4034 2043 4106; baseline -0.005 -11"><span class='ocrx_word' id='word_1_400' title='bbox 463 4037 834 4096; x_wconf 86' lang='lat' dir='ltr'><strong>deeremcntis</strong></span> <span class='ocrx_word' id='word_1_401' title='bbox 866 4037 1195 4100; x_wconf 87' lang='lat' dir='ltr'><strong>tabescunt,</strong></span> <span class='ocrx_word' id='word_1_402' title='bbox 1225 4035 1713 4106; x_wconf 83' lang='lat' dir='ltr'><strong>dissolvunturth</strong></span> <span class='ocrx_word' id='word_1_403' title='bbox 1732 4076 1748 4101; x_wconf 94' lang='lat'><strong>,</strong></span> <span class='ocrx_word' id='word_1_404' title='bbox 1772 4042 1825 4090; x_wconf 89' lang='lat' dir='ltr'><strong>et</strong></span> <span class='ocrx_word' id='word_1_405' title='bbox 1844 4034 1918 4089; x_wconf 89' lang='lat' dir='ltr'><strong>ita</strong></span> <span class='ocrx_word' id='word_1_406' title='bbox 1946 4034 2043 4089; x_wconf 78' lang='lat' dir='ltr'><strong>im-</strong></span> 
     </span>
    </p>
   </div>
   <div class='ocr_carea' id='block_1_59' title="bbox 466 4126 2043 4195">
    <p class='ocr_par' dir='ltr' id='par_1_59' title="bbox 466 4126 2043 4195">
     <span class='ocr_line' id='line_1_59' title="bbox 466 4126 2043 4195; baseline -0.004 -6"><span class='ocrx_word' id='word_1_407' title='bbox 466 4133 801 4189; x_wconf 88' lang='lat' dir='ltr'><strong>minuuntur</strong></span> <span class='ocrx_word' id='word_1_408' title='bbox 831 4137 893 4185; x_wconf 88' lang='lat' dir='ltr'><strong>ut</strong></span> <span class='ocrx_word' id='word_1_409' title='bbox 921 4127 1144 4184; x_wconf 89' lang='lat' dir='ltr'><strong>tandem</strong></span> <span class='ocrx_word' id='word_1_410' title='bbox 1179 4128 1456 4185; x_wconf 86' lang='lat' dir='ltr'><strong>intereant</strong></span> <span class='ocrx_word' id='word_1_411' title='bbox 1485 4135 1539 4184; x_wconf 89' lang='lat' dir='ltr'><strong>et</strong></span> <span class='ocrx_word' id='word_1_412' title='bbox 1568 4127 1873 4184; x_wconf 87' lang='lat' dir='ltr'><strong>deleantur.</strong></span> <span class='ocrx_word' id='word_1_413' title='bbox 1893 4126 2043 4195; x_wconf 50' lang='lat' dir='ltr'><strong>Quo.</strong></span> 
     </span>
    </p>
   </div>
   <div class='ocr_carea' id='block_1_60' title="bbox 464 4222 2043 4294">
    <p class='ocr_par' dir='ltr' id='par_1_60' title="bbox 464 4222 2043 4294">
     <span class='ocr_line' id='line_1_60' title="bbox 464 4222 2043 4294; baseline -0.004 -10"><span class='ocrx_word' id='word_1_414' title='bbox 464 4230 617 4284; x_wconf 79' lang='lat' dir='ltr'><strong>circa</strong></span> <span class='ocrx_word' id='word_1_415' title='bbox 643 4240 711 4282; x_wconf 80' lang='lat' dir='ltr'><strong>ex</strong></span> <span class='ocrx_word' id='word_1_416' title='bbox 740 4225 883 4279; x_wconf 67' lang='lat' dir='ltr'><strong>luna:</strong></span> <span class='ocrx_word' id='word_1_417' title='bbox 931 4234 1270 4294; x_wconf 81' lang='lat' dir='ltr'><strong>prospectu,</strong></span> <span class='ocrx_word' id='word_1_418' title='bbox 1325 4222 1452 4293; x_wconf 90' lang='lat' dir='ltr'><strong>quis</strong></span> <span class='ocrx_word' id='word_1_419' title='bbox 1491 4237 1677 4278; x_wconf 89' lang='lat' dir='ltr'><strong>rerum</strong></span> <span class='ocrx_word' id='word_1_420' title='bbox 1730 4230 2043 4277; x_wconf 89' lang='lat' dir='ltr'><strong>nostrarum</strong></span> 
     </span>
    </p>
   </div>
   <div class='ocr_carea' id='block_1_61' title="bbox 468 4315 2045 4383">
    <p class='ocr_par' dir='ltr' id='par_1_61' title="bbox 468 4315 2045 4383">
     <span class='ocr_line' id='line_1_61' title="bbox 468 4315 2045 4383; baseline -0.002 -8"><span class='ocrx_word' id='word_1_421' title='bbox 468 4328 651 4375; x_wconf 86' lang='lat' dir='ltr'><strong>status</strong></span> <span class='ocrx_word' id='word_1_422' title='bbox 678 4316 785 4383; x_wconf 88' lang='lat' dir='ltr'><strong>sit,</strong></span> <span class='ocrx_word' id='word_1_423' title='bbox 816 4316 1141 4383; x_wconf 87' lang='lat' dir='ltr'><strong>edoeemur,</strong></span> <span class='ocrx_word' id='word_1_424' title='bbox 1173 4331 1237 4373; x_wconf 87' lang='lat' dir='ltr'><strong>ac</strong></span> <span class='ocrx_word' id='word_1_425' title='bbox 1264 4316 1501 4373; x_wconf 79' lang='lat' dir='ltr'><strong>celerem</strong></span> <span class='ocrx_word' id='word_1_426' title='bbox 1547 4315 1911 4372; x_wconf 87' lang='lat' dir='ltr'><strong>humanarum</strong></span> <span class='ocrx_word' id='word_1_427' title='bbox 1954 4331 2045 4373; x_wconf 86' lang='lat' dir='ltr'><strong>re-</strong></span> 
     </span>
    </p>
   </div>
   <div class='ocr_carea' id='block_1_62' title="bbox 470 4409 2046 4481">
    <p class='ocr_par' dir='ltr' id='par_1_62' title="bbox 470 4409 2046 4481">
     <span class='ocr_line' id='line_1_62' title="bbox 470 4409 2046 4481; baseline -0.003 -11"><span class='ocrx_word' id='word_1_428' title='bbox 470 4428 594 4471; x_wconf 90' lang='lat' dir='ltr'><strong>rum</strong></span> <span class='ocrx_word' id='word_1_429' title='bbox 623 4412 1042 4469; x_wconf 80' lang='lat' dir='ltr'><strong>conversionem</strong></span> <span class='ocrx_word' id='word_1_430' title='bbox 1074 4424 1203 4467; x_wconf 86' lang='lat' dir='ltr'><strong>cum</strong></span> <span class='ocrx_word' id='word_1_431' title='bbox 1236 4409 1439 4467; x_wconf 76' lang='lat' dir='ltr'><strong>animis</strong></span> <span class='ocrx_word' id='word_1_432' title='bbox 1461 4409 1670 4468; x_wconf 87' lang='lat' dir='ltr'><strong>nostris</strong></span> <span class='ocrx_word' id='word_1_433' title='bbox 1701 4417 2046 4481; x_wconf 86' lang='lat' dir='ltr'><strong>reputantes,</strong></span> 
     </span>
    </p>
   </div>
   <div class='ocr_carea' id='block_1_63' title="bbox 470 4500 2051 4575">
    <p class='ocr_par' dir='ltr' id='par_1_63' title="bbox 470 4500 2051 4575">
     <span class='ocr_line' id='line_1_63' title="bbox 470 4500 2051 4575; baseline -0.003 -13"><span class='ocrx_word' id='word_1_434' title='bbox 470 4507 739 4564; x_wconf 85' lang='lat' dir='ltr'><strong>discimus</strong></span> <span class='ocrx_word' id='word_1_435' title='bbox 771 4504 826 4560; x_wconf 89' lang='lat' dir='ltr'><strong>in</strong></span> <span class='ocrx_word' id='word_1_436' title='bbox 852 4500 1089 4575; x_wconf 78' lang='lat' dir='ltr'><strong>hujusce</strong></span> <span class='ocrx_word' id='word_1_437' title='bbox 1113 4503 1239 4559; x_wconf 67' lang='lat' dir='ltr'><strong>vita:</strong></span> <span class='ocrx_word' id='word_1_438' title='bbox 1268 4502 1735 4575; x_wconf 85' lang='lat' dir='ltr'><strong>prosperitatibus</strong></span> <span class='ocrx_word' id='word_1_439' title='bbox 1766 4504 1907 4560; x_wconf 90' lang='lat' dir='ltr'><strong>altos</strong></span> <span class='ocrx_word' id='word_1_440' title='bbox 1936 4502 2051 4573; x_wconf 64' lang='lat' dir='ltr'><strong>spio</strong></span> 
     </span>
    </p>
   </div>
   <div class='ocr_carea' id='block_1_64' title="bbox 472 4595 2130 4681">
    <p class='ocr_par' dir='ltr' id='par_1_64' title="bbox 472 4595 2130 4681">
     <span class='ocr_line' id='line_1_64' title="bbox 472 4595 2130 4681; baseline -0.003 -24"><span class='ocrx_word' id='word_1_441' title='bbox 472 4600 618 4658; x_wconf 80' lang='lat' dir='ltr'><strong>ritus</strong></span> <span class='ocrx_word' id='word_1_442' title='bbox 649 4597 875 4655; x_wconf 87' lang='lat' dir='ltr'><strong>minime</strong></span> <span class='ocrx_word' id='word_1_443' title='bbox 904 4596 1205 4667; x_wconf 91' lang='lat' dir='ltr'><strong>concipere</strong></span> <span class='ocrx_word' id='word_1_444' title='bbox 1228 4634 1243 4661; x_wconf 89' lang='lat'><strong>,</strong></span> <span class='ocrx_word' id='word_1_445' title='bbox 1278 4611 1380 4652; x_wconf 90' lang='lat' dir='ltr'><strong>nec</strong></span> <span class='ocrx_word' id='word_1_446' title='bbox 1410 4596 1659 4667; x_wconf 88' lang='lat' dir='ltr'><strong>potentia</strong></span> <span class='ocrx_word' id='word_1_447' title='bbox 1700 4595 1912 4663; x_wconf 83' lang='lat' dir='ltr'><strong>ell&#39;erri,</strong></span> <span class='ocrx_word' id='word_1_448' title='bbox 1949 4610 2053 4652; x_wconf 89' lang='lat' dir='ltr'><strong>nec</strong></span> <span class='ocrx_word' id='word_1_449' title='bbox 2082 4625 2130 4681; x_wconf 68' lang='grc' dir='ltr'><strong><em>υ</em></strong></span> 
     </span>
    </p>
   </div>
   <div class='ocr_carea' id='block_1_65' title="bbox 474 4687 2053 4760">
    <p class='ocr_par' dir='ltr' id='par_1_65' title="bbox 474 4687 2053 4760">
     <span class='ocr_line' id='line_1_65' title="bbox 474 4687 2053 4760; baseline -0.004 -10"><span class='ocrx_word' id='word_1_450' title='bbox 474 4692 547 4751; x_wconf 89' lang='lat' dir='ltr'><strong>ob</strong></span> <span class='ocrx_word' id='word_1_451' title='bbox 573 4692 814 4747; x_wconf 85' lang='lat' dir='ltr'><strong>incertas</strong></span> <span class='ocrx_word' id='word_1_452' title='bbox 840 4704 974 4760; x_wconf 84' lang='lat' dir='ltr'><strong>opes</strong></span> <span class='ocrx_word' id='word_1_453' title='bbox 1001 4687 1376 4744; x_wconf 86' lang='lat' dir='ltr'><strong>insolescere:</strong></span> <span class='ocrx_word' id='word_1_454' title='bbox 1403 4687 1499 4743; x_wconf 89' lang='lat' dir='ltr'><strong>sed</strong></span> <span class='ocrx_word' id='word_1_455' title='bbox 1524 4694 1839 4757; x_wconf 83' lang='lat' dir='ltr'><strong>contempta</strong></span> <span class='ocrx_word' id='word_1_456' title='bbox 1863 4701 2053 4751; x_wconf 85' lang='lat' dir='ltr'><strong>carne,</strong></span> 
     </span>
    </p>
   </div>
   <div class='ocr_carea' id='block_1_66' title="bbox 477 4780 2059 4857">
    <p class='ocr_par' dir='ltr' id='par_1_66' title="bbox 477 4780 2059 4857">
     <span class='ocr_line' id='line_1_66' title="bbox 477 4780 2059 4857; baseline -0.005 -15"><span class='ocrx_word' id='word_1_457' title='bbox 477 4800 602 4857; x_wconf 71' lang='lat' dir='ltr'><strong>qua:</strong></span> <span class='ocrx_word' id='word_1_458' title='bbox 618 4782 907 4841; x_wconf 84' lang='lat' dir='ltr'><strong>mutationi</strong></span> <span class='ocrx_word' id='word_1_459' title='bbox 926 4780 1165 4838; x_wconf 79' lang='lat' dir='ltr'><strong>obnoxia</strong></span> <span class='ocrx_word' id='word_1_460' title='bbox 1186 4789 1301 4847; x_wconf 89' lang='lat' dir='ltr'><strong>est,</strong></span> <span class='ocrx_word' id='word_1_461' title='bbox 1320 4780 1516 4836; x_wconf 69' lang='lat' dir='ltr'><strong>animm</strong></span> <span class='ocrx_word' id='word_1_462' title='bbox 1539 4780 1701 4851; x_wconf 84' lang='lat' dir='ltr'><strong>cujus</strong></span> <span class='ocrx_word' id='word_1_463' title='bbox 1727 4780 1933 4835; x_wconf 79' lang='lat' dir='ltr'><strong>bonum</strong></span> <span class='ocrx_word' id='word_1_464' title='bbox 1952 4780 2059 4834; x_wconf 85' lang='lat' dir='ltr'><strong>im-</strong></span> 
     </span>
    </p>
   </div>
   <div class='ocr_carea' id='block_1_67' title="bbox 477 4872 2060 4947">
    <p class='ocr_par' dir='ltr' id='par_1_67' title="bbox 477 4872 2060 4947">
     <span class='ocr_line' id='line_1_67' title="bbox 477 4872 2060 4947; baseline -0.006 -10"><span class='ocrx_word' id='word_1_465' title='bbox 477 4888 690 4937; x_wconf 87' lang='lat' dir='ltr'><strong>motum</strong></span> <span class='ocrx_word' id='word_1_466' title='bbox 715 4882 902 4931; x_wconf 85' lang='lat' dir='ltr'><strong>manet</strong></span> <span class='ocrx_word' id='word_1_467' title='bbox 922 4914 938 4940; x_wconf 91' lang='lat'><strong>,</strong></span> <span class='ocrx_word' id='word_1_468' title='bbox 967 4888 1155 4930; x_wconf 82' lang='lat' dir='ltr'><strong>curam</strong></span> <span class='ocrx_word' id='word_1_469' title='bbox 1182 4888 1396 4947; x_wconf 81' lang='lat' dir='ltr'><strong>gerere.</strong></span> <span class='ocrx_word' id='word_1_470' title='bbox 1418 4872 1574 4941; x_wconf 85' lang='lat' dir='ltr'><strong>Quod</strong></span> <span class='ocrx_word' id='word_1_471' title='bbox 1606 4875 1651 4930; x_wconf 84' lang='lat' dir='ltr'><strong>si</strong></span> <span class='ocrx_word' id='word_1_472' title='bbox 1680 4882 1734 4930; x_wconf 87' lang='lat' dir='ltr'><strong>te</strong></span> <span class='ocrx_word' id='word_1_473' title='bbox 1758 4872 1887 4928; x_wconf 87' lang='lat' dir='ltr'><strong>luna</strong></span> <span class='ocrx_word' id='word_1_474' title='bbox 1917 4886 2060 4928; x_wconf 76' lang='lat' dir='ltr'><strong>mue-</strong></span> 
     </span>
    </p>
   </div>
   <div class='ocr_carea' id='block_1_68' title="bbox 480 4966 2061 5036">
    <p class='ocr_par' dir='ltr' id='par_1_68' title="bbox 480 4966 2061 5036">
     <span class='ocr_line' id='line_1_68' title="bbox 480 4966 2061 5036; baseline -0.006 -5"><span class='ocrx_word' id='word_1_475' title='bbox 480 4989 611 5031; x_wconf 86' lang='lat' dir='ltr'><strong>rore</strong></span> <span class='ocrx_word' id='word_1_476' title='bbox 639 4970 807 5029; x_wconf 82' lang='lat' dir='ltr'><strong>afficit</strong></span> <span class='ocrx_word' id='word_1_477' title='bbox 828 5010 845 5036; x_wconf 88' lang='lat'><strong>,</strong></span> <span class='ocrx_word' id='word_1_478' title='bbox 877 4985 1005 5027; x_wconf 88' lang='lat' dir='ltr'><strong>cum</strong></span> <span class='ocrx_word' id='word_1_479' title='bbox 1038 4969 1245 5026; x_wconf 86' lang='lat' dir='ltr'><strong>sensim</strong></span> <span class='ocrx_word' id='word_1_480' title='bbox 1277 4968 1645 5025; x_wconf 83' lang='lat' dir='ltr'><strong>decrescendo</strong></span> <span class='ocrx_word' id='word_1_481' title='bbox 1681 4968 1864 5023; x_wconf 86' lang='lat' dir='ltr'><strong>lumen</strong></span> <span class='ocrx_word' id='word_1_482' title='bbox 1896 4966 2061 5023; x_wconf 87' lang='lat' dir='ltr'><strong>absu-</strong></span> 
     </span>
    </p>
   </div>
   <div class='ocr_carea' id='block_1_69' title="bbox 481 5057 2062 5131">
    <p class='ocr_par' dir='ltr' id='par_1_69' title="bbox 481 5057 2062 5131">
     <span class='ocr_line' id='line_1_69' title="bbox 481 5057 2062 5131; baseline -0.006 -10"><span class='ocrx_word' id='word_1_483' title='bbox 481 5065 584 5121; x_wconf 89' lang='lat' dir='ltr'><strong>mit</strong></span> <span class='ocrx_word' id='word_1_484' title='bbox 606 5078 771 5126; x_wconf 82' lang='lat' dir='ltr'><strong>suum</strong></span> <span class='ocrx_word' id='word_1_485' title='bbox 800 5081 815 5119; x_wconf 90' lang='lat'><strong>:</strong></span> <span class='ocrx_word' id='word_1_486' title='bbox 842 5060 1081 5131; x_wconf 79' lang='lat' dir='ltr'><strong>graviori</strong></span> <span class='ocrx_word' id='word_1_487' title='bbox 1108 5069 1165 5117; x_wconf 89' lang='lat' dir='ltr'><strong>te</strong></span> <span class='ocrx_word' id='word_1_488' title='bbox 1192 5060 1442 5117; x_wconf 83' lang='lat' dir='ltr'><strong>molestia</strong></span> <span class='ocrx_word' id='word_1_489' title='bbox 1471 5058 1671 5116; x_wconf 86' lang='lat' dir='ltr'><strong>alliciat</strong></span> <span class='ocrx_word' id='word_1_490' title='bbox 1701 5057 1942 5124; x_wconf 86' lang='lat' dir='ltr'><strong>animus,</strong></span> <span class='ocrx_word' id='word_1_491' title='bbox 1966 5057 2062 5129; x_wconf 87' lang='lat' dir='ltr'><strong>qui</strong></span> 
     </span>
    </p>
   </div>
   <div class='ocr_carea' id='block_1_70' title="bbox 482 5149 2066 5228">
    <p class='ocr_par' dir='ltr' id='par_1_70' title="bbox 482 5149 2066 5228">
     <span class='ocr_line' id='line_1_70' title="bbox 482 5149 2066 5228; baseline -0.004 -14"><span class='ocrx_word' id='word_1_492' title='bbox 482 5158 745 5214; x_wconf 76' lang='lat' dir='ltr'><strong>virtutem</strong></span> <span class='ocrx_word' id='word_1_493' title='bbox 763 5154 1017 5228; x_wconf 87' lang='lat' dir='ltr'><strong>adeptus,</strong></span> <span class='ocrx_word' id='word_1_494' title='bbox 1054 5153 1110 5209; x_wconf 90' lang='lat' dir='ltr'><strong>id</strong></span> <span class='ocrx_word' id='word_1_495' title='bbox 1140 5153 1346 5209; x_wconf 85' lang='lat' dir='ltr'><strong>bonum</strong></span> <span class='ocrx_word' id='word_1_496' title='bbox 1382 5168 1479 5225; x_wconf 89' lang='lat' dir='ltr'><strong>per</strong></span> <span class='ocrx_word' id='word_1_497' title='bbox 1504 5152 1817 5209; x_wconf 90' lang='lat' dir='ltr'><strong>socordiam</strong></span> <span class='ocrx_word' id='word_1_498' title='bbox 1845 5149 2066 5207; x_wconf 84' lang='lat' dir='ltr'><strong>oblitte-</strong></span> 
     </span>
    </p>
   </div>
   <div class='ocr_carea' id='block_1_71' title="bbox 484 5242 2066 5319">
    <p class='ocr_par' dir='ltr' id='par_1_71' title="bbox 484 5242 2066 5319">
     <span class='ocr_line' id='line_1_71' title="bbox 484 5242 2066 5319; baseline -0.004 -14"><span class='ocrx_word' id='word_1_499' title='bbox 484 5258 610 5317; x_wconf 86' lang='lat' dir='ltr'><strong>rat,</strong></span> <span class='ocrx_word' id='word_1_500' title='bbox 642 5262 743 5305; x_wconf 89' lang='lat' dir='ltr'><strong>nec</strong></span> <span class='ocrx_word' id='word_1_501' title='bbox 772 5262 1015 5319; x_wconf 86' lang='lat' dir='ltr'><strong>unquam</strong></span> <span class='ocrx_word' id='word_1_502' title='bbox 1044 5246 1102 5301; x_wconf 86' lang='lat' dir='ltr'><strong>in</strong></span> <span class='ocrx_word' id='word_1_503' title='bbox 1134 5244 1328 5302; x_wconf 87' lang='lat' dir='ltr'><strong>eodem</strong></span> <span class='ocrx_word' id='word_1_504' title='bbox 1363 5252 1513 5302; x_wconf 86' lang='lat' dir='ltr'><strong>statu</strong></span> <span class='ocrx_word' id='word_1_505' title='bbox 1561 5251 1920 5315; x_wconf 80' lang='lat' dir='ltr'><strong>perseverat,</strong></span> <span class='ocrx_word' id='word_1_506' title='bbox 1965 5242 2066 5299; x_wconf 89' lang='lat' dir='ltr'><strong>sed</strong></span> 
     </span>
    </p>
   </div>
   <div class='ocr_carea' id='block_1_72' title="bbox 489 5336 2064 5414">
    <p class='ocr_par' dir='ltr' id='par_1_72' title="bbox 489 5336 2064 5414">
     <span class='ocr_line' id='line_1_72' title="bbox 489 5336 2064 5414; baseline 0 -19"><span class='ocrx_word' id='word_1_507' title='bbox 489 5351 716 5414; x_wconf 83' lang='lat' dir='ltr'><strong>propter</strong></span> <span class='ocrx_word' id='word_1_508' title='bbox 743 5340 1046 5397; x_wconf 87' lang='lat' dir='ltr'><strong>voluntatis</strong></span> <span class='ocrx_word' id='word_1_509' title='bbox 1078 5338 1509 5396; x_wconf 85' lang='lat' dir='ltr'><strong>inconstantiam</strong></span> <span class='ocrx_word' id='word_1_510' title='bbox 1558 5336 1854 5395; x_wconf 87' lang='lat' dir='ltr'><strong>identidem</strong></span> <span class='ocrx_word' id='word_1_511' title='bbox 1881 5337 2064 5395; x_wconf 85' lang='lat' dir='ltr'><strong>iuver-</strong></span> 
     </span>
    </p>
   </div>
   <div class='ocr_carea' id='block_1_73' title="bbox 491 5432 1432 5495">
    <p class='ocr_par' dir='ltr' id='par_1_73' title="bbox 491 5432 1432 5495">
     <span class='ocr_line' id='line_1_73' title="bbox 491 5432 1432 5495; baseline -0.004 -6"><span class='ocrx_word' id='word_1_512' title='bbox 491 5435 652 5495; x_wconf 90' lang='lat' dir='ltr'><strong>titur.</strong></span> <span class='ocrx_word' id='word_1_513' title='bbox 680 5442 735 5492; x_wconf 87' lang='lat' dir='ltr'><strong>et</strong></span> <span class='ocrx_word' id='word_1_514' title='bbox 764 5434 821 5489; x_wconf 87' lang='lat' dir='ltr'><strong>in</strong></span> <span class='ocrx_word' id='word_1_515' title='bbox 848 5432 1130 5489; x_wconf 87' lang='lat' dir='ltr'><strong>diversum</strong></span> <span class='ocrx_word' id='word_1_516' title='bbox 1164 5438 1432 5487; x_wconf 86' lang='lat' dir='ltr'><strong>mutatur.</strong></span> 
     </span>
    </p>
   </div>
   <div class='ocr_carea' id='block_1_74' title="bbox 563 5522 2071 5597">
    <p class='ocr_par' dir='ltr' id='par_1_74' title="bbox 563 5522 2071 5597">
     <span class='ocr_line' id='line_1_74' title="bbox 563 5522 2071 5597; baseline -0.001 -16"><span class='ocrx_word' id='word_1_517' title='bbox 563 5524 759 5597; x_wconf 73' lang='lat' dir='ltr'><strong>Ejuad.</strong></span> <span class='ocrx_word' id='word_1_518' title='bbox 800 5524 855 5579; x_wconf 81' lang='lat' dir='ltr'><strong>in</strong></span> <span class='ocrx_word' id='word_1_519' title='bbox 890 5524 1059 5596; x_wconf 76' lang='lat' dir='ltr'><strong>princ.</strong></span> <span class='ocrx_word' id='word_1_520' title='bbox 1104 5522 1269 5580; x_wconf 75' lang='grc' dir='ltr'><strong>Ρνοο.</strong></span> <span class='ocrx_word' id='word_1_521' title='bbox 1299 5553 1368 5566; x_wconf 91' lang='lat'><strong>-—-</strong></span> <span class='ocrx_word' id='word_1_522' title='bbox 1398 5522 1615 5580; x_wconf 85' lang='lat' dir='ltr'><strong>liancce</strong></span> <span class='ocrx_word' id='word_1_523' title='bbox 1654 5523 1823 5578; x_wconf 88' lang='lat' dir='ltr'><strong>vitam</strong></span> <span class='ocrx_word' id='word_1_524' title='bbox 1845 5562 1863 5589; x_wconf 88' lang='lat'><strong>,</strong></span> <span class='ocrx_word' id='word_1_525' title='bbox 1896 5538 2071 5595; x_wconf 86' lang='lat' dir='ltr'><strong>aquas</strong></span> 
     </span>
    </p>
   </div>
   <div class='ocr_carea' id='block_1_75' title="bbox 2117 1988 3687 2066">
    <p class='ocr_par' dir='ltr' id='par_1_75' title="bbox 2117 1988 3687 2066">
     <span class='ocr_line' id='line_1_75' title="bbox 2117 1988 3687 2066; baseline 0.006 -24"><span class='ocrx_word' id='word_1_526' title='bbox 2117 1988 2362 2056; x_wconf 65' lang='lat' dir='ltr'><strong>WE;</strong></span> <span class='ocrx_word' id='word_1_527' title='bbox 2384 1989 2463 2062; x_wconf 82' lang='grc' dir='ltr'><strong>τῷ</strong></span> <span class='ocrx_word' id='word_1_528' title='bbox 2490 1990 2703 2062; x_wconf 75' lang='grc' dir='ltr'><strong>πλούτῳ</strong></span> <span class='ocrx_word' id='word_1_529' title='bbox 2738 1994 2832 2047; x_wconf 76' lang='grc' dir='ltr'><strong>καὶ</strong></span> <span class='ocrx_word' id='word_1_530' title='bbox 2861 1994 3141 2066; x_wconf 77' lang='grc' dir='ltr'><strong>πολιτικήν</strong></span> <span class='ocrx_word' id='word_1_531' title='bbox 3186 2012 3308 2051; x_wconf 88' lang='grc' dir='ltr'><strong>τινα</strong></span> <span class='ocrx_word' id='word_1_532' title='bbox 3358 1996 3687 2066; x_wconf 70' lang='grc' dir='ltr'><strong>δυναστείαν,</strong></span> 
     </span>
    </p>
   </div>
   <div class='ocr_carea' id='block_1_76' title="bbox 2117 2082 3689 2163">
    <p class='ocr_par' dir='ltr' id='par_1_76' title="bbox 2117 2082 3689 2163">
     <span class='ocr_line' id='line_1_76' title="bbox 2117 2082 3689 2163; baseline 0.008 -28"><span class='ocrx_word' id='word_1_533' title='bbox 2117 2083 2341 2149; x_wconf 73' lang='grc' dir='ltr'><strong>καὶτὰς</strong></span> <span class='ocrx_word' id='word_1_534' title='bbox 2377 2084 2442 2139; x_wconf 77' lang='grc' dir='ltr'><strong>ἐκ</strong></span> <span class='ocrx_word' id='word_1_535' title='bbox 2497 2082 2766 2155; x_wconf 78' lang='grc' dir='ltr'><strong>βασιλέων</strong></span> <span class='ocrx_word' id='word_1_536' title='bbox 2802 2086 2971 2159; x_wconf 81' lang='grc' dir='ltr'><strong>τιμάς</strong></span> <span class='ocrx_word' id='word_1_537' title='bbox 2997 2082 3037 2153; x_wconf 80' lang='grc'><strong>,’</strong></span> <span class='ocrx_word' id='word_1_538' title='bbox 3064 2090 3098 2158; x_wconf 70' lang='grc' dir='ltr'><strong>ἢ</strong></span> <span class='ocrx_word' id='word_1_539' title='bbox 3143 2089 3313 2163; x_wconf 59' lang='grc' dir='ltr'><strong>ἐθνῶν</strong></span> <span class='ocrx_word' id='word_1_540' title='bbox 3355 2090 3689 2163; x_wconf 63' lang='grc' dir='ltr'><strong>ἐπιμέλειαν,</strong></span> 
     </span>
    </p>
   </div>
   <div class='ocr_carea' id='block_1_77' title="bbox 2119 2177 3691 2258">
    <p class='ocr_par' dir='ltr' id='par_1_77' title="bbox 2119 2177 3691 2258">
     <span class='ocr_line' id='line_1_77' title="bbox 2119 2177 3691 2258; baseline 0.007 -28"><span class='ocrx_word' id='word_1_541' title='bbox 2119 2177 2151 2249; x_wconf 75' lang='grc' dir='ltr'><strong>ἢ</strong></span> <span class='ocrx_word' id='word_1_542' title='bbox 2179 2178 2558 2250; x_wconf 76' lang='grc' dir='ltr'><strong>στρατοπέδων</strong></span> <span class='ocrx_word' id='word_1_543' title='bbox 2586 2180 2882 2251; x_wconf 81' lang='grc' dir='ltr'><strong>ἡγεμονίαν</strong></span> <span class='ocrx_word' id='word_1_544' title='bbox 2902 2194 2919 2211; x_wconf 79' lang='grc'>⁶</span> <span class='ocrx_word' id='word_1_545' title='bbox 2945 2181 3035 2236; x_wconf 77' lang='grc' dir='ltr'><strong>τὸν</strong></span> <span class='ocrx_word' id='word_1_546' title='bbox 3057 2183 3273 2255; x_wconf 77' lang='grc' dir='ltr'><strong>κήρυκα</strong></span> <span class='ocrx_word' id='word_1_547' title='bbox 3300 2184 3371 2257; x_wconf 72' lang='grc' dir='ltr'><strong>μὲ</strong></span> <span class='ocrx_word' id='word_1_548' title='bbox 3384 2202 3452 2255; x_wconf 71' lang='grc' dir='ltr'><strong>τα</strong></span> <span class='ocrx_word' id='word_1_549' title='bbox 3497 2184 3691 2258; x_wconf 64' lang='lat' dir='ltr'><strong>perime</strong></span> 
     </span>
    </p>
   </div>
   <div class='ocr_carea' id='block_1_78' title="bbox 2122 2269 3693 2351">
    <p class='ocr_par' dir='ltr' id='par_1_78' title="bbox 2122 2269 3693 2351">
     <span class='ocr_line' id='line_1_78' title="bbox 2122 2269 3693 2351; baseline 0.004 -26"><span class='ocrx_word' id='word_1_550' title='bbox 2122 2271 2227 2340; x_wconf 76' lang='grc' dir='ltr'><strong>πρὸ</strong></span> <span class='ocrx_word' id='word_1_551' title='bbox 2251 2269 2441 2339; x_wconf 77' lang='grc' dir='ltr'><strong>αὐτοῦ,</strong></span> <span class='ocrx_word' id='word_1_552' title='bbox 2474 2273 2605 2337; x_wconf 79' lang='grc' dir='ltr'><strong>τοὺς</strong></span> <span class='ocrx_word' id='word_1_553' title='bbox 2628 2274 2998 2346; x_wconf 68' lang='grc' dir='ltr'><strong>ῥαϐδοφόρους</strong></span> <span class='ocrx_word' id='word_1_554' title='bbox 3020 2274 3177 2331; x_wconf 81' lang='grc' dir='ltr'><strong>ἔνθεν</strong></span> <span class='ocrx_word' id='word_1_555' title='bbox 3200 2277 3300 2331; x_wconf 67' lang='grc' dir='ltr'><strong>καὶ</strong></span> <span class='ocrx_word' id='word_1_556' title='bbox 3341 2275 3506 2331; x_wconf 72' lang='grc' dir='ltr'><strong>ἔνθεν</strong></span> <span class='ocrx_word' id='word_1_557' title='bbox 3540 2277 3693 2351; x_wconf 67' lang='grc' dir='ltr'><strong>βαρδο</strong></span> 
     </span>
    </p>
   </div>
   <div class='ocr_carea' id='block_1_79' title="bbox 2120 2364 3694 2439">
    <p class='ocr_par' dir='ltr' id='par_1_79' title="bbox 2120 2364 3694 2439">
     <span class='ocr_line' id='line_1_79' title="bbox 2120 2364 3694 2439; baseline 0.006 -23"><span class='ocrx_word' id='word_1_558' title='bbox 2120 2364 2292 2433; x_wconf 81' lang='grc' dir='ltr'><strong>τάτην</strong></span> <span class='ocrx_word' id='word_1_559' title='bbox 2324 2364 2665 2436; x_wconf 77' lang='grc' dir='ltr'><strong>κατάπληξιν</strong></span> <span class='ocrx_word' id='word_1_560' title='bbox 2692 2368 2805 2431; x_wconf 87' lang='grc' dir='ltr'><strong>τοῖς</strong></span> <span class='ocrx_word' id='word_1_561' title='bbox 2833 2367 3161 2439; x_wconf 80' lang='grc' dir='ltr'><strong>ἀρχομένοις</strong></span> <span class='ocrx_word' id='word_1_562' title='bbox 3181 2366 3585 2439; x_wconf 74' lang='grc' dir='ltr'><strong>ἐμϐάλλοντας,</strong></span> <span class='ocrx_word' id='word_1_563' title='bbox 3608 2370 3694 2436; x_wconf 78' lang='grc' dir='ltr'><strong>τὰς</strong></span> 
     </span>
    </p>
   </div>
   <div class='ocr_carea' id='block_1_80' title="bbox 2124 2456 3693 2535">
    <p class='ocr_par' dir='ltr' id='par_1_80' title="bbox 2124 2456 3693 2535">
     <span class='ocr_line' id='line_1_80' title="bbox 2124 2456 3693 2535; baseline 0.006 -26"><span class='ocrx_word' id='word_1_564' title='bbox 2124 2456 2359 2528; x_wconf 76' lang='grc' dir='ltr'><strong>πληγὰς.</strong></span> <span class='ocrx_word' id='word_1_565' title='bbox 2386 2458 2487 2522; x_wconf 74' lang='grc' dir='ltr'><strong>τὰς</strong></span> <span class='ocrx_word' id='word_1_566' title='bbox 2520 2456 2835 2530; x_wconf 83' lang='grc' dir='ltr'><strong>δημεύσεις,</strong></span> <span class='ocrx_word' id='word_1_567' title='bbox 2866 2461 2966 2527; x_wconf 74' lang='grc' dir='ltr'><strong>τὰς</strong></span> <span class='ocrx_word' id='word_1_568' title='bbox 3002 2461 3329 2532; x_wconf 68' lang='grc' dir='ltr'><strong>ἀπαγωγάς,</strong></span> <span class='ocrx_word' id='word_1_569' title='bbox 3375 2462 3453 2517; x_wconf 79' lang='grc' dir='ltr'><strong>τὰ</strong></span> <span class='ocrx_word' id='word_1_570' title='bbox 3494 2463 3693 2535; x_wconf 82' lang='grc' dir='ltr'><strong>δεσμω-</strong></span> 
     </span>
    </p>
   </div>
   <div class='ocr_carea' id='block_1_81' title="bbox 2123 2549 3698 2630">
    <p class='ocr_par' dir='ltr' id='par_1_81' title="bbox 2123 2549 3698 2630">
     <span class='ocr_line' id='line_1_81' title="bbox 2123 2549 3698 2630; baseline 0.005 -24"><span class='ocrx_word' id='word_1_571' title='bbox 2123 2552 2307 2623; x_wconf 81' lang='grc' dir='ltr'><strong>τήρια,</strong></span> <span class='ocrx_word' id='word_1_572' title='bbox 2354 2551 2414 2619; x_wconf 72' lang='grc' dir='ltr'><strong>ἐξ</strong></span> <span class='ocrx_word' id='word_1_573' title='bbox 2454 2549 2532 2607; x_wconf 83' lang='grc' dir='ltr'><strong>ὧν</strong></span> <span class='ocrx_word' id='word_1_574' title='bbox 2583 2554 2895 2627; x_wconf 72' lang='grc' dir='ltr'><strong>ἀπόρρητος</strong></span> <span class='ocrx_word' id='word_1_575' title='bbox 2942 2555 2971 2608; x_wconf 84' lang='grc' dir='ltr'><strong>ό</strong></span> <span class='ocrx_word' id='word_1_576' title='bbox 3014 2555 3167 2628; x_wconf 83' lang='grc' dir='ltr'><strong>παρά</strong></span> <span class='ocrx_word' id='word_1_577' title='bbox 3219 2572 3333 2611; x_wconf 85' lang='grc' dir='ltr'><strong>των</strong></span> <span class='ocrx_word' id='word_1_578' title='bbox 3377 2556 3698 2630; x_wconf 72' lang='grc' dir='ltr'><strong>ὕποχειρίων</strong></span> 
     </span>
    </p>
   </div>
   <div class='ocr_carea' id='block_1_82' title="bbox 2128 2642 3701 2722">
    <p class='ocr_par' dir='ltr' id='par_1_82' title="bbox 2128 2642 3701 2722">
     <span class='ocr_line' id='line_1_82' title="bbox 2128 2642 3701 2722; baseline 0.004 -24"><span class='ocrx_word' id='word_1_579' title='bbox 2128 2642 2538 2717; x_wconf 79' lang='grc' dir='ltr'><strong>συναθροίζεται</strong></span> <span class='ocrx_word' id='word_1_580' title='bbox 2570 2648 2757 2717; x_wconf 75' lang='grc' dir='ltr'><strong>φόϐος.</strong></span> <span class='ocrx_word' id='word_1_581' title='bbox 2780 2647 2889 2702; x_wconf 75' lang='grc' dir='ltr'><strong>Καὶ</strong></span> <span class='ocrx_word' id='word_1_582' title='bbox 2916 2648 2971 2701; x_wconf 87' lang='grc' dir='ltr'><strong>τί</strong></span> <span class='ocrx_word' id='word_1_583' title='bbox 3017 2647 3158 2720; x_wconf 81' lang='grc' dir='ltr'><strong>μετὰ</strong></span> <span class='ocrx_word' id='word_1_584' title='bbox 3214 2648 3416 2713; x_wconf 83' lang='grc' dir='ltr'><strong>τοῦτο;</strong></span> <span class='ocrx_word' id='word_1_585' title='bbox 3475 2648 3576 2722; x_wconf 81' lang='grc' dir='ltr'><strong>μία</strong></span> <span class='ocrx_word' id='word_1_586' title='bbox 3615 2649 3701 2717; x_wconf 73' lang='grc' dir='ltr'><strong>νὺξ</strong></span> 
     </span>
    </p>
   </div>
   <div class='ocr_carea' id='block_1_83' title="bbox 2126 2739 3701 2816">
    <p class='ocr_par' dir='ltr' id='par_1_83' title="bbox 2126 2739 3701 2816">
     <span class='ocr_line' id='line_1_83' title="bbox 2126 2739 3701 2816; baseline 0.005 -25"><span class='ocrx_word' id='word_1_587' title='bbox 2126 2739 2219 2792; x_wconf 65' lang='grc' dir='ltr'><strong>καὶ</strong></span> <span class='ocrx_word' id='word_1_588' title='bbox 2244 2740 2556 2812; x_wconf 71' lang='grc' dir='ltr'><strong>πυρετὸς,ἢ</strong></span> <span class='ocrx_word' id='word_1_589' title='bbox 2600 2739 2918 2813; x_wconf 82' lang='grc' dir='ltr'><strong>πλευρίτης,</strong></span> <span class='ocrx_word' id='word_1_590' title='bbox 2968 2741 3002 2814; x_wconf 75' lang='grc' dir='ltr'><strong>ἢ</strong></span> <span class='ocrx_word' id='word_1_591' title='bbox 3056 2744 3503 2815; x_wconf 83' lang='grc' dir='ltr'><strong>περιπνευμονία</strong></span> <span class='ocrx_word' id='word_1_592' title='bbox 3550 2744 3701 2816; x_wconf 85' lang='grc' dir='ltr'><strong>ἀνάρ-</strong></span> 
     </span>
    </p>
   </div>
   <div class='ocr_carea' id='block_1_84' title="bbox 2128 2830 3696 2909">
    <p class='ocr_par' dir='ltr' id='par_1_84' title="bbox 2128 2830 3696 2909">
     <span class='ocr_line' id='line_1_84' title="bbox 2128 2830 3696 2909; baseline 0.005 -25"><span class='ocrx_word' id='word_1_593' title='bbox 2128 2848 2333 2885; x_wconf 83' lang='grc' dir='ltr'><strong>παστον</strong></span> <span class='ocrx_word' id='word_1_594' title='bbox 2368 2830 2427 2899; x_wconf 79' lang='grc' dir='ltr'><strong>ἐξ</strong></span> <span class='ocrx_word' id='word_1_595' title='bbox 2462 2831 2783 2902; x_wconf 81' lang='grc' dir='ltr'><strong>ἀνθρώπων,</strong></span> <span class='ocrx_word' id='word_1_596' title='bbox 2812 2834 3106 2903; x_wconf 81' lang='grc' dir='ltr'><strong>ἀπάγουσα</strong></span> <span class='ocrx_word' id='word_1_597' title='bbox 3147 2835 3240 2890; x_wconf 78' lang='grc' dir='ltr'><strong>τὸν</strong></span> <span class='ocrx_word' id='word_1_598' title='bbox 3292 2835 3590 2909; x_wconf 76' lang='grc' dir='ltr'><strong>ἄνθρωπον</strong></span> <span class='ocrx_word' id='word_1_599' title='bbox 3633 2837 3696 2892; x_wconf 84' lang='grc' dir='ltr'><strong>οί-</strong></span> 
     </span>
    </p>
   </div>
   <div class='ocr_carea' id='block_1_85' title="bbox 2127 2924 3703 3000">
    <p class='ocr_par' dir='ltr' id='par_1_85' title="bbox 2127 2924 3703 3000">
     <span class='ocr_line' id='line_1_85' title="bbox 2127 2924 3703 3000; baseline 0.005 -24"><span class='ocrx_word' id='word_1_600' title='bbox 2127 2939 2307 2996; x_wconf 82' lang='grc' dir='ltr'><strong>χεται,</strong></span> <span class='ocrx_word' id='word_1_601' title='bbox 2332 2925 2515 2978; x_wconf 79' lang='grc' dir='ltr'><strong>πᾶσαν</strong></span> <span class='ocrx_word' id='word_1_602' title='bbox 2531 2924 2629 2996; x_wconf 73' lang='grc' dir='ltr'><strong>τὴν</strong></span> <span class='ocrx_word' id='word_1_603' title='bbox 2656 2925 2775 2979; x_wconf 75' lang='grc' dir='ltr'><strong>κατ’</strong></span> <span class='ocrx_word' id='word_1_604' title='bbox 2802 2925 2966 2991; x_wconf 65' lang='grc' dir='ltr'><strong>αὐτὸν</strong></span> <span class='ocrx_word' id='word_1_605' title='bbox 3016 2926 3225 2999; x_wconf 75' lang='grc' dir='ltr'><strong>σκηνὴν</strong></span> <span class='ocrx_word' id='word_1_606' title='bbox 3256 2928 3529 3000; x_wconf 78' lang='grc' dir='ltr'><strong>ἐξαπίνης</strong></span> <span class='ocrx_word' id='word_1_607' title='bbox 3582 2929 3703 2984; x_wconf 85' lang='grc' dir='ltr'><strong>ἀπο-</strong></span> 
     </span>
    </p>
   </div>
   <div class='ocr_carea' id='block_1_86' title="bbox 2131 3013 3706 3092">
    <p class='ocr_par' dir='ltr' id='par_1_86' title="bbox 2131 3013 3706 3092">
     <span class='ocr_line' id='line_1_86' title="bbox 2131 3013 3706 3092; baseline 0.004 -24"><span class='ocrx_word' id='word_1_608' title='bbox 2131 3013 2488 3085; x_wconf 80' lang='grc' dir='ltr'><strong>γυμνώσασα,</strong></span> <span class='ocrx_word' id='word_1_609' title='bbox 2512 3016 2606 3069; x_wconf 71' lang='grc' dir='ltr'><strong>καὶ</strong></span> <span class='ocrx_word' id='word_1_610' title='bbox 2636 3017 2670 3088; x_wconf 74' lang='grc' dir='ltr'><strong>ἡ</strong></span> <span class='ocrx_word' id='word_1_611' title='bbox 2704 3015 2832 3086; x_wconf 72' lang='grc' dir='ltr'><strong>δόξα</strong></span> <span class='ocrx_word' id='word_1_612' title='bbox 2856 3016 3043 3090; x_wconf 73' lang='grc' dir='ltr'><strong>ἐκείνη</strong></span> <span class='ocrx_word' id='word_1_613' title='bbox 3074 3015 3267 3092; x_wconf 80' lang='grc' dir='ltr'><strong>ὥσπερ</strong></span> <span class='ocrx_word' id='word_1_614' title='bbox 3286 3018 3549 3077; x_wconf 77' lang='grc' dir='ltr'><strong>ἐνύπνιον</strong></span> <span class='ocrx_word' id='word_1_615' title='bbox 3582 3022 3706 3076; x_wconf 79' lang='grc' dir='ltr'><strong>άπε-</strong></span> 
     </span>
    </p>
   </div>
   <div class='ocr_carea' id='block_1_87' title="bbox 2129 3104 3709 3189">
    <p class='ocr_par' dir='ltr' id='par_1_87' title="bbox 2129 3104 3709 3189">
     <span class='ocr_line' id='line_1_87' title="bbox 2129 3104 3709 3189; baseline 0.007 -29"><span class='ocrx_word' id='word_1_616' title='bbox 2129 3105 2356 3177; x_wconf 79' lang='grc' dir='ltr'><strong>λέγχθη.</strong></span> <span class='ocrx_word' id='word_1_617' title='bbox 2381 3108 2547 3161; x_wconf 76' lang='grc' dir='ltr'><strong>’Ὥστε</strong></span> <span class='ocrx_word' id='word_1_618' title='bbox 2606 3104 2962 3165; x_wconf 67' lang='grc' dir='ltr'><strong>ἐπιτέτακται</strong></span> <span class='ocrx_word' id='word_1_619' title='bbox 3014 3109 3093 3183; x_wconf 79' lang='grc' dir='ltr'><strong>τῷ</strong></span> <span class='ocrx_word' id='word_1_620' title='bbox 3136 3114 3393 3187; x_wconf 77' lang='grc' dir='ltr'><strong>προφήτῃ</strong></span> <span class='ocrx_word' id='word_1_621' title='bbox 3425 3115 3463 3185; x_wconf 80' lang='grc' dir='ltr'><strong>ἠ</strong></span> <span class='ocrx_word' id='word_1_622' title='bbox 3494 3116 3628 3189; x_wconf 72' lang='grc' dir='ltr'><strong>πρὸς</strong></span> <span class='ocrx_word' id='word_1_623' title='bbox 3657 3116 3709 3171; x_wconf 68' lang='grc' dir='ltr'><strong>τὸ</strong></span> 
     </span>
    </p>
   </div>
   <div class='ocr_carea' id='block_1_88' title="bbox 2053 3201 3711 3312">
    <p class='ocr_par' dir='ltr' id='par_1_88' title="bbox 2053 3201 3711 3312">
     <span class='ocr_line' id='line_1_88' title="bbox 2053 3201 3711 3312; baseline 0.007 -56"><span class='ocrx_word' id='word_1_624' title='bbox 2053 3250 2099 3312; x_wconf 74' lang='lat' dir='ltr'><strong>c</strong></span> <span class='ocrx_word' id='word_1_625' title='bbox 2134 3201 2534 3275; x_wconf 74' lang='grc' dir='ltr'><strong>ἀδρανεστερον</strong></span> <span class='ocrx_word' id='word_1_626' title='bbox 2583 3202 2744 3271; x_wconf 85' lang='grc' dir='ltr'><strong>άνθος</strong></span> <span class='ocrx_word' id='word_1_627' title='bbox 2786 3204 3050 3274; x_wconf 81' lang='grc' dir='ltr'><strong>ὁμοίωσις</strong></span> <span class='ocrx_word' id='word_1_628' title='bbox 3089 3208 3187 3280; x_wconf 81' lang='grc' dir='ltr'><strong>τῆς</strong></span> <span class='ocrx_word' id='word_1_629' title='bbox 3232 3208 3590 3285; x_wconf 73' lang='grc' dir='ltr'><strong>ἀνθρωπίνης</strong></span> <span class='ocrx_word' id='word_1_630' title='bbox 3616 3212 3711 3284; x_wconf 70' lang='grc' dir='ltr'><strong>φύ-</strong></span> 
     </span>
    </p>
   </div>
   <div class='ocr_carea' id='block_1_89' title="bbox 2135 3312 2293 3361">
    <p class='ocr_par' dir='ltr' id='par_1_89' title="bbox 2135 3312 2293 3361">
     <span class='ocr_line' id='line_1_89' title="bbox 2135 3312 2293 3361; baseline 0.019 -10"><span class='ocrx_word' id='word_1_631' title='bbox 2135 3312 2293 3361; x_wconf 77' lang='grc' dir='ltr'><strong>σεως.</strong></span> 
     </span>
    </p>
   </div>
   <div class='ocr_carea' id='block_1_90' title="bbox 2208 3546 3709 3627">
    <p class='ocr_par' dir='ltr' id='par_1_90' title="bbox 2208 3546 3709 3627">
     <span class='ocr_line' id='line_1_90' title="bbox 2208 3546 3709 3627; baseline 0.003 -22"><span class='ocrx_word' id='word_1_632' title='bbox 2208 3549 2375 3605; x_wconf 74' lang='grc' dir='ltr'><strong>οὐδὲν</strong></span> <span class='ocrx_word' id='word_1_633' title='bbox 2409 3546 2637 3621; x_wconf 81' lang='grc' dir='ltr'><strong>μόνιμον</strong></span> <span class='ocrx_word' id='word_1_634' title='bbox 2668 3548 2774 3604; x_wconf 80' lang='grc' dir='ltr'><strong>τῶν</strong></span> <span class='ocrx_word' id='word_1_635' title='bbox 2800 3548 3192 3622; x_wconf 59' lang='grc' dir='ltr'><strong>ἀνθρωπίνων</strong></span> <span class='ocrx_word' id='word_1_636' title='bbox 3230 3551 3369 3605; x_wconf 74' lang='grc' dir='ltr'><strong>ἀλλὰ</strong></span> <span class='ocrx_word' id='word_1_637' title='bbox 3414 3553 3487 3607; x_wconf 80' lang='grc' dir='ltr'><strong>τά</strong></span> <span class='ocrx_word' id='word_1_638' title='bbox 3531 3552 3630 3627; x_wconf 75' lang='grc' dir='ltr'><strong>μὲν</strong></span> <span class='ocrx_word' id='word_1_639' title='bbox 3651 3555 3709 3609; x_wconf 68' lang='grc' dir='ltr'><strong>ιιι</strong></span> 
     </span>
    </p>
   </div>
   <div class='ocr_carea' id='block_1_91' title="bbox 2137 3642 3717 3722">
    <p class='ocr_par' dir='ltr' id='par_1_91' title="bbox 2137 3642 3717 3722">
     <span class='ocr_line' id='line_1_91' title="bbox 2137 3642 3717 3722; baseline 0.001 -22"><span class='ocrx_word' id='word_1_640' title='bbox 2137 3642 2233 3700; x_wconf 78' lang='grc' dir='ltr'><strong>τοῦ</strong></span> <span class='ocrx_word' id='word_1_641' title='bbox 2264 3646 2341 3717; x_wconf 82' lang='grc' dir='ltr'><strong>μὴ</strong></span> <span class='ocrx_word' id='word_1_642' title='bbox 2362 3643 2516 3709; x_wconf 74' lang='grc' dir='ltr'><strong>εντος</strong></span> <span class='ocrx_word' id='word_1_643' title='bbox 2545 3644 2791 3717; x_wconf 83' lang='grc' dir='ltr'><strong>πρόεισιν</strong></span> <span class='ocrx_word' id='word_1_644' title='bbox 2822 3646 2903 3709; x_wconf 90' lang='grc' dir='ltr'><strong>εἰς</strong></span> <span class='ocrx_word' id='word_1_645' title='bbox 2934 3644 2995 3699; x_wconf 85' lang='grc' dir='ltr'><strong>τὸ</strong></span> <span class='ocrx_word' id='word_1_646' title='bbox 3017 3645 3223 3700; x_wconf 77' lang='grc' dir='ltr'><strong>τέλειον</strong></span> <span class='ocrx_word' id='word_1_647' title='bbox 3240 3662 3253 3677; x_wconf 77' lang='grc' dir='ltr'><strong>ο</strong></span> <span class='ocrx_word' id='word_1_648' title='bbox 3286 3646 3354 3700; x_wconf 81' lang='grc' dir='ltr'><strong>τὰ</strong></span> <span class='ocrx_word' id='word_1_649' title='bbox 3380 3647 3441 3701; x_wconf 74' lang='grc' dir='ltr'><strong>δὲ</strong></span> <span class='ocrx_word' id='word_1_650' title='bbox 3465 3647 3606 3722; x_wconf 77' lang='grc' dir='ltr'><strong>πρὸς</strong></span> <span class='ocrx_word' id='word_1_651' title='bbox 3628 3646 3717 3718; x_wconf 72' lang='grc' dir='ltr'><strong>τὴν</strong></span> 
     </span>
    </p>
   </div>
   <div class='ocr_carea' id='block_1_92' title="bbox 2140 3736 3716 3813">
    <p class='ocr_par' dir='ltr' id='par_1_92' title="bbox 2140 3736 3716 3813">
     <span class='ocr_line' id='line_1_92' title="bbox 2140 3736 3716 3813; baseline 0.001 -20"><span class='ocrx_word' id='word_1_652' title='bbox 2140 3738 2348 3794; x_wconf 81' lang='grc' dir='ltr'><strong>οίκείαν</strong></span> <span class='ocrx_word' id='word_1_653' title='bbox 2381 3737 2569 3810; x_wconf 75' lang='grc' dir='ltr'><strong>ἀκμὴν</strong></span> <span class='ocrx_word' id='word_1_654' title='bbox 2612 3736 2917 3809; x_wconf 76' lang='grc' dir='ltr'><strong>φθάσαντα,</strong></span> <span class='ocrx_word' id='word_1_655' title='bbox 2948 3737 3045 3791; x_wconf 67' lang='grc' dir='ltr'><strong>καὶ</strong></span> <span class='ocrx_word' id='word_1_656' title='bbox 3088 3738 3153 3792; x_wconf 80' lang='grc' dir='ltr'><strong>τδ</strong></span> <span class='ocrx_word' id='word_1_657' title='bbox 3184 3737 3491 3811; x_wconf 69' lang='grc' dir='ltr'><strong>ἀκρότατον</strong></span> <span class='ocrx_word' id='word_1_658' title='bbox 3530 3740 3716 3813; x_wconf 68' lang='grc' dir='ltr'><strong>μέτρον</strong></span> 
     </span>
    </p>
   </div>
   <div class='ocr_carea' id='block_1_93' title="bbox 2142 3828 3719 3905">
    <p class='ocr_par' dir='ltr' id='par_1_93' title="bbox 2142 3828 3719 3905">
     <span class='ocr_line' id='line_1_93' title="bbox 2142 3828 3719 3905; baseline 0.001 -20"><span class='ocrx_word' id='word_1_659' title='bbox 2142 3830 2322 3885; x_wconf 80' lang='grc' dir='ltr'><strong>αὐτῶν</strong></span> <span class='ocrx_word' id='word_1_660' title='bbox 2359 3829 2687 3902; x_wconf 78' lang='grc' dir='ltr'><strong>αὐξηθέντα,</strong></span> <span class='ocrx_word' id='word_1_661' title='bbox 2727 3828 2893 3885; x_wconf 85' lang='grc' dir='ltr'><strong>πάλιν</strong></span> <span class='ocrx_word' id='word_1_662' title='bbox 2936 3832 3055 3894; x_wconf 83' lang='grc' dir='ltr'><strong>ταῖς</strong></span> <span class='ocrx_word' id='word_1_663' title='bbox 3094 3829 3239 3885; x_wconf 80' lang='grc' dir='ltr'><strong>κατά</strong></span> <span class='ocrx_word' id='word_1_664' title='bbox 3278 3832 3480 3905; x_wconf 74' lang='grc' dir='ltr'><strong>μικρὸν</strong></span> <span class='ocrx_word' id='word_1_665' title='bbox 3502 3833 3719 3905; x_wconf 74' lang='grc' dir='ltr'><strong>ὑφαιρέ-</strong></span> 
     </span>
    </p>
   </div>
   <div class='ocr_carea' id='block_1_94' title="bbox 2147 3921 3723 3997">
    <p class='ocr_par' dir='ltr' id='par_1_94' title="bbox 2147 3921 3723 3997">
     <span class='ocr_line' id='line_1_94' title="bbox 2147 3921 3723 3997; baseline 0.002 -19"><span class='ocrx_word' id='word_1_666' title='bbox 2147 3940 2265 3978; x_wconf 77' lang='grc' dir='ltr'><strong>σεσι</strong></span> <span class='ocrx_word' id='word_1_667' title='bbox 2314 3922 2491 3993; x_wconf 80' lang='grc' dir='ltr'><strong>φθίνει</strong></span> <span class='ocrx_word' id='word_1_668' title='bbox 2541 3939 2600 3976; x_wconf 86' lang='grc' dir='ltr'><strong>τε</strong></span> <span class='ocrx_word' id='word_1_669' title='bbox 2649 3922 2747 3977; x_wconf 73' lang='grc' dir='ltr'><strong>καὶ</strong></span> <span class='ocrx_word' id='word_1_670' title='bbox 2795 3921 3095 3990; x_wconf 75' lang='grc' dir='ltr'><strong>διαλύεται,</strong></span> <span class='ocrx_word' id='word_1_671' title='bbox 3154 3923 3250 3978; x_wconf 72' lang='grc' dir='ltr'><strong>καὶ</strong></span> <span class='ocrx_word' id='word_1_672' title='bbox 3291 3924 3601 3997; x_wconf 78' lang='grc' dir='ltr'><strong>μειούμενα</strong></span> <span class='ocrx_word' id='word_1_673' title='bbox 3630 3943 3723 3981; x_wconf 79' lang='grc' dir='ltr'><strong>κα·</strong></span> 
     </span>
    </p>
   </div>
   <div class='ocr_carea' id='block_1_95' title="bbox 2147 4014 3725 4092">
    <p class='ocr_par' dir='ltr' id='par_1_95' title="bbox 2147 4014 3725 4092">
     <span class='ocr_line' id='line_1_95' title="bbox 2147 4014 3725 4092; baseline 0.001 -19"><span class='ocrx_word' id='word_1_674' title='bbox 2147 4017 2416 4089; x_wconf 85' lang='grc' dir='ltr'><strong>θαιρείται</strong></span> <span class='ocrx_word' id='word_1_675' title='bbox 2443 4032 2459 4048; x_wconf 75' lang='grc' dir='ltr'><strong>ο</strong></span> <span class='ocrx_word' id='word_1_676' title='bbox 2489 4015 2631 4071; x_wconf 83' lang='grc' dir='ltr'><strong>ὥστε</strong></span> <span class='ocrx_word' id='word_1_677' title='bbox 2658 4017 2723 4071; x_wconf 79' lang='grc' dir='ltr'><strong>ὲκ</strong></span> <span class='ocrx_word' id='word_1_678' title='bbox 2755 4014 2851 4070; x_wconf 75' lang='grc' dir='ltr'><strong>τοῦ</strong></span> <span class='ocrx_word' id='word_1_679' title='bbox 2878 4014 3021 4071; x_wconf 80' lang='grc' dir='ltr'><strong>κατὰ</strong></span> <span class='ocrx_word' id='word_1_680' title='bbox 3059 4015 3163 4088; x_wconf 74' lang='grc' dir='ltr'><strong>τὴν</strong></span> <span class='ocrx_word' id='word_1_681' title='bbox 3197 4016 3431 4090; x_wconf 79' lang='grc' dir='ltr'><strong>σελήνην</strong></span> <span class='ocrx_word' id='word_1_682' title='bbox 3459 4018 3725 4092; x_wconf 82' lang='grc' dir='ltr'><strong>θεάματος</strong></span> 
     </span>
    </p>
   </div>
   <div class='ocr_carea' id='block_1_96' title="bbox 2148 4108 3724 4184">
    <p class='ocr_par' dir='ltr' id='par_1_96' title="bbox 2148 4108 3724 4184">
     <span class='ocr_line' id='line_1_96' title="bbox 2148 4108 3724 4184; baseline 0.001 -19"><span class='ocrx_word' id='word_1_683' title='bbox 2148 4108 2506 4166; x_wconf 78' lang='grc' dir='ltr'><strong>παιδεύεσθαι</strong></span> <span class='ocrx_word' id='word_1_684' title='bbox 2540 4110 2690 4182; x_wconf 77' lang='grc' dir='ltr'><strong>ημᾶς</strong></span> <span class='ocrx_word' id='word_1_685' title='bbox 2713 4108 2783 4165; x_wconf 85' lang='grc' dir='ltr'><strong>τά</strong></span> <span class='ocrx_word' id='word_1_686' title='bbox 2812 4108 3080 4182; x_wconf 73' lang='grc' dir='ltr'><strong>ἡμέτερα,</strong></span> <span class='ocrx_word' id='word_1_687' title='bbox 3116 4108 3215 4163; x_wconf 77' lang='grc' dir='ltr'><strong>καὶ</strong></span> <span class='ocrx_word' id='word_1_688' title='bbox 3244 4110 3343 4184; x_wconf 79' lang='grc' dir='ltr'><strong>τῆς</strong></span> <span class='ocrx_word' id='word_1_689' title='bbox 3368 4112 3601 4183; x_wconf 80' lang='grc' dir='ltr'><strong>ταχείας</strong></span> <span class='ocrx_word' id='word_1_690' title='bbox 3624 4112 3724 4167; x_wconf 73' lang='grc' dir='ltr'><strong>τῶν</strong></span> 
     </span>
    </p>
   </div>
   <div class='ocr_carea' id='block_1_97' title="bbox 2150 4202 3725 4282">
    <p class='ocr_par' dir='ltr' id='par_1_97' title="bbox 2150 4202 3725 4282">
     <span class='ocr_line' id='line_1_97' title="bbox 2150 4202 3725 4282; baseline 0.001 -23"><span class='ocrx_word' id='word_1_691' title='bbox 2150 4202 2509 4282; x_wconf 76' lang='grc' dir='ltr'><strong>ἀνθρωπίνων</strong></span> <span class='ocrx_word' id='word_1_692' title='bbox 2553 4205 2896 4277; x_wconf 80' lang='grc' dir='ltr'><strong>περιτροπῆς</strong></span> <span class='ocrx_word' id='word_1_693' title='bbox 2944 4202 3325 4274; x_wconf 81' lang='grc' dir='ltr'><strong>λαμδάνοντας</strong></span> <span class='ocrx_word' id='word_1_694' title='bbox 3370 4203 3608 4270; x_wconf 76' lang='grc' dir='ltr'><strong>ἔννοιαν,</strong></span> <span class='ocrx_word' id='word_1_695' title='bbox 3657 4206 3725 4278; x_wconf 69' lang='grc' dir='ltr'><strong>μὴ</strong></span> 
     </span>
    </p>
   </div>
   <div class='ocr_carea' id='block_1_98' title="bbox 2155 4295 3727 4372">
    <p class='ocr_par' dir='ltr' id='par_1_98' title="bbox 2155 4295 3727 4372">
     <span class='ocr_line' id='line_1_98' title="bbox 2155 4295 3727 4372; baseline 0.001 -20"><span class='ocrx_word' id='word_1_696' title='bbox 2155 4299 2585 4372; x_wconf 80' lang='grc' dir='ltr'><strong>μεγαλοφρονεῖν</strong></span> <span class='ocrx_word' id='word_1_697' title='bbox 2630 4298 2753 4363; x_wconf 85' lang='grc' dir='ltr'><strong>ταῖς</strong></span> <span class='ocrx_word' id='word_1_698' title='bbox 2814 4295 3294 4372; x_wconf 2' lang='grc' dir='ltr'><strong>εὐημερίαιςςτοῦ</strong></span> <span class='ocrx_word' id='word_1_699' title='bbox 3325 4295 3467 4367; x_wconf 76' lang='grc' dir='ltr'><strong>βίου,</strong></span> <span class='ocrx_word' id='word_1_700' title='bbox 3519 4300 3597 4371; x_wconf 77' lang='grc' dir='ltr'><strong>μὴ</strong></span> <span class='ocrx_word' id='word_1_701' title='bbox 3644 4302 3727 4354; x_wconf 69' lang='grc' dir='ltr'><strong>ἰπ-</strong></span> 
     </span>
    </p>
   </div>
   <div class='ocr_carea' id='block_1_99' title="bbox 2152 4369 3728 4463">
    <p class='ocr_par' dir='ltr' id='par_1_99' title="bbox 2152 4369 3728 4463">
     <span class='ocr_line' id='line_1_99' title="bbox 2152 4369 3728 4463; baseline 0.001 -17"><span class='ocrx_word' id='word_1_702' title='bbox 2152 4369 2487 4461; x_wconf 80' lang='grc' dir='ltr'><strong>ατάλλεσθαι</strong></span> <span class='ocrx_word' id='word_1_703' title='bbox 2516 4388 2881 4455; x_wconf 78' lang='grc' dir='ltr'><strong>δυναστείαις,</strong></span> <span class='ocrx_word' id='word_1_704' title='bbox 2902 4388 2979 4461; x_wconf 77' lang='grc' dir='ltr'><strong>μὴ</strong></span> <span class='ocrx_word' id='word_1_705' title='bbox 3006 4369 3330 4461; x_wconf 73' lang='grc' dir='ltr'><strong>ἱπαίρεσθαι</strong></span> <span class='ocrx_word' id='word_1_706' title='bbox 3345 4369 3592 4447; x_wconf 29' lang='grc' dir='ltr'><strong>πλούτου-</strong></span> <span class='ocrx_word' id='word_1_707' title='bbox 3608 4391 3728 4463; x_wconf 78' lang='grc' dir='ltr'><strong>ἀδη-</strong></span> 
     </span>
    </p>
   </div>
   <div class='ocr_carea' id='block_1_100' title="bbox 2153 4479 3724 4554">
    <p class='ocr_par' dir='ltr' id='par_1_100' title="bbox 2153 4479 3724 4554">
     <span class='ocr_line' id='line_1_100' title="bbox 2153 4479 3724 4554; baseline 0.003 -20"><span class='ocrx_word' id='word_1_708' title='bbox 2153 4480 2337 4553; x_wconf 81' lang='grc' dir='ltr'><strong>λότητι</strong></span> <span class='ocrx_word' id='word_1_709' title='bbox 2359 4498 2374 4513; x_wconf 89' lang='grc'><strong>·</strong></span> <span class='ocrx_word' id='word_1_710' title='bbox 2403 4481 2756 4553; x_wconf 77' lang='grc' dir='ltr'><strong>περιφρονεῖν</strong></span> <span class='ocrx_word' id='word_1_711' title='bbox 2776 4479 2876 4552; x_wconf 81' lang='grc' dir='ltr'><strong>τῆς</strong></span> <span class='ocrx_word' id='word_1_712' title='bbox 2901 4479 3106 4553; x_wconf 78' lang='grc' dir='ltr'><strong>σαρκὸς</strong></span> <span class='ocrx_word' id='word_1_713' title='bbox 3126 4479 3255 4553; x_wconf 81' lang='grc' dir='ltr'><strong>περὶ</strong></span> <span class='ocrx_word' id='word_1_714' title='bbox 3289 4480 3407 4554; x_wconf 80' lang='grc' dir='ltr'><strong>ἠνὴ</strong></span> <span class='ocrx_word' id='word_1_715' title='bbox 3427 4481 3724 4551; x_wconf 79' lang='grc' dir='ltr'><strong>ἀλλοίωσις,</strong></span> 
     </span>
    </p>
   </div>
   <div class='ocr_carea' id='block_1_101' title="bbox 2156 4563 3728 4644">
    <p class='ocr_par' dir='ltr' id='par_1_101' title="bbox 2156 4563 3728 4644">
     <span class='ocr_line' id='line_1_101' title="bbox 2156 4563 3728 4644; baseline 0.001 -19"><span class='ocrx_word' id='word_1_716' title='bbox 2156 4570 2537 4644; x_wconf 66' lang='grc' dir='ltr'><strong>ἐπιμελεῖσθαι</strong></span> <span class='ocrx_word' id='word_1_717' title='bbox 2576 4570 2636 4625; x_wconf 73' lang='grc' dir='ltr'><strong>δὲ</strong></span> <span class='ocrx_word' id='word_1_718' title='bbox 2684 4570 2786 4641; x_wconf 81' lang='grc' dir='ltr'><strong>τῆς</strong></span> <span class='ocrx_word' id='word_1_719' title='bbox 2849 4567 3065 4641; x_wconf 79' lang='grc' dir='ltr'><strong>ψυχῆς,</strong></span> <span class='ocrx_word' id='word_1_720' title='bbox 3111 4563 3191 4643; x_wconf 67' lang='grc' dir='ltr'><strong>’ἧς</strong></span> <span class='ocrx_word' id='word_1_721' title='bbox 3232 4570 3294 4623; x_wconf 83' lang='grc' dir='ltr'><strong>τδ</strong></span> <span class='ocrx_word' id='word_1_722' title='bbox 3331 4570 3542 4641; x_wconf 82' lang='grc' dir='ltr'><strong>ἀγαθόν</strong></span> <span class='ocrx_word' id='word_1_723' title='bbox 3589 4574 3728 4627; x_wconf 72' lang='grc' dir='ltr'><strong>ἐστιν</strong></span> 
     </span>
    </p>
   </div>
   <div class='ocr_carea' id='block_1_102' title="bbox 2160 4661 3731 4737">
    <p class='ocr_par' dir='ltr' id='par_1_102' title="bbox 2160 4661 3731 4737">
     <span class='ocr_line' id='line_1_102' title="bbox 2160 4661 3731 4737; baseline -0.001 -17"><span class='ocrx_word' id='word_1_724' title='bbox 2160 4664 2437 4737; x_wconf 81' lang='grc' dir='ltr'><strong>ἀκίνητον.</strong></span> <span class='ocrx_word' id='word_1_725' title='bbox 2476 4664 2539 4719; x_wconf 77' lang='lat' dir='ltr'><strong>Et</strong></span> <span class='ocrx_word' id='word_1_726' title='bbox 2571 4661 2630 4718; x_wconf 76' lang='grc' dir='ltr'><strong>δὲ</strong></span> <span class='ocrx_word' id='word_1_727' title='bbox 2676 4662 2841 4717; x_wconf 78' lang='grc' dir='ltr'><strong>λυπεῖ</strong></span> <span class='ocrx_word' id='word_1_728' title='bbox 2892 4679 2951 4716; x_wconf 88' lang='grc' dir='ltr'><strong>σε</strong></span> <span class='ocrx_word' id='word_1_729' title='bbox 3005 4662 3040 4733; x_wconf 79' lang='grc' dir='ltr'><strong>ἡ</strong></span> <span class='ocrx_word' id='word_1_730' title='bbox 3099 4661 3296 4735; x_wconf 77' lang='grc' dir='ltr'><strong>σελήνη</strong></span> <span class='ocrx_word' id='word_1_731' title='bbox 3326 4664 3448 4728; x_wconf 78' lang='grc' dir='ltr'><strong>ταζς</strong></span> <span class='ocrx_word' id='word_1_732' title='bbox 3477 4663 3617 4719; x_wconf 75' lang='grc' dir='ltr'><strong>κατὰ</strong></span> <span class='ocrx_word' id='word_1_733' title='bbox 3647 4680 3731 4735; x_wconf 83' lang='grc' dir='ltr'><strong>μι-</strong></span> 
     </span>
    </p>
   </div>
   <div class='ocr_carea' id='block_1_103' title="bbox 2160 4750 3729 4831">
    <p class='ocr_par' dir='ltr' id='par_1_103' title="bbox 2160 4750 3729 4831">
     <span class='ocr_line' id='line_1_103' title="bbox 2160 4750 3729 4831; baseline -0.003 -20"><span class='ocrx_word' id='word_1_734' title='bbox 2160 4756 2290 4828; x_wconf 71' lang='grc' dir='ltr'><strong>κρὸν</strong></span> <span class='ocrx_word' id='word_1_735' title='bbox 2330 4753 2657 4827; x_wconf 76' lang='grc' dir='ltr'><strong>ἀφαιρέσεσι</strong></span> <span class='ocrx_word' id='word_1_736' title='bbox 2707 4751 2769 4807; x_wconf 75' lang='grc' dir='ltr'><strong>τὸ</strong></span> <span class='ocrx_word' id='word_1_737' title='bbox 2816 4750 3471 4831; x_wconf 64' lang='grc' dir='ltr'><strong>φέγγοςὲξαφανίζουσα,</strong></span> <span class='ocrx_word' id='word_1_738' title='bbox 3501 4751 3729 4809; x_wconf 81' lang='grc' dir='ltr'><strong>λυπείτω</strong></span> 
     </span>
    </p>
   </div>
   <div class='ocr_carea' id='block_1_104' title="bbox 2162 4843 3728 4918">
    <p class='ocr_par' dir='ltr' id='par_1_104' title="bbox 2162 4843 3728 4918">
     <span class='ocr_line' id='line_1_104' title="bbox 2162 4843 3728 4918; baseline -0.001 -15"><span class='ocrx_word' id='word_1_739' title='bbox 2162 4865 2223 4903; x_wconf 77' lang='grc' dir='ltr'><strong>σε</strong></span> <span class='ocrx_word' id='word_1_740' title='bbox 2276 4847 2440 4904; x_wconf 83' lang='grc' dir='ltr'><strong>πλέον</strong></span> <span class='ocrx_word' id='word_1_741' title='bbox 2499 4843 2650 4917; x_wconf 75' lang='grc' dir='ltr'><strong>ψυχὴ</strong></span> <span class='ocrx_word' id='word_1_742' title='bbox 2708 4844 2911 4918; x_wconf 79' lang='grc' dir='ltr'><strong>ἀρετὴν</strong></span> <span class='ocrx_word' id='word_1_743' title='bbox 2967 4844 3044 4917; x_wconf 78' lang='grc' dir='ltr'><strong>μὴ</strong></span> <span class='ocrx_word' id='word_1_744' title='bbox 3110 4847 3457 4918; x_wconf 77' lang='grc' dir='ltr'><strong>κτησαμένη,</strong></span> <span class='ocrx_word' id='word_1_745' title='bbox 3503 4848 3598 4901; x_wconf 71' lang='grc' dir='ltr'><strong>καὶ</strong></span> <span class='ocrx_word' id='word_1_746' title='bbox 3642 4846 3728 4902; x_wconf 69' lang='grc' dir='ltr'><strong>διὰ</strong></span> 
     </span>
    </p>
   </div>
   <div class='ocr_carea' id='block_1_105' title="bbox 2161 4935 3724 5013">
    <p class='ocr_par' dir='ltr' id='par_1_105' title="bbox 2161 4935 3724 5013">
     <span class='ocr_line' id='line_1_105' title="bbox 2161 4935 3724 5013; baseline -0.002 -17"><span class='ocrx_word' id='word_1_747' title='bbox 2161 4940 2493 5013; x_wconf 80' lang='grc' dir='ltr'><strong>άπροοεξίας</strong></span> <span class='ocrx_word' id='word_1_748' title='bbox 2531 4939 2714 4993; x_wconf 75' lang='grc' dir='ltr'><strong>αἰτίαν</strong></span> <span class='ocrx_word' id='word_1_749' title='bbox 2758 4937 2819 4992; x_wconf 83' lang='grc' dir='ltr'><strong>τὸ</strong></span> <span class='ocrx_word' id='word_1_750' title='bbox 2864 4936 3032 4994; x_wconf 75' lang='grc' dir='ltr'><strong>καλὸν</strong></span> <span class='ocrx_word' id='word_1_751' title='bbox 3074 4935 3433 5007; x_wconf 72' lang='grc' dir='ltr'><strong>ἀφανίζουσα,</strong></span> <span class='ocrx_word' id='word_1_752' title='bbox 3480 4939 3574 4993; x_wconf 77' lang='grc' dir='ltr'><strong>καὶ</strong></span> <span class='ocrx_word' id='word_1_753' title='bbox 3625 4954 3724 5010; x_wconf 75' lang='grc' dir='ltr'><strong>μη-</strong></span> 
     </span>
    </p>
   </div>
   <div class='ocr_carea' id='block_1_106' title="bbox 2161 5028 3729 5105">
    <p class='ocr_par' dir='ltr' id='par_1_106' title="bbox 2161 5028 3729 5105">
     <span class='ocr_line' id='line_1_106' title="bbox 2161 5028 3729 5105; baseline -0.004 -15"><span class='ocrx_word' id='word_1_754' title='bbox 2161 5034 2352 5090; x_wconf 71' lang='grc' dir='ltr'><strong>δέποτε</strong></span> <span class='ocrx_word' id='word_1_755' title='bbox 2405 5033 2499 5089; x_wconf 73' lang='grc' dir='ltr'><strong>ἐπὶ</strong></span> <span class='ocrx_word' id='word_1_756' title='bbox 2546 5035 2646 5105; x_wconf 80' lang='grc' dir='ltr'><strong>τῆς</strong></span> <span class='ocrx_word' id='word_1_757' title='bbox 2690 5030 2867 5105; x_wconf 78' lang='grc' dir='ltr'><strong>αὐτῆς</strong></span> <span class='ocrx_word' id='word_1_758' title='bbox 2908 5028 3204 5093; x_wconf 70' lang='grc' dir='ltr'><strong>διαθέσεως</strong></span> <span class='ocrx_word' id='word_1_759' title='bbox 3256 5029 3533 5103; x_wconf 68' lang='grc' dir='ltr'><strong>μένουσαυ</strong></span> <span class='ocrx_word' id='word_1_760' title='bbox 3600 5028 3729 5085; x_wconf 76' lang='grc' dir='ltr'><strong>ἀλλὰ</strong></span> 
     </span>
    </p>
   </div>
   <div class='ocr_carea' id='block_1_107' title="bbox 2166 5121 3729 5201">
    <p class='ocr_par' dir='ltr' id='par_1_107' title="bbox 2166 5121 3729 5201">
     <span class='ocr_line' id='line_1_107' title="bbox 2166 5121 3729 5201; baseline -0.005 -16"><span class='ocrx_word' id='word_1_761' title='bbox 2166 5128 2349 5185; x_wconf 79' lang='grc' dir='ltr'><strong>πυκνὰ</strong></span> <span class='ocrx_word' id='word_1_762' title='bbox 2394 5125 2733 5201; x_wconf 79' lang='grc' dir='ltr'><strong>τρεπομένη,</strong></span> <span class='ocrx_word' id='word_1_763' title='bbox 2782 5123 2879 5181; x_wconf 74' lang='grc' dir='ltr'><strong>καὶ</strong></span> <span class='ocrx_word' id='word_1_764' title='bbox 2931 5121 3380 5197; x_wconf 73' lang='grc' dir='ltr'><strong>μεταϐαλλομένη</strong></span> <span class='ocrx_word' id='word_1_765' title='bbox 3424 5124 3514 5180; x_wconf 87' lang='grc' dir='ltr'><strong>διά</strong></span> <span class='ocrx_word' id='word_1_766' title='bbox 3548 5123 3609 5178; x_wconf 84' lang='grc' dir='ltr'><strong>τδ</strong></span> <span class='ocrx_word' id='word_1_767' title='bbox 3636 5122 3729 5195; x_wconf 79' lang='grc' dir='ltr'><strong>τῆς</strong></span> 
     </span>
    </p>
   </div>
   <div class='ocr_carea' id='block_1_108' title="bbox 2164 5218 2719 5293">
    <p class='ocr_par' dir='ltr' id='par_1_108' title="bbox 2164 5218 2719 5293">
     <span class='ocr_line' id='line_1_108' title="bbox 2164 5218 2719 5293; baseline -0.002 -20"><span class='ocrx_word' id='word_1_768' title='bbox 2164 5220 2391 5293; x_wconf 73' lang='grc' dir='ltr'><strong>γνώμης</strong></span> <span class='ocrx_word' id='word_1_769' title='bbox 2418 5218 2719 5292; x_wconf 84' lang='grc' dir='ltr'><strong>ἀνίδρυτον.</strong></span> 
     </span>
    </p>
   </div>
   <div class='ocr_carea' id='block_1_109' title="bbox 2240 5495 3728 5579">
    <p class='ocr_par' dir='ltr' id='par_1_109' title="bbox 2240 5495 3728 5579">
     <span class='ocr_line' id='line_1_109' title="bbox 2240 5495 3728 5579; baseline -0.007 -16"><span class='ocrx_word' id='word_1_770' title='bbox 2240 5508 2349 5565; x_wconf 74' lang='grc' dir='ltr'><strong>Τὸν</strong></span> <span class='ocrx_word' id='word_1_771' title='bbox 2402 5506 2516 5579; x_wconf 83' lang='grc' dir='ltr'><strong>βίον</strong></span> <span class='ocrx_word' id='word_1_772' title='bbox 2559 5503 2751 5561; x_wconf 76' lang='grc' dir='ltr'><strong>τοῦτον</strong></span> <span class='ocrx_word' id='word_1_773' title='bbox 2796 5499 3067 5574; x_wconf 84' lang='grc' dir='ltr'><strong>πολλαχοῦ</strong></span> <span class='ocrx_word' id='word_1_774' title='bbox 3109 5498 3438 5574; x_wconf 72' lang='grc' dir='ltr'><strong>εὑρίσκομεν</strong></span> <span class='ocrx_word' id='word_1_775' title='bbox 3482 5497 3582 5553; x_wconf 73' lang='grc' dir='ltr'><strong>ὑπὸ</strong></span> <span class='ocrx_word' id='word_1_776' title='bbox 3636 5495 3728 5567; x_wconf 76' lang='grc' dir='ltr'><strong>τῆς</strong></span> 
     </span>
    </p>
   </div>
   <div class='ocr_carea' id='block_1_110' title="bbox 492 5590 2030 5688">
    <p class='ocr_par' dir='ltr' id='par_1_110' title="bbox 492 5613 2029 5688">
     <span class='ocr_line' id='line_1_110' title="bbox 492 5613 2029 5688; baseline -0.005 -11"><span class='ocrx_word' id='word_1_777' title='bbox 492 5630 551 5677; x_wconf 89' lang='lat' dir='ltr'><strong>et</strong></span> <span class='ocrx_word' id='word_1_778' title='bbox 582 5635 735 5676; x_wconf 88' lang='lat' dir='ltr'><strong>mare</strong></span> <span class='ocrx_word' id='word_1_779' title='bbox 763 5617 821 5673; x_wconf 91' lang='lat' dir='ltr'><strong>in</strong></span> <span class='ocrx_word' id='word_1_780' title='bbox 854 5616 1145 5688; x_wconf 86' lang='lat' dir='ltr'><strong>Scriptura</strong></span> <span class='ocrx_word' id='word_1_781' title='bbox 1174 5615 1488 5686; x_wconf 86' lang='lat' dir='ltr'><strong>nuncupari</strong></span> <span class='ocrx_word' id='word_1_782' title='bbox 1520 5613 1827 5686; x_wconf 86' lang='lat' dir='ltr'><strong>reperimus</strong></span> <span class='ocrx_word' id='word_1_783' title='bbox 1848 5653 1869 5680; x_wconf 83' lang='lat'><strong>,</strong></span> <span class='ocrx_word' id='word_1_784' title='bbox 1914 5623 1973 5670; x_wconf 91' lang='lat' dir='ltr'><strong>ut</strong></span> <span class='ocrx_word' id='word_1_785' title='bbox 2013 5614 2029 5670; x_wconf 85' lang='lat' dir='ltr'><strong>i</strong></span> 
     </span>
    </p>
   </div>
   <div class='ocr_carea' id='block_1_111' title="bbox 2134 5590 3721 5688">
    <p class='ocr_par' dir='ltr' id='par_1_111' title="bbox 2174 5590 3721 5688">
     <span class='ocr_line' id='line_1_111' title="bbox 2174 5590 3721 5688; baseline -0.011 -30"><span class='ocrx_word' id='word_1_786' title='bbox 2174 5604 2327 5668; x_wconf 89' lang='grc' dir='ltr'><strong>θείας</strong></span> <span class='ocrx_word' id='word_1_787' title='bbox 2368 5599 2593 5673; x_wconf 62' lang='grc' dir='ltr'><strong>Γμφῆς</strong></span> <span class='ocrx_word' id='word_1_788' title='bbox 2637 5597 2804 5653; x_wconf 77' lang='grc' dir='ltr'><strong>ὕδατα</strong></span> <span class='ocrx_word' id='word_1_789' title='bbox 2845 5594 2942 5651; x_wconf 67' lang='grc' dir='ltr'><strong>καὶ</strong></span> <span class='ocrx_word' id='word_1_790' title='bbox 2993 5593 3269 5650; x_wconf 84' lang='grc' dir='ltr'><strong>θάλασσαν</strong></span> <span class='ocrx_word' id='word_1_791' title='bbox 3317 5590 3721 5688; x_wconf 44' lang='grc' dir='ltr'><strong>όνομαξόμενονξ</strong></span> 
     </span>
    </p>
   </div>
   <div class='ocr_carea' id='block_1_112' title="bbox 498 5676 2030 5780">
    <p class='ocr_par' dir='ltr' id='par_1_112' title="bbox 498 5708 2030 5780">
     <span class='ocr_line' id='line_1_112' title="bbox 498 5708 2030 5780; baseline -0.003 -11"><span class='ocrx_word' id='word_1_792' title='bbox 498 5714 605 5769; x_wconf 87' lang='lat' dir='ltr'><strong>boc</strong></span> <span class='ocrx_word' id='word_1_793' title='bbox 631 5712 935 5768; x_wconf 62' lang='lat' dir='ltr'><strong>Psalmistaa</strong></span> <span class='ocrx_word' id='word_1_794' title='bbox 966 5710 1090 5766; x_wconf 84' lang='lat' dir='ltr'><strong>loco</strong></span> <span class='ocrx_word' id='word_1_795' title='bbox 1117 5728 1134 5766; x_wconf 74' lang='grc' dir='ltr'><strong>ι</strong></span> <span class='ocrx_word' id='word_1_796' title='bbox 1160 5727 1181 5763; x_wconf 84' lang='grc' dir='ltr'><strong>ι</strong></span> <span class='ocrx_word' id='word_1_797' title='bbox 1214 5710 1360 5763; x_wconf 79' lang='lat' dir='ltr'><strong>illisit</strong></span> <span class='ocrx_word' id='word_1_798' title='bbox 1386 5708 1455 5763; x_wconf 86' lang='lat' dir='ltr'><strong>de</strong></span> <span class='ocrx_word' id='word_1_799' title='bbox 1490 5722 1707 5765; x_wconf 91' lang='lat' dir='ltr'><strong>summo</strong></span> <span class='ocrx_word' id='word_1_800' title='bbox 1728 5748 1743 5766; x_wconf 89' lang='lat'><strong>.</strong></span> <span class='ocrx_word' id='word_1_801' title='bbox 1775 5714 1833 5762; x_wconf 89' lang='lat' dir='ltr'><strong>ct</strong></span> <span class='ocrx_word' id='word_1_802' title='bbox 1865 5723 2030 5780; x_wconf 87' lang='lat' dir='ltr'><strong>accep</strong></span> 
     </span>
    </p>
   </div>
   <div class='ocr_carea' id='block_1_113' title="bbox 2134 5676 3727 5780">
    <p class='ocr_par' dir='ltr' id='par_1_113' title="bbox 2173 5676 3727 5765">
     <span class='ocr_line' id='line_1_113' title="bbox 2173 5676 3727 5765; baseline -0.012 -14"><span class='ocrx_word' id='word_1_803' title='bbox 2173 5697 2250 5761; x_wconf 76' lang='grc' dir='ltr'><strong>ὡς</strong></span> <span class='ocrx_word' id='word_1_804' title='bbox 2291 5698 2351 5750; x_wconf 80' lang='grc' dir='ltr'><strong>ὲν</strong></span> <span class='ocrx_word' id='word_1_805' title='bbox 2396 5692 2476 5765; x_wconf 78' lang='grc' dir='ltr'><strong>τῷ</strong></span> <span class='ocrx_word' id='word_1_806' title='bbox 2517 5688 2738 5763; x_wconf 79' lang='grc' dir='ltr'><strong>ψαλμῷ,</strong></span> <span class='ocrx_word' id='word_1_807' title='bbox 2776 5707 2796 5745; x_wconf 83' lang='grc' dir='ltr'><strong>ι</strong></span> <span class='ocrx_word' id='word_1_808' title='bbox 2843 5686 3253 5755; x_wconf 78' lang='grc' dir='ltr'><strong>Ἐξαπέστειλεν</strong></span> <span class='ocrx_word' id='word_1_809' title='bbox 3294 5683 3355 5750; x_wconf 76' lang='grc' dir='ltr'><strong>ἐξ</strong></span> <span class='ocrx_word' id='word_1_810' title='bbox 3406 5683 3585 5754; x_wconf 76' lang='grc' dir='ltr'><strong>ὓψους,</strong></span> <span class='ocrx_word' id='word_1_811' title='bbox 3638 5676 3727 5736; x_wconf 77' lang='grc' dir='ltr'><strong>καὶ</strong></span> 
     </span>
    </p>
   </div>
   <div class='ocr_carea' id='block_1_114' title="bbox 502 5798 2075 5875">
    <p class='ocr_par' dir='ltr' id='par_1_114' title="bbox 502 5798 2075 5875">
     <span class='ocr_line' id='line_1_114' title="bbox 502 5798 2075 5875; baseline -0.003 -15"><span class='ocrx_word' id='word_1_812' title='bbox 502 5819 624 5869; x_wconf 86' lang='lat' dir='ltr'><strong>me.</strong></span> <span class='ocrx_word' id='word_1_813' title='bbox 654 5811 710 5859; x_wconf 88' lang='lat' dir='ltr'><strong>et</strong></span> <span class='ocrx_word' id='word_1_814' title='bbox 742 5802 1045 5875; x_wconf 84' lang='lat' dir='ltr'><strong>assumpsit</strong></span> <span class='ocrx_word' id='word_1_815' title='bbox 1070 5816 1158 5858; x_wconf 87' lang='lat' dir='ltr'><strong>me</strong></span> <span class='ocrx_word' id='word_1_816' title='bbox 1194 5802 1260 5858; x_wconf 87' lang='lat' dir='ltr'><strong>de</strong></span> <span class='ocrx_word' id='word_1_817' title='bbox 1294 5802 1456 5873; x_wconf 88' lang='lat' dir='ltr'><strong>aquis</strong></span> <span class='ocrx_word' id='word_1_818' title='bbox 1484 5800 1673 5856; x_wconf 91' lang='lat' dir='ltr'><strong>multis</strong></span> <span class='ocrx_word' id='word_1_819' title='bbox 1707 5798 1885 5869; x_wconf 66' lang='lat' dir='ltr'><strong>(Paul.</strong></span> <span class='ocrx_word' id='word_1_820' title='bbox 1918 5816 2031 5856; x_wconf 77' lang='lat' dir='ltr'><strong>xvu</strong></span> <span class='ocrx_word' id='word_1_821' title='bbox 2058 5842 2075 5868; x_wconf 86' lang='lat'><strong>,</strong></span> 
     </span>
    </p>
   </div>
   <div class='ocr_carea' id='block_1_115' title="bbox 507 5892 2075 5970">
    <p class='ocr_par' dir='ltr' id='par_1_115' title="bbox 507 5892 2075 5970">
     <span class='ocr_line' id='line_1_115' title="bbox 507 5892 2075 5970; baseline -0.004 -14"><span class='ocrx_word' id='word_1_822' title='bbox 507 5896 617 5970; x_wconf 77' lang='grc' dir='ltr'><strong>ίῖ).</strong></span> <span class='ocrx_word' id='word_1_823' title='bbox 651 5916 671 5950; x_wconf 75' lang='grc' dir='ltr'><strong>ι</strong></span> <span class='ocrx_word' id='word_1_824' title='bbox 700 5895 816 5955; x_wconf 76' lang='lat' dir='ltr'><strong>Non</strong></span> <span class='ocrx_word' id='word_1_825' title='bbox 844 5896 990 5955; x_wconf 82' lang='lat' dir='ltr'><strong>enim</strong></span> <span class='ocrx_word' id='word_1_826' title='bbox 1022 5894 1250 5953; x_wconf 83' lang='lat' dir='ltr'><strong>dubium</strong></span> <span class='ocrx_word' id='word_1_827' title='bbox 1284 5905 1399 5963; x_wconf 82' lang='lat' dir='ltr'><strong>est,</strong></span> <span class='ocrx_word' id='word_1_828' title='bbox 1430 5894 1562 5967; x_wconf 89' lang='lat' dir='ltr'><strong>quin</strong></span> <span class='ocrx_word' id='word_1_829' title='bbox 1600 5909 1695 5966; x_wconf 89' lang='lat' dir='ltr'><strong>per</strong></span> <span class='ocrx_word' id='word_1_830' title='bbox 1724 5907 1929 5966; x_wconf 81' lang='lat' dir='ltr'><strong>aquas,</strong></span> <span class='ocrx_word' id='word_1_831' title='bbox 1974 5892 2075 5951; x_wconf 83' lang='lat' dir='ltr'><strong>hu-</strong></span> 
     </span>
    </p>
   </div>
   <div class='ocr_carea' id='block_1_116' title="bbox 2178 5773 3720 5862">
    <p class='ocr_par' dir='ltr' id='par_1_116' title="bbox 2178 5773 3720 5862">
     <span class='ocr_line' id='line_1_116' title="bbox 2178 5773 3720 5862; baseline -0.016 -14"><span class='ocrx_word' id='word_1_832' title='bbox 2178 5790 2337 5847; x_wconf 72' lang='grc' dir='ltr'><strong>ελαῦά</strong></span> <span class='ocrx_word' id='word_1_833' title='bbox 2398 5806 2465 5862; x_wconf 76' lang='grc' dir='ltr'><strong>με</strong></span> <span class='ocrx_word' id='word_1_834' title='bbox 2488 5805 2505 5823; x_wconf 88' lang='grc'><strong>·</strong></span> <span class='ocrx_word' id='word_1_835' title='bbox 2548 5782 2916 5859; x_wconf 65' lang='grc' dir='ltr'><strong>προσελάϐετο</strong></span> <span class='ocrx_word' id='word_1_836' title='bbox 2960 5799 3027 5854; x_wconf 83' lang='grc' dir='ltr'><strong>με</strong></span> <span class='ocrx_word' id='word_1_837' title='bbox 3080 5780 3141 5846; x_wconf 69' lang='grc' dir='ltr'><strong>ἐξ</strong></span> <span class='ocrx_word' id='word_1_838' title='bbox 3190 5778 3399 5834; x_wconf 80' lang='grc' dir='ltr'><strong>ὑδάτων</strong></span> <span class='ocrx_word' id='word_1_839' title='bbox 3451 5773 3666 5833; x_wconf 81' lang='grc' dir='ltr'><strong>πολλῶν.</strong></span> <span class='ocrx_word' id='word_1_840' title='bbox 3697 5786 3720 5824; x_wconf 81' lang='lat' dir='ltr'><strong>a</strong></span> 
     </span>
    </p>
   </div>
   <div class='ocr_carea' id='block_1_117' title="bbox 2181 5865 3722 5966">
    <p class='ocr_par' dir='ltr' id='par_1_117' title="bbox 2181 5865 3722 5966">
     <span class='ocr_line' id='line_1_117' title="bbox 2181 5865 3722 5966; baseline -0.016 -22"><span class='ocrx_word' id='word_1_841' title='bbox 2181 5884 2456 5961; x_wconf 78' lang='grc' dir='ltr'><strong>Πρόδηλον</strong></span> <span class='ocrx_word' id='word_1_842' title='bbox 2508 5880 2640 5954; x_wconf 81' lang='grc' dir='ltr'><strong>γάρ,</strong></span> <span class='ocrx_word' id='word_1_843' title='bbox 2682 5880 2789 5966; x_wconf 36' lang='grc' dir='ltr'><strong>ὅτι.</strong></span> <span class='ocrx_word' id='word_1_844' title='bbox 2823 5876 2920 5951; x_wconf 79' lang='grc' dir='ltr'><strong>τὴν</strong></span> <span class='ocrx_word' id='word_1_845' title='bbox 2962 5875 3206 5950; x_wconf 76' lang='grc' dir='ltr'><strong>ταραχὴν</strong></span> <span class='ocrx_word' id='word_1_846' title='bbox 3250 5870 3343 5929; x_wconf 81' lang='grc' dir='ltr'><strong>τοῦ</strong></span> <span class='ocrx_word' id='word_1_847' title='bbox 3395 5870 3528 5943; x_wconf 79' lang='grc' dir='ltr'><strong>βίον,</strong></span> <span class='ocrx_word' id='word_1_848' title='bbox 3569 5865 3722 5922; x_wconf 71' lang='grc' dir='ltr'><strong>ὕδατα</strong></span> 
     </span>
    </p>
   </div>
  </div>
