3880 6254
149 270 268 343 1121

1430 277 1670 339 εΛεῐιΑ
1710 272 2155 337 PARALLELA

3230 272 3369 342 1122

135 387 286 454 λέγει.
318 383 449 440 Οὖτε
478 382 585 456 γὰρ
631 383 701 440 τὰ
742 384 892 454 δεξιὰ
945 388 1041 442 καὶ
1079 389 1523 460 περισπούδαστα
1571 391 1686 454 τοῖς

1797 386 1883 458 ius
1908 389 2030 443 vita:
2051 385 2521 458 perturbationem
2549 385 2839 460 intelligat.
2862 383 3000 445 Nam
3035 401 3137 444 nec
3165 403 3254 445 res
3280 405 3368 443 se-

131 478 331 544 πολλοῖς
361 477 423 533 τδ
450 479 605 544 ἑστὸς
629 482 728 534 xui.
751 480 981 554 μόνιμον
1004 481 1137 555 ἔχει,
1172 484 1295 539 οὗτε
1323 483 1392 540 τὰ
1423 502 1686 558 περισταο

131 569 248 624 τικὰ
264 570 370 624 τῶν
391 573 734 642 πραγμάτων
759 573 854 627 καὶ
881 576 1120 646 κατηφῆ,
1141 575 1356 645 παγίως
1377 576 1643 647 ἦδρασται
1667 591 1685 610 ο

131 663 255 720 ἀλλὰ
282 665 455 720 πάντα
483 665 631 739 σάλῳ
658 666 766 719 τινὶ
803 669 899 721 καὶ
942 667 1192 734 κλύδωνι,
1221 668 1315 722 καὶ
1363 667 1690 741 μεταϐολαῖς

130 755 395 829 ἀδοκήτοις
444 756 752 812 ὑπόκειται.
801 758 1155 828 Ὠσπερόοὒν
1211 759 1487 817 θάλασσαν
1541 763 1690 832 ἀμήσ·

130 865 274 918 χανον
298 848 396 920 τὴν
423 849 594 921 αὐτὴν
625 850 722 903 ἐπὶ
760 850 897 906 πολὺ
932 851 1221 924 διαρκέσαι
1246 867 1263 884 ο
1299 854 1400 926 τὴν
1431 853 1539 926 γὰρ
1593 852 1689 908 νῦν

128 940 239 994 λίαν
290 939 558 1012 σταθερὰν
611 942 810 1016 μικρὸν
858 941 1092 1016 ὕστερον
1145 943 1266 1016 ὕψει
1340 945 1527 1017 βιαίως
1586 945 1690 1000 ὑπδ

128 1033 328 1106 ἀνέμων
385 1035 823 1108 τραχυνομένην,
872 1036 968 1091 καλ⁸
1019 1035 1181 1091 πάλιν
1227 1037 1324 1110 τὴν
1381 1036 1689 1110 ἀγριαίνοιμ

127 1143 239 1189 σαν,
266 1127 360 1181 καὶ
394 1127 773 1199 βρασσομένην
817 1128 894 1200 τῷ
937 1127 1190 1195 κλύδωνι,
1235 1130 1426 1204 βαθείᾳ
1477 1129 1689 1204 γαλήνῃ

127 1218 251 1289 ταχὺ
295 1218 718 1290 κατεστόρεσεν·
783 1217 958 1284 οὕτως
991 1221 1085 1276 καὶ
1129 1221 1198 1275 τὰ
1248 1221 1340 1274 τοῦ
1393 1221 1510 1293 βίου
1548 1223 1690 1292 πρα-

126 1326 295 1380 γματα
320 1310 522 1382 ῥαδίως
547 1311 816 1383 λαμϐάνει
845 1313 1214 1384 περιστροφας
1240 1313 1325 1383 ἐφ’
1358 1313 1616 1388 ἑκάτερα.

187 1490 347 1546 Οὐδὲν
382 1491 491 1545 τῶν
539 1491 899 1565 ἀνθρωπίνων
926 1493 1164 1566 βέϐαιον,
1196 1493 1315 1548 οὐδὲ
1355 1497 1434 1558 εἰς
1463 1492 1525 1548 τὸ
1553 1513 1689 1549 παν·

124 1583 263 1649 τελὲς
291 1585 629 1657 παραμένειν
653 1588 768 1649 τοῖς
796 1585 1164 1658 κτησαμένοις
1198 1587 1468 1656 πέφυκεν.

1787 479 1985 534 cundte
2005 523 2021 548 ,
2052 487 2106 534 et
2135 495 2256 550 qua
2287 478 2447 534 multi
2478 495 2693 536 summe
2721 478 3076 546 desiderant,
3101 488 3366 536 constan-

1790 572 1868 627 tia
1902 579 2036 630 sunt
2062 590 2078 628 :
2107 588 2209 628 nec
2239 588 2458 630 rursum
2495 572 2742 629 adversa:
2773 581 2829 629 et
2860 572 3105 628 molestae
3125 612 3145 639 ,
3195 572 3369 630 ﬁrmis

1791 664 2077 721 radicibus
2105 663 2338 720 dedite:
2375 679 2565 720 verum
2615 667 2802 722 omnia
2849 664 3111 722 ﬂuctibus
3143 667 3371 738 quibus-

1788 757 1917 812 dam
1950 764 2005 812 et
2039 756 2294 823 turbini,
2347 773 2560 813 necnon
2610 758 2910 830 inopinatis
2966 758 3370 816 mutationibus

1787 860 1918 907 sunt
1945 851 2205 908 obnoxia.
2235 848 2391 906 Velut
2418 852 2583 922 igitur
2609 851 2723 906 ﬁeri
2757 866 2867 905 nou
2897 857 3100 921 potest,
3125 857 3184 904 ut
3215 866 3369 908 mare

1790 950 1993 1000 statum
2025 943 2280 1000 eumdem
2309 943 2402 997 diu
2438 944 2676 999 retineat
2706 943 2873 1014 (nam
2909 945 3058 1013 quod
3093 956 3239 997 nunc
3266 942 3368 998 ad-

1790 1037 2015 1093 modum
2050 1037 2272 1108 planum
2317 1046 2434 1103 est,
2482 1036 2539 1092 id
2581 1037 2868 1108 aliquanto
2912 1044 3037 1107 post
3080 1044 3368 1092 ventorum

1787 1129 1992 1199 impetu
2021 1135 2411 1199 exasperatum
2435 1142 2629 1183 cernes
2656 1145 2669 1180 :
2699 1141 2762 1182 ac
2787 1142 3011 1182 rursum
3056 1126 3205 1197 quod
3240 1141 3372 1181 exao

1793 1231 2100 1292 speratum,
2132 1236 2197 1276 ac
2224 1219 2449 1276 turbine
2473 1220 2764 1290 iactatum,
2800 1220 2906 1275 hoc
2933 1219 3043 1273 alta
3076 1217 3368 1274 confestim

1789 1315 2166 1384 tranquillitas
2193 1313 2392 1386 sedat)
2421 1332 2436 1368 :
2462 1313 2579 1385 pari
2610 1312 2827 1369 ratione
2856 1311 3020 1384 hujus
3046 1313 3172 1369 vitte
3199 1327 3289 1370 res
3312 1311 3370 1368 in

1791 1414 2085 1477 utramque
2116 1414 2324 1477 partem
2359 1404 2523 1462 facile
2551 1412 2858 1460 mutantur.

1862 1497 2053 1568 Ejusd.
2084 1498 2230 1555 liam.
2263 1497 2342 1553 De
2370 1507 2510 1555 arat.
2541 1498 2774 1554 actione.
2805 1527 2877 1541 —
2905 1495 3058 1554 Nihil
3098 1497 3154 1553 in
3199 1497 3370 1556 rebus

1791 1591 2047 1648 humanis
2073 1601 2290 1648 certum
2321 1601 2374 1647 et
2403 1591 2621 1648 firmum
2647 1600 2733 1648 est
2753 1632 2769 1659 ,
2803 1607 2906 1649 nec
2946 1591 3015 1648 ad
3060 1599 3368 1649 extremum

1791 1700 1970 1756 usque
1992 1683 2252 1742 dominos
2281 1701 2414 1741 suos
2443 1686 2770 1742 comitatur.

185 1775 262 1828 Τὰ
284 1772 600 1845 ἀνθρώπινα
647 1773 820 1829 ταῦτα
849 1853 852 1858 .
879 1776 1038 1841 σκιᾶς
1090 1774 1239 1829 ἐστιν
1286 1772 1678 1849 ἀδρανὼτερα,

1864 1777 2058 1850 Ejusd.
2093 1780 2250 1850 epist.
2288 1779 2376 1834 £2.
2404 1808 2476 1820 -—
2501 1778 2756 1835 Humana
2807 1777 2922 1834 haec
2955 1777 3169 1835 umbris
3199 1778 3373 1835 imbe-

123 1867 208 1920 καὶ
236 1865 460 1938 ὀνείρων
491 1865 909 1940 ἁπατηλότερα’
938 1868 1050 1922 εἴτε
1079 1867 1189 1940 γὰρ
1229 1867 1420 1938 νεότης
1452 1866 1685 1938 ἐαρινῶν

1797 1873 2005 1930 eiliiora
2039 1881 2207 1938 sunt,
2233 1871 2466 1928 somniis
2498 1871 2806 1926 fallaciora.
2855 1871 2993 1926 Nam
3026 1880 3082 1927 et
3105 1871 3371 1943 juvenilis

124 1958 285 2013 ἀνθῶν
341 1957 604 2032 ὀξύτερον
659 1963 950 2034 καταρρεῖ,
1003 1963 1099 2018 καὶ
1156 1959 1277 2032 ὥρα
1340 1960 1684 2035 σώματος,ῆ

122 2051 300 2123 χρόνῳ,
349 2051 383 2124 ἢ
430 2051 576 2124 νόσῳ
626 2054 970 2126 μαραίνεται.
1010 2054 1122 2108 Καλ⁸
1155 2053 1382 2118 πλοῦτος
1427 2053 1528 2127 μὲν
1562 2055 1688 2109 ἄπι-

122 2160 254 2209 στος,
281 2143 406 2212 δόξα
429 2145 485 2199 δὲ
513 2145 963 2219 εὐπερίτρεπτος,
997 2147 1058 2201 αῐ
1076 2165 1136 2201 τε
1163 2148 1316 2220 παρὰ
1355 2147 1456 2212 τὰς
1491 2148 1688 2219 τέχνας

118 2236 451 2308 διαπονήσεις
474 2237 554 2308 τῷ
580 2241 758 2311 χρόνῳ
779 2238 954 2311 τούτῳ
985 2239 1399 2311 ἀπαρτίζονται,
1434 2239 1572 2294 ἀλλὰ
1592 2242 1689 2296 καὶ

118 2330 172 2383 τδ
196 2329 664 2403 περισπούδαστον
712 2333 938 2403 ἅπασιν,
985 2333 1158 2402 ὀλίγοι
1211 2334 1342 2407 ἄχρι
1386 2333 1558 2406 ἀκοῆς
1588 2332 1687 2407 τὴν

119 2426 267 2498 χάριν
297 2425 541 2497 ἔχουσιν.

180 2517 398 2590 Πλούτῳ
440 2520 650 2590 κομᾷςς
684 2517 778 2572 καὶ
815 2518 910 2573 ἐπὶ
958 2517 1247 2590 προγόνοις
1275 2518 1420 2592 μέγα
1447 2519 1686 2592 φρονεῖς,

120 2612 204 2665 καὶ
232 2609 520 2684 ὲπαγάλλῃ
550 2610 788 2682 πατρίδι,
809 2611 906 2666 καὶ
925 2609 1112 2667 κάλλει
1143 2610 1420 2683 σώματος,
1445 2612 1543 2667 καὶ
1568 2612 1690 2676 ταῖς

121 2700 257 2774 παρά
283 2702 510 2756 πάντων
547 2704 763 2772 τιμαῖςς
815 2696 1049 2773 πρόσέχε
1093 2700 1328 2774 σεαυτῷ,
1367 2700 1450 2756 δτι
1496 2700 1690 2775 θνητὸς

121 2787 182 2861 εἶ,
209 2794 296 2849 καὶ
317 2797 398 2860 εἰς
431 2797 542 2866 γῆν
571 2793 864 2866 ἀπελεύσῃ.
898 2795 1234 2866 Περίϐλεψαι
1279 2794 1406 2861 τοὺς
1433 2794 1551 2867 πρὸ
1594 2793 1689 2849 σοῦ

119 2890 172 2942 ὲν
195 2891 308 2954 ταῖς
334 2888 558 2960 ὁμοίαις
605 2889 988 2960 περιφανείαις
1037 2888 1445 2956 ἑξετασθέντας.
1487 2889 1597 2944 Ποῦ
1639 2889 1691 2946 οἱ

118 2983 190 3047 εἰς
224 2983 318 3048 τὰς
362 2983 654 3047 πολιτικὰς
699 2980 1018 3046 δυναστείας
1063 2981 1549 3058 περιϐεϐλημένοις
1585 2983 1689 3038 ποῦ

120 3076 160 3127 οἱ
205 3074 619 3147 δυσμαχώτατοι
671 3073 939 3147 ρήτορεςς
983 3072 1084 3128 ποῦ
1139 3076 1185 3127 οί
1219 3073 1322 3140 τὰς
1352 3075 1692 3148 πανηγύρεις

1786 1975 1923 2022 aetas
1956 1963 2141 2020 vernis
2171 1964 2401 2020 ﬂoribus
2449 1963 2693 2019 celerius
2745 1962 2974 2030 deﬂuit,
3014 1971 3070 2019 et
3117 1963 3371 2035 corporis

1788 2056 2168 2129 pulchritudo,
2195 2056 2280 2112 vel
2307 2055 2693 2125 tempore,vel
2725 2056 2916 2110 inorbo
2951 2057 3262 2112 marcescit.
3295 2058 3373 2112 Ac

1785 2151 1996 2207 divitiae
2041 2149 2264 2221 quidem
2317 2147 2502 2202 inﬁdae
2553 2156 2727 2204 sunt:
2775 2148 2952 2219 gloria
2990 2157 3174 2203 autem
3215 2149 3374 2204 facile

1788 2244 1990 2302 labilis.
2021 2245 2238 2300 Artium
2270 2259 2440 2316 porro
2469 2242 2654 2302 studia
2686 2260 2795 2299 una
2829 2261 2956 2300 cum
2991 2245 3096 2300 hoc
3129 2253 3375 2316 tempore

1787 2338 2076 2394 ﬁniuntur.
2112 2338 2233 2406 ipsa
2263 2353 2482 2408 quoque
2507 2335 2823 2408 eloquentia
2847 2377 2862 2400 ,
2892 2353 3056 2406 quam
3087 2346 3378 2411 tantopere

1789 2447 1984 2488 omnes
2011 2439 2278 2502 expetunt
2299 2472 2312 2494 .
2345 2447 2512 2488 aures
2541 2431 2808 2487 duntaxat
2841 2433 3069 2487 mulcet.

1861 2519 2053 2594 Ejud.
2082 2523 2226 2577 hom.
2257 2522 2311 2578 in
2339 2522 2473 2576 iliud
2494 2536 2515 2577 :
2535 2541 2556 2572 ι
2582 2522 2803 2576 Attende
2839 2521 2933 2575 tibi
2952 2523 3078 2589 ipsi.
3111 2541 3129 2574 ι
3155 2551 3227 2564 -—
3247 2522 3377 2594 Opi-

1789 2615 1894 2674 bus
1915 2614 2353 2672 circumaﬂluis?
2373 2615 2443 2671 ob
2472 2613 2712 2684 majores
2735 2622 2862 2669 tuos
2891 2615 3185 2686 magnifice
3211 2615 3377 2686 320

1787 2709 2012 2767 sentis?
2035 2723 2103 2766 ae
2132 2718 2364 2784 propter
2387 2709 2582 2779 patriae
2612 2707 3003 2779 splendorem,
3038 2717 3093 2763 et
3123 2711 3376 2780 corporis

1788 2799 2260 2876 pulchritudinem
2282 2841 2297 2867 ,
2332 2799 2686 2870 honoresque
2721 2801 2847 2856 illos
2880 2801 2976 2872 qui
3015 2799 3084 2856 ab
3111 2803 3374 2857 omnibus

1786 2895 1848 2954 in
1885 2903 1940 2951 te
1977 2900 2377 2966 congeruntur,
2425 2892 2639 2949 attollis
2691 2893 2957 2949 animus?
2998 2893 3233 2949 Attende
3274 2895 3374 2950 tibi

1789 2984 1933 3058 ipsi,
1977 2985 2125 3056 quod
2174 2999 2370 3054 nempe
2417 2982 2672 3039 morta‘ils
2719 2984 2835 3049 sis,
2875 2991 2929 3040 et
2963 2983 3016 3038 in
3054 2993 3257 3039 terram
3289 2999 3379 3041 re-

1795 3074 2079 3135 versurus'.
2120 3073 2502 3146 CircumSpice
2541 3076 2667 3131 illos
2699 3076 2793 3146 qui
2828 3083 2956 3131 ante
2989 3083 3042 3130 te
3082 3076 3275 3132 iisdem
3315 3077 3374 3132 in

120 3146 469 3234 διατιθέντεςς
503 3166 555 3221 oi
581 3146 826 3238 λαμπροί⁸
861 3167 1189 3237 ίπποφόροις
1217 3165 1265 3220 οἱ
1289 3146 1686 3240 στρατηγοίςοξ

1797 3171 2188 3244 splenderibus
2219 3169 2574 3226 exstiterunt.
2626 3168 2730 3225 Ubi
2775 3179 2939 3238 sunt,
2982 3168 3075 3239 qui
3129 3170 3376 3239 potentia

123 3259 423 3329 σατράπαις
456 3261 510 3314 οί
531 3260 825 3331 τύραννοις
869 3259 930 3313 οὐ
980 3260 1159 3315 πάντα
1194 3259 1381 3326 κόνις,
1409 3259 1472 3314 οὐ
1508 3260 1687 3316 πάντα

125 3351 307 3422 μῦθοςς
330 3352 432 3407 οὐκ
449 3353 511 3406 ἐν
529 3351 732 3422 ὀλίγοις
753 3352 962 3419 ὀστέοις
985 3351 1055 3406 τὰ
1076 3353 1404 3425 μνημόσυνα
1424 3352 1526 3423 τῆς
1543 3352 1690 3425 ζωῆς

123 3444 317 3511 etiam}
348 3445 592 3517 ἔγκοψον
614 3448 730 3510 τοῖς
752 3447 962 3516 τάφοις,
986 3447 1034 3499 εί
1059 3447 1263 3519 δυνήσῃ
1277 3446 1575 3517 διακρῖναι,
1604 3445 1689 3512 τίς

120 3538 146 3589 ὀ
170 3538 401 3609 οἰκέτης,
432 3538 532 3592 καὶ
561 3537 645 3602 τίς
670 3540 700 3592 ὁ
719 3538 986 3612 δεσπότης
1018 3555 1032 3568 ·
1062 3539 1144 3603 τίς
1173 3539 1203 3592 ὀ
1225 3540 1462 3611 πτωχὸς,
1487 3540 1582 3595 καὶ
1605 3541 1688 3605 τίς

121 3630 146 3706 ὀ
179 3631 450 3696 πλούσιος.
509 3632 821 3708 Διάκρινον,
859 3633 911 3687 εἴ
952 3637 1036 3700 τῖς
1068 3649 1149 3688 σοι
1189 3633 1436 3704 δύναμις,
1473 3634 1564 3689 τὸν
1601 3634 1690 3689 δέ·

125 3737 270 3791 σμιον
312 3723 420 3778 ἀπὺ
455 3722 555 3777 τοῦ
592 3721 884 3793 βασιλέως,
919 3722 1012 3776 τὸν
1065 3721 1283 3795 ἰσχυρὸν
1317 3721 1425 3777 ἀπὸ
1462 3721 1554 3776 τοῦ
1587 3723 1687 3777 ἁσ-

124 3813 314 3881 θενοῦς,
343 3815 436 3871 τὸν
458 3815 715 3888 εὐπρεπῆ
745 3814 854 3869 ἀπὸ
871 3814 965 3871 τοῦ
994 3815 1289 3880 δυσειδοῦς.
1321 3813 1686 3889 Μεμνημένος

122 3900 206 3959 οὖν
229 3910 326 3978 τῆς
352 3908 590 3978 φύσεως,
618 3908 721 3962 οὐκ
744 3907 1032 3982 ἑπαρθήσῃ
1058 3909 1208 3964 ποτέ.

1788 3275 1848 3321 et
1877 3263 2210 3320 auctoritate
2239 3260 2295 3316 in
2327 3261 2610 3332 republica
2638 3260 2980 3316 ﬂoruerunt?
3003 3260 3094 3316 ubi
3126 3260 3379 3319 invictis-

1793 3357 1920 3414 simi
1945 3354 2237 3413 oratores?
2267 3355 2358 3410 ubi
2385 3354 2479 3425 qui
2510 3353 2760 3422 publicos
2788 3361 3100 3410 conventus
3130 3354 3376 3412 instrue-

1793 3448 1964 3506 bant?
2014 3449 2103 3506 ubi
2145 3447 2392 3505 illustres
2427 3447 2509 3503 illi
2556 3447 2882 3503 alendorum
2935 3463 3206 3518 equorum
3254 3462 3370 3507 stu-

1793 3538 1986 3595 diosi?
2019 3540 2110 3596 ubi
2144 3539 2431 3610 copiarum
2475 3537 2798 3592 militarium
2839 3535 3043 3604 duces,
3094 3550 3332 3611 satrapae
3355 3580 3374 3608 ,

1790 3633 2056 3706 tyranni?
2080 3647 2262 3688 nonne
2285 3631 2470 3687 omnia
2498 3629 2702 3702 pulvis,
2730 3632 2914 3684 omnia
2945 3631 3171 3687 fabula?
3193 3649 3376 3690 nonne

1790 3727 1954 3798 pauci
2002 3726 2226 3784 ossibus
2277 3725 2403 3781 vitae
2441 3740 2638 3781 eorum
2673 3736 3036 3781 monumenta
3077 3729 3376 3784 constant?

1788 3819 2002 3890 Inspice
2037 3820 2314 3890 sepulcra,
2342 3834 2412 3872 an
2440 3817 2758 3874 discernere
2785 3833 2976 3889 queas,
3005 3820 3127 3890 quis
3156 3837 3375 3886 sera-us,

1787 3915 1916 3984 quis
1955 3912 2242 3977 dominus,
2274 3912 2400 3983 quis
2433 3925 2662 3983 pauper,
2692 3911 2820 3982 quis
2853 3911 3028 3969 dives.
3065 3913 3377 3986 Distingue,

121 4000 162 4053 Si
191 4011 369 4070 potes,
401 4001 648 4056 vinctum
679 4017 709 4056 ἰ
735 4017 884 4072 rege,
913 4001 1110 4057 fortem
1144 4001 1214 4058 ab
1246 4001 1507 4058 imbecilli
1531 4042 1547 4068 ,
1575 4001 1865 4072 pulchrum
1892 4022 1922 4062 a
1947 4006 2207 4063 deformi.
2235 4003 2596 4076 Nequaquam
2625 4019 2757 4076 ergo
2784 4003 2930 4060 elato
2995 4007 3106 4062 eris
3169 4007 3375 4075 animo,

122 4093 164 4146 si
193 4104 441 4150 naturam
474 4095 532 4150 in
566 4095 829 4150 memoria
861 4095 1087 4151 habeas.

181 4189 240 4242 Οἱ
271 4191 547 4262 ἄνθρωποι
570 4193 689 4254 ταῖς
719 4191 967 4260 νεφέλαις
994 4190 1258 4255 ἐοίκασιν,
1287 4191 1425 4264 προς
1455 4191 1553 4254 τὰς
1575 4190 1683 4245 τῶν

121 4282 434 4352 πνευμάτων
476 4283 781 4354 μεταϐολὰς
824 4283 1009 4338 ἄλλοτε
1051 4283 1170 4338 κατ’
1201 4285 1330 4338 ἄλλο
1370 4283 1536 4356 μέρος
1588 4284 1681 4339 τοῦ

120 4373 266 4442 ἀέρος
288 4377 714 4448 ἐμφερομέναις.
1113 4446 1115 4449 ι

182 4467 340 4522 Φύσει
391 4471 492 4540 μὲν
535 4469 691 4524 οὐδὲν
737 4469 846 4524 τῶν
887 4470 1244 4542 ἀνθρωπίνων
1278 4470 1516 4542 βέϐαιον,
1571 4471 1686 4526 οὐδὲ

121 4560 328 4630 ὁμαλὸν,
364 4564 486 4618 οὐδὲ
545 4563 840 4637 αὔταρκες,
873 4565 993 4620 οὐδὲ
1041 4566 1134 4618 ἐπὶ
1173 4566 1281 4620 τῶν
1326 4566 1503 4620 αὐτῶν
1539 4568 1688 4622 ἱστά-

126 4667 308 4718 μενον*
342 4653 478 4710 ἀλλὰ
509 4655 705 4720 κύκλος
750 4675 831 4721 τις
887 4657 993 4711 τῶν
1042 4660 1328 4728 ἡμετέρων
1371 4657 1687 4730 περιτρέχει

125 4747 470 4815 πραγμάτων,
522 4746 710 4800 ἄλλοτε
762 4747 928 4812 ἄλλας
975 4748 1067 4801 ἐπὶ
1112 4749 1240 4819 μιᾶς
1289 4749 1504 4820 ἡμέρας
1558 4748 1688 4801 πολε

123 4835 284 4903 λάκις,
316 4839 429 4893 ἐστι
463 4839 518 4892 δὲ
550 4839 637 4893 ὅτε
678 4842 772 4893 καὶ
815 4839 964 4909 ὥρας
1006 4841 1184 4912 φέρων
1232 4841 1558 4910 μεταϐολὰς,
1595 4841 1689 4896 καὶ

124 4931 305 5003 αὕραις
357 4934 559 5004 μᾶλλον
604 4935 878 4988 πιστεύειν
932 4933 1094 4987 αὑτὸν
1139 4933 1286 4986 ἔστιν
1336 4933 1433 5004 οὑχ
1469 4935 1690 5004 ίσταμὲσο

124 5040 250 5090 ναις,
298 5028 392 5081 καὶ
446 5027 572 5098 νηὸς
618 5031 1058 5096 ποντοπορούσης
1107 5027 1298 5096 ἴχνεσι,
1353 5028 1447 5078 καὶ
1497 5026 1687 5090 νυκτὸς

125 5116 407 5188 ἀπατηλοῖς
444 5118 706 5190 ὀνείρασι,
757 5110 829 5171 ὧν
875 5117 1011 5190 πρὸς
1059 5117 1239 5185 ὀλίγον
1288 5119 1320 5188 ἡ
1367 5118 1544 5188 χάρις,
1595 5117 1689 5172 καὶ

125 5211 252 5263 κατὰ
279 5213 590 5284 ψαμμάθων
621 5213 806 5276 παῖδες
829 5211 1057 5265 τυποῦσι
1088 5212 1395 5277 παίζοντες,
1423 5214 1455 5282 ἢ
1478 5212 1688 5284 ἀνθρώ·

127 5317 232 5354 πων
254 5304 538 5376 εὐημερίᾳ.

192 5483 266 5537 Τὰ
317 5488 414 5558 μὶν
459 5487 568 5561 γάρ
617 5491 735 5542 ἐστι
793 5488 996 5559 ῥευστὰ
1053 5488 1149 5541 καὶ
1199 5487 1530 5560 πρόσκαιρα,
1590 5488 1688 5541 καλ.

129 5572 302 5647 ὥσπερ
328 5582 383 5632 ὲν
413 5581 599 5653 παιδιᾷ
630 5581 846 5652 ψήφων,
893 5581 1080 5634 ἄλλοτε
1139 5581 1217 5644 εἰς
1258 5580 1449 5645 ἄλλους
1483 5583 1686 5653 μεταίτ-

134 5668 478 5744 ριπτούμενα⁶
505 5677 601 5730 καὶ
640 5675 795 5728 οὐδὲν
845 5673 1018 5735 οὕτως
1047 5673 1141 5728 τοῦ
1180 5673 1501 5744 κατέχοντος
1535 5673 1683 5739 ἴδιον,

132 5757 202 5826 ὡς
231 5763 264 5836 ἢ
294 5766 366 5842 μὴ
407 5768 584 5842 χρόνῳ
618 5769 950 5841 παυσθῆναι,
990 5767 1024 5842 ἢ
1071 5769 1250 5852 φθόνῳ
1299 5768 1683 5842 μετατεθῆναι.

1863 4189 2037 4261 Epist.
2063 4189 2152 4247 82.
2183 4219 2242 4234 —~
2272 4189 2531 4244 llomines
2559 4187 2798 4244 nubibus
2825 4185 3036 4242 similes
3065 4196 3222 4252 sunt,
3255 4202 3377 4258 qua:

1791 4305 1890 4361 pro
1921 4288 2046 4344 aliis
2077 4298 2240 4357 atque
2268 4285 2390 4339 aliis
2418 4283 2595 4339 ventis
2619 4321 2634 4346 ,
2664 4297 2811 4336 nunc
2844 4279 2899 4335 in
2931 4281 3103 4349 hanc,
3137 4297 3283 4336 nunc
3319 4283 3373 4336 in

1791 4383 1940 4437 illam
1974 4379 2120 4435 aeris
2155 4378 2432 4446 regionem
2470 4377 2746 4431 feruntur.

1862 4474 2006 4529 Ναα.
2045 4481 2181 4527 orat.
2214 4471 2304 4526 25.
2333 4500 2402 4512 -
2427 4468 2574 4524 Nihil
2608 4468 2665 4523 in
2699 4467 2864 4522 rebus
2891 4466 3150 4523 humanis
3181 4478 3374 4538 suapte

1789 4577 1988 4625 natura
2016 4568 2231 4621 firmum
2255 4601 2272 4628 ,
2298 4561 2567 4634 aquabile
2588 4575 2653 4615 ac
2675 4559 2923 4614 durabile
2945 4567 3029 4614 est
3049 4601 3062 4624 ,
3090 4574 3190 4613 nec
3213 4560 3374 4629 quid-

1791 4678 1957 4736 quam
1987 4662 2040 4717 in
2067 4660 2256 4715 eodem
2289 4665 2435 4712 statu
2467 4661 2790 4709 constanter
2819 4659 3035 4706 manet:
3065 4667 3251 4705 verum
3287 4667 3374 4707 tes

1791 4765 1996 4812 nostra:
2026 4753 2175 4809 velut
2206 4765 2340 4822 gyro
2368 4746 2606 4819 quodam
2641 4746 2954 4810 volvuntur,
2988 4752 3046 4799 ut
3074 4745 3210 4799 alias
3237 4755 3375 4798 tem—

1790 4863 1896 4919 pus
1929 4844 2080 4902 aliud
2103 4884 2117 4908 ,
2151 4858 2215 4898 ac
2250 4855 2394 4910 saepe
2431 4855 2573 4894 unus
2613 4837 2869 4908 idemque
2903 4837 3052 4902 dies,
3084 4837 3171 4891 vel
3205 4836 3372 4890 etiam

1792 4954 1900 4993 una
1937 4935 2212 4991 interdum
2250 4933 2379 4987 hora
2402 4974 2419 4999 ,
2455 4931 2794 4984 mutationes
2825 4928 3016 4984 alien-nt
3053 4947 3066 4982 :
3101 4935 3266 4997 atque
3298 4926 3374 4981 ita

1794 5039 1852 5084 ut
1883 5027 2115 5084 incertis
2158 5025 2374 5090 ventis,
2417 5032 2472 5078 et
2507 5021 2662 5078 navis
2698 5036 2844 5076 mare
2879 5019 3254 5092 percurrentis
3285 5036 3375 5074 ve-

1791 5121 2008 5193 stigiis,
2044 5117 2451 5187 fallacibusque
2491 5115 2674 5170 noctis
2710 5114 3042 5179 insomniis,
3071 5128 3134 5168 ex
3172 5112 3373 5184 quibus

1791 5214 2048 5284 voluptas
2076 5209 2258 5266 brevis
2283 5210 2520 5280 capitur,
2547 5207 2722 5275 iisque
2746 5205 2965 5260 demum
3000 5204 3208 5276 figuris,
3233 5222 3371 5276 quius

1791 5301 1949 5371 pueri
1985 5315 2080 5371 per
2108 5298 2298 5352 ludum
2330 5299 2386 5353 in
2419 5313 2582 5352 arena
2614 5295 2972 5362 describunt,
2999 5295 3204 5352 certior
3235 5294 3370 5352 ﬁdes

1789 5395 1981 5450 haberi
2015 5393 2228 5466 possit,
2263 5407 2426 5464 quam
2461 5390 2747 5445 hominum
2781 5388 3052 5444 felicitati.

1863 5486 2009 5541 Ibid.
2032 5518 2101 5528 —
2127 5485 2236 5542 Res
2269 5485 2543 5556 siquidem
2578 5483 2703 5538 vitae
2735 5481 2902 5551 hujus
2943 5481 3101 5536 ﬂuxae
3144 5490 3273 5538 sunt
3315 5490 3371 5538 et

1789 5580 2013 5634 caduca:
2033 5619 2049 5643 ,
2077 5584 2133 5631 et
2164 5575 2308 5631 velut
2346 5575 2399 5630 in
2429 5571 2768 5629 calculorum
2796 5568 2947 5636 ludo,
2977 5586 3124 5625 nunc
3151 5571 3214 5625 ad
3243 5570 3367 5636 hos,

1796 5687 1942 5729 nunc
1977 5671 2044 5725 ad
2080 5671 2208 5726 illos
2251 5667 2492 5724 vicissim
2529 5665 2909 5721 volvunturzut
2939 5678 3038 5719 nec
3069 5663 3368 5734 quidquam

1795 5764 1869 5819 ita
1895 5759 2239 5833 possidentis
2262 5759 2544 5832 proprium
2574 5757 2668 5822 sit,
2697 5755 2830 5828 quin
2857 5759 2937 5810 vel
2963 5755 3225 5826 temporis
3246 5755 3367 5812 lon-

1798 5854 2106 5930 ginquitalc
2138 5853 2380 5924 ﬁniatur,
2417 5851 2501 5909 vel
2537 5849 2743 5908 invidia
2777 5847 3167 5908 transferatur.
