3880 6254
396 262 401 267 ’
453 262 598 333 1123

1646 244 1711 305 s.
1740 235 2061 305 JOANNIS
2081 229 2533 319 .ntMAscem

3595 211 3723 277 Ῑῒῖί

515 376 772 452 Ejusdem
795 381 938 430 orat.
963 363 1290 424 lti.--Nihil
1312 361 1600 418 immotum
1623 363 2040 424 manet,quem-

2211 346 2376 401 Οὐδὲν
2409 343 2688 415 ἀκίνητον,
2721 341 2858 414 ὅπερ
2888 338 3046 412 ἔφην,
3077 335 3200 393 οὗδὲ
3229 334 3456 409 ὁμαλὸν,
3481 331 3609 392 οὑδὲ
3643 335 3731 385 αὖ.

452 447 750 532 admodum
803 473 934 521 ante
978 460 1228 518 dicebam
1254 497 1270 522 ,
1325 453 1464 510 nihil
1501 447 1773 522 aequabile
1811 460 1876 500 ac
1909 457 2029 498 cer-

455 581 572 626 tum
592 607 612 636 ,
641 579 743 620 nec
771 560 839 618 ad
865 564 1177 614 extremum
1221 564 1397 622 usque
1426 545 1514 604 sui
1546 544 1727 600 simile
1755 546 1839 597 est
1865 557 1879 594 :
1921 551 2030 591 non

458 661 706 719 hilaritas
725 700 739 725 ,
774 671 884 711 non
913 646 1174 708 maestitia
1199 687 1212 708 ,
1244 659 1352 698 non
1378 656 1542 714 opes,
1577 653 1685 693 non
1713 642 2031 707 paupertas,

457 771 570 814 non
619 754 812 816 robur,
861 761 970 802 non
1000 738 1379 800 imbecillitas,
1429 749 1538 789 non
1593 727 1869 802 poti-mia,
1921 738 2029 779 non

460 848 746 907 humilitas
768 885 782 910 ,
817 857 926 897 non
956 833 1252 910 praisentia
1275 869 1289 894 ,
1343 843 1452 884 non
1503 824 1728 888 futura,
1780 835 1890 875 non
1938 832 2035 872 no-

458 949 611 1004 stra,
664 951 774 992 non
828 932 1047 995 aliena,
1096 940 1207 981 non
1259 934 1463 994 parva,
1498 931 1608 972 non
1659 927 1891 984 magna,
1927 923 2033 962 non

457 1033 696 1103 denique
729 1019 996 1098 quidquid
1028 1018 1099 1075 ab
1130 1015 1243 1071 ullo
1295 1008 1572 1067 nominari
1623 1012 1808 1077 queat.
1858 1003 2039 1069 Atque

459 1129 564 1184 hoc
594 1120 805 1194 aequale
831 1112 1183 1185 inaequalitas
1216 1106 1416 1170 habet,
1453 1107 1514 1159 ut
1558 1112 1754 1168 nempe
1787 1111 1878 1151 res
1920 1108 2042 1148 om-

460 1232 560 1273 nes
604 1186 825 1271 su-bsint
872 1199 1186 1263 mutationi.
1240 1193 1438 1253 Omnia
1482 1191 1633 1249 enim
1681 1186 1844 1246 facile
1891 1198 2045 1241 com-

2135 457 2359 512 ταρκες,
2405 438 2524 492 οὐδὲ
2571 439 2651 502 εἰς
2703 436 2854 500 τέλος
2897 435 3110 506 ὅμοιον·
3162 431 3287 488 οὕτε
3336 429 3626 500 εὐθυμεῖν,
3667 427 3726 480 οὐ

2137 528 2389 594 πλοῦτος,
2430 527 2492 581 οὐ
2536 527 2717 591 πενία,
2743 527 2804 580 οὐ
2828 525 3080 596 δύναμις,
3112 523 3214 578 οὐκ
3241 522 3519 586 ἀσθένεια,
3545 521 3610 576 οὐ
3638 536 3730 573 τα-

2138 620 2416 691 πεινότης,
2434 619 2495 673 οὑ
2512 616 2888 684 δυναστεία,οὑ
2909 615 2974 671 τὰ
2993 615 3331 688 παρόντα,οὐ
3351 614 3420 668 τὰ
3440 613 3726 685 μέλλοντα,

2138 719 2200 771 οὐ
2228 714 2299 770 τὰ
2323 716 2590 787 ἡμέτερα,
2622 715 2683 769 οὐ
2700 715 2760 769 τὸ
2789 713 3090 785 ἀλλότριον,
3117 713 3179 767 οὐ
3213 711 3411 784 μικρὸν
3453 711 3489 782 ἦ
3523 710 3726 781 μεῖζον,

2142 813 2242 882 οὐχ
2273 811 2301 866 ὃ
2329 828 2381 864 τι
2405 809 2471 864 ἂν
2494 812 2622 882 εἴπῃ
2652 825 2760 872 τις,
2784 807 2893 862 Καὶ
2921 806 3080 861 τοῦτο
3106 806 3222 860 ἴσον
3247 804 3350 859 κᾶν
3382 805 3568 876 ἰσότης
3592 801 3724 874 ἔχει,

2139 906 2239 979 τὴν
2257 905 2385 976 περὶ
2403 904 2620 958 πάντων
2650 900 2971 974 μεταϐολήν.
2996 901 3302 973 Περιχωρεῖ
3319 900 3429 971 γὰρ
3454 899 3527 953 τὰ
3553 898 3729 953 πάντα

2147 978 2363 1071 ῥαδίως,
2421 998 2519 1051 καὶ
2581 997 2913 1069 μεταχωρεῖ,
2978 995 3074 1048 καὶ
3124 992 3614 1049 ἀντικαθίσταταιο

2147 1089 2346 1158 αὔραις
2389 1085 2530 1143 εἶναι
2574 1089 2776 1162 μᾶλλον
2805 1087 3105 1153 πιστεύειν,
3143 1087 3239 1141 καὶ
3285 1085 3586 1158 γράμμασι
3623 1087 3731 1148 τοῖς

2147 1183 2272 1238 καθ’
2303 1182 2513 1249 ὕδατος,
2543 1182 2579 1254 ἢ
2612 1181 2918 1256 ἀνθρώπιον
2948 1180 3242 1254 εὐημερίᾳ.

460 1318 681 1373 meant,
715 1303 983 1362 recedunt
1013 1305 1070 1354 et
1101 1296 1465 1351 immutantur
1497 1307 1512 1343 :
1546 1285 1684 1342 adeo
1729 1291 1788 1338 ut
1830 1279 2043 1337 certius
2083 1277 2140 1334 in
2173 1280 2348 1336 ventis
2404 1287 2458 1336 et
2510 1279 2565 1335 in
2608 1277 2813 1336 litteris
2888 1277 2944 1333 in
2993 1291 3138 1348 aqua
3211 1275 3440 1348 scriptis
3465 1316 3482 1342 ,
3539 1272 3739 1330 ﬁducia

459 1404 639 1480 possit
673 1395 971 1460 collocari,
1001 1405 1167 1464 quam
1205 1389 1261 1442 in
1293 1384 1584 1440 hominum
1616 1377 1901 1435 felicitate.

734 1509 944 1583 Ejusd.
980 1507 1034 1563 in
1067 1491 1244 1560 Iam'b.
1276 1507 1417 1556 orat.
1457 1494 1527 1550 ad
1558 1490 1764 1550 Christ.

532 1634 779 1690 Mortuus
813 1641 926 1682 sum
962 1623 1082 1679 huic
1116 1628 1432 1675 (erumnam:
1470 1611 1588 1690 uita:
1611 1646 1627 1671 ,

532 1707 667 1774 Qua:
698 1700 883 1768 Euripi
918 1711 1062 1759 mare
1083 1733 1098 1759 ,
1133 1701 1348 1746 sursum
1377 1692 1426 1738 et
1461 1681 1711 1735 deorsum
1735 1673 1915 1800 fratr
1935 1711 1950 1735 ,

544 1778 604 1800 υ·
640 1791 702 1800 μ-
734 1789 839 1800 ......
876 1764 1080 1800 numam
1110 1762 1195 1800 ιιὸι
1228 1757 1515 1800 nm’dnuam
1557 1748 1699 1800 firmi
1773 1744 1912 1800 abet.

1228 1757 1515 1831 quidquam
1554 1748 1699 1822 ﬁrmi
1735 1744 1912 1800 habet.

535 1888 790 1963 Ejusdem
824 1892 964 1940 orat.
1002 1882 1092 1938 to.
1118 1905 1190 1919 —-
1217 1872 1370 1929 Talis
1410 1877 1494 1925 est
1523 1866 1638 1922 vita
1677 1871 1903 1924 nostra,
1935 1856 2048 1912 fra-

463 1998 620 2052 tres;
658 1985 753 2039 tali
782 1978 947 2035 modo
978 1977 1082 2030 hoc
1115 1985 1232 2029 arvo
1269 1970 1341 2024 ita
1370 1963 1655 2020 ludimus:
1690 1965 1750 2012 ut
1782 1969 1907 2012 cum
1941 1967 2050 2007 non

465 2079 778 2140 fuerimus,
835 2081 1177 2126 nascamur:
1220 2077 1347 2119 cum
1405 2056 1520 2114 nati
1571 2067 1801 2124 sumus,
1851 2061 2053 2102 rursus

463 2161 1214 2232 dissolvantur.lnsomnium
1244 2168 1433 2214 sumus
1460 2147 1739 2209 instabile,
1770 2153 2050 2209 speetrum

463 2264 738 2340 quoddam
796 2259 941 2332 quod
998 2252 1176 2311 teneri
1236 2247 1470 2318 nequit,
1535 2235 1874 2297 transeuntis
1932 2232 2053 2288 avis

466 2363 682 2419 volatus
705 2400 720 2424 ,
751 2353 910 2410 navis
937 2351 992 2406 in
1023 2347 1162 2404 mari
1193 2324 1627 2424 vestigium-[rion
1660 2332 1903 2410 habens,
1933 2326 2056 2400 pul-

467 2459 551 2512 vis
571 2496 586 2521 ,
611 2466 802 2523 vapor,
836 2462 932 2503 ros
964 2439 1271 2499 matutinus
1295 2477 1309 2502 ,
1335 2434 1437 2490 llos
1469 2409 1545 2487 ad
1571 2409 1787 2497 tempus
1818 2434 2054 2478 nascens

465 2561 520 2608 et
578 2555 954 2604 ntarceseens.
993 2555 1014 2591 ι
1049 2533 1224 2591 Homo
1278 2531 1426 2586 sicut
1481 2523 1667 2580 fenum
1720 2515 1843 2573 dies
1892 2512 2053 2585 ejus,

467 2656 735 2716 tanquam
771 2639 873 2695 ﬂos
922 2632 1039 2707 agri
1085 2631 1165 2687 sic
1195 2622 1462 2685 cﬂlorebit
1497 2615 1689 2691 (Ρεαί.
1725 2629 1835 2677 cu,
1865 2607 1992 2681 15).
2029 2625 2048 2660 ι

466 2740 644 2810 Quam
681 2726 948 2809 praeclare
997 2725 1222 2783 divinus
1269 2714 1443 2774 David
1495 2712 1581 2769 his
1632 2705 1820 2766 verbis
1853 2702 1925 2760 de
1956 2715 2056 2756 no-

470 2795 586 2892 stra
650 2795 1030 2888 imbecillitate
1082 2807 1540 2892 philosophatur!
1591 2795 2055 2876 quemadmodum

469 2936 526 2982 et
557 2926 613 2980 in
646 2921 815 2979 istis:
847 2934 868 2971 ι
895 2889 1242 2970 Paucitatem
1293 2904 1510 2960 dierum
1561 2910 1810 2955 meorum
1860 2889 2058 2950 nuntia

469 3019 630 3092 321
670 3012 804 3072 mihi
839 3005 1034 3082 (Paul.
1067 3019 1119 3060 ct
1144 3043 1160 3070 ,
1190 2999 1261 3056 ΞΔ
1285 3000 1326 3070 ).
1369 3016 1388 3051 ι
1424 2993 1568 3064 Quin
1599 2992 1765 3049 etiam
1817 2985 2056 3044 hominis

469 3115 586 3172 dies
625 3106 794 3183 palmi
823 3115 1085 3166 mensura
1106 3090 1665 3154 circumscribuntur.

544 3174 798 3277 Ejusdem
828 3212 999 3254 carm.
1021 3193 1084 3250 de
1108 3190 1226 3248 vita
1251 3184 1485 3242 itinerib.
1516 3179 1695 3237 soluta
1721 3174 2058 3233 oratione.—

472 3272 672 3357 hlultas
705 3292 931 3367 quidem
977 3287 1099 3343 vias
1131 3283 1298 3340 habet
1347 3289 1660 3336 aerumnosa
1693 3272 1807 3329 vita
1839 3285 1856 3323 :
1891 3277 2059 3340 atque

476 3393 583 3449 alia
637 3361 859 3461 quidem
909 3389 964 3438 et
1016 3378 1124 3436 alia
1172 3376 1299 3431 aliis
1352 3372 1588 3441 aliisque
1617 3361 1968 3424 detrimentis
2000 3371 2057 3417 et

474 3451 1041 3542 noxis-admiscetur.
1084 3469 1265 3526 lnlida:
1315 3463 1518 3521 divitiae
1555 3466 1685 3516 sunt
1710 3475 1727 3513 :
1752 3455 1872 3528 ipse
1901 3451 2058 3528 prino

474 3578 693 3649 cipatus
721 3580 775 3629 et
808 3585 900 3626 res
959 3560 1217 3622 secundae
1244 3554 1558 3629 arrogantia
1586 3555 1841 3608 constant
1873 3565 1889 3604 :
1921 3545 2057 3604 δαί)-
2131 3608 2138 3619 ,

473 3645 607 3730 esse
671 3667 831 3725 labor
884 3669 991 3728 est,
1047 3654 1269 3714 vincula
1320 3648 1630 3723 pauperies,
1678 3645 1855 3716 gratia
1927 3654 2059 3712 per-

479 3765 677 3837 exigua
731 3758 846 3816 oris
875 3755 1042 3812 decor
1068 3763 1192 3821 qua:
1229 3747 1400 3802 instar
1436 3738 1672 3812 fulguris
1720 3735 1884 3792 micat
1915 3749 1930 3787 :
1962 3732 2054 3804 ju-

475 3827 638 3914 venis
681 3861 853 3911 aestus
903 3855 989 3904 est
1057 3840 1347 3913 temporis,
1405 3844 1663 3893 senectus
1703 3829 1883 3887 tristis
1931 3827 2057 3883 vitae

475 3959 644 4017 meta,
691 3945 867 4020 gloria
925 3954 1076 3996 aurae
1126 3934 1346 3999 similis,
1394 3938 1448 3986 et
1476 3928 1648 3984 robur
1675 3924 1826 3982 velut
1869 3920 2055 3978 fenum

477 4046 645 4117 paleae
699 4054 821 4113 qua:
880 4051 1015 4108 agro
1048 4039 1152 4088 est.
1201 4025 1466 4083 Pctulans
1498 4022 1793 4093 ingluvies,
1849 4026 2058 4071 catena

475 4136 839 4197 connubium,
867 4127 1132 4201 praeclara
1164 4121 1345 4195 proles
1376 4120 1432 4174 in
1473 4129 1639 4171 curas
1663 4111 1918 4183 impellit,
1942 4114 2058 4166 ste-

478 4234 659 4290 rilitas
710 4221 1093 4296 :cgritudinem
1142 4216 1291 4288 parit
1322 4222 1376 4270 et
1409 4211 1682 4267 dolorem.
1713 4206 1772 4261 Si
1812 4203 1932 4260 lora
1970 4217 2059 4260 se-

478 4325 669 4389 ctaris,
704 4313 1110 4377 sollicitudines
1139 4309 1410 4364 malorum
1441 4305 1708 4372 ingruunt
1749 4316 1763 4353 :
1801 4296 1849 4354 si
1876 4295 2060 4366 priva-

481 4431 591 4474 tam
606 4417 798 4478 vitam,
817 4411 933 4465 hrce
949 4404 1188 4462 invalida
1215 4410 1318 4458 est.
1345 4400 1625 4467 Angustus
1645 4392 2058 4465 probrosusque

479 4523 562 4571 est
618 4511 830 4566 alienus
890 4503 1088 4558 cibus:
1125 4499 1278 4552 labor
1337 4488 1729 4564 agricolatio:
1783 4491 2057 4556 quotquot

483 4609 704 4667 sulcant
756 4601 957 4663 maria,
989 4597 1043 4652 in
1080 4606 1272 4649 orcum
1306 4591 1560 4656 vergunt.
1624 4580 1807 4638 Patria
1859 4576 2060 4647 cuique

482 4701 801 4759 barathrum
836 4678 995 4751 suum
1017 4695 1103 4745 est
1127 4693 1346 4741 :extera
1373 4678 1552 4741 tellus,
1583 4674 1864 4747 probrum.
1899 4670 2058 4738 Quae-

481 4808 701 4865 cunque
733 4790 823 4846 hic
874 4786 1028 4851 ﬁunt,
1086 4780 1343 4837 universa
1381 4772 1559 4835 labor,
1592 4766 1780 4824 omnia
1820 4765 1979 4820 lusus
2008 4771 2062 4819 ct

484 4889 693 4955 illusio,
727 4885 928 4952 lanugo
957 4877 1112 4935 auris
1165 4872 1395 4944 agitata,
1430 4861 1904 4932 umbra,species,
1948 4873 2060 4923 ros,

482 4992 704 5049 ventus,
752 4989 954 5052 penna,
1016 4984 1210 5044 vapor,
1238 4964 1496 5036 fulgetra,
1542 4958 1847 5022 somnium,
1883 4952 2064 5008 ﬂuxus

484 5075 775 5140 torrentis,
833 5067 1120 5140 vestigium
1165 5060 1350 5123 navis,
1411 5053 1576 5119 cinis,
1643 5059 1763 5106 rota
1819 5047 2065 5101 volutata

485 5175 664 5229 instar
694 5163 1071 5241 cylindrorum
1090 5163 1245 5213 stans
1271 5161 1632 5218 currensque,
1658 5141 1835 5200 soluta
1857 5148 1910 5196 et
1936 5139 2064 5204 lixa,

485 5233 928 5336 tempestatibus,
967 5252 1187 5318 diebus,
1231 5243 1514 5312 noctibus,
1538 5239 1822 5302 aerumnis,
1855 5233 2057 5290 {uiteri-

487 5325 617 5424 bus;
648 5351 960 5418 maestitiis,
1014 5345 1252 5421 gaudiis,
1285 5338 1515 5405 morbis,
1541 5333 1790 5397 casibus,
1827 5325 2066 5384 infertu-

489 5456 620 5514 niis.
675 5444 949 5508 Humanis
979 5442 1147 5499 rebus
1181 5437 1321 5495 nihil
1345 5429 1680 5493 imbecillius
1715 5444 1728 5483 :
1765 5425 1868 5480 hoc
1896 5435 2068 5477 unum

492 5551 699 5606 bonum
754 5535 1070 5597 hominibus
1127 5531 1346 5587 llrmum
1385 5532 1492 5592 est,
1527 5529 1590 5579 ut
1615 5531 1811 5591 nempe
1843 5527 2066 5572 crucem

490 5643 768 5714 gestantes
798 5630 924 5687 inde
948 5625 1231 5690 secedant,
1258 5619 1496 5696 gemitus
1533 5612 1782 5676 trahant,
1830 5616 2066 5665 mentem

493 5703 698 5790 divinis
746 5724 897 5783 curis
923 5731 976 5778 et
1002 5718 1218 5776 ﬁduciis
1247 5717 1422 5778 alant,
1457 5717 1517 5767 ut
1547 5706 1777 5766 eoalcstc
1807 5703 1924 5769 illa,
1947 5714 2070 5772 quae

497 5816 647 5891 puris
698 5811 1042 5884 admiscetur,
1066 5808 1333 5867 Trinitate
1370 5801 1691 5861 irradietur.

2082 3073 2128 3134 ο

2230 1597 2496 1663 Τέθνηκα
2526 1591 2679 1658 τῷδε
2735 1589 2817 1658 τῷ
2841 1587 3190 1663 ταλαιπώρῳ
3219 1587 3358 1663 βίῳ,

2228 1671 2334 1734 ’ος
2362 1659 2599 1738 φέρεται
2619 1665 2744 1738 ᾷνω
2776 1661 2880 1738 καὶ
2899 1660 3062 1738 gadet.)
3083 1661 3352 1738 ῌίῬίπορ
3371 1659 3583 1730 δίκην,

2221 1731 2475 1794 Βέἱῗᾰιοὶι·
2496 1735 2699 1803 οὐδὲν,
2725 1731 2870 1790 οὐδέ
2887 1732 2982 1806 ἐφ’
2999 1731 3230 1803 ἡμέραν
3250 1732 3471 1803 φέρων.

2223 1852 2478 1915 Τοιοῦτος
2513 1851 2542 1905 ὁ
2575 1849 2689 1922 βίος
2724 1847 2903 1920 ἡμῶν,
2951 1843 3206 1916 ἀδελφοί·
3246 1844 3491 1900 τοιοῦτον
3543 1843 3612 1900 τδ
3657 1845 3748 1900 ἐπὶ

2149 1949 2260 2020 γῆς
2302 1946 2577 2015 παίγνιον,
2625 1945 2726 1998 οὐκ
2763 1940 2892 1995 ὂντα
2941 1938 3216 2009 γενέσθαι,
3268 1937 3365 1992 καὶ
3412 1937 3747 2010 γενομένους

2155 2039 2509 2109 ἁναλυθῆναι.
2548 2036 2723 2107 Ὄναρ
2773 2034 2940 2105 ἐσμὲν
2974 2032 3074 2104 οὐχ
3116 2031 3432 2104 ἱστάμενον,
3465 2031 3664 2102 φάσμα
3694 2050 3742 2085 τι

2157 2135 2232 2207 μὴ
2259 2131 2651 2205 κρατούμενον,
2686 2128 2884 2200 πτῆσις
2912 2127 3100 2199 ὀρνέου
3149 2126 3594 2199 παρερχομένου,
3615 2125 3742 2190 ναῦς

2153 2229 2246 2283 ἐπὶ
2264 2226 2537 2296 θαλάσσης
2570 2224 2715 2296 ἴχνος
2746 2222 2848 2275 οὐκ
2873 2219 3090 2292 ἔχουσαν
3118 2221 3290 2285 κόνις,
3319 2220 3516 2290 ἀτμὶς,
3544 2219 3741 2291 ἑωθινὴ

2153 2321 2368 2393 δρόσος,
2397 2317 2557 2382 ἄνθος
2588 2313 2767 2389 καιρῷ
2797 2313 3087 2386 φυόμενον,
3117 2313 3211 2368 καὶ
3239 2313 3418 2386 καιρῷ
3444 2312 3706 2386 λυόμενον
3726 2331 3739 2345 ο

2160 2437 2181 2471 ι
2210 2414 2550 2488 Ἀνθρωπος,
2570 2411 2700 2466 ὡσεὶ
2738 2409 2930 2484 χόρτος
2961 2410 3018 2464 αἱ
3044 2409 3245 2482 ἡμέραι
3275 2409 3462 2474 αὐτοῦ,
3486 2409 3623 2464 ὡσεὶ
3660 2411 3745 2466 ἄν·

2157 2510 2249 2574 θος
2300 2508 2395 2564 τοῦ
2441 2506 2633 2580 ἀγροῦ,
2685 2505 2858 2569 οὕτως
2904 2505 3256 2576 ἐξανθήσει.,»
3284 2503 3486 2569 Καλῶς
3533 2507 3564 2560 ὁ
3608 2505 3742 2571 θεῖος

2155 2599 2322 2656 Δασὶδ
2367 2599 2497 2672 περὶ
2545 2596 2831 2661 ἀσθενείας
2861 2597 3023 2670 ἡμῶν
3070 2594 3491 2671 ἐφιλοσόφησεν,
3541 2597 3643 2652 καὶ
3691 2600 3745 2651 ὲν

2163 2691 2394 2756 ἐκείνοις
2445 2667 2560 2754 τοῖς
2592 2691 2836 2762 ῥήμασι⁹
2869 2667 3031 2760 (Τὴν
3051 2667 3490 2761 ὀλιγότητατῶν
3527 2687 3744 2761 ἡμερῶν

2161 2805 2263 2859 μου
2293 2783 2616 2855 ἀνάγγειλόν
2647 2797 2757 2855 μοι·
2792 2801 2811 2832 ι
2847 2780 2943 2836 καὶ
2972 2777 3287 2835 παλαιστῶν
3319 2780 3636 2853 μέτροντὰς
3657 2782 3742 2836 ἀν·

2159 2878 2441 2952 θρωπίνας
2474 2878 2686 2950 ἡμέρας
2710 2875 2975 2949 ὁρίζεται.

2230 3145 2429 3202 Πολλαὶ
2460 3148 2558 3219 μὲν
2585 3144 2680 3200 τοῦ
2710 3144 2829 3218 βίον
2853 3144 2951 3200 τοῦ
2976 3141 3324 3208 πολυπαθοῦς
3353 3141 3414 3198 αί
3443 3140 3587 3198 ὁδοί·
3618 3142 3744 3214 ἄλλη

2156 3240 2217 3295 δὲ
2271 3239 2520 3304 ἀλλοίαις
2571 3238 2798 3311 βλάϐαις
2845 3237 3245 3310 συμμίσγεταιο
3297 3237 3329 3291 δ
3371 3234 3610 3301 πλοῦτος
3653 3237 3745 3309 μὲν

2156 3334 2421 3397 ἄπιστοςο
2452 3334 2487 3405 ή
2516 3332 2572 3387 δὲ
2600 3330 2743 3405 ἁρχὴ
2773 3333 2868 3386 καὶ
2894 3329 3236 3403 εὐδαιμονία,
3263 3328 3495 3403 ὀνείρων
3533 3329 3751 3404 ouem-

2158 3427 2325 3499 φανία
2344 3444 2362 3462 ο
2392 3427 2489 3482 καὶ
2519 3427 2579 3481 τὸ
2607 3425 2878 3498 ἄρχεσθαι
2911 3425 3132 3498 μόχθος,
3161 3427 3196 3498 ή
3236 3425 3401 3480 πενία
3427 3423 3487 3479 δὲ
3517 3424 3747 3498 δεσμός·

2157 3521 2432 3596 εὐμορφία
2458 3521 2515 3576 δὲ
2534 3521 2924 3592 ὲπιλάμπουσα
2945 3519 3042 3574 καὶ
3064 3517 3541 3591 ἑξαστράπτουσα,
3575 3519 3750 3593 μικρὰ

2156 3616 2320 3689 χάρις
2342 3630 2358 3647 ο
2390 3616 2425 3687 ἡ
2455 3611 2646 3686 νεότης
2678 3614 2736 3669 δὲ
2767 3613 3043 3688 θερμότης
3081 3613 3275 3687 χρόνον
3308 3628 3323 3643 °
3352 3611 3418 3669 τὸ
3456 3613 3638 3687 γῆρας
3658 3613 3751 3668 λυ-

2159 3710 2336 3784 πηρὸν
2377 3710 2531 3776 τέλος
2558 3708 2654 3765 τοῦ
2688 3708 2803 3781 βίου
2826 3725 2843 3743 ο
2878 3710 2912 3781 ἡ
2945 3707 3074 3777 δόξα
3097 3708 3173 3772 ὡς
3203 3707 3342 3780 ἀήρ·
3370 3709 3406 3780 ἡ
3436 3707 3594 3780 ίσχῦς
3621 3707 3752 3762 ὡσεὶ

2157 3804 2352 3877 χόρτος
2377 3801 2472 3857 τοῦ
2497 3804 2554 3856 ὲν
2583 3801 2740 3874 ἀγρῷ
2768 3801 2997 3873 ἀκύρου.
3049 3801 3321 3865 ’Δτακτος
3353 3802 3388 3872 ἡ
3417 3798 3711 3873 πλησμονή
3733 3816 3748 3832 ο

2157 3897 2335 3969 δεσμὰ
2373 3897 2403 3952 ό
2437 3896 2648 3969 γάμοςο
2677 3896 2934 3951 εὐπαιδία
2977 3894 3208 3961 τέκνων,
3240 3893 3488 3967 μέριμνα
3511 3895 3750 3964 ἀναγκα-

2161 3992 2355 4066 στικήσ
2392 3994 2428 4065 ἡ
2450 3991 2802 4056 κακοτεκνία,
2826 3990 2980 4054 νόσος
3011 3988 3106 4044 καὶ
3121 3987 3318 4059 ὀδύνη·
3348 3988 3406 4042 αί
3433 3987 3493 4042 δὲ
3525 3987 3745 4058 ἀγοραὶ,

2157 4087 2259 4160 τῆς
2319 4086 2520 4149 κακίας
2576 4084 2888 4159 φροντίδες’
2946 4084 2981 4156 ἡ
3036 4082 3272 4155 μόνωσις
3324 4081 3403 4150 δὲ,
3453 4080 3746 4150 ἀσθένεια.

2159 4180 2328 4253 Στενὴ
2354 4180 2450 4237 καὶ
2483 4179 2848 4243 ἐπονείδιστος
2874 4180 2908 4250 ἡ
2941 4175 3198 4249 ἀλλοτρία
3225 4176 3436 4249 τροφή·
3464 4175 3530 4230 τὸ
3556 4176 3616 4231 δὲ
3653 4174 3748 4246 τὴν

2159 4274 2266 4346 γῆν
2291 4275 2551 4348 ἀροτριᾷν
2573 4273 2742 4338 κόπος
2761 4290 2777 4308 ο
2806 4272 2917 4326 τῶν
2959 4269 3401 4337 θαλασσοπλόων,
3433 4269 3513 4333 ὡς
3559 4268 3659 4323 ἐπὶ
3693 4267 3750 4322 τὸ

2162 4370 2325 4425 πλέον
2373 4371 2432 4424 ὲν
2477 4368 2556 4440 τῷ
2588 4368 2786 4441 ᾆδῃ·ἠ
2826 4365 3027 4438 πατρὶς
3072 4365 3150 4430 δὲ,
3195 4365 3474 4437 βάραθρον
3523 4363 3748 4433 [διονοὴ

2091 4442 2134 4498 Ῑ)
2165 4462 2420 4531 ξενιτεία,
2460 4462 2681 4526 ὅνειδος.
2717 4462 2903 4517 Πάντα
2957 4459 3156 4534 μόχθος
3182 4461 3296 4524 τοῖς
3339 4458 3656 4531 ἀνθρώποις
3685 4458 3750 4511 τὰ

2163 4557 2419 4624 ἐνταῦθα,
2499 4557 2677 4611 πάντα
2754 4554 3093 4627 ἐμπαιγμδς,
3157 4552 3511 4626 ριπιζὸμενος
3568 4550 3744 4624 χνοῦς,

2165 4652 2312 4715 σκιὰ,
2343 4652 2438 4707 καὶ
2469 4649 2774 4722 φαντασία·
2801 4649 3013 4724 δρόσος,
3049 4647 3269 4719 ἄνεμος,
3310 4646 3532 4719 πτερὸν,
3564 4645 3741 4716 ἀτμὶς.

2167 4748 2424 4820 σπινθὴρ,
2476 4745 2748 4808 ἐνύπνιον,
2785 4743 2935 4816 χύμα
2988 4741 3282 4815 ῥεύματος,
3339 4739 3739 4811 πλοίου¹ίχνος,

2162 4844 2359 4915 τέφρα,
2395 4841 2584 4914 τροχὸς
2609 4839 2695 4894 ἀεὶ
2718 4838 3104 4912 στρεφόμενος,
3135 4837 3301 4908 ὅμοια
3349 4834 3534 4890 πάντα
3563 4833 3737 4889 κυλίν-

2164 4936 2334 5006 δροις,
2373 4935 2545 4998 ἑστώς
2593 4949 2652 4987 τε
2701 4931 2793 4985 καί
2839 4928 3401 5005 τρέχων,-λυόμενος,
3459 4925 3738 4998 πεπηγὼς,

2166 5028 2356 5101 ὥραις,
2413 5024 2674 5098 ἡμέραις,
2730 5022 2869 5088 νυξὶ,
2923 5019 3168 5094 μόχθοις,
3204 5019 3485 5084 θανάτοις,
3530 5017 3737 5080 λύπαις,

2165 5121 2445 5193 τέρψεσιν,
2481 5118 2840 5192 ἀρρωστίαις,
2876 5115 3140 5182 πτώσεσι,
3171 5112 3601 5186 κακοπραγίαις.
3626 5111 3739 5167 Τῶν

2167 5215 2523 5288 ἀνθρωπίνων
2547 5213 2606 5269 δὲ
2633 5210 2787 5268 οὐδέν
2826 5212 2976 5267 ἐστιν
3016 5209 3414 5284 ἀδρανέστερον
3435 5226 3448 5240 ⁶
3483 5208 3544 5263 ἓν
3587 5207 3738 5280 μόνον

2168 5313 2262 5368 καὶ
2313 5309 2531 5383 βέὅαιόν
2578 5310 2726 5364 ἔστιν
2773 5307 2887 5372 τοῖς
2933 5304 3244 5378 ἀνθρώποις
3285 5303 3470 5370 καλὸν,
3500 5300 3738 5357 ἐντεῦθεν

2168 5407 2475 5479 ἀναχωρεῖν
2503 5404 2594 5459 τὸν
2623 5400 2853 5475 σταυρὸν
2885 5399 3275 5472 βαστάζοντας,
3306 5397 3518 5471 δάκρυά
3552 5412 3610 5450 τε
3651 5390 3735 5447 καὶ

2171 5503 2511 5573 στεναγμοὺς
2545 5499 2637 5554 καὶ
2663 5497 2788 5553 νοῦν
2815 5497 2989 5562 θείαις
3018 5494 3268 5569 φροντίσι
3300 5493 3397 5550 καὶ
3425 5491 3622 5554 ἐλπίσι,
3649 5486 3733 5542 καὶ

2169 5602 2236 5672 τῇ
2283 5598 2476 5671 Τριὰδι
2517 5594 3064 5669 λελαμπρυσμένους,
3101 5595 3169 5666 τῇ
3204 5589 3531 5666 ἐπουρανίῳ,
3559 5589 3622 5660 τῇ
3652 5602 3725 5660 μιν

2170 5713 2268 5766 γνυ
2280 5694 2416 5767 μένῃ
2436 5695 2545 5759 τοῖς
2567 5689 2850 5766 καθαροῖς.
