3880 6254
210 269 335 338 1125

1529 272 1767 335 SACRA
1807 273 1998 334 PARA
2010 274 2244 335 LLELA

3319 283 3458 351 1196

265 391 418 461 οἴμοι
465 386 652 443 τούτου
707 387 800 443 τοῦ
837 387 953 458 βίου
1005 383 1232 458 βλάϐαις
1283 385 1758 458 ἐπιμηκεστέρου·

1945 384 2136 455 Ejusd.
2162 403 2308 440 carm
2341 385 2405 443 de
2431 395 2539 443 ext.
2568 387 2712 443 Itont.
2747 389 2978 448 vilitate.
3010 421 3063 436 --
3111 393 3257 450 Proh
3284 397 3454 454 vitam

199 489 295 552 ἕως
327 485 464 550 τίνος
488 485 677 558 κόπρῳ
706 481 1188 556 παρακαθέξομαις

259 671 353 738 Τίς
384 671 525 743 βίος;
553 671 684 727 ποία
701 667 845 742 ζωῆς
882 668 945 722 ἐκ
979 665 1149 740 τάφου
1178 666 1450 740 πηδήσας,
1486 664 1578 719 ἐπὶ
1604 661 1771 732 τάφον

197 770 348 825 πάλιν
393 765 623 822 ὁδεύων·
657 767 722 819 ἐκ
750 764 807 818 δὲ
841 761 935 819 τοῦ
1003 763 1177 832 τάφου
1214 762 1378 818 πάλιν
1422 762 1481 816 ἐν
1511 761 1646 833 πυρὶ
1676 760 1765 815 θά-

194 880 391 935 πτομαι
416 859 728 929 ἀποτόμως.
757 855 898 910 Δύτὸ
920 855 977 910 δὶ
1021 855 1180 909 τοῦτο
1206 855 1330 910 ὅσον
1357 852 1632 915 ἀναπνέω,
1674 868 1770 905 πο-

191 955 356 1030 ταμοῦ
386 956 502 1012 ἔστι
531 951 660 1026 ῥοῦς
687 952 994 1023 τρέχοντος,
1028 949 1114 1003 ἀεὶ
1137 948 1518 1021 ἀπερχομένου
1554 946 1652 1002 καὶ
1684 947 1768 1015 ἐρ-

189 1051 410 1126 χομένου
431 1051 494 1102 ἐκ
515 1046 625 1101 τῶν
648 1044 850 1107 ὀπίσω,
886 1043 1048 1097 πάλιν
1073 1041 1291 1114 βέϐαιον
1315 1041 1480 1114 μηδὲν
1501 1039 1713 1112 ἔχοντος
1733 1038 1766 1111 ἦ

189 1144 462 1217 φέροντος·
494 1139 616 1193 ὅσον
652 1137 801 1200 κόνις
842 1135 1139 1208 ὀφθαλμοῖς
1172 1134 1587 1201 ὲπιπάσσουσα,
1617 1135 1769 1194 ὅπως

188 1235 252 1291 ἀν
305 1233 399 1290 τοῦ
451 1229 588 1287 Θεοῦ
638 1229 829 1302 πόρρω
883 1228 1057 1284 πέσω.
1085 1228 1352 1299 Παίγνιόν
1413 1229 1563 1283 ἔστιν
1608 1229 1638 1283 ό
1669 1227 1767 1283 ἄν·

189 1328 421 1399 θρωπος.

263 1413 546 1484 ’Δλλήλους
578 1411 678 1486 μὲν
707 1411 803 1465 καὶ
832 1408 962 1480 ἐγὼ,
993 1411 1089 1465 καὶ
1120 1411 1149 1464 ό
1198 1409 1410 1484 χρόνος,
1441 1407 1516 1476 ὡς
1551 1407 1702 1482 όρνις
1729 1407 1763 1484 ἦ

188 1512 259 1578 ὡς
295 1511 452 1566 πλοῖα
512 1510 570 1563 ὲν
623 1507 852 1576 πελάγει
918 1506 1490 1579 ἀντιπαρατρέχομεν,
1543 1503 1764 1575 βέϐαιον

185 1607 328 1663 οὐδὲν
381 1604 615 1678 έχοντες.
674 1601 854 1672 Ὅπερ
895 1599 953 1655 δὲ
993 1599 1266 1674 ἥμαρτον,
1299 1597 1360 1653 οὐ
1404 1595 1762 1671 παρατρέχει,

184 1705 315 1761 ἀλλὰ
338 1700 650 1778 παραμένει
673 1699 744 1772 τῇ
773 1696 911 1771 ζωῇ.

258 1879 316 1935 '0
348 1877 626 1951 περίγειος
676 1875 853 1949 χῶρος
885 1874 995 1928 τῶν
1022 1871 1376 1947 τρεπομένων
1403 1872 1498 1927 καὶ
1519 1871 1760 1929 ἀλλοιου-

185 1971 358 2047 μένων
393 1971 565 2028 ἐστίν.

258 2066 391 2135 Ἀεὶ,
420 2064 660 2139 μάλιστα
684 2064 742 2120 δὲ
767 2063 863 2119 νῦν
893 2062 1151 2134 εὔκαιρον
1166 2063 1362 2118 εἰπεῖν’
1392 2082 1411 2118 t
1444 2062 1758 2136 Ματαιότης

184 2157 579 2231 ματαιοτήτων.
609 2157 681 2212 τά
708 2156 888 2212 πάντα
918 2154 1236 2228 ματαιότης.
1271 2173 1290 2206 ι
1328 2154 1440 2210 Ποῦ
1469 2155 1500 2227 ἡ
1529 2154 1760 2228 λαμπρὰ

180 2253 273 2325 τῆς
321 2250 587 2315 ὑπατείας
633 2248 936 2322 περιϐολῆς
990 2248 1094 2303 ποῦ
1141 2248 1197 2302 δὲ
1243 2247 1300 2303 αἱ
1345 2246 1570 2319 φαιδραὶ
1613 2247 1757 2319 λαμ-

180 2345 368 2413 πάδεςς
393 2343 498 2401 ποῦ
518 2344 574 2400 δὲ
600 2344 651 2398 ol
685 2342 892 2413 κρότοι,
923 2342 1019 2397 καὶ
1046 2342 1096 2397 οἱ
1122 2341 1294 2415 χοροὶ,
1321 2341 1414 2395 καὶ
1444 2341 1500 2395 αἱ
1527 2340 1755 2402 θαλεῖαι,

179 2435 271 2492 καὶ
291 2435 347 2489 αἱ
372 2432 752 2506 πανηγύρεις;
776 2429 879 2486 ποῦ
920 2430 978 2485 δὲ
1022 2431 1074 2485 οί
1118 2431 1397 2500 στέφανοι,
1431 2429 1524 2483 καὶ
1558 2429 1626 2483 τὰ
1653 2445 1759 2484 πα-

182 2527 620 2601 ραπετάσματας
657 2524 760 2580 ποῦ
790 2524 848 2580 δὲ
878 2526 978 2597 τῆς
1005 2523 1214 2587 πόλεως
1241 2524 1271 2577 ὁ
1300 2521 1549 2595 θόρυϐος.
1579 2522 1672 2577 καὶ
1699 2521 1756 2578 al

178 2623 234 2678 ἐν
263 2621 653 2693 ἱπποδρομίαις
677 2617 970 2691 εὐφημίαι,
1010 2617 1105 2673 καὶ
1147 2616 1260 2672 τῶν
1309 2615 1557 2689 θεάτρων
1579 2614 1636 2668 αῖ
1667 2629 1760 2669 κο·

179 2715 417 2785 λακεῖαι;
443 2716 632 2770 Πάντα
659 2715 842 2768 ἐκεῖνα
877 2711 1088 2785 οίχεται
1109 2729 1124 2746 ’
1149 2711 1246 2767 καὶ
1287 2711 1488 2782 ἄνεμος
1521 2710 1759 2777 πνεύσας

178 2807 403 2883 ἀθρόως,
436 2807 510 2863 τὰ
547 2807 644 2879 μὲν
668 2805 845 2878 φύλλα
867 2805 1188 2871 κατέϐαλεν,
1221 2803 1430 2876 γυμνὸν
1455 2804 1510 2859 δὲ
1534 2804 1668 2876 ἡμῖν
1697 2803 1757 2859 τὸ

177 2901 388 2976 δένδρον
419 2899 726 2969 ἀπέδειξεν,
763 2899 860 2956 καὶ
898 2896 1007 2953 ἀπὸ
1040 2898 1141 2970 τῆς
1187 2897 1346 2970 ῥίζης
1375 2895 1543 2968 αὐτῆς
1570 2894 1758 2950 λοιπον

180 2994 556 3068 σαλευόμενον.
570 2991 808 3063 Τοιαύτη
831 2990 939 3064 γάρ
960 2991 994 3064 ή
1012 2990 1106 3045 τοῦ
1131 2988 1442 3062 πνεύματος
1461 2987 1754 3063 προσϐολὴ,

1877 465 2022 533 lianc
2053 479 2320 535 malorum
2357 482 2504 538 serie
2555 480 2944 552 prolixiorem!
2980 487 3224 557 quandiu
3253 489 3459 547 sedebo

1876 570 1929 624 in
1956 571 2235 627 stercore?

1936 662 2089 731 Quae,
2123 665 2412 737 qualisque
2442 668 2555 724 haec
2586 669 2694 726 vita
2725 670 2836 728 est?
2861 687 2923 727 ex
2951 672 3163 729 tumulo
3186 675 3456 730 tumulum

1872 771 2092 812 rursum
2147 766 2274 828 peto
2311 777 2326 816 :
2356 775 2690 832 rursumque
2739 779 2804 818 ex
2867 763 3082 819 tumulo
3119 763 3174 819 in
3206 766 3333 837 igne
3362 782 3454 822 se-

1871 865 2000 904 vera
2055 849 2264 921 iudicis
2321 854 2597 910 sententia
2652 856 2919 912 tmnulor.
2959 855 3016 912 ld
3071 857 3254 927 ipsum
3305 859 3455 929 quod

1872 942 2045 1012 spiro,
2089 943 2254 1000 velut
2303 946 2484 1002 amnis
2517 947 2905 1019 rapidissimus
2929 959 3013 1005 est
3038 951 3130 1022 qui
3162 966 3286 1006 cum
3328 967 3457 1009 sur-

1872 1051 1994 1090 sum
2027 1038 2338 1106 exoriatur,
2407 1041 2474 1094 ad
2501 1040 2605 1094 ima
2638 1057 2861 1112 semper
2880 1040 2998 1097 fluit
3027 1042 3158 1113 :qui
3189 1044 3328 1101 nihil
3360 1044 3456 1100 fir-

1872 1144 2018 1183 mum
2069 1130 2288 1199 habent,
2319 1147 2421 1188 nec
2448 1131 2623 1190 ferat:
2657 1134 2834 1190 instar
2873 1145 2959 1194 est
2989 1137 3287 1207 pulvisculi
3355 1139 3454 1212 qui

1869 1219 1923 1275 in
1952 1222 2148 1278 oculos
2180 1239 2333 1281 meos
2365 1225 2661 1297 spargitur,
2686 1234 2744 1282 ut
2775 1230 3018 1299 procula
3049 1228 3161 1286 Deo
3185 1231 3453 1291 excidam.

1870 1311 2222 1383 Ludibrium,
2251 1317 2416 1373 homo
2453 1328 2562 1376 est.

1940 1404 2132 1476 Ejurd.
2158 1424 2327 1464 carm.
2356 1409 2414 1476 2,
2448 1409 2522 1465 De
2544 1412 2686 1468 hom.
2732 1423 2845 1472 nat.
2869 1415 3097 1489 fragilit.
3121 1448 3192 1460 —
3213 1417 3456 1490 Tempus

1867 1511 1992 1570 ego,
2049 1513 2136 1554 me
2164 1509 2386 1572 tempus
2441 1503 2689 1560 vicissim
2744 1507 3012 1574 praeterit,
3049 1524 3154 1565 ceu
3185 1508 3449 1574 volucris,

1869 1605 1968 1647 ceu
2002 1590 2160 1649 navis
2191 1593 2264 1648 im
2300 1594 2460 1661 mari,
2497 1604 2557 1650 ut
2597 1597 2736 1653 nihil
2775 1607 2928 1656 stans
2960 1599 3237 1673 ﬁxumque
3266 1611 3457 1659 tenea-

1882 1700 2026 1741 mus.
2056 1684 2211 1752 Quod
2233 1695 2415 1743 autem
2445 1687 2640 1745 admisi
2691 1691 2993 1762 peccando,
3023 1692 3132 1750 hoc
3170 1711 3451 1768 nunquam

1794 1751 1837 1810 Β
1867 1776 2142 1862 (praeterit,
2175 1776 2295 1844 sed,
2329 1779 2459 1835 dunt
2487 1781 2602 1836 vita
2626 1751 2885 1855 suppetit,
2905 1751 3111 1842 manet.

1951 1870 2105 1942 (ἔτερ.
2160 1869 2325 1943 Nysa.
2358 1903 2425 1914 ——
2454 1871 2693 1931 Terrena
2744 1877 2896 1949 regio
2953 1894 3144 1934 eorum
3183 1888 3270 1937 cst
3327 1898 3452 1954 quze

1862 1963 2152 2018 mutationi
2186 1973 2238 2019 et
2266 1966 2618 2022 conversioni
2649 1967 2917 2025 obnoxia.

1931 2054 2209 2128 Chrysost.
2243 2058 2385 2114 hom.
2416 2061 2540 2115 adu.
2579 2060 2878 2132 Eutrop.—
2903 2062 3038 2120 Cum
3072 2081 3306 2138 semper,
3336 2078 3449 2123 tnnt

1860 2165 2006 2205 nunc
2034 2152 2342 2220 praesertim
2390 2155 2776 2225 tempestivum
2806 2165 2890 2212 est
2912 2156 3095 2214 dicere
3128 2174 3142 2211 :
3177 2179 3194 2211 ι
3223 2159 3450 2217 Vanitas

1857 2239 2163 2296 vanitatum
2194 2242 2448 2297 etomnia
2471 2244 2689 2302 vanitas
2714 2244 2927 2315 (Eccle.
2961 2265 2998 2315 ι,
3025 2248 3149 2319 2).»
3182 2248 3282 2306 Ubi
3316 2267 3452 2321 puteo

1857 2331 2007 2388 clara
2070 2335 2390 2392 consulatus
2446 2337 2783 2410 amplitudo?
2834 2339 2924 2397 ubi
2975 2341 3084 2397 lata
3136 2342 3452 2414 latnpadum

1835 2424 2248 2483 .collustratio?
2276 2427 2369 2483 ubi
2411 2429 2679 2501 plausus?
2716 2432 2807 2488 ubi
2868 2433 3064 2490 chori?
3124 2435 3217 2490 ubi
3271 2435 3452 2492 festivi

1856 2517 2210 2590 celebresque
2272 2524 2618 2579 conventus?
2645 2524 2738 2580 ubi
2802 2540 3021 2583 corona
3045 2537 3097 2583 et
3121 2529 3333 2584 aulaia?
3366 2530 3449 2586 ci-

1857 2608 2048 2666 vitatis
2076 2613 2376 2680 tumultus,
2407 2622 2461 2670 et
2486 2615 2781 2688 populares
2818 2616 2873 2673 in
2897 2634 3165 2690 equorum
3192 2622 3452 2679 cursibus

1857 2703 2322 2763 acclamationes?
2351 2707 2441 2763 ubi
2475 2708 2760 2766 tlieatrica:
2819 2712 3209 2770 adulationes?
3241 2724 3447 2772 cuncta

1857 2795 1974 2852 bare
2022 2797 2426 2855 abscesserunt
2456 2814 2473 2854 :
2510 2815 2576 2855 ac
2635 2804 2959 2873 repentinus
2982 2807 3319 2874 ventitlatus,
3349 2824 3450 2865 ex-

1855 2889 2040 2947 cussis
2069 2890 2216 2948 foliis
2248 2893 2451 2947 nudam
2490 2893 2658 2950 nobis
2693 2895 2950 2954 arborem
2984 2901 3248 2967 ostendit,
3283 2909 3338 2958 et
3376 2906 3447 2959 ad

1859 2982 2014 3056 ipsos
2065 3000 2240 3055 usque
2296 2985 2515 3044 radices
2544 2997 2892 3059 quassatam.
2946 2990 3126 3048 Tanto
3163 2994 3310 3050 enim
3339 2995 3448 3051 im-

177 3090 250 3156 ὡς
286 3089 379 3146 καὶ
416 3088 720 3163 πρόρριζον
750 3084 995 3141 ἀπειλεῖν
1039 3085 1312 3157 ἀνασπᾲν,
1347 3083 1440 3138 καὶ
1465 3082 1606 3138 αὐτὰ
1636 3082 1754 3137 δια-

1867 3086 1986 3150 petu
2048 3087 2244 3136 ventus
2281 3078 2551 3148 incubuit,
2583 3090 2643 3136 ut
2674 3097 2793 3137 eam
2823 3098 2960 3154 pene
2985 3086 3251 3143 radicitus
3285 3089 3444 3145 evul-

179 3181 430 3237 σαλεῦσαι
455 3178 554 3235 τοῦ
581 3179 798 3250 δένδρου
829 3177 898 3231 τὰ
921 3175 1109 3248 νεῦρα.
1134 3174 1245 3231 Ποῦ
1270 3174 1368 3230 νῦν
1395 3174 1444 3228 οἱ
1472 3173 1752 3247 πεπλανη-

181 3275 324 3348 μένοι
361 3274 544 3346 φίλοι;
571 3269 672 3326 ποῦ
712 3269 770 3325 δὲ
814 3269 884 3324 τὰ
941 3270 1264 3340 προσωπεῖα
1313 3269 1422 3323 τῶν
1463 3267 1750 3331 κολάκων;

177 3367 274 3423 ποῦ
308 3366 373 3424 τά
414 3365 696 3436 συμπόσια
738 3363 832 3419 καὶ
865 3361 934 3418 τά
972 3363 1182 3429 δεῖπνα,
1219 3361 1314 3417 καὶ
1355 3363 1385 3417 ό
1420 3360 1530 3416 τῶν
1573 3377 1754 3432 παρα-

177 3463 332 3517 σίτων
364 3463 560 3534 ὲσμδς,
595 3460 694 3514 καὶ
721 3459 789 3512 δι’
815 3456 946 3530 ὅλης
975 3457 1188 3531 ἡμέρας
1226 3455 1553 3528 ἑκχεόμενος
1577 3453 1754 3527 ἄκρα-

175 3571 282 3624 τος,
318 3554 414 3610 καὶ
454 3553 518 3609 αί
555 3551 797 3607 ποικίλαι
839 3550 952 3605 τῶν
995 3547 1275 3622 μαγείρων
1320 3549 1529 3620 τέχναι,
1570 3546 1665 3601 καὶ
1699 3546 1754 3601 οῖ

173 3651 269 3723 τῆς
318 3646 641 3712 δυναστείας
692 3640 1028 3718 θεραπευταί
1043 3659 1058 3711 ;
1090 3643 1140 3697 οί
1177 3642 1356 3698 πάντα
1405 3640 1544 3712 πρὸς
1593 3639 1754 3712 χάριν

175 3741 450 3809 ποιοῦντες
489 3742 584 3796 καὶ
611 3739 901 3811 λέγοντες;
931 3737 1049 3806 Νὺξ
1085 3733 1156 3810 ἦν
1201 3737 1380 3792 πάντα
1427 3735 1611 3790 ικεῖνα
1658 3733 1755 3789 καὶ

177 3838 322 3909 όναρ,
377 3836 476 3892 καὶ
537 3834 754 3910 ἡμέρας
805 3831 1109 3906 γενομένης
1157 3829 1453 3904 ¹ἢφανίσθη.
1483 3825 1654 3901 ’Δνθη
1686 3823 1754 3900 ἦν

178 3929 384 4002 ἐαρινὰ,
455 3928 554 3982 καὶ
600 3925 972 3998 παρελθόντος
1009 3923 1104 3978 τοῦ
1154 3921 1315 3994 ἔαρος
1362 3921 1579 3975 ἅπαντα
1624 3936 1758 3975 κατ-

178 4023 456 4098 εμαράνθη
480 4039 494 4053 ·
517 4021 646 4076 σκιὰ
666 4017 754 4094 ἦν,
787 4019 883 4075 καὶ
908 4017 1278 4092 παρέδραμεν*
1310 4015 1517 4080 καπνὸς
1540 4009 1630 4088 ἦν,
1660 4014 1754 4070 καὶ

175 4116 385 4189 διελύθη
400 4135 414 4151 ·
445 4114 799 4188 πομφόλυγες
821 4108 980 4184 ἦσαν,
1011 4112 1102 4164 καὶ
1120 4108 1380 4182 διερρἀη
1391 4126 1489 4163 σαν
1509 4124 1522 4138 ·
1541 4109 1753 4181 ἀράχνη

176 4203 262 4282 ἦν,
283 4211 380 4264 καὶ
405 4205 732 4277 διεσπάσθη.
763 4204 851 4257 Διὸ
870 4202 1033 4260 πάλιν
1065 4201 1164 4273 τὴν
1185 4199 1562 4273 πνευματικὴν
1584 4199 1756 4259 ταῦτα

181 4302 386 4376 ἐπῳδὴν
422 4303 743 4372 ἐπάγωμεν,
781 4296 1022 4369 συνεχῶς
1063 4295 1345 4365 λέγοντεςο
1374 4312 1408 4355 ,ι
1442 4293 1756 4366 Ματαιότης

183 4397 573 4472 ματαιοτήτων,
599 4395 668 4450 τά
700 4392 878 4450 πάντα
912 4392 1232 4464 ματαιότης.
1265 4409 1283 4444 ι
1309 4388 1528 4463 Ταύτην
1545 4391 1645 4462 τὴν
1668 4389 1760 4462 ῥῆ-

1853 3171 2009 3237 serit,
2041 3172 2303 3245 ipsasque
2353 3171 2520 3230 ﬁbras
2592 3174 2709 3245 jam
2767 3175 3135 3234 labefactarit.
3164 3178 3268 3237 Ubi
3296 3198 3444 3239 nunc

1857 3271 1988 3321 sunt
2009 3263 2087 3318 illi
2114 3263 2280 3319 fucati
2301 3263 2505 3320 amici?
2525 3265 2617 3320 ubi
2630 3265 2792 3338 322
2810 3275 3214 3327 assentatorum
3242 3272 3448 3331 larva?

1859 3352 1952 3410 ubi
2023 3369 2197 3412 omna:
2229 3365 2285 3412 et
2339 3356 2616 3422 convivia,
2675 3373 2742 3414 ac
2805 3361 3173 3432 parasitorum
3204 3368 3444 3439 greges?

1859 3448 1955 3505 ubi
1993 3449 2186 3506 vinum
2217 3466 2315 3522 per
2343 3458 2522 3506 totum
2558 3451 2706 3508 diem
2737 3454 3114 3513 exhaustum?
3149 3459 3243 3514 ubi
3285 3461 3441 3519 varia

1857 3558 2128 3601 cocorum
2190 3545 2499 3602 lenocinia?
2531 3547 2625 3605 ubi
2665 3550 2959 3620 potestatis
3018 3552 3283 3621 cultores,
3313 3556 3442 3627 qui-

1858 3652 1965 3708 que
1997 3637 2182 3694 omnia
2222 3640 2567 3710 aucupandae
2608 3641 2800 3713 gratia:
2848 3656 3039 3711 causa,
3082 3651 3196 3698 tum
3247 3645 3440 3718 loque-

1858 3731 2082 3797 bantur,
2148 3741 2263 3787 tum
2296 3732 2611 3790 faciebant?
2666 3732 2782 3790 Nox
2844 3736 3231 3810 somniumque
3282 3750 3442 3795 erant

1858 3824 2044 3881 istltaic
2069 3825 2278 3894 omnia,
2304 3833 2360 3882 et
2383 3826 2704 3884 adveniente
2731 3827 2854 3884 luce
2876 3842 3240 3885 evanuerunt.
3274 3831 3441 3888 Venti

1860 3917 2025 3975 nores
2057 3929 2239 3986 erant,
2264 3926 2320 3974 et
2353 3929 2552 3975 exacto
2603 3935 2732 3976 vere
2759 3931 3170 3976 emarcuerunt.
3231 3921 3436 3981 Umbra

1857 4020 2036 4076 erant,
2084 4019 2137 4067 et
2196 4010 2554 4066 dillluxerunt
2585 4031 2598 4067 :
2631 4012 2816 4069 fumus
2843 4050 2859 4080 ,
2905 4021 2958 4068 et
3011 4013 3225 4084 dilapsa
3264 4023 3442 4082 sunt;

1859 4103 2024 4160 bulla:
2050 4145 2065 4171 ,
2121 4118 2185 4160 ac
2212 4105 2438 4176 dirupta
2475 4113 2605 4162 sunt
2641 4123 2653 4159 :
2689 4120 2905 4162 aranea:
2942 4107 3093 4174 telae,
3125 4116 3179 4161 et
3209 4105 3440 4176 disiecta

1860 4210 2010 4257 sunt.
2067 4198 2343 4266 Quocirca
2401 4201 2747 4270 spiritualem
2785 4200 2930 4257 lianc
2969 4200 3185 4273 epoden
3237 4200 3439 4256 iterum

1861 4294 2278 4359 subnectamus,
2347 4292 2685 4363 assidueque
2742 4303 3058 4363 repetamus
3094 4309 3108 4345 :
3152 4311 3171 4346 ι
3209 4291 3445 4352 Vanitas

1859 4387 2187 4452 vanitatum,
2217 4397 2273 4442 et
2311 4387 2496 4442 omnia
2526 4386 2763 4443 vanitas.
2791 4405 2810 4440 ι
2851 4387 2963 4442 Hoc
3002 4387 3210 4442 dictum
3242 4386 3295 4443 in
3327 4403 3441 4458 pa-

186 4511 283 4562 σιν,
317 4492 410 4548 καὶ
438 4493 497 4548 ὲν
527 4489 746 4562 τοίχοις,
779 4488 876 4543 καὶ
901 4486 960 4541 ὲν
997 4486 1255 4559 ίματίοις,
1294 4483 1392 4538 καὶ⁸
1416 4485 1476 4538 ὲν
1506 4483 1755 4559 ἀγοραῖς,

1867 4478 2112 4544 rictibus,
2149 4479 2203 4533 in
2230 4475 2373 4543 foro,
2407 4477 2464 4533 in
2494 4478 2724 4544 aedibus,
2746 4478 2943 4543 inviis,
2967 4479 3019 4533 in
3042 4478 3249 4549 januis,
3285 4478 3340 4533 in
3365 4479 3444 4534 in.

185 4587 273 4641 καὶ
294 4588 351 4642 ὲν
369 4585 590 4651 οἰκίαις,
607 4583 702 4638 καὶ
717 4583 776 4637 ὲν
796 4581 958 4648 ὁδοῖς,
981 4579 1076 4635 καὶ
1100 4581 1157 4635 ὲν
1179 4579 1393 4652 θύραις,
1436 4577 1531 4633 καὶ
1554 4581 1612 4633 ὲν
1639 4577 1755 4632 είσ-

183 4681 336 4747 όδοις,
367 4681 462 4735 καὶ¹
491 4681 550 4734 ἐν
577 4674 799 4742 ἐξόδοις,
832 4674 928 4731 καὶ
955 4673 1062 4746 πρὸ
1091 4673 1308 4728 πάντων
1333 4673 1390 4726 ὲν
1417 4670 1496 4743 τῷ
1525 4670 1754 4726 ἑκάστου

186 4775 438 4831 συνειδότι
469 4772 712 4846 συνεχῶς
739 4768 1122 4843 ἐγγεγράφθαι
1156 4767 1284 4833 ἔδει,
1317 4765 1410 4821 καὶ
1439 4765 1528 4821 διὰ
1555 4764 1758 4829 παντὸς

184 4869 342 4943 αὐτὴν
392 4868 646 4943 μελετᾷν.
685 4865 906 4938 Ἐπειδὴ
957 4861 1132 4937 πολλὴ
1183 4863 1292 4917 τῶν
1342 4857 1684 4935 πραγμάτων
1720 4858 1756 4930 ἡ

185 4962 380 5034 ἀπάτη,
405 4963 500 5018 καὶ
522 4962 593 5017 τὰ
619 4961 961 5037 προσωπεῖα,
1000 4958 1096 5012 καὶ
1121 4957 1154 5026 ἡ
1184 4956 1495 5024 ὑπόκρισις,
1527 4952 1756 5026 ἀλήθειά

184 5072 262 5121 τις
312 5056 467 5131 παρά
525 5057 639 5121 τοῖς
695 5054 914 5118 πολλοῖς
968 5047 1110 5107 εἶναι
1165 5050 1336 5114 δοκεῖ,
1395 5046 1571 5102 ταῦτα
1629 5045 1756 5099 καθ’

187 5149 410 5222 ἑκάστην
437 5149 673 5222 ἡμέραν,
703 5147 797 5203 καὶ
835 5147 896 5201 έν
925 5145 1146 5216 δείπνῳ,
1184 5143 1280 5197 καὶ
1313 5144 1370 5196 ὲν
1400 5139 1630 5212 ἀρίστῳ,
1659 5137 1757 5193 καὶ

185 5240 238 5294 ὲν
269 5242 539 5313 συλλόγοις
583 5238 859 5309 ἐπιλέγειν
888 5237 1120 5293 ἕκαστον
1162 5233 1239 5307 τῷ
1275 5232 1506 5304 πλησίον
1555 5229 1752 5303 ὲχρῆν,

186 5339 275 5392 καὶ
303 5341 451 5412 παρὰ
482 5337 574 5393 τοῦ
608 5334 838 5408 πλησίον
865 5331 1105 5397 ἀκούειν,
1135 5330 1217 5384 ὅτι
1251 5348 1268 5381 ι
1306 5325 1621 5398 Ματαιότης
1649 5340 1755 5396 μα-

187 5433 490 5506 ταιοτήτων,
527 5433 598 5488 τὰ
634 5431 814 5487 πάντα
854 5425 1169 5499 ματαιότης.
1218 5442 1237 5477 ι
1269 5423 1382 5477 οὐκ
1411 5422 1596 5492 ἔλεγον
1627 5434 1756 5474 συν-

189 5528 336 5600 εχῶς,
391 5527 473 5582 ὅτι
515 5525 794 5600 δραπέτης
840 5524 868 5578 ό
924 5518 1193 5587 πλοῦτοςς
1245 5517 1309 5571 σὺ
1360 5514 1420 5570 δὲ
1460 5513 1621 5587 ἡμῶν
1656 5512 1758 5568 ούκ

191 5621 367 5696 ἢνέχου
389 5637 402 5652 ⁶
436 5621 536 5677 ούκ
574 5620 780 5691 ελεγον,
805 5619 886 5673 ὅτι
911 5612 1188 5688 ἀγνώμων
1217 5611 1366 5667 ἐστὶν
1404 5605 1657 5680 οἷκέτης;
1691 5605 1756 5660 σὺ

191 5713 242 5768 δὲ
268 5717 362 5772 οὒκ
389 5716 617 5786 ἠϐούλου
665 5710 979 5768 πείθεσθαι.
1023 5707 1155 5764 Ἰδοὺ
1181 5706 1242 5761 σὲ
1269 5704 1379 5760 τῶν
1408 5701 1759 5776 πραγμάτων

195 5809 413 5881 ἐδίδαξεν
463 5815 496 5888 ἡ
551 5813 743 5885 πεῖρα·
804 5809 886 5863 ότι
942 5806 1002 5860 ού
1075 5802 1345 5878 δραπέτης
1408 5799 1591 5873 μόνον,
1639 5798 1760 5854 οὐδὲ

1856 4589 2074 4648 gressu,
2093 4586 2147 4629 et
2168 4573 2222 4627 in
2241 4587 2486 4645 egressu,
2507 4581 2559 4627 et
2577 4580 2700 4627 ante
2720 4571 2904 4626 omnia
2926 4571 2981 4625 in
3004 4569 3446 4642 uniuscujusque

1857 4666 2203 4724 conscientia
2240 4680 2523 4736 nunquam
2552 4679 2659 4720 non
2700 4663 3024 4735 inscriptum
3055 4680 3178 4721 esse
3201 4675 3444 4737 oportet,

1857 4763 2001 4834 quod
2023 4769 2287 4834 perpetuo
2317 4759 2666 4816 meditemur.
2688 4759 2885 4830 Ingens
2911 4760 3112 4831 quippe
3129 4775 3311 4815 rerum
3335 4758 3443 4814 fal-

1857 4854 1999 4911 lacia
2037 4861 2142 4920 est,
2176 4862 2230 4909 et
2258 4853 2423 4908 larva:
2450 4867 2512 4909 ac
2536 4853 2813 4909 simulatio
2843 4854 2988 4928 apud
3015 4853 3303 4924 plerosque
3324 4868 3444 4924 spe-

1857 4947 1995 5003 ciem
2014 4945 2263 5003 veritatis
2295 4955 2512 5018 gerunt.
2539 4945 2673 5002 Illud
2699 4947 2752 5002 in
2779 4962 2940 5003 creua
2958 4954 3011 5003 et
3035 4948 3088 5002 in
3111 4948 3364 5018 prandio,
3386 4954 3442 5002 et

1859 5041 1914 5097 in
1945 5040 2311 5098 conventibus
2370 5041 2608 5111 quisque
2643 5040 2810 5097 debet
2856 5041 3106 5112 proximo
3159 5041 3445 5106 cecinere,

1859 5151 1924 5192 ac
1996 5150 2190 5191 rursus
2212 5133 2355 5189 idem
2391 5151 2420 5188 a
2464 5133 2714 5206 proximo
2754 5134 2947 5191 audire
2985 5155 2998 5191 :
3033 5154 3049 5188 ι
3084 5133 3312 5189 Vanitas
3342 5149 3439 5190 va-
3486 5171 3490 5176 μ

1860 5232 2124 5297 uitatum,
2181 5239 2236 5286 et
2263 5230 2446 5286 omnia
2475 5229 2709 5285 vanitas.
2739 5248 2757 5281 ι
2793 5230 2991 5285 Annon
3032 5227 3256 5286 assidue
3284 5227 3449 5284 dice-.

1863 5328 1990 5384 bam
2044 5325 2304 5397 fugitives
2339 5341 2463 5382 esse
2522 5324 2788 5380 divitias?
2828 5323 2909 5380 Tu
2944 5339 3074 5380 vero
3104 5321 3297 5379 audire
3331 5335 3448 5377 non

1859 5423 2194 5480 snsunebas.
2246 5423 2443 5476 Annon
2470 5421 2850 5492 easingratunt
2877 5434 3001 5476 esse
3032 5417 3295 5474 famulum
3330 5417 3444 5473 aie~

1860 5516 2027 5571 bant?
2077 5523 2133 5569 tu
2166 5514 2461 5578 veromihi
2499 5512 2661 5569 fidem
2693 5512 2957 5569 adbibere
3007 5512 3325 5568 recusabas.
3364 5508 3454 5566 Enr

1858 5620 2034 5670 tumet
2076 5613 2201 5683 ipso
2243 5625 2429 5666 rerum
2475 5608 2858 5680 experimento
2903 5605 3173 5672 didicisti,
3204 5621 3303 5664 eas
3332 5620 3451 5662 non

1860 5709 2024 5764 modo
2077 5706 2369 5780 fugitivum
2428 5713 2482 5762 et
2531 5705 2805 5778 ingratum
2870 5718 3089 5760 servum
3143 5717 3290 5766 esse,
3345 5699 3450 5755 sed

1859 5803 2024 5860 etiam
2074 5801 2416 5861 carnificem.
2476 5798 2585 5856 Illa:
2675 5799 2943 5872 siquidem
3000 5796 3324 5859 effecerunt,
3384 5798 3448 5849 at
