  <div class='ocr_page' id='page_1' title='image "/cluster/home/n/w/nwhite01/storage/ocr_20150623/95/hvd.32044073502106/570.png"; bbox 0 0 3926 6256; ppageno 0'>
   <div class='ocr_carea' id='block_1_1' title="bbox 245 294 371 364">
    <p class='ocr_par' dir='ltr' id='par_1_1' title="bbox 245 294 371 364">
     <span class='ocr_line' id='line_1_1' title="bbox 245 294 371 364; baseline 0.032 -4"><span class='ocrx_word' id='word_1_1' title='bbox 245 294 371 364; x_wconf 76' lang='grc'><strong>1129</strong></span> 
     </span>
    </p>
   </div>
   <div class='ocr_carea' id='block_1_2' title="bbox 1418 316 2165 384">
    <p class='ocr_par' dir='ltr' id='par_1_2' title="bbox 1418 316 2165 384">
     <span class='ocr_line' id='line_1_2' title="bbox 1418 316 2165 384; baseline 0.007 -6"><span class='ocrx_word' id='word_1_2' title='bbox 1418 316 1660 381; x_wconf 74' lang='lat' dir='ltr'><strong>SACRA</strong></span> <span class='ocrx_word' id='word_1_3' title='bbox 1698 316 2046 384; x_wconf 79' lang='lat' dir='ltr'><strong>PARALLE</strong></span> <span class='ocrx_word' id='word_1_4' title='bbox 2054 319 2165 384; x_wconf 81' lang='lat' dir='ltr'><strong>LA.</strong></span> 
     </span>
    </p>
   </div>
   <div class='ocr_carea' id='block_1_3' title="bbox 3363 330 3504 401">
    <p class='ocr_par' dir='ltr' id='par_1_3' title="bbox 3363 330 3504 401">
     <span class='ocr_line' id='line_1_3' title="bbox 3363 330 3504 401; baseline 0.021 -3"><span class='ocrx_word' id='word_1_5' title='bbox 3363 330 3504 401; x_wconf 74' lang='lat'><strong>1130</strong></span> 
     </span>
    </p>
   </div>
   <div class='ocr_carea' id='block_1_4' title="bbox 218 409 1775 514">
    <p class='ocr_par' dir='ltr' id='par_1_4' title="bbox 218 409 1775 500">
     <span class='ocr_line' id='line_1_4' title="bbox 218 409 1775 500; baseline 0.017 -39"><span class='ocrx_word' id='word_1_6' title='bbox 218 409 320 485; x_wconf 24' lang='grc' dir='ltr'>γῆν,</span> <span class='ocrx_word' id='word_1_7' title='bbox 348 414 443 469; x_wconf 69' lang='grc' dir='ltr'>καὶ</span> <span class='ocrx_word' id='word_1_8' title='bbox 468 412 561 470; x_wconf 90' lang='grc' dir='ltr'><strong>τοῦ</strong></span> <span class='ocrx_word' id='word_1_9' title='bbox 596 417 964 492; x_wconf 77' lang='grc' dir='ltr'>νεκρωυέντος</span> <span class='ocrx_word' id='word_1_10' title='bbox 1012 421 1163 490; x_wconf 71' lang='grc' dir='ltr'>ἅπαξ</span> <span class='ocrx_word' id='word_1_11' title='bbox 1205 424 1360 481; x_wconf 65' lang='grc' dir='ltr'>οὐδὲν</span> <span class='ocrx_word' id='word_1_12' title='bbox 1413 429 1637 500; x_wconf 79' lang='grc' dir='ltr'>ἄμεινον</span> <span class='ocrx_word' id='word_1_13' title='bbox 1697 431 1775 487; x_wconf 87' lang='grc' dir='ltr'><strong>δια</strong></span> 
     </span>
    </p>
   </div>
   <div class='ocr_carea' id='block_1_5' title="bbox 1879 409 3495 514">
    <p class='ocr_par' dir='ltr' id='par_1_5' title="bbox 1879 434 3495 514">
     <span class='ocr_line' id='line_1_5' title="bbox 1879 434 3495 514; baseline 0.012 -27"><span class='ocrx_word' id='word_1_14' title='bbox 1879 458 1893 496; x_wconf 62' lang='grc' dir='ltr'>ι</span> <span class='ocrx_word' id='word_1_15' title='bbox 1924 440 1983 488; x_wconf 92' lang='lat' dir='ltr'><strong>ut</strong></span> <span class='ocrx_word' id='word_1_16' title='bbox 2015 434 2302 492; x_wconf 84' lang='lat' dir='ltr'><strong>teterrima</strong></span> <span class='ocrx_word' id='word_1_17' title='bbox 2337 444 2500 495; x_wconf 76' lang='lat' dir='ltr'><strong>nocte</strong></span> <span class='ocrx_word' id='word_1_18' title='bbox 2526 438 2929 514; x_wconf 76' lang='lat' dir='ltr'><strong>circumfusus,</strong></span> <span class='ocrx_word' id='word_1_19' title='bbox 2964 458 3133 502; x_wconf 88' lang='lat' dir='ltr'><strong>usura</strong></span> <span class='ocrx_word' id='word_1_20' title='bbox 3161 445 3495 507; x_wconf 84' lang='lat' dir='ltr'><strong>luciscaret.</strong></span> 
     </span>
    </p>
   </div>
   <div class='ocr_carea' id='block_1_6' title="bbox 229 505 1812 592">
    <p class='ocr_par' dir='ltr' id='par_1_6' title="bbox 229 505 1812 592">
     <span class='ocr_line' id='line_1_6' title="bbox 229 505 1812 592; baseline 0.013 -32"><span class='ocrx_word' id='word_1_21' title='bbox 229 505 501 577; x_wconf 81' lang='grc' dir='ltr'>κείμενον.</span> <span class='ocrx_word' id='word_1_22' title='bbox 526 509 747 576; x_wconf 78' lang='grc' dir='ltr'><strong>κτύπος</strong></span> <span class='ocrx_word' id='word_1_23' title='bbox 767 513 825 569; x_wconf 73' lang='grc' dir='ltr'>δὲ</span> <span class='ocrx_word' id='word_1_24' title='bbox 841 514 952 569; x_wconf 88' lang='grc' dir='ltr'><strong>τῶν</strong></span> <span class='ocrx_word' id='word_1_25' title='bbox 985 515 1237 589; x_wconf 76' lang='grc' dir='ltr'><strong>ὀδόντων,</strong></span> <span class='ocrx_word' id='word_1_26' title='bbox 1264 520 1360 576; x_wconf 78' lang='grc' dir='ltr'>καὶ</span> <span class='ocrx_word' id='word_1_27' title='bbox 1390 523 1655 592; x_wconf 77' lang='grc' dir='ltr'><strong>πάταγος,</strong></span> <span class='ocrx_word' id='word_1_28' title='bbox 1716 527 1812 580; x_wconf 70' lang='grc' dir='ltr'>καὶ</span> 
     </span>
    </p>
   </div>
   <div class='ocr_carea' id='block_1_7' title="bbox 226 599 1811 686">
    <p class='ocr_par' dir='ltr' id='par_1_7' title="bbox 226 599 1811 686">
     <span class='ocr_line' id='line_1_7' title="bbox 226 599 1811 686; baseline 0.013 -34"><span class='ocrx_word' id='word_1_29' title='bbox 226 599 425 671; x_wconf 79' lang='grc' dir='ltr'><strong>τρόμος</strong></span> <span class='ocrx_word' id='word_1_30' title='bbox 452 602 549 657; x_wconf 87' lang='grc' dir='ltr'><strong>τοῦ</strong></span> <span class='ocrx_word' id='word_1_31' title='bbox 589 604 791 671; x_wconf 74' lang='grc' dir='ltr'>παντὸς</span> <span class='ocrx_word' id='word_1_32' title='bbox 844 606 1133 681; x_wconf 80' lang='grc' dir='ltr'>σώματος,</span> <span class='ocrx_word' id='word_1_33' title='bbox 1176 613 1272 666; x_wconf 80' lang='grc' dir='ltr'><strong>καὶ</strong></span> <span class='ocrx_word' id='word_1_34' title='bbox 1305 614 1462 686; x_wconf 79' lang='grc' dir='ltr'>φωνὴ</span> <span class='ocrx_word' id='word_1_35' title='bbox 1514 616 1811 673; x_wconf 83' lang='grc' dir='ltr'>διακοπτο-</span> 
     </span>
    </p>
   </div>
   <div class='ocr_carea' id='block_1_8' title="bbox 229 690 1809 776">
    <p class='ocr_par' dir='ltr' id='par_1_8' title="bbox 229 690 1809 776">
     <span class='ocr_line' id='line_1_8' title="bbox 229 690 1809 776; baseline 0.013 -34"><span class='ocrx_word' id='word_1_36' title='bbox 229 690 386 760; x_wconf 70' lang='grc' dir='ltr'>μίνη,</span> <span class='ocrx_word' id='word_1_37' title='bbox 412 690 508 746; x_wconf 57' lang='grc' dir='ltr'><strong>καλ⁵</strong></span> <span class='ocrx_word' id='word_1_38' title='bbox 531 691 757 762; x_wconf 87' lang='grc' dir='ltr'>γλῶσσα</span> <span class='ocrx_word' id='word_1_39' title='bbox 782 694 1169 776; x_wconf 73' lang='grc' dir='ltr'><strong>διαλελυμένη,</strong></span> <span class='ocrx_word' id='word_1_40' title='bbox 1200 703 1298 758; x_wconf 76' lang='grc' dir='ltr'>καὶ</span> <span class='ocrx_word' id='word_1_41' title='bbox 1322 705 1532 776; x_wconf 83' lang='grc' dir='ltr'>σχῆμα,</span> <span class='ocrx_word' id='word_1_42' title='bbox 1562 702 1677 762; x_wconf 71' lang='grc' dir='ltr'>οἷον</span> <span class='ocrx_word' id='word_1_43' title='bbox 1712 709 1809 763; x_wconf 75' lang='lat' dir='ltr'><strong>ttat</strong></span> 
     </span>
    </p>
   </div>
   <div class='ocr_carea' id='block_1_9' title="bbox 224 780 1809 871">
    <p class='ocr_par' dir='ltr' id='par_1_9' title="bbox 224 780 1809 871">
     <span class='ocr_line' id='line_1_9' title="bbox 224 780 1809 871; baseline 0.013 -35"><span class='ocrx_word' id='word_1_44' title='bbox 224 780 432 857; x_wconf 82' lang='grc' dir='ltr'>λιθίνην</span> <span class='ocrx_word' id='word_1_45' title='bbox 495 784 674 862; x_wconf 69' lang='grc' dir='ltr'>ψυχὴν</span> <span class='ocrx_word' id='word_1_46' title='bbox 695 787 857 860; x_wconf 79' lang='grc' dir='ltr'>τῆξαι</span> <span class='ocrx_word' id='word_1_47' title='bbox 907 792 1229 868; x_wconf 78' lang='grc' dir='ltr'>δυνάμενον.</span> <span class='ocrx_word' id='word_1_48' title='bbox 1286 798 1397 853; x_wconf 78' lang='grc' dir='ltr'><strong>Καὶ</strong></span> <span class='ocrx_word' id='word_1_49' title='bbox 1443 799 1620 856; x_wconf 86' lang='grc' dir='ltr'>ταῦτα</span> <span class='ocrx_word' id='word_1_50' title='bbox 1662 801 1809 871; x_wconf 71' lang='grc' dir='ltr'>λέγω</span> 
     </span>
    </p>
   </div>
   <div class='ocr_carea' id='block_1_10' title="bbox 221 876 1810 966">
    <p class='ocr_par' dir='ltr' id='par_1_10' title="bbox 221 876 1810 966">
     <span class='ocr_line' id='line_1_10' title="bbox 221 876 1810 966; baseline 0.011 -36"><span class='ocrx_word' id='word_1_51' title='bbox 221 876 324 933; x_wconf 82' lang='grc' dir='ltr'>οὐκ</span> <span class='ocrx_word' id='word_1_52' title='bbox 352 878 652 948; x_wconf 81' lang='grc' dir='ltr'>ὀνειδίζων,</span> <span class='ocrx_word' id='word_1_53' title='bbox 695 883 817 938; x_wconf 67' lang='grc' dir='ltr'>οὐδὲ</span> <span class='ocrx_word' id='word_1_54' title='bbox 851 884 1207 959; x_wconf 68' lang='grc' dir='ltr'>ἐπεμϐαίνων</span> <span class='ocrx_word' id='word_1_55' title='bbox 1232 893 1302 962; x_wconf 72' lang='grc' dir='ltr'><strong>τῇ</strong></span> <span class='ocrx_word' id='word_1_56' title='bbox 1333 894 1611 966; x_wconf 71' lang='grc' dir='ltr'>συμφορᾷ,</span> <span class='ocrx_word' id='word_1_57' title='bbox 1669 892 1810 948; x_wconf 79' lang='grc' dir='ltr'>ἀλλὰ</span> 
     </span>
    </p>
   </div>
   <div class='ocr_carea' id='block_1_11' title="bbox 220 970 1807 1055">
    <p class='ocr_par' dir='ltr' id='par_1_11' title="bbox 220 970 1807 1055">
     <span class='ocr_line' id='line_1_11' title="bbox 220 970 1807 1055; baseline 0.009 -30"><span class='ocrx_word' id='word_1_58' title='bbox 220 970 320 1043; x_wconf 72' lang='grc' dir='ltr'>τὴν</span> <span class='ocrx_word' id='word_1_59' title='bbox 340 972 617 1047; x_wconf 70' lang='grc' dir='ltr'>ὑμετέραν</span> <span class='ocrx_word' id='word_1_60' title='bbox 645 974 891 1034; x_wconf 79' lang='grc' dir='ltr'>διάνοιαν</span> <span class='ocrx_word' id='word_1_61' title='bbox 932 979 1171 1051; x_wconf 77' lang='grc' dir='ltr'><strong>μαλάξαι</strong></span> <span class='ocrx_word' id='word_1_62' title='bbox 1223 982 1571 1055; x_wconf 82' lang='grc' dir='ltr'>βουλόμενος,</span> <span class='ocrx_word' id='word_1_63' title='bbox 1598 986 1695 1041; x_wconf 79' lang='grc' dir='ltr'>καὶ</span> <span class='ocrx_word' id='word_1_64' title='bbox 1726 986 1807 1052; x_wconf 87' lang='grc' dir='ltr'><strong>είς</strong></span> 
     </span>
    </p>
   </div>
   <div class='ocr_carea' id='block_1_12' title="bbox 221 1063 1805 1148">
    <p class='ocr_par' dir='ltr' id='par_1_12' title="bbox 221 1063 1805 1148">
     <span class='ocr_line' id='line_1_12' title="bbox 221 1063 1805 1148; baseline 0.011 -30"><span class='ocrx_word' id='word_1_65' title='bbox 221 1063 369 1120; x_wconf 73' lang='grc' dir='ltr'>ἔλεον</span> <span class='ocrx_word' id='word_1_66' title='bbox 402 1067 833 1127; x_wconf 74' lang='grc' dir='ltr'>ἐπισπάσασθαι.</span> <span class='ocrx_word' id='word_1_67' title='bbox 860 1071 1021 1138; x_wconf 88' lang='grc' dir='ltr'>Τίνος</span> <span class='ocrx_word' id='word_1_68' title='bbox 1045 1074 1236 1131; x_wconf 69' lang='grc' dir='ltr'>ἓνεκεν</span> <span class='ocrx_word' id='word_1_69' title='bbox 1278 1078 1609 1148; x_wconf 75' lang='grc' dir='ltr'><strong>ἀγανακτεῖς</strong></span> <span class='ocrx_word' id='word_1_70' title='bbox 1635 1097 1654 1148; x_wconf 87' lang='grc'><strong>;</strong></span> <span class='ocrx_word' id='word_1_71' title='bbox 1680 1080 1805 1135; x_wconf 72' lang='grc' dir='ltr'><strong>Ὀτι</strong></span> 
     </span>
    </p>
   </div>
   <div class='ocr_carea' id='block_1_13' title="bbox 219 1158 1806 1245">
    <p class='ocr_par' dir='ltr' id='par_1_13' title="bbox 219 1158 1806 1245">
     <span class='ocr_line' id='line_1_13' title="bbox 219 1158 1806 1245; baseline 0.009 -32"><span class='ocrx_word' id='word_1_72' title='bbox 219 1158 305 1232; x_wconf 80' lang='grc' dir='ltr'>δὴ,</span> <span class='ocrx_word' id='word_1_73' title='bbox 357 1159 546 1233; x_wconf 74' lang='grc' dir='ltr'>φησὶν,</span> <span class='ocrx_word' id='word_1_74' title='bbox 594 1163 677 1228; x_wconf 88' lang='grc' dir='ltr'><strong>είς</strong></span> <span class='ocrx_word' id='word_1_75' title='bbox 709 1162 1040 1238; x_wconf 76' lang='grc' dir='ltr'><strong>Ἐκκλησίαν</strong></span> <span class='ocrx_word' id='word_1_76' title='bbox 1085 1169 1401 1241; x_wconf 75' lang='grc' dir='ltr'><strong>κατέφυγεν</strong></span> <span class='ocrx_word' id='word_1_77' title='bbox 1428 1172 1456 1225; x_wconf 88' lang='grc' dir='ltr'><strong>ό</strong></span> <span class='ocrx_word' id='word_1_78' title='bbox 1487 1169 1806 1245; x_wconf 80' lang='grc' dir='ltr'><strong>πολεμήσας</strong></span> 
     </span>
    </p>
   </div>
   <div class='ocr_carea' id='block_1_14' title="bbox 218 1251 1803 1338">
    <p class='ocr_par' dir='ltr' id='par_1_14' title="bbox 218 1251 1803 1338">
     <span class='ocr_line' id='line_1_14' title="bbox 218 1251 1803 1338; baseline 0.013 -36"><span class='ocrx_word' id='word_1_79' title='bbox 218 1251 391 1324; x_wconf 79' lang='grc' dir='ltr'>αὐτὴν</span> <span class='ocrx_word' id='word_1_80' title='bbox 418 1252 707 1325; x_wconf 77' lang='grc' dir='ltr'>διηνεκῶς.</span> <span class='ocrx_word' id='word_1_81' title='bbox 739 1255 841 1311; x_wconf 81' lang='grc' dir='ltr'>Διὰ</span> <span class='ocrx_word' id='word_1_82' title='bbox 892 1256 1053 1313; x_wconf 88' lang='grc' dir='ltr'>τοῦτο</span> <span class='ocrx_word' id='word_1_83' title='bbox 1108 1258 1349 1331; x_wconf 83' lang='grc' dir='ltr'>μάλιστα</span> <span class='ocrx_word' id='word_1_84' title='bbox 1401 1260 1655 1331; x_wconf 76' lang='grc' dir='ltr'><strong>δοξάζειν</strong></span> <span class='ocrx_word' id='word_1_85' title='bbox 1696 1265 1803 1338; x_wconf 74' lang='grc' dir='ltr'>χρὴ</span> 
     </span>
    </p>
   </div>
   <div class='ocr_carea' id='block_1_15' title="bbox 216 1342 1803 1430">
    <p class='ocr_par' dir='ltr' id='par_1_15' title="bbox 216 1342 1803 1430">
     <span class='ocr_line' id='line_1_15' title="bbox 216 1342 1803 1430; baseline 0.011 -33"><span class='ocrx_word' id='word_1_86' title='bbox 216 1342 306 1397; x_wconf 79' lang='grc' dir='ltr'>τὸν</span> <span class='ocrx_word' id='word_1_87' title='bbox 326 1344 486 1415; x_wconf 82' lang='grc' dir='ltr'>Θεδν,</span> <span class='ocrx_word' id='word_1_88' title='bbox 519 1346 604 1402; x_wconf 89' lang='grc' dir='ltr'><strong>δτι</strong></span> <span class='ocrx_word' id='word_1_89' title='bbox 627 1347 841 1422; x_wconf 83' lang='grc' dir='ltr'>ἀφῆκεν</span> <span class='ocrx_word' id='word_1_90' title='bbox 865 1350 1033 1408; x_wconf 75' lang='grc' dir='ltr'>αὑτὸν</span> <span class='ocrx_word' id='word_1_91' title='bbox 1051 1354 1133 1421; x_wconf 84' lang='grc' dir='ltr'><strong>είς</strong></span> <span class='ocrx_word' id='word_1_92' title='bbox 1168 1354 1438 1428; x_wconf 80' lang='grc' dir='ltr'><strong>τοσαύτην</strong></span> <span class='ocrx_word' id='word_1_93' title='bbox 1464 1358 1803 1430; x_wconf 78' lang='grc' dir='ltr'>καταστῆναι</span> 
     </span>
    </p>
   </div>
   <div class='ocr_carea' id='block_1_16' title="bbox 1917 524 3504 608">
    <p class='ocr_par' dir='ltr' id='par_1_16' title="bbox 1917 524 3504 608">
     <span class='ocr_line' id='line_1_16' title="bbox 1917 524 3504 608; baseline 0.011 -29"><span class='ocrx_word' id='word_1_94' title='bbox 1917 524 2065 593; x_wconf 84' lang='lat' dir='ltr'><strong>Quin</strong></span> <span class='ocrx_word' id='word_1_95' title='bbox 2126 527 2336 599; x_wconf 90' lang='lat' dir='ltr'><strong>potius,</strong></span> <span class='ocrx_word' id='word_1_96' title='bbox 2391 533 2802 601; x_wconf 79' lang='lat' dir='ltr'><strong>quantumlibet</strong></span> <span class='ocrx_word' id='word_1_97' title='bbox 2836 536 3315 608; x_wconf 88' lang='lat' dir='ltr'><strong>contenderimus,</strong></span> <span class='ocrx_word' id='word_1_98' title='bbox 3344 542 3504 597; x_wconf 93' lang='lat' dir='ltr'><strong>nullo</strong></span> 
     </span>
    </p>
   </div>
   <div class='ocr_carea' id='block_1_17' title="bbox 1917 626 3506 701">
    <p class='ocr_par' dir='ltr' id='par_1_17' title="bbox 1917 626 3506 701">
     <span class='ocr_line' id='line_1_17' title="bbox 1917 626 3506 701; baseline 0.013 -29"><span class='ocrx_word' id='word_1_99' title='bbox 1917 626 2104 674; x_wconf 84' lang='lat' dir='ltr'><strong>tamen</strong></span> <span class='ocrx_word' id='word_1_100' title='bbox 2144 633 2427 691; x_wconf 84' lang='lat' dir='ltr'><strong>sermone,</strong></span> <span class='ocrx_word' id='word_1_101' title='bbox 2469 639 2635 696; x_wconf 87' lang='lat' dir='ltr'><strong>quam</strong></span> <span class='ocrx_word' id='word_1_102' title='bbox 2686 626 2859 683; x_wconf 89' lang='lat' dir='ltr'><strong>dubio</strong></span> <span class='ocrx_word' id='word_1_103' title='bbox 2896 630 3093 699; x_wconf 79' lang='lat' dir='ltr'><strong>procul</strong></span> <span class='ocrx_word' id='word_1_104' title='bbox 3124 634 3506 701; x_wconf 83' lang='lat' dir='ltr'><strong>perturbatio-</strong></span> 
     </span>
    </p>
   </div>
   <div class='ocr_carea' id='block_1_18' title="bbox 1910 711 3505 799">
    <p class='ocr_par' dir='ltr' id='par_1_18' title="bbox 1910 711 3505 799">
     <span class='ocr_line' id='line_1_18' title="bbox 1910 711 3505 799; baseline 0.013 -34"><span class='ocrx_word' id='word_1_105' title='bbox 1910 725 2036 767; x_wconf 86' lang='lat' dir='ltr'><strong>nem</strong></span> <span class='ocrx_word' id='word_1_106' title='bbox 2072 711 2371 780; x_wconf 85' lang='lat' dir='ltr'><strong>sustineat,</strong></span> <span class='ocrx_word' id='word_1_107' title='bbox 2406 714 2717 787; x_wconf 79' lang='lat' dir='ltr'><strong>poterimus</strong></span> <span class='ocrx_word' id='word_1_108' title='bbox 2768 720 3115 793; x_wconf 81' lang='lat' dir='ltr'><strong>exprimere;</strong></span> <span class='ocrx_word' id='word_1_109' title='bbox 3152 733 3215 781; x_wconf 89' lang='lat' dir='ltr'><strong>ut</strong></span> <span class='ocrx_word' id='word_1_110' title='bbox 3265 727 3361 799; x_wconf 91' lang='lat' dir='ltr'><strong>qui</strong></span> <span class='ocrx_word' id='word_1_111' title='bbox 3383 729 3505 784; x_wconf 86' lang='lat' dir='ltr'><strong>sin-</strong></span> 
     </span>
    </p>
   </div>
   <div class='ocr_carea' id='block_1_19' title="bbox 1910 804 3501 891">
    <p class='ocr_par' dir='ltr' id='par_1_19' title="bbox 1910 804 3501 891">
     <span class='ocr_line' id='line_1_19' title="bbox 1910 804 3501 891; baseline 0.014 -34"><span class='ocrx_word' id='word_1_112' title='bbox 1910 804 2059 873; x_wconf 88' lang='lat' dir='ltr'><strong>gulis</strong></span> <span class='ocrx_word' id='word_1_113' title='bbox 2091 804 2247 863; x_wconf 82' lang='lat' dir='ltr'><strong>horis</strong></span> <span class='ocrx_word' id='word_1_114' title='bbox 2276 807 2386 866; x_wconf 85' lang='lat' dir='ltr'><strong>hoc</strong></span> <span class='ocrx_word' id='word_1_115' title='bbox 2416 821 2731 884; x_wconf 79' lang='lat' dir='ltr'><strong>exspectet,</strong></span> <span class='ocrx_word' id='word_1_116' title='bbox 2754 820 2815 869; x_wconf 89' lang='lat' dir='ltr'><strong>ut</strong></span> <span class='ocrx_word' id='word_1_117' title='bbox 2846 815 2954 873; x_wconf 84' lang='lat' dir='ltr'><strong>sibi</strong></span> <span class='ocrx_word' id='word_1_118' title='bbox 2970 826 3141 887; x_wconf 88' lang='lat' dir='ltr'><strong>caput</strong></span> <span class='ocrx_word' id='word_1_119' title='bbox 3163 830 3501 891; x_wconf 82' lang='lat' dir='ltr'><strong>amputetur.</strong></span> 
     </span>
    </p>
   </div>
   <div class='ocr_carea' id='block_1_20' title="bbox 1910 892 3506 986">
    <p class='ocr_par' dir='ltr' id='par_1_20' title="bbox 1910 892 3506 986">
     <span class='ocr_line' id='line_1_20' title="bbox 1910 892 3506 986; baseline 0.016 -39"><span class='ocrx_word' id='word_1_120' title='bbox 1910 892 2189 953; x_wconf 80' lang='lat' dir='ltr'><strong>Hesterno</strong></span> <span class='ocrx_word' id='word_1_121' title='bbox 2210 900 2422 973; x_wconf 85' lang='lat' dir='ltr'><strong>quippe</strong></span> <span class='ocrx_word' id='word_1_122' title='bbox 2446 902 2560 967; x_wconf 85' lang='lat' dir='ltr'><strong>die,</strong></span> <span class='ocrx_word' id='word_1_123' title='bbox 2597 920 2724 962; x_wconf 87' lang='lat' dir='ltr'><strong>eum</strong></span> <span class='ocrx_word' id='word_1_124' title='bbox 2760 908 3035 966; x_wconf 76' lang='lat' dir='ltr'><strong>satellites</strong></span> <span class='ocrx_word' id='word_1_125' title='bbox 3059 925 3285 977; x_wconf 78' lang='lat' dir='ltr'><strong>venere.</strong></span> <span class='ocrx_word' id='word_1_126' title='bbox 3310 914 3407 986; x_wconf 87' lang='lat' dir='ltr'><strong>qui</strong></span> <span class='ocrx_word' id='word_1_127' title='bbox 3434 930 3506 971; x_wconf 84' lang='lat' dir='ltr'><strong>ex</strong></span> 
     </span>
    </p>
   </div>
   <div class='ocr_carea' id='block_1_21' title="bbox 1908 986 3505 1076">
    <p class='ocr_par' dir='ltr' id='par_1_21' title="bbox 1908 986 3505 1076">
     <span class='ocr_line' id='line_1_21' title="bbox 1908 986 3505 1076; baseline 0.014 -35"><span class='ocrx_word' id='word_1_128' title='bbox 1908 986 2270 1060; x_wconf 85' lang='lat' dir='ltr'><strong>imperatoris</strong></span> <span class='ocrx_word' id='word_1_129' title='bbox 2299 996 2426 1051; x_wconf 87' lang='lat' dir='ltr'><strong>aula</strong></span> <span class='ocrx_word' id='word_1_130' title='bbox 2469 996 2696 1055; x_wconf 86' lang='lat' dir='ltr'><strong>domum</strong></span> <span class='ocrx_word' id='word_1_131' title='bbox 2738 997 3101 1069; x_wconf 86' lang='lat' dir='ltr'><strong>abducerent,</strong></span> <span class='ocrx_word' id='word_1_132' title='bbox 3129 1003 3293 1076; x_wconf 81' lang='lat' dir='ltr'><strong>isque</strong></span> <span class='ocrx_word' id='word_1_133' title='bbox 3323 1006 3380 1061; x_wconf 93' lang='lat' dir='ltr'><strong>in</strong></span> <span class='ocrx_word' id='word_1_134' title='bbox 3408 1022 3505 1063; x_wconf 74' lang='lat' dir='ltr'><strong>sa-</strong></span> 
     </span>
    </p>
   </div>
   <div class='ocr_carea' id='block_1_22' title="bbox 1908 1079 3501 1165">
    <p class='ocr_par' dir='ltr' id='par_1_22' title="bbox 1908 1079 3501 1165">
     <span class='ocr_line' id='line_1_22' title="bbox 1908 1079 3501 1165; baseline 0.014 -31"><span class='ocrx_word' id='word_1_135' title='bbox 1908 1079 2153 1138; x_wconf 89' lang='lat' dir='ltr'><strong>crarium</strong></span> <span class='ocrx_word' id='word_1_136' title='bbox 2180 1084 2545 1160; x_wconf 73' lang='lat' dir='ltr'><strong>profugisset,</strong></span> <span class='ocrx_word' id='word_1_137' title='bbox 2584 1090 2763 1149; x_wconf 85' lang='lat' dir='ltr'><strong>buxea</strong></span> <span class='ocrx_word' id='word_1_138' title='bbox 2804 1100 2939 1152; x_wconf 91' lang='lat' dir='ltr'><strong>tunc</strong></span> <span class='ocrx_word' id='word_1_139' title='bbox 2998 1092 3142 1153; x_wconf 84' lang='lat' dir='ltr'><strong>l&#39;acie</strong></span> <span class='ocrx_word' id='word_1_140' title='bbox 3175 1103 3317 1165; x_wconf 85' lang='lat' dir='ltr'><strong>erat,</strong></span> <span class='ocrx_word' id='word_1_141' title='bbox 3361 1101 3501 1159; x_wconf 82' lang='lat' dir='ltr'><strong>nihil</strong></span> 
     </span>
    </p>
   </div>
   <div class='ocr_carea' id='block_1_23' title="bbox 1906 1177 3499 1265">
    <p class='ocr_par' dir='ltr' id='par_1_23' title="bbox 1906 1177 3499 1265">
     <span class='ocr_line' id='line_1_23' title="bbox 1906 1177 3499 1265; baseline 0.016 -40"><span class='ocrx_word' id='word_1_142' title='bbox 1906 1183 1937 1265; x_wconf 77' lang='lat' dir='ltr'><strong>a</strong></span> <span class='ocrx_word' id='word_1_143' title='bbox 1968 1180 2190 1231; x_wconf 89' lang='lat' dir='ltr'><strong>mortuo</strong></span> <span class='ocrx_word' id='word_1_144' title='bbox 2245 1177 2553 1251; x_wconf 84' lang='lat' dir='ltr'><strong>quidquam</strong></span> <span class='ocrx_word' id='word_1_145' title='bbox 2589 1181 2938 1261; x_wconf 83' lang='lat' dir='ltr'><strong>discrepans.</strong></span> <span class='ocrx_word' id='word_1_146' title='bbox 2972 1186 3248 1247; x_wconf 82' lang='lat' dir='ltr'><strong>Dentibus</strong></span> <span class='ocrx_word' id='word_1_147' title='bbox 3283 1200 3499 1265; x_wconf 81' lang='lat' dir='ltr'><strong>strepe-</strong></span> 
     </span>
    </p>
   </div>
   <div class='ocr_carea' id='block_1_24' title="bbox 1902 1259 3497 1343">
    <p class='ocr_par' dir='ltr' id='par_1_24' title="bbox 1902 1259 3497 1343">
     <span class='ocr_line' id='line_1_24' title="bbox 1902 1259 3497 1343; baseline 0.017 -27"><span class='ocrx_word' id='word_1_148' title='bbox 1902 1259 2021 1330; x_wconf 85' lang='lat' dir='ltr'><strong>bat,</strong></span> <span class='ocrx_word' id='word_1_149' title='bbox 2073 1272 2304 1339; x_wconf 87' lang='lat' dir='ltr'><strong>totoque</strong></span> <span class='ocrx_word' id='word_1_150' title='bbox 2349 1284 2584 1343; x_wconf 87' lang='lat' dir='ltr'><strong>corpore</strong></span> <span class='ocrx_word' id='word_1_151' title='bbox 2635 1280 3108 1337; x_wconf 87' lang='lat' dir='ltr'><strong>eontremiscebat</strong></span> <span class='ocrx_word' id='word_1_152' title='bbox 3137 1301 3151 1338; x_wconf 89' lang='lat'><strong>:</strong></span> <span class='ocrx_word' id='word_1_153' title='bbox 3180 1298 3287 1340; x_wconf 93' lang='lat' dir='ltr'><strong>vox</strong></span> <span class='ocrx_word' id='word_1_154' title='bbox 3320 1259 3497 1343; x_wconf 75' lang='lat' dir='ltr'><strong>inter-</strong></span> 
     </span>
    </p>
   </div>
   <div class='ocr_carea' id='block_1_25' title="bbox 1903 1362 3489 1438">
    <p class='ocr_par' dir='ltr' id='par_1_25' title="bbox 1903 1362 3489 1438">
     <span class='ocr_line' id='line_1_25' title="bbox 1903 1362 3489 1438; baseline 0.018 -29"><span class='ocrx_word' id='word_1_155' title='bbox 1903 1364 2067 1427; x_wconf 90' lang='lat' dir='ltr'><strong>rupta</strong></span> <span class='ocrx_word' id='word_1_156' title='bbox 2125 1369 2269 1428; x_wconf 87' lang='lat' dir='ltr'><strong>erat,</strong></span> <span class='ocrx_word' id='word_1_157' title='bbox 2304 1362 2492 1437; x_wconf 84' lang='lat' dir='ltr'><strong>lingua</strong></span> <span class='ocrx_word' id='word_1_158' title='bbox 2536 1366 2713 1423; x_wconf 79' lang='lat' dir='ltr'><strong>fracta</strong></span> <span class='ocrx_word' id='word_1_159' title='bbox 2750 1380 2808 1428; x_wconf 89' lang='lat' dir='ltr'><strong>et</strong></span> <span class='ocrx_word' id='word_1_160' title='bbox 2832 1372 3132 1431; x_wconf 85' lang='lat' dir='ltr'><strong>dissoluta.</strong></span> <span class='ocrx_word' id='word_1_161' title='bbox 3166 1375 3369 1436; x_wconf 74' lang='lat' dir='ltr'><strong>Beatus</strong></span> <span class='ocrx_word' id='word_1_162' title='bbox 3402 1382 3489 1438; x_wconf 74' lang='lat' dir='ltr'><strong>de~</strong></span> 
     </span>
    </p>
   </div>
   <div class='ocr_carea' id='block_1_26' title="bbox 201 1435 1775 1538">
    <p class='ocr_par' dir='ltr' id='par_1_26' title="bbox 201 1435 1775 1522">
     <span class='ocr_line' id='line_1_26' title="bbox 201 1435 1775 1522; baseline 0.011 -34"><span class='ocrx_word' id='word_1_163' title='bbox 201 1435 487 1511; x_wconf 66' lang='grc' dir='ltr'>ανάγκην,</span> <span class='ocrx_word' id='word_1_164' title='bbox 516 1439 660 1495; x_wconf 88' lang='grc' dir='ltr'>ῶστε</span> <span class='ocrx_word' id='word_1_165' title='bbox 688 1442 786 1498; x_wconf 80' lang='grc' dir='ltr'>καὶ</span> <span class='ocrx_word' id='word_1_166' title='bbox 804 1441 904 1516; x_wconf 78' lang='grc' dir='ltr'>τὴν</span> <span class='ocrx_word' id='word_1_167' title='bbox 926 1443 1157 1518; x_wconf 89' lang='grc' dir='ltr'>δύναμιν</span> <span class='ocrx_word' id='word_1_168' title='bbox 1177 1447 1278 1520; x_wconf 82' lang='grc' dir='ltr'>τῆς</span> <span class='ocrx_word' id='word_1_169' title='bbox 1317 1447 1668 1522; x_wconf 84' lang='grc' dir='ltr'>Ἐκκλησίας,</span> <span class='ocrx_word' id='word_1_170' title='bbox 1705 1469 1775 1507; x_wconf 88' lang='grc' dir='ltr'><strong>κα</strong></span> 
     </span>
    </p>
   </div>
   <div class='ocr_carea' id='block_1_27' title="bbox 1879 1435 3497 1538">
    <p class='ocr_par' dir='ltr' id='par_1_27' title="bbox 1902 1435 3497 1538">
     <span class='ocr_line' id='line_1_27' title="bbox 1902 1435 3497 1538; baseline 0.017 -37"><span class='ocrx_word' id='word_1_171' title='bbox 1902 1448 2071 1520; x_wconf 88' lang='lat' dir='ltr'><strong>nique</strong></span> <span class='ocrx_word' id='word_1_172' title='bbox 2115 1435 2414 1523; x_wconf 73' lang='lat' dir='ltr'><strong>ejusmodi,</strong></span> <span class='ocrx_word' id='word_1_173' title='bbox 2473 1461 2568 1531; x_wconf 89' lang='lat' dir='ltr'><strong>qui</strong></span> <span class='ocrx_word' id='word_1_174' title='bbox 2596 1462 2677 1518; x_wconf 88' lang='lat' dir='ltr'><strong>vel</strong></span> <span class='ocrx_word' id='word_1_175' title='bbox 2703 1478 2931 1520; x_wconf 82' lang='lat' dir='ltr'><strong>saxeum</strong></span> <span class='ocrx_word' id='word_1_176' title='bbox 2982 1481 3183 1538; x_wconf 85' lang='lat' dir='ltr'><strong>corpus</strong></span> <span class='ocrx_word' id='word_1_177' title='bbox 3218 1468 3497 1528; x_wconf 76' lang='lat' dir='ltr'><strong>coniicere</strong></span> 
     </span>
    </p>
   </div>
   <div class='ocr_carea' id='block_1_28' title="bbox 214 1530 1775 1629">
    <p class='ocr_par' dir='ltr' id='par_1_28' title="bbox 214 1530 1775 1629">
     <span class='ocr_line' id='line_1_28' title="bbox 214 1530 1775 1629; baseline 0.011 -46"><span class='ocrx_word' id='word_1_178' title='bbox 214 1531 313 1600; x_wconf 67' lang='grc' dir='ltr'>τὴν</span> <span class='ocrx_word' id='word_1_179' title='bbox 348 1530 767 1605; x_wconf 76' lang='grc' dir='ltr'>φιλανθρωπίαν</span> <span class='ocrx_word' id='word_1_180' title='bbox 796 1535 1013 1611; x_wconf 76' lang='grc' dir='ltr'>μαθεῖν.</span> <span class='ocrx_word' id='word_1_181' title='bbox 1048 1538 1126 1629; x_wconf 81' lang='grc' dir='ltr'>ού</span> <span class='ocrx_word' id='word_1_182' title='bbox 1153 1543 1623 1615; x_wconf 78' lang='grc' dir='ltr'>μνησικακήσασα</span> <span class='ocrx_word' id='word_1_183' title='bbox 1656 1544 1775 1616; x_wconf 69' lang='grc' dir='ltr'><strong>ὕπὲι</strong></span> 
     </span>
    </p>
   </div>
   <div class='ocr_carea' id='block_1_29' title="bbox 1879 1530 3494 1629">
    <p class='ocr_par' dir='ltr' id='par_1_29' title="bbox 1903 1530 3494 1629">
     <span class='ocr_line' id='line_1_29' title="bbox 1903 1530 3494 1629; baseline 0.016 -35"><span class='ocrx_word' id='word_1_184' title='bbox 1903 1539 2172 1615; x_wconf 77' lang='lat' dir='ltr'><strong>lacrymis</strong></span> <span class='ocrx_word' id='word_1_185' title='bbox 2252 1530 2663 1621; x_wconf 23' lang='lat' dir='ltr'><strong>possethuae</strong></span> <span class='ocrx_word' id='word_1_186' title='bbox 2718 1570 2830 1612; x_wconf 88' lang='lat' dir='ltr'><strong>non</strong></span> <span class='ocrx_word' id='word_1_187' title='bbox 2888 1530 3264 1629; x_wconf 73' lang='lat' dir='ltr'><strong>exprobrandi</strong></span> <span class='ocrx_word' id='word_1_188' title='bbox 3320 1577 3494 1620; x_wconf 84' lang='lat' dir='ltr'><strong>causa</strong></span> 
     </span>
    </p>
   </div>
   <div class='ocr_carea' id='block_1_30' title="bbox 215 1623 1775 1722">
    <p class='ocr_par' dir='ltr' id='par_1_30' title="bbox 215 1623 1775 1707">
     <span class='ocr_line' id='line_1_30' title="bbox 215 1623 1775 1707; baseline 0.011 -31"><span class='ocrx_word' id='word_1_189' title='bbox 215 1623 321 1677; x_wconf 84' lang='grc' dir='ltr'><strong>τῶν</strong></span> <span class='ocrx_word' id='word_1_190' title='bbox 347 1624 683 1698; x_wconf 77' lang='grc' dir='ltr'>ἔμπροσθεν,</span> <span class='ocrx_word' id='word_1_191' title='bbox 712 1628 852 1685; x_wconf 83' lang='grc' dir='ltr'>άλλά</span> <span class='ocrx_word' id='word_1_192' title='bbox 875 1630 1008 1696; x_wconf 73' lang='grc' dir='ltr'>τοὺς</span> <span class='ocrx_word' id='word_1_193' title='bbox 1037 1628 1276 1700; x_wconf 81' lang='grc' dir='ltr'>κόλπους</span> <span class='ocrx_word' id='word_1_194' title='bbox 1299 1636 1468 1707; x_wconf 82' lang='grc' dir='ltr'>αὐτῆς</span> <span class='ocrx_word' id='word_1_195' title='bbox 1497 1635 1775 1693; x_wconf 83' lang='grc' dir='ltr'>ἁπλὼσασ‹</span> 
     </span>
    </p>
   </div>
   <div class='ocr_carea' id='block_1_31' title="bbox 1879 1623 3494 1722">
    <p class='ocr_par' dir='ltr' id='par_1_31' title="bbox 1899 1634 3494 1722">
     <span class='ocr_line' id='line_1_31' title="bbox 1899 1634 3494 1722; baseline 0.016 -34"><span class='ocrx_word' id='word_1_196' title='bbox 1899 1634 2157 1706; x_wconf 76' lang='lat' dir='ltr'><strong>dixerim,</strong></span> <span class='ocrx_word' id='word_1_197' title='bbox 2194 1655 2376 1713; x_wconf 88' lang='lat' dir='ltr'><strong>neque</strong></span> <span class='ocrx_word' id='word_1_198' title='bbox 2399 1656 2460 1701; x_wconf 91' lang='lat' dir='ltr'><strong>ut</strong></span> <span class='ocrx_word' id='word_1_199' title='bbox 2491 1648 2798 1705; x_wconf 79' lang='lat' dir='ltr'><strong>calamitati</strong></span> <span class='ocrx_word' id='word_1_200' title='bbox 2823 1650 3118 1722; x_wconf 88' lang='lat' dir='ltr'><strong>insultem;</strong></span> <span class='ocrx_word' id='word_1_201' title='bbox 3151 1654 3250 1712; x_wconf 80' lang='lat' dir='ltr'><strong>sed</strong></span> <span class='ocrx_word' id='word_1_202' title='bbox 3279 1666 3342 1713; x_wconf 90' lang='lat' dir='ltr'><strong>ut</strong></span> <span class='ocrx_word' id='word_1_203' title='bbox 3368 1659 3494 1714; x_wconf 86' lang='lat' dir='ltr'><strong>ani-</strong></span> 
     </span>
    </p>
   </div>
   <div class='ocr_carea' id='block_1_32' title="bbox 193 1717 1775 1808">
    <p class='ocr_par' dir='ltr' id='par_1_32' title="bbox 193 1717 1775 1801">
     <span class='ocr_line' id='line_1_32' title="bbox 193 1717 1775 1801; baseline 0.01 -33"><span class='ocrx_word' id='word_1_204' title='bbox 193 1717 312 1787; x_wconf 80' lang='grc' dir='ltr'>.τῆς</span> <span class='ocrx_word' id='word_1_205' title='bbox 338 1717 745 1789; x_wconf 75' lang='grc' dir='ltr'>φιλοστοργίας.</span> <span class='ocrx_word' id='word_1_206' title='bbox 775 1720 953 1779; x_wconf 83' lang='grc' dir='ltr'>Τοῦτο</span> <span class='ocrx_word' id='word_1_207' title='bbox 999 1725 1267 1798; x_wconf 78' lang='grc' dir='ltr'>τροπαίου</span> <span class='ocrx_word' id='word_1_208' title='bbox 1293 1726 1494 1793; x_wconf 82' lang='grc' dir='ltr'>παντὸς</span> <span class='ocrx_word' id='word_1_209' title='bbox 1546 1727 1775 1801; x_wconf 80' lang='grc' dir='ltr'>λαμπρό</span> 
     </span>
    </p>
   </div>
   <div class='ocr_carea' id='block_1_33' title="bbox 1879 1717 3489 1808">
    <p class='ocr_par' dir='ltr' id='par_1_33' title="bbox 1897 1717 3489 1808">
     <span class='ocr_line' id='line_1_33' title="bbox 1897 1717 3489 1808; baseline 0.016 -26"><span class='ocrx_word' id='word_1_210' title='bbox 1897 1741 2019 1786; x_wconf 88' lang='lat' dir='ltr'><strong>mos</strong></span> <span class='ocrx_word' id='word_1_211' title='bbox 2038 1734 2257 1790; x_wconf 80' lang='lat' dir='ltr'><strong>vestros</strong></span> <span class='ocrx_word' id='word_1_212' title='bbox 2268 1737 2567 1806; x_wconf 86' lang='lat' dir='ltr'><strong>emolliam,</strong></span> <span class='ocrx_word' id='word_1_213' title='bbox 2588 1751 2640 1797; x_wconf 88' lang='lat' dir='ltr'><strong>et</strong></span> <span class='ocrx_word' id='word_1_214' title='bbox 2658 1740 2726 1797; x_wconf 87' lang='lat' dir='ltr'><strong>ad</strong></span> <span class='ocrx_word' id='word_1_215' title='bbox 2744 1717 3178 1803; x_wconf 84' lang='lat' dir='ltr'><strong>misericordiam</strong></span> <span class='ocrx_word' id='word_1_216' title='bbox 3195 1748 3489 1808; x_wconf 84' lang='lat' dir='ltr'><strong>inllectam.</strong></span> 
     </span>
    </p>
   </div>
   <div class='ocr_carea' id='block_1_34' title="bbox 211 1802 1775 1917">
    <p class='ocr_par' dir='ltr' id='par_1_34' title="bbox 211 1812 1775 1892">
     <span class='ocr_line' id='line_1_34' title="bbox 211 1812 1775 1892; baseline 0.009 -29"><span class='ocrx_word' id='word_1_217' title='bbox 211 1826 366 1883; x_wconf 79' lang='grc' dir='ltr'>τερον</span> <span class='ocrx_word' id='word_1_218' title='bbox 387 1827 403 1842; x_wconf 88' lang='grc'><strong>·</strong></span> <span class='ocrx_word' id='word_1_219' title='bbox 433 1812 598 1868; x_wconf 81' lang='grc' dir='ltr'>τοῦτο</span> <span class='ocrx_word' id='word_1_220' title='bbox 630 1814 902 1889; x_wconf 82' lang='grc' dir='ltr'>Ἕλληνας</span> <span class='ocrx_word' id='word_1_221' title='bbox 962 1818 1221 1892; x_wconf 69' lang='grc' dir='ltr'>λντρέπει</span> <span class='ocrx_word' id='word_1_222' title='bbox 1258 1836 1275 1852; x_wconf 86' lang='grc'><strong>·</strong></span> <span class='ocrx_word' id='word_1_223' title='bbox 1315 1820 1479 1876; x_wconf 87' lang='grc' dir='ltr'>τοῦτο</span> <span class='ocrx_word' id='word_1_224' title='bbox 1516 1821 1775 1877; x_wconf 65' lang='grc' dir='ltr'>Ἰουδαίους</span> 
     </span>
    </p>
   </div>
   <div class='ocr_carea' id='block_1_35' title="bbox 1879 1802 3489 1917">
    <p class='ocr_par' dir='ltr' id='par_1_35' title="bbox 1879 1802 3489 1917">
     <span class='ocr_line' id='line_1_35' title="bbox 1879 1802 3489 1917; baseline 0.018 -42"><span class='ocrx_word' id='word_1_225' title='bbox 1879 1818 2052 1917; x_wconf 68' lang='lat' dir='ltr'><strong>Quid</strong></span> <span class='ocrx_word' id='word_1_226' title='bbox 2074 1824 2245 1885; x_wconf 87' lang='lat' dir='ltr'><strong>habes</strong></span> <span class='ocrx_word' id='word_1_227' title='bbox 2274 1832 2420 1900; x_wconf 89' lang='lat' dir='ltr'><strong>quod</strong></span> <span class='ocrx_word' id='word_1_228' title='bbox 2475 1802 2705 1906; x_wconf 77' lang='lat' dir='ltr'><strong>indigne</strong></span> <span class='ocrx_word' id='word_1_229' title='bbox 2736 1834 2922 1894; x_wconf 78' lang='lat' dir='ltr'><strong>feras?</strong></span> <span class='ocrx_word' id='word_1_230' title='bbox 2956 1802 3489 1917; x_wconf 24' lang='lat' dir='ltr'><strong>quoniampin‘qui‘s,</strong></span> 
     </span>
    </p>
   </div>
   <div class='ocr_carea' id='block_1_36' title="bbox 212 1902 1775 2003">
    <p class='ocr_par' dir='ltr' id='par_1_36' title="bbox 212 1902 1775 1986">
     <span class='ocr_line' id='line_1_36' title="bbox 212 1902 1775 1986; baseline 0.007 -28"><span class='ocrx_word' id='word_1_231' title='bbox 212 1902 594 1976; x_wconf 83' lang='grc' dir='ltr'>καταισχύνει,</span> <span class='ocrx_word' id='word_1_232' title='bbox 620 1905 705 1963; x_wconf 83' lang='grc' dir='ltr'><strong>δτι</strong></span> <span class='ocrx_word' id='word_1_233' title='bbox 723 1908 816 1963; x_wconf 80' lang='grc' dir='ltr'>τὸν</span> <span class='ocrx_word' id='word_1_234' title='bbox 859 1909 1121 1982; x_wconf 72' lang='grc' dir='ltr'>πολέμιον</span> <span class='ocrx_word' id='word_1_235' title='bbox 1162 1911 1513 1986; x_wconf 84' lang='grc' dir='ltr'>αίχμάλωτον</span> <span class='ocrx_word' id='word_1_236' title='bbox 1555 1913 1775 1970; x_wconf 79' lang='grc' dir='ltr'>λαϐοῦσι</span> 
     </span>
    </p>
   </div>
   <div class='ocr_carea' id='block_1_37' title="bbox 1879 1902 3489 2003">
    <p class='ocr_par' dir='ltr' id='par_1_37' title="bbox 1905 1902 3489 2003">
     <span class='ocr_line' id='line_1_37' title="bbox 1905 1902 3489 2003; baseline 0.014 -34"><span class='ocrx_word' id='word_1_237' title='bbox 1905 1912 1975 1969; x_wconf 82' lang='lat' dir='ltr'><strong>ad</strong></span> <span class='ocrx_word' id='word_1_238' title='bbox 2010 1912 2313 1976; x_wconf 82' lang='lat' dir='ltr'><strong>Ecclesiam</strong></span> <span class='ocrx_word' id='word_1_239' title='bbox 2338 1921 2433 1979; x_wconf 91' lang='lat' dir='ltr'><strong>ille</strong></span> <span class='ocrx_word' id='word_1_240' title='bbox 2452 1902 2729 1999; x_wconf 67' lang='lat' dir='ltr'><strong>confugit,</strong></span> <span class='ocrx_word' id='word_1_241' title='bbox 2761 1928 2857 2001; x_wconf 88' lang='lat' dir='ltr'><strong>qui</strong></span> <span class='ocrx_word' id='word_1_242' title='bbox 2890 1902 3159 2003; x_wconf 67' lang='lat' dir='ltr'><strong>perpetuo</strong></span> <span class='ocrx_word' id='word_1_243' title='bbox 3185 1902 3305 1990; x_wconf 81' lang='lat' dir='ltr'><strong>eam</strong></span> <span class='ocrx_word' id='word_1_244' title='bbox 3344 1902 3489 1995; x_wconf 75' lang='lat' dir='ltr'><strong>bello</strong></span> 
     </span>
    </p>
   </div>
   <div class='ocr_carea' id='block_1_38' title="bbox 210 1995 1775 2102">
    <p class='ocr_par' dir='ltr' id='par_1_38' title="bbox 210 1995 1775 2102">
     <span class='ocr_line' id='line_1_38' title="bbox 210 1995 1775 2102; baseline 0.009 -53"><span class='ocrx_word' id='word_1_245' title='bbox 210 1995 491 2065; x_wconf 80' lang='grc' dir='ltr'>φείδεται-</span> <span class='ocrx_word' id='word_1_246' title='bbox 522 1997 620 2053; x_wconf 78' lang='grc' dir='ltr'>καὶ</span> <span class='ocrx_word' id='word_1_247' title='bbox 663 2000 921 2075; x_wconf 80' lang='grc' dir='ltr'>καθάπερ</span> <span class='ocrx_word' id='word_1_248' title='bbox 964 2004 1151 2079; x_wconf 80' lang='grc' dir='ltr'>μήτηρ</span> <span class='ocrx_word' id='word_1_249' title='bbox 1202 2006 1563 2079; x_wconf 78' lang='grc' dir='ltr'>φιλόστοργος</span> <span class='ocrx_word' id='word_1_250' title='bbox 1593 2007 1703 2063; x_wconf 75' lang='grc' dir='ltr'><strong>ὑπὸ</strong></span> <span class='ocrx_word' id='word_1_251' title='bbox 1730 2009 1775 2102; x_wconf 76' lang='grc' dir='ltr'><strong>τι</strong></span> 
     </span>
    </p>
   </div>
   <div class='ocr_carea' id='block_1_39' title="bbox 1879 1995 3488 2102">
    <p class='ocr_par' dir='ltr' id='par_1_39' title="bbox 1902 1995 3488 2102">
     <span class='ocr_line' id='line_1_39' title="bbox 1902 1995 3488 2102; baseline 0.016 -40"><span class='ocrx_word' id='word_1_252' title='bbox 1902 2004 2215 2102; x_wconf 64' lang='lat' dir='ltr'><strong>infestavit.</strong></span> <span class='ocrx_word' id='word_1_253' title='bbox 2265 2010 2437 2087; x_wconf 77' lang='lat' dir='ltr'><strong>Atqui</strong></span> <span class='ocrx_word' id='word_1_254' title='bbox 2466 2016 2571 2075; x_wconf 90' lang='lat' dir='ltr'><strong>hoc</strong></span> <span class='ocrx_word' id='word_1_255' title='bbox 2630 1995 3009 2091; x_wconf 48' lang='lat' dir='ltr'><strong>potissimum-</strong></span> <span class='ocrx_word' id='word_1_256' title='bbox 3038 2027 3269 2085; x_wconf 86' lang='lat' dir='ltr'><strong>nomine</strong></span> <span class='ocrx_word' id='word_1_257' title='bbox 3309 2028 3488 2102; x_wconf 83' lang='lat' dir='ltr'><strong>gloria</strong></span> 
     </span>
    </p>
   </div>
   <div class='ocr_carea' id='block_1_40' title="bbox 210 2091 1775 2183">
    <p class='ocr_par' dir='ltr' id='par_1_40' title="bbox 210 2091 1775 2172">
     <span class='ocr_line' id='line_1_40' title="bbox 210 2091 1775 2172; baseline 0.008 -29"><span class='ocrx_word' id='word_1_258' title='bbox 210 2091 695 2166; x_wconf 76' lang='grc' dir='ltr'>παραπετάσματα</span> <span class='ocrx_word' id='word_1_259' title='bbox 719 2094 891 2167; x_wconf 78' lang='grc' dir='ltr'>αὐτῆς</span> <span class='ocrx_word' id='word_1_260' title='bbox 922 2095 1184 2169; x_wconf 65' lang='grc' dir='ltr'>ἔκρυψεν,</span> <span class='ocrx_word' id='word_1_261' title='bbox 1207 2099 1303 2154; x_wconf 73' lang='grc' dir='ltr'><strong>καὶ</strong></span> <span class='ocrx_word' id='word_1_262' title='bbox 1332 2099 1469 2172; x_wconf 83' lang='grc' dir='ltr'>πρὸς</span> <span class='ocrx_word' id='word_1_263' title='bbox 1512 2099 1775 2172; x_wconf 67' lang='grc' dir='ltr'>βασιλικὴε</span> 
     </span>
    </p>
   </div>
   <div class='ocr_carea' id='block_1_41' title="bbox 1879 2091 3489 2183">
    <p class='ocr_par' dir='ltr' id='par_1_41' title="bbox 1900 2091 3489 2183">
     <span class='ocr_line' id='line_1_41' title="bbox 1900 2091 3489 2183; baseline 0.02 -30"><span class='ocrx_word' id='word_1_264' title='bbox 1900 2096 2016 2156; x_wconf 87' lang='lat' dir='ltr'><strong>Deo</strong></span> <span class='ocrx_word' id='word_1_265' title='bbox 2063 2101 2362 2162; x_wconf 88' lang='lat' dir='ltr'><strong>tribuenda</strong></span> <span class='ocrx_word' id='word_1_266' title='bbox 2411 2116 2518 2176; x_wconf 90' lang='lat' dir='ltr'><strong>est,</strong></span> <span class='ocrx_word' id='word_1_267' title='bbox 2546 2115 2696 2183; x_wconf 86' lang='lat' dir='ltr'><strong>quod</strong></span> <span class='ocrx_word' id='word_1_268' title='bbox 2733 2114 2790 2170; x_wconf 91' lang='lat' dir='ltr'><strong>in</strong></span> <span class='ocrx_word' id='word_1_269' title='bbox 2837 2123 3050 2173; x_wconf 79' lang='lat' dir='ltr'><strong>tantam</strong></span> <span class='ocrx_word' id='word_1_270' title='bbox 3080 2134 3207 2177; x_wconf 89' lang='lat' dir='ltr'><strong>eum</strong></span> <span class='ocrx_word' id='word_1_271' title='bbox 3235 2091 3489 2183; x_wconf 66' lang='lat' dir='ltr'><strong>necessi-</strong></span> 
     </span>
    </p>
   </div>
   <div class='ocr_carea' id='block_1_42' title="bbox 210 2185 1790 2266">
    <p class='ocr_par' dir='ltr' id='par_1_42' title="bbox 210 2185 1790 2266">
     <span class='ocr_line' id='line_1_42' title="bbox 210 2185 1790 2266; baseline 0.006 -27"><span class='ocrx_word' id='word_1_272' title='bbox 210 2185 375 2258; x_wconf 70' lang='grc' dir='ltr'>ὀργὴν</span> <span class='ocrx_word' id='word_1_273' title='bbox 407 2185 673 2260; x_wconf 72' lang='grc' dir='ltr'>ἀντέστη,</span> <span class='ocrx_word' id='word_1_274' title='bbox 699 2188 955 2259; x_wconf 74' lang='grc' dir='ltr'>καὶπρὸς</span> <span class='ocrx_word' id='word_1_275' title='bbox 975 2190 1151 2264; x_wconf 84' lang='grc' dir='ltr'>δήμου</span> <span class='ocrx_word' id='word_1_276' title='bbox 1172 2190 1348 2265; x_wconf 78' lang='grc' dir='ltr'>θυμὸν</span> <span class='ocrx_word' id='word_1_277' title='bbox 1400 2194 1499 2249; x_wconf 78' lang='grc' dir='ltr'>καὶ</span> <span class='ocrx_word' id='word_1_278' title='bbox 1528 2194 1668 2266; x_wconf 81' lang='grc' dir='ltr'>πρὸς</span> <span class='ocrx_word' id='word_1_279' title='bbox 1697 2195 1790 2264; x_wconf 82' lang='grc' dir='ltr'><strong>μῖ-</strong></span> 
     </span>
    </p>
   </div>
   <div class='ocr_carea' id='block_1_43' title="bbox 210 2278 1795 2359">
    <p class='ocr_par' dir='ltr' id='par_1_43' title="bbox 210 2278 1795 2359">
     <span class='ocr_line' id='line_1_43' title="bbox 210 2278 1795 2359; baseline 0.006 -27"><span class='ocrx_word' id='word_1_280' title='bbox 210 2293 299 2343; x_wconf 86' lang='grc' dir='ltr'><strong>σος</strong></span> <span class='ocrx_word' id='word_1_281' title='bbox 318 2278 622 2353; x_wconf 80' lang='grc' dir='ltr'>ἀφόρητον.</span> <span class='ocrx_word' id='word_1_282' title='bbox 639 2279 813 2337; x_wconf 83' lang='grc' dir='ltr'>Τοῦτο</span> <span class='ocrx_word' id='word_1_283' title='bbox 830 2281 926 2337; x_wconf 89' lang='grc' dir='ltr'><strong>τοῦ</strong></span> <span class='ocrx_word' id='word_1_284' title='bbox 944 2281 1339 2357; x_wconf 81' lang='grc' dir='ltr'>θυσιαστηρίου</span> <span class='ocrx_word' id='word_1_285' title='bbox 1368 2288 1598 2359; x_wconf 87' lang='grc' dir='ltr'>κόσμος.</span> <span class='ocrx_word' id='word_1_286' title='bbox 1631 2288 1795 2352; x_wconf 67' lang='lat' dir='ltr'><strong>Heio;</strong></span> 
     </span>
    </p>
   </div>
   <div class='ocr_carea' id='block_1_44' title="bbox 209 2370 1795 2452">
    <p class='ocr_par' dir='ltr' id='par_1_44' title="bbox 209 2370 1795 2452">
     <span class='ocr_line' id='line_1_44' title="bbox 209 2370 1795 2452; baseline 0.004 -24"><span class='ocrx_word' id='word_1_287' title='bbox 209 2370 434 2443; x_wconf 84' lang='grc' dir='ltr'>κόσμος,</span> <span class='ocrx_word' id='word_1_288' title='bbox 476 2374 636 2447; x_wconf 72' lang='grc' dir='ltr'>φησὶ,</span> <span class='ocrx_word' id='word_1_289' title='bbox 662 2376 757 2430; x_wconf 80' lang='grc' dir='ltr'>τὸν</span> <span class='ocrx_word' id='word_1_290' title='bbox 802 2376 997 2448; x_wconf 70' lang='grc' dir='ltr'>ιναγῆ,</span> <span class='ocrx_word' id='word_1_291' title='bbox 1050 2378 1148 2435; x_wconf 67' lang='grc' dir='ltr'>καὶ</span> <span class='ocrx_word' id='word_1_292' title='bbox 1175 2378 1536 2452; x_wconf 70' lang='grc' dir='ltr'>πλεονέκτην,</span> <span class='ocrx_word' id='word_1_293' title='bbox 1577 2380 1675 2434; x_wconf 80' lang='grc' dir='ltr'>καὶ</span> <span class='ocrx_word' id='word_1_294' title='bbox 1701 2379 1795 2451; x_wconf 79' lang='grc' dir='ltr'><strong>ἆρ-</strong></span> 
     </span>
    </p>
   </div>
   <div class='ocr_carea' id='block_1_45' title="bbox 208 2463 1792 2544">
    <p class='ocr_par' dir='ltr' id='par_1_45' title="bbox 208 2463 1792 2544">
     <span class='ocr_line' id='line_1_45' title="bbox 208 2463 1792 2544; baseline 0.005 -25"><span class='ocrx_word' id='word_1_295' title='bbox 208 2480 356 2534; x_wconf 83' lang='grc' dir='ltr'>παγα</span> <span class='ocrx_word' id='word_1_296' title='bbox 374 2463 495 2521; x_wconf 80' lang='grc' dir='ltr'><strong>τῶν</strong></span> <span class='ocrx_word' id='word_1_297' title='bbox 530 2464 729 2523; x_wconf 81' lang='grc' dir='ltr'>κιόνων</span> <span class='ocrx_word' id='word_1_298' title='bbox 760 2467 1033 2525; x_wconf 66' lang='grc' dir='ltr'>ἅπτεσθαι</span> <span class='ocrx_word' id='word_1_299' title='bbox 1088 2469 1185 2527; x_wconf 87' lang='grc' dir='ltr'><strong>τοῦ</strong></span> <span class='ocrx_word' id='word_1_300' title='bbox 1219 2470 1616 2544; x_wconf 77' lang='grc' dir='ltr'>θυσιαστηρίου</span> <span class='ocrx_word' id='word_1_301' title='bbox 1647 2489 1664 2540; x_wconf 88' lang='lat'><strong>;</strong></span> <span class='ocrx_word' id='word_1_302' title='bbox 1698 2472 1792 2543; x_wconf 78' lang='grc' dir='ltr'><strong>Μὴ</strong></span> 
     </span>
    </p>
   </div>
   <div class='ocr_carea' id='block_1_46' title="bbox 204 2553 1791 2637">
    <p class='ocr_par' dir='ltr' id='par_1_46' title="bbox 204 2553 1791 2637">
     <span class='ocr_line' id='line_1_46' title="bbox 204 2553 1791 2637; baseline 0.004 -25"><span class='ocrx_word' id='word_1_303' title='bbox 204 2553 327 2626; x_wconf 65' lang='grc' dir='ltr'>λέγε</span> <span class='ocrx_word' id='word_1_304' title='bbox 356 2557 537 2613; x_wconf 81' lang='grc' dir='ltr'>ταῦτα</span> <span class='ocrx_word' id='word_1_305' title='bbox 566 2573 583 2591; x_wconf 68' lang='grc' dir='ltr'><strong>θ</strong></span> <span class='ocrx_word' id='word_1_306' title='bbox 625 2560 751 2615; x_wconf 72' lang='grc' dir='ltr'>ἐπεὶ</span> <span class='ocrx_word' id='word_1_307' title='bbox 795 2561 893 2617; x_wconf 83' lang='grc' dir='ltr'>καὶ</span> <span class='ocrx_word' id='word_1_308' title='bbox 917 2562 954 2635; x_wconf 73' lang='grc' dir='ltr'><strong>ἡ</strong></span> <span class='ocrx_word' id='word_1_309' title='bbox 983 2560 1162 2636; x_wconf 83' lang='grc' dir='ltr'>πόρνη</span> <span class='ocrx_word' id='word_1_310' title='bbox 1208 2563 1391 2637; x_wconf 66' lang='grc' dir='ltr'>ἥψατο</span> <span class='ocrx_word' id='word_1_311' title='bbox 1445 2562 1557 2619; x_wconf 87' lang='grc' dir='ltr'><strong>τῶν</strong></span> <span class='ocrx_word' id='word_1_312' title='bbox 1610 2562 1791 2619; x_wconf 83' lang='grc' dir='ltr'>ποδῶν</span> 
     </span>
    </p>
   </div>
   <div class='ocr_carea' id='block_1_47' title="bbox 204 2651 1791 2731">
    <p class='ocr_par' dir='ltr' id='par_1_47' title="bbox 204 2651 1791 2731">
     <span class='ocr_line' id='line_1_47' title="bbox 204 2651 1791 2731; baseline 0.004 -26"><span class='ocrx_word' id='word_1_313' title='bbox 204 2651 294 2706; x_wconf 81' lang='grc' dir='ltr'><strong>τοῦ</strong></span> <span class='ocrx_word' id='word_1_314' title='bbox 342 2651 525 2726; x_wconf 79' lang='grc' dir='ltr'>Ἰησοῦ</span> <span class='ocrx_word' id='word_1_315' title='bbox 551 2654 587 2728; x_wconf 77' lang='grc' dir='ltr'><strong>ἡ</strong></span> <span class='ocrx_word' id='word_1_316' title='bbox 631 2654 845 2729; x_wconf 88' lang='grc' dir='ltr'>σφόδρα</span> <span class='ocrx_word' id='word_1_317' title='bbox 893 2654 1096 2730; x_wconf 72' lang='grc' dir='ltr'>ιναγὴς</span> <span class='ocrx_word' id='word_1_318' title='bbox 1145 2656 1246 2711; x_wconf 79' lang='grc' dir='ltr'>καὶ</span> <span class='ocrx_word' id='word_1_319' title='bbox 1297 2656 1632 2731; x_wconf 75' lang='grc' dir='ltr'>ἀκάθαρτος,</span> <span class='ocrx_word' id='word_1_320' title='bbox 1691 2656 1791 2713; x_wconf 78' lang='grc' dir='ltr'>καὶ</span> 
     </span>
    </p>
   </div>
   <div class='ocr_carea' id='block_1_48' title="bbox 202 2742 1788 2824">
    <p class='ocr_par' dir='ltr' id='par_1_48' title="bbox 202 2742 1788 2824">
     <span class='ocr_line' id='line_1_48' title="bbox 202 2742 1788 2824; baseline 0.004 -24"><span class='ocrx_word' id='word_1_321' title='bbox 202 2744 299 2800; x_wconf 76' lang='grc' dir='ltr'>οὐκ</span> <span class='ocrx_word' id='word_1_322' title='bbox 336 2742 409 2820; x_wconf 73' lang='grc' dir='ltr'>ἦν</span> <span class='ocrx_word' id='word_1_323' title='bbox 471 2745 728 2821; x_wconf 75' lang='grc' dir='ltr'>ιγκλημα</span> <span class='ocrx_word' id='word_1_324' title='bbox 767 2745 865 2802; x_wconf 87' lang='grc' dir='ltr'><strong>τοῦ</strong></span> <span class='ocrx_word' id='word_1_325' title='bbox 896 2746 1097 2821; x_wconf 78' lang='grc' dir='ltr'>Ἰησοῦ.</span> <span class='ocrx_word' id='word_1_326' title='bbox 1124 2750 1202 2804; x_wconf 83' lang='grc' dir='ltr'><strong>οὐ</strong></span> <span class='ocrx_word' id='word_1_327' title='bbox 1244 2747 1359 2824; x_wconf 80' lang='grc' dir='ltr'><strong>γὰρ</strong></span> <span class='ocrx_word' id='word_1_328' title='bbox 1402 2748 1494 2805; x_wconf 77' lang='grc' dir='ltr'>τὸν</span> <span class='ocrx_word' id='word_1_329' title='bbox 1544 2749 1788 2823; x_wconf 73' lang='grc' dir='ltr'>καθαρὸν</span> 
     </span>
    </p>
   </div>
   <div class='ocr_carea' id='block_1_49' title="bbox 202 2837 1787 2920">
    <p class='ocr_par' dir='ltr' id='par_1_49' title="bbox 202 2837 1787 2920">
     <span class='ocr_line' id='line_1_49' title="bbox 202 2837 1787 2920; baseline 0.004 -25"><span class='ocrx_word' id='word_1_330' title='bbox 202 2837 471 2896; x_wconf 69' lang='grc' dir='ltr'>ἔϐλαπτεν</span> <span class='ocrx_word' id='word_1_331' title='bbox 492 2842 527 2914; x_wconf 74' lang='grc' dir='ltr'>ἠ</span> <span class='ocrx_word' id='word_1_332' title='bbox 550 2840 886 2916; x_wconf 76' lang='grc' dir='ltr'>ἀκάθαρτος,</span> <span class='ocrx_word' id='word_1_333' title='bbox 946 2842 1089 2899; x_wconf 81' lang='grc' dir='ltr'>ἀλλὰ</span> <span class='ocrx_word' id='word_1_334' title='bbox 1127 2841 1228 2918; x_wconf 72' lang='grc' dir='ltr'>τὴν</span> <span class='ocrx_word' id='word_1_335' title='bbox 1279 2844 1451 2916; x_wconf 62' lang='grc' dir='ltr'>ἐναγῆ</span> <span class='ocrx_word' id='word_1_336' title='bbox 1512 2844 1724 2920; x_wconf 83' lang='grc' dir='ltr'>πόρνην</span> <span class='ocrx_word' id='word_1_337' title='bbox 1754 2846 1787 2901; x_wconf 84' lang='grc' dir='ltr'><strong>δ</strong></span> 
     </span>
    </p>
   </div>
   <div class='ocr_carea' id='block_1_50' title="bbox 201 2932 1784 3013">
    <p class='ocr_par' dir='ltr' id='par_1_50' title="bbox 201 2932 1784 3013">
     <span class='ocr_line' id='line_1_50' title="bbox 201 2932 1784 3013; baseline 0.003 -23"><span class='ocrx_word' id='word_1_338' title='bbox 201 2932 441 3007; x_wconf 75' lang='grc' dir='ltr'>καθαρὸς</span> <span class='ocrx_word' id='word_1_339' title='bbox 478 2934 780 3007; x_wconf 79' lang='grc' dir='ltr'>εἰργάσατο</span> <span class='ocrx_word' id='word_1_340' title='bbox 827 2934 1064 3009; x_wconf 71' lang='grc' dir='ltr'>ἄμωμον</span> <span class='ocrx_word' id='word_1_341' title='bbox 1114 2934 1206 2992; x_wconf 74' lang='grc' dir='ltr'><strong>διά</strong></span> <span class='ocrx_word' id='word_1_342' title='bbox 1259 2935 1363 3010; x_wconf 82' lang='grc' dir='ltr'>τῆς</span> <span class='ocrx_word' id='word_1_343' title='bbox 1405 2938 1553 3010; x_wconf 76' lang='grc' dir='ltr'>ἁφῆς</span> <span class='ocrx_word' id='word_1_344' title='bbox 1580 2954 1602 2972; x_wconf 77' lang='grc' dir='ltr'><strong><em>ο</em></strong></span> <span class='ocrx_word' id='word_1_345' title='bbox 1645 2936 1784 3013; x_wconf 70' lang='grc' dir='ltr'>μηδι</span> 
     </span>
    </p>
   </div>
   <div class='ocr_carea' id='block_1_51' title="bbox 203 3028 1783 3107">
    <p class='ocr_par' dir='ltr' id='par_1_51' title="bbox 203 3028 1783 3107">
     <span class='ocr_line' id='line_1_51' title="bbox 203 3028 1783 3107; baseline 0.004 -24"><span class='ocrx_word' id='word_1_346' title='bbox 203 3029 644 3103; x_wconf 73' lang='grc' dir='ltr'>μνησικακήσῃς,</span> <span class='ocrx_word' id='word_1_347' title='bbox 698 3028 979 3102; x_wconf 74' lang='grc' dir='ltr'>ἄνθρωπε,</span> <span class='ocrx_word' id='word_1_348' title='bbox 1033 3029 1268 3087; x_wconf 70' lang='grc' dir='ltr'>ἐκείνου.</span> <span class='ocrx_word' id='word_1_349' title='bbox 1329 3030 1556 3087; x_wconf 72' lang='grc' dir='ltr'>υίκὲται</span> <span class='ocrx_word' id='word_1_350' title='bbox 1610 3033 1783 3107; x_wconf 63' lang='grc' dir='ltr'>ἐσμὲν</span> 
     </span>
    </p>
   </div>
   <div class='ocr_carea' id='block_1_52' title="bbox 199 3119 1853 3217">
    <p class='ocr_par' dir='ltr' id='par_1_52' title="bbox 199 3119 1853 3217">
     <span class='ocr_line' id='line_1_52' title="bbox 199 3119 1853 3217; baseline 0.015 -42"><span class='ocrx_word' id='word_1_351' title='bbox 199 3119 287 3175; x_wconf 84' lang='grc' dir='ltr'><strong>τοῦ</strong></span> <span class='ocrx_word' id='word_1_352' title='bbox 320 3122 601 3179; x_wconf 75' lang='grc' dir='ltr'>Δεσπότου</span> <span class='ocrx_word' id='word_1_353' title='bbox 620 3121 717 3178; x_wconf 87' lang='grc' dir='ltr'><strong>τοῦ</strong></span> <span class='ocrx_word' id='word_1_354' title='bbox 744 3123 1187 3197; x_wconf 68' lang='grc' dir='ltr'>ἐσταυρωμένον,</span> <span class='ocrx_word' id='word_1_355' title='bbox 1211 3123 1309 3181; x_wconf 85' lang='grc' dir='ltr'><strong>τοῦ</strong></span> <span class='ocrx_word' id='word_1_356' title='bbox 1328 3124 1603 3217; x_wconf 55' lang='grc' dir='ltr'>λέγοντος</span> <span class='ocrx_word' id='word_1_357' title='bbox 1633 3125 1781 3183; x_wconf 69' lang='grc' dir='ltr'><strong>σΠά-</strong></span> <span class='ocrx_word' id='word_1_358' title='bbox 1800 3155 1853 3217; x_wconf 13' lang='grc' dir='ltr'><strong>κο</strong></span> 
     </span>
    </p>
   </div>
   <div class='ocr_carea' id='block_1_53' title="bbox 198 3216 1779 3291">
    <p class='ocr_par' dir='ltr' id='par_1_53' title="bbox 198 3216 1779 3291">
     <span class='ocr_line' id='line_1_53' title="bbox 198 3216 1779 3291; baseline 0.001 -19"><span class='ocrx_word' id='word_1_359' title='bbox 198 3233 309 3291; x_wconf 84' lang='grc' dir='ltr'>τερ,</span> <span class='ocrx_word' id='word_1_360' title='bbox 341 3218 485 3289; x_wconf 72' lang='grc' dir='ltr'>ἄφες</span> <span class='ocrx_word' id='word_1_361' title='bbox 509 3217 693 3284; x_wconf 79' lang='grc' dir='ltr'>αὐτοῖς</span> <span class='ocrx_word' id='word_1_362' title='bbox 715 3231 731 3249; x_wconf 76' lang='grc'><em>’</em></span> <span class='ocrx_word' id='word_1_363' title='bbox 764 3217 826 3272; x_wconf 86' lang='grc' dir='ltr'><strong>ού</strong></span> <span class='ocrx_word' id='word_1_364' title='bbox 861 3217 974 3289; x_wconf 82' lang='grc' dir='ltr'><strong>γάρ</strong></span> <span class='ocrx_word' id='word_1_365' title='bbox 995 3216 1171 3274; x_wconf 72' lang='grc' dir='ltr'>οἴδασι</span> <span class='ocrx_word' id='word_1_366' title='bbox 1197 3217 1250 3272; x_wconf 90' lang='grc' dir='ltr'><strong>τί</strong></span> <span class='ocrx_word' id='word_1_367' title='bbox 1280 3216 1551 3278; x_wconf 85' lang='grc' dir='ltr'>ποιοῦσιν.</span> <span class='ocrx_word' id='word_1_368' title='bbox 1594 3237 1615 3272; x_wconf 77' lang='grc' dir='ltr'><strong>ι</strong></span> <span class='ocrx_word' id='word_1_369' title='bbox 1636 3218 1779 3275; x_wconf 77' lang='grc' dir='ltr'>Ἀλλ’</span> 
     </span>
    </p>
   </div>
   <div class='ocr_carea' id='block_1_54' title="bbox 195 3309 1780 3387">
    <p class='ocr_par' dir='ltr' id='par_1_54' title="bbox 195 3309 1780 3387">
     <span class='ocr_line' id='line_1_54' title="bbox 195 3309 1780 3387; baseline 0.002 -21"><span class='ocrx_word' id='word_1_370' title='bbox 195 3310 541 3384; x_wconf 75' lang='grc' dir='ltr'>ἀπετείχισεν</span> <span class='ocrx_word' id='word_1_371' title='bbox 577 3311 680 3384; x_wconf 83' lang='grc' dir='ltr'>τὴν</span> <span class='ocrx_word' id='word_1_372' title='bbox 712 3309 951 3365; x_wconf 64' lang='grc' dir='ltr'>ἐνταῦθα</span> <span class='ocrx_word' id='word_1_373' title='bbox 975 3311 1331 3387; x_wconf 59' lang='grc' dir='ltr'>καταφυγὴν,</span> <span class='ocrx_word' id='word_1_374' title='bbox 1361 3312 1659 3386; x_wconf 88' lang='grc' dir='ltr'>γράμμασι</span> <span class='ocrx_word' id='word_1_375' title='bbox 1684 3312 1780 3369; x_wconf 81' lang='grc' dir='ltr'>καὶ</span> 
     </span>
    </p>
   </div>
   <div class='ocr_carea' id='block_1_55' title="bbox 194 3403 1775 3480">
    <p class='ocr_par' dir='ltr' id='par_1_55' title="bbox 194 3403 1775 3480">
     <span class='ocr_line' id='line_1_55' title="bbox 194 3403 1775 3480; baseline 0.002 -19"><span class='ocrx_word' id='word_1_376' title='bbox 194 3404 372 3479; x_wconf 83' lang='grc' dir='ltr'>νόμοις</span> <span class='ocrx_word' id='word_1_377' title='bbox 390 3405 681 3480; x_wconf 76' lang='grc' dir='ltr'>διαφόροις</span> <span class='ocrx_word' id='word_1_378' title='bbox 707 3420 725 3439; x_wconf 77' lang='grc' dir='ltr'><strong><em>ο</em></strong></span> <span class='ocrx_word' id='word_1_379' title='bbox 750 3403 868 3461; x_wconf 77' lang='grc' dir='ltr'>ἀλλ’</span> <span class='ocrx_word' id='word_1_380' title='bbox 905 3403 1018 3460; x_wconf 73' lang='grc' dir='ltr'>ἰδοὺ</span> <span class='ocrx_word' id='word_1_381' title='bbox 1046 3403 1137 3461; x_wconf 74' lang='grc' dir='ltr'><strong>διά</strong></span> <span class='ocrx_word' id='word_1_382' title='bbox 1164 3404 1275 3461; x_wconf 90' lang='grc' dir='ltr'><strong>τῶν</strong></span> <span class='ocrx_word' id='word_1_383' title='bbox 1319 3404 1500 3477; x_wconf 77' lang='grc' dir='ltr'>ἔργων</span> <span class='ocrx_word' id='word_1_384' title='bbox 1547 3407 1775 3479; x_wconf 71' lang='grc' dir='ltr'>ἔμαθεν,</span> 
     </span>
    </p>
   </div>
   <div class='ocr_carea' id='block_1_56' title="bbox 192 3497 1776 3575">
    <p class='ocr_par' dir='ltr' id='par_1_56' title="bbox 192 3497 1776 3575">
     <span class='ocr_line' id='line_1_56' title="bbox 192 3497 1776 3575; baseline 0.001 -21"><span class='ocrx_word' id='word_1_385' title='bbox 192 3497 323 3573; x_wconf 76' lang='grc' dir='ltr'>ὅπερ</span> <span class='ocrx_word' id='word_1_386' title='bbox 344 3500 631 3573; x_wconf 72' lang='grc' dir='ltr'>εποίησεν,</span> <span class='ocrx_word' id='word_1_387' title='bbox 663 3498 881 3555; x_wconf 77' lang='grc' dir='ltr'>καὶτὸν</span> <span class='ocrx_word' id='word_1_388' title='bbox 930 3501 1096 3575; x_wconf 83' lang='grc' dir='ltr'>νόμον</span> <span class='ocrx_word' id='word_1_389' title='bbox 1145 3500 1307 3555; x_wconf 68' lang='grc' dir='ltr'>ἔλυσε</span> <span class='ocrx_word' id='word_1_390' title='bbox 1352 3501 1574 3572; x_wconf 87' lang='grc' dir='ltr'>πρῶτος</span> <span class='ocrx_word' id='word_1_391' title='bbox 1609 3501 1776 3567; x_wconf 76' lang='grc' dir='ltr'>αὐτὸς</span> 
     </span>
    </p>
   </div>
   <div class='ocr_carea' id='block_1_57' title="bbox 192 3588 1773 3668">
    <p class='ocr_par' dir='ltr' id='par_1_57' title="bbox 192 3588 1773 3668">
     <span class='ocr_line' id='line_1_57' title="bbox 192 3588 1773 3668; baseline 0.002 -18"><span class='ocrx_word' id='word_1_392' title='bbox 192 3588 352 3651; x_wconf 78' lang='grc' dir='ltr'>δι’ῶν</span> <span class='ocrx_word' id='word_1_393' title='bbox 370 3594 600 3663; x_wconf 67' lang='grc' dir='ltr'>ἔπαθεν,</span> <span class='ocrx_word' id='word_1_394' title='bbox 628 3595 727 3651; x_wconf 73' lang='grc' dir='ltr'>καὶ</span> <span class='ocrx_word' id='word_1_395' title='bbox 755 3594 949 3667; x_wconf 71' lang='grc' dir='ltr'>γάγονε</span> <span class='ocrx_word' id='word_1_396' title='bbox 991 3596 1094 3668; x_wconf 79' lang='grc' dir='ltr'>τῆς</span> <span class='ocrx_word' id='word_1_397' title='bbox 1144 3595 1473 3668; x_wconf 72' lang='grc' dir='ltr'>οίκουμένης</span> <span class='ocrx_word' id='word_1_398' title='bbox 1518 3595 1773 3668; x_wconf 75' lang='grc' dir='ltr'>θέατρον.</span> 
     </span>
    </p>
   </div>
   <div class='ocr_carea' id='block_1_58' title="bbox 194 3687 1774 3763">
    <p class='ocr_par' dir='ltr' id='par_1_58' title="bbox 194 3687 1774 3763">
     <span class='ocr_line' id='line_1_58' title="bbox 194 3687 1774 3763; baseline 0 -19"><span class='ocrx_word' id='word_1_399' title='bbox 194 3689 299 3744; x_wconf 71' lang='grc' dir='ltr'><strong>Καὶ</strong></span> <span class='ocrx_word' id='word_1_400' title='bbox 322 3688 498 3759; x_wconf 83' lang='grc' dir='ltr'>σιγῶν</span> <span class='ocrx_word' id='word_1_401' title='bbox 524 3687 781 3744; x_wconf 72' lang='grc' dir='ltr'>εντεῦθεν</span> <span class='ocrx_word' id='word_1_402' title='bbox 811 3687 1011 3763; x_wconf 76' lang='grc' dir='ltr'>ἀφίησι</span> <span class='ocrx_word' id='word_1_403' title='bbox 1059 3688 1248 3761; x_wconf 81' lang='grc' dir='ltr'>φωνὴν</span> <span class='ocrx_word' id='word_1_404' title='bbox 1299 3688 1507 3744; x_wconf 72' lang='grc' dir='ltr'>ἅπασιν</span> <span class='ocrx_word' id='word_1_405' title='bbox 1560 3705 1774 3762; x_wconf 85' lang='grc' dir='ltr'>παραι-</span> 
     </span>
    </p>
   </div>
   <div class='ocr_carea' id='block_1_59' title="bbox 192 3780 1769 3855">
    <p class='ocr_par' dir='ltr' id='par_1_59' title="bbox 192 3780 1769 3855">
     <span class='ocr_line' id='line_1_59' title="bbox 192 3780 1769 3855; baseline -0.001 -19"><span class='ocrx_word' id='word_1_406' title='bbox 192 3782 312 3848; x_wconf 86' lang='grc' dir='ltr'>νῶν,</span> <span class='ocrx_word' id='word_1_407' title='bbox 336 3784 434 3838; x_wconf 74' lang='grc' dir='ltr'>καὶ</span> <span class='ocrx_word' id='word_1_408' title='bbox 459 3782 637 3854; x_wconf 73' lang='grc' dir='ltr'>λέγων</span> <span class='ocrx_word' id='word_1_409' title='bbox 654 3798 673 3815; x_wconf 80' lang='lat'><strong>&#39;</strong></span> <span class='ocrx_word' id='word_1_410' title='bbox 696 3780 791 3855; x_wconf 73' lang='grc' dir='ltr'><strong>Μὴ</strong></span> <span class='ocrx_word' id='word_1_411' title='bbox 821 3780 1017 3853; x_wconf 80' lang='grc' dir='ltr'>ποιῆτε</span> <span class='ocrx_word' id='word_1_412' title='bbox 1042 3780 1298 3849; x_wconf 81' lang='grc' dir='ltr'>τοιαῦτα,</span> <span class='ocrx_word' id='word_1_413' title='bbox 1330 3781 1419 3836; x_wconf 76' lang='grc' dir='ltr'>ἵνα</span> <span class='ocrx_word' id='word_1_414' title='bbox 1448 3780 1527 3853; x_wconf 73' lang='grc' dir='ltr'>μὴ</span> <span class='ocrx_word' id='word_1_415' title='bbox 1557 3780 1769 3854; x_wconf 81' lang='grc' dir='ltr'>πάθητε</span> 
     </span>
    </p>
   </div>
   <div class='ocr_carea' id='block_1_60' title="bbox 190 3873 1769 3948">
    <p class='ocr_par' dir='ltr' id='par_1_60' title="bbox 190 3873 1769 3948">
     <span class='ocr_line' id='line_1_60' title="bbox 190 3873 1769 3948; baseline -0.001 -19"><span class='ocrx_word' id='word_1_416' title='bbox 190 3875 426 3932; x_wconf 84' lang='grc' dir='ltr'>τοιαῦτα.</span> <span class='ocrx_word' id='word_1_417' title='bbox 462 3877 579 3931; x_wconf 70' lang='grc' dir='ltr'><strong>Καὶ</strong></span> <span class='ocrx_word' id='word_1_418' title='bbox 620 3874 942 3940; x_wconf 83' lang='grc' dir='ltr'>διδάσκαλος</span> <span class='ocrx_word' id='word_1_419' title='bbox 975 3874 1255 3948; x_wconf 65' lang='grc' dir='ltr'>ἐνεδείχθη</span> <span class='ocrx_word' id='word_1_420' title='bbox 1310 3873 1484 3945; x_wconf 82' lang='grc' dir='ltr'>σιγῶν</span> <span class='ocrx_word' id='word_1_421' title='bbox 1530 3873 1622 3929; x_wconf 83' lang='grc' dir='ltr'><strong>διὰ</strong></span> <span class='ocrx_word' id='word_1_422' title='bbox 1668 3875 1769 3947; x_wconf 85' lang='grc' dir='ltr'><strong>τῆς</strong></span> 
     </span>
    </p>
   </div>
   <div class='ocr_carea' id='block_1_61' title="bbox 192 3965 1765 4043">
    <p class='ocr_par' dir='ltr' id='par_1_61' title="bbox 192 3965 1765 4043">
     <span class='ocr_line' id='line_1_61' title="bbox 192 3965 1765 4043; baseline 0 -20"><span class='ocrx_word' id='word_1_423' title='bbox 192 3970 493 4043; x_wconf 73' lang='grc' dir='ltr'>συμφορᾶς.</span> <span class='ocrx_word' id='word_1_424' title='bbox 520 3968 632 4025; x_wconf 76' lang='grc' dir='ltr'><strong>Καὶ</strong></span> <span class='ocrx_word' id='word_1_425' title='bbox 659 3967 985 4042; x_wconf 76' lang='grc' dir='ltr'>λαμπηδόνα</span> <span class='ocrx_word' id='word_1_426' title='bbox 1042 3967 1295 4040; x_wconf 84' lang='grc' dir='ltr'>μεγάλην</span> <span class='ocrx_word' id='word_1_427' title='bbox 1355 3966 1553 4041; x_wconf 84' lang='grc' dir='ltr'>ἀφίησι</span> <span class='ocrx_word' id='word_1_428' title='bbox 1577 3966 1641 4023; x_wconf 82' lang='grc' dir='ltr'><strong>τδ</strong></span> <span class='ocrx_word' id='word_1_429' title='bbox 1670 3965 1765 4024; x_wconf 84' lang='grc' dir='ltr'>θυ-</span> 
     </span>
    </p>
   </div>
   <div class='ocr_carea' id='block_1_62' title="bbox 191 4060 1767 4137">
    <p class='ocr_par' dir='ltr' id='par_1_62' title="bbox 191 4060 1767 4137">
     <span class='ocr_line' id='line_1_62' title="bbox 191 4060 1767 4137; baseline 0.002 -21"><span class='ocrx_word' id='word_1_430' title='bbox 191 4065 519 4137; x_wconf 78' lang='grc' dir='ltr'>σιαστήριον.</span> <span class='ocrx_word' id='word_1_431' title='bbox 542 4060 659 4117; x_wconf 86' lang='grc' dir='ltr'>Νῦν</span> <span class='ocrx_word' id='word_1_432' title='bbox 712 4061 946 4136; x_wconf 74' lang='grc' dir='ltr'>φοϐερὸν</span> <span class='ocrx_word' id='word_1_433' title='bbox 1002 4061 1261 4134; x_wconf 81' lang='grc' dir='ltr'>μάλιστα,</span> <span class='ocrx_word' id='word_1_434' title='bbox 1290 4062 1375 4117; x_wconf 81' lang='grc' dir='ltr'>ὅτι</span> <span class='ocrx_word' id='word_1_435' title='bbox 1427 4062 1523 4118; x_wconf 80' lang='grc' dir='ltr'>τὸν</span> <span class='ocrx_word' id='word_1_436' title='bbox 1572 4060 1767 4119; x_wconf 71' lang='grc' dir='ltr'>λέοντα</span> 
     </span>
    </p>
   </div>
   <div class='ocr_carea' id='block_1_63' title="bbox 188 4151 1764 4227">
    <p class='ocr_par' dir='ltr' id='par_1_63' title="bbox 188 4151 1764 4227">
     <span class='ocr_line' id='line_1_63' title="bbox 188 4151 1764 4227; baseline -0.001 -19"><span class='ocrx_word' id='word_1_437' title='bbox 188 4153 465 4227; x_wconf 72' lang='grc' dir='ltr'>δεδεμένον</span> <span class='ocrx_word' id='word_1_438' title='bbox 494 4154 630 4227; x_wconf 68' lang='grc' dir='ltr'>ἔχει.</span> <span class='ocrx_word' id='word_1_439' title='bbox 666 4155 779 4211; x_wconf 72' lang='grc' dir='ltr'><strong>Καὶ</strong></span> <span class='ocrx_word' id='word_1_440' title='bbox 818 4153 1073 4227; x_wconf 77' lang='grc' dir='ltr'>βασιλικῇ</span> <span class='ocrx_word' id='word_1_441' title='bbox 1104 4152 1274 4208; x_wconf 79' lang='grc' dir='ltr'>εικόνι</span> <span class='ocrx_word' id='word_1_442' title='bbox 1333 4151 1508 4224; x_wconf 77' lang='grc' dir='ltr'>μέγας</span> <span class='ocrx_word' id='word_1_443' title='bbox 1564 4152 1764 4223; x_wconf 75' lang='grc' dir='ltr'>γένοιτ’</span> 
     </span>
    </p>
   </div>
   <div class='ocr_carea' id='block_1_64' title="bbox 188 4243 1765 4319">
    <p class='ocr_par' dir='ltr' id='par_1_64' title="bbox 188 4243 1765 4319">
     <span class='ocr_line' id='line_1_64' title="bbox 188 4243 1765 4319; baseline -0.001 -19"><span class='ocrx_word' id='word_1_444' title='bbox 188 4246 250 4300; x_wconf 75' lang='grc' dir='ltr'>ἂν</span> <span class='ocrx_word' id='word_1_445' title='bbox 280 4247 516 4319; x_wconf 75' lang='grc' dir='ltr'>κόσμος⁸</span> <span class='ocrx_word' id='word_1_446' title='bbox 559 4247 660 4319; x_wconf 83' lang='grc' dir='ltr'>οὐχ</span> <span class='ocrx_word' id='word_1_447' title='bbox 683 4247 812 4302; x_wconf 74' lang='grc' dir='ltr'>ὅταν</span> <span class='ocrx_word' id='word_1_448' title='bbox 846 4246 939 4301; x_wconf 67' lang='grc' dir='ltr'><strong>ἰπὶ</strong></span> <span class='ocrx_word' id='word_1_449' title='bbox 962 4244 1059 4300; x_wconf 85' lang='grc' dir='ltr'><strong>τοῦ</strong></span> <span class='ocrx_word' id='word_1_450' title='bbox 1096 4243 1290 4317; x_wconf 87' lang='grc' dir='ltr'>θρόνου</span> <span class='ocrx_word' id='word_1_451' title='bbox 1346 4243 1586 4316; x_wconf 84' lang='grc' dir='ltr'>κάθηται</span> <span class='ocrx_word' id='word_1_452' title='bbox 1629 4262 1765 4317; x_wconf 81' lang='grc' dir='ltr'>πορ-</span> 
     </span>
    </p>
   </div>
   <div class='ocr_carea' id='block_1_65' title="bbox 189 4338 1763 4417">
    <p class='ocr_par' dir='ltr' id='par_1_65' title="bbox 189 4338 1763 4417">
     <span class='ocr_line' id='line_1_65' title="bbox 189 4338 1763 4417; baseline 0.001 -24"><span class='ocrx_word' id='word_1_453' title='bbox 189 4342 379 4414; x_wconf 79' lang='grc' dir='ltr'>φυρίδα</span> <span class='ocrx_word' id='word_1_454' title='bbox 406 4339 898 4417; x_wconf 70' lang='grc' dir='ltr'>περιϐεϐλημένος,</span> <span class='ocrx_word' id='word_1_455' title='bbox 943 4339 1041 4394; x_wconf 75' lang='grc' dir='ltr'>καὶ</span> <span class='ocrx_word' id='word_1_456' title='bbox 1094 4338 1336 4411; x_wconf 84' lang='grc' dir='ltr'>διάδημα</span> <span class='ocrx_word' id='word_1_457' title='bbox 1383 4342 1568 4410; x_wconf 85' lang='grc' dir='ltr'>μόνον,</span> <span class='ocrx_word' id='word_1_458' title='bbox 1623 4339 1763 4394; x_wconf 81' lang='grc' dir='ltr'>ἀλλά</span> 
     </span>
    </p>
   </div>
   <div class='ocr_carea' id='block_1_66' title="bbox 186 4430 1762 4507">
    <p class='ocr_par' dir='ltr' id='par_1_66' title="bbox 186 4430 1762 4507">
     <span class='ocr_line' id='line_1_66' title="bbox 186 4430 1762 4507; baseline 0 -18"><span class='ocrx_word' id='word_1_459' title='bbox 186 4438 275 4490; x_wconf 82' lang='grc' dir='ltr'>καὶ</span> <span class='ocrx_word' id='word_1_460' title='bbox 316 4437 413 4493; x_wconf 72' lang='grc' dir='ltr'><strong>ἐὰν</strong></span> <span class='ocrx_word' id='word_1_461' title='bbox 460 4435 568 4491; x_wconf 70' lang='grc' dir='ltr'><strong>ὑπ’)</strong></span> <span class='ocrx_word' id='word_1_462' title='bbox 609 4435 691 4489; x_wconf 84' lang='grc' dir='ltr'>τὼ</span> <span class='ocrx_word' id='word_1_463' title='bbox 753 4430 1021 4507; x_wconf 82' lang='grc' dir='ltr'>βασιλικὼ</span> <span class='ocrx_word' id='word_1_464' title='bbox 1072 4430 1206 4487; x_wconf 75' lang='grc' dir='ltr'>πόδε</span> <span class='ocrx_word' id='word_1_465' title='bbox 1258 4431 1537 4505; x_wconf 79' lang='grc' dir='ltr'>Βάρϐαροι</span> <span class='ocrx_word' id='word_1_466' title='bbox 1582 4432 1762 4489; x_wconf 79' lang='grc' dir='ltr'>ὀπίσω</span> 
     </span>
    </p>
   </div>
   <div class='ocr_carea' id='block_1_67' title="bbox 1899 2195 3487 2285">
    <p class='ocr_par' dir='ltr' id='par_1_67' title="bbox 1899 2195 3487 2285">
     <span class='ocr_line' id='line_1_67' title="bbox 1899 2195 3487 2285; baseline 0.016 -38"><span class='ocrx_word' id='word_1_467' title='bbox 1899 2198 2070 2251; x_wconf 82' lang='lat' dir='ltr'><strong>tatem</strong></span> <span class='ocrx_word' id='word_1_468' title='bbox 2092 2195 2269 2269; x_wconf 78' lang='lat' dir='ltr'><strong>redigi</strong></span> <span class='ocrx_word' id='word_1_469' title='bbox 2302 2201 2644 2273; x_wconf 80' lang='lat' dir='ltr'><strong>permiserit,</strong></span> <span class='ocrx_word' id='word_1_470' title='bbox 2683 2213 2742 2261; x_wconf 92' lang='lat' dir='ltr'><strong>ut</strong></span> <span class='ocrx_word' id='word_1_471' title='bbox 2770 2214 2827 2264; x_wconf 90' lang='lat' dir='ltr'><strong>et</strong></span> <span class='ocrx_word' id='word_1_472' title='bbox 2874 2207 3139 2267; x_wconf 75' lang='lat' dir='ltr'><strong>Ecclesiae</strong></span> <span class='ocrx_word' id='word_1_473' title='bbox 3179 2215 3487 2285; x_wconf 82' lang='lat' dir='ltr'><strong>potentiam</strong></span> 
     </span>
    </p>
   </div>
   <div class='ocr_carea' id='block_1_68' title="bbox 1896 2285 3489 2370">
    <p class='ocr_par' dir='ltr' id='par_1_68' title="bbox 1896 2285 3489 2370">
     <span class='ocr_line' id='line_1_68' title="bbox 1896 2285 3489 2370; baseline 0.016 -26"><span class='ocrx_word' id='word_1_474' title='bbox 1896 2285 2407 2365; x_wconf 72' lang='lat' dir='ltr'><strong>benignitatemque</strong></span> <span class='ocrx_word' id='word_1_475' title='bbox 2428 2309 2775 2369; x_wconf 73' lang='lat' dir='ltr'><strong>agnosceret.</strong></span> <span class='ocrx_word' id='word_1_476' title='bbox 2800 2303 2934 2370; x_wconf 75' lang='lat' dir='ltr'><strong>Quae</strong></span> <span class='ocrx_word' id='word_1_477' title='bbox 2949 2301 3214 2365; x_wconf 82' lang='lat' dir='ltr'><strong>Ecclesiae</strong></span> <span class='ocrx_word' id='word_1_478' title='bbox 3242 2309 3489 2369; x_wconf 87' lang='lat' dir='ltr'><strong>elemen-</strong></span> 
     </span>
    </p>
   </div>
   <div class='ocr_carea' id='block_1_69' title="bbox 1898 2380 3486 2466">
    <p class='ocr_par' dir='ltr' id='par_1_69' title="bbox 1898 2380 3486 2466">
     <span class='ocr_line' id='line_1_69' title="bbox 1898 2380 3486 2466; baseline 0.018 -30"><span class='ocrx_word' id='word_1_479' title='bbox 1898 2380 1974 2436; x_wconf 89' lang='lat' dir='ltr'><strong>tia</strong></span> <span class='ocrx_word' id='word_1_480' title='bbox 2002 2385 2237 2454; x_wconf 73' lang='lat' dir='ltr'><strong>gentiles</strong></span> <span class='ocrx_word' id='word_1_481' title='bbox 2273 2403 2339 2445; x_wconf 87' lang='lat' dir='ltr'><strong>ac</strong></span> <span class='ocrx_word' id='word_1_482' title='bbox 2369 2388 2591 2448; x_wconf 71' lang='lat' dir='ltr'><strong>Iudaeos</strong></span> <span class='ocrx_word' id='word_1_483' title='bbox 2616 2394 2833 2466; x_wconf 87' lang='lat' dir='ltr'><strong>pudore</strong></span> <span class='ocrx_word' id='word_1_484' title='bbox 2851 2395 3039 2456; x_wconf 83' lang='lat' dir='ltr'><strong>allicit.</strong></span> <span class='ocrx_word' id='word_1_485' title='bbox 3070 2398 3486 2463; x_wconf 68' lang='lat' dir='ltr'><strong>Prteteritarum</strong></span> 
     </span>
    </p>
   </div>
   <div class='ocr_carea' id='block_1_70' title="bbox 1894 2472 3486 2570">
    <p class='ocr_par' dir='ltr' id='par_1_70' title="bbox 1894 2472 3486 2570">
     <span class='ocr_line' id='line_1_70' title="bbox 1894 2472 3486 2570; baseline 0.018 -41"><span class='ocrx_word' id='word_1_486' title='bbox 1894 2472 2230 2546; x_wconf 73' lang='lat' dir='ltr'><strong>iniuriarum</strong></span> <span class='ocrx_word' id='word_1_487' title='bbox 2280 2481 2473 2549; x_wconf 86' lang='lat' dir='ltr'><strong>oblita,</strong></span> <span class='ocrx_word' id='word_1_488' title='bbox 2505 2502 2673 2542; x_wconf 89' lang='lat' dir='ltr'><strong>suum</strong></span> <span class='ocrx_word' id='word_1_489' title='bbox 2708 2489 2759 2545; x_wconf 84' lang='lat' dir='ltr'><strong>ei</strong></span> <span class='ocrx_word' id='word_1_490' title='bbox 2782 2490 2966 2548; x_wconf 85' lang='lat' dir='ltr'><strong>sinum</strong></span> <span class='ocrx_word' id='word_1_491' title='bbox 2988 2491 3355 2570; x_wconf 79' lang='lat' dir='ltr'><strong>indulgenter</strong></span> <span class='ocrx_word' id='word_1_492' title='bbox 3386 2514 3486 2556; x_wconf 89' lang='lat' dir='ltr'><strong>ex-</strong></span> 
     </span>
    </p>
   </div>
   <div class='ocr_carea' id='block_1_71' title="bbox 1893 2569 3483 2656">
    <p class='ocr_par' dir='ltr' id='par_1_71' title="bbox 1893 2569 3483 2656">
     <span class='ocr_line' id='line_1_71' title="bbox 1893 2569 3483 2656; baseline 0.018 -33"><span class='ocrx_word' id='word_1_493' title='bbox 1893 2569 2105 2641; x_wconf 86' lang='lat' dir='ltr'><strong>pandit.</strong></span> <span class='ocrx_word' id='word_1_494' title='bbox 2139 2570 2256 2630; x_wconf 84' lang='lat' dir='ltr'><strong>iioc</strong></span> <span class='ocrx_word' id='word_1_495' title='bbox 2287 2580 2488 2647; x_wconf 85' lang='lat' dir='ltr'><strong>quovis</strong></span> <span class='ocrx_word' id='word_1_496' title='bbox 2547 2587 2756 2653; x_wconf 77' lang='lat' dir='ltr'><strong>tropteo</strong></span> <span class='ocrx_word' id='word_1_497' title='bbox 2794 2584 3143 2656; x_wconf 80' lang='lat' dir='ltr'><strong>splendidius</strong></span> <span class='ocrx_word' id='word_1_498' title='bbox 3198 2598 3285 2648; x_wconf 88' lang='lat' dir='ltr'><strong>est</strong></span> <span class='ocrx_word' id='word_1_499' title='bbox 3318 2610 3332 2648; x_wconf 88' lang='lat'><strong>:</strong></span> <span class='ocrx_word' id='word_1_500' title='bbox 3372 2593 3483 2652; x_wconf 88' lang='lat' dir='ltr'><strong>hoc</strong></span> 
     </span>
    </p>
   </div>
   <div class='ocr_carea' id='block_1_72' title="bbox 1891 2664 3483 2743">
    <p class='ocr_par' dir='ltr' id='par_1_72' title="bbox 1891 2664 3483 2743">
     <span class='ocr_line' id='line_1_72' title="bbox 1891 2664 3483 2743; baseline 0.016 -25"><span class='ocrx_word' id='word_1_501' title='bbox 1891 2664 2197 2736; x_wconf 71' lang='lat' dir='ltr'><strong>gentilibus</strong></span> <span class='ocrx_word' id='word_1_502' title='bbox 2248 2669 2516 2740; x_wconf 85' lang='lat' dir='ltr'><strong>pudorem</strong></span> <span class='ocrx_word' id='word_1_503' title='bbox 2579 2674 2781 2733; x_wconf 88' lang='lat' dir='ltr'><strong>incutit</strong></span> <span class='ocrx_word' id='word_1_504' title='bbox 2814 2696 2831 2733; x_wconf 89' lang='lat'><strong>:</strong></span> <span class='ocrx_word' id='word_1_505' title='bbox 2864 2679 2972 2737; x_wconf 88' lang='lat' dir='ltr'><strong>hoc</strong></span> <span class='ocrx_word' id='word_1_506' title='bbox 3025 2676 3247 2741; x_wconf 67' lang='lat' dir='ltr'><strong>Judcos</strong></span> <span class='ocrx_word' id='word_1_507' title='bbox 3310 2684 3483 2743; x_wconf 78' lang='lat' dir='ltr'><strong>ameit</strong></span> 
     </span>
    </p>
   </div>
   <div class='ocr_carea' id='block_1_73' title="bbox 1889 2756 3481 2854">
    <p class='ocr_par' dir='ltr' id='par_1_73' title="bbox 1889 2756 3481 2854">
     <span class='ocr_line' id='line_1_73' title="bbox 1889 2756 3481 2854; baseline 0.017 -42"><span class='ocrx_word' id='word_1_508' title='bbox 1889 2756 2115 2827; x_wconf 88' lang='lat' dir='ltr'><strong>probro,</strong></span> <span class='ocrx_word' id='word_1_509' title='bbox 2173 2761 2327 2832; x_wconf 91' lang='lat' dir='ltr'><strong>quod</strong></span> <span class='ocrx_word' id='word_1_510' title='bbox 2374 2764 2547 2832; x_wconf 84' lang='lat' dir='ltr'><strong>hosti,</strong></span> <span class='ocrx_word' id='word_1_511' title='bbox 2589 2782 2754 2839; x_wconf 87' lang='lat' dir='ltr'><strong>quem</strong></span> <span class='ocrx_word' id='word_1_512' title='bbox 2800 2774 3080 2844; x_wconf 83' lang='lat' dir='ltr'><strong>captivum</strong></span> <span class='ocrx_word' id='word_1_513' title='bbox 3112 2782 3287 2846; x_wconf 82' lang='lat' dir='ltr'><strong>tenet,</strong></span> <span class='ocrx_word' id='word_1_514' title='bbox 3319 2778 3481 2854; x_wconf 66' lang='lat' dir='ltr'><strong>igno&#39;o</strong></span> 
     </span>
    </p>
   </div>
   <div class='ocr_carea' id='block_1_74' title="bbox 1889 2855 3480 2935">
    <p class='ocr_par' dir='ltr' id='par_1_74' title="bbox 1889 2855 3480 2935">
     <span class='ocr_line' id='line_1_74' title="bbox 1889 2855 3480 2935; baseline 0.019 -30"><span class='ocrx_word' id='word_1_515' title='bbox 1889 2858 2034 2919; x_wconf 87' lang='lat' dir='ltr'><strong>seat,</strong></span> <span class='ocrx_word' id='word_1_516' title='bbox 2064 2860 2147 2920; x_wconf 92' lang='lat' dir='ltr'><strong>et,</strong></span> <span class='ocrx_word' id='word_1_517' title='bbox 2181 2855 2331 2912; x_wconf 87' lang='lat' dir='ltr'><strong>velut</strong></span> <span class='ocrx_word' id='word_1_518' title='bbox 2367 2868 2545 2915; x_wconf 86' lang='lat' dir='ltr'><strong>mater</strong></span> <span class='ocrx_word' id='word_1_519' title='bbox 2572 2864 2988 2933; x_wconf 87' lang='lat' dir='ltr'><strong>amantissima.</strong></span> <span class='ocrx_word' id='word_1_520' title='bbox 3014 2870 3119 2926; x_wconf 86' lang='lat' dir='ltr'><strong>sub</strong></span> <span class='ocrx_word' id='word_1_521' title='bbox 3146 2871 3480 2935; x_wconf 84' lang='lat' dir='ltr'><strong>velamentis</strong></span> 
     </span>
    </p>
   </div>
   <div class='ocr_carea' id='block_1_75' title="bbox 1888 2942 3475 3036">
    <p class='ocr_par' dir='ltr' id='par_1_75' title="bbox 1888 2942 3475 3036">
     <span class='ocr_line' id='line_1_75' title="bbox 1888 2942 3475 3036; baseline 0.015 -37"><span class='ocrx_word' id='word_1_522' title='bbox 1888 2942 2009 3002; x_wconf 89' lang='lat' dir='ltr'><strong>suis</strong></span> <span class='ocrx_word' id='word_1_523' title='bbox 2065 2947 2327 3015; x_wconf 86' lang='lat' dir='ltr'><strong>occultet,</strong></span> <span class='ocrx_word' id='word_1_524' title='bbox 2386 2959 2555 3025; x_wconf 85' lang='lat' dir='ltr'><strong>atque</strong></span> <span class='ocrx_word' id='word_1_525' title='bbox 2592 2954 2948 3028; x_wconf 85' lang='lat' dir='ltr'><strong>imperatoris</strong></span> <span class='ocrx_word' id='word_1_526' title='bbox 2977 2961 3077 3019; x_wconf 65' lang='lat' dir='ltr'><strong>ira</strong></span> <span class='ocrx_word' id='word_1_527' title='bbox 3114 2970 3173 3021; x_wconf 85' lang='lat' dir='ltr'><strong>et</strong></span> <span class='ocrx_word' id='word_1_528' title='bbox 3210 2965 3475 3036; x_wconf 86' lang='lat' dir='ltr'><strong>populari</strong></span> 
     </span>
    </p>
   </div>
   <div class='ocr_carea' id='block_1_76' title="bbox 1886 3033 3474 3117">
    <p class='ocr_par' dir='ltr' id='par_1_76' title="bbox 1886 3033 3474 3117">
     <span class='ocr_line' id='line_1_76' title="bbox 1886 3033 3474 3117; baseline 0.014 -26"><span class='ocrx_word' id='word_1_529' title='bbox 1886 3033 2064 3093; x_wconf 78' lang='lat' dir='ltr'><strong>furori</strong></span> <span class='ocrx_word' id='word_1_530' title='bbox 2120 3040 2603 3117; x_wconf 85' lang='lat' dir='ltr'><strong>acerbissimoque</strong></span> <span class='ocrx_word' id='word_1_531' title='bbox 2620 3045 2752 3103; x_wconf 87' lang='lat' dir='ltr'><strong>odio</strong></span> <span class='ocrx_word' id='word_1_532' title='bbox 2817 3051 3067 3110; x_wconf 81' lang='lat' dir='ltr'><strong>resistat.</strong></span> <span class='ocrx_word' id='word_1_533' title='bbox 3126 3033 3247 3111; x_wconf 77' lang='lat' dir='ltr'><strong>Hoc</strong></span> <span class='ocrx_word' id='word_1_534' title='bbox 3271 3033 3474 3115; x_wconf 75' lang='lat' dir='ltr'><strong>altaris</strong></span> 
     </span>
    </p>
   </div>
   <div class='ocr_carea' id='block_1_77' title="bbox 1886 3138 3472 3213">
    <p class='ocr_par' dir='ltr' id='par_1_77' title="bbox 1886 3138 3472 3213">
     <span class='ocr_line' id='line_1_77' title="bbox 1886 3138 3472 3213; baseline 0.014 -27"><span class='ocrx_word' id='word_1_535' title='bbox 1886 3144 2277 3191; x_wconf 82' lang='lat' dir='ltr'><strong>ornamentum</strong></span> <span class='ocrx_word' id='word_1_536' title='bbox 2326 3144 2435 3195; x_wconf 88' lang='lat' dir='ltr'><strong>est.</strong></span> <span class='ocrx_word' id='word_1_537' title='bbox 2494 3138 2567 3196; x_wconf 79' lang='lat' dir='ltr'><strong>At</strong></span> <span class='ocrx_word' id='word_1_538' title='bbox 2588 3141 2871 3213; x_wconf 88' lang='lat' dir='ltr'><strong>quodnam</strong></span> <span class='ocrx_word' id='word_1_539' title='bbox 2921 3146 3028 3203; x_wconf 84' lang='lat' dir='ltr'><strong>hoc</strong></span> <span class='ocrx_word' id='word_1_540' title='bbox 3058 3143 3281 3205; x_wconf 86' lang='lat' dir='ltr'><strong>tandem</strong></span> <span class='ocrx_word' id='word_1_541' title='bbox 3307 3163 3472 3207; x_wconf 83' lang='lat' dir='ltr'><strong>orna—</strong></span> 
     </span>
    </p>
   </div>
   <div class='ocr_carea' id='block_1_78' title="bbox 1883 3228 3471 3311">
    <p class='ocr_par' dir='ltr' id='par_1_78' title="bbox 1883 3228 3471 3311">
     <span class='ocr_line' id='line_1_78' title="bbox 1883 3228 3471 3311; baseline 0.016 -33"><span class='ocrx_word' id='word_1_542' title='bbox 1883 3234 2129 3282; x_wconf 86' lang='lat' dir='ltr'><strong>mentum</strong></span> <span class='ocrx_word' id='word_1_543' title='bbox 2187 3234 2295 3295; x_wconf 89' lang='lat' dir='ltr'><strong>est,</strong></span> <span class='ocrx_word' id='word_1_544' title='bbox 2327 3228 2541 3304; x_wconf 85' lang='lat' dir='ltr'><strong>inquiet</strong></span> <span class='ocrx_word' id='word_1_545' title='bbox 2589 3232 2813 3307; x_wconf 84' lang='lat' dir='ltr'><strong>aliquis,</strong></span> <span class='ocrx_word' id='word_1_546' title='bbox 2841 3246 2904 3295; x_wconf 92' lang='lat' dir='ltr'><strong>ut</strong></span> <span class='ocrx_word' id='word_1_547' title='bbox 2936 3238 3107 3298; x_wconf 87' lang='lat' dir='ltr'><strong>homo</strong></span> <span class='ocrx_word' id='word_1_548' title='bbox 3136 3241 3471 3311; x_wconf 82' lang='lat' dir='ltr'><strong>sceleratus,</strong></span> 
     </span>
    </p>
   </div>
   <div class='ocr_carea' id='block_1_79' title="bbox 1890 3323 3468 3404">
    <p class='ocr_par' dir='ltr' id='par_1_79' title="bbox 1890 3323 3468 3404">
     <span class='ocr_line' id='line_1_79' title="bbox 1890 3323 3468 3404; baseline 0.016 -36"><span class='ocrx_word' id='word_1_549' title='bbox 1890 3327 2095 3372; x_wconf 86' lang='lat' dir='ltr'><strong>avarus</strong></span> <span class='ocrx_word' id='word_1_550' title='bbox 2117 3325 2174 3373; x_wconf 91' lang='lat' dir='ltr'><strong>et</strong></span> <span class='ocrx_word' id='word_1_551' title='bbox 2197 3333 2389 3391; x_wconf 85' lang='lat' dir='ltr'><strong>rapax,</strong></span> <span class='ocrx_word' id='word_1_552' title='bbox 2412 3323 2701 3383; x_wconf 85' lang='lat' dir='ltr'><strong>columnas</strong></span> <span class='ocrx_word' id='word_1_553' title='bbox 2728 3326 2924 3385; x_wconf 88' lang='lat' dir='ltr'><strong>altaris</strong></span> <span class='ocrx_word' id='word_1_554' title='bbox 2962 3336 3154 3404; x_wconf 83' lang='lat' dir='ltr'><strong>tangat</strong></span> <span class='ocrx_word' id='word_1_555' title='bbox 3170 3333 3198 3388; x_wconf 68' lang='grc' dir='ltr'><em>ἲ</em></span> <span class='ocrx_word' id='word_1_556' title='bbox 3224 3332 3372 3391; x_wconf 82' lang='lat' dir='ltr'><strong>Cave</strong></span> <span class='ocrx_word' id='word_1_557' title='bbox 3387 3333 3468 3393; x_wconf 87' lang='lat' dir='ltr'><strong>ita</strong></span> 
     </span>
    </p>
   </div>
   <div class='ocr_carea' id='block_1_80' title="bbox 1880 3404 3467 3495">
    <p class='ocr_par' dir='ltr' id='par_1_80' title="bbox 1880 3404 3467 3495">
     <span class='ocr_line' id='line_1_80' title="bbox 1880 3404 3467 3495; baseline 0.017 -35"><span class='ocrx_word' id='word_1_558' title='bbox 1880 3405 2153 3478; x_wconf 87' lang='lat' dir='ltr'><strong>loquaris.</strong></span> <span class='ocrx_word' id='word_1_559' title='bbox 2205 3409 2341 3468; x_wconf 86' lang='lat' dir='ltr'><strong>Nam</strong></span> <span class='ocrx_word' id='word_1_560' title='bbox 2376 3421 2433 3471; x_wconf 87' lang='lat' dir='ltr'><strong>et</strong></span> <span class='ocrx_word' id='word_1_561' title='bbox 2461 3404 2698 3474; x_wconf 84' lang='lat' dir='ltr'><strong>scelesta</strong></span> <span class='ocrx_word' id='word_1_562' title='bbox 2742 3427 2913 3493; x_wconf 84' lang='lat' dir='ltr'><strong>atque</strong></span> <span class='ocrx_word' id='word_1_563' title='bbox 2948 3422 3166 3495; x_wconf 88' lang='lat' dir='ltr'><strong>impura</strong></span> <span class='ocrx_word' id='word_1_564' title='bbox 3194 3427 3467 3486; x_wconf 82' lang='lat' dir='ltr'><strong>meretrix</strong></span> 
     </span>
    </p>
   </div>
   <div class='ocr_carea' id='block_1_81' title="bbox 1876 3496 3464 3584">
    <p class='ocr_par' dir='ltr' id='par_1_81' title="bbox 1876 3496 3464 3584">
     <span class='ocr_line' id='line_1_81' title="bbox 1876 3496 3464 3584; baseline 0.015 -29"><span class='ocrx_word' id='word_1_565' title='bbox 1876 3496 2010 3558; x_wconf 76' lang='lat' dir='ltr'><strong>Iesu</strong></span> <span class='ocrx_word' id='word_1_566' title='bbox 2048 3507 2417 3562; x_wconf 79' lang='lat' dir='ltr'><strong>contreetavit</strong></span> <span class='ocrx_word' id='word_1_567' title='bbox 2446 3508 2635 3579; x_wconf 81' lang='lat' dir='ltr'><strong>pedes,</strong></span> <span class='ocrx_word' id='word_1_568' title='bbox 2668 3527 2850 3584; x_wconf 89' lang='lat' dir='ltr'><strong>neque</strong></span> <span class='ocrx_word' id='word_1_569' title='bbox 2888 3514 2944 3572; x_wconf 90' lang='lat' dir='ltr'><strong>id</strong></span> <span class='ocrx_word' id='word_1_570' title='bbox 2979 3510 3214 3575; x_wconf 73' lang='lat' dir='ltr'><strong>Domino</strong></span> <span class='ocrx_word' id='word_1_571' title='bbox 3237 3516 3373 3578; x_wconf 71' lang='lat' dir='ltr'><strong>Jestt</strong></span> <span class='ocrx_word' id='word_1_572' title='bbox 3403 3520 3464 3580; x_wconf 86' lang='lat' dir='ltr'><strong>in</strong></span> 
     </span>
    </p>
   </div>
   <div class='ocr_carea' id='block_1_82' title="bbox 1875 3593 3462 3683">
    <p class='ocr_par' dir='ltr' id='par_1_82' title="bbox 1875 3593 3462 3683">
     <span class='ocr_line' id='line_1_82' title="bbox 1875 3593 3462 3683; baseline 0.013 -33"><span class='ocrx_word' id='word_1_573' title='bbox 1875 3593 2089 3651; x_wconf 86' lang='lat' dir='ltr'><strong>crimen</strong></span> <span class='ocrx_word' id='word_1_574' title='bbox 2147 3612 2370 3655; x_wconf 85' lang='lat' dir='ltr'><strong>versum</strong></span> <span class='ocrx_word' id='word_1_575' title='bbox 2414 3610 2524 3659; x_wconf 85' lang='lat' dir='ltr'><strong>est.</strong></span> <span class='ocrx_word' id='word_1_576' title='bbox 2554 3601 2676 3661; x_wconf 82' lang='lat' dir='ltr'><strong>Non</strong></span> <span class='ocrx_word' id='word_1_577' title='bbox 2708 3606 2857 3663; x_wconf 88' lang='lat' dir='ltr'><strong>enim</strong></span> <span class='ocrx_word' id='word_1_578' title='bbox 2896 3624 3020 3680; x_wconf 73' lang='lat' dir='ltr'><strong>qua:</strong></span> <span class='ocrx_word' id='word_1_579' title='bbox 3061 3610 3280 3683; x_wconf 87' lang='lat' dir='ltr'><strong>impura</strong></span> <span class='ocrx_word' id='word_1_580' title='bbox 3336 3622 3462 3671; x_wconf 86' lang='lat' dir='ltr'><strong>erat</strong></span> 
     </span>
    </p>
   </div>
   <div class='ocr_carea' id='block_1_83' title="bbox 1874 3689 3457 3773">
    <p class='ocr_par' dir='ltr' id='par_1_83' title="bbox 1874 3689 3457 3773">
     <span class='ocr_line' id='line_1_83' title="bbox 1874 3689 3457 3773; baseline 0.014 -31"><span class='ocrx_word' id='word_1_581' title='bbox 1874 3703 2016 3759; x_wconf 91' lang='lat' dir='ltr'><strong>puro</strong></span> <span class='ocrx_word' id='word_1_582' title='bbox 2058 3689 2362 3764; x_wconf 84' lang='lat' dir='ltr'><strong>quidquam</strong></span> <span class='ocrx_word' id='word_1_583' title='bbox 2414 3696 2627 3765; x_wconf 88' lang='lat' dir='ltr'><strong>nocuit,</strong></span> <span class='ocrx_word' id='word_1_584' title='bbox 2665 3698 2762 3756; x_wconf 89' lang='lat' dir='ltr'><strong>sed</strong></span> <span class='ocrx_word' id='word_1_585' title='bbox 2804 3700 3080 3773; x_wconf 88' lang='lat' dir='ltr'><strong>impuram</strong></span> <span class='ocrx_word' id='word_1_586' title='bbox 3111 3706 3457 3764; x_wconf 82' lang='lat' dir='ltr'><strong>meretricem</strong></span> 
     </span>
    </p>
   </div>
   <div class='ocr_carea' id='block_1_84' title="bbox 1876 3776 3461 3864">
    <p class='ocr_par' dir='ltr' id='par_1_84' title="bbox 1876 3776 3461 3864">
     <span class='ocr_line' id='line_1_84' title="bbox 1876 3776 3461 3864; baseline 0.013 -30"><span class='ocrx_word' id='word_1_587' title='bbox 1876 3795 2051 3852; x_wconf 88' lang='lat' dir='ltr'><strong>purus</strong></span> <span class='ocrx_word' id='word_1_588' title='bbox 2087 3783 2206 3853; x_wconf 87' lang='lat' dir='ltr'><strong>ipse</strong></span> <span class='ocrx_word' id='word_1_589' title='bbox 2242 3784 2332 3841; x_wconf 91' lang='lat' dir='ltr'><strong>sui</strong></span> <span class='ocrx_word' id='word_1_590' title='bbox 2370 3794 2636 3846; x_wconf 87' lang='lat' dir='ltr'><strong>contactu</strong></span> <span class='ocrx_word' id='word_1_591' title='bbox 2689 3778 2885 3864; x_wconf 88' lang='lat' dir='ltr'><strong>puram</strong></span> <span class='ocrx_word' id='word_1_592' title='bbox 2921 3776 3183 3854; x_wconf 73' lang='lat' dir='ltr'><strong>reddidit.</strong></span> <span class='ocrx_word' id='word_1_593' title='bbox 3215 3796 3365 3857; x_wconf 80' lang='lat' dir='ltr'><strong>Cave</strong></span> <span class='ocrx_word' id='word_1_594' title='bbox 3389 3814 3461 3855; x_wconf 85' lang='lat' dir='ltr'><strong>ne</strong></span> 
     </span>
    </p>
   </div>
   <div class='ocr_carea' id='block_1_85' title="bbox 1871 3875 3458 3962">
    <p class='ocr_par' dir='ltr' id='par_1_85' title="bbox 1871 3875 3458 3962">
     <span class='ocr_line' id='line_1_85' title="bbox 1871 3875 3458 3962; baseline 0.012 -32"><span class='ocrx_word' id='word_1_595' title='bbox 1871 3877 1949 3932; x_wconf 85' lang='lat' dir='ltr'><strong>sis</strong></span> <span class='ocrx_word' id='word_1_596' title='bbox 1979 3875 2313 3947; x_wconf 71' lang='lat' dir='ltr'><strong>iniuriarum</strong></span> <span class='ocrx_word' id='word_1_597' title='bbox 2338 3895 2570 3950; x_wconf 88' lang='lat' dir='ltr'><strong>memor,</strong></span> <span class='ocrx_word' id='word_1_598' title='bbox 2599 3898 2635 3941; x_wconf 94' lang='lat' dir='ltr'><strong>o</strong></span> <span class='ocrx_word' id='word_1_599' title='bbox 2665 3886 2848 3944; x_wconf 88' lang='lat' dir='ltr'><strong>homo.</strong></span> <span class='ocrx_word' id='word_1_600' title='bbox 2880 3882 3093 3945; x_wconf 81' lang='lat' dir='ltr'><strong>Famuli</strong></span> <span class='ocrx_word' id='word_1_601' title='bbox 3124 3890 3331 3962; x_wconf 87' lang='lat' dir='ltr'><strong>quippe</strong></span> <span class='ocrx_word' id='word_1_602' title='bbox 3360 3908 3458 3949; x_wconf 87' lang='lat' dir='ltr'><strong>sn-</strong></span> 
     </span>
    </p>
   </div>
   <div class='ocr_carea' id='block_1_86' title="bbox 1870 3972 3453 4054">
    <p class='ocr_par' dir='ltr' id='par_1_86' title="bbox 1870 3972 3453 4054">
     <span class='ocr_line' id='line_1_86' title="bbox 1870 3972 3453 4054; baseline 0.011 -30"><span class='ocrx_word' id='word_1_603' title='bbox 1870 3985 1997 4027; x_wconf 88' lang='lat' dir='ltr'><strong>mus</strong></span> <span class='ocrx_word' id='word_1_604' title='bbox 2029 3972 2247 4029; x_wconf 89' lang='lat' dir='ltr'><strong>Domini</strong></span> <span class='ocrx_word' id='word_1_605' title='bbox 2278 3973 2335 4030; x_wconf 88' lang='lat' dir='ltr'><strong>in</strong></span> <span class='ocrx_word' id='word_1_606' title='bbox 2365 3990 2592 4035; x_wconf 80' lang='lat' dir='ltr'><strong>erucem</strong></span> <span class='ocrx_word' id='word_1_607' title='bbox 2619 3980 2752 4048; x_wconf 87' lang='lat' dir='ltr'><strong>acti,</strong></span> <span class='ocrx_word' id='word_1_608' title='bbox 2793 3980 2887 4054; x_wconf 93' lang='lat' dir='ltr'><strong>qui</strong></span> <span class='ocrx_word' id='word_1_609' title='bbox 2917 3982 3137 4039; x_wconf 82' lang='lat' dir='ltr'><strong>dicebat</strong></span> <span class='ocrx_word' id='word_1_610' title='bbox 3169 4003 3185 4041; x_wconf 89' lang='lat'><strong>:</strong></span> <span class='ocrx_word' id='word_1_611' title='bbox 3225 4003 3245 4037; x_wconf 77' lang='grc' dir='ltr'><strong>ι</strong></span> <span class='ocrx_word' id='word_1_612' title='bbox 3269 3984 3453 4054; x_wconf 83' lang='lat' dir='ltr'><strong>Pater,</strong></span> 
     </span>
    </p>
   </div>
   <div class='ocr_carea' id='block_1_87' title="bbox 1869 4061 3451 4150">
    <p class='ocr_par' dir='ltr' id='par_1_87' title="bbox 1869 4061 3451 4150">
     <span class='ocr_line' id='line_1_87' title="bbox 1869 4061 3451 4150; baseline 0.01 -33"><span class='ocrx_word' id='word_1_613' title='bbox 1869 4061 2088 4121; x_wconf 89' lang='lat' dir='ltr'><strong>dimitte</strong></span> <span class='ocrx_word' id='word_1_614' title='bbox 2116 4066 2227 4124; x_wconf 87' lang='lat' dir='ltr'><strong>illis</strong></span> <span class='ocrx_word' id='word_1_615' title='bbox 2253 4085 2269 4122; x_wconf 90' lang='lat'><strong>:</strong></span> <span class='ocrx_word' id='word_1_616' title='bbox 2299 4085 2413 4127; x_wconf 89' lang='lat' dir='ltr'><strong>non</strong></span> <span class='ocrx_word' id='word_1_617' title='bbox 2450 4072 2604 4129; x_wconf 87' lang='lat' dir='ltr'><strong>enim</strong></span> <span class='ocrx_word' id='word_1_618' title='bbox 2639 4073 2824 4131; x_wconf 89' lang='lat' dir='ltr'><strong>sciunt</strong></span> <span class='ocrx_word' id='word_1_619' title='bbox 2865 4074 3001 4145; x_wconf 87' lang='lat' dir='ltr'><strong>quid</strong></span> <span class='ocrx_word' id='word_1_620' title='bbox 3031 4075 3250 4133; x_wconf 82' lang='lat' dir='ltr'><strong>iaciunt</strong></span> <span class='ocrx_word' id='word_1_621' title='bbox 3280 4076 3451 4150; x_wconf 62' lang='lat' dir='ltr'><strong>(Luc.</strong></span> 
     </span>
    </p>
   </div>
   <div class='ocr_carea' id='block_1_88' title="bbox 1868 4160 3449 4243">
    <p class='ocr_par' dir='ltr' id='par_1_88' title="bbox 1868 4160 3449 4243">
     <span class='ocr_line' id='line_1_88' title="bbox 1868 4160 3449 4243; baseline 0.007 -26"><span class='ocrx_word' id='word_1_622' title='bbox 1868 4177 2028 4230; x_wconf 86' lang='lat' dir='ltr'><strong>xxm,</strong></span> <span class='ocrx_word' id='word_1_623' title='bbox 2056 4160 2168 4234; x_wconf 62' lang='grc' dir='ltr'><strong>Ἡ).</strong></span> <span class='ocrx_word' id='word_1_624' title='bbox 2191 4182 2211 4217; x_wconf 77' lang='grc' dir='ltr'><strong>ι</strong></span> <span class='ocrx_word' id='word_1_625' title='bbox 2248 4166 2320 4220; x_wconf 83' lang='lat' dir='ltr'><strong>At</strong></span> <span class='ocrx_word' id='word_1_626' title='bbox 2345 4165 2513 4223; x_wconf 85' lang='lat' dir='ltr'><strong>variis</strong></span> <span class='ocrx_word' id='word_1_627' title='bbox 2542 4167 2835 4240; x_wconf 87' lang='lat' dir='ltr'><strong>rescriptis</strong></span> <span class='ocrx_word' id='word_1_628' title='bbox 2856 4183 2921 4225; x_wconf 91' lang='lat' dir='ltr'><strong>ae</strong></span> <span class='ocrx_word' id='word_1_629' title='bbox 2944 4170 3178 4241; x_wconf 87' lang='lat' dir='ltr'><strong>legibus,</strong></span> <span class='ocrx_word' id='word_1_630' title='bbox 3210 4171 3449 4243; x_wconf 86' lang='lat' dir='ltr'><strong>inquies,</strong></span> 
     </span>
    </p>
   </div>
   <div class='ocr_carea' id='block_1_89' title="bbox 1865 4254 3444 4335">
    <p class='ocr_par' dir='ltr' id='par_1_89' title="bbox 1865 4254 3444 4335">
     <span class='ocr_line' id='line_1_89' title="bbox 1865 4254 3444 4335; baseline 0.009 -25"><span class='ocrx_word' id='word_1_631' title='bbox 1865 4254 2179 4330; x_wconf 85' lang='lat' dir='ltr'><strong>perfugium</strong></span> <span class='ocrx_word' id='word_1_632' title='bbox 2205 4257 2261 4314; x_wconf 91' lang='lat' dir='ltr'><strong>in</strong></span> <span class='ocrx_word' id='word_1_633' title='bbox 2301 4258 2450 4315; x_wconf 90' lang='lat' dir='ltr'><strong>hunc</strong></span> <span class='ocrx_word' id='word_1_634' title='bbox 2482 4259 2669 4316; x_wconf 90' lang='lat' dir='ltr'><strong>locum</strong></span> <span class='ocrx_word' id='word_1_635' title='bbox 2709 4262 3013 4333; x_wconf 59' lang='lat' dir='ltr'><strong>praelusit.</strong></span> <span class='ocrx_word' id='word_1_636' title='bbox 3054 4263 3135 4318; x_wconf 86' lang='lat' dir='ltr'><strong>ita</strong></span> <span class='ocrx_word' id='word_1_637' title='bbox 3169 4264 3391 4335; x_wconf 90' lang='lat' dir='ltr'><strong>quidem</strong></span> <span class='ocrx_word' id='word_1_638' title='bbox 3429 4287 3444 4324; x_wconf 93' lang='lat'><strong>:</strong></span> 
     </span>
    </p>
   </div>
   <div class='ocr_carea' id='block_1_90' title="bbox 1866 4349 3441 4425">
    <p class='ocr_par' dir='ltr' id='par_1_90' title="bbox 1866 4349 3441 4425">
     <span class='ocr_line' id='line_1_90' title="bbox 1866 4349 3441 4425; baseline 0.004 -18"><span class='ocrx_word' id='word_1_639' title='bbox 1866 4349 1962 4407; x_wconf 83' lang='lat' dir='ltr'><strong>sed</strong></span> <span class='ocrx_word' id='word_1_640' title='bbox 2006 4350 2169 4407; x_wconf 90' lang='lat' dir='ltr'><strong>modo</strong></span> <span class='ocrx_word' id='word_1_641' title='bbox 2199 4351 2315 4422; x_wconf 89' lang='lat' dir='ltr'><strong>ipsa</strong></span> <span class='ocrx_word' id='word_1_642' title='bbox 2357 4366 2416 4407; x_wconf 89' lang='lat' dir='ltr'><strong>re</strong></span> <span class='ocrx_word' id='word_1_643' title='bbox 2443 4352 2663 4418; x_wconf 85' lang='lat' dir='ltr'><strong>didicit,</strong></span> <span class='ocrx_word' id='word_1_644' title='bbox 2693 4354 2825 4425; x_wconf 85' lang='lat' dir='ltr'><strong>quid</strong></span> <span class='ocrx_word' id='word_1_645' title='bbox 2858 4356 3085 4411; x_wconf 88' lang='lat' dir='ltr'><strong>sceleris</strong></span> <span class='ocrx_word' id='word_1_646' title='bbox 3116 4356 3441 4414; x_wconf 86' lang='lat' dir='ltr'><strong>admiserit:</strong></span> 
     </span>
    </p>
   </div>
   <div class='ocr_carea' id='block_1_91' title="bbox 1866 4444 3446 4519">
    <p class='ocr_par' dir='ltr' id='par_1_91' title="bbox 1866 4444 3446 4519">
     <span class='ocr_line' id='line_1_91' title="bbox 1866 4444 3446 4519; baseline 0.006 -22"><span class='ocrx_word' id='word_1_647' title='bbox 1866 4457 1933 4499; x_wconf 87' lang='lat' dir='ltr'><strong>ae</strong></span> <span class='ocrx_word' id='word_1_648' title='bbox 1970 4444 2149 4517; x_wconf 87' lang='lat' dir='ltr'><strong>legem</strong></span> <span class='ocrx_word' id='word_1_649' title='bbox 2174 4444 2293 4515; x_wconf 91' lang='lat' dir='ltr'><strong>ipse</strong></span> <span class='ocrx_word' id='word_1_650' title='bbox 2313 4444 2545 4515; x_wconf 90' lang='lat' dir='ltr'><strong>primus,</strong></span> <span class='ocrx_word' id='word_1_651' title='bbox 2563 4461 2663 4517; x_wconf 91' lang='lat' dir='ltr'><strong>per</strong></span> <span class='ocrx_word' id='word_1_652' title='bbox 2692 4461 2755 4503; x_wconf 90' lang='lat' dir='ltr'><strong>ea</strong></span> <span class='ocrx_word' id='word_1_653' title='bbox 2782 4463 2906 4519; x_wconf 49' lang='lat' dir='ltr'><strong>qua!</strong></span> <span class='ocrx_word' id='word_1_654' title='bbox 2933 4463 3133 4519; x_wconf 85' lang='lat' dir='ltr'><strong>passus</strong></span> <span class='ocrx_word' id='word_1_655' title='bbox 3152 4456 3261 4512; x_wconf 85' lang='lat' dir='ltr'><strong>est,</strong></span> <span class='ocrx_word' id='word_1_656' title='bbox 3280 4450 3446 4505; x_wconf 85' lang='lat' dir='ltr'><strong>abro-</strong></span> 
     </span>
    </p>
   </div>
   <div class='ocr_carea' id='block_1_92' title="bbox 186 4514 1775 4613">
    <p class='ocr_par' dir='ltr' id='par_1_92' title="bbox 186 4523 1756 4603">
     <span class='ocr_line' id='line_1_92' title="bbox 186 4523 1756 4603; baseline -0.001 -21"><span class='ocrx_word' id='word_1_657' title='bbox 186 4528 468 4603; x_wconf 80' lang='grc' dir='ltr'>δεδεμένοι,</span> <span class='ocrx_word' id='word_1_658' title='bbox 492 4529 637 4585; x_wconf 83' lang='grc' dir='ltr'>κατὰ</span> <span class='ocrx_word' id='word_1_659' title='bbox 666 4527 766 4596; x_wconf 78' lang='grc' dir='ltr'>τὰς</span> <span class='ocrx_word' id='word_1_660' title='bbox 819 4525 1062 4597; x_wconf 83' lang='grc' dir='ltr'>κεφαλὰς</span> <span class='ocrx_word' id='word_1_661' title='bbox 1113 4523 1316 4580; x_wconf 85' lang='grc' dir='ltr'>νεύωσι</span> <span class='ocrx_word' id='word_1_662' title='bbox 1346 4523 1611 4595; x_wconf 85' lang='grc' dir='ltr'>κείμενοι.</span> <span class='ocrx_word' id='word_1_663' title='bbox 1646 4526 1756 4581; x_wconf 77' lang='grc' dir='ltr'><strong>Καὶ</strong></span> 
     </span>
    </p>
   </div>
   <div class='ocr_carea' id='block_1_93' title="bbox 1879 4514 3443 4613">
    <p class='ocr_par' dir='ltr' id='par_1_93' title="bbox 1879 4514 3443 4613">
     <span class='ocr_line' id='line_1_93' title="bbox 1879 4514 3443 4613; baseline 0.006 -24"><span class='ocrx_word' id='word_1_664' title='bbox 1879 4514 2044 4607; x_wconf 50' lang='lat' dir='ltr'><strong>gavit,</strong></span> <span class='ocrx_word' id='word_1_665' title='bbox 2088 4514 2379 4607; x_wconf 80' lang='lat' dir='ltr'><strong>factusque</strong></span> <span class='ocrx_word' id='word_1_666' title='bbox 2421 4546 2509 4595; x_wconf 86' lang='lat' dir='ltr'><strong>est</strong></span> <span class='ocrx_word' id='word_1_667' title='bbox 2560 4514 2685 4595; x_wconf 84' lang='lat' dir='ltr'><strong>orbi</strong></span> <span class='ocrx_word' id='word_1_668' title='bbox 2744 4514 3145 4613; x_wconf 78' lang='lat' dir='ltr'><strong>spectaculum.</strong></span> <span class='ocrx_word' id='word_1_669' title='bbox 3181 4541 3443 4609; x_wconf 79' lang='lat' dir='ltr'><strong>Quinimo</strong></span> 
     </span>
    </p>
   </div>
   <div class='ocr_carea' id='block_1_94' title="bbox 187 4617 1753 4694">
    <p class='ocr_par' dir='ltr' id='par_1_94' title="bbox 187 4617 1753 4694">
     <span class='ocr_line' id='line_1_94' title="bbox 187 4617 1753 4694; baseline -0.004 -16"><span class='ocrx_word' id='word_1_670' title='bbox 187 4625 374 4690; x_wconf 85' lang='grc' dir='ltr'>πάντες</span> <span class='ocrx_word' id='word_1_671' title='bbox 407 4623 643 4680; x_wconf 74' lang='grc' dir='ltr'>ἐνταῦθα</span> <span class='ocrx_word' id='word_1_672' title='bbox 698 4622 1090 4694; x_wconf 84' lang='grc' dir='ltr'>συνεδράμετε.</span> <span class='ocrx_word' id='word_1_673' title='bbox 1120 4619 1209 4674; x_wconf 82' lang='grc' dir='ltr'><strong>ίνα</strong></span> <span class='ocrx_word' id='word_1_674' title='bbox 1251 4617 1352 4691; x_wconf 75' lang='grc' dir='ltr'>τὴν</span> <span class='ocrx_word' id='word_1_675' title='bbox 1397 4618 1753 4691; x_wconf 75' lang='grc' dir='ltr'>ἀνθρωπίνην</span> 
     </span>
    </p>
   </div>
   <div class='ocr_carea' id='block_1_95' title="bbox 186 4710 1755 4792">
    <p class='ocr_par' dir='ltr' id='par_1_95' title="bbox 186 4710 1755 4792">
     <span class='ocr_line' id='line_1_95' title="bbox 186 4710 1755 4792; baseline -0.004 -20"><span class='ocrx_word' id='word_1_676' title='bbox 186 4718 334 4786; x_wconf 85' lang='grc' dir='ltr'>φύσιν</span> <span class='ocrx_word' id='word_1_677' title='bbox 379 4718 525 4792; x_wconf 83' lang='grc' dir='ltr'>ίδητε</span> <span class='ocrx_word' id='word_1_678' title='bbox 576 4714 1016 4787; x_wconf 75' lang='grc' dir='ltr'>διελεγχομένην.</span> <span class='ocrx_word' id='word_1_679' title='bbox 1063 4710 1239 4785; x_wconf 86' lang='grc' dir='ltr'>Ὁρῶν</span> <span class='ocrx_word' id='word_1_680' title='bbox 1289 4710 1397 4784; x_wconf 83' lang='grc' dir='ltr'><strong>γὰρ</strong></span> <span class='ocrx_word' id='word_1_681' title='bbox 1456 4710 1648 4765; x_wconf 85' lang='grc' dir='ltr'>τοῦτον</span> <span class='ocrx_word' id='word_1_682' title='bbox 1688 4714 1755 4766; x_wconf 82' lang='grc' dir='ltr'>ὲκ</span> 
     </span>
    </p>
   </div>
   <div class='ocr_carea' id='block_1_96' title="bbox 184 4806 1751 4885">
    <p class='ocr_par' dir='ltr' id='par_1_96' title="bbox 184 4806 1751 4885">
     <span class='ocr_line' id='line_1_96' title="bbox 184 4806 1751 4885; baseline -0.003 -19"><span class='ocrx_word' id='word_1_683' title='bbox 184 4812 439 4885; x_wconf 83' lang='grc' dir='ltr'>τοσαύτης</span> <span class='ocrx_word' id='word_1_684' title='bbox 468 4812 715 4884; x_wconf 84' lang='grc' dir='ltr'>κορυφῆς</span> <span class='ocrx_word' id='word_1_685' title='bbox 739 4807 1133 4882; x_wconf 77' lang='grc' dir='ltr'>κατενεχθέντα</span> <span class='ocrx_word' id='word_1_686' title='bbox 1153 4850 1168 4872; x_wconf 88' lang='grc'><strong>,</strong></span> <span class='ocrx_word' id='word_1_687' title='bbox 1202 4806 1294 4862; x_wconf 63' lang='grc' dir='ltr'><strong>τὸν</strong></span> <span class='ocrx_word' id='word_1_688' title='bbox 1320 4806 1534 4861; x_wconf 88' lang='grc' dir='ltr'>σείοντα</span> <span class='ocrx_word' id='word_1_689' title='bbox 1560 4806 1751 4878; x_wconf 71' lang='grc' dir='ltr'>σχεδὸν</span> 
     </span>
    </p>
   </div>
   <div class='ocr_carea' id='block_1_97' title="bbox 184 4900 1745 4982">
    <p class='ocr_par' dir='ltr' id='par_1_97' title="bbox 184 4900 1745 4982">
     <span class='ocr_line' id='line_1_97' title="bbox 184 4900 1745 4982; baseline -0.004 -21"><span class='ocrx_word' id='word_1_690' title='bbox 184 4907 272 4982; x_wconf 73' lang='grc' dir='ltr'>τὴν</span> <span class='ocrx_word' id='word_1_691' title='bbox 291 4909 612 4981; x_wconf 78' lang='grc' dir='ltr'>οίκουμένην</span> <span class='ocrx_word' id='word_1_692' title='bbox 642 4906 821 4961; x_wconf 84' lang='grc' dir='ltr'>πᾶσαν</span> <span class='ocrx_word' id='word_1_693' title='bbox 873 4902 1325 4972; x_wconf 79' lang='grc' dir='ltr'>συνεσταλμένον,</span> <span class='ocrx_word' id='word_1_694' title='bbox 1387 4902 1484 4956; x_wconf 76' lang='grc' dir='ltr'>καὶ</span> <span class='ocrx_word' id='word_1_695' title='bbox 1508 4900 1745 4970; x_wconf 84' lang='grc' dir='ltr'>λαγωοῦ,</span> 
     </span>
    </p>
   </div>
   <div class='ocr_carea' id='block_1_98' title="bbox 187 4995 1748 5075">
    <p class='ocr_par' dir='ltr' id='par_1_98' title="bbox 187 4995 1748 5075">
     <span class='ocr_line' id='line_1_98' title="bbox 187 4995 1748 5075; baseline -0.006 -18"><span class='ocrx_word' id='word_1_696' title='bbox 187 5002 273 5057; x_wconf 71' lang='grc' dir='ltr'>καὶ</span> <span class='ocrx_word' id='word_1_697' title='bbox 309 5002 582 5075; x_wconf 78' lang='grc' dir='ltr'>βατράχου</span> <span class='ocrx_word' id='word_1_698' title='bbox 627 4998 933 5071; x_wconf 82' lang='grc' dir='ltr'>δειλότερον</span> <span class='ocrx_word' id='word_1_699' title='bbox 980 4995 1374 5067; x_wconf 71' lang='grc' dir='ltr'>γεγενημένον,</span> <span class='ocrx_word' id='word_1_700' title='bbox 1425 4996 1520 5049; x_wconf 72' lang='grc' dir='ltr'>καὶ</span> <span class='ocrx_word' id='word_1_701' title='bbox 1576 4995 1748 5067; x_wconf 77' lang='grc' dir='ltr'>χωρἰς</span> 
     </span>
    </p>
   </div>
   <div class='ocr_carea' id='block_1_99' title="bbox 184 5088 1745 5168">
    <p class='ocr_par' dir='ltr' id='par_1_99' title="bbox 184 5088 1745 5168">
     <span class='ocr_line' id='line_1_99' title="bbox 184 5088 1745 5168; baseline -0.004 -20"><span class='ocrx_word' id='word_1_702' title='bbox 184 5093 482 5168; x_wconf 84' lang='grc' dir='ltr'>δεσμῶντῷ</span> <span class='ocrx_word' id='word_1_703' title='bbox 540 5094 681 5149; x_wconf 85' lang='grc' dir='ltr'>κίονι</span> <span class='ocrx_word' id='word_1_704' title='bbox 740 5090 920 5163; x_wconf 82' lang='grc' dir='ltr'>τούτῳ</span> <span class='ocrx_word' id='word_1_705' title='bbox 972 5088 1421 5161; x_wconf 75' lang='grc' dir='ltr'>προσηλωμένον,</span> <span class='ocrx_word' id='word_1_706' title='bbox 1480 5089 1576 5142; x_wconf 71' lang='grc' dir='ltr'><strong>καὶ</strong></span> <span class='ocrx_word' id='word_1_707' title='bbox 1598 5088 1745 5143; x_wconf 82' lang='grc' dir='ltr'>ἄντι</span> 
     </span>
    </p>
   </div>
   <div class='ocr_carea' id='block_1_100' title="bbox 185 5182 1742 5262">
    <p class='ocr_par' dir='ltr' id='par_1_100' title="bbox 185 5182 1742 5262">
     <span class='ocr_line' id='line_1_100' title="bbox 185 5182 1742 5262; baseline -0.003 -22"><span class='ocrx_word' id='word_1_708' title='bbox 185 5187 412 5255; x_wconf 82' lang='grc' dir='ltr'>ἁλύσεως</span> <span class='ocrx_word' id='word_1_709' title='bbox 432 5188 509 5262; x_wconf 80' lang='grc' dir='ltr'>τῷ</span> <span class='ocrx_word' id='word_1_710' title='bbox 548 5186 699 5261; x_wconf 84' lang='grc' dir='ltr'>φόϐῳ</span> <span class='ocrx_word' id='word_1_711' title='bbox 745 5184 1266 5257; x_wconf 83' lang='grc' dir='ltr'>περισφιγγόμενον,</span> <span class='ocrx_word' id='word_1_712' title='bbox 1317 5183 1414 5237; x_wconf 67' lang='grc' dir='ltr'>καὶ</span> <span class='ocrx_word' id='word_1_713' title='bbox 1446 5182 1742 5247; x_wconf 83' lang='grc' dir='ltr'>δεδοικότα,</span> 
     </span>
    </p>
   </div>
   <div class='ocr_carea' id='block_1_101' title="bbox 184 5276 1744 5358">
    <p class='ocr_par' dir='ltr' id='par_1_101' title="bbox 184 5276 1744 5358">
     <span class='ocr_line' id='line_1_101' title="bbox 184 5276 1744 5358; baseline -0.005 -21"><span class='ocrx_word' id='word_1_714' title='bbox 184 5283 272 5338; x_wconf 77' lang='grc' dir='ltr'>καὶ</span> <span class='ocrx_word' id='word_1_715' title='bbox 319 5284 589 5358; x_wconf 73' lang='grc' dir='ltr'>τρέμοντα</span> <span class='ocrx_word' id='word_1_716' title='bbox 644 5279 1045 5339; x_wconf 79' lang='grc' dir='ltr'>καταστέλλετε</span> <span class='ocrx_word' id='word_1_717' title='bbox 1090 5276 1191 5350; x_wconf 80' lang='grc' dir='ltr'>τὴν</span> <span class='ocrx_word' id='word_1_718' title='bbox 1253 5276 1599 5349; x_wconf 81' lang='grc' dir='ltr'>φλεγμονὴν,</span> <span class='ocrx_word' id='word_1_719' title='bbox 1648 5277 1744 5331; x_wconf 71' lang='grc' dir='ltr'>καὶ</span> 
     </span>
    </p>
   </div>
   <div class='ocr_carea' id='block_1_102' title="bbox 183 5372 1743 5452">
    <p class='ocr_par' dir='ltr' id='par_1_102' title="bbox 183 5372 1743 5452">
     <span class='ocr_line' id='line_1_102' title="bbox 183 5372 1743 5452; baseline -0.006 -20"><span class='ocrx_word' id='word_1_720' title='bbox 183 5380 477 5452; x_wconf 83' lang='grc' dir='ltr'>καθαιρεῖτε</span> <span class='ocrx_word' id='word_1_721' title='bbox 498 5378 559 5435; x_wconf 78' lang='grc' dir='ltr'><strong>τὸ</strong></span> <span class='ocrx_word' id='word_1_722' title='bbox 595 5378 845 5452; x_wconf 84' lang='grc' dir='ltr'>φύσημα,</span> <span class='ocrx_word' id='word_1_723' title='bbox 900 5374 1391 5446; x_wconf 73' lang='grc' dir='ltr'>φιλοσοφήσαντες,</span> <span class='ocrx_word' id='word_1_724' title='bbox 1428 5372 1509 5427; x_wconf 84' lang='grc' dir='ltr'>ὄτι</span> <span class='ocrx_word' id='word_1_725' title='bbox 1544 5393 1561 5425; x_wconf 81' lang='grc' dir='ltr'><strong>ι</strong></span> <span class='ocrx_word' id='word_1_726' title='bbox 1582 5372 1743 5426; x_wconf 74' lang='grc' dir='ltr'>Πᾶσα</span> 
     </span>
    </p>
   </div>
   <div class='ocr_carea' id='block_1_103' title="bbox 185 5464 1740 5549">
    <p class='ocr_par' dir='ltr' id='par_1_103' title="bbox 185 5464 1740 5549">
     <span class='ocr_line' id='line_1_103' title="bbox 185 5464 1740 5549; baseline -0.005 -23"><span class='ocrx_word' id='word_1_727' title='bbox 185 5472 309 5545; x_wconf 69' lang='grc' dir='ltr'>σάρξ</span> <span class='ocrx_word' id='word_1_728' title='bbox 348 5474 555 5549; x_wconf 80' lang='grc' dir='ltr'>χόρτος,</span> <span class='ocrx_word' id='word_1_729' title='bbox 595 5473 689 5532; x_wconf 62' lang='grc' dir='ltr'><strong>καλΙ</strong></span> <span class='ocrx_word' id='word_1_730' title='bbox 751 5473 894 5526; x_wconf 82' lang='grc' dir='ltr'>πᾶσα</span> <span class='ocrx_word' id='word_1_731' title='bbox 936 5469 1067 5537; x_wconf 81' lang='grc' dir='ltr'>δόξα</span> <span class='ocrx_word' id='word_1_732' title='bbox 1126 5464 1419 5539; x_wconf 82' lang='grc' dir='ltr'>ἀνθρώπου</span> <span class='ocrx_word' id='word_1_733' title='bbox 1458 5466 1535 5531; x_wconf 85' lang='grc' dir='ltr'>ὡς</span> <span class='ocrx_word' id='word_1_734' title='bbox 1579 5464 1740 5527; x_wconf 79' lang='grc' dir='ltr'>ἄνθος</span> 
     </span>
    </p>
   </div>
   <div class='ocr_carea' id='block_1_104' title="bbox 185 5560 1732 5642">
    <p class='ocr_par' dir='ltr' id='par_1_104' title="bbox 185 5560 1732 5642">
     <span class='ocr_line' id='line_1_104' title="bbox 185 5560 1732 5642; baseline -0.001 -27"><span class='ocrx_word' id='word_1_735' title='bbox 185 5565 382 5639; x_wconf 79' lang='grc' dir='ltr'>χόρτου.</span> <span class='ocrx_word' id='word_1_736' title='bbox 416 5568 725 5642; x_wconf 80' lang='grc' dir='ltr'>Ἐξηράνθη</span> <span class='ocrx_word' id='word_1_737' title='bbox 746 5568 775 5623; x_wconf 85' lang='grc' dir='ltr'><strong>δ</strong></span> <span class='ocrx_word' id='word_1_738' title='bbox 807 5565 1021 5638; x_wconf 83' lang='grc' dir='ltr'>χόρτος,</span> <span class='ocrx_word' id='word_1_739' title='bbox 1042 5565 1140 5619; x_wconf 61' lang='grc' dir='ltr'><strong>καὶ⁵</strong></span> <span class='ocrx_word' id='word_1_740' title='bbox 1160 5561 1221 5617; x_wconf 79' lang='grc' dir='ltr'>τὸ</span> <span class='ocrx_word' id='word_1_741' title='bbox 1237 5560 1398 5626; x_wconf 78' lang='grc' dir='ltr'>ἄνθος</span> <span class='ocrx_word' id='word_1_742' title='bbox 1416 5561 1699 5629; x_wconf 73' lang='grc' dir='ltr'>ἐξέπεσεν,</span> <span class='ocrx_word' id='word_1_743' title='bbox 1714 5582 1732 5614; x_wconf 77' lang='grc' dir='ltr'><strong>ι</strong></span> 
     </span>
    </p>
   </div>
   <div class='ocr_carea' id='block_1_105' title="bbox 185 5654 1740 5737">
    <p class='ocr_par' dir='ltr' id='par_1_105' title="bbox 185 5654 1740 5737">
     <span class='ocr_line' id='line_1_105' title="bbox 185 5654 1740 5737; baseline -0.005 -21"><span class='ocrx_word' id='word_1_744' title='bbox 185 5661 259 5716; x_wconf 76' lang='grc' dir='ltr'>ὅτι</span> <span class='ocrx_word' id='word_1_745' title='bbox 288 5681 305 5715; x_wconf 84' lang='lat' dir='ltr'><strong>t</strong></span> <span class='ocrx_word' id='word_1_746' title='bbox 342 5663 482 5719; x_wconf 73' lang='lat' dir='ltr'><strong>&#39;Qoet</strong></span> <span class='ocrx_word' id='word_1_747' title='bbox 503 5664 699 5737; x_wconf 81' lang='grc' dir='ltr'>χόρτος</span> <span class='ocrx_word' id='word_1_748' title='bbox 728 5661 865 5731; x_wconf 77' lang='grc' dir='ltr'>ταχὺ</span> <span class='ocrx_word' id='word_1_749' title='bbox 890 5656 1456 5731; x_wconf 79' lang='grc' dir='ltr'>ἀποξηρανθήσονται,</span> <span class='ocrx_word' id='word_1_750' title='bbox 1489 5656 1581 5709; x_wconf 72' lang='grc' dir='ltr'>καὶ</span> <span class='ocrx_word' id='word_1_751' title='bbox 1604 5654 1740 5709; x_wconf 70' lang='grc' dir='ltr'>ὡσεὶ</span> 
     </span>
    </p>
   </div>
   <div class='ocr_carea' id='block_1_106' title="bbox 186 5752 1739 5834">
    <p class='ocr_par' dir='ltr' id='par_1_106' title="bbox 186 5752 1739 5834">
     <span class='ocr_line' id='line_1_106' title="bbox 186 5752 1739 5834; baseline -0.006 -20"><span class='ocrx_word' id='word_1_752' title='bbox 186 5756 369 5831; x_wconf 73' lang='grc' dir='ltr'>λάχανα</span> <span class='ocrx_word' id='word_1_753' title='bbox 408 5761 568 5834; x_wconf 77' lang='grc' dir='ltr'>χλόης</span> <span class='ocrx_word' id='word_1_754' title='bbox 600 5758 738 5828; x_wconf 77' lang='grc' dir='ltr'>ταχὺ</span> <span class='ocrx_word' id='word_1_755' title='bbox 787 5753 1218 5810; x_wconf 84' lang='grc' dir='ltr'>ἀποπεσοῦνται·</span> <span class='ocrx_word' id='word_1_756' title='bbox 1258 5773 1276 5807; x_wconf 70' lang='grc' dir='ltr'><strong>ι</strong></span> <span class='ocrx_word' id='word_1_757' title='bbox 1310 5754 1393 5806; x_wconf 86' lang='grc' dir='ltr'>ὃτι</span> <span class='ocrx_word' id='word_1_758' title='bbox 1433 5770 1450 5806; x_wconf 83' lang='grc' dir='ltr'><strong>ι</strong></span> <span class='ocrx_word' id='word_1_759' title='bbox 1496 5752 1739 5826; x_wconf 77' lang='grc' dir='ltr'>Ἀνθρω-</span> 
     </span>
    </p>
   </div>
   <div class='ocr_carea' id='block_1_107' title="bbox 448 5895 1099 5968">
    <p class='ocr_par' dir='ltr' id='par_1_107' title="bbox 448 5895 1099 5968">
     <span class='ocr_line' id='line_1_107' title="bbox 448 5895 1099 5968; baseline 0.002 -1"><span class='ocrx_word' id='word_1_760' title='bbox 448 5903 717 5967; x_wconf 64' lang='lat' dir='ltr'><strong>Parnm.</strong></span> <span class='ocrx_word' id='word_1_761' title='bbox 764 5904 877 5963; x_wconf 85' lang='lat' dir='ltr'><strong>Gn.</strong></span> <span class='ocrx_word' id='word_1_762' title='bbox 910 5895 1099 5968; x_wconf 50' lang='lat' dir='ltr'><strong>‘XCV;</strong></span> 
     </span>
    </p>
   </div>
   <div class='ocr_carea' id='block_1_108' title="bbox 1858 4630 3442 4709">
    <p class='ocr_par' dir='ltr' id='par_1_108' title="bbox 1858 4630 3442 4709">
     <span class='ocr_line' id='line_1_108' title="bbox 1858 4630 3442 4709; baseline 0.006 -27"><span class='ocrx_word' id='word_1_763' title='bbox 1858 4635 2035 4686; x_wconf 88' lang='lat' dir='ltr'><strong>taceat</strong></span> <span class='ocrx_word' id='word_1_764' title='bbox 2066 4630 2216 4698; x_wconf 88' lang='lat' dir='ltr'><strong>licet,</strong></span> <span class='ocrx_word' id='word_1_765' title='bbox 2247 4630 2414 4704; x_wconf 68' lang='grc'><strong>324</strong></span> <span class='ocrx_word' id='word_1_766' title='bbox 2441 4646 2631 4688; x_wconf 85' lang='lat' dir='ltr'><strong>vocem</strong></span> <span class='ocrx_word' id='word_1_767' title='bbox 2662 4631 2793 4689; x_wconf 89' lang='lat' dir='ltr'><strong>hinc</strong></span> <span class='ocrx_word' id='word_1_768' title='bbox 2820 4634 3044 4700; x_wconf 88' lang='lat' dir='ltr'><strong>emittit,</strong></span> <span class='ocrx_word' id='word_1_769' title='bbox 3077 4635 3442 4709; x_wconf 78' lang='lat' dir='ltr'><strong>hortaturque</strong></span> 
     </span>
    </p>
   </div>
   <div class='ocr_carea' id='block_1_109' title="bbox 1856 4721 3445 4796">
    <p class='ocr_par' dir='ltr' id='par_1_109' title="bbox 1856 4721 3445 4796">
     <span class='ocr_line' id='line_1_109' title="bbox 1856 4721 3445 4796; baseline 0.004 -20"><span class='ocrx_word' id='word_1_770' title='bbox 1856 4729 1907 4776; x_wconf 89' lang='lat' dir='ltr'><strong>ct</strong></span> <span class='ocrx_word' id='word_1_771' title='bbox 1946 4722 2025 4777; x_wconf 85' lang='lat' dir='ltr'><strong>ait</strong></span> <span class='ocrx_word' id='word_1_772' title='bbox 2066 4740 2079 4775; x_wconf 88' lang='lat'><strong>:</strong></span> <span class='ocrx_word' id='word_1_773' title='bbox 2127 4721 2487 4793; x_wconf 79' lang='lat' dir='ltr'><strong>Nequaquam</strong></span> <span class='ocrx_word' id='word_1_774' title='bbox 2519 4722 2648 4778; x_wconf 84' lang='lat' dir='ltr'><strong>talia</strong></span> <span class='ocrx_word' id='word_1_775' title='bbox 2701 4724 2899 4795; x_wconf 87' lang='lat' dir='ltr'><strong>agatis,</strong></span> <span class='ocrx_word' id='word_1_776' title='bbox 2928 4741 2996 4780; x_wconf 91' lang='lat' dir='ltr'><strong>ne</strong></span> <span class='ocrx_word' id='word_1_777' title='bbox 3026 4726 3231 4780; x_wconf 87' lang='lat' dir='ltr'><strong>similia</strong></span> <span class='ocrx_word' id='word_1_778' title='bbox 3260 4728 3445 4796; x_wconf 82' lang='lat' dir='ltr'><strong>patia-</strong></span> 
     </span>
    </p>
   </div>
   <div class='ocr_carea' id='block_1_110' title="bbox 1854 4814 3439 4887">
    <p class='ocr_par' dir='ltr' id='par_1_110' title="bbox 1854 4814 3439 4887">
     <span class='ocr_line' id='line_1_110' title="bbox 1854 4814 3439 4887; baseline 0.005 -19"><span class='ocrx_word' id='word_1_779' title='bbox 1854 4814 1988 4868; x_wconf 87' lang='lat' dir='ltr'><strong>mini</strong></span> <span class='ocrx_word' id='word_1_780' title='bbox 2016 4834 2029 4868; x_wconf 86' lang='lat'><strong>:</strong></span> <span class='ocrx_word' id='word_1_781' title='bbox 2065 4814 2258 4885; x_wconf 87' lang='lat' dir='ltr'><strong>sicque</strong></span> <span class='ocrx_word' id='word_1_782' title='bbox 2284 4826 2473 4869; x_wconf 87' lang='lat' dir='ltr'><strong>mutus</strong></span> <span class='ocrx_word' id='word_1_783' title='bbox 2499 4816 2765 4887; x_wconf 86' lang='lat' dir='ltr'><strong>magister</strong></span> <span class='ocrx_word' id='word_1_784' title='bbox 2804 4817 3121 4873; x_wconf 86' lang='lat' dir='ltr'><strong>calamitate</strong></span> <span class='ocrx_word' id='word_1_785' title='bbox 3146 4834 3249 4875; x_wconf 84' lang='lat' dir='ltr'><strong>sua</strong></span> <span class='ocrx_word' id='word_1_786' title='bbox 3289 4822 3439 4876; x_wconf 86' lang='lat' dir='ltr'><strong>exsi-</strong></span> 
     </span>
    </p>
   </div>
   <div class='ocr_carea' id='block_1_111' title="bbox 1853 4908 3433 4979">
    <p class='ocr_par' dir='ltr' id='par_1_111' title="bbox 1853 4908 3433 4979">
     <span class='ocr_line' id='line_1_111' title="bbox 1853 4908 3433 4979; baseline 0.004 -16"><span class='ocrx_word' id='word_1_787' title='bbox 1853 4908 1969 4963; x_wconf 89' lang='lat' dir='ltr'><strong>stit.</strong></span> <span class='ocrx_word' id='word_1_788' title='bbox 1993 4908 2101 4964; x_wconf 88' lang='lat' dir='ltr'><strong>Sed</strong></span> <span class='ocrx_word' id='word_1_789' title='bbox 2128 4917 2182 4963; x_wconf 85' lang='lat' dir='ltr'><strong>et</strong></span> <span class='ocrx_word' id='word_1_790' title='bbox 2210 4910 2386 4964; x_wconf 87' lang='lat' dir='ltr'><strong>altare</strong></span> <span class='ocrx_word' id='word_1_791' title='bbox 2414 4908 2696 4977; x_wconf 79' lang='lat' dir='ltr'><strong>ingentem</strong></span> <span class='ocrx_word' id='word_1_792' title='bbox 2720 4926 2784 4964; x_wconf 79' lang='lat' dir='ltr'><strong>ex</strong></span> <span class='ocrx_word' id='word_1_793' title='bbox 2828 4924 2889 4963; x_wconf 90' lang='lat' dir='ltr'><strong>se</strong></span> <span class='ocrx_word' id='word_1_794' title='bbox 2916 4909 3270 4979; x_wconf 90' lang='lat' dir='ltr'><strong>splendorem</strong></span> <span class='ocrx_word' id='word_1_795' title='bbox 3301 4916 3433 4969; x_wconf 87' lang='lat' dir='ltr'><strong>mit-</strong></span> 
     </span>
    </p>
   </div>
   <div class='ocr_carea' id='block_1_112' title="bbox 1853 5000 3431 5071">
    <p class='ocr_par' dir='ltr' id='par_1_112' title="bbox 1853 5000 3431 5071">
     <span class='ocr_line' id='line_1_112' title="bbox 1853 5000 3431 5071; baseline 0.004 -17"><span class='ocrx_word' id='word_1_796' title='bbox 1853 5003 1937 5065; x_wconf 88' lang='lat' dir='ltr'><strong>tit,</strong></span> <span class='ocrx_word' id='word_1_797' title='bbox 1975 5000 2196 5071; x_wconf 82' lang='lat' dir='ltr'><strong>quando</strong></span> <span class='ocrx_word' id='word_1_798' title='bbox 2225 5001 2433 5056; x_wconf 87' lang='lat' dir='ltr'><strong>lconem</strong></span> <span class='ocrx_word' id='word_1_799' title='bbox 2458 5000 2696 5056; x_wconf 86' lang='lat' dir='ltr'><strong>vinculis</strong></span> <span class='ocrx_word' id='word_1_800' title='bbox 2716 5001 3077 5057; x_wconf 86' lang='lat' dir='ltr'><strong>constrictum</strong></span> <span class='ocrx_word' id='word_1_801' title='bbox 3101 5010 3268 5057; x_wconf 89' lang='lat' dir='ltr'><strong>tenet.</strong></span> <span class='ocrx_word' id='word_1_802' title='bbox 3298 5003 3431 5061; x_wconf 86' lang='lat' dir='ltr'><strong>Nam</strong></span> 
     </span>
    </p>
   </div>
   <div class='ocr_carea' id='block_1_113' title="bbox 1849 5096 3433 5167">
    <p class='ocr_par' dir='ltr' id='par_1_113' title="bbox 1849 5096 3433 5167">
     <span class='ocr_line' id='line_1_113' title="bbox 1849 5096 3433 5167; baseline 0.001 -15"><span class='ocrx_word' id='word_1_803' title='bbox 1849 5109 1904 5152; x_wconf 88' lang='lat' dir='ltr'><strong>et</strong></span> <span class='ocrx_word' id='word_1_804' title='bbox 1930 5096 2283 5167; x_wconf 83' lang='lat' dir='ltr'><strong>imperatoris</strong></span> <span class='ocrx_word' id='word_1_805' title='bbox 2317 5096 2545 5167; x_wconf 81' lang='lat' dir='ltr'><strong>imagini</strong></span> <span class='ocrx_word' id='word_1_806' title='bbox 2577 5110 2837 5165; x_wconf 84' lang='lat' dir='ltr'><strong>magnum</strong></span> <span class='ocrx_word' id='word_1_807' title='bbox 2862 5103 3249 5151; x_wconf 85' lang='lat' dir='ltr'><strong>ornamentum</strong></span> <span class='ocrx_word' id='word_1_808' title='bbox 3273 5113 3433 5154; x_wconf 81' lang='lat' dir='ltr'><strong>acce-</strong></span> 
     </span>
    </p>
   </div>
   <div class='ocr_carea' id='block_1_114' title="bbox 1849 5187 3429 5258">
    <p class='ocr_par' dir='ltr' id='par_1_114' title="bbox 1849 5187 3429 5258">
     <span class='ocr_line' id='line_1_114' title="bbox 1849 5187 3429 5258; baseline 0.001 -13"><span class='ocrx_word' id='word_1_809' title='bbox 1849 5190 1951 5255; x_wconf 87' lang='lat' dir='ltr'><strong>dit,</strong></span> <span class='ocrx_word' id='word_1_810' title='bbox 1982 5205 2091 5244; x_wconf 89' lang='lat' dir='ltr'><strong>non</strong></span> <span class='ocrx_word' id='word_1_811' title='bbox 2140 5204 2268 5243; x_wconf 88' lang='lat' dir='ltr'><strong>cum</strong></span> <span class='ocrx_word' id='word_1_812' title='bbox 2306 5187 2461 5244; x_wconf 87' lang='lat' dir='ltr'><strong>sedet</strong></span> <span class='ocrx_word' id='word_1_813' title='bbox 2508 5190 2564 5242; x_wconf 89' lang='lat' dir='ltr'><strong>in</strong></span> <span class='ocrx_word' id='word_1_814' title='bbox 2602 5188 2826 5252; x_wconf 84' lang='lat' dir='ltr'><strong>throno,</strong></span> <span class='ocrx_word' id='word_1_815' title='bbox 2853 5203 3158 5258; x_wconf 84' lang='lat' dir='ltr'><strong>purpuram</strong></span> <span class='ocrx_word' id='word_1_816' title='bbox 3182 5198 3236 5245; x_wconf 90' lang='lat' dir='ltr'><strong>et</strong></span> <span class='ocrx_word' id='word_1_817' title='bbox 3267 5205 3429 5247; x_wconf 85' lang='lat' dir='ltr'><strong>coro-</strong></span> 
     </span>
    </p>
   </div>
   <div class='ocr_carea' id='block_1_115' title="bbox 1848 5282 3426 5358">
    <p class='ocr_par' dir='ltr' id='par_1_115' title="bbox 1848 5282 3426 5358">
     <span class='ocr_line' id='line_1_115' title="bbox 1848 5282 3426 5358; baseline -0.001 -15"><span class='ocrx_word' id='word_1_818' title='bbox 1848 5301 1976 5343; x_wconf 86' lang='lat' dir='ltr'><strong>nam</strong></span> <span class='ocrx_word' id='word_1_819' title='bbox 2009 5293 2235 5358; x_wconf 88' lang='lat' dir='ltr'><strong>gestans</strong></span> <span class='ocrx_word' id='word_1_820' title='bbox 2264 5301 2279 5339; x_wconf 89' lang='lat'><strong>:</strong></span> <span class='ocrx_word' id='word_1_821' title='bbox 2310 5282 2405 5337; x_wconf 89' lang='lat' dir='ltr'><strong>sed</strong></span> <span class='ocrx_word' id='word_1_822' title='bbox 2455 5297 2579 5337; x_wconf 87' lang='lat' dir='ltr'><strong>cum</strong></span> <span class='ocrx_word' id='word_1_823' title='bbox 2602 5282 2706 5337; x_wconf 86' lang='lat' dir='ltr'><strong>sub</strong></span> <span class='ocrx_word' id='word_1_824' title='bbox 2736 5284 2904 5353; x_wconf 85' lang='lat' dir='ltr'><strong>regiis</strong></span> <span class='ocrx_word' id='word_1_825' title='bbox 2936 5283 3173 5353; x_wconf 82' lang='lat' dir='ltr'><strong>pedibus</strong></span> <span class='ocrx_word' id='word_1_826' title='bbox 3209 5285 3426 5342; x_wconf 86' lang='lat' dir='ltr'><strong>barbari</strong></span> 
     </span>
    </p>
   </div>
   <div class='ocr_carea' id='block_1_116' title="bbox 1848 5376 3426 5452">
    <p class='ocr_par' dir='ltr' id='par_1_116' title="bbox 1848 5376 3426 5452">
     <span class='ocr_line' id='line_1_116' title="bbox 1848 5376 3426 5452; baseline 0 -16"><span class='ocrx_word' id='word_1_827' title='bbox 1848 5396 1879 5436; x_wconf 82' lang='lat' dir='ltr'><strong>a</strong></span> <span class='ocrx_word' id='word_1_828' title='bbox 1918 5392 2070 5452; x_wconf 68' lang='lat' dir='ltr'><strong>tergo</strong></span> <span class='ocrx_word' id='word_1_829' title='bbox 2116 5380 2372 5447; x_wconf 76' lang='lat' dir='ltr'><strong>revincti,</strong></span> <span class='ocrx_word' id='word_1_830' title='bbox 2406 5378 2649 5434; x_wconf 85' lang='lat' dir='ltr'><strong>demisso</strong></span> <span class='ocrx_word' id='word_1_831' title='bbox 2690 5380 2745 5433; x_wconf 89' lang='lat' dir='ltr'><strong>in</strong></span> <span class='ocrx_word' id='word_1_832' title='bbox 2779 5386 2985 5433; x_wconf 84' lang='lat' dir='ltr'><strong>terram</strong></span> <span class='ocrx_word' id='word_1_833' title='bbox 3014 5378 3192 5449; x_wconf 85' lang='lat' dir='ltr'><strong>capite</strong></span> <span class='ocrx_word' id='word_1_834' title='bbox 3219 5376 3426 5447; x_wconf 86' lang='lat' dir='ltr'><strong>jaceut.</strong></span> 
     </span>
    </p>
   </div>
   <div class='ocr_carea' id='block_1_117' title="bbox 1848 5470 3425 5545">
    <p class='ocr_par' dir='ltr' id='par_1_117' title="bbox 1848 5470 3425 5545">
     <span class='ocr_line' id='line_1_117' title="bbox 1848 5470 3425 5545; baseline -0.003 -15"><span class='ocrx_word' id='word_1_835' title='bbox 1848 5474 2018 5545; x_wconf 78' lang='lat' dir='ltr'><strong>Atqui</strong></span> <span class='ocrx_word' id='word_1_836' title='bbox 2050 5473 2157 5527; x_wconf 89' lang='lat' dir='ltr'><strong>huc</strong></span> <span class='ocrx_word' id='word_1_837' title='bbox 2175 5487 2370 5528; x_wconf 88' lang='lat' dir='ltr'><strong>omnes</strong></span> <span class='ocrx_word' id='word_1_838' title='bbox 2386 5472 2752 5539; x_wconf 75' lang='lat' dir='ltr'><strong>conﬂuxistis,</strong></span> <span class='ocrx_word' id='word_1_839' title='bbox 2775 5478 2833 5526; x_wconf 88' lang='lat' dir='ltr'><strong>ut</strong></span> <span class='ocrx_word' id='word_1_840' title='bbox 2850 5482 3101 5526; x_wconf 85' lang='lat' dir='ltr'><strong>naturam</strong></span> <span class='ocrx_word' id='word_1_841' title='bbox 3130 5470 3425 5528; x_wconf 84' lang='lat' dir='ltr'><strong>humanam</strong></span> 
     </span>
    </p>
   </div>
   <div class='ocr_carea' id='block_1_118' title="bbox 1852 5562 3424 5621">
    <p class='ocr_par' dir='ltr' id='par_1_118' title="bbox 1852 5562 3424 5621">
     <span class='ocr_line' id='line_1_118' title="bbox 1852 5562 3424 5621; baseline -0.001 0"><span class='ocrx_word' id='word_1_842' title='bbox 1852 5567 2068 5621; x_wconf 85' lang='lat' dir='ltr'><strong>traduci</strong></span> <span class='ocrx_word' id='word_1_843' title='bbox 2113 5564 2368 5621; x_wconf 83' lang='lat' dir='ltr'><strong>videatis.</strong></span> <span class='ocrx_word' id='word_1_844' title='bbox 2404 5564 2577 5620; x_wconf 88' lang='lat' dir='ltr'><strong>Deum</strong></span> <span class='ocrx_word' id='word_1_845' title='bbox 2603 5563 2751 5618; x_wconf 89' lang='lat' dir='ltr'><strong>enim</strong></span> <span class='ocrx_word' id='word_1_846' title='bbox 2792 5562 2940 5616; x_wconf 88' lang='lat' dir='ltr'><strong>hunc</strong></span> <span class='ocrx_word' id='word_1_847' title='bbox 2964 5562 3195 5618; x_wconf 86' lang='lat' dir='ltr'><strong>cernitis</strong></span> <span class='ocrx_word' id='word_1_848' title='bbox 3215 5578 3249 5618; x_wconf 73' lang='grc' dir='ltr'><strong>ε</strong></span> <span class='ocrx_word' id='word_1_849' title='bbox 3271 5571 3424 5619; x_wconf 87' lang='lat' dir='ltr'><strong>tanto</strong></span> 
     </span>
    </p>
   </div>
   <div class='ocr_carea' id='block_1_119' title="bbox 1850 5653 3423 5731">
    <p class='ocr_par' dir='ltr' id='par_1_119' title="bbox 1850 5653 3423 5731">
     <span class='ocr_line' id='line_1_119' title="bbox 1850 5653 3423 5731; baseline -0.002 -18"><span class='ocrx_word' id='word_1_850' title='bbox 1850 5661 2075 5731; x_wconf 77' lang='lat' dir='ltr'><strong>fastigio</strong></span> <span class='ocrx_word' id='word_1_851' title='bbox 2112 5659 2385 5727; x_wconf 76' lang='lat' dir='ltr'><strong>dejertunt</strong></span> <span class='ocrx_word' id='word_1_852' title='bbox 2417 5678 2429 5715; x_wconf 91' lang='lat'><strong>:</strong></span> <span class='ocrx_word' id='word_1_853' title='bbox 2463 5658 2634 5721; x_wconf 86' lang='lat' dir='ltr'><strong>hunc,</strong></span> <span class='ocrx_word' id='word_1_854' title='bbox 2689 5659 2936 5725; x_wconf 79' lang='lat' dir='ltr'><strong>inquam,</strong></span> <span class='ocrx_word' id='word_1_855' title='bbox 2974 5656 3065 5726; x_wconf 89' lang='lat' dir='ltr'><strong>qui</strong></span> <span class='ocrx_word' id='word_1_856' title='bbox 3093 5654 3279 5710; x_wconf 85' lang='lat' dir='ltr'><strong>orbem</strong></span> <span class='ocrx_word' id='word_1_857' title='bbox 3312 5653 3423 5710; x_wconf 81' lang='lat' dir='ltr'><strong>fero</strong></span> 
     </span>
    </p>
   </div>
   <div class='ocr_carea' id='block_1_120' title="bbox 1850 5746 3420 5824">
    <p class='ocr_par' dir='ltr' id='par_1_120' title="bbox 1850 5746 3420 5824">
     <span class='ocr_line' id='line_1_120' title="bbox 1850 5746 3420 5824; baseline -0.006 -13"><span class='ocrx_word' id='word_1_858' title='bbox 1850 5753 2168 5811; x_wconf 81' lang='lat' dir='ltr'><strong>universum</strong></span> <span class='ocrx_word' id='word_1_859' title='bbox 2202 5750 2508 5824; x_wconf 74' lang='lat' dir='ltr'><strong>quatiebat,</strong></span> <span class='ocrx_word' id='word_1_860' title='bbox 2550 5756 2900 5803; x_wconf 79' lang='lat' dir='ltr'><strong>contractum</strong></span> <span class='ocrx_word' id='word_1_861' title='bbox 2953 5746 3343 5817; x_wconf 77' lang='lat' dir='ltr'><strong>leporibusque</strong></span> <span class='ocrx_word' id='word_1_862' title='bbox 3368 5755 3420 5804; x_wconf 91' lang='lat' dir='ltr'><strong>et</strong></span> 
     </span>
    </p>
   </div>
   <div class='ocr_carea' id='block_1_121' title="bbox 2981 5877 3057 5946">
    <p class='ocr_par' dir='ltr' id='par_1_121' title="bbox 2981 5877 3057 5946">
     <span class='ocr_line' id='line_1_121' title="bbox 2981 5877 3057 5946; baseline 0.079 -6"><span class='ocrx_word' id='word_1_863' title='bbox 2981 5877 3057 5946; x_wconf 80' lang='lat'><strong>36</strong></span> 
     </span>
    </p>
   </div>
  </div>
