3880 6254
239 275 356 343 1137

1470 280 1708 342 SACRA
1739 278 2208 346 PARALLELA.

3329 271 3466 339 1B8

302 405 320 440 ι
361 383 599 454 Ἐξῆλθεν
627 383 791 439 Δαῦὶδ
821 385 928 439 ἀπὸ
961 384 1055 438 τοῦ
1102 386 1390 460 σπηλαίου,
1422 391 1514 444 καὶ
1558 390 1782 462 ἐϐόησεν

1962 391 1993 446 1
2018 391 2144 464 Reg.
2179 403 2326 456 xxrv,
2355 387 2512 446 9-18.
2541 417 2608 429 -
2636 407 2656 440 ε
2693 386 2946 445 Surrexit
2973 392 3158 443 autem
3191 386 3365 443 David
3399 389 3469 442 de

236 479 391 535 ὀπίσω
421 475 607 544 Σαοὺλ,
636 476 810 547 λέγων
828 494 842 510 ο
866 477 1041 550 Κύριε
1080 480 1299 550 βασιλεῦ
1322 499 1336 512 ·
1366 484 1461 537 καὶ
1491 483 1789 554 ἐπέϐλεψεν

237 569 392 626 Σαοὺλ
417 568 591 623 ὀπίσω
628 566 819 638 αὐτοῦ,
856 571 953 624 καὶ
981 570 1151 640 ἔκυψε
1180 573 1348 629 Δαϐὶδ
1378 575 1473 630 ἐπὶ
1499 576 1791 646 πρόσωπον

233 662 379 718 αὑτοῦ
410 662 499 714 ἐπὶ
554 663 656 736 τὴν
713 665 840 735 γῆν,
877 665 974 719 καὶ
1025 667 1435 738 προσεκύνησεν
1481 667 1652 741 αὐτῷ.
1679 667 1793 725 Καὶ

233 753 371 809 εἶπεν
408 752 588 810 Δαδίδ’
631 753 751 810 ἰνα
777 755 832 812 τί
891 756 1114 824 ἀκούεις
1171 756 1280 814 τῶν
1316 757 1497 829 λόγων
1535 759 1632 816 τοῦ
1660 759 1792 816 λαοῦ

231 848 508 917 λεγόντωνο
556 846 692 903 Ἰδοὺ
706 846 871 903 Δασὶδ
884 848 1041 921 ζητεῖ
1068 851 1170 924 τὴν
1192 848 1375 925 ψυχήν
1405 869 1503 907 σου
1523 870 1546 920 ;
1572 853 1704 908 Ἰδοὺ
1731 854 1792 910 εν

230 942 290 1011 τῇ
310 938 488 1012 ἡμέρᾳ
511 938 688 1015 ταύτῃ
707 941 1022 1014 ἑωράκασιν
1058 943 1108 998 oi
1142 943 1414 1018 ὀφθαλμοί
1454 962 1573 1013 σου,
1599 945 1795 1018 ὥσπερ

230 1033 384 1087 ἔδωκέ
400 1049 458 1087 σε
480 1031 686 1106 Κύριος
699 1034 780 1101 είς,
801 1035 900 1098 τὰς
913 1037 1102 1109 χεῖράς
1117 1054 1220 1112 μου
1235 1037 1295 1093 ιν
1315 1038 1394 1112 τῷ
1409 1041 1680 1114 σπηλαίῳ,
1697 1041 1794 1097 καὶ

229 1130 320 1184 οὐκ
341 1128 646 1203 ἠϐουλήθην
676 1131 997 1187 ἀποκτεῖναί
1015 1149 1100 1201 σε,
1124 1134 1222 1189 καὶ
1239 1134 1551 1209 ἐφεισάμην
1577 1153 1675 1192 σου
1697 1137 1794 1193 καὶ

227 1217 382 1278 εῐπα⁸
428 1223 542 1279 Οὐκ
591 1222 803 1281 ιποίσω
856 1226 1017 1298 χεῖρά
1044 1245 1147 1302 μου
1173 1226 1254 1294 είς
1296 1229 1389 1283 τὸν
1442 1229 1633 1301 κύριόν
1663 1247 1798 1304 μου,

225 1314 304 1371 δτι
347 1314 566 1388 χριστὸς
617 1315 826 1390 Κυρίου
857 1312 1040 1382 οὗτος.
1077 1317 1193 1374 Καὶ
1228 1319 1339 1376 ίδυῦ
1370 1321 1668 1393 πτερύγιον
1691 1322 1796 1396 τῆς

223 1405 485 1472 διπλοΐδος
503 1424 599 1464 σου
626 1409 686 1464 ὲν
708 1413 772 1481 τῇ
797 1410 942 1483 χειρί
974 1426 1100 1483 μου,
1130 1412 1225 1467 καὶ
1244 1414 1345 1468 οὐκ
1361 1414 1688 1485 ἁπέκταγκά
1710 1433 1791 1473 σε.

226 1497 328 1552 Καὶ
355 1495 528 1568 ἐπῆρε
553 1498 732 1555 Σαοὺλ
759 1501 859 1572 τὴν
899 1497 1086 1576 φωνὴν
1139 1504 1330 1572 αὐτοῦ,
1362 1505 1458 1562 καὶ
1503 1506 1792 1577 ἔκλαυσεν,

224 1592 313 1645 καὶ
342 1587 461 1646 εἷπε
490 1593 628 1664 πρὸς
650 1593 811 1649 Δαόίδ
836 1612 849 1625 ·
882 1596 1105 1663 Δίκαιος
1154 1599 1219 1653 σὺ
1255 1599 1399 1671 ὑπὲρ
1453 1598 1577 1670 εμὲ,
1615 1602 1698 1658 ὅτι
1728 1602 1796 1658 σὺ

1896 483 2158 553 spelunca
2185 521 2201 550 ,
2241 489 2296 538 et
2318 478 2578 537 clamavit
2610 487 2735 552 post
2772 477 2928 546 Sani,
2952 477 3144 535 dicens
3176 496 3191 533 :
3238 478 3468 534 Domine

1898 593 2014 632 rex.
2050 576 2117 632 Et
2162 576 2406 644 respexit
2450 571 2584 630 Saul
2624 584 2751 644 post
2797 587 2896 639 se,
2955 580 3012 628 et
3069 571 3347 628 inclinans
3410 585 3471 627 se

1896 667 2069 724 David
2120 668 2178 724 in
2231 667 2429 725 faciem
2479 680 2649 738 super
2707 674 2948 732 terram,
3014 663 3264 721 adoravit
3315 677 3465 720 eum.

1897 761 1966 819 Et
1993 760 2133 818 dixit
2163 760 2338 817 David
2368 777 2386 816 :
2414 760 2600 828 Quare
2627 759 2790 818 audis
2822 757 2990 815 verba
3041 758 3236 830 populi
3278 755 3464 812 dicen-

1899 853 1969 913 tis
1999 872 2017 910 :
2051 852 2199 912 Ecce
2224 853 2401 910 David
2423 852 2624 925 quaerit
2654 852 2894 910 animam
2917 858 3067 909 tuam
3088 851 3117 906 ἲ
3143 848 3284 908 Ecce
3305 849 3472 906 hodie

1895 945 2155 1005 viderunt
2181 945 2332 1004 oculi
2364 947 2485 1016 tui,
2522 944 2800 1019 quomodo
2831 943 3060 1002 tradidit
3114 953 3168 1001 te
3197 941 3472 999 Dominus

1898 1045 1955 1102 in
2008 1060 2178 1102 manu
2196 1059 2318 1102 mea
2341 1044 2397 1100 in
2425 1045 2688 1118 spelunca
2707 1085 2725 1112 ,
2750 1051 2809 1101 et
2844 1042 2999 1101 nolui
3030 1052 3086 1101 te
3118 1041 3433 1100 interficere
3453 1077 3471 1105 ,

1898 1146 1954 1195 et
1983 1137 2209 1210 peperci
2231 1139 2328 1196 tibi
2352 1181 2371 1208 ,
2396 1146 2454 1197 et
2479 1137 2594 1196 dixi
2621 1157 2638 1196 :
2664 1135 2784 1195 Non
2815 1136 3013 1194 levabo
3043 1151 3265 1192 manum
3294 1148 3472 1190 meam

1900 1233 1957 1290 in
1981 1231 2276 1290 dominum
2303 1248 2486 1290 meum
2512 1272 2530 1299 ,
2563 1231 2695 1307 quia
2732 1231 2990 1289 cbristus
3024 1228 3240 1286 Domini
3263 1235 3369 1286 est.
3402 1225 3475 1284 Et

1901 1341 2029 1382 ecce
2049 1323 2428 1384 summitatem
2451 1323 2757 1395 chlamydis
2792 1332 2893 1379 tua:
2919 1324 2976 1377 in
3011 1335 3191 1376 manu.
3208 1332 3351 1385 mea,
3372 1329 3473 1372 nec

1901 1415 2157 1475 interfeci
2190 1423 2265 1474 te.
2295 1414 2363 1470 Et
2392 1415 2598 1473 levavit
2631 1414 2767 1471 Saul
2823 1427 3014 1470 vocem
3043 1427 3232 1478 suam,
3288 1415 3346 1465 et
3375 1406 3472 1467 lier-

1898 1510 2020 1578 vit;
2049 1510 2308 1583 dixitque
2342 1508 2413 1568 ad
2445 1507 2615 1566 David
2646 1527 2662 1565 :
2693 1507 2902 1566 Justior
2940 1523 3030 1564 me
3087 1520 3151 1562 es
3205 1511 3286 1559 tu.
3318 1502 3469 1569 Quo-

1899 1602 2052 1659 niam
2080 1602 2218 1659 mibi
2245 1601 2557 1663 retribuisti
2584 1601 2765 1673 bona_:
2792 1615 2895 1684 ego
2916 1607 3099 1658 autem
3133 1595 3347 1656 reddidi
3374 1595 3472 1654 tibi

223 1685 607 1752 ἀνταπέδωκάς
665 1705 756 1760 μοι
808 1688 1013 1761 ἀγαθὰ,
1062 1691 1176 1764 ἐγὼ
1201 1692 1260 1748 δὲ
1297 1694 1661 1751 ἁνταπέδωκά
1710 1709 1793 1752 σοι
1840 1763 1847 1764 γ
1902 1694 2075 1752 mala.
2107 1713 2132 1749 ι

225 1780 383 1834 κακά.
415 1800 434 1833 ι
459 1780 483 1847 \
1107 1763 1114 1764 ί
1827 1763 1874 1820 Β

293 1891 312 1924 ι
358 1873 796 1948 Τεκταινόμενος
852 1875 1057 1948 ἀγαθὰ,
1102 1875 1259 1952 ζητεῖ
1300 1880 1465 1956 χάριν
1503 1882 1741 1957 ἀγαθήν.
1770 1904 1792 1941 ι

292 2069 314 2104 ι
352 2052 446 2127 Μὴ
480 2052 757 2109 πλατύνου
779 2057 892 2122 σοῖς
921 2054 1193 2129 χείλεσιν
1223 2058 1303 2133 μὴ
1331 2059 1516 2134 εἴπῃς
1551 2061 1650 2116 ’ον
1675 2061 1800 2135 τρό-

221 2163 317 2201 πον
343 2147 615 2221 ἐχρήσατό
641 2165 754 2221 μοι,
784 2149 1063 2222 χρήσομαι
1116 2149 1289 2224 αὐτῷ,
1320 2147 1557 2226 ύπέρῶν
1586 2170 1655 2226 με
1682 2153 1802 2226 ἡδί-

220 2259 406 2313 κησεν.
444 2257 471 2296 a

291 2353 310 2387 ι
355 2335 451 2409 Μὴ
484 2335 652 2412 dun;
672 2351 688 2370 ο
725 2336 954 2409 ι’ίσομαι
994 2335 1088 2393 τδν
1114 2336 1344 2413 ιχθρόνο
1369 2339 1806 2414 ἀλλ’ὐπόμεινον

215 2429 306 2484 τὸν
341 2428 582 2501 Κύριον,
599 2428 689 2486 ίνα
718 2447 776 2486 σε
804 2429 1073 2507 βοηθήσῃ.
1108 2447 1134 2487 a

275 2539 296 2575 ε
344 2521 479 2578 Ἐὰν
493 2523 658 2598 πεινᾷ
682 2524 711 2577 ὁ
745 2521 942 2598 ἐχθρός
974 2539 1098 2591 σου,
1121 2522 1342 2600 ψώμιζε
1372 2525 1560 2594 αὐτὸν,
1589 2527 1683 2584 καὶ
1705 2527 1806 2585 ἰὰν

213 2614 366 2689 διψᾷ,
426 2615 622 2683 πότιζε
673 2616 857 2672 αὐτόν.
915 2613 1093 2675 τοῦτο
1115 2616 1225 2692 γὰρ
1276 2618 1471 2688 ποιῶν,
1521 2620 1804 2695 ἄνθρακας

214 2707 386 2776 πυρὸς
412 2706 718 2780 σωρεύσεις
742 2706 838 2764 ini.
850 2708 954 2779 τὴν
977 2707 1224 2786 κεφαλὴν
1249 2710 1445 2779 αὐτοῦ,
1470 2710 1571 2769 καὶ
1595 2711 1805 2787 Κύριος

213 2799 592 2857 ἀνταποδὼσει
618 2817 701 2859 σοι
721 2801 922 2872 ἀγαθὰ.
961 2821 988 2856 ι

286 2911 308 2946 ι
356 2894 503 2949 Ὀδοὶ
530 2895 883 2968 μνησικάκων
909 2898 988 2965 είς
1016 2897 1265 2957 θάνατον.
1307 2921 1336 2956 ι

288 3091 309 3126 ι
351 3074 453 3140 ’ος
488 3078 845 3148 μνησικακεῖ,
872 3076 1205 3153 παράνομος.
1246 3099 1268 3133 ι

282 3273 308 3309 ι
350 3254 413 3311 '0
445 3256 710 3328 κρύπτων
736 3253 959 3326 ἔχθραν,
992 3256 1274 3331 συνίστησι
1303 3258 1476 3315 δόλον.
1509 3279 1528 3314 ι

286 3469 308 3504 ι
339 3451 571 3507 Κακίαν
601 3450 831 3516 ἕκαστος
859 3449 953 3504 τοῦ
982 3450 1212 3523 ἀδελφοῦ
1246 3453 1413 3508 αὐτοῦ
1455 3453 1516 3510 οὗ
1556 3454 1632 3528 μὴ
1674 3474 1811 3529 μνηέ

210 3539 489 3611 σικακῆτε
533 3540 594 3594 ὲν
646 3542 765 3604 ταῖς
813 3541 1065 3613 καρδίαις
1143 3542 1316 3614 ὑμῶν.
1365 3545 1557 3619 Κρῐμα
1601 3546 1812 3604 δίκαιον

211 3629 465 3703 κρίνατε,
501 3633 598 3687 καὶ
623 3631 772 3698 ἔλεος
822 3634 919 3687 καί¹
976 3635 1264 3708 οίκτιρμὸν
1317 3639 1526 3693 ποιεῖτε
1577 3639 1812 3708 ἕκαστος

217 3725 354 3796 πρὸς
384 3725 484 3781 τὸν
513 3725 747 3798 ἀδελφὺν
777 3727 967 3785 αὐτοῦ.
1007 3746 1028 3783 ι

287 3836 309 3870 ε
357 3816 748 3890 Ἐκζητήσατε
797 3818 858 3874 τὸ
912 3819 1107 3889 καλὸν,
1154 3821 1252 3879 καὶ
1299 3823 1381 3898 μὴ
1416 3826 1678 3900 πονηρὸν,
1719 3827 1815 3886 καὶ

210 3906 369 3969 ἔσται
409 3909 545 3984 μεθ’
567 3911 724 3985 ὑμῶν
747 3912 974 3988 Κύριος.
1014 3933 1036 3968 ι

286 4024 308 4059 ε
357 4005 674 4061 Ἀκούσατε
705 4007 858 4079 ῥῆμα
888 4007 1100 4082 Κυρίου
1134 4011 1186 4065 oi
1210 4011 1509 4083 τρέμοντες
1531 4012 1623 4069 τὸν
1661 4014 1820 4085 λόγον

210 4095 411 4156 αὐτοῦ.
439 4097 675 4162 Εἴπατε,
701 4095 924 4168 ἀδελφοί
953 4114 1077 4170 μου,
1115 4101 1228 4163 τοῖς
1269 4101 1520 4171 μισοῦσιν
1549 4102 1695 4172 ὑμᾶς
1722 4105 1820 4159 καὶ

212 4188 684 4264 βδελυσσομένοις
715 4228 730 4254 ,
783 4188 874 4244 ἵνα
940 4189 1004 4245 τὸ
1056 4190 1230 4263 δνομα
1275 4192 1481 4265 Κυρίου
1537 4193 1820 4270 δοξασθῇ,

206 4285 308 4339 καὶ
349 4285 506 4357 ὀφθῇ
541 4285 674 4356 ὑμῖν
699 4284 760 4339 ἒν
787 4282 1100 4360 εὐφροσύνῃ
1146 4282 1323 4356 ὑμῶν,
1368 4287 1462 4342 καὶ
1504 4289 1706 4345 ὶκεῖνοι
1737 4290 1823 4346 alo

214 4381 654 4454 σχυνθήσονται.
687 4399 706 4435 ι

1828 3128 1878 3192 C

1973 1871 2136 1931 Prov.
2170 1891 2261 1945 xl,
2288 1874 2382 1931 27.
2422 1902 2492 1918 --
2527 1893 2548 1929 ι
2585 1873 2690 1944 Qui
2720 1873 2867 1932 bona
2912 1872 3024 1946 agit
3048 1910 3067 1939 ,
3123 1876 3330 1943 quaret
3353 1883 3474 1940 gra-

1901 1963 2032 2019 tiam
2053 1965 2277 2021 bonam.
2292 1983 2312 2018 ι

1977 2053 2140 2112 Prov.
2171 2071 2322 2124 utv,
2350 2055 2445 2113 29.
2475 2085 2546 2098 -
2578 2073 2601 2109 ε
2635 2054 2716 2112 Ne
2744 2054 2943 2111 diialcs
2974 2051 3138 2110 labiis
3188 2050 3302 2110 tuis
3329 2089 3345 2116 ,
3375 2064 3476 2104 nec

1900 2146 2094 2216 dicas,
2126 2147 2594 2221 quemadmodum
2629 2146 2741 2220 egit
2789 2159 3044 2213 mecum,
3067 2157 3225 2218 agam
3257 2154 3382 2197 cum
3411 2159 3478 2194 eo

1902 2255 2004 2311 pro
2030 2239 2120 2296 bis
2141 2239 2348 2312 quibus
2378 2255 2468 2298 me
2503 2236 2710 2312 injuria
2741 2237 2949 2295 aﬂ'ecit.
2987 2256 3009 2291 ι

1977 2331 2140 2392 Prov.
2159 2347 2254 2402 xx,
2283 2332 2377 2391 22.
2407 2362 2479 2377 --
2508 2352 2528 2388 ι
2559 2330 2640 2390 Ne
2667 2332 2878 2390 dixeris
2908 2349 2924 2387 :
2992 2327 3222 2388 inimico
3279 2342 3477 2400 repen-

1901 2425 2066 2494 dam.
2100 2425 2198 2486 sed
2226 2434 2484 2502 exspecta
2510 2426 2806 2485 Dominum
2831 2466 2848 2493 ,
2878 2431 2942 2482 ut
2969 2423 3070 2482 tibi
3091 2423 3297 2480 auxilio
3323 2421 3416 2478 sit.
3455 2440 3476 2475 ι

1976 2520 2144 2580 Prov.
2174 2535 2306 2590 xxv,
2335 2520 2431 2579 Si.
2461 2548 2535 2569 ς-
2567 2538 2589 2574 σ
2623 2516 2682 2575 Si
2711 2517 2976 2578 esurierit
3023 2516 3282 2573 inimicus
3311 2523 3436 2571 tuus
3462 2555 3477 2576 .

1905 2614 2032 2673 ciba
2059 2612 2216 2672 illum
2249 2628 2265 2668 :
2291 2613 2342 2670 si
2369 2611 2632 2679 sitiverit,
2664 2611 2735 2668 da
2762 2611 2812 2667 ei
2835 2609 3024 2668 bibere
3065 2629 3082 2665 :
3112 2623 3317 2682 prunas
3332 2607 3481 2664 enim

1903 2707 2271 2783 congregabis
2299 2719 2471 2779 super
2489 2712 2658 2779 caput
2685 2704 2855 2778 ejus;
2916 2711 2974 2762 et
3020 2701 3289 2759 Dominus
3352 2698 3480 2757 red-

1905 2800 1998 2858 det
2019 2799 2123 2857 tibi
2173 2799 2342 2858 bona.
2380 2817 2404 2854 ι

1977 2893 2142 2950 Prov.
2177 2907 2276 2959 xu,
2323 2891 2416 2948 28.
2449 2922 2518 2936 --
2552 2908 2580 2945 r
2625 2888 2737 2947 Viae
2765 2902 3075 2947 memorum
3135 2884 3375 2957 iniuriae,
3412 2883 3482 2941 ad

1909 2993 2162 3044 mortem.
2213 3004 2235 3039 ι
3120 3061 3132 3068 _

1983 3079 2127 3138 Ibid.
2185 3109 2255 3125 —
2287 3099 2306 3134 ι
2342 3080 2447 3150 Qui
2491 3078 2730 3152 injurias
2782 3077 3133 3144 recordatur,
3180 3074 3485 3149 ﬂagitiosus

1904 3181 2012 3234 est.
2058 3193 2084 3231 ι

1966 3264 2138 3332 Prov.
2171 3281 2324 3336 xxvr,
2360 3264 2456 3323 26.
2483 3295 2554 3308 —-
2593 3283 2612 3318 ι
2643 3264 2747 3332 Qui
2782 3264 2926 3321 celat
2966 3261 3342 3326 inimicitiam,
3392 3274 3485 3319 ne-

1907 3359 2006 3416 ctit
2036 3359 2247 3417 dolum.
2289 3381 2310 3415 ι

1978 3447 2147 3506 Zach.
2175 3466 2272 3520 vn,
2304 3450 2393 3508 10.
2426 3480 2498 3493 -
2532 3468 2552 3504 ι
2611 3447 2831 3505 Malitia,
2883 3449 3264 3522 unusquisque
3297 3438 3490 3504 fratris

1908 3542 1992 3598 sui
2017 3541 2188 3599 nolite
2212 3543 2530 3599 meminisse
2561 3542 2617 3599 in
2661 3543 2926 3602 cordibus
2955 3543 3176 3601 vestris.
3206 3541 3487 3599 Judicium

1907 3635 2116 3708 justum
2135 3634 2378 3707 iudicate
2401 3677 2417 3705 ,
2449 3645 2504 3694 et
2534 3636 2972 3694 misericordiam
3006 3644 3061 3694 et
3081 3634 3490 3694 miserationem

1912 3727 2133 3786 faciatis
2163 3728 2543 3802 unusquisque
2578 3729 2646 3786 ad
2670 3731 2894 3789 fratrem
2917 3747 3104 3788 suum.
3146 3751 3164 3785 ι

1987 3821 2150 3880 Amos
2180 3838 2244 3891 ν,
2278 3823 2366 3879 Η.
2395 3853 2466 3865 ——
2498 3843 2517 3877 ι
2554 3823 2796 3892 Quaerite
2827 3823 3058 3891 bonum,
3103 3832 3158 3878 et
3205 3836 3314 3878 non
3369 3836 3490 3877 ωας

1915 3916 2060 3985 ium;
2088 3925 2143 3974 et
2175 3915 2282 3974 erit
2309 3916 2592 3974 vobiscum
2644 3916 2928 3974 Dominus.
2974 3934 2994 3970 ι

1988 4007 2103 4065 Ιεα.
2138 4025 2286 4076 ιινι,
2315 4010 2371 4076 5,
2403 4010 2460 4066 6.
2490 4040 2561 4053 —-
2594 4027 2612 4063 ι
2647 4009 2853 4066 Audite
2883 4009 3109 4066 verbum
3139 4008 3495 4079 Domini,qui

1918 4103 2158 4159 tremitis
2182 4101 2408 4160 verbum
2448 4102 2648 4174 ipsius.
2682 4101 2878 4171 Dicite.
2912 4101 3116 4159 fratres
3147 4102 3378 4167 mei,his
3396 4103 3492 4173 qui

1920 4193 2157 4250 oderunt
2189 4210 2306 4264 vos,
2339 4202 2393 4253 et
2437 4194 2867 4262 abominantur;
2905 4202 2972 4250 ut
3023 4208 3225 4250 nomen
3277 4191 3493 4248 Domini

1920 4286 2281 4358 gioriﬂcetnr,
2314 4296 2369 4347 et
2398 4296 2662 4361 appareat
2716 4288 2773 4344 in
2829 4287 3021 4343 laetitia
3055 4295 3266 4353 vestra,
3300 4294 3362 4358 et
3414 4286 3492 4340 illi

1921 4376 2358 4436 confundentur.
2407 4397 2427 4433 ι

289 4494 310 4528 ι
357 4475 492 4529 Ἐπὶ
521 4474 726 4542 παντὸς
777 4473 1120 4547 ἀδικήματος
1179 4475 1260 4549 μὴ
1309 4475 1543 4549 μηνίσῃς
1573 4477 1650 4550 τῷ
1675 4475 1805 4552 πλη-

1994 4471 2161 4530 Eccli.
2189 4488 2248 4538 x,
2278 4472 2334 4530 6.
2366 4501 2438 4516 --
2472 4493 2491 4526 ι
2534 4471 2614 4530 0b
2646 4489 2864 4531 omnem
2909 4472 3175 4546 injuriam
3218 4489 3287 4530 nc
3309 4487 3496 4528 serves

215 4590 333 4626 σιον
364 4591 472 4626 σου
487 4616 496 4625 .
543 4590 562 4622 1

287 4683 308 4718 ε
354 4666 545 4735 Ἀφες
571 4663 812 4736 ἀδίκημα
866 4661 944 4735 τῷ
996 4664 1225 4736 πλησίον
1257 4683 1372 4734 σου,
1404 4666 1498 4720 καὶ
1526 4666 1645 4720 τότε
1693 4667 1818 4739 651;-

216 4758 410 4821 θέντος
453 4775 556 4811 σου
595 4757 652 4811 αἱ
674 4757 943 4828 ἁμαρτίαι
970 4774 1064 4811 σου
1099 4757 1448 4829 λυθήσονται.
1491 4776 1508 4812 ι

296 4871 315 4905 ε
355 4849 659 4922 Μνήσθητι
707 4849 780 4904 τὰ
839 4849 1043 4921 ἔσχατά
1083 4868 1197 4914 σου,
1230 4852 1322 4906 καὶ
1377 4851 1584 4906 παῦσαι
1604 4849 1823 4924 ἐχθραίο

221 4964 349 5001 νων.
388 4963 408 4997 δ

298 5058 318 5092 ι
357 5038 640 5094 Δὰνεισον.
681 5037 759 5110 τῷ
788 5037 1017 5108 πλησίον
1069 5053 1165 5090 σου
1195 5036 1338 5093 κατὰ
1372 5035 1602 5110 δύναμίν
1641 5055 1759 5093 σου.
1796 5056 1816 5091 ι

298 5239 320 5273 ε
362 5218 639 5287 Ἕλεγξον
661 5218 752 5274 τὸν
783 5217 1012 5292 πλησίον
1047 5237 1166 5288 σου,
1201 5221 1411 5292 μήποτε
1438 5220 1538 5273 οὑκ
1556 5220 1778 5292 εποίησε
1805 5239 1818 5254 ·

220 5314 319 5371 καὶ
354 5314 493 5368 εἴτε
516 5312 765 5385 ἐποίησε,
799 5315 1010 5387 μήποτε
1042 5314 1276 5387 προσθῇ.
1311 5313 1572 5383 Ἔλεγξον
1614 5313 1706 5369 τὸν
1735 5315 1825 5385 φί-

220 5407 338 5475 λον,
381 5406 612 5479 μήποτε
646 5405 750 5462 οὐκ
777 5402 902 5462 ετπε
923 5423 938 5437 ⁸
973 5407 1068 5462 καὶ
1110 5409 1159 5461 εί
1192 5407 1439 5479 εἴρηκεν,
1469 5407 1558 5463 ἵνα
1599 5407 1675 5482 μὴ
1704 5407 1824 5463 δευ-

219 5518 278 5553 τε
288 5501 498 5574 pericu.
546 5517 566 5554 ι

301 5611 332 5660 β
359 5593 506 5649 Νὸει
534 5591 603 5648 τὰ
630 5591 727 5651 τοῦ
761 5592 991 5668 πλησίον
1020 5593 1083 5660 ἐξ
1119 5593 1344 5650 ἑαυτοῦ.
1393 5613 1411 5646 ι

300 5791 323 5828 ι
363 5766 702 5842 Ἄνθρωπος
730 5772 1004 5848 ἀνθρώπῳ
1032 5774 1288 5847 συντηρεῖ
1313 5772 1505 5847 ὀργὴν,
1555 5774 1647 5830 καὶ
1678 5773 1826 5847 παρὰ

1925 4565 2063 4622 iram
2100 4565 2368 4624 adversus
2396 4567 2707 4638 proximum
2737 4575 2914 4622 tuum.
2959 4585 2979 4620 ι

2001 4659 2167 4717 Eccli.
2194 4661 2464 4727 xxvmﬂ.
2496 4691 2566 4702 --
2599 4680 2617 4713 ι
2659 4660 2881 4717 Dimitte
2931 4659 3191 4730 iniuriam
3245 4661 3499 4732 proximo

1930 4766 2045 4823 tuo,
2072 4766 2124 4813 et
2154 4765 2285 4813 tunc
2314 4755 2629 4828 deprecanti
2668 4756 2768 4811 tibi
2790 4761 3018 4826 peccata
3049 4756 3358 4810 solventur.
3405 4775 3424 4806 ι

1995 4851 2138 4907 Ibid.
2179 4851 2234 4907 6.
2267 4881 2316 4895 -ν
2373 4868 2393 4906 ι
2433 4850 2705 4907 Memento
2755 4849 3184 4906 novissimorum
3250 4859 3497 4914 tuorum,

1927 4952 1983 4999 et
2012 4943 2205 5000 desine
2228 4941 2534 4999 inimicari.
2574 4958 2594 4992 ι

1998 5036 2166 5092 Eccli.
2199 5052 2359 5105 xxix,
2390 5035 2446 5090 2.
2490 5065 2560 5077 —-
2596 5053 2617 5090 ι
2648 5032 2925 5092 Fenerare
2973 5033 3225 5107 proximo
3274 5040 3369 5090 tuo
3402 5048 3501 5104 pro

1928 5129 2075 5185 virili
2103 5137 2220 5184 tua.
2261 5147 2279 5182 ι

2003 5221 2172 5278 Eccli.
2213 5239 2328 5287 xix,
2365 5222 2452 5279 l3.
2487 5253 2555 5266 —-
2581 5241 2599 5275 ι
2632 5221 2863 5292 Corripe
2892 5222 3131 5278 amicum
3179 5229 3359 5286 tuum,
3433 5235 3502 5274 ne

1933 5315 2075 5370 forte
2108 5330 2216 5371 non
2247 5314 2440 5371 fecerit
2471 5332 2487 5370 :
2521 5322 2577 5371 et
2629 5315 2677 5373 si
2736 5315 2870 5386 quid
2899 5314 3130 5381 fecerit,
3183 5328 3253 5370 ne
3299 5313 3498 5367 iterum

1931 5407 2099 5464 addat
2184 5423 2331 5465 cere.
2357 5407 2588 5480 Corripe
2626 5409 2888 5476 amicum,
2946 5423 3014 5464 ne
3057 5406 3216 5462 forte
3239 5404 3440 5461 dixerit
3482 5424 3497 5460 :

1933 5510 1986 5557 et
2010 5502 2056 5555 si
2087 5498 2313 5567 dixerit,
2338 5517 2409 5559 ne
2433 5500 2576 5558 forte
2601 5501 2783 5558 iteret.
2824 5519 2844 5553 ι

2005 5590 2181 5649 Eccli.
2208 5607 2362 5656 xxxi,
2397 5593 2482 5649 l8.
2522 5622 2591 5634 --
2632 5611 2651 5645 ι
2719 5591 2966 5664 lntellige
3020 5607 3087 5649 ex
3148 5592 3326 5664 teipso
3367 5608 3502 5665 quae

1935 5692 2060 5741 sunt
2097 5684 2334 5754 proximi
2358 5686 2468 5740 tui;
2501 5705 2520 5738 ι

2004 5775 2170 5832 Είοιὶ.
2208 5792 2398 5844 xxvm,
2432 5777 2552 5834 5-5.
2583 5808 2652 5819 --
2695 5794 2716 5831 ι
2762 5775 2934 5834 Homo
2984 5775 3194 5834 homini
3253 5779 3511 5834 reservat.
