3926 6256
426 325 564 400 1159

1608 328 1667 390 S.
1708 327 1741 389 Ι
1750 327 1952 389 OANN
1962 329 2031 388 IS
2058 324 2490 391 DAMASCENI

3536 322 3665 399 nm

492 441 660 497 Ιίοιιη.
693 455 745 506 ν,
778 437 831 495 8.
854 468 923 478 -
944 458 965 491 r
992 437 1097 505 Qui
1146 436 1280 491 facit
1332 446 1644 507 peccatum,
1676 454 1742 494 ex
1774 438 1997 495 diabolo

2175 457 2193 490 ι
2242 440 2304 493 Ὀ
2331 440 2497 494 ποιῶν
2532 438 2631 510 τὴν
2666 437 2963 511 ἁμαρτίαν,
2990 439 3056 495 ἐκ
3087 438 3183 494 τοῦ
3222 440 3472 497 διαϐόλου
3505 442 3661 503 ἐστὶν.

422 540 537 597 est;
566 527 827 599 quoniam
862 528 937 581 ab‘
968 526 1127 581 in.tio
1156 524 1409 582 diabolus
1438 537 1650 597 peccat.
1688 547 1706 581 ι

496 620 526 675 I
564 618 703 674 Tim.
736 634 792 685 v,
841 619 929 674 M.
958 648 1024 661 —-
1050 636 1069 670 ι
1108 616 1487 685 Quorumdam
1545 627 1776 690 peccata
1822 620 2001 674 mani-

426 720 565 775 festa
612 726 765 784 sunt,
822 716 1192 788 praecedentia
1243 713 1313 771 ad
1352 712 1673 785 judicium:
1734 726 2001 785 quorum-

424 814 548 867 dam
581 821 763 866 autem
798 820 852 867 et
882 809 1322 879 subsequuntur.
1357 825 1378 860 ι

494 902 671 958 Βαεὲί.
698 903 752 957 in
784 900 1035 959 Carn.-—
1057 898 1472 955 Aeerbissimus
1507 896 1789 954 cruciatus
1810 903 1898 956 est
1930 894 2001 953 iis

424 996 518 1069 qui
550 1007 693 1053 recte
723 980 966 1068 sapiunt,
1000 1010 1031 1051 a
1058 994 1169 1051 Deo
1198 993 1438 1066 seiungi.
1657 989 1661 992 ’

494 1087 768 1159 Ejusdem.
795 1118 868 1129 -—
896 1086 1159 1160 impietas
1196 1086 1421 1159 proprie
1464 1084 1778 1157 appellatur
1804 1096 2003 1156 pecca-

424 1190 564 1248 tum,
595 1180 743 1252 quod
780 1180 835 1236 in
864 1178 1036 1235 Deum
1064 1179 1459 1235 committitur.

496 1272 640 1330 Fieri
681 1286 790 1328 non
832 1280 1037 1345 potest,
1079 1280 1139 1327 ut
1185 1270 1327 1326 illia
1360 1277 1511 1327 recta
1561 1286 1652 1326 vta
1687 1268 2001 1339 deﬂectant,

421 1384 658 1440 quorum
698 1367 867 1424 animi
902 1366 1183 1422 oblivione
1211 1365 1303 1421 Dei
1339 1380 1449 1421 non
1474 1365 1751 1420 laborant.

495 1461 570 1517 Ne
634 1459 761 1532 quis
809 1473 1007 1515 eorum
1046 1458 1142 1529 qui
1192 1472 1393 1527 pravas
1427 1458 1496 1513 de
1545 1455 1658 1513 Deo
1706 1456 2003 1527 opiniones

425 1559 635 1616 tenent,
670 1549 953 1606 existimet
988 1554 1250 1616 acceptas
1293 1560 1420 1603 esse
1464 1544 1655 1601 laudes
1685 1558 1826 1616 quas
1850 1543 2000 1616 psal-

424 1658 639 1700 morum
667 1649 834 1697 cantu
868 1639 983 1696 Deo
1016 1636 1370 1709 persolverit.

496 1733 687 1804 Ejutd.
725 1732 890 1788 Hom.
924 1730 1139 1787 adhort.
1182 1730 1250 1785 ad
1282 1729 1445 1801 Bapt.
1480 1758 1551 1773 —-
1581 1728 1676 1786 Dei
1706 1728 1998 1801 ignoratio,

427 1842 578 1882 mors
601 1832 690 1881 est
725 1824 943 1880 animae.

495 1920 597 1976 Cui
626 1917 751 1973 vae?
791 1918 879 1972 cui
931 1913 1263 1973 tribulatio?
1306 1914 1398 1971 cui
1447 1911 1705 1969 anxietas
1743 1908 1910 1968 animi
1946 1916 2003 1967 et

424 2011 701 2067 tenebrae?
730 2008 820 2065 cui
850 2016 1059 2064 aeterna
1100 2006 1531 2063 condemnatio?
1576 2002 1771 2061 Nonne
1802 2004 1874 2060 iis
1905 2002 2000 2075 qui

424 2120 455 2158 a
514 2102 621 2159 fide
664 2100 1041 2163 desciverunt,
1094 2112 1329 2170 eamque
1390 2096 1760 2169 abjurarunt?
1809 2095 2002 2162 Quod-

424 2210 551 2251 nam
577 2201 759 2250 autem
785 2191 1169 2264 abnegationis
1190 2190 1463 2248 indicium
1486 2200 1572 2246 est
1591 2189 1615 2245 ί
1635 2188 1837 2244 Annon
1868 2186 2002 2258 quia

423 2287 830 2345 confessionem
880 2298 1038 2341 suam
1100 2282 1469 2355 abiecerunt?
1516 2280 2000 2349 Quemadmodum

424 2382 570 2439 enim
600 2381 804 2439 divinae
831 2378 959 2436 ﬁdei
989 2378 1275 2437 confessio
1321 2378 1651 2450 promissam
1684 2376 1792 2450 piis
1830 2375 2002 2433 beati-

426 2476 678 2532 tudinem
728 2474 1028 2543 conciliat;
1087 2474 1170 2530 sic
1208 2471 1461 2544 ejusdem
1507 2468 2002 2542 inliciatloimpie-

427 2569 559 2625 tatis
584 2580 759 2639 ptente
778 2564 1079 2622 obnoxium
1102 2563 1385 2621 hominem
1411 2560 1615 2619 reddit.

496 2658 692 2733 Ejurd.
755 2660 814 2714 in
879 2656 1021 2726 paul.
1084 2669 1285 2713 xum.
1330 2686 1402 2699 -—
1441 2656 1715 2712 lmmittet
1767 2655 2001 2729 angelus

310 2768 311 2771 η
426 2747 664 2806 Domini.
699 2746 970 2805 Omnibus
1000 2745 1097 2818 qui
1135 2745 1353 2802 Domini
1385 2744 1546 2802 lldem
1574 2744 1814 2817 amplexi
1846 2751 2000 2813 sunt,

396 2843 653 2921 angelus
704 2839 927 2896 Domini
968 2854 1192 2910 semper
1239 2838 1500 2899 assistit:
1554 2837 1859 2895 dummodo
1902 2852 2002 2909 per

369 2938 376 2946 '
424 2933 698 3007 ﬂagitiosa
735 2947 904 3005 opera
964 2933 1148 3003 ipsum
1198 2932 1428 2989 minime
1482 2929 1879 3002 propellamus.
1932 2930 2001 2987 Ut

423 3026 568 3083 enim
599 3040 732 3098 apes
766 3025 954 3082 fumus
993 3024 1188 3096 abigit,
1216 3030 1272 3079 et
1301 3022 1507 3080 fetidus
1539 3021 1675 3078 odor
1702 3020 1996 3078 columbas

2098 533 2183 587 ὃτι
2214 532 2311 585 ἀπ’
2339 532 2515 604 ἀρχῆς
2546 533 2575 586 ὁ
2603 531 2851 596 διάΰολος
2890 532 3224 605 ἁμαρτάνει.
3262 552 3282 586 ι
3314 536 3315 539 “

2175 641 2193 674 t
2229 623 2405 677 Τινῶν
2434 624 2491 679 αί
2534 622 2799 695 ἁμαρτίαι
2845 622 3107 696 πρόδηλοί
3130 626 3291 693 εἰσιν,
3334 625 3666 697 προάγουσαι

2098 712 2180 778 είς
2207 716 2391 786 κρίσιν
2408 728 2423 746 ο
2466 711 2630 769 τινῶν
2649 713 2707 768 δὲ
2731 714 2826 769 καὶ
2842 713 3292 771 ἐπακολουθοῦσι.
3334 735 3354 769 ι

2172 895 2459 969 Βαρυτάτη
2492 895 2719 961 κόλασις
2755 897 2871 963 τοῖς
2901 892 2962 953 εὖ
2994 895 3308 969 φρονοῦσιν,
3337 898 3366 952 ό
3407 896 3519 953 ἀπὸ
3547 894 3675 951 Θεοῦ

2099 987 2436 1137 χωξῖζῖἓῖξα
2462 1079 2668 1152 κυρίως
2698 1077 2973 1153 λέγεταιή
3004 1079 3085 1145 είς
3112 1078 3248 1137 Θεδν
3273 1081 3541 1155 ἁμαρτία.

2187 1256 2496 1331 ⁹Δμήχανον
2521 1257 2865 1332 ἱκτραπῆναι
2889 1259 2991 1333 τῆς
3018 1259 3235 1326 δικαίας
3258 1260 3385 1317 6δοῦ
3405 1303 3422 1331 ,
3461 1262 3542 1335 μὴ
3584 1263 3679 1335 λη-

2099 1348 2203 1424 θην
2228 1350 2364 1405 Θεοῦ
2386 1352 2509 1417 ταῖς
2534 1350 2737 1424 ψυχαῖς
2756 1351 3123 1425 νοσήσαντας.

2170 1443 2377 1516 Μηδεὶς
2403 1443 2601 1500 οἰέσθω
2617 1443 2728 1501 τῶν
2751 1446 3100 1519 ἐσφαλμένας
3129 1448 3259 1521 περὶ
3279 1449 3419 1505 Θεθῦ
3450 1448 3681 1523 ἑχόντων

2102 1534 2423 1606 ὑπολήψεις,
2453 1536 2540 1592 ὅτι
2560 1535 2752 1592 δεκταὶ
2780 1538 2967 1595 αὐτῶν
2994 1538 3137 1594 είσὶν
3158 1540 3218 1594 ai
3251 1542 3311 1597 tv
3336 1541 3683 1617 ψαλμῳδίαις

2100 1625 2356 1692 αίνέσεις.

2170 1718 2307 1774 Θεοῦ
2331 1720 2526 1791 ἄγνοια
2550 1719 2781 1789 θάνατός
2812 1723 2929 1779 ἔστι
2961 1722 3165 1798 ψυχῆς.

2170 1903 2292 1973 Τίνι
2321 1901 2481 1974 citat;
2509 1905 2617 1959 τίνι
2640 1904 2884 1978 altum;
2915 1907 3023 1962 τίνι
3061 1906 3268 1981 ἀπορία
3317 1908 3437 1980 καὶ,
3457 1911 3682 1979 σκότοςς

2095 1996 2207 2049 τίνι
2236 1997 2433 2052 αίωνία
2451 1997 2816 2070 κατάκρισις;
2848 1998 2909 2053 οὒ
2932 2001 3046 2064 τοῖς
3067 1999 3456 2071 stupeﬁat-ate;
3490 2003 3556 2059 οὐ
3575 2005 3686 2069 τοῖς

2096 2088 2198 2162 τὴν
2228 2087 2411 2142 πίστιν
2434 2088 2871 2169 ἀρνησαμένοιῦ
2900 2092 2998 2156 Τίς
3019 2090 3077 2146 δὲ
3101 2092 3204 2165 τῆς
3223 2093 3514 2166 ἀρνήσεως
3534 2095 3686 2165 ελεγ-

2098 2195 2229 2254 χος;
2249 2179 2350 2255 οὐχ
2368 2181 2449 2237 ὅτι
2464 2182 2567 2248 τὰς
2591 2184 2799 2250 οίκείας
2825 2184 3117 2256 ὁμολογίας
3133 2184 3408 2259 ηθὶτησαν
3430 2206 3449 2255 ;
3473 2188 3687 2262 Ὠσπερ

2095 2272 2366 2346 ὁμολογία
2399 2273 2501 2349 τῆς
2541 2276 2625 2339 είς
2651 2275 2789 2332 Θεὸν
2835 2276 3095 2346 πίστεως,
3124 2277 3219 2333 τὸν
3262 2282 3365 2351 τῆς
3399 2279 3687 2346 εὐσεϐείας

2102 2367 2455 2440 μακαρισμὸν
2478 2367 2754 2440 προξενεῖ,
2785 2368 2930 2424 οὕτω
2956 2370 3054 2426 καὶ
3076 2372 3111 2444 ἡ
3152 2371 3391 2445 ἄρνησις
3420 2375 3493 2448 τῇ
3516 2390 3685 2433 κατα.

2098 2458 2280 2531 κρίσει
2301 2460 2402 2532 τῆς
2425 2458 2722 2534 ἀθεότητος
2746 2461 3063 2520 ὑποϐάλλει.

2169 2645 2523 2721 Παρεμδαλεί
2562 2645 2796 2716 ἅγγελος
2837 2646 3049 2720 Κυρίου
3076 2648 3245 2705 παντὶ
3294 2651 3686 2708 πεπιστευκότι

2099 2737 2181 2804 είς
2202 2738 2295 2793 τὸν
2326 2736 2551 2809 Κύριον.
2605 2734 2874 2807 Ἀγγελος
2927 2736 3277 2812 παρεδρεύει,
3328 2739 3429 2796 ἑὰν
3474 2743 3687 2815 μήποτε

2097 2830 2264 2886 αὐτὸν
2292 2831 2458 2902 ἡμεῖς
2486 2830 2555 2885 ἐκ
2599 2829 2710 2886 τῶν
2747 2829 3005 2903 πονηρῶν
3054 2830 3235 2905 ἔργων
3260 2832 3683 2909 ἀποδιώξωμεν.

2110 2924 2198 2990 Ὠς
2225 2923 2335 2996 γὰρ
2361 2923 2462 2990 τὰς
2502 2924 2767 2996 μελίσσας
2813 2924 3023 2991 καπνὸς
3071 2926 3394 2997 φυγαδεύει,
3456 2934 3559 2986 καὶ
3592 2931 3688 2995 τὰς

2097 3014 2431 3089 περιστερὰς
2458 3014 2741 3083 ἐξελαύνει
2765 3015 3023 3083 δυσωδία,
3047 3015 3196 3073 οὕτω
3223 3018 3321 3076 καὶ
3346 3020 3444 3077 τὸν
3467 3023 3693 3092 φύλακα

424 3118 621 3190 pellit;
657 3118 739 3174 sic
765 3116 934 3173 etiam
981 3116 1295 3172 luctuosum
1334 3114 1675 3185 fetidumque
1703 3120 1995 3187 peceatum

2120 3108 2204 3181 τῆς
2232 3107 2382 3181 ζωῆς
2418 3108 2580 3183 ἡμῶν
2604 3110 2836 3181 ἄγγελον
2862 3112 2900 3185 ἠ
2931 3109 3283 3186 πολύδακρυς
3316 3113 3416 3170 καὶ
3444 3114 3692 3193 δυσώδης

425 3212 559 3267 vitae
602 3219 811 3268 nostrae
842 3209 1129 3267 custodem
1164 3208 1445 3279 angelum.

494 3304 562 3360 In
621 3305 761 3375 psal.
817 3318 1007 3359 vatn.
1060 3331 1130 3343 —
1165 3300 1267 3369 Qui
1318 3300 1586 3357 laboravit
1640 3300 1696 3355 in
1747 3299 1853 3355 hoc
1902 3314 2003 3356 ste-

424 3394 574 3461 culo,
623 3394 769 3450 vivet
811 3392 867 3448 in
921 3392 1107 3448 linem.
1151 3390 1309 3462 337
1341 3388 1445 3457 Qui
1478 3398 1662 3445 autem
1698 3388 1755 3445 in
1784 3388 2000 3446 deliciis

424 3498 480 3543 et
528 3486 680 3541 omni
714 3484 964 3540 mollitiei
1022 3497 1222 3556 genere
1270 3483 1435 3536 vitam
1468 3481 1600 3556 agit,
1660 3482 1738 3537 ita
1791 3488 1850 3537 ut
1888 3496 2002 3553 pra

426 3582 560 3636 luxu
612 3593 855 3650 purpura
890 3585 946 3634 et
992 3578 1159 3649 bysso
1206 3575 1496 3639 induatur,
1541 3572 1777 3646 singulis
1806 3575 2000 3632 diebus
2038 3625 2047 3633 .

426 3670 715 3747 splendide
749 3671 1077 3736 obieetetur,
1128 3676 1185 3726 et
1231 3683 1427 3726 comes
1478 3666 1681 3739 quibus
1732 3667 1997 3725 virtutem

426 3768 783 3839 adipiscatur,
841 3764 1057 3820 labores
1114 3760 1385 3836 refugiat;
1443 3762 1493 3817 is
1548 3762 1604 3817 in
1638 3754 1746 3817 lioc
1792 3761 1998 3819 saeculo

424 3859 653 3916 minime
694 3858 989 3923 laboravit,
1040 3872 1144 3914 nec
1186 3856 1334 3912 vivet
1365 3856 1422 3911 in
1459 3856 1666 3921 futuro,
1700 3856 1797 3912 sed
1829 3855 1996 3911 vitam

423 3952 643 4010 eminus
672 3952 895 4017 videbit,
928 3950 1248 4022 persolvens
1278 3963 1471 4021 ptenas
1496 3946 1551 4003 in
1581 3948 1799 4004 camino
1829 3948 1993 4019 ignis.

493 4046 965 4113 Quemadmodum
1017 4044 1212 4100 umbra
1250 4058 1477 4115 corpus,
1511 4043 1593 4099 sic
1620 4050 1846 4115 peccata
1873 4042 1996 4097 ani-

423 4155 542 4195 mas
577 4140 944 4205 comitantur,
981 4145 1038 4195 et
1056 4151 1180 4209 quae
1226 4137 1525 4193 commissa
1571 4150 1601 4191 a
1638 4136 1798 4193 nobis
1836 4134 1995 4206 ﬂagi-

424 4237 501 4292 tia
532 4244 686 4300 sunt,
722 4240 1147 4305 repraesentant.

498 4325 563 4379 lu
609 4326 861 4382 Hexacm.
926 4325 1019 4380 lib.
1072 4340 1126 4379 v.
1174 4352 1246 4366 --
1289 4322 1541 4380 Nondum
1604 4321 1993 4378 condemnatio

426 4416 699 4473 fertilitati
750 4425 915 4473 terra:
976 4416 1433 4487 impedimentum
1506 4413 1789 4471 aﬂ‘erebat.
1866 4413 1991 4469 Haec

2025 3163 2072 3225 θ
2101 3163 2398 3278 aiant.
2426 3163 2694 3279 ipsi;

2183 3295 2248 3351 '0
2266 3296 2541 3361 κοπιάσας
2576 3299 2634 3353 ἐν
2664 3296 2742 3371 τῷ
2772 3299 2933 3355 αίῶνι
2969 3298 3171 3375 τούτῳ,
3200 3299 3435 3374 ζήσεται
3468 3304 3555 3370 είς
3596 3305 3687 3361 τό-

2100 3386 2213 3454 λος.
2252 3388 2312 3445 ’0
2339 3388 2400 3445 δὲ
2428 3392 2488 3445 ἐν
2509 3393 2691 3464 τρυφῇ
2718 3392 2815 3447 καὶ
2862 3391 3086 3449 ὲκλύσει
3131 3394 3284 3470 πάσῃ
3331 3394 3567 3467 διάγων,
3600 3397 3687 3453 διὰ

2099 3478 2164 3533 τὸ
2190 3478 2534 3554 ἁϐροδίαιτον
2582 3483 2877 3557 πορφύραν
2918 3484 3015 3540 καὶ
3064 3483 3266 3555 βύσσον
3312 3486 3685 3562 ἐνδεδυμένος,

2099 3571 2197 3625 καὶ
2232 3570 2662 3645 εὐφραινόμενος
2689 3575 2815 3631 καθ’
2839 3575 3059 3650 ἡμέραν
3095 3575 3390 3652 λαμπρῶς,
3428 3580 3533 3635 καὶ
3556 3580 3688 3652 φεύ-

2098 3680 2215 3735 γων
2234 3665 2364 3731 τοὺς
2387 3665 2529 3740 ὑπὲρ
2556 3667 2767 3741 ἀρετῆς
2794 3670 3099 3741 καμάτους,
3125 3670 3253 3727 οὔτε
3274 3672 3599 3734 Δἐκοπίασεν
3626 3676 3685 3730 εν

2099 3756 2177 3828 τῷ
2198 3756 2357 3813 αἰῶνι
2382 3757 2581 3831 τούτῳ,
2608 3757 2736 3813 οὔτε
2762 3758 2993 3831 ζήσεται
3020 3759 3081 3817 εν
3111 3761 3193 3834 τῷ
3227 3761 3481 3834 μέλλοντι
3504 3805 3522 3832 ,
3548 3766 3685 3822 ἀλλὰ

2102 3851 2321 3923 μακρὰν
2342 3849 2537 3923 ὄψεται
2562 3852 2664 3925 τὴν
2689 3851 2859 3927 ζωὴν,
2884 3852 3315 3928 βασανιζόμενος
3344 3860 3405 3913 ιν
3428 3861 3497 3933 τῇ
3524 3859 3684 3929 φλογὶ

2099 3945 2198 4015 τῆς
2220 3943 2471 4015 καμίνου.
3492 4003 3497 4007 .

2170 4035 2382 4106 Ὠσπερ
2406 4038 2442 4106 ἠ
2469 4034 2598 4090 σκιά
2629 4035 2710 4108 τῷ
2734 4036 2972 4110 σώματι,
3014 4038 3159 4094 οὕτω
3206 4040 3332 4105 ταῖς
3374 4040 3583 4116 ψυχαῖς
3624 4042 3680 4097 αί

2096 4126 2367 4198 ἁμαρτίαι
2400 4128 2765 4200 παρὲπονται,
2787 4128 3039 4202 ἔναργείς
3075 4129 3175 4195 τὰς
3208 4130 3439 4205 πράξεις
3467 4132 3680 4200 εξεικο-

2097 4220 2360 4285 νίζουσαι.

2166 4312 2385 4384 Οὔτιωή
2424 4315 2689 4385 καταδίκη
2718 4313 2992 4380 ὲνεπόδιζε
3034 4316 3098 4387 τῇ
3141 4314 3368 4388 εύθηνίᾳ
3393 4315 3498 4389 τῆς
3548 4305 3688 4391 γῆςί

2094 4407 2457 4479 Πρεσϐυτέρα
2484 4407 2593 4478 γὰρ
2623 4406 2759 4479 α’ύτη
2789 4407 2888 4480 τῆς
2916 4407 3214 4479 ἁμαρτίας,
3233 4408 3304 4461 δι’
3324 4407 3395 4480 ἦν
3416 4407 3675 4480 κατεκρί-

424 4508 570 4563 enim
628 4506 908 4578 antiquior
962 4515 1083 4561 erat
1133 4515 1386 4579 peccato,
1448 4516 1675 4579 propter
1725 4506 1871 4578 quod
1927 4520 1990 4563 ea

2120 4505 2272 4569 lquev
2305 4499 2363 4552 ἐν
2409 4498 2596 4570 ἱδρῶτι
2634 4499 2729 4553 τοῦ
2785 4500 3076 4571 προσώπου
3124 4500 3281 4571 ἡμῶν
3329 4498 3538 4554 ἐσθίειν
3585 4499 3674 4555 τὸν

424 4616 585 4672 pmna
631 4602 848 4655 multati
900 4616 1118 4669 sumus,
1170 4612 1229 4655 ut
1272 4616 1473 4673 panem
1508 4610 1758 4657 nostrum
1790 4600 1993 4658 sudore

2120 4591 2282 4663 ἱρτον.
2319 4590 2466 4661 Πλὴν
2486 4592 2546 4644 τὸ
2568 4592 2720 4661 ῥόδον
2744 4591 2874 4647 ἄνευ
2894 4591 3140 4665 ἀκάνθης
3161 4587 3229 4663 ἦν
3257 4604 3417 4646 ποτε·
3447 4590 3673 4666 ὕστερον

425 4694 613 4748 vultus
676 4690 1115 4747 comederemus.
1157 4689 1430 4746 Caeterum
1479 4704 1605 4745 rosa
1643 4689 1774 4747 olim
1819 4692 1994 4763 spina:

424 4799 625 4855 expers
648 4791 768 4839 erat
806 4800 818 4837 :
853 4791 979 4853 post
1027 4791 1237 4851 autem,
1287 4782 1442 4838 [loris
1480 4782 1769 4853 elegantia
1794 4783 1991 4853 adjun-

423 4888 510 4935 cta
543 4880 699 4951 spina
748 4886 855 4935 est.
910 4886 970 4933 ut
1016 4875 1360 4947 iucunditati
1397 4876 1641 4932 vicinum
1698 4892 1989 4934 mterorcm

424 4974 747 5035 habeamus,
810 4972 1002 5040 sicque
1062 4979 1351 5041 peccatum
1422 4970 1585 5026 nobis
1639 4971 1695 5024 in
1754 4980 1987 5024 mentem

426 5065 628 5129 veniat,
660 5062 818 5132 cujus
848 5077 1011 5117 causa
1043 5070 1248 5117 terram
1272 5062 1459 5132 spinas
1486 5070 1541 5117 et
1568 5060 1805 5116 tribulos
1833 5061 1993 5117 nobis

422 5157 671 5230 proferre
702 5170 931 5211 necesse
962 5155 1053 5209 sit.

500 5250 561 5308 In
616 5250 873 5305 Hexacm.
924 5248 1020 5304 lib.
1072 5263 1145 5303 vt.
1177 5246 1328 5304 —-Si
1376 5257 1678 5319 conspectu
1719 5248 1855 5304 solis
1904 5263 1992 5305 sa~

424 5341 550 5397 tiari
610 5357 717 5397 non
768 5355 1093 5412 possumus,
1149 5355 1256 5411 qua
1305 5340 1526 5396 tandem
1579 5341 1995 5411 pulchritudine

422 5435 627 5507 fulgeat
677 5443 893 5505 oportet
927 5434 1020 5491 Sol
1075 5435 1165 5489 ille
1210 5434 1478 5503 justitimi
1528 5434 1582 5485 Si
1625 5449 1771 5489 esteo
1816 5434 1988 5487 deui-

406 5536 667 5584 -mcntum
721 5536 805 5583 est
852 5530 1027 5583 solem
1082 5528 1233 5582 illum
1291 5542 1397 5580 non
1430 5540 1683 5589 cernere,
1718 5536 1988 5595 quantum

420 5621 643 5677 tandem
690 5622 966 5692 peccaturi
998 5620 1260 5677 damnum
1299 5626 1381 5674 cst
1416 5634 1541 5673 vera
1584 5618 1688 5673 hac
1719 5618 1841 5673 luce
1878 5617 1991 5687 pri-

420 5712 567 5768 varii

490 5800 578 5860 Ea:
603 5822 790 5861 canon.
828 5809 1039 5863 conslt'l.
1077 5839 1142 5848 -—-
1175 5808 1351 5865 Grave
1384 5816 1467 5865 est
1496 5813 1805 5879 peccatum,
1840 5802 1987 5877 quod

2093 4685 2150 4739 δὲ
2172 4684 2251 4757 τῷ
2272 4686 2460 4741 κάλλει
2492 4685 2588 4757 τοῦ
2619 4685 2816 4751 ἄνθους
2838 4685 3052 4758 ἀκάνθη
3089 4685 3449 4759 συνεζεύχθη,
3477 4685 3571 4741 ἵνα
3593 4685 3672 4759 τῷ

2091 4777 2314 4850 τερπνῷ
2338 4778 2436 4849 τῆς
2491 4776 2849 4841 ἀπολαύσεως
2876 4777 3108 4848 ἔγγυθεν
3156 4777 3370 4850 ἔχωμεν
3401 4794 3669 4850 παρακει-

2098 4871 2266 4941 μένην
2293 4870 2392 4943 τὴν
2426 4869 2624 4943 λύπην,
2679 4872 3021 4943 μεμνημένοι
3048 4870 3149 4942 τῆς
3179 4870 3479 4943 ἁμαρτίας,
3510 4870 3579 4926 δι’
3604 4870 3671 4942 ἢν

2093 4964 2332 5029 ἀκάνθας
2363 4965 2457 5021 καὶ
2486 4965 2775 5037 τριὸόλους
2804 4967 2937 5038 ἡμῖν
2958 4967 2993 5038 ἡ
3022 4966 3095 5038 γῆ
3115 4966 3430 5022 ἀνατέλλειν
3459 4964 3668 5021 κατεδι-

2093 5057 2291 5127 κάσθη.

2164 5246 2227 5299 El
2256 5245 2553 5317 ἀκόρεστος
2581 5245 2676 5300 τοῦ
2709 5243 2863 5317 ἡλίου
2893 5245 3085 5301 τούτου
3123 5245 3159 5318 ἠ
3189 5242 3312 5313 θέα,
3334 5244 3575 5310 ποταπὸς
3588 5242 3663 5315 τῷ

2092 5336 2281 5392 κάλλει
2313 5338 2341 5390 ὁ
2367 5336 2466 5409 τῆς
2506 5336 2853 5410 δικαιοσύνης
2897 5338 3126 5407 Ἥλιος;
3158 5338 3224 5396 El
3278 5337 3465 5410 τυφλῷ
3490 5336 3660 5409 ζημία

2090 5430 2284 5484 τοῦτον
2312 5430 2385 5501 μὴ
2410 5428 2650 5501 βλέπειν,
2681 5430 2899 5504 ποταπὴ
2925 5431 3098 5504 ζημία
3124 5431 3204 5503 τῷ
3236 5431 3545 5506 ἁμαρτωλῷ
3566 5428 3659 5487 τοῦ

2094 5522 2344 5593 ἀληθινοῦ
2373 5524 2549 5593 φωτὸς
2576 5523 2935 5596 στερηθῆναι;

2162 5805 2363 5876 Βαρεῖα
2418 5806 2451 5875 η
2487 5805 2728 5877 ἁμαρτία
2755 5846 2770 5875 ,
2820 5807 3173 5885 καθέλκουσα,
3213 5809 3314 5881 τὴν
3361 5808 3532 5883 ψυχὴν
3570 5807 3648 5873 εις
