3880 6254
473 361 614 429 1163

1612 371 1669 431 S.
1710 372 2027 435 JOANNIS
2063 374 2489 438 DAMASCENI

3589 378 3710 449 1164

478 463 652 552 loqui,
692 494 757 535 ac
791 478 1026 536 fortasse
1070 480 1392 551 ne‘quidem
1443 483 1636 541 audire
1662 488 1895 557 poteris,
1931 505 2039 543 non
2080 504 2274 544 inaniis
2305 492 2371 544 ad
2429 493 2629 547 ca-luut
2684 492 2897 559 tollere,
2963 509 3073 550 non
3144 494 3197 548 in
3256 494 3487 566 pedibus
3555 505 3711 564 stare,

476 591 586 633 non
616 571 956 629 adorationis
987 585 1156 628 causa
1187 587 1366 643 genua
1398 570 1631 630 ﬂectere.

546 669 684 725 Ibid.
714 666 975 723 —-—Nemo
1034 675 1087 722 te
1133 667 1363 723 seducat
1411 668 1672 728 inanibus
1716 674 1921 730 verbis.
1976 677 2057 729 ιι·-

473 769 599 819 ruet
621 760 770 816 enim
805 760 859 813 in
901 766 955 815 te
988 761 1277 830 repentina
1326 761 1636 829 calamitas,
1672 773 1728 820 et
1783 767 2046 824 interitus

472 868 571 909 ceu
602 860 899 922 tempestas
934 850 1181 922 ingruet.
1234 850 1427 907 Veniet
1455 853 1634 911 tristis
1668 858 1917 929 angelus,
1952 860 2046 929 qui

471 945 712 1000 animam
743 952 893 997 tuam
932 944 1175 1013 peccatis
1203 949 1566 1000 constrictam
1602 962 1700 1016 per
1730 951 1838 1002 vim
1875 950 2047 1005 abdu-

462 1046 581 1101 cat,
617 1034 1037 1107 pertrahatque,
1077 1036 1274 1092 oculos
1320 1038 1617 1093 identidem
1651 1040 1721 1095 ad
1760 1057 1851 1097 res
1882 1045 2047 1113 hujus

470 1132 595 1185 vitae
628 1134 1063 1198 retorquentem,
1098 1135 1153 1183 et
1185 1128 1325 1183 citra
1363 1145 1551 1184 vocem
1600 1131 1772 1187 ullam
1816 1133 2049 1202 ingemi-

462 1227 739 1285 scentem,
774 1233 1012 1275 mturare
1047 1218 1305 1274 nimirum
1338 1236 1610 1291 organum
1658 1225 2043 1293 przecludente.

469 1311 513 1365 ο
546 1327 711 1382 quam
765 1312 1001 1382 teipsum
1056 1311 1351 1377 lacerabis,
1385 1321 1656 1382 quantum
1712 1318 1918 1372 luctum
1952 1334 2045 1373 ex-

467 1405 687 1471 citahis,
717 1413 984 1474 quantum
1020 1412 1096 1468 te,
1152 1404 1431 1461 incassum
1464 1407 1610 1472 licet,
1642 1410 2043 1479 praeteritorum

462 1499 826 1553 consiliorum
866 1496 1169 1567 paenitebit,
1218 1514 1347 1554 cum
1382 1500 1662 1570 justorum
1703 1500 1759 1557 in
1814 1503 1912 1558 illa
1943 1502 2045 1558 do-

462 1607 662 1646 norum
713 1589 1104 1646 distributione
1155 1591 1431 1659 lmtitiam,
1470 1600 1525 1647 et
1560 1603 1913 1665 peccatorum
1963 1597 2045 1652 al-

460 1684 704 1739 tissimis
760 1683 875 1740 illis
920 1684 1171 1740 tenebris
1230 1685 1555 1740 maestitiam
1590 1686 2043 1754 cernes?Qualis

465 1784 598 1831 tunc
640 1776 696 1831 in
737 1776 924 1833 cordis
968 1776 1227 1832 cruciatu
1268 1792 1452 1831 sermo
1489 1786 1620 1835 tuus
1652 1780 1795 1835 erit?
1825 1780 1908 1837 Me
1941 1783 2044 1837 mi-

465 1885 675 1935 serum,
721 1870 816 1941 qui
866 1886 1033 1941 grave
1077 1870 1182 1925 hoc
1215 1886 1361 1927 onus
1402 1872 1616 1943 peccati
1665 1888 1776 1929 non
1824 1874 2044 1945 abieceo

464 1963 599 2027 rim,
631 1978 757 2017 cum
787 1973 896 2017 tam
936 1961 1101 2018 facile
1135 1969 1191 2019 et
1222 1973 1532 2034 promptum
1567 1973 1716 2022 esset
1761 1965 1897 2023 illud
1942 1984 2042 2024 ex-

2222 674 2429 745 Μηδείς
2458 692 2517 729 σε
2552 675 2877 743 ἐξαπατάτω
2920 681 3098 744 κενοῖς
3124 680 3334 749 λόγοις·
3374 682 3706 753 ἐπιστήσεται

2148 766 2257 837 γάρ
2286 782 2367 819 σοι
2389 768 2653 837 αἰφνίδιος
2685 770 2927 841 ὄλεθρος,
2961 773 3056 825 καὶ
3082 774 3115 844 ἡ
3146 776 3501 846 καταστροφὴ
3528 776 3712 845 ὁμοίως,

2148 860 2423 928 καταιγίδι
2452 862 2744 934 παρέσται.
2768 862 2925 929 ’Ἥξει
2946 865 3176 935 ἄγγελος
3202 867 3475 939 κατηφὴς,
3500 868 3713 937 ἀπάγων

2150 951 2357 1021 βιαίως,
2382 954 2474 1009 καὶ
2504 955 2829 1024 κατασύρων
2860 973 2953 1010 σου
2980 958 3078 1029 τὴν
3106 958 3284 1031 ψυχὴν
3300 959 3596 1031 δεδεμένην
3616 964 3715 1023 ταῖς

2148 1045 2444 1116 ἁμαρτίαις
2494 1048 2675 1101 πυκνά
2732 1050 3251 1121 μεταστρεφομένην
3296 1051 3434 1122 πρὸς
3488 1052 3559 1105 τὰ
3608 1046 3715 1115 ὧδε,

2146 1140 2243 1192 καὶ
2276 1138 2610 1211 ὀδυρομένην
2638 1140 2769 1195 ἀνευ
2808 1141 3016 1212 φωνῆς,
3036 1143 3130 1196 τοῦ
3154 1145 3388 1215 ὀργάνου
3422 1145 3613 1199 λοιπὸν
3639 1149 3720 1200 τὸν

2147 1229 2344 1301 θρῆνον
2365 1232 2838 1297 ἀποκλεισθέντος.
2885 1235 2949 1287 Ἦ
2978 1235 3119 1289 πόσα
3146 1235 3450 1309 σπαράξεις
3482 1238 3718 1303 σεαυτὸν,

2145 1321 2290 1374 πόσα
2318 1321 2376 1375 δὲ
2405 1322 2706 1391 στενάξεις,
2734 1324 2994 1396 ἄπρακτα
3033 1329 3309 1397 μετανοῶν
3338 1330 3434 1384 ἐπὶ
3460 1332 3579 1395 τοῖς
3610 1330 3718 1401 βου-

2144 1412 2387 1484 ληθεῖσιν
2415 1415 2427 1468 l
2464 1417 2593 1470 ὅταν
2624 1417 2740 1492 ἴδῃς
2764 1420 2863 1490 τὴν
2886 1420 3225 1494 φαιδρότητα
3261 1424 3372 1478 τῶν
3397 1425 3626 1480 δικαίων
3670 1429 3721 1479 ἐν

2144 1504 2374 1578 λαμπρᾷ
2398 1507 2628 1582 διανομῇ
2653 1511 2759 1566 τῶν
2790 1510 2999 1585 δώρων,
3036 1518 3130 1570 καὶ
3153 1517 3253 1588 τὴν
3283 1520 3596 1591 κατήφειαν
3624 1522 3721 1575 τῶν

2143 1597 2486 1671 ἁμαρτωλῶν
2512 1603 2573 1656 ἐν
2602 1602 2683 1675 τῷ
2717 1605 2901 1659 σκότει
2919 1606 2999 1678 τῷ
3032 1607 3338 1682 βαθυτάτῳ.
3372 1607 3477 1667 Οἷα
3502 1614 3651 1685 ἐρεῖς
3670 1616 3721 1667 ὲν

2142 1690 2207 1759 τῇ
2232 1689 2395 1764 ὀδύνῃ
2423 1693 2519 1764 τῆς
2551 1696 2778 1767 καρδίας
2802 1715 2899 1752 σου
2922 1700 3043 1754 τότε
3070 1720 3085 1768 ;
3121 1703 3190 1756 Ai
3214 1704 3341 1775 ἐμὲ,
3377 1704 3453 1778 μὴ
3500 1707 3722 1779 ἀπορρί-

2140 1781 2241 1851 ψαι
2276 1782 2335 1836 τὸ
2365 1783 2504 1856 βαρὺ
2535 1786 2697 1841 τοῦτο
2723 1790 2945 1861 φορτίον
2972 1793 3072 1863 τῆς
3110 1793 3403 1866 ἁμαρτίας,
3459 1798 3609 1853 οὕτω
3635 1803 3723 1871 ρᾳ-

2141 1871 2260 1935 δίας
2289 1871 2457 1945 οὔσης
2481 1875 2579 1947 τῆς
2612 1877 2945 1945 ἀποθέσεως,
2973 1882 3110 1938 ἀλλὰ
3155 1884 3248 1938 τὸν
3282 1885 3461 1957 σωρὸν
3488 1887 3604 1942 τῶν
3631 1906 3723 1943 και

2144 1963 2259 2018 κῶν
2318 1966 2523 2024 τούτων
2565 1971 2911 2041 ἐφέλκεσθαι.
2952 1976 3020 2030 Ai
3060 1977 3180 2049 ἐμὲ,
3237 1978 3334 2043 τὰς
3380 1981 3609 2052 κηλίδας
3652 1984 3721 2057 μὴ

461 2066 675 2122 cutere,
731 2055 826 2112 sed
884 2057 1152 2112 malorum
1220 2057 1420 2113 horum
1492 2058 1771 2115 sarcinam
1824 2075 2035 2115 mecum

2152 2060 2579 2129 ἀποπλύνασθαι,
2604 2065 2721 2120 ἀλλ’
2755 2067 3074 2140 ἐστιγμένον
3094 2066 3235 2125 εἶναι
3260 2075 3382 2137 ταῖς
3407 2055 3719 2146 ἁμαρτίαις.

460 2150 851 2221 pertraxcrim.
916 2148 1001 2205 Me
1053 2149 1345 2215 miserum,
1408 2151 1503 2222 qui
1558 2151 1829 2206 vitiorum
1888 2153 2039 2209 labes

466 2259 576 2298 non
618 2241 874 2307 eluerim,
919 2242 1013 2297 sed
1044 2242 1351 2298 sceleribus
1383 2257 1484 2297 ceu
1519 2244 1668 2300 notis
1703 2245 2038 2314 quibusdam

463 2336 907 2407 compunxerim.
973 2334 1133 2390 Nunc
1189 2350 1366 2392 essem
1420 2350 1548 2391 cum
1604 2336 1839 2408 angelis,
1898 2353 2044 2395 nunc

472 2429 797 2485 cmlestibus
846 2428 1006 2485 bonis
1052 2443 1177 2482 cum
1236 2429 1518 2498 voluptate
1563 2426 1797 2484 fruerer.
1845 2427 1889 2484 Ο
1938 2429 2045 2483 im-

464 2522 635 2592 proba
672 2520 947 2577 consilia!
998 2529 1225 2592 propter
1264 2519 1482 2575 brevem
1524 2520 1735 2589 peccati
1778 2520 2039 2589 jucundi-

464 2623 633 2670 tatem
695 2613 1055 2685 sempiternis
1120 2610 1462 2668 cruciatibus
1520 2609 1746 2666 aﬂlcior.
1808 2609 2038 2682 Propter

462 2707 650 2764 carnis
678 2707 1015 2779 voluptatein
1063 2706 1177 2779 igni
1229 2704 1443 2761 trador.
1494 2704 1711 2761 Justum
1760 2704 1850 2760 Dei
1885 2704 2037 2775 judi-

464 2804 617 2859 cium
646 2807 755 2860 est.
785 2799 1061 2865 Vocabar,
1096 2814 1199 2856 nec
1236 2798 1605 2870 obsequebar.
1638 2796 1905 2862 Docebar,
1937 2811 2037 2852 nec

2139 2149 2252 2204 Νῦν
2283 2153 2348 2205 ἂν
2374 2153 2521 2225 ἥμην
2553 2155 2691 2228 μετὰ
2737 2157 2846 2212 τῶν
2875 2158 3123 2228 ἀγγέλων
3144 2178 3159 2192 ’
3191 2160 3287 2215 νῦν
3330 2165 3399 2217 ἂν
3427 2168 3543 2231 τοῖς
3571 2167 3722 2238 ούρα-

2138 2243 2274 2307 νὲοις
2314 2246 2542 2316 ἀγαθοῖς
2592 2250 2930 2323 ἐνετρύφων.
2968 2255 3032 2308 Ὢ
3072 2255 3182 2309 τῶν
3209 2257 3467 2329 πονηρῶν
3502 2258 3720 2330 βουλεύς

2153 2336 2373 2406 μάτωνί
2406 2340 2497 2394 διὰ
2528 2343 2863 2415 πρόσκαιρον
2887 2348 3163 2421 ἁμαρτίας
3197 2349 3503 2405 ἀπόλαυσιν
3528 2354 3721 2409 ἀθάνα-

2142 2445 2208 2481 τα
2247 2428 2632 2506 βασανίζομαι.
2666 2438 2745 2491 Δι’
2770 2438 2961 2513 ἡδονὴν
3002 2443 3205 2514 σαρκὸς
3229 2484 3246 2509 ,
3276 2444 3357 2516 τῷ
3383 2447 3519 2518 πυρὶ
3552 2466 3719 2517 παρα-

2142 2521 2353 2595 δίδομαι
2373 2542 2386 2556 '
2415 2527 2596 2586 δικαία
2618 2536 2651 2601 ἡ
2684 2534 2863 2605 κρίσις
2898 2536 2993 2591 τοῦ
3025 2537 3183 2593 Θεοῦ.
3231 2539 3601 2614 Ἐκαλούμην,
3633 2544 3719 2597 καὶ

2142 2616 2242 2688 οὐχ
2268 2618 2560 2691 ὑπήκουον.
2618 2627 3037 2703 Ἑδιδασκόμην,
3076 2632 3175 2686 καὶ
3215 2633 3277 2687 ού
3309 2638 3591 2708 προεῖχον.
3612 2641 3719 2691 Διε-

2146 2712 2497 2786 μαρτύραντό
2529 2737 2641 2787 μοι,
2688 2722 2799 2791 ἐγὼ
2840 2724 2896 2777 δὲ
2937 2726 3271 2796 κατεγέλων.
3318 2729 3507 2785 Ταῦτα
3536 2732 3628 2787 καὶ
3659 2732 3719 2784 τά

2142 2804 2367 2898 τοιαῦτα
2397 2811 2542 2882 ipsi;
2574 2816 3030 2890 ἁποκλαιὸμενος,
3052 2821 3150 2875 ἐὰν
3178 2827 3666 2898 προαναρπασθῇς.

462 2894 709 2950 animum
752 2891 1105 2965 adjiciebam.
1156 2890 1622 2948 Contestabantur
1661 2890 1815 2955 mihi,
1837 2896 1907 2986 et
1936 2905 2037 2962 ego
2077 2888 2405 2957 irridebam.
2440 2902 2565 2961 Haac
2599 2908 2819 2979 aliaque
2851 2888 2900 2966 id
2932 2930 3109 2984 genus
3193 2888 3406 2986 dices;
3436 2888 3717 2977 calamita-

461 2998 570 3045 tem
601 2999 751 3044 tuain
781 2987 1107 3058 deplorans,
1150 2986 1197 3043 si
1231 2994 1410 3043 morte
1436 2995 1738 3058 praereptus
1769 2985 1901 3041 eris.

420 3138 429 3147 ,
537 3079 676 3138 Ibid.
707 3112 776 3122 -—~
803 3080 1020 3138 Peccati
1058 3080 1278 3137 labores
1327 3080 1590 3152 gehennze
1640 3080 1817 3136 durus
1850 3087 1903 3136 et
1931 3077 2036 3133 tri-

459 3177 566 3232 stis
594 3175 756 3231 labor
791 3182 1096 3246 exspectat.

533 3265 679 3323 Ibid.
709 3266 932 3323 —-Mihi
988 3268 1064 3322 tui
1104 3281 1273 3323 causa
1307 3264 1538 3323 fundere
1562 3267 1840 3340 lacrymas
1867 3267 2037 3332 subit,

458 3373 494 3415 ο
524 3362 710 3424 homo,
742 3374 867 3415 cum
909 3369 960 3415 te
991 3374 1159 3430 opera
1209 3358 1498 3416 dedecoris
1548 3374 1761 3432 magna:
1798 3358 1891 3417 Dei
1923 3360 2039 3431 glo-

2218 3083 2359 3150 Τοὺς
2382 3088 2483 3160 τῆς
2518 3091 2791 3165 ἁμαρτίας
2817 3097 3098 3167 καμάτους
3124 3099 3185 3152 τὸ
3218 3104 3317 3172 τῆς
3343 3102 3571 3175 γεέννης
3605 3106 3715 3157 ἐπί-

2147 3189 2309 3229 πονον
2337 3178 2432 3233 καὶ
2466 3182 2788 3255 σκυθρωπὸν
2810 3186 3092 3258 ἀναμένει.

2228 3268 2383 3340 Ἐμοὶ
2416 3271 2514 3343 μὲν
2548 3274 2806 3347 δακρύειν
2838 3279 3134 3352 ἐπέρχεται
3185 3284 3280 3338 ἐπὶ
3318 3285 3402 3354 σὲ,
3446 3286 3716 3361 ἄνθρωπε,

2144 3362 2272 3455 ὅταν
2302 3365 2617 3440 ἐνθυμηθῶ,
2657 3370 2740 3423 ὃτι
2765 3371 2831 3425 τὶι
2856 3370 2994 3445 ἔργα
3023 3374 3127 3447 τῆς
3155 3377 3423 3450 αἰσχύνης
3455 3386 3719 3455 προτιμᾷς

459 3454 557 3509 riae
601 3452 877 3511 anteferre
906 3454 1088 3521 video,
1138 3462 1192 3510 et
1238 3453 1367 3508 dum
1400 3462 1622 3525 propter
1665 3455 2035 3524 intemperan-

2152 3452 2244 3553 της
2283 3455 2527 3553 μεγάλης
2558 3457 2714 3531 δόξης
2738 3461 2833 3515 τοῦ
2866 3463 3028 3530 Θεοῦ,
3067 3467 3162 3520 καὶ
3193 3467 3283 3522 διὰ
3308 3469 3373 3523 τὸ
3404 3452 3507 3543 τῆς
3529 3452 3719 3527 ἀκολα-

452 3549 552 3604 tia:
588 3550 937 3615 suavitatem,
959 3548 1048 3603 vix
1078 3562 1143 3604 ac
1172 3563 1240 3604 ne
1266 3547 1358 3603 vix
1389 3547 1612 3619 quidem
1646 3548 1835 3603 divelli
1857 3565 1884 3603 a
1912 3564 2037 3620 pec-

454 3642 605 3698 catis
653 3648 828 3713 potes,
877 3648 931 3697 te
982 3641 1099 3712 ipse
1154 3655 1184 3695 a
1218 3640 1378 3696 bouis
1432 3640 1723 3712 promissis
1770 3642 2035 3710 excludis,

461 3751 532 3791 ne
568 3734 764 3791 videas
799 3734 942 3791 bona
976 3730 1307 3789 Jerusalem.
1361 3732 1478 3788 Illic
1516 3732 1794 3805 myriades
1823 3735 2041 3805 angelo«

457 3844 606 3896 rum,
685 3826 1177 3899 primogenitorum
1245 3826 1561 3889 celebritas,
1640 3827 2036 3898 Apostolorum

456 3919 664 3985 throni,
695 3918 957 3976 subsellia
991 3918 1405 3989 prophetarum,
1445 3929 1663 3989 sceptra
1699 3919 2039 3988 patriarcha-

455 4027 604 4076 rum,
652 4020 957 4083 martyrum
1032 4023 1276 4073 coronte,
1326 4008 1602 4077 justorum
1641 4009 1936 4079 praeconia.
1976 4008 2035 4064 In

456 4104 653 4160 horum
686 4116 976 4161 numerum
1000 4101 1248 4172 cooptari
1276 4100 1382 4165 fac,
1408 4116 1615 4170 quaeso,
1648 4102 2030 4171 concupiscas,

456 4194 681 4252 ablutus
742 4195 1031 4257 nimirum,
1088 4201 1143 4249 et
1178 4208 1275 4263 per
1319 4194 1512 4264 gratiae
1561 4192 1766 4247 Christi
1827 4191 2031 4248 donum

452 4291 809 4344 sanctitatem
847 4296 1208 4342 consecutus.
1935 4276 1937 4278 ’

527 4378 670 4434 Ibid.
695 4410 764 4419 -—
794 4378 838 4434 Ο
872 4380 1057 4446 homo,
1110 4389 1201 4434 aut
1233 4378 1540 4449 gehennam
1586 4378 1736 4445 time,
1783 4390 1880 4435 aut
1918 4382 2034 4436 adi-

440 4473 717 4544 .piscendo
744 4473 909 4546 339
960 4488 1124 4545 regno
1172 4473 1352 4531 stude.
1400 4470 1478 4530 Ne
1509 4472 1848 4531 vocationem
1881 4484 2030 4533 tuam

452 4565 786 4635 asperneris.

526 4656 668 4712 Naz.
725 4665 865 4712 orat.
915 4655 1434 4730 15.-—-Promptum
1462 4664 1517 4713 et
1556 4655 1802 4729 proclive
1836 4658 2027 4713 vitium

448 4758 560 4814 est,
596 4750 762 4805 etiam
790 4749 944 4805 nullo
976 4750 1249 4805 trahente.

2148 3547 2270 3611 σίας
2302 3548 2397 3619 ἡδὺ
2418 3550 2890 3621 δυσαποσπάστως
2910 3557 3049 3629 ἔχων
3083 3560 3177 3632 τῆς
3212 3561 3511 3636 ἁμαρτίας,
3536 3566 3637 3620 τῶν
3660 3569 3716 3621 ἐν

2145 3640 2500 3711 ἐπαγγελίαις
2539 3646 2764 3715 ἀγαθῶν
2807 3652 3038 3705 σεαυτὸν
3074 3655 3412 3727 ἀποκλείεις,
3465 3660 3540 3732 μὴ
3595 3661 3712 3715 ἰδεῖν

2145 3732 2325 3803 ἀγαθὰ
2368 3737 2469 3809 τῆς
2527 3739 2911 3815 Ἰερουσαλήμ.
2955 3744 3105 3799 Ἐκεῖ
3135 3748 3386 3817 ἀγγέλων
3440 3754 3708 3823 μυριάδες,

2144 3828 2510 3918 πρωτοτόκων
2550 3835 2884 3908 πανήγυρις,
2913 3838 3228 3894 ἀποστόλων
3262 3841 3465 3913 θρόνοι,
3513 3864 3708 3918 7:903:11-

2141 3916 2251 3970 τῶν
2303 3920 2621 3994 προεδρίαι,
2676 3926 2933 4000 σκῆπτρα
2984 3934 3383 4006 πατριαρχῶν,
3428 3916 3707 4010 μαρτύρων

2144 4010 2420 4083 στέφανοι,
2444 4014 2671 4072 δικαίων
2696 4017 2931 4077 ἔπαινοι.
2955 4023 3179 4089 Τούτοις
3202 4028 3427 4082 σεαυτὸν
3454 4030 3704 4101 ἐπιθύμη-

2142 4123 2235 4160 σον
2265 4111 2769 4185 συναριθμηθῆναι,
2808 4116 3276 4189 ἀπολουσάμενος,
3305 4121 3399 4173 καὶ
3439 4121 3701 4191 ἁγιασθεδς

2140 4201 2280 4255 κατά
2310 4203 2409 4274 τὴν
2428 4204 2637 4277 δωρεὰν
2666 4208 2759 4264 τοῦ
2787 4210 3049 4282 Χριστοῦ.

2212 4384 2521 4458 ιἌνθρωπε,
2562 4389 2594 4462 ἢ
2624 4391 2725 4464 τὴν
2754 4392 2981 4463 γέενναν
3030 4397 3321 4470 φοϐήθητι,
3353 4400 3386 4472 ἢ
3413 4403 3510 4475 τῆς
3554 4402 3694 4474 βασι·

2137 4475 2287 4542 λείας
2318 4481 2723 4553 ἀντιποιήοητι.
2762 4487 2853 4558 Μὴ
2886 4488 3166 4563 ἀτιμάσῃς
3202 4493 3301 4565 τὴν
3328 4494 3530 4567 κλῆσιν.

2212 4662 2511 4734 Πρὸχειρον
2543 4665 2575 4734 ἠ
2610 4664 2803 4733 κακία,
2834 4667 2928 4721 καὶ
2953 4667 3073 4741 δίχα
3104 4670 3198 4725 τοῦ
3231 4672 3494 4741 ἕλκοντος.

525 4838 714 4895 Solers
750 4839 817 4894 ad
854 4840 1190 4897 invenienda
1239 4842 1384 4897 mala
1433 4850 1520 4897 est
1545 4841 1820 4913 impietas,
1866 4853 2030 4917 atquc

2208 4849 2439 4921 Εύρετὶς
2463 4853 2649 4907 κακῶν
2682 4855 2714 4925 ἡ
2753 4853 3005 4919 ἀσέϐεια,
3030 4856 3125 4911 καὶ
3167 4856 3289 4911 λίαν
3317 4858 3573 4932 τολμηρὸν
3614 4861 3688 4921 είς

449 4931 517 4988 ad
565 4933 994 5005 aggredieudum
1056 4937 1262 5009 aliquid
1318 4938 1457 4993 mire
1531 4937 1732 4994 audax.
1775 4937 1853 4993 Et
1901 4956 2028 4997 vero

449 5044 690 5099 quonam
746 5036 906 5100 pacto
960 5031 1278 5087 hominibus
1332 5041 1647 5105 parcerent,
1704 5034 1799 5103 qui
1832 5034 2027 5090 Deitati

451 5136 556 5173 non
597 5122 1005 5193 pepercerunt?

524 5210 691 5283 Nysa.
753 5214 808 5267 in
853 5224 996 5269 orat.
1047 5213 1210 5267 Dom.
1242 5244 1309 5254 -
1341 5216 1456 5269 Hoc
1516 5218 1753 5287 primum
1809 5217 2032 5270 nomine

448 5304 616 5359 homo
665 5320 725 5362 se
768 5307 983 5363 luendae
1030 5321 1206 5377 paenae
1248 5308 1547 5363 obnoxium
1601 5307 1712 5364 Deo
1763 5308 2028 5375 reddidit,

451 5396 596 5468 quod
636 5412 665 5451 a
697 5396 958 5454 Creatore
1009 5413 1111 5455 suo
1147 5398 1402 5467 descivit,
1454 5409 1508 5454 et
1539 5400 1606 5455 ad
1642 5399 2023 5454 adversarium

451 5490 773 5560 transfugit.
824 5489 1034 5545 Etenim
1087 5508 1115 5546 a
1176 5491 1420 5546 naturali
1476 5491 1703 5547 domino
1763 5491 2028 5564 profugit,

452 5581 745 5652 factusque
774 5592 859 5638 est
905 5593 1179 5653 apostata.
1228 5584 1437 5641 Deinde
1486 5601 1637 5651 vero,
1688 5587 1815 5657 quia
1856 5587 2029 5655 pessi-

456 5687 603 5727 mam
654 5676 864 5745 peccati
910 5679 1236 5739 servitutem
1291 5679 1546 5735 libertate
1600 5694 1699 5735 Sua
1759 5681 2027 5749 potiorem

456 5767 669 5830 habuit,
707 5768 993 5841 satiusque
1023 5772 1181 5827 duxit
1215 5773 1285 5828 ab
1312 5776 1547 5831 exitiosa
1581 5774 1797 5847 tyranni
1823 5784 2021 5845 poten-

456 5854 538 5914 tia
567 5859 829 5929 Opprimi,
861 5878 1027 5933 quam
1060 5863 1171 5920 Deo
1206 5867 1435 5924 servire.

2140 4943 2480 5016 ἐγχείρησιν.
2522 4946 2647 5010 Πῶς
2684 4946 2741 4999 δὲ
2788 4947 3094 5020 ἀνθρώπων
3142 4951 3376 5023 ἤμελλον
3411 4950 3681 5023 φείδεσθαι,

2137 5038 2187 5090 οἱ
2223 5039 2476 5111 θεότητος
2516 5042 2590 5111 μὴ
2636 5042 2989 5113 φεισάμενοις

2211 5221 2443 5294 Πριὶγτην
2492 5222 2713 5294 ὥφλησε
2748 5228 3022 5300 τιμωρίαν
3063 5229 3091 5281 ό
3118 5228 3405 5301 ἄνθρωπος
3451 5229 3522 5300 τῷ
3557 5226 3671 5295 Θεῷ.

2139 5312 2223 5365 ὅτι
2252 5312 2563 5384 ἀπέστησεν
2592 5316 2785 5370 ἑαυτὸν
2820 5316 2913 5371 τοῦ
2953 5319 3302 5391 ποιήσαντος,
3335 5322 3429 5376 καὶ⁸
3456 5320 3575 5393 πρὸς
3600 5317 3672 5370 τὶν

2139 5405 2381 5460 ἐναντίον
2405 5408 2887 5480 ἀπηυτομόλησεν,
2923 5410 3203 5483 δραπέτης
3247 5413 3343 5467 τοῦ
3377 5414 3509 5469 κατά
3538 5411 3669 5482 φύσιν

2140 5499 2437 5565 Δεσπότου,
2470 5502 2567 5554 καὶ
2616 5504 2934 5576 ἀποστάτης
2960 5506 3278 5580 γενόμενος.
3322 5509 3573 5579 Δευτέραν
3607 5504 3668 5561 δὲ.

2140 5591 2222 5644 ὃτι
2253 5590 2353 5661 τὴν
2401 5593 2645 5662 πονηρὰν
2682 5596 2783 5666 τῆς
2834 5596 3107 5668 ἁμαρτίας
3159 5599 3404 5656 δουλείαν
3449 5599 3556 5653 ἀντὶ
3587 5596 3665 5663 τῆς

2142 5682 2493 5750 αὑτεξουσίου
2538 5684 2854 5758 ἐλευθερίας
2896 5687 3187 5758 ⁴ἠλλάξατο,
3225 5692 3316 5745 καὶ
3347 5689 3665 5764 προετίμησεν

2142 5774 2234 5829 τοῦ
2277 5774 2549 5830 δουλεύειν
2578 5777 2697 5850 Θεῷ
2725 5779 2785 5833 τὸ
2833 5782 3217 5855 τυραννεῖσθαι
3274 5785 3383 5840 ἀπὸ
3415 5783 3504 5855 τῆς
3531 5782 3663 5835 1W“

2145 5869 2477 5942 φθειρούσης
2503 5870 2804 5945 δυνάμεως.
