3880 6254
202 384 338 452 1165

1454 385 1690 448 SACRA
1729 383 2201 446 PARALLELA.

3313 396 3452 464 1166

276 504 337 555 Ἤ
370 498 461 556 τοῦ
487 496 659 553 κακοῦ
688 496 900 562 στάσις,
931 498 1072 570 ἀρχὴ
1097 503 1195 571 τῆς
1224 500 1366 553 κατά
1394 499 1594 571 ἀρετήν
1623 500 1770 552 ἐστιν

1948 496 2137 566 Ejusd.
2180 497 2260 555 De
2310 502 2631 571 perfectione
2666 506 2804 560 vim.
2838 538 2905 548 —
2934 505 3170 566 Cessare
3218 527 3248 565 ο
3297 515 3443 569 malo

199 599 389 666 ὁρμῆς.

308 618 389 647 7".

403 687 548 740 ἐστιν
581 683 716 756 ἄλλη
751 701 834 748 τις
863 682 957 738 τοῦ
993 684 1166 740 κακοῦ
1189 686 1511 751 ὑπόστασις,
1544 686 1596 739 εί
1634 684 1710 756 μὴ
1739 686 1768 738 ὁ

199 775 470 853 χωρισμὸς
503 775 598 831 τοῦ
627 776 836 847 ἀγαθοῦ
878 777 969 831 καὶ
1009 778 1340 850 κρείττονος.

271 873 336 927 Ἦ
374 871 643 944 ἁμαρτία,
672 870 778 935 ἕως
814 872 912 943 μὲν
947 871 1015 927 ἂν
1063 872 1335 938 ὠδίνεται,
1364 870 1479 944 ἔχει
1516 870 1641 926 τινά
1681 873 1767 926 αί-

198 967 419 1039 σχύνην.
454 964 706 1020 Ἐπειδὰν
731 964 787 1018 δὲ
818 964 1070 1037 τελεσθῇ,
1099 967 1220 1020 τότε
1250 964 1767 1037 ἀναισχυντοτέρους

199 1062 336 1114 ποιεί
364 1059 490 1122 τοὺς
519 1057 928 1131 ἐργαζομένους
956 1058 1149 1132 αὐτήν.

260 1246 333 1299 Οὐ
379 1244 442 1299 τὸ
473 1245 752 1309 θλίϐεσθαι
783 1248 975 1310 κακὸν,
1009 1247 1146 1302 ἀλλά
1186 1248 1245 1301 τὸ
1292 1246 1632 1321 ἁμαρτάνειν
1671 1260 1772 1298 κα-

197 1338 305 1393 κόν.
342 1338 409 1391 Ἦ
435 1336 647 1409 χαλεπὴ
671 1337 851 1408 θλίψις
878 1338 1037 1393 τοῦτό
1064 1340 1236 1393 ἐστιν.

262 1430 371 1502 Οὐχ
413 1432 466 1485 oi
515 1431 838 1494 ἀσεϐοῦντες
896 1432 1078 1503 μόνον,
1111 1432 1247 1509 ἀλλὰ
1274 1432 1370 1485 καὶ
1401 1432 1453 1484 οἱ
1481 1430 1770 1501 δυνάμενοι

199 1526 293 1597 μὲν
323 1526 634 1595 ἀπαγαγεῖν
689 1526 789 1595 τῆς
823 1525 1101 1592 ἀσεϐείας,
1130 1525 1205 1597 μὴ
1246 1523 1562 1595 βουλόμενοι
1589 1523 1667 1585 δὲ,
1702 1522 1770 1576 δι’

196 1622 347 1677 δκνον
378 1620 411 1693 ἢ
444 1620 535 1676 διά
562 1619 816 1685 νωθείαν,
847 1622 1051 1691 ὁμοίως
1083 1618 1428 1684 κολάζονται.

260 1805 350 1876 Μὴ
388 1802 671 1877 προσεύξῃ
722 1804 851 1877 περὶ
900 1802 995 1858 τοῦ
1028 1802 1161 1858 λαοῦ
1193 1801 1413 1867 τούτου,
1462 1800 1599 1873 φησι
1632 1802 1771 1871 πρὸς

1874 592 2282 659 progressionis
2315 594 2380 647 ad
2417 596 2676 651 virtutem
2706 597 2920 655 initium
2960 611 3065 656 est.

1944 683 2137 753 Ejusd.
2172 685 2225 738 in
2255 684 2732 745 Cantia—Nulla
2776 693 2882 747 alia
2937 695 3065 749 mali
3116 696 3446 758 substantia.

1877 790 1972 830 seu
2009 790 2206 832 natura
2239 788 2345 845 est,
2375 794 2738 854 praeterquam
2770 786 3039 845 discessio
3062 806 3091 843 a
3132 791 3294 844 bono.

1948 868 2140 941 Chrys.
2172 872 2227 926 in
2254 876 2371 929 Act.
2416 885 2590 944 apost.
2615 904 2685 917 —-
2708 876 3028 946 Peccatum,
3052 882 3180 937 dum
3207 883 3447 952 paritur,

1875 965 2105 1032 pudoris
2136 965 2347 1036 aliquid
2384 968 2703 1037 adjunctum
2738 971 2901 1027 habet
2937 992 2950 1027 :
2987 988 3111 1029 cum
3138 983 3327 1031 autem
3357 978 3456 1033 ad-

1877 1057 2107 1115 missum
2142 1072 2247 1125 esn,
2292 1075 2387 1115 eos
2430 1061 2523 1131 qui
2593 1061 2963 1129 admiserunt,
3015 1064 3450 1135 ἱιιιριιόριιιίομά

1880 1147 2080 1202 reddiL

1951 1240 2224 1312 Ejusdem.
2278 1274 2348 1285 —
2398 1243 2517 1300 Non
2549 1246 2735 1318 afﬂigi,
2788 1247 2884 1303 sed
2944 1264 3191 1319 peccare,
3247 1251 3453 1308 malum

1878 1348 1980 1390 est.
2015 1332 2254 1407 Hmcque
2283 1338 2470 1409 gravis
2500 1339 2726 1395 aiﬂictio
2754 1348 2860 1395 est.

1954 1425 2207 1496 Ejusdem
2246 1441 2293 1484 ι.
2324 1461 2393 1471 -
2423 1429 2541 1486 Non
2580 1433 2656 1488 illi
2704 1433 2993 1499 duntaxat,
3052 1435 3145 1507 qui
3192 1436 3356 1507 impie
3397 1453 3459 1496 se

1880 1532 2103 1592 gerunt,
2156 1521 2253 1578 sed
2301 1533 2357 1579 et
2385 1538 2549 1595 poma
2580 1526 2771 1583 eadem
2817 1529 3160 1597 plectuntur,
3196 1530 3289 1601 qui
3328 1544 3456 1589 cum

1881 1614 2022 1671 alios
2088 1615 2159 1671 ab
2240 1607 2528 1689 impietate
2609 1631 2819 1692 queant
2883 1622 3183 1688 abducere,
3244 1626 3315 1680 ob
3367 1642 3455 1682 se—

1883 1707 2110 1779 gnitiem
2142 1716 2324 1766 tamen
2358 1720 2412 1765 et
2449 1712 2759 1768 socordiam
2794 1714 2845 1768 id
2891 1714 3074 1771 iacere
3106 1728 3385 1772 recusant.

1959 1800 2233 1872 Ejusdem.
2265 1802 2439 1860 —Ne
2484 1821 2648 1878 roges
2690 1822 2791 1877 pro
2836 1809 3043 1879 populo
3092 1810 3217 1871 hoc,
3250 1810 3455 1878 inquit,

205 1899 476 1970 Ἰερεμίαν
509 1897 534 1951 δ
569 1896 724 1962 Θεὸς.
747 1898 831 1951 ὅτι
858 1897 953 1952 ἐὰν
972 1900 1072 1969 στῇ
1103 1897 1346 1967 Μωῦσῆς
1375 1895 1472 1950 καὶ
1492 1893 1767 1966 Σαμουὴλ,

1901 1893 2023 1950 )eus
2073 1893 2142 1949 ad
2186 1893 2845 1968 Jeremiamzquoniam,
2890 1888 2950 1953 si
3001 1902 3258 1956 steterint
3308 1902 3458 1975 Moy-

194 1992 288 2046 οὐκ
322 1990 721 2064 εἰσακοῦσομαι
753 1990 955 2047 αὐτῶν.
987 1990 1176 2056 Οὕτως
1199 1991 1350 2045 ἐστὶν
1388 1989 1767 2061 ἁμαρτήματα

196 2084 370 2137 πᾶσαν
399 2082 805 2155 ὑπερϐαίνοντα
835 2080 1189 2155 συγγνώμην,
1218 2082 1315 2136 καὶ
1337 2080 1639 2150 ἀπολογίας
1674 2096 1768 2133 τυ-

196 2180 307 2251 χεῖν
336 2177 397 2231 οὗ
427 2175 727 2246 δυνάμενα.

262 2271 333 2324 Τὸ
360 2268 806 2340 ἀνεπισκόπητον
837 2269 932 2323 καὶ
973 2269 1314 2343 ἀπρονόητον
1343 2266 1771 2339 ὲγκατελειφθῆ-

194 2382 277 2419 ναι
303 2364 407 2419 ὑπὸ
443 2363 546 2418 τοῦ
576 2362 734 2427 Θεοῦ,
770 2364 993 2418 πάντων
1023 2362 1442 2435 ὀλεθριώτατον,
1473 2362 1569 2417 καὶ
1612 2362 1647 2433 ἡ
1676 2360 1770 2414 ἐπὶ

195 2460 303 2521 τοῖς
327 2457 611 2528 μεγίστοις
637 2456 942 2528 ἀδικήμασι
978 2458 1211 2529 μεγίστη
1238 2456 1480 2529 τιμωρία
1515 2454 1679 2526 αῦτη,
1709 2452 1772 2507 τὸ

199 2552 399 2621 ἔρημον
433 2550 534 2605 καὶ
589 2550 825 2621 ὀρφανὸν
879 2547 1137 2618 γενέσθαι
1189 2547 1336 2601 ποιεί
1373 2544 1533 2600 Θεοῦ.
1570 2545 1631 2599 '0
1661 2542 1772 2613 γάρ

198 2643 338 2709 ξένος
359 2642 454 2697 τοῦ
502 2642 701 2714 βοηθοῦ
757 2642 854 2696 καὶ
884 2641 1138 2713 Σωτῆρος
1175 2638 1492 2711 γενόμενος,
1527 2636 1634 2692 ὑπὸ
1659 2638 1772 2700 τοῖς

196 2737 402 2809 ἐχθροῖς
431 2736 531 2791 καὶ
560 2738 674 2800 τοῖς
704 2735 931 2810 λῃσταῖς
960 2732 1126 2800 εὐθύς
1151 2735 1320 2789 ἔστιν.
1539 2751 1542 2753 λ

260 2827 391 2886 Είτα
419 2828 681 2902 βασιλεὺς
713 2830 814 2899 μὲν
839 2829 1077 2899 ἐπίγειος
1110 2826 1429 2883 πιστεύεται
1454 2820 1617 2890 εἶναι,
1648 2823 1773 2880 καί·

200 2942 303 2997 περ
334 2925 409 2997 μὴ
438 2925 577 2979 πᾶσι
604 2924 938 2996 βλεπόμενος
964 2938 979 2953 ’
1008 2922 1098 2981 διὰ
1133 2922 1192 2977 δὲ
1224 2923 1432 2994 νόμων,
1466 2924 1559 2976 καὶ
1589 2920 1775 2976 διατά-

198 3017 326 3083 ξεων
357 3016 551 3083 αὑτοῦ,
576 3016 674 3071 καὶ
706 3015 989 3083 ἐξουσιῶν,
1027 3016 1124 3071 καὶ
1160 3016 1475 3088 δυνάμεων,
1508 3016 1606 3071 καὶ
1628 3015 1773 3069 εἰκό-

196 3123 296 3159 νων
323 3109 552 3174 νοεῖται,
580 3105 671 3161 τὸν
697 3105 754 3161 δὲ
775 3105 909 3161 Θεδν
929 3107 991 3161 οὐ
1018 3106 1201 3178 βούλει
1232 3106 1471 3161 νοεῖσθαι
1497 3105 1567 3161 δι’
1595 3105 1774 3178 ἔργων

198 3198 287 3251 καὶ
304 3198 434 3253 δυνά
441 3213 615 3269 μεων.

261 3290 333 3344 Οὐ
358 3289 452 3345 τὸν
492 3288 623 3343 Θεὸν
648 3288 924 3362 βλάψομεν
944 3288 1265 3360 ἀγνοοῦντες
1294 3287 1482 3358 αὐτὸν,
1502 3287 1620 3344 ἀλλ’
1647 3290 1773 3343 ἑαυ-

196 3386 313 3449 τοὺς
346 3385 804 3456 ἀποστερήσομεν
832 3382 932 3455 τῆς
961 3382 1125 3438 αὐτοῦ
1162 3384 1366 3453 φιλίας.

261 3569 534 3624 Οὐδέποτε
564 3567 778 3639 αἵρεσις
799 3566 899 3639 τὴν
951 3565 1284 3641 Ἐκκλησίαν
1321 3567 1595 3640 ἐνίκησεν,
1634 3567 1774 3625 ἀλλά

201 3661 279 3713 ἀεὶ
333 3662 611 3732 μαίνεται,
659 3659 755 3715 καλ⁸
787 3661 907 3716 κατ’
943 3661 1126 3732 ὀλίγον
1178 3662 1524 3735 προελθοῦσα
1566 3662 1771 3729 εὐθέως

200 3752 397 3809 λύεται.
501 3778 509 3783 ·

264 3847 473 3920 Ὠσπερ
501 3846 778 3919 ὀφθαλμὸς
803 3846 1234 3919 τεταραγμένος,
1272 3847 1417 3903 οῦτω
1439 3848 1535 3903 καὶ
1562 3850 1594 3920 ή
1618 3847 1767 3921 ψυχὴ

199 3941 305 4003 τοῖς
326 3941 476 4012 παρὰ
508 3938 674 4010 φύσιν
704 3938 1004 3994 θολωθεῖσα
1035 3940 1327 4011 δόγμασιν,
1358 3941 1459 4013 οὐχ
1488 3935 1581 3996 οἶά
1616 3958 1677 3995 τε
1705 3941 1769 3996 τὸ

202 4031 311 4098 φῶς
342 4030 442 4103 τῆς
469 4031 731 4102 ἀληθείας
758 4030 983 4086 διιδέναι
1008 4031 1277 4104 ἀκριϐῶς.
1302 4032 1440 4087 ἀλλά
1477 4034 1572 4087 καὶ
1594 4032 1664 4088 τὰ
1708 4034 1769 4088 ἐν

204 4123 325 4176 ποσὶ
356 4123 597 4196 παρορᾷ.
634 4122 726 4178 Ἐν
763 4118 856 4177 οὖν
898 4122 1107 4195 θολερῷ
1135 4122 1312 4188 ὕδατι,
1341 4123 1561 4189 καὶτὰς
1609 4124 1769 4196 ἀγχέ-

204 4214 305 4279 λεις
341 4216 664 4271 ἁλίσκεσθαι
696 4232 863 4287 φασιν
892 4215 1405 4287 ἀποτυφλουμένας.

272 4398 550 4470 Κρείττων
608 4399 911 4473 εὐημερίας
958 4396 1295 4469 ἀχαλινώτου
1349 4398 1505 4466 νόσος
1549 4402 1769 4471 φιλόσο-

208 4510 322 4560 νος.

1874 2002 1966 2044 ses
1995 1994 2053 2044 et
2085 1988 2332 2057 Samuel,
2370 2005 2481 2045 non
2533 1992 2824 2049 exaudiam
2856 2008 2975 2049 eos.
3027 1992 3107 2049 Ex
3140 2011 3253 2065 quo
3298 1996 3461 2053 intel-

1876 2082 1971 2154 ligi
2004 2082 2201 2148 datur,
2224 2093 2451 2155 peccata
2498 2086 2745 2155 quaedam
2793 2102 2921 2143 esse
2962 2102 3085 2159 quae
3115 2090 3330 2144 veniam
3364 2105 3458 2145 ex-

1874 2174 2095 2239 cedant,
2133 2189 2236 2230 nec
2259 2177 2679 2232 excusationem
2702 2179 2869 2233 ullam
2892 2182 3158 2252 consequi
3191 2183 3410 2252 possint
3430 2222 3443 2237 .

1944 2266 2105 2320 Dion.
2136 2267 2293 2323 Alex.
2336 2300 2397 2311 —-
2420 2269 2567 2326 Nihil
2610 2272 2907 2329 exitiosius
2942 2284 3048 2340 est,
3078 2276 3248 2346 quam
3276 2290 3321 2329 a,
3344 2274 3457 2331 Deo

1876 2361 1951 2416 ita
2001 2361 2209 2430 deseri,
2264 2374 2324 2419 ut
2376 2380 2479 2421 nec
2526 2375 2717 2422 nostra
2769 2369 3100 2439 prospiciat,
3151 2383 3257 2423 nec
3296 2368 3461 2423 nobis

1876 2453 2168 2525 provideat
2202 2475 2217 2512 :
2256 2467 2311 2513 et
2351 2457 2581 2530 gravius
2633 2461 2970 2531 supplicium
3022 2460 3093 2516 ob
3125 2461 3458 2532 gravissima

1878 2548 2116 2612 scelera.
2172 2550 2278 2606 hoc
2309 2560 2416 2618 est,
2452 2562 2512 2607 ut
2541 2556 2665 2622 quis
2706 2568 2735 2607 a
2774 2553 2884 2609 Deo
2928 2553 3264 2610 destituatur
3293 2562 3348 2610 et
3371 2570 3462 2611 or-

1876 2640 2060 2696 betur.
2096 2641 2233 2698 Nam
2265 2647 2360 2715 qui
2393 2644 2485 2699 Dei
2516 2646 2821 2702 Salvatoris
2852 2662 2957 2717 ope
2985 2656 3159 2713 caret,
3195 2648 3287 2703 hic
3325 2662 3462 2703 con-

1878 2732 2061 2791 festim
2102 2736 2208 2792 sub
2242 2738 2485 2793 hostium
2519 2747 2575 2795 et
2610 2739 2932 2810 praedonum
2973 2748 3247 2811 potestate
3289 2747 3397 2796 est.

1949 2826 2246 2899 Theophili.
2272 2859 2339 2872 -—
2358 2830 2509 2888 Itane
2531 2830 2755 2888 tandem
2780 2848 2877 2889 rex
2911 2841 3188 2899 terrenus,
3218 2833 3318 2888 etsi
3361 2834 3465 2887 mi—

1876 2920 2023 2977 nime
2052 2921 2271 2979 videtur
2299 2922 2365 2979 ab
2405 2924 2687 2989 omnibus,
2722 2932 2905 2980 tamen
2940 2941 3041 2997 per
3080 2925 3232 2998 leges
3259 2934 3315 2981 et
3341 2924 3466 2981 edis

1877 3020 1988 3075 cta,
2037 3013 2541 3086 auctoritatemque
2597 3024 2653 3070 et
2719 3017 3024 3087 potentiam
3072 3030 3136 3070 ac
3191 3014 3463 3086 imagines

1876 3106 2147 3164 exsistere
2177 3109 2470 3176 creditur;
2497 3108 2670 3165 Deum
2713 3124 2852 3166 vero
2880 3125 2947 3166 ex
2978 3108 3243 3181 operibus
3274 3116 3331 3164 et
3363 3124 3462 3181 po-

1878 3199 2055 3256 tentia
2082 3200 2317 3273 intelligi
2362 3217 2473 3257 non
2502 3201 2624 3259 vis?

1949 3293 2179 3349 Justini.
2209 3324 2281 3335 —
2315 3294 2377 3351 Si
2410 3294 2580 3351 Deum
2629 3293 2979 3367 ignoramus,
3012 3308 3121 3350 non
3159 3304 3455 3366 propterea

1880 3386 2063 3458 ipsum
2095 3386 2357 3446 ltedemus
2388 3407 2404 3445 :
2448 3389 2545 3447 sed
2574 3390 2699 3462 ejus
2726 3390 2971 3447 amicitia
3002 3405 3104 3447 nos
3133 3391 3239 3463 ipsi
3272 3391 3462 3461 priva-

1879 3476 2083 3534 bimus.

1951 3569 2232 3641 Serapion.
2262 3603 2331 3614 -—
2354 3571 2514 3628 Nulla
2549 3588 2790 3645 unquam
2844 3574 3074 3631 haeresis
3106 3574 3176 3630 de
3212 3572 3461 3632 Ecclesia

1880 3662 2277 3735 triumphavit;
2334 3668 2429 3722 sed
2485 3682 2702 3738 semper
2740 3667 2965 3738 quidem
3003 3667 3159 3734 furit,
3212 3680 3265 3724 et
3313 3679 3461 3739 post-

1880 3738 2046 3826 quam
2086 3756 2418 3828 aliquandiu
2468 3772 2758 3829 progressa
2793 3765 2901 3824 est,
2939 3760 3124 3815 statim
3159 3738 3458 3815 evanescit.

1951 3847 2123 3905 Clem.
2170 3849 2332 3905 Alex.
2376 3864 2441 3905 et:
2471 3849 2692 3921 Pa'dag.
2717 3848 2979 3906 «Velut
3028 3850 3228 3906 oculus
3270 3852 3459 3906 turba-

1880 3951 1993 4010 tus,
2045 3942 2128 3998 sic
2178 3943 2362 3998 anima
2420 3957 2704 4014 quoques
2756 3943 3197 4014 repugnantibus
3244 3951 3459 3999 natura:

1878 4035 2121 4093 decretis
2181 4046 2575 4108 conspurcata,
2633 4037 2891 4094 veritatis
2937 4037 3117 4093 lucem
3165 4039 3325 4109 plene
3376 4038 3461 4091 in-

1881 4129 2023 4185 tueri
2072 4145 2181 4185 non
2214 4137 2433 4201 potest;
2470 4140 2528 4185 ut
2570 4146 2694 4200 qua:
2727 4146 2831 4188 nec
2858 4146 2923 4189 ea
2952 4145 3077 4198 qua:
3110 4130 3269 4186 obvia
3303 4140 3458 4191 sunt,

1876 4234 2090 4279 cernat.
2142 4224 2309 4294 Atqui
2338 4224 2394 4279 in
2447 4224 2666 4280 turbida
2716 4239 2859 4296 aqua
2916 4224 3227 4281 testudines
3288 4223 3457 4277 etiam

1878 4317 2186 4373 obcaecatas
2215 4318 2337 4389 capi
2365 4318 2543 4374 aiunt.
3473 4313 3481 4319 ’

1948 4407 2105 4482 Greg.
2137 4407 2281 4467 Ναί.
2307 4440 2378 4450 -
2402 4409 2686 4467 Eﬂrenata
2724 4410 3031 4482 cupiditate
3068 4411 3299 4468 morbus
3323 4425 3450 4468 cum

1879 4501 2152 4573 sapientia
2185 4500 2520 4573 coniunctus
2548 4503 2900 4575 praestantior
2931 4514 3035 4558 est.

274 4588 334 4641 Οἱ
359 4587 529 4643 πολλά
563 4587 873 4655 πταίοντες,
906 4592 999 4645 καὶ
1030 4589 1107 4664 μὴ
1155 4589 1533 4662 κολαζόμενοι,
1587 4590 1770 4661 φοϐεῖ-

1949 4592 2202 4664 Cltysost.
2230 4624 2301 4636 —-
2326 4594 2432 4661 Qui
2472 4612 2597 4651 cum
2629 4596 2803 4650 multa
2853 4602 3105 4666 peccent.
3154 4595 3324 4652 nullis
3366 4605 3447 4653 ta-

212 4678 327 4733 σθαι
356 4682 450 4736 καὶ
486 4680 786 4737 δεδοικέναι
818 4681 1146 4754 ὀφείλουσιν.
1182 4684 1419 4752 Αῦξεται
1449 4686 1559 4757 γὰρ
1588 4687 1770 4751 αὐτοῖς

1901 4702 1999 4742 nen
2048 4687 2228 4757 poenis
2271 4688 2612 4757 plectuntur,
2646 4687 2701 4743 in
2737 4695 2886 4743 metu
2924 4695 2979 4743 et
3005 4688 3207 4745 timore
3235 4694 3453 4747 versari

209 4773 275 4827 τὰ
303 4776 399 4845 τῆς
425 4777 695 4850 τιμωρίας
727 4777 818 4832 διὰ
849 4777 953 4850 τῆς
987 4780 1371 4853 ἀτιμωρησίας
1406 4781 1503 4836 καὶ
1535 4780 1636 4852 τῆς
1665 4797 1771 4852 μαι

213 4870 505 4943 κροθυμίας
526 4872 622 4926 τοῦ
652 4872 813 4929 Θεοῦ.

278 4965 523 5035 Πέφυκεν
549 4968 782 5031 ἕκαστος
822 4967 933 5023 τῶν
962 4969 1290 5040 κακουργῶν
1322 4971 1536 5043 ἀνδρῶν
1581 4972 1642 5026 τὸ
1686 4972 1771 5027 δί-

214 5072 357 5113 καιον
380 5058 555 5131 λέγων
580 5062 769 5117 κακόν.

282 5242 338 5295 Et
386 5243 550 5314 μηδὲν
585 5243 850 5315 πράττεις
886 5241 1112 5311 φαῦλον,
1152 5243 1317 5313 μηδὲν
1349 5244 1595 5318 φοὸηθῇς
1621 5246 1779 5318 πάμ-

226 5350 332 5388 παν.
356 5335 417 5389 Ei
448 5336 505 5391 δὲ
526 5335 677 5391 κακά
706 5335 936 5409 ἐργάζῃ,
964 5334 1231 5407 φοϐήθητι
1256 5337 1349 5389 τὸν
1376 5338 1609 5410 Κριτήν.

281 5511 337 5567 ει
362 5510 685 5585 εὑρίσκομεν
714 5515 867 5586 δφεις
898 5515 1075 5585 ὄφεων
1102 5514 1462 5586 δεινοτέρους.
1502 5517 1660 5587 δῆλον
1689 5520 1771 5575 ὃτι

1868 4779 2093 4835 debent.
2130 4778 2347 4835 Etenim
2386 4782 2720 4852 supplicium
2763 4796 2958 4837 eorum
3005 4796 3107 4853 per
3153 4781 3452 4855 impunita-

1871 4879 1981 4927 tem
2016 4870 2113 4928 Dei
2148 4871 2555 4928 incrementum
2590 4874 2756 4945 capit.
2854 4918 2857 4919 ν

1942 4961 2105 5035 350
2130 4960 2359 5017 Maximi
2386 4964 2450 5019 de
2493 4964 2709 5018 arbitrii
2749 4965 3015 5022 libertate.
3040 4999 3107 5011 --
3131 4966 3451 5025 Sceleratus

1878 5055 2135 5126 quisque,
2196 5056 2330 5110 illud
2382 5057 2529 5125 quod
2574 5058 2789 5128 justum
2850 5070 2957 5128 est,
3007 5062 3214 5117 malum
3266 5061 3453 5118 dicere

1878 5150 2188 5205 consuevit.

1952 5241 2094 5307 Nili,
2112 5242 2273 5299 3089.
2295 5274 2363 5284 —
2385 5244 2444 5299 Si
2471 5244 2607 5299 nihil
2639 5245 2890 5301 admittis
2938 5247 3089 5313 mali,
3122 5249 3258 5302 nihil
3295 5264 3451 5319 pror-

1873 5351 1973 5392 sus
2012 5337 2397 5393 exslimcscas.
2428 5338 2526 5393 Sin
2560 5336 2704 5393 male
2730 5347 2783 5394 et
2815 5339 3085 5395 scelerate
3105 5341 3267 5408 vivis,
3297 5338 3450 5398 λυαί-

1875 5446 1994 5485 cem
2026 5439 2227 5485 metue.

1949 5522 2226 5593 Ejusdem,
2256 5523 2418 5581 2739.
2448 5555 2514 5565 —
2541 5526 2599 5581 Si
2633 5527 2778 5582 inter
2813 5537 3123 5599 serpentes.
3157 5529 3298 5585 alios
3329 5529 3453 5585 aliis

1496 5635 1726 5697 VARI!)
1762 5640 2161 5700 LECTIONES.

288 5731 301 5771 ι
345 5719 399 5801 In
430 5719 982 5805 Riipefz.excerptu'm
1024 5724 1168 5780 hanc
1188 5725 1621 5805 inscriptionem
1662 5733 1851 5797 habet,
1876 5733 1973 5787 τοῦ
2002 5732 2205 5805 αὑτοῦ,
2238 5731 2301 5786 ὲκ
2326 5732 2422 5805 τοῦ
2472 5742 2519 5787 α’
2582 5734 2715 5805 πρὸς
2771 5734 3059 5788 Ἰουλιανόν
3083 5752 3098 5766 ·
3129 5736 3361 5805 ejusdem
3389 5752 3456 5790 ex

221 5796 396 5874 primo
433 5792 499 5874 «id
532 5791 845 5874 (alienum:
894 5791 1016 5874 Nun
1082 5803 1302 5874 exstant
1352 5791 1623 5867 eiusmodi
1646 5805 1772 5858 libri
1802 5791 2202 5874 Chrysostomi'
2227 5805 2293 5857 ad
2332 5791 2636 5859 lulianum:
2675 5791 2863 5874 Neque
2909 5806 2999 5861 hic
3032 5791 3189 5861 locu's
3214 5810 3457 5862 occurrit

225 5858 387 5954 Ill-nui,
433 5863 622 5920 Cvrilli
668 5866 822 5920 Alex.
893 5873 1088 5921 contra
1150 5858 1449 5938 lulianum,
1512 5874 1591 5928 uti
1636 5892 1733 5934 nec
1782 5858 1887 5933 aiia
1922 5858 2041 5946 quae
2075 5890 2139 5930 ex
2183 5875 2378 5932 iisdem
2411 5858 3453 5954 librisacet-piainotauturrpassimin

227 5923 399 5992 Rubri.
