3926 6256
486 266 624 333 1179

1672 265 1734 326 S.
1770 259 2093 327 IOANNIS
2131 262 2566 325 DAMASCENI

3586 260 3705 328 1180

481 380 614 435 bum
643 376 904 442 otiosum,
930 374 1077 449 quod
1104 374 1274 433 locuti
1310 375 1515 434 fuerint
1535 376 1811 444 homines,
1833 375 2063 431 reddent

2208 377 2408 431 ωσινοί
2434 376 2740 448 ἄνθρωποι,
2776 374 3125 431 ἀποδώσουσι
3189 373 3321 448 περὶ
3380 374 3540 430 αὐτού
3586 375 3723 447 λόγον

480 471 551 539 de
578 486 645 527 eo
674 470 941 526 rationem
985 469 1040 524 in
1086 469 1174 525 die
1197 469 1416 540 judicii.
1450 469 1527 524 Ex
1560 469 1746 525 verbis
1776 469 1921 523 enim
1958 466 2069 523 tuis

477 564 895 636 justiﬁcaberis,
922 570 976 618 et
1011 578 1074 618 ex
1106 562 1293 618 verbis
1328 564 1437 618 tuis
1465 562 1939 618 condemnaberis.
1976 578 1995 610 ι

552 655 747 711 Matth.
779 670 901 720 xm,
949 654 1019 710 '56
1048 655 1137 709 43.
1167 686 1239 695 —
1270 676 1288 707 ε
1328 655 1391 708 Ει
1426 661 1784 711 accesserunt
1834 652 1899 707 ad
1945 667 2069 707 eum

480 750 736 821 discipuli
772 749 916 819 ejus,
941 748 1194 804 dicentes
1229 767 1241 803 :
1281 748 1539 804 Edissere
1568 747 1728 803 nobis
1754 744 2071 817 parabolam

482 844 822 898 zizaniorum
855 842 992 913 agri.
1030 841 1132 909 Qui
1162 841 1503 913 respondens
1538 843 1615 895 ait
1644 842 1754 896 illis
1784 858 1796 895 :
1835 839 1935 905 Qui
1981 852 2071 893 se-

483 931 657 988 minat
687 934 887 987 bonum
920 948 1132 998 semen,
1166 942 1251 989 est
1286 930 1459 987 Filius
1486 932 1766 988 hominis.
1798 931 1942 999 Ager
1970 944 2072 983 au-

486 1035 592 1080 tem
617 1034 699 1080 est
734 1024 991 1080 mundus.
1038 1024 1249 1079 Bonum
1286 1040 1417 1081 vero
1460 1038 1669 1090 semen,
1715 1024 1768 1078 hi
1816 1022 1944 1079 sunt
1978 1021 2073 1085 ﬁlii

484 1117 659 1188 regni.
709 1116 931 1173 Zizania
985 1125 1168 1174 autem
1202 1117 1299 1172 ﬁlii
1345 1126 1481 1173 sunt
1519 1132 1774 1188 nequam.
1814 1110 2074 1171 Inimicus

485 1222 668 1269 autem
696 1213 789 1283 qui
823 1213 1118 1271 seminavit
1155 1228 1242 1279 ea,
1279 1221 1365 1268 est
1411 1210 1692 1268 diabolus.
1727 1209 1920 1266 Messis
1946 1225 2076 1265 vero

484 1315 569 1363 est
624 1306 1031 1362 consummatio
1085 1304 1295 1361 saeculi.
1348 1305 1623 1361 Messores
1662 1310 1845 1359 autem
1898 1301 2075 1374 angeli

486 1409 632 1455 sunt.
667 1397 825 1454 Sicut
845 1414 975 1473 ergo
1005 1400 1345 1472 colliguntur
1376 1399 1609 1462 zizania,
1630 1406 1685 1453 et
1711 1397 1821 1469 igni
1852 1397 2076 1452 combu-

489 1500 705 1555 runtur,
744 1490 827 1546 sic
862 1493 968 1547 erit
1018 1492 1072 1546 in
1124 1491 1604 1547 consummatione
1650 1489 1866 1546 saeculi.
1902 1488 2079 1544 Mittet

489 1577 662 1636 Filius
702 1580 942 1637 hominis
965 1583 1193 1653 angelos
1233 1597 1387 1649 suos,
1422 1590 1477 1638 et
1516 1582 1780 1654 colligent
1810 1582 1883 1657 de
1910 1596 2080 1653 regno

487 1673 607 1743 ejus
635 1674 820 1729 omnia
869 1677 1150 1742 scandala,
1183 1685 1237 1733 et
1282 1692 1377 1732 eos
1406 1678 1500 1747 qui
1554 1676 1761 1733 faciunt
1815 1676 2079 1746 iniquita-

2170 467 2229 522 ἐν
2288 469 2476 541 ἡμέρᾳ
2523 468 2783 541 κρίσεως.
2838 470 2934 523 Ἐκ
2984 470 3097 543 γὰρ
3142 468 3252 523 τῶν
3306 468 3477 537 λόγων
3528 486 3615 524 σου
3659 467 3725 524 δι-

2172 558 2477 630 καιωθήσῃ.
2501 562 2596 614 καὶ
2616 563 2679 615 ὲκ
2701 560 2810 613 τῶν
2827 562 3005 631 λόγων
3035 579 3128 616 σου
3158 561 3555 635 κατακριθήσῃ.
3582 580 3599 613 ι

2248 669 2266 700 ι
2299 650 2407 703 Καὶ
2437 650 2748 720 προσῆλθον
2799 652 2949 723 αὐτῷ
2976 655 3025 706 οἱ
3067 652 3310 725 μαθηταὶ
3360 651 3521 705 αὐτοῦ
3562 652 3725 721 λέγον.

2171 760 2263 806 τες
2285 761 2300 775 ·
2339 745 2551 814 φράσον
2582 746 2717 816 ἡμῖν
2745 745 2847 815 τὴν
2874 745 3194 818 παραϐολὴν
3224 732 3335 798 τῶν
3378 744 3623 810 ζιζανίων
3652 745 3729 799 τοῦ

2175 836 2369 907 ἀγροῦ.
2413 838 2474 890 '0
2511 837 2567 891 δὲ
2597 837 2921 909 ἀποκριθεὶς
2951 834 3105 892 εἶπεν
3136 839 3320 900 αὐτοῖς
3352 856 3365 869 ·
3409 839 3468 892 'U
3519 838 3734 910 σπείρων

2174 928 2342 982 καλὸν
2398 930 2642 1001 σπέρμα,
2705 929 2854 984 ἔστιν
2889 933 2916 984 6
2947 930 3075 995 Υίδς
3134 930 3229 984 τοῦ
3277 930 3601 999 ἀνθρώπου⁸
3640 930 3735 983 ὁδε

2176 1023 2362 1094 ἀγρός,
2396 1022 2543 1075 ἔστιν
2572 1024 2600 1075 6
2634 1023 2842 1093 κόσμος
2878 1041 2892 1054 ·
2950 1024 3011 1078 τὸ
3034 1024 3091 1078 δὲ
3122 1024 3288 1078 καλὸν
3319 1025 3543 1095 σπέρμα
3564 1068 3579 1091 ,
3612 1019 3736 1079 οὗτοί

2175 1117 2316 1169 εἰσιν
2343 1118 2448 1169 υἱοὶ
2478 1117 2579 1187 τῆς
2621 1117 2901 1188 βασιλείας
2938 1133 2951 1149 ·
2981 1117 3050 1171 τά
3082 1117 3139 1171 δέ
3166 1114 3405 1185 ζιζάνια,
3457 1117 3591 1171 εἰσὶν
3647 1116 3739 1170 υἱοὶ

2174 1209 2271 1264 τοῦ
2307 1209 2544 1281 πονηροῦ
2578 1228 2593 1241 ·
2629 1213 2657 1265 6
2688 1210 2745 1264 δὲ
2790 1211 2982 1282 ἐχθρὲς
3005 1213 3034 1265 6
3069 1212 3300 1283 σπείρας
3352 1212 3515 1277 αὐτὰ,
3561 1211 3741 1266 εστινό

2176 1301 2422 1366 διάϐολος
2461 1319 2475 1335 ο
2507 1303 2536 1355 6
2556 1303 2613 1356 δὲ
2644 1302 2925 1375 θερισμὸς.
2991 1303 3276 1357 συντέλεια
3307 1302 3402 1357 τοῦ
3451 1304 3639 1367 αἰῶνός
3664 1303 3742 1357 ἐσ-

2175 1410 2305 1450 τιν·
2346 1395 2397 1449 οί
2449 1395 2506 1449 δὲ
2557 1394 2853 1471 θερισταὶ,
2902 1396 3125 1467 ἄγγελοί
3182 1398 3340 1452 εἰσιν.
3404 1397 3614 1468 Ὠσπερ
3666 1390 3745 1450 οὖν

2188 1487 2603 1559 συλλέγεταιτά
2651 1488 2911 1555 ζιζάνια,
2966 1488 3065 1544 καὶ
3115 1490 3253 1561 πυρὶ
3303 1488 3540 1555 καίεται,
3593 1488 3745 1551 οὕτως

2180 1580 2337 1634 ἔσται’
2359 1580 2417 1633 ἐν
2448 1582 2514 1650 τῇ
2542 1579 2826 1653 συντελείᾳ
2846 1578 2941 1634 τοῦ
2980 1578 3175 1643 αίῶνος
3200 1578 3416 1636 τούτου.
3462 1579 3748 1633 ’Δποστελεῖ

2179 1678 2209 1730 6
2238 1676 2366 1740 Υἱὸς
2384 1674 2479 1731 τοῦ
2512 1675 2803 1748 ἀνθρώπου
2833 1677 2959 1741 τοὺς
2989 1676 3267 1745 ἀγγέλους
3289 1673 3476 1738 αὐτοῦ,
3509 1674 3602 1730 καὶ
3642 1674 3749 1728 συλο

492 1770 623 1827 tem,
658 1773 710 1819 et
740 1764 959 1820 mittent
1001 1782 1095 1823 eos
1125 1767 1179 1822 in
1216 1745 1493 1822 caminum
1526 1768 1669 1840 ignis
1696 1785 1712 1824 :
1743 1768 1817 1823 ibi
1857 1745 1963 1822 erit
1987 1769 2081 1821 lle-

2208 1766 2425 1833 ,έξουσιν
2452 1770 2517 1824 ἐκ
2534 1745 2635 1840 τῆς
2666 1767 2948 1839 βασιλείας
2983 1768 3149 1823 αὐτοῦ
3179 1768 3361 1824 πάντα
3386 1768 3454 1823 τά
3480 1767 3749 1831 σκάνδαλα.

492 1868 581 1914 tus
605 1867 660 1915 et
702 1861 909 1916 stridor
940 1861 1211 1917 dentium.
1248 1860 1402 1918 Tunc
1449 1864 1585 1934 justi
1620 1862 1905 1936 fulgebunt
1933 1863 2077 1919 sicut

494 1954 574 2007 sol
605 1954 658 2008 in
688 1970 856 2025 regno
889 1955 1066 2011 Patris
1097 1972 1309 2011 eorum.
1347 1976 1366 2009 ι

2180 1862 2275 1916 καὶ
2303 1863 2433 1926 τοὺς
2452 1860 2741 1927 ποιοῦντας
2764 1860 2862 1934 τὴν
2885 1861 3137 1933 ἀνομίαν,
3170 1864 3266 1915 καὶ
3326 1860 3626 1933 ἐμϐαλοῦσι
3657 1861 3744 1913 αὖ·

2180 1954 2309 2018 τοὺς
2336 1956 2416 2019 εἰς
2445 1952 2802 2026 τὴνκάμινον
2827 1954 2920 2008 τοῦ
2956 1953 3148 2027 πυρός.
3190 1955 3338 2007 Ἐκεῖ
3365 1952 3522 2007 ἔσται
3542 1952 3570 2005 6
3602 1951 3750 2005 κλαυο

495 2049 631 2120 θμὸς
684 2052 777 2104 καὶ
806 2050 1100 2123 όβρυγμὸς
1150 2053 1262 2107 τῶν
1311 2052 1560 2108 ὀδόντων.
1628 2052 1763 2107 Τότε
1794 2054 1843 2107 οἱ
1874 2052 2075 2107 δίκαιοι
2112 2049 2492 2124 ἐκλάμψουσιν
2522 2051 2599 2117 ὡς
2624 2051 2822 2124 ὁῆλιος
2855 2052 2913 2107 ἐν
2968 2054 3036 2124 τῇ
3099 2050 3352 2123 βασιλείᾳ
3401 2048 3497 2104 τοῦ
3552 2049 3747 2118 Πατρὸς

495 2160 693 2195 αυτων.
717 2161 736 2195 1

570 2236 764 2292 Matth.
800 2255 910 2304 ενι,
950 2240 1034 2297 l7.
1084 2272 1134 2282 -—
1165 2263 1183 2295 ‹
1226 2242 1401 2301 Filius
1433 2244 1675 2302 hominis
1706 2250 1972 2301 venturus
2002 2251 2087 2301 est

501 2331 554 2385 in
585 2331 755 2402 gloria
800 2333 977 2389 Patris
1012 2334 1096 2389 sui
1137 2350 1261 2390 cum
1294 2337 1502 2407 angelis
1529 2338 1669 2404 suis,
1706 2346 1760 2394 et
1789 2345 1922 2393 tunc
1958 2336 2084 2393 red-

504 2425 595 2480 det
625 2424 924 2495 unicuique
950 2427 1257 2483 secundum
1289 2444 1454 2501 opera
1480 2446 1601 2487 sua.
1636 2450 1656 2485 ι

571 2516 768 2573 Matth.
812 2535 959 2585 χειν,
986 2519 1180 2589 29-51,
1212 2522 1299 2577 56.
1333 2553 1403 2564 -
1442 2543 1461 2576 ‹
1506 2524 1703 2580 Statim
1732 2536 1913 2581 autem
1962 2532 2089 2597 post

501 2609 910 2666 tribulationem
954 2610 1167 2668 dierum
1205 2614 1445 2682 illorum,
1475 2617 1557 2673 sol
1587 2617 1997 2684 obscurabitur,
2030 2625 2087 2675 et

502 2703 630 2758 luna
669 2718 776 2758 non
810 2688 965 2759 dabit
1018 2705 1200 2762 lumen
1254 2722 1437 2776 suum,
1471 2718 1526 2764 et
1577 2710 1750 2765 stella:
1786 2711 1983 2768 cadent
2020 2710 2091 2768 de

503 2795 666 2858 cmlo,
697 2804 751 2852 et
781 2795 1009 2853 virtutes
1038 2799 1302 2873 etelorum
1334 2803 1828 2861 commovebuntur
1851 2823 1863 2860 :
1886 2813 1941 2860 et
1961 2815 2091 2877 tunc

504 2890 717 2961 parebit
751 2889 969 2963 signum
993 2890 1115 2946 Filii
1150 2893 1390 2950 hominis
1418 2896 1472 2949 in
1501 2898 1664 2962 coelo,
1692 2907 1747 2953 et
1768 2905 1899 2953 tunc
1934 2900 2092 2971 plan-

507 2995 635 3057 gent
697 3002 887 3044 omnes
946 2987 1123 3045 tribus
1197 2999 1376 3047 terrae.
1447 2991 1509 3047 Et
1577 2993 1841 3050 videbunt
1894 2995 2090 3052 Filium

2273 2253 2293 2287 ι
2334 2233 2538 2290 Μέλλει
2566 2235 2596 2290 6
2620 2234 2757 2299 Υἱὸς
2800 2232 2896 2289 τοῦ
2939 2231 3229 2305 ἀνθρώπου
3288 2227 3547 2303 ἔρχεσθαι
3569 2226 3756 2297 ἐνδόξῃ

2192 2330 2288 2388 τοῦ
2344 2330 2559 2403 Πατρδς
2612 2327 2810 2385 αὐτοῦ.
2841 2327 2982 2401 μετά
3036 2326 3145 2381 τῶν
3191 2323 3442 2395 ἀγγέλων
3461 2321 3650 2389 αὐτοῦ,
3676 2320 3759 2374 καὶ

2193 2427 2315 2481 τότε
2340 2423 2617 2481 ἀποδώσει
2647 2423 2868 2494 ἑκάστῳ
2898 2420 3045 2477 κατά
3070 2422 3171 2491 τὴν
3195 2418 3417 2491 πρᾶξιν.
3447 2436 3467 2470 ι

2277 2539 2298 2573 ‹
2321 2513 2545 2584 Εὐθέως
2568 2516 2708 2589 μετά
2732 2515 2832 2588 τὴν
2852 2515 3032 2586 θλίψιν
3064 2500 3174 2569 τῶν
3205 2510 3435 2585 ἡμερῶν
3465 2510 3682 2565 ἐκείνων
3702 2549 3715 2573 ,
3738 2508 3761 2561 6

2192 2609 2345 2683 ἥλιος
2392 2610 2835 2683 σκοτισθήσεται,
2886 2607 2985 2663 καὶ
3029 2608 3063 2678 ἡ
3114 2605 3319 2677 σελήνη
3372 2603 3436 2658 οὐ
3504 2601 3661 2657 δώσει
3710 2596 3762 2651 τδ

2193 2707 2399 2780 φέγγος
2420 2706 2614 2777 αὐτῆς,
2649 2703 2744 2759 καὶ
2769 2704 2820 2758 οἱ
2855 2702 3087 2774 ἀστέρες
3126 2699 3421 2754 πεσοῦνται
3471 2697 3538 2751 ἐκ
3580 2692 3667 2751 τοῦ
3684 2693 3760 2748 οὐ·

2199 2802 2387 2877 ρανοῦ,
2417 2801 2512 2856 καὶ
2543 2803 2599 2855 αἱ
2625 2800 2886 2872 δυνάμεις
2918 2797 3029 2852 τῶν
3063 2794 3310 2867 οὐρανῶν
3335 2792 3760 2864 σαλευθήσονται¹

2196 2896 2294 2952 καὶ
2328 2895 2451 2949 τότε
2473 2894 2779 2965 φανήσεται
2805 2892 2867 2948 τὸ
2891 2895 3123 2963 σημεῖον
3152 2888 3247 2942 τοῦ
3280 2884 3415 2941 Υἱοῦ
3443 2885 3542 2940 τοῦ
3574 2881 3762 2955 ἀνθρὼο

2201 3008 2300 3045 που
2335 2993 2392 3046 ἐν
2441 2988 2519 3063 τῷ
2578 2986 2795 3061 οὐρανῷ
2828 3004 2843 3020 ·
2885 2986 2981 3040 καὶ
3037 2984 3164 3039 τότε
3212 2982 3479 3063 κόψονται
3528 2980 3691 3033 πᾶσαι
3719 2974 3766 3030 αι

508 3077 748 3134 hominis
780 3079 1091 3136 venientem
1124 3081 1176 3136 in
1209 3082 1351 3138 nube
1377 3084 1503 3139 caeli
1535 3099 1662 3140 cum
1698 3086 1896 3143 virtute
1920 3091 2089 3145 mttlta

2208 3086 2363 3155 ρυλαὶ
2390 3085 2489 3156 τῆς
2518 3082 2654 3154 γῆς’
2687 3083 2782 3137 καὶ
2822 3080 3047 3152 ὄψονται
3074 3078 3167 3132 τὸν
3201 3076 3331 3131 Υίδν
3363 3066 3463 3129 τοῦ
3494 3070 3761 3144 ἀνθρώπου

507 3184 565 3232 ει
614 3175 921 3247 majestate.
960 3176 1024 3231 Et
1057 3176 1234 3231 mitte:
1288 3179 1515 3249 angelos
1582 3178 1744 3251 356
1787 3196 1917 3236 suos
1972 3196 2089 3236 cum

2208 3180 2504 3252 ἐρχόμενον
2529 3177 2589 3233 ἐν
2609 3175 2809 3250 νεφέλῃ
2843 3174 2982 3247 μετά
3011 3172 3319 3245 δυνάμεως,
3350 3169 3451 3225 καὶ¹
3477 3168 3635 3239 δόξης
3662 3162 3769 3218 πολ-

512 3268 646 3325 tuba
675 3278 731 3325 et
761 3284 893 3326 voce
942 3284 1167 3341 magna,
1203 3278 1257 3327 et
1288 3273 1699 3345 congregabunt
1743 3274 1949 3330 electos
1982 3275 2089 3345 ejus

2208 3271 2302 3342 λῆς
2320 3286 2335 3301 ·
2362 3271 2455 3325 καὶ
2482 3267 2775 3324 ἀποστελεῖ
2801 3267 2930 3331 τοὺς
2956 3263 3225 3335 ἀγγέλους
3275 3258 3441 3314 αὐτοῦ
3494 3257 3628 3330 μετά
3660 3254 3770 3308 σάλ-

514 3378 546 3417 a
588 3369 827 3434 quatuor
873 3363 1087 3431 ventis,
1137 3379 1169 3419 a
1217 3363 1449 3421 summis
1503 3367 1769 3421 caelorum
1810 3383 1986 3438 usque
2035 3368 2103 3423 ad

516 3455 785 3511 terminos
820 3472 1033 3513 eorum.
1070 3454 1144 3513 De
1177 3456 1266 3514 die
1307 3466 1490 3514 autem
1522 3458 1611 3514 illa
1653 3469 1705 3514 et
1752 3460 1887 3515 hora
1945 3477 2108 3519 nemo

518 3548 643 3612 scit,
685 3564 862 3621 neque
899 3550 1077 3624 angeli
1111 3552 1399 3619 calorum,
1424 3552 1529 3610 nisi
1560 3552 1711 3611 solus
1742 3552 1959 3613 Pater.»

589 3831 786 3888 Matth.
824 3851 949 3902 xxv,
982 3833 1071 3891 15.
1098 3866 1167 3876 --
1195 3854 1214 3888 ι
1244 3832 1497 3908 Vigilate,
1526 3835 1652 3909 quia
1681 3838 1909 3895 nescitis
1940 3838 2082 3896 diem

522 3941 701 3997 neque
734 3930 949 3983 horam.
992 3946 1011 3979 ι

592 4020 761 4077 Joan.
796 4039 848 4086 ν,
881 4022 971 4077 28.
998 4054 1068 4064 —
1114 4041 1133 4075 ι
1164 4021 1328 4080 Venit
1362 4023 1518 4090 hora,
1561 4025 1616 4081 in
1656 4042 1764 4098 qua
1790 4043 1981 4085 omnes
2015 4030 2111 4101 qui

523 4117 582 4172 in
644 4118 1013 4173 monumentis
1081 4126 1249 4185 sunt,
1312 4119 1539 4175 audient
1594 4136 1785 4177 vocem
1839 4124 1992 4193 ejus;
2058 4134 2113 4182 ct

527 4209 823 4279 procedent
882 4210 975 4281 qui
1030 4211 1172 4266 bona
1222 4209 1498 4280 fecerunt,
1535 4211 1590 4267 in
1639 4216 2110 4273 resurrectionem

527 4302 651 4359 vitae
687 4322 699 4358 :
733 4303 826 4374 qui
876 4319 1009 4361 vero
1057 4304 1198 4360 mala
1234 4314 1502 4378 egerunt,
1542 4307 1597 4362 in
1653 4309 2113 4366 resurrectionem

525 4397 739 4469 judicii.
786 4418 804 4451 ι

2210 3384 2407 3436 πιγγος
2439 3365 2533 3421 καὶ
2578 3364 2765 3435 φωνῆς
2828 3358 3096 3432 μεγάλης,
3154 3355 3248 3410 καὶ
3296 3352 3615 3419 συλλέξουσι
3666 3346 3773 3408 τούς

2209 3458 2503 3523 ἐκλεκτοὺς
2526 3455 2695 3511 αὐτοῦ
2711 3457 2777 3509 ὲκ
2798 3453 2905 3507 τῶν
2926 3450 3210 3519 τεσσάρων
3230 3447 3475 3513 ἀνέμων,
3500 3444 3594 3499 ἀπ’
3610 3441 3775 3513 ἄκρων

2210 3552 2459 3625 οὐρανῶν
2507 3551 2614 3615 ἕως
2666 3550 2856 3621 ἄκρων
2903 3545 3103 3601 αὐτῶν.
3151 3543 3287 3612 Περὶ
3315 3540 3398 3598 δὲ,
3432 3539 3537 3610 τῆς
3588 3534 3776 3609 ἡμέρας

2212 3645 2449 3716 ἐκείνης,
2478 3643 2574 3697 καὶ
2597 3644 2695 3713 τῆς
2738 3638 2891 3711 ὥρας
2923 3636 3103 3699 οὐδεὶς
3129 3628 3319 3701 οἷδεν,-
3351 3631 3475 3686 οὐδὲ
3493 3631 3545 3685 οἱ
3574 3626 3779 3697 ἄγγελοι

2212 3738 2324 3793 τῶν
2345 3736 2614 3810 οὐρανῶν,
2641 3737 2689 3789 εί
2717 3732 2791 3806 μὴ
2820 3735 2849 3787 6
2874 3729 3066 3802 Πατὴρ
3098 3732 3283 3801 μόνος.
3311 3743 3330 3779 ι

2292 3850 2310 3883 ι
2338 3831 2691 3903 Γρηγορεῖτε.
2717 3829 2799 3884 ὅτι
2824 3826 2926 3881 οὐκ
2958 3825 3138 3879 οἴδατε
3164 3821 3264 3895 τὴν
3298 3818 3536 3894 ἡμέραν,
3560 3814 3673 3871 οὐδὲ
3697 3816 3777 3883 τὴν

2215 3924 2386 3999 ὥραν.
2410 3944 2431 3976 ι
3236 3935 3241 3941 ’

2293 4036 2313 4069 ι
2351 4018 2613 4090 Ἔρχεται
2663 4012 2805 4086 ῶρα,
2867 4013 2925 4066 ἐν
3059 4009 3264 4072 πάντες
3298 4008 3347 4062 οἱ
3398 4007 3459 4061 ἐν
3519 3999 3777 4076 μνημείοις

2216 4112 2543 4168 ἀκούσονται
2570 4109 2671 4180 τῆς
2726 4107 2910 4179 φωνῆς
2968 4104 3173 4159 αὐτοῦ’
3228 4102 3323 4157 καὶ
3368 4097 3777 4172 ἐκπορεύσονται

2215 4210 2267 4262 οἱ
2299 4206 2367 4261 τά
2400 4203 2583 4275 ἀγαθά
2610 4202 2960 4274 ποιήσαντες,
3012 4201 3095 4261 εἰς
3126 4198 3426 4252 ἀνάστασιν
3481 4192 3643 4263 ζωῆς,
3662 4188 3706 4241 ol
3729 4183 3777 4239 δὲ

2218 4301 2287 4355 τὰ
2313 4300 2492 4370 φαῦλα
2516 4297 2847 4371 πράξαντες,
2875 4295 2956 4360 είς
2978 4292 3278 4349 ἀνάστασιν
3306 4290 3566 4363 κρίσεως.
3592 4306 3610 4337 ι

601 4490 731 4547 Luc.
766 4508 895 4557 xvn,
934 4491 1129 4547 26-30.
1152 4522 1224 4534 -—-
1253 4511 1271 4546 ι
1306 4492 1461 4549 Sicut
1492 4492 1697 4549 factum
1727 4500 1811 4551 est
1842 4497 1894 4551 in
1926 4495 2085 4553 diebu

2300 4509 2319 4543 ‹
2359 4486 2558 4552 Καθὼς
2617 4487 2837 4557 ἐγένετο
2876 4485 2933 4539 ὲν
2971 4484 3094 4547 ταῖς
3144 4480 3405 4553 ἡμέραις,
3432 4477 3577 4541 Νῶε,
3630 4472 3777 4531 οὕτως

530 4585 665 4653 Noe,
698 4586 772 4641 ita
797 4586 901 4640 erit
930 4595 983 4641 ct
1019 4586 1071 4640 in
1104 4585 1299 4642 diebus
1327 4584 1445 4641 Filii
1478 4586 1739 4643 hominis.
1772 4588 2021 4645 Edebant
2059 4606 2089 4647 e

2219 4583 2371 4638 ἔσται
2422 4582 2517 4636 καὶ
2564 4582 2621 4634 ἐν
2681 4580 2805 4645 ταῖς
2866 4576 3101 4651 ἡμέραις
3158 4575 3255 4629 τοῦ
3314 4572 3445 4627 Υίοῦ
3496 4568 3775 4653 ἀνθρώπου.

531 4682 815 4746 bibebant,
853 4696 1054 4737 uxores
1077 4680 1370 4746 ducebant,
1396 4689 1450 4736 ct
1470 4680 1745 4737 dabantur
1770 4682 1836 4738 ad
1869 4686 2109 4755 nuptias,

2225 4674 2697 4743 Ἤσθιον,ἕπινον,
2731 4672 2997 4745 ἐγάμουν,
3039 4669 3501 4739 ὲξεγαμίσκοντο,
3553 4664 3673 4733 ἄχρι
3723 4651 3777 4728 ἧς

537 4795 711 4850 usque
742 4778 793 4835 in
826 4776 969 4835 diem
1000 4792 1105 4848 qua
1131 4776 1356 4832 intravit
1396 4774 1509 4832 Noe
1543 4776 1595 4831 in
1629 4793 1837 4845 arcam,
1878 4790 1932 4835 et
1964 4781 2087 4836 veni

2220 4768 2434 4842 ἡμέρας
2463 4764 2683 4838 εἰσῆλθε
2716 4764 2839 4818 Νῶε
2868 4766 2947 4827 είς
2967 4762 3067 4834 τὴν
3122 4760 3379 4823 κιϐωτὸν,
3435 4759 3530 4812 καὶ
3578 4753 3725 4826 ἢλθεν
3754 4752 3776 4801 6

534 4846 828 4939 diluvium,
878 4882 934 4930 et
974 4846 1213 4943 perdidit
1252 4886 1465 4927 omnes.
1506 4870 1659 4925 Sicut
1703 4872 1866 4927 etiam
1905 4873 2089 4929 factun

2223 4861 2613 4932 κατακλυσμὸς
2645 4901 2662 4928 ,
2693 4859 2803 4930 ζκαὶ
2850 4857 3102 4913 ἀπώλεσε
3154 4855 3387 4920 πάντας.
3421 4851 3649 4924 Ὁμοίως
3699 4846 3777 4943 καὶ

537 4976 622 5024 est
656 4969 708 5023 in
738 4967 930 5023 diebus
982 4964 1105 5022 Lot.
1162 4964 1433 5031 Edcbant,
1487 4966 1782 5030 bibebant,
1840 4969 2117 5035 emebant,

2224 4959 2441 5029 ἐγένετο
2474 4956 2532 5009 ἐν
2560 4955 2681 5018 ταῖς
2712 4951 2952 5024 ἡμέραις
2983 4948 3107 5003 Λώτ
3127 4965 3141 4979 ·
3171 4948 3381 5018 ἤσθιον,
3438 4946 3638 5007 ἔπινον,
3667 4936 3778 5007 ἠγό-

539 5062 870 5123 vendebant,
905 5058 1249 5129 plantabant,
1283 5056 1642 5112 aedificabant.
1675 5056 1790 5123 Qua
1824 5057 1913 5113 die
1937 5068 2089 5113 auter

2228 5054 2414 5127 ραζον,
2449 5048 2718 5112 ἐπώλουν,
2752 5044 3039 5115 ἐφύτευον,
3076 5040 3391 5113 ᾠκοδόμουν
3422 5053 3437 5069 ⁶
3536 5037 3590 5091 δὲ
3608 5032 3780 5129 ᾉήμέρᾳ.

540 5159 671 5214 exiit
703 5156 807 5213 Lot
844 5172 875 5212 a
908 5126 1206 5220 Sodomis,
1266 5153 1407 5226 pluit
1465 5148 1698 5223 sulphur
1740 5154 1813 5211 de
1858 5158 2032 5221 malo,
2073 5173 2089 5210 ε

2227 5126 2421 5217 ἐξῆλθε
2457 5140 2582 5197 Λὼτ
2621 5138 2731 5195 ἀπὸ
2777 5136 3051 5208 Σοδόμων,
3089 5131 3313 5203 ἔϐρεξεν
3347 5130 3492 5184 θεῖον
3529 5127 3620 5182 ἀπ’
3642 5126 3781 5226 οὐρα-

544 5266 735 5305 omnes
766 5249 1024 5321 perdidit.
1062 5247 1378 5304 Secundum
1419 5249 1531 5301 haec
1586 5247 1690 5303 erit
1737 5248 1876 5313 dies,
1924 5247 1976 5303 in
2017 5265 2087 5320 qu

2228 5238 2342 5307 νοῦ,
2406 5236 2500 5290 xui.
2550 5232 2836 5288 ἀπώλεσεν
2884 5229 3153 5291 ἅπαντας.
3201 5224 3359 5281 Κατά
3422 5223 3589 5278 ταῦτα
3650 5220 3777 5272 ἔσται

547 5340 716 5398 Filius
748 5341 988 5397 hominis
1022 5340 1371 5397 revelabitur.
1408 5357 1425 5389 ι

618 5528 753 5585 Luc.
787 5545 901 5592 XXI,
932 5528 1121 5593 ‘25—‘27,
1155 5528 1243 5595 54,
1278 5529 1367 5584 55.
1404 5559 1471 5568 —
1505 5547 1521 5580 ι
1561 5526 1716 5585 Tunc
1760 5536 1920 5583 erunt
1978 5527 2128 5597 signa

559 5628 613 5679 in
639 5624 755 5681 sole
791 5635 844 5681 et
879 5626 1004 5680 luna
1034 5632 1088 5679 et
1115 5624 1310 5687 stellis,
1342 5630 1394 5678 et
1430 5622 1482 5677 in
1514 5633 1660 5678 terra
1710 5637 1966 5694 pressura
2004 5636 2127 5690 gen-

557 5721 695 5775 tium
733 5737 847 5793 pra:
898 5719 1247 5780 confusione,
1280 5716 1495 5773 sonitus
1529 5718 1696 5772 maris
1723 5724 1775 5773 ct
1822 5715 2117 5777 ﬂuctuum,

562 5814 1288 5872 arescentibushominibus
1348 5827 1458 5884 prae
1514 5813 1811 5868 timorect
1845 5819 2136 5881 aspecta-

2231 5336 2264 5406 ἡ
2297 5332 2505 5407 ἡμέρα,
2536 5324 2653 5403 ἐ.νῇ
2687 5330 2714 5383 6
2743 5327 2875 5388 Υἱὸς
2934 5321 3031 5380 τοῦ
3068 5319 3360 5396 ἀνθρώπου
3422 5313 3778 5374 ἀποκαλύπτεο

2232 5446 2344 5575 ταί
2368 5446 2503 5575 "1‘61:
2536 5519 2691 5573 ἔσται
2748 5515 2952 5587 σημεῖα
2984 5513 3044 5566 ἐν
3068 5509 3227 5582 ἡλίῳ,
3300 5506 3517 5577 σελήνῃ,
3576 5500 3660 5557 καὶ
3694 5496 3783 5552 do-

2238 5634 2406 5690 τροις,
2454 5614 2550 5668 καλ⁸
2613 5611 2707 5666 ἐπὶ
2758 5609 2857 5679 τῆς
2894 5607 2999 5677 γῆς
3046 5603 3245 5674 συνοχὴ
3304 5600 3471 5656 ἐθνῶν
3496 5601 3552 5654 ἐν
3583 5590 3779 5690 ἀπορίᾳ,

2240 5686 2478 5783 ἠγούσης
2499 5706 2774 5774 θαλάσσης
2798 5704 2890 5755 καὶ
2913 5701 3094 5764 σάλου,
3110 5695 3497 5769 ἀποψυχόντων
3512 5686 3777 5783 ιίινθριίνπῐιιξί

2244 5805 2348 5859 ἀπὸ
2408 5802 2575 5873 φόόου
2633 5798 2724 5853 καὶ
2776 5792 3105 5867 προσδοκίας
3150 5792 3260 5845 τῶν
3306 5784 3672 5863 ἐπερχομένων
3717 5774 3769 5844 τῇ
