3886 6248
240 212 363 276 1181

1522 231 1759 294 ΒᾹΟΒΛ
1800 231 2267 304 PARALLELA.

3330 255 3478 324 1182

240 326 534 400 οἰκουμένη.
556 327 623 382 Αἰ
654 330 764 400 γὰρ
801 328 1058 403 δυνάμεις
1100 335 1209 389 τῶν
1251 339 1497 412 οὐρανῶν
1532 344 1784 419 σαλευθή-

1909 351 2058 407 tione
2085 370 2302 423 eorum,
2333 373 2454 428 qua:
2484 362 2877 431 supervenient
2902 365 3158 423 universo
3188 370 3329 426 orbi.
3362 373 3495 433 Nam

237 437 432 486 σονται,
459 420 554 475 καὶ
586 422 709 476 τότε
759 423 980 493 δψονται
1035 429 1128 481 τὸν
1180 430 1309 485 Υἰὸν
1358 433 1455 488 τοῦ
1511 436 1803 509 ἀνθρώπου

236 515 517 587 ἐρχόμενον
548 516 608 571 ὲν
635 517 835 592 νεφέλῃ
868 521 1007 591 μετά
1036 522 1318 595 δυνάμεως
1349 534 1445 582 καὶ
1473 530 1631 604 δόξης
1662 532 1799 587 πολ-

231 607 342 681 λῆς.
375 610 678 682 Προσέχετε
712 612 930 677 ἑαυτοῖς
973 616 1186 687 μήποτε
1223 619 1569 692 βαρυνθῶσιν
1649 626 1803 698 ὑμῶν

233 700 285 753 αἰ
312 700 525 773 καρδίαι
554 702 611 755 ἐν
638 705 940 778 κραιπάλῃ,
982 708 1077 761 καὶ
1133 709 1295 786 μέθῃ,
1345 714 1440 768 καὶ
1506 717 1803 789 μερίμναις

233 793 525 865 βιωτικαῖς,
567 797 664 852 καὶ
692 799 976 870 αἰφνιδίως
1002 804 1086 874 ἐφ’
1119 806 1265 876 ὑμᾶς
1322 808 1520 882 ἐπιστῇ
1549 813 1581 884 ή
1616 812 1801 886 ἡμέρα

229 890 430 964 ἐκείνη.
490 890 582 957 Ὠς
642 894 812 963 παγὶς
866 896 977 969 γὰρ
1031 899 1387 956 ἐπελεύσεται
1445 903 1540 958 ἐπὶ
1592 905 1803 973 πάντας

228 986 346 1050 τοὺς
376 984 720 1057 καθημένους
748 989 843 1044 ἐπὶ
870 990 1162 1065 πρόσωπον
1194 994 1376 1067 πάσης
1403 996 1504 1067 τῆς
1524 999 1647 1071 γῆς.
1671 1020 1691 1053 ι

299 1098 319 1131 ι
360 1078 532 1133 Ὅταν
570 1080 635 1134 ὲκ
672 1083 886 1157 νεκρῶν
936 1086 1271 1151 ἀναστῶσιν,
1322 1088 1447 1144 οὔτε
1508 1093 1799 1163 γαμοῦσιν,

228 1172 344 1228 οὔτε
402 1173 753 1246 γαμίζονται,
815 1178 935 1234 ἀλλ’
978 1180 1057 1245 ὡς
1115 1182 1340 1253 ἄγγελοί
1394 1185 1532 1240 εἰσιν
1587 1187 1647 1242 ὲν
1704 1191 1800 1244 ού-

228 1266 390 1342 ρανῷ.
417 1286 439 1321 ι

297 1383 316 1415 ι
355 1363 680 1438 Λογίζομαι,
715 1365 926 1422 ὅτιούκ
949 1366 1076 1435 ἀξια
1100 1368 1170 1424 τὰ
1201 1371 1506 1445 παθήματα
1549 1376 1646 1432 τοῦ
1704 1377 1801 1433 νῦν

225 1455 413 1530 καιροῦ
467 1459 607 1531 πρὸς
647 1458 745 1532 τὴν
789 1459 1096 1532 μέλλουσαν
1134 1462 1293 1530 δόξαν
1344 1466 1801 1543 ἀποκαλυφθῆναι

224 1553 299 1616 εἰς
330 1552 501 1625 ἡμᾶς.
536 1552 603 1610 Ἦ
637 1551 747 1628 γὰρ
778 1554 1193 1630 ἀποκαραδοκία
1234 1561 1337 1633 τῆς
1402 1564 1635 1631 κτίσεως
1702 1566 1800 1640 τὴν

224 1645 562 1718 ἀποκάλυψιν
587 1646 699 1702 τῶν
733 1648 866 1704 υἱῶν
891 1650 987 1706 τοῦ
1012 1650 1151 1707 Θεοῦ
1181 1654 1566 1729 ἀπεκδέχεται.
1590 1678 1608 1712 ι

295 1760 316 1794 ι
366 1741 632 1797 Έκάστου
679 1743 740 1799 τὸ
769 1744 931 1818 ἔργον
985 1747 1168 1803 ὁποῖόν
1219 1750 1338 1806 ἐστι
1382 1751 1444 1805 τὸ
1486 1752 1599 1826 πῦρ
1655 1754 1799 1810 δοκι-

226 1830 405 1900 μάσει.
465 1832 538 1888 Εἴ
572 1851 720 1899 τινος⁹
761 1836 823 1890 rb
864 1837 1028 1911 ἔργον
1078 1840 1257 1912 μένει,
1290 1840 1320 1897 6
1348 1843 1794 1919 ἐπῳκοδόμησεν,

222 1925 409 1994 μισθὸν
474 1924 729 1998 λήψεται.
770 1927 838 1984 Εἰ
861 1945 1006 1996 τινος
1036 1930 1099 1985 τὸ
1151 1931 1312 2005 ἔργον
1365 1938 1793 2010 κατακαήσεται,

213 2019 648 2093 ζημιωθήσεται.
705 2021 957 2088 Λύτδςδὲ
998 2024 1329 2099 σωθήσεται,
1390 2027 1568 2095 οὕτως
1614 2030 1673 2085 δὲ
1719 2032 1795 2098 ὡς

211 2113 295 2167 διὰ
323 2112 521 2186 πυρός.
548 2132 568 2168 ι

285 2225 302 2256 ι
348 2207 544 2272 Οὕτως
593 2206 907 2281 γέγραπται
935 2228 950 2243 ο
990 2211 1244 2283 Ἐγένετο
1275 2216 1304 2270 6
1334 2217 1554 2290 πρῶτος
1585 2218 1798 2293 ἀνθρω-

213 2315 308 2364 πος
340 2298 419 2364 εἰς
449 2298 634 2372 ψυχὴν
667 2299 872 2370 ζῶσαν,
904 2303 934 2357 6
967 2305 1200 2378 ἔσχατος
1234 2309 1408 2384 Ἀδὰμ
1438 2314 1519 2376 εἰς
1571 2313 1794 2385 πνεῦμα

211 2390 497 2453 ζωοποιόν.
546 2391 688 2447 Ἀλλ’
717 2395 777 2447 οὐ
807 2395 1027 2469 πρῶτον
1047 2399 1110 2454 τὸ
1135 2404 1514 2475 πνευματικόν
1539 2424 1552 2437 ·
1578 2407 1606 2461 ό
1637 2407 1792 2479 πρῶ-

209 2501 296 2550 τος
323 2485 615 2559 ἄνθρωπος
643 2488 708 2541 ὲκ
746 2488 854 2561 γῆς
910 2492 1114 2562 χοῖκδς,
1147 2496 1176 2550 6
1205 2495 1459 2570 δεύτερος
1504 2498 1793 2573 ἄνθρωπος

209 2580 237 2632 6
267 2577 476 2652 Κύριος
499 2579 559 2645 ἐξ
598 2580 855 2653 ούρανοῦ.
890 2579 1018 2651 Dio;
1053 2588 1082 2641 6
1109 2588 1293 2660 χοῖκδς
1343 2590 1579 2647 τοιοῦτοι
1616 2594 1712 2647 καὶ
1740 2593 1789 2647 οἱ

207 2674 377 2744 χοϊκοί
408 2692 424 2707 ο
452 2673 553 2730 καὶ
585 2668 697 2740 οἷος
723 2677 1067 2751 ἐπουράνιος,
1096 2681 1326 2739 τοιοῦτοι
1353 2687 1447 2740 καὶ
1468 2687 1518 2741 οἰ
1549 2688 1790 2762 ἐπουρά-

207 2786 326 2826 νιοι.
366 2769 573 2833 Καθὼς
637 2772 985 2845 ὲφορέσαμεν
1034 2776 1136 2849 τήν
1184 2780 1373 2835 εἰκόνα
1421 2781 1517 2837 τοῦ
1577 2784 1788 2856 χοϊκοῦ,

207 2865 532 2938 φορέσωμεν
560 2868 657 2921 καὶ
688 2867 789 2939 τὴν
836 2868 1024 2925 εἰκόνα
1059 2870 1157 2927 τοῦ
1221 2875 1574 2948 ἐπουρανίου.
1617 2878 1791 2937 Τοῦτό

204 2974 366 3031 φημι,
392 2958 619 3030 ἀδελφοί
654 2979 780 3034 μου,
815 2963 898 3017 ὅτι
961 2964 1101 3035 σὰρξ
1148 2967 1243 3022 καὶ
1304 2964 1447 3040 αἷμα
1508 2970 1789 3043 βασιλείαν

204 3051 337 3107 Θεοῦ
367 3050 787 3127 κληρονομῆσαι
820 3055 881 3110 ού
914 3055 1193 3128 δύνανται,
1246 3061 1369 3117 οὐδὲ
1409 3064 1442 3136 ἡ
1473 3064 1652 3140 φθορά
1686 3067 1789 3140 τὴν

201 3148 516 3222 ἀφθαρσίαν
549 3150 903 3225 κληρονομεῖ.
942 3155 1079 3211 Ἰδοὺ
1114 3159 1416 3231 μυστήριον
1445 3162 1575 3235 ὑμῖν
1607 3162 1786 3235 λέγω·

201 3245 398 3310 πάντες
466 3244 568 3316 μὲν
595 3246 656 3300 οὐ
689 3247 1167 3322 κοιμηθησόμεθα,
1227 3254 1431 3321 πάντες
1454 3257 1512 3311 δὲ
1549 3258 1791 3333 ἀλλαγη-

202 3336 427 3409 σόμεθα.
480 3338 569 3393 Ἐν
598 3338 807 3412 ἀτόμῳ,
838 3342 896 3394 ὲν
953 3343 1087 3415 ῥιπῇ
1148 3344 1454 3419 ὀφθαλμοῦ,
1490 3349 1549 3404 ὲν
1582 3351 1786 3427 ἐσχάτῃ

200 3432 468 3504 σάλπιγγι
493 3448 508 3465 '
539 3432 792 3489 σαλπίσει
816 3436 926 3508 γάρ
947 3454 961 3468 ·
995 3439 1090 3492 καὶ
1121 3440 1170 3494 οἰ
1212 3441 1399 3514 νεκροὶ
1459 3444 1788 3519 ἐγερθήσον·

195 3542 282 3580 ται
309 3524 614 3598 ἄφθαρτοι,
647 3527 743 3581 καί.
774 3527 939 3599 ἡμεῖς
983 3529 1438 3605 ἀλλαγησόμεθα.
1464 3536 1558 3589 Δεῖ
1588 3536 1696 3609 γὰρ
1725 3537 1787 3593 τὸ

198 3618 434 3693 φθαρτὸν
468 3617 634 3696 τοῦτο
651 3619 982 3677 ἐνδύσασθαι
1006 3622 1342 3695 ἀφθαρσίαν,
1363 3627 1457 3681 καὶ
1486 3628 1548 3682 τὸ
1588 3628 1785 3701 θνητὸν

194 3712 350 3768 τοῦτο
375 3711 660 3767 ἐνδύσεται
683 3711 1004 3772 ἀθανασίαν.
1024 3718 1194 3771 Ὅταν
1214 3717 1271 3772 δὲ
1294 3719 1355 3773 τὸ
1368 3719 1612 3794 φθαρτὸν
1623 3723 1784 3779 τοῦτο

196 3806 477 3863 ἐνδύσεται
510 3807 845 3880 ἀφθαρσίαν,
875 3810 973 3865 καὶ
1000 3810 1063 3865 τὸ
1085 3811 1279 3884 θνητὸν
1312 3813 1472 3870 τοῦτο
1498 3815 1783 3874 ἐνδύσεται

194 3899 525 3965 ἀθανασίαν.
575 3902 697 3957 τότε
749 3904 1043 3978 γενήσεται
1066 3907 1095 3961 6
1120 3904 1279 3977 λόγος
1310 3909 1340 3963 ό
1360 3911 1780 3983 γεγραμμένος.

194 3997 491 4070 Κατεπόθη
519 3998 548 4051 ό
569 3996 800 4063 θάνατος
821 4001 901 4064 είς
950 4002 1123 4065 νῖκος.
1169 4001 1280 4056 Ποῦ
1313 4021 1428 4071 σου,
1466 4005 1688 4072 θάνατε,
1721 4008 1783 4063 τὸ

196 4094 453 4167 κέντρον;
485 4091 591 4147 ποῦ
621 4108 737 4159 σου,
759 4091 884 4166 ᾆδη,
906 4092 969 4147 τὸ
997 4096 1177 4162 νῖκος;
1211 4094 1271 4150 τὸ
1294 4097 1521 4170 κέντρον
1555 4100 1650 4154 τοῦ
1679 4101 1780 4157 θα-

194 4186 353 4243 νάτου
404 4188 442 4261 ή
503 4186 783 4260 ἁμαρτίας
820 4187 886 4245 Ἦ
919 4186 977 4243 δὲ
1014 4186 1249 4261 δύναμις
1279 4192 1378 4264 τῆς
1422 4192 1724 4266 ἁμαρτίας,
1751 4200 1780 4253 6

194 4283 385 4353 νόμος.»
398 4301 419 4335 ι

1909 446 2141 504 virtutes
2173 452 2441 510 caelorum
2495 458 2886 517 movebuntur.
2937 459 3000 515 Et
3050 470 3181 517 tunc
3234 466 3495 523 videbunt

1908 535 2106 596 Filium
2142 542 2382 599 hominis
2418 549 2724 606 venientem
2771 553 2827 607 in
2883 554 3027 609 nube
3062 571 3186 610 cum
3224 563 3495 628 potestate

1903 641 1959 688 et
1988 633 2270 705 majestate
2299 636 2489 693 multa.
2524 640 2804 704 Attendite
2838 640 3020 702 autem
3051 650 3208 705 vobis
3251 667 3317 707 ne
3345 653 3491 710 forte

1903 738 2201 799 graventur
2229 731 2392 786 corda
2422 742 2604 789 vestra
2636 736 2689 790 in
2727 740 2974 809 crapula,
3013 748 3065 797 ct
3104 744 3394 809 ebrietate,
3434 756 3490 802 et

1903 819 2056 874 curis
2089 820 2251 892 hujus
2279 823 2422 888 vitae,
2453 833 2507 879 et
2536 835 2756 899 repente
2781 832 3133 899 superveniat
3160 835 3214 889 in
3246 851 3344 890 vos
3370 836 3489 893 dies

1902 909 2017 965 illa.
2045 908 2330 983 Tanquam
2363 913 2591 986 laqueus
2622 918 2767 973 enim
2825 925 3175 992 superveniet
3212 925 3268 981 in
3297 943 3487 985 omnes

1903 1006 1999 1075 qui
2035 1004 2226 1061 sedent
2266 1022 2431 1077 super
2456 1008 2651 1065 faciem
2688 1013 2867 1068 omnis
2902 1022 3082 1074 terrae.
3117 1035 3138 1070 ›

1974 1095 2147 1153 Marc.
2182 1115 2278 1164 xu,
2308 1101 2397 1155 ‘25.
2430 1134 2498 1147 —-
2540 1123 2558 1156 ι
2590 1103 2727 1161 Cum
2756 1121 2783 1160 a
2811 1110 3040 1165 mortuis
3064 1114 3485 1180 resurrexvrint,

1902 1206 2082 1263 neque
2110 1194 2337 1259 nubent,
2376 1212 2552 1267 neque
2582 1199 2880 1269 nubentur;
2913 1203 3009 1259 sed
3042 1215 3171 1260 sunt
3204 1208 3349 1262 sicut
3384 1223 3484 1262 an-

1902 1285 2005 1358 geli
2047 1286 2102 1341 in
2137 1288 2301 1343 coalo.
2338 1307 2357 1340 ι

1972 1375 2126 1433 Rom.
2160 1396 2275 1447 vui,
2313 1380 2400 1435 i8.
2435 1412 2507 1423 —-
2538 1400 2557 1436 ι
2600 1382 2867 1442 Existimo
2890 1388 3037 1459 quod
3062 1405 3168 1445 non
3198 1401 3326 1448 sunt
3349 1408 3484 1449 con-

1901 1470 2079 1540 dignze
2103 1473 2385 1544 passiones
2412 1474 2578 1545 hujus
2612 1480 2874 1551 temporis
2892 1481 2958 1536 ad
2981 1482 3217 1538 futuram
3251 1484 3479 1556 gloriam

1902 1577 2024 1631 qua:
2076 1564 2408 1620 revelabitur
2459 1565 2511 1621 in
2552 1568 2733 1625 nobis.
2769 1568 2904 1627 Nam
2954 1575 3293 1644 exspectatio
3325 1593 3483 1634 crea-

1829 1673 1873 1729 B
1902 1663 2055 1719 turae.
2083 1656 2471 1713 revelationcm
2513 1661 2750 1717 ﬁliorum
2781 1662 2870 1721 Dei
2905 1674 3205 1736 exspectat.
3247 1688 3265 1722 ι

1973 1748 2008 1804 Ι
2039 1750 2165 1807 Cor.
2196 1767 2280 1819 ιιι,
2309 1754 2396 1817 15,
2430 1754 2592 1809 14.-
2622 1775 2641 1809 ι
2676 1755 3126 1833 Uniuscujusque
3154 1778 3291 1833 opus
3323 1766 3484 1835 quale

1900 1842 1990 1904 sit,
2027 1843 2169 1915 ignis
2191 1845 2469 1915 probabit.
2525 1846 2583 1902 Si
2632 1848 2793 1920 cujus
2840 1865 2978 1922 Opus
3011 1855 3296 1921 manserit,
3334 1857 3480 1927 quod

1899 1935 2375 2005 superaediiicavit,
2406 1939 2712 1995 mercedem
2760 1941 3015 2012 accipiet.
3051 1941 3109 1998 Si
3141 1945 3301 2015 cujus
3339 1963 3482 2019 opus

1895 2027 2119 2093 arserit,
2150 2026 2539 2085 detrimentum
2596 2031 2850 2103 accipiet.
2911 2032 3029 2106 ipse
3080 2046 3259 2093 autem
3296 2040 3482 2099 salvus

1896 2124 2002 2179 erit
2042 2142 2058 2180 :
2099 2124 2179 2182 sic
2214 2133 2391 2181 tamen
2422 2128 2579 2198 quasi
2626 2144 2723 2199 per
2755 2130 2955 2201 ignem.
2996 2150 3016 2184 ι

1970 2215 2000 2270 Ι
2026 2217 2152 2272 Cor.
2183 2235 2273 2286 xv,
2305 2219 2497 2277 ιιι-56.
2520 2252 2591 2261 -
2623 2241 2641 2274 ι
2677 2222 2769 2279 Sic
2812 2226 3082 2297 scriptum
3115 2235 3200 2284 est
3232 2243 3247 2284 :
3283 2226 3481 2286 Factus

1894 2318 1979 2366 cst
2001 2313 2215 2381 primus
2245 2312 2409 2369 homo
2437 2313 2491 2369 in
2517 2315 2760 2371 animam
2797 2318 3068 2377 viventem
3098 2341 3112 2376 :
3148 2322 3482 2379 novissimus

1895 2404 2066 2460 Adam
2112 2404 2165 2460 in
2200 2406 2455 2476 spiritum
2485 2408 2875 2468 viviﬁcantem.
2928 2413 3032 2469 Sed
3085 2431 3192 2471 non
3243 2417 3481 2485 primum

1894 2496 2039 2567 quod
2071 2496 2361 2567 spirituale
2388 2510 2495 2556 est.
2534 2500 2751 2557 Primus
2793 2503 2956 2560 homo
2994 2503 3061 2560 de
3095 2515 3265 2573 terra,
3308 2517 3483 2564 terre-

1893 2605 2046 2645 nus:
2084 2589 2364 2648 secundus
2414 2591 2599 2660 homo,
2646 2592 2908 2652 Dominus
2958 2598 3025 2653 de
3074 2600 3237 2656 coelo.
3292 2600 3480 2669 Qualis

1895 2690 2171 2747 terrenus,
2203 2684 2343 2740 tales
2383 2693 2437 2741 et
2476 2687 2680 2742 terreni
2718 2704 2733 2743 :
2767 2696 2821 2744 et
2851 2690 3032 2761 qualis
3056 2692 3318 2759 ccelestis,
3342 2695 3479 2775 tales

1892 2783 1947 2832 et
1975 2776 2252 2833 caelestes.
2290 2775 2356 2832 Et
2387 2778 2533 2835 sicut
2559 2782 2906 2852 portavimus
2932 2782 3221 2856 imaginem
3249 2789 3477 2854 terreni,

1894 2878 2176 2942 portemus
2213 2879 2268 2929 et
2299 2872 2592 2945 imaginem
2626 2876 2894 2933 caelestis.
2938 2878 3053 2933 Hoc
3080 2878 3225 2944 dico,
3282 2881 3477 2938 fratres

1894 2964 2020 3031 mei,
2052 2964 2178 3034 quia
2229 2980 2360 3021 caro
2410 2975 2465 3022 et
2520 2967 2746 3039 sanguis
2786 2984 3015 3042 regnum
3049 2970 3140 3027 Dei
3195 2973 3478 3044 possidere

1893 3070 1999 3112 non
2026 3067 2277 3127 possunt,
2310 3074 2411 3116 nec
2444 3060 2726 3132 corruptio
2787 3062 3254 3135 incorruptionem
3286 3067 3479 3138 possi-

1890 3149 2003 3205 det.
2056 3149 2194 3207 Ecce
2246 3152 2571 3225 mysterium
2614 3153 2769 3210 vobis
2799 3154 2924 3211 dico
2963 3175 2975 3213 :
3013 3172 3205 3215 omnes
3254 3159 3475 3230 quidem

1890 3260 1997 3299 non
2034 3244 2395 3315 dormiemus,
2443 3263 2638 3305 omnes
2685 3260 2866 3305 autem
2926 3251 3338 3310 immutabimur
3372 3274 3386 3311 :
3419 3256 3474 3311 in

1890 3349 2189 3405 momento,
2230 3340 2282 3396 in
2320 3341 2432 3397 ictu
2473 3343 2642 3406 oculi,
2679 3343 2732 3398 in
2771 3345 3071 3401 novissima
3099 3346 3230 3402 tuba
3269 3367 3282 3403 :
3315 3358 3476 3407 canet

1889 3429 2037 3483 enim
2072 3430 2199 3484 tuba
2231 3441 2285 3487 et
2322 3434 2523 3487 mortui
2568 3441 2860 3505 resurgcnt
2913 3435 3243 3510 incorrupti,
3287 3447 3341 3496 et
3371 3457 3474 3496 nos

1890 3520 2326 3579 immutabiutur.
2359 3524 2589 3595 Oportet
2635 3526 2781 3582 enim
2822 3529 3183 3601 corruptibile
3234 3532 3340 3588 hoc
3387 3532 3472 3588 in-

1888 3614 2575 3687 duereiucorruptionem,
2602 3627 2658 3676 et
2695 3622 2930 3678 mortale
2966 3624 3074 3679 hoc
3108 3623 3341 3683 induere
3372 3626 3475 3682 im-

1887 3708 2297 3765 mortalitatem.
2384 3711 2520 3767 Cum
2568 3723 2749 3770 autem
2813 3716 3169 3789 corruptibile
3226 3719 3330 3776 hoc
3388 3720 3475 3775 in-

1884 3802 2065 3858 duerit
2122 3802 2614 3875 incorruptionem,
2650 3817 2700 3862 et
2756 3808 2988 3865 mortale
3057 3810 3160 3868 ltoc
3228 3811 3509 3890 induerit}

1886 3895 2379 3962 immortalitatem,
2404 3906 2537 3955 tunc
2569 3898 2661 3955 ﬁet
2689 3916 2871 3958 sermo
2900 3902 2995 3973 qui
3041 3902 3284 3977 scriptus
3308 3907 3471 3981 357

1883 3997 1986 4045 est.
2032 3988 2303 4059 Absorpta
2340 3998 2423 4047 est
2453 4007 2602 4049 mors
2637 3994 2691 4049 in
2740 3994 2990 4051 victoria.
3026 3994 3127 4052 Ubi
3162 4007 3267 4067 est,
3297 4016 3469 4068 mors,

1885 4082 2179 4137 stimulus?
2219 4082 2311 4139 ubi
2337 4092 2444 4151 est,
2464 4101 2648 4155 ‘mors,
2689 4088 2967 4144 victoria?
2997 4090 3266 4153 Stimulus
3284 4106 3468 4153 autem

1885 4176 2078 4231 mortis
2116 4186 2400 4248 peccatum
2431 4187 2517 4236 est
2545 4198 2558 4235 :
2586 4179 2767 4239 virtus
2803 4201 2933 4244 vero
2953 4187 3188 4262 peccati,
3224 4189 3332 4246 lex.
3372 4210 3391 4244 ι

268 4400 289 4435 ι
318 4380 462 4445 Τοὺς
487 4378 698 4444 πάντας
726 4379 875 4451 ήμᾶς
902 4381 1288 4454 φανερωθῆναι
1349 4382 1429 4438 δεῖ
1461 4384 1772 4458 ἔμπροσθεν

1952 4375 2014 4432 II
2068 4375 2194 4435 Cor.
2250 4394 2304 4447 v,
2359 4379 2483 4435 101.
2542 4411 2610 4423 -
2649 4400 2667 4435 ι
2708 4379 2913 4442 Omnes
2963 4402 3064 4444 nos
3121 4388 3466 4449 manifestari

191 4473 287 4528 τοῦ
316 4471 564 4545 βήματος
588 4468 685 4525 τοῦ
707 4472 970 4544 Χριστοῦ,
996 4472 1086 4529 ἵνα
1115 4476 1416 4547 κομίσηται
1452 4478 1682 4549 ἕκαστος
1704 4480 1771 4534 τὰ

191 4564 278 4620 διὰ
305 4564 402 4619 τοῦ
440 4560 716 4635 σώματος,
748 4564 895 4620 καθὰ
948 4564 1212 4638 ἔπραξεν,
1238 4570 1349 4624 εἴτε
1390 4569 1617 4640 ἀγαθὸν,
1660 4570 1771 4627 εἴτε

190 4657 416 4729 φαῦλον.
449 4676 468 4711 ι

264 4770 285 4803 ι
323 4750 392 4807 '0
440 4748 551 4821 γὰρ
598 4747 666 4805 ὃν
704 4749 907 4824 σπείρῃ
954 4749 1277 4824 ἀνθρωποςς
1323 4753 1482 4809 τοῦτο
1533 4757 1630 4811 καὶ
1679 4758 1768 4812 θε-

193 4843 354 4915 ρίσει.
382 4860 405 4897 0

262 4957 282 4989 ε
329 4938 406 4994 οὐ
437 4936 577 4993 θέλω
599 4937 658 4992 δὲ
722 4938 869 5009 ὑμᾶς
918 4939 1157 5008 ἀγνοεῖν,
1211 4942 1453 5013 ἀδελφοὶ,
1493 4945 1619 5017 περὶ
1659 4946 1768 5001 τῶν

190 5031 632 5105 κεκοιμημὲνων,
657 5030 746 5087 ἵνα
778 5031 854 5105 μὴ
892 5032 1161 5104 λυπῆσθε,
1189 5034 1372 5102 καθὼς
1392 5037 1489 5091 καὶ
1512 5039 1563 5093 οἰ
1590 5038 1768 5095 λοιποὶ

190 5126 239 5179 0i
272 5127 347 5198 μὴ
376 5126 594 5198 ἔχοντες
617 5126 829 5183 ἐλπίδα.
868 5145 889 5181 ι

264 5238 283 5271 ι
320 5219 458 5291 Περὶ
483 5218 539 5274 δὲ
564 5219 675 5273 τῶν
699 5219 910 5292 χρόνων
948 5221 1043 5275 καὶ
1093 5220 1202 5275 τῶν
1255 5222 1487 5294 καιρῶν,
1524 5224 1764 5295 ἀδελφοὶ,

189 5312 251 5366 οὐ
283 5312 477 5384 χρείαν
505 5311 657 5384 ἔχετε
683 5313 816 5383 ύμῖν
832 5312 1162 5386 γράφεσθαι.
1192 5314 1358 5368 Αὐτοὶ
1386 5314 1494 5387 γὰρ
1524 5318 1767 5389 ἀκριϐῶς

195 5403 391 5471 οίδατε,
442 5406 523 5461 ὅτι
573 5406 608 5477 ἡ
648 5406 835 5480 ἡμέρα
874 5404 1082 5479 Κυρίου
1119 5406 1194 5472 ὡς
1230 5407 1470 5479 κλέπτης
1502 5412 1559 5466 ἐν
1588 5413 1763 5475 νυκτὶ,

192 5495 362 5562 οὕτως
424 5498 663 5571 ἔρχεται.
702 5498 873 5554 Ὅταν
944 5500 1055 5572 γὰρ
1113 5500 1362 5554 εῖπωσιΨ
1410 5502 1619 5575 Εἰρήνη
1673 5506 1768 5560 καὶ

191 5592 485 5662 ἀσφάλεια,
532 5594 651 5649 τότε
706 5593 969 5663 αἰφνίδιος
1012 5594 1199 5660 αὐτοῖς
1253 5596 1607 5669 ἐπιστήσεται
1657 5600 1770 5655 ὄλε-

193 5680 340 5755 θρος.
371 5682 640 5756 Ὥσπερή
673 5684 802 5739 ὠδὶν
825 5690 891 5757 τῇ
944 5688 1000 5741 ἐν
1045 5688 1239 5761 γαστρί
1286 5688 1505 5764 ἐχούσῃ,
1552 5693 1645 5748 καὶ
1702 5696 1761 5749 οὗ

200 5777 271 5851 μὴ
303 5776 616 5853 ἐκφύγωσιν
677 5799 694 5830 ο

1880 4480 2099 4544 oportet
2136 4480 2265 4528 ante
2302 4472 2545 4529 tribunal
2569 4473 2804 4543 Christi,
2836 4488 2894 4534 ut
2934 4481 3136 4537 referat
3166 4486 3465 4555 nmisquis-

1879 4584 1985 4639 que
2008 4581 2130 4639 quae
2162 4582 2259 4638 per
2288 4582 2493 4639 corpus
2532 4569 2727 4647 gessit,
2759 4571 2877 4629 sive
2928 4574 3153 4646 bonum,
3203 4579 3320 4635 sive
3352 4596 3469 4636 ma-

1881 4665 2013 4719 lum.
2050 4685 2066 4718 ι

1950 4759 2131 4817 Colat.
2169 4777 2243 4829 Vl,
2269 4761 2324 4818 8.
2365 4791 2437 4804 --
2463 4780 2482 4816 ι
2514 4761 2671 4830 Quod
2704 4764 2851 4820 enim
2895 4766 3245 4823 seminaverit
3279 4769 3462 4836 homo,

1879 4854 1980 4908 hoc
2010 4864 2065 4910 ct
2099 4861 2283 4911 metet.
2314 4873 2334 4906 ι

1950 4950 1980 5003 Ι
2014 4946 2197 5002 Thess.
2228 4961 2303 5013 ιν,
2340 4946 2430 5003 12.
2456 4978 2525 4990 --
2572 4968 2590 5000 ι
2629 4946 2768 5005 Nolo
2800 4960 2983 5006 autem
3039 4967 3136 5007 vos
3188 4952 3457 5023 ignorare.

1878 5040 2099 5105 fratres,
2153 5040 2223 5097 de
2268 5041 2708 5115 dormientibus,
2779 5056 2837 5098 ut
2898 5058 3006 5099 non
3061 5046 3463 5104 contristemiui

1877 5138 2019 5191 sicut
2049 5143 2102 5190 et
2132 5133 2316 5190 caeteri
2343 5136 2435 5205 qni
2478 5151 2628 5207 spem
2661 5152 2773 5192 non
2810 5138 3033 5193 habent.
3064 5158 3085 5193 ι

1947 5228 1974 5283 1
2013 5229 2196 5303 Thess.
2230 5244 2284 5295 v,
2346 5230 2456 5285 1-5.
2491 5260 2561 5272 --
2599 5251 2617 5283 ι
2654 5230 2725 5286 De
2772 5234 3114 5303 temporibus
3172 5245 3354 5293 autem
3407 5247 3463 5294 et

1876 5302 2190 5390 momentis,
2250 5322 2475 5390 fratres,
2532 5341 2641 5380 non
2694 5325 2981 5397 indigetis,
3043 5336 3100 5381 ut
3154 5331 3462 5389 scribamus

1875 5417 2049 5472 vobis.
2086 5417 2190 5488 ipsi
2219 5418 2365 5473 enim
2400 5418 2693 5491 diligenter
2711 5420 2887 5487 scitis,
2920 5425 3043 5491 quia
3073 5426 3189 5481 dics
3219 5424 3458 5493 Domini,

1874 5511 2018 5567 sicut
2047 5510 2134 5565 l'ur
2164 5510 2215 5565 in
2248 5523 2428 5578 nocte,
2460 5513 2533 5567 ita
2568 5515 2765 5571 veniet.
2811 5515 2949 5572 Cum
2994 5520 3143 5576 enim
3179 5521 3457 5579 dixerint:

1875 5603 1985 5660 Pas
2018 5614 2073 5660 et
2104 5605 2400 5672 securitas,
2436 5616 2565 5661 tunc
2617 5610 2936 5679 repentinus
2970 5614 3053 5669 eis
3109 5612 3457 5686 superveniet

1876 5696 2149 5762 interitus,
2185 5698 2327 5755 sicut
2356 5699 2512 5756 dolor
2541 5701 2759 5758 babenti
2794 5702 2848 5759 in
2875 5713 3053 5773 utero,
3086 5716 3139 5765 ct
3172 5723 3279 5765 non
3316 5707 3450 5764 etin.

1872 5790 2037 5861 gient.
2079 5808 2098 5841 ι
