3926 6256
498 369 637 438 1187

1673 365 1731 425 S.
1775 363 2094 425 JOANNIS
2135 364 2565 426 DAMASCENI

3608 370 3713 435 1188

500 494 556 536 et
590 494 701 551 quo
733 485 914 549 pacto.
965 486 1018 535 et
1062 482 1327 546 quotnaui
1370 494 1382 527 :
1432 473 1626 529 eodem
1666 475 1830 529 modo
1873 474 2015 528 Deus
2052 490 2078 526 a

2192 469 2357 538 aii-rex;
2389 475 2445 528 δὲ
2477 474 2573 527 καὶ
2619 474 2648 527 6
2675 474 2829 539 Θεὸς,
2865 475 2987 547 οὐχὶ
3011 476 3107 545 τῆς
3134 477 3382 548 δαπάνης
3424 478 3585 551 μόνον,
3609 480 3717 539 ἀλλὰ

500 572 661 627 nobis
695 587 803 626 non
838 572 1018 627 solum
1074 570 1361 639 inipensm,
1408 567 1506 623 sed
1550 574 1604 624 ct
1653 567 1966 639 adeptionis
2001 583 2084 621 ra-

496 665 705 719 tionem
735 671 1034 718 exacturus
1063 670 1167 715 est.

574 755 731 809 Dion.
773 753 966 823 Areop.
1010 753 1081 808 De
1111 752 1217 809 diu.
1246 756 1503 811 nominib.
1537 774 1658 829 cap.
1690 759 1745 814 4.
1774 786 1845 798 --
1866 756 2079 826 Nequa-

496 863 665 920 quam
722 848 774 902 in
823 847 927 902 hac
974 850 1086 902 vita
1142 848 1346 918 puniri,
1401 851 1506 905 hoc
1560 853 1764 908 malum
1802 861 1929 918 est;
1986 852 2083 908 sed

500 940 775 1013 supplicio
805 939 991 994 futuro
1028 940 1257 1009 dignum
1286 957 1345 997 se
1374 943 1641 1013 praabere.

571 1032 831 1089 Philonis.
890 1032 1129 1090 ——Fieri
1184 1052 1291 1089 non
1349 1047 1552 1107 potest,
1590 1048 1647 1093 ut
1690 1039 1833 1109 apud
1889 1037 2081 1103 Deum,

499 1128 585 1182 vel
651 1124 935 1196 improbus
989 1126 1266 1195 quispiam
1330 1129 1492 1183 unius
1552 1131 1705 1193 honi,
1741 1130 1886 1200 quod
1938 1132 2085 1186 inter

503 1220 738 1291 plurima
805 1218 944 1271 mala
1000 1219 1258 1290 gesserit,
1331 1223 1643 1278 mercedem
1694 1224 1938 1287 amittat,
1999 1224 2083 1279 vel

502 1329 722 1371 rursum
784 1315 988 1383 probus
1036 1316 1297 1387 supplicii
1342 1332 1544 1388 eXpers
1576 1325 1819 1380 maneat,
1851 1316 1898 1372 si
1934 1317 2081 1371 inter

501 1409 734 1477 plurima
764 1411 905 1464 bona
934 1409 1170 1464 crimine
1204 1410 1393 1479 aliquo
1439 1425 1561 1465 sese
1609 1410 1946 1465 devinxerit.
1986 1408 2082 1463 Et-

498 1501 646 1555 enim
690 1517 920 1557 necesse
962 1513 1049 1559 est
1088 1511 1146 1556 ut
1179 1500 1324 1557 Deus
1366 1502 1419 1557 in
1464 1503 1703 1573 pondere
1733 1511 1790 1558 et
1824 1517 2083 1559 mensura

499 1599 683 1652 omnia
712 1597 923 1653 reddat.

579 1689 850 1760 Ejusdem.
897 1720 966 1735 -
1012 1690 1165 1747 Meus
1218 1692 1523 1761 unicuique
1558 1692 1721 1748 testis
1761 1700 1845 1747 est
1888 1704 2081 1747 eorum

501 1800 623 1853 ηυδε
651 1786 791 1839 clam
828 1786 1193 1855 cogitaverit:
1229 1795 1395 1854 atque
1421 1786 1765 1842 conscientia
1792 1787 1961 1856 judex
2000 1795 2085 1844 est

502 1879 883 1950 incorruptus,
916 1880 1279 1951 ortiniumque
1307 1880 1687 1937 Certissirnus.

498 2014 635 2070 Tl'l‘.
670 2012 807 2069 XVI.
846 2044 898 2056 -
929 2013 1001 2069 De
1031 2016 1406 2079 imprecatione
1443 2032 1474 2068 a
1511 2013 1735 2069 Domino
1770 2024 1818 2068 cl
1863 2015 2081 2083 prophe-

662 2088 729 2140 tis
759 2103 958 2140 necnon
990 2088 1052 2140 ab
1084 2085 1359 2155 apostolis,
1404 2086 1719 2157 quandoque
1751 2086 1916 2155 facta.

573 2199 704 2254 Gen.
729 2198 1079 2263 ιιι,14-19.-
1102 2218 1119 2251 ι
1162 2199 1311 2253 Dixit
1333 2198 1599 2255 Dominus
1627 2200 1867 2269 serpenti
1896 2214 1909 2251 :
1941 2197 2083 2266 Quia

498 2290 681 2347 fecisti
716 2292 842 2358 hoc,
899 2292 1225 2348 malcdictus
1259 2309 1318 2348 es
1346 2308 1459 2363 pra:
1491 2292 1750 2349 oumibus
1783 2293 2080 2347 animanti-

497 2387 604 2441 bus
633 2395 685 2442 et
715 2386 907 2441 bestiis
934 2396 1115 2442 terrae.
1151 2386 1329 2456 Super
1362 2395 1555 2456 peetus
1588 2397 1740 2442 tuum
1787 2387 2079 2456 gradieris,

496 2487 552 2534 et
584 2494 750 2549 super
782 2488 1025 2535 ventrem
1061 2487 1216 2534 tuum
1252 2481 1542 2549 procedes.
1582 2491 1635 2534 et
1668 2488 1870 2534 terram
1922 2493 2080 2536 como

497 2572 628 2627 edes
669 2574 928 2629 omnibus
971 2573 1166 2630 diebus
1203 2574 1329 2630 vita:
1370 2578 1499 2631 tuac.
1543 2572 1606 2629 Et
1640 2574 1860 2630 mulieri
1902 2573 2078 2630 dixit:

500 2662 875 2733 Multiplicaus
913 2664 1298 2734 multiplicabo
1340 2664 1563 2719 dolores
1616 2673 1760 2727 tuos,
1806 2673 1861 2720 et
1906 2666 2081 2736 gemi-

498 2763 616 2809 tum
645 2754 826 2811 tuum.
874 2752 929 2810 In
953 2754 1242 2812 doloribus
1284 2757 1468 2827 paries
1508 2758 1675 2820 filios,
1710 2765 1767 2812 et
1800 2757 1868 2812 ad
1902 2758 2079 2813 virum

495 2850 605 2905 erit
644 2849 942 2905 conversio
982 2856 1099 2916 tua,
1157 2857 1212 2903 et
1246 2852 1362 2919 ipse
1410 2850 1789 2905 dominabitur
1858 2851 1960 2906 tui.
1995 2850 2081 2908 Ad

497 2944 671 2999 Adam
705 2952 887 2999 autem
939 2944 1080 2999 dixit
1112 2961 1125 2998 :
1161 2942 1435 3011 Quoniam
1474 2943 1682 3000 audisti
1713 2959 1901 3015 vocem
1939 2959 2079 3000 uxoo

497 3036 576 3092 ris
607 3044 735 3097 tuae.
792 3043 847 3090 et
900 3034 971 3090 de
1017 3035 1163 3106 ligno
1210 3034 1389 3095 solum
1426 3034 1575 3104 quod
1608 3037 1843 3108 pracepi
1874 3036 1973 3091 tibi
2009 3052 2081 3092 ne

497 3128 840 3193 comederes.
895 3127 963 3185 de
1009 3142 1077 3183 eo
1123 3126 1449 3194 couiedisti;
1507 3127 1795 3183 maledicta
1843 3130 2075 3185 terrain

498 3221 766 3294 operibus
799 3221 931 3277 tuis.
975 3218 1033 3275 lu
1066 3220 1355 3275 doloribus
1385 3220 1645 3276 comedos
1668 3237 1785 3277 eam
1816 3223 2080 3281 omnibus

496 3306 695 3371 diebus
744 3314 873 3370 vita:
924 3322 1071 3380 tuae;
1125 3313 1318 3383 spinas
1365 3321 1421 3369 et
1475 3314 1711 3371 tribulos
1744 3319 2079 3390 germinabit

498 3410 625 3475 tibi,
662 3416 716 3465 et
751 3407 1008 3463 comedes
1064 3422 1258 3478 panem
1313 3417 1492 3473 tuum,
1552 3410 1732 3465 donec
1782 3413 2079 3470 revertaris

497 3502 555 3559 in
589 3511 789 3556 terram
830 3502 898 3555 de
917 3516 1024 3571 qua
1060 3509 1314 3571 sumptus
1352 3518 1453 3559 es:
1506 3503 1767 3574 quoniam
1818 3516 1965 3561 terra
1992 3522 2075 3570 es,

495 3603 547 3649 et
590 3594 645 3648 in
684 3604 888 3648 terram
920 3594 1241 3650 reverteris.
1278 3613 1298 3646 ι

569 3682 698 3742 Gen.
764 3703 839 3755 tv,
896 3687 1053 3754 942,
1089 3719 1156 3730 —-
1201 3707 1219 3739 ι
1276 3687 1424 3744 Dixit
1475 3688 1744 3747 Dominus
1799 3688 1944 3748 Deus
2009 3694 2077 3748 ad

494 3780 666 3838 Cain:
694 3781 795 3837 Ubi
845 3791 931 3838 est
977 3784 1108 3839 Abel
1152 3783 1322 3840 frater
1352 3786 1519 3840 tuus?
1561 3785 1707 3842 Dixit
1736 3799 1918 3842 autem
1961 3788 2075 3847 ille.

496 3874 717 3931 Nescio.
771 3874 1031 3949 Nunquid
1077 3886 1268 3933 custos
1306 3877 1495 3933 fratris
1542 3881 1645 3933 mei
1679 3894 1799 3933 sum
1844 3880 1982 3946 ego?
2013 3881 2079 3935 Et

494 3972 639 4027 dixit
696 3969 882 4025 Deus:
934 3970 1075 4037 Quid
1129 3971 1352 4027 fecisti?
1404 3988 1507 4026 vox
1562 3973 1853 4043 sanguinis
1887 3971 2077 4029 fratris

499 4063 577 4115 tui
627 4061 831 4118 clamat
880 4062 948 4117 ad
998 4077 1084 4117 me
1129 4062 1196 4119 de
1254 4073 1423 4119 terra.
1462 4064 1526 4119 Et
1558 4081 1705 4119 nunc
1752 4067 2079 4123 maledictus

496 4158 607 4210 eris
638 4172 805 4226 super
841 4166 1047 4211 terram
1080 4172 1206 4229 quae
1252 4158 1467 4228 aperuit
1496 4173 1560 4214 os
1590 4175 1775 4223 suum,
1812 4168 1871 4215 ut
1894 4161 2079 4216 susci-

497 4257 647 4318 peret
693 4250 1021 4321 sanguinem
1083 4248 1273 4305 fratris
1326 4250 1404 4303 tui
1444 4249 1511 4305 de
1565 4267 1725 4306 manu
1779 4262 1893 4307 tua.
1943 4255 2077 4309 Cum

496 4347 821 4417 operaberis
853 4356 1085 4410 terram,
1114 4362 1222 4402 non
1254 4347 1477 4417 adjiciet
1511 4348 1641 4402 dare
1677 4348 1775 4404 tibi
1819 4350 2077 4405 virtutem

497 4452 676 4495 suam.
716 4438 952 4495 Gemens
977 4448 1031 4493 et
1052 4448 1298 4496 tremens
1328 4442 1441 4496 eris
1473 4457 1642 4511 super
1672 4454 1894 4496 terram.
1936 4463 1954 4496 ι

2190 567 2283 617 καὶ
2319 565 2417 634 τῆς
2438 564 2686 635 κτήσεως
2724 566 3023 639 ἀπαιτήσει
3052 567 3147 632 τὰς
3174 568 3426 635 εὐθύνας.

2257 744 2331 798 Ού
2355 744 2414 797 τὸ
2448 744 2775 812 κολάζεσθαι
2836 748 3097 813 ἐνταῦθα,
3147 750 3339 818 κακὸν,
3372 751 3507 806 ἀλλά
3525 753 3579 806 τὸ
3600 754 3719 821 ἀξιον

2184 836 2283 905 τῆς
2309 838 2483 891 ἐκεῖσε
2509 839 2763 908 γενέσθαι
2796 842 3092 907 κολάσεως.

2257 931 2371 984 Ούκ
2405 930 2519 985 ἔστι
2554 936 2706 1005 παρά
2734 934 2877 1006 Θεῷ,
2907 936 3031 991 οὗτε
3065 939 3302 1010 πονηρὸν
3338 938 3468 993 ὄντα
3496 941 3721 997 ἀπολέσαι

2184 1026 2275 1078 τὸν
2298 1025 2503 1095 ἀγαθὸν
2541 1027 2736 1098 μισθὸν
2777 1030 2910 1102 περὶ
2936 1030 3055 1095 ὲνδς
3075 1030 3285 1101 ἀγαθοῦ
3326 1034 3463 1104 μετὰ
3506 1036 3727 1089 πλειόνων

2185 1118 2371 1175 κακῶν
2418 1120 2831 1193 πεπραγμένου,
2881 1121 3007 1177 οὔτε
3041 1125 3206 1179 πάλιν
3234 1125 3440 1196 ἀγαθον
3464 1127 3599 1191 ὄντα,
3620 1132 3728 1183 ἁπο-

2184 1211 2337 1267 λέσαι
2384 1213 2483 1286 τὴν
2520 1214 2762 1281 κόλασιν,
2823 1217 2919 1271 κα)⁴
2960 1218 3037 1290 μὴ
3082 1218 3268 1275 λαϐεῖν
3314 1220 3504 1293 αὐτὴν,
3546 1223 3590 1274 εἰ
3617 1223 3731 1293 μετὰ

2185 1305 2447 1362 πλειόνων
2507 1309 2729 1378 ἀγαθῶν
2801 1311 2857 1364 ἐν
2929 1331 3035 1366 τινι
3116 1312 3344 1385 γενηται
3423 1316 3729 1387 πονηρεύων.

2200 1400 2441 1474 Ἀκάγκη
2467 1402 2579 1477 γὰρ
2610 1404 2763 1474 ςυγῷ
2812 1406 2909 1460 καὶ
2958 1405 3187 1478 σταθμῷ
3231 1407 3411 1463 πάντα
3461 1408 3736 1465 ἀποδιδόναι

2183 1497 2275 1550 τὸν
2309 1497 2462 1552 Θεόν.

2264 1680 2324 1735 '0
2353 1680 2475 1746 νοῦς
2507 1684 2724 1755 ἑκάστῳ
2758 1684 2971 1757 μάρτυς
2999 1687 3147 1739 ἐστὶν
3190 1682 3267 1741 ὧν
3304 1690 3363 1744 ἐν
3393 1689 3585 1759 ἀφανεῖ
3605 1687 3736 1742 ἐϐου-

2184 1770 2469 1840 λεύσαντο,
2507 1774 2693 1829 καὶτὸ
2746 1777 2989 1843 συνειδὸς
3042 1777 3269 1851 ἔλεγχος
3312 1778 3622 1845 ἀδέκαστος,
3662 1781 3740 1835 καὶ

2188 1864 2407 1921 πάντων
2438 1866 2542 1937 ἀψε
2550 1867 2637 1922 υδέ
2645 1885 2853 1934 στατος.

2187 1994 2367 2050 ΤΙΤΛ.
2396 1995 2584 2075 Ις’.--
2606 1999 2743 2075 Περι
2770 1999 2923 2070 ἀρᾶς
2942 2002 3070 2075 ,ὑπὸ
3093 2004 3338 2075 Κυρίου,
3355 2004 3454 2059 καὶ
3483 2003 3598 2061 τῶν
3622 2021 3744 2074 προ·

2288 2071 2519 2136 φητῶν,
2566 2071 2663 2124 καὶ
2713 2072 3078 2128 ἀποστόλων
3116 2071 3266 2129 ποτὲ
3311 2075 3649 2148 γενομένης.

2261 2202 2281 2237 ι
2306 2178 2471 2237 Εἶπεν
2505 2187 2534 2239 6
2574 2184 2780 2257 Κύριος
2827 2186 2904 2259 τῷ
2940 2187 3064 2259 ὄφει
3086 2206 3103 2222 ο
3133 2190 3257 2245 Ὅτι
3286 2192 3553 2263 δποίησας
3585 2192 3742 2259 τοῦτο,

2186 2276 2586 2349 ἐπικατάρατος
2622 2280 2689 2332 σὺ
2713 2278 2823 2334 ἀπὸ
2846 2280 3067 2336 πάντων
3091 2281 3201 2337 τῶν
3248 2283 3491 2358 κτηνῶν,
3523 2286 3615 2340 καὶ
3654 2285 3746 2341 ἀπὸ

2188 2369 2406 2425 πάντων
2434 2370 2544 2425 τῶν
2574 2371 2782 2445 θηρίων
2844 2373 2945 2445 τῆς
3003 2375 3130 2446 γῆς.
3168 2376 3293 2431 Ἐπὶ
3320 2378 3399 2451 τῷ
3431 2379 3635 2453 στήθει,
3664 2382 3747 2435 καὶ

2183 2468 2251 2538 τῇ
2280 2464 2461 2537 κοιλίᾳ
2491 2466 2759 2540 πορεύσῃ,
2779 2470 2873 2522 καὶ
2907 2468 3013 2541 γῆν
3039 2472 3189 2543 φαγῇ
3214 2472 3399 2537 πασας
3417 2474 3519 2536 τὰς
3554 2472 3747 2545 ἡμέρας

2183 2559 2283 2631 τῆς
2333 2558 2477 2631 ζωῆς
2530 2576 2646 2617 σου.
2700 2561 2812 2615 Kal
2865 2564 2932 2636 τῇ
2986 2565 3211 2630 γυναικὶ
3245 2561 3435 2620 εἶπεν·
3479 2566 3746 2639 Πληθύνων

2184 2652 2444 2724 πληθυνῶ
2472 2651 2571 2717 τὰς
2597 2652 2775 2720 λύπας
2836 2671 2955 2720 σου,
3017 2656 3113 2709 καὶ
3140 2655 3235 2711 τὸν
3286 2661 3597 2731 στεναγμόν
3632 2677 3714 2712 σου
3734 2676 3746 2689 υ

2182 2744 2241 2797 ὲν
2298 2744 2499 2809 λύπαις
2555 2743 2688 2821 τέξῃ
2725 2746 2911 2812 τέκνα,
2968 2747 3065 2801 καὶ
3108 2748 3246 2822 πρὸς
3274 2750 3366 2804 τὸν
3416 2752 3586 2823 ἄνδρα
3616 2752 3749 2821 coal;

2183 2836 2506 2908 ἀποστροφή
2544 2854 2663 2904 σου,
2730 2838 2824 2893 καὶ
2885 2838 3050 2905 αὐτός
3098 2856 3194 2894 σου
3247 2842 3556 2913 κυριεύσει.
3596 2842 3679 2914 Τῷ
3702 2843 3749 2895 δὲ

2194 2929 2370 3002 Ἀδὰμ
2398 2926 2583 2986 εἶτ-τιν’
2615 2932 2741 2987 Ὅτι
2762 2934 3007 3005 ἤκουσας
3033 2933 3134 3005 τῆς
3167 2934 3354 3006 φωνῆς
3382 2936 3486 3007 τῆς
3514 2937 3749 3005 γυναικός

2184 3040 2300 3089 σου,
2342 3025 2439 3079 καὶ
2499 3025 2609 3079 ἀπὸ
2656 3024 2753 3080 τοῦ
2802 3025 2960 3091 ξύλου
2989 3022 3052 3081 οὗ
3081 3028 3443 3099 ἐνετειλάμην
3460 3047 3567 3093 σοι,
3612 3025 3747 3085 τοῦτο

2187 3119 2348 3190 μόνον
2380 3121 2455 3191 μὴ
2485 3123 2701 3190 φαγεῖν,
2730 3121 2827 3175 ἀπ’
2853 3120 3020 3178 αὑτοῦ
3044 3120 3266 3195 ἔφαγες,
3314 3125 3752 3199 ἑπικατὰρατοςὴ

2107 3195 2150 3256 c
2186 3214 2257 3288 γῆ
2286 3215 2342 3270 ὲν
2366 3215 2475 3281 τοῖς
2509 3217 2693 3289 ἔργοις
2729 3219 2952 3273 σου.Ἑν
2981 3218 3181 3284 λύπαις
3214 3222 3362 3291 φαγῇ
3395 3195 3572 3292 αὐτὴν
3590 3224 3751 3281 πάσας

2182 3309 2283 3373 τὰς
2315 3313 2536 3383 ἡμέρας
2562 3310 2663 3382 τῆς
2693 3310 2840 3383 ζωῆς
2887 3329 2984 3366 σου
3011 3331 3024 3343 ·
3060 3313 3307 3377 ἀκάνθας
3357 3315 3456 3368 καὶ
3484 3314 3751 3387 τριὸόλους

2180 3405 2437 3459 ἀνατελεῖ
2459 3422 2565 3469 σοι,
2600 3406 2864 3477 καὶφαγῇ
2911 3407 3005 3460 τὸν
3053 3405 3219 3478 ἄρτον
3254 3425 3374 3475 σου,
3408 3408 3517 3473 ἕως
3541 3403 3602 3463 οῦ
3638 3411 3758 3463 ἀπο-

2186 3499 2424 3570 στρέψῃς
2454 3498 2533 3563 εἰς
2558 3498 2662 3570 γῆν
2686 3497 2747 3568 ἐξ
2807 3494 2876 3573 ἦς
2911 3499 3156 3573 ἐλήφθης
3182 3516 3196 3530 ⁸
3246 3502 3329 3555 ὅτι
3357 3501 3434 3573 γῆ
3463 3503 3536 3567 εἱ,
3574 3501 3665 3556 καὶ
3690 3501 3758 3561 εἰς

2183 3593 2289 3663 γῆν
2318 3591 2618 3666 ἁπελεύσῃ.
2644 3612 2663 3645 ι

2259 3705 2278 3738 ι
2316 3682 2452 3739 Eine
2472 3685 2679 3759 Κύριος
2704 3689 2733 3740 6
2755 3685 2888 3748 Θεὸς
2918 3685 3055 3760 πρὸς
3090 3686 3231 3742 Κάἶν
3250 3701 3268 3719 ’
3297 3689 3404 3742 ποῦ
3432 3688 3586 3743 ἐστιν
3608 3685 3755 3742 ’Δϐιλ

2181 3780 2209 3833 ὁ
2236 3780 2464 3850 ἀδελφός
2501 3798 2592 3834 σου
2618 3797 2634 3844 ;
2671 3780 2729 3833 Ὀ
2745 3780 2801 3835 δὲ
2825 3776 2978 3834 εἶπεν
3004 3796 3020 3812 ·
3058 3780 3135 3833 Ού
3166 3779 3448 3850 γινώσκω.
3477 3781 3571 3853 Μὴ
3599 3775 3757 3851 φύλαξ

2181 3873 2275 3927 τοῦ
2311 3873 2543 3943 ἀδελφοῦ
2588 3874 2691 3945 μού
2742 3876 2859 3945 εἰμι
2899 3872 3044 3942 syri);
3072 3872 3186 3927 Kal
3237 3867 3393 3927 εἶπεν
3428 3875 3458 3929 ὁ
3489 3874 3656 3936 Θεός·
3701 3869 3757 3924 Τί

2182 3968 2451 4039 ὲποιήσας
2476 3966 2636 4022 τοῦτο
2661 3986 2677 4035 ;
2702 3967 2857 4042 φωνὴ
2882 3968 3116 4041 αἵματος
3148 3968 3244 4023 τοῦ
3284 3966 3521 4037 ἀδελφοῦ
3558 3984 3651 4021 σου
3672 3963 3758 4038 βοᾷ

2184 4060 2319 4133 πρός
2354 4077 2422 4132 με
2452 4064 2519 4115 ἐκ
2551 4063 2651 4131 τῆς
2685 4060 2811 4131 γῆς.
2843 4062 2956 4116 Kal
2982 4059 3080 4115 νῦν
3130 4062 3547 4134 ὲπικατάρατος
3575 4060 3637 4114 σὺ
3662 4060 3757 4115 ἀπὸ

2182 4158 2283 4229 τῆς
2305 4158 2430 4230 γῆς,
2461 4160 2495 4231 ἦ
2527 4158 2685 4232 Εχανε
2716 4159 2779 4214 τὸ
2833 4158 3012 4231 στόμα
3047 4158 3222 4231 αὐτῆς
3260 4158 3612 4225 δέξασθαιτδ
3632 4153 3758 4229 αἷμα

2181 4252 2276 4307 τοῦ
2302 4254 2535 4325 ἀδελφοῦ
2601 4272 2696 4310 σου
2760 4256 2826 4310 ὲκ
2854 4255 2959 4327 τῆς
2994 4255 3177 4327 χειρός
3211 4271 3306 4308 σου
3331 4267 3346 4282 ⁶
3377 4253 3471 4308 ὅτε
3502 4253 3643 4325 ἑργᾷ
3669 4249 3757 4317 τὴν

2181 4348 2308 4418 γῆν,
2338 4348 2434 4402 καὶ
2465 4349 2527 4402 ού
2557 4348 2860 4421 προσθήσει
2890 4346 3078 4403 δοῦναι
3129 4365 3214 4403 σοι
3263 4347 3366 4419 τὴν
3394 4346 3555 4420 ἰσχὺν
3576 4344 3756 4415 αὐτῆς.

2183 4441 2392 4495 Στένων
2419 4444 2511 4496 καὶ
2539 4443 2758 4515 τρέμων
2796 4442 2896 4518 ἔσῃ
2918 4444 3011 4497 ἐπὶ
3039 4445 3139 4515 τῆς
3167 4443 3294 4515 γῆς.
3339 4461 3359 4496 ι
3716 4448 3719 4451 ’

569 4532 697 4587 Gen.
751 4549 827 4596 ιχ,
874 4533 966 4595 26,
1014 4532 1105 4587 25.
1139 4563 1208 4574 —-
1232 4552 1251 4585 ι
1302 4533 1597 4605 Evigilavit
1641 4533 1755 4589 Noe
1787 4551 1817 4589 ιι
1848 4536 1993 4601 vino,
2024 4546 2076 4591 et

2262 4552 2281 4586 ι
2333 4535 2588 4607 Ἔξένηψε
2610 4536 2733 4589 Νῶε
2768 4537 2831 4590 ὲκ
2855 4536 2951 4591 τοῦ
2972 4537 3140 4604 οἴνου,
3163 4540 3259 4595 καὶ
3282 4539 3426 4611 ἔγνω
3450 4543 3555 4598 ὅσα
3591 4540 3757 4613 emitr

496 4629 753 4698 cognovit
780 4641 901 4697 quae
933 4624 1157 4681 fecisset
1207 4627 1311 4681 sibi
1362 4628 1507 4683 (ilius
1542 4644 1678 4684 suus
1702 4628 1931 4699 junior;
1966 4633 2072 4685 ait-

496 4736 644 4790 que:
703 4719 1027 4776 Maledictus
1102 4719 1409 4778 Chanaan:
1472 4738 1611 4795 puer
1676 4724 1915 4781 fainulus
1972 4731 2077 4782 erit

498 4814 730 4871 fratrum
761 4830 1011 4870 suorum.
1048 4833 1064 4865 ι

570 4908 631 4963 11
659 4909 785 4979 Reg.
848 4925 886 4973 ι,
923 4908 1013 4964 ill.
1044 4936 1115 4949 σ-
1148 4928 1165 4959 ι
1220 4908 1433 4967 Montes
1484 4912 1575 4982 qui
1626 4913 1678 4967 in
1710 4911 1939 4981 Gelboe,
1978 4931 2077 4971 nec

494 5018 609 5069 ros,
631 5017 734 5059 uec
753 5002 937 5075 pluvia
964 5003 1264 5060 descendat
1288 5021 1453 5077 super
1472 5022 1588 5063 vos.
1617 4991 1830 5065 Montes
1855 5011 2072 5075 mortis,

496 5095 752 5166 quoniam
783 5094 1229 5152 ibiexaruerunt
1253 5098 1427 5167 clypei
1474 5096 1721 5155 fortium.
1759 5117 1777 5150 ι

567 5186 649 5242 ιγ
696 5185 819 5257 Reg.
850 5202 886 5252 I,
922 5186 1077 5242 9-16.
1109 5218 1166 5227 —
1206 5208 1225 5241 ι
1257 5189 1394 5246 Ecce
1427 5189 1573 5246 Elias
1608 5192 1836 5249 sedebat
1870 5195 1924 5249 in
1950 5211 2075 5250 vcr-

497 5274 606 5329 tice
638 5278 869 5340 montis,
930 5287 985 5334 et
1031 5281 1245 5336 vocavit
1281 5298 1406 5339 eum
1458 5285 1991 5357 quinquagenarius,
2019 5298 2075 5343 ct

496 5368 618 5419 ait:
663 5366 837 5424 Ilomo
895 5370 1010 5434 Dei,
1059 5388 1151 5427 rex
1199 5384 1359 5429 vocat
1410 5386 1505 5431 te:
1542 5375 1834 5436 descende.
1875 5379 1939 5433 Et
1984 5397 2072 5437 rc-

496 5459 723 5527 Spondit
778 5462 949 5530 Elias,
1001 5472 1059 5520 ct
1111 5466 1252 5521 dixit
1288 5468 1341 5523 ei
1373 5487 1387 5523 :
1414 5469 1479 5523 Et
1527 5471 1572 5525 si
1630 5470 1795 5525 homo
1830 5471 1919 5528 Dei
1950 5491 2071 5530 sum

493 5566 619 5620 ego.
672 5553 972 5613 descendet
1034 5558 1175 5630 ignis
1227 5559 1295 5616 de
1330 5563 1493 5629 caelo,
1538 5574 1593 5619 et
1625 5579 1915 5625 consumet
1944 5580 1995 5627 te
2020 5582 2073 5627 ct

492 5644 896 5718 quinquaginta
934 5659 1083 5707 tuos.
1114 5652 1179 5706 Et
1215 5654 1504 5711 descendit
1544 5657 1686 5729 ignis
1724 5660 1792 5716 de
1823 5665 1985 5731 cmlo,
2016 5674 2071 5719 et

492 5739 779 5794 devoravit
799 5757 949 5807 eum,
976 5754 1029 5799 ct
1060 5746 1460 5819 quinquaginta
1492 5748 1685 5819 ipsius.
1719 5752 1858 5808 Dixit
1890 5755 2066 5811 Elias:

492 5827 618 5887 llam
659 5830 795 5889 dicit
827 5834 1139 5896 Dominus:
1190 5838 1297 5896 Pro
1348 5859 1413 5899 eo
1466 5846 1611 5916 quod
1656 5846 1817 5918 350
1868 5852 2068 5909 misisti

2185 4644 2277 4679 σεν
2322 4628 2469 4698 αύτῷ
2517 4632 2545 4683 6
2604 4629 2719 4695 υἱὸς
2773 4630 2941 4686 αὑτοῦ
3002 4633 3033 4685 ὁ
3064 4632 3349 4708 νεώτερος.
3405 4638 3522 4692 Kal
3569 4633 3751 4691 εἶπενο

2194 4719 2631 4792 Ἐπικατάρατος
2686 4724 2945 4780 Χαναὰν’
3001 4728 3134 4793 παῖς
3184 4729 3407 4801 οἰκέτης
3448 4731 3604 4787 ἔσται
3654 4733 3756 4795 τοῖς

2179 4811 2424 4881 ἀδελφοῖς
2455 4816 2641 4872 αὑτοῦ.
2680 4836 2700 4871 ι

2257 4925 2275 4958 ι
2315 4902 2483 4961 Εἶπεν
2545 4909 2746 4965 Δαὸίδ·
2803 4912 2904 4985 ὅρη
2967 4913 3035 4968 τὰ
3069 4914 3324 4982 Γελϐουὲ,
3368 4918 3512 4989 μήτε
3554 4916 3752 4989 δρόσος.

2183 5004 2321 5074 μήτε
2353 5006 2506 5068 ὑετὸς
2539 5007 2682 5079 πέσῃ
2711 5009 2797 5079 ἐφ’
2832 5009 2998 5081 ὑμᾶς.
3048 5012 3189 5084 Ὄρη
3254 5011 3512 5078 θανάτου,
3538 5014 3621 5069 ὅτι
3648 5013 3752 5066 hui

2177 5096 2449 5167 ἐξηράνθη
2476 5099 2652 5170 σκέπη
2679 5100 2938 5155 δυνατῶν,
2953 5121 2973 5153 ι

2255 5211 2272 5243 ι
2318 5192 2449 5246 ’1δοῦ
2488 5192 2670 5246 Ἡλιοὺ
2702 5193 2939 5266 ἐκάθητο
2968 5194 3061 5248 ἐπὶ
3076 5195 3177 5266 τῆς
3197 5197 3440 5269 κορυφῆς
3458 5198 3555 5251 τοῦ
3577 5197 3747 5268 ὅρους.

2178 5286 2288 5341 Καὶ
2347 5286 2611 5358 ἐλάλησεν
2660 5289 2690 5341 6
2738 5287 3211 5361 πεντηκόνταρχος
3252 5291 3392 5361 πρὸς
3431 5290 3619 5353 αὑτὸν,
3663 5288 3750 5343 καὶ

2177 5376 2330 5431 εἶπεν
2360 5395 2377 5410 ⁸
2417 5381 2703 5453 Ἄνθρωπε
2734 5381 2827 5435 τοῦ
2861 5380 3021 5447 Θεοῦ,
3058 5382 3086 5434 6
3120 5380 3376 5453 βασιλεὺς
3402 5382 3632 5438 ἐκάλεσέ
3673 5398 3747 5447 σε,

2176 5475 2468 5546 κατάϐηθι.
2500 5476 2611 5529 Kal
2642 5476 2916 5549 ἀπεκρίθη
2968 5476 3173 5540 Ἠλιοῦ,
3230 5480 3328 5533 καὶ
3378 5473 3535 5534 εἶπεν
3569 5476 3746 5549 αὐτῷ’

2176 5567 2238 5621 Εἰ
2272 5568 2557 5639 ἄνθρωπος
2588 5568 2679 5622 τοῦ
2712 5569 2846 5624 Θεοῦ
2872 5570 3005 5640 ἐγὼ,
3034 5571 3404 5644 καταϐήσεται
3432 5572 3549 5646 πῦρ
3578 5575 3635 5641 ἐξ
3663 5572 3747 5626 ού-

2178 5663 2364 5735 ρανοῦ,
2392 5666 2486 5721 καὶ
2530 5664 2799 5718 ἀναλώσει
2831 5682 2914 5731 σε,
2950 5668 3047 5722 καὶ
3092 5668 3221 5734 τοὺς
3254 5670 3593 5741 πεντήκοντά
3631 5684 3739 5721 σου.

2174 5755 2285 5811 Kal
2306 5756 2510 5829 κατέδη
2532 5756 2641 5829 πῦρ
2672 5757 2737 5811 ἐκ
2766 5756 2859 5811 τοῦ
2891 5760 3144 5831 ούρανοῦ,
3178 5761 3277 5815 καὶ
3318 5761 3628 5831 κατέφαγεν
3653 5760 3743 5812 αύ-

2174 5850 2285 5917 τόν,
2344 5851 2439 5906 καὶ
2499 5851 2626 5913 τοὺς
2672 5852 3013 5921 πεντήκοντα
3061 5855 3248 5911 αὐτοῦ.
3308 5853 3473 5910 Εἶπεν
3510 5852 3739 5909 Ὕιιλιούο
