3886 6248
235 308 367 381 1189

1504 324 1745 384 SACRA
1787 323 2227 391 PARALELLA
2240 373 2253 388 .

3356 326 3495 395 1190

236 436 359 498 Τάδε
386 436 528 509 λέγει
555 437 757 511 Κύριος
780 456 792 470 ·
836 438 978 494 Ἀνθ¹
1011 430 1086 494 ὧν
1125 439 1506 506 ἐξαπέστειλας
1533 440 1797 508 ἀγγέλους

1907 442 2132 495 nuntios
2170 446 2233 496 ad
2260 440 2661 497 consulendum
2706 439 2832 495 Baal
2868 457 3137 505 muscam,
3171 441 3477 503 oﬂ‘endic’u-

235 535 445 607 ζητῆσαι
464 532 521 585 ὲν
546 532 625 603 τῷ
649 532 792 585 Βαὰλ
818 535 984 604 μυῖαν
1015 532 1137 586 θεὸν
1176 533 1554 604 προσόχθισμα
1596 535 1795 587 Ἀκκα-

238 627 355 700 ρὼν,
396 625 491 696 οὐχ
541 624 751 689 οὕτως·
791 628 824 697 ἡ
864 626 1022 696 κλίνη
1065 627 1152 697 ἐφ’
1204 622 1271 699 ἦς
1314 626 1515 696 ἀνέεης
1560 627 1699 692 ἐκεῖ,
1730 626 1791 680 ού

238 718 518 790 καταϐήσει
549 718 644 771 ἀπ’
684 717 877 785 αὐτῆς,
904 718 987 772 ὅτι
1011 718 1230 791 θανάτῳ
1255 718 1523 790 ἀποθανῇ.
1558 736 1578 770 ι

293 832 311 863 ε
346 806 588 875 Ἦνοιξεν
630 810 751 863 ’1ὼὸ
801 810 858 863 τὸ
890 811 1067 882 στόμα
1101 810 1289 877 αὐτοῦ,
1316 813 1412 864 καὶ
1444 810 1795 883 καταράσαιτο

228 906 317 975 τὴν
339 902 543 974 ἡμέραν
572 901 736 955 αὐτοῦ
756 902 1237 969 λέγων,Ἀπόλοιτο
1269 904 1304 975 ἡ
1329 901 1511 974 ἡμέρα
1537 903 1720 971 ἐκείνη
1736 901 1794 954 ὲν

230 992 280 1069 ᾔ,
299 992 442 1048 εἶπον
461 993 778 1065 ἐγεννήθην,
796 995 889 1047 καὶ
912 996 945 1065 ἡ
982 995 1080 1059 νὺξ
1100 996 1280 1067 ἐκείνη
1312 997 1369 1048 ὲν
1453 991 1630 1047 εἷπονο
1661 994 1793 1047 Ἰδοὺ

228 1091 398 1159 ἄρσεν.
434 1086 498 1137 Ἤ
532 1085 629 1150 νὺξ
648 1086 832 1155 ἐκείνη
859 1088 945 1154 είη
978 1086 1189 1151 σκότος,
1221 1087 1317 1140 καὶ
1360 1086 1435 1158 μὴ
1463 1087 1793 1157 ἀναζητήσει

227 1181 384 1251 αὐτὴν
408 1182 434 1232 ό
464 1177 665 1249 Κύριος
700 1180 931 1244 ἄνωθεν,
969 1180 1103 1250 μηδὲ
1133 1180 1262 1253 ἔλθῃ
1291 1181 1375 1233 ἐπ’
1393 1180 1560 1250 αὐτὴν
1574 1180 1794 1248 φέγγος.

240 1270 462 1341 Ἐκλάϐη
481 1271 538 1324 δὲ
561 1271 732 1342 αὐτὴν
767 1271 962 1336 σκότος
983 1273 1079 1326 καὶ
1111 1272 1512 1341 σκιάιθανάτου.
1547 1273 1795 1326 Ἑπέλοοι

226 1364 308 1417 ἐπ’
358 1362 527 1434 αὐτὴν
570 1361 769 1431 γνόφος
790 1378 805 1393 ο
840 1362 1184 1432 καταραθείη
1218 1364 1250 1434 ἡ
1284 1366 1489 1435 ἡμέρα,
1519 1365 1615 1417 καὶ
1640 1367 1672 1433 ἡ
1701 1365 1796 1430 νὺξ

226 1455 416 1525 ἐκείνη.
442 1455 765 1521 Ἐπενέγκαι
792 1454 963 1524 αὐτὴν
991 1455 1204 1518 σκότος,
1238 1454 1311 1526 μὴ
1340 1455 1428 1526 εἴη
1474 1456 1554 1519 εἰς
1583 1455 1797 1526 ἡμέραν

225 1548 485 1616 ἐνιαυτοῦ,
515 1549 648 1619 μηδὲ
666 1549 1000 1621 ἁριθμηθείη
1029 1551 1107 1613 εἰς
1127 1550 1341 1622 ἡμέραν
1372 1551 1585 1624 μηνῶνο
1608 1550 1796 1623 ἀλλάή

223 1640 313 1705 νὺξ
330 1640 513 1711 ἐκείνη
536 1642 621 1709 εἴη
640 1641 819 1711 ὀδύνη,
854 1643 992 1711 μηδὲ
1012 1640 1154 1695 ἔλθοι
1177 1642 1264 1696 ἐπ’
1281 1642 1451 1715 αὐτὴν
1466 1643 1795 1716 εὐφροσύνη,

227 1733 352 1805 μηδὲ
386 1734 657 1804 χαρμονὴ,
717 1732 854 1786 ἀλλὰ
880 1734 1254 1804 καταράσεται
1282 1733 1452 1805 αὐτὴν
1491 1735 1520 1787 ὁ
1546 1734 1799 1806 καταρώ-

1900 533 2011 585 lum
2053 536 2327 599 Accaron,
2363 551 2471 589 non
2506 536 2580 589 ita
2620 534 2710 589 fiet
2734 554 2752 590 :
2784 536 2851 589 de
2881 535 3083 590 lectulo
3114 548 3281 605 super
3310 550 3474 605 quem

1896 626 2221 690 ascendisti,
2265 642 2374 682 non
2432 626 2759 693 dcscendes,
2806 626 3107 693 sedunorte
3133 624 3417 680 morieris.
3447 640 3464 673 ι

1964 798 2066 854 Job
2115 818 2197 869 ιη,
2232 804 2282 857 l.
2317 833 2388 844 --
2438 824 2456 855 ι
2495 804 2725 875 Aperuit
2773 801 2878 859 Job
2911 819 2974 861 os
3010 818 3195 867 suum,
3226 811 3281 858 et
3305 806 3474 861 male-

1897 890 2038 944 dixit
2069 891 2177 946 diei
2214 908 2349 957 sum,
2383 894 2577 950 dicens
2605 912 2619 948 :
2655 893 2849 949 Pereat
2879 892 3001 950 dies
3029 893 3123 947 illa
3163 894 3216 948 in
3246 910 3353 964 qua
3379 910 3474 947 na-

1898 996 1989 1039 tus
2020 1000 2165 1049 sum,
2202 993 2258 1041 et
2291 1002 2397 1041 nox
2428 987 2547 1052 illa,
2601 988 2655 1042 in
2689 1002 2796 1058 qua
2831 987 3095 1043 dixerunt
3124 1006 3139 1043 :
3179 987 3358 1044 Natus
3388 998 3473 1045 est

1901 1080 2201 1135 masculus.
2230 1080 2341 1135 Nox
2388 1081 2479 1135 illa
2514 1082 2753 1136 tenebrae
2791 1081 2889 1146 sit,
2939 1096 3043 1137 nec
3072 1069 3320 1155 requirat
3349 1098 3473 1137 eam

1898 1171 2164 1228 Dominus
2199 1175 2463 1245 desuper,
2487 1189 2667 1247 neque
2698 1175 2880 1230 veniat
2909 1190 3080 1246 super
3105 1191 3225 1230 eam
3263 1177 3470 1232 lumen.

1897 1266 2324 1335 Apprehendant
2358 1275 2541 1321 autem
2585 1282 2706 1323 eam
2738 1268 2977 1323 tenebrae
3015 1276 3070 1323 ct
3100 1268 3296 1323 umbra
3325 1284 3473 1322 mor-

1899 1359 1991 1411 tis.
2031 1357 2397 1430 Superveniat
2439 1358 2492 1412 in
2547 1374 2667 1414 eam
2719 1359 2917 1433 caligo.
2970 1359 3329 1414 Maledicatur
3354 1360 3472 1414 dies

1897 1464 1949 1507 et
1985 1467 2092 1508 nox
2152 1453 2269 1508 illa.
2329 1454 2612 1525 Occupent
2663 1468 2785 1509 eam
2842 1453 3108 1520 tenebrae,
3150 1469 3252 1509 nec
3302 1454 3375 1509 sit
3415 1455 3471 1507 in

1899 1546 2043 1602 diem
2088 1549 2245 1615 anni,
2300 1562 2407 1603 nec
2448 1557 2806 1619 computetur
2850 1549 2993 1603 inter
3023 1548 3140 1619 dies
3172 1551 3468 1605 mensium.

1902 1638 2009 1694 Sed
2039 1654 2149 1693 nox
2181 1639 2276 1693 illa
2308 1639 2470 1695 dolor
2503 1639 2597 1707 sit,
2630 1656 2734 1697 nec
2766 1641 2950 1697 veniat
2984 1656 3151 1710 super
3181 1655 3299 1696 eam
3335 1642 3474 1696 laeti-

1902 1729 1998 1796 tia,
2031 1744 2209 1801 neque
2254 1730 2555 1801 gaudium;
2600 1733 2697 1789 sed
2729 1730 3025 1787 maledicat
3062 1732 3138 1786 illi
3171 1731 3268 1803 qui
3306 1733 3474 1789 male-

224 1798 633 1896 με’νοςήήμέρανή
666 1824 907 1895 ἐκείνην,
954 1827 983 1878 ό
1029 1798 1252 1894 ’μέλλων
1309 1824 1372 1877 τὸ
1408 1798 1579 1895 ’μέγα
1625 1798 1796 1896 xii-co;

1906 1822 2033 1879 dicit
2058 1798 2190 1890 diei,
2222 1798 2316 1896 qui
2353 1834 2577 1897 paratus
2627 1833 2713 1884 est
2744 1841 3001 1899 magnum
3042 1836 3160 1883 cete
3190 1798 3308 1883 sibi
3343 1828 3475 1882 sub-

219 1917 599 1987 χειρώσασθαι.
633 1916 943 1988 Σκοτωθείη
967 1917 1035 1973 τὰ
1085 1917 1261 1989 ἄστρα
1299 1917 1401 1988 τῆς
1427 1917 1623 1982 νυκτὸς
1646 1919 1795 1972 ὲκεί-

218 2026 329 2079 νης,
360 2008 455 2063 καὶ
514 2009 594 2073 είς
659 2007 940 2079 φωτισμὸν
973 2006 1050 2079 μὴ
1078 2006 1231 2080 ἔλθῃ,
1263 2006 1340 2079 μὴ
1388 2008 1486 2061 ίδοι
1518 2009 1797 2081 ἑωσφόρον

217 2099 606 2164 ἀνατέλλοντα,
662 2100 744 2154 ὅτι
813 2098 873 2152 οὐ
937 2098 1253 2152 συνέκλεισε
1330 2099 1505 2164 πύλας
1562 2101 1799 2173 γαστρὸς

220 2192 419 2264 μητρός
447 2209 574 2261 μου,
607 2190 884 2262 ἀπήλλαξε
918 2190 1030 2261 γὰρ
1084 2190 1150 2246 ἂν
1179 2192 1340 2246 πόνον
1363 2192 1473 2247 ἀπὸ
1498 2191 1798 2265 ὀφθαλμῶν

220 2301 337 2355 μου.
381 2303 401 2338 ι

288 2395 307 2427 ι
345 2375 554 2448 Εἴησαν
594 2377 644 2431 oi
694 2374 880 2449 ἐχθροί
938 2393 1078 2450 μου,
1124 2375 1315 2449 ὥσπερ
1362 2376 1397 2449 ἡ
1445 2378 1799 2452 καταστροφὴ

218 2469 321 2522 ⁶τῶν
347 2468 588 2535 ἀσεϐῶν,
614 2469 711 2524 καὶ
736 2472 785 2524 οἱ
807 2470 1227 2541 ὲπανιστάμενοί
1246 2489 1337 2543 μοι
1370 2470 1559 2544 ὥσπερ
1588 2473 1622 2543 ἡ
1645 2471 1801 2528 ἀπώ-

219 2560 333 2616 λεια
361 2562 469 2617 τῶν
498 2562 854 2634 παρανόμων.
884 2580 906 2617 ε

293 2675 310 2708 ι
362 2655 583 2727 Ἡμέρα
609 2655 998 2727 συναντήσεται
1044 2654 1227 2719 αὐτοῖς
1269 2655 1479 2719 σκότος,
1516 2655 1578 2709 τὸ
1606 2656 1665 2711 δὲ
1701 2673 1801 2725 με·

219 2746 521 2820 σημόρινὸν
556 2747 944 2820 ψηλαφήσεται
971 2742 1065 2802 ἶσα
1106 2746 1280 2801 νυκτί.
1322 2748 1632 2803 ’Λπόλοιντο
1662 2748 1718 2802 δὲ
1743 2749 1803 2803 ὲν

218 2842 456 2914 πολέμῳ,
497 2840 905 2913 ὲκσιφωνηθείη
943 2840 1178 2913 αύτῶνή
1214 2841 1391 2913 ἰσχύς.

288 2956 306 2988 ι
341 2937 458 3001 Πᾶς
515 2936 542 2988 ὁ
577 2934 689 3005 βίος
713 2933 949 2998 ἀσεὸοὖς
992 2936 1050 2987 ὲν
1099 2934 1370 3007 φροντίδι·
1400 2936 1526 2988 ὅταν
1550 2935 1681 3008 δοκῇ
1702 2935 1801 3008 ἥδη

215 3027 541 3102 εἰρηνεύειν,
564 3026 686 3099 ἣξει
705 3026 853 3098 αύτῴ
881 3028 914 3099 ἡ
942 3027 1320 3098 καταστροφή.
1352 3022 1573 3081 Οἵδενὲν
1601 3026 1802 3099 ἑαυτῷ,

214 3122 292 3176 ὅτι
316 3123 471 3193 μένει
532 3123 612 3184 είς
664 3120 886 3191 πτῶμα.
929 3120 1141 3191 Ἡμέρα
1195 3118 1253 3172 δὲ
1304 3118 1470 3173 αὑτοῦ
1504 3120 1753 3191 σκοτεινὴ
1784 3137 1802 3152 ο

212 3214 421 3287 ἀνάγκη
444 3214 507 3268 δὲ
533 3213 693 3266 αὑτὸν
722 3213 817 3266 καὶ
848 3210 1026 3282 θλίψις
1049 3211 1292 3278 καθέξει,
1344 3210 1531 3286 ῶσπερ
1565 3230 1802 3285 στρατη-

211 3304 720 3379 γδςπρωτοστὰτης
761 3303 977 3357 πίπτων
1022 3304 1106 3356 ὅτι
1152 3300 1286 3375 ἦρεν
1320 3306 1510 3374 χεῖρας
1558 3304 1800 3359 ἐναντίον

210 3398 299 3454 τοῦ
317 3400 489 3463 Θεοῦ,
514 3397 759 3453 ἐναντίον
815 3396 871 3450 δὲ
906 3399 1351 3468 παντοκράτορος
1381 3397 1797 3470 ὲτραχηλίασεν.

210 3493 507 3566 Αὐλισθείη
545 3492 602 3548 δὲ
650 3492 733 3555 εἰς
789 3490 975 3555 πόλεις
1026 3492 1307 3563 ἐρήμους·
1340 3491 1571 3546 εἰσέλθοι
1626 3493 1682 3546 δὲ
1720 3495 1802 3558 είς

210 3585 388 3650 οῐκους
442 3585 759 3657 ἀοικήτους.
827 3584 896 3637 Ἀ
952 3582 1009 3636 δὲ
1055 3584 1255 3635 ἐκεῖνοι
1312 3582 1581 3655 ἐθέρισαν,
1650 3584 1801 3639 ἄλλοι

209 3675 561 3732 ἀποίσονταιο
603 3673 732 3727 οὔτε
815 3674 891 3747 μὴ
946 3673 1278 3746 πλουτισθῇ,
1324 3674 1449 3728 οὔτε
1510 3676 1585 3747 μὴ
1642 3676 1798 3748 μείνῃ

209 3773 373 3827 αὐτοῦ
438 3771 517 3826 τὰ
572 3772 908 3843 ὑπάρχοντα.
942 3768 1018 3823 Ού
1080 3768 1155 3840 μὴ
1203 3768 1375 3844 βάλλῃ
1426 3770 1517 3823 ἐπὶ
1569 3770 1664 3841 τὴν
1696 3772 1800 3840 γῆν

212 3865 391 3933 σκιὰν,
424 3865 551 3936 eoae
589 3865 664 3936 μὴ
694 3863 911 3936 ἐκφύγῃ
960 3863 1022 3916 τὸ
1054 3863 1271 3927 σκότος.
1306 3863 1411 3916 Τὸν
1448 3864 1676 3933 βλαστὸν
1705 3863 1801 3917 αὐ-

208 3955 301 4009 τοῦ
330 3957 557 4029 μαράνῃ
588 3956 809 4025 ἄνομος,
838 3952 1137 4006 ἐκπέσοιδὲ
1167 3952 1333 4006 αὐτοῦ
1363 3952 1422 4006 ab
1452 3952 1631 4016 ἄνθος.
1654 3952 1800 4006 Κενά

210 4047 559 4119 ἀποϐήσεται
582 4044 752 4116 αὐτῷ.
790 4044 853 4097 Ἡ
884 4044 1027 4115 τομὴ
1059 4042 1225 4097 αὐτοῦ
1275 4044 1380 4115 πρὸ
1415 4042 1565 4115 ὥρας
1589 4043 1801 4116 φθαρή-

213 4158 387 4205 σεται,
417 4140 519 4195 καὶ
545 4141 576 4192 ό
604 4139 876 4210 ρἀαμνος
916 4136 1084 4191 αὐτοῦ
1124 4136 1186 4190 οὐ
1235 4138 1311 4209 μὴ
1349 4138 1624 4210 ποκνάσῃ.
1657 4139 1801 4211 Τρυ-

211 4236 407 4309 γηθείη
430 4234 490 4289 δὲ
515 4233 708 4305 ὥσπερ
756 4230 940 4304 δμφαξ
976 4231 1083 4305 πρὸ
1111 4229 1261 4304 ὥρας
1296 4248 1307 4261 ο
1342 4232 1564 4286 ἐκπέσοι
1619 4233 1676 4287 δὲ
1722 4232 1798 4297 ὡς

214 4331 371 4397 ἄνθος
396 4328 588 4393 ἐλαίας
614 4345 629 4361 ο
677 4326 977 4400 μαρτύριον
1008 4328 1117 4397 γὰρ
1148 4326 1379 4391 ἀσεϐοῦς
1424 4327 1671 4393 θάνατος.
1710 4330 1798 4384 Ἑν

214 4424 413 4493 γαστρὶ
440 4420 673 4493 λήψεται
726 4419 951 4484 ὀδύνας’
996 4418 1335 4489 ἀποϐήσεται
1373 4418 1523 4491 αὐτῷ
1576 4421 1729 4488 κενά,
1762 4424 1796 4496 ή

212 4514 267 4573 δὲ
291 4515 475 4570 κοιλία
492 4511 654 4569 αὑτοῦ
689 4510 902 4567 ύποίσει
930 4511 1137 4577 δόλους.
1179 4530 1197 4564 ι

286 4717 304 4751 ι
340 4698 466 4762 Φῶς
492 4694 705 4753 ἀσεϐῶν
745 4695 1130 4767 σϐεσθήσεται,
1180 4696 1275 4750 καὶ
1310 4685 1407 4750 ούκ
1456 4695 1797 4769 ἀποϐήσεται

212 4788 397 4845 αὐτῶν
419 4791 456 4861 ἡ
485 4788 639 4859 φλόξ.
667 4786 1051 4861 Θηρεύοαισαν
1083 4784 1356 4858 ἐλάχιστοι
1379 4786 1448 4841 τὰ
1488 4788 1798 4861 ὑπάρχοντα

214 4882 419 4939 αὐτῶν.
452 4881 821 4953 Ἐμὸέὸληται
851 4883 879 4934 ὁ
914 4879 1050 4944 ποῦς
1076 4879 1256 4934 αὐτῶν
1286 4882 1344 4935 ὲν
1378 4880 1584 4950 παγίδι,
1616 4882 1708 4935 καὶ
1740 4884 1797 4934 ἐν

214 4975 415 5047 δικτύῳ
444 4974 707 5045 ἑλιχθείη.
729 4972 1017 5028 Ἐλθοισαν
1034 4972 1119 5026 ἐπ’
1139 4973 1301 5027 αὑτὸν
1329 4974 1571 5042 παγίδες.
1592 4974 1797 5045 Πτῶμα

213 5067 269 5124 δὲ
295 5068 449 5140 αὐτῷ
473 5068 793 5140 ἐτοίμασται
838 5067 1096 5133 ἐξαίσιον.
1161 5066 1461 5120 Κατέδεται
1507 5067 1574 5120 τὰ
1616 5068 1797 5139 ὡραῖα

213 5161 381 5216 αὐτοῦ
404 5162 634 5225 θάνατος
659 5177 674 5192 ⁸
706 5160 1227 5231 κατασπαρήσονται
1255 5158 1324 5211 τὰ
1356 5161 1606 5232 εὐπρεπῆ
1629 5158 1795 5214 αὐτοῦ

214 5253 364 5328 θείῳ.
381 5253 772 5309 ’Υποκάτωθεν
794 5251 959 5306 αὐτοῦ
981 5253 1038 5304 at
1062 5250 1207 5321 ῥίζαι
1226 5253 1289 5321 ξη
1300 5252 1676 5320 ρανθήσονται,
1702 5252 1798 5306 καὶ

211 5347 500 5405 ἑπάνωθεν
534 5348 698 5403 αὐτοῦ
760 5347 1105 5401 ἐπιπεσεῖται
1185 5344 1443 5415 θερισμὸς
1493 5343 1679 5398 αὑτοῦ.
1723 5344 1797 5399 Τὸ

215 5441 565 5515 μνημόσυνον
618 5440 784 5497 αὑτοῦ
839 5439 1094 5493 ἀπόλοιτο
1148 5438 1211 5489 ἐκ
1255 5436 1353 5508 τῆς
1397 5438 1521 5506 γῆς.
1572 5437 1796 5511 Ἀπὼσῃ

212 5535 377 5590 αὐτὸν
426 5536 493 5588 ὲκ
550 5534 727 5601 φωτὸς
753 5535 831 5597 εἰς
866 5532 1085 5596 σκότως,
1127 5532 1227 5585 οὐκ
1268 5530 1420 5583 ἔσται
1452 5533 1795 5603 σεσωσμένος

213 5627 295 5693 είς
312 5628 414 5702 τὴν
438 5627 529 5681 ὑπ’
552 5626 780 5699 οὐρανὸν
801 5626 827 5677 ὁ
859 5621 1006 5689 οἶκος
1042 5624 1229 5686 αὑτοῦ,
1266 5623 1381 5676 ἀλλ’
1404 5626 1462 5677 ὲν
1489 5624 1601 5687 τοῖς
1628 5624 1793 5679 αὐτοῦ

215 5716 477 5791 ζήσονται
520 5719 695 5789 ἓτεροι
724 5732 739 5748 ⁸
790 5712 933 5770 οὗτοί
993 5716 1131 5768 εἰσιν
1159 5711 1297 5767 οἶκοι
1338 5713 1562 5780 ἀδίκων,
1585 5708 1735 5779 οὗτος
1766 5716 1792 5768 ὁ

212 5807 379 5875 τόπος
398 5809 508 5863 τῶν
537 5810 609 5883 μὴ
649 5810 865 5864 ίδόντων
899 5808 988 5862 τδν
1021 5808 1244 5879 Κύριον.
1272 5828 1290 5861 ι

1894 1916 2090 1987 jicere.
2116 1915 2570 1973 Obtenebrentur
2609 1917 2782 1974 stellae
2830 1918 3013 1973 noctis
3060 1917 3230 1982 illius,
3276 1932 3377 1973 nec
3407 1917 3474 1972 ad

1901 2008 2323 2065 iiluminandum
2383 2010 2614 2067 veniant
2640 2028 2655 2067 :
2685 2024 2791 2066 nec
2818 2009 2999 2065 videat
3031 2009 3320 2065 luciferum
3354 2026 3478 2066 sur-

1899 2107 2139 2171 gentem,
2172 2101 2432 2171 quoniam
2466 2118 2578 2159 non
2609 2102 2809 2159 clausit
2828 2113 3017 2174 portas
3047 2104 3256 2160 ventris
3286 2105 3476 2160 matris

1902 2208 2056 2249 meae.
2098 2192 2333 2267 Migrare
2378 2196 2581 2269 quippe
2620 2195 2848 2253 fecisset
2894 2195 3141 2253 laborem
3179 2197 3247 2251 ab
3295 2199 3479 2251 oculis

1900 2298 2061 2339 ιηοιε.
2104 2303 2121 2337 ι

1972 2373 2073 2429 Job
2129 2392 2303 2440 xxvii,
2346 2376 2403 2432 7.
2433 2406 2503 2418 —
2548 2396 2566 2430 ι
2602 2377 2726 2433 Sint
2770 2376 2980 2434 inimici
3032 2378 3138 2434 mei
3173 2377 3319 2435 sicut
3347 2381 3480 2435 sub-

1901 2467 2090 2522 versio
2122 2470 2440 2539 impiorum,
2476 2480 2530 2526 et
2562 2470 2615 2525 in
2660 2486 2747 2528 me
2782 2472 3159 2542 insurgentes.
3203 2482 3263 2527 ut
3295 2471 3481 2543 perdi—

1904 2561 1978 2615 tio
2014 2560 2355 2631 iuiquorum.
2394 2579 2412 2613 ι

1970 2651 2074 2707 Job
2106 2670 2157 2721 v,
2214 2654 2269 2719 5,
2322 2654 2409 2709 14.
2438 2686 2507 2695 -
2534 2672 2552 2707 ι
2591 2653 2696 2711 Per
2746 2654 2891 2713 diem
2937 2666 3234 2712 occurrent
3289 2659 3373 2715 eis
3402 2667 3484 2715 te-

1902 2746 2103 2812 nebrae,
2137 2756 2193 2802 at
2221 2747 2277 2802 in
2309 2746 2537 2804 meridie
2563 2748 2787 2819 palpent
2816 2750 2973 2820 quasi
3010 2750 3062 2803 in
3107 2758 3290 2807 nocte.
3329 2750 3435 2807 Per
3457 2778 3483 2791 -

1898 2847 2027 2896 eant
2058 2840 2111 2895 in
2153 2840 2295 2896 bello
2328 2859 2341 2896 :
2384 2841 2754 2898 absorbeatur
2786 2858 2980 2898 eorum
3020 2842 3311 2902 fortitudo.
3356 2864 3377 2898 ι

1971 2932 2075 2989 Job
2117 2950 2210 2999 xv,
2254 2933 2443 2991 21-55.
2486 2963 2533 2971 -
2579 2954 2598 2988 ι
2633 2934 2827 2993 Omnis
2863 2937 2973 2991 vita
3024 2936 3177 3007 impii
3228 2938 3283 2992 in
3322 2952 3479 2996 cura.

1902 3025 2042 3083 Cum
2079 3026 2233 3083 visus
2284 3025 2452 3081 fuerit
2484 3026 2597 3098 jam
2648 3028 2703 3082 in
2746 3043 2883 3099 pace
2934 3043 3115 3099 agere,
3144 3030 3328 3085 veniet
3358 3030 3483 3099 ejus

1906 3114 2217 3171 subversio.
2272 3113 2437 3170 Novit
2488 3115 2543 3170 in
2587 3132 2646 3173 se
2676 3117 2825 3189 quod
2872 3126 3093 3173 maneat
3140 3119 3206 3174 ad
3235 3120 3480 3176 ruinam.

1904 3206 2031 3263 Dies
2073 3213 2257 3262 autem
2308 3206 2430 3277 ejus
2482 3206 2769 3263 tenebrosa
2806 3226 2821 3264 :
2861 3211 3174 3265 necessitas
3206 3220 3391 3267 autem
3424 3222 3482 3268 et

1901 3299 2191 3354 tribulatio
2242 3298 2422 3370 ipsum
2460 3300 2908 3370 comprehendet,
2961 3303 3107 3357 sicut
3142 3303 3252 3359 dux
3288 3305 3484 3375 praefe-

1901 3400 2025 3449 ctus
2053 3392 2296 3448 cadens:
2332 3393 2593 3463 quoniam
2646 3394 2874 3450 sustulit
2907 3410 3102 3450 manus
3147 3412 3334 3452 coram
3376 3397 3484 3454 Do-

1902 3485 2076 3552 mino,
2113 3494 2168 3539 et
2199 3494 2390 3541 contra
2439 3485 2888 3558 Omnipotentem
2937 3488 3210 3545 cervicem
3257 3490 3484 3551 indura-

1901 3579 2001 3631 vit.
2044 3576 2268 3633 llabitct
2308 3578 2563 3635 civitates
2592 3579 2879 3635 desertas:
2920 3580 3262 3651 ingrediatur
3285 3584 3481 3641 domos

1901 3669 2263 3727 inhabitatas.
2314 3670 2448 3737 Qua:
2490 3685 2623 3726 vero
2668 3672 2750 3726 illi
2778 3679 3155 3738 messuerunt,
3194 3673 3287 3728 alii
3329 3676 3482 3732 aufe-

1904 3772 2025 3819 rent
2060 3783 2073 3819 :
2112 3780 2292 3835 neque
2322 3766 2583 3829 ditescat,
2628 3780 2810 3837 neque
2840 3774 3100 3821 maneant
3146 3766 3268 3838 ejus
3300 3767 3481 3824 facul-

1903 3866 2066 3913 tates.
2107 3857 2225 3913 Non
2260 3859 2445 3914 mittat
2492 3859 2546 3913 in
2581 3868 2729 3914 terra
2772 3860 3047 3925 umbram,
3082 3878 3263 3932 neque
3304 3861 3482 3934 fugiat

1901 3949 2177 4005 tenebras.
2218 3948 2451 4005 Germen
2482 3949 2602 4019 ejus
2650 3949 2950 4005 tabefaciat
2990 3960 3221 4022 ventus;
3252 3952 3479 4009 decidat

1901 4051 2081 4101 autem
2109 4043 2231 4112 ejus
2276 4044 2396 4099 llos.
2433 4042 2624 4097 lnania
2672 4043 2927 4100 accident
2981 4046 3053 4102 ei.
3102 4045 3308 4103 lncisio
3354 4047 3477 4117 ejus

1901 4146 2029 4191 ante
2055 4144 2272 4207 tempus
2304 4144 2717 4205 corrumpetur,
2757 4145 2812 4192 et
2842 4152 3031 4194 ramus
3078 4138 3200 4210 ejus
3236 4154 3345 4195 non
3377 4140 3476 4195 ﬂe-

1901 4230 2064 4285 rebit.
2104 4228 2479 4285 Vindemietur
2515 4229 2669 4284 velut
2696 4229 2873 4300 prima
2911 4245 3015 4284 uva
3065 4243 3190 4287 ante
3221 4241 3470 4304 tempus:

1900 4323 2120 4379 decidat
2173 4332 2361 4380 autem
2415 4325 2559 4379 sicut
2589 4321 2687 4378 [los
2719 4324 2899 4379 olivae.
2940 4324 3343 4381 Testimonium
3372 4342 3472 4384 au-

1902 4426 2011 4472 tem
2054 4418 2229 4489 impii,
2279 4434 2448 4473 mors.
2481 4417 2541 4472 ln
2588 4427 2779 4474 ventre
2822 4419 3006 4489 capiet
3046 4419 3294 4475 dolores.
3333 4418 3477 4475 Eve-

1832 4523 1873 4579 ι)
1903 4512 2057 4566 nient
2113 4510 2162 4565 ei
2213 4525 2351 4564 vana
2386 4528 2401 4566 :
2436 4516 2626 4564 venter
2665 4515 2852 4564 autem
2898 4509 3018 4580 ejus
3042 4509 3341 4566 sustinebit
3379 4511 3478 4567 do—

1901 4604 2007 4660 los.
2041 4623 2059 4657 ι

1969 4698 2071 4753 Job
2134 4715 2293 4765 xvm,
2334 4698 2481 4754 6-21.
2515 4730 2587 4740 υ-
2613 4719 2631 4753 ι
2670 4699 2882 4756 Lumen
2928 4699 3221 4771 impiorum
3271 4702 3479 4757 exstin-

1900 4804 2117 4869 guetur,
2151 4805 2204 4854 et
2233 4812 2345 4852 non
2399 4798 2616 4853 eveniet
2657 4811 2850 4853 eorum
2908 4794 3148 4853 ﬂamma.
3190 4794 3475 4852 Venentur

1899 4885 2114 4939 minimi
2167 4883 2462 4939 facultates
2498 4895 2715 4939 eorum.
2770 4882 3100 4938 lmmittatur
3134 4898 3231 4955 pes
3260 4885 3381 4953 ejus
3422 4886 3476 4939 in

1900 4977 2119 5049 laqueo,
2184 4986 2239 5032 et
2270 4985 2388 5033 rete
2443 4976 2784 5032 involvatur.
2844 4975 3083 5033 Veniant
3130 4991 3297 5048 super
3354 4990 3477 5032 eum

1899 5070 2101 5140 laquei.
2157 5068 2337 5124 Ruina
2378 5077 2560 5125 autem
2605 5069 2654 5125 ei
2697 5078 3004 5140 praeparata
3055 5078 3138 5125 est
3191 5069 3474 5125 immanis.

1898 5159 2167 5217 Comedet
2205 5160 2441 5232 pulchra
2467 5160 2587 5232 ejus
2621 5176 2772 5216 mors
2800 5176 2813 5212 ε
2847 5162 3233 5232 dispergentur
3272 5161 3473 5216 decen-

1897 5259 1974 5308 tia
2006 5253 2126 5324 ejns
2154 5255 2211 5309 in
2241 5254 2533 5325 sulphure.
2564 5253 2831 5310 Deorsum
2879 5254 3091 5308 radices
3138 5254 3260 5323 ejus
3297 5253 3476 5309 sicca-

1901 5350 2126 5412 buntur,
2164 5357 2218 5404 et
2255 5364 2474 5403 sursum
2519 5358 2746 5403 corruet
2795 5348 2994 5402 messis
3031 5347 3175 5416 ejus.
3208 5345 3476 5403 Memoria

1898 5445 2019 5512 ejus
2059 5442 2127 5497 de
2170 5446 2311 5499 terra
2351 5454 2557 5515 pereat.
2612 5442 2857 5514 Expellat
2888 5459 3012 5499 cum
3048 5442 3117 5497 de
3150 5443 3269 5497 luce
3302 5442 3357 5496 in
3390 5453 3474 5497 te-

1898 5536 2124 5590 nebras.
2156 5534 2274 5591 Non
2309 5537 2416 5591 erit
2450 5536 2662 5591 salvata
2702 5535 2754 5589 in
2787 5532 3014 5605 regione
3043 5548 3164 5603 qua:
3201 5533 3307 5588 sub
3331 5533 3475 5589 creto

1896 5635 2002 5688 est,
2039 5627 2237 5683 domus
2268 5627 2423 5698 ejus;
2456 5626 2551 5683 sed
2582 5630 2638 5681 in
2671 5627 2839 5682 rebus
2872 5627 2993 5697 ejus
3021 5626 3204 5680 vivent
3235 5625 3351 5679 alii.
3380 5623 3475 5681 liae

1897 5726 2026 5771 sunt
2071 5719 2268 5776 domus
2326 5721 2660 5793 injustorum
2704 5740 2718 5777 :
2761 5720 2849 5777 hic
2894 5721 3048 5778 locus
3098 5716 3471 5790 ἰεηοταιιιίιιτη

1896 5810 2219 5867 Dominum.
2254 5833 2272 5867 ι
