3886 6248
280 298 402 365 usa

1512 292 1759 353 SACRA
1786 288 2253 352 PARALLELA.

3381 281 3518 349 1194

340 432 357 465 ι
400 406 673 476 Ὲξέλεσθε
718 406 1131 481 διηρπαγμένον
1190 406 1259 461 ἐκ
1298 402 1481 478 χειρὸς
1519 402 1830 467 ἀδικοῦντος

2006 396 2123 459 Jer.
2150 412 2290 465 xm,
2318 397 2373 453 3.
2405 419 2475 437 οη-
2519 412 2537 447 ι
2566 393 2780 467 Eripite
2825 409 2960 452 eum
2995 397 3091 470 qui
3139 396 3422 471 diripitur,
3453 404 3524 456 de

310 502 437 555 ῡτόν.
474 519 492 553 ι

271 501 644 647 ιπυῗῗλδικίαν
687 592 787 647 καὶ
830 589 1209 661 ταλαιπωρίαν
1255 588 1559 662 ἀφέλεσθε·
1601 588 1833 662 ἐξάρατε

270 682 716 741 καταδυναστείαν
746 682 812 737 ἐκ
839 681 933 737 τοῦ
963 680 1095 739 λαοῦ
1129 698 1254 755 μου,
1286 680 1439 751 λέγει
1467 677 1693 753 Κύριος.
1737 696 1757 731 ι

337 888 355 923 ι
395 867 607 936 Ἑξελοῦ
634 865 995 940 ἀδικούμενον
1034 868 1099 922 ὲκ
1140 864 1324 938 χειρὸς
1373 862 1692 930 ἀδικοῦντος
1734 862 1837 919 αὖ·

266 964 375 1018 τόν.
418 980 435 1014 ι

334 1054 441 1117 Ita;
463 1053 493 1106 ὁ
522 1052 703 1107 πλέων
732 1050 900 1122 ἐγγύς
927 1053 1047 1107 ἐστι
1070 1049 1166 1106 τοῦ
1195 1048 1479 1121 ναυαγίου,
1509 1050 1607 1105 καὶ
1648 1046 1839 1105 τοσού-

264 1162 338 1217 τῳ
362 1144 581 1216 μᾶλλον,
610 1146 722 1215 ὅσῳ
743 1143 1106 1216 σφοδρότερον
1129 1142 1283 1198 πλέει
1306 1158 1321 1172 ο
1354 1142 1452 1198 καὶ
1481 1144 1592 1206 πᾶς
1620 1143 1649 1196 ὁ
1678 1139 1839 1212 σῶμα

266 1236 663 1308 περικείμβνοε,
711 1236 880 1308 ἐγγύς
937 1237 1057 1292 ἐστι
1085 1236 1196 1291 τῶν
1220 1234 1317 1291 τοῦ
1344 1234 1603 1307 σώματος
1628 1235 1836 1299 κακῶν,

266 1331 354 1385 καὶ
374 1329 612 1401 τοσούτῳ
651 1329 853 1401 μᾶλλον
873 1367 893 1396 ,
927 1330 1147 1401 ὅσῳπερ
1176 1328 1244 1383 ἂν
1269 1326 1447 1401 ὀρθῶς
1481 1324 1709 1397 βαδίζει,
1740 1322 1840 1379 καὶ

265 1421 335 1495 μὴ
365 1422 551 1494 βλέπει
578 1421 707 1486 τοὺς
741 1421 850 1494 πρὸ
873 1421 1043 1477 αὑτοῦ
1066 1418 1381 1493 κειμένους.
1409 1418 1558 1482 Ἕως
1595 1415 1754 1480 πλεῖς
1780 1415 1841 1483 ἐξ

260 1514 460 1585 οὐρίας,
484 1510 564 1585 τῷ
595 1512 927 1583 ναυαγοῦντι
959 1512 1047 1577 δὸς
1071 1514 1232 1584 χεῖρα
1254 1525 1273 1542 '
1304 1510 1414 1576 ῐως
1445 1508 1712 1574 εὖεκτείς,
1745 1504 1843 1562 καὶ
1886 1553 1890 1558 .

1934 506 2101 547 manu
2130 490 2253 562 ejus
2284 489 2381 562 qui
2408 488 2556 545 laedit
2588 503 2740 544 eum.
2790 507 2810 541 ι

2003 581 2201 639 Ezech.
2232 597 2356 648 va,
2427 579 2482 637 9.
2533 611 2603 623 --
2659 599 2678 634 ι
2725 578 3078 653 luiquitatem
3132 592 3189 640 et
3244 584 3522 642 miseriam

1934 675 2118 732 tollite
2149 690 2166 733 :
2195 675 2417 733 auferte
2454 688 2880 747 oppressionem
2920 690 2952 731 a
2980 676 3184 751 populo
3217 693 3365 748 meo,
3390 680 3525 739 dicit

1938 766 2233 824 Dominus.
2265 786 2285 820 ι

2008 857 2177 916 Ecclr'.
2207 876 2286 927 xv,
2313 860 2370 917 9.
2394 889 2466 901 -
2493 879 2512 913 ι
2540 858 2741 916 Libera
2779 875 2930 930 eum,
2961 861 3060 934 qui
3090 860 3352 935 injuriam
3384 867 3523 936 ιιιιιίμι

1937 960 2052 1021 tur,
2076 951 2147 1009 de
2183 967 2348 1008 manu
2380 951 2805 1009 calumniantis.
2836 970 2857 1007 ι

2010 1042 2156 1100 Naz.
2186 1044 2282 1103 0r.
2318 1044 2498 1101 l5.—
2527 1042 2792 1116 Quisquis
2823 1046 3066 1117 navigat,
3090 1045 3377 1119 naufragio
3403 1065 3526 1120 pro-

1939 1138 2186 1212 pinquus
2224 1146 2333 1205 est,
2370 1153 2437 1195 ac
2476 1152 2544 1195 eo
2576 1140 2775 1212 magis,
2814 1155 2925 1211 quo
2970 1139 3191 1212 navigat
3233 1142 3526 1197 vehemen-

1940 1232 2055 1287 tius
2088 1249 2105 1288 :
2140 1230 2421 1288 consimili
2472 1230 2645 1286 modo
2677 1230 2935 1302 quisquis
2979 1244 3211 1302 corpore
3250 1234 3526 1289 convesti-

1939 1335 2030 1385 tus
2068 1335 2178 1391 est,
2217 1326 2471 1398 corporis
2498 1326 2661 1381 malis
2690 1324 3036 1399 propinquus
3061 1334 3165 1392 est,
3202 1341 3379 1398 eoque
3406 1343 3525 1383 ma-

1941 1422 2051 1495 gis,
2081 1435 2193 1493 quo
2218 1420 2427 1477 rectior
2454 1418 2683 1485 incedit,
2709 1436 2811 1476 nec
2836 1435 2933 1477 eos
2960 1420 3053 1492 qui
3082 1429 3212 1476 ante
3237 1437 3298 1476 se
3317 1423 3525 1490 jztceut,

1945 1515 2214 1569 intuetur.
2254 1512 2391 1567 Dum
2429 1512 2682 1568 secundo
2705 1521 2870 1568 vento
2905 1513 3155 1584 navigas,
3180 1512 3227 1568 ei
3257 1513 3349 1585 qui
3385 1530 3526 1570 nau-

261 1605 531 1671 πλουτεῖς,
554 1604 638 1676 τῷ
665 1604 1074 1661 κακοπαθοῦντι
1104 1603 1393 1676 βοήθησον.
1423 1600 1516 1674 Μὴ
1545 1600 1830 1673 ἀναμείνῃς

1970 1606 2180 1678 'ragium
2208 1604 2370 1677 352
2422 1603 2576 1671 fecit,
2621 1619 2848 1660 manum
2895 1606 3138 1677 porrige.
3182 1606 3318 1661 Dum
3356 1622 3524 1663 sanus

262 1699 349 1753 ἐπὶ
378 1696 606 1752 σεαυτοῦ
639 1697 853 1770 μαθεῖν,
878 1699 1003 1753 ὅσον
1039 1698 1211 1753 κακόν
1251 1699 1405 1751 ἔστιν
1448 1692 1839 1767 ἀπανθρωπία,

1945 1710 2032 1763 es,
2064 1701 2119 1751 et
2140 1694 2411 1765 locuples,
2436 1708 2597 1765 opem
2630 1691 2712 1750 fer
2739 1693 2960 1750 amictu.
2988 1692 3109 1749 Non
3132 1704 3443 1767 exspectes,
3467 1706 3527 1752 ut

261 1788 350 1845 καὶ
371 1782 484 1844 οἷον
505 1789 706 1860 ἀγαθὸν
731 1788 1015 1861 σπλάγχνα
1037 1790 1151 1853 τοῖς
1167 1785 1464 1860 χρῄζουσιν
1487 1783 1830 1854 ἀνοιγόμενα.

1970 1804 2009 1842 ιχ
2066 1786 2243 1859 teipso
2291 1785 2501 1853 discas,
2556 1793 2826 1857 quantum
2879 1787 3086 1841 malum
3140 1788 3214 1845 sit
3266 1789 3526 1844 inhuma-

322 2053 613 2128 Χρηστοὺς
655 2051 798 2109 ιϊναι
847 2052 957 2125 χρὴ
1005 2052 1121 2118 τοῖς
1148 2049 1582 2124 προεμπεσοῦσι,
1624 2049 1721 2104 καὶ
1758 2049 1839 2122 τῷ

258 2147 388 2220 ἰλέῳ
409 2146 651 2203 κτᾶσθαι
680 2145 773 2201 τὸν
795 2144 966 2201 ἔλεον.

334 2324 423 2381 Ἐν
447 2328 574 2391 ταῖς
602 2322 915 2397 ἀλλοτρίαις
943 2324 1255 2396 συμφοραῖς
1291 2321 1361 2379 τὰ
1388 2323 1567 2378 οἰκεῖα
1597 2316 1660 2378 εὖ
1689 2321 1839 2378 τίθε-

256 2416 377 2471 σθαι
404 2416 540 2489 χρὴ,
568 2415 663 2470 καὶ
707 2413 978 2479 δανείζειν
1025 2412 1144 2485 Θεῷ
1171 2413 1265 2468 τδν
1298 2412 1448 2468 ἔλεον
1481 2413 1668 2479 ἐλέους
1701 2415 1838 2488 χρῄ-

255 2509 481 2576 ζουτας,
527 2508 624 2565 καὶ
674 2508 749 2582 μὴ
806 2509 1173 2579 καταφρονεῖν
1204 2504 1511 2581 ἀνθρώπων
1557 2505 1839 2579 ἄνθρωποι

252 2603 423 2670 ὄντες.

320 2796 413 2871 Μὴ
433 2795 676 2871 γιλάσῃς
705 2794 906 2869 πτῶμα
935 2790 1032 2849 τοῦ
1056 2794 1224 2859 πέλας
1244 2809 1257 2825 ο
1291 2791 1537 2849 διάϐαινε
1572 2791 1632 2849 δὲ
1657 2793 1837 2864 ἀσφα-

252 2892 377 2959 λῶς,
404 2893 509 2946 δατ
542 2909 627 2948 σοι
665 2891 919 2963 δύναμις,
949 2888 1088 2948 ἀλλά
1134 2891 1229 2945 καὶ
1260 2887 1405 2945 δίδου
1457 2890 1616 2961 χεῖρα
1662 2888 1840 2960 χαμαὶ

252 2986 519 3059 κειμένῳ.

1941 1879 2125 1947 nitas,
2190 1888 2576 1950 quantumque
2649 1878 2881 1945 bonum,
2961 1878 3175 1936 viscera
3238 1881 3527 1953 egentibus

1942 1985 2088 2042 apert
2099 1984 2179 2028 re.
2472 1986 2475 1987 '

2014 2062 2292 2132 Benignos
2330 2074 2458 2116 esse
2491 2067 2710 2135 oportet
2750 2061 2865 2119 illis
2922 2062 3022 2134 qui
3060 2061 3115 2117 in
3156 2063 3528 2119 calamitatem

1937 2154 2053 2226 jam
2107 2153 2451 2222 inciderunt,
2521 2163 2578 2210 et
2636 2154 3078 2212 misericordiam
3139 2154 3531 2213 misericordia

1940 2261 2287 2319 comparare.

2002 2338 2091 2395 Id.
2120 2337 2278 2395 Orat.
2305 2337 2397 2396 20.
2419 2369 2487 2383 ς·-
2519 2337 2579 2395 ln
2602 2338 2802 2397 alienis
2825 2339 3233 2399 calamitatibus
3255 2351 3403 2399 recte
3429 2357 3533 2400 nos

1941 2438 2163 2502 oportet
2189 2431 2404 2487 nostris
2441 2430 2612 2488 rebus
2641 2432 2960 2502 consulere,
2992 2441 3048 2490 et
3071 2431 3185 2490 Deo
3210 2432 3531 2490 misericor-

1941 2523 2089 2580 diam
2131 2521 2403 2587 l'enerare,
2442 2536 2564 2577 cum
2600 2522 2710 2595 ipsi
2744 2521 3127 2580 misericordia
3159 2537 3298 2596 opus
3327 2522 3529 2581 habea-

1940 2632 2064 2674 mus
2098 2632 2112 2671 :
2144 2630 2248 2673 nec
2274 2614 2535 2672 homines
2569 2630 2938 2687 aspernemur
2976 2625 3072 2672 aut
3096 2630 3202 2689 pro
3233 2616 3406 2672 nihilo
3434 2617 3532 2673 du-

1939 2724 2154 2776 camus,
2183 2708 2408 2780 quaudo
2437 2708 2543 2781 ipsi
2575 2708 2832 2765 homines
2866 2724 3083 2766 sumus.

2013 2800 2290 2872 Ejusdem.
2335 2832 2408 2842 —
2455 2802 2659 2859 Casum
2718 2802 2951 2861 alterius
3005 2801 3189 2861 ridere
3236 2803 3375 2860 noli.
3417 2802 3528 2861 Sed

1938 2910 2105 2966 quam
2131 2902 2251 2951 tute
2284 2904 2464 2967 potes,
2508 2896 2726 2966 incede,
2769 2904 2937 2970 atque
2991 2895 3146 2953 humi
3180 2895 3385 2971 jacenti
3422 2912 3529 2953 ma-

1940 3002 2073 3043 num
2097 2986 2355 3060 porrige.

297 3121 490 3177 TlTA.
527 3119 639 3176 lii'.
669 3146 744 3161 —
775 3116 919 3197 118ρί
960 3113 1223 3197 ἀγάπης,
1258 3113 1359 3169 καί
1387 3110 1656 3185 εἰρήνης,
1679 3110 1777 3169 καί

1983 3121 2121 3180 TlT.
2150 3121 2340 3178 XVIII.
2362 3154 2431 3165 —
2456 3121 2532 3179 De
2569 3122 2853 3190 charitate,
2887 3131 2937 3181 ct
2966 3140 3117 3195 pars,
3149 3132 3202 3180 et
3225 3124 3495 3195 paciﬁcis.

816 3191 1238 3259 εἰρηνοποιῶν.

322 3325 343 3359 ι
379 3304 522 3361 Eine
551 3304 788 3377 Νοεμεῖν
821 3299 961 3374 πρὸς
993 3298 1148 3355 Ῥούθ
1170 3314 1185 3331 ο
1252 3297 1386 3354 Ἰδοὺ
1424 3296 1756 3372 ἀνέστρεψεν
1803 3296 1838 3353 ἦ

252 3398 571 3472 σύννυμφός
602 3414 699 3451 σου
729 3394 868 3469 πρὸς
889 3391 1018 3448 λαδν
1039 3391 1231 3464 αὐτῆς,
1254 3393 1346 3445 καὶ
1374 3390 1510 3465 πρὸς
1532 3392 1660 3455 τοὺς
1683 3390 1840 3455 θεοὺς

251 3492 441 3563 αὐτῆς,
472 3489 847 3563 ιπιοτρὼρηθι
869 3489 965 3543 καὶ
994 3486 1082 3543 σύ.
1100 3481 1238 3542 Elite
1260 3486 1318 3541 δὲ
1332 3484 1489 3541 Ῥούθ
1510 3500 1528 3517 ⁸
1551 3485 1644 3557 Μὴ
1662 3484 1839 3539 ἀπανο

250 3579 423 3655 τήσῃς
452 3596 553 3652 μοι
574 3577 670 3634 τοῦ
707 3574 1030 3634 καταλιπεῖν
1054 3590 1137 3641 σε,
1166 3577 1251 3631 δτι
1268 3577 1401 3630 ὅπου
1419 3574 1514 3631 ἑὰν
1541 3575 1838 3647 πῳευθῇς,

252 3673 634 3745 πορεύσομαιο
680 3672 781 3727 καὶ
822 3672 854 3727 δ
880 3669 1010 3736 λαός
1040 3687 1159 3739 σου,
1184 3669 1313 3735 λαός
1360 3687 1484 3742 μου,
1529 3668 1675 3725 καὶό
1706 3669 1840 3734 Θεός

251 3781 365 3834 σου,
394 3764 537 3830 Θεός
572 3781 695 3835 μου.
736 3782 758 3819 ι

322 3877 343 3911 ι
372 3856 686 3931 Προσὲθετο
730 3855 989 3914 Ἰωνάθαν
1009 3855 1228 3929 ὀμῶσαι
1269 3854 1348 3929 τῷ
1378 3852 1564 3919 Δαϐὶδ,
1593 3853 1675 3910 ὅτι
1700 3852 1839 3924 ὴγά-

248 3963 423 4021 πησεν
454 3950 494 4021 ἡ
524 3947 674 4022 ψυχὴ
704 3946 1028 4018 ἀγαπῶντος
1059 3946 1242 4003 αὐτόν.
1284 3965 1304 4000 ι

321 4147 343 4184 ι
394 4128 575 4199 ’Δλγῶ
595 4128 699 4183 ⁴ἐπὶ
735 4128 818 4194 σὲ,
842 4126 1041 4199 ἀδελφέ
1073 4146 1174 4202 μου
1219 4126 1498 4187 ’Ῑωνὰθαν.
1527 4118 1833 4201 Ὦραιώθης

254 4204 590 4299 μοιόφόδρα
605 4238 619 4252 ·
645 4221 1047 4295 ἐθαυμαστώθη
1063 4223 1097 4295 ή
1116 4221 1397 4295 ἀγάπησίς
1420 4238 1516 4275 σου
1547 4221 1671 4293 ἐμοὶ
1695 4220 1837 4291 ὑπὲρ

250 4318 476 4390 ἀγάπης
501 4316 802 4388 γυναικῶν.
842 4334 862 4370 ι

328 4429 350 4464 ι
379 4412 628 4483 Ζήτησον
651 4408 898 4482 εἰρήνην,
924 4409 1020 4464 καὶ
1036 4406 1227 4474 δίωξον
1253 4407 1445 4481 αὐτὴν.
1490 4427 1512 4462 ι

329 4628 349 4664 ι
383 4609 448 4665 Οί
483 4607 799 4682 βουλόμενοι
831 4608 1078 4681 εἰρήνην,
1110 4604 1600 4679 εὐφρανθήσονται.
1639 4627 1658 4661 ι

331 4808 350 4840 ι
390 4789 606 4853 Πάντα,
646 4787 777 4852 τοὺς
807 4788 883 4859 μὴ
907 4787 1354 4859 φιλονεικοῦντας
1386 4756 1617 4859 καλύψει
1650 4789 1801 4860 φιλία
1822 4808 1835 4822 -

256 4884 284 4933 ὁ
311 4881 549 4953 ἐλέγχων
573 4881 711 4954 μετὰ
738 4881 1075 4953 παρρησίας,
1107 4883 1461 4954 εἰρηνοποιεί.
1497 4901 1517 4935 ›

335 5077 353 5112 ι
386 5060 761 5132 Μακρόθυμος
788 5062 931 5135 ἀνὴρ
952 5062 1283 5118 κατασϐέσει
1306 5065 1516 5138 κρίσεις
1541 5085 1553 5098 ·
1585 5068 1613 5122 ὁ
1631 5068 1687 5121 δὲ
1714 5068 1837 5122 ἀσε-

259 5147 357 5221 ϐὴς
382 5154 568 5222 ἂγερεῖ
590 5152 813 5223 μᾶλλον.
845 5170 865 5205 ι

333 5259 353 5293 t
394 5242 781 5297 Καλύπτουσιν
810 5242 1012 5316 ἰχθραν
1036 5244 1191 5318 χείλη
1218 5244 1423 5302 δίκαια.
1463 5265 1483 5300 ι

335 5438 358 5474 ι
401 5423 692 5493 Κρείσσων
711 5424 903 5496 stupe;
929 5421 1052 5497 μεθ’
1073 5427 1266 5499 ἡδονῆς
1292 5428 1351 5482 ὲν
1380 5429 1595 5502 εἰρήνῃ,
1631 5431 1663 5504 ἦ
1691 5427 1837 5498 οἶκος

261 5511 480 5587 πλήρης
516 5514 730 5569 πολλῶν
782 5515 1006 5585 ἀγαθῶν
1035 5518 1127 5571 καὶ
1156 5518 1357 5573 ἀδίκων
1384 5519 1643 5592 θυμάτων
1698 5524 1837 5592 μετὰ

448 5646 463 5662 .
507 5626 526 5661 ι

261 5606 573 5772 μάῖηὲἶυμδν
603 5700 797 5773 ἀνδρὸς
829 5704 1059 5775 πραΰνει
1092 5704 1347 5777 θεράπων
1386 5707 1675 5780 φρόνιμος.
1706 5728 1723 5760 ι

458 5869 464 5877 ’
541 5882 814 5943 Ρλτῑιοι..
839 5883 951 5944 Gtt.
1006 5884 1172 5945 XCV.

2011 3300 2155 3357 Ruth
2193 3318 2210 3357 t
2284 3300 2373 3357 l5.
2407 3331 2475 3347 -
2501 3318 2523 3355 ι
2554 3297 2703 3359 Dixit
2742 3298 2935 3357 Noemi
2968 3300 3035 3357 ad
3083 3299 3231 3357 Ruth
3271 3316 3286 3357 :
3320 3300 3401 3357 En
3438 3318 3526 3358 re-

1941 3410 2105 3453 versa
2157 3401 2243 3451 est
2286 3392 2438 3451 socia
2470 3402 2563 3449 tua
2602 3400 2671 3449 ad
2710 3393 2976 3465 papuium
3015 3404 3170 3450 tuum
3204 3405 3256 3451 et
3289 3394 3356 3450 ad
3393 3395 3530 3452 deos

1940 3504 2096 3547 suos.
2121 3487 2425 3545 Revertere
2459 3495 2517 3544 tu
2565 3487 2979 3560 quoque.Rutb
3014 3503 3147 3545 vero
3176 3487 3318 3546 dixit
3359 3506 3374 3545 :
3415 3489 3530 3547 Nec

1938 3595 2207 3637 occurras
2240 3579 2374 3635 mihi
2406 3587 2467 3636 ut
2496 3578 2807 3651 relinquam
2840 3587 2896 3636 te
2920 3588 2977 3636 et
3005 3580 3224 3637 abeam.
3247 3580 3526 3649 Quoniam

1939 3688 2277 3745 quocunque
2308 3673 2648 3745 perrexeris,
2696 3687 2927 3745 pergam
2963 3692 2979 3732 :
3014 3679 3071 3731 et
3098 3675 3525 3746 populus‘tuus,

1940 3766 2179 3838 populus
2214 3780 2393 3832 meus,
2433 3772 2489 3822 et
2520 3763 2665 3822 Deus
2681 3772 2840 3832 tuus,
2878 3764 3024 3824 Deus
3051 3780 3230 3822 meus.
3262 3785 3283 3820 ι

2011 3853 2039 3911 1
2077 3854 2205 3928 Reg.
2248 3872 2356 3923 xx,
2405 3855 2493 3910 l7.
2529 3884 2598 3897 -
2632 3871 2655 3908 ι
2694 3853 2764 3908 Ει
2798 3852 3015 3910 addidit
3056 3851 3328 3939 Jonatbas
3376 3853 3527 3924 deje-

1941 3964 2068 4005 rare
2101 3948 2295 4015 David,
2330 3962 2396 4004 eo
2427 3946 2575 4020 quod
2616 3946 2876 4019 diligeret
2907 3961 3033 4004 eum
3062 3939 3249 4002 anima
3285 3946 3523 4020 diligen—

1939 4043 2013 4098 tis
2048 4058 2128 4099 se.
2169 4060 2187 4093 ι

2012 4133 2081 4191 ΙΙ
2117 4135 2239 4207 Reg.
2276 4150 2313 4205 ι,
2335 4135 2427 4191 9.6.
2450 4165 2523 4177 ——
2550 4155 2569 4189 ι
2610 4135 2781 4192 Doleo
2817 4150 2987 4207 super
3012 4142 3088 4199 te,
3128 4134 3298 4191 frater
3321 4135 3395 4192 mi
3426 4135 3523 4192 Jo-

1940 4230 2132 4285 natba.
2158 4229 2458 4300 Speciosus
2485 4229 2623 4285 mibi
2651 4245 2776 4287 cras
2805 4229 2984 4285 valde.
3018 4229 3379 4285 Admirabilis
3401 4238 3522 4286 crat

1939 4321 2075 4377 mihi
2111 4320 2337 4379 dilectio
2366 4330 2460 4378 tua
2487 4338 2655 4395 super
2676 4337 2923 4378 amorem
2958 4323 3275 4378 mulierum.
3311 4341 3331 4375 ι

2011 4414 2165 4471 Psal.
2199 4432 2394 4483 χχχιιι,
2430 4414 2516 4471 li.
2552 4444 2622 4456 --
2656 4432 2678 4468 ι
2704 4412 2932 4486 l'nquire
2975 4431 3192 4487 pacem,
3238 4423 3291 4471 et
3332 4431 3522 4488 perse-

1872 4494 1918 4552 Ι)
1946 4523 2113 4580 quere
2147 4524 2292 4565 eam.
2326 4528 2345 4561 ι

2010 4600 2167 4656 Prov.
2212 4617 2310 4669 xu,
2353 4602 2445 4658 20.
2480 4630 2553 4643 --
2586 4620 2606 4655 ι
2648 4602 2753 4669 Qui
2803 4601 2954 4673 pacis
3008 4601 3206 4658 ineunt
3256 4601 3517 4671 consilia,

1941 4695 2192 4764 sequitur
2223 4710 2319 4753 eos
2356 4695 2645 4766 gaudium.
2682 4714 2702 4748 ›

2012 4782 2172 4838 Prov.
2208 4800 2259 4848 ι,
2290 4785 2376 4849 Η,
2411 4784 2501 4839 12.
2532 4811 2603 4823 ——-
2629 4800 2648 4833 ο
2674 4783 2881 4840 Omnes
2914 4798 3010 4841 eos
3036 4783 3129 4854 qui
3166 4783 3359 4841 nolunt
3379 4800 3518 4841 con-

1940 4876 2186 4941 tendere,
2223 4878 2405 4950 operit
2456 4876 2722 4933 amicitia.
2765 4876 2871 4945 Qui
2901 4878 3086 4950 arguit
3112 4878 3306 4946 libere,
3330 4878 3519 4950 paciﬁ-

1940 4988 2039 5027 cus
2065 4983 2167 5028 est.
2203 4991 2222 5024 ι

2011 5063 2168 5119 Prov.
2217 5078 2304 5128 xv,
2352 5061 2441 5118 ‘18.
2473 5092 2542 5105 -—
2568 5081 2587 5115 ι
2620 5060 2716 5118 Vir
2756 5063 2979 5134 patiens
3008 5064 3321 5137 exstingttet
3350 5065 3514 5121 lites:

1944 5155 2151 5227 impius
2180 5170 2273 5211 eas
2301 5153 2482 5225 pclius
2509 5155 2826 5211 suscitabit.
2860 5174 2878 5207 ι

2009 5248 2169 5302 Prov.
2211 5262 2267 5311 ι,
2322 5246 2409 5301 18,
2472 5278 2543 5288 -
2605 5266 2623 5299 ι
2681 5245 2956 5317 Operiunt
3008 5247 3329 5305 inimicitias
3373 5248 3519 5304 labia

1936 5342 2106 5413 justa.
2148 5360 2165 5392 ι

2010 5430 2172 5487 Prov.
2203 5447 2338 5493 xm,
2378 5430 2429 5486 1.
2466 5462 2537 5471 —-
2573 5450 2590 5484 ι
2622 5430 2815 5488 Melior
2843 5439 2926 5487 est
2953 5431 3200 5488 buccella
3225 5431 3368 5488 sicca
3392 5446 3517 5486 cum

1938 5523 2137 5594 gaudio
2170 5523 2225 5575 in
2257 5537 2411 5592 pace,
2434 5537 2600 5593 quam
2634 5527 2830 5580 domus
2866 5525 3025 5595 plena
3058 5526 3251 5581 multis
3277 5525 3517 5581 victimis

1938 5613 2098 5669 bonis
2128 5621 2182 5668 et
2210 5613 2415 5683 iniqms
2438 5613 2783 5685 cumjurgio.
2820 5633 2838 5666 ι

2015 5702 2171 5759 Prov.
2202 5720 2357 5773 xvm,
2390 5703 2475 5760 Η.
2497 5737 2564 5752 «-
2598 5722 2615 5757 ι
2651 5704 2791 5760 lram
2818 5705 2918 5762 viri
2946 5707 3101 5764 sedat
3127 5706 3365 5764 famulus
3385 5722 3515 5781 [ιι-ιι⁴

1940 5795 2099 5849 deus.
2136 5816 2155 5849 ι

3145 5891 3220 5952 38
