3886 6248
377 268 517 338 1199

379 472 509 543 quid
540 483 978 527 commemorare
1016 468 1218 522 attinet
1256 465 1323 523 ad
1354 480 1515 523 veros
1568 465 1713 522 filios
1758 465 1953 537 pacis?

374 562 527 621 Nihil
559 562 707 619 enim
742 559 1049 616 Christiani
1083 558 1328 615 hominis
1368 557 1508 615 adeo
1539 556 1815 628 proprium
1846 566 1952 622 est,

378 668 441 713 ut
489 651 855 712 conciliandae
907 652 1027 725 paci
1066 650 1293 709 studere
1349 667 1367 707 :
1409 647 1851 720 quandoquidem
1881 650 1956 705 ob

378 750 523 807 hanc
552 760 770 821 quoque
795 759 1019 802 causam
1048 742 1303 801 Christus
1324 741 1616 814 praemium
1643 740 1803 796 nobis
1830 738 1953 812 pol~

375 844 565 900 licitus
586 849 692 897 est.

451 931 597 990 Naz.
622 947 706 987 or.
724 929 825 986 12.
855 959 924 971 —-
953 926 1061 982 Deo
1110 942 1177 982 ac
1218 926 1424 984 divinis
1461 926 1632 985 rebus
1650 925 1954 998 prOpinqui

376 1038 527 1096 sunt,
566 1028 887 1101 quicunque
917 1022 1080 1095 .pacis
1120 1023 1327 1078 bonum
1375 1020 1677 1092 amplexari
1718 1036 1956 1078 cernun-

378 1133 489 1189 tnr,
518 1135 584 1177 ac
613 1116 916 1181 contrario,
966 1128 1065 1171 seu
1099 1112 1357 1181 dissidio,
1406 1112 1607 1170 inlenst
1652 1121 1818 1185 atque
1866 1113 1952 1167 in-

464 1213 502 1266 ti
537 1218 686 1266 sunt.

378 1213 403 1268 1⁵
464 1213 498 1266 ι’
570 1218 686 1266 unt.

399 1226 613 1375 cleyis.
639 1317 723 1358 or.
753 1299 811 1367 7,
838 1298 918 1354 De
941 1298 1128 1354 beatit.
1163 1327 1232 1338 —
1253 1295 1724 1364 Quemadmodum
1757 1296 1952 1351 oborta

375 1398 615 1457 sanitate
663 1394 888 1451 morbus
932 1392 1001 1448 de
1045 1390 1228 1447 medio
1290 1391 1517 1457 tollitur,
1563 1404 1627 1445 ac
1671 1389 1793 1445 lucc
1832 1404 1955 1446 sese

373 1498 653 1557 exerente,
707 1487 871 1544 nullae
919 1494 1222 1556 supersunt
1268 1483 1545 1541 tenebrae:
1575 1482 1658 1539 sic
1702 1482 1791 1537 ubi
1847 1497 1953 1554 pax

374 1584 579 1651 illuxit,
617 1582 749 1636 vitia
786 1577 993 1645 omnia,
1033 1592 1158 1649 quae
1196 1591 1262 1632 ex
1292 1574 1572 1632 contrario
1616 1574 1953 1643 conflantur,

373 1679 733 1732 evanescunt.
756 1669 962 1726 'Omnis
994 1668 1262 1724 malorum
1297 1675 1521 1723 caterva
1546 1666 1744 1723 ail'ectu
1772 1666 1956 1723 chari-

360 1768 503 1823 ‘tatis
531 1766 925 1836 exstinguitur.

443 1857 731 1913 Cbaritate
745 1862 798 1909 et
822 1867 954 1925 pace
971 1850 1108 1906 nihil
1131 1849 1419 1906 sublimius
1447 1847 1724 1919 Scriptura
1744 1849 1955 1904 statuit.

442 1948 719 2018 Clirysost.
750 1944 827 2000 De
868 1942 1010 2015 prof.
1055 1942 1215 2012 cpite.
1246 1942 1388 1996 hom.
1423 1956 1508 2006 ιιι,
1541 1939 1619 1995 De
1653 1948 1783 1995 stat.
1808 1970 1881 1981 —
1904 1939 1956 1997 is

374 2040 679 2096 amantium
715 2051 831 2093 mos
870 2044 976 2104 est,
1007 2041 1067 2091 ut
1096 2049 1290 2091 eorum
1330 2048 1469 2105 quos
1495 2039 1706 2099 amant,
1740 2031 1957 2103 negotia

373 2134 556 2191 omnia
583 2147 681 2204 per
704 2146 763 2189 se
785 2128 983 2187 cantici
1008 2128 1202 2195 velint,
1225 2142 1329 2185 nec
1355 2141 1450 2184 eos
1480 2126 1691 2196 absque
1711 2140 1771 2183 se
1791 2125 1959 2198 quid-

374 2242 542 2300 quam
570 2226 750 2282 facere
784 2224 868 2280 vel
894 2221 1068 2293 loqui.

446 2319 640 2393 Ejusd.
667 2318 811 2377 hom.
835 2317 887 2372 in
904 2314 1103 2387 ραι-αὑ.
1124 2315 1301 2371 decem
1323 2315 1437 2370 mil.
1456 2315 1555 2370 tot.
1578 2344 1635 2357 -—
1653 2313 1955 2371 Charitatis

373 2424 572 2471 natura
596 2412 906 2469 satietatem
926 2409 1132 2466 nullam
1152 2408 1437 2480 agnoscit:
1459 2408 1593 2480 quin
1621 2406 1804 2478 potius
1825 2408 1954 2462 dum

370 2508 486 2565 illis
518 2522 660 2579 quos
694 2505 898 2562 charos
929 2501 1119 2565 habet.
1153 2514 1374 2571 semper
1417 2497 1643 2565 fruitur,
1694 2498 1749 2553 in
1784 2497 1954 2567 majo-

372 2614 489 2658 rem
529 2600 805 2655 ilammam
849 2595 1112 2666 assurgit.
1140 2591 1297 2660 Quod
1335 2608 1457 2647 cum
1484 2591 1742 2647 alumnus
1776 2591 1953 2663 ipsius

371 2691 576 2749 Paulus
599 2696 944 2760 compertum
979 2686 1229 2753 haberet,
1257 2683 1472 2741 aiebat:
1508 2702 1526 2736 ι
1557 2681 1773 2739 Nemini
1797 2683 1953 2754 quid-

369 2798 538 2856 quam
578 2778 847 2846 debeatis,
907 2776 1015 2834 nisi
1066 2785 1125 2832 ut
1167 2774 1406 2831 invicem
1460 2772 1726 2844 diligatis.
1767 2793 1786 2827 ι
1833 2774 1951 2830 lloc

367 2876 516 2934 enim
566 2873 815 2930 debitum
865 2884 1082 2941 semper
1140 2867 1365 2938 quidem
1412 2866 1703 2935 penditur;
1759 2882 1948 2923 verum

370 2968 600 3027 omnino
644 2982 752 3023 non
797 2963 1151 3036 persolvitur.
1207 2961 1322 3017 lloc
1363 2960 1527 3017 modo
1562 2960 1831 3031 optimum
1866 2970 1952 3018 est

365 3070 423 3119 et
455 3061 618 3117 laude
657 3058 882 3131 dignum
909 3062 1177 3127 perpetuo
1211 3053 1514 3129 debitorem
1554 3066 1702 3108 esse.
1730 3051 1945 3108 Etenim
1975 3080 2021 3139 ε

368 3154 463 3212 ubi
483 3154 551 3211 de
582 3151 833 3226 pecuniis
870 3150 1066 3220 agitur,
1104 3162 1205 3205 eos
1250 3146 1545 3202 laudamus
1569 3145 1660 3216 qui
1685 3146 1821 3201 nihil
1853 3149 1948 3203 de-

367 3248 532 3305 beant
558 3259 723 3315 ;cum
750 3250 932 3299 autem
958 3240 1027 3297 de
1052 3239 1346 3304 charitate,
1370 3240 1559 3295 beatos
1578 3238 1794 3294 demum
1823 3240 1951 3296 illos

367 3338 755 3411 praedicamus,
781 3333 872 3405 qni
906 3345 1129 3403 semper
1152 3330 1360 3388 debent
1394 3347 1409 3384 :
1442 3338 1497 3386 et
1533 3330 1680 3402 quod
1708 3332 1823 3388 illic
1859 3332 1947 3387 in-

366 3429 504 3502 grati
525 3427 714 3493 animi,
741 3427 832 3482 hic
852 3423 1014 3498 355
1031 3423 1173 3494 grati
1197 3432 1249 3478 et
1269 3422 1822 3495 probiargumentum
1844 3432 1948 3491 est,

365 3526 629 3582 nimirum
663 3534 947 3591 nunquam
982 3516 1272 3573 charitatis
1289 3515 1533 3572 debitum
1565 3516 1875 3571 exsolvere.

437 3614 631 3688 Ejutd.
662 3614 728 3669 de
751 3628 868 3685 gen.
916 3610 1019 3682 fer.
1043 3620 1284 3680 pauperi.
1315 3638 1385 3648 —
1412 3606 1517 3675 Qui
1553 3623 1737 3678 pacem
1769 3609 1947 3662 omni-

364 3713 469 3768 bus
516 3716 797 3783 precatur,
842 3706 889 3761 is
929 3703 1405 3776 perturbationum
1469 3701 1673 3756 bellum
1730 3700 1948 3773 abegit;

365 3812 649 3877 peccatum
712 3810 866 3871 puta,
932 3810 1316 3869 perversarum
1395 3794 1797 3865 cogitationum
1857 3804 1946 3848 tu-

365 3895 619 3959 multum.
660 3892 982 3966 procellam,
1043 3889 1264 3954 (luctus,
1324 3887 1667 3957 hiememque
1732 3887 1947 3959 cupidi-

362 3999 565 4054 tntum,
622 3996 674 4043 ct
733 3981 1176 4055 tranquilliorem
1225 3980 1423 4051 quovis
1478 3986 1640 4049 portu
1701 3979 1945 4033 animum

365 4081 638 4148 reddidit;
677 4077 853 4150 utqui
900 4090 1090 4148 pacem
1158 4074 1429 4129 bonorum
1471 4071 1713 4126 omnium
1747 4086 1948 4142 parcn-

364 4193 475 4234 tem
523 4181 983 4244 communemque
1031 4168 1325 4231 nutricem,
1359 4167 1413 4221 in
1454 4165 1667 4235 piorum
1695 4166 1791 4235 qui
1825 4180 1944 4221 eam

363 4267 737 4340 susceperint,
768 4265 1011 4320 animum
1048 4262 1219 4318 multo
1252 4259 1436 4316 studio
1476 4259 1763 4314 invexerit.

435 4356 720 4431 Ejusdem,
755 4356 821 4411 de
870 4355 1065 4410 charit.
1097 4382 1162 4394 —-
1188 4350 1350 4407 Velut
1395 4364 1571 4420 neque
1610 4349 1790 4403 anima
1826 4349 1947 4405 sine

1578 263 1637 325 S.
1682 261 2003 324 JOANNIS
2038 264 2471 329 DAMASCENI

447 376 619 434 Basil.
648 391 714 432 ex
743 373 1025 448 Epistolis.
1056 403 1127 417 —-
1146 373 1418 441 Quantum
1442 371 1515 430 sit
1548 374 1748 429 bonum
1781 371 1953 444 pacis,
1988 380 2028 434 Α

2132 376 2297 433 Ὅσον
2334 380 2453 434 ἐστὶ
2476 380 2537 434 τὸ
2567 378 2665 451 τῆς
2713 381 2937 454 εἰρήνης
2972 383 3197 453 ἀγαθὸν,
3238 386 3298 452 τί
3318 388 3427 459 χρὴ
3452 379 3615 461 λέγειν

2063 470 2195 542 πρὸς
2247 472 2447 543 ἀνδρας
2499 474 2648 538 υἱοὺς
2695 474 2795 545 τῆς
2822 477 3081 549 εἰρήνης,
3114 478 3280 533 Οῐδὲν
3320 480 3429 554 γὰρ
3460 483 3617 550 οὕτως

2059 565 2189 618 ἴδιον
2222 567 2572 637 Χριστιανοῦ,
2604 566 2681 630 ὡς
2720 567 2780 621 τὸ
2813 570 3196 642 εἰρηνοποιεῖν,
3240 573 3375 628 διότι
3404 577 3497 630 καὶ
3538 579 3619 632 τὸν

2055 658 2143 713 ἐπ’
2184 659 2355 732 αὐτὴν
2398 660 2593 734 μισθὸν
2623 663 2755 735 ἡμῖν
2790 665 2817 716 δ
2850 662 3058 738 Κύριος
3088 666 3475 739 ἐπηγγείλατο.

2123 916 2261 972 Θεοῦ
2288 918 2385 973 καὶ
2415 918 2526 973 τῶν
2555 919 2720 975 θείων
2766 923 2956 992 ἔγγὺς,
3013 923 3129 977 ὅσοι
3166 924 3229 978 ab
3272 924 3374 996 τῆς
3415 926 3628 999 εἰρήνης

2053 1010 2259 1079 ἀγαθὸν
2291 1010 2666 1082 ἀσπαζόμενοι
2690 1012 2999 1082 φαίνονται.
3042 1015 3139 1069 καὶ
3168 1015 3248 1086 τῷ
3284 1017 3532 1091 ἐναντίῳ,
3565 1023 3627 1094 τῇ

2055 1102 2243 1158 στάσει
2273 1101 2735 1176 ἀπεχθραίνονται
2759 1103 2856 1159 καὶ
2885 1104 3356 1179 δυσχεραίνουσιν.

2123 1288 2337 1361 Ὠσπερ
2371 1284 2562 1359 ὑγείας
2611 1286 3007 1362 ἐπιλαϐούσης,
3033 1289 3193 1358 νόσος
3231 1292 3631 1364 ἐξαφανίζεται,

2052 1380 2147 1437 καὶ
2172 1381 2353 1452 φωτὸς
2377 1382 2680 1453 φαίνοντος,
2709 1384 2809 1457 οὐχ
2843 1383 3201 1441 ὑπολείπεται
3224 1387 3440 1454 σκότος,
3472 1390 3633 1457 οὕτως

2053 1474 2148 1529 καὶ
2176 1475 2277 1545 τῆς
2326 1474 2555 1547 εἰρήνης
2580 1475 2961 1551 ἐπιφανείσης,
3016 1479 3206 1536 λύεται
3251 1481 3433 1537 πάντα
3478 1483 3545 1537 τά
3577 1485 3634 1539 ἐκ

2052 1568 2147 1623 τοῦ
2178 1569 2426 1624 ιναντίου
2457 1574 2831 1643 συνιστάμενα
2853 1573 3028 1645 πάθη.
3066 1576 3223 1630 Πᾶσα
3251 1576 3285 1648 ή
3317 1575 3431 1631 τῶν
3460 1578 3637 1632 κακῶν

2055 1661 2227 1736 ἀγέλη
2258 1665 2324 1735 τῇ
2357 1664 2678 1738 ἀγαπητικῇ
2702 1665 2943 1721 διαθέσει
2981 1666 3394 1739 ὲξαφανίζεται.

2130 1836 2243 1910 Τῆς
2261 1836 2481 1912 ἀγάπης
2496 1841 2703 1916 καὶτῆς
2722 1842 2949 1917 εἰρήνης
2974 1845 3127 1903 οὐδὲν
3151 1848 3427 1922 ἀνώτερον
3440 1852 3636 1925 τίθησι.

2127 1929 2388 1986 Τοιοῦτον
2415 1932 2526 1988 τῶν
2552 1934 2898 2004 ἀγαπώντων
2922 1937 2984 1992 τὸ
3014 1937 3167 2004 ἔθος·
3221 1942 3404 2000 πάντα
3434 1945 3505 1999 τά
3536 1945 3639 2001 τῶν

2057 2021 2443 2094 ἀγαπωμένων
2475 2024 2777 2096 πράγματα
2799 2025 2871 2079 δι’
2910 2026 3094 2083 αὐτῶν
3126 2030 3389 2090 ἀνύεσθαι
3427 2033 3641 2105 βούλον-

2056 2131 2167 2258 ἶιέι,
2202 2114 2297 2169 καί
2326 2115 2493 2187 μηδὲν
2512 2117 2681 2190 χωρὶς
2708 2118 2892 2175 αὐτῶν
2915 2120 3181 2188 ἐκείνους,
3224 2124 3301 2199 μὴ
3335 2130 3539 2196 ποιεῖν,
3564 2130 3641 2202 μὴ

2119 2221 2257 2258 γειν.

2119 2221 2257 2275 γειν.

2138 2300 2201 2353 Ἢ
2238 2301 2341 2373 τῆς
2378 2302 2605 2376 ἀγάπης
2642 2303 2807 2374 φύσις
2854 2306 3019 2379 κόρον
3053 2309 3157 2364 οὐκ
3194 2305 3361 2380 οἶδεν,
3388 2314 3515 2371 ἀλλ’
3559 2315 3643 2372 ἀεὶ

2054 2391 2163 2446 τῶν
2196 2394 2581 2467 ἀγαπωμένων
2602 2396 2974 2468 ἀπολαύουσα,
3003 2400 3143 2474 πρὸς
3168 2403 3391 2475 μείζονα
3428 2408 3643 2482 αἴρεται

2055 2482 2250 2554 φλόγα.
2280 2484 2392 2540 Καὶ
2436 2484 2597 2540 τοῦτο
2621 2485 2880 2558 δταύτης
2918 2488 3193 2563 τρόφιμος
3235 2492 3394 2559 utea»;
3433 2496 3642 2563 Παῦλος

2053 2576 2242 2646 ἔλεγεν
2269 2593 2282 2609 ο
2324 2596 2345 2630 ι
2384 2577 2594 2649 Μηδενὶ
2635 2579 2805 2652 μηδὲν
2833 2580 3101 2651 ὀφείλετε,
3135 2585 3186 2638 εἰ
3214 2587 3290 2658 μὴ
3315 2588 3377 2642 τὸ
3422 2590 3643 2660 ἀγαπᾷν

2051 2668 2338 2739 ἀλλήλους.
2365 2689 2385 2723 ι
2408 2668 2581 2726 Τοῦτο
2602 2671 2711 2744 γὰρ
2731 2670 2793 2727 τὸ
2809 2672 3037 2747 ὄφλημα
3062 2675 3149 2732 ἀεὶ
3179 2677 3280 2750 μὶν
3303 2682 3643 2738 καταϐάλλε-

2050 2780 2164 2832 ται,
2202 2763 2464 2819 οὐδέποτε
2500 2766 2557 2819 δὲ
2586 2765 2919 2822 ἀποδίδοται.
2965 2769 3233 2826 Ἐνταῦθα
3277 2773 3342 2828 τὸ
3372 2775 3641 2848 διηνεκῶς

2056 2854 2244 2928 ὀφλεῖν
2297 2855 2464 2913 καλὸν
2513 2858 2607 2914 καὶ
2634 2857 2871 2914 ἐπαίνων
2901 2858 3074 2927 ἀξιον.
3123 2863 3246 2919 Ἐπὶ
3271 2865 3374 2937 μὶν
3396 2868 3516 2943 γάρ
3536 2870 3641 2925 τῶν

2051 2950 2374 3024 χρημάτων,
2405 2952 2535 3016 τοὺς
2568 2951 2735 3022 μηδὲν
2772 2951 3091 3022 ὀφείλοντας
3131 2957 3499 3033 ἐπαινοῦμεν,
3552 2963 3643 3018 ἐπὶ

2049 3041 2107 3098 δὲ
2136 3043 2235 3115 τῆς
2260 3043 2504 3116 ἀγάπης,
2530 3048 2658 3112 τοὺς
2684 3046 2951 3119 διηνεκῶς
2980 3048 3298 3119 ὀφείλοντας
3328 3056 3639 3127 μακαρίζο·

2056 3154 2159 3210 μεν
2177 3154 2192 3170 ο
2218 3139 2312 3192 καὶ
2338 3139 2477 3213 ὅπερ
2503 3139 2899 3213 ἀγνωμοσύνης
2926 3141 3064 3209 ἐκεῖ,
3091 3141 3248 3197 τοῦτο
3281 3143 3528 3202 ἐνταῦθα
3551 3150 3641 3204 εύ-

2051 3230 2410 3304 γνωμοσύνης
2432 3233 2659 3305 σημεῖόν
2683 3235 2822 3302 ἐστι,
2844 3234 2907 3289 τὸ
2940 3233 3212 3307 μηδέποτε
3234 3235 3557 3297 διαλύεσθαι
3583 3242 3642 3296 τὺ

2049 3324 2152 3396 τῆς
2181 3325 2406 3397 ἀγάπης
2430 3324 2675 3402 δφλημα.

2131 3609 2190 3665 '0
2222 3610 2599 3683 ἐπευξάμενος
2632 3614 2860 3686 εἰρήνην
2889 3614 3086 3683 ἅπασι,
3122 3618 3218 3674 τὸν
3257 3620 3509 3693 πόλεμον
3537 3641 3641 3678 πα-

2051 3702 2160 3758 θῶν
2194 3702 2473 3771 ἐξέϐαλεν,
2506 3704 2607 3777 τὴν
2624 3706 2906 3778 ἁμαρτίαν
2940 3707 3052 3762 τῶν
3080 3710 3302 3766 ἀτόπων
3323 3711 3635 3786 λογισμῶν,

2049 3795 2151 3867 τήν
2174 3798 2421 3869 ταραχὴν
2444 3796 2552 3850 τῶν
2581 3796 2909 3869 ἐπιθυμιῶν,
2943 3800 3044 3872 τὴν
3069 3800 3263 3874 ζάλην,
3286 3801 3358 3857 τὰ
3386 3805 3634 3877 κύματα,

2048 3883 2139 3937 τὸν
2166 3884 2431 3956 χειμῶνα,
2449 3886 2543 3939 καὶ
2564 3885 2787 3957 λιμένος
2812 3887 3142 3962 εύδιωτέραν
3163 3892 3261 3963 τὴν
3295 3891 3483 3968 ψυχὴν
3513 3913 3638 3949 κατ·

2048 3974 2339 4043 εσκεύασε,
2374 3975 2475 4047 τὴν
2512 3976 2727 4047 μητέρα
2767 3976 2863 4030 καὶ
2902 3976 3092 4049 κοινὴν
3119 3979 3321 4052 τροφὸν
3356 3980 3472 4037 τῶν
3500 3983 3635 4051 ἀγα-

2050 4069 2159 4122 θῶν
2210 4069 2467 4124 ἀπάντων
2517 4070 2765 4142 εἰρήνην,
2811 4069 2953 4138 μετά
2994 4070 3197 4144 πολλῆς
3251 4074 3354 4146 τῆς
3394 4076 3636 4147 σπουδῆς

2049 4165 2128 4228 εἰς
2149 4162 2249 4236 τὴν
2297 4162 2476 4237 ψυχὴν
2508 4164 2619 4218 τῶν
2662 4163 2974 4237 δεξαμένων
3007 4164 3110 4238 τὴν
3155 4167 3386 4240 εἰρήνην
3425 4169 3636 4224 πιστῶν

1968 4314 1969 4317 η
2050 4258 2382 4327 εἰσαγαγών.

2120 4350 2332 4422 Ὠσπερ
2355 4349 2503 4422 ψυχὴ
2523 4351 2657 4405 ἄνευ
2680 4350 2934 4424 σώματος
2954 4351 3245 4425 ἄνθρωπος
3274 4352 3334 4407 ού
3357 4352 3629 4422 καλεῖται,

363 4467 620 4526 corpore,
675 4465 856 4523 neque
902 4462 1107 4520 corpus
1146 4447 1267 4502 sine
1330 4445 1535 4511 anima,
1573 4442 1809 4497 hominis
1847 4456 1947 4497 no-

2066 4444 2161 4498 >ύδ“
2187 4439 2256 4498 αὖ
2288 4444 2449 4514 σῶμα
2497 4443 2628 4500 ἀνευ
2661 4444 2862 4517 ψυχῆς,
2908 4444 3084 4511 οὕτως
3113 4447 3235 4502 οὐδὲ
3273 4448 3470 4520 ἀγάπη
3500 4448 3633 4520 πρδς

365 4562 489 4605 men
518 4546 752 4610 obtinet,
783 4544 865 4599 sic
890 4557 992 4597 nec
1017 4539 1265 4596 charitas
1281 4552 1410 4611 erga
1445 4536 1640 4601 Deum,
1672 4534 1778 4589 nisi
1808 4534 1942 4589 cha-

364 4644 581 4701 ritatem
631 4653 763 4710 erga
814 4633 1126 4706 proximum
1161 4632 1416 4688 comitem
1449 4628 1669 4690 haheat,
1701 4625 1946 4689 charitas

361 4733 593 4792 dicenda
627 4732 755 4788 erit.
789 4727 901 4783 Nec
950 4741 1146 4782 rursus
1174 4723 1417 4779 charitas
1449 4736 1577 4793 erga
1610 4720 1945 4791 proximum,

362 4825 655 4885 cbaritatis
704 4836 906 4879 nomen
939 4819 1080 4875 tueri
1144 4817 1341 4887 possit,
1376 4814 1485 4870 nisi
1528 4812 1773 4869 charitas
1816 4828 1945 4884 erga

362 4922 533 4977 Deum
596 4912 916 4971 accesserit.
974 4908 1347 4978 Quamobrem
1397 4905 1643 4979 perlecta
1700 4896 1948 4960 charitas

364 5027 488 5069 raro
508 5006 743 5067 inveniri
777 5013 975 5079 potest.

433 5101 630 5174 Ejuad.
656 5130 728 5145 —
766 5098 1096 5167 Quicunque
1134 5094 1304 5166 igitur
1352 5092 1421 5149 de
1470 5091 1653 5158 Patre,
1687 5099 1741 5147 et
1784 5088 1947 5159 Filio,

362 5205 420 5254 et
450 5194 662 5268 Spiritu
706 5198 905 5249 sancto
956 5195 1109 5245 recte
1138 5190 1407 5249 sentiunt,
1438 5199 1503 5239 ac
1530 5189 1793 5254 praeterea
1824 5195 1947 5236 mu-

364 5301 515 5347 tuam
558 5288 704 5344 inter
756 5300 816 5342 se
848 5282 1202 5339 dilectionem
1253 5286 1501 5345 servant,
1550 5277 1606 5334 hi
1648 5276 1945 5347 perfectam

362 5382 691 5437 eharitatem
753 5376 985 5434 habent.
1040 5373 1299 5431 Charitas
1359 5370 1577 5427 Patrem
1627 5368 1945 5431 confitetur,

362 5474 560 5530 Filium
623 5470 843 5536 adorat,
874 5466 1139 5539 Spiritum
1192 5471 1447 5521 sanctum
1482 5458 1773 5534 gloriﬁcat.
1806 5458 1951 5513 Chao

364 5566 502 5623 ritas
549 5560 837 5618 Trinitatis
867 5558 1221 5614 concordiam
1274 5571 1381 5610 non
1422 5554 1657 5610 dirimit.
1687 5552 1949 5608 Charitas

364 5656 682 5730 angelorum
733 5654 941 5708 sodalis
971 5661 1075 5714 est,
1112 5649 1555 5721 patriarcharum
1583 5647 1945 5711 ccllmttanea,

365 5748 749 5819 prophetarum
784 5746 1217 5811 contubernalis,
1275 5740 1597 5798 certaminis
1634 5747 1940 5809 martyrum

2047 4538 2205 4601 Θεὸν,
2244 4539 2342 4593 ἐὰν
2372 4538 2448 4610 μὴ
2477 4538 2577 4611 ἔχῃ
2620 4538 2917 4595 ἀκόλουθον
2952 4540 3051 4594 καί⁵
3079 4540 3183 4612 τὴν
3208 4540 3344 4613 πρὸς
3372 4540 3467 4595 τδν
3494 4542 3630 4612 πλη-

2050 4632 2165 4687 σίον
2194 4632 2438 4704 ἀγάπην,
2485 4633 2547 4686 ού
2583 4633 2847 4705 τυγχάνει
2897 4634 3092 4705 ἀγάπη
3111 4650 3125 4664 °
3155 4634 3267 4689 οὐδ’
3294 4630 3363 4689 αὖ
3403 4633 3569 4689 πάλιν
3597 4635 3630 4707 ή

2051 4726 2188 4797 πρὸς
2210 4724 2304 4779 τὸν
2337 4726 2570 4797 πλησίον
2602 4726 2816 4799 ἀγάπη,
2838 4725 2935 4783 ἐὰν
2960 4726 3039 4801 μὴ
3060 4726 3162 4801 ἔχη
3190 4728 3293 4800 τὴν
3316 4727 3456 4800 πρὸς
3479 4726 3626 4792 Θεὸν,

2051 4812 2112 4866 οὗ
2146 4814 2390 4866 καλεῖται
2419 4815 2632 4886 ἀγάπη.
2658 4815 2750 4869 Διὸ
2776 4817 3006 4872 σπάνιον
3034 4816 3185 4874 εστιν
3214 4819 3397 4890 εὑρεῖν
3417 4817 3628 4874 τελείαν

2052 4906 2296 4977 ἀγάπην.

2086 5085 2280 5139 *Ὅσοι
2311 5083 2492 5138 τοίνυν
2544 5085 2844 5156 ὀρθοδόξως
2903 5087 3164 5160 φρονοῦσι
3226 5089 3359 5163 περὶ
3398 5089 3624 5164 Πατρδς,

2049 5178 2147 5232 καὶ
2177 5174 2330 5240 Υἱοῦ,
2358 5176 2457 5231 καὶ
2492 5176 2650 5246 ἁγίου
2689 5178 3030 5249 Πνεύματος,
3058 5181 3156 5235 καὶ
3187 5180 3288 5255 τὴν
3338 5183 3421 5249 εἰς
3463 5183 3625 5255 ἀλλή-

2049 5271 2174 5334 λους
2197 5269 2557 5339 φυλάττουσιν
2585 5269 2829 5340 ἀγάπην,
2848 5262 2997 5325 οῦτοι
3025 5272 3325 5346 κέκτηνται
3345 5276 3408 5330 ea
3426 5275 3626 5343 τέλειον

2050 5363 2151 5434 τῆς
2180 5362 2423 5432 ἀγάπης.
2469 5362 2688 5433 Ἀγάπη
2718 5363 2943 5437 Πατέρα
2984 5365 3261 5437 ὁμολογεῖ,
3295 5367 3425 5422 Υίὺν
3458 5383 3625 5439 acch-

2052 5460 2230 5522 κυνεῖ,
2262 5457 2355 5511 καὶ
2386 5456 2448 5510 τὸ
2486 5456 2643 5527 ἀγιον
2673 5456 2900 5530 Πνεῦμα
2938 5457 3234 5528 δοξολογεϊ.
3280 5459 3368 5532 οἋγ
3382 5466 3490 5533 ἀπη
3529 5462 3623 5533 τὴν

2052 5549 2373 5620 συμφωνίαν
2398 5550 2497 5620 τῆς
2522 5549 2753 5621 Τριάδος
2773 5549 2835 5625 ού
2864 5548 3090 5625 διαιρεῖ.
3132 5551 3350 5626 Ἀγάπη
3387 5552 3622 5624 ἀγγέλων

2054 5640 2304 5713 σύμϐιος,
2331 5644 2586 5716 πατέρων
2632 5644 2952 5717 σύντροφος,
2994 5647 3296 5720 προφητῶν
3343 5649 3616 5719 σύσκηνος,

2056 5736 2351 5810 μαρτύρων
2394 5738 2677 5803 σύναθλος,
2727 5739 3043 5795 ἀποστόλων
3070 5740 3357 5810 σύγχηρος,
3396 5740 3610 5802 Ἐκκλη-
