3926 6256
378 319 503 385 ῙΞΟῙ

1636 327 1871 388 SACRA
1910 325 2355 387 PARALLELA

3500 323 3641 389 1⁸2οἓ

373 445 498 497 σιας
526 432 844 505 σύνδεσμος.
888 432 1105 504 Ἀγάπη
1142 434 1380 507 πόλεμον
1412 436 1513 491 οὐκ
1557 432 1723 502 οἶδεν,
1759 438 1953 511 ὲχθρδν

2080 451 2266 499 :omes,
2315 435 2695 506 apostolorum
2743 432 2895 490 chori
2923 432 3096 500 socia,
3132 433 3411 490 vinculum
3448 435 3638 497 Eccle-

370 524 473 579 ούκ
521 524 657 596 ἔχει,
683 526 912 596 εἰρήνην
952 525 1269 597 πρεσῦεύει.
1302 526 1515 601 Ἀγάπη
1553 531 1809 598 φονικοὺς
1859 530 1954 583 θυ-

373 616 515 690 μοὺς
557 616 813 689 πραΰνει,
854 617 1109 688 λογικοὺς
1154 618 1319 684 λαοὺς
1371 622 1651 693 σεμνύνει.
1730 623 1948 695 Ἀγὰπη
1989 688 1993 693 4

371 710 434 765 ιν
474 704 556 781 τῷ
587 708 781 783 κόσμῳ
835 709 911 783 μὴ
948 710 1221 783 χωροῦσα,
1265 714 1357 767 καὶ
1389 715 1447 769 ὲν
1493 718 1723 787 ταπεινῇ
1755 716 1956 789 καρδίᾳ

369 797 732 853 κατοικοῦσα.
770 799 986 872 ’Δγάπη
1040 801 1260 872 μέλιτος
1300 802 1397 857 καὶ
1435 804 1708 874 γάλακτος
1749 806 1954 875 γλυκυ-

371 890 531 961 τέρα,
557 891 593 962 ἡ
623 890 699 965 μὴ
731 891 895 963 μόνον
925 893 983 947 ἑν
1027 891 1106 965 τῷ
1151 895 1381 964 στόματι
1417 895 1481 949 τὸ
1513 896 1685 964 γλυκὺ
1734 896 1953 969 ἔχουσα,

370 981 511 1037 ἀλλά
550 985 619 1037 ἐν
674 981 752 1055 τῷ
796 982 953 1056 βάθει
999 984 1102 1059 τῆς
1149 985 1378 1057 καρδίας
1419 986 1608 1059 τδήδὺ
1667 986 1953 1061 κέκτηται.

387 1075 608 1147 ’Δγάπη
648 1076 681 1147 ὴ
736 1075 958 1131 πάντων
989 1077 1233 1151 ἁρμογὴ,
1266 1077 1335 1132 δι’
1392 1074 1463 1153 ἦς
1517 1079 1817 1153 συνέστηκε
1857 1082 1957 1153 μὲν

373 1167 445 1221 τά
477 1167 723 1237 ἐπίγεια,
770 1167 923 1236 αὔξει
953 1169 1011 1225 δὲ
1040 1169 1112 1225 τὰ
1156 1170 1404 1244 οὐράνια.
1436 1172 1673 1243 Ἀγάπη.
1719 1173 1789 1227 δι’
1819 1174 1886 1247 ην
1930 1176 1959 1229 δ

374 1257 513 1323 Θεδς
532 1259 626 1314 τὸν
652 1259 851 1315 ἑαυτοῦ
876 1261 1008 1316 Υίδν
1028 1262 1349 1317 ἀπέστειλεν
1364 1265 1445 1328 είς
1471 1265 1565 1318 τὸν
1593 1267 1799 1339 κόσμον
1821 1267 1959 1340 ὑπὲρ

377 1351 573 1423 ἡμῶν·
607 1352 751 1408 ὥστε
780 1353 873 1409 τδν
908 1354 1039 1409 Υίδν
1065 1354 1234 1411 αὑτοῦ
1286 1356 1379 1411 τὸν
1433 1359 1701 1431 μονογενῆ
1756 1360 1960 1415 ἔδωκεν

377 1443 462 1506 εἰς
494 1440 587 1497 τὸν
616 1444 824 1517 κόσμον
852 1446 994 1519 ὑπὲρ
1049 1446 1227 1520 ἡμῶν.
1282 1449 1498 1523 ’Μάπη
1536 1451 1604 1505 τὰ
1641 1451 1812 1525 ζεύγη
1853 1453 1961 1507 τῶν

377 1534 631 1608 ἀρότρων
660 1537 982 1611 δμοφρόνως
1020 1538 1100 1611 τῷ
1139 1540 1283 1614 ξύλῳ
1306 1541 1399 1596 τοῦ
1440 1547 1678 1617 σταυροῦ
1727 1546 1963 1611 ὑπέζευ-

380 1628 501 1703 ξενο
531 1629 811 1696 κινδύνους
847 1632 906 1685 δὲ
935 1634 1078 1689 κατά
1100 1635 1205 1705 γῆν
1236 1635 1330 1689 καὶ
1353 1635 1631 1693 θάλασσαν
1666 1640 1961 1711 ὑπομένειν

381 1719 641 1789 ἐδίδαξεν.
712 1721 926 1796 ’Δγάπη
992 1724 1279 1801 μάρτυρας
1339 1728 1573 1791 τελειοῖ.
1627 1731 1964 1800 ἀποστόλους

384 1814 663 1881 στεφανοῖ.
693 1791 1119 1888 Ἀγάπη-ἀλλον,
1145 1791 1218 1882 ὧς
1245 1791 1438 1876 ἑαυτὸν
1466 1821 1589 1894 ὁρᾷ,
1620 1823 1720 1877 καὶ⁹
1746 1825 1812 1879 τὰ
1854 1791 1963 1881 ῖδια
1995 1791 2037 1846 Β

383 1904 544 1957 κοινά
575 1905 743 1960 πᾶσιν
780 1907 1023 1978 ἡγεῖται.
1064 1907 1283 1981 ’Δγάπη
1309 1910 1407 1982 τὴν
1442 1911 1652 1968 ἔνδειαν
1689 1914 1787 1969 τοῦ
1827 1916 1979 1989 πλη-

386 1994 505 2051 σίον
532 1996 808 2072 μέριμναν
838 1998 978 2055 ίδίαν
1004 1999 1243 2073 τίθησιν.
1281 2002 1496 2076 Ἀγάπη
1536 2005 1725 2078 κοινὴν
1754 2008 1963 2080 τράπε-

386 2086 491 2155 ζαν
515 2093 683 2145 πᾶσιν
715 2091 857 2166 ἱστᾷ,
884 2093 1124 2166 πλουσίῳ
1153 2111 1211 2148 τε
1244 2094 1336 2149 καὶ
1367 2096 1583 2169 πένητι,
1614 2099 1763 2172 σοφῷ
1779 2118 1838 2155 τε
1868 2102 1966 2157 καὶ

391 2182 606 2257 ἰδιώτῃ.
640 2184 855 2256 Ἀγάπη
886 2186 985 2259 τὴν
1027 2188 1485 2261 πεπικρασμένην
1534 2192 1713 2264 ψυχὴν
1738 2192 1973 2263 γλυκαί-

388 2292 495 2345 νει,
522 2278 619 2347 τὴν
641 2278 1011 2353 τεθλιμμένην
1031 2280 1350 2353 θεραπεύει,
1372 2283 1472 2355 τὴν
1489 2289 1967 2363 τεταπεινωμένην

396 2367 723 2425 ἀναϐάλλειν
769 2376 932 2429 ποιεῖ.
991 2375 1204 2449 ’Δγάπη
1244 2379 1507 2434 ἄσϐεστον
1550 2379 1809 2452 λαμπάδα
1866 2383 1969 2455 τῆς

390 2460 697 2534 παρθενίας
727 2465 1039 2540 περιφέρει,
1067 2470 1163 2524 καὶ
1188 2470 1311 2538 τοὺς
1346 2473 1509 2539 ἰδίους
1542 2476 1968 2547 περιεργάζεται

394 2553 658 2628 ζητοῦσα.
696 2557 912 2632 Ἀγάπη
952 2561 1052 2627 τὰς
1079 2563 1181 2636 τῆς
1211 2564 1492 2637 βασιλείας
1537 2567 1709 2639 θύρας
1736 2568 1968 2639 ἀνοίγει,

392 2644 493 2699 καὶ
512 2643 641 2710 τοὺς
676 2647 734 2703 ἐν
765 2648 950 2722 σεμνῷ
979 2652 1145 2726 γάμῳ
1178 2653 1428 2726 βιοῦντας
1464 2657 1728 2713 εἰσελθεῖν
1763 2660 1827 2714 οὐ
1860 2676 1971 2714 κω-

392 2735 536 2793 λύει.
572 2738 787 2813 ⁹Δγάπη
817 2742 917 2815 τὴν
949 2742 1326 2817 ἐλεημοσύνην
1363 2746 1527 2816 φιλεῖ,
1564 2749 1659 2802 καὶ⁹
1694 2747 1772 2820 τῷ
1798 2748 1975 2804 ταῦτα

393 2831 630 2903 γεωργῷ
681 2834 981 2905 στεφάνους
1034 2840 1366 2909 χρυσαυγεῖς
1413 2838 1719 2912 ἑτοιμάζει.
1756 2841 1978 2915 Ἀγάπττ

395 2922 786 2997 ὑπερηφάνους
812 2927 910 2983 οὐκ
936 2922 1098 2995 οἶδεν,
1128 2933 1418 2998 ταπεινοὺς
1453 2933 1511 2987 δὲ
1539 2933 1774 3002 δοξάζει.
1808 2934 1973 3006 Ἀγά-

397 3034 479 3090 πη
518 3018 849 3090 κακολογίαν
878 3020 1093 3093 φεύγει,
1126 3022 1377 3095 εὐλογίαν
1402 3025 1460 3079 δὲ
1489 3024 1726 3098 στέργει.
1757 3028 1975 3100 ’Δγάπη

2058 530 2171 585 site.
2231 528 2492 584 Charitas
2541 529 2741 583 bellum
2804 527 3011 588 nescit,
3037 526 3199 582 hoste
3229 538 3405 590 caret,
3442 544 3629 599 pacem

2055 619 2341 677 conciliat.
2392 619 2648 677 Charitas
2691 618 2937 674 furentes
2978 616 3031 673 in
3062 617 3263 674 cardem
3295 619 3511 675 animos
3533 620 3637 674 mi-

2057 712 2219 783 tigat,
2249 711 2464 767 ratione
2501 710 2764 782 praeditos
2815 708 3049 781 populos
3094 719 3348 764 exornat.
3383 708 3634 767 Charitas

2058 804 2214 875 cujus
2261 818 2435 875 capax
2463 819 2571 858 non
2612 812 2699 859 est
2721 802 2980 867 mundus,
3005 802 3059 855 in
3090 801 3283 856 humili
3324 802 3492 857 corde
3520 802 3625 856 dn-

2059 896 2324 951 micilium
2347 893 2537 950 habet.
2559 891 2813 950 Charitas
2855 893 3013 949 melle
3039 894 3234 963 quovis
3254 902 3309 948 et
3337 894 3476 948 lacte
3510 892 3635 948 dul—

2059 990 2183 1047 cior
2213 996 2299 1047 est
2330 1006 2358 1043 :-
2376 986 2652 1059 siquidem
2706 986 2800 1043 illa
2858 1001 2968 1041 non
3004 986 3057 1041 in
3095 1001 3190 1041 ore
3212 985 3414 1049 solum.
3444 1002 3633 1041 verum

2060 1082 2231 1139 etiam
2265 1081 2321 1136 in
2350 1080 2549 1136 intimo
2586 1087 2810 1151 pectore
2860 1076 3202 1135 dulcedinem
3229 1078 3415 1132 habet.
3446 1075 3642 1133 Chari-

2058 1183 2145 1231 tas
2195 1172 2445 1229 omninm
2512 1186 2697 1229 rerum
2749 1184 3048 1242 compages
3089 1179 3172 1226 est
3211 1188 3223 1224 :
3256 1184 3354 1239 per
3390 1185 3555 1240 quam
3585 1179 3654 1226 et.

2059 1274 2278 1321 terrena
2327 1264 2626 1329 cohaerent,
2683 1273 2738 1319 et
2763 1263 3008 1319 cmlestia
3060 1256 3459 1318 incrementum
3495 1262 3642 1315 acci-

2061 1359 2245 1430 piunt.
2288 1358 2548 1415 Charitas
2599 1357 2719 1429 ipsa
2772 1362 2879 1421 est,
2944 1354 3014 1410 ob
3045 1370 3212 1426 quam
3270 1354 3412 1408 Deus
3439 1352 3636 1407 Filium

2063 1467 2224 1508 suum
2247 1450 2413 1528 .misit
2448 1452 2503 1506 in
2548 1452 2813 1505 mundum
2845 1464 2859 1502 :
2892 1449 2968 1503 ita
2998 1454 3056 1503 ut
3090 1445 3287 1502 Filium
3322 1463 3481 1502 suum
3520 1448 3638 1501 uui-

2064 1546 2310 1617 genitum
2362 1545 2418 1601 in
2472 1544 2736 1601 mundum
2790 1559 2892 1615 pro
2934 1542 3094 1599 nobis
3121 1541 3355 1597 dederit.
3385 1539 3641 1597 Charitas

2064 1638 2233 1695 aratri
2258 1638 2390 1710 juga
2423 1638 2606 1693 crucis
2657 1637 2805 1711 ligno
2831 1636 3124 1692 concordia
3181 1635 3435 1706 subjecit,
3473 1642 3527 1689 et
3547 1649 3642 1705 pc-

2064 1731 2241 1788 ricula
2273 1739 2421 1788 terra
2454 1730 2705 1802 marique
2754 1730 2946 1786 subire
2980 1728 3188 1785 docuit.
3217 1727 3475 1784 Charitas
3494 1734 3637 1780 mar-

2065 1831 2215 1899 tyres
2256 1822 2494 1895 perlicit,
2519 1837 2729 1880 corona
2786 1821 3008 1879 redimit
3053 1822 3358 1894 apostolos.
3391 1820 3645 1877 Charitas

2066 1917 2382 1991 proximum
2439 1916 2591 1973 velut
2645 1916 2888 1988 seipsum
2929 1922 3248 1980 contuetur,
3302 1928 3367 1969 ac
3419 1911 3666 1987 prepria’

2068 2023 2333 2084 tanquam
2390 2010 2656 2067 omnibus
2679 2008 2998 2066 communia
3052 2006 3358 2087 existimat.
3392 2005 3661 2062 Charitas

2066 2114 2371 2179 egestatem
2446 2103 2682 2175 proximi
2733 2101 3124 2158 sollicitudinis
3172 2115 3287 2157 sua:
3321 2098 3482 2156 linem
3536 2104 3650 2153 sta-

2070 2199 2200 2255 tuit.
2236 2197 2495 2256 Charitas
2516 2209 2868 2253 communem
2899 2192 3165 2250 omnibus
3191 2206 3441 2250 mensam
3461 2189 3646 2262 ponit;

2070 2292 2177 2348 hoc
2236 2299 2342 2357 est,
2395 2298 2509 2345 tam
2579 2286 2759 2352 diviti,
2790 2301 2956 2360 quam
3003 2284 3257 2359 pauperi,
3286 2291 3397 2340 tam
3456 2283 3645 2346 docto,

2066 2398 2232 2455 quam
2262 2382 2506 2438 indocto.
2538 2380 2791 2438 Charitas
2852 2378 3233 2436 exacerbatum
3266 2376 3508 2432 animum
3542 2373 3648 2428 mi-

2070 2479 2226 2548 tigat.
2280 2488 2605 2546 oppressum
2647 2471 2867 2539 delinit,
2904 2472 3175 2544 deiectum
3212 2468 3397 2541 erigit,
3423 2482 3488 2525 ac
3507 2467 3651 2522 vire-

2071 2577 2319 2626 sccntem
2364 2566 2563 2623 reddit.
2615 2566 2874 2623 Charitas
2937 2563 3436 2635 inexstinguibilem
3484 2559 3651 2631 virgi-

2073 2660 2263 2717 nitatis
2313 2658 2618 2731 lampadem
2679 2658 3091 2729 circumgestat,
3121 2670 3185 2710 ac
3212 2666 3429 2709 summo
3468 2648 3652 2707 studio

2073 2752 2350 2824 conquirit
2415 2766 2570 2808 suos.
2623 2749 2880 2807 Charitas
2943 2746 3095 2819 regni
3156 2756 3343 2817 portas
3372 2741 3653 2815 aperit,et

2074 2862 2171 2903 eos
2218 2846 2315 2911 qui
2374 2846 2608 2902 honesto
2663 2838 2948 2899 connubio
2993 2840 3208 2904 vivunt,
3252 2839 3505 2911 ingressu
3537 2849 3648 2890 non

2076 2948 2246 2998 arcet.
2307 2940 2563 2998 Charitas
2612 2939 3020 3010 eleemosynam
3078 2938 3246 2999 amat,
3276 2940 3330 2988 et
3361 2929 3654 2985 rutilantes

2079 3050 2217 3091 auro
2272 3048 2509 3091 coronas
2557 3048 2658 3090 suo
2707 3030 2906 3088 cultori
2942 3032 3120 3100 parat.
3171 3022 3429 3081 Charitas
3475 3020 3656 3079 nescit

396 3111 572 3209 ἄνδρα
627 3112 722 3167 καὶ
776 3117 1014 3185 γυναῖκα
1073 3116 1237 3188 γάμῳ
1295 3119 1668 3189 συναφθέντας
1729 3122 1974 3193 ὁμονοεῖν

2082 3127 2376 3201 superbos,
2423 3125 2665 3183 humiles
2714 3124 2974 3178 honorat.
3012 3117 3266 3177 Charitas
3316 3112 3655 3209 maledic-en-

399 3202 785 3277 συμϐουλεύει,
820 3206 1149 3279 χωρίζεσθαι
1190 3209 1247 3264 δὲ
1281 3210 1376 3265 ἀπ’
1434 3210 1679 3284 ἀλλήλων
1723 3213 1975 3269 οὐδέποτε

399 3295 567 3352 θέλει.
604 3297 820 3372 ’Δγάπη
863 3301 991 3364 τοὺς
1034 3303 1279 3373 πατέρας
1312 3303 1495 3374 φιλεῖν
1520 3308 1588 3360 τὰ
1635 3305 1802 3360 τέκνα
1841 3325 1979 3380 προ-ι

398 3389 690 3462 τρέπεται,
725 3392 822 3447 καὶ
849 3392 919 3446 τὰ
948 3392 1111 3448 τέκνα
1136 3394 1408 3449 δουλεύειν
1437 3394 1513 3459 ὡς
1545 3397 1837 3463 δεσπόταις
1866 3403 1981 3463 τοῖς

400 3480 674 3552 γονεῦσιν.
692 3484 909 3557 ’Δγάπη
939 3486 1065 3550 τοὺς
1084 3485 1350 3552 δεσπότας
1372 3487 1669 3560 ἐλεήμονας
1684 3485 1824 3545 εἶναι
1844 3491 1981 3563 πρὸς

398 3574 532 3636 τοὺς
553 3573 774 3641 οίκέτας
794 3576 1127 3648 παρακαλεῖ,
1158 3578 1253 3633 καὶ
1280 3581 1406 3645 τοὺς
1440 3580 1659 3646 οίκέτας
1685 3582 1982 3656 ὑπουργεῖν

402 3666 523 3730 τοῖς
554 3663 850 3732 δεσπόταις
872 3667 1077 3735 ἀδόλως
1097 3672 1375 3744 παραινεῖ.

478 3959 773 4034 Πολλαχῶς
792 3962 984 4036 ἀγάπη
1008 3967 1231 4034 νοεῖται,
1257 3966 1346 4025 διὰ
1373 3968 1705 4043 πραότητος,
1726 3971 1819 4028 διὰ
1849 3990 1987 4045 χρη·-

409 4051 691 4120 στὸτητος,
727 4054 796 4109 δι’
831 4056 1130 4130 ὑπομονῆς,
1159 4060 1248 4117 διά
1290 4060 1556 4131 ἀφθονίας
1595 4063 1691 4117 καὶ
1723 4062 1979 4137 ἀζηλῖας,

406 4145 478 4199 δι’
508 4145 935 4217 ἀμνησικακίας.
984 4151 1308 4226 ’Δμέριστός
1348 4155 1495 4210 ἐστιν
1535 4156 1593 4211 ὲν
1625 4157 1785 4224 πᾶσι,
1831 4157 1988 4214 ἀδιά-

410 4251 600 4309 κριτος
629 4242 951 4313 κοινωνικὴ.

2081 3218 2215 3275 tiam
2269 3217 2437 3289 fugit,
2490 3213 2943 3273 benedicentiam
2975 3209 3351 3282 amplexatur.
3392 3205 3656 3261 Charitas

2080 3310 2256 3367 virum
2313 3319 2368 3369 et
2397 3310 2680 3366 mulierem
2711 3304 2977 3364 connubii
3023 3317 3171 3359 nexu
3229 3297 3517 3370 copulatos
3552 3292 3655 3350 σᾶς

2082 3409 2270 3459 monet
2318 3411 2377 3457 ut
2409 3400 2769 3457 concordiam
2802 3396 3009 3473 colant,
3042 3408 3145 3449 nec
3173 3391 3288 3446 vult
3319 3389 3390 3445 ab
3420 3385 3658 3443 lnvicem

2081 3493 2320 3566 seiungi.
2358 3492 2615 3550 Charitas
2640 3498 2847 3563 patres,
2869 3496 2931 3545 ut
2957 3493 3141 3544 ament
3175 3483 3337 3548 ﬂlios,
3367 3481 3658 3537 hortatur:

2084 3585 2226 3642 filios
2248 3594 2452 3652 autem,
2480 3593 2538 3642 ut
2558 3582 2807 3656 patribus
2824 3590 3085 3652 tanquam
3117 3574 3357 3633 dominis
3389 3571 3657 3631 serviant.

2083 3678 2339 3735 Charitas
2375 3677 2637 3735 dominos
2691 3682 2852 3750 rogat
2893 3682 2952 3731 ut
3007 3671 3203 3729 faciles
3234 3685 3295 3727 se
3338 3674 3396 3725 et
3450 3665 3664 3724 miseri-

2084 3771 2279 3827 cordes
2341 3768 2564 3827 famulis
2597 3769 2885 3842 praebeant
2917 3786 2932 3825 :
2969 3781 3036 3822 ac
3092 3779 3288 3822 rursus
3319 3774 3510 3820 servos
3542 3773 3661 3815 mo-

2087 3871 2181 3920 net
2225 3870 2289 3918 ut
2317 3861 2470 3920 heris
2497 3863 2618 3920 suis
2655 3864 2777 3920 sine
2806 3861 2937 3918 fuco
2961 3874 3025 3917 ac
3052 3857 3249 3915 fraude
3281 3854 3549 3913 serviant.

2151 3954 2316 4028 356
2333 3954 2501 4011 Clem.
2535 3955 2692 4012 Alex.
2722 3971 2760 4011 ιι
2785 3955 2991 4013 Strom.
3012 3981 3081 3994 ——
3111 3950 3297 4005 Multis
3322 3946 3502 4003 modis
3527 3943 3663 3999 cha—

2085 4047 2222 4104 ritas
2238 4048 2593 4121 perspicitur,
2619 4049 2881 4105 nimirum
2910 4062 3008 4119 per
3039 4046 3347 4107 lenitatem,
3384 4054 3480 4110 per
3508 4035 3663 4092 heni-

2085 4142 2376 4213 gnitatem,
2413 4157 2511 4213 per
2543 4141 2884 4214 patientiam,
2910 4154 3009 4211 per
3031 4136 3198 4193 animi
3221 4132 3563 4189 affectionem
3594 4126 3667 4182 ab

2086 4233 2236 4287 omni
2291 4233 2463 4290 livore
2524 4243 2579 4290 et
2608 4233 2818 4289 invidia
2885 4230 3135 4292 liberam,
3194 4240 3293 4296 per
3324 4219 3663 4280 oblivionem

2087 4325 2441 4395 iniuriarum.
2479 4326 2721 4397 Simplex
2771 4332 2855 4382 est
2899 4324 2955 4379 in
2988 4320 3267 4385 omnibus,
3301 4323 3356 4373 et
3388 4314 3511 4372 sine
3548 4310 3666 4367 dis-

2088 4421 2320 4478 crimine
2347 4422 2737 4477 communicat.

484 4494 699 4567 Τρισσά
725 4496 841 4570 εἴδη
896 4498 1079 4569 φιλίας
1131 4499 1521 4577 διδασκόμεθα,
1555 4506 1651 4561 καὶ
1695 4506 1900 4562 τούτων
1931 4509 1974 4563 τὶ

2170 4512 2314 4568 Ibid.
2340 4544 2410 4555 —
2446 4513 2575 4568 Tria
2636 4526 2759 4568 esse
2789 4504 3046 4564 amicitia:
3074 4516 3281 4575 genera
3313 4497 3614 4555 didicimus
3646 4513 3661 4550 :

415 4587 518 4661 μὲν
555 4590 771 4660 πρῶτον
805 4594 901 4647 καὶ
938 4593 1186 4664 ἄριστον,
1217 4598 1275 4651 τὸ
1330 4600 1447 4653 κατ’
1498 4601 1700 4673 ἀρετήν
1727 4617 1742 4633 ο
1782 4603 1988 4675 στερρά

394 4681 582 4753 .γὰρὴ
611 4684 675 4737 ὲκ
706 4683 868 4755 λόγου
911 4687 1132 4761 ἀγάπη·
1170 4691 1231 4744 τὸ
1260 4690 1318 4745 δὲ
1362 4692 1617 4765 δεύτερον
1650 4695 1746 4748 καὶ
1801 4697 1990 4767 μέσον,

412 4772 475 4825 τὸ
505 4774 627 4826 κατ’
657 4775 893 4849 ἀμοιϐήν
913 4792 927 4809 ⁸
955 4780 1269 4835 κοινωνικὸν
1287 4780 1469 4849 τοῦτο,
1493 4784 1585 4837 καὶ
1615 4786 1989 4854 μεταδοτικὸν,

413 4865 515 4920 καὶ
549 4865 812 4938 βιωφελές
832 4886 847 4901 ο
889 4871 1043 4943 κοινὴ
1070 4872 1179 4942 γὰρ
1212 4875 1243 4945 ἡ
1269 4873 1592 4946 εύχάριστος
1621 4876 1789 4946 φιλία.
1829 4878 1902 4931 T‘o
1934 4878 1991 4932 δὲ

416 4956 652 5013 ὕστατον
674 4960 769 5014 καὶ
802 4962 1005 5033 τρίτον,
1052 4965 1217 5035 ἡμεῖς
1246 4963 1344 5035 μὲν
1381 4966 1443 5019 τὸ
1471 4967 1535 5020 ἐκ
1567 4967 1856 5039 συνηθείας
1884 4986 1991 5039 φα-

420 5051 545 5124 μὲν,
574 5054 623 5107 oi
660 5054 717 5109 δὲ
744 5055 1005 5128 Ἔλληνές
1050 5073 1205 5127 φασι,
1253 5056 1313 5111 τὸ
1358 5059 1484 5112 καθ’
1528 5059 1723 5133 ἡδονὴν
1759 5062 1992 5134 τρεπτὸν

417 5150 516 5205 καὶ
548 5150 907 5223 μετόῶλητον.
943 5150 1153 5206 Οὐκοῦν
1185 5153 1219 5223 ή
1258 5151 1360 5224 μέν
1404 5151 1488 5216 τίς
1541 5154 1658 5207 ἔστι
1702 5134 1991 5225 φδςοσόφου

417 5244 597 5316 ιριλία,
628 5247 665 5317 ὴ
691 5244 748 5299 δὲ
782 5245 1095 5318 ἀνθρώπου,
1121 5248 1153 5318 ἡ
1183 5246 1240 5300 δὲ
1270 5246 1437 5312 ζὼου.

2097 4620 2336 4676 quorum
2400 4605 2638 4675 primum
2694 4610 2747 4657 et
2814 4592 3432 4671 praestantissimumin
3462 4590 3666 4644 virtute

2100 4700 2338 4769 positum
2372 4708 2475 4754 cst.
2508 4696 2691 4751 Firma
2722 4693 2924 4765 quippe
2968 4688 3190 4746 dilectio
3224 4691 3333 4749 est.
3375 4698 3541 4755 quam
3574 4695 3666 4735 ra-

2097 4794 2176 4846 tio
2231 4792 2513 4845 conciliat.
2550 4788 2865 4845 Secundum
2916 4794 2970 4841 et
3004 4782 3271 4844 medium,
3304 4779 3357 4832 in
3386 4791 3451 4831 eo
3485 4788 3667 4829 versa-

2099 4892 2209 4948 Ull‘.
2246 4892 2303 4937 ut
2338 4883 2481 4937 inter
2517 4898 2618 4937 nos
2674 4879 2923 4936 vicissim
2964 4872 3456 4931 communicenms.
3492 4869 3670 4936 Atque

2102 4976 2207 5029 hoc
2262 4990 2483 5046 quoque
2536 4974 2759 5029 liberale
2786 4981 2893 5036 est,
2922 4968 3250 5028 beneﬁcum,
3282 4972 3450 5032 atque
3482 4959 3547 5013 ad
3586 4957 3668 5011 vi-

2099 5079 2207 5125 tam
2246 5070 2504 5125 tuendam
2524 5068 2682 5124 utile.
2717 5065 3040 5122 Communis
3068 5062 3272 5134 quippe
3298 5064 3383 5114 est
3405 5053 3665 5116 amicitia,

2097 5161 2498 5219 beneﬁciorum
2529 5175 2758 5217 memor.
2788 5156 3041 5214 Tertium
3076 5170 3139 5209 ac
3179 5161 3543 5223 postremum,
3568 5158 3671 5198 nos

2006 5284 2011 5287 τ
2102 5256 2325 5325 quidem
2364 5255 2420 5310 id
2448 5254 2593 5326 quod
2628 5251 3033 5309 consuetudine
3081 5242 3451 5303 contrahitur,
3484 5235 3670 5308 appel-

419 5349 601 5404 lamus
634 5362 649 5400 :
683 5344 917 5417 gentiles
947 5360 1081 5399 vero
1126 5344 1179 5399 id
1213 5342 1359 5415 quod
1395 5341 1717 5398 delectabile
1770 5348 1879 5408 est,
1951 5340 2156 5402 fluxum
2232 5357 2287 5402 et
2358 5348 2644 5405 mutabile.
2704 5343 2974 5413 Quocirca
3035 5339 3209 5411 prima
3263 5335 3353 5391 illa
3431 5328 3672 5385 amicitia

417 5440 735 5517 philosophi
764 5446 870 5505 est,
911 5439 1082 5495 altera
1111 5437 1374 5500 hominis,
1395 5436 1561 5493 tertia
1589 5436 1759 5491 bruti.

489 5542 570 5599 Τὸ
624 5541 847 5613 ἀγαπᾷν
891 5539 1018 5603 τοὺς
1048 5538 1299 5611 ἐχθροὺς,
1332 5537 1432 5591 οὐκ
1474 5536 1695 5608 ἀγαπᾷν
1736 5535 1797 5589 τὸ
1830 5535 2000 5590 κακὸν

418 5642 595 5713 λέγει,
622 5638 744 5694 οὐδὲ
772 5636 1049 5701 ἀσέὸειαν,
1088 5634 1210 5688 οὑδὲ
1239 5633 1506 5705 μοιχείαν,
1544 5631 1576 5702 ἢ
1609 5632 1836 5702 κλοπὴν,
1862 5630 1999 5685 ἀλλά

420 5736 518 5794 τὸν
547 5734 811 5805 κλέπτην,
841 5735 937 5787 καὶ
963 5731 1055 5786 τδν
1091 5729 1309 5803 μοιχόν·
1351 5728 1411 5783 οὐ
1444 5726 1565 5782 καθ’
1604 5726 1633 5786 δ
1674 5726 1996 5797 ἁμαρτάνει,

426 5827 525 5887 καὶ
553 5828 617 5901 τῇ
649 5827 781 5899 ποιᾷ
822 5821 1071 5897 ἐνεργείᾳ
1115 5808 1333 5896 μολύνει
1383 5820 1480 5892 τὴν
1512 5816 1799 5890 ἀνθρώπου
1833 5832 1998 5887 προσ-

2180 5532 2453 5604 Ejusdem,
2488 5530 2581 5586 lib.
2625 5546 2698 5586 tv.
2732 5526 2941 5580 -—Dum
2971 5522 3256 5594 Scriptura
3282 5530 3467 5572 amare
3488 5510 3673 5568 inimi-

2107 5643 2203 5682 cos
2259 5625 2432 5695 jubet,
2487 5638 2593 5677 non
2660 5623 2761 5677 hoc
2800 5619 2935 5683 vult,
2984 5624 3042 5670 ut
3077 5613 3280 5669 malum
3312 5620 3581 5669 amemus,
3614 5610 3675 5661 ut

2110 5720 2466 5790 impietatem,
2519 5726 2577 5770 ut
2617 5713 2975 5777 adulterium,
3040 5715 3133 5764 aut
3187 5707 3432 5770 furtum;
3468 5700 3565 5757 sed
3614 5706 3674 5753 ut

2110 5813 2283 5869 furem
2339 5818 2393 5863 ct
2425 5809 2733 5865 adulterum
2771 5823 2783 5859 ε
2813 5820 2924 5862 non
2988 5812 3261 5876 quatenus
3306 5803 3514 5868 peccat.
3543 5800 3596 5848 et
3618 5791 3676 5847 in
