3948 6250
423 296 554 367 ﬁt)?

1607 288 1669 343 S.
1700 283 1937 345 JUANN
1950 286 2021 342 1b
2061 284 2493 349 DAMASCENI

3547 294 3661 360 1208

422 412 541 471 ΠΤ.
630 410 767 465 XXI.
802 437 869 447 -—
902 402 976 459 De
1007 402 1235 459 subditis
1268 419 1286 459 :
1316 398 1478 488 quod;
1516 398 1819 488 praefectis,
1881 399 1991 488 suis

2119 401 2282 488 l‘l'l‘A.
2322 403 2696 488 ΙςΑ’.ο-[Ῑερί
2736 404 3126 488 ῥρχρμένων
3174 408 3264 488 ὅτι
3304 407 3422 488 χρὴ
3463 412 3660 488 αὐτοὺς

482 498 686 554 parere.
709 552 717 554 ἓ
744 490 788 535 et
827 493 1025 532 morem
1064 490 1244 554 gerere
1269 512 1285 537 ,
1338 488 1401 554 ac
1444 469 1696 526 decedere
1734 470 1996 535 debeant,

478 543 669 625 eosque
699 552 982 613 honorare,
1015 543 1107 601 nec
1131 543 1410 600 reluctari.

489 688 657 745 Exod.
690 702 831 749 χχιι,
858 683 952 740 98.
987 711 1056 725 --
1091 701 1109 734 ι
1147 679 1263 736 Diis
1302 693 1412 735 non
1445 676 1729 742 detrahes,
1760 687 1813 734 et
1847 676 2003 748 prin-

418 785 519 856 cipi
550 780 734 853 populi
772 777 848 835 tui
880 790 989 833 non
1016 774 1336 830 maledicas.
1368 791 1387 825 3

480 874 583 931 Job
638 888 821 936 nmv,
849 870 936 924 18.
965 897 1037 910 --
1070 885 1089 921 ι
1124 868 1332 938 Impius
1361 871 1469 927 est,
1513 864 1608 935 qui
1655 862 1793 919 dicit
1828 862 1945 935 regi
1974 882 1990 919 :

409 971 601 1040 inique
630 967 768 1038 agis.
811 962 1053 1034 impius,
1110 961 1203 1032 qui
1255 975 1367 1016 non
1407 960 1684 1015 reveritus
1727 956 1895 1013 fuerit
1925 956 2003 1011 l'a-

414 1065 551 1121 ciem
581 1057 948 1124 honorabilis,
982 1070 1082 1113 nec
1107 1056 1372 1110 honorem
1407 1053 1489 1109 eis
1514 1051 1731 1108 deferre
1755 1051 1931 1107 novit.
1975 1069 1997 1104 3

487 1156 665 1211 Εοσίε.
689 1171 745 1221 x,
782 1153 875 1208 20.
904 1182 975 1193 —-
1002 1170 1021 1203 ‹
1058 1150 1116 1206 ln
1147 1148 1375 1206 scientia
1415 1154 1508 1200 tua
1550 1162 1620 1202 ne
1644 1143 2000 1201 maledixeris

412 1251 621 1322 regi,et
645 1249 698 1304 in
721 1244 1100 1318 penetralibus
1150 1239 1500 1298 cubicuiitui
1531 1255 1599 1295 ne
1642 1237 1999 1294 maledixeris

412 1343 589 1398 diviti.
653 1340 926 1410 Quoniam
998 1337 1254 1393 volucres
1322 1334 1450 1391 cmli
1508 1333 1759 1389 auferent
1809 1347 1997 1389 vocem

411 1449 582 1503 tuam,
610 1443 664 1491 ct
694 1434 789 1506 qui
818 1433 983 1489 habet
1016 1444 1224 1502 pennas
1244 1471 1258 1498 ,
1292 1427 1641 1483 annuntiabit
1686 1441 1997 1483 sermonem

411 1540 588 1584 tuum.
630 1545 650 1580 3

478 1618 637 1673 Prov.
668 1615 927 1683 “min.
964 1634 1023 1651 —-
1069 1632 1085 1664 ι
1125 1611 1284 1667 Time
1322 1610 1517 1673 Deum,
1561 1610 1659 1675 illi,
1689 1618 1743 1663 et
1784 1623 1996 1680 regem,

408 1720 463 1766 et
495 1709 673 1766 neutri
710 1722 902 1765 eorum
949 1701 1318 1769 inobsequens
1339 1699 1437 1755 sis.
1474 1715 1496 1750 3

2175 474 2637 547 ὑποτάσσεσθαι
2670 474 3117 547 τοῖςρρχουσι.
3164 479 3263 533 καὶ
3304 474 3526 543 εἴκειν,
3576 474 3661 538 καί

2175 545 2574 615 παραχωρεῖν,
2606 546 2706 602 καὶ
2737 544 3061 617 τιμᾷν-,καὶ
3091 548 3181 619 μὴ
3215 550 3569 623 ἀντιλέγειν.

2179 705 2199 738 ι
2235 684 2406 750 Θεοῦς
2434 684 2496 739 οὐ
2544 686 2966 761 κακολογήσεις,
3016 688 3114 744 καὶ
3151 690 3394 763 ἄρχοντα
3425 691 3517 748 τοῦ
3548 690 3663 748 λαοῦ

2104 796 2198 834 σου
2233 780 2336 833 οὐκ
2363 781 2512 853 ἐρεῖς
2532 780 2743 846 κακῶς.
2776 801 2794 835 3

2176 889 2196 925 ι
2239 870 2505 944 Ἀσεϐὴς,
2563 873 2623 939 ὃς
2680 874 2831 944 λέγει
2877 875 2958 947 τῷ
3012 875 3256 947 βασιλεῖ,
3320 880 3664 953 Παρανομεῖς.

2114 962 2359 1039 Ἀσεῦὴς,
2392 966 2451 1031 δς
2503 967 2603 1022 οὐκ
2632 968 2895 1041 αἰσχυνθῇ
2948 970 3239 1043 πρόσωπον
3288 972 3532 1046 ἐντίμου,
3560 974 3667 1030 οὐδὲ
3706 982 3707 985 “

2102 1054 2213 1113 οἶδε
2242 1058 2410 1131 τιμὴν
2437 1059 2630 1117 θέσθαι
2659 1061 2897 1127 τούτοις.
2934 1083 2953 1117 3

2180 1172 2199 1204 ι
2245 1153 2333 1208 Ἐν
2362 1153 2566 1226 είδήσει
2603 1172 2697 1210 σου
2758 1155 2986 1229 βασιλέα
3021 1157 3097 1231 μὴ
3148 1159 3458 1233 καταράσῃ.
3488 1159 3577 1213 καὶ
3618 1160 3669 1213 ἐν

2100 1247 2354 1318 ταμείοις
2385 1248 2647 1315 κοιτῶνός
2677 1268 2773 1304 σου
2810 1250 2890 1323 μὴ
2923 1253 3211 1324 καταράσῃ
3267 1253 3550 1308 πλούσιον⁶
3594 1254 3669 1309 ὅτι

2102 1339 2350 1394 πετεινδν
2382 1338 2476 1395 τοῦ
2508 1340 2743 1414 οὐρανοῦ
2783 1344 3004 1399 ἀποίσει
3030 1344 3132 1413 τὴν
3160 1346 3349 1416 φωνήν
3387 1362 3504 1416 σου,
3534 1346 3621 1401 καὶ
3647 1348 3672 1402 ὁ

2101 1433 2243 1505 ἔχων
2274 1435 2575 1508 πτέρυγας,
2602 1436 2899 1507 ἀναγγελεῖ
2925 1438 3088 1509 λόγον
3124 1456 3244 1494 σου.
3279 1458 3298 1493 ›

2178 1627 2196 1661 ι
2225 1609 2400 1663 Φοδοῦ
2433 1609 2526 1665 τὸν
2554 1609 2710 1681 Θεὸν,
2742 1612 2848 1678 υίέ,
2876 1613 2970 1668 καὶ
2993 1612 3245 1686 βασιλέα,
3274 1614 3371 1669 καὶ
3404 1613 3674 1686 μηδετέρῳ

2104 1702 2286 1758 αὐτῶν
2315 1704 2646 1779 amissam.
2678 1727 2697 1760 3

480 1803 655 1858 Eccle.
694 1816 811 1867 Vill,
845 1799 901 1855 2.
934 1830 1005 1843 --
1030 1818 1049 1852 ι
1088 1796 1162 1855 Os
1202 1796 1350 1869 regis
1401 1797 1658 1864 observa,
1703 1806 1760 1853 et
1790 1812 1818 1851 a
1858 1795 1991 1854 facie

2180 1818 2197 1851 ι
2230 1798 2415 1868 Στόμα
2448 1799 2718 1869 βασιλέως
2775 1801 3031 1871 φύλαξον.
3068 1802 3165 1858 καὶ
3211 1802 3322 1858 ἀπὸ
3373 1802 3469 1857 τοῦ
3526 1818 3676 1871 προσ.

408 1898 531 1968 ejus
559 1888 773 1967 p'ergas,
840 1893 1105 1965 quoniam
1141 1892 1326 1945 omnia
1363 1906 1711 1962 qua‘cunque
1757 1892 1998 1947 voluerit

410 1993 612 2058 facere,
640 1990 789 2045 velut
818 2003 909 2043 rex
937 1992 1267 2058 potestatem
1302 1984 1533 2052 habens,
1587 1984 1719 2042 facit
1747 2004 1762 2042 :
1789 1992 1843 2041 et
1872 1984 1997 2057 quis

407 2086 553 2141 dicet
584 2084 633 2139 ei
667 2099 680 2137 :
713 2080 854 2150 Quid
894 2080 1085 2136 facis?
1123 2098 1141 2133 3
1542 2140 1551 2149 _

478 2176 651 2231 Eccti.
676 2192 750 2241 tv,
788 2177 931 2231 7.--
960 2190 981 2227 ι
1016 2170 1275 2242 Magnato
1310 2172 1539 2228 humilia
1577 2179 1744 2243 caput
1779 2182 1987 2227 tuum.3

476 2267 645 2324 Eccli.
684 2282 806 2334 vnt,
842 2268 891 2323 Ι.
929 2295 997 2309 -—
1034 2282 1054 2318 ι
1092 2261 1171 2319 Ne
1238 2264 1421 2335 litiges
1480 2279 1603 2320 eum
1648 2263 1874 2320 homine
1897 2278 1997 2336 po-

409 2367 581 2419 tente.
621 2378 641 2413 ι

480 2451 653 2508 Ecrli.
678 2467 798 2519 xm,
830 2450 919 2505 l2.
945 2480 1017 2491 -—-
1044 2468 1064 2503 ι
1101 2449 1142 2504 Δ
1183 2446 1495 2519 potentiore
1528 2445 1857 2512 advocatus,
1890 2444 1993 2502 de-

407 2546 541 2603 cede
574 2560 679 2600 τοι
710 2544 815 2601 hoc
830 2543 977 2601 enim
1004 2541 1178 2614 magis
1212 2549 1265 2597 te
1301 2538 1615 2595 advocabit.
1660 2557 1681 2590 3

473 2636 643 2694 Χῖοι-ιε.
681 2651 856 2701 xxxn,
888 2634 1104 2690 l5.—c
1160 2630 1220 2689 ιιι
1258 2628 1443 2689 medio
1469 2638 1883 2701 magnatorum,
1924 2645 1997 2687 ne

407 2744 459 2789 te
485 2731 597 2788 illis
627 2741 905 2801 emques.
940 2745 961 2781 3

476 2824 630 2882 Rom.
657 2838 783 2887 xm,
826 2821 881 2889 1,
910 2820 967 2878 2.
1004 2849 1077 2861 -—
1111 2836 1131 2871 ι
1163 2816 1359 2875 Omnis
1406 2815 1589 2873 anima
1626 2815 2000 2888 potestatibus

406 2915 824 2975 sublimioribus
850 2913 1068 2971 subdita
1086 2912 1179 2969 sit.
1205 2908 1326 2969 Non
1347 2910 1493 2967 enim
1513 2920 1598 2967 est
1615 2916 1859 2980 potestas
1891 2909 1996 3003 nisi

405 3027 435 3066 a
469 3011 600 3067 Deo.
630 3008 763 3077 Quae
792 3015 976 3063 autem
1001 3014 1132 3062 sunt
1152 3012 1479 3077 potestates,
1513 3018 1544 3058 a
1576 3002 1688 3060 Deo
1721 3002 1995 3059 ordinatae

2100 1891 2251 1945 ὡπου
2286 1892 2449 1948 αὑτοῦ
2491 1892 2758 1968 πορεύσῃ,
2802 1896 2886 1949 ὅτι
2946 1894 3126 1949 πάντα
3176 1895 3278 1949 ὅσα
3333 1895 3428 1948 ἐὰν
3482 1893 3675 1965 θελήσῃ

2099 1984 2346 2053 ποιῆσαι,
2375 1984 2561 2050 καθὼς
2592 1985 2849 2057 βασιλεὺς
2881 1985 3218 2054 ἐξουσιάζων
3259 1989 3429 2053 ποιεῖ,
3464 1985 3558 2042 καὶ
3597 1985 3681 2049 τίς

2098 2073 2217 2145 ἐρεῖ
2247 2074 2418 2147 αὐτῷ,
2452 2076 2521 2129 Τί
2553 2080 2761 2143 ποιεῖς;
2799 2095 2818 2129 3

2176 2186 2196 2219 ι
2225 2168 2528 2237 Μεγιστᾶνι
2562 2170 2823 2228 ταπεινοῦ
2851 2172 2952 2245 τὴν
2979 2172 3225 2246 κεφαλήν
3259 2192 3376 2230 σου.
3411 2193 3430 2227 3

2174 2276 2193 2312 ι
2221 2259 2314 2332 Μὴ
2340 2260 2608 2333 διαμάχου
2646 2260 2786 2334 μετὰ
2816 2261 3110 2335 ἀνθρώπου
3137 2263 3428 2323 δυνάστου.
3459 2283 3491 2318 τ

2166 2458 2184 2490 ι
2223 2437 2752 2512 Προσκαλεσαμένου
2778 2457 2840 2496 σε
2865 2440 3152 2510 δυνάστου,
3175 2439 3487 2513 ὑποχωρῶν
3508 2437 3680 2511 γίνου.

2096 2531 2195 2587 καὶ
2220 2533 2363 2603 τόσῳ
2395 2550 2456 2586 σε
2481 2532 2682 2604 μᾶλλον
2715 2533 3174 2607 προσκαλέσεται.
3210 2553 3229 2589 ι

2177 2641 2197 2677 ι
2247 2623 2334 2678 Ἑν
2359 2625 2513 2698 μέσῳ
2545 2625 2894 2697 μεγιστάνων
2921 2625 2997 2700 μὴ
3026 2624 3304 2692 ἐξίσασον.
3337 2644 3358 2680 3

2173 2844 2194 2877 ε
2233 2825 2389 2881 Πᾶσα
2417 2824 2563 2899 ψυχὴ
2614 2826 2891 2893 ἐξουσίαις
2930 2826 3335 2901 ὑπερεχούσαις
3376 2828 3686 2887 ὑποτασσέ-

2098 2916 2233 2972 σθω.
2268 2916 2343 2970 Οὐ
2375 2917 2485 2987 γάρ
2532 2918 2683 2971 ἐστιν
2716 2915 2951 2984 ἐξουσία,
2984 2917 3037 2971 ιι
3088 2914 3165 2990 μὴ
3197 2916 3304 2971 ὑπὸ
3331 2914 3498 2972 Θεοῦ.
3528 2916 3595 2971 Δί
3632 2914 3687 2970 δὲ

2094 3006 2250 3065 οὖσαι
2284 3009 2549 3076 ἐξουσίαι,
2568 3008 2675 3064 ὑπὸ
2697 3008 2794 3065 τοῦ
2820 3009 2957 3065 Θεοῦ
2980 3012 3315 3083 τεταγμέναι
3338 3009 3482 3065 είσίν
3503 3028 3518 3042 -
3548 3010 3686 3065 ὥστε

405 3114 557 3159 sunt.
612 3100 806 3172 Itaque
846 3099 940 3172 qui
977 3097 1207 3160 resistit.
1247 3095 1340 3152 Dei
1388 3094 1724 3151 ordiuationi
1758 3094 1988 3151 resistit.

2119 3096 2577 3177 ιντιτασσόμενος,
2613 3106 2680 3176 τῇ
2734 3104 2829 3159 τοῦ
2865 3103 3001 3159 Θεοῦ
3031 3104 3259 3177 διαταγῇ
3304 3103 3688 3175 ἀνθέστηκεν

405 3196 508 3265 Qui
538 3204 723 3254 autem
752 3194 1038 3261 resistunt,
1068 3190 1174 3248 sibi
1200 3188 1614 3246 danmationem
1638 3188 1940 3260 accipient.
1964 3207 1984 3242 3

2119 3194 2146 3249 ,ἱ
2179 3194 2237 3249 δὲ
2264 3193 2684 3268 ἀνθεστηκότες,
2714 3197 2933 3261 ἐαυτοτς
2964 3198 3138 3268 κρῖμα
3166 3195 3461 3267 λήψονται.
3495 3214 3523 3249 3

476 3289 648 3347 Hebr.
687 3287 1009 3355 xrit,l7.—
1041 3303 1062 3339 ι
1094 3282 1329 3342 Obedite
1382 3282 1697 3355 praepositis
1751 3282 1991 3349 vestris,

405 3393 461 3441 et
490 3383 775 3454 subjacele
820 3378 922 3437 eis.
952 3375 1062 3449 lpsi
1098 3377 1247 3433 enim
1290 3373 1622 3447 pervigilant
1650 3388 1751 3445 pro
1776 3372 1992 3428 anima-

405 3480 510 3537 bus
533 3476 759 3538 vestris,
788 3470 947 3545 quasi
977 3470 1248 3527 rationem
1285 3467 1555 3526 reddituri
1593 3483 1692 3541 pro
1723 3468 1905 3533 vobis,
1933 3474 1994 3524 ut

405 3589 533 3630 cum
580 3568 785 3643 gaudio
828 3567 933 3623 hoc
986 3563 1217 3629 faciant,
1255 3572 1314 3619 et
1365 3578 1475 3620 non
1514 3568 1820 3635 gementes.
1874 3558 1991 3619 Hoc

404 3668 552 3725 enim
573 3680 685 3720 non
712 3660 939 3733 expedit
958 3658 1139 3715 vobis.
1166 3676 1186 3710 3

476 3758 504 3814 1
536 3757 684 3814 Patr.
709 3758 773 3824 it,
812 3753 899 3809 l3.
924 3783 995 3795 -—
1021 3771 1039 3804 ι
1076 3748 1319 3820 Subjecti
1337 3755 1515 3806 estote
1544 3748 1693 3805 omni
1720 3754 1991 3803 creatura:

350 3844 353 3845 ν
404 3858 631 3926 propter
651 3848 819 3905 Deum
850 3864 864 3903 :
897 3846 1014 3901 sive
1032 3843 1143 3914 regi
1167 3842 1326 3914 quasi
1352 3840 1711 3913 praecellenti,
1738 3838 1855 3898 sive
1885 3840 1990 3896 du-

404 3946 565 4001 cibus
591 3952 853 4011 tanquam
886 3937 954 3993 ab
978 3950 1043 3993 eo
1068 3934 1254 3991 missis
1282 3952 1299 4003 ;
1329 3933 1395 3990 ad
1426 3931 1730 3989 vindictam
1762 3930 1986 4003 quidem

401 4040 699 4101 bonorum,
726 4054 745 4089 3
775 4041 885 4091 etc.

474 4131 703 4205 Ignatil.
759 4158 831 4171 -—
865 4124 1070 4182 Caesari
1106 4122 1342 4193 subjecti
1384 4128 1563 4178 estote
1598 4119 1654 4175 in
1688 4120 1755 4176 iis
1796 4118 1986 4183 rebus,

402 4231 458 4285 in
488 4226 690 4299 quibus
706 4222 756 4278 ei
789 4234 981 4289 parere
1006 4214 1256 4290 periculo
1302 4220 1476 4272 caret.
1503 4243 1572 4257 —
1598 4211 1983 4277 inferioribus,

401 4331 456 4377 et
520 4320 589 4376 iis
639 4315 733 4389 qui
764 4310 1014 4385 sibiipsis
1060 4310 1337 4381 imperare
1391 4308 1668 4370 nesciunt,
1730 4305 1983 4362 beneficii

404 4430 532 4487 pars
556 4419 662 4470 est.
718 4420 779 4464 ut
827 4406 897 4462 iis
948 4404 1194 4463 serviant
1248 4400 1344 4474 qui
1384 4407 1537 4457 recte
1581 4409 1635 4457 et
1678 4400 1814 4455 scite
1849 4414 1987 4471 pra:-

404 4524 553 4569 sunt.

469 4606 529 4663 S.
564 4601 719 4672 Greg.
750 4597 1023 4654 Nazianz.
1052 4602 1193 4650 orat.
1242 4591 1311 4648 ad
1340 4589 1577 4662 prwfect.
1612 4620 1675 4631 -
1712 4586 1988 4659 Subjieia-

406 4715 553 4764 mur,
583 4710 707 4750 eum
732 4692 863 4755 Deo,
921 4698 1040 4744 tum
1088 4686 1183 4742 alii
1237 4683 1383 4745 aliis,
1420 4690 1536 4737 tum
1565 4679 1799 4737 terrenis
1828 4678 1987 4750 prin-

406 4794 623 4865 cipibus
652 4808 669 4859 ;
698 4786 810 4843 Deo
835 4783 1057 4858 quidem
1094 4778 1354 4835 omnibus
1382 4775 1448 4831 de
1476 4773 1662 4830 causis
1688 4794 1703 4830 :
1727 4773 1984 4839 invicem,

406 4893 629 4960 propter
661 4883 965 4937 fraternam
1022 4874 1377 4932 dilectionem
1427 4887 1440 4922 :
1485 4866 1827 4938 principibus
1859 4882 1988 4938 pro-

408 4991 526 5051 pter
556 4974 805 5032 ordinem
835 4988 851 5037 ;
914 4969 1081 5041 idque
1127 4982 1192 5021 eo
1225 4963 1419 5033 magis,
1450 4977 1557 5033 quo
1598 4960 1985 5016 clementiores

406 5086 456 5129 ct
482 5066 837 5140 benigniores
879 5079 939 5119 se
964 5056 1255 5133 gesserint.
1293 5054 1475 5110 Grave
1510 5052 1781 5123 siquidem
1811 5060 1893 5106 est
1924 5066 1985 5105 ac

406 5162 801 5237 periculosum,
825 5154 1048 5213 assidua
1081 5149 1415 5223 indulgentia
1437 5143 1865 5202 moderationem
1895 5159 1989 5197 ex.

406 5235 631 5316 haurire
651 5269 747 5310 :ne
770 5247 977 5318 alioqui
1001 5242 1318 5318 asperitatis
1344 5256 1531 5297 eorum
1562 5251 1737 5311 pretia:
1766 5235 1987 5291 tandem

404 5370 434 5409 a
468 5351 627 5408 nobis
643 5351 992 5420 expetantur,
1024 5339 1091 5408 si,
1118 5336 1415 5395 serenitate
1444 5332 1645 5391 mentis
1664 5330 1906 5395 sublata,
1930 5336 1986 5385 et

402 5446 513 5503 luci
546 5443 845 5515 caliginem
870 5433 1277 5499 induxerimus,
1341 5429 1602 5501 mellique
1640 5422 1981 5483 absinthium

408 5535 890 5596 adtuiscuetimus.

2169 3303 2190 3338 ι
2223 3285 2486 3341 Πείθεσθε
2520 3288 2636 3352 τοῖς
2682 3287 3009 3358 ἡγουμένοις
3051 3285 3229 3354 ὑμῶν,
3275 3286 3372 3341 καὶ
3397 3284 3687 3340 ὑπείκετε.

2089 3378 2260 3434 Αὐτοὶ
2289 3379 2401 3451 γάρ
2440 3378 2817 3451 ἀγρυπνοῦσιν
2846 3379 2989 3451 ὑπὲρ
3028 3378 3139 3434 τῶν
3167 3378 3359 3450 ψυχῶν
3397 3378 3431 3433 ὑ
3442 3379 3587 3450 μῶν,
3612 3377 3686 3442 ὼς

2089 3474 2249 3544 λόγον
2278 3474 2679 3538 ἀποδώσοντες,
2737 3472 2824 3527 ἶνα
2857 3472 2997 3545 μετὰ
3043 3474 3222 3545 χαρᾶς
3265 3470 3426 3525 τοῦτο
3458 3471 3685 3538 ποιῶσι,

2089 3570 2186 3625 καὶ
2220 3567 2300 3643 μὴ
2332 3566 2705 3634 στενάζοντες.
2750 3563 3092 3631 Ἀλυσιτελές
3122 3563 3236 3638 γὰρ
3268 3564 3401 3637 ὑμῖν
3428 3563 3621 3620 τοῦτο.
3660 3578 3687 3616 ι

2168 3770 2188 3806 ι
2228 3747 2575 3821 Ὑποτάγητε
2627 3745 2779 3819 πάσῃ
2833 3744 3155 3819 ἀνθρωπίνῃ
3208 3741 3388 3799 κτίσει
3440 3743 3539 3799 διὰ
3592 3740 3687 3798 τὸν

2089 3846 2318 3920 Κύριον,
2349 3846 2461 3900 εἴτε
2509 3840 2724 3915 βασιλεῖ
2755 3841 2832 3908 ὡς
2868 3840 3215 3915 ὑπερέχοντι,
3270 3838 3384 3893 εἴτε
3412 3838 3685 3910 ἡγεμόσι,

2089 3937 2167 4003 ὡς
2190 3937 2257 3991 δι’
2285 3934 2452 3991 αὑτοῦ
2492 3931 2901 4007 πεμπομένοις,
2937 3930 3018 3999 είς
3046 3930 3331 4003 διιδίκησιν
3364 3928 3473 4003 μὲν
3516 3944 3687 3984 κακο-

2090 4029 2286 4085 ποιῶν.
2319 4046 2339 4079 3
2444 4024 2445 4027 “

2162 4121 2252 4195 Τῷ
2284 4121 2524 4193 Καίσαρι
2556 4118 2890 4191 ὑποτάγητε,
2920 4117 2979 4171 ἐν
3010 4111 3095 4181 οἷς
3138 4114 3429 4180 ἀκίνδυνος
3477 4116 3513 4186 ἠ
3560 4115 3683 4168 ὑποο

2089 4218 2253 4288 ταγή.
2275 4247 2344 4260 —-
2370 4226 2411 4255 ιιι
2442 4213 2748 4289 Εὕεργεσία
2769 4214 2883 4277 τοῖς
2911 4211 3342 4283 ὑποδεεστέροις,
3367 4211 3466 4263 καὶ
3491 4209 3686 4278 ἄρχειν

2090 4310 2297 4368 ἑαυτῶν
2334 4310 2408 4383 μὴ
2446 4307 2854 4382 ἐπισταμένοις.
2880 4305 2943 4361 τδ
2969 4302 3245 4360 δουλεύειν
3261 4305 3378 4366 τοῖς
3405 4300 3539 4359 κατ’
3559 4304 3681 4356 ἐπι-

2092 4408 2191 4479 στή
2203 4423 2309 4478 μην
2339 4404 2624 4477 ἄρχουσιν.

2163 4584 2663 4658 ’Υποτασσὼμεθα,
2694 4583 2788 4637 καὶ
2814 4580 2957 4651 Θεῷ,
2988 4580 3084 4633 καὶ
3126 4574 3403 4648 ἀλλήλοις,
3438 4574 3539 4629 καὶ
3567 4572 3684 4637 τοῖς

2083 4684 2356 4755 ἐπιγείοις
2384 4683 2642 4754 ἄρχουσι·
2662 4675 2781 4747 Θεῷ
2800 4676 2890 4730 διὰ
2915 4673 3116 4736 παντός
3137 4688 3152 4705 ο
3176 4670 3266 4726 διὰ
3292 4666 3680 4740 φιλαδελφίαν,

2084 4779 2365 4851 άλλήλοις’
2399 4774 2468 4829 δι’
2516 4772 2797 4839 εὐταξίαν,
2826 4770 2943 4833 τοῖς
2980 4768 3270 4839 ἄρχουσιν
3307 4762 3405 4818 καὶ
3431 4760 3682 4833 τοσούτῳ

2088 4875 2289 4947 μᾶλλον
2314 4872 2534 4945 ὅσῳπερ
2562 4868 2627 4922 ἃν
2656 4860 2789 4921 ὦσιν
2813 4861 3157 4937 ἡμερώτεροι
3178 4860 3274 4914 καὶ
3290 4857 3679 4930 χρηστότεροι.

2084 4969 2268 5023 Δεινὸν
2302 4967 2413 5037 γὰρ
2476 4961 2779 5018 ἐπιείκειαν
2836 4957 3145 5027 δαπανῆσαι
3179 4953 3258 5025 τῷ
3311 4952 3533 5022 συνεχεῖ
3583 4948 3683 5019 τῆς

2090 5060 2457 5133 συγγνώμης,
2514 5059 2603 5111 ἵνα
2639 5056 2713 5127 μὴ
2773 5052 3000 5123 καὶτῆς
3057 5049 3289 5103 ἐκείνων
3331 5044 3682 5127 τραχύτητος

2088 5158 2244 5214 αὐτοὶ
2287 5154 2443 5217 δίκας
2499 5148 2933 5220 ἀπαιτηθῶμεν,
2990 5142 3233 5214 γαλήνην
3294 5133 3683 5210 πνευματικὴν

2087 5249 2380 5312 λύσαντες,
2412 5244 2509 5299 καὶ
2548 5240 2691 5312 φωτὶ
2724 5237 2889 5309 ζόφον
2919 5233 3318 5307 ἐπαγαγόντες,
3359 5226 3459 5285 καὶ
3497 5225 3680 5302 μέλιτι

2090 5339 2530 5411 καταμιγνύντες
2564 5332 2835 5407 ἀψίνθιον.

1896 5695 2133 5755 ΝΟΤΛΕ.

481 5806 727 5885 ’¹¹,5ἱιιιὶιο
764 5808 894 5884 quid
918 5806 1089 5864 habes
1120 5806 1179 5860 in
1197 5801 1432 5868 epistola
1464 5797 1788 5870 interpolata
1844 5795 1911 5851 ad
1941 5789 2473 5862 Philadelphienses.
