3886 6248
245 340 371 407 i209

1468 334 1707 397 SACRA
1747 333 2193 397 PARALLELA

3347 329 3495 400 1210-

302 453 433 516 Τοὺς
466 450 573 506 ὑπὸ
618 439 887 519 βασιλέως
935 450 1450 520 χειροτονουμένους
1487 446 1760 520 ἄρχοντας

1973 444 2252 518 Chrysost.
2285 477 2356 489 --
2376 445 2695 512 Praefectos,
2715 445 2809 518 qui
2846 445 2916 503 ab
2938 444 3276 518 imperatore
3289 458 3482 501 crean-

239 547 337 603 κᾶν
355 543 577 616 πονηροὶ
601 536 757 612 ὦσιν,
790 543 985 616 ἕτερον
1011 540 1308 597 δεδοικέναι
1335 539 1465 613 χρὴ,
1495 542 1557 597 οὐ
1577 538 1667 595 διὰ
1697 538 1797 612 τὴν

236 635 481 711 πονηρίαν
504 632 979 708 καταφρονοῦντες
1009 633 1213 698 αὐτῶν,
1239 633 1376 688 ἀλλὰ
1406 632 1495 689 διὰ
1517 632 1616 707 τὴν
1640 630 1797 699 ἀξίαν

233 731 320 786 τοῦ
346 728 823 802 χειροτονήσαντος
859 725 1293 799 δυσωπούμενοι.

294 909 492 972 Πάντες
520 908 569 963 οἰ
594 906 859 980 ἄρχεσθαι
895 906 1085 972 κακῶς
1124 906 1530 979 μεμαθηκότες,
1568 908 1664 961 καὶ
1690 904 1795 980 ἃρ-

226 1022 335 1078 χειν
351 1003 608 1072 εἴσονται,
641 1001 1008 1074 παρελθόντες
1036 1001 1117 1067 είς
1148 1001 1405 1068 ἐξουσίαν
1428 1000 1623 1055 αὐτοῦ.

298 1185 356 1239 '0
387 1182 574 1256 μαθὼν
598 1182 883 1254 ἄρχεσθαι,
936 1180 1032 1235 καὶ
1062 1179 1254 1252 ἄρχειν
1302 1176 1466 1242 εὐθὺς
1500 1175 1785 1247 μανθάνει.

221 1281 343 1337 Οὐδὲ
374 1279 483 1351 γὰρ
532 1279 581 1335 εἰ
630 1279 816 1351 πάσης
863 1277 974 1349 γῆς
1027 1275 1127 1330 καὶ
1170 1274 1444 1345 θαλάττης
1490 1272 1556 1326 τὸ
1586 1270 1789 1343 κράτος

217 1372 464 1445 ἀνάψοιτό
498 1388 609 1440 τις,
656 1370 841 1444 ἄρχων
888 1370 953 1425 ἂν
980 1370 1064 1442 εἴη
1107 1370 1246 1441 πρὸς
1287 1367 1571 1441 ἀλήθειαν,
1602 1367 1651 1420 εἰ
1711 1362 1788 1437 μὴ

217 1466 368 1539 μάθοι
399 1464 497 1519 καὶ
526 1461 951 1536 προπαιδευθείη
981 1462 1044 1516 τὸ
1071 1461 1358 1535 ἄρχεσθαι.

278 1559 348 1613 Τὸ
377 1556 780 1613 ὑποτάττεσθαι
815 1558 934 1621 τοῖς
979 1556 1313 1630 κρείττοσιν,
1361 1553 1785 1625 ὠφελιμώτατον

212 1647 473 1722 ἀνθρώπῳ
492 1664 508 1679 ·
535 1648 772 1721 χαλεποῦ
803 1649 956 1715 ὄντος
979 1650 1042 1705 τὸ
1081 1649 1284 1704 εἰδέναι
1331 1648 1619 1720 ἄρχεσθαι,
1668 1666 1784 1702 κιν-

211 1742 411 1798 δυνεύει
440 1741 622 1814 mne
648 1741 1029 1817 χαλεπώτερον
1056 1743 1118 1797 τὸ
1160 1742 1348 1814 ἄρχειν
1382 1739 1707 1813 ἀνθρώπων.

215 1939 382 1999 ῙἸΤΔ.
404 1941 754 2012 KRC—11891
778 1941 1091 2067 drapxlzg,
1113 1939 1415 2012 ἤτοιλαοῦ
1426 1938 1514 2012 μὴ
1533 1940 1785 2013 ἔχοντος

851 2029 995 2067 :wm
1032 2028 1129 2067 να.

851 2028 1129 2083 πυθμένα.

275 2147 293 2182 ι
328 2129 588 2201 Ποιήσεις
634 2128 763 2193 τοὺς
814 2126 1140 2200 ἀνθρώπους
1178 2128 1254 2193 ὡς
1298 2128 1427 2193 τοὺς
1463 2127 1654 2200 ἰχθύας
1681 2131 1787 2203 τῆς

204 2222 499 2293 θαλάσσης,
524 2222 624 2278 καὶ
642 2220 719 2287 ὥς
734 2221 803 2277 τὰ
821 2220 1029 2294 ἑρπετὰ
1055 2222 1157 2276 οὐκ
1179 2221 1373 2293 ἔχοντα
1406 2203 1729 2294 ἡγούμενον.
1756 2239 1776 2273 ι

270 2334 292 2370 ι
362 2313 575 2371 Ἐλθὼν
619 2315 953 2389 ό,’1ησοῢς,
1022 2310 1160 2369 εἶδεν
1215 2314 1372 2387 ὄχλον
1436 2314 1625 2383 πολὺν,
1684 2315 1781 2370 καὶ

202 2408 613 2483 ἐσπλαγχνίσθη
648 2410 739 2466 ἐπ’
791 2410 1017 2477 αὐτοῖς,
1079 2410 1163 2464 ὅτι
1216 2404 1359 2482 ἦσαν
1408 2408 1483 2473 ὡς
1531 2407 1785 2480 πρόϐατα

202 2502 493 2575 ἀποίμενα.
532 2521 553 2557 ι

264 2597 336 2652 Τό
351 2614 409 2652 τε
436 2596 700 2670 ἄναρχον,
726 2596 961 2653 ἄτακτον
985 2613 998 2627 ·
1017 2594 1078 2649 τὺ
1100 2594 1435 2667 πολύαρχον,
1460 2594 1781 2661 στασιῶδες,

203 2689 289 2743 καὶ
312 2688 491 2754 οὕτως
518 2690 777 2762 ἄναρχον,
808 2688 903 2742 καὶ
925 2687 1101 2753 οὕτως
1146 2688 1406 2743 ἄτακτον.
1443 2688 1536 2753 Εἰς
1585 2688 1785 2744 ταύτὸν

199 2781 301 2854 γὰρ
326 2782 625 2854 ἀμφότερα
656 2782 835 2853 φέρει,
887 2780 986 2853 τὴν
1018 2778 1271 2848 ἀταξίαν,
1322 2782 1403 2847 είς
1441 2779 1499 2835 δὲ
1535 2779 1776 2837 ἔκλυσιν.

210 2873 429 2940 ’Δταξία
458 2874 573 2949 γὰρ
606 2873 805 2947 μελέτη
836 2873 1069 2938 λύσεως.

1900 547 2011 606 tur,
2043 538 2263 595 tametsi
2299 538 2466 610 359
2517 538 2757 610 improbi
2815 548 2968 607 sunt,
3028 544 3275 595 metuere
3298 544 3484 593 tamen

1896 631 2187 697 debemus,
2221 646 2322 687 nec
2352 646 2450 688 eos
2479 631 2766 703 aspernari
2796 642 3021 704 propter
3053 629 3484 702 improbitatem,

1907 725 2005 781 scd
2035 732 2262 796 propter
2298 722 2422 797 ejus
2452 739 2484 781 a
2513 739 2622 798 quo
2655 724 2942 781 constituti
2971 730 3124 791 sunt,
3160 717 3480 796 digntlatem

1896 818 2167 874 revereri.

1963 908 2207 981 Iosephi.
2235 939 2306 953 --
2330 906 2533 967 Omnes
2563 908 2661 981 qui
2690 908 2929 967 subesse
2963 914 3020 965 et
3047 920 3249 979 parere,
3271 904 3481 963 didice-

1894 1011 2044 1072 runt,
2074 1010 2225 1059 recte
2256 1016 2480 1075 quoque
2508 1003 2690 1061 scient
2715 995 3012 1074 imperare,
3051 1000 3146 1057 ubi
3176 997 3481 1057 auctorita-

1893 1107 2003 1154 tem
2034 1096 2399 1155 obtinuerint.

1966 1190 2179 1248 Plu'ton.
2197 1190 2386 1259 —Qui
2400 1189 2629 1248 subesse
2645 1187 2858 1255 didicit,
2874 1188 2994 1244 aliis
3010 1199 3226 1259 quoque
3244 1196 3479 1256 praeesse

1891 1284 2297 1356 quamprimum
2346 1284 2504 1341 sciet.
2546 1280 2738 1354 Neque
2771 1281 2918 1338 enim
2951 1279 2997 1335 si
3037 1278 3163 1351 quis
3209 1278 3479 1334 universae

1890 1384 2051 1432 terra:
2068 1384 2121 1432 et
2150 1375 2320 1433 maris
2355 1374 2650 1446 imperium
2674 1370 3008 1445 susceperit,
3038 1386 3165 1426 vere
3189 1375 3478 1442 prepterea

1890 1468 2143 1541 princeps
2174 1467 2359 1533 fuerit,
2400 1466 2508 1523 nisi
2534 1466 2690 1538 prius
2716 1466 2882 1522 etiam
2913 1477 3106 1535 parere
3132 1460 3411 1520 didicerit.

1958 1560 2021 1618 S.
2053 1560 2276 1634 (ἕτερον.
2342 1559 2619 1616 Nazianz.
2664 1588 2738 1602 -ο
2780 1557 3099 1614 Potioribus
3161 1554 3477 1625 subjectum

1885 1669 2007 1712 esse
2028 1670 2117 1711 res
2142 1653 2397 1728 perutilis
2420 1663 2527 1709 est.
2552 1653 2691 1711 Cum
2717 1650 2928 1707 homini
2957 1664 3122 1722 grave
3144 1649 3234 1713 sit,
3259 1647 3305 1703 si
3337 1645 3482 1702 sciat.

1885 1761 1947 1803 se
1981 1746 2088 1803 sub
2126 1754 2403 1819 potestate
2432 1762 2578 1813 esse,
2632 1753 2751 1801 tum
2795 1745 2957 1817 longe
2986 1740 3163 1815 magis
3194 1738 3476 1813 periclita-

1813 1815 1853 1870 θ
1882 1851 1992 1923 tur,
2017 1841 2065 1898 si
2098 1840 2419 1899 hominibus
2447 1841 2705 1913 imperet.

1885 1953 2023 2012 Tl'l‘.
2048 1953 2215 2013 XXII.
2240 1984 2312 1997 --
2347 1954 2419 2010 De
2449 1953 2706 2009 anarchia
2730 1993 2746 2020 ,
2785 1951 2893 2008 sive
2940 1951 3003 2006 de
3035 1948 3231 2021 populo
3259 1947 3349 2019 qui
3377 1962 3482 2018 ρας

2493 2034 2635 2081 store
2660 2032 2861 2079 careat.

1961 2138 2168 2199 Hebae.
2199 2155 2243 2209 ι,
2279 2140 2368 2197 Η.
2400 2171 2471 2183 -
2501 2160 2520 2194 ι
2558 2140 2751 2199 Facies
2812 2137 3068 2196 homines
3102 2135 3261 2207 quasi
3289 2136 3480 2208 pisces

1885 2233 2078 2298 maris,
2104 2242 2160 2289 et
2178 2234 2337 2303 quasi
2370 2232 2587 2304 reptilia
2618 2247 2726 2287 non
2758 2230 3017 2287 habentia
3048 2230 3268 2285 ducem.
3302 2248 3321 2279 ι

1956 2322 2157 2380 Matth.
2191 2342 2271 2392 tr,
2322 2325 2514 2382 '56.-—
2544 2345 2563 2379 ι
2599 2326 2738 2381 Cum
2798 2324 3040 2381 venisset
3091 2322 3279 2386 Jesus.
3337 2320 3487 2377 vidit

1884 2417 2101 2472 turbam
2155 2431 2407 2488 magnam
2434 2454 2449 2481 ,
2480 2423 2538 2472 et
2594 2417 2861 2471 misertus
2898 2421 2981 2471 est
3012 2413 3116 2479 eis,
3146 2411 3275 2483 quia
3313 2416 3481 2468 erant

1882 2509 2027 2565 sicut
2056 2523 2186 2565 oves
2218 2524 2325 2564 non
2358 2508 2623 2565 habentes
2655 2518 2949 2579 pastorem.
2990 2525 3009 2557 ι

1952 2599 2013 2656 S.
2048 2599 2264 2671 (ἕτερον.
2302 2598 2575 2655 Nazianz.
2599 2609 2739 2655 orat.
2761 2599 2852 2656 55.
2883 2630 2942 2641 —
2976 2597 3134 2667 Quod
3167 2595 3288 2653 sine
3317 2596 3475 2667 prin-

1882 2694 2005 2766 cipe
2036 2703 2143 2760 est,
2170 2693 2365 2750 ordine
2388 2704 2580 2751 caret:
2613 2694 2760 2765 quod
2788 2702 2974 2750 autem
3016 2692 3219 2748 multos
3262 2690 3475 2763 princi-

1888 2800 1986 2857 pes
2013 2784 2179 2841 habet
2206 2824 2221 2851 ,
2255 2782 2509 2841 dissidiis
2540 2784 2843 2840 obnoxium
2891 2792 2996 2848 est,
3055 2783 3303 2853 adeoque
3346 2796 3476 2837 cum

1892 2879 2279 2953 principatus,
2347 2887 2462 2933 tum
2516 2878 2729 2935 ordinis
2786 2894 3005 2950 expers.
3060 2876 3262 2932 Eodem
3326 2874 3479 2931 enim

196 2976 496 3037 utrumque
547 2966 762 3031 tendit,
822 2964 890 3021 ad
939 2964 1414 3036 perturbationem
1462 2966 1767 3036 nimirum,
1822 2971 2074 3043 quinimo
2101 2969 2169 3027 ad
2201 2968 2642 3028 dissolutionem.
2678 2967 2813 3024 Nam
2878 2968 3226 3041 pet-turbatio
3293 2968 3476 3024 disso"

197 3060 415 3117 lutionis
436 3059 840 3116 commentatio
862 3066 966 3114 est.

268 3157 332 3211 'H
360 3156 464 3229 μὲν
494 3155 692 3221 ἀταξία
708 3154 976 3227 ἀναρχίας
997 3155 1117 3211 ἐστὶ
1139 3154 1431 3229 γνώρισμα
1452 3174 1469 3191 ο
1492 3159 1529 3232 ἡ
1555 3158 1612 3213 δὲ
1634 3159 1778 3229 τάξις

1964 3155 2230 3212 Athenas.
2280 3184 2353 3197 —-
2407 3154 2634 3211 Ordinis
2689 3151 3034 3224 perturbatio
3087 3159 3470 3222 argumentum

194 3250 278 3304 τὸν
308 3246 1039 3338 ἡγεμονεύοντατδείκνυσιν.

258 3428 433 3483 Ἔνθα
462 3427 543 3502 μή
570 3427 721 3491 ἔστιν
771 3426 978 3509 ἄρχῳν,
1002 3426 1121 3483 ἐκεῖ
1147 3427 1367 3494 πάντως
1402 3430 1600 3498 ἀταξία
1624 3434 1774 3504 γίνε-

190 3535 294 3576 ται.
336 3521 611 3592 ’Δναρχία
649 3518 851 3589 μᾶλλον
882 3520 975 3574 καὶ
999 3518 1211 3589 στάσις,
1233 3520 1293 3586 ὲξ
1322 3520 1597 3593 ίσοτιμίας
1628 3524 1783 3579 ἀντι-

190 3614 615 3687 ωρεξαγομένη
648 3612 972 3686 πολυαρχία.

253 3786 323 3846 Ὅ
353 3792 508 3863 πόσα
535 3791 631 3847 καὶ
665 3791 832 3864 ἡλίκα
852 3792 1001 3848 κακὰ
1039 3793 1099 3860 ἐξ
1128 3793 1393 3867 ἀναρχίας
1424 3793 1654 3866 (poetas!
1680 3794 1780 3850 Λί-

192 3885 309 3957 μὸς,
342 3887 604 3959 πόλεμος,
631 3885 862 3960 δῃώσεις
890 3888 1126 3960 χωρίων,
1146 3890 1407 3961 στέρησις
1438 3890 1767 3963 χρημάτων,

189 3976 514 4049 ἀπαγωγαὶ,
549 3977 600 4031 οί
639 3978 770 4049 περί
794 3977 1039 4045 δουλείας
1069 3981 1162 4035 καὶ
1191 3979 1426 4036 θανάτου
1451 3980 1631 4053 φόϐοι.

292 4205 487 4261 ΤΙΤΛ..
528 4201 745 4262 Kl".-—
770 4203 907 4276 Περί
942 4206 1216 4275 ἁκηὸίας,
1253 4207 1350 4264 καί
1385 4210 1662 4281 ἀθυμίας.

262 4335 283 4370 ι
320 4318 440 4371 Ἵνα
472 4316 527 4371 τί
559 4316 860 4388 περίλυπος
890 4313 1015 4392 εἶμί]
1042 4318 1186 4394 ψυχή
1216 4338 1349 4394 μους
1373 4322 1461 4377 ἵνα
1486 4323 1542 4379 τί
1576 4343 1775 4381 συντα-

194 4409 413 4481 ράσσεις
445 4426 516 4482 με
540 4428 555 4475 ;
594 4428 613 4464 ι

1885 3256 1994 3314 est,
2026 3245 2305 3301 neminem
2333 3260 2458 3302 esse
2499 3244 2594 3314 qui
2628 3249 2801 3314 regat.
2831 3241 2979 3298 Ordo
3009 3248 3192 3295 autem
3217 3239 3471 3296 modera-

1883 3345 2058 3394 torem
2087 3337 2312 3396 indicat.

1956 3431 2179 3502 Dionys.
2207 3460 2277 3470 —
2314 3428 2418 3484 Ubi
2448 3445 2555 3484 non
2591 3436 2673 3483 cst
2699 3426 2979 3498 princeps,
3022 3424 3100 3480 ibi
3130 3422 3288 3495 plane
3322 3421 3472 3479 ordi-

1882 3527 1972 3584 nis
2004 3525 2348 3597 perturbatio
2378 3534 2483 3579 est.
2536 3521 2834 3576 Multorum
2871 3518 3135 3590 regimen,
3164 3516 3252 3569 ubi
3280 3530 3470 3571 omnes

1882 3620 2091 3675 bonore
2131 3627 2263 3674 sunt
2289 3616 2553 3688 aequales,
2586 3610 2876 3687 potestatis
2909 3609 3150 3669 subiatio
3187 3616 3241 3663 et
3267 3607 3471 3664 solutio

1919 3712 2069 3766 otius
2098 3717 2206 3765 est.

1919 3728 2069 3766 ouus
2098 3728 2206 3765 ρει.

1882 3728 1915 3783 p
1958 3804 2177 3858 Philan.
2200 3830 2266 3843 —-
2303 3799 2346 3857 Ο
2370 3809 2504 3873 quot
2536 3812 2812 3870 quamque
2862 3794 3048 3869 gravia
3083 3793 3224 3848 mala
3259 3790 3469 3848 exstin-

1877 3908 1972 3953 cto
2019 3897 2329 3968 principatu
2386 3894 2726 3949 nascuntur!
2769 3888 2985 3955 Fames,
3023 3887 3249 3952 bellum,
3287 3885 3466 3955 regio-

1878 4008 2009 4048 num
2053 3988 2463 4062 pepulationes,
2496 4001 2666 4058 opuut
2706 3982 3055 4055 creptiones,
3083 3978 3466 4044 abductiones,

1877 4083 2163 4140 servitutis
2192 4092 2247 4139 et
2278 4079 2473 4137 mortis
2503 4087 2703 4135 metus.

1950 4218 2084 4276 ΤίΤ.
2120 4217 2312 4275 XXIII.
2350 4248 2413 4259 —
2441 4216 2513 4272 De
2543 4214 2751 4278 acedia,
2784 4222 2833 4267 et
2860 4210 3154 4283 defectione
3188 4207 3376 4264 animi.

1948 4334 2099 4390 Psal.
2125 4350 2235 4402 xu,
2270 4332 2321 4389 6.
2349 4364 2423 4375 -—
2455 4351 2474 4384 ι
2508 4333 2686 4398 Quare
2714 4326 2886 4384 tristis
2910 4342 2992 4394 es,
3028 4324 3209 4379 anima
3235 4336 3377 4389 mea,
3408 4328 3465 4376 et

1876 4443 2049 4499 quare.
2073 4427 2374 4483 conturbas
2399 4425 2519 4481 me?
2548 4444 2569 4477 ι

266 4517 284 4551 ι
334 4502 427 4555 Ἐν
468 4499 544 4573 τῷ
571 4501 867 4573 ἀκηδιᾶσαι
900 4502 999 4578 τὴν
1045 4504 1276 4578 καρδίαν
1313 4524 1418 4580 μου
1465 4510 1525 4561 ὲν
1571 4510 1770 4582 πέτρᾳ,

1950 4521 2101 4576 Ρδαί.
2130 4538 2219 4586 u,
2258 4522 2313 4575 '5.
2338 4549 2407 4562 --
2436 4537 2455 4571 ι
2488 4517 2623 4575 Cum
2653 4515 2971 4571 anxiaretur
3000 4520 3055 4570 et
3084 4510 3342 4569 deﬁceret
3367 4522 3463 4565 cor

194 4592 417 4664 ὖψωσόις
448 4612 537 4666 με.
576 4612 595 4647 ι

269 4707 289 4740 ι
324 4687 718 4761 Ἢδολέσχησα,
739 4687 833 4744 καὶ
858 4689 1237 4765 ὠλιγοψύχησε
1262 4692 1323 4747 τὸ
1345 4692 1563 4765 πνεῦμά
1592 4710 1715 4765 μου,
1751 4710 1769 4744 ι

269 4904 289 4938 ι
342 4884 673 4952 Ἐνὺσταξεν
706 4886 739 4955 ἡ
774 4884 918 4957 ψυχή
952 4902 1053 4957 μου
1106 4886 1213 4939 ἀπὸ
1255 4886 1507 4958 ἀκηδίας,
1546 4885 1775 4958 βεϐαίων

192 4979 283 5034 σόν
315 4998 383 5052 με
413 4982 474 5035 ὲν
518 4980 629 5043 τοῖς
655 4978 835 5049 λόγοις
872 4996 986 5034 σου.
1030 4980 1263 5050 Ἀθυμία
1304 4980 1537 5051 κατέσχε
1574 4998 1641 5053 με
1668 4981 1776 5034 ἀπὸ

190 5070 541 5147 ἁμαρτωλῶν
560 5071 666 5125 τῶν
688 5071 1275 5141 ὲγκαταλιμπανόντων
1302 5073 1391 5126 τὸν
1412 5073 1573 5144 νόμον
1600 5092 1714 5127 σου.
1751 5093 1769 5125 ι

267 5183 288 5215 ι
336 5163 641 5235 ’ἰσχύσατε,
674 5167 855 5236 χεῖρες
878 5163 1184 5235 ἁνειμὲναι,
1209 5165 1301 5218 καὶ
1334 5164 1537 5234 γόνατα
1590 5184 1769 5235 παρα·

190 5249 505 5327 λελυμένα.;
551 5254 828 5328 Ἰσχῦσατε
854 5295 869 5321 ,
920 5255 997 5327 μὴ
1046 5254 1324 5325 φοϐεῖσθε.
1399 5257 1531 5311 Ἰδοὺ
1578 5259 1607 5312 ό
1644 5256 1777 5323 Θεὸς

190 5345 372 5404 ἡμῶν.
411 5364 432 5399 ι

212 5363 223 5381 η
320 5363 372 5404 ν.
411 5364 432 5399 ι

212 5363 469 5494 ΔμέυἹδοὺ
493 5438 522 5492 ό
552 5438 758 5512 Κύριος
784 5440 943 5512 ἡμῶν
970 5439 1110 5513 μετᾶ
1149 5440 1332 5514 ἰσχύος
1363 5440 1606 5515 ἔρχεται.
1645 5462 1664 5496 ι

751 5564 787 5581 ’τι

689 5586 703 5605 (

266 5634 291 5670 α
335 5616 477 5673 Ἰδοὺ
503 5618 532 5674 ὁ
560 5618 754 5691 μισθὸς
809 5620 928 5693 μετ’
968 5622 1159 5690 αὐτοῦ,
1196 5623 1291 5678 καὶ
1326 5624 1385 5680 τὸ
1414 5622 1577 5698 ἔργον
1608 5626 1773 5682 αὖτοῦ

195 5706 431 5764 ἐνώπιον
454 5710 638 5768 αὐτοῦ.
673 5730 696 5767 ι

269 5817 290 5855 t
329 5800 511 5876 Κύριε
537 5808 953 5884 ,παντοκράτομ
994 5811 1020 5863 ὁ
1061 5810 1193 5874 Θεὸς
1228 5811 1463 5885 Ἰσραὴλ,
1523 5813 1667 5885 ψυχὴ
1717 5817 1773 5869 ἐν

1881 4631 2063 4671 meum
2105 4616 2157 4670 in
2186 4624 2364 4685 petra,
2398 4612 2653 4668 exultasti
2683 4626 2788 4665 me.
2823 4628 2841 4662 ι

1950 4708 2096 4763 Psal.
2122 4724 2306 4772 uxvr,
2340 4706 2393 4762 9.
2444 4736 2514 4747 -—-
2556 4725 2574 4758 ι
2608 4703 2956 4758 Exercitatus
2986 4716 3132 4763 sum,
3181 4707 3235 4755 ct
3262 4696 3463 4754 defecit

1876 4803 2106 4873 spiritus
2137 4817 2314 4857 meus.
2350 4818 2369 4852 ι

1950 4893 2097 4947 Ρδιιί.
2116 4892 2409 4959 cxvttt,‘28,
2436 4890 2598 4945 5'5.-—
2623 4908 2639 4941 t
2667 4884 3182 4943 Dormitavttauima
3207 4897 3323 4936 mea
3350 4896 3459 4952 prae

1877 4985 2037 5041 tredio
2070 5005 2083 5041 :
2117 4986 2385 5041 conﬁrma
2430 5000 2512 5037 me
2538 4984 2591 5038 in
2622 4982 2811 5038 verbis
2848 4982 2982 5035 tuis.
3008 4978 3247 5034 Deiectio
3282 4975 3459 5029 tenuit

1878 5096 1963 5135 me
1991 5096 2083 5150 pro
2108 5079 2494 5149 poet-oloribus
2515 5076 3027 5143 derelinqttentibus
3055 5073 3226 5143 legem
3249 5078 3451 5125 tuam.»

1948 5168 2065 5223 Isa.
2096 5185 2261 5231 xxxv,
2291 5169 2342 5223 5.
2364 5200 2433 5209 ——
2462 5187 2479 5219 ι
2502 5166 2916 5229 Confortamini,
2943 5180 3137 5219 manus
3155 5162 3453 5223 dissoluttc.

1877 5268 1932 5313 et
1959 5276 2136 5332 genua
2191 5259 2414 5314 debilia.
2449 5258 2875 5325 Cottl'ot‘tatnitti,
2925 5267 2977 5312 et
3020 5255 3186 5311 nolite
3237 5254 3451 5308 timere.

1876 5350 2017 5408 Ecce
2050 5353 2191 5408 Deus
2217 5361 2424 5408 noster.
2469 5371 2486 5404 ι

1948 5445 2062 5501 lsa.
2098 5462 2188 5511 xc,
2225 5446 2310 5501 i0.
2337 5476 2401 5486 —
2438 5465 2456 5497 ι
2488 5444 2628 5501 Ecce
2657 5443 2926 5500 Dominus
2968 5449 3158 5498 noster
3188 5456 3311 5496 cum
3347 5439 3455 5493 vir-

1876 5542 1993 5589 tute
2019 5537 2220 5591 veniet.
2260 5556 2279 5589 ι

1950 5625 2061 5682 Isa.
2095 5643 2231 5693 LXII,
2267 5629 2353 5683 tl.
2387 5660 2455 5669 —
2484 5646 2502 5681 ι
2544 5626 2683 5684 Ecce
2722 5641 2932 5684 merces
2968 5640 3093 5682 cum
3118 5639 3204 5691 eo,
3236 5632 3290 5682 et
3314 5640 3453 5699 opus

1877 5717 1996 5789 ejus
2024 5735 2210 5774 coram
2236 5722 2351 5776 illo.
2392 5742 2411 5773 ι

1950 5809 2162 5868 Baruclr
2191 5829 2273 5883 ιιι,
2329 5814 2376 5881 1,
2400 5814 2454 5873 2.
2490 5845 2555 5856 —
2583 5834 2601 5868 ι
2645 5814 2869 5871 Domine
2890 5811 3271 5885 omnipotens,
3306 5807 3449 5869 Deus
