3948 6250
512 278 649 343 1223

1685 266 1746 327 s.
1783 264 2105 328 IOANNIS
2144 265 2585 330 DAMASCENI

3608 276 3720 341 ιω
3742 248 3746 257 ⁷

578 396 662 451 Ea:
689 407 881 451 canon.
912 389 1099 446 Const.
1128 418 1194 432 --
1220 387 1442 443 Abusus
1472 391 1559 440 est
1619 380 1763 439 facta
1809 382 1953 437 ultra
1995 396 2089 438 ne-

2270 386 2626 460 Παράχρησις
2678 389 2826 444 ἔστιν
2861 389 2894 462 ἠ
2928 388 3072 463 ὑπὲρ
3131 389 3231 463 τὴν
3292 389 3476 463 χρείαν
3529 392 3720 467 δαπάνη.

507 490 821 547 cessitatem
858 487 1133 556 impensa.
1184 479 1264 535 Eo
1313 478 1545 535 vestium
1607 493 1743 533 usus
1798 476 1997 543 tendit,
2029 483 2091 530 ut

502 595 730 640 carnem
755 586 1022 650 quantum
1052 573 1120 629 ad
1161 570 1384 642 frigoris
1399 579 1452 626 et
1476 576 1646 624 :estus
1669 566 1901 639 injurias
1954 564 2091 622 satis

509 678 603 743 sit,
638 676 982 743 obtegamus.
1040 665 1201 721 Hunc
1246 678 1376 719 vero
1428 670 1700 731 susceptae
1748 658 2091 731 paupertatis

505 767 734 824 modum
768 763 1032 819 Dominus
1070 756 1433 831 praescripsit,
1487 765 1546 810 ut
1586 753 1654 809 ad
1691 754 1907 809 unicam
1941 751 2091 808 tunio

511 877 629 919 cam
656 874 851 916 omnes
882 857 1153 927 cujusque
1180 867 1312 924 Opes
1343 850 1688 921 redigantur.

583 955 724 1012 Nux.
767 947 923 1010 Orat.
952 949 1072 1005 adv.
1106 945 1297 1001 Arian.
1345 973 1415 985 -——
1469 940 1615 996 Nihil
1664 955 1732 995 ex
1778 938 1889 995 illis
1931 937 2094 994 rebus

509 1055 816 1117 laudamus,
846 1062 969 1120 qua:
997 1051 1289 1116 postquam
1310 1040 1366 1097 in
1390 1038 1581 1095 fauces
1610 1034 1953 1093 transmissa:
1978 1032 2093 1090 fue-

506 1153 659 1210 runt,
689 1143 809 1214 pari
846 1141 1108 1210 deinceps
1136 1136 1349 1192 honore
1394 1138 1547 1197 sunt,
1592 1130 1703 1187 imo
1742 1126 1928 1200 potius
1956 1125 2095 1182 viles

507 1252 561 1296 et
591 1237 901 1311 ejiciendze.
940 1233 1147 1291 Verum
1201 1227 1531 1301 simpliciter
1589 1227 1727 1280 adeo
1766 1229 1823 1279 et
1855 1236 1920 1279 ex
1957 1229 2096 1277 tem-

506 1348 640 1404 pore
668 1332 927 1394 vivimus,
956 1336 1015 1382 ut
1045 1338 1241 1397 parum
1271 1322 1416 1378 inter
1446 1332 1552 1374 nos
1591 1324 1645 1373 et
1684 1313 1890 1372 bestias
1923 1314 2097 1369 inter.

506 1424 601 1489 sit,
632 1422 834 1494 quibus
870 1420 1025 1475 nullo
1062 1414 1246 1481 modo,
1279 1411 1502 1469 nullave
1525 1416 1641 1465 arte
1665 1416 1888 1479 paratus
1916 1405 2095 1459 victus

504 1521 613 1572 est.

1116 1597 1200 1653 Ea:
1246 1605 1475 1653 seutent.

575 1701 812 1756 Honesta
838 1703 1119 1767 paupertas
1146 1690 1386 1767 omnibus
1418 1688 1615 1767 opibus
1635 1686 1923 1743 antecellit.

577 1770 748 1827 Grave
769 1761 847 1824 est
867 1761 1014 1839 egere
1039 1779 1056 1820 :
1081 1772 1135 1818 at
1157 1763 1371 1835 gravius
1402 1761 1540 1816 male
1560 1761 1831 1815 ditescere.

572 1887 735 1957 Nysa.
769 1898 927 1937 term.
962 1881 997 1936 5
1024 1879 1076 1934 in
1114 1877 1269 1935 Orat.
1309 1876 1462 1931 Dom.
1491 1904 1563 1916 —
1592 1871 1944 1931 Condimenti
1971 1872 2093 1927 loco

504 1977 601 2034 tibi
630 1979 703 2033 sit
735 1975 972 2035 esuries.
1028 1979 1089 2026 ut
1132 1985 1233 2027 nec
1272 1970 1624 2026 saturitatem
1668 1966 1902 2037 adjicias
1939 1975 2095 2021 satu-

504 2068 679 2131 ritati,
706 2082 808 2124 nec
844 2065 1067 2136 crapula
1099 2060 1377 2118 obtundas
1408 2059 1737 2131 appetitum.

577 2156 722 2213 Ibid.
752 2154 949 2223 -Qui
991 2153 1138 2208 diem
1189 2151 1289 2207 tibi
1331 2148 1447 2217 dat,
1483 2164 1549 2205 ea
1596 2162 1817 2220 quoque
1865 2159 1987 2218 quae
2036 2145 2095 2200 in

504 2252 651 2309 diem
686 2264 828 2320 opus
861 2256 1014 2313 sunt,
1043 2245 1219 2301 dabit.
1622 2288 1627 2293 .
1853 2260 1861 2267 —

575 2344 854 2415 (ἰὴν-μεσπι.
887 2370 960 2383 --
982 2339 1165 2395 Pauca
1198 2343 1345 2393 recte
1375 2334 1581 2390 habere
1619 2331 1793 2387 multo
1824 2339 2096 2401 praestan-

501 2436 634 2501 tius,
665 2450 828 2506 quam
857 2432 1027 2489 multa
1057 2432 1346 2487 scelerate.
1391 2424 1701 2496 Frugalitas
1731 2423 1949 2479 assidue
1979 2438 2099 2478 ver-

505 2534 661 2595 sata,
697 2525 788 2581 ubi
830 2523 1047 2595 longius
1086 2517 1442 2592 processerit,
1487 2515 1733 2572 libidinis
1773 2513 2098 2585 disciplinas

502 2619 667 2675 delet.

577 2707 715 2763 Nili.
762 2733 835 2750 --
865 2704 1021 2763 Cibis
1080 2712 1237 2761 utere
1288 2716 1401 2759 non
1449 2707 1565 2756 tam
1615 2697 1883 2772 jucundis
1929 2712 2096 2771 quant

502 2801 755 2858 utilibus.

576 2894 813 2967 Evagrii.
837 2922 910 2934 —
928 2889 1026 2947 Vir
1052 2890 1335 2947 studiosus
1359 2884 1580 2944 virtutis
1599 2887 1795 2957 paucis
1819 2884 2097 2956 indigens,

504 2992 559 3046 in
600 2988 844 3045 conﬁnio
890 2986 1147 3042 mortalis
1176 2994 1231 3039 et
1259 2981 1590 3038 immortalis
1633 2987 1843 3036 natura:
1872 2988 1993 3048 est;
2042 2989 2099 3034 ut

501 3099 683 3156 neque
733 3083 807 3138 ob
871 3079 1109 3136 mortale
1168 3092 1378 3148 corpus
1430 3082 1631 3148 egeat,
1680 3089 1858 3145 neque
1908 3074 2098 3130 multis

502 3190 640 3245 opus
678 3172 879 3228 habeat
906 3179 1131 3241 propter
1159 3169 1404 3224 animum
1458 3164 1891 3222 immortalitatis
1942 3166 2097 3237 cupi-

500 3269 658 3324 dum.

502 3402 639 3461 Tl'l‘.
683 3402 898 3458 XXVII.
930 3432 997 3443 —
1035 3400 1111 3456 De
1140 3400 1442 3470 deceptione
1478 3406 1630 3470 certo
1651 3398 1873 3453 comitio
1897 3398 2044 3469 facta
2074 3418 2093 3455 :

569 3475 811 3546 quodque
854 3491 937 3542 ea,
978 3489 1097 3528 cum
1127 3468 1459 3536 dolo‘caret,
1505 3468 1715 3524 laudem
1754 3468 1963 3526 auctori
1999 3489 2094 3526 suo

570 3546 840 3602 conciliet.

572 3657 704 3715 Ceu.
752 3674 922 3723 xxvu,
964 3657 1115 3713 6-17.
1147 3688 1216 3700 —
1253 3673 1274 3708 ι
1314 3653 1463 3711 Dixit
1516 3654 1767 3711 Rebecca
1807 3655 1875 3709 ad
1921 3652 2095 3711 Jacob

502 3751 674 3808 ﬁlium
697 3767 858 3807 suum
895 3749 1175 3821 iuniorem
1206 3767 1220 3804 :
1258 3747 1398 3803 Ecce
1439 3748 1623 3803 audivi
1674 3756 1885 3818 patrem
1938 3756 2091 3802 tuum

500 3844 820 3915 loquentem
856 3843 925 3898 ad
961 3841 1105 3899 Esau
1149 3840 1372 3897 fratrem
1406 3848 1587 3905 tuum,
1610 3851 1665 3897 et
1687 3841 1965 3897 dicentem
1996 3840 2043 3895 ei
2074 3860 2089 3895 :

501 3940 653 3997 Aﬂ‘er
670 3938 803 3994 mihi
829 3937 1197 4001 venationem,
1244 3942 1299 3990 et
1333 3933 1417 3989 fac
1442 3934 1577 3988 mihi
1609 3932 1823 3999 edulia;
1854 3942 1907 3988 et
1936 3948 2093 3988 man-

500 4032 711 4087 dueans
740 4029 1061 4086 benedicam
1096 4027 1194 4083 tibi
1236 4040 1423 4082 coram
1483 4025 1737 4093 Domino,
1771 4026 2091 4096 priusquam

502 4118 726 4178 moriar.
751 4118 911 4175 Nunc
940 4132 1094 4191 ergo,
1132 4118 1205 4173 lili
1233 4117 1327 4181 mi,
1361 4117 1491 4171 audi
1514 4131 1601 4171 me
1633 4116 1940 4173 secundum
1972 4130 2093 4185 quas

502 4214 765 4287 praecipio
801 4213 925 4279 tibi,
959 4221 1013 4267 et
1052 4226 1285 4282 pergens
1349 4208 1415 4263 ad
1466 4222 1687 4279 pecora,
1735 4208 1923 4279 accipe
1955 4208 2091 4262 mihi

500 4308 628 4364 inde
655 4309 795 4363 duos
826 4304 1012 4361 haedos
1048 4314 1269 4359 teneros
1294 4308 1348 4358 et
1389 4302 1654 4371 Optimos,
1682 4308 1737 4355 et
1771 4298 1966 4353 faciam
1996 4313 2093 4356 eos

500 4400 682 4454 edulia
719 4386 858 4469 patri
892 4406 1009 4461 tuo,
1041 4404 1095 4450 et
1133 4392 1529 4459 manducabit;
1565 4399 1624 4447 ut
1660 4389 1951 4447 benedicat
1990 4389 2087 4446 tibi

505 4496 657 4559 pater
685 4498 813 4543 tuus
847 4487 1169 4557 priusquam
1208 4484 1497 4538 moriatur.
1535 4482 1680 4536 Dixit
1710 4495 1889 4537 autem
1920 4480 2092 4540 Jacob

502 4582 568 4636 ad
605 4582 911 4636 Rebeccam
983 4584 1214 4632 matrem
1244 4589 1399 4629 suam
1432 4592 1445 4629 :
1485 4573 1582 4629 Est
1630 4572 1797 4629 frater
1825 4591 1979 4631 meus
2006 4577 2089 4647 pi-

502 4675 822 4742 losus;ego
850 4678 1033 4726 autem
1072 4670 1162 4724 vir
1204 4668 1361 4724 lenis.
1410 4664 1489 4723 Ne
1546 4667 1687 4723 forte
1716 4668 2092 4724 attrectaverit

502 4783 588 4821 me
621 4773 777 4837 pater
810 4780 985 4827 meus,
1022 4770 1075 4817 et
1106 4777 1202 4818 ero
1227 4762 1282 4816 in
1320 4770 1623 4831 conspectu
1675 4760 1794 4829 ejus
1832 4768 1891 4814 ut
1930 4775 2090 4830 aper-

2199 479 2410 546 Σκοπὸς
2457 479 2685 551 ἐσθῆτος
2737 482 2818 549 εἰς
2872 480 3139 556 κάλυμμα
3200 478 3339 539 εἷναι
3404 486 3584 558 ααρκδς
3615 490 3725 560 πρὸς

2196 574 2443 645 χειμῶνα
2473 576 2568 628 καὶ
2595 574 2752 646 θέρος
2774 573 3069 649 αὔταρκες.
3116 575 3521 650 ’Δκτημοσύνην
3547 580 3725 654 ἐκείνην

2198 664 2303 736 ἔφη
2333 667 2360 719 δ
2398 666 2603 737 Κύριος
2624 666 2687 720 τὸ
2715 666 2912 738 μέτρον
2944 664 3105 733 εἶναι,
3134 665 3278 722 ὥστε
3307 669 3388 731 εἰς
3421 670 3507 724 τὸν
3544 669 3729 744 ἔσχατον

2198 759 2399 833 χιτῶνα
2431 761 2598 816 αὑτοῦ
2624 761 2856 816 ἕκαστον
2886 763 3239 835 περιεστάναι
3267 764 3369 835 τὴν
3399 763 3596 837 κτῆσιν.

2271 941 2387 997 Οὐκ
2434 940 2769 1013 ἐπαινοῦμέν
2809 959 2862 998 τι
2902 941 3011 997 τῶν
3058 941 3199 1015 μετὰ
3241 942 3334 998 τὸν
3370 942 3555 1015 λαιμὸν
3583 943 3735 1014 oposi-

2203 1054 2343 1109 μων,
2371 1034 2575 1107 μᾶλλον
2594 1034 2652 1089 δὲ
2678 1034 2913 1106 ἀτίμων,
2945 1036 3148 1107 ὁμοίως
3166 1037 3260 1091 καὶ
3282 1035 3611 1108 ἀποϐλήτων·
3626 1035 3739 1091 ἀλλὰ

2199 1128 2383 1200 ζῶμεν
2416 1126 2592 1192 οὕτως
2620 1125 2807 1191 ἁπλῶς
2838 1128 2933 1181 καὶ
2965 1125 3213 1198 σχεδίως,
3241 1127 3335 1181 καὶ
3375 1126 3561 1199 μικρόν
3580 1142 3628 1179 τι
3651 1124 3738 1181 τῶν

2200 1221 2426 1293 θηρίων.
2451 1215 2534 1287 οἷς
2572 1223 2601 1276 δ
2642 1219 2756 1292 βίος
2801 1220 3033 1286 ἄσκευος
3066 1220 3161 1275 καὶ
3188 1218 3612 1292 ὰιεπιτήδευτος,
3644 1216 3741 1273 δια·

2201 1316 2479 1389 φέροντες.

2274 1684 2590 1752 Κρείσσων
2623 1679 2801 1750 πενΙη
2827 1678 3116 1752 ἐπαινετὴ,
3136 1677 3441 1752 λπλούτοιρ
3469 1676 3746 1752 κακίᾳτου.

2128 1767 2169 1823 Β
2271 1747 2480 1809 Δεινὸν
2500 1747 2831 1818 πιαίνεσθαι,
2864 1751 3069 1822 χεῷον
3093 1750 3147 1804 δ’
3175 1748 3458 1819 εὐπορεῖν
3482 1747 3684 1813 κακῶς.

2270 1869 2441 1940 ὐψον
2476 1886 2556 1923 σοι
2590 1867 2834 1938 γένεσθω
2863 1869 2897 1940 ἠ
2929 1866 3127 1933 ἔνδεια,
3160 1866 3255 1921 καὶ
3296 1864 3360 1920 τὸ
3398 1863 3476 1938 μὴ
3503 1864 3752 1919 ἐπιϐαλεῖν

2194 1962 2356 2031 κόρον
2398 1958 2475 2031 τῷ
2518 1958 2688 2031 κόρῳ,
2730 1959 2865 2031 μηδὲ
2909 1956 3206 2031 ἀμϐλύνειν
3252 1958 3321 2029 τῇ
3369 1954 3645 2029 κραιπάλῃ
3670 1952 3753 2027 τὴν

2193 2056 2395 2108 ϐοεειν.

2229 2054 2456 2219 ρῖῗῒὴν
2478 2143 2695 2217 ἡμέραν
2740 2141 2941 2212 διδοὺς,
2970 2142 3064 2196 καὶ
3096 2144 3166 2197 τὰ
3196 2142 3277 2206 εἰς
3311 2138 3411 2213 τὴν
3457 2138 3661 2212 ἡμέραν
3688 2151 3757 2190 σοι

2193 2236 2380 2294 δώσει.

2268 2331 2343 2387 Τὸ
2371 2331 2553 2397 καλῶς
2577 2330 2721 2403 ἔχειν
2747 2329 2926 2399 ὀλίγα,
2958 2325 3093 2383 πολὺ
3124 2324 3455 2397 τιμιώτερον
3476 2320 3570 2378 τοῦ
3600 2318 3761 2384 κακῶς

2198 2424 2343 2495 ἔχειν
2374 2422 2566 2478 πολλά.
2583 2422 2650 2477 Ἠ
2674 2421 2899 2491 εὐτελὴς
2924 2419 3106 2475 δίαιτα
3131 2418 3451 2488 κυλιομένη,
3471 2414 3565 2470 καὶ
3586 2412 3763 2485 προκό-

2200 2533 2432 2581 πτουσα,
2451 2515 2543 2569 ἐπὶ
2559 2514 2693 2570 πολὺ
2717 2511 2977 2570 καταλύει
2993 2514 3063 2566 τὰ
3076 2511 3175 2582 τῆς
3190 2508 3453 2582 πορνείας
3472 2507 3745 2580 μαθήματα

2270 2695 2471 2761 Σιτίοις
2515 2693 2655 2767 χρῶ,
2705 2692 2784 2766 μὴ
2836 2694 2949 2759 τοῖς
2988 2690 3191 2765 ἡδέσιν,
3244 2687 3383 2745 ἀλλὰ
3429 2690 3545 2753 τοῖς
3593 2682 3762 2758 ὢφελε.

2202 2807 2346 2938 tu)";
2394 2880 2686 2946 σπουδαῖος
2745 2877 3047 2950 ὀλιγοδεὴς,
3100 2876 3373 2933 ἀθανάτου
3429 2874 3528 2929 καὶ
3593 2870 3767 2944 θνητῆς

2202 2976 2419 3047 φύσεως
2449 2974 2733 3048 μεθόριος·
2770 2973 2831 3027 τὸ
2876 2972 2978 3044 μὲν
3009 2970 3221 3035 ὲπιδεὲς
3264 2970 3430 3042 ἔχων,
3481 2968 3573 3025 διὰ
3630 2965 3769 3037 σῶμα

2202 3070 2417 3141 Θνητὺν,
2445 3069 2509 3123 τὸ
2556 3068 2617 3123 δὲ
2664 3067 2741 3140 μὴ
2787 3065 3065 3144 πολυδεὲς,
3112 3064 3202 3123 διὰ
3254 3062 3441 3136 ψυχὴν
3498 3060 3770 3135 ἐφιεμένην

2198 3162 2519 3227 ἀθανασίας.

2197 3420 2375 3476 ΤΙΤΛ.
2408 3417 2752 3487 ΚΖἎ-Περὶ
2782 3414 3018 3483 ἀπάτης
3040 3416 3169 3471 κατ’
3192 3415 3550 3484 οἶκονομίαν
3592 3429 3777 3484 γινομο

2265 3495 2414 3559 ἐνης
2445 3489 2545 3544 καὶ
2592 3488 2679 3544 ὅτι
2709 3487 2908 3557 ἀπάτη
2942 3487 3127 3542 δόλου
3155 3487 3519 3556 ἀμοιροῦσα,
3544 3487 3777 3540 ἔπαινον

2266 3561 2553 3632 προξενεῖ
2580 3560 2660 3626 τῷ
2692 3559 3025 3629 δεδρακότι.

2271 3670 2289 3705 ι
2332 3647 2471 3706 Εἶπε
2515 3650 2783 3705 Ῥεϐέκκα
2812 3650 2952 3722 πρὸς
2993 3646 3188 3704 Ἰακὼϐ
3214 3647 3306 3704 τὸν
3329 3648 3454 3704 υἱὸν
3493 3649 3668 3721 αὐτῆς
3696 3646 3776 3703 τὸν

2194 3748 2495 3821 νεώτερονσ
2541 3747 2676 3803 Ἰδοὺ
2727 3745 2840 3817 ἐγὼ
2880 3746 3090 3820 ἥκουσα
3134 3745 3431 3810 λαλοῦντος
3456 3745 3557 3802 τοῦ
3587 3742 3776 3817 πατρός

2196 3859 2290 3896 σου
2318 3843 2457 3913 πρὸς
2492 3841 2667 3896 Ἦσαῦ
2693 3841 2787 3895 τὸν
2812 3839 3042 3913 ἀδελφόν
3082 3857 3198 3905 σου,
3221 3839 3485 3910 λέγοντος
3504 3858 3523 3875 ·
3559 3836 3775 3909 Ἔνεγκὲ

2198 3952 2289 4007 μοι
2326 3935 2521 4006 θήραν,
2552 3937 2647 3990 καὶ
2682 3934 2911 4006 ποίησόν
2944 3952 3033 4006 μοι
3084 3933 3397 4007 ἐδέσματα·
3456 3936 3557 3992 καὶ
3605 3932 3775 4007 φαγὼν

2194 4026 2477 4095 εὐλογήσω
2509 4044 2567 4079 σε
2593 4026 2839 4081 ἐναντίον
2867 4027 3077 4100 Κυρίου
3106 4025 3217 4098 πρὸ
3242 4025 3337 4081 τοῦ
3368 4026 3679 4083 ἀποθανεῖν.
3695 4041 3771 4098 με.

2194 4118 2309 4173 Νῦν
2334 4120 2451 4185 οὖν,
2485 4122 2591 4184 υἱὲ,
2621 4120 2852 4175 ἄκουσόν
2889 4137 3014 4193 μου,
3054 4120 3201 4175 καθά
3237 4118 3349 4191 ἐγώ
3397 4138 3489 4177 σοι
3545 4119 3772 4177 ἐντέλλο-

2198 4229 2319 4284 μαι,
2342 4214 2438 4267 καὶ
2460 4212 2751 4285 πορευθεὶς
2771 4215 2850 4279 εἰς
2876 4214 2947 4268 τὰ
2979 4214 3250 4286 πρόϐατα,
3283 4212 3419 4269 λάϐε
3458 4234 3553 4286 μοι
3581 4214 3775 4270 ἐκεῖθεν

2192 4304 2285 4359 δύο
2314 4305 2535 4377 ἐρίφους
2575 4307 2815 4372 ἁπαλοὺς
2836 4307 2927 4363 καὶ
2957 4306 3178 4374 καλοὺς,
3216 4309 3309 4364 καὶ
3334 4311 3557 4383 ποιήσω
3591 4308 3775 4371 αὐτοὺς

2194 4396 2467 4467 ἐδέσματα
2490 4397 2569 4469 τῷ
2590 4397 2756 4471 πατρί
2780 4416 2898 4464 σου,
2918 4399 3013 4454 καὶ
3044 4400 3300 4470 φάγεται,
3324 4402 3483 4467 ὅπως
3515 4401 3773 4473 εὐλογήσῃ

2202 4505 2260 4542 σε
2284 4489 2313 4541 ὁ
2342 4491 2485 4561 πατὴ
2494 4508 2524 4561 ρ
2549 4508 2643 4543 σου
2664 4490 2771 4561 πρὸ
2790 4490 2882 4545 τοῦ
2906 4492 3070 4546 αὑτὸν
3091 4492 3405 4549 ἀποθανεῖν.
3429 4490 3572 4549 Eine
3600 4494 3656 4548 δὲ
3683 4494 3774 4546 Ἰα-

2198 4579 2314 4636 κὼϐ
2341 4582 2475 4652 πρὸς
2495 4582 2797 4636 Ῥεϐέκκαν
2820 4584 2919 4655 τὴν
2939 4583 3153 4655 μητέρα
3166 4584 3353 4639 αὐτοῦ·
3369 4586 3569 4641 ἐστιν
3590 4589 3618 4641 δ
3636 4584 3775 4641 ἁδελ-

2196 4673 2295 4742 φός
2343 4690 2447 4745 μου
2478 4673 2618 4745 ἀνὴρ
2660 4674 2847 4739 δασὺς,
2896 4676 3006 4744 ἐγὼ
3054 4675 3114 4729 δὲ
3167 4674 3307 4747 ἀνὴρ
3352 4676 3525 4744 λεῖος.
3558 4680 3771 4751 Μήποτε

2193 4765 2496 4840 ψηλαφήσῃ
2552 4782 2620 4838 με
2663 4768 2692 4821 δ
2742 4769 2927 4839 πατήρ
2981 4785 3103 4839 μου,
3154 4770 3249 4821 καὶ
3298 4767 3504 4841 ἔσομαι
3545 4768 3774 4825 tvm-tio»

503 4874 677 4913 nens:
714 4866 763 4912 et
799 4854 1054 4910 inducam
1088 4868 1254 4923 super
1282 4867 1369 4907 me
1399 4851 1863 4915 maledictionem,
1900 4859 2086 4908 etnon

2207 4858 2359 4913 κὺτοῦ
2394 4859 2471 4924 ὡς
2502 4858 2894 4931 καταφρονῶνο
2924 4860 3018 4915 καὶ
3052 4860 3238 4928 ἐπάξω
3260 4861 3345 4914 ἐπ’
3367 4862 3616 4933 ἐμαυτὸν
3652 4877 3774 4915 κατι

500 4949 957 5007 benedictionem.
988 4947 1133 5001 Dixit
1163 4953 1344 5000 autem
1375 4952 1548 5000 mater
1574 4963 1587 4999 ;
1622 4943 1681 4998 In
1711 4957 1799 4998 me
1831 4944 2093 4999 sitmale-

2207 4950 2357 5022 ipav,
2388 4952 2485 5007 καὶ
2538 4953 2640 5007 οὑκ
2694 4952 2968 5023 εὐλογίαν.
3003 4947 3137 5007 Εῐπε
3173 4954 3228 5006 δὲ
3264 4956 3450 5027 μήτηρ
3474 4970 3490 4983 ·
3540 4956 3658 5011 Ἐπ’
3684 4954 3774 5025 ἐμὲ

500 5044 668 5099 dictio
727 5050 853 5107 tua,
888 5040 996 5105 liii;
1030 5039 1207 5093 solum
1238 5037 1399 5091 obedi
1424 5036 1539 5090 voci
1574 5050 1726 5090 mete.
1772 5034 1839 5087 Et
1885 5033 2090 5090 vadens

2207 5043 2229 5113 ἡ
2255 5041 2471 5115 κατάρα
2509 5059 2625 5109 σου,
2655 5042 2847 5097 τέκνον
2870 5057 2886 5073 ο
2932 5041 3094 5114 μόνον
3120 5042 3432 5099 ὑπάκουσον
3468 5044 3577 5117 τῆς
3602 5044 3774 5116 φωνῆς

502 5136 687 5190 attulit
720 5133 879 5187 matri
905 5147 1042 5188 suae.
1062 5130 1418 5203 Etaccipiens
1446 5127 1690 5185 Rebecca
1718 5128 1914 5182 stolam
1942 5128 2083 5184 Esau

2207 5149 2322 5203 μου.
2370 5134 2479 5188 Καὶ
2521 5133 2810 5205 πορευθεὶς
2858 5134 3051 5205 ἔνεγκε
3101 5138 3168 5208 τῇ
3219 5136 3387 5208 μητρὶ
3444 5138 3657 5192 αὐτοῦ⁸
3690 5137 3775 5191 καὶ

502 5227 597 5281 lilii
638 5226 723 5282 sui
779 5224 1016 5280 senioris
1044 5222 1349 5293 pulchram.
1398 5237 1521 5293 qua:
1568 5228 1687 5276 erat
1723 5220 1866 5291 apud
1911 5219 2084 5291 ipsam

2207 5224 2433 5281 λαϐοῦσα
2470 5226 2737 5282 Ῥεϐέκκα
2759 5225 2859 5300 τὴν
2893 5228 3087 5300 στολὴν
3125 5228 3299 5284 Ἦσαῦ
3331 5228 3427 5284 τοῦ
3451 5231 3579 5285 υἱοῦ
3612 5228 3773 5297 αὐτῆς

501 5318 670 5383 domi,
704 5317 881 5372 induit
901 5314 1070 5372 Jaeob
1101 5314 1270 5370 tilium
1308 5330 1467 5370 suum
1490 5314 1782 5383 juniorem,
1826 5320 1883 5367 et
1925 5312 2092 5382 pelles

2207 5317 2285 5372 τοῦ
2334 5318 2712 5392 πρεσϐυτέρου
2760 5321 2862 5391 τὴν
2909 5320 3100 5393 καλὴν,
3128 5321 3165 5393 ἢ
3212 5317 3280 5397 ἦν
3330 5323 3466 5396 παρ’
3510 5323 3686 5394 αὐτὴν
3722 5323 3775 5375 ἔν

502 5411 785 5465 haedorum
823 5408 1226 5487 circumposuit
1284 5406 1491 5461 circum
1551 5403 1775 5460 brachia
1834 5404 1977 5474 ejus,
2037 5412 2093 5459 et

2207 5410 2267 5483 τῷ
2296 5406 2451 5484 οἴκῳ,
2479 5412 2696 5466 ἐνέδυσε
2744 5412 2940 5467 Ἰακὼϐ
2973 5415 3064 5469 τὸν
3097 5415 3214 5469 υἱὸν
3247 5415 3416 5488 αὐτῆς
3453 5417 3553 5471 τὸν
3582 5416 3773 5469 νεώτε-

501 5515 669 5569 super
714 5500 863 5555 nuda
906 5499 1035 5555 colli
1095 5499 1256 5568 ejus;
1288 5506 1342 5553 et
1366 5496 1515 5552 dedit
1578 5510 1736 5551 escas
1790 5494 1847 5550 in
1889 5510 2087 5551 manus

2207 5516 2306 5563 nov,
2344 5500 2441 5553 καὶ
2473 5501 2542 5555 τὰ
2577 5501 2821 5574 δέρματα
2886 5504 2998 5558 τῶν
3050 5505 3254 5577 ὲρὶφων
3299 5507 3603 5580 περιέθηκε
3654 5505 3775 5578 περὶ

499 5593 671 5650 Jacob
697 5595 793 5650 lilii
843 5594 951 5659 sui,
1001 5609 1140 5665 quas
1171 5594 1356 5649 intulit
1394 5595 1534 5664 patri
1584 5607 1706 5647 suo.
1748 5611 1767 5644 ι

2207 5594 2315 5655 τοὺς
2348 5596 2640 5669 βραχίονας
2669 5600 2857 5667 αὐτοῦ,
2902 5601 2996 5657 καὶ
3030 5602 3123 5657 ἐπὶ
3164 5603 3235 5657 τὰ
3283 5604 3469 5676 γυμνὰ
3520 5604 3615 5659 τοῦ
3643 5619 3770 5676 τρα-

501 5689 667 5761 χήλου
705 5690 890 5751 αὐτοῦ,
934 5690 1029 5745 καὶ
1056 5690 1221 5743 ἔδωκε
1252 5690 1318 5743 τὰ
1350 5688 1620 5759 ἐδέσματα
1660 5690 1739 5753 εἰς
1763 5686 1858 5752 τὰς
1897 5690 2087 5761 χεῖρας
2139 5686 2335 5744 Ἰακὼϐ
2362 5692 2456 5745 τοῦ
2492 5693 2608 5748 υἱοῦ
2654 5695 2848 5768 αὐτῆς,
2900 5697 2995 5751 καὶ
3038 5696 3357 5770 εῐσὴνεγγειε
3435 5697 3521 5770 τῷ
3602 5693 3768 5769 πατρὶ

498 5799 688 5839 αυτου.
728 5804 747 5839 ι
