3948 6250
226 322 355 390 1225

1491 315 1730 378 SACRA
1763 312 1855 375 PA
1865 313 2228 375 RALLELA.

3328 316 3464 382 1226

283 455 303 487 ι
351 433 556 508 Ῥαχὴλ
581 430 743 489 Ιλαϐε
765 430 844 487 τά·
866 429 1084 500 εἴδωλα,
1123 430 1213 486 καὶ
1236 429 1500 484 ἐπέϐαλεν
1533 428 1674 484 αὐτὰ
1701 430 1779 493 εἰς

1954 425 2266 496 ϐεη.ιιιι,
2325 425 2416 494 54,
2467 427 2557 484 55.
2593 459 2664 468 -
2710 428 2874 503 366
2937 449 2955 483 ι
2992 429 3196 488 Rachel
3250 437 3466 508 accepit

207 531 277 587 τά
297 527 557 599 σάγματα
587 525 690 597 τῆς
731 524 1004 597 καμήλου,
1050 526 1143 579 καὶ
1198 523 1526 578 ἐπεκάθισεν
1578 523 1824 589 αὐτοῖς,’

202 623 302 678 καὶ
335 617 456 675 εἷπε
500 618 580 691 τῷ
625 617 795 692 πατρὶ
827 619 1034 690 αὐτῆς·
1076 619 1151 672 Οὐ
1194 618 1436 689 δύναμαι
1479 615 1787 689 ἀναστῆναι

195 718 220 770 ἑ
239 713 439 768 νὼπιδν
487 729 604 782 σου,
630 712 712 768 δτι
749 713 781 766 δ
822 708 1153 785 κατεθισμδς
1183 709 1292 765 τῶν
1321 724 1543 780 γυναικε
1555 709 1649 764 ίων
1677 708 1784 781 μού

199 804 376 862 ἔστιν.
411 823 433 859 ι

279 917 302 953 ι
354 899 668 974 ’Δπηγτέλη
708 901 776 972 τῇ
806 897 1005 972 Θάμαρ
1044 895 1328 966 λέγοντεςο
1365 893 1496 951 Ἰδοὺ
1532 897 1562 949 δ
1595 892 1790 949 πενθε-

210 993 300 1067 ρός
331 1009 428 1048 σου
474 990 758 1048 ἀναϐαίνει
803 992 989 1064 κεῖραι
1028 989 1102 1046 τά
1145 988 1400 1061 πρόϐατα
1439 984 1629 1042 αὑτοῦ.
1676 984 1790 1040 Καὶ

210 1084 514 1157 ἀφελομένη
547 1082 618 1139 τά
664 1082 857 1154 ἱμάτια
891 1084 991 1154 τῆς
1033 1078 1350 1158 χηρεύσεως
1402 1076 1594 1147 αὐτῆς,
1628 1092 1788 1148 περι-

211 1175 367 1232 έϐαλε
405 1175 468 1229 τὸ
499 1174 803 1249 θίριστρον,
833 1172 930 1228 καὶ
960 1171 1508 1233 taumatia-comat
1535 1168 1789 1224 ὲκάθισεν

210 1271 262 1323 εν
310 1268 535 1341 παρόδῳ
569 1267 784 1339 Θαμνᾷ.
819 1260 942 1320 Eis:
974 1264 1083 1337 γάρ
1124 1265 1210 1319 ὅτι
1250 1262 1425 1335 μέγας
1449 1260 1642 1332 γέγονε
1683 1259 1790 1330 Ση-

209 1361 360 1434 λώμο
391 1361 555 1425 αὐτὸς
600 1361 658 1415 δὲ
705 1359 767 1414 οὐ
808 1357 1040 1413 δέδωκεν
1073 1355 1237 1413 αὐτὸν
1274 1356 1355 1420 είς
1389 1357 1642 1424 γυναῖκα.
1677 1350 1791 1406 Καὶ

209 1454 331 1509 ίδὼν
372 1453 576 1516 Ἰούδας
599 1452 790 1524 αὐτὴν,
817 1449 1055 1517 ἐξέκλινε
1093 1447 1231 1520 πρὸς
1275 1447 1466 1517 αὐτὴν,
1514 1445 1610 1500 καὶ
1634 1439 1790 1501 εἷπεν

209 1549 340 1618 αὐτῇ
364 1562 380 1578 ·
415 1546 618 1630 Ἔασρν
668 1561 736 1616 με
776 1542 1040 1598 εἰσελθεῖν
1089 1541 1227 1630 capit;
1252 1539 1338 1595 σέ.
1365 1539 1441 1593 Οὐ
1473 1537 1584 1610 γὰρ
1622 1535 1787 1630 ξγνω,

209 1639 287 1693 δτι
315 1637 506 1710 νύμφη
534 1627 700 1692 αὑτοῦ
738 1637 904 1692 ἐστιν.
947 1635 1017 1690 Ἦ
1043 1633 1102 1689 δὲ
1139 1627 1262 1688 εἶπε
1287 1649 1304 1664 ο
1335 1633 1401 1687 Τί
1438 1649 1529 1703 μοι
1573 1627 1787 1694 δώσεις,

209 1731 299 1786 εὰν
349 1729 602 1802 εἰσέλθῃς
651 1728 790 1802 πρός
845 1743 953 1800 με;
1033 1727 1092 1780 '0
1142 1725 1201 1780 δὲ
1251 1720 1440 1779 εἶπεν·
1507 1721 1652 1792 Ἐγώ
1705 1738 1787 1774 σοι

1889 518 2056 587 idola,
2088 520 2360 594 etvinjecit
2393 536 2455 577 ea
2496 523 2552 577 in
2604 533 2906 579 stramenta
2943 526 3162 592 cameli,
3221 536 3276 584 ct
3322 531 3468 586 sedit

1888 623 2055 681 super
2077 609 2192 675 eis;
2216 617 2270 663 et
2297 608 2437 664 dixit
2468 611 2612 681 patri
2649 627 2750 668 suo
2782 631 2796 667 :
2831 611 2946 668 Non
2983 630 3208 686 possum
3241 634 3468 690 surgere

1887 715 2074 758 coram
2106 709 2180 768 te,
2199 701 2329 774 quia
2360 717 2482 774 quae
2503 716 2762 762 consueta
2793 714 2923 763 sunt
2949 709 3308 781 mulieribus,
3333 715 3467 772 mihi

1888 792 2232 850 acciderunt.
2261 813 2281 849 ι
2399 792 2406 798 ’

1960 882 2092 942 Gen.
2125 882 2354 955 xx'xvm,
2389 887 2580 946 13-18.
2608 921 2678 932 -
2709 911 2728 944 ι
2769 893 2835 948 Ει
2873 897 3189 955 nuntiatum
3217 910 3302 956 est
3326 902 3474 958 Tha-

1890 991 2027 1044 mar,
2058 977 2306 1036 dicentes
2339 996 2354 1035 :
2400 981 2543 1039 Ecce
2586 999 2747 1040 socer
2791 994 2920 1043 tuus
2960 991 3212 1046 ascendit
3239 995 3471 1051 tondere

1889 1081 2024 1125 oves
2056 1083 2208 1128 suas.
2241 1069 2308 1124 Et
2337 1070 2596 1147 auferens
2635 1075 2964 1134 vestimenta
2989 1079 3275 1140 viduitatis
3301 1100 3414 1140 suae
3441 1102 3471 1140 a

1890 1173 1970 1227 se,
1995 1162 2280 1233 cooperuit
2306 1177 2366 1220 se
2410 1164 2697 1231 tberistro,
2733 1175 2786 1223 et
2810 1169 3102 1227 adornavit
3133 1189 3214 1238 se,
3245 1183 3299 1231 et
3328 1176 3473 1233 sedit

1889 1252 1946 1311 in
1973 1253 2212 1311 transitu
2238 1254 2673 1314 Thamna.‘Vidit
2702 1261 2871 1328 enim,
2891 1261 3018 1334 quia
3036 1266 3262 1335 grandis
3295 1267 3470 1325 factus

1889 1354 1973 1402 est
2002 1346 2180 1402 Selom
2215 1348 2380 1418 :ipse
2401 1357 2582 1406 autem
2616 1365 2724 1406 non
2763 1351 2911 1411 dedit
2942 1369 3064 1412 eam
3110 1357 3186 1412 illi
3220 1374 3470 1418 uxorem.

1891 1435 1957 1490 Et
1991 1437 2182 1494 videns
2210 1437 2401 1508 Iudas,
2444 1440 2737 1501 declinavit
2795 1445 2862 1501 ad
2901 1462 3045 1515 eam,
3089 1459 3143 1505 et
3190 1451 3331 1507 dixit
3369 1456 3415 1508 ei
3453 1473 3467 1509 :

1893 1528 2071 1586 Siuito
2117 1547 2203 1588 me
2241 1523 2471 1590 intrare
2498 1536 2566 1591 ad
2596 1544 2678 1602 te;
2733 1553 2842 1595 non
2889 1540 3034 1596 enim
3085 1544 3308 1614 agnovit
3342 1551 3471 1617 quia

1891 1637 2066 1678 nurus
2100 1639 2197 1679 sua
2229 1633 2333 1681 est.
2389 1627 2456 1680 At
2490 1628 2580 1682 illa
2617 1629 2754 1685 dixit
2789 1648 2809 1686 :
2854 1631 2999 1698 Quid
3058 1635 3191 1691 mihi
3230 1638 3386 1696 dabis
3422 1643 3469 1697 si

1892 1707 2183 1766 intraveris
2216 1711 2283 1766 ad
2319 1715 2446 1769 me?
2473 1718 2560 1771 cui
2587 1718 2663 1770 ait
2695 1735 2712 1775 :
2748 1719 2863 1791 Ego
2915 1720 3011 1778 tibi
3055 1726 3212 1781 mitto
3254 1728 3466 1785 haedum

209 1822 523 1878 ἀποστέλλω
543 1789 744 1895 ’ἔριφον
767 1789 950 1890 αίγῶν
970 1820 1038 1873 ἐκ
1075 1818 1186 1872 τῶν
1221 1814 1510 1890 προϐάτων
1548 1789 1674 1886 μου.
1721 1812 1787 1865 Ἠ

1898 1817 2182 1873 caprarum
2205 1804 2273 1883 de
2303 1807 2500 1864 ovibus
2532 1810 2689 1868 meis.
2727 1789 2822 1869 illa
2859 1830 2986 1871 vero
3009 1816 3148 1873 dixit
3176 1838 3192 1876 :
3224 1819 3299 1875 Da
3338 1797 3467 1878 mihi

209 1917 262 1969 δὲ
301 1909 428 1969 εἷπε
449 1931 467 1946 ο
498 1914 600 1979 Δὸς
636 1911 955 1988 ἀρραϐῶνα,
997 1911 1103 1976 ἕως
1125 1910 1192 1967 οὗ
1233 1907 1554 1964 ἀποστεῖλαί
1607 1924 1692 1961 σε.
1726 1906 1786 1960 '0

209 2008 262 2063 δὲ
289 2001 444 2074 sine:
492 2006 627 2061 Τίνα
668 2004 826 2060 δώσω
854 2021 937 2059 σοι
966 2003 1286 2078 ἀρραϐῶνα.
1339 2002 1404 2056 Ἦ
1436 2000 1492 2057 δὲ
1521 1997 1641 2054 εἷπε
1665 2015 1680 2030 ο
1712 1999 1787 2053 Th

208 2101 490 2157 δακτύλιόν
520 2116 640 2166 σου,
673 2098 769 2155 καὶ
799 2096 890 2154 τὸν
913 2099 1200 2173 ὁρμίσκον,
1225 2096 1321 2151 καὶ
1345 2095 1444 2168 τὴν
1471 2094 1665 2164 ῥάϐδον
1688 2093 1788 2165 τὴν

209 2197 263 2250 ὲν
292 2197 358 2268 τῇ
381 2193 528 2266 χειρί
559 2210 674 2249 σου.
719 2190 830 2247 Καὶ
853 2189 1056 2246 ἔδωκεν
1093 2189 1256 2262 αὐτῇ,
1288 2188 1383 2243 καὶ
1403 2185 1624 2274 εἰσῆλθε
1650 2184 1789 2260 πρὸς

207 2288 396 2360 αὐτὴν,
415 2287 517 2341 καὶ
547 2287 606 2339 ἐν
632 2285 832 2357 γαστρὶ
860 2282 1055 2339 ελαϐιν
1072 2281 1203 2355 παρ’
1233 2278 1421 2336 αὐτοῦ.
1455 2297 1477 2333 ι

592 2339 794 2451 psic.
821 2374 970 2440 ulo‘u;
1014 2339 1171 2446 ἔσχεν
1225 2373 1255 2427 δ
1301 2372 1398 2443 τῆς
1431 2369 1632 2443 Θάμαρ
1662 2384 1790 2423 πεν-
1817 2339 1822 2347 Δ

209 2472 364 2543 Grpe;
407 2469 635 2538 Ἰούδας,
670 2469 766 2525 καὶ
811 2468 938 2532 τοὺς
970 2458 1064 2521 δύο
1116 2463 1241 2520 καθ’
1282 2465 1378 2520 ⁸ἐνα
1422 2459 1491 2535 ἦν
1545 2460 1791 2533 συνάψας

209 2567 365 2640 αὐτῇ.
414 2563 530 2619 Καὶ
576 2563 652 2628 ὡς
701 2561 930 2626 άπαιδες
979 2556 1378 2631 ἐτελεύτσηαν,
1430 2557 1790 2630 παρῃτήσατο

209 2658 299 2712 τὸν
319 2655 506 2730 τρίτον
543 2653 710 2710 αὐτοῦ
741 2651 976 2724 συνάψαι
1004 2651 1142 2723 αὐτῇ
1167 2650 1303 2717 υἱὸν,
1327 2647 1651 2721 εὐλαϐηθεὶς
1683 2649 1790 2719 μή·

214 2766 339 2804 ποτε
387 2748 489 2803 καὶ
532 2746 693 2812 αὐτὸς
723 2747 1044 2820 τελευτήσῃ.
1093 2742 1292 2815 Θάμαρ
1327 2738 1421 2796 οὖν
1457 2743 1538 2806 είς
1583 2739 1646 2794 τὸ
1689 2738 1790 2809 τῆς

211 2843 466 2906 ἀτεκνίας
503 2841 702 2906 ὄνειδος
731 2837 1125 2913 περιπεσοῦσα,
1147 2836 1241 2891 xai.
1273 2835 1364 2890 τὸν
1394 2833 1501 2890 ἀπὸ
1521 2831 1621 2904 τῆς
1653 2848 1790 2902 πορ-

214 2936 354 3000 νείας
404 2935 654 2991 κίνδυνον
719 2932 1071 3012 ὑφορωμένη,
1124 2929 1408 3001 οἰκονομίᾳ
1466 2924 1789 2999 χρησαμένη

217 3030 350 3084 κατά
384 3028 483 3084 τοῦ
515 3028 682 3099 αὐτῆς
707 3024 1014 3097 πενθεροῦ,
1050 3021 1253 3095 ἐμίχθη
1290 3020 1462 3091 αὐτῷ,
1497 3019 1593 3072 καὶ
1619 3017 1790 3071 τίκτει

213 3122 270 3187 ἑξ
295 3119 463 3176 αὐτοῦ
491 3119 686 3182 παῖδας
707 3117 823 3186 δύο,
855 3117 946 3171 τὸν
966 3115 1142 3187 Φαρὲς
1171 3113 1265 3167 καὶ
1292 3110 1382 3166 τὸν
1412 3111 1579 3180 Ζαρᾶ.

1890 1897 2278 1980 arrhabonem,
2317 1901 2492 1958 donec
2545 1913 2603 1959 tu
2653 1903 2864 1962 mittas.
2916 1907 3012 1964 ille
3057 1918 3238 1966 autem
3286 1912 3463 1969 dixit:

1894 1984 2064 2052 Quem
2089 1987 2194 2060 tibi
2224 1990 2364 2046 dabo
2391 1992 2795 2049 arrhabonem?
2823 1995 2892 2050 At
2923 1997 3012 2052 illa
3044 2000 3181 2057 dixit
3219 2020 3235 2058 :
3280 2004 3468 2057 Annu-

1894 2077 2004 2132 lum
2042 2085 2218 2146 tuum,
2251 2090 2331 2139 et,
2353 2097 2579 2153 parvum
2623 2084 2844 2150 monile,
2875 2101 2940 2142 ac
2985 2089 3193 2161 virgam
3230 2109 3351 2164 quae
3384 2103 3469 2150 est

1893 2168 1949 2224 in
1983 2185 2148 2226 manu
2176 2181 2287 2228 tua.
2319 2172 2386 2229 Et
2411 2173 2564 2232 dedit
2596 2174 2668 2245 ei,
2710 2185 2766 2234 et
2800 2177 3028 2238 intravit
3059 2183 3127 2237 ad
3166 2198 3304 2240 eam.
3338 2187 3469 2253 Qum

1893 2261 1951 2340 in
1979 2271 2136 2321 utero
2159 2268 2409 2336 concepit
2436 2284 2501 2325 ex
2534 2284 2621 2325 eo.
2651 2289 2672 2324 ι

1966 2355 2144 2413 Schol.
2171 2389 2239 2399 —-
2260 2357 2398 2418 Tres
2425 2363 2568 2421 filios
2595 2364 2787 2424 habuit
2814 2365 2984 2424 Iudas
3015 2383 3174 2426 socer
3205 2371 3468 2434 Thamar.

1895 2451 1983 2506 cui
2029 2451 2169 2508 duos
2227 2449 2549 2526 singulatim
2594 2457 2650 2513 in
2686 2460 3102 2519 matrimonium
3159 2463 3468 2522 collocavit.

1896 2540 2143 2613 Cumque
2177 2544 2267 2599 ille
2325 2545 2444 2607 sine
2483 2546 2674 2605 liberis
2718 2549 3107 2620 decessissent,
3155 2557 3377 2611 tertium
3415 2559 3470 2613 ei

1896 2636 2157 2705 copulare
2177 2638 2489 2707 recusavit;
2514 2637 2725 2698 veritus
2747 2643 2980 2710 scilicet,
3008 2662 3078 2702 ne
3099 2654 3154 2704 et
3177 2649 3224 2704 is
3251 2664 3471 2720 quoque

1897 2737 2224 2786 moreretur.
2253 2729 2491 2807 Thamar
2524 2733 2712 2806 itaque
2737 2735 2794 2792 in
2835 2738 3103 2808 probrum
3160 2741 3473 2798 sterilitatis

1897 2820 2072 2890 lapsa,
2120 2829 2174 2878 et
2231 2821 2615 2882 fornicationis
2673 2829 2980 2899 periculum
3030 2840 3302 2899 metuens,
3347 2842 3471 2890 arte

1897 2911 2133 2983 quadam
2169 2923 2223 2971 et
2257 2919 2496 2975 consilio
2514 2920 2783 2978 adversus
2810 2936 3065 2980 socerum
3095 2939 3260 2980 suum
3285 2934 3468 2994 utens,

1897 3005 1948 3061 ei
1979 3021 2039 3062 se
2065 3009 2435 3074 commiscuit,
2483 3011 2734 3084 duosque
2767 3029 2834 3070 ex
2875 3013 2996 3088 ipso
3045 3015 3188 3074 ﬁlios
3217 3018 3466 3085 sustulit,

1899 3096 2104 3155 Phares
2138 3101 2394 3157 nimirum
2419 3111 2474 3159 et
2509 3103 2670 3161 Zara.

285 3160 1140 3282 :véiérilmageiéhwhdwﬁeﬁ,
1172 3207 1238 3277 τῇ
1281 3160 1516 3277 θυγατρὶ
1562 3200 1787 3276 Φαραώ·

1973 3189 2147 3249 Exod.
2186 3209 2248 3259 ιι,
2283 3195 2434 3263 ,7-10.
2457 3226 2527 3238 υ-
2606 3160 2751 3254 Dixit
2783 3213 2944 3257 soror
2967 3199 3170 3274 Moysis
3209 3203 3275 3259 ad
3301 3204 3469 3261 ﬁliam

214 3299 395 3364 Θέλεις
446 3296 668 3352 καλέσω
721 3312 803 3350 σοι
855 3295 1090 3365 γυναῖκα
1139 3290 1514 3364 τροφεύουσαν
1568 3290 1633 3344 ὲκ
1680 3287 1789 3343 τῶν

223 3390 512 3466 Ἐϐραίων,
546 3391 641 3446 καὶ
684 3387 909 3460 θηλάσει
963 3405 1044 3441 σοι
1087 3384 1150 3440 τὸ
1201 3383 1411 3439 παιδίον
1443 3401 1457 3451 ;
1493 3381 1605 3438 Καὶ
1643 3379 1798 3436 εἶπεν

213 3485 346 3556 αὐτῇ
394 3484 430 3557 ἡ
485 3482 732 3555 θυγάτηρ
780 3479 1000 3553 Φαραῶ,
1053 3476 1320 3550 Πορεύου.
1362 3473 1626 3530 Ἐλθοῦσα
1665 3474 1792 3546 δὲὴ

214 3574 668 3642 νεάνιςβκάλεσε
712 3572 813 3647 τὴν
856 3571 1072 3645 μητέρα
1122 3568 1216 3624 τοῦ
1262 3567 1501 3623 παιδίου.
1542 3562 1676 3621 Εῐπε
1729 3564 1789 3620 δὲ

215 3669 346 3740 πρὸς
376 3667 556 3740 αὐτὴν
602 3668 638 3739 ἡ
677 3665 924 3738 θυγάτηρ
966 3663 1196 3738 Φαραῶσ
1221 3660 1565 3733 Διατήρησόν
1608 3676 1701 3732 μοι
1728 3657 1790 3713 τὸ

215 3761 422 3816 παιδίον
451 3759 635 3826 τοῦτο,
684 3759 780 3814 καὶ
829 3755 1062 3830 θήλασόν
1101 3774 1191 3828 μοι
1226 3755 1357 3811 αὐτό
1376 3768 1391 3786 ο
1423 3751 1534 3824 ἐγὼ
1562 3752 1618 3807 δὲ
1640 3750 1797 3806 δώσω

218 3867 295 3904 σοι
331 3851 423 3905 τὸν
465 3847 679 3922 μισθόν.
723 3847 836 3903 Καὶ
882 3845 1072 3903 ἔλαϐεν
1163 3844 1304 3916 γυνὴ
1333 3844 1394 3898 τδ
1424 3842 1661 3915 παιδίον,
1701 3842 1798 3896 καὶ

213 3942 478 4011 ὲθήλασεν
508 3943 660 3998 αὑτό.
698 3960 717 3993 ι

285 4059 304 4093 ι
353 4038 703 4095 Ἀπέστειλεν
749 4027 955 4109 Ἰησοῦς
973 4034 1068 4090 ούο
1098 4035 1297 4108 ἄνδρας
1333 4035 1396 4089 ὲκ
1444 4031 1621 4101 Σατὶμ
1667 4048 1796 4086 σκοσο

219 4133 410 4188 πεῦσαι
453 4130 552 4204 τὴν
609 4134 712 4201 γῆν
757 4130 854 4184 καὶ
899 4128 996 4199 τὴν
1039 4127 1265 4200 Ἰεριχῶ.
1293 4127 1401 4180 Καὶ
1432 4125 1683 4195 εἰσῆλθον
1716 4125 1794 4188 είς

217 4228 388 4282 οἰκίαν
415 4225 678 4297 γυναικὸς
725 4225 952 4296 πόρνης,
994 4218 1233 4299 ᾗὸνομα
1276 4220 1464 4285 Ῥαὰϐ,
1513 4222 1610 4276 καὶ
1665 4236 1796 4273 κατ-

221 4320 409 4376 έλυσαν
461 4321 599 4376 ἐκεῖ.
633 4318 742 4374 Καὶ
771 4318 1060 4388 ἀπηγγέλη
1098 4315 1176 4386 τῷ
1206 4314 1415 4387 βασιλεῖ
1450 4313 1676 4386 Ἰεριχὼ,
1710 4311 1794 4364 λε-

220 4414 420 4482 γόντων
440 4431 456 4446 ·
503 4413 973 4484 Εἰσπεπόρευνται
1007 4403 1108 4464 ὧδε
1137 4408 1330 4479 ἄνδρες
1377 4407 1486 4460 τῶν
1533 4405 1664 4460 υίῶν
1695 4404 1794 4458 Ἰσ-

222 4507 356 4579 ραὴλ
378 4506 826 4562 κατασκοπεῦσαι
863 4504 962 4578 τὴν
1001 4503 1123 4574 γῆν.
1156 4503 1266 4556 Καὶ
1297 4500 1614 4554 ἀπέστειλεν
1641 4499 1669 4551 δ
1695 4496 1790 4568 βα-

224 4596 401 4664 σιλεὺς
439 4595 674 4670 ⁹1εριχῶ,
705 4595 798 4650 καὶ
830 4589 984 4649 εἶπεν
1016 4591 1158 4665 πρὸς
1194 4587 1388 4653 Ῥαὰϐ,
1416 4587 1596 4656 λέγων
1619 4602 1632 4618 ο
1671 4580 1789 4650 Ἐξ-

222 4690 388 4760 άγαγε
403 4691 530 4754 τοὺς
557 4687 1040 4762 εἰσπορευομένορς
1058 4684 1139 4747 είς
1159 4681 1257 4754 τὴν
1277 4681 1452 4735 οίκίαν
1477 4695 1569 4730 σου
1599 4676 1786 4730 νύκτα.

223 4781 674 4840 Κατασκοπεῦσαι
703 4780 814 4852 γάρ
841 4778 941 4849 τὴν
971 4779 1074 4847 γῆν
1107 4777 1332 4846 ἥκασιν·
1359 4773 1453 4825 καὶ
1484 4769 1724 4824 λαϐοῦσα
1758 4769 1791 4837 ἡ

225 4877 354 4948 γυνὴ
395 4876 521 4940 τοὺς
566 4873 786 4946 ἄνδρας,
825 4870 1079 4942 ἔκρυψεν.
1124 4867 1231 4922 Καὶ
1273 4863 1426 4919 εἶπεν
1451 4883 1465 4895 θ
1502 4859 1790 4931 Εἰσεληλύο

226 4965 343 5020 θασι
376 4967 512 5038 πρός
546 4981 614 5036 με
643 4966 693 5018 el
736 4963 1029 5034 ἄνθρωποι,
1063 4960 1135 5022 ὠς
1164 4958 1220 5012 δὲ
1251 4959 1283 5029 ἡ
1316 4954 1793 5026 πύληὲκὲκλειστο

226 5058 280 5110 ὲν
307 5056 384 5130 τῷ
410 5056 611 5120 σκότει,
636 5055 731 5110 καὶ
756 5055 804 5107 oi
825 5053 1013 5122 ἄνδρες
1041 5050 1283 5119 ἐξῆλθον,
1311 5050 1403 5102 καὶ
1436 5047 1535 5100 οὐκ
1565 5045 1791 5099 ἐπίστα-

229 5167 320 5220 μαι
349 5149 450 5203 ποῦ
479 5147 863 5219 πεπόρευνται.
887 5145 996 5198 Καὶ
1027 5141 1391 5204 καταδεώξατε
1413 5139 1589 5192 ὀπίσω
1612 5136 1793 5190 αὐτῶν

230 5244 319 5294 καὶ
354 5237 738 5310 καταλήψεσθε
791 5234 1010 5297 αὐτούς.
1052 5233 1202 5305 Αὕτη
1235 5233 1292 5286 δὲ
1331 5229 1654 5286 ἀνεϐίϐασεν
1695 5227 1793 5282 αῦ-

227 5331 345 5394 τοῦς
395 5332 485 5384 επὶ
530 5330 593 5384 τὸ
639 5329 811 5401 δῶμα,
845 5328 939 5382 καὶ
970 5325 1203 5399 ἔκρυψεν
1235 5327 1293 5379 ὲν
1336 5327 1446 5384 τοῖς
1483 5321 1663 5391 ξύλοις
1690 5323 1793 5393 τῆς

225 5421 601 5495 ληνοκαλάμης
641 5423 738 5492 τῆς
784 5420 1212 5491 ὲστοιϐασμένης
1243 5419 1381 5490 αὖτῇ
1415 5416 1510 5470 ἐπὶ
1541 5415 1635 5469 τοῦ
1689 5413 1792 5468 δὼ-

233 5529 412 5581 ματος.
435 5517 545 5570 Καὶ
571 5516 620 5571 οἱ
648 5512 838 5586 ἄνδρες
861 5512 1187 5576 κατεδίωξαν
1225 5510 1400 5564 ὀπίσω
1445 5507 1625 5563 αὐτῶν
1673 5506 1793 5560 ὁδδν

221 5602 319 5675 τὴν
346 5605 438 5662 επὶ
464 5603 556 5661 τοῦ
597 5603 861 5677 Ἰορδάνου
907 5605 998 5656 ἐπὶ
1049 5601 1147 5666 τὰς
1199 5600 1498 5663 διαϐάσεις.
1531 5596 1644 5652 Καὶ
1671 5597 1793 5664 ἐγέ-

231 5711 345 5750 νετο
387 5699 463 5764 ὡς
494 5697 714 5769 ἐξῆλθον
755 5699 803 5752 oi
831 5693 1141 5760 διώκοντες,
1172 5693 1312 5766 αὕτη
1343 5691 1509 5762 ἀνέϐη
1539 5692 1676 5763 πρὸς
1707 5692 1794 5744 αὑ-

236 5790 349 5854 τοὺς
395 5790 483 5846 ἐπὶ
532 5790 630 5846 τοῦ
678 5789 946 5861 δώματος,
996 5788 1092 5843 καὶ
1128 5783 1280 5842 εἶπεν
1324 5787 1538 5849 αὐτοῖς’
1578 5786 1668 5849 Et;
1693 5783 1796 5854 την

500 5889 770 5951 Ριτιιοι.
805 5888 922 5950 GR.
957 5883 1127 5948 XCV.

1900 3285 2246 3344 Pharaonis:
2276 3287 2374 3345 Vis
2406 3296 2467 3345 ut
2495 3304 2684 3347 vocem
2722 3291 2821 3349 tibi
2873 3292 3156 3351 mulierem
3198 3298 3470 3354 nutricem

1899 3394 1966 3436 ex
1995 3379 2256 3449 Hebraeis,
2290 3393 2343 3438 et
2372 3383 2600 3439 lactabit
2643 3384 2744 3440 tibi
2785 3385 3078 3444 infantem.
3133 3387 3198 3444 Et
3234 3389 3372 3445 dixit
3419 3393 3472 3448 ei

1900 3472 2009 3528 ﬁlia
2035 3472 2336 3531 Pharaonis
2361 3493 2375 3531 :
2407 3474 2580 3530 Vade.
2601 3474 2852 3533 Profecta
2876 3485 3056 3534 autem
3085 3480 3288 3550 puella,
3305 3498 3472 3538 voca-

1901 3565 1979 3619 vit
2008 3576 2237 3635 matrem
2270 3569 2448 3641 pueri.
2483 3568 2626 3625 Dixit
2654 3578 2835 3626 autem
2857 3555 2925 3627 ad
2951 3559 3075 3629 eam
3097 3564 3206 3629 filia
3225 3575 3473 3634 Pharao-

1901 3657 2038 3714 nis:
2072 3658 2239 3715 Serva
2278 3661 2407 3715 mihi
2447 3660 2709 3718 infantem
2763 3661 2970 3734 istum,
3025 3673 3080 3740 et
3138 3666 3283 3723 iacta
3337 3670 3472 3726 mihi

1898 3750 2088 3819 illum;
2123 3768 2222 3825 ego
2249 3770 2380 3809 vero
2425 3754 2569 3811 dabo
2599 3756 2697 3812 tibi
2747 3758 3078 3817 mercedem.
3130 3759 3196 3816 Et
3257 3764 3472 3835 accepit

1898 3843 2097 3900 mulier
2121 3843 2423 3920 infantem,
2446 3856 2500 3903 et
2538 3847 2759 3906 iactavit
2789 3863 2938 3906 eum.
2972 3868 2993 3902 ι

1967 4020 2132 4085 Iosue
2159 4039 2222 4090 ιι,
2256 4028 2306 4081 1.
2331 4055 2402 4102 -_-—_
2425 4045 2445 4078 ι
2476 4027 2626 4087 Μῖειι
2650 4028 2807 4086 Iesus
2833 4032 2974 4089 duos
3009 4032 3157 4089 viros
3193 4033 3261 4088 de
3296 4032 3469 4090 Satim

1859 4167 1870 4176 .
1898 4114 1963 4171 ad
1989 4117 2380 4195 explorandam
2413 4126 2639 4188 terram,
2675 4130 2729 4178 et
2752 4119 2996 4181 Iericho.
3032 4124 3096 4179 Et
3125 4125 3472 4182 intraverunt

1897 4212 2121 4266 domum
2174 4213 2423 4269 mulieris
2453 4216 2788 4286 meretricis,
2846 4217 2934 4273 cui
2969 4234 3168 4274 nomen
3201 4217 3376 4288 Raab,
3415 4230 3472 4277 et

1896 4303 2236 4361 diverterunt
2294 4305 2389 4362 ibi.
2419 4305 2485 4363 Et
2514 4309 2827 4394 nuntiatum
2859 4318 2944 4365 est
2972 4310 3084 4382 regi
3112 4307 3352 4380 Iericho,
3382 4312 3472 4368 di-

1896 4407 2086 4453 centes
2119 4417 2133 4451 :
2171 4397 2407 4469 lngrcssi
2442 4407 2575 4455 sunt
2627 4398 2732 4453 huc
2761 4398 2865 4456 viri
2917 4399 2986 4454 de
3036 4400 3163 4457 filiis
3197 4401 3362 4458 lsrael
3402 4403 3470 4458 ad

1899 4489 2292 4561 explorandam
2331 4498 2558 4547 terram.
2591 4490 2657 4545 Et
2686 4491 2837 4548 misit
2865 4506 2956 4548 rex
3000 4490 3243 4560 Iericho,
3295 4501 3348 4549 et
3393 4496 3474 4550 ait

1899 4579 1967 4633 ad
2003 4577 2154 4634 Raab
2204 4579 2393 4636 dicens
2427 4597 2440 4634 :
2488 4577 2638 4634 Educ
2668 4595 2766 4636 eos
2797 4580 2890 4650 qui
2933 4580 3170 4650 ingressi
3199 4590 3331 4661 sunt
3372 4582 3472 4638 do-

1899 4686 2045 4726 mum
2075 4683 2222 4726 tuam
2261 4679 2421 4727 nocte
2454 4691 2469 4727 z
2508 4687 2636 4727 nam
2695 4671 2764 4728 ad
2817 4673 3216 4743 explorandam
3267 4684 3469 4730 terram

1897 4773 2165 4818 venerunt
2192 4763 2361 4834 (atqui
2396 4763 2591 4818 mulier
2623 4763 2904 4836 accipiens
2935 4755 3106 4831 viros,
3161 4764 3473 4823 absconde-

1896 4855 2025 4923 rat).
2057 4854 2120 4908 Et
2147 4854 2328 4911 dixit:
2364 4855 2601 4928 ingressi
2637 4859 2772 4912 sunt”
2805 4857 2874 4912 ad
2915 4872 3002 4913 me
3037 4857 3287 4915 homines
3321 4877 3333 4914 :
3374 4861 3468 4915 sed

1899 4959 2022 5000 cum
2060 4960 2212 5016 porta
2245 4947 2596 5004 clauderetur
2646 4948 2703 5004 in
2736 4947 3004 5016 tenebris,
3040 4959 3093 5008 et
3125 4950 3231 5007 viri
3262 4953 3472 5023 egressi

1897 5048 2046 5106 sunt,
2081 5050 2132 5094 ct
2162 5041 2350 5097 nescio
2381 5057 2490 5111 quo
2523 5042 2742 5098 iverint.
2773 5040 3177 5115 Persequimini
3203 5055 3324 5115 post
3351 5061 3468 5111 eos,

1895 5141 1948 5190 et
1983 5133 2459 5205 comprehendctis
2489 5150 2604 5190 eos.
2633 5134 2750 5206 Ipsa
2787 5142 2968 5191 autem
3012 5136 3310 5194 ascendere
3341 5136 3479 5193 fecit

1895 5242 1989 5284 eos
2024 5228 2077 5281 in
2109 5227 2370 5283 solarium
2405 5237 2498 5284 :et
2530 5226 2905 5285 occultavitin
2929 5227 3093 5300 lignis
3127 5229 3220 5285 lini
3251 5228 3470 5300 stipulae

1895 5319 2220 5390 constipata:
2251 5319 2356 5377 sibi
2405 5336 2572 5393 super
2611 5315 2898 5379 solarium.
2933 5318 3000 5376 Et
3033 5321 3134 5375 viri
3193 5323 3468 5392 persecuti

1896 5421 2025 5470 sunt
2060 5420 2182 5484 post
2229 5428 2326 5470 eos
2356 5412 2523 5482 viam,
2565 5430 2685 5486 quae
2729 5419 2812 5469 est
2860 5428 3024 5485 super
3065 5411 3362 5469 Iordanem
3398 5413 3468 5469 ad

1893 5506 2054 5562 vada.
2094 5507 2158 5559 Et
2208 5506 2412 5562 factum
2474 5516 2588 5576 est,
2636 5517 2925 5580 postquam
2988 5508 3240 5564 exierunt
3286 5522 3469 5579 perse-

1895 5607 2150 5670 quentes,
2185 5598 2305 5669 ipsa
2337 5600 2587 5654 ascendit
2625 5600 2690 5655 ad
2720 5601 2845 5655 illos
2881 5601 2934 5655 in
2967 5599 3253 5665 solarium,
3305 5597 3466 5653 dixit-

1898 5707 2002 5761 que
2033 5691 2113 5747 eis
2155 5709 2170 5744 :
2217 5688 2274 5745 In
2331 5703 2646 5746 montanam
2680 5693 2846 5757 abite,
2888 5708 2954 5747 ne
2997 5691 3134 5746 forte
3175 5697 3468 5745 occurrent

1903 5784 2057 5841 vobis
2097 5794 2492 5858 pcrscqucntcs
2524 5799 2644 5844 vos,
2675 5793 2726 5840 ct
2760 5785 3046 5840 latitabitis
3088 5783 3158 5837 ibi
3194 5793 3306 5838 tres
3327 5783 3466 5849 dies,

3037 5879 3109 5938 39
