3886 6248
470 314 605 383 1927

1645 303 1708 364 S.
1732 293 2054 365 JOANNIS
2095 291 2534 361 DAMASCENI

3564 313 3687 380 1238

467 431 827 504 quoadusque
908 421 1116 479 reversi
1184 428 1387 487 erunt,
1458 417 1553 490 qui
1633 419 2044 488 perseQuuntur

2164 409 2360 481 ipetvipo
2395 411 2688 480 ἀπέλθατε,
2723 413 2799 488 μὴ
2843 418 3248 488 συναντήσωοιν
3277 421 3325 477 oi
3358 409 3721 484 nudabiton

475 538 590 580 τοο.
633 542 652 577 Ι

541 705 568 761 ι
604 703 732 775 Reg.
764 717 874 767 xvi,
917 701 965 755 Ι.
993 728 1061 741 --
1098 714 1120 753 ‹
1153 698 1300 753 Dixit
1340 693 1603 751 Dominus
1651 692 1719 749 ad
1767 690 1992 746 Samuel
2026 707 2043 746 :

473 800 642 870 lmple
700 812 874 855 cornu
922 803 1080 849 tuum
1135 791 1287 856 oleo,
1347 799 1400 843 et
1452 786 1601 850 veni,
1644 784 1860 840 mittam
1896 790 1950 838 te
1989 779 2046 835 in

471 893 747 948 Bethleem
793 889 862 945 ad
903 887 1090 950 Jessae,
1135 883 1296 955 367
1342 882 1472 953 quia
1517 877 1630 932 vidi
1681 876 1738 931 in
1772 875 1900 932 filiis
1925 873 2047 946 ejus

472 984 607 1038 inibi
669 997 875 1053 regem.
905 978 973 1032 Et
1000 976 1140 1032 dixit
1180 973 1405 1029 Samuel
1448 990 1463 1028 :
1506 968 1794 1038 Quomodo
1831 967 1963 1023 ibo?
1991 978 2047 1021 et

471 1075 658 1131 audiet
690 1072 842 1141 Saul,
873 1078 931 1128 et
963 1067 1253 1125 interﬁciet
1289 1081 1397 1123 me.
1428 1063 1496 1120 Et
1544 1061 1684 1119 dixit
1727 1060 1993 1116 Dominus
2029 1075 2044 1113 :

477 1167 717 1223 Vitulam
738 1165 906 1222 boum
941 1176 1074 1233 cape
1102 1161 1156 1217 in
1179 1174 1345 1215 manu
1375 1165 1491 1222 tua,
1523 1167 1575 1212 et
1598 1154 1752 1210 dices
1785 1173 1798 1210 :
1843 1152 1926 1208 Ad
1961 1166 2046 1208 sa-

471 1259 834 1318 crificandum
886 1256 1121 1314 Domino
1161 1253 1347 1311 venio.
1407 1252 1476 1308 Et
1524 1249 1746 1306 vocabis
1794 1247 1963 1303 Jessae
1991 1253 2048 1301 et

472 1351 620 1407 ﬁlios
641 1349 762 1421 ejus
825 1347 893 1403 ad
933 1344 1293 1410 sacriﬁcium,
1347 1351 1401 1398 et
1449 1355 1621 1412 unges
1665 1352 2048 1411 quemcunque

468 1443 662 1500 dixero
688 1439 812 1497 tibi.
833 1437 902 1494 Et
933 1436 1061 1494 fecit
1088 1433 1313 1492 Samuel
1339 1433 1539 1498 omnia
1570 1446 1692 1504 qua:
1719 1431 1939 1487 locutus
1964 1437 2048 1486 est

470 1534 736 1592 Dominus
758 1533 830 1589 ei.
863 1549 882 1585 ι

537 1626 722 1684 Schol.
744 1623 884 1681 Hinc
918 1622 1187 1680 discimus
1219 1619 1492 1676 interdum
1521 1624 1674 1673 certo
1694 1615 1930 1673 consilio
1959 1615 2050 1670 ad-

468 1721 836 1782 ministrantis
864 1733 988 1776 esse
1031 1714 1280 1787 negotia,
1321 1726 1421 1770 nec
1468 1725 1684 1783 semper
1713 1707 2044 1765 auctoritate

468 1830 519 1875 ct
548 1815 839 1890 pmestatis
869 1809 1235 1885 amplitudine
1265 1805 1555 1863 utendum.
1589 1802 2042 1875 Quandoquidem

471 1911 640 1977 Deus,
690 1908 782 1980 qui
829 1906 917 1963 vel
968 1917 1223 1961 sermone
1267 1900 1385 1958 solo
1446 1914 1535 1955 res
1584 1912 1777 1954 omnes
1819 1903 1965 1952 tenet
1993 1907 2050 1952 et

470 2004 632 2076 regit,
664 2011 718 2056 et
761 1997 1012 2054 funditus
1059 1994 1281 2052 Saulem
1333 1991 1693 2062 exstinguere
1733 1997 1789 2044 et
1815 1989 1870 2044 in
1904 1987 2049 2043 nihl-

469 2097 583 2150 lum
620 2091 875 2162 redigere
928 2092 1167 2153 poterat,
1220 2083 1513 2155 imperavit
1559 2081 1805 2150 Samuel,
1836 2089 1894 2136 ut
1929 2091 2047 2137 arte

471 2187 713 2259 quadam
754 2180 1227 2256 percontationem
1259 2177 1380 2248 ejus
1420 2176 1694 2233 eluderet.

541 2279 570 2335 1
601 2278 725 2350 Reg.
759 2292 873 2342 x'tx,
925 2273 1106 2331 12-14.
1147 2299 1218 2313 -ο
1255 2289 1273 2324 ι
1329 2269 1674 2326 Descendere
1725 2267 1859 2324 facit
1914 2266 2048 2324 Mel-

468 2373 592 2430 cbol
625 2369 794 2427 David
847 2383 949 2440 per
977 2366 1312 2423 fenestram:
1367 2372 1423 2419 et
1467 2361 1633 2433 fugit,
1671 2370 1727 2416 et
1774 2361 2045 2426 salvatur,

469 2465 537 2522 Et
569 2463 784 2534 accepit
837 2459 1078 2517 Melcbol
1133 2455 1482 2527 cenotapbia,
1529 2461 1584 2510 et
1637 2453 1824 2525 posuit
1881 2468 2051 2524 super

472 2562 674 2616 lectum
701 2598 717 2624 ,
747 2565 803 2614 et
829 2554 989 2626 jecur
1031 2565 1353 2624 caprarum,
1386 2558 1438 2605 et
1472 2546 1774 2619 stragulum
1818 2545 2046 2619 capillo-

469 2667 591 2707 rum
611 2649 794 2724 posuit
823 2647 892 2705 ad
919 2654 1087 2719 caput
1112 2644 1254 2716 ejus,
1279 2651 1336 2700 et
1359 2641 1578 2713 operuit
1606 2654 1671 2696 ea
1694 2640 2044 2697 vestimento.

471 2741 538 2798 Et
571 2740 727 2798 misit
762 2738 896 2796 Saul
956 2736 1186 2793 nuntios
1221 2733 1288 2789 ad
1348 2730 1677 2805 capiendum
1732 2729 1942 2787 David:
1994 2739 2048 2787 et

471 2833 609 2889 dixit
639 2829 893 2901 Melchol,
923 2829 1082 2886 illum
1118 2835 1412 2901 aegrotare.
1456 2846 1472 2879 ι

545 2922 994 2985 Basilii.—Non
1055 2923 1110 2978 in
1167 2923 1328 2980 hellis
1360 2922 1548 2991 modo,
1616 2923 1715 2981 sed
1770 2922 1934 2978 etiam
1989 2921 2045 2978 in

472 3036 628 3094 pace,
682 3021 961 3092 ingentem
1011 3025 1165 3074 astus
1211 3015 1510 3072 utilitatem
1547 3022 1603 3072 et
1653 3015 2044 3073 necessitatem

2143 520 2235 566 τες
2256 505 2421 575 ὑμᾶς,
2446 507 2544 560 καὶ
2571 506 2914 580 κρυϐήσεσθε
2941 510 3060 566 ἐκεῖ
3086 515 3234 584 τρεῖς
3265 513 3612 587 ἣμέρας,ἒως
3638 525 3694 578 ἂν

2146 596 2558 670 ἀναστρέψωσιν
2587 602 2638 655 οἱ
2673 603 3128 671 καταδιώκοντες.
3165 625 3184 662 ι
3380 673 3384 675 _

2223 709 2242 744 ι
2279 690 2412 746 Eine
2448 694 2652 767 Κύριος
2704 697 2842 768 πρὸς
2873 699 3130 773 Σαμουήλ
3151 717 3166 732 °
3201 701 3416 777 Πλῆσον
3445 706 3504 760 τὸ
3551 707 3697 781 κέρας

2147 801 2240 838 σου
2272 783 2474 849 ἐλαίου,
2544 788 2637 842 xal
2682 788 2843 861 δεῦρο
2889 794 3197 849 ἀποστείλω
3251 814 3312 851 σε
3359 800 3439 862 είς
3477 799 3695 875 Βηθλεὲμ

2147 875 2284 947 πρὸς
2330 877 2548 942 Ἰεσσαὶ,
2597 879 2677 931 ὅτι
2731 880 2958 952 ἑώρακα
2985 885 3044 938 ὲν
3076 887 3193 950 τοῖς
3223 887 3360 953 υἱοῖς
3408 889 3571 944 αὑτοῦ
3599 895 3702 964 ἐμοὶ

2145 969 2226 1034 εἰς
2258 969 2502 1040 βασιλέα.
2533 972 2644 1025 Kal
2684 970 2808 1029 εἶπε
2842 976 3116 1050 Σαμουὴλ,
3152 979 3280 1045 Πῶς
3311 984 3597 1055 πορευθῶ;
3625 991 3706 1042 καὶ

2146 1063 2438 1120 ἀκούσεται
2474 1063 2666 1132 Σαοὺλ,
2701 1069 2796 1122 καὶ
2833 1069 3126 1126 ἀποκτενεῖ
3163 1091 3254 1144 με.
3299 1077 3409 1131 Kal
3453 1076 3573 1134 εἶπε
3609 1083 3706 1134 Κὺο

2149 1173 2294 1229 ριος·
2328 1156 2573 1228 Δάμαλιν
2600 1159 2740 1229 βοῶν
2773 1160 2906 1216 λάϐε
2936 1166 2994 1218 ὲν
3016 1167 3081 1237 τῇ
3120 1167 3264 1238 χειρί
3290 1185 3406 1235 σου,
3431 1171 3527 1226 καὶ
3560 1173 3707 1244 ἐρεῖς,

2147 1247 2316 1302 Θῦσαι
2350 1248 2432 1320 τῷ
2453 1250 2642 1322 Κυρίῳ
2667 1253 2807 1324 ἥκω.
2842 1254 2951 1308 Kal
2981 1255 3234 1323 καλέσεις
3274 1261 3368 1315 τὸν
3411 1262 3604 1318 Ἰεσσαὶ
3629 1267 3712 1318 καὶ

2146 1341 2272 1406 τοὺς
2295 1342 2442 1408 υἱοὺς
2471 1343 2632 1399 αὐτοῦ
2678 1346 2759 1408 είς
2802 1348 2901 1418 τὴν
2933 1348 3146 1418 θυσίαν,
3191 1353 3288 1406 καὶ.
3325 1355 3536 1428 κρίσεις
3565 1358 3620 1411 ὃν
3654 1358 3712 1411 ἂν

2147 1436 2286 1489 εἴπω
2321 1453 2424 1492 σοι.
2478 1437 2591 1492 Καὶ
2639 1439 2891 1512 ἐποίησεν
2938 1444 2966 1496 ό
3013 1445 3290 1518 Σαμουὴλ,
3327 1447 3429 1502 ὅσα
3467 1448 3712 1522 ἐλάλησεν

2148 1526 2295 1600 αὐτῷ
2319 1528 2542 1602 Κύριος.
2592 1549 2610 1582 ι

2218 1621 2495 1692 Σχόλιον.
2542 1623 2820 1680 Ἐντεῦθεν
2855 1625 3220 1702 διδασκόμεθα
3244 1636 3302 1686 εν
3328 1637 3496 1701 ἐνίοις
3524 1638 3711 1693 οἰκονο-

2154 1715 2276 1785 μεῖν
2302 1717 2494 1786 χρείαν
2533 1712 2672 1772 εἶναι
2704 1718 2776 1773 τά
2803 1720 3128 1792 πράγματα,
3155 1724 3250 1779 καὶ
3291 1727 3371 1798 τῷ
3415 1727 3586 1801 δγκῳ,
3633 1735 3715 1786 καὶ

2148 1803 2226 1877 τῷ
2273 1807 2496 1877 μεγέθει
2524 1808 2625 1880 τῆς
2657 1808 2906 1877 ἐξουσίας
2941 1812 3267 1886 κεχρῆσθαι.
3322 1817 3383 1872 '0
3426 1817 3538 1891 γὰρ
3574 1820 3713 1886 Θεὸς,

2147 1900 2176 1952 ὀ
2204 1897 2349 1970 λόγῳ
2391 1900 2611 1983 πάντων
2641 1901 2884 1974 κρατῶν,
2942 1905 3038 1960 καὶ
3087 1906 3383 1980 δυνάμενος
3415 1912 3510 1965 τὸν
3559 1913 3717 1968 Σαοὺλ

2149 1993 2319 2064 ἄρδην
2347 1994 2634 2066 ἀφανίσαι,
2660 1996 2757 2053 καὶ
2786 1998 2867 2062 είς
2897 1998 2959 2053 τὺ
2988 1998 3339 2074 ἀνύπαρκτον
3365 2006 3714 2078 καταστῆσαι.

2149 2085 2405 2158 ἐνέτρεψε
2454 2086 2534 2160 τῷ
2578 2089 2835 2163 Σαμουὴλ
2873 2092 3086 2164 μεθόδῳ
3141 2094 3252 2149 τινὶ
3278 2097 3718 2167 ἀποκρούσασθαι

2148 2179 2245 2254 τὴν
2275 2180 2367 2235 ὑπ’
2397 2182 2563 2236 αὐτοῦ
2596 2184 2898 2257 γενομένην
2930 2184 3144 2242 πεῦσιν.

2225 2289 2244 2324 ι
2282 2273 2531 2344 Κατάγει
2562 2274 2792 2347 Μελχὼλ
2830 2274 2923 2331 τὸν
2951 2277 3118 2333 Δαϐὶδ
3133 2277 3224 2334 διὰ
3244 2281 3344 2353 τῆς
3372 2281 3612 2355 θυρίδος,
3636 2285 3720 2340 καὶ

2149 2362 2370 2436 ἔφυγεν,
2403 2367 2497 2420 zal
2523 2365 2776 2433 σώζεται.
2821 2369 2932 2423 Kal
2957 2369 3120 2426 ἔλαϐε
3166 2373 3402 2446 Μελχὼλ
3458 2376 3532 2431 τά
3579 2394 3720 2432 κενο-

2149 2457 2340 2528 τάφια,
2367 2459 2463 2514 καλ
2491 2460 2689 2531 ἔθηκεν
2714 2462 2807 2516 ἐπὶ
2826 2463 2925 2535 τὴν
2953 2465 3166 2537 κλίνην,
3202 2469 3295 2522 καὶ
3333 2462 3497 2542 ἧπαρ
3539 2473 3719 2540 αἰγῶν,

2150 2553 2245 2606 καὶ
2277 2554 2680 2627 στρογγύλωμα
2718 2556 2944 2627 τριχῶν,
2989 2559 3084 2614 καὶ
3110 2559 3276 2632 ἔθηκε
3315 2564 3458 2636 πρὸς
3495 2565 3720 2638 κεφαλῆς

2149 2644 2335 2712 αὑτοῦ,
2393 2648 2487 2701 καὶ
2538 2647 2812 2720 ἐκάλυψεν
2848 2649 2990 2706 αὐτά
3024 2652 3261 2726 ίματίῳ·
3307 2655 3401 2710 καὶ
3450 2658 3718 2713 ἀπέστειλε

2149 2736 2322 2791 Σαοὺλ
2353 2737 2621 2808 ἀγγέλους
2648 2738 2834 2796 λαϐεῖν
2865 2740 2958 2800 τὸν
2987 2742 3154 2798 Δαϐίδ
3172 2759 3186 2775 ’
3218 2745 3316 2800 καὶ
3349 2742 3478 2801 εἷπε
3509 2748 3720 2819 Μελχὼλ

2148 2828 2481 2901 ἐνοχλεῖσθαι
2501 2833 2682 2889 αὐτόν.
2728 2852 2746 2885 ι

2227 2927 2342 2981 Οὐκ
2369 2927 2430 2980 ὲν
2456 2931 2568 2992 τοῖς
2601 2929 2860 3001 πολέμοις
2888 2931 3072 3003 μόνον,
3095 2931 3241 2990 ἀλλά
3287 2935 3381 2990 καὶ
3434 2936 3497 2990 ἐν
3547 2935 3720 3011 εἰρήνῃ

2150 3019 2351 3092 πολλὴν
2404 3022 2500 3076 καὶ
2533 3024 2841 3093 ἀναγκαίαν
2894 3023 3047 3098 εὖροι
3093 3043 3182 3093 τις
3228 3027 3331 3100 τῆς
3374 3029 3602 3102 ἀπάτης
3638 3033 3720 3100 τὴν

470 3129 597 3171 esse
629 3111 909 3185 quispiam
956 3109 1196 3180 reperiat
1226 3126 1240 3164 :
1295 3123 1399 3165 nec
1429 3107 1612 3164 solum
1659 3110 1719 3165 in
1750 3123 1934 3165 rerum
1970 3109 2046 3165 ci-

2164 3114 2362 3187 χρείαν,
2391 3115 2486 3169 xal
2515 3116 2576 3169 οὐ
2612 3115 2748 3190 πρὸς
2795 3118 2864 3172 τά
2909 3117 3009 3190 τῆς
3041 3120 3253 3184 πόλεως
3299 3121 3608 3194 πράγματα
3640 3124 3722 3194 μό·

472 3209 664 3266 vilium
695 3206 1201 3270 administratione,
1236 3217 1432 3262 verum
1459 3205 1623 3260 etiam
1655 3204 1804 3260 domi
1828 3219 1889 3260 ac
1927 3205 2047 3274 pri-

474 3303 664 3368 vatim,
714 3299 834 3356 viro
882 3313 1012 3370 erga
1059 3311 1309 3362 uxorem,
1345 3305 1398 3352 et
1447 3296 1605 3353 uxori
1656 3311 1787 3367 erga
1838 3297 2044 3363 virum,

475 3410 689 3452 necnon
726 3393 870 3467 patri
901 3406 1031 3461 erga
1069 3390 1264 3458 filium,
1311 3397 1364 3447 et
1393 3388 1571 3445 amico
1613 3405 1740 3461 erga
1782 3388 2046 3457 amicum,

476 3489 610 3562 quin
642 3497 697 3544 et
730 3486 826 3542 lilii
855 3500 987 3557 erga
1020 3487 1327 3558 parentem.
1361 3482 1643 3555 Siquidem
1692 3481 1802 3538 filia
1863 3479 2048 3538 Saulis

476 3598 587 3638 non
628 3579 736 3636 alia
791 3589 1006 3635 ratione
1045 3579 1224 3632 virum
1254 3591 1321 3630 ex
1354 3575 1504 3630 illius
1555 3573 1812 3630 manibus
1854 3587 2051 3630 eruere

479 3674 678 3747 potuit,
707 3672 824 3736 nisi
850 3679 1061 3744 patrem
1105 3668 1364 3725 fallendo.
1423 3668 1567 3735 Quin
1621 3667 1794 3739 ipsius
1825 3682 2050 3738 quoque

479 3769 651 3826 frater
709 3766 886 3824 eidem
936 3781 1101 3839 quem
1164 3764 1257 3819 illa
1319 3771 1659 3830 servaverat,
1714 3763 2050 3835 periclitanti

361 3923 366 3928 _
475 3864 711 3921 salutem
763 3859 960 3919 atl‘erre
1019 3872 1241 3915 rursum
1296 3855 1545 3928 cupiens;
1599 3854 1794 3912 iisdem
1848 3855 2051 3928 quibus

477 3975 637 4017 soror
671 3957 842 4014 armis
880 3970 1015 4013 usus
1058 3959 1166 4010 est.
1227 3949 1420 4023 Magna
1459 3951 1605 4005 enim
1637 3949 1724 4007 vis
1754 3948 1890 4007 artis
1918 3959 2003 4006 cst
2034 3968 2049 4006 :

476 4050 608 4108 illud
637 4048 803 4106 modo
827 4055 1112 4112 caveatur,
1141 4058 1209 4100 ne
1235 4042 1570 4098 veteratorio
1601 4047 1655 4098 et
1693 4037 2053 4096 fraudulento

477 4144 663 4200 animo
693 4140 1050 4196 adhibeatur.

552 4236 836 4308 Theologi.
859 4264 932 4276 --
967 4229 1283 4290 Fraudibus
1313 4235 1350 4288 ii
1395 4245 1585 4287 omnes
1608 4237 1823 4308 patent,
1857 4229 1950 4300 qui
1983 4227 2054 4285 ad

452 4334 814 4403 .voluptatem
849 4325 1114 4400 propensi
1150 4332 1301 4382 sunt.

553 4423 813 4480 Philonis.
853 4450 922 4467 σ-ι
968 4419 1090 4476 Non
1147 4417 1328 4476 omnis
1380 4418 1542 4474 dolus
1598 4417 1814 4489 culpari
1866 4417 2050 4476 debet.

475 4519 614 4576 Nam
661 4525 716 4575 et
762 4515 859 4589 qui
902 4521 1072 4571 noctu
1105 4511 1372 4570 excubias
1419 4520 1612 4584 agunt,
1652 4511 2055 4569 dumlatrones

479 4613 730 4685 capiunt,
763 4619 819 4667 et
846 4608 1083 4665 militum
1130 4605 1396 4679 praefecti,
1433 4605 1625 4663 hostes
1651 4606 2054 4679 aggredienda,

481 4714 632 4763 recte
654 4717 820 4777 agere
856 4707 1198 4758 censentur:
1251 4698 1614 4769 eamdemque
1642 4699 1912 4755 rationem
1957 4700 2057 4754 ba-

481 4798 631 4862 bent,
680 4808 802 4865 qua:
835 4798 1230 4863 stratagemata
1283 4797 1576 4857 vocantur,
1632 4797 1686 4846 et
1720 4789 2057 4848 athletarum

481 4886 942 4944 concertationes.
974 4884 1191 4941 Etenim
1219 4882 1274 4938 in
1304 4883 1392 4939 his
1415 4884 1701 4956 proprium
1734 4884 1839 4941 sibi
1873 4885 2056 4942 locum

483 4976 732 5049 deceptio
761 4974 1020 5031 vindicat.

485 5089 619 5146 'i‘l'l‘.
663 5088 901 5172 xxviii.
933 5087 1420 5172 -τυειζςραιοηει
1458 5091 1702 5172 responsi
1750 5098 2017 5159 sequestro
2030 5105 2053 5152 ,°

555 5162 796 5235 quodque
817 5162 867 5235 is
897 5163 988 5232 qui
1044 5158 1202 5214 nihili
1228 5158 1407 5235 pendit
1453 5161 1708 5230 legatum,
1757 5176 1874 5214 eum
1907 5178 1939 5214 a
1961 5177 2065 5232 quo

560 5230 752 5289 inissa:
784 5233 874 5288 ille
908 5230 1008 5294 est,
1049 5230 1358 5285 contemnit.

562 5346 719 5404 Prov.
751 5360 878 5412 xxv,
913 5345 998 5400 15.
1026 5375 1093 5385 -
1120 5361 1140 5396 ι
1181 5342 1338 5399 Sicut
1383 5344 1566 5400 exitus
1597 5342 1740 5399 nivis
1795 5360 1852 5400 tn
1887 5359 2069 5401 messe

2151 3226 2263 3273 νον,
2289 3209 2428 3265 άλλά
2463 3211 2558 3265 καὶ
2592 3213 2648 3266 ὲν
2680 3210 2848 3285 οἰκίᾳ,
2878 3212 3016 3284 πρὸς
3056 3215 3292 3283 γυναῖκα
3323 3213 3399 3286 τῷ
3433 3216 3612 3289 ἀνδρὶ,
3641 3219 3723 3270 καὶ

2154 3299 2289 3374 πρὸς
2315 3300 2482 3374 ἀνδρα
2510 3304 2752 3372 γυναικὶ,
2784 3303 2878 3358 καὶ
2928 3305 3096 3378 πατρὶ
3122 3305 3260 3377 πρὸς
3299 3305 3435 3373 υἱὸν,
3469 3309 3567 3362 καὶ
3602 3309 3723 3380 πρὸς

2152 3394 2306 3464 φίλον
2332 3395 2494 3468 φίλῳ,
2521 3395 2622 3469 ήδη
2653 3395 2711 3449 δὲ
2739 3395 2832 3451 καὶ
2865 3396 3003 3469 πρὸς
3025 3397 3236 3470 πατέρα
3263 3398 3442 3457 παισί.
3476 3401 3592 3454 Kal
3627 3401 3723 3471 γὰρ

2152 3487 2260 3542 τῶν
2296 3485 2392 3542 τοῦ
2440 3488 2612 3543 Σαοὺλ
2641 3488 2924 3564 χειρῶν,ή
2974 3489 3068 3546 τοῦ
3128 3491 3302 3546 Σαοὺλ
3349 3491 3604 3565 θυγάτηρ
3633 3493 3722 3546 οὐκ

2154 3579 2375 3650 ἴσχυσεν
2419 3580 2623 3654 ἑτέρως
2655 3580 2935 3647 ἐξελέσθαι
2954 3582 3045 3639 τὸν
3070 3583 3261 3656 ἄνδρα,
3289 3584 3406 3639 ἀλλ’
3439 3587 3475 3658 ἦ
3514 3587 3647 3657 μετά
3671 3587 3722 3639 τι

2155 3671 2627 3744 παραλογίσασθαι
2666 3674 2757 3729 τὸν
2799 3674 3034 3749 πατέρα.
3063 3676 3175 3732 Kal
3194 3679 3223 3732 ὁ
3255 3676 3466 3750 ταύτης
3489 3678 3550 3731 δὲ
3577 3676 3720 3732 ἀδελ-

2154 3762 2270 3832 φὸς,
2312 3763 2404 3818 τὸν
2429 3765 2521 3820 ὑπ’
2551 3763 2767 3838 ἐκείνης
2808 3767 3146 3824 διασωθέντα
3180 3768 3352 3825 σῶσαι
3385 3770 3715 3843 βουλόμενος.

2153 3855 2531 3912 κινδυνεύοντα
2583 3858 2744 3913 πάλιν
2789 3861 2904 3925 τοῖς
2957 3862 3142 3926 αὐτοῖς
3191 3863 3378 3929 ὅπλοις
3437 3866 3716 3937 ἐχρήσατο,

2152 3942 2346 4020 οἷσπερ
2385 3949 2480 4004 καὶ
2511 3951 2545 4021 ἡ
2571 3951 2730 4024 γυνὴ.
2764 3951 2906 4008 Πολὺ
2948 3952 3056 4025 γὰρ
3101 3955 3135 4025 ἡ
3169 3953 3268 4027 τῆς
3299 3955 3528 4027 ἀπάτης
3559 3957 3717 4026 ἰσχὺς.

2155 4044 2317 4113 μόνον
2364 4041 2441 4116 μὴ
2492 4044 2628 4116 μετά
2689 4043 2914 4118 δολερᾶς
2962 4047 3321 4120 προσαγέσθω
3387 4050 3491 4122 τῆς
3545 4065 3717 4122 προιιι⁸

2156 4135 2378 4208 ρέσεως.

2228 4226 2465 4284 Εΰκολον
2507 4229 2642 4302 πρὸς
2675 4228 2894 4302 ἀπάτην
2917 4230 2978 4285 τδ
3002 4228 3142 4304 πρὸς
3164 4230 3360 4305 ἡδονὴν
3390 4232 3558 4290 ἃπαν.

2230 4409 2304 4464 Οὐ
2347 4412 2455 4474 πᾶς
2486 4409 2636 4475 δόλος
2689 4410 2936 4477 omne;
2990 4411 3173 4467 ἐστιν’
3208 4411 3332 4468 ἐπεὶ
3383 4413 3482 4468 καὶ
3535 4414 3719 4484 λῃστὰς

2161 4501 2585 4573 νυκτοφύλακες,
2621 4504 2714 4558 καὶ
2745 4503 3038 4577 πολεμίους
3062 4505 3381 4581 στρατηγοὶ,
3412 4503 3509 4570 οὓς
3539 4505 3720 4566 ἀδόλως

2163 4593 2446 4649 συλλαϐεῖν
2491 4595 2592 4650 οὐκ
2640 4595 2807 4664 ἐστιν,
2862 4595 3241 4668 ἐνεδρεύοντες
3297 4597 3599 4670 κατορθοῦν
3648 4597 3720 4648 δο-

2160 4690 2340 4755 κοῦσι,
2375 4691 2469 4744 καὶ
2492 4689 2562 4743 τὰ
2597 4689 2867 4761 λεγόμενα
2886 4691 3314 4764 στρατηγήματα
3351 4691 3590 4746 τοιοῦτον
3621 4690 3718 4761 ἔχει

2161 4783 2338 4854 λόγον,
2375 4784 2468 4837 καὶ
2513 4784 2582 4838 τὰ
2612 4784 2722 4838 τῶν
2768 4785 3019 4856 ἀθλητῶν
3054 4785 3434 4858 ἀγωνίσματα.
3475 4788 3582 4842 Καὶ
3623 4785 3719 4854 γὰρ

2165 4878 2255 4931 ἐπὶ
2281 4878 2484 4932 τούτων
2514 4880 2547 4950 ἡ
2569 4879 2751 4950 ἀπάτη
2778 4880 3092 4952 νενόμισται
3124 4880 3277 4938 ἴδιον.

2166 5043 2346 5141 'l‘ITA.
2380 5088 2515 5142 KH’.
2548 5117 2616 5129 -—
2646 5089 2781 5156 Περὶ
2803 5089 3227 5158 ἀγγέλλοντος.
3253 5085 3351 5143 καὶ
3378 5086 3720 5158 μεσὰζοντος

2237 5158 2562 5228 ἀπόκριοιυ
2594 5158 2716 5228 (sic)
2740 5159 2836 5214 καὶ
2871 5158 2960 5214 ὅτι
2986 5161 3018 5213 ὀ
3044 5158 3155 5214 τὸν
3188 5161 3489 5214 σταλέντα
3525 5158 3717 5224 ἐξουθ-

2237 5229 2410 5296 ενῶν,
2447 5230 2550 5286 τοῦ
2578 5231 2928 5300 πέμψαντος
2963 5230 3327 5301 περιφρονεῖ.

2244 5363 2262 5395 ι
2292 5343 2502 5415 Ὥσπερ
2529 5340 2704 5407 ἔξοδος
2730 5342 2904 5413 χιόνος
2925 5343 2983 5396 ὲν
3003 5341 3201 5414 ἀμητῷ
3227 5343 3368 5398 κατά
3388 5343 3568 5415 καῦμα
3592 5343 3715 5408 ὠφε-

493 5443 759 5500 adversus
789 5446 984 5495 aestum
1033 5437 1307 5511 prodest:
1357 5440 1437 5494 sic
1480 5438 1711 5496 nuntius
1765 5437 1946 5496 fidelis
2001 5439 2049 5495 ii:

2169 5436 2270 5500 λεῖ,
2302 5435 2475 5498 οὕτως
2505 5433 2736 5505 ἄγγελος
2765 5433 2955 5499 πιστὸς
2985 5433 3383 5490 ἀποστείλαντα
3410 5433 3582 5491 αὐτόν.
3617 5433 3693 5487 Ψυ

490 5537 587 5609 qui
624 5552 683 5592 se
729 5535 1020 5589 miserunt.
1070 5532 1285 5589 Animis
1335 5532 1484 5588 enim
1533 5546 1723 5589 eorum
1785 5534 1880 5604 qui
1943 5533 2049 5605 ipsc

2170 5529 2270 5600 χὰς
2296 5529 2402 5602 γὰρ
2439 5529 2540 5582 τῶν
2567 5530 2718 5600 αὑτῷ
2741 5526 3039 5600 χρωμένων
3061 5528 3284 5597 ὠφελεῖ.
3325 5547 3346 5583 r

492 5637 747 5693 utuntur,
784 5625 1026 5698 prodest.
1067 5644 1088 5679 ι

563 5721 723 5775 Prov.
756 5733 906 5800 xxvi,
929 5718 983 5775 6.
1012 5749 1082 5761 —-
1107 5737 1127 5773 t
1154 5717 1231 5774 Ex
1263 5719 1381 5776 suis
1399 5719 1499 5776 viis
1534 5719 1640 5776 sibi
1667 5719 1769 5791 ipsi
1795 5720 2059 5792 probrum

2247 5736 2265 5769 ι
2311 5717 2404 5770 Ἐκ
2427 5717 2531 5770 τῶν
2551 5713 2743 5768 ἑαυτοῦ
2777 5712 2912 5768 ὁδῶν
2939 5713 3140 5778 δνειδος
3165 5714 3516 5787 περιποιεῖται
3542 5711 3568 5764 δ
3594 5709 3688 5763 ἀπο

492 5814 748 5895 acquirit,
765 5812 856 5884 qui
877 5826 972 5883 per
985 5815 1211 5869 stultum
1231 5813 1482 5871 nuntium
1502 5828 1807 5872 sermonem
1827 5815 2049 5893 mittit."

2177 5810 2405 5865 στέλλων
2438 5810 2501 5863 δι’
2534 5809 2760 5878 ἀγγέλου
2779 5805 3010 5890 ἄφρονος
3036 5806 3212 5877 λόγον.
3262 5825 3281 5859 ι
