3948 6250
268 317 391 388 1229

1532 318 1763 381 SACRA
1807 312 2261 378 PARALLELA.

3361 310 3500 380 1230

389 434 445 486 '0
470 418 758 503 δεχόμενος
799 432 959 501 υμᾶς,
994 421 1093 502 ἐμὲ
1121 431 1368 503 δέχεται·
1396 437 1492 486 καὶ
1534 434 1564 485 ὁ
1597 430 1697 501 ἐμὲ
1725 430 1812 484 δε·

1992 447 2189 504 Μαιιή.
2223 464 2279 515 x,
2320 445 2408 505 40.
2437 477 2506 488 —
2543 466 2562 502 ι
2593 445 2700 515 Qui
2734 459 2832 504 vos
2863 442 3088 517 recipit,
3137 458 3227 500 me
3259 445 3499 518 recipit:

260 529 490 601 κάμινος,
512 525 726 596 δέχεται
754 523 844 579 τὸν
866 525 1262 581 ἀποστείλαντά
1287 542 1376 597 με.
1415 544 1434 578 0

326 622 388 674 Ἀ
411 617 664 690 πρέσϐεις
688 616 1041 688 ὑπομένουσι,
1069 616 1162 672 ἐπὶ
1180 618 1308 683 τοὺς
1331 617 1656 691 πέμψαντας
1679 616 1820 689 λαμο

254 714 398 770 δάνει
433 714 532 786 την
562 714 864 786 ἀναφοράν.

309 827 484 883 ΤΙΤΛ.
507 825 638 886 ΚΘ’.
679 829 819 900 Περὶ
860 828 1370 918 ἀγηωμονούντων
1398 827 1523 918 ⁶καί
1554 826 1762 898 ἀχαρεο

836 913 1167 956 στοῠνι-ων.
1398 913 1402 918 “

321 1013 340 1047 ι
384 991 474 1064 Τῷ
501 992 632 1064 μηνὶ
653 992 734 1065 τῷ
769 991 982 1066 ἐὸδόμῳ
1023 988 1188 1065 ἦλθεν
1231 990 1457 1065 Ἰσμαὴλ
1486 993 1604 1057 υίὸς
1627 991 1818 1048 Ναθα-

250 1088 358 1142 νίου
387 1089 452 1141 ἐκ
473 1085 564 1142 τοῦ
590 1086 908 1159 σπέρματος
945 1085 1052 1141 τῶν
1079 1085 1369 1156 βασιλέων,
1413 1085 1508 1140 καὶ
1549 1085 1683 1140 δέκα
1720 1083 1820 1140 ἀν·

257 1181 366 1254 ερες
421 1180 539 1252 μετ’
569 1178 758 1246 αὐτοῦ,
793 1178 891 1234 καὶ
937 1178 1216 1247 ἐπάταξαν
1265 1179 1358 1233 τὸν
1407 1178 1678 1246 Γοδολίαν,
1723 1178 1819 1233 καὶ

253 1272 512 1327 ἀπέθανεν
530 1287 546 1303 ο
573 1271 667 1325 καὶ
694 1272 821 1336 τοὺς
862 1271 1174 1336 Ἰουδαίους,
1202 1272 1300 1326 καὶ
1337 1272 1465 1337 τοὺς
1488 1270 1816 1339 Χαλδαίους,

243 1362 294 1416 οἱ
328 1358 470 1434 ἦσαν
504 1366 622 1436 μετ’
649 1361 814 1418 αὑτοῦ
847 1363 926 1428 είς
951 1360 1203 1432 Μασιφά.
1247 1379 1265 1414 0
1303 1393 1305 1396 ‹

312 1455 495 1525 Σχόλ.
524 1448 694 1520 Οὗτος
717 1454 876 1524 λόγον
905 1452 1086 1509 λαόὼν
1109 1453 1398 1520 ἀπαθείας,
1421 1453 1512 1510 τὸν
1544 1454 1821 1510 δεδωκότα

213 1603 216 1606 ,
243 1548 439 1603 ἀνεῖλε.

316 1663 335 1696 ι
389 1643 619 1716 Πνεῦμα
664 1642 870 1718 Κυρίου
913 1643 1128 1699 ἐνέδυσε
1168 1643 1280 1698 τὸν
1310 1642 1570 1717 Ἀζαρίαν
1606 1644 1698 1699 τὸν
1726 1645 1818 1700 τοῦ

254 1737 431 1793 Ἰωδαὲ
464 1737 556 1792 τδν
616 1737 791 1808 ἱερέα,
830 1737 925 1792 καὶ
955 1737 1154 1809 ἀνέστη
1188 1738 1374 1793 ἐπάνω
1401 1737 1496 1793 τοῦ
1534 1739 1692 1808 λαοῦ,
1723 1739 1820 1794 καὶ

241 1823 394 1884 εἶπεν
419 1844 434 1861 ’
466 1828 608 1884 Τάδε
659 1802 809 1900 λέγει
842 1827 1082 1901 Κύριος·
1116 1802 1181 1882 'i‘i
1224 1802 1688 1902 mpnrropetisoils'
1719 1829 1820 1893 τὰς
1850 1802 1894 1860 Β

235 1920 456 1986 ἐντολὰς
477 1920 574 1975 τοῦ
610 1921 819 1992 Κυρίου
846 1938 861 1987 ;
887 1923 984 1978 ml.
1013 1923 1112 1976 οὐκ
1143 1922 1573 1992 εύοδωθήσεσθε,
1613 1923 1697 1977 ὃτι
1725 1925 1823 1992 ἐγ-

235 2013 561 2070 κατελίπετε
592 2014 683 2069 τδν
714 2015 939 2087 Κύριον.
964 2014 1072 2068 Καὶ
1099 2014 1481 2087 ὲλιθοδόλησαν
1510 2014 1578 2069 δι’
1601 2015 1824 2087 ἐντολῆς

251 2108 401 2174 Ίωάς
442 2104 542 2162 τοῦ
567 2107 831 2180 βασιλέως
865 2109 923 2164 ἐν
961 2104 1099 2185 αὒλῇ
1137 2107 1289 2164 οῐκου
1324 2108 1554 2181 Κυρίου.
1589 2109 1698 2164 Καὶ
1723 2109 1825 2164 οὐκ

235 2201 488 2274 ἐμνήσθη
533 2200 687 2267 ἰωάς
735 2201 833 2257 τοῦ
885 2201 1091 2269 ἐλέους,
1132 2196 1194 2256 οὗ
1235 2201 1460 2272 ἐποίησε
1507 2201 1624 2274 μετ’
1653 2201 1823 2258 αὑτοῦ

249 2294 431 2350 Ἰωδαέ
477 2297 510 2350 ὁ
558 2296 743 2369 πατὴρ
814 2294 1003 2360 αὐτοῦ,
1059 2293 1157 2352 καὶ
1204 2294 1516 2350 ἐθανάτωσε
1571 2295 1666 2350 τὸν
1710 2297 1826 2351 υἱὸν

231 2385 424 2442 αὑτοῦ.
455 2386 570 2441 Καὶ
598 2386 675 2450 ὡς
702 2386 1072 2459 ἀπέθνησκεν,
1095 2381 1249 2441 εἶπεν
1271 2403 1284 2416 ·
1315 2387 1447 2442 Ἰδοι
1475 2385 1702 2459 Κύριος,
1735 2386 1827 2441 καὶ

234 2477 510 2551 κρινάτω.
568 2479 680 2534 Καὶ
736 2477 959 2549 ἐγένετο
1006 2480 1148 2551 μετὰ
1198 2479 1469 2546 ἐνιαυτὸν,
1503 2479 1673 2552 ἀνέϐη
1735 2479 1824 2533 ἐπ’

232 2571 400 2625 αὐτὸν
429 2570 667 2642 δύναμις
721 2570 942 2644 Συρίας,
992 2571 1087 2626 καὶ
1135 2570 1230 2626 ἐπὶ
1294 2571 1674 2645 Ἰερουσαλὴμ,
1732 2573 1828 2626 καὶ

234 2664 575 2736 κατέφθειρε
594 2665 826 2732 πάντας.
868 2684 890 2719 0

309 2867 330 2900 ι
385 2844 850 2904 Ἀνταπεδίδοσάν
896 2863 989 2921 μοι
1030 2849 1246 2919 πονηρά
1279 2846 1404 2903 ἀντὶ
1455 2845 1700 2918 ἀγαθῶν,
1731 2847 1829 2903 καὶ

232 2941 528 2997 ἀτεκνίαν.
572 2960 592 2994 0

310 3050 332 3085 ι
375 3032 538 3088 Ἀντὶ
559 3031 676 3100 τοῦ,
722 3021 966 3106 ’Δῇαπᾷν
995 3049 1066 3106 με
1098 3031 1401 3090 ἐνδιέὼλόν
1430 3050 1521 3108 με.
1561 3052 1584 3088 0

311 3239 330 3273 ι
377 3221 486 3285 Ὃς
505 3217 799 3275 ἀποδίδωσι
835 3217 983 3273 κακά
1022 3217 1148 3273 ἀντὶ
1175 3217 1421 3288 ἀγαθῶν,
1459 3219 1563 3277 οὐκ
1604 3219 1834 3295 ἐνεχθή⁸

234 3329 399 3370 σεται
431 3313 591 3370 κακὰ
621 3314 686 3368 ἐκ
712 3311 808 3370 τοῦ
838 3311 991 3367 οἴκου
1021 3312 1210 3370 αὐτοῦ.
1243 3331 1266 3367 0

309 3429 331 3463 ι
376 3407 841 3480 ’Λκουε,ούρανέ,
863 3407 959 3461 καὶ
979 3407 1254 3475 ἐνωτίζου,
1272 3408 1367 3482 γῆ,
1383 3409 1466 3466 ὅτι
1488 3410 1694 3482 Κύριος
1715 3411 1840 3468 ne.

231 3499 431 3573 λησσνο
473 3500 642 3566 Υίοῦς
663 3498 951 3572 ἐγέννησα,
978 3498 1074 3554 καὶ
1099 3497 1314 3570 ὕψωσα,
1343 3499 1498 3556 αὐτοὶ
1517 3499 1576 3555 δέ
1617 3518 1685 3572 με
1705 3502 1835 3575 ἠθέ-

227 3611 440 3670 τησαν.
479 3612 504 3648 0

308 3708 330 3744 ε
379 3686 722 3762 Ἀχαρίστου
759 3686 916 3754 ἐλπὶς
959 3687 1036 3752 ὡς
1067 3685 1350 3761 χειμέριος
1379 3688 1562 3764 πάχνη
1603 3690 1842 3765 magna“

224 3796 346 3849 ται,
381 3782 494 3838 καὶ
525 3781 788 3853 ρυήσεται
821 3778 897 3846 ὡς
926 3779 1073 3853 ὕδωρ
1093 3781 1383 3854 ἄχρηστον.
1421 3801 1445 3834 0

312 3981 336 4016 ι
393 3957 614 4032 ’Δγαθά
643 3959 842 4031 ἐγγύου
883 3959 1181 4033 ἀνατρέψει
1212 3961 1558 4034 ἁμαρτωλὸς,
1587 3962 1683 4020 καὶ
1706 3963 1840 4036 axe.

227 4071 433 4127 ριστος
477 4055 542 4107 ἐν
577 4051 784 4125 διανοίᾳ
827 4051 1214 4125 ἐγκαταλείψει
1251 4053 1582 4126 ῥυσάμενον.
1628 4055 1838 4124 Ξενιεϊς

226 4149 332 4205 καὶ
378 4148 604 4211 ποτιετς
628 4145 946 4219 ἀχάριστον,
975 4147 1072 4202 καὶ
1114 4147 1253 4220 πρὸς
1296 4146 1391 4204 ἐπὶ
1435 4149 1613 4223 τούτῳ
1661 4152 1837 4224 πικρά

227 4240 540 4306 ἀκούσαις.
579 4257 600 4292 0

293 4367 321 4401 '
339 4356 668 4424 Διινδν,τδν
679 4355 1109 4428 ιῦιργιτηθέντα
1127 4354 1224 4412 καὶ
1248 4359 1372 4423 ταῖς
1395 4356 1683 4431 μεγίσταις
1702 4359 1839 4418 ὑπό-

223 4466 427 4523 χρεων
461 4446 680 4520 χάρισι,
708 4447 848 4520 πρὸς
883 4445 964 4522 τῷ
1003 4449 1306 4521 ἀχαρίστῳ,
1333 4449 1416 4505 ἔτι
1450 4451 1549 4506 καὶ
1599 4451 1834 4527 ὕϐρεως,

1920 551 1974 598 et
2004 541 2099 614 qui
2135 555 2220 597 me
2253 539 2471 612 recipit,
2514 541 2703 611 recipit
2724 555 2847 596 eum
2875 539 2967 611 qui
3001 553 3087 594 me
3119 538 3296 595 misit.
3332 559 3353 592 0

1990 634 2278 707 Anonymi.
2302 632 2527 701 —-Quac
2571 633 2736 707 legati
2774 634 3091 706 patiuntur,
3127 633 3246 689 hanc
3281 632 3338 688 in
3371 633 3501 691 illos

1919 739 1953 781 a
1985 725 2187 798 quibus
2214 724 2368 782 missi
2403 735 2554 792 sunt,
2591 725 2924 781 redundant.

1919 839 2086 913 368
2128 837 2266 896 TIT.
2295 837 2489 913 XXIX.
2522 868 2591 913 -ατ
2653 839 2736 913 De
2777 841 3033 911 ingratis,
3073 851 3126 899 et
3177 846 3504 900 mmemori-

2439 912 2535 966 δας
2574 911 2974 980 beneﬁciorum.

1991 996 2023 1054 I
2051 997 2176 1072 Reg.
2214 1015 2345 1068 xxv,
2371 998 2466 1055 25.
2497 1029 2566 1040 -
2599 1019 2618 1052 ι
2650 998 2838 1056 Mense
2861 999 3102 1073 septimo
3136 999 3287 1057 venit
3308 1000 3506 1057 lsmael

1921 1084 2069 1142 illius
2097 1085 2391 1143 Natbanite
2423 1085 2492 1143 de
2552 1087 2767 1144 semine
2817 1103 3037 1159 regum,
3085 1096 3141 1145 et
3167 1089 3362 1145 decem
3397 1091 3503 1145 viri

1920 1187 2047 1230 eum
2094 1189 2182 1243 eo,
2239 1183 2294 1232 et
2346 1187 2741 1246 percusserunt
2795 1176 3108 1246 Godoliam,
3155 1187 3211 1235 et
3253 1187 3506 1236 mortuus

1920 1277 2006 1325 est
2037 1287 2054 1327 :
2086 1269 2313 1341 insuper
2341 1279 2396 1326 et
2424 1268 2642 1329 Iudaeos
2671 1279 2727 1329 et
2746 1269 3031 1329 Chaldaeos
3061 1271 3159 1345 qui
3196 1283 3504 1331 erantcum

1919 1373 1988 1417 eo
2018 1360 2073 1416 in
2105 1360 2377 1433 Masipha.
2421 1380 2442 1416 ι

1997 1454 2179 1514 Schol.
2230 1456 2281 1514 ls
2311 1473 2436 1514 cum
2491 1455 2654 1514 (idem
2708 1458 3037 1528 accepisset,
3085 1458 3227 1516 nihil
3267 1474 3327 1516 se
3377 1474 3506 1533 per-

1922 1561 2221 1620 pessurum
2252 1552 2402 1616 mali,
2445 1566 2772 1623 sponsorem
2811 1551 3116 1609 interemit.

1995 1641 2062 1698 II
2092 1641 2278 1698 Parol.
2327 1661 2476 1709 xxiv,
2504 1645 2701 1702 20-25.
2725 1672 2799 1686 --
2825 1660 2847 1697 ι
2884 1642 3127 1716 Spiritus
3163 1644 3382 1704 Domini
3418 1646 3507 1704 in-

1922 1732 2042 1790 duit
2065 1734 2384 1791 Zachariam
2423 1736 2595 1792 ﬁlium
2629 1736 2836 1793 Joiadte
2866 1737 3234 1806 sacerdotem,
3269 1748 3326 1794 et
3350 1739 3505 1795 stetit

1923 1825 1982 1897 in
2009 1836 2311 1900 conspectu
2362 1830 2573 1900 populi,
2624 1836 2678 1886 et
2714 1830 2792 1884 ait
2828 1849 2842 1885 :
2882 1827 3015 1885 Haec
3065 1829 3201 1886 dicit
3231 1828 3500 1885 Dominus

1925 1919 2072 1976 Deus
2104 1935 2118 1973 :
2157 1919 2337 1988 Quare
2371 1922 2820 1993 transgredimini
2855 1929 3199 1994 praeceptum
3244 1920 3504 1977 Domini?

1923 2022 1980 2067 et
2009 2027 2123 2068 non
2168 2012 2496 2083 proﬁciatis,
2557 2013 2687 2084 quia
2745 2012 3130 2086 dereliquistis
3185 2011 3498 2069 Dominum.

1923 2103 1992 2161 Et
2025 2106 2238 2178 lapides
2262 2107 2315 2162 in
2348 2122 2473 2164 eum
2506 2109 2785 2164 miserunt
2821 2107 2982 2180 juxta
3033 2108 3328 2179 imperium
3358 2107 3507 2179 regis

1922 2196 2056 2256 Joas
2089 2200 2145 2254 in
2196 2199 2340 2255 atrio
2391 2200 2592 2257 domus
2645 2199 2891 2257 Domini.
2922 2201 2986 2258 Et
3025 2215 3138 2257 non
3179 2200 3508 2257 recordatus

1925 2300 2012 2348 est
2063 2291 2197 2350 Joas
2254 2293 2654 2350 misericordiae
2705 2310 2872 2367 quam
2940 2294 3152 2352 faceret
3199 2309 3328 2352 cum
3384 2294 3510 2366 ipso

1925 2382 2115 2439 Joiada
2164 2395 2320 2455 pater
2357 2385 2524 2454 illius,
2577 2392 2632 2442 et
2695 2385 2974 2444 interfecit
3020 2387 3195 2443 ﬁlium
3227 2386 3372 2459 ejus.
3402 2386 3509 2454 Qui

1927 2490 2054 2533 cum
2095 2482 2425 2541 moreretur,
2479 2476 2670 2534 dixit:
2714 2474 2913 2534 Videat
2949 2477 3241 2544 Dominus,
3279 2485 3333 2534 et
3357 2477 3512 2550 judi-

1927 2576 2036 2625 cet.
2085 2566 2152 2622 Et
2205 2565 2410 2624 factum
2439 2576 2525 2624 est
2557 2574 2687 2640 post
2733 2583 2966 2637 annum,
3003 2568 3257 2626 ascendit
3297 2568 3354 2623 in
3383 2585 3509 2625 eum

1927 2662 2207 2720 exercitus
2238 2660 2436 2737 Syriae,
2469 2671 2525 2721 et
2565 2664 2623 2719 in
2664 2661 2995 2727 Jerusalem,
3047 2669 3104 2719 et
3137 2672 3369 2720 cunctos
3423 2678 3513 2718 oc.

1929 2755 2206 2813 ciderunt.
2245 2775 2267 2812 0
2781 2760 2786 2766 “

2001 2849 2150 2906 Prol.
2196 2866 2388 2918 xxxrv,
2437 2847 2524 2905 l2.
2553 2879 2620 2891 ——
2653 2868 2674 2904 ι
2725 2844 3131 2907 Retribuerunt
3192 2847 3329 2904 mihi
3363 2848 3510 2904 mala

1930 2956 2031 3013 pro
2069 2942 2251 3008 bonis,
2281 2951 2336 2999 et
2359 2942 2732 3011 sterilitatem,
2767 2960 2786 2995 0
2823 2949 2931 3000 etc.

1999 3037 2151 3093 Ptol.
2175 3052 2329 3104 cvm,
2361 3037 2418 3094 4.
2443 3061 2517 3079 -α-
2546 3053 2567 3088 ι
2602 3035 2709 3092 Pro
2734 3049 2801 3093 eo
2849 3047 2909 3092 ut
2935 3051 3026 3095 me
3058 3035 3377 3110 diligerent,
3415 3033 3513 3092 de-

1813 3178 1820 3190 .
1855 3154 1904 3215 ο
1936 3130 2226 3186 trahebant
2259 3129 2413 3185 mihi.
2457 3147 2478 3182 ι

2004 3222 2166 3279 Prov.
2199 3237 2337 3288 xvu,
2391 3219 2478 3277 l5.
2511 3247 2580 3263 -—
2606 3236 2626 3272 ι
2662 3216 2770 3285 Qui
2800 3217 3061 3276 retribuit
3106 3219 3251 3276 mala
3278 3235 3380 3293 pro
3417 3224 3518 3280 bo-

1939 3317 2056 3384 nis,‘
2083 3331 2194 3372 non
2232 3313 2559 3370 auferantur
2598 3312 2741 3369 mala
2766 3311 2836 3369 de
2861 3311 3031 3369 domo
3065 3311 3212 3386 ejus.
3242 3331 3263 3367 0

2001 3409 2113 3466 ha.
2148 3423 2190 3474 ι,
2217 3407 2269 3463 1.
2302 3433 2372 3446 --
2395 3423 2414 3458 ‹
2455 3402 2621 3471 Audi,
2662 3401 2886 3470 coelum,
2919 3410 2976 3459 et
3009 3405 3286 3471 ausculta,
3344 3412 3517 3488 terra.

1936 3502 2068 3575 quia
2102 3499 2365 3556 Dominus
2399 3498 2620 3554 locutus
2655 3504 2762 3552 est.
2786 3493 2964 3552 Filios
2993 3494 3235 3553 enutrivi
3264 3503 3320 3554 et
3359 3500 3516 3554 exal-

1937 3594 2048 3651 tavi
2076 3613 2092 3652 ι
2124 3593 2230 3666 ipsi
2261 3599 2444 3648 autem
2478 3597 2810 3662 spreverunt
2841 3603 2949 3646 me.
2983 3608 3004 3644 0

2008 3686 2141 3758 ευρ.
2176 3703 2289 3754 ut,
2320 3684 2414 3742 29.
2445 3716 2513 3728 ——
2546 3701 2566 3737 ι
2595 3682 2804 3756 Ingrati
2863 3697 2994 3756 spes
3043 3689 3304 3758 tanquam
3343 3685 3522 3743 hiber-

1939 3781 2084 3840 nalis
2117 3781 2314 3854 pruina
2347 3779 2618 3845 tabescet,
2657 3785 2714 3836 et
2753 3775 2887 3834 ﬂuet
2933 3784 3200 3851 tanquam
3237 3793 3382 3852 aqua
3433 3781 3520 3837 in-

1939 3875 2114 3933 utilis.
2160 3894 2180 3930 0

2003 3968 2176 4026 Eccli.
2207 3985 2364 4036 ms,
2390 3966 2479 4035 l6,
2509 3965 2602 4024 32.
2632 3995 2704 4009 —
2737 3982 2760 4019 ι
2793 3964 2951 4022 Dona
2982 3966 3334 4039 lidejussoris
3360 3981 3519 4026 ever-

1938 4072 2018 4121 tet
2041 4073 2351 4139 peccator:
2395 4069 2452 4119 et
2503 4061 2763 4136 ingratus
2809 4061 2869 4118 in
2921 4069 3110 4120 mente
3161 4061 3518 4133 derelinquet

1938 4178 2066 4220 eum
2093 4175 2126 4217 ι
2165 4175 2277 4234 quo
2303 4160 2573 4218 liberatus
2602 4167 2709 4219 est.
2759 4149 3167 4232 Hospitaberis,
3202 4167 3259 4214 et
3294 4173 3514 4231 pasces,

1936 4264 1994 4313 et
2023 4254 2245 4328 potabis
2269 4254 2556 4327 ingratos;
2580 4262 2636 4309 et
2664 4260 2858 4326 postea
2885 4266 3072 4308 amara
3101 4250 3314 4308 audies.
3348 4269 3370 4303 0

2006 4365 2220 4424 Basilii.
2257 4365 2522 4424 ~Grave
2570 4374 2659 4423 est
2681 4379 2808 4423 eum
2854 4363 2954 4436 qui
2990 4363 3273 4422 beneﬁciis
3310 4363 3521 4422 obstrlo

1941 4467 2067 4518 ctus
2095 4467 2203 4530 est,
2223 4469 2275 4518 et
2310 4460 2614 4534 gratiarum
2635 4458 3004 4515 maximarum
3034 4471 3184 4524 reus,
3208 4473 3322 4514 non
3351 4459 3521 4528 modo

225 4514 330 4597 ἱὶιι
387 4514 632 4609 exigis;
676 4514 971 4611 xa'zapgai.
1017 4514 1201 4597 is...
1238 4514 1381 4613 εὶέν·
1426 4542 1565 4599 ἀλλά
1605 4514 1684 4617 τιῑὶ
1717 4514 1830 4602 mil

1955 4556 2220 4626 ingratum
2260 4514 2406 4619 esse,
2441 4566 2634 4609 verum
2674 4550 2844 4608 etiam
2892 4550 3263 4608 contumelias
3295 4557 3351 4609 et
3388 4566 3516 4622 pro-

225 4632 394 4687 s6vrt
431 4627 629 4703 μεῐζδν
655 4629 774 4686 ἐστι
801 4632 992 4700 κακὸν,
1027 4634 1063 4707 ἢ
1092 4634 1170 4707 τῷ
1201 4635 1484 4708 πάσχοντι.
1528 4636 1838 4713 Ὑπερσολὴ

229 4723 411 4780 τοῦτό
429 4739 504 4794 γε
532 4723 949 4797 ἀγνωμοσύνης,
979 4726 1081 4799 τὴν
1109 4728 1524 4803 φιλανθρωπίαν
1553 4729 1647 4786 τοῦ
1677 4732 1838 4804 εὔερ-

225 4816 412 4885 γέτου
439 4816 706 4888 ἀφορμὴν
734 4816 1058 4889 ἀχαριστίας
1090 4819 1384 4875 ποιεῖσθαι.

310 5023 338 5053 ⁸
380 5013 650 5088 Ὀρῶμεν
677 5016 904 5080 πολλοὺς
933 5017 1041 5072 τῶν
1068 5016 1370 5091 ἀνθρώπων
1400 5019 1538 5092 μετὰ
1563 5012 1662 5086 τὰς
1686 5020 1839 5095 εύερο

225 5109 473 5182 γεσισις,
503 5108 757 5180 καθάπερ
775 5110 1146 5183 ἀνδραπόδων,
1164 5113 1309 5166 οὕτω
1331 5119 1426 5168 καὶ
1464 5115 1841 5187 περιορῶντας

226 5206 352 5261 τῶν
399 5202 918 5277 εὐεργετησάντων,
947 5204 1043 5260 καὶ
1089 5204 1190 5271 τὰς
1229 5205 1440 5278 ὀφρύας
1484 5209 1842 5276 ἀνασπῶντες

229 5299 367 5354 κατ’
411 5297 632 5354 αὐτῶν.

305 5412 526 5468 Δεινόν
562 5429 654 5485 μοι
690 5414 727 5488 η
764 5415 1060 5489 ἀχαριστία
1084 5417 1510 5489 καταφαίνεταιο
1535 5419 1711 5478 δεινόν
1748 5440 1844 5495 μοι

230 5503 342 5561 καὶ
384 5502 717 5563 πάνδεινον.

1945 4647 2066 4712 bra,
2103 4646 2422 4719 rependere.
2455 4645 2660 4712 Grave,
2706 4645 2958 4717 inquam,
3012 4642 3163 4700 istud
3194 4650 3311 4702 est:
3353 4651 3410 4700 at
3439 4644 3523 4700 l'a-

1942 4735 2115 4792 cienti
2150 4735 2374 4806 gravius
2416 4736 2620 4791 malum
2667 4743 2773 4800 est,
2814 4748 2982 4806 quam
3021 4732 3281 4807 patienti.
3311 4734 3520 4807 Ingrati

1948 4828 2092 4884 ultra
2122 4829 2346 4883 modum
2381 4827 2550 4884 animi
2582 4837 2686 4894 est,
2719 4843 2784 4884 ex
2823 4825 3235 4884 benemerentis
3272 4827 3524 4883 humani.

1947 4927 2058 4977 tate
2086 4921 2286 4994 ingrati
2320 4920 2493 4976 animi
2518 4933 2715 4976 noxam
2747 4920 2991 4978 trahere.

2018 5031 2291 5104 Cht‘ytost.
2314 5064 2380 5074 —-
2405 5031 2603 5088 Multos
2633 5032 2886 5090 homines
2930 5032 3210 5102 videmus,
3238 5034 3332 5107 qui
3367 5042 3521 5104 post-

1947 5140 2110 5197 quam
2150 5123 2329 5181 aﬁ'ccti
2376 5126 2657 5182 beneﬁciis
2704 5125 2930 5194 fuerint,
2978 5127 3107 5185 illos
3141 5144 3172 5184 a
3207 5129 3412 5200 quibus
3457 5144 3522 5185 ea

1948 5219 2284 5289 acceperint,
2361 5218 2590 5291 perinde
2652 5233 2715 5276 ac
2780 5221 3080 5294 mancipia,
3141 5230 3523 5291 contemnant,

1947 5309 2335 5382 adducantque
2363 5310 2632 5370 adversus
2665 5311 2789 5370 illos
2815 5313 3204 5384 supercilium.

2025 5423 2182 5496 Creg.
2209 5423 2433 5481 Thaum.
2465 5425 2643 5483 Laud.
2690 5427 2840 5502 οντα.
2863 5428 3127 5487 --Grave
3156 5432 3287 5488 mihi
3322 5432 3522 5504 ingrati

1951 5518 2120 5574 animi
2149 5519 2344 5575 vitium
2394 5521 2652 5576 videtur:
2705 5538 2893 5595 grave,
2955 5525 3206 5593 induam,
3256 5543 3321 5584 ac
3364 5527 3522 5600 plane

1950 5611 2364 5680 gravissimum.

319 5802 349 5838 ο
379 5795 674 5856 Antonius
703 5797 923 5858 Ilelissa
950 5800 1056 5860 hoc
1084 5800 1276 5861 tribuit
1294 5801 1515 5862 Basilio.
1592 5812 1612 5843 *
1647 5803 1762 5861 Hoc
1790 5805 1974 5865 itidem
2010 5823 2039 5863 a
2064 5805 2283 5867 Melissa
2313 5809 2397 5866 bis
2432 5809 2825 5884 Chrysostomo
2859 5813 3137 5874 tribuitur.
