3948 6250
256 359 384 426 1237

1515 358 1754 421 SACRA
1786 357 2250 422 PARALLELA-

3356 360 3491 428 1238

251 470 410 544 καρία
442 471 476 544 ἡ
511 469 691 526 κοιλία
730 472 763 544 ἡ
801 471 1124 545 βαστάσασά
1168 489 1263 539 σε,
1321 472 1416 528 καὶ
1472 469 1669 543 μαστοὶ
1723 469 1816 532 οὒς

1955 475 2122 528 :catus
2148 481 2338 527 venter
2357 471 2452 543 qui
2479 480 2530 528 te
2549 472 2810 542 portavit,
2834 479 2886 528 et
2914 469 3082 526 ubera
3108 484 3228 540 quae
3262 470 3486 527 suaisti.

247 563 528 638 ἐθήλασας.
565 565 740 633 Αὐτὸς
776 567 834 623 δὲ
875 561 1028 623 εἶπεν
1064 585 1079 600 ο
1112 561 1394 638 Μενοῦνγε
1451 565 1716 640 μακάριοι
1765 563 1814 618 οί

245 659 534 726 ἀκούοντες
595 660 690 716 τὸν
744 661 905 733 λόγον
959 660 1056 717 τοῦ
1105 661 1262 730 Θεοῦ,
1303 661 1398 716 καὶ
1448 659 1816 731 φυλάσσοντες

247 753 425 808 αὐτόν.
447 773 466 807 ι

319 867 337 901 ι
367 848 646 922 Μακάριοί
690 851 827 906 εἰσιν
859 851 909 906 οἱ
937 850 1116 906 δοῦλοι
1168 853 1388 916 ἐκεῖνοι,
1441 847 1534 915 οὓς
1600 846 1817 902 ἐλθὼνὸ

244 936 444 1011 Κύριος
494 938 1204 1016 εὐρήσειῪρηγοροῦντας.
1251 941 1427 1016 Ἀμὴν
1458 940 1604 1012 λέγω
1661 941 1812 1013 ὑμῖν,

245 1033 326 1089 ὅτι
353 1033 749 1107 περιζώσεται,
774 1039 872 1093 καὶ
910 1017 1192 1095 άνακλινεϊ
1241 1039 1462 1104 αὐτοὺς,
1524 1038 1619 1094 καὶ
1675 1056 1816 1111 παρ-

244 1125 409 1185 ελθὼν
441 1129 752 1206 διακονήσει
783 1133 989 1198 αὐτοῖς.
1045 1133 1158 1189 Καὶ
1211 1131 1324 1202 ἐὰν
1367 1130 1499 1208 ἔλθῃ
1525 1134 1675 1207 ἐν’τῇ
1698 1135 1816 1188 65o-

244 1219 375 1294 τᾶρα
404 1222 645 1298 φυλακῇ,
680 1226 777 1281 καὶ
800 1226 860 1282 ἐν
883 1229 949 1300 τῇ
979 1226 1141 1301 τρίτῃ
1200 1211 1442 1300 φυλακῇ,
1502 1226 1654 1302 ἐλθῃ,
1721 1229 1815 1284 καὶ

245 1313 376 1388 εὕρῃ
405 1315 602 1384 οὕτως,
642 1321 906 1395 μακάριοί
933 1323 1070 1376 είσιν
1089 1322 1139 1375 οί
1166 1321 1341 1376 δοῦλοι
1371 1324 1589 1381 ἐκείνοι.
1617 1341 1637 1374 ι

243 1498 277 1563 ζ
317 1422 336 1456 ι
363 1405 650 1482 Μακάριος
705 1412 733 1464 ὁ
785 1411 862 1484 μὴ
907 1412 1108 1486 κρίνων
1163 1413 1356 1469 ἑαυτὸν
1403 1415 1462 1470 ἐν
1590 1415 1818 1488 δοκιμά-

279 1514 385 1553 ει.»

279 1514 347 1553 ει.
366 1517 385 1551 ι

1917 561 2111 619 Atille
2151 563 2334 620 dixit:
2369 563 2629 632 Quinimo
2664 564 2810 621 beati
2832 564 2955 638 _qui
2995 565 3238 621 audiunt
3265 565 3490 621 verbum

1917 655 2035 726 Dei,
2065 666 2122 713 et
2143 658 2466 716 custodiunt
2493 656 2649 714 illud.
2673 676 2693 712 ι

1987 841 2123 901 Luc.
2145 858 2247 910 xu,
2281 843 2372 914 '57,
2402 844 2492 902 38.
2517 874 2584 889 --
2616 863 2637 898 ι
2664 842 2818 901 Beati
2866 843 3014 902 servi
3037 842 3140 912 illi,
3171 855 3313 915 quos
3365 857 3492 900 cum

1919 936 2135 992 venerit
2160 934 2447 1007 Dominus,
2484 937 2758 995 invenerit
2787 937 3102 1010 vigilantes.
3143 938 3316 992 Amen
3364 935 3494 992 dico

1918 1029 2098 1096 vobis,
2131 1029 2280 1103 quod
2308 1031 2613 1104 praecinget
2635 1047 2718 1098 se,
2749 1040 2803 1089 et
2829 1031 2996 1088 faciet
3057 1031 3180 1087 illos
3251 1030 3496 1087 discum-

1917 1123 2084 1191 bere,
2120 1135 2176 1183 et
2209 1126 2495 1184 transiens
2551 1127 2894 1184 ministrabit
2937 1125 3068 1183 illis.
3103 1126 3167 1181 Et
3196 1125 3242 1182 si
3278 1123 3495 1182 venerit

1920 1218 1975 1274 in
2001 1219 2247 1275 secunda
2289 1219 2502 1292 vigilia,
2528 1219 2649 1275 etsi
2677 1219 2731 1274 in
2763 1219 2930 1276 tertia
2964 1218 3154 1292 vigilia
3184 1216 3415 1285 venerit,
3440 1226 3494 1272 et

1919 1311 1994 1368 ita
2022 1313 2316 1380 invenerit,
2351 1313 2497 1370 beati
2528 1323 2659 1370 sunt
2679 1311 2825 1370 servi
2857 1312 2954 1368 illi.
2986 1331 3004 1366 ι

1988 1406 2118 1462 Luc.
2156 1423 2268 1474 xiv,
2301 1407 2393 1464 22.
2426 1438 2494 1448 —
2531 1427 2549 1461 ι
2575 1408 2772 1464 Beatus
2801 1407 2893 1480 qui
2925 1423 3033 1464 non
3065 1406 3278 1478 iudicat
3298 1416 3494 1465 semet-

1919 1502 2098 1573 ipsum
2122 1501 2178 1557 in
2205 1516 2270 1559 eo
2286 1503 2437 1573 quod
2468 1502 2683 1573 probat.
2711 1521 2730 1555 ι

318 1610 337 1645 ι
370 1594 530 1649 Κατὰ
550 1594 734 1652 πίστιν
757 1598 1028 1655 ἀπέθανον
1050 1597 1195 1658 οὗτοι
1219 1601 1535 1677 πάντες,μὴ
1559 1605 1818 1671 λαϐόντες
1994 1594 2159 1651 Ηεὺΐο
2192 1612 2246 1653 ιι
2271 1638 2285 1664 ι
2319 1597 2425 1653 Υδ-
2449 1596 2514 1652 16
2535 1640 2550 1664 .
2583 1596 2686 1666 δῖ’,
2719 1596 2810 1653 55-
2841 1627 2910 1638 ·-
2943 1614 2964 1648 ε
3004 1594 3165 1652 lima
3194 1593 3352 1652 ﬁdem
3399 1595 3494 1651 δυ’

244 1685 339 1749 τὰς
373 1686 734 1759 ἐπαγγελίας,
758 1691 895 1747 ἀλλὰ
920 1693 1205 1768 πόρρωθεν
1240 1697 1414 1764 αὐτὰς
1467 1698 1667 1765 ἰδόντες
1724 1704 1818 1758 καὶ

1955 1692 2100 1748 uncti
2139 1699 2268 1749 sunt
2304 1707 2498 1750 omnes
2534 1692 2649 1759 isti,
2684 1706 2796 1748 non
2820 1690 3064 1763 acceptis
3101 1690 3494 1762 repromissio-

244 1779 665 1852 ἀσπασάμενοι,
716 1787 812 1841 καὶ
863 1788 1334 1862 ὁμολογήσαντες,
1381 1795 1464 1849 ὅτι
1519 1796 1657 1862 ξένοι
1724 1801 1819 1854 καὶ

1963 1783 2108 1846 ibus,
2140 1783 2237 1840 sed
2272 1799 2302 1838 a
2343 1783 2502 1857 longe
2522 1799 2640 1853 _eas
2669 1784 3006 1856 aspicientes
3029 1824 3043 1850 ,
3075 1791 3132 1841 et
3157 1782 3462 1840 salutantes
3482 1822 3497 1844 .

246 1872 618 1957 παρεπίδημοί
650 1876 790 1932 είσιν
821 1879 915 1934 ἐπὶ
936 1881 1036 1953 τῆς
1058 1885 1184 1956 γῆς.
1215 1885 1283 1939 Ol.
1310 1885 1420 1960 γὰρ
1461 1889 1683 1946 τοιαῦτα
1735 1892 1821 1948 λέ-

1956 1886 1976 1934 ι
2006 1877 2356 1944 conﬁtentes,
2393 1877 2528 1950 quia
2563 1877 2837 1951 peregrini
2867 1885 2922 1934 et
2946 1877 3197 1950 hospites
3262 1887 3502 1935 suntsu-
3557 1911 3563 1915 -

241 1981 450 2035 γοντες,
486 1969 882 2041 ἐμφανίζουσιν
907 1973 991 2030 δτι
1026 1977 1266 2051 πατρίδα
1310 1981 1653 2054 ἐπιζητοῦσι.
1709 1988 1821 2044 Καὶ

1955 1987 2024 2030 >er
2061 1979 2287 2028 terram.
2313 1970 2423 2040 Qui
2473 1971 2620 2028 enim
2664 1971 2782 2027 haec
2815 1969 3032 2039 dicunt,
3093 1969 3411 2042 signiﬁcant
3443 1985 3501 2026 se

244 2061 290 2114 εί
324 2061 421 2133 μὲν
449 2062 672 2137 ἐκείνης
694 2066 1094 2140 ἐμνημόνευον,
1127 2070 1222 2140 ἀφ’
1246 2065 1314 2144 ἦς
1346 2073 1647 2148 ἐξέϐησαν,
1673 2073 1821 2151 εῐχον

1955 2068 2160 2124 ποιείτω
2192 2068 2493 2139 inquirere.
2523 2067 2592 2122 Et
2622 2065 2666 2123 si
2704 2065 2926 2139 quidem
2987 2064 3169 2138 ipsius
3223 2064 3504 2122 meminis-

245 2155 309 2209 ἂν
341 2156 536 2228 καιρὸν
567 2158 910 2231 ἀνακάμψαι.
937 2161 1052 2216 Νῦν
1072 2163 1129 2218 δέ
1167 2167 1481 2236 κρείττονος
1515 2171 1820 2244 ὀρέγονται,

1957 2173 2072 2229 εηι,
2116 2163 2183 2219 de
2233 2177 2342 2234 qua
2387 2161 2666 2228 exierunt,
2720 2160 3001 2236 habebant
3040 2161 3234 2234 utique
3288 2170 3504 2232 tempus

244 2249 524 2306 τοντέστιν
551 2253 905 2328 ἐπουρανίου.
941 2255 1032 2311 Διὸ
1060 2257 1163 2313 οὐκ
1215 2261 1603 2333 ἐπαισχύνεται
1624 2268 1823 2335 αὐτοὺς

1956 2255 2256 2314 ever-tendi.
2309 2255 2473 2313 Nunc
2535 2263 2718 2312 autem
2767 2255 3055 2312 meliorem
3115 2263 3405 2328 appetunt,
3450 2254 3504 2311 id

243 2340 457 2410 ὁΘεδς,
496 2343 629 2410 Θεδς
680 2345 863 2402 αὐτῶν
892 2401 899 2408 ,
926 2349 1327 2410 ἐπικαλεῖσθαι.
1367 2355 1665 2432 Ἦτοίμασε
1715 2364 1824 2436 γάρ

1955 2350 2506 2410 :stcmlestedeeo
2564 2366 2676 2408 non
2715 2349 3082 2407 confunditur
3142 2348 3309 2420 Deus,
3364 2349 3506 2408 Deus

245 2435 641 2528 ﬂeetendum
671 2456 692 2493 ι
729 2440 838 2495 Καὶ
853 2443 982 2513 μετ’
1019 2445 1229 2517 ὀλίγα·
1256 2467 1276 2502 ι
1311 2449 1492 2504 Καὶτί
1526 2452 1606 2508 ἐτι
1655 2435 1822 2528 Myro;

1955 2449 2115 2506 'ocari
2169 2463 2383 2506 eorum.
2440 2445 2664 2503 Paravit
2718 2445 2864 2502 enim
2900 2445 3016 2503 illis
3056 2445 3401 2502 civitatem.»
3436 2443 3507 2501 Et

245 2524 513 2599 ἐπιλείψει
550 2531 660 2603 γάρ
689 2549 759 2604 με
787 2532 1146 2608 διηγούμενον
1164 2539 1193 2594 ὁ
1213 2539 1405 2612 χρόνος
1433 2544 1560 2616 περὶ
1591 2524 1820 2617 Γεδεὼν,

1955 2547 2110 2602 raucis
2161 2543 2494 2616 intcrjmis:
2533 2559 2554 2596 ι
2585 2541 2653 2598 Bt
2675 2540 2811 2614 quid
2861 2539 3043 2598 adhuc
3094 2538 3507 2598 dico‘lDellciet

246 2620 434 2693 Βαράκ
467 2640 552 2692 τε,
583 2624 680 2681 καὶ
713 2628 973 2702 Σαμψὼν,
1035 2634 1134 2689 καὶ
1167 2634 1397 2706 Ἰεφθάε,
1435 2640 1598 2697 Δαὸίδ
1619 2661 1701 2712 τε,
1728 2648 1826 2704 καί

1955 2654 2017 2696 ne
2059 2648 2277 2711 tempus
2349 2646 2702 2695 enarrantem
2732 2633 2801 2693 de
2849 2633 3095 2699 Gedeon,
3137 2643 3194 2690 et
3229 2632 3424 2699 Barac,
3451 2642 3506 2689 et

247 2713 520 2790 Σαμουὴλ,
555 2719 651 2775 καὶ
681 2720 790 2777 τῶν
845 2725 1161 2799 προφητῶν,
1186 2729 1236 2784 οἱ
1265 2729 1356 2786 διά
1387 2731 1625 2802 πίστεως
1689 2756 1825 2797 κατ·

248 2808 594 2876 ηγωνίσαντο
618 2811 918 2884 βασιλείας.
941 2835 960 2871 ι

264 2901 607 2996 ,ΛΜακάριος
650 2907 680 2962 ὁ
721 2908 793 2964 τὰ
869 2911 1141 2970 πλείστων
1195 2916 1324 2985 ἄξια
1389 2924 1750 2996 κεκτημένος.
1799 2930 1829 2984 ὁ

246 2990 352 3050 τῶν
399 2997 788 3072 ἀναφαιρέτων
827 3003 1052 3076 ἀγαθῶν
1106 3009 1357 3084 μέτοχος.
1391 2990 1594 3072 Τοῦτον
1628 3017 1684 3073 δὲ
1711 2990 1829 3088 πῶς

246 3087 671 3235 ΞΞιγνωσόμεθα
697 3110 714 3163 ;
757 3095 855 3162 Ὃς
880 3096 984 3153 οὐκ
1019 3099 1294 3177 ἐπορεύθη
1317 3102 1377 3160 ἐν
1393 3107 1460 3179 τῇ
1504 3106 1669 3184 βουλῇ
1696 3087 1828 3167 άσεέ·

325 3199 375 3235 ν.

325 3199 375 3236 ν.

311 3278 632 3350 Μακάριος,
663 3279 724 3348 ὁς
769 3282 872 3340 οὐκ
928 3282 1088 3342 ἔλασε
1145 3289 1279 3363 περὶ
1317 3290 1454 3348 Θεοῦ
1499 3293 1824 3372 δισταγμὸν.

245 3374 369 3448 ὁμῆ
434 3376 860 3449 μικροψυχήσας
917 3380 1148 3454 περὶτὰ
1186 3386 1452 3456 παρόντα,
1503 3389 1642 3446 ἀλλὰ
1693 3394 1828 3449 άναο

249 3469 424 3539 μένων
447 3469 519 3524 τὰ
549 3470 974 3544 προσδοκώμενα
992 3490 1007 3508 ο
1039 3473 1099 3543 δς
1120 3474 1244 3550 ἔσχε
1313 3482 1445 3555 περὶ
1476 3483 1569 3540 τοῦ
1596 3486 1828 3547 Κτίσαν-

246 3580 333 3628 τος
362 3565 520 3637 ἡμᾶς
543 3565 813 3639 ὑπόληψιν
835 3567 1086 3626 ἄπιστον.

314 3659 630 3732 Μαρτύρων
658 3662 877 3735 μνήμης
905 3661 991 3729 τίς
1024 3663 1091 3719 ἂν
1124 3665 1339 3736 γένοιτο
1369 3667 1533 3743 κόρος
1570 3673 1650 3747 τῷ
1674 3677 1829 3746 φιλο-

252 3753 527 3828 μάρτυρι,
560 3755 754 3828 διότιή
790 3757 926 3830 πρὸς
947 3760 1073 3824 τοὺς
1099 3760 1340 3832 ἀγαθοὺς
1369 3765 1482 3821 τῶν
1520 3768 1827 3842 ὁμοδούλων

248 3849 387 3947 τιμὴ,
415 3848 695 3918 ἀπόδειξιν
725 3850 858 3925 ἔχει·
884 3853 984 3927 τῆς
1019 3853 1157 3928 πρὸς
1205 3857 1298 3912 τδν
1333 3861 1532 3918 οίκεῖον
1562 3864 1829 3947 δεσπότην

249 3944 465 4012 εὐνοίας

333 4039 399 4096 Ἦ
459 4039 599 4115 πρὸς
654 4040 785 4108 τοὺς
827 4041 1017 4111 εὔνους
1075 4047 1184 4104 τῶν
1239 4050 1546 4124 ὁμοδούλων
1593 4057 1832 4129 διάθεσις

251 4130 346 4204 τὴν
364 4133 650 4208 ἀναφορὰν
675 4133 769 4190 ἐπὶ
793 4135 885 4192 τὸν
909 4137 1175 4213 δεσπότην
1196 4136 1378 4216 ἔχει,ᾧ
1395 4147 1828 4220 δεδουλεύκασιν,

252 4227 344 4281 καί
371 4228 400 4282 ὁ
427 4227 570 4292 τοὺς·
588 4227 677 4282 διὰ
714 4229 894 4286 πίστιν
920 4231 1228 4307 ἠθληκότας
1255 4239 1452 4312 τιμῶν,
1475 4243 1633 4317 δῆλός
1665 4246 1812 4305 ἐστιν

253 4317 340 4372 τὸν
359 4317 526 4392 ζῆλον
555 4319 696 4394 ἔχων
733 4321 835 4396 τῆς
863 4325 1118 4395 πίστεως.

323 4504 547 4576 Ταύτην
607 4500 746 4562 εἶναι
795 4511 1184 4583 πραγματείαν
1235 4515 1467 4592 άρίστην
1519 4523 1691 4594 φημὶ,
1749 4526 1834 4581 ατ.

1928 2733 2166 2792 Samson
2197 2771 2213 2798 ,
2245 2740 2302 2790 et
2325 2729 2549 2804 Jeplite,
2584 2739 2638 2787 et
2680 2728 2879 2794 David,
2910 2738 2966 2786 et
2995 2727 3240 2795 Samuel,
3273 2734 3330 2784 et
3377 2742 3506 2800 pro-

1927 2826 2132 2902 phetis,
2153 2828 2248 2900 qui
2268 2841 2365 2898 per
2397 2823 2558 2880 ﬁdem
2612 2822 2866 2879 vicerunt
2893 2837 3083 2894 regna.
3111 2840 3131 2875 ι

1999 2922 2163 2994 372
2217 2917 2452 2976 Bauli»
2487 2917 2629 2990 psal.
2662 2933 2700 2973 l.
2737 2945 2802 2960 ·-
2858 2915 3058 2973 Beatus
3105 2924 3214 2984 est,
3272 2915 3365 2989 qui
3419 2932 3507 2973 res

1930 3031 2147 3073 summe
2171 3012 2447 3087 pretiosas
2474 3008 2742 3084 possidet,
2779 3024 2952 3082 eaque
2994 3009 3138 3065 bona
3187 3008 3504 3082 participat,

1930 3124 2054 3182 quas
2081 3106 2246 3164 adimi
2272 3120 2384 3161 non
2418 3110 2668 3177 possunt.
2703 3101 2809 3171 Qui
2861 3117 2992 3160 vero
3037 3102 3185 3159 hunc
3240 3117 3503 3176 agnosce-

1934 3199 2102 3258 ιιιυεῖ
2128 3201 2182 3255 ls
2213 3206 2303 3255 est
2338 3195 2438 3268 qui
2491 3210 2600 3252 non
2644 3194 2776 3250 abiit
2802 3195 2856 3250 in
2890 3193 3130 3250 consilio
3187 3193 3504 3266 impiorum.

2005 3293 2150 3350 Ibid.
2181 3321 2252 3332 —
2287 3289 2495 3348 Beatus
2531 3289 2628 3360 qui
2679 3287 3087 3346 dubitationem
3123 3288 3191 3346 de
3223 3286 3336 3345 Deo
3398 3305 3506 3344 nou

1935 3385 2201 3444 admisit:
2231 3382 2327 3456 qui
2359 3381 2562 3454 pusillo
2581 3380 2772 3437 animo
2786 3395 2898 3438 non
2921 3388 3008 3438 est
3030 3397 3157 3454 erga
3192 3383 3507 3455 praesentia;

1934 3481 2031 3540 sed
2067 3495 2131 3538 ea
2158 3493 2283 3552 quae
2311 3477 2370 3534 in
2393 3493 2493 3551 spe
2531 3475 2709 3548 posita
2739 3483 2890 3543 sunt,
2923 3484 3234 3549 exspectat,
3266 3490 3369 3534 nec
3404 3476 3508 3530 im-

1933 3577 2080 3650 piam
2103 3573 2174 3630 de
2197 3574 2458 3632 Creatore
2497 3580 2690 3629 nostro
2728 3564 3045 3642 opinionem
3081 3569 3294 3627 habuit.

2009 3666 2205 3739 Ejmd.
2233 3665 2391 3723 Hom.
2421 3664 2475 3721 in
2490 3663 2562 3722 ιθ
2614 3671 2780 3718 mort.
2799 3692 2874 3705 -—
2901 3661 3201 3727 Martyrum
3253 3666 3512 3722 recorda-

1936 3763 2088 3821 tione
2107 3762 2235 3835 quis
2265 3769 2571 3833 martyrum
2599 3775 2797 3818 amans
2822 3759 3016 3818 satiari
3047 3760 3247 3832 queat?
3265 3761 3513 3833 quando-

1933 3858 2157 3932 quidem
2212 3855 2389 3913 lionos
2464 3854 2560 3927 qui
2617 3855 2781 3914 bonis
2835 3854 3128 3913 conservis
3183 3854 3506 3925 exhibetur,

1933 3948 2332 4008 benevolentiae
2366 3961 2494 4020 erga
2515 3946 2804 4004 dominum
2845 3942 3232 4022 argumentum
3263 3957 3366 4004 est.

2017 4042 2158 4098 Ibid.
2198 4073 2265 4084 -
2299 4042 2484 4098 Animi
2509 4055 2638 4114 erga
2683 4041 2986 4099 benevolos
3033 4054 3332 4098 conservos
3377 4041 3510 4097 alre-

1936 4138 2069 4203 ctio,
2106 4137 2172 4193 ad
2199 4137 2504 4205 dominum,
2537 4137 2622 4194 cui
2656 4134 2734 4192 illi
2755 4136 3086 4201 servierunt,
3112 4134 3386 4198 redundat
3414 4155 3428 4192 :
3454 4146 3508 4194 et

1939 4232 2195 4308 quisquis
2221 4247 2317 4290 eos
2341 4231 2432 4305 qui
2467 4230 2590 4288 lidei
2623 4245 2793 4289 causa
2818 4230 3178 4295 dimicarunt,
3209 4229 3376 4286 allicit
3408 4231 3512 4287 lio-

1939 4341 2097 4392 ποι-ρ,
2122 4323 2415 4396 perspicue
2442 4321 2688 4403 ostendit
2728 4321 2919 4379 eodem
2947 4337 3006 4378 se
3039 4320 3162 4377 fidei
3219 4322 3335 4377 zelo
3378 4339 3512 4393 pra:-

1939 4418 2112 4474 ditum
2136 4432 2282 4474 esse.

2015 4507 2162 4564 Ναί.
2197 4508 2410 4564 0rat.in
2441 4505 2602 4579 Cypr.
2624 4535 2696 4550 -
2733 4506 2893 4564 Hunc
2931 4523 3054 4564 esse
3082 4515 3354 4580 quaestum
3394 4523 3513 4564 om-

262 4617 429 4692 ματος
479 4599 660 4670 ὀλίγου
716 4599 994 4692 βασιλείαν
1052 4605 1298 4678 οὐρανῶν
1350 4611 1685 4684 ὠνήσασθαι,
1739 4619 1827 4673 καὶ

1955 4603 2096 4658 nium
2135 4601 2666 4674 praestantissimum
2692 4601 2805 4669 aio,
2832 4602 3037 4674 exiguo
3095 4602 3368 4674 sanguine
3409 4617 3515 4658 eue-

258 4690 415 4841 ξόξτος
464 4692 742 4765 ἀῖδιὸτητα
781 4691 890 4748 τῶν
938 4700 1294 4772 προσκαίρων
1343 4704 1652 4761 ἀντιλαϐεῖν
1696 4710 1837 4782 ἀγα-

294 4806 391 4841 ων.

294 4806 391 4842 ων.

328 4881 514 4953 Νόμος
551 4883 879 4954 μαρτυρίας,
914 4885 1052 4956 μήτε
1077 4885 1361 4954 ἐθέλοντας
1402 4891 1535 4963 πρὸς
1563 4893 1657 4946 τὸν
1687 4895 1835 4965 ἀγῶ-

265 4977 566 5046 ναχωρεῖν,
601 4975 772 5045 φειδοῖ
802 4976 909 5030 τῶν
958 4978 1264 5034 διωκόντων
1307 4983 1400 5036 καὶ
1453 4982 1564 5037 τῶν
1618 4985 1837 5041 ἀσθενε-

267 5066 471 5137 στέρων
503 5107 518 5134 ,
575 5067 712 5137 μήτε
761 5069 1035 5140 παρόντας
1079 5071 1407 5127 ἀναδύεσθαι
1435 5091 1456 5110 -ο
1490 5074 1550 5128 τὸ
1577 5075 1678 5143 μὲν
1729 5077 1836 5150 γὰρ

267 5157 518 5232 θράσους,
537 5162 599 5216 τὸ
629 5162 684 5216 δέ
715 5163 1004 5236 ἀνανδρίας
1035 5166 1202 5221 ἐστίν.

347 5442 413 5496 Ἦ
459 5443 566 5498 τῶν
616 5443 987 5515 μακαρισμῶν
1051 5445 1344 5514 κοινωνία,
1405 5448 1664 5522 θεότητὸς
1725 5452 1840 5509 ἐστι

271 5537 518 5593 κοινωνία
541 5554 554 5567 ·
587 5537 722 5594 Θεοῦ
763 5538 877 5610 γὰρ
903 5537 979 5604 ὡς
1005 5540 1219 5612 ἀληθῶς
1275 5540 1405 5596 ίδιον
1429 5544 1462 5616 ἡ
1498 5545 1841 5620 μακαριότης

271 5629 435 5688 ἐστίν.

342 5722 479 5776 Εἰτὸ
501 5725 626 5777 ἰδεῖν
672 5723 762 5779 τὸν
807 5724 942 5780 Θεὸν
993 5725 1296 5800 ὑπερϐολὴν
1323 5728 1383 5781 ἐν
1409 5728 1485 5801 τῷ
1519 5729 1711 5802 ἀγαθῷ
1742 5731 1844 5785 οὐκ

276 5813 487 5884 ἐχει,τὸ
520 5818 646 5871 Υἱὸν
684 5818 933 5887 γενέσθαι
987 5821 1080 5876 τοῦ
1146 5819 1303 5888 Θεοῦ,
1353 5823 1495 5894 ὑπὲρ
1543 5823 1844 5896 εύκληρίαν

279 5907 390 5962 ini.
445 5911 678 5972 πάντων,
718 5913 902 5987 ὀγὰρ
934 5916 1057 5980 Υἱὸς
1107 5916 1358 5982 ἀξιωθεὶς
1405 5918 1682 5987 γενέσθαι,
1730 5918 1843 5987 ἕξει

1939 4699 2076 4755 leste
2110 4711 2336 4769 regnum
2372 4711 2578 4762 emere,
2611 4705 2664 4753 et
2692 4712 2792 4768 pro
2823 4695 3054 4753 caducis
3075 4704 3130 4752 et
3163 4698 3515 4768 temporariis

1937 4791 2098 4847 bonis
2132 4790 2495 4846 :eternitatem
2535 4790 2723 4863 gloria:
2752 4791 2982 4848 referre.

2014 4885 2266 4956 Ejusdem
2286 4886 2339 4940 in
2367 4885 2539 4940 Basil.
2575 4915 2644 4927 -—
2671 4885 2778 4942 Lex
2808 4885 3059 4957 martyrii
3091 4886 3291 4957 poscit,
3324 4897 3382 4943 ut
3413 4902 3514 4944 nec

1943 4979 2088 5035 ultro
2116 4981 2170 5034 in
2200 4987 2479 5035 certamen
2508 4994 2776 5047 ruamus;
2829 4979 2994 5036 saluti
3036 4980 3296 5036 nimirum
3332 4995 3514 5052 perse-

1940 5083 2198 5128 cutorum
2227 5072 2725 5142 etimbecilliorum
2754 5074 3112 5130 consulentes
3135 5088 3268 5128 :ncc
3296 5087 3514 5138 rursus,

1942 5166 2036 5222 ubi
2065 5166 2178 5238 jam
2209 5164 2266 5220 in
2309 5165 2557 5237 periculo
2613 5164 2902 5219 constituti
2960 5179 3172 5228 sumus,
3238 5171 3513 5220 certamen

1941 5258 2333 5315 detrectemus.
2368 5255 2504 5313 lllud
2532 5257 2681 5313 enim
2709 5257 3040 5314 temeritatis
3070 5265 3151 5314 cst
3175 5299 3190 5324 ,
3221 5257 3323 5314 hoc
3359 5258 3512 5325 igna-

1942 5352 2062 5409 vizc.

2019 5445 2183 5518 Nysa.
2221 5447 2275 5501 in
2333 5444 2529 5500 Beatit.
2559 5473 2628 5485 -—
2679 5444 3092 5500 Beatitudinum
3149 5445 3514 5516 participatio,

1943 5543 2167 5600 deitatis
2207 5550 2291 5598 est
2320 5541 2694 5613 participatio.
2723 5543 2814 5596 Dei
2845 5539 3120 5613 siquidem
3145 5540 3368 5609 proni-ia
3396 5540 3529 5597 bea-

1946 5636 2126 5694 titudo
2156 5645 2266 5694 est.

2021 5729 2212 5801 Ejusd.
2234 5729 2388 5786 Orat.
2418 5730 2448 5781 Ἰ
2487 5729 2556 5784 De
2579 5729 2735 5784 Beat.
2759 5758 2822 5770 —-
2852 5728 2909 5783 Si
2939 5726 3108 5784 Deum
3161 5734 3373 5793 videre,
3401 5736 3518 5795 lan-

1948 5831 2068 5879 tum
2105 5832 2192 5880 est
2225 5823 2453 5887 bonum,
2481 5831 2543 5878 ut
2575 5823 2640 5878 ad
2681 5820 2802 5892 ejus
2863 5819 3302 5892 magnitudinem
3364 5834 3550 5888 accey

1956 5918 2088 5977 dcrc
2115 5915 2254 5972 nihil
2286 5916 2500 5986 possit:
2533 5914 2626 5972 Dei
2671 5914 2838 5971 lilium
2909 5911 3072 5981 cﬂici,
3122 5911 3522 5971 beatitudinem
