  <div class='ocr_page' id='page_1' title='image "/cluster/home/n/w/nwhite01/storage/ocr_20150623/95/hvd.32044073502106/632.png"; bbox 0 0 3886 6248; ppageno 0'>
   <div class='ocr_carea' id='block_1_1' title="bbox 255 289 379 355">
    <p class='ocr_par' dir='ltr' id='par_1_1' title="bbox 255 289 379 355">
     <span class='ocr_line' id='line_1_1' title="bbox 255 289 379 355; baseline -0.008 -2"><span class='ocrx_word' id='word_1_1' title='bbox 255 289 379 355; x_wconf 79' lang='grc'><strong>1253</strong></span> 
     </span>
    </p>
   </div>
   <div class='ocr_carea' id='block_1_2' title="bbox 1495 271 2235 345">
    <p class='ocr_par' dir='ltr' id='par_1_2' title="bbox 1495 271 2235 345">
     <span class='ocr_line' id='line_1_2' title="bbox 1495 271 2235 345; baseline 0.001 -2"><span class='ocrx_word' id='word_1_2' title='bbox 1495 271 1734 343; x_wconf 72' lang='lat' dir='ltr'><strong>SACRA</strong></span> <span class='ocrx_word' id='word_1_3' title='bbox 1773 282 2235 345; x_wconf 69' lang='lat' dir='ltr'><strong>PARALLELA.</strong></span> 
     </span>
    </p>
   </div>
   <div class='ocr_carea' id='block_1_3' title="bbox 3350 277 3483 341">
    <p class='ocr_par' dir='ltr' id='par_1_3' title="bbox 3350 277 3483 341">
     <span class='ocr_line' id='line_1_3' title="bbox 3350 277 3483 341; baseline -0.023 -1"><span class='ocrx_word' id='word_1_4' title='bbox 3350 277 3483 341; x_wconf 72' lang='grc'><strong>1254</strong></span> 
     </span>
    </p>
   </div>
   <div class='ocr_carea' id='block_1_4' title="bbox 243 381 1810 475">
    <p class='ocr_par' dir='ltr' id='par_1_4' title="bbox 243 394 1804 475">
     <span class='ocr_line' id='line_1_4' title="bbox 243 394 1804 475; baseline -0.009 -14"><span class='ocrx_word' id='word_1_5' title='bbox 243 405 497 475; x_wconf 78' lang='grc' dir='ltr'><strong>ἀπλήστου</strong></span> <span class='ocrx_word' id='word_1_6' title='bbox 528 400 624 456; x_wconf 76' lang='grc' dir='ltr'><strong>καὶ</strong></span> <span class='ocrx_word' id='word_1_7' title='bbox 661 400 958 471; x_wconf 76' lang='grc' dir='ltr'>ἀκορέστου</span> <span class='ocrx_word' id='word_1_8' title='bbox 992 398 1150 470; x_wconf 79' lang='grc' dir='ltr'>χάριν</span> <span class='ocrx_word' id='word_1_9' title='bbox 1198 397 1493 469; x_wconf 75' lang='grc' dir='ltr'><strong>ἐπιθυμίας</strong></span> <span class='ocrx_word' id='word_1_10' title='bbox 1515 440 1530 465; x_wconf 88' lang='grc'><strong>,</strong></span> <span class='ocrx_word' id='word_1_11' title='bbox 1560 397 1593 470; x_wconf 73' lang='grc' dir='ltr'>ἢ</span> <span class='ocrx_word' id='word_1_12' title='bbox 1630 394 1804 467; x_wconf 68' lang='grc' dir='ltr'>πυρὸς</span> 
     </span>
    </p>
   </div>
   <div class='ocr_carea' id='block_1_5' title="bbox 1950 381 3482 475">
    <p class='ocr_par' dir='ltr' id='par_1_5' title="bbox 1950 381 3482 475">
     <span class='ocr_line' id='line_1_5' title="bbox 1950 381 3482 475; baseline 0 -28"><span class='ocrx_word' id='word_1_13' title='bbox 1950 402 1999 448; x_wconf 83' lang='lat' dir='ltr'><strong>et</strong></span> <span class='ocrx_word' id='word_1_14' title='bbox 2025 410 2044 475; x_wconf 53' lang='grc' dir='ltr'><strong>εΔ</strong></span> <span class='ocrx_word' id='word_1_15' title='bbox 2078 409 2299 466; x_wconf 83' lang='lat' dir='ltr'><strong>semper</strong></span> <span class='ocrx_word' id='word_1_16' title='bbox 2339 381 2461 452; x_wconf 81' lang='lat' dir='ltr'><strong>sitit</strong></span> <span class='ocrx_word' id='word_1_17' title='bbox 2493 403 2727 464; x_wconf 89' lang='lat' dir='ltr'><strong>propter</strong></span> <span class='ocrx_word' id='word_1_18' title='bbox 2781 395 3171 466; x_wconf 72' lang='lat' dir='ltr'><strong>inexplebilem</strong></span> <span class='ocrx_word' id='word_1_19' title='bbox 3213 394 3482 466; x_wconf 80' lang='lat' dir='ltr'><strong>cupidita-</strong></span> 
     </span>
    </p>
   </div>
   <div class='ocr_carea' id='block_1_6' title="bbox 243 489 1460 568">
    <p class='ocr_par' dir='ltr' id='par_1_6' title="bbox 243 489 1460 568">
     <span class='ocr_line' id='line_1_6' title="bbox 243 489 1460 568; baseline -0.007 -16"><span class='ocrx_word' id='word_1_20' title='bbox 243 498 386 568; x_wconf 78' lang='grc' dir='ltr'>δίκην</span> <span class='ocrx_word' id='word_1_21' title='bbox 409 493 581 550; x_wconf 79' lang='grc' dir='ltr'>πάντα</span> <span class='ocrx_word' id='word_1_22' title='bbox 613 493 789 567; x_wconf 85' lang='grc' dir='ltr'>μικρά</span> <span class='ocrx_word' id='word_1_23' title='bbox 815 510 895 556; x_wconf 85' lang='grc' dir='ltr'><strong>τε,</strong></span> <span class='ocrx_word' id='word_1_24' title='bbox 924 493 1017 546; x_wconf 75' lang='grc' dir='ltr'><strong>καὶ</strong></span> <span class='ocrx_word' id='word_1_25' title='bbox 1050 489 1261 563; x_wconf 79' lang='grc' dir='ltr'>μεγάλα</span> <span class='ocrx_word' id='word_1_26' title='bbox 1294 490 1460 544; x_wconf 83' lang='grc' dir='ltr'>πίνει.</span> 
     </span>
    </p>
   </div>
   <div class='ocr_carea' id='block_1_7' title="bbox 532 711 1464 785">
    <p class='ocr_par' dir='ltr' id='par_1_7' title="bbox 532 711 1464 785">
     <span class='ocr_line' id='line_1_7' title="bbox 532 711 1464 785; baseline -0.005 -13"><span class='ocrx_word' id='word_1_27' title='bbox 532 718 715 773; x_wconf 86' lang='grc' dir='ltr'><strong>ΤΙΤΛ.</strong></span> <span class='ocrx_word' id='word_1_28' title='bbox 749 717 881 773; x_wconf 78' lang='lat' dir='ltr'><strong>MA&#39;.</strong></span> <span class='ocrx_word' id='word_1_29' title='bbox 912 747 983 756; x_wconf 97' lang='lat'><strong>—</strong></span> <span class='ocrx_word' id='word_1_30' title='bbox 1010 716 1150 785; x_wconf 70' lang='grc' dir='ltr'>Περὶ</span> <span class='ocrx_word' id='word_1_31' title='bbox 1184 711 1464 784; x_wconf 71' lang='grc' dir='ltr'>ἀδελφῶν</span> 
     </span>
    </p>
   </div>
   <div class='ocr_carea' id='block_1_8' title="bbox 307 823 1806 902">
    <p class='ocr_par' dir='ltr' id='par_1_8' title="bbox 307 823 1806 902">
     <span class='ocr_line' id='line_1_8' title="bbox 307 823 1806 902; baseline -0.006 -17"><span class='ocrx_word' id='word_1_32' title='bbox 307 852 324 885; x_wconf 77' lang='grc' dir='ltr'><strong>ι</strong></span> <span class='ocrx_word' id='word_1_33' title='bbox 358 831 430 885; x_wconf 74' lang='grc' dir='ltr'><strong>Οὐ</strong></span> <span class='ocrx_word' id='word_1_34' title='bbox 491 831 746 902; x_wconf 76' lang='grc' dir='ltr'><strong>μισήσεις</strong></span> <span class='ocrx_word' id='word_1_35' title='bbox 793 828 884 883; x_wconf 68' lang='grc' dir='ltr'>τὸν</span> <span class='ocrx_word' id='word_1_36' title='bbox 937 825 1168 897; x_wconf 70' lang='grc' dir='ltr'>ἀδελφόν</span> <span class='ocrx_word' id='word_1_37' title='bbox 1213 842 1309 880; x_wconf 87' lang='grc' dir='ltr'>σου</span> <span class='ocrx_word' id='word_1_38' title='bbox 1364 826 1425 879; x_wconf 72' lang='grc' dir='ltr'>ὲν</span> <span class='ocrx_word' id='word_1_39' title='bbox 1477 826 1545 896; x_wconf 79' lang='grc' dir='ltr'>τῇ</span> <span class='ocrx_word' id='word_1_40' title='bbox 1593 823 1806 897; x_wconf 73' lang='grc' dir='ltr'>διανοίᾳ</span> 
     </span>
    </p>
   </div>
   <div class='ocr_carea' id='block_1_9' title="bbox 240 942 1808 1085">
    <p class='ocr_par' dir='ltr' id='par_1_9' title="bbox 240 942 1808 1085">
     <span class='ocr_line' id='line_1_9' title="bbox 336 942 396 978; baseline 0 -4"><span class='ocrx_word' id='word_1_41' title='bbox 336 962 350 978; x_wconf 85' lang='grc'><strong>.</strong></span> <span class='ocrx_word' id='word_1_42' title='bbox 380 942 396 974; x_wconf 71' lang='grc' dir='ltr'><strong>ι</strong></span> 
     </span>
     <span class='ocr_line' id='line_1_10' title="bbox 240 942 1808 1085; baseline -0.004 -16"><span class='ocrx_word' id='word_1_43' title='bbox 240 942 328 1068; x_wconf 58' lang='lat' dir='ltr'><strong>am:</strong></span> <span class='ocrx_word' id='word_1_44' title='bbox 371 1015 500 1069; x_wconf 82' lang='grc' dir='ltr'>Ἰδοὺ</span> <span class='ocrx_word' id='word_1_45' title='bbox 529 1013 664 1085; x_wconf 69' lang='grc' dir='ltr'>δὴτί</span> <span class='ocrx_word' id='word_1_46' title='bbox 692 1012 876 1078; x_wconf 79' lang='grc' dir='ltr'>καλὸν,</span> <span class='ocrx_word' id='word_1_47' title='bbox 907 1011 941 1084; x_wconf 75' lang='grc' dir='ltr'><strong>ἢ</strong></span> <span class='ocrx_word' id='word_1_48' title='bbox 972 1011 1026 1066; x_wconf 87' lang='grc' dir='ltr'><strong>τί</strong></span> <span class='ocrx_word' id='word_1_49' title='bbox 1046 1009 1302 1084; x_wconf 76' lang='grc' dir='ltr'>τερπνὸν,</span> <span class='ocrx_word' id='word_1_50' title='bbox 1331 1007 1447 1065; x_wconf 80' lang='grc' dir='ltr'>ἀλλ’</span> <span class='ocrx_word' id='word_1_51' title='bbox 1475 1008 1592 1080; x_wconf 78' lang='grc' dir='ltr'><strong>ἢτδ</strong></span> <span class='ocrx_word' id='word_1_52' title='bbox 1619 1026 1808 1064; x_wconf 64' lang='lat' dir='ltr'><strong>itaret-</strong></span> 
     </span>
    </p>
   </div>
   <div class='ocr_carea' id='block_1_10' title="bbox 234 1104 1104 1178">
    <p class='ocr_par' dir='ltr' id='par_1_10' title="bbox 234 1104 1104 1178">
     <span class='ocr_line' id='line_1_11' title="bbox 234 1104 1104 1178; baseline -0.005 -19"><span class='ocrx_word' id='word_1_53' title='bbox 234 1110 344 1161; x_wconf 82' lang='grc' dir='ltr'>κεῖν</span> <span class='ocrx_word' id='word_1_54' title='bbox 374 1107 635 1178; x_wconf 77' lang='grc' dir='ltr'>ἀδελφοὺς</span> <span class='ocrx_word' id='word_1_55' title='bbox 666 1106 760 1161; x_wconf 64' lang='grc' dir='ltr'><strong>ἐπὶ</strong></span> <span class='ocrx_word' id='word_1_56' title='bbox 786 1106 848 1159; x_wconf 83' lang='grc' dir='ltr'><strong>τὺ</strong></span> <span class='ocrx_word' id='word_1_57' title='bbox 886 1104 1041 1159; x_wconf 81' lang='grc' dir='ltr'>αὐτό.</span> <span class='ocrx_word' id='word_1_58' title='bbox 1085 1123 1104 1155; x_wconf 77' lang='grc' dir='ltr'><strong>ι</strong></span> 
     </span>
    </p>
   </div>
   <div class='ocr_carea' id='block_1_11' title="bbox 305 1195 1563 1270">
    <p class='ocr_par' dir='ltr' id='par_1_11' title="bbox 305 1195 1563 1270">
     <span class='ocr_line' id='line_1_12' title="bbox 305 1195 1563 1270; baseline -0.004 -18"><span class='ocrx_word' id='word_1_59' title='bbox 305 1220 324 1252; x_wconf 73' lang='grc' dir='ltr'><strong>ι</strong></span> <span class='ocrx_word' id='word_1_60' title='bbox 372 1198 614 1268; x_wconf 70' lang='grc' dir='ltr'>Ἀδελφοὶ</span> <span class='ocrx_word' id='word_1_61' title='bbox 647 1199 705 1254; x_wconf 74' lang='grc' dir='ltr'>ἐν</span> <span class='ocrx_word' id='word_1_62' title='bbox 731 1199 943 1270; x_wconf 80' lang='grc' dir='ltr'><strong>ἀνάγκῃ</strong></span> <span class='ocrx_word' id='word_1_63' title='bbox 965 1198 1227 1270; x_wconf 82' lang='grc' dir='ltr'>χρήσιμοι</span> <span class='ocrx_word' id='word_1_64' title='bbox 1247 1195 1511 1251; x_wconf 76' lang='grc' dir='ltr'>ἔστωσαν.</span> <span class='ocrx_word' id='word_1_65' title='bbox 1544 1213 1563 1247; x_wconf 79' lang='grc' dir='ltr'><strong>ι</strong></span> 
     </span>
    </p>
   </div>
   <div class='ocr_carea' id='block_1_12' title="bbox 306 1368 1806 1447">
    <p class='ocr_par' dir='ltr' id='par_1_12' title="bbox 306 1368 1806 1447">
     <span class='ocr_line' id='line_1_13' title="bbox 306 1368 1806 1447; baseline -0.005 -17"><span class='ocrx_word' id='word_1_66' title='bbox 306 1396 323 1430; x_wconf 78' lang='grc' dir='ltr'><strong>ι</strong></span> <span class='ocrx_word' id='word_1_67' title='bbox 370 1376 620 1447; x_wconf 71' lang='grc' dir='ltr'>Ἀδελφὸς</span> <span class='ocrx_word' id='word_1_68' title='bbox 668 1375 773 1430; x_wconf 78' lang='grc' dir='ltr'>ὑπὸ</span> <span class='ocrx_word' id='word_1_69' title='bbox 826 1372 1057 1444; x_wconf 75' lang='grc' dir='ltr'>ἀδελφοῦ</span> <span class='ocrx_word' id='word_1_70' title='bbox 1117 1370 1500 1445; x_wconf 81' lang='grc' dir='ltr'>βοηθούμενος,</span> <span class='ocrx_word' id='word_1_71' title='bbox 1543 1370 1620 1434; x_wconf 83' lang='grc' dir='ltr'>ὠς</span> <span class='ocrx_word' id='word_1_72' title='bbox 1654 1368 1806 1434; x_wconf 79' lang='grc' dir='ltr'>πόλις</span> 
     </span>
    </p>
   </div>
   <div class='ocr_carea' id='block_1_13' title="bbox 233 1463 1808 1543">
    <p class='ocr_par' dir='ltr' id='par_1_13' title="bbox 233 1463 1808 1543">
     <span class='ocr_line' id='line_1_14' title="bbox 233 1463 1808 1543; baseline -0.006 -17"><span class='ocrx_word' id='word_1_73' title='bbox 233 1471 562 1543; x_wconf 69' lang='grc' dir='ltr'>ίοχυρὰ,καὶ</span> <span class='ocrx_word' id='word_1_74' title='bbox 585 1470 786 1542; x_wconf 79' lang='grc' dir='ltr'><strong>ὑψηλή.</strong></span> <span class='ocrx_word' id='word_1_75' title='bbox 827 1469 1023 1539; x_wconf 75' lang='grc' dir='ltr'>’ἰσχύει</span> <span class='ocrx_word' id='word_1_76' title='bbox 1065 1467 1122 1522; x_wconf 82' lang='grc' dir='ltr'><strong>δὲ</strong></span> <span class='ocrx_word' id='word_1_77' title='bbox 1165 1464 1357 1537; x_wconf 84' lang='grc' dir='ltr'>ὥσπερ</span> <span class='ocrx_word' id='word_1_78' title='bbox 1402 1463 1808 1534; x_wconf 80' lang='grc' dir='ltr'>τεθεμελιωμέ-</span> 
     </span>
    </p>
   </div>
   <div class='ocr_carea' id='block_1_14' title="bbox 230 1562 696 1634">
    <p class='ocr_par' dir='ltr' id='par_1_14' title="bbox 230 1562 696 1634">
     <span class='ocr_line' id='line_1_15' title="bbox 230 1562 696 1634; baseline -0.011 -17"><span class='ocrx_word' id='word_1_79' title='bbox 230 1582 314 1617; x_wconf 85' lang='grc' dir='ltr'><strong>νον</strong></span> <span class='ocrx_word' id='word_1_80' title='bbox 345 1562 638 1634; x_wconf 68' lang='grc' dir='ltr'>βασίλειον.</span> <span class='ocrx_word' id='word_1_81' title='bbox 678 1579 696 1612; x_wconf 80' lang='grc' dir='ltr'><strong>ι</strong></span> 
     </span>
    </p>
   </div>
   <div class='ocr_carea' id='block_1_15' title="bbox 298 1646 1803 1723">
    <p class='ocr_par' dir='ltr' id='par_1_15' title="bbox 298 1646 1803 1723">
     <span class='ocr_line' id='line_1_16' title="bbox 298 1646 1803 1723; baseline -0.004 -17"><span class='ocrx_word' id='word_1_82' title='bbox 298 1675 316 1706; x_wconf 81' lang='grc' dir='ltr'><strong>ι</strong></span> <span class='ocrx_word' id='word_1_83' title='bbox 352 1655 464 1718; x_wconf 71' lang='grc' dir='ltr'><strong>Πᾶς</strong></span> <span class='ocrx_word' id='word_1_84' title='bbox 505 1655 534 1707; x_wconf 85' lang='grc' dir='ltr'><strong>ὁ</strong></span> <span class='ocrx_word' id='word_1_85' title='bbox 575 1651 806 1722; x_wconf 69' lang='grc' dir='ltr'>ἀδελφὸν</span> <span class='ocrx_word' id='word_1_86' title='bbox 852 1651 1065 1723; x_wconf 81' lang='grc' dir='ltr'>πτωχὸν</span> <span class='ocrx_word' id='word_1_87' title='bbox 1114 1649 1312 1722; x_wconf 80' lang='grc' dir='ltr'>μισῶν,</span> <span class='ocrx_word' id='word_1_88' title='bbox 1357 1647 1542 1720; x_wconf 82' lang='grc' dir='ltr'>φιλίας</span> <span class='ocrx_word' id='word_1_89' title='bbox 1583 1646 1803 1720; x_wconf 81' lang='grc' dir='ltr'>μακράν</span> 
     </span>
    </p>
   </div>
   <div class='ocr_carea' id='block_1_16' title="bbox 229 1750 785 1810">
    <p class='ocr_par' dir='ltr' id='par_1_16' title="bbox 229 1750 785 1810">
     <span class='ocr_line' id='line_1_17' title="bbox 229 1750 785 1810; baseline -0.007 -8"><span class='ocrx_word' id='word_1_90' title='bbox 229 1750 390 1802; x_wconf 73' lang='grc' dir='ltr'>ἐστιν.</span> <span class='ocrx_word' id='word_1_91' title='bbox 435 1765 455 1798; x_wconf 76' lang='grc' dir='ltr'><strong>ι</strong></span> <span class='ocrx_word' id='word_1_92' title='bbox 780 1805 785 1810; x_wconf 42' lang='grc'><strong>,</strong></span> 
     </span>
    </p>
   </div>
   <div class='ocr_carea' id='block_1_17' title="bbox 297 1837 1808 1913">
    <p class='ocr_par' dir='ltr' id='par_1_17' title="bbox 297 1837 1808 1913">
     <span class='ocr_line' id='line_1_18' title="bbox 297 1837 1808 1913; baseline -0.003 -19"><span class='ocrx_word' id='word_1_93' title='bbox 297 1861 316 1900; x_wconf 75' lang='grc' dir='ltr'><strong>ι</strong></span> <span class='ocrx_word' id='word_1_94' title='bbox 353 1840 638 1913; x_wconf 75' lang='grc' dir='ltr'>Κρείστων</span> <span class='ocrx_word' id='word_1_95' title='bbox 692 1839 845 1911; x_wconf 80' lang='grc' dir='ltr'>φίλος</span> <span class='ocrx_word' id='word_1_96' title='bbox 895 1839 1085 1910; x_wconf 68' lang='grc' dir='ltr'>ἔγγὺς,</span> <span class='ocrx_word' id='word_1_97' title='bbox 1133 1837 1166 1911; x_wconf 74' lang='grc' dir='ltr'><strong>ἢ</strong></span> <span class='ocrx_word' id='word_1_98' title='bbox 1211 1837 1441 1909; x_wconf 74' lang='grc' dir='ltr'>ἀδελφὸς</span> <span class='ocrx_word' id='word_1_99' title='bbox 1475 1837 1695 1910; x_wconf 73' lang='grc' dir='ltr'>μακρὰν</span> <span class='ocrx_word' id='word_1_100' title='bbox 1726 1837 1808 1890; x_wconf 80' lang='lat' dir='ltr'><strong>ol-</strong></span> 
     </span>
    </p>
   </div>
   <div class='ocr_carea' id='block_1_18' title="bbox 226 1950 407 1988">
    <p class='ocr_par' dir='ltr' id='par_1_18' title="bbox 226 1950 407 1988">
     <span class='ocr_line' id='line_1_19' title="bbox 226 1950 407 1988; baseline 0 -2"><span class='ocrx_word' id='word_1_101' title='bbox 226 1950 353 1988; x_wconf 81' lang='grc' dir='ltr'>κων.</span> <span class='ocrx_word' id='word_1_102' title='bbox 388 1952 407 1986; x_wconf 77' lang='grc' dir='ltr'><strong>Ι</strong></span> 
     </span>
    </p>
   </div>
   <div class='ocr_carea' id='block_1_19' title="bbox 298 2020 1630 2095">
    <p class='ocr_par' dir='ltr' id='par_1_19' title="bbox 298 2020 1630 2095">
     <span class='ocr_line' id='line_1_20' title="bbox 298 2020 1630 2095; baseline -0.004 -16"><span class='ocrx_word' id='word_1_103' title='bbox 298 2046 317 2079; x_wconf 74' lang='grc' dir='ltr'><strong>ι</strong></span> <span class='ocrx_word' id='word_1_104' title='bbox 364 2024 614 2094; x_wconf 76' lang='grc' dir='ltr'>’Ᾱδελφοὶ</span> <span class='ocrx_word' id='word_1_105' title='bbox 644 2024 738 2078; x_wconf 73' lang='grc' dir='ltr'><strong>καὶ</strong></span> <span class='ocrx_word' id='word_1_106' title='bbox 773 2021 993 2095; x_wconf 79' lang='grc' dir='ltr'>βοήθεια</span> <span class='ocrx_word' id='word_1_107' title='bbox 1020 2021 1077 2076; x_wconf 80' lang='grc' dir='ltr'>ὲν</span> <span class='ocrx_word' id='word_1_108' title='bbox 1108 2021 1284 2094; x_wconf 81' lang='grc' dir='ltr'>καιρῷ</span> <span class='ocrx_word' id='word_1_109' title='bbox 1318 2020 1573 2092; x_wconf 73' lang='grc' dir='ltr'>θλίψεως.</span> <span class='ocrx_word' id='word_1_110' title='bbox 1611 2041 1630 2074; x_wconf 77' lang='grc' dir='ltr'><strong>ι</strong></span> 
     </span>
    </p>
   </div>
   <div class='ocr_carea' id='block_1_20' title="bbox 293 2197 1811 2277">
    <p class='ocr_par' dir='ltr' id='par_1_20' title="bbox 293 2197 1811 2277">
     <span class='ocr_line' id='line_1_21' title="bbox 293 2197 1811 2277; baseline -0.004 -19"><span class='ocrx_word' id='word_1_111' title='bbox 293 2227 311 2258; x_wconf 74' lang='grc' dir='ltr'><strong>ι</strong></span> <span class='ocrx_word' id='word_1_112' title='bbox 358 2207 451 2277; x_wconf 78' lang='grc' dir='ltr'><strong>Μὴ</strong></span> <span class='ocrx_word' id='word_1_113' title='bbox 505 2205 742 2276; x_wconf 50' lang='lat' dir='ltr'><strong>circa“;</strong></span> <span class='ocrx_word' id='word_1_114' title='bbox 784 2202 1013 2273; x_wconf 71' lang='grc' dir='ltr'>ἀδελφὸν</span> <span class='ocrx_word' id='word_1_115' title='bbox 1044 2201 1268 2273; x_wconf 79' lang='grc' dir='ltr'>γνήσιον</span> <span class='ocrx_word' id='word_1_116' title='bbox 1327 2201 1383 2254; x_wconf 72' lang='grc' dir='ltr'>ἐν</span> <span class='ocrx_word' id='word_1_117' title='bbox 1435 2197 1646 2271; x_wconf 83' lang='grc' dir='ltr'>χρυσίῳ</span> <span class='ocrx_word' id='word_1_118' title='bbox 1676 2198 1811 2252; x_wconf 81' lang='grc' dir='ltr'><strong>Σου-</strong></span> 
     </span>
    </p>
   </div>
   <div class='ocr_carea' id='block_1_21' title="bbox 223 2295 400 2364">
    <p class='ocr_par' dir='ltr' id='par_1_21' title="bbox 223 2295 400 2364">
     <span class='ocr_line' id='line_1_22' title="bbox 223 2295 400 2364; baseline -0.006 -18"><span class='ocrx_word' id='word_1_119' title='bbox 223 2295 337 2364; x_wconf 75' lang='grc' dir='ltr'>φίρ.</span> <span class='ocrx_word' id='word_1_120' title='bbox 380 2311 400 2345; x_wconf 71' lang='grc' dir='ltr'><strong>ι</strong></span> 
     </span>
    </p>
   </div>
   <div class='ocr_carea' id='block_1_22' title="bbox 220 2400 1910 2473">
    <p class='ocr_par' dir='ltr' id='par_1_22' title="bbox 220 2400 1910 2473">
     <span class='ocr_line' id='line_1_23' title="bbox 220 2400 1910 2473; baseline -0.004 -13"><span class='ocrx_word' id='word_1_121' title='bbox 220 2406 398 2460; x_wconf 76' lang='grc' dir='ltr'><strong>ΤΠΛ.</strong></span> <span class='ocrx_word' id='word_1_122' title='bbox 433 2403 571 2460; x_wconf 80' lang='lat' dir='ltr'><strong>ME&#39;.</strong></span> <span class='ocrx_word' id='word_1_123' title='bbox 608 2433 674 2445; x_wconf 91' lang='lat'><strong><em>—</em></strong></span> <span class='ocrx_word' id='word_1_124' title='bbox 712 2401 852 2473; x_wconf 72' lang='grc' dir='ltr'>Περὶ</span> <span class='ocrx_word' id='word_1_125' title='bbox 897 2402 1267 2467; x_wconf 73' lang='grc' dir='ltr'>αἰτούντων,</span> <span class='ocrx_word' id='word_1_126' title='bbox 1319 2400 1513 2470; x_wconf 74' lang='grc' dir='ltr'>ἤγουν</span> <span class='ocrx_word' id='word_1_127' title='bbox 1555 2412 1809 2470; x_wconf 80' lang='grc' dir='ltr'>προσαι-</span> <span class='ocrx_word' id='word_1_128' title='bbox 1905 2429 1910 2434; x_wconf 93' lang='grc'><strong>-</strong></span> 
     </span>
    </p>
   </div>
   <div class='ocr_carea' id='block_1_23' title="bbox 879 2473 1164 2526">
    <p class='ocr_par' dir='ltr' id='par_1_23' title="bbox 879 2473 1164 2526">
     <span class='ocr_line' id='line_1_24' title="bbox 879 2473 1164 2526; baseline -0.004 -1"><span class='ocrx_word' id='word_1_129' title='bbox 879 2473 1164 2526; x_wconf 78' lang='grc' dir='ltr'>τούντων.</span> 
     </span>
    </p>
   </div>
   <div class='ocr_carea' id='block_1_24' title="bbox 293 2583 1808 2658">
    <p class='ocr_par' dir='ltr' id='par_1_24' title="bbox 293 2583 1808 2658">
     <span class='ocr_line' id='line_1_25' title="bbox 293 2583 1808 2658; baseline -0.003 -15"><span class='ocrx_word' id='word_1_130' title='bbox 293 2611 311 2644; x_wconf 75' lang='grc' dir='ltr'><strong>ι</strong></span> <span class='ocrx_word' id='word_1_131' title='bbox 350 2590 583 2654; x_wconf 78' lang='grc' dir='ltr'><strong>Τέκνον,</strong></span> <span class='ocrx_word' id='word_1_132' title='bbox 613 2583 760 2658; x_wconf 79' lang='grc' dir='ltr'>ζωὴν</span> <span class='ocrx_word' id='word_1_133' title='bbox 790 2585 1128 2655; x_wconf 69' lang='grc' dir='ltr'>ἑπαιτήσεως</span> <span class='ocrx_word' id='word_1_134' title='bbox 1160 2585 1237 2656; x_wconf 75' lang='grc' dir='ltr'>μὴ</span> <span class='ocrx_word' id='word_1_135' title='bbox 1278 2583 1501 2656; x_wconf 69' lang='grc' dir='ltr'><strong>βιὼπῃς,</strong></span> <span class='ocrx_word' id='word_1_136' title='bbox 1538 2586 1808 2658; x_wconf 83' lang='grc' dir='ltr'>Κρείσσον</span> 
     </span>
    </p>
   </div>
   <div class='ocr_carea' id='block_1_25' title="bbox 218 2676 1809 2756">
    <p class='ocr_par' dir='ltr' id='par_1_25' title="bbox 218 2676 1809 2756">
     <span class='ocr_line' id='line_1_26' title="bbox 218 2676 1809 2756; baseline -0.004 -18"><span class='ocrx_word' id='word_1_137' title='bbox 218 2686 320 2756; x_wconf 71' lang='grc' dir='ltr'><strong>γὰρ</strong></span> <span class='ocrx_word' id='word_1_138' title='bbox 353 2683 675 2745; x_wconf 77' lang='grc' dir='ltr'><strong>ἀποθανεῖν,</strong></span> <span class='ocrx_word' id='word_1_139' title='bbox 718 2680 752 2752; x_wconf 81' lang='grc' dir='ltr'>ἣ</span> <span class='ocrx_word' id='word_1_140' title='bbox 810 2681 1076 2733; x_wconf 83' lang='grc' dir='ltr'>ἐπαιτεῖν.</span> <span class='ocrx_word' id='word_1_141' title='bbox 1137 2678 1225 2731; x_wconf 85' lang='grc' dir='ltr'>Ἐν</span> <span class='ocrx_word' id='word_1_142' title='bbox 1272 2677 1506 2749; x_wconf 84' lang='grc' dir='ltr'>στόματι</span> <span class='ocrx_word' id='word_1_143' title='bbox 1551 2676 1809 2744; x_wconf 84' lang='grc' dir='ltr'>ἀναιδοῢς</span> 
     </span>
    </p>
   </div>
   <div class='ocr_carea' id='block_1_26' title="bbox 219 2768 1808 2847">
    <p class='ocr_par' dir='ltr' id='par_1_26' title="bbox 219 2768 1808 2847">
     <span class='ocr_line' id='line_1_27' title="bbox 219 2768 1808 2847; baseline -0.005 -18"><span class='ocrx_word' id='word_1_144' title='bbox 219 2776 666 2847; x_wconf 77' lang='grc' dir='ltr'>γλυκανθήσεται</span> <span class='ocrx_word' id='word_1_145' title='bbox 704 2773 1046 2843; x_wconf 80' lang='grc' dir='ltr'>ὲπαιτήσεως</span> <span class='ocrx_word' id='word_1_146' title='bbox 1091 2770 1259 2834; x_wconf 69' lang='grc' dir='ltr'>δόσις,</span> <span class='ocrx_word' id='word_1_147' title='bbox 1297 2769 1392 2824; x_wconf 77' lang='grc' dir='ltr'><strong>καὶ</strong></span> <span class='ocrx_word' id='word_1_148' title='bbox 1418 2771 1478 2822; x_wconf 82' lang='grc' dir='ltr'>ὲν</span> <span class='ocrx_word' id='word_1_149' title='bbox 1504 2768 1685 2842; x_wconf 70' lang='grc' dir='ltr'>κοιλίᾳ</span> <span class='ocrx_word' id='word_1_150' title='bbox 1714 2768 1808 2822; x_wconf 82' lang='grc' dir='ltr'><strong>αὕ-</strong></span> 
     </span>
    </p>
   </div>
   <div class='ocr_carea' id='block_1_27' title="bbox 217 2869 846 2941">
    <p class='ocr_par' dir='ltr' id='par_1_27' title="bbox 217 2869 846 2941">
     <span class='ocr_line' id='line_1_28' title="bbox 217 2869 846 2941; baseline -0.005 -18"><span class='ocrx_word' id='word_1_151' title='bbox 217 2870 310 2923; x_wconf 80' lang='grc' dir='ltr'>τοῦ</span> <span class='ocrx_word' id='word_1_152' title='bbox 341 2871 455 2941; x_wconf 83' lang='grc' dir='ltr'><strong>πῦρ</strong></span> <span class='ocrx_word' id='word_1_153' title='bbox 488 2869 786 2941; x_wconf 82' lang='grc' dir='ltr'>καήσεται.</span> <span class='ocrx_word' id='word_1_154' title='bbox 829 2886 846 2919; x_wconf 78' lang='grc' dir='ltr'><strong>ι</strong></span> 
     </span>
    </p>
   </div>
   <div class='ocr_carea' id='block_1_28' title="bbox 456 2981 1575 3054">
    <p class='ocr_par' dir='ltr' id='par_1_28' title="bbox 456 2981 1575 3054">
     <span class='ocr_line' id='line_1_29' title="bbox 456 2981 1575 3054; baseline -0.003 -15"><span class='ocrx_word' id='word_1_155' title='bbox 456 2986 643 3039; x_wconf 79' lang='grc' dir='ltr'><strong>ΤΙΤΛ.</strong></span> <span class='ocrx_word' id='word_1_156' title='bbox 675 2984 824 3053; x_wconf 60' lang='lat' dir='ltr'><strong>MS&quot;.</strong></span> <span class='ocrx_word' id='word_1_157' title='bbox 848 3015 916 3026; x_wconf 84' lang='lat'><strong>——</strong></span> <span class='ocrx_word' id='word_1_158' title='bbox 949 2983 1084 3052; x_wconf 78' lang='grc' dir='ltr'>Περὶ</span> <span class='ocrx_word' id='word_1_159' title='bbox 1118 2981 1575 3054; x_wconf 70' lang='grc' dir='ltr'>αἰσχρολογίας.</span> 
     </span>
    </p>
   </div>
   <div class='ocr_carea' id='block_1_29' title="bbox 292 3097 1558 3173">
    <p class='ocr_par' dir='ltr' id='par_1_29' title="bbox 292 3097 1558 3173">
     <span class='ocr_line' id='line_1_30' title="bbox 292 3097 1558 3173; baseline -0.004 -18"><span class='ocrx_word' id='word_1_160' title='bbox 292 3121 311 3154; x_wconf 77' lang='grc' dir='ltr'><strong>ι</strong></span> <span class='ocrx_word' id='word_1_161' title='bbox 345 3100 673 3173; x_wconf 77' lang='grc' dir='ltr'>Φθείρουσιν</span> <span class='ocrx_word' id='word_1_162' title='bbox 693 3098 796 3171; x_wconf 72' lang='grc' dir='ltr'><strong>ἢθη</strong></span> <span class='ocrx_word' id='word_1_163' title='bbox 822 3099 1036 3172; x_wconf 75' lang='grc' dir='ltr'>χρηστὰ</span> <span class='ocrx_word' id='word_1_164' title='bbox 1063 3097 1273 3171; x_wconf 78' lang='grc' dir='ltr'>ὁμιλίαι</span> <span class='ocrx_word' id='word_1_165' title='bbox 1307 3097 1498 3153; x_wconf 79' lang='grc' dir='ltr'>κακαί.</span> <span class='ocrx_word' id='word_1_166' title='bbox 1537 3114 1558 3150; x_wconf 70' lang='grc' dir='ltr'><strong>ι</strong></span> 
     </span>
    </p>
   </div>
   <div class='ocr_carea' id='block_1_30' title="bbox 290 3270 1814 3349">
    <p class='ocr_par' dir='ltr' id='par_1_30' title="bbox 290 3270 1814 3349">
     <span class='ocr_line' id='line_1_31' title="bbox 290 3270 1814 3349; baseline -0.004 -13"><span class='ocrx_word' id='word_1_167' title='bbox 290 3302 309 3336; x_wconf 75' lang='grc' dir='ltr'><strong>ι</strong></span> <span class='ocrx_word' id='word_1_168' title='bbox 343 3284 470 3346; x_wconf 78' lang='grc' dir='ltr'>Πᾶς</span> <span class='ocrx_word' id='word_1_169' title='bbox 499 3279 660 3349; x_wconf 79' lang='grc' dir='ltr'>λόγος</span> <span class='ocrx_word' id='word_1_170' title='bbox 689 3277 898 3348; x_wconf 78' lang='grc' dir='ltr'>σαπρὸς</span> <span class='ocrx_word' id='word_1_171' title='bbox 931 3277 1005 3349; x_wconf 82' lang='grc' dir='ltr'>μὴ</span> <span class='ocrx_word' id='word_1_172' title='bbox 1037 3276 1421 3349; x_wconf 77' lang='grc' dir='ltr'><strong>ἐκπορευέσθω</strong></span> <span class='ocrx_word' id='word_1_173' title='bbox 1457 3277 1521 3330; x_wconf 79' lang='grc' dir='ltr'><strong>ὲκ</strong></span> <span class='ocrx_word' id='word_1_174' title='bbox 1552 3270 1665 3330; x_wconf 66' lang='grc' dir='ltr'>τοῦ</span> <span class='ocrx_word' id='word_1_175' title='bbox 1691 3273 1814 3330; x_wconf 74' lang='grc' dir='ltr'>στό-</span> 
     </span>
    </p>
   </div>
   <div class='ocr_carea' id='block_1_31' title="bbox 219 3367 1812 3446">
    <p class='ocr_par' dir='ltr' id='par_1_31' title="bbox 219 3367 1812 3446">
     <span class='ocr_line' id='line_1_32' title="bbox 219 3367 1812 3446; baseline -0.003 -21"><span class='ocrx_word' id='word_1_176' title='bbox 219 3393 390 3446; x_wconf 84' lang='grc' dir='ltr'>ματος</span> <span class='ocrx_word' id='word_1_177' title='bbox 423 3373 610 3446; x_wconf 80' lang='grc' dir='ltr'>ὑμῶν,</span> <span class='ocrx_word' id='word_1_178' title='bbox 645 3371 758 3425; x_wconf 82' lang='grc' dir='ltr'>ἀλλ’</span> <span class='ocrx_word' id='word_1_179' title='bbox 788 3370 841 3424; x_wconf 78' lang='grc' dir='ltr'><strong>εί</strong></span> <span class='ocrx_word' id='word_1_180' title='bbox 865 3387 948 3432; x_wconf 85' lang='grc' dir='ltr'><strong>τις</strong></span> <span class='ocrx_word' id='word_1_181' title='bbox 970 3369 1170 3438; x_wconf 82' lang='grc' dir='ltr'>ἀγαθὸς</span> <span class='ocrx_word' id='word_1_182' title='bbox 1216 3370 1352 3441; x_wconf 78' lang='grc' dir='ltr'>πρὸς</span> <span class='ocrx_word' id='word_1_183' title='bbox 1393 3367 1684 3442; x_wconf 76' lang='grc' dir='ltr'>οἰκοδομὴν</span> <span class='ocrx_word' id='word_1_184' title='bbox 1713 3367 1812 3439; x_wconf 83' lang='grc' dir='ltr'>τῆς</span> 
     </span>
    </p>
   </div>
   <div class='ocr_carea' id='block_1_32' title="bbox 218 3463 1378 3543">
    <p class='ocr_par' dir='ltr' id='par_1_32' title="bbox 218 3463 1378 3543">
     <span class='ocr_line' id='line_1_33' title="bbox 218 3463 1378 3543; baseline -0.009 -20"><span class='ocrx_word' id='word_1_185' title='bbox 218 3470 432 3543; x_wconf 78' lang='grc' dir='ltr'>χρείας,</span> <span class='ocrx_word' id='word_1_186' title='bbox 465 3467 560 3521; x_wconf 82' lang='grc' dir='ltr'><strong>ἴνα</strong></span> <span class='ocrx_word' id='word_1_187' title='bbox 581 3464 656 3536; x_wconf 81' lang='grc' dir='ltr'>δῷ</span> <span class='ocrx_word' id='word_1_188' title='bbox 688 3466 847 3535; x_wconf 82' lang='grc' dir='ltr'>χάριν</span> <span class='ocrx_word' id='word_1_189' title='bbox 878 3465 987 3527; x_wconf 83' lang='grc' dir='ltr'>τοῖς</span> <span class='ocrx_word' id='word_1_190' title='bbox 1013 3463 1324 3518; x_wconf 79' lang='grc' dir='ltr'>ἀκούουσιν.</span> <span class='ocrx_word' id='word_1_191' title='bbox 1359 3481 1378 3513; x_wconf 80' lang='grc' dir='ltr'><strong>ι</strong></span> 
     </span>
    </p>
   </div>
   <div class='ocr_carea' id='block_1_33' title="bbox 290 3554 1812 3632">
    <p class='ocr_par' dir='ltr' id='par_1_33' title="bbox 290 3554 1812 3632">
     <span class='ocr_line' id='line_1_34' title="bbox 290 3554 1812 3632; baseline -0.003 -17"><span class='ocrx_word' id='word_1_192' title='bbox 290 3583 309 3615; x_wconf 67' lang='grc' dir='ltr'>π</span> <span class='ocrx_word' id='word_1_193' title='bbox 346 3560 664 3632; x_wconf 81' lang='grc' dir='ltr'>Αίσχρὸτης</span> <span class='ocrx_word' id='word_1_194' title='bbox 701 3557 794 3612; x_wconf 77' lang='grc' dir='ltr'><strong>καὶ</strong></span> <span class='ocrx_word' id='word_1_195' title='bbox 827 3555 1156 3628; x_wconf 80' lang='grc' dir='ltr'>μωρολογία,</span> <span class='ocrx_word' id='word_1_196' title='bbox 1190 3557 1222 3627; x_wconf 73' lang='grc' dir='ltr'><strong>ἢ</strong></span> <span class='ocrx_word' id='word_1_197' title='bbox 1253 3554 1611 3627; x_wconf 82' lang='grc' dir='ltr'>εὐτραπελία,</span> <span class='ocrx_word' id='word_1_198' title='bbox 1641 3557 1711 3611; x_wconf 81' lang='grc' dir='ltr'>τὰ</span> <span class='ocrx_word' id='word_1_199' title='bbox 1735 3555 1812 3631; x_wconf 72' lang='grc' dir='ltr'>μὴ</span> 
     </span>
    </p>
   </div>
   <div class='ocr_carea' id='block_1_34' title="bbox 215 3649 1813 3728">
    <p class='ocr_par' dir='ltr' id='par_1_34' title="bbox 215 3649 1813 3728">
     <span class='ocr_line' id='line_1_35' title="bbox 215 3649 1813 3728; baseline -0.003 -18"><span class='ocrx_word' id='word_1_200' title='bbox 215 3659 522 3728; x_wconf 74' lang='grc' dir='ltr'>ἀνήκοντα,</span> <span class='ocrx_word' id='word_1_201' title='bbox 560 3652 695 3725; x_wconf 78' lang='grc' dir='ltr'>μηδὲ</span> <span class='ocrx_word' id='word_1_202' title='bbox 719 3650 1172 3722; x_wconf 77' lang='grc' dir='ltr'>ὀνομαζέσθωσαν</span> <span class='ocrx_word' id='word_1_203' title='bbox 1203 3651 1260 3702; x_wconf 72' lang='grc' dir='ltr'>ἐν</span> <span class='ocrx_word' id='word_1_204' title='bbox 1290 3649 1441 3722; x_wconf 77' lang='grc' dir='ltr'>ὑμῖν,</span> <span class='ocrx_word' id='word_1_205' title='bbox 1467 3649 1651 3716; x_wconf 83' lang='grc' dir='ltr'>καθὼς</span> <span class='ocrx_word' id='word_1_206' title='bbox 1676 3650 1813 3724; x_wconf 78' lang='grc' dir='ltr'><strong>πρέ-</strong></span> 
     </span>
    </p>
   </div>
   <div class='ocr_carea' id='block_1_35' title="bbox 215 3748 620 3818">
    <p class='ocr_par' dir='ltr' id='par_1_35' title="bbox 215 3748 620 3818">
     <span class='ocr_line' id='line_1_36' title="bbox 215 3748 620 3818; baseline -0.012 -17"><span class='ocrx_word' id='word_1_207' title='bbox 215 3767 308 3802; x_wconf 79' lang='grc' dir='ltr'>πει</span> <span class='ocrx_word' id='word_1_208' title='bbox 339 3748 557 3818; x_wconf 77' lang='grc' dir='ltr'>ἁγίοις.</span> <span class='ocrx_word' id='word_1_209' title='bbox 603 3764 620 3795; x_wconf 75' lang='grc' dir='ltr'><strong>ι</strong></span> 
     </span>
    </p>
   </div>
   <div class='ocr_carea' id='block_1_36' title="bbox 286 3923 1809 4002">
    <p class='ocr_par' dir='ltr' id='par_1_36' title="bbox 286 3923 1809 4002">
     <span class='ocr_line' id='line_1_37' title="bbox 286 3923 1809 4002; baseline -0.001 -21"><span class='ocrx_word' id='word_1_210' title='bbox 286 3953 306 3986; x_wconf 75' lang='lat'><strong>¢</strong></span> <span class='ocrx_word' id='word_1_211' title='bbox 345 3927 724 4002; x_wconf 77' lang='grc' dir='ltr'>Αἰσχρολογία</span> <span class='ocrx_word' id='word_1_212' title='bbox 781 3926 856 3998; x_wconf 79' lang='grc' dir='ltr'>μὴ</span> <span class='ocrx_word' id='word_1_213' title='bbox 925 3925 1229 3997; x_wconf 67' lang='grc' dir='ltr'>ὲξερχέτθω</span> <span class='ocrx_word' id='word_1_214' title='bbox 1282 3927 1346 3979; x_wconf 80' lang='grc' dir='ltr'><strong>ὲκ</strong></span> <span class='ocrx_word' id='word_1_215' title='bbox 1398 3923 1488 3979; x_wconf 76' lang='grc' dir='ltr'><strong>τοῦ</strong></span> <span class='ocrx_word' id='word_1_216' title='bbox 1537 3924 1809 3998; x_wconf 82' lang='grc' dir='ltr'>στόματος</span> 
     </span>
    </p>
   </div>
   <div class='ocr_carea' id='block_1_37' title="bbox 214 4023 1809 4185">
    <p class='ocr_par' dir='ltr' id='par_1_37' title="bbox 214 4023 1809 4185">
     <span class='ocr_line' id='line_1_38' title="bbox 214 4023 1809 4185; baseline -0.003 -14"><span class='ocrx_word' id='word_1_217' title='bbox 214 4023 397 4171; x_wconf 49' lang='grc' dir='ltr'><strong>ὑμξῗῖ.</strong></span> <span class='ocrx_word' id='word_1_218' title='bbox 425 4041 543 4170; x_wconf 58' lang='grc' dir='ltr'>’ζῶν</span> <span class='ocrx_word' id='word_1_219' title='bbox 573 4113 745 4183; x_wconf 85' lang='grc' dir='ltr'>λόγων</span> <span class='ocrx_word' id='word_1_220' title='bbox 781 4109 1035 4185; x_wconf 82' lang='grc' dir='ltr'>συνήθεια</span> <span class='ocrx_word' id='word_1_221' title='bbox 1055 4111 1171 4176; x_wconf 75' lang='grc' dir='ltr'><strong>ὁδός</strong></span> <span class='ocrx_word' id='word_1_222' title='bbox 1197 4111 1345 4164; x_wconf 75' lang='grc' dir='ltr'>ἐστιν</span> <span class='ocrx_word' id='word_1_223' title='bbox 1380 4110 1474 4163; x_wconf 75' lang='grc' dir='ltr'><strong>ἐπὶ</strong></span> <span class='ocrx_word' id='word_1_224' title='bbox 1528 4111 1596 4166; x_wconf 69' lang='grc' dir='ltr'>τὰ</span> <span class='ocrx_word' id='word_1_225' title='bbox 1627 4110 1809 4184; x_wconf 77' lang='grc' dir='ltr'>πράγ-</span> 
     </span>
    </p>
   </div>
   <div class='ocr_carea' id='block_1_38' title="bbox 217 4203 1812 4280">
    <p class='ocr_par' dir='ltr' id='par_1_38' title="bbox 217 4203 1812 4280">
     <span class='ocr_line' id='line_1_39' title="bbox 217 4203 1812 4280; baseline -0.003 -16"><span class='ocrx_word' id='word_1_226' title='bbox 217 4226 390 4280; x_wconf 81' lang='grc' dir='ltr'>ματα.</span> <span class='ocrx_word' id='word_1_227' title='bbox 435 4208 534 4263; x_wconf 67' lang='lat' dir='ltr'><strong>Aio</strong></span> <span class='ocrx_word' id='word_1_228' title='bbox 563 4206 712 4279; x_wconf 80' lang='grc' dir='ltr'><strong>πάσῃ</strong></span> <span class='ocrx_word' id='word_1_229' title='bbox 740 4205 952 4278; x_wconf 77' lang='grc' dir='ltr'>φυλακῇ</span> <span class='ocrx_word' id='word_1_230' title='bbox 978 4203 1074 4278; x_wconf 79' lang='grc' dir='ltr'>τὴν</span> <span class='ocrx_word' id='word_1_231' title='bbox 1093 4204 1269 4277; x_wconf 77' lang='grc' dir='ltr'>ψυχὴν</span> <span class='ocrx_word' id='word_1_232' title='bbox 1301 4205 1586 4278; x_wconf 84' lang='grc' dir='ltr'>τηρητέον,</span> <span class='ocrx_word' id='word_1_233' title='bbox 1624 4207 1697 4280; x_wconf 84' lang='grc' dir='ltr'>μὴ</span> <span class='ocrx_word' id='word_1_234' title='bbox 1722 4205 1812 4260; x_wconf 79' lang='grc' dir='ltr'>διὰ</span> 
     </span>
    </p>
   </div>
   <div class='ocr_carea' id='block_1_39' title="bbox 211 4295 1811 4394">
    <p class='ocr_par' dir='ltr' id='par_1_39' title="bbox 211 4295 1811 4394">
     <span class='ocr_line' id='line_1_40' title="bbox 211 4295 1811 4394; baseline -0.004 -35"><span class='ocrx_word' id='word_1_235' title='bbox 211 4303 316 4375; x_wconf 78' lang='grc' dir='ltr'>τῆς</span> <span class='ocrx_word' id='word_1_236' title='bbox 348 4302 468 4357; x_wconf 82' lang='grc' dir='ltr'><strong>τῶν</strong></span> <span class='ocrx_word' id='word_1_237' title='bbox 507 4300 684 4394; x_wconf 55' lang='grc' dir='ltr'>λόγωγ</span> <span class='ocrx_word' id='word_1_238' title='bbox 725 4297 919 4371; x_wconf 76' lang='grc' dir='ltr'>ἡδονῆς</span> <span class='ocrx_word' id='word_1_239' title='bbox 975 4295 1412 4368; x_wconf 81' lang='grc' dir='ltr'>παραδεξάμενοί</span> <span class='ocrx_word' id='word_1_240' title='bbox 1438 4313 1512 4358; x_wconf 87' lang='grc' dir='ltr'><strong>τι,</strong></span> <span class='ocrx_word' id='word_1_241' title='bbox 1556 4296 1811 4368; x_wconf 78' lang='grc' dir='ltr'>λάθωμεν</span> 
     </span>
    </p>
   </div>
   <div class='ocr_carea' id='block_1_40' title="bbox 211 4387 1812 4466">
    <p class='ocr_par' dir='ltr' id='par_1_40' title="bbox 211 4387 1812 4466">
     <span class='ocr_line' id='line_1_41' title="bbox 211 4387 1812 4466; baseline -0.002 -19"><span class='ocrx_word' id='word_1_242' title='bbox 211 4394 324 4450; x_wconf 84' lang='grc' dir='ltr'><strong>τῶν</strong></span> <span class='ocrx_word' id='word_1_243' title='bbox 350 4387 666 4466; x_wconf 69' lang='grc' dir='ltr'>χειρόνων,</span> <span class='ocrx_word' id='word_1_244' title='bbox 702 4391 892 4462; x_wconf 77' lang='grc' dir='ltr'>ὥσπερ</span> <span class='ocrx_word' id='word_1_245' title='bbox 935 4387 1380 4462; x_wconf 62' lang='grc' dir='ltr'>καταδηλοῑτήρια</span> <span class='ocrx_word' id='word_1_246' title='bbox 1416 4388 1556 4462; x_wconf 77' lang='grc' dir='ltr'>μετὰ</span> <span class='ocrx_word' id='word_1_247' title='bbox 1583 4389 1679 4444; x_wconf 74' lang='grc' dir='ltr'>τοῦ</span> <span class='ocrx_word' id='word_1_248' title='bbox 1710 4389 1812 4462; x_wconf 76' lang='grc' dir='ltr'><strong>μέ-</strong></span> 
     </span>
    </p>
   </div>
   <div class='ocr_carea' id='block_1_41' title="bbox 212 4485 774 4561">
    <p class='ocr_par' dir='ltr' id='par_1_41' title="bbox 212 4485 774 4561">
     <span class='ocr_line' id='line_1_42' title="bbox 212 4485 774 4561; baseline -0.007 -20"><span class='ocrx_word' id='word_1_249' title='bbox 212 4485 367 4552; x_wconf 83' lang='grc' dir='ltr'>λιτος</span> <span class='ocrx_word' id='word_1_250' title='bbox 389 4485 774 4561; x_wconf 81' lang='grc' dir='ltr'>προσιέμενοι.</span> 
     </span>
    </p>
   </div>
   <div class='ocr_carea' id='block_1_42' title="bbox 289 4685 1808 4762">
    <p class='ocr_par' dir='ltr' id='par_1_42' title="bbox 289 4685 1808 4762">
     <span class='ocr_line' id='line_1_43' title="bbox 289 4685 1808 4762; baseline -0.005 -15"><span class='ocrx_word' id='word_1_251' title='bbox 289 4687 494 4746; x_wconf 82' lang='grc' dir='ltr'><strong>Κακοό</strong></span> <span class='ocrx_word' id='word_1_252' title='bbox 521 4688 720 4762; x_wconf 75' lang='grc' dir='ltr'>μελέτη</span> <span class='ocrx_word' id='word_1_253' title='bbox 749 4685 927 4761; x_wconf 83' lang='grc' dir='ltr'>χρόνῳ</span> <span class='ocrx_word' id='word_1_254' title='bbox 973 4685 1334 4758; x_wconf 75' lang='grc' dir='ltr'>βεϐαιωθεῖσα</span> <span class='ocrx_word' id='word_1_255' title='bbox 1365 4685 1613 4750; x_wconf 77' lang='grc' dir='ltr'>δυσίατος</span> <span class='ocrx_word' id='word_1_256' title='bbox 1639 4687 1808 4754; x_wconf 84' lang='grc' dir='ltr'>ἐστιν,</span> 
     </span>
    </p>
   </div>
   <div class='ocr_carea' id='block_1_43' title="bbox 214 4779 1812 4856">
    <p class='ocr_par' dir='ltr' id='par_1_43' title="bbox 214 4779 1812 4856">
     <span class='ocr_line' id='line_1_44' title="bbox 214 4779 1812 4856; baseline -0.005 -16"><span class='ocrx_word' id='word_1_257' title='bbox 214 4786 248 4856; x_wconf 78' lang='grc' dir='ltr'>ἢ</span> <span class='ocrx_word' id='word_1_258' title='bbox 277 4787 380 4840; x_wconf 72' lang='grc' dir='ltr'><strong>καὶ</strong></span> <span class='ocrx_word' id='word_1_259' title='bbox 433 4781 721 4847; x_wconf 77' lang='grc' dir='ltr'>παντελῶς</span> <span class='ocrx_word' id='word_1_260' title='bbox 766 4783 845 4846; x_wconf 76' lang='grc' dir='ltr'><strong>εἰς</strong></span> <span class='ocrx_word' id='word_1_261' title='bbox 876 4779 1038 4852; x_wconf 73' lang='grc' dir='ltr'>φύσιν</span> <span class='ocrx_word' id='word_1_262' title='bbox 1079 4779 1154 4844; x_wconf 85' lang='grc' dir='ltr'><strong>ὡς</strong></span> <span class='ocrx_word' id='word_1_263' title='bbox 1201 4781 1266 4834; x_wconf 63' lang='grc' dir='ltr'><strong>τὰ</strong></span> <span class='ocrx_word' id='word_1_264' title='bbox 1316 4779 1486 4834; x_wconf 79' lang='grc' dir='ltr'>πολλὰ</span> <span class='ocrx_word' id='word_1_265' title='bbox 1527 4779 1622 4834; x_wconf 81' lang='grc' dir='ltr'>τοῦ</span> <span class='ocrx_word' id='word_1_266' title='bbox 1656 4780 1812 4845; x_wconf 77' lang='grc' dir='ltr'>ἔθους</span> 
     </span>
    </p>
   </div>
   <div class='ocr_carea' id='block_1_44' title="bbox 218 4875 663 4950">
    <p class='ocr_par' dir='ltr' id='par_1_44' title="bbox 218 4875 663 4950">
     <span class='ocr_line' id='line_1_45' title="bbox 218 4875 663 4950; baseline -0.004 -17"><span class='ocrx_word' id='word_1_267' title='bbox 218 4875 663 4950; x_wconf 76' lang='grc' dir='ltr'>μεθισταμένου.</span> 
     </span>
    </p>
   </div>
   <div class='ocr_carea' id='block_1_45' title="bbox 297 5147 1741 5224">
    <p class='ocr_par' dir='ltr' id='par_1_45' title="bbox 297 5147 1741 5224">
     <span class='ocr_line' id='line_1_46' title="bbox 297 5147 1741 5224; baseline -0.003 -12"><span class='ocrx_word' id='word_1_268' title='bbox 297 5154 487 5224; x_wconf 67' lang='grc' dir='ltr'>Κτιρῷ</span> <span class='ocrx_word' id='word_1_269' title='bbox 521 5154 591 5209; x_wconf 83' lang='grc' dir='ltr'>τὰ</span> <span class='ocrx_word' id='word_1_270' title='bbox 613 5147 734 5210; x_wconf 79' lang='grc' dir='ltr'>ὦτα</span> <span class='ocrx_word' id='word_1_271' title='bbox 765 5153 1003 5224; x_wconf 63' lang='lat' dir='ltr'><strong>captivae</strong></span> <span class='ocrx_word' id='word_1_272' title='bbox 1029 5153 1178 5224; x_wconf 61' lang='grc' dir='ltr'>προς</span> <span class='ocrx_word' id='word_1_273' title='bbox 1199 5153 1472 5221; x_wconf 76' lang='grc' dir='ltr'>φαύλους</span> <span class='ocrx_word' id='word_1_274' title='bbox 1497 5152 1741 5222; x_wconf 69' lang='grc' dir='ltr'>λόγους,</span> 
     </span>
    </p>
   </div>
   <div class='ocr_carea' id='block_1_46' title="bbox 304 5221 1553 5300">
    <p class='ocr_par' dir='ltr' id='par_1_46' title="bbox 304 5221 1553 5300">
     <span class='ocr_line' id='line_1_47' title="bbox 304 5221 1553 5300; baseline -0.002 -19"><span class='ocrx_word' id='word_1_275' title='bbox 304 5221 512 5300; x_wconf 67' lang='grc' dir='ltr'><strong>’ῼδῶν</strong></span> <span class='ocrx_word' id='word_1_276' title='bbox 540 5243 603 5281; x_wconf 83' lang='grc' dir='ltr'><strong>τε</strong></span> <span class='ocrx_word' id='word_1_277' title='bbox 631 5221 901 5294; x_wconf 61' lang='grc' dir='ltr'>τερπέιέῶν</span> <span class='ocrx_word' id='word_1_278' title='bbox 925 5221 1148 5293; x_wconf 76' lang='grc' dir='ltr'>ἐκμελῆ</span> <span class='ocrx_word' id='word_1_279' title='bbox 1186 5224 1553 5293; x_wconf 73' lang='grc' dir='ltr'>λυγίσματα.</span> 
     </span>
    </p>
   </div>
   <div class='ocr_carea' id='block_1_47' title="bbox 293 5315 1814 5393">
    <p class='ocr_par' dir='ltr' id='par_1_47' title="bbox 293 5315 1814 5393">
     <span class='ocr_line' id='line_1_48' title="bbox 293 5315 1814 5393; baseline -0.002 -17"><span class='ocrx_word' id='word_1_280' title='bbox 293 5320 540 5393; x_wconf 72' lang='grc' dir='ltr'>Δία-χροὶ</span> <span class='ocrx_word' id='word_1_281' title='bbox 594 5319 689 5374; x_wconf 76' lang='grc' dir='ltr'><strong>καὶ</strong></span> <span class='ocrx_word' id='word_1_282' title='bbox 747 5318 1036 5383; x_wconf 81' lang='grc' dir='ltr'>είκαῖοι,οί</span> <span class='ocrx_word' id='word_1_283' title='bbox 1065 5316 1123 5369; x_wconf 78' lang='grc' dir='ltr'>ὲν</span> <span class='ocrx_word' id='word_1_284' title='bbox 1165 5317 1280 5379; x_wconf 85' lang='grc' dir='ltr'>τοῖς</span> <span class='ocrx_word' id='word_1_285' title='bbox 1312 5315 1563 5385; x_wconf 85' lang='grc' dir='ltr'>ματαίοις</span> <span class='ocrx_word' id='word_1_286' title='bbox 1591 5316 1814 5388; x_wconf 75' lang='grc' dir='ltr'>εὐφυΐαν</span> 
     </span>
    </p>
   </div>
   <div class='ocr_carea' id='block_1_48' title="bbox 222 5408 1816 5485">
    <p class='ocr_par' dir='ltr' id='par_1_48' title="bbox 222 5408 1816 5485">
     <span class='ocr_line' id='line_1_49' title="bbox 222 5408 1816 5485; baseline -0.004 -12"><span class='ocrx_word' id='word_1_287' title='bbox 222 5415 733 5479; x_wconf 76' lang='grc' dir='ltr'>ἁνεπιδεικνύντες,</span> <span class='ocrx_word' id='word_1_288' title='bbox 760 5412 978 5485; x_wconf 81' lang='grc' dir='ltr'>βραδεῖς</span> <span class='ocrx_word' id='word_1_289' title='bbox 1008 5411 1105 5483; x_wconf 79' lang='grc' dir='ltr'>μὲν</span> <span class='ocrx_word' id='word_1_290' title='bbox 1129 5411 1284 5473; x_wconf 74' lang='grc' dir='ltr'>ὄντες</span> <span class='ocrx_word' id='word_1_291' title='bbox 1311 5409 1379 5464; x_wconf 83' lang='grc' dir='ltr'>τὰ</span> <span class='ocrx_word' id='word_1_292' title='bbox 1402 5408 1539 5465; x_wconf 69' lang='grc' dir='ltr'>καλὰ</span> <span class='ocrx_word' id='word_1_293' title='bbox 1569 5413 1816 5467; x_wconf 71' lang='grc' dir='ltr'>παιδεύε-</span> 
     </span>
    </p>
   </div>
   <div class='ocr_carea' id='block_1_49' title="bbox 223 5501 1815 5578">
    <p class='ocr_par' dir='ltr' id='par_1_49' title="bbox 223 5501 1815 5578">
     <span class='ocr_line' id='line_1_50' title="bbox 223 5501 1815 5578; baseline -0.003 -14"><span class='ocrx_word' id='word_1_294' title='bbox 223 5511 378 5573; x_wconf 87' lang='grc' dir='ltr'>σθαι,</span> <span class='ocrx_word' id='word_1_295' title='bbox 419 5508 497 5562; x_wconf 77' lang='grc' dir='ltr'>τὰ</span> <span class='ocrx_word' id='word_1_296' title='bbox 524 5507 579 5563; x_wconf 78' lang='grc' dir='ltr'><strong>δὲ</strong></span> <span class='ocrx_word' id='word_1_297' title='bbox 612 5508 827 5562; x_wconf 73' lang='grc' dir='ltr'>ἐναντία</span> <span class='ocrx_word' id='word_1_298' title='bbox 861 5505 1156 5578; x_wconf 84' lang='grc' dir='ltr'>μανθάνειν</span> <span class='ocrx_word' id='word_1_299' title='bbox 1182 5501 1432 5569; x_wconf 80' lang='grc' dir='ltr'>ὀξύτατοι</span> <span class='ocrx_word' id='word_1_300' title='bbox 1471 5505 1565 5558; x_wconf 73' lang='grc' dir='ltr'><strong>καὶ</strong></span> <span class='ocrx_word' id='word_1_301' title='bbox 1593 5520 1815 5578; x_wconf 79' lang='grc' dir='ltr'>προχει-</span> 
     </span>
    </p>
   </div>
   <div class='ocr_carea' id='block_1_50' title="bbox 230 5598 492 5670">
    <p class='ocr_par' dir='ltr' id='par_1_50' title="bbox 230 5598 492 5670">
     <span class='ocr_line' id='line_1_51' title="bbox 230 5598 492 5670; baseline 0.004 -20"><span class='ocrx_word' id='word_1_302' title='bbox 230 5598 492 5670; x_wconf 75' lang='grc' dir='ltr'>ροτατοι.</span> 
     </span>
    </p>
   </div>
   <div class='ocr_carea' id='block_1_51' title="bbox 309 5775 1811 5850">
    <p class='ocr_par' dir='ltr' id='par_1_51' title="bbox 309 5775 1811 5850">
     <span class='ocr_line' id='line_1_52' title="bbox 309 5775 1811 5850; baseline 0.001 -17"><span class='ocrx_word' id='word_1_303' title='bbox 309 5775 712 5850; x_wconf 73' lang='grc' dir='ltr'>Αἰσχρολογίας</span> <span class='ocrx_word' id='word_1_304' title='bbox 743 5778 922 5841; x_wconf 77' lang='grc' dir='ltr'>αὐτοῖς</span> <span class='ocrx_word' id='word_1_305' title='bbox 957 5794 1013 5830; x_wconf 86' lang='grc' dir='ltr'><strong>τε</strong></span> <span class='ocrx_word' id='word_1_306' title='bbox 1050 5777 1179 5850; x_wconf 70' lang='grc' dir='ltr'>ἡμῖν</span> <span class='ocrx_word' id='word_1_307' title='bbox 1207 5777 1485 5842; x_wconf 74' lang='grc' dir='ltr'>παντελῶς</span> <span class='ocrx_word' id='word_1_308' title='bbox 1529 5778 1811 5849; x_wconf 62' lang='grc' dir='ltr'>ἀφεκτέον,</span> 
     </span>
    </p>
   </div>
   <div class='ocr_carea' id='block_1_52' title="bbox 1912 473 3491 559">
    <p class='ocr_par' dir='ltr' id='par_1_52' title="bbox 1912 473 3491 559">
     <span class='ocr_line' id='line_1_53' title="bbox 1912 473 3491 559; baseline 0.001 -20"><span class='ocrx_word' id='word_1_309' title='bbox 1912 473 2044 548; x_wconf 82' lang='lat' dir='ltr'><strong>tem,</strong></span> <span class='ocrx_word' id='word_1_310' title='bbox 2081 501 2188 556; x_wconf 88' lang='lat' dir='ltr'><strong>qua</strong></span> <span class='ocrx_word' id='word_1_311' title='bbox 2225 485 2375 540; x_wconf 82' lang='lat' dir='ltr'><strong>velut</strong></span> <span class='ocrx_word' id='word_1_312' title='bbox 2426 486 2566 557; x_wconf 71' lang='lat' dir='ltr'><strong>ignis</strong></span> <span class='ocrx_word' id='word_1_313' title='bbox 2614 487 2670 541; x_wconf 91' lang='lat' dir='ltr'><strong>in</strong></span> <span class='ocrx_word' id='word_1_314' title='bbox 2697 487 2906 552; x_wconf 87' lang='lat' dir='ltr'><strong>omnia,</strong></span> <span class='ocrx_word' id='word_1_315' title='bbox 2945 494 3054 543; x_wconf 91' lang='lat' dir='ltr'><strong>tam</strong></span> <span class='ocrx_word' id='word_1_316' title='bbox 3104 502 3273 559; x_wconf 87' lang='lat' dir='ltr'><strong>parva</strong></span> <span class='ocrx_word' id='word_1_317' title='bbox 3328 501 3491 557; x_wconf 87' lang='lat' dir='ltr'><strong>quam</strong></span> 
     </span>
    </p>
   </div>
   <div class='ocr_carea' id='block_1_53' title="bbox 1911 585 2471 650">
    <p class='ocr_par' dir='ltr' id='par_1_53' title="bbox 1911 585 2471 650">
     <span class='ocr_line' id='line_1_54' title="bbox 1911 585 2471 650; baseline 0.004 -19"><span class='ocrx_word' id='word_1_318' title='bbox 1911 591 2131 650; x_wconf 73' lang='lat' dir='ltr'><strong>magna,</strong></span> <span class='ocrx_word' id='word_1_319' title='bbox 2163 585 2471 650; x_wconf 76' lang='lat' dir='ltr'><strong>grassatur.</strong></span> 
     </span>
    </p>
   </div>
   <div class='ocr_carea' id='block_1_54' title="bbox 2154 683 3243 785">
    <p class='ocr_par' dir='ltr' id='par_1_54' title="bbox 2154 683 3243 785">
     <span class='ocr_line' id='line_1_55' title="bbox 2154 683 3243 785; baseline -0.001 -16"><span class='ocrx_word' id='word_1_320' title='bbox 2154 713 2319 785; x_wconf 81' lang='lat'><strong>379</strong></span> <span class='ocrx_word' id='word_1_321' title='bbox 2364 710 2501 766; x_wconf 80' lang='lat' dir='ltr'><strong>&#39;rrr.</strong></span> <span class='ocrx_word' id='word_1_322' title='bbox 2532 711 2720 768; x_wconf 79' lang='lat' dir='ltr'><strong>xuv.</strong></span> <span class='ocrx_word' id='word_1_323' title='bbox 2751 745 2822 756; x_wconf 84' lang='lat'><strong>—</strong></span> <span class='ocrx_word' id='word_1_324' title='bbox 2850 713 2931 771; x_wconf 81' lang='lat' dir='ltr'><strong>De</strong></span> <span class='ocrx_word' id='word_1_325' title='bbox 2959 683 3243 785; x_wconf 64' lang='lat' dir='ltr'><strong>fratribus.</strong></span> 
     </span>
    </p>
   </div>
   <div class='ocr_carea' id='block_1_55' title="bbox 1982 821 3498 889">
    <p class='ocr_par' dir='ltr' id='par_1_55' title="bbox 1982 821 3498 889">
     <span class='ocr_line' id='line_1_56' title="bbox 1982 821 3498 889; baseline 0.001 -9"><span class='ocrx_word' id='word_1_326' title='bbox 1982 825 2153 882; x_wconf 80' lang='lat' dir='ltr'><strong>Leuit.</strong></span> <span class='ocrx_word' id='word_1_327' title='bbox 2183 840 2298 889; x_wconf 76' lang='lat' dir='ltr'><strong>six,</strong></span> <span class='ocrx_word' id='word_1_328' title='bbox 2337 822 2424 877; x_wconf 87' lang='grc'><strong>17.</strong></span> <span class='ocrx_word' id='word_1_329' title='bbox 2449 851 2520 863; x_wconf 91' lang='grc'><strong><em>-</em></strong></span> <span class='ocrx_word' id='word_1_330' title='bbox 2554 842 2574 876; x_wconf 78' lang='grc' dir='ltr'><strong>ι</strong></span> <span class='ocrx_word' id='word_1_331' title='bbox 2609 821 2731 882; x_wconf 72' lang='lat' dir='ltr'><strong>Non</strong></span> <span class='ocrx_word' id='word_1_332' title='bbox 2767 825 2956 884; x_wconf 85' lang='lat' dir='ltr'><strong>oderis</strong></span> <span class='ocrx_word' id='word_1_333' title='bbox 2995 825 3222 880; x_wconf 78' lang='lat' dir='ltr'><strong>fratrem</strong></span> <span class='ocrx_word' id='word_1_334' title='bbox 3255 833 3410 880; x_wconf 89' lang='lat' dir='ltr'><strong>tuum</strong></span> <span class='ocrx_word' id='word_1_335' title='bbox 3446 827 3498 881; x_wconf 91' lang='lat' dir='ltr'><strong>in</strong></span> 
     </span>
    </p>
   </div>
   <div class='ocr_carea' id='block_1_56' title="bbox 1911 927 2286 976">
    <p class='ocr_par' dir='ltr' id='par_1_56' title="bbox 1911 927 2286 976">
     <span class='ocr_line' id='line_1_57' title="bbox 1911 927 2286 976; baseline -0.011 0"><span class='ocrx_word' id='word_1_336' title='bbox 1911 929 2094 976; x_wconf 86' lang='lat' dir='ltr'><strong>mente</strong></span> <span class='ocrx_word' id='word_1_337' title='bbox 2116 927 2229 974; x_wconf 85' lang='lat' dir='ltr'><strong>tua.</strong></span> <span class='ocrx_word' id='word_1_338' title='bbox 2267 938 2286 972; x_wconf 70' lang='grc' dir='ltr'><strong>ι</strong></span> 
     </span>
    </p>
   </div>
   <div class='ocr_carea' id='block_1_57' title="bbox 1979 1012 3497 1098">
    <p class='ocr_par' dir='ltr' id='par_1_57' title="bbox 1979 1012 3497 1098">
     <span class='ocr_line' id='line_1_58' title="bbox 1979 1012 3497 1098; baseline -0.002 -29"><span class='ocrx_word' id='word_1_339' title='bbox 1979 1012 2134 1069; x_wconf 80' lang='lat' dir='ltr'><strong>Psal.</strong></span> <span class='ocrx_word' id='word_1_340' title='bbox 2158 1027 2365 1080; x_wconf 78' lang='lat' dir='ltr'><strong>cxxxu,</strong></span> <span class='ocrx_word' id='word_1_341' title='bbox 2406 1015 2459 1071; x_wconf 90' lang='grc'><strong>1.</strong></span> <span class='ocrx_word' id='word_1_342' title='bbox 2481 1043 2553 1056; x_wconf 77' lang='grc' dir='ltr'><strong>-ο</strong></span> <span class='ocrx_word' id='word_1_343' title='bbox 2586 1033 2605 1067; x_wconf 85' lang='grc'><strong>‹</strong></span> <span class='ocrx_word' id='word_1_344' title='bbox 2636 1012 2778 1070; x_wconf 88' lang='lat' dir='ltr'><strong>Ecce</strong></span> <span class='ocrx_word' id='word_1_345' title='bbox 2814 1028 2978 1098; x_wconf 87' lang='lat' dir='ltr'><strong>quam</strong></span> <span class='ocrx_word' id='word_1_346' title='bbox 3005 1013 3310 1078; x_wconf 87' lang='lat' dir='ltr'><strong>bonum,et</strong></span> <span class='ocrx_word' id='word_1_347' title='bbox 3333 1026 3497 1082; x_wconf 83' lang='lat' dir='ltr'><strong>quam</strong></span> 
     </span>
    </p>
   </div>
   <div class='ocr_carea' id='block_1_58' title="bbox 1905 1103 3133 1177">
    <p class='ocr_par' dir='ltr' id='par_1_58' title="bbox 1905 1103 3133 1177">
     <span class='ocr_line' id='line_1_59' title="bbox 1905 1103 3133 1177; baseline -0.004 -17"><span class='ocrx_word' id='word_1_348' title='bbox 1905 1103 2233 1177; x_wconf 76' lang='lat' dir='ltr'><strong>jucundum,</strong></span> <span class='ocrx_word' id='word_1_349' title='bbox 2260 1106 2515 1162; x_wconf 76' lang='lat' dir='ltr'><strong>habitare</strong></span> <span class='ocrx_word' id='word_1_350' title='bbox 2541 1105 2744 1163; x_wconf 88' lang='lat' dir='ltr'><strong>fratres</strong></span> <span class='ocrx_word' id='word_1_351' title='bbox 2783 1107 2836 1162; x_wconf 88' lang='lat' dir='ltr'><strong>in</strong></span> <span class='ocrx_word' id='word_1_352' title='bbox 2874 1119 3070 1160; x_wconf 89' lang='lat' dir='ltr'><strong>unum.</strong></span> <span class='ocrx_word' id='word_1_353' title='bbox 3112 1122 3133 1155; x_wconf 74' lang='grc' dir='ltr'><strong>ι</strong></span> 
     </span>
    </p>
   </div>
   <div class='ocr_carea' id='block_1_59' title="bbox 1985 1194 3498 1264">
    <p class='ocr_par' dir='ltr' id='par_1_59' title="bbox 1985 1194 3498 1264">
     <span class='ocr_line' id='line_1_60' title="bbox 1985 1194 3498 1264; baseline -0.003 -12"><span class='ocrx_word' id='word_1_354' title='bbox 1985 1197 2144 1252; x_wconf 82' lang='lat' dir='ltr'><strong>Prov.</strong></span> <span class='ocrx_word' id='word_1_355' title='bbox 2185 1214 2332 1264; x_wconf 79' lang='lat' dir='ltr'><strong>xvn,</strong></span> <span class='ocrx_word' id='word_1_356' title='bbox 2377 1197 2466 1253; x_wconf 85' lang='grc'><strong>17.</strong></span> <span class='ocrx_word' id='word_1_357' title='bbox 2507 1227 2580 1239; x_wconf 89' lang='lat'><strong>—-</strong></span> <span class='ocrx_word' id='word_1_358' title='bbox 2625 1216 2646 1251; x_wconf 77' lang='grc' dir='ltr'><strong>ι</strong></span> <span class='ocrx_word' id='word_1_359' title='bbox 2701 1195 2926 1254; x_wconf 80' lang='lat' dir='ltr'><strong>Fratres</strong></span> <span class='ocrx_word' id='word_1_360' title='bbox 2965 1196 3024 1252; x_wconf 87' lang='lat' dir='ltr'><strong>in</strong></span> <span class='ocrx_word' id='word_1_361' title='bbox 3067 1194 3498 1252; x_wconf 79' lang='lat' dir='ltr'><strong>necessitatibus</strong></span> 
     </span>
    </p>
   </div>
   <div class='ocr_carea' id='block_1_60' title="bbox 1910 1289 2298 1345">
    <p class='ocr_par' dir='ltr' id='par_1_60' title="bbox 1910 1289 2298 1345">
     <span class='ocr_line' id='line_1_61' title="bbox 1910 1289 2298 1345; baseline 0.003 -2"><span class='ocrx_word' id='word_1_362' title='bbox 1910 1289 2075 1345; x_wconf 84' lang='lat' dir='ltr'><strong>utiles</strong></span> <span class='ocrx_word' id='word_1_363' title='bbox 2112 1289 2243 1345; x_wconf 90' lang='lat' dir='ltr'><strong>sint.</strong></span> <span class='ocrx_word' id='word_1_364' title='bbox 2279 1309 2298 1344; x_wconf 78' lang='grc' dir='ltr'><strong>ι</strong></span> 
     </span>
    </p>
   </div>
   <div class='ocr_carea' id='block_1_61' title="bbox 1981 1378 3498 1454">
    <p class='ocr_par' dir='ltr' id='par_1_61' title="bbox 1981 1378 3498 1454">
     <span class='ocr_line' id='line_1_62' title="bbox 1981 1378 3498 1454; baseline -0.003 -17"><span class='ocrx_word' id='word_1_365' title='bbox 1981 1382 2140 1438; x_wconf 80' lang='lat' dir='ltr'><strong>Prov.</strong></span> <span class='ocrx_word' id='word_1_366' title='bbox 2173 1382 2439 1451; x_wconf 68' lang='lat'><strong>“111,19.</strong></span> <span class='ocrx_word' id='word_1_367' title='bbox 2461 1410 2532 1423; x_wconf 89' lang='grc'><strong>-</strong></span> <span class='ocrx_word' id='word_1_368' title='bbox 2551 1399 2569 1434; x_wconf 78' lang='grc' dir='ltr'><strong>ι</strong></span> <span class='ocrx_word' id='word_1_369' title='bbox 2593 1378 2790 1438; x_wconf 86' lang='lat' dir='ltr'><strong>Frater</strong></span> <span class='ocrx_word' id='word_1_370' title='bbox 2816 1381 2911 1454; x_wconf 85' lang='lat' dir='ltr'><strong>qui</strong></span> <span class='ocrx_word' id='word_1_371' title='bbox 2934 1381 3229 1452; x_wconf 80' lang='lat' dir='ltr'><strong>adjuvetur</strong></span> <span class='ocrx_word' id='word_1_372' title='bbox 3250 1394 3281 1434; x_wconf 88' lang='lat' dir='ltr'><strong>a</strong></span> <span class='ocrx_word' id='word_1_373' title='bbox 3306 1379 3498 1444; x_wconf 67' lang='lat' dir='ltr'><strong>fratre,</strong></span> 
     </span>
    </p>
   </div>
   <div class='ocr_carea' id='block_1_62' title="bbox 1909 1472 3496 1546">
    <p class='ocr_par' dir='ltr' id='par_1_62' title="bbox 1909 1472 3496 1546">
     <span class='ocr_line' id='line_1_63' title="bbox 1909 1472 3496 1546; baseline -0.001 -16"><span class='ocrx_word' id='word_1_374' title='bbox 1909 1472 2072 1546; x_wconf 89' lang='lat' dir='ltr'><strong>quasi</strong></span> <span class='ocrx_word' id='word_1_375' title='bbox 2099 1475 2297 1532; x_wconf 83' lang='lat' dir='ltr'><strong>civitas</strong></span> <span class='ocrx_word' id='word_1_376' title='bbox 2330 1475 2485 1532; x_wconf 83' lang='lat' dir='ltr'><strong>firma</strong></span> <span class='ocrx_word' id='word_1_377' title='bbox 2517 1482 2573 1530; x_wconf 89' lang='lat' dir='ltr'><strong>et</strong></span> <span class='ocrx_word' id='word_1_378' title='bbox 2594 1473 2816 1531; x_wconf 82' lang='lat' dir='ltr'><strong>excelsa</strong></span> <span class='ocrx_word' id='word_1_379' title='bbox 2849 1492 2865 1530; x_wconf 86' lang='lat'><strong>:</strong></span> <span class='ocrx_word' id='word_1_380' title='bbox 2896 1473 3058 1531; x_wconf 90' lang='lat' dir='ltr'><strong>fortis</strong></span> <span class='ocrx_word' id='word_1_381' title='bbox 3089 1483 3273 1530; x_wconf 87' lang='lat' dir='ltr'><strong>autem</strong></span> <span class='ocrx_word' id='word_1_382' title='bbox 3306 1481 3390 1532; x_wconf 88' lang='lat' dir='ltr'><strong>est</strong></span> <span class='ocrx_word' id='word_1_383' title='bbox 3420 1476 3496 1528; x_wconf 87' lang='lat' dir='ltr'><strong>uti</strong></span> 
     </span>
    </p>
   </div>
   <div class='ocr_carea' id='block_1_63' title="bbox 1910 1565 2399 1638">
    <p class='ocr_par' dir='ltr' id='par_1_63' title="bbox 1910 1565 2399 1638">
     <span class='ocr_line' id='line_1_64' title="bbox 1910 1565 2399 1638; baseline 0 -17"><span class='ocrx_word' id='word_1_384' title='bbox 1910 1565 2060 1638; x_wconf 76' lang='lat' dir='ltr'><strong>regia</strong></span> <span class='ocrx_word' id='word_1_385' title='bbox 2098 1566 2347 1624; x_wconf 88' lang='lat' dir='ltr'><strong>fundata.</strong></span> <span class='ocrx_word' id='word_1_386' title='bbox 2378 1587 2399 1621; x_wconf 77' lang='grc' dir='ltr'><strong>ι</strong></span> 
     </span>
    </p>
   </div>
   <div class='ocr_carea' id='block_1_64' title="bbox 1983 1661 3496 1736">
    <p class='ocr_par' dir='ltr' id='par_1_64' title="bbox 1983 1661 3496 1736">
     <span class='ocr_line' id='line_1_65' title="bbox 1983 1661 3496 1736; baseline -0.001 -20"><span class='ocrx_word' id='word_1_387' title='bbox 1983 1662 2142 1717; x_wconf 78' lang='lat' dir='ltr'><strong>Prov.</strong></span> <span class='ocrx_word' id='word_1_388' title='bbox 2172 1678 2286 1728; x_wconf 78' lang='lat' dir='ltr'><strong>xix.</strong></span> <span class='ocrx_word' id='word_1_389' title='bbox 2321 1665 2378 1718; x_wconf 79' lang='grc' dir='ltr'><strong>Ἰ.</strong></span> <span class='ocrx_word' id='word_1_390' title='bbox 2404 1691 2478 1705; x_wconf 75' lang='grc' dir='ltr'><strong>-ο</strong></span> <span class='ocrx_word' id='word_1_391' title='bbox 2510 1685 2530 1719; x_wconf 73' lang='grc' dir='ltr'><strong>ι</strong></span> <span class='ocrx_word' id='word_1_392' title='bbox 2566 1663 2760 1721; x_wconf 85' lang='lat' dir='ltr'><strong>Omnis</strong></span> <span class='ocrx_word' id='word_1_393' title='bbox 2787 1662 2881 1736; x_wconf 89' lang='lat' dir='ltr'><strong>qui</strong></span> <span class='ocrx_word' id='word_1_394' title='bbox 2924 1676 3223 1734; x_wconf 86' lang='lat' dir='ltr'><strong>pauperem</strong></span> <span class='ocrx_word' id='word_1_395' title='bbox 3272 1661 3496 1719; x_wconf 78' lang='lat' dir='ltr'><strong>fratrem</strong></span> 
     </span>
    </p>
   </div>
   <div class='ocr_carea' id='block_1_65' title="bbox 1841 1757 3245 1835">
    <p class='ocr_par' dir='ltr' id='par_1_65' title="bbox 1841 1757 3245 1835">
     <span class='ocr_line' id='line_1_66' title="bbox 1841 1757 3245 1835; baseline -0.001 -21"><span class='ocrx_word' id='word_1_396' title='bbox 1841 1779 1883 1835; x_wconf 75' lang='grc' dir='ltr'><strong>Β</strong></span> <span class='ocrx_word' id='word_1_397' title='bbox 1909 1757 2039 1814; x_wconf 89' lang='lat' dir='ltr'><strong>odio</strong></span> <span class='ocrx_word' id='word_1_398' title='bbox 2067 1757 2254 1826; x_wconf 85' lang='lat' dir='ltr'><strong>habet,</strong></span> <span class='ocrx_word' id='word_1_399' title='bbox 2285 1760 2353 1814; x_wconf 85' lang='lat' dir='ltr'><strong>ab</strong></span> <span class='ocrx_word' id='word_1_400' title='bbox 2386 1759 2632 1816; x_wconf 86' lang='lat' dir='ltr'><strong>amicitia</strong></span> <span class='ocrx_word' id='word_1_401' title='bbox 2663 1759 2826 1830; x_wconf 72' lang='lat' dir='ltr'><strong>longe</strong></span> <span class='ocrx_word' id='word_1_402' title='bbox 2863 1765 3111 1814; x_wconf 85' lang='lat' dir='ltr'><strong>remotus</strong></span> <span class='ocrx_word' id='word_1_403' title='bbox 3139 1764 3245 1814; x_wconf 84' lang='lat' dir='ltr'><strong>est.</strong></span> 
     </span>
    </p>
   </div>
   <div class='ocr_carea' id='block_1_66' title="bbox 1981 1847 3494 1918">
    <p class='ocr_par' dir='ltr' id='par_1_66' title="bbox 1981 1847 3494 1918">
     <span class='ocr_line' id='line_1_67' title="bbox 1981 1847 3494 1918; baseline 0.001 -13"><span class='ocrx_word' id='word_1_404' title='bbox 1981 1848 2140 1906; x_wconf 86' lang='lat' dir='ltr'><strong>Prov.</strong></span> <span class='ocrx_word' id='word_1_405' title='bbox 2183 1867 2356 1918; x_wconf 75' lang='lat' dir='ltr'><strong>xxvu,</strong></span> <span class='ocrx_word' id='word_1_406' title='bbox 2392 1851 2481 1906; x_wconf 89' lang='grc'><strong>10.</strong></span> <span class='ocrx_word' id='word_1_407' title='bbox 2507 1880 2579 1892; x_wconf 86' lang='lat'><strong>-</strong></span> <span class='ocrx_word' id='word_1_408' title='bbox 2611 1869 2631 1904; x_wconf 75' lang='grc' dir='ltr'><strong>ι</strong></span> <span class='ocrx_word' id='word_1_409' title='bbox 2661 1849 2856 1906; x_wconf 83' lang='lat' dir='ltr'><strong>Melior</strong></span> <span class='ocrx_word' id='word_1_410' title='bbox 2895 1856 2980 1906; x_wconf 88' lang='lat' dir='ltr'><strong>est</strong></span> <span class='ocrx_word' id='word_1_411' title='bbox 3008 1847 3234 1905; x_wconf 85' lang='lat' dir='ltr'><strong>vicinus</strong></span> <span class='ocrx_word' id='word_1_412' title='bbox 3263 1849 3494 1918; x_wconf 88' lang='lat' dir='ltr'><strong>amicus,</strong></span> 
     </span>
    </p>
   </div>
   <div class='ocr_carea' id='block_1_67' title="bbox 1910 1941 2840 2017">
    <p class='ocr_par' dir='ltr' id='par_1_67' title="bbox 1910 1941 2840 2017">
     <span class='ocr_line' id='line_1_68' title="bbox 1910 1941 2840 2017; baseline -0.002 -20"><span class='ocrx_word' id='word_1_413' title='bbox 1910 1957 2075 2014; x_wconf 87' lang='lat' dir='ltr'><strong>quam</strong></span> <span class='ocrx_word' id='word_1_414' title='bbox 2112 1941 2284 1998; x_wconf 83' lang='lat' dir='ltr'><strong>frater</strong></span> <span class='ocrx_word' id='word_1_415' title='bbox 2311 1944 2471 2017; x_wconf 72' lang='lat' dir='ltr'><strong>longe</strong></span> <span class='ocrx_word' id='word_1_416' title='bbox 2498 1943 2779 2000; x_wconf 85' lang='lat' dir='ltr'><strong>habitans.</strong></span> <span class='ocrx_word' id='word_1_417' title='bbox 2821 1961 2840 1995; x_wconf 74' lang='grc' dir='ltr'><strong>ο</strong></span> 
     </span>
    </p>
   </div>
   <div class='ocr_carea' id='block_1_68' title="bbox 1981 2031 3499 2106">
    <p class='ocr_par' dir='ltr' id='par_1_68' title="bbox 1981 2031 3499 2106">
     <span class='ocr_line' id='line_1_69' title="bbox 1981 2031 3499 2106; baseline 0.001 -17"><span class='ocrx_word' id='word_1_418' title='bbox 1981 2032 2152 2090; x_wconf 85' lang='lat' dir='ltr'><strong>Eccli.</strong></span> <span class='ocrx_word' id='word_1_419' title='bbox 2187 2048 2278 2101; x_wconf 72' lang='grc' dir='ltr'><strong>ιι,</strong></span> <span class='ocrx_word' id='word_1_420' title='bbox 2310 2031 2401 2089; x_wconf 66' lang='lat'><strong>24.</strong></span> <span class='ocrx_word' id='word_1_421' title='bbox 2432 2064 2502 2076; x_wconf 87' lang='lat'><strong>-—</strong></span> <span class='ocrx_word' id='word_1_422' title='bbox 2538 2053 2557 2087; x_wconf 79' lang='grc' dir='ltr'><strong>ι</strong></span> <span class='ocrx_word' id='word_1_423' title='bbox 2591 2031 2816 2090; x_wconf 86' lang='lat' dir='ltr'><strong>Fratres</strong></span> <span class='ocrx_word' id='word_1_424' title='bbox 2871 2032 3214 2106; x_wconf 71' lang='lat' dir='ltr'><strong>adiutorium</strong></span> <span class='ocrx_word' id='word_1_425' title='bbox 3258 2043 3390 2090; x_wconf 87' lang='lat' dir='ltr'><strong>sunt</strong></span> <span class='ocrx_word' id='word_1_426' title='bbox 3440 2036 3499 2094; x_wconf 90' lang='lat' dir='ltr'><strong>in</strong></span> 
     </span>
    </p>
   </div>
   <div class='ocr_carea' id='block_1_69' title="bbox 1911 2125 2489 2184">
    <p class='ocr_par' dir='ltr' id='par_1_69' title="bbox 1911 2125 2489 2184">
     <span class='ocr_line' id='line_1_70' title="bbox 1911 2125 2489 2184; baseline -0.003 -1"><span class='ocrx_word' id='word_1_427' title='bbox 1911 2125 2000 2184; x_wconf 88' lang='lat' dir='ltr'><strong>die</strong></span> <span class='ocrx_word' id='word_1_428' title='bbox 2033 2128 2429 2184; x_wconf 71' lang='lat' dir='ltr'><strong>tribulationis.</strong></span> <span class='ocrx_word' id='word_1_429' title='bbox 2469 2146 2489 2181; x_wconf 77' lang='grc' dir='ltr'><strong>ι</strong></span> 
     </span>
    </p>
   </div>
   <div class='ocr_carea' id='block_1_70' title="bbox 1983 2215 3499 2282">
    <p class='ocr_par' dir='ltr' id='par_1_70' title="bbox 1983 2215 3499 2282">
     <span class='ocr_line' id='line_1_71' title="bbox 1983 2215 3499 2282; baseline 0.003 -12"><span class='ocrx_word' id='word_1_430' title='bbox 1983 2215 2153 2272; x_wconf 82' lang='lat' dir='ltr'><strong>Eccli.</strong></span> <span class='ocrx_word' id='word_1_431' title='bbox 2194 2233 2295 2282; x_wconf 84' lang='lat' dir='ltr'><strong>vn,</strong></span> <span class='ocrx_word' id='word_1_432' title='bbox 2352 2217 2538 2272; x_wconf 84' lang='grc'><strong>18.-</strong></span> <span class='ocrx_word' id='word_1_433' title='bbox 2591 2236 2610 2270; x_wconf 76' lang='grc' dir='ltr'><strong>ι</strong></span> <span class='ocrx_word' id='word_1_434' title='bbox 2654 2216 2733 2274; x_wconf 86' lang='lat' dir='ltr'><strong>Ne</strong></span> <span class='ocrx_word' id='word_1_435' title='bbox 2780 2215 3217 2274; x_wconf 80' lang='lat' dir='ltr'><strong>commutaveris</strong></span> <span class='ocrx_word' id='word_1_436' title='bbox 3271 2215 3499 2274; x_wconf 86' lang='lat' dir='ltr'><strong>fratrem</strong></span> 
     </span>
    </p>
   </div>
   <div class='ocr_carea' id='block_1_71' title="bbox 1912 2309 2691 2382">
    <p class='ocr_par' dir='ltr' id='par_1_71' title="bbox 1912 2309 2691 2382">
     <span class='ocr_line' id='line_1_72' title="bbox 1912 2309 2691 2382; baseline -0.003 -16"><span class='ocrx_word' id='word_1_437' title='bbox 1912 2309 2190 2366; x_wconf 89' lang='lat' dir='ltr'><strong>sincerum</strong></span> <span class='ocrx_word' id='word_1_438' title='bbox 2232 2325 2367 2366; x_wconf 87' lang='lat' dir='ltr'><strong>auro</strong></span> <span class='ocrx_word' id='word_1_439' title='bbox 2400 2309 2627 2382; x_wconf 85' lang='lat' dir='ltr'><strong>Sopbir.</strong></span> <span class='ocrx_word' id='word_1_440' title='bbox 2670 2327 2691 2364; x_wconf 74' lang='grc' dir='ltr'><strong>ι</strong></span> 
     </span>
    </p>
   </div>
   <div class='ocr_carea' id='block_1_72' title="bbox 2192 2425 3215 2486">
    <p class='ocr_par' dir='ltr' id='par_1_72' title="bbox 2192 2425 3215 2486">
     <span class='ocr_line' id='line_1_73' title="bbox 2192 2425 3215 2486; baseline 0.003 -4"><span class='ocrx_word' id='word_1_441' title='bbox 2192 2427 2327 2483; x_wconf 88' lang='lat' dir='ltr'><strong>Tl&#39;l‘.</strong></span> <span class='ocrx_word' id='word_1_442' title='bbox 2363 2425 2528 2483; x_wconf 76' lang='lat' dir='ltr'><strong>XLV.</strong></span> <span class='ocrx_word' id='word_1_443' title='bbox 2553 2458 2624 2469; x_wconf 96' lang='lat'><strong>—</strong></span> <span class='ocrx_word' id='word_1_444' title='bbox 2653 2426 2732 2484; x_wconf 80' lang='lat' dir='ltr'><strong>De</strong></span> <span class='ocrx_word' id='word_1_445' title='bbox 2770 2427 3215 2486; x_wconf 72' lang='lat' dir='ltr'><strong>mendicantibus.</strong></span> 
     </span>
    </p>
   </div>
   <div class='ocr_carea' id='block_1_73' title="bbox 1980 2599 3536 2680">
    <p class='ocr_par' dir='ltr' id='par_1_73' title="bbox 1980 2599 3536 2680">
     <span class='ocr_line' id='line_1_74' title="bbox 1980 2599 3536 2680; baseline 0.008 -25"><span class='ocrx_word' id='word_1_446' title='bbox 1980 2599 2151 2656; x_wconf 82' lang='lat' dir='ltr'><strong>Eccli.</strong></span> <span class='ocrx_word' id='word_1_447' title='bbox 2185 2618 2275 2668; x_wconf 74' lang='grc' dir='ltr'>η,</span> <span class='ocrx_word' id='word_1_448' title='bbox 2307 2602 2398 2671; x_wconf 74' lang='grc'><strong>28,</strong></span> <span class='ocrx_word' id='word_1_449' title='bbox 2433 2602 2524 2659; x_wconf 75' lang='lat'><strong>30.</strong></span> <span class='ocrx_word' id='word_1_450' title='bbox 2549 2633 2619 2645; x_wconf 93' lang='lat'>—</span> <span class='ocrx_word' id='word_1_451' title='bbox 2648 2625 2667 2658; x_wconf 80' lang='grc' dir='ltr'><strong>ι</strong></span> <span class='ocrx_word' id='word_1_452' title='bbox 2699 2603 2827 2672; x_wconf 85' lang='lat' dir='ltr'><strong>Fili,</strong></span> <span class='ocrx_word' id='word_1_453' title='bbox 2866 2621 2937 2663; x_wconf 86' lang='lat' dir='ltr'><strong>ne</strong></span> <span class='ocrx_word' id='word_1_454' title='bbox 2962 2607 3132 2663; x_wconf 90' lang='lat' dir='ltr'><strong>vitam</strong></span> <span class='ocrx_word' id='word_1_455' title='bbox 3167 2621 3298 2680; x_wconf 78' lang='lat' dir='ltr'><strong>agas</strong></span> <span class='ocrx_word' id='word_1_456' title='bbox 3344 2623 3498 2664; x_wconf 73' lang='lat' dir='ltr'><strong>men—</strong></span> <span class='ocrx_word' id='word_1_457' title='bbox 3529 2659 3536 2668; x_wconf 78' lang='grc'><strong>.</strong></span> 
     </span>
    </p>
   </div>
   <div class='ocr_carea' id='block_1_74' title="bbox 1909 2688 3500 2768">
    <p class='ocr_par' dir='ltr' id='par_1_74' title="bbox 1909 2688 3500 2768">
     <span class='ocr_line' id='line_1_75' title="bbox 1909 2688 3500 2768; baseline 0.003 -23"><span class='ocrx_word' id='word_1_458' title='bbox 1909 2688 2043 2747; x_wconf 91' lang='lat' dir='ltr'><strong>dici.</strong></span> <span class='ocrx_word' id='word_1_459' title='bbox 2073 2692 2272 2750; x_wconf 79' lang='lat' dir='ltr'><strong>Melius</strong></span> <span class='ocrx_word' id='word_1_460' title='bbox 2302 2702 2391 2751; x_wconf 88' lang='lat' dir='ltr'><strong>est</strong></span> <span class='ocrx_word' id='word_1_461' title='bbox 2435 2695 2582 2751; x_wconf 91' lang='lat' dir='ltr'><strong>enim</strong></span> <span class='ocrx_word' id='word_1_462' title='bbox 2633 2697 2794 2764; x_wconf 90' lang='lat' dir='ltr'><strong>mori,</strong></span> <span class='ocrx_word' id='word_1_463' title='bbox 2842 2713 3005 2768; x_wconf 86' lang='lat' dir='ltr'><strong>quam</strong></span> <span class='ocrx_word' id='word_1_464' title='bbox 3063 2697 3400 2753; x_wconf 86' lang='lat' dir='ltr'><strong>mendicare.</strong></span> <span class='ocrx_word' id='word_1_465' title='bbox 3437 2697 3500 2752; x_wconf 89' lang='lat' dir='ltr'><strong>In</strong></span> 
     </span>
    </p>
   </div>
   <div class='ocr_carea' id='block_1_75' title="bbox 1909 2785 3482 2858">
    <p class='ocr_par' dir='ltr' id='par_1_75' title="bbox 1909 2785 3482 2858">
     <span class='ocr_line' id='line_1_76' title="bbox 1909 2785 3482 2858; baseline 0.006 -19"><span class='ocrx_word' id='word_1_466' title='bbox 1909 2799 2007 2840; x_wconf 85' lang='lat' dir='ltr'><strong>ore</strong></span> <span class='ocrx_word' id='word_1_467' title='bbox 2059 2785 2400 2858; x_wconf 83' lang='lat' dir='ltr'><strong>impudentis</strong></span> <span class='ocrx_word' id='word_1_468' title='bbox 2453 2788 2882 2846; x_wconf 88' lang='lat' dir='ltr'><strong>condulcabitur</strong></span> <span class='ocrx_word' id='word_1_469' title='bbox 2920 2790 3348 2848; x_wconf 88' lang='lat' dir='ltr'><strong>mendicationis</strong></span> <span class='ocrx_word' id='word_1_470' title='bbox 3396 2793 3482 2848; x_wconf 84' lang='lat' dir='ltr'><strong>do-</strong></span> 
     </span>
    </p>
   </div>
   <div class='ocr_carea' id='block_1_76' title="bbox 1910 2876 3118 2951">
    <p class='ocr_par' dir='ltr' id='par_1_76' title="bbox 1910 2876 3118 2951">
     <span class='ocr_line' id='line_1_77' title="bbox 1910 2876 3118 2951; baseline 0.005 -22"><span class='ocrx_word' id='word_1_471' title='bbox 1910 2889 2063 2944; x_wconf 89' lang='lat' dir='ltr'><strong>num,</strong></span> <span class='ocrx_word' id='word_1_472' title='bbox 2091 2883 2145 2932; x_wconf 87' lang='lat' dir='ltr'><strong>et</strong></span> <span class='ocrx_word' id='word_1_473' title='bbox 2178 2876 2232 2932; x_wconf 90' lang='lat' dir='ltr'><strong>in</strong></span> <span class='ocrx_word' id='word_1_474' title='bbox 2262 2885 2456 2936; x_wconf 82' lang='lat' dir='ltr'><strong>ventre</strong></span> <span class='ocrx_word' id='word_1_475' title='bbox 2485 2878 2607 2950; x_wconf 83' lang='lat' dir='ltr'><strong>ejus</strong></span> <span class='ocrx_word' id='word_1_476' title='bbox 2643 2880 2786 2951; x_wconf 67' lang='lat' dir='ltr'><strong>ignis</strong></span> <span class='ocrx_word' id='word_1_477' title='bbox 2819 2880 3055 2938; x_wconf 88' lang='lat' dir='ltr'><strong>ardebit.</strong></span> <span class='ocrx_word' id='word_1_478' title='bbox 3098 2900 3118 2935; x_wconf 84' lang='grc' dir='ltr'><strong>ι</strong></span> 
     </span>
    </p>
   </div>
   <div class='ocr_carea' id='block_1_77' title="bbox 2110 2987 3175 3069">
    <p class='ocr_par' dir='ltr' id='par_1_77' title="bbox 2110 2987 3175 3069">
     <span class='ocr_line' id='line_1_78' title="bbox 2110 2987 3175 3069; baseline 0.009 -27"><span class='ocrx_word' id='word_1_479' title='bbox 2110 3056 2114 3060; x_wconf 25' lang='grc' dir='ltr'><em>ι</em></span> <span class='ocrx_word' id='word_1_480' title='bbox 2227 2987 2365 3045; x_wconf 88' lang='grc' dir='ltr'><strong>ΤΙΤ.</strong></span> <span class='ocrx_word' id='word_1_481' title='bbox 2400 2989 2586 3049; x_wconf 77' lang='lat' dir='ltr'><strong>XLVI.</strong></span> <span class='ocrx_word' id='word_1_482' title='bbox 2616 3022 2688 3034; x_wconf 90' lang='lat'><strong>--</strong></span> <span class='ocrx_word' id='word_1_483' title='bbox 2719 2993 2796 3050; x_wconf 80' lang='lat' dir='ltr'><strong>De</strong></span> <span class='ocrx_word' id='word_1_484' title='bbox 2827 2996 3175 3069; x_wconf 81' lang='lat' dir='ltr'><strong>turpiloquio.</strong></span> 
     </span>
    </p>
   </div>
   <div class='ocr_carea' id='block_1_78' title="bbox 1984 3100 3500 3184">
    <p class='ocr_par' dir='ltr' id='par_1_78' title="bbox 1984 3100 3500 3184">
     <span class='ocr_line' id='line_1_79' title="bbox 1984 3100 3500 3184; baseline 0.008 -27"><span class='ocrx_word' id='word_1_485' title='bbox 1984 3100 2013 3157; x_wconf 91' lang='grc' dir='ltr'><strong>ι</strong></span> <span class='ocrx_word' id='word_1_486' title='bbox 2042 3101 2164 3159; x_wconf 86' lang='lat' dir='ltr'><strong>Cor.</strong></span> <span class='ocrx_word' id='word_1_487' title='bbox 2210 3121 2302 3171; x_wconf 79' lang='lat' dir='ltr'><strong>xv,</strong></span> <span class='ocrx_word' id='word_1_488' title='bbox 2351 3107 2440 3163; x_wconf 77' lang='lat'><strong>35.</strong></span> <span class='ocrx_word' id='word_1_489' title='bbox 2485 3137 2554 3148; x_wconf 89' lang='lat'><strong><em>—</em></strong></span> <span class='ocrx_word' id='word_1_490' title='bbox 2593 3128 2612 3162; x_wconf 79' lang='grc' dir='ltr'><strong>ι</strong></span> <span class='ocrx_word' id='word_1_491' title='bbox 2659 3109 3035 3184; x_wconf 87' lang='lat' dir='ltr'><strong>Corrumpunt</strong></span> <span class='ocrx_word' id='word_1_492' title='bbox 3085 3113 3264 3170; x_wconf 86' lang='lat' dir='ltr'><strong>bonos</strong></span> <span class='ocrx_word' id='word_1_493' title='bbox 3314 3130 3500 3172; x_wconf 88' lang='lat' dir='ltr'><strong>mores</strong></span> 
     </span>
    </p>
   </div>
   <div class='ocr_carea' id='block_1_79' title="bbox 1913 3195 2466 3270">
    <p class='ocr_par' dir='ltr' id='par_1_79' title="bbox 1913 3195 2466 3270">
     <span class='ocr_line' id='line_1_80' title="bbox 1913 3195 2466 3270; baseline 0.004 -20"><span class='ocrx_word' id='word_1_494' title='bbox 1913 3195 2190 3267; x_wconf 91' lang='lat' dir='ltr'><strong>colloquia</strong></span> <span class='ocrx_word' id='word_1_495' title='bbox 2225 3213 2416 3270; x_wconf 80' lang='lat' dir='ltr'><strong>prava.</strong></span> <span class='ocrx_word' id='word_1_496' title='bbox 2447 3219 2466 3252; x_wconf 74' lang='grc' dir='ltr'><strong>ι</strong></span> 
     </span>
    </p>
   </div>
   <div class='ocr_carea' id='block_1_80' title="bbox 1984 3286 3502 3358">
    <p class='ocr_par' dir='ltr' id='par_1_80' title="bbox 1984 3286 3502 3358">
     <span class='ocr_line' id='line_1_81' title="bbox 1984 3286 3502 3358; baseline 0.012 -18"><span class='ocrx_word' id='word_1_497' title='bbox 1984 3286 2177 3358; x_wconf 76' lang='grc' dir='ltr'>ΕρΙιρε.</span> <span class='ocrx_word' id='word_1_498' title='bbox 2203 3307 2277 3356; x_wconf 77' lang='grc' dir='ltr'><strong>ιν,</strong></span> <span class='ocrx_word' id='word_1_499' title='bbox 2314 3291 2401 3348; x_wconf 84' lang='grc'><strong>19.</strong></span> <span class='ocrx_word' id='word_1_500' title='bbox 2428 3323 2501 3335; x_wconf 90' lang='lat'><strong>—-</strong></span> <span class='ocrx_word' id='word_1_501' title='bbox 2542 3313 2561 3347; x_wconf 77' lang='grc' dir='ltr'><strong>ι</strong></span> <span class='ocrx_word' id='word_1_502' title='bbox 2593 3292 2786 3352; x_wconf 88' lang='lat' dir='ltr'><strong>Omnis</strong></span> <span class='ocrx_word' id='word_1_503' title='bbox 2832 3312 3017 3353; x_wconf 84' lang='lat' dir='ltr'><strong>sermo</strong></span> <span class='ocrx_word' id='word_1_504' title='bbox 3059 3298 3237 3355; x_wconf 89' lang='lat' dir='ltr'><strong>malus</strong></span> <span class='ocrx_word' id='word_1_505' title='bbox 3283 3299 3352 3356; x_wconf 89' lang='lat' dir='ltr'><strong>de</strong></span> <span class='ocrx_word' id='word_1_506' title='bbox 3403 3315 3502 3358; x_wconf 88' lang='lat' dir='ltr'><strong>ore</strong></span> 
     </span>
    </p>
   </div>
   <div class='ocr_carea' id='block_1_81' title="bbox 1912 3384 3500 3461">
    <p class='ocr_par' dir='ltr' id='par_1_81' title="bbox 1912 3384 3500 3461">
     <span class='ocr_line' id='line_1_82' title="bbox 1912 3384 3500 3461; baseline 0.008 -25"><span class='ocrx_word' id='word_1_507' title='bbox 1912 3389 2097 3438; x_wconf 84' lang='lat' dir='ltr'><strong>vestro</strong></span> <span class='ocrx_word' id='word_1_508' title='bbox 2129 3398 2237 3439; x_wconf 90' lang='lat' dir='ltr'><strong>non</strong></span> <span class='ocrx_word' id='word_1_509' title='bbox 2271 3384 2534 3456; x_wconf 86' lang='lat' dir='ltr'><strong>procedat</strong></span> <span class='ocrx_word' id='word_1_510' title='bbox 2565 3405 2580 3442; x_wconf 92' lang='lat'><strong>:</strong></span> <span class='ocrx_word' id='word_1_511' title='bbox 2613 3388 2705 3444; x_wconf 89' lang='lat' dir='ltr'><strong>sed</strong></span> <span class='ocrx_word' id='word_1_512' title='bbox 2740 3388 2786 3445; x_wconf 87' lang='lat' dir='ltr'><strong>si</strong></span> <span class='ocrx_word' id='word_1_513' title='bbox 2830 3390 2958 3461; x_wconf 88' lang='lat' dir='ltr'><strong>quis</strong></span> <span class='ocrx_word' id='word_1_514' title='bbox 3001 3391 3181 3447; x_wconf 90' lang='lat' dir='ltr'><strong>bonus</strong></span> <span class='ocrx_word' id='word_1_515' title='bbox 3208 3390 3276 3446; x_wconf 86' lang='lat' dir='ltr'><strong>ad</strong></span> <span class='ocrx_word' id='word_1_516' title='bbox 3323 3392 3500 3448; x_wconf 66' lang='lat' dir='ltr'><strong>acditi-</strong></span> 
     </span>
    </p>
   </div>
   <div class='ocr_carea' id='block_1_82' title="bbox 1913 3474 3505 3555">
    <p class='ocr_par' dir='ltr' id='par_1_82' title="bbox 1913 3474 3505 3555">
     <span class='ocr_line' id='line_1_83' title="bbox 1913 3474 3505 3555; baseline 0.008 -27"><span class='ocrx_word' id='word_1_517' title='bbox 1913 3474 2186 3531; x_wconf 86' lang='lat' dir='ltr'><strong>cationem</strong></span> <span class='ocrx_word' id='word_1_518' title='bbox 2231 3477 2620 3548; x_wconf 85' lang='lat' dir='ltr'><strong>necessitatis,</strong></span> <span class='ocrx_word' id='word_1_519' title='bbox 2669 3489 2730 3537; x_wconf 92' lang='lat' dir='ltr'><strong>ut</strong></span> <span class='ocrx_word' id='word_1_520' title='bbox 2784 3479 2878 3538; x_wconf 91' lang='lat' dir='ltr'><strong>det</strong></span> <span class='ocrx_word' id='word_1_521' title='bbox 2925 3483 3160 3555; x_wconf 75' lang='lat' dir='ltr'><strong>gratiam</strong></span> <span class='ocrx_word' id='word_1_522' title='bbox 3217 3484 3505 3541; x_wconf 79' lang='lat' dir='ltr'><strong>audienti-</strong></span> 
     </span>
    </p>
   </div>
   <div class='ocr_carea' id='block_1_83' title="bbox 1913 3565 2098 3622">
    <p class='ocr_par' dir='ltr' id='par_1_83' title="bbox 1913 3565 2098 3622">
     <span class='ocr_line' id='line_1_84' title="bbox 1913 3565 2098 3622; baseline -0.016 -1"><span class='ocrx_word' id='word_1_523' title='bbox 1913 3565 2040 3622; x_wconf 85' lang='lat' dir='ltr'><strong>bus.</strong></span> <span class='ocrx_word' id='word_1_524' title='bbox 2077 3584 2098 3618; x_wconf 72' lang='grc' dir='ltr'><strong>ι</strong></span> 
     </span>
    </p>
   </div>
   <div class='ocr_carea' id='block_1_84' title="bbox 1987 3657 3497 3740">
    <p class='ocr_par' dir='ltr' id='par_1_84' title="bbox 1987 3657 3497 3740">
     <span class='ocr_line' id='line_1_85' title="bbox 1987 3657 3497 3740; baseline 0.009 -28"><span class='ocrx_word' id='word_1_525' title='bbox 1987 3657 2176 3727; x_wconf 75' lang='lat' dir='ltr'><strong>Ephes.</strong></span> <span class='ocrx_word' id='word_1_526' title='bbox 2203 3676 2257 3726; x_wconf 88' lang='lat' dir='ltr'><strong>v,</strong></span> <span class='ocrx_word' id='word_1_527' title='bbox 2290 3662 2345 3718; x_wconf 72' lang='grc'><strong>4.</strong></span> <span class='ocrx_word' id='word_1_528' title='bbox 2371 3692 2442 3704; x_wconf 90' lang='grc'><strong>--</strong></span> <span class='ocrx_word' id='word_1_529' title='bbox 2477 3682 2496 3716; x_wconf 80' lang='grc' dir='ltr'><strong>ι</strong></span> <span class='ocrx_word' id='word_1_530' title='bbox 2523 3661 2857 3736; x_wconf 83' lang='lat' dir='ltr'><strong>Turpitudo,</strong></span> <span class='ocrx_word' id='word_1_531' title='bbox 2889 3670 2946 3722; x_wconf 85' lang='lat' dir='ltr'><strong>et</strong></span> <span class='ocrx_word' id='word_1_532' title='bbox 2984 3666 3409 3740; x_wconf 89' lang='lat' dir='ltr'><strong>stultiloquium,</strong></span> <span class='ocrx_word' id='word_1_533' title='bbox 3442 3680 3497 3726; x_wconf 83' lang='lat' dir='ltr'><strong>et</strong></span> 
     </span>
    </p>
   </div>
   <div class='ocr_carea' id='block_1_85' title="bbox 1912 3752 3480 3832">
    <p class='ocr_par' dir='ltr' id='par_1_85' title="bbox 1912 3752 3480 3832">
     <span class='ocr_line' id='line_1_86' title="bbox 1912 3752 3480 3832; baseline 0.007 -24"><span class='ocrx_word' id='word_1_534' title='bbox 1912 3752 2245 3823; x_wconf 87' lang='lat' dir='ltr'><strong>scurrilitas,</strong></span> <span class='ocrx_word' id='word_1_535' title='bbox 2275 3770 2395 3827; x_wconf 84' lang='lat' dir='ltr'><strong>quae</strong></span> <span class='ocrx_word' id='word_1_536' title='bbox 2412 3756 2480 3812; x_wconf 84' lang='lat' dir='ltr'><strong>ad</strong></span> <span class='ocrx_word' id='word_1_537' title='bbox 2507 3772 2621 3814; x_wconf 88' lang='lat' dir='ltr'><strong>rem</strong></span> <span class='ocrx_word' id='word_1_538' title='bbox 2650 3772 2760 3814; x_wconf 89' lang='lat' dir='ltr'><strong>non</strong></span> <span class='ocrx_word' id='word_1_539' title='bbox 2789 3760 3089 3832; x_wconf 86' lang='lat' dir='ltr'><strong>pertinent,</strong></span> <span class='ocrx_word' id='word_1_540' title='bbox 3116 3777 3186 3820; x_wconf 89' lang='lat' dir='ltr'><strong>ne</strong></span> <span class='ocrx_word' id='word_1_541' title='bbox 3204 3765 3480 3822; x_wconf 86' lang='lat' dir='ltr'><strong>nominen-</strong></span> 
     </span>
    </p>
   </div>
   <div class='ocr_carea' id='block_1_86' title="bbox 1912 3847 2996 3918">
    <p class='ocr_par' dir='ltr' id='par_1_86' title="bbox 1912 3847 2996 3918">
     <span class='ocr_line' id='line_1_87' title="bbox 1912 3847 2996 3918; baseline 0.007 -18"><span class='ocrx_word' id='word_1_542' title='bbox 1912 3853 2001 3901; x_wconf 82' lang='lat' dir='ltr'><strong>tur</strong></span> <span class='ocrx_word' id='word_1_543' title='bbox 2031 3847 2084 3902; x_wconf 89' lang='lat' dir='ltr'><strong>in</strong></span> <span class='ocrx_word' id='word_1_544' title='bbox 2121 3847 2300 3918; x_wconf 87' lang='lat' dir='ltr'><strong>vobis,</strong></span> <span class='ocrx_word' id='word_1_545' title='bbox 2339 3851 2482 3907; x_wconf 87' lang='lat' dir='ltr'><strong>sicut</strong></span> <span class='ocrx_word' id='word_1_546' title='bbox 2504 3852 2666 3909; x_wconf 87' lang='lat' dir='ltr'><strong>decet</strong></span> <span class='ocrx_word' id='word_1_547' title='bbox 2692 3862 2941 3913; x_wconf 85' lang='lat' dir='ltr'><strong>sanctos.</strong></span> <span class='ocrx_word' id='word_1_548' title='bbox 2975 3873 2996 3908; x_wconf 81' lang='grc' dir='ltr'><strong>ι</strong></span> 
     </span>
    </p>
   </div>
   <div class='ocr_carea' id='block_1_87' title="bbox 1985 3936 3495 4017">
    <p class='ocr_par' dir='ltr' id='par_1_87' title="bbox 1985 3936 3495 4017">
     <span class='ocr_line' id='line_1_88' title="bbox 1985 3936 3495 4017; baseline 0.007 -22"><span class='ocrx_word' id='word_1_549' title='bbox 1985 3936 2194 3996; x_wconf 77' lang='lat' dir='ltr'><strong>Colon.</strong></span> <span class='ocrx_word' id='word_1_550' title='bbox 2236 3957 2319 4008; x_wconf 85' lang='grc' dir='ltr'>ιιι,</span> <span class='ocrx_word' id='word_1_551' title='bbox 2349 3940 2404 3998; x_wconf 90' lang='grc'><strong>8.</strong></span> <span class='ocrx_word' id='word_1_552' title='bbox 2430 3971 2503 3986; x_wconf 90' lang='lat'><strong>-</strong></span> <span class='ocrx_word' id='word_1_553' title='bbox 2554 3961 2574 3996; x_wconf 75' lang='grc' dir='ltr'><strong>ι</strong></span> <span class='ocrx_word' id='word_1_554' title='bbox 2607 3941 2809 4017; x_wconf 85' lang='lat' dir='ltr'><strong>Turpis</strong></span> <span class='ocrx_word' id='word_1_555' title='bbox 2843 3961 3028 4004; x_wconf 88' lang='lat' dir='ltr'><strong>sermo</strong></span> <span class='ocrx_word' id='word_1_556' title='bbox 3063 3963 3175 4004; x_wconf 89' lang='lat' dir='ltr'><strong>non</strong></span> <span class='ocrx_word' id='word_1_557' title='bbox 3221 3960 3379 4007; x_wconf 85' lang='lat' dir='ltr'><strong>exeat</strong></span> <span class='ocrx_word' id='word_1_558' title='bbox 3426 3949 3495 4005; x_wconf 87' lang='lat' dir='ltr'><strong>de</strong></span> 
     </span>
    </p>
   </div>
   <div class='ocr_carea' id='block_1_88' title="bbox 1912 4043 2303 4090">
    <p class='ocr_par' dir='ltr' id='par_1_88' title="bbox 1912 4043 2303 4090">
     <span class='ocr_line' id='line_1_89' title="bbox 1912 4043 2303 4090; baseline -0.003 -3"><span class='ocrx_word' id='word_1_559' title='bbox 1912 4046 2008 4087; x_wconf 88' lang='lat' dir='ltr'><strong>ore</strong></span> <span class='ocrx_word' id='word_1_560' title='bbox 2042 4043 2247 4090; x_wconf 75' lang='lat' dir='ltr'><strong>VCSU’O.</strong></span> <span class='ocrx_word' id='word_1_561' title='bbox 2282 4051 2303 4086; x_wconf 71' lang='grc' dir='ltr'><strong>ο</strong></span> 
     </span>
    </p>
   </div>
   <div class='ocr_carea' id='block_1_89' title="bbox 1981 4120 3495 4196">
    <p class='ocr_par' dir='ltr' id='par_1_89' title="bbox 1981 4120 3495 4196">
     <span class='ocr_line' id='line_1_90' title="bbox 1981 4120 3495 4196; baseline 0.013 -23"><span class='ocrx_word' id='word_1_562' title='bbox 1981 4120 2149 4177; x_wconf 85' lang='lat' dir='ltr'><strong>Basil.</strong></span> <span class='ocrx_word' id='word_1_563' title='bbox 2195 4121 2367 4180; x_wconf 70' lang='lat' dir='ltr'><strong>Serm.</strong></span> <span class='ocrx_word' id='word_1_564' title='bbox 2403 4125 2473 4180; x_wconf 83' lang='lat' dir='ltr'><strong>ad</strong></span> <span class='ocrx_word' id='word_1_565' title='bbox 2506 4125 2634 4196; x_wconf 81' lang='lat' dir='ltr'><strong>jun.</strong></span> <span class='ocrx_word' id='word_1_566' title='bbox 2663 4157 2736 4171; x_wconf 83' lang='lat'><strong>---</strong></span> <span class='ocrx_word' id='word_1_567' title='bbox 2765 4125 3097 4188; x_wconf 89' lang='lat' dir='ltr'><strong>Sermonum</strong></span> <span class='ocrx_word' id='word_1_568' title='bbox 3151 4136 3495 4193; x_wconf 82' lang='lat' dir='ltr'><strong>consuetudo</strong></span> 
     </span>
    </p>
   </div>
   <div class='ocr_carea' id='block_1_90' title="bbox 1911 4214 3494 4298">
    <p class='ocr_par' dir='ltr' id='par_1_90' title="bbox 1911 4214 3494 4298">
     <span class='ocr_line' id='line_1_91' title="bbox 1911 4214 3494 4298; baseline 0.011 -29"><span class='ocrx_word' id='word_1_569' title='bbox 1911 4214 1980 4272; x_wconf 86' lang='lat' dir='ltr'><strong>ad</strong></span> <span class='ocrx_word' id='word_1_570' title='bbox 2009 4231 2096 4271; x_wconf 86' lang='lat' dir='ltr'><strong>res</strong></span> <span class='ocrx_word' id='word_1_571' title='bbox 2131 4216 2281 4288; x_wconf 81' lang='lat' dir='ltr'><strong>ipsas</strong></span> <span class='ocrx_word' id='word_1_572' title='bbox 2308 4218 2454 4274; x_wconf 86' lang='lat' dir='ltr'><strong>viam</strong></span> <span class='ocrx_word' id='word_1_573' title='bbox 2505 4220 2715 4290; x_wconf 87' lang='lat' dir='ltr'><strong>pandit.</strong></span> <span class='ocrx_word' id='word_1_574' title='bbox 2749 4222 3022 4290; x_wconf 87' lang='lat' dir='ltr'><strong>Quocirca</strong></span> <span class='ocrx_word' id='word_1_575' title='bbox 3064 4226 3494 4298; x_wconf 76' lang='lat' dir='ltr'><strong>diligentissime</strong></span> 
     </span>
    </p>
   </div>
   <div class='ocr_carea' id='block_1_91' title="bbox 1911 4308 3493 4387">
    <p class='ocr_par' dir='ltr' id='par_1_91' title="bbox 1911 4308 3493 4387">
     <span class='ocr_line' id='line_1_92' title="bbox 1911 4308 3493 4387; baseline 0.008 -23"><span class='ocrx_word' id='word_1_576' title='bbox 1911 4308 2324 4368; x_wconf 82' lang='lat' dir='ltr'><strong>conservandus</strong></span> <span class='ocrx_word' id='word_1_577' title='bbox 2353 4320 2440 4368; x_wconf 91' lang='lat' dir='ltr'><strong>est</strong></span> <span class='ocrx_word' id='word_1_578' title='bbox 2468 4312 2688 4370; x_wconf 86' lang='lat' dir='ltr'><strong>animus</strong></span> <span class='ocrx_word' id='word_1_579' title='bbox 2711 4353 2729 4379; x_wconf 93' lang='lat'><strong>,</strong></span> <span class='ocrx_word' id='word_1_580' title='bbox 2774 4332 2846 4372; x_wconf 90' lang='lat' dir='ltr'><strong>ne</strong></span> <span class='ocrx_word' id='word_1_581' title='bbox 2891 4332 2989 4387; x_wconf 90' lang='lat' dir='ltr'><strong>per</strong></span> <span class='ocrx_word' id='word_1_582' title='bbox 3036 4333 3356 4376; x_wconf 86' lang='lat' dir='ltr'><strong>sermonum</strong></span> <span class='ocrx_word' id='word_1_583' title='bbox 3392 4339 3493 4377; x_wconf 86' lang='lat' dir='ltr'><strong>vo-</strong></span> 
     </span>
    </p>
   </div>
   <div class='ocr_carea' id='block_1_92' title="bbox 1913 4400 3490 4481">
    <p class='ocr_par' dir='ltr' id='par_1_92' title="bbox 1913 4400 3490 4481">
     <span class='ocr_line' id='line_1_93' title="bbox 1913 4400 3490 4481; baseline 0.01 -27"><span class='ocrx_word' id='word_1_584' title='bbox 1913 4400 2195 4470; x_wconf 89' lang='lat' dir='ltr'><strong>luptatem,</strong></span> <span class='ocrx_word' id='word_1_585' title='bbox 2232 4400 2361 4456; x_wconf 89' lang='lat' dir='ltr'><strong>mali</strong></span> <span class='ocrx_word' id='word_1_586' title='bbox 2390 4402 2671 4474; x_wconf 87' lang='lat' dir='ltr'><strong>quidpiam</strong></span> <span class='ocrx_word' id='word_1_587' title='bbox 2706 4405 3086 4476; x_wconf 88' lang='lat' dir='ltr'><strong>imprudentes</strong></span> <span class='ocrx_word' id='word_1_588' title='bbox 3107 4410 3490 4481; x_wconf 81' lang='lat' dir='ltr'><strong>excipiamus;</strong></span> 
     </span>
    </p>
   </div>
   <div class='ocr_carea' id='block_1_93' title="bbox 1839 4495 3493 4565">
    <p class='ocr_par' dir='ltr' id='par_1_93' title="bbox 1839 4495 3493 4565">
     <span class='ocr_line' id='line_1_94' title="bbox 1839 4495 3493 4565; baseline 0.011 -18"><span class='ocrx_word' id='word_1_589' title='bbox 1839 4497 1884 4554; x_wconf 84' lang='grc' dir='ltr'>ι)</span> <span class='ocrx_word' id='word_1_590' title='bbox 1912 4509 2022 4548; x_wconf 89' lang='lat' dir='ltr'><strong>non</strong></span> <span class='ocrx_word' id='word_1_591' title='bbox 2067 4508 2231 4550; x_wconf 86' lang='lat' dir='ltr'><strong>secus</strong></span> <span class='ocrx_word' id='word_1_592' title='bbox 2260 4508 2325 4551; x_wconf 89' lang='lat' dir='ltr'><strong>ac</strong></span> <span class='ocrx_word' id='word_1_593' title='bbox 2359 4495 2408 4552; x_wconf 90' lang='lat' dir='ltr'><strong>si</strong></span> <span class='ocrx_word' id='word_1_594' title='bbox 2451 4498 2631 4554; x_wconf 79' lang='lat' dir='ltr'><strong>toxica</strong></span> <span class='ocrx_word' id='word_1_595' title='bbox 2665 4498 2827 4556; x_wconf 90' lang='lat' dir='ltr'><strong>melle</strong></span> <span class='ocrx_word' id='word_1_596' title='bbox 2867 4499 3114 4558; x_wconf 85' lang='lat' dir='ltr'><strong>delibuta</strong></span> <span class='ocrx_word' id='word_1_597' title='bbox 3173 4503 3493 4565; x_wconf 79' lang='lat' dir='ltr'><strong>admittere-</strong></span> 
     </span>
    </p>
   </div>
   <div class='ocr_carea' id='block_1_94' title="bbox 1914 4601 2062 4642">
    <p class='ocr_par' dir='ltr' id='par_1_94' title="bbox 1914 4601 2062 4642">
     <span class='ocr_line' id='line_1_95' title="bbox 1914 4601 2062 4642; baseline 0.007 -1"><span class='ocrx_word' id='word_1_598' title='bbox 1914 4601 2062 4642; x_wconf 91' lang='lat' dir='ltr'><strong>mus.</strong></span> 
     </span>
    </p>
   </div>
   <div class='ocr_carea' id='block_1_95' title="bbox 1985 4677 3491 4761">
    <p class='ocr_par' dir='ltr' id='par_1_95' title="bbox 1985 4677 3491 4761">
     <span class='ocr_line' id='line_1_96' title="bbox 1985 4677 3491 4761; baseline 0.009 -29"><span class='ocrx_word' id='word_1_599' title='bbox 1985 4677 2256 4749; x_wconf 81' lang='lat' dir='ltr'><strong>Ejusdem.</strong></span> <span class='ocrx_word' id='word_1_600' title='bbox 2283 4680 2498 4736; x_wconf 85' lang='lat' dir='ltr'><strong>-—Mali</strong></span> <span class='ocrx_word' id='word_1_601' title='bbox 2531 4683 2775 4738; x_wconf 87' lang='lat' dir='ltr'><strong>studium</strong></span> <span class='ocrx_word' id='word_1_602' title='bbox 2824 4683 3189 4744; x_wconf 86' lang='lat' dir='ltr'><strong>diuturnitate</strong></span> <span class='ocrx_word' id='word_1_603' title='bbox 3225 4691 3491 4761; x_wconf 86' lang='lat' dir='ltr'><strong>temporis</strong></span> 
     </span>
    </p>
   </div>
   <div class='ocr_carea' id='block_1_96' title="bbox 1914 4772 3488 4852">
    <p class='ocr_par' dir='ltr' id='par_1_96' title="bbox 1914 4772 3488 4852">
     <span class='ocr_line' id='line_1_97' title="bbox 1914 4772 3488 4852; baseline 0.008 -26"><span class='ocrx_word' id='word_1_604' title='bbox 1914 4772 2324 4840; x_wconf 82' lang='lat' dir='ltr'><strong>confirmatum,</strong></span> <span class='ocrx_word' id='word_1_605' title='bbox 2352 4775 2440 4829; x_wconf 79' lang='lat' dir='ltr'><strong>vix</strong></span> <span class='ocrx_word' id='word_1_606' title='bbox 2465 4789 2731 4846; x_wconf 87' lang='lat' dir='ltr'><strong>unquam,</strong></span> <span class='ocrx_word' id='word_1_607' title='bbox 2755 4791 2820 4833; x_wconf 86' lang='lat' dir='ltr'><strong>ac</strong></span> <span class='ocrx_word' id='word_1_608' title='bbox 2845 4794 2914 4834; x_wconf 90' lang='lat' dir='ltr'><strong>ne</strong></span> <span class='ocrx_word' id='word_1_609' title='bbox 2941 4781 3031 4834; x_wconf 82' lang='lat' dir='ltr'><strong>vix</strong></span> <span class='ocrx_word' id='word_1_610' title='bbox 3062 4782 3282 4852; x_wconf 90' lang='lat' dir='ltr'><strong>quidem</strong></span> <span class='ocrx_word' id='word_1_611' title='bbox 3306 4787 3488 4839; x_wconf 81' lang='lat' dir='ltr'><strong>curari</strong></span> 
     </span>
    </p>
   </div>
   <div class='ocr_carea' id='block_1_97' title="bbox 1917 4869 3485 4943">
    <p class='ocr_par' dir='ltr' id='par_1_97' title="bbox 1917 4869 3485 4943">
     <span class='ocr_line' id='line_1_98' title="bbox 1917 4869 3485 4943; baseline 0.008 -24"><span class='ocrx_word' id='word_1_612' title='bbox 1917 4876 2115 4938; x_wconf 87' lang='lat' dir='ltr'><strong>potest,</strong></span> <span class='ocrx_word' id='word_1_613' title='bbox 2160 4869 2561 4926; x_wconf 88' lang='lat' dir='ltr'><strong>consuetudine</strong></span> <span class='ocrx_word' id='word_1_614' title='bbox 2596 4869 2925 4943; x_wconf 86' lang='lat' dir='ltr'><strong>plerumque</strong></span> <span class='ocrx_word' id='word_1_615' title='bbox 2981 4874 3035 4931; x_wconf 89' lang='lat' dir='ltr'><strong>in</strong></span> <span class='ocrx_word' id='word_1_616' title='bbox 3088 4884 3343 4932; x_wconf 87' lang='lat' dir='ltr'><strong>naturam</strong></span> <span class='ocrx_word' id='word_1_617' title='bbox 3389 4882 3485 4934; x_wconf 59' lang='lat' dir='ltr'><strong>mi.</strong></span> 
     </span>
    </p>
   </div>
   <div class='ocr_carea' id='block_1_98' title="bbox 1913 4968 2124 5030">
    <p class='ocr_par' dir='ltr' id='par_1_98' title="bbox 1913 4968 2124 5030">
     <span class='ocr_line' id='line_1_99' title="bbox 1913 4968 2124 5030; baseline 0.005 -18"><span class='ocrx_word' id='word_1_618' title='bbox 1913 4968 2124 5030; x_wconf 76' lang='lat' dir='ltr'><strong>grante.</strong></span> 
     </span>
    </p>
   </div>
   <div class='ocr_carea' id='block_1_99' title="bbox 2303 5050 3106 5125">
    <p class='ocr_par' dir='ltr' id='par_1_99' title="bbox 2303 5050 3106 5125">
     <span class='ocr_line' id='line_1_100' title="bbox 2303 5050 3106 5125; baseline 0.009 -17"><span class='ocrx_word' id='word_1_619' title='bbox 2303 5050 2359 5108; x_wconf 87' lang='lat' dir='ltr'><strong>S.</strong></span> <span class='ocrx_word' id='word_1_620' title='bbox 2387 5051 2543 5125; x_wconf 70' lang='grc' dir='ltr'>(ἔτερ.</span> <span class='ocrx_word' id='word_1_621' title='bbox 2577 5054 2721 5114; x_wconf 75' lang='lat' dir='ltr'><strong>Naz.</strong></span> <span class='ocrx_word' id='word_1_622' title='bbox 2753 5053 2986 5115; x_wconf 79' lang='lat' dir='ltr'><strong>Telrast.</strong></span> <span class='ocrx_word' id='word_1_623' title='bbox 3017 5060 3106 5115; x_wconf 88' lang='grc'><strong>17.</strong></span> 
     </span>
    </p>
   </div>
   <div class='ocr_carea' id='block_1_100' title="bbox 2095 5141 3093 5217">
    <p class='ocr_par' dir='ltr' id='par_1_100' title="bbox 2095 5141 3093 5217">
     <span class='ocr_line' id='line_1_101' title="bbox 2095 5141 3093 5217; baseline 0.01 -22"><span class='ocrx_word' id='word_1_624' title='bbox 2095 5141 2323 5217; x_wconf 78' lang='lat' dir='ltr'><strong>Occlude</strong></span> <span class='ocrx_word' id='word_1_625' title='bbox 2348 5160 2467 5199; x_wconf 81' lang='lat' dir='ltr'><strong>cera</strong></span> <span class='ocrx_word' id='word_1_626' title='bbox 2499 5147 2741 5217; x_wconf 79' lang='lat' dir='ltr'><strong>turpibus</strong></span> <span class='ocrx_word' id='word_1_627' title='bbox 2772 5150 2937 5204; x_wconf 74' lang='lat' dir='ltr'><strong>verbis</strong></span> <span class='ocrx_word' id='word_1_628' title='bbox 2971 5159 3093 5205; x_wconf 78' lang='lat' dir='ltr'><strong>tuas</strong></span> 
     </span>
    </p>
   </div>
   <div class='ocr_carea' id='block_1_101' title="bbox 2093 5215 3230 5287">
    <p class='ocr_par' dir='ltr' id='par_1_101' title="bbox 2093 5215 3230 5287">
     <span class='ocr_line' id='line_1_102' title="bbox 2093 5215 3230 5287; baseline 0.01 -20"><span class='ocrx_word' id='word_1_629' title='bbox 2093 5215 2282 5283; x_wconf 80' lang='lat' dir='ltr'><strong>Aum,</strong></span> <span class='ocrx_word' id='word_1_630' title='bbox 2309 5217 2555 5287; x_wconf 76' lang='lat' dir='ltr'><strong>conisque</strong></span> <span class='ocrx_word' id='word_1_631' title='bbox 2587 5215 2838 5272; x_wconf 75' lang='lat' dir='ltr'><strong>cantuum</strong></span> <span class='ocrx_word' id='word_1_632' title='bbox 2873 5221 3230 5279; x_wconf 75' lang='lat' dir='ltr'><strong>mollissimis.</strong></span> 
     </span>
    </p>
   </div>
   <div class='ocr_carea' id='block_1_102' title="bbox 1988 5306 3491 5388">
    <p class='ocr_par' dir='ltr' id='par_1_102' title="bbox 1988 5306 3491 5388">
     <span class='ocr_line' id='line_1_103' title="bbox 1988 5306 3491 5388; baseline 0.009 -27"><span class='ocrx_word' id='word_1_633' title='bbox 1988 5306 2246 5361; x_wconf 75' lang='lat' dir='ltr'><strong>Philonis.</strong></span> <span class='ocrx_word' id='word_1_634' title='bbox 2279 5338 2348 5349; x_wconf 87' lang='lat'><strong>-—</strong></span> <span class='ocrx_word' id='word_1_635' title='bbox 2375 5307 2590 5381; x_wconf 86' lang='lat' dir='ltr'><strong>Turpes</strong></span> <span class='ocrx_word' id='word_1_636' title='bbox 2624 5320 2679 5368; x_wconf 91' lang='lat' dir='ltr'><strong>et</strong></span> <span class='ocrx_word' id='word_1_637' title='bbox 2710 5314 2835 5368; x_wconf 82' lang='lat' dir='ltr'><strong>vani</strong></span> <span class='ocrx_word' id='word_1_638' title='bbox 2873 5324 3004 5371; x_wconf 86' lang='lat' dir='ltr'><strong>sunt</strong></span> <span class='ocrx_word' id='word_1_639' title='bbox 3043 5315 3145 5382; x_wconf 90' lang='lat' dir='ltr'><strong>illi,</strong></span> <span class='ocrx_word' id='word_1_640' title='bbox 3182 5317 3273 5388; x_wconf 90' lang='lat' dir='ltr'><strong>qui</strong></span> <span class='ocrx_word' id='word_1_641' title='bbox 3311 5317 3366 5373; x_wconf 90' lang='lat' dir='ltr'><strong>in</strong></span> <span class='ocrx_word' id='word_1_642' title='bbox 3407 5334 3491 5374; x_wconf 82' lang='lat' dir='ltr'><strong>re-</strong></span> 
     </span>
    </p>
   </div>
   <div class='ocr_carea' id='block_1_103' title="bbox 1915 5398 3490 5475">
    <p class='ocr_par' dir='ltr' id='par_1_103' title="bbox 1915 5398 3490 5475">
     <span class='ocr_line' id='line_1_104' title="bbox 1915 5398 3490 5475; baseline 0.008 -20"><span class='ocrx_word' id='word_1_643' title='bbox 1915 5398 2019 5455; x_wconf 87' lang='lat' dir='ltr'><strong>bus</strong></span> <span class='ocrx_word' id='word_1_644' title='bbox 2061 5400 2218 5455; x_wconf 85' lang='lat' dir='ltr'><strong>vanis</strong></span> <span class='ocrx_word' id='word_1_645' title='bbox 2253 5401 2458 5472; x_wconf 76' lang='lat' dir='ltr'><strong>ingenii</strong></span> <span class='ocrx_word' id='word_1_646' title='bbox 2499 5405 2780 5474; x_wconf 89' lang='lat' dir='ltr'><strong>specimen</strong></span> <span class='ocrx_word' id='word_1_647' title='bbox 2817 5405 3009 5475; x_wconf 88' lang='lat' dir='ltr'><strong>edunt,</strong></span> <span class='ocrx_word' id='word_1_648' title='bbox 3049 5416 3103 5464; x_wconf 89' lang='lat' dir='ltr'><strong>et</strong></span> <span class='ocrx_word' id='word_1_649' title='bbox 3148 5426 3270 5466; x_wconf 91' lang='lat' dir='ltr'><strong>cum</strong></span> <span class='ocrx_word' id='word_1_650' title='bbox 3301 5411 3368 5466; x_wconf 86' lang='lat' dir='ltr'><strong>ad</strong></span> <span class='ocrx_word' id='word_1_651' title='bbox 3402 5427 3490 5468; x_wconf 87' lang='lat' dir='ltr'><strong>res</strong></span> 
     </span>
    </p>
   </div>
   <div class='ocr_carea' id='block_1_104' title="bbox 1915 5495 3490 5577">
    <p class='ocr_par' dir='ltr' id='par_1_104' title="bbox 1915 5495 3490 5577">
     <span class='ocr_line' id='line_1_105' title="bbox 1915 5495 3490 5577; baseline 0.01 -29"><span class='ocrx_word' id='word_1_652' title='bbox 1915 5495 2212 5567; x_wconf 67' lang='lat' dir='ltr'><strong>praeclaras</strong></span> <span class='ocrx_word' id='word_1_653' title='bbox 2245 5495 2608 5553; x_wconf 81' lang='lat' dir='ltr'><strong>addiscendas</strong></span> <span class='ocrx_word' id='word_1_654' title='bbox 2641 5500 2782 5554; x_wconf 88' lang='lat' dir='ltr'><strong>tardi</strong></span> <span class='ocrx_word' id='word_1_655' title='bbox 2815 5501 2951 5567; x_wconf 84' lang='lat' dir='ltr'><strong>sint,</strong></span> <span class='ocrx_word' id='word_1_656' title='bbox 2979 5510 3174 5560; x_wconf 88' lang='lat' dir='ltr'><strong>contra</strong></span> <span class='ocrx_word' id='word_1_657' title='bbox 3207 5504 3272 5561; x_wconf 85' lang='lat' dir='ltr'><strong>ad</strong></span> <span class='ocrx_word' id='word_1_658' title='bbox 3301 5512 3490 5577; x_wconf 84' lang='lat' dir='ltr'><strong>turpes</strong></span> 
     </span>
    </p>
   </div>
   <div class='ocr_carea' id='block_1_105' title="bbox 1918 5587 3491 5670">
    <p class='ocr_par' dir='ltr' id='par_1_105' title="bbox 1918 5587 3491 5670">
     <span class='ocr_line' id='line_1_106' title="bbox 1918 5587 3491 5670; baseline 0.007 -26"><span class='ocrx_word' id='word_1_659' title='bbox 1918 5587 2310 5659; x_wconf 81' lang='lat' dir='ltr'><strong>perpetrandas</strong></span> <span class='ocrx_word' id='word_1_660' title='bbox 2355 5589 2678 5648; x_wconf 86' lang='lat' dir='ltr'><strong>celerrimos</strong></span> <span class='ocrx_word' id='word_1_661' title='bbox 2734 5607 2796 5650; x_wconf 87' lang='lat' dir='ltr'><strong>se</strong></span> <span class='ocrx_word' id='word_1_662' title='bbox 2842 5603 2897 5650; x_wconf 88' lang='lat' dir='ltr'><strong>et</strong></span> <span class='ocrx_word' id='word_1_663' title='bbox 2950 5593 3303 5656; x_wconf 86' lang='lat' dir='ltr'><strong>acutissimos</strong></span> <span class='ocrx_word' id='word_1_664' title='bbox 3347 5613 3491 5670; x_wconf 68' lang='grc' dir='ltr'>ιιι-ωε.</span> 
     </span>
    </p>
   </div>
   <div class='ocr_carea' id='block_1_106' title="bbox 1919 5683 2066 5736">
    <p class='ocr_par' dir='ltr' id='par_1_106' title="bbox 1919 5683 2066 5736">
     <span class='ocr_line' id='line_1_107' title="bbox 1919 5683 2066 5736; baseline 0.014 -2"><span class='ocrx_word' id='word_1_665' title='bbox 1919 5683 2066 5736; x_wconf 81' lang='lat' dir='ltr'><strong>bent.</strong></span> 
     </span>
    </p>
   </div>
   <div class='ocr_carea' id='block_1_107' title="bbox 1985 5775 3495 5856">
    <p class='ocr_par' dir='ltr' id='par_1_107' title="bbox 1985 5775 3495 5856">
     <span class='ocr_line' id='line_1_108' title="bbox 1985 5775 3495 5856; baseline 0.012 -24"><span class='ocrx_word' id='word_1_666' title='bbox 1985 5775 2153 5832; x_wconf 83' lang='lat' dir='ltr'><strong>Clem.</strong></span> <span class='ocrx_word' id='word_1_667' title='bbox 2179 5777 2390 5855; x_wconf 76' lang='lat' dir='ltr'><strong>Pwdag.</strong></span> <span class='ocrx_word' id='word_1_668' title='bbox 2423 5797 2483 5853; x_wconf 85' lang='grc' dir='ltr'><strong>ιι,</strong></span> <span class='ocrx_word' id='word_1_669' title='bbox 2525 5796 2650 5856; x_wconf 87' lang='lat' dir='ltr'><strong>cap.</strong></span> <span class='ocrx_word' id='word_1_670' title='bbox 2687 5783 2738 5844; x_wconf 86' lang='lat'><strong>6.</strong></span> <span class='ocrx_word' id='word_1_671' title='bbox 2766 5815 2835 5829; x_wconf 91' lang='lat'><strong>--</strong></span> <span class='ocrx_word' id='word_1_672' title='bbox 2863 5786 2948 5847; x_wconf 83' lang='lat' dir='ltr'><strong>Ab</strong></span> <span class='ocrx_word' id='word_1_673' title='bbox 2989 5787 3332 5850; x_wconf 79' lang='lat' dir='ltr'><strong>obscenitate</strong></span> <span class='ocrx_word' id='word_1_674' title='bbox 3375 5805 3495 5850; x_wconf 80' lang='lat' dir='ltr'><strong>scr-</strong></span> 
     </span>
    </p>
   </div>
  </div>
