3948 6250
190 335 311 409 1257
1378 345 1614 406 SACRA
1652 345 1719 407 ΡΑ

1846 346 2117 413 LLELA.

252 479 272 513 ι
314 459 375 515 '0
404 457 581 533 τιμῶν
605 460 841 534 πατέρα,
880 461 1186 530 ἐξιλάσεται
1216 463 1513 535 ἁμαρτίας.
1553 484 1572 518 ι

3312 356 3448 426 1253

1781 472 1827 530 Α
1931 465 2101 525 Εεοίί.
2135 484 2216 537 ιιι,
2250 468 2304 525 3.
2329 500 2397 513 -—-
2432 488 2450 521 ι
2484 466 2591 537 Qui
2646 468 2881 528 honorat
2928 481 3165 544 patrem,
3203 476 3445 548 expiabit

1862 568 2109 630 peccata.
2143 579 2164 615 ι

1927 650 2097 709 Eccli.
2129 668 2294 722 xxxv,
2344 653 2401 711 5.
2435 683 2506 696 --
2539 672 2559 708 ι
2606 652 3023 726 Beneplacitum
3081 652 3303 712 Domini
3355 666 3442 713 est

1855 741 2135 801 abstinere
2168 745 2238 801 ab
2277 743 2570 818 iniustitia,
2604 754 2661 803 et
2700 744 3042 819 propitiatio,
3089 745 3372 805 abstinere
3406 764 3438 804 a

1854 844 2102 906 peccato.
2144 856 2164 890 ι

249 947 269 982 ι
311 926 439 983 Ἐάν
470 926 647 999 ἀφῆτε
697 929 812 994 τοῖς
857 927 1167 1002 ἀνθρώποις
1204 928 1302 985 τά.
1327 928 1719 1002 παραπτώματι

1923 922 2124 982 Matth.
2177 942 2249 991 rt,
2302 927 2390 983 14.
2439 958 2511 971 --
2565 946 2586 982 ι
2621 926 2682 984 Si
2731 927 3063 987 dimiseritis
3116 930 3436 988 hominibus

171 1019 367 1086 αὐτῶν,
402 1019 606 1091 ἀφήσει
628 1019 725 1075 καὶ
751 1020 879 1091 ὑμῖν
901 1022 930 1076 ὁ
964 1020 1153 1095 Πατὴρ
1181 1020 1335 1094 ὑμῶν
1360 1020 1388 1072 ὁ
1424 1020 1695 1094 οὐράνιος.

1854 1027 2079 1089 peccata
2107 1033 2322 1089 eorum,
2368 1020 2610 1078 dimittet
2651 1031 2707 1077 et
2738 1019 2905 1079 Pater
2956 1033 3135 1079 vester
3190 1024 3436 1081 cmiestis

964 1110 967 1111 ⁷
1851 1110 2051 1168 delicta
2075 1120 2281 1169 vestra.
2319 1133 2338 1166 ι

1919 1202 2044 1261 Jac.
2079 1222 2132 1273 ν,
2162 1206 2256 1263 20.
2287 1237 2359 1249 —
2390 1227 2408 1260 ι
2438 1207 2545 1274 Qui
2575 1207 2824 1265 converti
2855 1207 3048 1267 fecerit
3078 1220 3430 1283 peccatorem

1850 1298 1921 1355 ab
1946 1315 2133 1359 errore
2160 1302 2259 1358 vite
2281 1289 2415 1371 suae,
2442 1302 2680 1361 saivabit
2712 1302 2957 1360 animam
2986 1304 3113 1377 ejus
3138 1320 3207 1364 cx
3230 1316 3426 1375 morte,

1847 1399 1903 1447 et
1934 1393 2144 1464 aperiet
2167 1395 2576 1452 multitudinem
2609 1403 2988 1467 peccatorum.
3023 1413 3051 1453 ι

254 661 274 698 t
303 646 538 703 Εὐϐοκία
582 646 814 722 Κυρίου,
864 648 1173 724 ἀποστῆναι
1222 651 1331 707 ἀπὸ
1376 650 1613 716 ἀδικίας,
1662 649 1756 704 καὶ

182 737 466 813 reducas;
497 740 804 813 ἀποστῆναι
834 742 944 799 ἀπὸ
976 744 1273 818 ἁμαρτίας.
1311 763 1330 799 ι

236 1227 256 1261 ι
309 1208 368 1264 '0
396 1208 733 1281 ἐπιστρέψας
776 1207 1098 1281 ἁμαρτωλὸν
1134 1210 1199 1264 ἐκ
1232 1207 1437 1280 πλάνης
1477 1206 1599 1264 ὁδοῦ
1647 1207 1748 1262 αὖ·

166 1300 279 1368 τοῦ,
312 1300 477 1356 σώσει
506 1300 683 1376 ψυχὴν
711 1303 777 1357 ἐκ
814 1300 1069 1368 Θανάτου,
1124 1302 1219 1356 καὶ
1265 1300 1497 1373 καλύψει
1542 1299 1746 1373 πλῆθος

168 1393 470 1466 ἁμαρτιῶν.
515 1411 535 1448 ι

163 1551 340 1608 ΤΙΤΛ.
371 1549 515 1625 ῌΘ’.
532 1582 603 1592 -
618 1549 760 1625 Ῑζερῑ
779 1548 1194 1625 ,ἁποτνῴσεως
1219 1564 1235 1580 ·
1260 1548 1350 1603 ὅτι
1377 1548 1459 1625 οὐ.
1474 1546 1572 1605 δεῖ
1585 1547 1719 1620 ἡμᾶς

1846 1547 1983 1605 ΤΙΤ.
2018 1548 2209 1606 XLIX.
2242 1582 2315 1593 --
2345 1551 2418 1608 De
2469 1552 2836 1625 desperatione
2884 1570 2904 1609 :
2950 1564 3001 1611 et
3037 1555 3181 1625 quod
3228 1557 3424 1615 salutis

346 1622 463 1692 τῆς
484 1619 719 1678 ἑαυτῶύ
760 1619 1207 1693 ἀπογινώσκειν
1232 1620 1554 1690 σωτηρίας.
1618 1619 1635 1620 '7

2093 1634 2291 1679 nostra:
2311 1639 2451 1693 spem
2479 1619 2709 1695 abjicere
2738 1641 2845 1680 non
2870 1619 3172 1684 debeamus.

1911 1736 2015 1795 Job
2070 1754 2147 1806 ιι,
2182 1739 2270 1797 18.
2299 1770 2371 1783 -ρ
2396 1759 2415 1793 ι
2442 1738 2595 1797 Βοηο
2621 1744 2733 1797 eris
2767 1742 2973 1808 animo.
3013 1743 3140 1815 quia
3168 1760 3295 1819 spes
3326 1746 3424 1804 tibi

1768 1859 1812 1915 Β
1841 1839 1945 1887 est.
1986 1851 2005 1882 ι

230 1774 252 1811 ι
283 1755 571 1822 Πεποιθὼς
600 1753 723 1829 ἔσῃ,
753 1755 836 1810 ὅτι
862 1771 947 1809 σοι
980 1752 1126 1808 ἔστιν
1164 1752 1337 1819 ἐλπίς.
1371 1772 1395 1807 s

224 1964 245 2001 ι
280 1945 344 2002 υἱ
370 1942 782 2018 ἀπηλπισμένοι
811 1941 921 1998 τῶν
945 1937 1273 2014 ἀνθρώπων,
1312 1937 1729 2013 ἐμπλησθήσον-

151 2057 238 2095 ται
271 2037 639 2112 εὐφροσύνης.
679 2053 703 2091 s

216 2132 400 2197 Οὐδεὶς
425 2130 580 2202 φόϐῳ
607 2127 717 2184 τῶν
741 2125 1055 2201 στερήσεων
1082 2126 1152 2182 τά
1189 2125 1369 2197 ἀγαθά
1398 2123 1725 2181 ἀπωθεῖται.

153 2226 297 2282 οὕτω
322 2224 437 2298 γὰρ
457 2221 526 2278 ἂν
544 2222 697 2278 οὐδὲν
733 2220 843 2276 τῶν
872 2218 1230 2292 ἀνθρωπίνων
1278 2218 1532 2289 συνέστη,
1562 2218 1611 2271 εί
1642 2217 1728 2286 ἐφ’

150 2320 357 2393 ἑκάστῳ
382 2316 498 2373 τῶν
543 2314 995 2387 σπουδαζομένων
1034 2312 1132 2376 τὰς
1160 2311 1462 2385 ἀποτυχίας
1489 2309 1728 2381 ἐλογιζό-

154 2414 303 2488 μεθα.
331 2413 677 2487 Παράκειται
704 2410 815 2484 γὰρ
865 2412 933 2482 τῇ
966 2409 1215 2482 γεωργίᾳ
1242 2409 1278 2481 ἡ
1330 2404 1555 2478 ἀφορία,
1602 2407 1726 2471 ταῖς

152 2508 437 2584 ἐμπορίαις
476 2506 533 2561 δὲ
563 2505 633 2561 τὰ
670 2504 925 2574 ναυάγια,
961 2505 1075 2567 τοῖς
1110 2501 1313 2573 γάμοις
1363 2499 1421 2555 αί
1477 2502 1721 2572 χηρεῖαι,

150 2606 260 2669 ταῖς
310 2599 729 2675 παιδοτροφίαις
786 2598 844 2653 αἱ
898 2594 1320 2658 άποτεκνώσεις.
1384 2589 1525 2647 Ἀλλ’
1573 2591 1725 2663 ὅμως

151 2693 503 2767 ἐγχειροῦμεν
540 2693 651 2756 τοῖς
686 2689 889 2763 ἔργοις,
924 2690 1042 2753 ταῖς
1073 2683 1467 2760 χρηστοτέραις
1508 2681 1726 2740 ἐλπίσιν

152 2788 573 2863 ἐπερειδόμενοι,
603 2787 702 2858 τὴν
733 2785 790 2839 δέ
812 2783 921 2838 τῶν
945 2780 1309 2837 ἐλπισθέντων
1338 2778 1562 2835 ἔκϐασιν
1588 2779 1724 2837 ἀνα-

149 2881 376 2949 τιθέντες
401 2880 484 2953 τῷ
505 2879 574 2936 τά
602 2879 846 2952 ἡμέτερα
879 2874 1249 2949 οἰκονομοῦντι
1282 2872 1423 2947 Θεῷ.

211 3065 343 3123 Οὔτε
374 3068 403 3122 ὁ
440 3066 520 3139 μὴ
559 3063 820 3140 ῥᾳθυμῶν
873 3065 951 3128 είς
1017 3062 1331 3134 ἀπόγνωσιν
1384 3061 1453 3117 ἀν
1491 3058 1725 3132 ἐμπέσοι

151 3161 289 3227 ποτὲ,
348 3159 480 3217 οὔτε
525 3163 553 3215 ὁ
603 3160 936 3235 τρεφόμενος
1018 3156 1202 3212 ἐλπίσι
1267 3158 1566 3229 χρησταῖς,
1626 3156 1724 3211 καὶ

1910 1923 2026 1982 Ιεσ.
2058 1943 2208 1993 xxxx,
2244 1928 2331 1983 19.
2360 1957 2430 1969 -
2456 1948 2475 1981 ι
2504 1926 2767 1983 llomines
2788 1944 3025 2001 quorum
3049 1931 3202 1989 salus
3231 1931 3420 2007 deplo-

1836 2027 1959 2077 rata
1993 2030 2134 2087 erat,
2164 2020 2544 2094 implebuntur
2574 2023 2783 2079 laetitia.
2820 2043 2839 2077 ι

1907 2113 2082 2172 Basil.
2123 2114 2349 2172 Exhort.
2388 2116 2460 2172 ad
2504 2115 2650 2187 bapt.
2676 2147 2749 2159 -—
2780 2115 2953 2175 Nemo
3000 2118 3146 2175 bona
3197 2120 3418 2193 proiicit

1834 2222 2027 2264 eorum
2065 2208 2494 2267 amittendorum
2534 2219 2705 2268 metu.
2737 2210 2873 2268 Nam
2907 2212 3009 2269 hoc
3056 2220 3218 2285 pacto
3265 2216 3417 2271 nulla

1835 2318 1926 2360 res
1951 2303 2191 2360 humana
2225 2306 2578 2373 consisteret,
2618 2307 2665 2365 si
2703 2306 2758 2363 iu
2804 2308 3043 2381 singulis
3082 2309 3248 2366 rebus
3277 2326 3418 2381 quas

1834 2395 2241 2468 persequimur,
2294 2396 2545 2469 jacturas
2597 2398 3105 2458 consideraremus.
3159 2404 3418 2474 Agricul-

1834 2490 1975 2541 turae
1993 2484 2139 2541 enim
2168 2487 2434 2544 sterilitas
2456 2488 2726 2557 imminet,
2755 2500 3082 2549 mercatum
3103 2492 3413 2566 naufragia,

1833 2576 2112 2650 coniugiis
2158 2578 2474 2645 viduitates,
2507 2580 2934 2641 educationibus
2986 2584 3226 2641 ﬁliorum
3261 2588 3414 2643 orbi.

1832 2678 1997 2729 tates.
2027 2669 2215 2728 Nihilo
2250 2681 2433 2728 tamen
2480 2673 2640 2746 381
2674 2674 2858 2733 secius
2908 2691 3000 2734 res
3041 2679 3412 2751 aggredimur,

1831 2779 2050 2838 semper
2078 2764 2301 2837 quidem
2332 2765 2542 2822 latiora
2585 2766 2748 2824 nobis
2801 2767 3126 2842 pollicentes
3167 2784 3184 2827 :
3225 2785 3411 2827 rerum

1832 2875 1963 2918 vero
1987 2873 2128 2933 quas
2155 2874 2465 2932 speramus,
2487 2868 2747 2918 eventum
2776 2861 2847 2919 ad
2873 2878 3059 2920 rerum
3089 2873 3410 2924 nostrarum

1830 2951 2264 3025 dispensatorem
2311 2951 2476 3008 Deum
2526 2951 2842 3013 referimus.

1907 3041 2188 3117 Chrysost.
2223 3074 2294 3086 -—
2323 3042 2512 3118 Neque
2544 3047 2589 3103 is
2617 3048 2711 3121 qui
2745 3049 3042 3122 abignavia
3072 3062 3127 3109 et
3158 3056 3411 3112 socordia

1831 3146 2073 3195 remotus
2101 3146 2208 3203 est,
2237 3140 2295 3194 in
2350 3140 2788 3212 desperationem
2838 3156 3075 3215 unquam
3150 3148 3406 3207 incidet:

153 3258 220 3329 μὴ
239 3228 652 3327 ἀπογινώσκων-
686 3228 904 3321 ἑαυτοῦ,
951 3252 1032 3317 είς
1108 3249 1384 3325 ῥᾳθυμίαν
1432 3248 1719 3322 δυνήσεται

1846 3242 1924 3285 uec
1952 3228 2043 3300 qui
2075 3228 2197 3285 lata
2222 3244 2317 3299 spe
2346 3229 2605 3298 laetatur,
2645 3232 2711 3289 de
2740 3248 2836 3291 sua
2866 3235 3043 3293 salute
3078 3254 3183 3294 non
3217 3241 3413 3313 despe-

150 3348 419 3419 ἐμπεσεῖν.

208 3507 384 3563 ΤΙΤΔ.
403 3501 578 3561 Νι-
598 3504 737 3574 Περὶ
767 3500 1138 3574 ἀναθέματυς
1161 3499 1259 3555 καί
1287 3497 1650 3571 ἁφορισμοῦ.
1697 3571 1707 3582 ξ

225 3641 243 3675 ι
265 3622 377 3678 Οὐκ
393 3620 656 3683 εἰσοίσεις
683 3617 958 3692 βδέλυγμα
984 3618 1062 3681 είς
1082 3614 1173 3669 τὸν
1198 3611 1344 3669 οἶκόν
1368 3630 1482 3680 σου,
1503 3613 1600 3669 καί
1620 3613 1719 3686 ἔσῃ

147 3718 383 3792 ἀνάθεμα
412 3716 611 3790 ὥσπερ
637 3714 817 3770 τοῦτο.
867 3711 1311 3786 Προσοχθίσματι
1352 3710 1719 3783 προσοχθιείς,

146 3813 233 3867 καὶ
261 3810 599 3884 μελύγματι
655 3806 915 3882 βδελύξῃ,
955 3807 1037 3861 ὅτι
1090 3803 1342 3876 άνάθεμά
1386 3806 1553 3857 ἐστιν.
1596 3822 1617 3857 ι
1651 3834 1721 3846 -

153 3906 293 3977 «Οὐχ
319 3904 680 3979 εὑρεθήσεται
731 3903 790 3957 ἐν
835 3903 904 3973 τῇ
972 3899 1113 3972 χειρί
1160 3915 1253 3952 σου
1297 3897 1448 3952 οὐδὲν
1486 3896 1592 3952 ἀπὸ
1623 3898 1717 3952 τοῦ

150 3999 507 4074 ἀναθέματος.
544 4016 562 4052 ι

217 4184 377 4244 «Eine
434 4183 641 4259 Κύριος
699 4182 837 4251 πρὸς
871 4182 1113 4250 Ἰησοῦνο
1156 4180 1233 4236 Οὐ
1289 4182 1543 4238 δύνανται
1610 4182 1717 4239 υἱοὶ

162 4282 367 4355 Ἰσραὴλ
385 4280 688 4351 ὑποστῆναι
707 4278 847 4333 κατά
864 4280 1153 4350 πρόσωπον
1168 4279 1275 4332 τῶν
1291 4277 1499 4349 ἐχθρῶν
1516 4278 1715 4346 αὐτῶν,

151 4375 225 4429 ὅτι
242 4375 577 4447 ἐγενήθησαν
602 4371 870 4443 ἀνάθεμα.
902 4371 977 4425 Οὐ
1002 4371 1295 4444 προσθήσω
1327 4371 1407 4423 ἔτι
1424 4370 1540 4441 μεθ’
1563 4369 1716 4442 ὑμῶν

150 4462 298 4535 εἶναι,
332 4470 427 4524 ἐὰν
461 4468 536 4540 μὴ
564 4466 797 4539 ἐξάρητε
828 4470 888 4519 τὸ
923 4464 1168 4536 ἀνάθεμα
1221 4466 1281 4532 ἐξ
1314 4464 1467 4536 ὑμῶν
1510 4463 1711 4519 αὐτῶν.

1824 3338 1975 3391 rans,
2008 3322 2064 3377 in
2092 3322 2396 3380 socordiam
2446 3339 2685 3396 unquam
2745 3324 2851 3382 labi
2903 3332 3181 3400 potuerit.

1927 3492 2063 3551 TIT.
2096 3495 2312 3553 L.-—De
2335 3501 2669 3558 anathemate
2700 3511 2749 3557 et
2776 3506 3342 3566 excommunicatione.

1895 3607 2053 3666 Deut.
2090 3626 2194 3678 ιίι,
2224 3610 2315 3677 26,
2346 3611 2445 3667 27.
2468 3640 2540 3654 -ι
2574 3632 2594 3667 ι
2632 3613 2749 3671 Νοιι
2808 3614 3012 3672 inferas
3043 3618 3406 3677 abominatio-

1822 3717 1944 3759 n‘em
1978 3704 2031 3759 in
2064 3704 2284 3761 domum
2343 3714 2514 3775 tuam,
2549 3707 2747 3765 nelias
2779 3712 3103 3775 anathema,
3164 3713 3305 3770 sicut
3352 3727 3407 3772 et

1822 3795 1955 3853 illud
2014 3806 2117 3855 est.
2175 3798 2553 3858 Detestatione
2603 3802 2994 3871 dctestaberis,
3027 3813 3080 3860 et
3115 3805 3406 3862 abomina-

1823 3891 1970 3948 tione.
1994 3891 2422 3960 abomiuaberis,
2472 3894 2735 3965 quoniam
2789 3898 3077 3953 anathema
3130 3906 3235 3955 est.
3277 3918 3297 3953 ι
3332 3930 3404 3945 --

1825 4003 1846 4039 ι
1885 3984 2004 4043 Non
2038 3985 2345 4043 inveniatur
2373 3986 2427 4043 in
2458 4001 2619 4044 manu
2680 3995 2775 4044 tua
2834 3989 3127 4061 quidquam
3161 3992 3227 4047 de
3258 4006 3395 4046 ana-

1822 4079 2079 4136 themate.
2111 4097 2129 4132 ι

1890 4172 2052 4231 Iosue
2090 4190 2185 4244 νιι,
2223 4174 2408 4232 12-25.
2440 4204 2511 4216 —
2544 4194 2564 4227 ι
2596 4174 2745 4231 Dixit
2788 4175 3046 4233 Dominus
3078 4176 3144 4231 ad
3171 4175 3396 4235 Jesum:

1822 4265 1938 4322 Non
1972 4274 2231 4339 poterunt
2291 4268 2383 4324 ﬁlii
2443 4267 2610 4324 Israel
2659 4268 2956 4325 subsistere
3012 4280 3140 4325 ante
3200 4270 3396 4327 faciem

1820 4360 2169 4417 inimicorum
2200 4377 2464 4429 suorum;
2498 4362 2753 4433 quoniam
2786 4362 3060 4419 factisunt
3082 4366 3393 4420 anathema.

1819 4451 1936 4507 Non
1969 4454 2225 4526 adjiciam
2251 4455 2394 4510 ultra
2437 4470 2559 4512 esse
2584 4455 2887 4522 vobiscum,
2921 4456 3024 4513 nisi
3056 4456 3395 4514 abstuleritis

162 4560 411 4627 Ἀναστὰς
441 4561 669 4627 ἁγίασον
704 4560 796 4613 τον
838 4558 970 4612 λαὸν
1022 4558 1103 4622 είς
1132 4557 1229 4631 τὴν
1270 4555 1492 4629 αΰριον·
1532 4557 1625 4611 καλ⁵
1656 4556 1714 4621 ὃς

1846 4548 2113 4603 ιιιειιιιειιιο
2155 4564 2222 4603 ex
2269 4548 2421 4604 vobis
2474 4547 2625 4619 ipsis.
2691 4546 2933 4620 Surgens
2989 4549 3268 4605 sanctiﬁca
3303 4566 3397 4621 po-

157 4618 428 4727 ἀναδειχθῇ
460 4618 612 4726 παρά
640 4652 869 4724 Κυρίου,
920 4618 1403 4723 κατακαυθήσεται
1440 4650 1499 4703 ἐν
1554 4618 1711 4722 πυρὶ,

1846 4638 2001 4711 ιιιιιιηι
2035 4641 2087 4695 in
2148 4641 2450 4697 crastinum
2486 4660 2501 4697 :
2536 4648 2592 4696 ct
2616 4640 2704 4711 qui
2763 4641 3143 4712 deprehensus
3206 4642 3393 4711 fuerit,

158 4749 244 4801 καὶ
292 4749 469 4803 πάντα
527 4749 627 4801 ὃσα
662 4746 809 4800 ἐστὶν
836 4742 984 4816 αὐτῷ
1010 4786 1025 4811 ,
1056 4745 1138 4798 ὅτι
1172 4743 1385 4815 παρέϐη
1407 4740 1503 4816 τὴν
1531 4742 1713 4814 διαθή-

155 4856 249 4912 κην
275 4843 500 4914 Κυρίου,
532 4841 625 4894 κα⁹ι
653 4838 908 4911 ἐποίησεν
935 4838 1196 4908 ἁνόμημα
1221 4837 1279 4889 ἐν
1323 4836 1561 4908 Ἰσραήλ.
1602 4836 1713 4890 Καὶ

154 4931 405 5007 (υρθρισεν
469 4933 676 5006 Ἰησοῦς
734 4932 793 4987 τὸ
844 4929 1009 5003 πρωῒ,
1052 4931 1144 4982 καὶ
1192 4925 1314 4981 εἷπε
1364 4927 1441 4999 τῷ
1504 4928 1674 5001 Ἀχάρ

164 5024 496 5097 ’Δνάγγειλόν
536 5044 647 5100 μοι,
707 5026 760 5080 τί
801 5024 1081 5094 ἐποίησας.
1131 5022 1242 5075 Καὶ
1289 5018 1439 5075 εἶπεν
1504 5022 1710 5092 Ἀχάρσ

153 5114 294 5173 Εἶδον
342 5112 400 5175 ἐν
450 5122 518 5192 τῇ
581 5120 827 5191 προνομῇ
877 5115 1040 5188 ψιλὴν
1084 5114 1336 5185 ποικίλην
1375 5112 1570 5184 καλὴν,
1616 5113 1711 5166 καὶ

154 5210 384 5268 διακόσια
408 5214 681 5287 δίδραχμα
727 5209 1014 5285 ἀργυρίου,
1065 5209 1161 5264 καὶ
1217 5206 1468 5277 γλῶσσαν
1504 5209 1711 5279 χρυσῆν

158 5306 473 5377 πεντήκοντα
532 5303 867 5377 διδράχμων,
924 5300 1019 5355 καὶ
1068 5296 1261 5353 ἔλαϐον
1300 5313 1315 5328 ·
1345 5298 1439 5351 καὶ
1476 5297 1585 5352 ἰδοὺ
1614 5315 1709 5352 xeo

158 5396 429 5469 κρυμμίνα
481 5397 619 5453 εἰσιν
650 5397 705 5450 ἐν
730 5398 798 5468 τῇ
834 5396 925 5466 γῇ.
958 5391 1071 5447 Καὶ
1112 5389 1501 5461 ἐλιθοϐόλησαν
1548 5390 1710 5445 αὑτὸν

160 5489 241 5541 καὶ
262 5490 460 5556 πάντας
484 5492 609 5556 τοὺς
636 5489 825 5545 αὐτοῦ.
853 5507 873 5540 ι

161 5622 325 5682 ΤΙΤΛ.
355 5628 482 5686 NA'.
515 5627 740 5697 -Περί
772 5627 1055 5697 ἀμίκτων,
1099 5624 1196 5679 καί
1229 5622 1349 5677 τῶν
1376 5619 1705 5691 ἀκοινωνή-

456 5718 569 5770 τως
616 5701 884 5771 ἐχόντων
922 5698 1072 5767 πρὸς
1106 5697 1364 5765 ἄλληλα.

228 5826 247 5863 t
272 5811 332 5866 τί
359 5814 418 5869 eo
439 5814 639 5889 ἄχυρον
668 5813 802 5887 πρὸς
832 5814 922 5868 τὸν
953 5816 1135 5880 atrox»;
1172 5830 1194 5864 ι.

230 5918 250 5959 t
274 5905 332 5961 Ti
359 5911 676 5983 κοινωνήσει
727 5908 889 5974 λύκος
937 5907 1127 5982 ἀμνῷ;
1161 5906 1332 5971 οὕτως
1384 5903 1705 5980 ἁμαρτωλὸς

414 6005 679 6069 Puncta
715 6006 833 6069 (in.
865 6006 1044 6073 XCV:

1814 4734 2169 4789 comburetur
2229 4734 2381 4805 igni,
2413 4744 2465 4790 et
2510 4734 2691 4790 omnia
2742 4748 3083 4804 quacunque
3136 4745 3264 4790 sunt
3292 4738 3391 4803 ei;

1818 4824 2080 4894 quoniam
2116 4835 2489 4897 transgressus
2520 4835 2601 4881 est
2632 4834 3019 4881 testamentum
3064 4826 3304 4893 Domini,
3336 4841 3391 4883 et

1816 4915 1947 4973 fecit
2006 4917 2347 4987 iniquitatem
2405 4920 2458 4974 in
2505 4918 2693 4975 Israel.
2742 4921 2808 4975 Et
2856 4919 3095 4977 diluculo
3155 4924 3389 4977 surrexit

1811 5008 1990 5078 Jesus,
2021 5021 2074 5067 et
2103 5010 2241 5066 dixit
2270 5012 2451 5069 Achar
2484 5031 2499 5067 :
2531 5014 2807 5069 Annuntia
2840 5014 2971 5069 mihi
3006 5014 3134 5086 quid
3188 5012 3391 5071 fecisti.

1822 5106 1887 5160 iit
1915 5104 2051 5161 dixit
2087 5104 2303 5163 Achar:
2340 5105 2462 5162 Vidi
2494 5109 2546 5161 in
2579 5108 2762 5180 praeda
2797 5116 2999 5163 vestem
3036 5108 3235 5162 variam
3270 5109 3390 5179 pul-

1812 5200 2023 5263 chram.
2055 5209 2109 5255 et
2139 5200 2369 5257 ducenta
2397 5202 2747 5258 didrachmas
2792 5204 3023 5273 argenti,
3060 5210 3112 5257 et
3146 5200 3385 5271 linguam

1814 5306 1980 5346 unam
2026 5307 2246 5349 auream
2280 5294 2675 5367 quinquaginta
2708 5296 3178 5364 didrachmarum,
3212 5306 3266 5352 et
3296 5311 3385 5353 ac-

1809 5384 1931 5453 cepi
1967 5399 1982 5438 :
2015 5393 2070 5439 et
2100 5400 2227 5442 ecce
2257 5388 2572 5443 abscondita
2633 5396 2760 5443 sunt
2793 5388 2843 5443 in
2878 5394 3044 5445 terra.
3080 5387 3145 5443 Et
3173 5388 3387 5461 lapidac

1810 5486 2011 5533 verunt
2047 5494 2196 5547 eum,
2226 5489 2281 5537 et
2311 5497 2502 5538 omnes
2534 5483 2624 5554 qui
2658 5482 2831 5555 ipsius
2864 5492 3041 5538 erant.
3080 5502 3099 5539 ι

1810 5616 1946 5674 ΤΙΤ.
1982 5615 2222 5673 LL—De
2248 5620 2312 5673 iis
2341 5636 2457 5691 qua:
2484 5621 2690 5676 tnrsreri
2728 5639 2829 5677 non
2852 5632 3091 5693 possunt,
3116 5639 3209 5679 nec
3240 5639 3383 5678 cont-

2211 5696 2458 5746 mercium
2492 5696 2624 5749 inm
2653 5711 2707 5748 se
2734 5694 2941 5750 habere.

1878 5807 2072 5863 Jerem.
2102 5825 2259 5873 mn.
2296 5810 2461 5866 28.»
2495 5832 2511 5865 ι
2554 5814 2693 5881 Quid
2752 5814 2921 5887 palcm
2951 5814 3017 5870 ad
3049 5813 3291 5869 triticum
3321 5813 3383 5867 τι

1885 5902 2062 5961 Ertli.
2090 5919 2211 5973 xm,
2244 5905 2298 5978 '5,
2327 5906 2503 5967 2i.—-
2541 5930 2556 5962 ι
2596 5908 2735 5977 Quid
2767 5908 3197 5969 communicabit
3229 5907 3389 5991 lupus

2996 6002 3068 6068 40
