3886 6248
198 340 324 405 1201

1419 347 1656 409 ΞΛΟΒᾹ
1679 346 2144 418 PARALLELA.

3326 371 3460 438 1262

193 456 550 528 παραϐολαῖς,
580 435 768 526 λέγων
787 475 801 490 ⁸
839 458 1115 530 Ὠμοιὼοη
1143 461 1176 530 η
1206 458 1452 533 βασιλεία
1474 459 1582 515 τῶν
1607 458 1763 531 οὐρα-

1883 480 1976 523 sus
2019 467 2238 526 locutus
2299 479 2385 528 cst
2436 472 2515 530 eis
2549 475 2599 529 in
2627 477 2925 546 parabolis,
2984 481 3174 540 dicens
3215 504 3229 542 :
3268 485 3460 546 Simile

195 551 297 604 νῶν
328 549 602 623 ἀνθρώπῳ
622 550 852 626 βασιλεῖ,
889 552 1037 618 ὅστις
1067 552 1286 625 ἐποίησε
1315 554 1522 624 γάμους
1552 551 1631 623 τῷ
1669 550 1772 622 υἱῷ

197 641 382 699 αὑτοῦ.
427 643 541 698 Καὶ
579 644 872 698 ἀπέστειλε
925 646 1050 710 τοὺς
1093 644 1316 710 δούλους
1347 643 1513 701 αὐτοῦ
1545 644 1770 700 καλέσαι

193 737 318 799 τοὺς
339 734 713 808 κεκλημένους
760 740 842 803 εἰς
892 739 1022 802 τοὺς
1071 738 1305 810 γάμους,
1334 741 1430 794 καὶ
1453 739 1552 794 οὐκ
1577 739 1769 812 ἡθελον

189 827 362 882 ἐλθεῖν
392 845 408 860 ·
469 829 630 884 πάλιν
687 830 1010 886 ἀπέστειλεν
1049 832 1244 897 ἄλλους
1279 831 1518 898 δούλους,
1552 833 1729 903 λέγων
1751 850 1764 864 ο

190 923 395 977 Εἴπατε
425 925 540 987 τοῖς
561 924 947 998 κεκλημένοις,
985 926 1118 981 Ἰδοὺ
1137 926 1197 980 τὸ
1231 925 1455 997 ἄριστόν
1481 944 1582 998 μου
1623 926 1769 998 ἡτοί-

192 1032 359 1085 μασα,
383 1016 434 1069 οἱ
461 1017 654 1090 ταῦροι
693 1017 875 1072 καὶτὰ
896 1017 1107 1073 σιτιστὰ
1138 1016 1433 1088 τεθυμένα,
1461 1018 1558 1071 καὶ
1593 1017 1770 1072 πάντα

186 1109 406 1180 ἕτοιμα’
439 1111 596 1164 δεῦτε
653 1112 734 1176 εἰς
762 1114 888 1177 τοὺς
928 1111 1161 1183 γάμους.
1196 1113 1260 1167 Oi
1305 1110 1360 1166 δὲ
1393 1111 1770 1184 ἀμελήσαντες

188 1203 449 1274 ἀπῆλθον,
478 1207 506 1257 6
542 1206 639 1276 μὲν
665 1206 744 1270 εἰς
773 1205 832 1259 τὸ
865 1206 995 1260 [διον
1041 1205 1223 1276 ἔργον,
1268 1208 1295 1261 6
1332 1204 1389 1260 δὲ
1421 1208 1503 1270 εἰς
1530 1206 1630 1278 τὴν
1664 1207 1766 1278 ἐμ·-

189 1298 382 1368 πορὶαν
429 1296 598 1352 αὐτοῦ
623 1314 637 1328 ·
679 1299 729 1352 0i
776 1297 832 1353 δὲ
872 1297 1051 1352 λοιποὶ
1076 1296 1454 1370 κρατήσαντες
1491 1297 1619 1362 τοὺς
1646 1295 1770 1351 δούς-

186 1390 308 1455 λους
336 1388 528 1458 αὑτοῦ,
557 1389 791 1463 ὕϐρισαν
841 1391 936 1446 καὶ
977 1391 1328 1448 ἀπέκτειναν.
1385 1393 1497 1446 Καὶ
1526 1389 1770 1458 ἀκούσας

185 1485 212 1537 6
241 1481 500 1554 βασιλεὺς
527 1484 754 1549 ἐκεῖνος,
804 1483 1077 1556 ὠργίσθη,
1111 1485 1207 1537 καὶ
1243 1483 1470 1554 πέμψας
1500 1483 1570 1539 τά
1600 1501 1767 1557 στραο

184 1577 432 1648 τεύματα
481 1576 671 1642 αὐτοῦ,
703 1576 956 1631 ἀπώλεσε
1012 1577 1138 1640 τοὺς
1170 1578 1352 1647 φονεῖς
1381 1577 1643 1643 ἐκείνους,
1673 1577 1768 1632 καὶ

185 1669 280 1741 τὴν
309 1668 466 1724 πόλιν
510 1669 691 1723 αὐτῶν
724 1669 1046 1741 ἐνέπρησεν.
1077 1668 1211 1722 Τότε
1245 1668 1395 1737 λέγει
1427 1671 1537 1733 τοῖς
1559 1667 1766 1734 δούλοις
1793 1733 1796 1736 λ

185 1762 368 1819 αὑτοῦ·
411 1763 474 1818 Ὀ
501 1765 601 1836 μὲν
633 1763 809 1836 γάμος
843 1765 1084 1836 ἕτοιμος,
1141 1765 1191 1817 oi
1217 1763 1272 1818 δὲ
1313 1763 1643 1836 κεκλημένοι
1667 1762 1767 1819 οὐκ

1878 567 1962 615 est
1988 576 2218 650 regnum
2239 561 2504 620 cmlorutn
2535 567 2744 624 homini
2777 569 2912 642 regi,
2936 575 3028 646 qui
3089 576 3214 632 fecit
3237 581 3459 650 nuptias

1879 651 1994 707 lilio
2028 647 2149 708 suo.
2186 653 2255 709 Et
2289 656 2444 714 misit
2477 674 2667 716 servos
2711 677 2845 719 suos
2875 680 3074 725 vocare
3103 647 3367 728 invitatos
3389 674 3456 728 ad

1878 743 2130 814 nuptias;
2157 754 2212 801 et
2233 745 2492 804 nolebant
2534 750 2743 810 venire.
2778 752 2976 813 lterum
3010 759 3153 816 misit
3177 763 3318 819 alios
3341 779 3461 827 scr-

1877 853 1975 893 vos
2030 839 2220 896 dicens
2267 842 2507 900 :‘Dicite
2563 847 2816 903 invitatis
2871 868 2889 906 :
2951 850 3096 911 Ecce
3162 859 3456 927 prandium

1879 944 2058 986 meum
2091 933 2301 1003 paravi,
2329 937 2474 992 tauri
2539 942 2643 996 mei
2676 950 2730 998 ct
2766 943 2948 1000 altilia
3006 949 3184 1005 occisa
3217 963 3366 1015 sunt.
3406 949 3460 1011 et

1875 1024 2061 1080 omnia
2093 1035 2285 1096 parata
2317 1047 2333 1084 :
2371 1033 2555 1089 venite
2597 1036 2664 1090 ad
2687 1039 2931 1108 nuptias.
2959 1042 3041 1097 illi
3069 1053 3256 1101 autem
3282 1049 3462 1120 negle-

1880 1131 2099 1187 xerunt,
2128 1129 2187 1178 et
2211 1125 2492 1195 abierunt,
2527 1128 2668 1186 alius
2691 1131 2746 1186 in
2783 1133 2970 1189 villam
3017 1151 3197 1208 suam,
3235 1150 3288 1197 et
3319 1144 3461 1201 alius

1876 1212 1944 1268 ad
1970 1216 2397 1288 negotiationem
2453 1237 2631 1279 suam.
2705 1225 2920 1299 Reliqui
2973 1247 3102 1288 vero
3159 1243 3461 1296 tenuerunt

1876 1317 2156 1376 servos,et
2184 1315 2531 1373 contumeliis
2580 1318 2807 1380 allectos
2837 1326 3188 1386 occiderunt.
3221 1331 3336 1388 Rex
3360 1348 3460 1390 au-

1875 1408 1986 1459 tem
2016 1418 2142 1460 cum
2160 1406 2425 1476 audisset,
2454 1409 2632 1470 iratus
2669 1425 2774 1480 est,
2815 1428 2871 1474 et
2917 1419 3101 1479 missis
3121 1425 3459 1484 exercitibus

1876 1497 2012 1563 suis,
2047 1500 2282 1568 perdidit
2315 1501 2627 1565 homicidas
2656 1508 2802 1575 illos,
2832 1519 2888 1568 et
2920 1513 3202 1573 civitatem
3235 1520 3457 1579 illorum

1873 1593 2180 1650 succendit.
2216 1593 2376 1654 Tunc
2420 1599 2499 1654 ait
2543 1604 2726 1660 servis
2771 1606 3169 1681 suis:Nuptiae
3233 1615 3456 1685 quidem

1873 1693 2082 1757 parata:
2106 1697 2262 1758 sunt,
2290 1691 2388 1750 sed
2419 1694 2514 1766 qui
2547 1697 2765 1755 invitati
2818 1709 3000 1768 erant,
3059 1721 3168 1762 non
3237 1707 3460 1766 fuerunt

1875 1776 2050 1874 digni.
2083 1778 2161 1874 ite
2191 1797 2326 1854 ergo
2356 1785 2423 1840 ad
2464 1788 2651 1845 exitus
2708 1791 2952 1862 viarum,
2984 1806 3041 1855 et.
3090 1815 3458 1874 quoscunque

183 1853 322 1928 ἦσαν
346 1856 512 1924 ἄξιοι.
586 1859 892 1931 Πορεύεσθε
938 1854 1031 1914 οὖν
1076 1858 1169 1913 ἐπὶ
1219 1859 1321 1923 τὰς
1353 1857 1624 1927 διεξόδους
1661 1859 1763 1915 τῶν

1881 1868 2217 1943 inveneritis,
2254 1884 2448 1936 vocate
2469 1880 2535 1936 ad
2583 1885 2830 1955 nuptias.
2871 1887 2939 1944 Et
2972 1853 3217 1960 egressis
3272 1853 3458 1954 scr'vis

184 1950 341 2018 όδῶν,
367 1951 466 2006 καὶ
496 1951 659 2018 ὅσους
685 1952 754 2007 ἂν
815 1951 1040 2024 εὕρητε,
1093 1951 1360 2006 καλέσατε
1401 1954 1482 2017 εἰς
1515 1953 1642 2018 τοὺς
1668 1953 1772 2024 γά-

188 2061 341 2115 μους.
365 2046 484 2100 Καὶ
503 2043 808 2112 ἐξελθόντες
832 2048 883 2100 0i
910 2045 1089 2100 δοῦλοι
1126 2047 1327 2100 ἐκεῖνοι
1360 2048 1442 2110 εἰς
1465 2045 1565 2110 τὰς
1592 2045 1768 2115 ὁδοὺς,

186 2144 494 2211 συνήγαγον
525 2140 734 2205 πάντας
761 2141 922 2206 ὅσους
933 2132 1116 2212 εὗρον,
1145 2136 1419 2212 πονηρούς
1432 2156 1492 2193 τε
1509 2141 1606 2195 καὶ
1636 2141 1771 2210 ἁγαο

185 2234 342 2299 θούς·
373 2235 473 2289 καὶ
503 2235 808 2309 ἐνεπλήσθη
853 2236 884 2289 6
930 2235 1111 2307 γάμος
1144 2236 1558 2308 ἀνακειμένωνο
1598 2254 1619 2289 ι
1673 2236 1771 2301 καὶ

183 2327 252 2382 τὰ
273 2329 438 2383 λοιπά
469 2329 566 2383 τοῦ
585 2329 806 2402 χωρίου.

257 2424 434 2477 «Τότε
480 2422 741 2496 ὡμοιώθη
793 2425 828 2495 ἡ
889 2415 1144 2494 βασιλεία
1196 2422 1308 2479 τῶν
1355 2423 1604 2496 οὐρανῶν
1635 2425 1771 2484 δέκα

186 2516 496 2589 παρθένοις,
549 2515 759 2582 αἵτινες
811 2514 1077 2573 λαϐοῦσαι
1121 2516 1220 2583 τὰς
1244 2516 1533 2589 λαμπάδας
1566 2504 1766 2588 αὐτῶν,

187 2608 404 2682 ἐξῆλθον
450 2610 536 2671 εἰς
553 2610 858 2682 ἀπάντησιν
888 2607 982 2663 τοῦ
1022 2610 1280 2682 νυμφίου,
1322 2630 1341 2666 ι
1366 2611 1460 2666 καὶ
1478 2610 1548 2666 τὰ
1571 2611 1758 2670 λοιπά.

258 2721 278 2756 ι
324 2705 558 2776 Ἔλεγεν
589 2707 618 2760 ό
641 2704 843 2777 Κύριος
866 2721 882 2737 ο
929 2702 1117 2768 Οῦτως
1156 2706 1305 2760 ἐστὶν
1334 2708 1369 2779 ἡ
1402 2706 1647 2778 βασιλεία
1671 2707 1766 2764 τοῦ

187 2799 338 2867 Θεοῦ,
362 2801 439 2866 ὡς
470 2800 568 2855 ἐὰν
620 2798 907 2874 ἄνθρωπος
938 2798 1080 2872 βάλῃ
1131 2800 1224 2855 τὸν
1287 2801 1487 2874 σπόρον
1531 2803 1622 2857 ἐπὶ
1667 2804 1768 2875 τῆς

187 2893 302 2965 γῆς,
341 2895 439 2950 καὶ
490 2893 748 2968 καθεύδῃ,
804 2895 900 2950 καὶ
950 2895 1232 2968 ἐγείρηται
1283 2895 1456 2951 νύκτα
1507 2898 1602 2952 καὶ
1633 2898 1771 2970 ἠμέ-

191 3003 301 3058 ραν,
325 2987 420 3042 καὶ
447 2989 481 3042 6
511 2988 712 3062 σπόρος
742 2986 1018 3063 βλαστάνῃ
1043 3031 1058 3054 ,
1098 2989 1190 3043 καὶ
1226 2989 1537 3062 μηκύνηται
1561 2989 1637 3055 ὡς
1666 2991 1768 3045 οὐκ

186 3075 318 3134 οἶδεν
343 3080 530 3146 αὐτός.
555 3080 849 3153 Αύτομάτη
898 3082 1011 3154 γὰρ
1043 3081 1076 3153 ἡ
1107 3080 1177 3153 γῆ
1211 3084 1575 3153 καρποφορεῖ,
1608 3081 1763 3154 πρῶ-

186 3187 271 3225 τον
295 3173 513 3244 χόρτον,
544 3169 662 3228 εἶτα
718 3172 980 3246 ἄσταχυν,
1031 3172 1152 3229 εἶτα
1205 3174 1391 3246 πλήρη
1432 3176 1580 3229 σῖτον
1601 3176 1661 3230 ὲν
1684 3175 1764 3247 τῷ

189 3267 394 3338 στάχυϊ.
423 3266 599 3321 Ὅταν
620 3265 676 3320 δὲ
711 3265 940 3338 παραδῷ
959 3270 987 3322 6
1007 3267 1240 3341 καρπὸς,
1275 3267 1478 3334 εὐθέως
1499 3269 1760 3324 ἀποστὲλο

189 3450 298 3507 Τίνι
336 3453 596 3528 ὁμοιώσω
651 3454 751 3525 τὴν
796 3452 1075 3526 βασιλείαν
1133 3454 1228 3509 τοῦ
1256 3454 1427 3523 Θεοῦ;
1465 3454 1498 3528 ἢ
1541 3455 1601 3509 ὲν
1630 3456 1762 3528 ποίᾳ

188 3553 470 3627 παραδολῇ
539 3552 966 3627 παραϐάλλομεν
1029 3553 1239 3626 αὐτήν;
1295 3551 1384 3618 Ὠς
1447 3552 1631 3626 κόκκῳ
1681 3570 1764 3608 σι·

188 3645 494 3714 νάπεως,ὂς
527 3648 660 3703 ὅταν
691 3651 873 3722 σπαρῇ
905 3647 999 3702 ἐπὶ
1012 3648 1111 3719 τῆς
1133 3649 1256 3721 γῆς,
1273 3647 1596 3721 μικρότερον
1630 3648 1765 3703 πάν-

186 3754 290 3794 των
317 3740 425 3797 τῶν
451 3741 785 3817 σπερμάτων
804 3743 909 3798 τῶν
944 3744 1035 3797 ἐπὶ
1060 3745 1163 3815 τῆς
1191 3744 1296 3815 γῆς
1339 3743 1479 3810 ἐστι,
1517 3743 1612 3798 καὶ
1634 3745 1762 3800 ὅταν

190 3837 392 3908 σπαρῇ,
417 3835 704 3891 ἀναϐαίνει
757 3839 975 3892 πάντων
993 3835 1104 3892 τῶν
1137 3835 1389 3906 λαχάνων
1420 3835 1643 3907 μείζων,
1668 3837 1764 3892 καὶ

187 3932 326 3984 ποιεϊ
373 3931 606 3995 κλάδους
657 3932 952 4005 μεγάλους,
1003 3929 1145 3986 ὥστε
1199 3929 1462 3985 δύνασθαι
1508 3931 1614 3986 ὑπὸ
1660 3931 1761 4002 τὴν

191 4024 344 4080 σκιὰν
366 4022 535 4081 αὐτοῦ
561 4025 632 4080 τὰ
661 4025 885 4080 πετεινὰ
913 4024 1006 4079 τοῦ
1034 4021 1266 4095 ούρανοῦ
1290 4020 1690 4095 κατασκηνοῦν.
1736 4041 1754 4074 ι

259 4132 278 4166 ι
307 4114 403 4170 Διὰ
430 4115 644 4170 πολλῶν
675 4115 908 4186 θλίψεων
936 4115 1016 4170 δεῖ
1063 4115 1214 4188 ἡμᾶς
1237 4113 1502 4170 εἰσελθεῖν
1549 4115 1630 4179 εἰς
1655 4115 1755 4186 τὴν

193 4205 466 4276 βασιλείαν
494 4208 588 4263 τοῦ
619 4209 778 4263 Θεοῦ.
819 4228 850 4263 ν»

260 4319 280 4354 ι
313 4303 429 4358 οὐκ
473 4301 620 4356 ἐστιν
669 4303 705 4374 η
763 4299 1009 4373 βασιλεία
1075 4300 1169 4355 τοῦ
1214 4298 1350 4356 Θεοῦ
1400 4299 1610 4373 βρῶσις
1663 4299 1760 4354 καὶ

191 4392 338 4459 πόσις
369 4436 385 4462 ,
437 4395 577 4450 ἀλλά
617 4393 933 4466 δικαιοσύνη
986 4393 1081 4447 καὶ
1144 4391 1294 4464 χαρὰ
1357 4393 1416 4444 ὲν
1477 4389 1759 4462 Πνεύματι

188 4485 341 4559 ἁγίῳ.
380 4509 399 4542 ι
483 4483 492 4490 ’
1249 4508 1252 4512 ·
1650 4498 1654 4500 ⁷

1790 3223 1834 3281 C

185 3357 638 3434 λειτδδρέπανον,
660 3361 1109 3436 δτιπαρέστηκεν
1148 3365 1176 3417 6
1210 3361 1492 3435 θερισμός.
1532 3362 1760 3433 Ἔλεγε*
1808 3376 1814 3381 ·

1872 1962 1993 2032 ejus
2026 1963 2079 2019 in
2110 1966 2250 2032 vias,
2273 1984 2747 2044 congregavernnt
2785 1994 2981 2038 omnes
3038 1999 3177 2054 quos
3239 1985 3458 2044 invene-

1872 2066 2003 2112 runt
2027 2059 2203 2117 malos
2227 2070 2280 2119 et
2308 2064 2507 2134 bonos,
2544 2077 2602 2124 et
2625 2069 2865 2140 impletae
2917 2089 3044 2133 sunt
3099 2081 3304 2151 nuptize
3353 2083 3460 2142 dis-

1872 2153 2256 2211 cumbentium
2291 2177 2306 2213 :
2342 2177 2361 2210 ι
2391 2170 2444 2214 ει
2473 2162 2684 2232 reliqua
2711 2164 2877 2235 hujus
2916 2168 3045 2225 loci.

1944 2423 2140 2480 Matth.
2167 2443 2291 2493 xxv,
2325 2428 2373 2483 l.
2405 2460 2474 2473 —
2498 2448 2516 2482 ι
2563 2428 2722 2488 Tunc
2769 2434 2954 2491 simile
2988 2437 3194 2492 factum
3241 2450 3324 2495 est
3365 2457 3457 2498 re-

1872 2535 2037 2590 gnum
2068 2522 2336 2579 caelorum
2361 2525 2555 2582 decem
2587 2526 2916 2599 virginibus,
2944 2547 3065 2603 qua:
3115 2533 3455 2606 accipientes

1872 2611 2154 2684 lampades
2175 2629 2323 2679 suas,
2347 2616 2602 2672 exierunt
2631 2617 2846 2674 obviam
2881 2633 3115 2691 sponso,
3157 2641 3176 2674 ι
3201 2636 3308 2680 etc.

1948 2703 2120 2766 Marc.
2167 2721 2242 2768 tv.
2274 2706 2387 2764 26-
2431 2707 2519 2764 '52.
2547 2741 2618 2750 —
2658 2728 2678 2762 ι
2714 2711 2944 2769 Dicebat
3001 2715 3271 2773 Dominus
3320 2716 3456 2773 :Sic

1871 2807 1957 2856 est
1974 2814 2201 2874 regnum
2232 2801 2523 2869 ccelorum,
2552 2804 3011 2876 quemadmodum
3034 2809 3078 2864 si
3105 2809 3458 2881 homojaeiat

1871 2901 2178 2950 sementem
2214 2894 2268 2951 in
2322 2904 2552 2963 terram,
2581 2905 2638 2955 et
2689 2896 2949 2967 dormiat,
2981 2905 3036 2955 et
3066 2909 3324 2974 exsurgat
3357 2917 3455 2958 no-

1869 2999 1959 3044 cte
1988 2998 2041 3045 et
2071 2989 2191 3057 die’,
2223 3000 2280 3045 et
2330 3006 2523 3049 semen
2570 2991 2867 3066 germinet,
2909 3003 2964 3050 et
3006 2994 3280 3053 increscat
3319 2998 3453 3051 tium

1871 3084 2052 3140 nescit
2090 3084 2201 3140 ille.
2231 3083 2391 3142 Ultro
2420 3086 2566 3142 enim
2632 3094 2781 3144 terra
2847 3088 3166 3153 frttctiiicat,
3208 3090 3453 3162 primum

1869 3178 2120 3245 herbam,
2151 3177 2351 3236 deinde
2374 3178 2608 3252 spicam,
2637 3179 2836 3237 deinde
2864 3180 3027 3254 383
3076 3181 3300 3253 plenum
3330 3180 3453 3238 l’ru-

1869 3279 2117 3329 mentum
2141 3272 2196 3328 in
2217 3273 2390 3343 spica.
2416 3272 2479 3329 Et
2521 3291 2645 3332 cum
2662 3290 2727 3330 ex
2747 3290 2809 3332 se
2842 3275 3164 3347 produxerit
3186 3275 3448 3342 fructum,

1870 3366 2055 3424 statim
2098 3367 2263 3424 mittit
2293 3366 2509 3434 falcem,
2538 3368 2793 3440 quoniam
2860 3370 3015 3425 adest
3070 3370 3286 3428 messis.
3341 3371 3441 3430 Cti

1871 3460 2190 3518 assimilabo
2221 3475 2451 3532 regnum
2481 3459 2616 3517 Dei?
2649 3471 2703 3518 et
2727 3461 2781 3517 in
2809 3478 2916 3532 qua
2974 3463 3235 3532 parabola
3299 3478 3448 3520 com-

1869 3570 2128 3627 paramus
2158 3555 2336 3612 illud?
2385 3555 2539 3611 Sicut
2597 3569 2771 3625 grano
2832 3555 3066 3628 sinapis,
3117 3556 3266 3628 quod
3325 3575 3448 3615 cum

1869 3648 2200 3704 seminatum
2234 3645 2399 3704 fuerit
2439 3647 2493 3702 in
2524 3655 2689 3712 terra,
2726 3645 2907 3704 minus
2940 3657 3024 3706 est
3075 3649 3334 3706 omnibus
3363 3667 3450 3708 se-

1868 3742 2131 3806 minibus,
2202 3759 2326 3814 quae
2375 3749 2506 3800 sunt
2540 3741 2593 3797 in
2628 3749 2770 3796 terra
2801 3759 2816 3807 ;
2843 3749 3045 3798 etcum
3118 3741 3447 3800 seminatum

1870 3834 2055 3902 fuerit,
2091 3836 2340 3894 ascendit
2370 3836 2629 3892 omnibus
2681 3835 2926 3893 oleribus
2995 3835 3198 3908 majus,
3225 3846 3281 3892 et
3309 3836 3444 3892 facit

1867 3943 2050 3988 ramos
2083 3945 2340 4003 magnos,
2371 3937 2430 3986 ut
2461 3927 2674 3999 possint
2704 3928 2809 3984 sub
2865 3928 3058 3984 umbra
3099 3927 3222 4000 ejus
3280 3929 3442 3985 volu-

1868 4039 1990 4080 cres
2029 4023 2150 4081 coeli
2179 4023 2453 4079 habitare.
2479 4040 2498 4074 ι

1939 4117 2058 4172 Act.
2093 4134 2205 4183 xw,
2233 4117 2324 4171 21.
2350 4149 2420 4158 ——
2451 4137 2468 4169 ι
2502 4115 2607 4172 Per
2630 4116 2836 4170 multas
2868 4113 3256 4173 tribulationes
3281 4131 3448 4188 opor-

1869 4222 1943 4269 tet
1973 4228 2076 4270 nos
2107 4213 2314 4268 intrare
2347 4213 2401 4267 in
2439 4227 2668 4284 regnum
2701 4210 2818 4267 Dei.
2853 4230 2871 4263 ι

1941 4304 2096 4360 Rom.
2135 4319 2245 4369 xw,
2280 4305 2369 4359 l7.
2404 4335 2470 4345 -
2503 4324 2524 4357 ι
2560 4301 2680 4360 Non
2710 4315 2793 4361 est
2827 4319 3056 4375 regnum
3100 4303 3196 4362 Dei
3236 4321 3362 4362 esca
3389 4317 3445 4363 ct

1868 4404 2052 4468 potus,
2089 4397 2187 4452 sed
2222 4393 2437 4466 iustitia
2463 4406 2518 4450 et
2559 4393 2819 4467 gaudium
2853 4395 2909 4451 in
2934 4395 3141 4467 Spiritu
3171 4407 3383 4455 saneto.
3421 4408 3437 4449 ς

263 4599 281 4632 ι
312 4582 424 4638 οὐκ
447 4583 505 4637 ιν
523 4581 667 4654 λόγῳ
691 4581 725 4652 ἡ
754 4578 1001 4653 βασιλεία
1029 4580 1122 4634 τοῦ
1158 4576 1315 4645 Θεοῦ,
1347 4574 1462 4634 ἀλλ’
1491 4577 1550 4632 ὲν
1596 4574 1756 4631 δυνά-

1941 4567 1968 4622 1
1999 4568 2119 4625 Cor.
2150 4583 2223 4636 tv,
2251 4566 2340 4622 20.
2373 4594 2442 4606 --
2466 4585 2485 4618 ι
2528 4561 2648 4621 Non
2692 4562 2749 4620 in
2789 4577 3047 4621 sermone
3094 4570 3180 4622 est
3216 4578 3443 4638 regnum

265 4691 352 4729 ι.»

265 4691 302 4728 ι.
334 4695 352 4729 ι

197 4689 284 4823 με(
307 4773 377 4826 Ἦ
400 4773 502 4829 οὐκ
525 4773 725 4839 οἴδατε,
745 4771 827 4826 δτι
855 4769 1032 4826 ἄδικοι
1058 4767 1339 4841 βασιλείαν
1367 4763 1503 4823 Θεοῦ
1537 4765 1600 4820 οὐ
1626 4764 1762 4838 κλη-

201 4870 582 4940 ρονομήσουσις
609 4864 703 4942 Μὴ
726 4861 1000 4919 πλανᾶσθε
1021 4880 1036 4897 ο
1065 4863 1189 4918 οὔτε
1213 4863 1425 4935 πόρνοι,
1456 4859 1579 4916 οὔτε
1606 4861 1762 4916 cibo:-

197 4955 462 5032 λολάτραι,
489 4959 612 5016 οὔτε
674 4960 877 5032 μοιχοὶ,
931 4956 1057 5012 οὔτε
1099 4956 1358 5029 μαλακοὶ,
1389 4953 1512 5009 οὔτε
1538 4955 1764 5026 ἀρσενοο

201 5054 382 5120 κοῖται,
413 5057 538 5112 οὔτε
555 5056 808 5128 λοίδοροι,
835 5054 898 5110 οὐ
924 5052 1172 5125 μέθυσοι,
1202 5051 1302 5122 οὐχ
1346 5049 1620 5123 ἅρπαγες,
1661 5049 1762 5121 βα-

204 5143 396 5205 σιλείαν
423 5150 558 5206 Θεοῦ
575 5149 1070 5224 κληρονομήσουσι.
1107 5166 1124 5200 ι

284 5328 664 5409 Τελειούμενος
713 5332 1020 5408 ἄνθρωπος,
1063 5333 1145 5400 εἰς
1207 5333 1307 5405 τὴν
1354 5333 1463 5388 τῶν
1508 5329 1761 5402 ἀγγέλων

205 5421 350 5492 ἀξίαν
385 5430 663 5503 ἀνάγεται.
1146 5431 1148 5433 ’

269 5521 366 5575 Τὸν
393 5525 599 5580 ἐκεῖθεν
623 5523 734 5580 τῶν
766 5522 1139 5598 ἑορταζόντων
1174 5517 1330 5596 ἦχον,
1365 5522 1494 5579 ἔνθα
1523 5523 1760 5594 εὐφραι-

209 5614 431 5682 νομένων
461 5620 678 5674 πάντων
720 5619 754 5691 η
804 5617 1081 5681 κατοικία,
1127 5618 1232 5673 οὐκ
1260 5616 1394 5672 ἄλλο
1418 5635 1499 5683 .τι,
1538 5617 1572 5690 ἢ
1604 5615 1762 5672 τοῦτο

212 5699 337 5763 εἶναι
361 5712 580 5786 νομίζω,
605 5713 741 5769 Θεὸν
769 5709 1116 5786 ύμνούμενόν
1145 5727 1208 5765 τε
1255 5710 1356 5765 καὶ
1404 5708 1761 5784 δοξαζόμενον

213 5800 312 5866 τοῖς
345 5804 439 5877 τῆς
467 5809 644 5863 ἐκεῖσε
676 5804 949 5870 πολιτείας
981 5803 1329 5877 ἠξιωμένοιςο

1868 4663 1989 4731 Dei,
2021 4663 2115 4719 sed
2151 4662 2207 4717 in
2239 4663 2462 4716 virtute.
2501 4679 2520 4711 ι

1937 4757 1968 4813 1
1995 4756 2121 4815 Cor.
2158 4773 2233 4822 vt,
2265 4756 2321 4819 9,
2349 4754 2526 4811 iO.--
2555 4774 2577 4806 ι
2601 4755 2684 4809 An
2715 4751 2972 4821 nescitis,
2997 4751 3124 4824 quia
3159 4753 3335 4826 iniqui
3355 4770 3435 4809 re:

1862 4869 2027 4927 gnum
2061 4850 2156 4909 Dci
2184 4867 2292 4908 non
2328 4847 2733 4924 possidebunt?
2763 4845 2946 4904 Nolite
2973 4863 3164 4905 errare
3197 4862 3214 4902 :
3263 4863 3442 4920 neque

1864 4945 2170 5014 fornicarii,
2206 4960 2384 5016 neque
2410 4941 2575 4998 idolis
2607 4941 2940 5003 servientes.
2967 4955 3147 5011 neque
3177 4939 3437 5006 adulteri,

1862 5057 2042 5115 neque
2096 5041 2314 5106 molles,
2349 5053 2531 5109 neque
2577 5036 2954 5092 masculorum
3019 5035 3438 5102 concubitores,

1863 5153 2040 5208 neque
2073 5135 2348 5200 maledici,
2385 5148 2562 5203 neque
2587 5130 2819 5193 ebriosi.
2865 5145 3045 5202 neque
3082 5144 3312 5202 rapaces
3351 5143 3443 5186 reb

1861 5249 2031 5306 gnum
2069 5230 2160 5286 Dei
2196 5228 2572 5301 possidebunt.
2614 5247 2632 5279 ι

1937 5326 2154 5381 Basilii.
2181 5354 2252 5366 -—
2284 5319 2460 5377 llomo
2487 5336 2614 5377 cum
2644 5327 3090 5385 consummatur,
3117 5315 3188 5375 ad
3211 5314 3455 5390 angar.

1866 5434 1986 5476 rum
2025 5418 2361 5490 dignitatem
2401 5414 2678 5472 evehitur.

1934 5512 1995 5570 S.
2027 5513 2182 5586 (ἐι-ες.
2217 5509 2356 5567 Naz.
2401 5520 2540 5566 orat.
2590 5511 2647 5567 in
2691 5507 2796 5566 SS.
2849 5506 3062 5569 Latmia.
3105 5535 3177 5548 --
3227 5506 3436 5564 Senum

1865 5607 2018 5663 illum
2044 5606 2408 5679 epulantium,
2434 5605 2524 5660 ubi
2547 5604 2851 5661 laetantium
2875 5602 3147 5660 habitatio
3170 5608 3275 5666 est,
3301 5599 3438 5657 nihil

1865 5703 2017 5759 aliud
2048 5718 2170 5759 esse
2207 5702 2474 5759 existimo
2497 5743 2514 5769 ,
2573 5701 2681 5756 nisi
2714 5697 2811 5756 Dei
2837 5695 3208 5754 laudationem
3241 5693 3440 5767 praedi—

1863 5797 2268 5869 cationemque,
2289 5810 2412 5868 quia:
2433 5795 2502 5850 ab
2518 5795 2588 5852 iis
2607 5793 2942 5862 celebratur,
2963 5791 3058 5864 qui
3089 5789 3258 5854 vitam
3291 5787 3439 5845 illaut

1863 5908 2024 5966 agere
2060 5891 2212 5966 digni
2236 5890 2407 5950 habiti
2445 5885 2596 5946 sunt.
