3948 6250
403 396 544 461 1263

475 517 537 573 S.
566 514 787 586 Cregor.
829 510 1124 574 Nasicae,
1154 506 1228 561 De
1251 517 1432 560 antore
1451 514 1669 571 pauper.
1697 528 1767 538 —
1789 494 1992 562 Quem-
2024 505 2069 560 Α

1589 382 1652 447 S.
1684 379 2007 446 JOANNIS
2036 374 2472 441 DAMASCENI

3535 366 3664 432 1264

2166 494 2383 564 Ὠσπερ
2413 489 2662 561 διάφοροι
2691 486 2823 561 βίων
2850 485 3114 559 αἱρέσεις,
3164 483 3338 549 οὓτως
3381 486 3479 540 καὶ
3517 478 3668 551 μοναὶ

405 572 698 665 admodum
720 604 867 660 varia
893 610 1022 659 sunt
1037 572 1159 655 vitae
1177 592 1544 658 iustituta,sic
1567 588 1752 644 multae
1771 599 1991 657 quoque

2141 585 2255 642 λλαι
2291 582 2448 656 παρά
2473 581 2551 655 τῷ
2579 580 2700 652 Θεῷ
2730 580 2871 635 κατά
2901 578 2998 651 τὴν
3027 577 3186 643 ἀξίαν
3212 575 3430 649 ἑκάστῳ
3458 572 3670 646 μεριξ-ἑ-

407 699 550 771 apud
578 698 746 754 Deum
765 695 1081 751 mansiones
1107 697 1271 748 sunt:
1300 700 1418 757 qua
1447 681 1665 754 quidem
1694 677 1994 747 unicuique

2102 697 2279 752 μεναι.
2314 679 2425 734 Καὶ
2457 678 2485 731 ὁ
2521 676 2623 748 μὲν
2651 674 2807 747 τήνδε
2839 671 3184 746 κατορθούτω
3211 669 3430 745 ἀρετὴν,
3454 667 3562 724 ὁδϊ
3579 667 3673 732 τὰς

405 757 502 864 ι)το
518 791 718 846 merito
741 787 1169 844 distribuuntur.
1193 785 1268 836 Ac
1284 776 1504 850 quidem
1535 773 1676 829 alius
1707 771 1850 828 hanc
1883 771 1995 826 vio-

2141 774 2341 840 πάσας,
2374 773 2423 826 εί
2457 765 2569 828 οἷόν
2597 787 2654 823 τε
2674 786 2689 801 ·
2710 769 2882 841 ’μόνον
2903 766 3158 833 ὁδευέτω,
3196 766 3293 820 καὶ
3327 761 3565 835 ὲφιέσθω
3583 757 3673 814 τοῦ

406 897 597 950 tutem,
632 883 775 939 alius
821 881 991 947 illam,
1021 880 1205 950 plures
1227 873 1396 938 alius,
1431 869 1577 924 alius
1610 867 1844 937 denique
1869 879 1991 919 om-

406 994 526 1045 nes,
586 975 634 1032 si
672 976 790 1032 Iieri
841 973 1070 1046 possit:
1115 975 1328 1023 tantum
1376 958 1668 1036 procedat,
1721 966 1776 1014 et
1827 969 1994 1028 porro

404 1067 660 1141 progredi
693 1063 936 1132 studeat,
971 1069 1026 1118 et
1057 1058 1264 1130 optime
1295 1057 1656 1125 praeeuntem,
1687 1057 1745 1101 ut
1774 1060 1858 1116 pet
1898 1058 1997 1098 an-

407 1134 621 1234 gustam
652 1159 796 1213 viam
829 1163 887 1212 et
925 1159 1164 1226 portam,
1207 1145 1276 1202 ad
1327 1141 1691 1202 beatitudinis
1721 1138 1878 1194 illius
1909 1134 1996 1192 fu-

407 1263 544 1307 turae
572 1248 914 1306 latitudinem
946 1255 1096 1303 recta
1131 1241 1426 1296 ducentem
1486 1239 1780 1307 sequatur.

477 1341 669 1415 Ejusd.
726 1351 864 1397 orat.
896 1340 951 1393 in
1001 1335 1138 1392 Cm.
1183 1333 1343 1405 fratr.
1379 1361 1450 1371 -—
1478 1326 1601 1384 Una
1649 1340 1734 1380 me
1781 1327 2000 1393 oportet

408 1438 633 1511 sepeliri
673 1450 798 1492 cum
829 1431 1073 1495 Christo,
1109 1443 1216 1484 una
1244 1440 1372 1482 cum
1413 1422 1636 1478 Christo
1680 1427 1998 1486 resurgere,

409 1505 515 1586 una
551 1547 673 1584 Clllll
706 1528 930 1584 Christo
957 1521 1234 1578 han-edem
1267 1532 1392 1574 esse
1418 1555 1435 1583 ,
1480 1514 1655 1570 ﬁlium
1699 1508 1798 1567 Dei
1833 1505 1996 1572 ellici,

415 1628 526 1681 imo
554 1624 716 1679 deum
741 1622 948 1693 ipsum.

479 1715 730 1786 Nysseni.
765 1745 832 1756 —-
872 1709 1106 1765 Virtutis
1161 1703 1448 1778 praemium
1506 1701 1611 1757 hoc
1650 1707 1780 1764 est,
1835 1694 2000 1751 deum

410 1810 551 1873 ﬁeri,
592 1817 649 1862 et
691 1804 994 1878 purissimo
1026 1801 1234 1856 lumine
1269 1794 1615 1854 collustrari.
1652 1820 1724 1834 —-
1756 1789 1917 1847 Certa
1948 1794 2003 1843 et

2101 865 2311 938 πρόσω,
2339 861 2601 919 καὶκατὰ
2628 863 2794 926 πόδας
2828 860 3046 915 ἑπέσθω
3073 858 3150 934 τῷ
3181 856 3364 921 καλῶς
3395 854 3674 928 δδηγοῦντι

2102 961 2195 1017 κα)⁵
2252 959 2678 1024 κατευθύνοντι,
2739 956 2837 1012 καὶ
2887 955 2979 1012 διά
3042 955 3143 1028 τῆς
3187 957 3381 1026 στενῆς
3424 948 3551 1008 ὁδοῦ
3586 950 3679 1006 καὶ

2102 1054 2278 1126 πύλης
2308 1053 2406 1108 ἐπὶ
2454 1053 2516 1106 to
2566 1050 2767 1117 πλάτος
2810 1048 2997 1119 ἄγοντι
3033 1048 3132 1120 τῆς
3166 1045 3386 1123 ἐκεῖθενέ
3416 1043 3681 1119 μακαριό-

2102 1163 2286 1220 τητος.

2174 1331 2397 1407 Χριστῷ
2436 1328 2775 1400 συνταφῆναί
2807 1344 2875 1400 με
2929 1326 3032 1392 δεῖ,
3069 1324 3291 1398 Χριστῷ
3328 1324 3683 1394 συναστῆναι,

2108 1424 2621 1497 συγκληρονομῆσαι
2653 1418 2899 1493 Χριστῷ,
2936 1419 3054 1473 υίδν
3085 1417 3340 1488 γενέσθαι
3367 1415 3532 1484 Θεοῦ,
3555 1414 3676 1470 θεὸν

2106 1519 2268 1576 αὐτόν
2280 1560 2296 1580 .

2178 1698 2380 1760 *Αθλον
2410 1701 2633 1774 ἀρετῆς,
2685 1699 2808 1755 θεὸν
2864 1697 3141 1770 γενέσθαι,
3191 1695 3289 1751 καὶ
3319 1693 3400 1766 τῷ
3433 1692 3692 1766 καθαρωο

2109 1801 2260 1873 τάτῳ
2315 1799 2457 1871 φωτὶ
2524 1794 3063 1868 καταστράπτεσθαι.
3116 1821 3185 1836 -ι
3245 1790 3320 1844 Τὸ
3347 1789 3546 1844 πιστὸν
3598 1789 3691 1843 καὶ

413 1903 718 1958 indubitata
750 1900 948 1954 futurae
983 1894 1176 1966 gratiae
1225 1905 1355 1961 spes
1389 1888 1655 1958 majorem
1689 1884 1747 1939 in
1774 1881 1992 1937 modum

2141 1891 2471 1964 ναμςρίϐολον
2504 1890 2605 1959 τῆς
2656 1887 3020 1958 ἐλπιζομένης
3071 1884 3298 1957 χάριτος
3325 1922 3341 1949 ,
3381 1879 3691 1944 ἀπόλαυσις

411 2013 506 2052 eos
539 1994 798 2057 oblectat,
831 1989 925 2060 qui
963 2001 1085 2044 eam
1121 1999 1218 2057 per
1246 1981 1572 2055 patientiam
1612 1980 1962 2048 exspectant.

484 2107 672 2180 Ejusd.
707 2106 848 2162 hom.
875 2113 990 2159 octo
1017 2103 1070 2157 in
1099 2094 1616 2166 Beatitud.—Regni
1648 2091 1884 2162 dignitas
1911 2106 2003 2146 su-

416 2205 687 2275 periorem
713 2215 774 2257 se
802 2196 1151 2271 tyrannidem
1204 2206 1313 2248 non
1351 2190 1533 2245 habet.
1577 2218 1647 2229 -—
1692 2183 2003 2240 Tribnlatio

419 2297 520 2350 llos
547 2303 630 2350 est
664 2293 934 2348 bonorum
964 2303 1088 2360 quae
1115 2284 1532 2358 praestolamur.
1574 2278 1789 2334 Florem
1835 2276 2005 2349 igitur

419 2397 641 2461 propter
674 2385 915 2441 fructum
938 2381 1336 2453 decerpemus,

489 2526 660 2581 Clem.
710 2523 866 2579 Alex.
918 2519 1051 2588 Quis
1091 2517 1230 2572 diues
1268 2510 1404 2570 salo.
1428 2508 1460 2586 ᾗ
1488 2508 1583 2566 Si.
1613 2537 1685 2549 —
1730 2503 1848 2560 Non
1881 2501 2004 2558 dor-

418 2620 713 2677 mientium
747 2633 848 2673 nec
878 2615 1200 2686 ignavorum
1229 2615 1314 2666 est
1345 2617 1584 2680 regnum
1614 2599 1734 2668 Dei,
1766 2598 1865 2656 sed
1897 2596 2007 2652 vio-

421 2713 552 2769 lenti
578 2710 801 2781 rapiunt
829 2705 985 2762 illud.
1013 2703 1126 2760 Hoc
1150 2702 1298 2758 etaim
1321 2700 1504 2758 solum
1530 2687 1806 2751 violentiae
1830 2704 2007 2762 genus

424 2806 721 2861 honestum
753 2808 809 2856 et
842 2798 1168 2870 praeclarum
1193 2801 1301 2857 est,
1337 2790 1448 2847 Deo
1475 2789 1587 2843 vim
1624 2785 1861 2848 inferre,
1892 2792 1948 2838 et
1977 2796 2007 2836 a

422 2896 535 2953 Deo
563 2895 730 2952 vitam
777 2899 1128 2962 extorquere.
1181 2885 1278 2943 ille
1303 2891 1511 2944 autem.
1567 2893 1694 2935 cum
1749 2874 2008 2948 cognitos

421 2990 564 3046 illos-
588 2987 809 3053 habeat,
836 2984 930 3057 qui
961 2981 1214 3044 ﬁrmiter,
1249 2978 1358 3032 imo
1392 2974 1667 3032 violenter
1701 2969 2007 3040 stringunt,

424 3082 689 3139 concedet
743 3089 798 3136 et
848 3076 1002 3134 dabit
1043 3089 1263 3130 manus.
1298 3069 1443 3128 Deus
1483 3067 1632 3126 enim
1665 3064 1868 3138 gaudet
1903 3062 2009 3117 hoc

431 3175 592 3232 modo
615 3170 893 3245 superari.

2103 1993 2216 2053 τοῖς
2241 1988 2308 2043 δι’
2330 1986 2610 2060 ὑπομονῆς
2643 1982 3105 2055 ἀπεκδεχομένοις
3139 1980 3376 2050 γίνεται.

2186 2101 2251 2156 Ἦ
2314 2100 2417 2173 τῆς
2475 2097 2753 2171 βασιλείας
2819 2096 2966 2163 ἀξία,
3024 2094 3432 2168 ὑπερκειμένην
3493 2091 3694 2162 ὶαυτῆς
3753 2112 3758 2115 ·

2103 2195 2396 2269 τυραννίδα
2415 2194 2518 2249 οὐκ
2546 2193 2682 2264 ἔχει.
2713 2221 2785 2234 -
2818 2189 2940 2245 Τῶν
2962 2186 3438 2262 προσδοκωμένων
3469 2184 3694 2258 ἀγαθῶν

2105 2292 2141 2362 ἡ
2168 2287 2348 2362 θλίψις
2374 2287 2534 2354 ἀνθος
2567 2286 2736 2342 ἐστίν.
2773 2284 2874 2341 Διά
2904 2283 2997 2340 τὸν
3037 2282 3252 2356 καρπὸν
3279 2283 3341 2337 τδ
3369 2281 3538 2348 ἄνθος
3568 2280 3694 2352 δρε-

2105 2381 2359 2454 ψώμεθα.

2180 2515 2254 2570 οὐ
2279 2514 2390 2570 τῶν
2416 2513 2789 2570 καθευδόντων
2825 2513 2922 2570 καὶ
2963 2513 3340 2584 βλακευόντων
3362 2514 3398 2586 ἡ
3443 2511 3699 2585 βασιλεία

2108 2607 2203 2664 τοῦ
2235 2605 2396 2676 Θεοῦ,
2423 2606 2540 2663 ἀλλ’
2566 2606 2617 2660 οί
2649 2604 2872 2678 βιασταὶ
2922 2605 3269 2678 ἁρπάζουσιν
3301 2604 3503 2678 αὐτήν.
3550 2603 3700 2676 Αὕτη

2108 2703 2216 2776 γὰρ
2241 2700 2378 2774 μόνη
2405 2699 2499 2772 βία
2529 2700 2693 2772 καλὴ,
2719 2699 2856 2756 Θεὸν
2899 2697 3218 2770 βιάσασθαι,
3252 2698 3348 2753 καὶ
3380 2697 3545 2771 ποιρά
3565 2696 3700 2752 Θεοῦ

2109 2793 2255 2866 ζωὴν
2284 2793 2552 2866 ἁρπάσαι.
2590 2792 2651 2847 '0
2677 2791 2732 2846 δὲ
2765 2792 2929 2860 γνοὺς
2956 2793 3084 2858 τοὺς
3116 2789 3373 2865 βεϐαίως,
3410 2790 3624 2863 μᾶλλον
3647 2788 3701 2844 δὲ

2111 2885 2302 2959 βιαίως
2341 2883 2766 2957 ἀντεχομένους,
2809 2881 3157 2957 συνεχώρησε
3204 2882 3295 2939 καὶ
3329 2879 3470 2950 εἶξε.
3505 2881 3702 2954 Χαίρει

2109 2980 2219 3052 τὰρ
2241 2979 2269 3034 ό
2291 2978 2424 3043 Θεὸς
2446 2978 2514 3033 τὰ
2541 2975 2768 3033 τοιαῦτα
2798 2975 3136 3050 ἡττώμενος.

499 3243 701 3339 Ejusd.
721 3280 791 3321 ea:
811 3265 967 3335 epist.
995 3261 1088 3316 2|.
1115 3288 1185 3302 —-
1217 3257 1465 3328 Regnum
1496 3252 1636 3308 illud
1673 3247 2009 3322 incorrupti-

2182 3250 2299 3305 Οὐκ
2334 3248 2448 3321 ἔχει
2494 3247 2795 3321 ἐπιθυμίαν
2827 3255 2857 3297 1
2883 3246 2919 3320 ἡ
2948 3246 3224 3322 ἄφθαρτος
3261 3243 3544 3317 βασιλεία,
3571 3244 3709 3302 ἀλλὰ

422 3361 539 3420 bile
573 3357 935 3430 cupiditatem
971 3368 1081 3409 non
1107 3349 1293 3416 habet,
1323 3346 1419 3404 sed
1445 3345 1716 3402 bonorum
1757 3339 2007 3397 omnium

429 3452 800 3527 praesentiam.
843 3446 1000 3506 Unde
1049 3444 1125 3501 ibi
1178 3457 1292 3498 non
1327 3449 1412 3497 est
1438 3435 1762 3509 cupiditatis
1792 3434 1954 3490 locus
1990 3447 2006 3487 :

427 3526 498 3606 ex
534 3545 760 3620 penuria
811 3541 1013 3613 quippe
1067 3535 1233 3609 385.
1287 3532 1564 3604 cupiditas
1611 3528 1827 3594 oritur;
1863 3526 2010 3598 quod

427 3619 564 3699 vero
587 3637 710 3712 quis
739 3633 999 3692 omnibus
1039 3630 1305 3704 potiatur,
1337 3627 1465 3682 hinc
1513 3625 1721 3688 oritur,
1769 3630 1828 3676 ut
1873 3619 2012 3676 nihil

429 3733 813 3804 concupiscat.
842 3757 913 3768 -—
936 3726 1186 3796 Regnum
1227 3720 1324 3776 Dei
1375 3727 1554 3775 status
1578 3729 1775 3772 eorum
1817 3712 2013 3768 dicen-

422 3831 539 3885 dus
564 3835 674 3891 est,
702 3821 796 3898 qui
827 3822 996 3878 vitam
1027 3824 1192 3891 agant
1225 3813 1429 3871 divinis
1469 3812 1683 3884 legibus
1717 3815 2015 3864 consenta-

432 3937 619 3980 neum.

435 4035 572 4093 Tl'l'.
601 4034 668 4093 ll.
704 4065 768 4077 —
801 4031 874 4088 De
905 4027 1127 4085 consilio
1166 4023 1259 4081 Dei
1305 4040 1324 4078 :
1376 4032 1426 4077 et
1477 4019 1612 4092 quod
1662 4035 1752 4073 nec
1788 4015 2007 4080 mutari,

647 4122 741 4162 nec
767 4099 1132 4173 comprehendi
1154 4096 1219 4152 ab
1264 4093 1563 4150 hominibus
1595 4100 1788 4159 potest.

513 4222 662 4278 Psal.
697 4235 870 4283 um,
902 4216 992 4271 10.
1025 4244 1098 4256 ——
1130 4232 1148 4268 ι
1184 4212 1450 4269 Dominus
1490 4206 1730 4278 dissipat
1777 4203 2011 4260 consilia

440 4316 714 4388 gentium.
776 4311 1030 4383 reprobat
1101 4317 1286 4363 autem
1335 4301 1704 4375 cogitationes
1774 4294 2006 4369 populo-

441 4425 584 4474 rum,
618 4426 636 4459 ι
667 4415 781 4462 etc.

510 4505 656 4560 Paul.
686 4516 870 4567 ωινιιι,
897 4499 949 4554 5.
982 4526 1049 4537 --
1088 4514 1106 4546 ι
1137 4491 1423 4549 Terribilis
1451 4489 1506 4544 in
1543 4484 1796 4543 consiliis
1841 4496 2009 4555 super

447 4598 586 4652 lilios
622 4593 928 4649 hominum.
966 4608 984 4641 ι

519 4690 677 4745 Prov.
707 4703 822 4748 xix,
850 4684 942 4738 21.
983 4713 1053 4722 -
1085 4700 1104 4732 ι
1147 4672 1710 4742 Mulae-cogitationes
1760 4669 1814 4724 in
1855 4667 2019 4725 corde

447 4781 685 4839 hominis
717 4792 732 4832 ε
767 4774 1056 4832 consilium
1099 4782 1278 4826 autem
1310 4766 1404 4822 Dei
1435 4771 1616 4820 manet
1643 4762 1696 4817 in
1728 4758 2021 4832 sempiter-

448 4893 599 4933 num.
635 4893 652 4927 Ι

519 4969 631 5024 lsa.
672 4982 783 5032 xtv,
808 4963 898 5020 ‘28.
931 4993 997 5004 -—
1029 4980 1046 5012 ι
1076 4957 1207 5025 Quae
1257 4955 1401 5010 Deus
1459 4959 1688 5009 sanctus
1746 4947 2019 5015 decrevit,

448 5063 573 5130 quis
599 5056 911 5127 dissipabit,
933 5061 988 5108 et
1010 5063 1231 5105 manum
1259 5045 1378 5116 ejus
1401 5041 1692 5100 sublimem
1713 5041 1840 5112 quis
1864 5056 2023 5096 aver-

444 5155 571 5210 tat?
611 5173 628 5206 ι

521 5247 633 5301 Isa.
673 5260 785 5309 xix,
820 5241 906 5307 15,
955 5239 1042 5294 2t.
1079 5264 1149 5278 —-
1191 5254 1208 5286 ι
1244 5232 1371 5289 Haec
1418 5230 1556 5287 dicit
1593 5229 1860 5286 Dominus
1919 5225 2020 5283 Sa-

449 5341 612 5397 llaoth
646 5355 661 5393 :
693 5332 1161 5405 Quemadmodum
1185 5327 1318 5392 dixi,
1363 5324 1445 5382 sic.
1477 5323 1580 5380 erit
1609 5341 1624 5391 ;
1657 5329 1712 5378 et
1754 5318 2028 5392 quemad-

452 5436 671 5490 modum
723 5437 901 5484 mente
931 5423 1183 5488 tractavi,
1235 5419 1319 5477 sic
1381 5415 1648 5472 manebit.
1688 5432 1710 5467 ι
1741 5445 1810 5458 --
1860 5433 1880 5466 ι
1926 5409 2028 5468 Ubi

446 5534 581 5583 sunt
611 5523 885 5594 sapientes
918 5517 1118 5596 "tuilpet
1153 5512 1484 5571 annuntieut
1522 5508 1643 5574 tibi,
1694 5507 1827 5580 quid
1877 5507 2030 5578 cogi-

451 5619 653 5674 taverit
677 5614 944 5670 Dominus
967 5607 1233 5666 Sabaoth.
1271 5624 1290 5658 ι

524 5710 638 5767 Isa.
676 5724 769 5776 XL,
806 5707 893 5773 15,
923 5704 1017 5763 '28.
1043 5735 1112 5747 —-
1132 5723 1152 5757 ι
1191 5699 1333 5768 Quis
1362 5698 1622 5766 cognorit
1655 5701 1894 5751 mentem
1922 5693 2028 5748 Do-

2050 4639 2098 4697 Β

2119 3343 2422 3416 παρουσίαν
2453 3344 2672 3399 πάντων
2737 3339 2849 3397 τῶν
2905 3339 3148 3411 ἀγαθῶν.
3182 3337 3348 3394 Ὅθεν
3395 3339 3506 3394 οὐκ
3561 3337 3710 3395 εστιν

2117 3437 2498 3511 ἐπιθυμῆσαισ
2534 3438 2599 3492 ὲκ
2657 3436 2766 3508 γὰρ
2812 3434 2908 3492 τοῦ
2952 3436 3222 3508 ὑστερεῖν,
3291 3433 3356 3490 τὺ
3404 3435 3710 3509 ἐπιθυμεῖν

2118 3533 2299 3588 ὲστινο
2336 3535 2401 3587 ἐκ
2438 3532 2497 3587 δὲ
2530 3530 2623 3586 τοῦ
2665 3531 2842 3586 πάντα
2862 3530 3029 3602 ἔχειν,
3061 3528 3122 3583 τὸ
3145 3527 3378 3601 μηδενὸς
3405 3527 3709 3601 ἐπιθυμεῖν

2119 3630 2257 3682 ἐστι.
2295 3657 2362 3666 -
2392 3624 2683 3681 Βασιλείαν
2731 3623 2868 3680 Θεοῦ
2926 3623 3168 3689 λεκτέον,
3212 3623 3312 3696 τὴν
3362 3626 3708 3684 κατάστασιν

2119 3719 2229 3774 τῶν
2256 3719 2398 3775 κατὰ
2428 3719 2555 3785 τοὺς
2587 3717 2767 3784 θείους
2788 3717 2989 3790 νόμους
3024 3715 3306 3790 βιούντων.

2126 4016 2310 4073 ΤΙΤΛ.
2354 4018 2426 4073 B’.
2446 4048 2514 4058 —-
2535 4015 2675 4088 Περὶ
2692 4014 2937 4088 βουλῆς
2954 4013 3134 4088 Θεοῦ·
3152 4013 3250 4069 καί
3271 4012 3360 4088 de;
3385 4012 3706 4084 ἄτρεπτος,

2326 4091 2426 4146 καί
2469 4084 2797 4162 ἀνέφικτος
2845 4084 3180 4156 ἀνθρώποις
3215 4085 3503 4156 ὑπάρχει.

2199 4225 2221 4260 ι
2252 4204 2456 4279 Κύριος
2488 4199 2828 4267 διασκιδάζει
2861 4199 3061 4273 βουλὰς
3089 4197 3263 4255 ἐθνῶν
3291 4239 3308 4268 ,
3343 4199 3708 4258 ἀθετεῖδὲλοο

2128 4299 2357 4370 γισμοὺς
2388 4295 2554 4350 λαῶν.
2589 4315 2606 4344 ι

2198 4495 2219 4532 ι
2267 4476 2354 4541 Ὠς
2395 4475 2623 4547 φοϐερὸς
2681 4473 2739 4529 ἑν
2799 4473 3018 4546 βουλαῖς
3082 4472 3226 4546 ὕπερ
3259 4471 3392 4540 τοὺς
3433 4472 3592 4539 υἱοὺς
3621 4473 3707 4528 ἀν-

2127 4570 2383 4643 θρώπων.
2410 4589 2428 4622 ι

2198 4683 2216 4717 ι
2237 4662 2429 4718 Πολλοὶ
2441 4661 2693 4733 λογισμοὶ
2715 4663 2773 4717 ὲν
2804 4661 3006 4735 καρδίᾳ
3028 4660 3316 4734 ἀνθρώπου
3341 4678 3358 4696 ·
3396 4663 3431 4734 ἡ
3457 4661 3519 4718 δὲ
3541 4661 3706 4736 βουλὴ

2121 4755 2214 4811 τοῦ
2253 4753 2388 4810 Θεοῦ
2419 4754 2667 4827 μένειείς
2699 4754 2792 4810 τὸν
2815 4753 3010 4811 αἰῶνα.
3053 4773 3073 4807 ι

2198 4958 2217 4992 ι
2259 4940 2323 4992 Ἀ
2369 4939 2398 4993 ὁ
2429 4937 2559 5002 Θεὸς
2610 4937 2763 5005 ἅγιος
2804 4933 3169 5006 βεϐούλευται,
3201 4935 3286 5001 τίς
3327 4934 3704 5002 διασκεδάσεις

2125 5034 2219 5090 καὶ
2239 5034 2338 5107 τὴν
2376 5034 2533 5104 χεῖρα
2570 5029 2669 5102 τὴν
2699 5027 2911 5101 ὑψηλὴν
2943 5028 3025 5094 τίς
3062 5027 3432 5102 ἀποστρέψεις
3459 5047 3478 5080 ι

2209 5234 2229 5268 ι
2263 5210 2403 5267 Τάδε
2424 5209 2573 5278 λέγει
2630 5203 2835 5277 Κύριος
2861 5201 3110 5271 Σαϐαὼθ,
3141 5201 3315 5273 λέγων
3335 5207 3352 5225 ⁸
3393 5204 3491 5257 Ὃν
3507 5201 3706 5276 τρόπον

2134 5303 2548 5381 εἴρηκα,οὖτως
2608 5299 2785 5364 ἔσται,
2843 5297 2937 5352 καὶ
2991 5296 3049 5351 δν
3080 5296 3283 5371 τρόπον
3320 5295 3704 5368 βεϐούλευμαι,

2135 5402 2307 5464 οὕτως
2363 5397 2532 5470 μενεῖ.
2560 5413 2577 5447 ι
2623 5421 2691 5432 --
2722 5410 2739 5443 ι
2779 5388 2886 5444 Ποῦ
2963 5391 3104 5444 εἰσιν
3157 5391 3208 5446 σί
3247 5390 3402 5463 σοφοί
3438 5388 3702 5461 consul

2135 5488 2613 5565 ἀναγγειλὰτωσάν
2680 5502 2762 5538 σοι
2791 5483 2821 5537 ὅ
2852 5499 2905 5538 τι
2941 5482 3289 5556 βεϐούλευται
3357 5485 3564 5557 Κύριος
3600 5482 3704 5539 Σα-

2139 5588 2310 5646 ϐαὼθ.
2339 5605 2358 5640 ι

2216 5705 2235 5739 ι
2275 5683 2369 5750 Τίς
2393 5683 2534 5754 ἔγνω
2566 5681 2690 5738 νοῦν
2724 5681 2955 5754 Κυρίου,
2996 5679 3029 5754 ἢ
3072 5676 3157 5744 τίς
3190 5674 3495 5749 σύμϐουλος
3544 5667 3699 5728 αὐτοῦ

528 5920 555 5964 7'
584 5905 754 5984 lluj'us
779 5903 1063 5965 sententia:
1095 5897 1339 5957 auctoris
1368 5909 1567 5954 nomen
1593 5895 1800 5957 innullo
1820 5889 2013 5951 codice
2053 5886 2256 5960 reperi.
2291 5885 2386 5944 Est
2419 5885 2605 5944 forsan
2636 5884 2745 5941 Nili
2778 5883 2859 5940 vel
2891 5879 3232 5956 Serapionis.
