3948 6250
268 260 389 328 1273

1527 269 1767 333 SACRA
1796 272 2255 333 PARALLEIA.

3373 265 3505 335 12M

266 379 483 452 χρηστός
512 380 684 446 ἔστιν,
717 378 948 451 ἐλαφρός,
988 381 1158 447 ἐστιν,
1193 384 1253 437 οὔ
1282 383 1460 457 τρίϐει
1489 386 1582 440 τὸν
1606 384 1830 455 αὐχένα,

1951 380 2077 449 Quid
2132 378 2385 452 refugis?
2442 395 2541 436 cur
2594 391 2852 453 tanquam
2918 380 3130 440 vitulus
3186 381 3504 455 inexpertus

264 474 390 529 ἀλλά
415 472 648 539 δοξάζει.
679 474 757 528 Ού
802 475 912 548 γάρ
965 475 1247 547 δεσμεῖται
1284 477 1318 550 ή
1357 476 1557 551 ζεύγλη
1583 480 1709 550 περὶ
1733 479 1824 534 τδν

1955 492 2083 548 ugo,
2114 478 2305 551 iugum
2340 477 2580 534 metuis?
2615 493 2787 533 suave
2808 485 2917 546 est,
2957 478 3075 534 leve
3103 486 3209 534 est.
3240 477 3359 534 Non
3386 494 3509 535 cer-

263 566 543 641 τράχηλον.
598 566 956 634 Δύτεξούσιον
1019 568 1271 641 ἐπιζητεῖ
1349 571 1441 626 τὸν
1497 571 1823 643 ύφέλκοντα.

1929 569 2111 626 vicem
2170 570 2403 643 premit,
2449 568 2545 625 sed
2603 570 2840 641 gloriam
2888 569 3177 626 conciliat.
3208 568 3328 625 Non
3361 570 3508 636 enim

273 660 427 732 Ὁρᾷς
468 659 553 714 ὅτι
598 663 988 732 κατηγορεῖται
1023 659 1286 734 Ἐφραίμ.
1323 662 1513 734 ὥσπερ
1556 662 1831 734 οῖστρῶσα

1951 664 2071 720 :ollo
2111 663 2325 736 jugum
2353 663 2711 734 astringitur,
2769 662 2867 721 sed
2914 664 3060 719 ultro
3107 674 3163 721 et
3199 664 3367 720 libere
3398 674 3510 719 tra-

262 751 504 826 δάμαλις,
542 752 626 807 ὅτι
666 754 879 811 ἐτακτα
926 754 1350 827 περιπλανᾶται,
1383 756 1477 811 τὸν
1532 753 1624 813 τοῦ
1663 756 1827 828 νόμου

1951 764 2150 815 tentem
2192 758 2393 829 poscit.
2444 755 2613 814 Vides
2664 757 2914 814 accusari
2962 756 3246 829 Ephraim,
3298 759 3376 815 uti
3415 758 3509 828 ju-

263 847 425 918 ζυγὸν
442 847 746 920 ἀτιμάζων.
774 847 1006 913 Ύπόθες
1031 865 1127 905 σου
1152 849 1245 904 τὸν
1263 849 1574 922 ἀδάμαστον
1592 851 1796 924 αὐχένα
1810 865 1828 881 ·

1928 851 2217 905 venculam
2263 858 2439 907 (εειιο
2466 848 2732 922 percitam
2784 848 2954 920 (Osee
2984 867 3042 914 ι,
3089 850 3214 922 ll),
3256 849 3508 922 quia'te-

264 939 415 1013 γενοῦ
442 941 737 1012 ὑποζύγιον
754 940 851 999 τοῦ
879 943 1142 1017 Χριστοῦ,
1183 944 1271 1000 ῖνα
1313 946 1387 1019 μὴ
1437 947 1708 1018 ἀφέμενος
1733 950 1832 1019 τῆς

1951 957 2081 999 nere
2114 941 2237 998 huc.
2289 950 2347 998 et
2369 942 2501 998 illuc
2524 953 2777 1014 vagatur,
2796 943 2933 1016 legis
2962 958 3270 1015 aspernans
3296 945 3511 1014 iugum.

261 1032 514 1105 ζεύγλης,
560 1032 695 1105 μηδὲ
738 1031 1133 1104 ἐλευθεριάζων
1158 1036 1236 1108 τῷ
1263 1035 1384 1110 βίῳ,
1422 1035 1832 1111 εὐεπιχείρητος

1934 1035 2160 1106 Subjice
2196 1034 2527 1092 indomitum
2556 1036 2759 1092 collum
2812 1046 3012 1105 tuum;
3045 1046 3169 1094 esto
3198 1037 3511 1108 iumentum

261 1122 323 1202 ᾗς
353 1126 467 1188 τοῖς
498 1123 732 1196 θηρίοις.
760 1124 1062 1192 Γεύσασθε,
1090 1128 1189 1181 καὶ
1225 1127 1364 1183 ίδετε
1409 1129 1493 1183 ὅτι
1540 1131 1777 1201 χρηστὸς
1803 1130 1832 1184 6

1951 1128 2138 1186 Sliristi
2171 1147 2188 1185 :
2221 1145 2292 1185 ne
2322 1129 2530 1200 alioqui
2560 1129 2608 1185 si
2637 1129 2825 1201 iugum
2860 1133 3194 1195 excusseris,
3227 1130 3515 1201 soluteque

264 1218 483 1290 Κύριος.
541 1216 869 1291 Γλυκύτητα
941 1218 1157 1293 μέλιτος
1211 1221 1332 1285 πῶς
1386 1222 1673 1292 ἀναγγελῶ
1719 1226 1833 1288 τοῖς

1933 1229 1988 1278 et
2018 1222 2194 1278 libere
2247 1220 2476 1285 vixeris,
2525 1220 2725 1292 praulae
2762 1221 2964 1279 belluis
3032 1225 3131 1279 sis.
3180 1222 3429 1290 Gustate,
3458 1233 3514 1278 et

260 1309 548 1379 ἀγνοοῦσις
593 1310 868 1366 nemo:
900 1311 999 1366 καὶ
1034 1310 1193 1369 ἴδετε.
1219 1309 1483 1384 Αἴσθησις
1512 1315 1713 1380 παντὸς
1740 1315 1832 1371 λό-

1951 1315 2142 1379 ιίιίοιε,
2173 1315 2436 1384 quoniam
2473 1316 2662 1371 suavis
2694 1315 2953 1372 Christus
3010 1313 3275 1370 Dominus
3320 1313 3512 1384 (Psal.

259 1415 355 1470 του
377 1404 764 1477 ἐναργεστέρα.

329 1684 447 1739 Νῦν
470 1683 659 1759 ῶσπερ
691 1686 784 1742 ἐπὶ
804 1685 1077 1759 τρυτάνης
1114 1685 1337 1743 ἑστάναι
1386 1687 1576 1760 νόμιζὲ
1601 1704 1695 1743 σου
1731 1687 1836 1762 τὴν

260 1778 463 1852 ψυχὴν,
496 1779 647 1834 ἐνθεν
682 1780 775 1836 ὕπ’
814 1782 1084 1851 ἀγγέλων,
1133 1780 1389 1835 κάκεῖθεν
1434 1783 1538 1835 ὑπὸ
1565 1782 1835 1853 δαιμόνων

1864 1755 1907 1810 Β

1934 1424 2129 1469 nam.
2162 1408 2253 1474 9).
2284 1404 2463 1459 Mellis
2498 1406 2844 1463 dulcedinem
2885 1406 3107 1479 quinam
3143 1407 3351 1478 ignaris
3380 1422 3513 1474 prm-

1937 1504 2233 1559 dicavcro?
2281 1502 2509 1560 Gustate
2550 1513 2607 1559 et
2660 1502 2863 1559 videte.
2908 1500 3117 1556 Sensus
3168 1501 3363 1572 quovis
3398 1516 3513 1555 ser-

1939 1609 2101 1650 mone
2140 1595 2417 1651 valentior
2445 1596 2829 1665 eﬁicaciorque
2855 1602 2959 1649 est.

2007 1686 2165 1744 Nunc
2205 1689 2444 1743 animam
2479 1697 2626 1742 tuam
2678 1688 2827 1743 velut
2878 1687 2933 1741 in
2969 1686 3176 1741 trutina
3218 1692 3369 1740 stare
3396 1683 3517 1740 exi-

1934 1784 2119 1849 stima,
2153 1792 2317 1854 atque
2355 1782 2487 1838 hinc
2540 1782 2613 1837 ab
2653 1781 2891 1851 angelis,
2939 1779 3072 1835 hinc
3106 1794 3137 1834 τι
3168 1776 3512 1835 daemonibus

262 1872 585 1945 ἑλκομένην.
611 1873 868 1943 ’Δγγελοί
900 1891 958 1928 σε
986 1873 1420 1947 παραλήψονται,
1444 1876 1477 1948 ἢ
1514 1874 1834 1943 καθέξουσιν

1951 1877 2102 1934 trahi.
2155 1877 2346 1951 Augeli
2398 1888 2451 1935 te
2510 1877 2813 1948 excipient,
2866 1885 2959 1931 aut
2987 1876 3269 1932 daemones
3305 1873 3511 1928 retine-

257 1968 309 2021 οί
342 1967 687 2040 κατέχοντες.
740 1968 863 2025 Ἐπὶ
898 1970 1258 2044 παρατάξεως
1307 1973 1356 2025 οἰ
1410 1972 1707 2043 στρατηγοὶ
1773 1971 1836 2025 τδ

1951 1978 2094 2027 sunt.
2129 1970 2184 2026 In
2241 1970 2362 2027 acie
2407 1972 2579 2029 duces
2630 1977 2899 2025 tesseram
2942 1967 3211 2024 militibus
3258 1965 3379 2024 suis
3408 1963 3514 2021 tri-

259 2059 508 2132 σύνθεμα
550 2064 663 2127 τοῖς
723 2060 816 2117 ὕπ’
875 2062 1059 2127 αὐτοῖς
1090 2060 1465 2134 διανέμουσιν,
1507 2062 1598 2117 ῖνα
1651 2064 1746 2119 καὶ
1786 2064 1835 2116 οί

259 2152 406 2223 φίλοι
442 2153 645 2227 ῥαδίως
678 2153 1058 2210 ἀνακαλῶν-ται
1097 2153 1382 2227 ἀλλήλους,
1417 2155 1512 2212 καὶ
1546 2156 1685 2228 πρὸς
1711 2156 1839 2220 τοὺς

255 2245 542 2312 ἐναντίους
562 2247 621 2299 ἐν
638 2247 758 2311 ταῖς
788 2245 1128 2319 συμπλοκαῖς
1151 2246 1553 2319 ἀναμιχθεῖσιν,
1581 2250 1839 2321 εύκρινὴς

224 2338 487 2399 Δδύναται
530 2338 796 2412 ὑπάρχειν
830 2341 859 2395 6
899 2340 1197 2413 χωρισμός.
1238 2340 1432 2406 Οὐδεὶς
1466 2340 1839 2413 ,ἐπιγνώσεταί

254 2448 342 2495 σε,
376 2432 429 2488 εἰ
463 2430 733 2506 ἡμέτερος
761 2428 831 2498 εἷ,
859 2432 895 2505 ἢ
929 2432 1035 2488 τῶν
1078 2432 1437 2498 ὑπεναντίων,
1483 2433 1579 2488 ἐάν
1608 2433 1686 2507 μὴ
1724 2436 1841 2498 τοῖς

256 2525 556 2594 μυστικοῖς
594 2523 886 2596 συμὸόλοις
921 2523 1177 2599 παράσχῃ
1204 2525 1305 2599 τὴν
1340 2525 1669 2597 οἰκειότητα.
1713 2524 1839 2580 Ἐἀν

255 2614 334 2689 μή
364 2617 655 2690 σημειωθῇ
686 2618 780 2672 ἐπὶ
808 2616 867 2671 σέ
904 2617 964 2673 τὸ
1001 2618 1117 2691 φῶς
1145 2619 1242 2675 τοῦ
1271 2618 1567 2691 προσώπου
1610 2620 1841 2693 Κυρίου,

251 2707 377 2774 πῶς
426 2707 919 2781 ἀντιποιηθήσεταί
965 2728 1058 2766 σου
1096 2712 1127 2765 6
1166 2712 1439 2783 άγγελοςς
1487 2711 1606 2778 πῶς
1649 2713 1706 2768 δὲ
1738 2713 1843 2783 ἀφ-

252 2799 471 2855 ελεῖται
498 2800 608 2855 τῶν
643 2800 988 2874 ἐχθρῶν,ἐάν
1032 2804 1112 2875 μὴ
1156 2801 1365 2878 ἐπιγνῷ
1395 2806 1503 2877 τὴν
1527 2806 1841 2879 σφραγῖδας

253 2893 381 2959 Πῶς
411 2893 480 2948 δὲ
515 2896 579 2950 σὺ
605 2896 773 2967 ἐρεῖς,
802 2895 910 2951 Τοῦ
938 2894 1075 2952 Θεοῦ
1094 2898 1231 2969 εἰμι,
1249 2897 1326 2971 μὴ
1349 2897 1748 2970 ἐπιφερόμενος
1773 2897 1843 2952 τὰ

249 2988 662 3060 γνωρίσματας
706 2990 778 3043 Ἦ
827 2991 1063 3061 ἀγνοεῖς,
1104 2991 1187 3046 ὅτι
1244 2989 1347 3056 τὰς
1398 2991 1845 3064 ἐσφραγισμὲνας

1937 2064 2134 2131 buunt,
2162 2071 2221 2117 ut
2270 2071 2324 2117 et
2377 2078 2497 2119 sese
2539 2061 2774 2116 invicem
2824 2057 2988 2114 amici
3022 2057 3187 2113 facile
3236 2066 3515 2122 revocent,

1937 2158 2056 2214 etsi
2090 2158 2142 2212 in
2175 2173 2353 2227 pugna
2386 2172 2513 2212 cum
2559 2154 2811 2211 hostibus
2844 2154 3096 2225 permiin
3131 2151 3360 2215 fuerint,
3394 2166 3521 2221 per-

1939 2251 2126 2318 spieue
2152 2249 2335 2304 dirimi
2382 2259 2609 2319 queant.
2661 2247 2835 2303 Nemo
2872 2256 2961 2313 te,
2996 2252 3189 2302 noster
3226 2244 3325 2309 sis,
3356 2257 3425 2297 an
3454 2258 3520 2297 ex

1939 2342 2295 2406 adversariis,
2346 2352 2647 2413 agnoscet,
2704 2338 2814 2397 nisi
2872 2356 2971 2410 per
3018 2340 3248 2413 mystica
3278 2337 3521 2412 symbolu

1943 2435 2102 2491 iidem
2136 2434 2309 2491 facias
2344 2443 2395 2491 te
2425 2450 2550 2491 esse
2574 2443 2854 2491 nostrum.
2892 2430 3009 2489 Nisi
3054 2433 3334 2505 signatum
3359 2443 3524 2501 super

1942 2533 1997 2581 te
2027 2524 2191 2582 fuerit
2226 2526 2412 2580 lumen
2438 2524 2629 2580 vultus
2657 2522 2877 2579 Domini
2902 2563 2920 2586 ,
2952 2536 3190 2593 quonam
3229 2521 3389 2576 modo
3420 2535 3523 2573 an-

1941 2615 2095 2689 gelus
2139 2622 2194 2674 te
2238 2614 2583 2672 vindicabit?
2642 2614 2922 2687 quomodo
2953 2626 3006 2670 te
3043 2613 3302 2669 hostibus
3341 2621 3524 2669 extor‘

1942 2709 2158 2783 quebit,
2193 2709 2301 2765 nisi
2329 2708 2570 2780 sigillum
2595 2707 2935 2779 agnoverit?
2970 2704 3077 2775 Qui
3106 2720 3236 2762 vero
3274 2705 3529 2761 dicturus

1943 2803 2045 2869 sis,
2074 2801 2168 2859 Dei
2206 2817 2354 2866 sum,
2386 2802 2434 2859 si
2469 2800 2679 2858 indicia
2709 2808 2892 2857 tecum
2922 2814 3036 2856 non
3064 2798 3251 2856 feras?
3275 2797 3360 2854 An
3393 2795 3527 2854 illud

1944 2896 2151 2962 nescis,
2174 2896 2323 2967 quod
2347 2896 2752 2952 esterminator
2784 2895 3035 2965 signatas
3064 2893 3263 2950 domos
3297 2900 3524 2963 prater

1948 2991 2082 3056 ibat,
2109 2998 2165 3047 et
2193 2992 2249 3047 in
2299 2989 2408 3047 illis
2452 3005 2577 3063 quae
2620 2991 2851 3063 signatas
2882 3002 2992 3043 non
3038 2994 3222 3067 erant,
3256 2988 3524 3056 primoge-

248 3077 439 3141 οἰκίας
486 3081 515 3133 6
552 3077 877 3154 ὀλοθρευτὴς
909 3082 1282 3156 ὑπερϐαίνων,
1310 3085 1369 3138 ἐν
1396 3083 1451 3137 δέ
1479 3086 1602 3149 ταῖς
1625 3084 1844 3157 ἀσφρα-

1951 3084 2095 3141 nitus
2132 3082 2540 3140 interlicicbat?
2580 3080 2905 3138 Thesaurus
2935 3094 3045 3137 non
3088 3079 3416 3149 obsignatus
3444 3075 3524 3132 in-

246 3168 479 3251 γίστοις
526 3171 857 3241 κατιφόνευε
905 3174 975 3229 τά
1028 3175 1387 3248 πρωτότοκα;
1447 3177 1848 3250 ’Δσφράγιστος

245 3257 566 3335 θησαυρὸς,
606 3261 1020 3337 εὐεπιχείρητος
1062 3265 1347 3332 κλέπταις.
1383 3264 1661 3341 Πρόσατον
1712 3269 1848 3340 ἀση-

247 3355 530 3427 μείωτον,
562 3355 862 3422 ἀκινδύνως
897 3357 1333 3415 ἐπιϐουλεύεται.
1376 3358 1516 3425 Νέος
1548 3355 1635 3426 είς
1670 3360 1851 3430 ἀσφάο

243 3445 403 3501 λισαι
620 3446 848 3519 νεότητα
907 3447 988 3521 τῷ
1038 3448 1135 3505 τοῦ
1188 3449 1563 3522 βαπτίσματος
1623 3450 1846 3524 χαλινῷ.

250 3541 636 3615 Παρέδραμεν
682 3542 717 3616 ἡ
756 3543 945 3617 ἀκμή;
978 3546 1055 3618 μὴ
1090 3546 1377 3621 ζημιωθῇς
1411 3547 1481 3604 τά
1508 3549 1696 3620 ἐφόδια
1722 3566 1736 3581 ⁸
1772 3550 1848 3622 μὴ

248 3633 547 3708 ἀπολέσῃς
588 3634 658 3690 τά
702 3636 1051 3710 φυλακτήρια
1074 3651 1091 3671 ⁸
1121 3638 1198 3713 μὴ
1231 3642 1361 3714 περὶ
1390 3641 1489 3714 τῆς
1535 3641 1847 3715 ἑνδεκάτης,

247 3724 330 3787 ὼς
362 3728 503 3798 περί
542 3726 767 3800 πρώτης
805 3726 1036 3786 διανοοῦ.

326 3819 402 3875 Et
445 3837 535 3885 τις
575 3820 776 3893 ἰατρῶν
806 3820 1172 3895 ἐπηγγείλατό
1194 3842 1278 3879 σοι
1317 3828 1589 3899 μηχαναῖς
1612 3846 1725 3883 τισι
1756 3831 1852 3884 καὶ

248 3914 543 3979 ἐπινοίαις
576 3916 699 3970 νέον
734 3909 908 3971 ποιεῖν
933 3918 998 3973 ἐκ
1022 3917 1300 3992 γέροντος,
1333 3921 1436 3978 οὐκ
1465 3921 1533 3977 ἂν
1580 3922 1853 3996 ἐπεθύμη-

250 4026 361 4075 σας
425 4008 610 4062 ἐλθεῖν
658 4009 746 4064 ἐπ’
794 4009 1014 4083 ἐκείνην
1043 4009 1141 4084 τὴν
1166 4012 1407 4087 ἡμέραν,
1449 4008 1577 4089 ἐνῇ
1624 4018 1852 4073 σεαυτὸν

246 4102 394 4176 ὁρᾷν
427 4100 664 4174 ἔμελλες
689 4103 827 4173 πρὸς
853 4104 1037 4177 ἀκμὴν
1065 4106 1505 4181 θποστρέφοντας
1540 4108 1759 4180 Ἐπειδὴ
1794 4108 1853 4163 δέ

245 4196 356 4266 τὴν
405 4194 597 4269 ψυχήν
640 4213 734 4251 σου
782 4196 1150 4271 ἀναθαλήσιιν
1209 4198 1610 4270 ἐπαγγέλλεταί
1656 4219 1741 4258 σοι
1792 4202 1853 4257 τδ

250 4285 585 4359 βάπτισμα,
616 4287 683 4361 ἢν
731 4287 798 4342 σὺ
831 4286 1201 4354 ἐπαλαίωσας,
1240 4292 1336 4344 καὶ
1374 4291 1639 4363 ῥυπῶσαν
1678 4291 1853 4362 αὐτὴν

247 4380 317 4434 ἐκ
339 4378 465 4434 τῶν
495 4377 760 4450 ἀνομιῶν,
789 4379 885 4435 καὶ
912 4380 1293 4454 ἐσπιλωμένην
1335 4381 1647 4451 ἀπέδειξας,
1681 4402 1852 4440 κατα·-

1949 3176 2108 3236 sidiis
2149 3175 2331 3233 furum
2366 3183 2536 3249 patet.
2577 3174 2753 3232 Pecus
2784 3173 2940 3229 nullo
2972 3172 3132 3244 signo
3166 3180 3356 3227 notata
3388 3170 3527 3225 citra

1949 3270 2256 3345 periculum
2303 3269 2602 3342 appetitur.
2653 3265 2885 3325 Iuvenis
2929 3266 3031 3322 es?
3075 3263 3341 3335 baptismi
3372 3262 3537 3330 signo

1943 3365 2292 3437 juventutem
2326 3372 2473 3417 tuam
2529 3360 2783 3427 obllrma,
2830 3358 2970 3417 etin
3001 3366 3125 3414 tuto
3153 3357 3390 3413 colloca.
3427 3353 3529 3409 Ve‘

1955 3465 2079 3530 geta
2133 3462 2267 3514 setas
2317 3453 2564 3512 ellluxitl
2615 3452 2833 3510 cavesis
2877 3468 2949 3509 ne
2979 3448 3184 3507 viatico
3214 3462 3431 3511 careas,
3483 3464 3555 3508 ne

1949 3550 2266 3623 praesidium
2297 3564 2362 3605 ac
2404 3547 2554 3606 velut
2603 3547 2903 3603 amuletum
2933 3544 3159 3602 amittas
3196 3560 3214 3599 :
3250 3555 3430 3613 neque
3463 3539 3531 3596 de

1950 3646 2244 3704 undecima
2278 3644 2417 3700 hora
2455 3654 2716 3717 tanquam
2748 3641 2817 3698 de
2845 3640 3021 3714 prima
3052 3637 3286 3712 cogites.

2026 3833 2083 3891 Si
2116 3833 2244 3906 quis
2277 3832 2529 3890 medicus
2573 3830 2679 3889 hoc
2710 3830 2809 3888 tibi
2843 3828 3177 3904 quibusdam
3212 3826 3423 3882 artibus
3451 3822 3529 3880 fa-

1951 3942 2174 3989 cturum
2198 3946 2259 3987 se
2292 3930 2668 4003 polliceretur,
2702 3935 2764 3984 ut
2822 3941 2853 3983 a
2902 3933 3191 3984 senectute
3223 3922 3290 3978 ad
3336 3920 3531 3991 juven-

1953 4032 2069 4081 tam
2108 4022 2343 4089 redires,
2380 4038 2563 4077 aunon
2587 4019 2655 4075 ad
2691 4020 2838 4076 diem
2870 4018 3026 4074 illum
3055 4013 3244 4073 venire
3273 4026 3532 4084 cuperes,

1954 4117 2009 4173 ln
2045 4132 2158 4189 quo
2206 4125 2261 4173 te
2298 4116 2499 4173 iterum
2549 4114 3004 4184 juvenesgccntem
3056 4105 3355 4167 cerneres?
3395 4104 3532 4161 Cum

1955 4216 2139 4266 autem
2195 4208 2508 4280 baptismus
2551 4208 2656 4264 hoc
2709 4205 2808 4262 tibi
2858 4219 2920 4261 se
2960 4202 3234 4259 facturum
3274 4196 3533 4269 spondet,

1956 4313 2017 4359 ut
2048 4303 2229 4358 anima
2258 4313 2373 4367 tua,
2405 4318 2569 4371 quam
2596 4304 2870 4356 vetustate
2898 4293 3216 4361 confecisti,
3245 4304 3299 4350 et
3330 4290 3533 4363 iniqui-

1956 4403 2133 4451 tatum
2199 4394 2355 4465 rugis
2412 4407 2662 4465 asperam
2716 4389 3029 4460 foedamque
3082 4384 3395 4451 reddidisti,
3462 4378 3532 4438 ad

247 4472 500 4544 φρονεῖς
544 4469 639 4526 τοῦ
681 4470 1001 4543 εὐεργέτου;
1031 4474 1107 4527 υύ
1153 4474 1515 4547 προστρέχεις
1549 4474 1628 4548 τῷ
1678 4478 1847 4547 ἐπαγ-

1956 4486 2259 4557 pristinum
2315 4484 2507 4541 florem
2556 4484 2767 4549 redeat,
2820 4482 2964 4537 bene
3008 4480 3077 4536 tle
3118 4487 3173 4536 te
3228 4482 3531 4533 merentem

248 4566 546 4639 γέλματις
574 4565 688 4620 Ούκ
717 4564 1005 4636 ἐπιθυμεῖς
1038 4566 1165 4621 ίδεῖν
1192 4567 1252 4623 τί
1272 4568 1335 4623 τὺ
1371 4568 1513 4641 μέγα
1543 4568 1730 4642 θαῦμα
1749 4570 1852 4642 τῆς

248 4657 659 4731 ὑποσχέσεωςς
696 4657 814 4722 πῶς
852 4658 978 4712 ἄνευ
1011 4660 1218 4731 μητρὸς
1254 4660 1616 4731 ἀναγεννᾶται
1641 4662 1847 4735 ἀνθρω-

248 4762 364 4809 πος
387 4761 407 4811 ς
449 4743 576 4809 πῶς
601 4744 631 4797 6
662 4744 1059 4818 παλαιούμενος
1080 4749 1174 4802 καί
1198 4749 1557 4821 φθειρόμενος
1585 4752 1727 4808 κατά
1756 4754 1855 4818 τὰς

249 4839 579 4912 ἐπιθυμίας
608 4839 707 4910 τῆς
747 4842 983 4911 ἀπάτης,
1032 4847 1238 4915 σφριγᾷ
1289 4846 1471 4913 πάλιν,
1514 4847 1609 4902 καὶ
1655 4848 1853 4922 ἀνηϐᾷ,

249 4934 355 4988 καὶ
384 4932 478 4997 εἰς
506 4930 568 4985 τὸ
595 4932 851 5003 ἀληθινὸν
874 4933 1033 4999 ἄνθος
1052 4935 1150 5009 τῆς
1174 4938 1427 5009 νεότητος
1454 4940 1817 5014 ἐπανέρχεται
1839 4958 1856 5010 ;

246 5026 573 5096 Βάπτισμα
613 5024 977 5097 αἰχμαλώτοις
1019 5026 1231 5099 λύτρον,
1271 5030 1602 5103 ὀφλημάτων
1642 5036 1857 5105 ἄφεσις,

247 5119 516 5183 θάνατος
533 5119 831 5191 ἁμαρτίας,
862 5120 1249 5190 παλιγγενεσία
1274 5122 1473 5195 ψυχῆς,
1506 5125 1709 5199 ἔνδυμα
1744 5145 1857 5198 φω-

246 5212 477 5275 τιινδν,
518 5213 755 5286 σφραγὶς
806 5214 1248 5287 ἀνεπιχείρητος,
1282 5218 1467 5290 ὖχημα
1516 5220 1654 5293 πρὸς
1695 5221 1861 5293 ούρα-

246 5305 372 5373 νὸν,
432 5303 722 5377 βασιλείας
784 5307 1062 5379 πρόξενον,
1107 5308 1378 5375 υἱοθεσίας
1437 5311 1703 5384 χάρισμα.
1760 5314 1860 5367 To»

249 5397 493 5453 σούτων
541 5398 765 5468 ἀγαθῶν
795 5402 888 5455 καὶ
917 5400 1273 5473 τηλικούτων,
1307 5404 1479 5473 ἀθλιε,
1516 5408 1861 5479 προτιμωτέ-

248 5508 367 5567 ραν
400 5489 577 5561 ἄγεις
600 5490 699 5563 τὴν
721 5492 949 5565 ήδονήν;
982 5494 1108 5549 Νοῶ
1125 5496 1235 5568 γάρ
1270 5514 1367 5551 σου
1399 5498 1501 5569 τὴν
1532 5498 1857 5571 ὑπέρθεσιν·

229 5587 365 5643 κᾶν
400 5586 779 5659 περιστέλλῃς
803 5591 915 5654 τοῖς
940 5590 1203 5662 ῥήμασιν.
1242 5592 1392 5646 Αύτά
1419 5591 1531 5665 ,βοᾷ
1572 5593 1640 5647 τά
1688 5596 1864 5665 πράγ-

256 5696 451 5750 ματα,
480 5678 593 5732 κᾶν
626 5681 693 5754 τῇ
714 5681 866 5753 φωνῇ
892 5684 1331 5756 σιωπᾷς.Ἔασον
1357 5686 1761 5760 ἀποχρήσωμαι
1794 5692 1859 5762 τῇ

253 5773 443 5847 σαρκὶ
480 5772 621 5845 πρὸς
651 5770 749 5849 τὴν
793 5776 1092 5835 ἀπόλαυσιν
1130 5778 1239 5835 τῶν
1264 5778 1529 5853 αἰσχρῶν,
1557 5780 1863 5853 ἐγκυλισθῶ

1956 4578 2294 4645 contemnis,
2324 4593 2429 4635 nec
2459 4576 2526 4633 ad
2557 4574 2876 4648 huiusmodi
2931 4570 3388 4647 pollicitationem
3436 4583 3534 4626 ac-

1955 4672 2182 4730 curris?
2217 4672 2337 4728 Non
2368 4670 2723 4743 concupiscis
2744 4669 2935 4725 videre
2968 4668 3159 4741 ingens
3199 4664 3334 4723 illud
3365 4662 3536 4719 mira-

1958 4765 2167 4831 culum,
2210 4762 2361 4835 quod
2419 4763 2521 4818 tibi
2564 4760 2944 4834 promittitur?
3002 4773 3219 4831 nempe,
3256 4756 3539 4829 quomodo

1960 4858 2109 4913 nulla
2142 4857 2342 4912 matris
2376 4871 2543 4924 opera
2586 4856 2751 4910 homo
2782 4852 3097 4910 renascitur
3130 4848 3451 4921 :qnomodo
3490 4848 3539 4905 is

1956 4951 2053 5023 qui
2087 4958 2419 5008 vetustatem
2456 4949 2763 5013 contraxit,
2791 4946 3026 5021 jamque
3063 4944 3353 5002 desideriis
3382 4959 3541 5000 erro-

1932 5046 2038 5101 ‘ris
2071 5053 2376 5115 corruptus
2399 5050 2508 5110 est,
2542 5057 2765 5099 rursum
2802 5039 2953 5111 viget
2982 5047 3037 5096 et
3060 5037 3342 5110 pubescit,
3376 5044 3541 5106 atque

1962 5138 2027 5195 ad
2068 5153 2257 5193 verum
2290 5137 2473 5194 astatis
2497 5136 2687 5193 liorem
2723 5133 2908 5190 redit!
2946 5132 3262 5204 Baptismus
3289 5129 3538 5200 captivo-

1963 5246 2085 5286 rum
2143 5228 2455 5300 redemptio
2504 5240 2615 5296 ρει,
2666 5226 2978 5283 debitorum
3043 5222 3325 5288 remissio,
3388 5236 3540 5276 mors

1964 5322 2197 5394 peccati.
2226 5321 2425 5377 animae
2456 5317 2825 5390 regeneratio,
2866 5313 3218 5388 splendidum
3250 5311 3540 5369 indumen-

1962 5420 2105 5478 tum,
2140 5412 2384 5484 sigillum
2433 5410 2641 5467 nullius
2673 5416 2934 5465 conatum
2984 5414 3260 5471 metuens,
3308 5403 3538 5459 vehicu-

1964 5507 2076 5561 lum
2119 5507 2173 5561 in
2228 5505 2454 5571 malum,
2506 5504 2660 5575 regni
2712 5500 3057 5567 conciliator,
3098 5496 3411 5572 adoptionis
3440 5498 3539 5555 be-

1966 5600 2243 5657 neficium.
2288 5598 2464 5655 Totae
2515 5600 2797 5669 tantisque
2846 5595 3008 5654 bonis
3061 5594 3440 5667 voluptatem,
3503 5607 3539 5647 ο

1966 5694 2156 5759 miser,
2218 5690 2616 5763 praeferendam
2664 5689 2871 5762 putas?
2927 5688 3179 5762 Intelligo
3231 5688 3378 5745 enim
3417 5702 3539 5758 qua:

1967 5787 2068 5843 tibi
2098 5787 2379 5846 dilationis
2436 5804 2603 5846 causa
2637 5788 2731 5854 sit,
2766 5786 2872 5844 etsi
2915 5786 3102 5845 verbis
3150 5802 3267 5845 eam
3297 5784 3537 5859 obtegis.
