3948 6250
434 312 570 381 1275
1617 308 1680 370 S.
1716 305 1959 370 JOANN
1970 306 2038 368 [S
2072 302 2506 369 DAMASCENI
3554 302 3675 371 1176

434 430 539 486 [tes
569 444 700 501 ipsae
729 424 895 499 389
926 426 1189 492 clamant,
1243 422 1349 480 etsi
1387 435 1525 480 voce
1575 423 1729 480 siles.
1782 424 1916 480 Sine
1950 429 2012 478 ut
2041 422 2059 479 Α

2169 417 2191 489 fu
2221 417 2469 491 βορϐόρῳ
2528 413 2639 469 τῶν
2674 411 2899 487 ἡδονῶν,
2930 411 3149 501 αῐμάξω
3194 411 3294 478 τὰς
3327 414 3535 488 χεῖρας,
3580 420 3679 489 ἀφ.-

432 507 597 578 carne
627 518 694 575 ad
721 520 972 590 turpium
1007 532 1190 573 rerum
1234 514 1555 571 fruitionem
1596 514 1814 580 abutar,
1857 522 1918 570 ut
1953 514 2011 569 in

2169 528 2327 582 ,ωμαι
2375 510 2447 564 τὰ
2485 509 2764 580 ἀλλότρια,
2786 507 2973 572 δολίως
3018 506 3290 579 πορευθῶ,
3356 509 3680 582 ἐπιορκήσω,

432 616 781 685 voluptatum
818 626 981 667 emno
1009 612 1249 675 voluter,
1293 617 1354 664 ut
1387 623 1586 664 manus
1614 616 1921 673 eruentem,
1955 616 2015 663 ut

2169 605 2427 677 εύσωμαι,
2459 604 2554 658 καὶ
2606 603 2731 657 τότε
2779 602 2842 657 τὸ
2892 601 3199 675 βάπτισμα,
3225 603 3355 658 ὅταν
3398 604 3546 676 λήξω
3587 603 3685 659 τῶν

437 710 616 766 aliena
682 709 913 779 rapiam,
966 714 1190 763 versute
1232 703 1505 773 incedam,
1547 702 1814 774 pejerem,
1854 716 2013 756 men-

2169 698 2327 764 ικῶν,
2377 695 2733 770 ὑποδέξομαι.
2769 695 2867 761 Τίς
2916 696 2976 751 δέ
3039 714 3123 751 σοι
3173 698 3272 752 καὶ⁵
3314 697 3408 753 τὸν
3448 698 3572 771 ὅρον
3596 702 3688 770 τῆς

439 803 547 859 tiar
586 819 602 857 :
631 817 696 858 ac
730 810 845 856 tum
878 800 1239 871 baptismum,
1281 812 1406 853 cum
1437 796 1702 868 peccandi
1749 796 1909 852 tinem
1942 796 2019 852 fe-

2169 794 2264 863 υῆς
2307 789 2549 863 ἔπηξεν,
2585 789 2669 854 τίς
2716 805 2799 844 σοι
2840 788 2945 861 τὴν
2996 788 3336 862 προθεσμίαν
3382 788 3478 845 τοῦ
3516 791 3691 862 γήρως

438 909 590 960 cero,
627 893 951 965 suscipiam.
1005 892 1212 963 Ecquis
1269 900 1452 947 autem
1493 891 1588 946 tibi
1640 889 1763 947 vitae
1820 899 2017 946 metam

2169 900 2355 957 ρισεν;
2390 882 2476 946 τίς
2515 881 2689 945 οὕτως
2735 881 3050 948 ἀξιόπιστος
3104 881 3261 953 παρὰ
3306 881 3391 935 σοὶ
3422 880 3534 937 τῶν
3578 882 3695 953 με).⁸

444 987 602 1044 ﬂxit‘i
631 986 756 1057 quis
791 985 889 1041 tibi
947 983 1252 1042 senectutis
1290 980 1586 1037 terminum
1642 980 2021 1053 praescripsit?

2169 978 2323 1032 5ντων
2348 975 2624 1048 ἐγγυητής
2644 992 2659 1041 ;
2681 973 2793 1047 Οὐχ
2822 976 2954 1047 ὁρᾷς
2981 975 3149 1046 νήπια
3174 975 3552 1048 άρπαζόμενα,
3578 977 3694 1041 τοὺς

442 1079 570 1151 quis
626 1078 770 1152 apud
826 1090 877 1133 te
923 1089 1033 1133 tam
1094 1076 1337 1148 locuples
1396 1074 1710 1130 futurorum
1748 1073 2023 1148 sponsor?

2169 1088 2179 1123 ι
2223 1070 2413 1143 ἡλικίᾳ
2440 1064 2867 1139 ἀπαγομένους;
2905 1068 3005 1123 οὐκ
3047 1067 3162 1140 ἔχει
3197 1068 3331 1140 μίαν
3364 1068 3695 1141 προθεσμίαν

446 1176 641 1228 Annon
672 1172 827 1227 vides
851 1169 1094 1226 infantes
1129 1177 1306 1225 morte
1330 1168 1532 1239 abripi,
1569 1174 1735 1222 aelate
1763 1167 2025 1223 ﬂorentes

2184 1162 2318 1235 βίος.
2355 1162 2420 1217 Τί
2448 1162 2743 1233 ἀναμένεις
2779 1160 3017 1234 πυρετοῦ
3045 1177 3128 1215 σοι
3154 1160 3331 1235 δῶρον
3368 1161 3619 1231 γενέσθαι
3644 1162 3700 1215 τὸ

442 1263 685 1320 abduci?
716 1266 826 1317 vita
856 1264 1067 1317 nullum
1093 1269 1303 1317 certum
1332 1259 1626 1315 terminum
1663 1256 1851 1312 habet.
1883 1254 2025 1325 Quid

2169 1258 2452 1330 άπτισμα;
2477 1257 2565 1311 ὅτε
2588 1254 2714 1310 οὔτε
2744 1255 3085 1326 φθέγξασθαι
3106 1256 3311 1329 δυνήσῃ
3352 1256 3421 1311 τά
3466 1259 3701 1330 σωτήρια

442 1370 736 1430 exapectas
775 1368 835 1414 ut
865 1358 1173 1430 baptismus
1197 1353 1296 1411 tibi
1338 1354 1606 1411 beneﬂcio
1638 1352 1810 1410 febris
1843 1353 2028 1409 obtin-

450 1452 582 1525 gat?
612 1453 831 1523 quando
860 1452 971 1523 jam
1010 1467 1079 1506 ne
1117 1451 1379 1507 salutaria
1428 1451 1525 1505 tibi
1574 1448 1740 1506 verba
1783 1462 2028 1517 pronun-

448 1547 615 1613 tiare,
661 1556 715 1601 et
764 1547 951 1601 forsan
986 1560 1053 1601 ne
1103 1544 1263 1616 plane
1300 1542 1524 1615 quidem
1572 1540 1766 1597 audire
1796 1539 2028 1613 poteris,

2169 1539 2260 1594 όνυ
2291 1540 2370 1603 είς
2395 1539 2495 1608 τὴν
2526 1536 2925 1608 προσκύνησιν,
2958 1536 3021 1591 οὐ
3058 1534 3375 1607 διδαχθῆναι
3401 1535 3705 1607 χρησίμως,

452 1655 564 1695 non
597 1654 792 1695 manus
823 1638 888 1693 ad
942 1638 1144 1692 cmlum
1170 1636 1391 1698 tollere,
1438 1651 1548 1691 non
1596 1634 1829 1707 pedibus
1859 1640 2028 1699 stare,

2169 1635 2231 1705 ὐχ
2260 1631 2610 1707 ,ὁμολογῆσαι
2655 1630 2936 1698 ἀσφαλῶς,
2974 1628 3098 1701 οὐχὶ
3144 1626 3437 1697 συνθέσθαι
3476 1627 3709 1699 Χριστῷ,

454 1749 565 1791 non
606 1732 946 1789 adorationis
994 1746 1165 1788 causa
1212 1729 1621 1802 genuﬂectere,
1666 1744 1773 1785 non
1824 1728 2036 1783 utiliter

2169 1727 2236 1779 ὖκ
2260 1705 2652 1789 ’ἀποτάξασθαι
2688 1721 2766 1793 τῷ
2798 1718 3000 1793 ἐχθρῷ,
3041 1719 3185 1791 τάχα
3208 1719 3266 1773 δὲ
3298 1718 3422 1774 οὐδὲ
3484 1718 3713 1784 συνετῶς

454 1826 700 1891 edoceri,
743 1842 853 1882 non
902 1838 1056 1882 certo
1091 1825 1364 1892 conﬁteri,
1396 1839 1507 1879 non
1550 1835 1603 1880 te
1649 1823 1717 1878 ad
1748 1821 2029 1877 Christum

2169 1816 2438 1883 πακοῦσαι
2468 1784 3061 1887 ’μυσταγωγοδμίενομ
3103 1784 3417 1882 άμφιόολος
3469 1808 3549 1866 ὢν
3610 1813 3718 1876 τοῖς

459 1919 779 1991 adjungere,
830 1935 936 1974 non
983 1917 1127 1974 hosti
1163 1918 1577 1982 abrenuntiare,
1614 1916 1750 1987 quin
1792 1930 1893 1971 nec
1922 1912 2037 1970 for-

2169 1909 2422 1983 ῖαροῦσιν,
2455 1904 2603 1981 Ἆρα
2627 1905 2825 1980 ᾔσθετο
2868 1904 2966 1975 τῆς
3010 1902 3252 1975 χάριτος,
3295 1904 3328 1974 ἢ
3382 1902 3718 1976 ἀναισθήτως

2132 1356 2373 1427 ῥήματα,
2404 1351 2545 1423 τάχα
2582 1350 2640 1405 δὲ
2664 1348 2832 1423 [οὐδὲ]
2848 1348 3077 1404 ἀκοῦσαι
3111 1349 3402 1422 καθαρῶςο
3436 1350 3497 1405 οὐ
3524 1352 3702 1422 χεῖρας

2130 1443 2264 1519 ἆραι
2280 1446 2360 1511 εἰς
2385 1444 2741 1519 οὐρανὸν,οὑκ
2762 1444 2856 1498 ἐπὶ
2873 1443 3038 1508 πόδας
3056 1442 3433 1515 διαναστῆναι,
3454 1443 3517 1496 οὗ
3534 1440 3705 1496 κλῖναι

460 2013 629 2070 tassis
684 2013 1054 2084 intelligenter
1105 2011 1334 2077 audire,
1382 2027 1505 2065 cum
1560 2009 1924 2067 initiabcris:
1976 2023 2041 2064 ac

458 2105 700 2176 denique
738 2106 811 2158 ita
856 2103 1085 2161 aﬂ‘ectus
1117 2104 1252 2172 eris,
1294 2111 1355 2158 ut
1388 2105 1483 2175 qui
1530 2104 1767 2159 aderunt
1818 2101 2041 2173 ancipiti

461 2194 651 2250 animo
684 2196 816 2262 sint,
861 2196 1090 2267 gratiam
1140 2210 1205 2252 ne
1258 2197 1520 2260 senseris.
1566 2212 1634 2251 an
1680 2210 1872 2251 eorum
1924 2209 2047 2265 quae

2137 2005 2251 2076 ἔχει
2294 2002 2405 2057 τῶν
2437 2000 2789 2071 γενομένων;
2825 1999 2956 2052 ὅταν
3004 1998 3063 2051 δὲ
3101 1997 3199 2051 καὶ
3222 1997 3606 2069 ὲπιστημόνυκ
3628 1995 3724 2070 si}:

2140 2098 2301 2170 χάριν
2332 2095 2483 2167 δέξῃ,
2517 2094 2638 2148 τότε
2669 2093 2730 2146 τὸ
2754 2094 2853 2161 μὲν
2878 2090 3138 2147 τάλαντον
3158 2088 3325 2162 ἔχεις,
3357 2091 3463 2164 τὴν
3486 2090 3546 2145 δὲ
3568 2090 3724 2163 ἐργα-

2147 2192 2267 2245 σίαν
2298 2189 2401 2243 οὐκ
2435 2185 2745 2258 ἔπιφὲρεις.

462 2301 818 2363 peragentur,
849 2290 998 2345 omni
1046 2304 1213 2346 sensu
1262 2304 1478 2347 careas.
1520 2288 1723 2345 Demus
1778 2304 1907 2345 vero
1956 2294 2034 2356 te,
2075 2288 2309 2358 gratiam
2346 2285 2423 2340 ita
2457 2298 2677 2353 quoque
2711 2287 3116 2351 suscepturum,
3165 2284 3227 2334 ut
3313 2292 3438 2335 eam
3524 2278 3725 2337 sentias

463 2396 518 2445 et
534 2400 800 2457 agnoscas
830 2404 843 2440 :
872 2385 1139 2441 talentum
1159 2385 1377 2457 quidem
1410 2385 1659 2452 habebis,
1689 2396 1744 2441 at
1772 2392 2041 2465 quiestmn
2078 2400 2140 2440 ex
2182 2398 2250 2440 eo
2285 2381 2492 2438 nullum
2529 2387 2709 2436 tecum
2743 2376 2915 2441 feres.

536 2524 598 2581 S.
631 2522 784 2597 Greg.
823 2521 967 2577 Naz.
1011 2519 1167 2579 Orat.
1196 2521 1253 2575 in
1298 2522 1444 2592 bapt.
1468 2551 1538 2563 --
1573 2518 2043 2588 Quemadmodum

466 2636 591 2686 nos,
620 2635 745 2676 cum
778 2628 905 2673 ante
939 2632 1048 2672 non
1079 2631 1360 2683 essemus,
1406 2619 1650 2681 ereavit,
1702 2615 1777 2670 ita
1829 2622 2052 2671 creatos

465 2713 647 2769 denuo
679 2709 836 2765 tinxit
886 2707 1346 2779 instauravitquc,
1395 2715 1451 2764 et
1497 2705 1723 2779 quidem
1788 2706 2051 2777 figmento

460 2804 751 2872 diviniori,
776 2818 840 2859 ac
858 2801 1003 2873 quod
1040 2802 1277 2872 primum
1313 2801 1473 2873 longe
1504 2807 1795 2872 superaret
1826 2796 2055 2871 (quippe

465 2897 643 2967 quod,
674 2895 751 2950 uti
784 2894 969 2950 vivere
998 2893 1397 2964 incipientibus
1437 2893 1678 2965 sigillum
1716 2900 1825 2959 est,
1854 2893 1932 2947 ita
1982 2890 2051 2948 iis

2213 2521 2427 2592 Ὠσπερ
2458 2517 2559 2574 οὐκ
2588 2516 2750 2583 ὄντας
2781 2516 3115 2589 ὑπέστησεν,
3165 2514 3341 2582 οὕτως
3380 2515 3731 2580 ὑποστάντας

2146 2615 2476 2679 ἀνέπλασεν,
2507 2610 2707 2667 πλάσιν
2753 2610 3041 2683 θειοτέραν
3084 2627 3145 2664 τε
3197 2610 3296 2665 καὶ
3354 2611 3460 2683 τῆς
3514 2598 3733 2685 πρώτης

2149 2706 2527 2780 ὑψηλοτέραν*
2570 2705 2606 2777 ἢ
2641 2705 2755 2767 τοῖς
2792 2702 2893 2775 μὲν
2925 2702 3256 2775 ἀρχομένοις
3300 2703 3427 2758 ἐστὶ
3471 2704 3732 2776 σφραγὶς,

2151 2804 2265 2866 τοῖς
2288 2800 2346 2856 δὲ
2376 2799 2734 2871 τελειοτέροις
2778 2798 2880 2870 τὴν
2922 2797 3140 2869 ἡλικίαν
3185 2798 3461 2870 χάρισμα,
3504 2798 3606 2854 καὶ
3646 2800 3735 2869 τῆς

2149 2898 2433 2968 παθούσης
2465 2894 2675 2959 είκόνος
2701 2893 2793 2948 διὰ
2820 2890 2920 2965 τὴν
2968 2890 3170 2947 κακίαν
3214 2890 3624 2964 ἐπανόρθωσις,
3653 2891 3738 2946 ῑνα

468 2989 563 3059 ’qui
608 2985 871 3060 vegetiori
923 2995 1054 3042 sunt
1111 2994 1294 3053 aetate,
1343 2985 1521 3057 gratia
1569 2999 1796 3057 quoque
1842 2990 1952 3050 est,
2001 2992 2057 3040 et

2169 2993 2239 3067 μὴ
2268 2993 2335 3065 τῇ
2358 2986 2670 3061 ἀπογνώσει
2698 2989 2917 3060 χείρους
2946 2986 3256 3059 γενόμενοι,
3282 2983 3381 3040 καὶ
3406 2986 3504 3043 ἀεὶ
3527 2984 3667 3059 πρὸς
3685 2985 3742 3040 te

470 3081 682 3139 alfectae
708 3078 968 3151 imaginis
994 3080 1245 3146 erectio),
1270 3095 1341 3135 ne
1370 3077 1571 3151 alioqui
1595 3094 1693 3151 per
1717 3076 2055 3149 desperatio-

473 3189 595 3231 nem
629 3173 1015 3231 sceleratiores
1042 3170 1408 3239 eﬂiceremur,
1424 3180 1478 3227 et
1509 3173 1565 3227 in
1588 3171 1844 3244 graviora
1875 3170 2056 3243 quoti-

471 3267 560 3321 die
588 3263 789 3337 ﬂagitia
817 3263 1249 3336 prorumpendo,
1274 3280 1307 3321 a
1340 3264 1486 3321 bono
1518 3273 1574 3322 et
1604 3266 1807 3321 virtute
1832 3264 2056 3335 penitus

472 3357 856 3414 cxcideremus
868 3390 886 3408 .

548 3468 692 3523 Ibid.
715 3500 787 3512 --
810 3469 902 3524 Sic
931 3477 983 3525 te
1005 3484 1285 3541 compara,
1315 3480 1373 3524 ut
1408 3470 1691 3527 lavacrum
1720 3485 1829 3528 non
1854 3486 2057 3544 corpus

476 3564 661 3632 modo,
697 3563 790 3620 sed
816 3563 1109 3635 imaginem
1140 3579 1361 3636 quoque
1391 3564 1485 3621 Dei
1519 3566 1746 3634 abluat;
1790 3582 1899 3623 non
1931 3584 2060 3640 pec-

402 3704 405 3705 ν
474 3666 596 3714 cata
633 3655 811 3712 solum
842 3655 1043 3720 deleat,
1068 3655 1160 3711 sed
1205 3671 1388 3713 mores
1422 3658 1590 3712 etiam
1619 3658 1917 3727 emendet;
1950 3675 2058 3716 non

473 3748 744 3821 pristinas
800 3756 1013 3803 tantum
1075 3750 1202 3805 vita:
1250 3750 1447 3806 sordes
1500 3752 1813 3823 abstergat,
1869 3767 2059 3808 verum

479 3840 685 3897 fontem
710 3854 931 3912 quoque
960 3839 1143 3911 ipsum
1168 3850 1469 3912 expurget;
1502 3857 1612 3898 non
1638 3844 1823 3898 animo
1848 3852 2061 3900 tantum

478 3935 778 4007 insculpat,
826 3942 888 3990 ut
948 3949 1084 4006 opes
1142 3936 1392 3991 honestis
1454 3936 1763 3993 rationibus
1808 3953 2059 4008 quaeras,

477 4046 668 4086 verum
719 4037 779 4085 ut
831 4029 1180 4084 laudabiliter
1208 4028 1479 4097 eﬂ‘undas,
1524 4038 1620 4084 aut
1663 4030 1815 4101 quod
1852 4031 2062 4086 levissi¢

478 4137 628 4177 mum
663 4121 851 4188 fuerit,
888 4121 1031 4176 male
1062 4131 1248 4191 partas
1277 4121 1527 4191 obiicias.
1579 4121 1719 4188 Quid
1772 4122 1919 4179 enim
1964 4122 2063 4179 tibi

479 4216 774 4288 profuerit,
806 4216 881 4271 ita
920 4212 1131 4286 peccati
1161 4214 1375 4269 veniam
1397 4214 1763 4286 impetrasse,
1791 4224 1850 4270 ut
1881 4222 2064 4270 tamen

2159 3088 2347 3158 χεῖρον
2374 3080 2843 3155 καταφερόμενοι,
2873 3079 3096 3146 τελείως
3133 3078 3240 3147 ἔξω
3282 3077 3381 3135 τοῦ
3440 3078 3617 3135 καλοῦ
3655 3079 3743 3134 καὶ

2160 3179 2262 3250 τῆς
2280 3174 2489 3251 ἀρετῆς
2511 3175 2823 3248 πίπτωμεν.
3700 3166 3703 3169 ’

2233 3466 2481 3522 Γενέσθω
2506 3483 2587 3522 σοι
2641 3466 2700 3521 τὸ
2722 3466 2967 3540 λουτρὸν,
3019 3465 3093 3539 μὴ
3125 3465 3221 3522 τοῦ
3266 3464 3527 3539 σώματος
3571 3464 3748 3537 μόνον,

2163 3560 2299 3618 ἀλλὰ
2329 3560 2546 3633 καὶτῆς
2568 3561 2774 3625 εἰκόνος
2801 3577 2815 3591 ·
2832 3560 2907 3633 μὴ
2928 3559 3039 3616 τῶν
3057 3560 3477 3632 ἁμαρτημάτων
3492 3557 3752 3623 εκπλυσις

2169 3640 2365 3727 μόνον,
2396 3653 2532 3710 ἀλλὰ
2572 3654 2777 3726 καὶξτοῦ
2806 3654 3011 3727 τρόπου
3041 3653 3327 3727 διόρθωσις
3346 3669 3362 3684 ⁸
3394 3652 3597 3727 μὴ’τδν
3629 3670 3753 3725 προ-

2165 3744 2398 3800 λαϐόντα
2453 3744 2713 3819 βόρϐορον
2756 3744 3113 3811 άποκλυζέτω
3147 3744 3333 3819 μόνον,
3367 3743 3509 3801 ἀλλὰ
3534 3745 3634 3802 καὶ
3656 3744 3751 3816 τὴν

2167 3838 2350 3911 πηγὴν
2376 3837 2713 3912 καθαιρέτωο
2738 3840 2813 3912 μὴ
2845 3838 2907 3895 τὸ
2926 3839 3107 3904 καλῶς
3125 3838 3359 3895 κτᾶσθαι
3379 3841 3644 3897 sumito)
3664 3839 3752 3912 μό-

2167 3933 2429 3998 νον,άλλὰ
2469 3935 2563 3989 καὶ
2598 3934 2661 3990 τὸ
2684 3934 2866 4000 καλῶς
2887 3933 3229 3991 άποκτᾶσθαι
3248 3976 3267 4004 ,
3282 3934 3315 4008 ἢ
3332 3935 3463 4006 τότε
3486 3936 3751 4008 κουφότα-

2166 4023 2354 4090 τον,τδ
2374 4024 2558 4089 κακῶς
2581 4024 2779 4097 κτηθὶν
2802 4026 3174 4083 ἀποτίθεσθαι.
3193 4027 3260 4081 Τί
3280 4026 3390 4100 γὰρ
3418 4029 3621 4101 ὄφελος
3643 4070 3656 4094 ,
3677 4031 3752 4082 σοι

2173 4115 2275 4189 μὲν
2294 4118 2714 4191 συγχωρηθῆναι
2746 4120 2845 4193 τὴν
2872 4121 3165 4195 ἁμαρτίαν,
3178 4122 3255 4195 τῷ
3273 4122 3332 4178 δὲ
3348 4123 3666 4197 ἠδικημένῳ
3682 4121 3750 4195 μὴ

2169 4209 2399 4284 λυθῆναι
2427 4213 2529 4287 τὴν
2549 4215 2701 4289 παρὰ
2721 4215 2816 4271 σοῦ
2842 4214 3080 4289 ζημίαν,
3110 4214 3205 4271 δύο
3228 4233 3312 4271 σοι
3342 4216 3537 4273 κακῶν
3565 4217 3749 4282 όντων,

464 4311 529 4385 ei
576 4322 738 4378 quem
774 4307 1004 4372 laeseris,
1055 4305 1319 4361 damnum
1350 4321 1461 4362 non
1489 4306 1789 4372 sarciatur,
1837 4321 1963 4363 cum
2005 4315 2059 4363 tu

2171 4304 2269 4360 τοῦ
2297 4324 2358 4361 τε
2408 4309 2714 4382 κτήσασθαι
2746 4310 2823 4383 μὴ
2873 4311 3126 4377 δικαίως,
3158 4312 3255 4366 καί
3283 4310 3380 4366 τοῦ
3435 4311 3502 4366 τὸ
3556 4310 3751 4383 κτηθὲν

481 4399 693 4471 duplici
726 4399 937 4457 scelere
967 4400 1307 4456 constrictus
1359 4400 1599 4455 tenearis
1634 4419 1647 4457 :
1693 4400 1891 4470 altero,
1935 4401 2059 4473 quia

2172 4378 2522 4472 κατέχεσθαι,
2568 4401 2663 4457 τοῦ
2716 4378 2823 4474 μὲν⁷
2860 4402 3058 4473 ἄφεσιν
3092 4402 3304 4471 ἔλαόες,
3336 4403 3397 4457 τὸ
3425 4402 3486 4458 δὲ
3516 4378 3749 4475 σήμερον

484 4492 691 4563 injuste
758 4492 1010 4563 possides
1072 4491 1370 4548 facultates
1437 4500 1599 4559 tuas;
1668 4493 1877 4559 altero,
1939 4493 2072 4564 quia

454 4591 673 4654 partas
728 4598 863 4655 opes
918 4580 1201 4639 mordicus
1245 4590 1445 4647 tenes;
1504 4578 1596 4635 illa
1655 4580 1877 4651 quidem
1930 4596 2072 4636 noxa

487 4678 583 4733 tibi
634 4677 943 4733 condonata
1004 4684 1111 4741 est,
1160 4674 1263 4729 hac
1301 4688 1431 4729 vero
1467 4674 1647 4730 adhuc
1694 4674 1854 4729 hodie
1896 4674 2072 4745 impli~

2173 4488 2404 4555 ἀδικεῖς.
2437 4490 2692 4564 Σήμερον
2739 4493 2850 4562 γάρ
2885 4495 3007 4547 ἐστι
3036 4494 3192 4567 παρὰ
3231 4494 3315 4549 σοὶ
3345 4494 3410 4548 τὸ
3447 4494 3747 4564 ἀλλότριον,

2173 4582 2269 4636 καὶ
2295 4583 2398 4639 οὐκ
2428 4585 2670 4658 ἀνῃρέθη
2721 4587 2784 4641 τὸ
2820 4588 3150 4661 ἁμάρτημα,
3195 4588 3275 4661 τῷ
3326 4589 3510 4661 χρόνῳ
3556 4588 3616 4643 δὲ
3676 4587 3749 4641 δι-

2180 4674 2353 4748 εκόπη
2373 4677 2468 4731 ’τὸ
2502 4680 2599 4749 μὲν
2632 4678 2737 4752 πρὸ
2765 4680 2861 4735 τοῦ
2891 4680 3268 4754 βαπτίσματος
3298 4681 3596 4756 τολμηθὲν,
3615 4680 3675 4736 τὸ
3698 4680 3749 4734 δὲ

487 4772 677 4827 caris?
707 4769 879 4827 Hodie
918 4769 1065 4825 enim
1095 4768 1236 4839 apud
1271 4776 1324 4822 te
1354 4765 1532 4821 aliena
1566 4782 1657 4823 res
1688 4776 1810 4831 est;
1843 4766 2059 4839 ideoqm

2182 4768 2343 4839 μόνον
2400 4773 2538 4841 μετὰ
2569 4772 2632 4827 τὸ
2683 4774 2991 4848 βάπτισμα.
3025 4776 3146 4830 Τῶν
3189 4776 3297 4847 γὰρ
3326 4775 3748 4849 ἡμαρτημένων,

483 4877 837 4937 nequaquam
874 4862 1113 4918 deletum
1163 4869 1249 4919 est
1311 4868 1597 4931 peccatum
1628 4900 1642 4925 ,
1695 4861 1789 4915 sed
1830 4868 2059 4931 tempori

2176 4862 2238 4916 οὺ
2263 4862 2373 4918 τῶν
2398 4864 2886 4938 ἁμαρτανομένων,
2913 4869 2974 4922 τδ
2995 4868 3221 4941 λουτρὸν
3246 4867 3362 4941 ἔχει
3388 4868 3746 4942 συγχώρησιν.

478 4958 1137 5017 duntaxatiintercisum.
1174 4954 1308 5010 Pars
1342 4954 1515 5011 altera
1565 4964 1693 5009 ante
1735 4953 2091 5024 baptismqu

489 5058 803 5126 perpetrata
823 5055 930 5115 est,
950 5048 1123 5103 altera
1151 5055 1274 5119 post
1302 5046 1642 5119 baptismum
1665 5055 1869 5103 manet.
1890 5046 2078 5119 Neque

483 5150 635 5205 enim
668 5144 1035 5219 praesentibus
1059 5139 1303 5213 ﬂagitiis,
1326 5140 1421 5197 sed
1452 5140 1522 5195 iis
1552 5154 1673 5210 qua
1695 5138 1809 5211 jam
1836 5136 2074 5199 admissa

483 5249 644 5305 sunt,
672 5237 891 5294 veniam
932 5232 1091 5289 aﬂert
1124 5232 1454 5303 baptismus.
1501 5230 1678 5288 Porro
1710 5246 1820 5289 non
1860 5242 2079 5289 vetera-

2179 4958 2270 5010 Δεῖ
2294 4957 2351 5011 δὲ
2381 4959 2457 5032 μὴ
2493 4961 2817 5034 σοφισθῆναι
2863 4962 2957 5017 τὸν
2990 4962 3299 5035 καθαρμὸν,
3332 4962 3454 5018 ἀλλ’
3484 4964 3748 5035 ινσημαν·

2180 5048 2343 5122 θῆναι
2366 5068 2381 5085 '
2418 5053 2837 5129 λαμπρυνθῆναί
2859 5074 2920 5111 σε
2946 5056 3188 5124 τελείως,
3220 5056 3359 5113 ἀλλὰ
3386 5058 3463 5131 μὴ
3506 5054 3752 5131 χρωσθῆ-

2179 5160 2313 5237 vat:
2367 5146 2503 5219 μηδὲ
2530 5149 2863 5222 ὲπικάλυψιν
2888 5148 2998 5205 τῶν
3050 5149 3363 5224 ἁμαρτιῶν,
3404 5149 3542 5206 ἀλλὰ
3580 5147 3749 5206 άπαλ·

2178 5235 2353 5310 λαγῆν
2391 5240 2535 5311 ἔχειν
2563 5242 2625 5295 τὸ
2644 5243 2913 5316 χάρισμα.

486 5335 635 5390 ιοτὶο
656 5327 975 5401 accipienda
1015 5326 1270 5399 purgatio
1300 5332 1407 5395 est,
1433 5324 1529 5383 sed
1574 5325 1722 5381 serio
1755 5325 2159 5397 imprimenda;
2190 5329 2399 5403 tibique
2460 5338 2761 5408 agendum,
2821 5348 2884 5393 ut
2956 5336 3118 5408 pleno
3180 5337 3535 5411 perfectoque
3572 5336 3750 5409 splen-

491 5434 631 5490 dore
654 5432 853 5499 nitcas,
876 5444 983 5488 non
1011 5445 1072 5488 ut
1091 5448 1148 5487 in
1170 5421 1795 5502 superﬂeiemillinaris.
1815 5418 2079 5492 Baptismi
2114 5422 2320 5481 donum
2350 5446 2457 5485 non
2473 5432 2857 5491 tantummodo
2871 5434 3098 5493 obducit
3126 5443 3374 5507 peccata,
3392 5432 3492 5491 sed
3548 5433 3616 5488 ab
3666 5431 3749 5486 bis

498 5531 723 5606 penitus
752 5529 965 5587 eximit.
998 5568 1002 5572 ρ

568 5650 844 5721 Chrysost.
890 5651 1051 5704 Hom.
1096 5644 1165 5700 ad
1216 5659 1393 5698 recens
1441 5638 1619 5696 illum.
1651 5665 1719 5678 —
1757 5635 2085 5693 Benedictus

2262 5619 2570 5693 Εὐλογητὸς
2612 5620 2647 5675 ό
2686 5619 2846 5688 Θεὸς,
2889 5621 2919 5677 ό
2970 5619 3143 5677 ποιῶν
3194 5580 3475 5689 θαυμάσια
3511 5614 3685 5686 μόνος.
3722 5625 3748 5662 a

501 5702 787 5815 peditem
983 5739 1258 5798 mirabilia
1280 5740 1432 5796 solus
1458 5734 1636 5807 (Psal.
1668 5748 1814 5795 uxr,
1841 5731 1951 5802 i8),
1988 5746 2059 5800 qu

2193 5715 2362 5770 ποιῶν
2407 5716 2584 5771 πάντα
2608 5752 2623 5781 .
2664 5716 2760 5772 καὶ⁸
2798 5713 3229 5780 κατασκευάζων
3293 5712 3457 5768 αὐτά.
3515 5708 3577 5762 Οἱ
3629 5702 3743 5784 χθὶς

2236 5812 2245 5815 Α
2349 5809 2381 5815 ,,
2638 5810 2662 5815 _
2740 5810 2779 5815 __
2842 5808 2886 5815 ._
3146 5804 3166 5815 κ
3296 5804 3350 5815 .,
3504 5802 3526 5814 -
3646 5795 3715 5815 ..μ

508 5848 701 5897 "uncta
733 5837 1001 5905 condidit,
1030 5850 1206 5907 caque
1237 5840 1592 5890 transmutat.
1615 5827 1717 5896 Qui
1745 5824 1859 5884 heri
1886 5824 2059 5893 captis-

2195 5809 2551 5883 αἰχμάλωτοι,
2603 5810 2697 5867 νῦν
2736 5808 3036 5884 ἐλεύθεροι,
3083 5804 3176 5864 καὶ
3226 5804 3442 5862 πολῐται
3468 5802 3565 5875 τῆς
3642 5795 3742 5852 Εκ-
