3948 6250
192 327 308 393 ῙΞἸΊ

1427 323 1667 386 SACRA
1702 322 2144 385 PABALLELA
2162 360 2181 377 .

3291 320 3422 386 1278

185 440 410 514 x).r,ala¢.
457 436 522 491 ΟΞ
557 436 749 509 πρώην
778 438 838 492 ἐν
871 437 1104 512 αἰσχύνῃ
1152 435 1591 510 ἁμαρτημάτων,
1638 438 1722 491 vin

1841 447 2021 503 et'aut,
2082 431 2245 492 hodie
2282 434 2438 492 libcri
2473 443 2622 502 sunt,
2676 445 2731 491 et
2773 435 2922 495 cives
2956 436 3232 496 Ecclesiae.
3276 440 3425 507 Qucs

181 541 234 590 ὲν
254 534 521 607 παρρησίᾳ
545 531 920 605 δικαιοσύνης.

236 714 293 767 Εί
322 712 380 767 τὸ
404 711 604 767 εἰδέναι
633 712 726 766 τὸν
751 709 1202 784 Θεδνύπερῦολὴν
1223 710 1281 765 ἐν
1306 709 1384 784 τῷ
1416 708 1609 781 ἀγαθῷ
1632 708 1733 764 οὐκ

176 803 297 874 ἔχει,
328 802 387 856 τὸ
435 801 552 856 υίδν
598 802 854 873 γενέσθαι
904 802 1043 857 Θεοῦ
1098 803 1239 876 ὑπὲρ
1285 801 1582 871 εὐκληρίαν
1614 803 1734 855 ἐστὶ

116 958 119 961 _
173 899 357 950 πᾶσαν.
398 894 460 949 '0
484 895 595 969 γάρ
645 895 782 950 Θεοῦ
816 896 932 960 υίδς
987 894 1241 964 ἀξιωθεὶς
1296 894 1576 965 γενέσθαι,
1622 894 1734 963 ἕξει

174 989 376 1051 πάντως
405 988 502 1042 τοῦ
537 990 753 1061 [ἰατρὸς
791 988 854 1042 τὸ
893 987 1135 1059 ἀξίωμα.
1187 988 1362 1060 ’Υπὲρ
1404 987 1569 1059 εὐχὴν
1611 986 1666 1041 δὲ
1696 989 1732 1059 ὴ

167 1080 408 1153 ὲπιτυχία
430 1098 446 1114 ·
472 1080 613 1151 ὑπὲρ
642 1080 831 1134 ἐλπίδα
865 1080 922 1134 δὲ
953 1079 1015 1133 τὸ
1042 1078 1216 1152 δῶρον
1237 1096 1253 1112 ⁸
1306 1079 1446 1150 ὑπὲρ
1504 1076 1668 1150 φύσιν
1697 1079 1730 1153 ἡ

166 1174 334 1246 χάρις.
367 1202 434 1213 -
464 1172 798 1239 Βαπτίζεται
833 1173 975 1243 ἁγίῳ
1023 1171 1326 1243 Πνεύματι,
1359 1173 1387 1226 ὁ
1418 1170 1509 1225 διά
1549 1168 1727 1240 πάσης

164 1266 413 1337 νοήσεως,
446 1265 542 1320 καὶ
569 1265 770 1336 λόγων,
802 1267 898 1320 καὶ
924 1262 1180 1344 πράξεων
1219 1262 1601 1335 ἁγιαζόμενος,
1629 1280 1726 1317 και

164 1359 232 1413 ὢν
281 1359 671 1431 πνευματικός.
709 1359 797 1425 Ὠς
822 1360 930 1431 γάρ
958 1358 988 1413 ὁ
1020 1360 1100 1423 είς
1127 1356 1274 1428 ὕδωρ
1296 1356 1727 1429 βαπτιζόμενυςν

161 1450 287 1515 ὅλως
315 1450 651 1523 ὑγραίνεται,
681 1449 854 1516 οὕτως
886 1451 916 1504 ὁ
953 1451 1013 1505 ὲν
1043 1449 1184 1521 άγίῳ
1220 1449 1500 1520 Πνεῦματι
1530 1448 1729 1521 βαπτι-

161 1541 395 1613 ζόμενος,
425 1542 563 1608 ὅλως
585 1544 959 1616 πνευματικὸς
982 1545 1079 1600 καὶ
1096 1543 1253 1613 ἅγιος
1271 1542 1507 1613 γίνεται,
1531 1542 1730 1617 γνώμῃ

159 1634 248 1690 καὶ
276 1635 474 1709 πράξει
510 1636 752 1704 τοιοῦτος
784 1636 1243 1710 ἀποτελούμενος.

1838 545 2019 601 nuper
2052 536 2404 600 peccatorum
2435 529 2698 602 pudebat,
2732 531 2788 587 hi
2832 547 2979 588 nunc
3014 532 3069 587 iu
3098 531 3351 588 libertate
3371 543 3420 588 et

1836 621 2041 679 ﬁducia
2072 630 2223 681 sunt.

1911 716 1975 772 S.
2007 714 2166 787 (ἶνις.
2215 715 2446 789 Ngssen.
2481 717 2536 771 in
2572 714 2731 770 Beat.
2770 726 2911 771 orat.
2959 716 3014 770 7.
3037 748 3105 759 --
3138 714 3195 771 Si
3252 712 3423 771 Deum

1838 807 2029 867 videre
2056 816 2269 863 tantum
2301 808 2503 864 bonum
2534 817 2641 873 est,
2688 816 2750 862 ut
2795 807 2959 875 hujus
2990 807 3423 877 magnitudinem

1811 902 1976 958 nihil
2026 912 2192 975 queat
2242 915 2526 973 superare,
2588 899 2840 973 profecto
2893 901 2987 957 Dei
3038 901 3208 956 ﬁlium
3260 899 3421 967 ellici,

1838 990 2104 1047 felicitate
2132 990 2284 1047 omni
2314 990 2493 1061 majus
2526 1000 2631 1047 est.
2660 988 2797 1046 Nam
2831 992 2919 1046 cui
2950 989 3115 1063 390
3142 991 3248 1044 hoc
3291 1005 3424 1045 cuu-

1834 1098 2054 1140 cessum
2072 1090 2177 1149 est,
2214 1090 2277 1138 ut
2305 1080 2401 1137 Dei
2435 1081 2581 1138 illius
2607 1082 2723 1148 ﬂat,
2749 1082 2801 1139 is
2829 1085 3022 1154 procul
3048 1082 3215 1138 dubio
3237 1081 3421 1138 Patris

1832 1170 2157 1247 dignitatem
2210 1174 2506 1231 obtinebit.
2558 1173 2675 1231 Hoc
2723 1190 2858 1232 vero
2908 1175 3200 1246 consequi,
3251 1189 3421 1246 supra

1831 1282 1994 1323 omne
2030 1273 2218 1324 votum
2255 1274 2364 1331 est,
2429 1283 2594 1338 supra
2636 1282 2789 1338 spem
2845 1275 2930 1323 est
2978 1266 3208 1333 donum,
3253 1281 3420 1335 supra

1836 1370 2089 1416 naturam
2116 1359 2316 1434 gratia.
2355 1391 2427 1403 --
2466 1360 2793 1429 Baptizatur
2826 1358 3036 1432 Spiritu
3073 1367 3292 1428 sancto,
3324 1359 3420 1430 qui

1833 1452 2166 1525 cogitatione
2219 1467 2324 1510 sua
2376 1454 2567 1520 omni,
2626 1466 3012 1525 sermoneque,
3067 1462 3125 1509 et
3175 1454 3419 1518 actione,

1835 1553 2063 1601 sanctus
2091 1543 2371 1611 redditur,
2423 1527 2628 1617 quique
2676 1545 2988 1617 spiritualis
3018 1544 3261 1601 exsistit.
3308 1543 3418 1599 Ve-

1833 1625 1932 1693 luti
1964 1637 2115 1694 enim
2144 1637 2237 1708 qui
2280 1640 2545 1709 mergitur
2576 1638 2631 1693 in
2663 1652 2886 1709 aquam.
2920 1644 3070 1692 totus
3094 1635 3373 1692 humeseit
3400 1652 3416 1689 :

157 1726 236 1785 sic
273 1729 369 1799 qui
413 1731 471 1786 in
512 1729 719 1801 Spiritu
772 1740 967 1788 sancto
1005 1730 1343 1804 baptizatur.
1379 1720 1533 1788 totus
1573 1729 1880 1803 spiritualis
1904 1740 1959 1788 et
1989 1741 2217 1788 sanctus
2246 1730 2506 1799 efﬁcitur,
2547 1730 2787 1804 talisque
2847 1732 3033 1787 animo
3091 1739 3147 1787 et
3204 1731 3419 1788 ratione

154 1824 351 1881 endit.

156 1917 331 1976 ΠΤΛ.
375 1919 458 1975 δ’.
487 1948 565 1961 --
594 1917 738 1991 Περὶ
753 1921 1212 1998 βδελυγμάτων,
1248 1921 1349 1979 καὶ
1391 1922 1511 1977 τῶν
1546 1923 1722 1993 .1870—

1841 1918 1960 1976 l‘lT.
1993 1918 2060 1979 ν.
2091 1952 2163 1965 —-
2194 1919 2274 1978 De
2298 1922 2802 1998 dominationibus.
2823 1940 2915 1978 seu
2946 1923 3125 1990 idolis.
3148 1932 3201 1979 et
3241 1925 3305 1981 iis
3328 1925 3420 1998 qui

727 1992 929 2063 μένων
957 1992 1129 2050 θεῶν.

222 2125 242 2161 ι
288 2106 405 2163 Οὐκ
465 2089 682 2164 ἔσονταί
733 2126 817 2162 σοι
870 2109 986 2163 θεοὶ
1039 2109 1218 2181 ἕτεροι
1264 2108 1404 2181 πλὴν
1458 2109 1615 2179 ἐμοῦ.
1649 2110 1726 2164 Οὐ

150 2203 393 2274 ποιήσεις
426 2199 646 2274 σεαυτῷ
680 2202 919 2268 εἴδωλον,
948 2201 1071 2257 οὐδὲ
1104 2203 1216 2257 πᾶν
1246 2220 1299 2256 τι
1326 2201 1603 2275 ὁμοίωμα,
1625 2203 1726 2256 ὅσα

149 2296 206 2351 ιν
234 2294 311 2368 τῷ
344 2294 590 2371 οὐρανῷ,
639 2295 734 2351 καὶ
768 2297 869 2351 ὅσα
900 2296 962 2351 ὲν
994 2297 1060 2368 τῇ
1090 2298 1162 2367 γῇ
1202 2294 1376 2358 κάτω.
1410 2295 1507 2350 καὶ
1533 2296 1633 2350 ὅσα
1670 2297 1729 2349 ὲν

148 2392 253 2455 τοῖς
273 2389 470 2468 ὕδασιν
502 2390 765 2445 ὑποκάτω
792 2390 892 2459 τῆς
916 2389 1131 2462 γῆς.οὑ
1160 2389 1585 2461 προσκυνήσεις,
1601 2387 1725 2444 οὐδὲ

149 2482 221 2557 μὴ
245 2482 562 2558 λατρεύσῃς
585 2484 792 2549 αὐτοῖς.
834 2482 978 2554 Ἐγὼ
998 2484 1107 2556 γάρ
1140 2484 1257 2555 εἰμι
1286 2481 1514 2554 Κύριος.
1559 2501 1580 2535 ι

216 2683 237 2718 ι
270 2667 389 2731 Πᾶς
410 2666 850 2738 θυσιάξωνεθεοῖς
874 2665 1100 2739 ἑτέροις,
1131 2664 1670 2739 ὲξολοθρευθήσεται.
1699 2684 1720 2720 ι

214 2858 235 2895 ι
269 2842 390 2898 Οὐκ
427 2842 691 2909 εἰσοίσεις
724 2843 1000 2917 βδέλυγμα
1040 2845 1121 2907 είς
1168 2843 1260 2898 τὸν
1292 2838 1444 2899 οἶκόν
1475 2860 1595 2909 σου,
1630 2844 1726 2900 καὶ

140 2932 235 3008 [an
252 2936 514 3009 ἀνάθεμα
537 2936 728 3008 ὥσπερ
753 2936 932 2992 τοῦτο.
973 2956 992 2989 ι
1458 2941 1473 2950 ’

210 3047 232 3084 ι
271 3029 356 3085 Τά
385 3029 596 3085 εἴδωλα
644 3030 754 3085 τῶν
802 3029 975 3085 ὲθνῶν
1030 3030 1298 3104 ἀργύριον
1332 3028 1430 3085 καὶ
1472 3030 1721 3104 χρυσίον,

138 3120 269 3196 ἔργα
299 3124 513 3197 χειρῶν
545 3122 871 3195 ἀνθρώπων.
908 3141 930 3175 ι

206 3236 227 3271 ι
265 3216 420 3283 Θεοὶ,
459 3216 509 3273 οἳ
534 3214 631 3271 τὸν
656 3215 889 3287 οὐρανὸν
917 3214 1013 3273 καὶ
1037 3214 1137 3289 τὴν
1168 3216 1273 3288 γῆν
1301 3216 1402 3271 οὐκ
1433 3215 1721 3291 ἐποίησαν,

2367 1994 2447 2048 dii
2483 2006 2885 2065 nuncupantur.

1900 2105 2077 2162 Exod.
2132 2124 2202 2164 xx
2226 2148 2241 2175 ,
2288 2108 2411 2165 5-4.
2438 2138 2510 2151 -
2554 2129 2574 2163 ι
2612 2108 2731 2166 Non
2768 2119 2931 2167 erunt
2963 2110 3038 2167 dii
3087 2111 3179 2167 alii
3221 2119 3419 2183 praeter

1829 2214 1940 2257 me.
1967 2198 2087 2257 Non
2120 2200 2291 2259 facies
2324 2203 2420 2259 tibi
2449 2203 2684 2271 idolum,
2710 2192 2895 2277 neque
2918 2220 3132 2262 omnem
3159 2206 3419 2263 similitu«

1829 2293 2012 2348 dinem
2033 2310 2251 2357 eorum,
2283 2312 2628 2369 quacunque
2658 2298 2714 2352 in
2751 2299 2896 2354 coelo
2919 2306 3049 2355 sunt
3078 2298 3335 2370 desuper,
3362 2307 3419 2355 et

1828 2400 2173 2459 quaecunque
2208 2390 2262 2445 in
2300 2398 2447 2446 terra
2476 2390 2761 2459 deorsum,
2796 2409 2899 2450 nec
2921 2408 3117 2449 eorum
3140 2408 3261 2465 qua:
3290 2400 3419 2449 sunt

1829 2474 1888 2529 in
1918 2475 2082 2545 aquis
2111 2477 2216 2533 sub
2246 2487 2419 2535 terra.
2456 2478 2577 2537 Non
2617 2481 2877 2541 adorabis
2906 2499 2995 2553 ea,
3028 2500 3208 2556 neque
3238 2484 3411 2542 coles.

1830 2565 1945 2638 Ego
1980 2583 2101 2624 sum
2136 2568 2427 2630 Dominus.
2469 2591 2489 2626 ι

1898 2660 2079 2720 Exod.
2115 2680 2255 2731 nu,
2287 2665 2483 2741 20.1—
2533 2686 2554 2721 ι
2587 2665 2694 2735 Qui
2744 2666 2993 2724 immolat
3044 2666 3151 2725 diis
3194 2668 3416 2737 alienis,

1826 2757 2314 2816 exterminabitur.
2354 2778 2378 2814 δ

1898 2848 2059 2907 Deut.
2092 2867 2190 2919 vn,
2224 2852 2315 2909 26.
2348 2881 2424 2897 -
2478 2869 2501 2907 ι
2549 2851 2670 2909 Non
2710 2851 2916 2910 inferes
2950 2852 3413 2910 abominationem

1826 2942 1882 3000 in
1912 2946 2134 3001 domum
2173 2955 2348 3014 tuam,
2377 2955 2439 3004 ut
2463 2947 2544 3005 sis
2578 2948 2873 3004 anathema
2904 2948 3050 3006 sicut
3080 2948 3235 3005 illud.
3272 2966 3293 3000 ι

1900 3036 2054 3095 Psal.
2081 3055 2234 3106 cxnl,
2264 3040 2353 3096 l2.
2385 3072 2455 3084 —
2502 3060 2523 3096 ι
2560 3039 2867 3096 Simulacra
2910 3042 3155 3114 gentium
3218 3056 3413 3115 argen-

1827 3138 1943 3185 tum
1984 3139 2040 3185 et
2076 3145 2297 3197 aurum,
2333 3147 2500 3203 opera
2541 3146 2803 3187 manuum
2832 3130 3140 3186 hominum.
3181 3149 3201 3186 ι

1894 3219 2095 3279 Jerem.
2131 3239 2187 3292 ι,
2220 3223 2310 3281 lO.
2344 3254 2414 3265 —
2452 3242 2469 3276 ι
2509 3222 2592 3279 Dii
2624 3224 2720 3296 qui
2774 3238 2885 3279 non
2930 3222 3182 3279 fecerunt
3212 3223 3409 3279 coelum

136 3308 537 3365 ἀπολέσθωσαν
573 3308 683 3365 άπὸ
707 3308 808 3381 τῆς
837 3309 970 3384 γῆς.
1008 3308 1102 3363 καὶ
1128 3308 1390 3364 ὑποκάτω
1430 3305 1527 3363 τοῦ
1561 3308 1719 3382 οὐρα·

1841 3320 1877 3369 :t
1907 3323 2134 3381 terram,
2164 3324 2390 3388 pereant
2420 3316 2487 3374 de
2526 3326 2696 3382 terra,
2726 3327 2779 3373 et
2817 3315 2921 3372 sub
2948 3316 3089 3372 caelo
3116 3315 3240 3372 boc.
3278 3333 3297 3368 ι

137 3399 224 3457 νοῦ
250 3402 478 3458 τούτου.
516 3421 537 3457 ι

203 3513 222 3547 ι
278 3495 530 3551 Μάταιοι
573 3494 777 3559 πάντες
826 3493 1107 3566 ἄνθρωποι
1135 3534 1151 3560 ,
1213 3486 1295 3558 οἷς
1340 3492 1524 3567 παρῆν
1583 3492 1721 3549 Θεοῦ
1794 3514 1797 3515 ν

133 3587 395 3657 ἀγνωσία,
430 3586 533 3644 καὶ
556 3589 621 3643 ὲκ
651 3587 759 3642 τῶν
779 3588 1072 3660 ὁρωμένων
1101 3585 1323 3658 ἀγαθῶν
1349 3586 1452 3642 οὑκ
1482 3588 1713 3659 ἴσχυσαν

134 3678 329 3736 ειδέναι
360 3680 459 3735 τὸν
504 3678 671 3734 ὅντα’
698 3676 824 3733 οὔτε
874 3680 990 3742 τοῖς
1052 3680 1233 3749 ἔργοις
1291 3678 1723 3750 προστρέχοντες

132 3772 460 3844 ιπὲγνωσαν
489 3771 583 3827 τὸν
617 3771 867 3845 τεχνίτην
895 3788 908 3804 ·
949 3770 1068 3826 ἀλλ’
1109 3772 1142 3844 ἢ
1180 3770 1373 3845 πῦρ,ἦ
1409 3770 1650 3843 πνεῦμα,
1684 3771 1719 3843 ἢ

132 3868 351 3938 ταχινὸν
380 3866 553 3941 ἀέρα,
600 3863 633 3937 ἦ
681 3863 881 3941 κύκλον
910 3864 1176 3935 ἀστέρων,
1206 3863 1239 3937 ἦ
1272 3865 1446 3936 βίαιον
1482 3863 1648 3935 ὓδωρ.
1684 3862 1720 3935 ἢ

133 3961 432 4034 φωστῆρας
461 3948 722 4033 οὐρανοῦ,
757 3959 1059 4031 πρυτάνεις
1100 3960 1309 4031 κόσμου
1346 3958 1507 4023 θεοὺς
1536 3958 1722 4030 ενόμι-

131 4071 257 4109 ιιανν
284 4048 366 4109 ὧν
392 4055 449 4108 εί
474 4052 575 4126 μὲν
600 4051 700 4124 τὴν
726 4051 990 4124 καλλονὴν
1010 4054 1363 4123 τερπόμενοι,
1389 4050 1563 4107 ταῦτα
1621 4038 1721 4107 ὑπο

127 4146 466 4221 τλάμσανον,
490 4145 807 4216 γνώτωσαν,
822 4146 977 4220 πόσῳ
998 4146 1200 4217 μᾶλλον
1228 4147 1257 4201 ὁ
1285 4145 1493 4201 τούτων
1516 4146 1724 4200 Δεσπό·

126 4253 225 4311 της
271 4238 400 4294 ἐστὶ
447 4237 701 4309 βελτίων.
745 4237 805 4292 '0
828 4237 937 4309 γὰρ
970 4237 1065 4291 τοῦ
1096 4236 1306 4309 κόσμου
1355 4234 1721 4307 γενεσιάρχης

127 4329 312 4387 ἔκτισε
345 4331 552 4388 ταῦτα.
597 4331 660 4385 Εἰ
690 4330 747 4385 δὲ
766 4329 996 4403 δύναμιν
1042 4330 1138 4386 καὶ
1180 4330 1465 4404 ἐνέργειαν
1514 4329 1721 4384 ἐκπλα-

124 4426 340 4492 γέντες,
390 4425 749 4497 νοησάτωσαν
816 4425 914 4479 ἀπ’
970 4425 1154 4503 αὐτῶν
1185 4465 1201 4492 ,
1261 4425 1415 4497 πόσῳ
1464 4425 1493 4478 ὁ
1553 4440 1718 4478 κατα-

127 4516 409 4581 σκευάσας
440 4516 584 4571 αὖτὰ
612 4516 984 4589 δυνατώτερός
1013 4518 1183 4572 ἐστιν.
1249 4516 1347 4570 Ἐκ
1391 4516 1501 4587 γὰρ
1551 4516 1718 4589 me

122 4608 250 4676 θους
279 4611 381 4666 καὶ
405 4608 677 4681 καλλονῆς
704 4613 1021 4682 κτισμάτων
1043 4610 1326 4681 ἀναλόγως
1359 4613 1387 4666 ὁ
1409 4627 1653 4681 γενεσιου
1663 4628 1720 4681 ρ-

126 4702 218 4771 γὸς
243 4705 440 4759 αὐτῶν
465 4703 777 4776 θεωρεῖται.
802 4703 1155 4776 Ταλαίπωροι
1177 4704 1258 4769 δὲ,
1292 4705 1387 4761 καὶ
1415 4706 1474 4760 ὲν
1504 4705 1719 4776 νεκροῖς

119 4796 175 4849 al
202 4796 435 4860 ἐλπίδες
473 4797 672 4861 αὐτῶν,
722 4796 925 4861 οἵτινες
949 4796 1214 4850 ἐκάλεσαν
1250 4796 1410 4859 θεοὺς
1436 4794 1574 4867 ἔργα
1604 4814 1719 4867 χει-

123 4888 235 4957 ρῶν
265 4887 611 4962 ἀνθρώπων,
642 4888 847 4961 χρυσὸν
888 4889 979 4943 καὶ
1021 4887 1285 4961 ἄργυρον,
1316 4888 1516 4960 τέχνης
1542 4890 1721 4960 ἐμμε-

120 4976 445 5050 λετήματα,
492 4980 591 5035 καὶ
622 4980 1015 5053 ἀπεικάσματα
1063 4979 1242 5047 ζώων,
1288 4964 1511 5054 ῆλίθων
1545 4981 1722 5054 ἀχρή-

122 5085 285 5126 οντων.
322 5088 347 5124 ι
1612 5098 1615 5101 ·

175 5352 197 5387 ι
238 5333 321 5389 To
371 5333 766 5407 χειροποίητον
831 5334 1256 5411 δπικατάρατον,
1293 5340 1389 5394 καὶ
1422 5341 1453 5395 ὁ
1484 5342 1717 5412 ποιήσας

1898 3487 2032 3561 Sep.
2063 3504 2188 3556 sui,
2223 3491 2342 3548 {—9.
2374 3521 2447 3537 --
2500 3510 2520 3544 ι
2558 3489 2695 3547 Vaui
2728 3502 2857 3549 sunt
2903 3507 3097 3549 omnes
3136 3492 3409 3559 homines,

1823 3580 1880 3637 in
1906 3582 2107 3654 quibus
2145 3598 2256 3639 non
2302 3582 2481 3639 adluit
2525 3584 2759 3641 scientia
2816 3584 2909 3640 Dei
2938 3624 2952 3649 ,
2985 3593 3040 3642 et
3075 3585 3144 3642 de
3176 3587 3243 3643 iis
3281 3602 3406 3657 quae

1821 3673 2082 3731 videntur
2112 3674 2295 3740 bonis,
2330 3692 2439 3731 non
2480 3686 2782 3747 potuerunt
2816 3677 3121 3749 intelligere
3145 3694 3269 3734 eum
3310 3680 3407 3751 qui

1822 3775 1929 3835 est,
1973 3782 2155 3839 neque
2200 3768 2461 3840 operibus
2495 3768 2867 3836 attendentes,
2916 3778 3259 3842 agnoverunt
3289 3771 3411 3844 quis

1822 3866 1972 3917 esset
2026 3858 2224 3915 artifex
2264 3878 2279 3915 :
2333 3859 2432 3916 sed
2484 3869 2582 3916 aut
2630 3860 2836 3930 ignem,
2881 3869 2978 3917 aut
3010 3861 3282 3933 spiritum,
3317 3870 3416 3916 aut

1823 3952 2053 4006 citatum
2095 3955 2303 4017 aerem,
2334 3958 2431 4006 aut
2464 3967 2658 4024 gyrum
2698 3954 3008 4023 stellarum,
3049 3963 3145 4010 aut
3184 3954 3408 4009 nimiam

1822 4060 2044 4119 aquam,
2082 4053 2177 4101 aut
2228 4046 2521 4103 luminaria
2552 4048 2702 4117 caeli,
2753 4058 2994 4107 rectores
3047 4050 3197 4107 orbis
3238 4059 3412 4105 terra-

1822 4153 1947 4194 rum
1974 4140 2105 4195 deos
2140 4147 2517 4217 putaverunt:
2545 4156 2778 4212 quorum
2814 4141 2862 4198 si
2912 4142 3096 4212 specie
3129 4142 3409 4207 delectati,

1824 4228 1958 4285 deos
1987 4243 2051 4284 ea
2076 4244 2203 4286 esse
2242 4239 2603 4302 putaverunt,
2642 4234 2823 4289 sciant
2849 4244 3058 4305 quanto
3092 4232 3181 4290 his
3221 4233 3412 4289 Domi-

1822 4330 1987 4377 nator
2008 4335 2201 4378 eorum
2232 4324 2533 4395 speciosior
2555 4335 2663 4383 est.
2698 4324 2915 4397 Speciei
2951 4328 3097 4382 enim
3125 4335 3177 4384 et
3220 4328 3409 4385 mundi

1822 4424 2117 4487 generator
2160 4419 2275 4473 haec
2318 4419 2502 4474 omnia
2543 4420 2855 4476 constituit.
2886 4421 2994 4475 Aut
3044 4422 3091 4477 si
3146 4422 3409 4479 virtutem

1823 4517 1879 4566 et
1926 4524 2093 4581 opera
2144 4524 2335 4567 eorum
2385 4511 2569 4568 mirati
2618 4520 2772 4577 sunt,
2814 4513 3122 4585 intelligant
3166 4515 3235 4569 ab
3277 4515 3407 4585 illis,

1823 4603 2083 4673 quoniam
2119 4603 2215 4674 qui
2254 4603 2370 4658 hare
2397 4603 2550 4669 fecit,
2582 4604 2777 4661 fortior
2807 4614 2891 4661 est
2924 4605 3024 4662 eis.
3054 4608 3096 4659 Α
3138 4608 3411 4677 magnitu-

1821 4696 1951 4751 dine
2003 4695 2153 4751 enim
2201 4703 2259 4753 et
2308 4696 2494 4767 specie
2548 4705 2931 4753 creaturarum
2966 4699 3412 4770 cognoscibiliter

1823 4782 2023 4854 poterit
2054 4791 2277 4839 creator
2306 4799 2497 4839 earum
2524 4785 2725 4842 videri.
2760 4785 3012 4843 infelices
3047 4798 3228 4843 autem
3260 4798 3409 4854 sunt,

1828 4884 1883 4929 ct
1917 4875 2062 4931 inter
2095 4884 2343 4931 mortuos
2376 4886 2499 4948 Spes
2536 4876 2754 4933 illorum
2802 4886 2908 4941 est,
2958 4878 3053 4951 qui
3108 4881 3409 4949 appellare.

1834 4974 1962 5022 runt
2023 4965 2153 5024 deos
2202 4982 2366 5039 opera
2422 4984 2683 5025 manuum
2737 4970 3060 5039 hominum,
3113 4986 3306 5027 aurum
3357 4982 3410 5031 ct

1835 5064 2147 5129 argentum,
2176 5060 2316 5114 artis
2356 5060 2754 5128 inventionem,
2792 5070 2848 5118 et
2878 5062 3267 5121 similitudines
3294 5066 3409 5119 ani~

1826 5147 2081 5218 malium,
2115 5158 2213 5204 aut
2258 5149 2489 5221 lapidem
2529 5152 2803 5220 inutilem,
2836 5168 2978 5226 opus
3026 5168 3220 5211 manus
3267 5156 3414 5211 anti-

1818 5257 1955 5315 quaa.
1996 5260 2017 5295 δ

1893 5334 2027 5407 Sap.
2051 5351 2165 5404 xxv,
2190 5336 2453 5394 8-l0.—¢
2478 5337 2583 5393 Per
2608 5352 2806 5396 manus
2835 5349 3015 5395 autem
3042 5341 3189 5412 quod
3208 5340 3263 5396 lit
3292 5340 3415 5399 ida-

120 5424 295 5491 αὑτδ,
328 5425 419 5480 ὅτι
457 5424 490 5478 ὀ
546 5424 649 5498 μὲν
702 5420 1030 5497 εἰργάσατο,
1073 5430 1134 5483 τὸ
1180 5430 1238 5484 δὲ
1298 5431 1555 5504 φθαρτὸν,
1586 5430 1722 5487 θεὸν

1842 5443 1956 5495 um,
1986 5429 2339 5486 maledictum
2376 5441 2481 5499 est,
2522 5442 2577 5487 et
2613 5430 2817 5503 ipsum,
2850 5440 2906 5489 et
2936 5434 3030 5505 qui
3070 5433 3202 5491 fecit
3230 5435 3362 5491 illud
3388 5442 3408 5478 ἑ

121 5510 446 5589 ὠνόμασεν.
482 5519 570 5574 Ἐν
602 5521 704 5595 ίσῳ
730 5523 933 5596 μισητὰ
959 5523 1101 5596 Θεῷ,
1137 5525 1233 5578 καὶ
1252 5528 1279 5579 ὁ
1308 5522 1652 5591 άσεὸὧν,καὶ
1682 5527 1716 5599 ἠ

1841 5521 1959 5593 quia
1995 5520 2087 5577 ille
2123 5524 2341 5593 quidem
2377 5530 2641 5595 operatus
2674 5533 2802 5593 est;
2855 5526 2985 5582 illud
3037 5538 3243 5594 autem,
3284 5545 3412 5585 cum

126 5610 361 5666 ἀσέϐεια
385 5610 581 5668 αὐτοῦ.
611 5613 724 5668 Καὶ
758 5615 866 5691 γάρ
886 5616 944 5672 τὺ
964 5616 1206 5689 πραχθὲν
1230 5617 1326 5674 σὺν
1355 5614 1434 5691 τῷ
1462 5616 1721 5692 δράσαντι

1841 5623 1977 5671 esset
2040 5614 2268 5688 fragile,
2318 5616 2455 5673 deus
2509 5618 2935 5688 cognominatus
2990 5626 3093 5677 est.
3144 5620 3415 5679 Similiter

126 5702 709 5781 ἐξολοορευοήσονται.
751 5727 776 5765 ι

1841 5707 1952 5762 )dio
1979 5706 2111 5764 sunt
2152 5709 2281 5778 Deo,
2318 5710 2517 5781 impius
2563 5719 2617 5767 et
2670 5712 2926 5783 impietas
2984 5712 3131 5784 ejus.
3188 5713 3411 5771 Etenim

1833 5800 1979 5872 quod
2014 5800 2221 5860 factum
2252 5812 2359 5867 est.
2394 5819 2515 5862 cum
2556 5824 2621 5863 co
2661 5806 2755 5879 qui
2798 5804 2968 5875 fecit,
3012 5806 3423 5867 exterminium

1821 5905 1929 5951 tur.
1969 5913 1991 5949 ι
