  <div class='ocr_page' id='page_1' title='image "/cluster/home/n/w/nwhite01/storage/ocr_20150623/95/hvd.32044073502106/645.png"; bbox 0 0 3886 6248; ppageno 0'>
   <div class='ocr_carea' id='block_1_1' title="bbox 503 274 641 341">
    <p class='ocr_par' dir='ltr' id='par_1_1' title="bbox 503 274 641 341">
     <span class='ocr_line' id='line_1_1' title="bbox 503 274 641 341; baseline 0.007 -1"><span class='ocrx_word' id='word_1_1' title='bbox 503 274 641 341; x_wconf 80' lang='lat'><strong>1279</strong></span> 
     </span>
    </p>
   </div>
   <div class='ocr_carea' id='block_1_2' title="bbox 1691 281 2580 345">
    <p class='ocr_par' dir='ltr' id='par_1_2' title="bbox 1691 281 2580 345">
     <span class='ocr_line' id='line_1_2' title="bbox 1691 281 2580 345; baseline 0 -1"><span class='ocrx_word' id='word_1_2' title='bbox 1691 283 1754 344; x_wconf 84' lang='lat' dir='ltr'><strong>S.</strong></span> <span class='ocrx_word' id='word_1_3' title='bbox 1786 282 2108 344; x_wconf 79' lang='lat' dir='ltr'><strong>JOANNIS</strong></span> <span class='ocrx_word' id='word_1_4' title='bbox 2147 281 2580 345; x_wconf 78' lang='lat' dir='ltr'><strong>DAMASCENI</strong></span> 
     </span>
    </p>
   </div>
   <div class='ocr_carea' id='block_1_3' title="bbox 3595 280 3701 346">
    <p class='ocr_par' dir='ltr' id='par_1_3' title="bbox 3595 280 3701 346">
     <span class='ocr_line' id='line_1_3' title="bbox 3595 280 3701 346; baseline 0.019 -2"><span class='ocrx_word' id='word_1_5' title='bbox 3595 280 3701 346; x_wconf 66' lang='lat'><strong>128‘)</strong></span> 
     </span>
    </p>
   </div>
   <div class='ocr_carea' id='block_1_4' title="bbox 574 387 2093 466">
    <p class='ocr_par' dir='ltr' id='par_1_4' title="bbox 574 387 2085 465">
     <span class='ocr_line' id='line_1_4' title="bbox 574 387 2085 465; baseline 0.002 -20"><span class='ocrx_word' id='word_1_6' title='bbox 574 387 702 457; x_wconf 76' lang='lat' dir='ltr'><strong>Sep.</strong></span> <span class='ocrx_word' id='word_1_7' title='bbox 732 405 824 454; x_wconf 80' lang='lat' dir='ltr'><strong>xv,</strong></span> <span class='ocrx_word' id='word_1_8' title='bbox 854 389 1007 447; x_wconf 68' lang='grc' dir='ltr'><strong>ΗΞ.</strong></span> <span class='ocrx_word' id='word_1_9' title='bbox 1037 423 1103 437; x_wconf 75' lang='grc' dir='ltr'><strong>σ-</strong></span> <span class='ocrx_word' id='word_1_10' title='bbox 1139 411 1158 445; x_wconf 82' lang='grc' dir='ltr'><strong>ι</strong></span> <span class='ocrx_word' id='word_1_11' title='bbox 1192 388 1365 448; x_wconf 81' lang='lat' dir='ltr'><strong>Judex</strong></span> <span class='ocrx_word' id='word_1_12' title='bbox 1401 391 1624 465; x_wconf 71' lang='lat' dir='ltr'><strong>figulus,</strong></span> <span class='ocrx_word' id='word_1_13' title='bbox 1662 405 1718 450; x_wconf 90' lang='lat' dir='ltr'><strong>et</strong></span> <span class='ocrx_word' id='word_1_14' title='bbox 1746 395 1889 451; x_wconf 86' lang='lat' dir='ltr'><strong>male</strong></span> <span class='ocrx_word' id='word_1_15' title='bbox 1937 394 2085 450; x_wconf 88' lang='lat' dir='ltr'><strong>labo-</strong></span> 
     </span>
    </p>
   </div>
   <div class='ocr_carea' id='block_1_5' title="bbox 2202 387 3705 466">
    <p class='ocr_par' dir='ltr' id='par_1_5' title="bbox 2264 388 3705 466">
     <span class='ocr_line' id='line_1_5' title="bbox 2264 388 3705 466; baseline -0.001 -20"><span class='ocrx_word' id='word_1_16' title='bbox 2264 413 2285 446; x_wconf 85' lang='grc' dir='ltr'><strong>ε</strong></span> <span class='ocrx_word' id='word_1_17' title='bbox 2323 394 2528 466; x_wconf 75' lang='grc' dir='ltr'><strong>Κριτὴς</strong></span> <span class='ocrx_word' id='word_1_18' title='bbox 2565 390 2595 445; x_wconf 99' lang='lat'><strong>6</strong></span> <span class='ocrx_word' id='word_1_19' title='bbox 2638 389 2970 463; x_wconf 80' lang='grc' dir='ltr'><strong>πηλουργδς,</strong></span> <span class='ocrx_word' id='word_1_20' title='bbox 3029 390 3124 444; x_wconf 72' lang='grc' dir='ltr'><strong>καὶ</strong></span> <span class='ocrx_word' id='word_1_21' title='bbox 3163 389 3195 443; x_wconf 88' lang='lat'><strong>6</strong></span> <span class='ocrx_word' id='word_1_22' title='bbox 3237 388 3581 462; x_wconf 72' lang='grc' dir='ltr'><strong>κακόμοχῡος,</strong></span> <span class='ocrx_word' id='word_1_23' title='bbox 3608 391 3705 447; x_wconf 72' lang='grc' dir='ltr'><strong>θεὸν</strong></span> 
     </span>
    </p>
   </div>
   <div class='ocr_carea' id='block_1_6' title="bbox 501 478 2086 558">
    <p class='ocr_par' dir='ltr' id='par_1_6' title="bbox 501 478 2086 558">
     <span class='ocr_line' id='line_1_6' title="bbox 501 478 2086 558; baseline 0.005 -26"><span class='ocrx_word' id='word_1_24' title='bbox 501 493 655 543; x_wconf 86' lang='lat' dir='ltr'><strong>rans,</strong></span> <span class='ocrx_word' id='word_1_25' title='bbox 691 478 856 534; x_wconf 84' lang='lat' dir='ltr'><strong>deum</strong></span> <span class='ocrx_word' id='word_1_26' title='bbox 905 481 1125 537; x_wconf 85' lang='lat' dir='ltr'><strong>inanem</strong></span> <span class='ocrx_word' id='word_1_27' title='bbox 1165 499 1231 537; x_wconf 80' lang='lat' dir='ltr'><strong>ex</strong></span> <span class='ocrx_word' id='word_1_28' title='bbox 1258 481 1448 539; x_wconf 88' lang='lat' dir='ltr'><strong>eodem</strong></span> <span class='ocrx_word' id='word_1_29' title='bbox 1488 486 1642 556; x_wconf 86' lang='lat' dir='ltr'><strong>lingit</strong></span> <span class='ocrx_word' id='word_1_30' title='bbox 1670 485 1809 541; x_wconf 89' lang='lat' dir='ltr'><strong>luto.</strong></span> <span class='ocrx_word' id='word_1_31' title='bbox 1845 485 1962 552; x_wconf 85' lang='lat' dir='ltr'><strong>Ille,</strong></span> <span class='ocrx_word' id='word_1_32' title='bbox 1992 485 2086 558; x_wconf 92' lang='lat' dir='ltr'><strong>qui</strong></span> 
     </span>
    </p>
   </div>
   <div class='ocr_carea' id='block_1_7' title="bbox 502 567 2088 647">
    <p class='ocr_par' dir='ltr' id='par_1_7' title="bbox 502 567 2088 647">
     <span class='ocr_line' id='line_1_7' title="bbox 502 567 2088 647; baseline 0.006 -25"><span class='ocrx_word' id='word_1_33' title='bbox 502 567 670 639; x_wconf 85' lang='lat' dir='ltr'><strong>paulo</strong></span> <span class='ocrx_word' id='word_1_34' title='bbox 694 579 820 625; x_wconf 94' lang='lat' dir='ltr'><strong>ante</strong></span> <span class='ocrx_word' id='word_1_35' title='bbox 860 568 928 625; x_wconf 88' lang='lat' dir='ltr'><strong>de</strong></span> <span class='ocrx_word' id='word_1_36' title='bbox 953 579 1100 626; x_wconf 87' lang='lat' dir='ltr'><strong>terra</strong></span> <span class='ocrx_word' id='word_1_37' title='bbox 1136 569 1317 629; x_wconf 80' lang='lat' dir='ltr'><strong>lactus</strong></span> <span class='ocrx_word' id='word_1_38' title='bbox 1348 571 1549 637; x_wconf 79' lang='lat' dir='ltr'><strong>fuerat,</strong></span> <span class='ocrx_word' id='word_1_39' title='bbox 1583 585 1636 630; x_wconf 85' lang='lat' dir='ltr'><strong>et</strong></span> <span class='ocrx_word' id='word_1_40' title='bbox 1669 585 1795 645; x_wconf 86' lang='lat' dir='ltr'><strong>post</strong></span> <span class='ocrx_word' id='word_1_41' title='bbox 1824 576 2088 647; x_wconf 83' lang='lat' dir='ltr'><strong>pusillum</strong></span> 
     </span>
    </p>
   </div>
   <div class='ocr_carea' id='block_1_8' title="bbox 505 660 2091 736">
    <p class='ocr_par' dir='ltr' id='par_1_8' title="bbox 505 660 2091 736">
     <span class='ocr_line' id='line_1_8' title="bbox 505 660 2091 736; baseline 0.006 -21"><span class='ocrx_word' id='word_1_42' title='bbox 505 660 720 716; x_wconf 88' lang='lat' dir='ltr'><strong>reducit</strong></span> <span class='ocrx_word' id='word_1_43' title='bbox 750 677 809 717; x_wconf 87' lang='lat' dir='ltr'><strong>se</strong></span> <span class='ocrx_word' id='word_1_44' title='bbox 850 662 993 718; x_wconf 89' lang='lat' dir='ltr'><strong>unde</strong></span> <span class='ocrx_word' id='word_1_45' title='bbox 1031 674 1291 734; x_wconf 87' lang='lat' dir='ltr'><strong>acceptus</strong></span> <span class='ocrx_word' id='word_1_46' title='bbox 1335 672 1441 732; x_wconf 85' lang='lat' dir='ltr'><strong>est,</strong></span> <span class='ocrx_word' id='word_1_47' title='bbox 1467 667 1739 736; x_wconf 89' lang='lat' dir='ltr'><strong>repetitus</strong></span> <span class='ocrx_word' id='word_1_48' title='bbox 1771 666 1969 723; x_wconf 73' lang='lat' dir='ltr'><strong>animae</strong></span> <span class='ocrx_word' id='word_1_49' title='bbox 1991 666 2091 725; x_wconf 83' lang='lat' dir='ltr'><strong>de-</strong></span> 
     </span>
    </p>
   </div>
   <div class='ocr_carea' id='block_1_9' title="bbox 509 751 2088 827">
    <p class='ocr_par' dir='ltr' id='par_1_9' title="bbox 509 751 2088 827">
     <span class='ocr_line' id='line_1_9' title="bbox 509 751 2088 827; baseline 0.003 -20"><span class='ocrx_word' id='word_1_50' title='bbox 509 753 701 808; x_wconf 89' lang='lat' dir='ltr'><strong>bitum.</strong></span> <span class='ocrx_word' id='word_1_51' title='bbox 739 751 844 809; x_wconf 85' lang='lat' dir='ltr'><strong>Sed</strong></span> <span class='ocrx_word' id='word_1_52' title='bbox 877 769 1011 809; x_wconf 89' lang='lat' dir='ltr'><strong>cura</strong></span> <span class='ocrx_word' id='word_1_53' title='bbox 1045 760 1127 809; x_wconf 84' lang='lat' dir='ltr'><strong>est</strong></span> <span class='ocrx_word' id='word_1_54' title='bbox 1159 753 1263 822; x_wconf 85' lang='lat' dir='ltr'><strong>illi,</strong></span> <span class='ocrx_word' id='word_1_55' title='bbox 1291 770 1400 812; x_wconf 87' lang='lat' dir='ltr'><strong>non</strong></span> <span class='ocrx_word' id='word_1_56' title='bbox 1432 756 1561 827; x_wconf 88' lang='lat' dir='ltr'><strong>quia</strong></span> <span class='ocrx_word' id='word_1_57' title='bbox 1592 755 1948 814; x_wconf 87' lang='lat' dir='ltr'><strong>laboraturus</strong></span> <span class='ocrx_word' id='word_1_58' title='bbox 1983 765 2088 825; x_wconf 85' lang='lat' dir='ltr'><strong>est,</strong></span> 
     </span>
    </p>
   </div>
   <div class='ocr_carea' id='block_1_10' title="bbox 507 844 2094 916">
    <p class='ocr_par' dir='ltr' id='par_1_10' title="bbox 507 844 2094 916">
     <span class='ocr_line' id='line_1_10' title="bbox 507 844 2094 916; baseline 0.004 -17"><span class='ocrx_word' id='word_1_59' title='bbox 507 859 610 901; x_wconf 89' lang='lat' dir='ltr'><strong>nec</strong></span> <span class='ocrx_word' id='word_1_60' title='bbox 642 845 902 916; x_wconf 88' lang='lat' dir='ltr'><strong>quoniam</strong></span> <span class='ocrx_word' id='word_1_61' title='bbox 940 844 1121 900; x_wconf 80' lang='lat' dir='ltr'><strong>brevis</strong></span> <span class='ocrx_word' id='word_1_62' title='bbox 1170 845 1248 900; x_wconf 86' lang='lat' dir='ltr'><strong>illi</strong></span> <span class='ocrx_word' id='word_1_63' title='bbox 1292 846 1404 901; x_wconf 90' lang='lat' dir='ltr'><strong>vita</strong></span> <span class='ocrx_word' id='word_1_64' title='bbox 1445 855 1568 913; x_wconf 89' lang='lat' dir='ltr'><strong>est;</strong></span> <span class='ocrx_word' id='word_1_65' title='bbox 1609 849 1706 904; x_wconf 84' lang='lat' dir='ltr'><strong>sed</strong></span> <span class='ocrx_word' id='word_1_66' title='bbox 1743 858 2094 905; x_wconf 86' lang='lat' dir='ltr'><strong>concertatur</strong></span> 
     </span>
    </p>
   </div>
   <div class='ocr_carea' id='block_1_11' title="bbox 507 936 2091 1012">
    <p class='ocr_par' dir='ltr' id='par_1_11' title="bbox 507 936 2091 1012">
     <span class='ocr_line' id='line_1_11' title="bbox 507 936 2091 1012; baseline 0.004 -21"><span class='ocrx_word' id='word_1_67' title='bbox 507 937 731 1008; x_wconf 85' lang='lat' dir='ltr'><strong>quidem</strong></span> <span class='ocrx_word' id='word_1_68' title='bbox 784 936 1110 992; x_wconf 84' lang='lat' dir='ltr'><strong>aurilicibus</strong></span> <span class='ocrx_word' id='word_1_69' title='bbox 1140 946 1194 992; x_wconf 92' lang='lat' dir='ltr'><strong>et</strong></span> <span class='ocrx_word' id='word_1_70' title='bbox 1225 940 1575 1012; x_wconf 71' lang='lat' dir='ltr'><strong>argentariis,</strong></span> <span class='ocrx_word' id='word_1_71' title='bbox 1620 948 1674 996; x_wconf 87' lang='lat' dir='ltr'><strong>et</strong></span> <span class='ocrx_word' id='word_1_72' title='bbox 1704 941 1932 997; x_wconf 59' lang='lat' dir='ltr'><strong>aerarios</strong></span> <span class='ocrx_word' id='word_1_73' title='bbox 1964 942 2091 997; x_wconf 81' lang='lat' dir='ltr'><strong>imi-</strong></span> 
     </span>
    </p>
   </div>
   <div class='ocr_carea' id='block_1_12' title="bbox 508 1030 2093 1107">
    <p class='ocr_par' dir='ltr' id='par_1_12' title="bbox 508 1030 2093 1107">
     <span class='ocr_line' id='line_1_12' title="bbox 508 1030 2093 1107; baseline 0.006 -25"><span class='ocrx_word' id='word_1_74' title='bbox 508 1036 679 1094; x_wconf 89' lang='lat' dir='ltr'><strong>tatur,</strong></span> <span class='ocrx_word' id='word_1_75' title='bbox 711 1035 768 1084; x_wconf 90' lang='lat' dir='ltr'><strong>et</strong></span> <span class='ocrx_word' id='word_1_76' title='bbox 803 1030 1035 1101; x_wconf 88' lang='lat' dir='ltr'><strong>gloriam</strong></span> <span class='ocrx_word' id='word_1_77' title='bbox 1080 1033 1341 1100; x_wconf 70' lang='lat' dir='ltr'><strong>mslimat,</strong></span> <span class='ocrx_word' id='word_1_78' title='bbox 1377 1033 1642 1104; x_wconf 90' lang='lat' dir='ltr'><strong>quoniam</strong></span> <span class='ocrx_word' id='word_1_79' title='bbox 1692 1049 1782 1090; x_wconf 86' lang='lat' dir='ltr'><strong>res</strong></span> <span class='ocrx_word' id='word_1_80' title='bbox 1829 1050 2093 1107; x_wconf 83' lang='lat' dir='ltr'><strong>superva-</strong></span> 
     </span>
    </p>
   </div>
   <div class='ocr_carea' id='block_1_13' title="bbox 506 1119 2093 1197">
    <p class='ocr_par' dir='ltr' id='par_1_13' title="bbox 506 1119 2093 1197">
     <span class='ocr_line' id='line_1_13' title="bbox 506 1119 2093 1197; baseline 0.004 -21"><span class='ocrx_word' id='word_1_81' title='bbox 506 1136 643 1177; x_wconf 84' lang='lat' dir='ltr'><strong>cuas</strong></span> <span class='ocrx_word' id='word_1_82' title='bbox 692 1119 865 1193; x_wconf 87' lang='lat' dir='ltr'><strong>lingit.</strong></span> <span class='ocrx_word' id='word_1_83' title='bbox 912 1122 1068 1177; x_wconf 85' lang='lat' dir='ltr'><strong>Ciuis</strong></span> <span class='ocrx_word' id='word_1_84' title='bbox 1128 1132 1215 1178; x_wconf 83' lang='lat' dir='ltr'><strong>est</strong></span> <span class='ocrx_word' id='word_1_85' title='bbox 1262 1138 1358 1179; x_wconf 87' lang='lat' dir='ltr'><strong>cor</strong></span> <span class='ocrx_word' id='word_1_86' title='bbox 1400 1124 1545 1197; x_wconf 83' lang='lat' dir='ltr'><strong>ejus,</strong></span> <span class='ocrx_word' id='word_1_87' title='bbox 1592 1133 1647 1180; x_wconf 89' lang='lat' dir='ltr'><strong>et</strong></span> <span class='ocrx_word' id='word_1_88' title='bbox 1683 1134 1827 1179; x_wconf 86' lang='lat' dir='ltr'><strong>terra</strong></span> <span class='ocrx_word' id='word_1_89' title='bbox 1874 1125 2093 1183; x_wconf 89' lang='lat' dir='ltr'><strong>inanior</strong></span> 
     </span>
    </p>
   </div>
   <div class='ocr_carea' id='block_1_14' title="bbox 511 1212 2090 1290">
    <p class='ocr_par' dir='ltr' id='par_1_14' title="bbox 511 1212 2090 1290">
     <span class='ocr_line' id='line_1_14' title="bbox 511 1212 2090 1290; baseline 0.003 -22"><span class='ocrx_word' id='word_1_90' title='bbox 511 1227 636 1281; x_wconf 88' lang='lat' dir='ltr'><strong>spes</strong></span> <span class='ocrx_word' id='word_1_91' title='bbox 662 1212 829 1277; x_wconf 88' lang='lat' dir='ltr'><strong>illius,</strong></span> <span class='ocrx_word' id='word_1_92' title='bbox 863 1219 918 1267; x_wconf 90' lang='lat' dir='ltr'><strong>et</strong></span> <span class='ocrx_word' id='word_1_93' title='bbox 951 1212 1064 1269; x_wconf 87' lang='lat' dir='ltr'><strong>luto</strong></span> <span class='ocrx_word' id='word_1_94' title='bbox 1104 1215 1266 1270; x_wconf 83' lang='lat' dir='ltr'><strong>vilior</strong></span> <span class='ocrx_word' id='word_1_95' title='bbox 1302 1213 1409 1271; x_wconf 84' lang='lat' dir='ltr'><strong>vita</strong></span> <span class='ocrx_word' id='word_1_96' title='bbox 1440 1215 1594 1287; x_wconf 87' lang='lat' dir='ltr'><strong>ejus;</strong></span> <span class='ocrx_word' id='word_1_97' title='bbox 1627 1218 1891 1287; x_wconf 89' lang='lat' dir='ltr'><strong>quoniam</strong></span> <span class='ocrx_word' id='word_1_98' title='bbox 1931 1219 2090 1290; x_wconf 90' lang='lat' dir='ltr'><strong>igno-</strong></span> 
     </span>
    </p>
   </div>
   <div class='ocr_carea' id='block_1_15' title="bbox 512 1304 2091 1379">
    <p class='ocr_par' dir='ltr' id='par_1_15' title="bbox 512 1304 2091 1379">
     <span class='ocr_line' id='line_1_15' title="bbox 512 1304 2091 1379; baseline 0.005 -20"><span class='ocrx_word' id='word_1_99' title='bbox 512 1307 653 1360; x_wconf 86' lang='lat' dir='ltr'><strong>ravit</strong></span> <span class='ocrx_word' id='word_1_100' title='bbox 686 1304 778 1374; x_wconf 85' lang='lat' dir='ltr'><strong>qui</strong></span> <span class='ocrx_word' id='word_1_101' title='bbox 809 1320 868 1360; x_wconf 85' lang='lat' dir='ltr'><strong>se</strong></span> <span class='ocrx_word' id='word_1_102' title='bbox 907 1305 1084 1372; x_wconf 80' lang='lat' dir='ltr'><strong>tinxit,</strong></span> <span class='ocrx_word' id='word_1_103' title='bbox 1117 1315 1172 1362; x_wconf 89' lang='lat' dir='ltr'><strong>et</strong></span> <span class='ocrx_word' id='word_1_104' title='bbox 1215 1307 1307 1377; x_wconf 91' lang='lat' dir='ltr'><strong>qui</strong></span> <span class='ocrx_word' id='word_1_105' title='bbox 1367 1307 1658 1379; x_wconf 84' lang='lat' dir='ltr'><strong>inspiravit</strong></span> <span class='ocrx_word' id='word_1_106' title='bbox 1710 1309 1814 1379; x_wconf 88' lang='lat' dir='ltr'><strong>ipsi</strong></span> <span class='ocrx_word' id='word_1_107' title='bbox 1853 1310 2091 1367; x_wconf 86' lang='lat' dir='ltr'><strong>animam</strong></span> 
     </span>
    </p>
   </div>
   <div class='ocr_carea' id='block_1_16' title="bbox 509 1400 2092 1475">
    <p class='ocr_par' dir='ltr' id='par_1_16' title="bbox 509 1400 2092 1475">
     <span class='ocr_line' id='line_1_16' title="bbox 509 1400 2092 1475; baseline 0.004 -22"><span class='ocrx_word' id='word_1_108' title='bbox 509 1412 636 1469; x_wconf 65' lang='lat' dir='ltr'><strong>qua:</strong></span> <span class='ocrx_word' id='word_1_109' title='bbox 659 1408 947 1468; x_wconf 83' lang='lat' dir='ltr'><strong>operatur,</strong></span> <span class='ocrx_word' id='word_1_110' title='bbox 973 1406 1025 1453; x_wconf 89' lang='lat' dir='ltr'><strong>et</strong></span> <span class='ocrx_word' id='word_1_111' title='bbox 1065 1400 1160 1470; x_wconf 87' lang='lat' dir='ltr'><strong>qui</strong></span> <span class='ocrx_word' id='word_1_112' title='bbox 1213 1400 1510 1456; x_wconf 85' lang='lat' dir='ltr'><strong>insulllavit</strong></span> <span class='ocrx_word' id='word_1_113' title='bbox 1537 1401 1696 1472; x_wconf 80' lang='lat'><strong>391</strong></span> <span class='ocrx_word' id='word_1_114' title='bbox 1723 1401 1800 1457; x_wconf 87' lang='lat' dir='ltr'><strong>illi</strong></span> <span class='ocrx_word' id='word_1_115' title='bbox 1836 1403 2092 1475; x_wconf 81' lang='lat' dir='ltr'><strong>spiritum</strong></span> 
     </span>
    </p>
   </div>
   <div class='ocr_carea' id='block_1_17' title="bbox 511 1489 2090 1552">
    <p class='ocr_par' dir='ltr' id='par_1_17' title="bbox 511 1489 2090 1552">
     <span class='ocr_line' id='line_1_17' title="bbox 511 1489 2090 1552; baseline 0.007 -10"><span class='ocrx_word' id='word_1_116' title='bbox 511 1489 754 1543; x_wconf 87' lang='lat' dir='ltr'><strong>vitalem.</strong></span> <span class='ocrx_word' id='word_1_117' title='bbox 795 1489 901 1544; x_wconf 87' lang='lat' dir='ltr'><strong>Sed</strong></span> <span class='ocrx_word' id='word_1_118' title='bbox 929 1498 988 1544; x_wconf 84' lang='lat' dir='ltr'><strong>et</strong></span> <span class='ocrx_word' id='word_1_119' title='bbox 1021 1491 1482 1548; x_wconf 79' lang='lat' dir='ltr'><strong>existimaverunt</strong></span> <span class='ocrx_word' id='word_1_120' title='bbox 1531 1492 1713 1550; x_wconf 85' lang='lat' dir='ltr'><strong>lusum</strong></span> <span class='ocrx_word' id='word_1_121' title='bbox 1768 1511 1894 1550; x_wconf 91' lang='lat' dir='ltr'><strong>esse</strong></span> <span class='ocrx_word' id='word_1_122' title='bbox 1923 1497 2090 1552; x_wconf 82' lang='lat' dir='ltr'><strong>vitam</strong></span> 
     </span>
    </p>
   </div>
   <div class='ocr_carea' id='block_1_18' title="bbox 516 1583 2091 1658">
    <p class='ocr_par' dir='ltr' id='par_1_18' title="bbox 516 1583 2091 1658">
     <span class='ocr_line' id='line_1_18' title="bbox 516 1583 2091 1658; baseline 0.006 -23"><span class='ocrx_word' id='word_1_123' title='bbox 516 1589 784 1647; x_wconf 87' lang='lat' dir='ltr'><strong>nostram,</strong></span> <span class='ocrx_word' id='word_1_124' title='bbox 820 1591 876 1638; x_wconf 90' lang='lat' dir='ltr'><strong>et</strong></span> <span class='ocrx_word' id='word_1_125' title='bbox 917 1583 1399 1639; x_wconf 82' lang='lat' dir='ltr'><strong>conversationem</strong></span> <span class='ocrx_word' id='word_1_126' title='bbox 1448 1585 1576 1641; x_wconf 74' lang='lat' dir='ltr'><strong>vita:</strong></span> <span class='ocrx_word' id='word_1_127' title='bbox 1620 1590 1986 1658; x_wconf 89' lang='lat' dir='ltr'><strong>compositam</strong></span> <span class='ocrx_word' id='word_1_128' title='bbox 2022 1588 2091 1645; x_wconf 87' lang='lat' dir='ltr'><strong>ad</strong></span> 
     </span>
    </p>
   </div>
   <div class='ocr_carea' id='block_1_19' title="bbox 516 1675 811 1728">
    <p class='ocr_par' dir='ltr' id='par_1_19' title="bbox 516 1675 811 1728">
     <span class='ocr_line' id='line_1_19' title="bbox 516 1675 811 1728; baseline 0 -1"><span class='ocrx_word' id='word_1_129' title='bbox 516 1675 753 1728; x_wconf 87' lang='lat' dir='ltr'><strong>lucrum.</strong></span> <span class='ocrx_word' id='word_1_130' title='bbox 791 1693 811 1727; x_wconf 78' lang='grc' dir='ltr'><strong>ι</strong></span> 
     </span>
    </p>
   </div>
   <div class='ocr_carea' id='block_1_20' title="bbox 590 1755 2166 1845">
    <p class='ocr_par' dir='ltr' id='par_1_20' title="bbox 590 1755 2166 1845">
     <span class='ocr_line' id='line_1_20' title="bbox 590 1755 2166 1845; baseline 0.006 -27"><span class='ocrx_word' id='word_1_131' title='bbox 590 1765 756 1820; x_wconf 84' lang='lat' dir='ltr'><strong>Eccli.</strong></span> <span class='ocrx_word' id='word_1_132' title='bbox 793 1781 923 1835; x_wconf 77' lang='lat' dir='ltr'><strong>xxx,</strong></span> <span class='ocrx_word' id='word_1_133' title='bbox 959 1767 1046 1823; x_wconf 87' lang='grc'><strong>18.</strong></span> <span class='ocrx_word' id='word_1_134' title='bbox 1073 1797 1142 1808; x_wconf 87' lang='lat'><strong>——</strong></span> <span class='ocrx_word' id='word_1_135' title='bbox 1192 1787 1211 1821; x_wconf 75' lang='grc' dir='ltr'><strong>ι</strong></span> <span class='ocrx_word' id='word_1_136' title='bbox 1249 1767 1639 1840; x_wconf 86' lang='lat' dir='ltr'><strong>Spectaculum</strong></span> <span class='ocrx_word' id='word_1_137' title='bbox 1676 1775 1962 1844; x_wconf 68' lang='lat' dir='ltr'><strong>epularum</strong></span> <span class='ocrx_word' id='word_1_138' title='bbox 1995 1789 2092 1845; x_wconf 87' lang='lat' dir='ltr'><strong>ap-</strong></span> <span class='ocrx_word' id='word_1_139' title='bbox 2121 1755 2166 1812; x_wconf 74' lang='grc' dir='ltr'>Β</span> 
     </span>
    </p>
   </div>
   <div class='ocr_carea' id='block_1_21' title="bbox 513 1857 2099 1933">
    <p class='ocr_par' dir='ltr' id='par_1_21' title="bbox 513 1857 2099 1933">
     <span class='ocr_line' id='line_1_21' title="bbox 513 1857 2099 1933; baseline 0.008 -22"><span class='ocrx_word' id='word_1_140' title='bbox 513 1857 818 1927; x_wconf 86' lang='lat' dir='ltr'><strong>positarum</strong></span> <span class='ocrx_word' id='word_1_141' title='bbox 866 1860 1139 1929; x_wconf 79' lang='lat' dir='ltr'><strong>sepulcro.</strong></span> <span class='ocrx_word' id='word_1_142' title='bbox 1202 1859 1343 1927; x_wconf 78' lang='lat' dir='ltr'><strong>Quid</strong></span> <span class='ocrx_word' id='word_1_143' title='bbox 1387 1863 1613 1933; x_wconf 86' lang='lat' dir='ltr'><strong>prodest</strong></span> <span class='ocrx_word' id='word_1_144' title='bbox 1666 1866 1856 1922; x_wconf 88' lang='lat' dir='ltr'><strong>libatio</strong></span> <span class='ocrx_word' id='word_1_145' title='bbox 1909 1867 2099 1924; x_wconf 73' lang='lat' dir='ltr'><strong>idolo?</strong></span> 
     </span>
    </p>
   </div>
   <div class='ocr_carea' id='block_1_22' title="bbox 512 1950 1772 2019">
    <p class='ocr_par' dir='ltr' id='par_1_22' title="bbox 512 1950 1772 2019">
     <span class='ocr_line' id='line_1_22' title="bbox 512 1950 1772 2019; baseline 0.009 -16"><span class='ocrx_word' id='word_1_146' title='bbox 512 1963 616 2003; x_wconf 87' lang='lat' dir='ltr'><strong>nec</strong></span> <span class='ocrx_word' id='word_1_147' title='bbox 646 1950 790 2004; x_wconf 90' lang='lat' dir='ltr'><strong>enim</strong></span> <span class='ocrx_word' id='word_1_148' title='bbox 822 1952 1200 2019; x_wconf 87' lang='lat' dir='ltr'><strong>manducabit,</strong></span> <span class='ocrx_word' id='word_1_149' title='bbox 1227 1971 1328 2010; x_wconf 89' lang='lat' dir='ltr'><strong>nec</strong></span> <span class='ocrx_word' id='word_1_150' title='bbox 1365 1956 1712 2014; x_wconf 88' lang='lat' dir='ltr'><strong>odorabitur.</strong></span> <span class='ocrx_word' id='word_1_151' title='bbox 1751 1979 1772 2013; x_wconf 68' lang='grc' dir='ltr'><strong>ι</strong></span> 
     </span>
    </p>
   </div>
   <div class='ocr_carea' id='block_1_23' title="bbox 583 2037 2093 2125">
    <p class='ocr_par' dir='ltr' id='par_1_23' title="bbox 583 2037 2093 2125">
     <span class='ocr_line' id='line_1_23' title="bbox 583 2037 2093 2125; baseline 0.01 -29"><span class='ocrx_word' id='word_1_152' title='bbox 583 2037 642 2096; x_wconf 88' lang='lat' dir='ltr'><strong>S.</strong></span> <span class='ocrx_word' id='word_1_153' title='bbox 678 2041 834 2114; x_wconf 82' lang='lat' dir='ltr'><strong>Greg.</strong></span> <span class='ocrx_word' id='word_1_154' title='bbox 875 2042 1018 2099; x_wconf 78' lang='lat' dir='ltr'><strong>Naz.</strong></span> <span class='ocrx_word' id='word_1_155' title='bbox 1047 2045 1199 2101; x_wconf 82' lang='lat' dir='ltr'><strong>Orat.</strong></span> <span class='ocrx_word' id='word_1_156' title='bbox 1227 2048 1285 2115; x_wconf 75' lang='lat'><strong>2,</strong></span> <span class='ocrx_word' id='word_1_157' title='bbox 1321 2047 1396 2105; x_wconf 78' lang='lat' dir='ltr'><strong>De</strong></span> <span class='ocrx_word' id='word_1_158' title='bbox 1439 2050 1598 2106; x_wconf 79' lang='lat' dir='ltr'><strong>theol.</strong></span> <span class='ocrx_word' id='word_1_159' title='bbox 1641 2083 1710 2093; x_wconf 87' lang='lat'><strong>—</strong></span> <span class='ocrx_word' id='word_1_160' title='bbox 1747 2053 1853 2108; x_wconf 79' lang='lat' dir='ltr'><strong>Alii</strong></span> <span class='ocrx_word' id='word_1_161' title='bbox 1896 2055 2093 2125; x_wconf 85' lang='lat' dir='ltr'><strong>solem,</strong></span> 
     </span>
    </p>
   </div>
   <div class='ocr_carea' id='block_1_24' title="bbox 513 2133 2093 2217">
    <p class='ocr_par' dir='ltr' id='par_1_24' title="bbox 513 2133 2093 2217">
     <span class='ocr_line' id='line_1_24' title="bbox 513 2133 2093 2217; baseline 0.011 -32"><span class='ocrx_word' id='word_1_162' title='bbox 513 2133 603 2187; x_wconf 88' lang='lat' dir='ltr'><strong>alii</strong></span> <span class='ocrx_word' id='word_1_163' title='bbox 631 2133 874 2190; x_wconf 86' lang='lat' dir='ltr'><strong>siderum</strong></span> <span class='ocrx_word' id='word_1_164' title='bbox 904 2137 1336 2206; x_wconf 81' lang='lat' dir='ltr'><strong>multitudinem,</strong></span> <span class='ocrx_word' id='word_1_165' title='bbox 1381 2143 1470 2197; x_wconf 82' lang='lat' dir='ltr'><strong>alii</strong></span> <span class='ocrx_word' id='word_1_166' title='bbox 1519 2145 1719 2199; x_wconf 67' lang='lat' dir='ltr'><strong>coelum</strong></span> <span class='ocrx_word' id='word_1_167' title='bbox 1769 2146 1944 2217; x_wconf 86' lang='lat' dir='ltr'><strong>ipsum</strong></span> <span class='ocrx_word' id='word_1_168' title='bbox 1981 2162 2093 2203; x_wconf 80' lang='lat' dir='ltr'><strong>una</strong></span> 
     </span>
    </p>
   </div>
   <div class='ocr_carea' id='block_1_25' title="bbox 513 2225 2097 2310">
    <p class='ocr_par' dir='ltr' id='par_1_25' title="bbox 513 2225 2097 2310">
     <span class='ocr_line' id='line_1_25' title="bbox 513 2225 2097 2310; baseline 0.013 -33"><span class='ocrx_word' id='word_1_169' title='bbox 513 2240 645 2280; x_wconf 84' lang='lat' dir='ltr'><strong>cum</strong></span> <span class='ocrx_word' id='word_1_170' title='bbox 672 2225 781 2281; x_wconf 87' lang='lat' dir='ltr'><strong>illis</strong></span> <span class='ocrx_word' id='word_1_171' title='bbox 805 2228 1116 2294; x_wconf 81' lang='lat' dir='ltr'><strong>coluerunt,</strong></span> <span class='ocrx_word' id='word_1_172' title='bbox 1149 2229 1243 2286; x_wconf 86' lang='lat' dir='ltr'><strong>alii</strong></span> <span class='ocrx_word' id='word_1_173' title='bbox 1275 2234 1567 2302; x_wconf 85' lang='lat' dir='ltr'><strong>elementa,</strong></span> <span class='ocrx_word' id='word_1_174' title='bbox 1598 2238 1721 2295; x_wconf 86' lang='lat' dir='ltr'><strong>sine</strong></span> <span class='ocrx_word' id='word_1_175' title='bbox 1759 2240 1959 2310; x_wconf 84' lang='lat' dir='ltr'><strong>quibus</strong></span> <span class='ocrx_word' id='word_1_176' title='bbox 1991 2240 2097 2296; x_wconf 84' lang='lat' dir='ltr'><strong>bu-</strong></span> 
     </span>
    </p>
   </div>
   <div class='ocr_carea' id='block_1_26' title="bbox 515 2320 2094 2407">
    <p class='ocr_par' dir='ltr' id='par_1_26' title="bbox 515 2320 2094 2407">
     <span class='ocr_line' id='line_1_26' title="bbox 515 2320 2094 2407; baseline 0.014 -36"><span class='ocrx_word' id='word_1_177' title='bbox 515 2334 673 2374; x_wconf 88' lang='lat' dir='ltr'><strong>mana</strong></span> <span class='ocrx_word' id='word_1_178' title='bbox 701 2320 806 2376; x_wconf 84' lang='lat' dir='ltr'><strong>vita</strong></span> <span class='ocrx_word' id='word_1_179' title='bbox 832 2331 1093 2379; x_wconf 84' lang='lat' dir='ltr'><strong>constare</strong></span> <span class='ocrx_word' id='word_1_180' title='bbox 1122 2340 1232 2380; x_wconf 91' lang='lat' dir='ltr'><strong>non</strong></span> <span class='ocrx_word' id='word_1_181' title='bbox 1265 2337 1466 2396; x_wconf 88' lang='lat' dir='ltr'><strong>potest.</strong></span> <span class='ocrx_word' id='word_1_182' title='bbox 1497 2328 1638 2398; x_wconf 87' lang='lat' dir='ltr'><strong>Quin</strong></span> <span class='ocrx_word' id='word_1_183' title='bbox 1667 2335 1914 2390; x_wconf 84' lang='lat' dir='ltr'><strong>nonnulli</strong></span> <span class='ocrx_word' id='word_1_184' title='bbox 1950 2353 2094 2407; x_wconf 79' lang='lat' dir='ltr'><strong>quo-</strong></span> 
     </span>
    </p>
   </div>
   <div class='ocr_carea' id='block_1_27' title="bbox 514 2414 2093 2491">
    <p class='ocr_par' dir='ltr' id='par_1_27' title="bbox 514 2414 2093 2491">
     <span class='ocr_line' id='line_1_27' title="bbox 514 2414 2093 2491; baseline 0.012 -28"><span class='ocrx_word' id='word_1_185' title='bbox 514 2425 642 2479; x_wconf 87' lang='lat' dir='ltr'><strong>que,</strong></span> <span class='ocrx_word' id='word_1_186' title='bbox 680 2421 738 2467; x_wconf 90' lang='lat' dir='ltr'><strong>ut</strong></span> <span class='ocrx_word' id='word_1_187' title='bbox 761 2414 981 2484; x_wconf 78' lang='lat' dir='ltr'><strong>Opinor,</strong></span> <span class='ocrx_word' id='word_1_188' title='bbox 1007 2417 1303 2486; x_wconf 84' lang='lat' dir='ltr'><strong>potentiam</strong></span> <span class='ocrx_word' id='word_1_189' title='bbox 1338 2421 1605 2491; x_wconf 84' lang='lat' dir='ltr'><strong>colentes,</strong></span> <span class='ocrx_word' id='word_1_190' title='bbox 1635 2435 1687 2481; x_wconf 91' lang='lat' dir='ltr'><strong>et</strong></span> <span class='ocrx_word' id='word_1_191' title='bbox 1716 2426 1888 2481; x_wconf 90' lang='lat' dir='ltr'><strong>robur</strong></span> <span class='ocrx_word' id='word_1_192' title='bbox 1916 2428 2093 2484; x_wconf 86' lang='lat' dir='ltr'><strong>laudi-</strong></span> 
     </span>
    </p>
   </div>
   <div class='ocr_carea' id='block_1_28' title="bbox 514 2504 2091 2588">
    <p class='ocr_par' dir='ltr' id='par_1_28' title="bbox 514 2504 2091 2588">
     <span class='ocr_line' id='line_1_28' title="bbox 514 2504 2091 2588; baseline 0.011 -29"><span class='ocrx_word' id='word_1_193' title='bbox 514 2504 622 2562; x_wconf 92' lang='lat' dir='ltr'><strong>bus</strong></span> <span class='ocrx_word' id='word_1_194' title='bbox 677 2505 1005 2574; x_wconf 79' lang='lat' dir='ltr'><strong>eﬂ‘ercntcs.</strong></span> <span class='ocrx_word' id='word_1_195' title='bbox 1066 2509 1547 2586; x_wconf 83' lang='lat' dir='ltr'><strong>suspicientesque</strong></span> <span class='ocrx_word' id='word_1_196' title='bbox 1601 2517 2091 2588; x_wconf 85' lang='lat' dir='ltr'><strong>pulchritudinem,</strong></span> 
     </span>
    </p>
   </div>
   <div class='ocr_carea' id='block_1_29' title="bbox 516 2603 2092 2684">
    <p class='ocr_par' dir='ltr' id='par_1_29' title="bbox 516 2603 2092 2684">
     <span class='ocr_line' id='line_1_29' title="bbox 516 2603 2092 2684; baseline 0.013 -33"><span class='ocrx_word' id='word_1_197' title='bbox 516 2613 816 2670; x_wconf 84' lang='lat' dir='ltr'><strong>progressu</strong></span> <span class='ocrx_word' id='word_1_198' title='bbox 847 2603 1109 2675; x_wconf 82' lang='lat' dir='ltr'><strong>temporis</strong></span> <span class='ocrx_word' id='word_1_199' title='bbox 1141 2603 1244 2659; x_wconf 86' lang='lat' dir='ltr'><strong>hoc</strong></span> <span class='ocrx_word' id='word_1_200' title='bbox 1279 2605 1443 2663; x_wconf 91' lang='lat' dir='ltr'><strong>deum</strong></span> <span class='ocrx_word' id='word_1_201' title='bbox 1488 2608 1812 2677; x_wconf 81' lang='lat' dir='ltr'><strong>eﬂ&#39;ecerunt,</strong></span> <span class='ocrx_word' id='word_1_202' title='bbox 1839 2615 1985 2684; x_wconf 84' lang='lat' dir='ltr'><strong>quod</strong></span> <span class='ocrx_word' id='word_1_203' title='bbox 2036 2614 2092 2670; x_wconf 91' lang='lat' dir='ltr'><strong>in</strong></span> 
     </span>
    </p>
   </div>
   <div class='ocr_carea' id='block_1_30' title="bbox 515 2691 2094 2768">
    <p class='ocr_par' dir='ltr' id='par_1_30' title="bbox 515 2691 2094 2768">
     <span class='ocr_line' id='line_1_30' title="bbox 515 2691 2094 2768; baseline 0.013 -22"><span class='ocrx_word' id='word_1_204' title='bbox 515 2691 729 2750; x_wconf 81' lang='lat' dir='ltr'><strong>honore</strong></span> <span class='ocrx_word' id='word_1_205' title='bbox 759 2701 812 2749; x_wconf 88' lang='lat' dir='ltr'><strong>et</strong></span> <span class='ocrx_word' id='word_1_206' title='bbox 841 2695 1016 2764; x_wconf 82' lang='lat' dir='ltr'><strong>pretio</strong></span> <span class='ocrx_word' id='word_1_207' title='bbox 1057 2697 1370 2755; x_wconf 67' lang='lat' dir='ltr'><strong>habebant-</strong></span> <span class='ocrx_word' id='word_1_208' title='bbox 1410 2700 1515 2768; x_wconf 87' lang='lat' dir='ltr'><strong>Qui</strong></span> <span class='ocrx_word' id='word_1_209' title='bbox 1567 2712 1748 2761; x_wconf 88' lang='lat' dir='ltr'><strong>autem</strong></span> <span class='ocrx_word' id='word_1_210' title='bbox 1801 2708 1951 2763; x_wconf 88' lang='lat' dir='ltr'><strong>inter</strong></span> <span class='ocrx_word' id='word_1_211' title='bbox 1995 2723 2094 2767; x_wconf 88' lang='lat' dir='ltr'><strong>eos</strong></span> 
     </span>
    </p>
   </div>
   <div class='ocr_carea' id='block_1_31' title="bbox 513 2786 2095 2865">
    <p class='ocr_par' dir='ltr' id='par_1_31' title="bbox 513 2786 2095 2865">
     <span class='ocr_line' id='line_1_31' title="bbox 513 2786 2095 2865; baseline 0.013 -27"><span class='ocrx_word' id='word_1_212' title='bbox 513 2786 736 2844; x_wconf 72' lang='lat' dir='ltr'><strong>vitiosis</strong></span> <span class='ocrx_word' id='word_1_213' title='bbox 779 2788 1069 2847; x_wconf 79' lang='lat' dir='ltr'><strong>all‘ectibus</strong></span> <span class='ocrx_word' id='word_1_214' title='bbox 1126 2793 1317 2863; x_wconf 60' lang='lat' dir='ltr'><strong>magis</strong></span> <span class='ocrx_word' id='word_1_215' title='bbox 1354 2793 1560 2851; x_wconf 78' lang='lat' dir='ltr'><strong>addicti</strong></span> <span class='ocrx_word' id='word_1_216' title='bbox 1625 2805 1806 2865; x_wconf 86' lang='lat' dir='ltr'><strong>erant,</strong></span> <span class='ocrx_word' id='word_1_217' title='bbox 1863 2797 2095 2858; x_wconf 70' lang='lat' dir='ltr'><strong>allectus</strong></span> 
     </span>
    </p>
   </div>
   <div class='ocr_carea' id='block_1_32' title="bbox 512 2881 1525 2955">
    <p class='ocr_par' dir='ltr' id='par_1_32' title="bbox 512 2881 1525 2955">
     <span class='ocr_line' id='line_1_32' title="bbox 512 2881 1525 2955; baseline 0.009 -21"><span class='ocrx_word' id='word_1_218' title='bbox 512 2895 734 2951; x_wconf 88' lang='lat' dir='ltr'><strong>quoque</strong></span> <span class='ocrx_word' id='word_1_219' title='bbox 766 2881 916 2951; x_wconf 85' lang='lat' dir='ltr'><strong>ipsos</strong></span> <span class='ocrx_word' id='word_1_220' title='bbox 948 2894 1339 2955; x_wconf 86' lang='lat' dir='ltr'><strong>nuncuparunt</strong></span> <span class='ocrx_word' id='word_1_221' title='bbox 1372 2886 1525 2944; x_wconf 87' lang='lat' dir='ltr'><strong>deos.</strong></span> 
     </span>
    </p>
   </div>
   <div class='ocr_carea' id='block_1_33' title="bbox 585 2969 2090 3054">
    <p class='ocr_par' dir='ltr' id='par_1_33' title="bbox 585 2969 2090 3054">
     <span class='ocr_line' id='line_1_33' title="bbox 585 2969 2090 3054; baseline 0.011 -28"><span class='ocrx_word' id='word_1_222' title='bbox 585 2969 897 3031; x_wconf 48' lang='grc' dir='ltr'><strong>ἐπαιωρ-</strong></span> <span class='ocrx_word' id='word_1_223' title='bbox 929 2972 1071 3030; x_wconf 81' lang='lat' dir='ltr'><strong>Sunt</strong></span> <span class='ocrx_word' id='word_1_224' title='bbox 1102 2976 1351 3032; x_wconf 88' lang='lat' dir='ltr'><strong>nonnulli</strong></span> <span class='ocrx_word' id='word_1_225' title='bbox 1382 2978 1476 3049; x_wconf 90' lang='lat' dir='ltr'><strong>qui</strong></span> <span class='ocrx_word' id='word_1_226' title='bbox 1507 2979 1691 3036; x_wconf 81' lang='lat' dir='ltr'><strong>sidera</strong></span> <span class='ocrx_word' id='word_1_227' title='bbox 1709 2993 2090 3054; x_wconf 76' lang='lat' dir='ltr'><strong>exsecrentur,</strong></span> 
     </span>
    </p>
   </div>
   <div class='ocr_carea' id='block_1_34' title="bbox 2195 478 3705 557">
    <p class='ocr_par' dir='ltr' id='par_1_34' title="bbox 2195 478 3705 557">
     <span class='ocr_line' id='line_1_34' title="bbox 2195 478 3705 557; baseline -0.002 -17"><span class='ocrx_word' id='word_1_228' title='bbox 2195 487 2424 557; x_wconf 83' lang='grc' dir='ltr'><strong>μάταιον</strong></span> <span class='ocrx_word' id='word_1_229' title='bbox 2449 486 2512 540; x_wconf 75' lang='grc' dir='ltr'><strong>ὲκ</strong></span> <span class='ocrx_word' id='word_1_230' title='bbox 2538 481 2631 538; x_wconf 77' lang='grc' dir='ltr'><strong>τοῦ</strong></span> <span class='ocrx_word' id='word_1_231' title='bbox 2658 481 2827 537; x_wconf 83' lang='grc' dir='ltr'><strong>αὐτοῦ</strong></span> <span class='ocrx_word' id='word_1_232' title='bbox 2849 480 3081 537; x_wconf 78' lang='grc' dir='ltr'><strong>πλάσσει</strong></span> <span class='ocrx_word' id='word_1_233' title='bbox 3110 479 3287 553; x_wconf 88' lang='grc' dir='ltr'><strong>πηλοῦ</strong></span> <span class='ocrx_word' id='word_1_234' title='bbox 3306 496 3321 511; x_wconf 92' lang='grc'><strong>·</strong></span> <span class='ocrx_word' id='word_1_235' title='bbox 3349 478 3408 545; x_wconf 86' lang='grc' dir='ltr'><strong>δς</strong></span> <span class='ocrx_word' id='word_1_236' title='bbox 3425 478 3523 554; x_wconf 71' lang='grc' dir='ltr'><strong>πρὸ</strong></span> <span class='ocrx_word' id='word_1_237' title='bbox 3543 483 3705 554; x_wconf 73' lang='grc' dir='ltr'><strong>μικροῦ</strong></span> 
     </span>
    </p>
   </div>
   <div class='ocr_carea' id='block_1_35' title="bbox 2197 570 3712 648">
    <p class='ocr_par' dir='ltr' id='par_1_35' title="bbox 2197 570 3712 648">
     <span class='ocr_line' id='line_1_35' title="bbox 2197 570 3712 648; baseline -0.002 -18"><span class='ocrx_word' id='word_1_238' title='bbox 2197 576 2265 630; x_wconf 76' lang='grc' dir='ltr'><strong>ὲκ</strong></span> <span class='ocrx_word' id='word_1_239' title='bbox 2301 575 2410 648; x_wconf 82' lang='grc' dir='ltr'><strong>γῆς</strong></span> <span class='ocrx_word' id='word_1_240' title='bbox 2433 573 2744 647; x_wconf 75' lang='grc' dir='ltr'><strong>γεννηθεὶς,</strong></span> <span class='ocrx_word' id='word_1_241' title='bbox 2787 573 2906 645; x_wconf 79' lang='grc' dir='ltr'><strong>μετ’</strong></span> <span class='ocrx_word' id='word_1_242' title='bbox 2933 572 3115 641; x_wconf 80' lang='grc' dir='ltr'><strong>ὀλίγον</strong></span> <span class='ocrx_word' id='word_1_243' title='bbox 3137 570 3426 647; x_wconf 76' lang='grc' dir='ltr'><strong>πορεύεται</strong></span> <span class='ocrx_word' id='word_1_244' title='bbox 3453 573 3527 636; x_wconf 86' lang='grc' dir='ltr'><strong>είς</strong></span> <span class='ocrx_word' id='word_1_245' title='bbox 3560 573 3647 644; x_wconf 78' lang='grc' dir='ltr'><strong>γῆν</strong></span> <span class='ocrx_word' id='word_1_246' title='bbox 3665 573 3712 640; x_wconf 77' lang='grc' dir='ltr'><strong>ιε</strong></span> 
     </span>
    </p>
   </div>
   <div class='ocr_carea' id='block_1_36' title="bbox 2191 659 3712 742">
    <p class='ocr_par' dir='ltr' id='par_1_36' title="bbox 2191 659 3712 742">
     <span class='ocr_line' id='line_1_36' title="bbox 2191 659 3712 742; baseline 0.001 -20"><span class='ocrx_word' id='word_1_247' title='bbox 2191 659 2260 742; x_wconf 79' lang='grc' dir='ltr'><strong>ἧς</strong></span> <span class='ocrx_word' id='word_1_248' title='bbox 2292 669 2528 741; x_wconf 69' lang='grc' dir='ltr'><strong>ἐλήφθη,</strong></span> <span class='ocrx_word' id='word_1_249' title='bbox 2574 667 2638 722; x_wconf 84' lang='grc' dir='ltr'><strong>τδ</strong></span> <span class='ocrx_word' id='word_1_250' title='bbox 2665 668 2765 739; x_wconf 81' lang='grc' dir='ltr'><strong>τῆς</strong></span> <span class='ocrx_word' id='word_1_251' title='bbox 2791 666 2972 739; x_wconf 81' lang='grc' dir='ltr'><strong>ψυχῆς</strong></span> <span class='ocrx_word' id='word_1_252' title='bbox 3022 664 3349 737; x_wconf 79' lang='grc' dir='ltr'><strong>ἀπαιτηθεὶς</strong></span> <span class='ocrx_word' id='word_1_253' title='bbox 3391 665 3558 738; x_wconf 73' lang='grc' dir='ltr'><strong>χρέος.</strong></span> <span class='ocrx_word' id='word_1_254' title='bbox 3600 664 3712 723; x_wconf 75' lang='grc' dir='ltr'><strong>Ἀλλ’</strong></span> 
     </span>
    </p>
   </div>
   <div class='ocr_carea' id='block_1_37' title="bbox 2194 757 3715 833">
    <p class='ocr_par' dir='ltr' id='par_1_37' title="bbox 2194 757 3715 833">
     <span class='ocr_line' id='line_1_37' title="bbox 2194 757 3715 833; baseline -0.003 -16"><span class='ocrx_word' id='word_1_255' title='bbox 2194 762 2344 817; x_wconf 77' lang='grc' dir='ltr'><strong>εστιν</strong></span> <span class='ocrx_word' id='word_1_256' title='bbox 2394 760 2544 833; x_wconf 84' lang='grc' dir='ltr'><strong>αὐτῷ</strong></span> <span class='ocrx_word' id='word_1_257' title='bbox 2598 760 2842 833; x_wconf 75' lang='grc' dir='ltr'><strong>φροντὶς,</strong></span> <span class='ocrx_word' id='word_1_258' title='bbox 2896 758 2996 829; x_wconf 81' lang='grc' dir='ltr'><strong>οὐχ</strong></span> <span class='ocrx_word' id='word_1_259' title='bbox 3027 757 3111 812; x_wconf 78' lang='grc' dir='ltr'><strong>ὅτι</strong></span> <span class='ocrx_word' id='word_1_260' title='bbox 3146 757 3332 829; x_wconf 78' lang='grc' dir='ltr'><strong>μέλλει</strong></span> <span class='ocrx_word' id='word_1_261' title='bbox 3377 757 3715 830; x_wconf 65' lang='grc' dir='ltr'><strong>κάμνειν,ὠέ</strong></span> 
     </span>
    </p>
   </div>
   <div class='ocr_carea' id='block_1_38' title="bbox 2193 848 3716 928">
    <p class='ocr_par' dir='ltr' id='par_1_38' title="bbox 2193 848 3716 928">
     <span class='ocr_line' id='line_1_38' title="bbox 2193 848 3716 928; baseline -0.004 -19"><span class='ocrx_word' id='word_1_262' title='bbox 2193 856 2275 909; x_wconf 78' lang='grc' dir='ltr'><strong>ὅτι</strong></span> <span class='ocrx_word' id='word_1_263' title='bbox 2338 853 2647 928; x_wconf 80' lang='grc' dir='ltr'><strong>βραχυτελῆ</strong></span> <span class='ocrx_word' id='word_1_264' title='bbox 2709 852 2826 922; x_wconf 85' lang='grc' dir='ltr'><strong>βίον</strong></span> <span class='ocrx_word' id='word_1_265' title='bbox 2891 849 3038 923; x_wconf 70' lang='grc' dir='ltr'><strong>ἔχει’</strong></span> <span class='ocrx_word' id='word_1_266' title='bbox 3093 850 3212 906; x_wconf 84' lang='grc' dir='ltr'><strong>ἀλλ’</strong></span> <span class='ocrx_word' id='word_1_267' title='bbox 3264 848 3608 921; x_wconf 66' lang='grc' dir='ltr'><strong>ἀπερείδεται</strong></span> <span class='ocrx_word' id='word_1_268' title='bbox 3641 849 3716 922; x_wconf 78' lang='grc' dir='ltr'><strong>μὶν</strong></span> 
     </span>
    </p>
   </div>
   <div class='ocr_carea' id='block_1_39' title="bbox 2197 942 3719 1020">
    <p class='ocr_par' dir='ltr' id='par_1_39' title="bbox 2197 942 3719 1020">
     <span class='ocr_line' id='line_1_39' title="bbox 2197 942 3719 1020; baseline -0.006 -17"><span class='ocrx_word' id='word_1_269' title='bbox 2197 950 2562 1020; x_wconf 80' lang='grc' dir='ltr'><strong>χρυσουργοτς</strong></span> <span class='ocrx_word' id='word_1_270' title='bbox 2591 945 2687 1001; x_wconf 74' lang='grc' dir='ltr'><strong>καὶ</strong></span> <span class='ocrx_word' id='word_1_271' title='bbox 2733 943 3119 1020; x_wconf 85' lang='grc' dir='ltr'><strong>ἀργυροχόοις,</strong></span> <span class='ocrx_word' id='word_1_272' title='bbox 3144 942 3552 1017; x_wconf 78' lang='grc' dir='ltr'><strong>χαλκο-πλάστας</strong></span> <span class='ocrx_word' id='word_1_273' title='bbox 3571 956 3626 995; x_wconf 84' lang='grc' dir='ltr'><strong>τε</strong></span> <span class='ocrx_word' id='word_1_274' title='bbox 3650 960 3719 1014; x_wconf 78' lang='grc' dir='ltr'><strong>μι-</strong></span> 
     </span>
    </p>
   </div>
   <div class='ocr_carea' id='block_1_40' title="bbox 2202 1033 3717 1112">
    <p class='ocr_par' dir='ltr' id='par_1_40' title="bbox 2202 1033 3717 1112">
     <span class='ocr_line' id='line_1_40' title="bbox 2202 1033 3717 1112; baseline -0.003 -18"><span class='ocrx_word' id='word_1_275' title='bbox 2202 1042 2408 1112; x_wconf 84' lang='grc' dir='ltr'><strong>μεῖται,</strong></span> <span class='ocrx_word' id='word_1_276' title='bbox 2444 1040 2541 1094; x_wconf 82' lang='grc' dir='ltr'><strong>καὶ</strong></span> <span class='ocrx_word' id='word_1_277' title='bbox 2593 1038 2755 1106; x_wconf 78' lang='grc' dir='ltr'><strong>δόξαν</strong></span> <span class='ocrx_word' id='word_1_278' title='bbox 2803 1037 3053 1110; x_wconf 72' lang='grc' dir='ltr'><strong>ἡγεῖται,</strong></span> <span class='ocrx_word' id='word_1_279' title='bbox 3098 1037 3184 1092; x_wconf 82' lang='grc' dir='ltr'><strong>ὅτι</strong></span> <span class='ocrx_word' id='word_1_280' title='bbox 3237 1035 3465 1107; x_wconf 76' lang='grc' dir='ltr'><strong>κίϐδηλα</strong></span> <span class='ocrx_word' id='word_1_281' title='bbox 3504 1033 3717 1090; x_wconf 61' lang='lat' dir='ltr'><strong>adducti.</strong></span> 
     </span>
    </p>
   </div>
   <div class='ocr_carea' id='block_1_41' title="bbox 2193 1125 3721 1204">
    <p class='ocr_par' dir='ltr' id='par_1_41' title="bbox 2193 1125 3721 1204">
     <span class='ocr_line' id='line_1_41' title="bbox 2193 1125 3721 1204; baseline -0.005 -18"><span class='ocrx_word' id='word_1_282' title='bbox 2193 1132 2398 1197; x_wconf 83' lang='grc' dir='ltr'><strong>Σποδδς</strong></span> <span class='ocrx_word' id='word_1_283' title='bbox 2426 1133 2460 1204; x_wconf 78' lang='grc' dir='ltr'><strong>ἡ</strong></span> <span class='ocrx_word' id='word_1_284' title='bbox 2489 1131 2684 1204; x_wconf 79' lang='grc' dir='ltr'><strong>καρδία</strong></span> <span class='ocrx_word' id='word_1_285' title='bbox 2711 1131 2905 1198; x_wconf 78' lang='grc' dir='ltr'><strong>αὐτοῦ,</strong></span> <span class='ocrx_word' id='word_1_286' title='bbox 2927 1132 3025 1187; x_wconf 71' lang='grc' dir='ltr'><strong>καὶ</strong></span> <span class='ocrx_word' id='word_1_287' title='bbox 3047 1129 3153 1202; x_wconf 81' lang='grc' dir='ltr'><strong>γῆς</strong></span> <span class='ocrx_word' id='word_1_288' title='bbox 3180 1126 3574 1200; x_wconf 70' lang='grc' dir='ltr'><strong>εύτελεστύραὴ</strong></span> <span class='ocrx_word' id='word_1_289' title='bbox 3599 1125 3721 1192; x_wconf 67' lang='grc' dir='ltr'><strong>ἐλπίς</strong></span> 
     </span>
    </p>
   </div>
   <div class='ocr_carea' id='block_1_42' title="bbox 2193 1217 3724 1295">
    <p class='ocr_par' dir='ltr' id='par_1_42' title="bbox 2193 1217 3724 1295">
     <span class='ocr_line' id='line_1_42' title="bbox 2193 1217 3724 1295; baseline -0.003 -17"><span class='ocrx_word' id='word_1_290' title='bbox 2193 1223 2384 1290; x_wconf 80' lang='grc' dir='ltr'><strong>αὑτοῦ,</strong></span> <span class='ocrx_word' id='word_1_291' title='bbox 2447 1223 2621 1294; x_wconf 80' lang='grc' dir='ltr'>πηλοῦ</span> <span class='ocrx_word' id='word_1_292' title='bbox 2665 1240 2726 1278; x_wconf 87' lang='grc' dir='ltr'><strong>τε</strong></span> <span class='ocrx_word' id='word_1_293' title='bbox 2779 1220 3125 1295; x_wconf 84' lang='grc' dir='ltr'><strong>ἁτιμὼτερος</strong></span> <span class='ocrx_word' id='word_1_294' title='bbox 3184 1222 3214 1275; x_wconf 92' lang='lat'><strong>6</strong></span> <span class='ocrx_word' id='word_1_295' title='bbox 3270 1219 3386 1293; x_wconf 86' lang='grc' dir='ltr'><strong>βίος</strong></span> <span class='ocrx_word' id='word_1_296' title='bbox 3426 1217 3612 1287; x_wconf 79' lang='grc' dir='ltr'><strong>αὐτοῦ,</strong></span> <span class='ocrx_word' id='word_1_297' title='bbox 3660 1219 3724 1274; x_wconf 75' lang='grc' dir='ltr'><strong>ὅτι</strong></span> 
     </span>
    </p>
   </div>
   <div class='ocr_carea' id='block_1_43' title="bbox 2191 1312 3722 1389">
    <p class='ocr_par' dir='ltr' id='par_1_43' title="bbox 2191 1312 3722 1389">
     <span class='ocr_line' id='line_1_43' title="bbox 2191 1312 3722 1389; baseline -0.004 -18"><span class='ocrx_word' id='word_1_298' title='bbox 2191 1318 2428 1389; x_wconf 74' lang='grc' dir='ltr'><strong>ἠγνόησε</strong></span> <span class='ocrx_word' id='word_1_299' title='bbox 2460 1317 2553 1371; x_wconf 76' lang='grc' dir='ltr'><strong>τὸν</strong></span> <span class='ocrx_word' id='word_1_300' title='bbox 2598 1315 2884 1371; x_wconf 78' lang='grc' dir='ltr'><strong>πλάσαντα</strong></span> <span class='ocrx_word' id='word_1_301' title='bbox 2913 1313 3097 1381; x_wconf 78' lang='grc' dir='ltr'><strong>αὑτὸν,</strong></span> <span class='ocrx_word' id='word_1_302' title='bbox 3132 1313 3227 1369; x_wconf 75' lang='grc' dir='ltr'><strong>καὶ</strong></span> <span class='ocrx_word' id='word_1_303' title='bbox 3253 1313 3344 1368; x_wconf 83' lang='grc' dir='ltr'><strong>τὸν</strong></span> <span class='ocrx_word' id='word_1_304' title='bbox 3387 1312 3722 1385; x_wconf 74' lang='grc' dir='ltr'><strong>ἔμπνεύσαντα</strong></span> 
     </span>
    </p>
   </div>
   <div class='ocr_carea' id='block_1_44' title="bbox 2193 1405 3724 1482">
    <p class='ocr_par' dir='ltr' id='par_1_44' title="bbox 2193 1405 3724 1482">
     <span class='ocr_line' id='line_1_44' title="bbox 2193 1405 3724 1482; baseline -0.003 -19"><span class='ocrx_word' id='word_1_305' title='bbox 2193 1410 2344 1482; x_wconf 79' lang='grc' dir='ltr'><strong>αὐτῷ</strong></span> <span class='ocrx_word' id='word_1_306' title='bbox 2380 1409 2562 1482; x_wconf 77' lang='grc' dir='ltr'><strong>ψυχὴν</strong></span> <span class='ocrx_word' id='word_1_307' title='bbox 2619 1407 2992 1482; x_wconf 70' lang='grc' dir='ltr'><strong>ἐνεργοῦσαν,</strong></span> <span class='ocrx_word' id='word_1_308' title='bbox 3031 1407 3128 1463; x_wconf 76' lang='grc' dir='ltr'><strong>καὶ</strong></span> <span class='ocrx_word' id='word_1_309' title='bbox 3169 1405 3559 1478; x_wconf 70' lang='grc' dir='ltr'><strong>ἑμφυσήσαντα</strong></span> <span class='ocrx_word' id='word_1_310' title='bbox 3603 1405 3724 1476; x_wconf 75' lang='grc' dir='ltr'><strong>αὐτῷ</strong></span> 
     </span>
    </p>
   </div>
   <div class='ocr_carea' id='block_1_45' title="bbox 2194 1492 3724 1573">
    <p class='ocr_par' dir='ltr' id='par_1_45' title="bbox 2194 1492 3724 1573">
     <span class='ocr_line' id='line_1_45' title="bbox 2194 1492 3724 1573; baseline -0.003 -17"><span class='ocrx_word' id='word_1_311' title='bbox 2194 1502 2414 1573; x_wconf 83' lang='grc' dir='ltr'><strong>πνεῦμα</strong></span> <span class='ocrx_word' id='word_1_312' title='bbox 2445 1501 2678 1568; x_wconf 80' lang='grc' dir='ltr'><strong>ζωτικὸν</strong></span> <span class='ocrx_word' id='word_1_313' title='bbox 2702 1517 2717 1533; x_wconf 89' lang='grc'><strong>·</strong></span> <span class='ocrx_word' id='word_1_314' title='bbox 2751 1498 2867 1556; x_wconf 75' lang='grc' dir='ltr'><strong>ἀλλ’</strong></span> <span class='ocrx_word' id='word_1_315' title='bbox 2888 1499 3201 1570; x_wconf 72' lang='grc' dir='ltr'><strong>ὶλογίσαντο</strong></span> <span class='ocrx_word' id='word_1_316' title='bbox 3229 1497 3479 1571; x_wconf 80' lang='grc' dir='ltr'><strong>παίγνιον</strong></span> <span class='ocrx_word' id='word_1_317' title='bbox 3509 1492 3724 1569; x_wconf 71' lang='grc' dir='ltr'><strong>εἶναιτὴν</strong></span> 
     </span>
    </p>
   </div>
   <div class='ocr_carea' id='block_1_46' title="bbox 2193 1591 3728 1668">
    <p class='ocr_par' dir='ltr' id='par_1_46' title="bbox 2193 1591 3728 1668">
     <span class='ocr_line' id='line_1_46' title="bbox 2193 1591 3728 1668; baseline -0.003 -20"><span class='ocrx_word' id='word_1_318' title='bbox 2193 1592 2340 1667; x_wconf 76' lang='grc' dir='ltr'><strong>ζωὴν</strong></span> <span class='ocrx_word' id='word_1_319' title='bbox 2378 1594 2559 1667; x_wconf 76' lang='grc' dir='ltr'><strong>ἡμῶν,</strong></span> <span class='ocrx_word' id='word_1_320' title='bbox 2597 1593 2813 1650; x_wconf 72' lang='grc' dir='ltr'><strong>καὶτὸν</strong></span> <span class='ocrx_word' id='word_1_321' title='bbox 2843 1594 2962 1667; x_wconf 82' lang='grc' dir='ltr'><strong>βίον</strong></span> <span class='ocrx_word' id='word_1_322' title='bbox 3002 1592 3163 1668; x_wconf 76' lang='grc' dir='ltr'><strong>ἡμῶν</strong></span> <span class='ocrx_word' id='word_1_323' title='bbox 3204 1591 3608 1666; x_wconf 75' lang='grc' dir='ltr'><strong>πανηγυρισμὸν</strong></span> <span class='ocrx_word' id='word_1_324' title='bbox 3633 1591 3728 1647; x_wconf 71' lang='lat' dir='ltr'><strong>litt-</strong></span> 
     </span>
    </p>
   </div>
   <div class='ocr_carea' id='block_1_47' title="bbox 2191 1687 2438 1760">
    <p class='ocr_par' dir='ltr' id='par_1_47' title="bbox 2191 1687 2438 1760">
     <span class='ocr_line' id='line_1_47' title="bbox 2191 1687 2438 1760; baseline -0.008 -16"><span class='ocrx_word' id='word_1_325' title='bbox 2191 1687 2384 1760; x_wconf 81' lang='grc' dir='ltr'><strong>κερδῆ.</strong></span> <span class='ocrx_word' id='word_1_326' title='bbox 2418 1705 2438 1742; x_wconf 77' lang='grc' dir='ltr'><strong>ι</strong></span> 
     </span>
    </p>
   </div>
   <div class='ocr_carea' id='block_1_48' title="bbox 2281 1779 3733 1866">
    <p class='ocr_par' dir='ltr' id='par_1_48' title="bbox 2281 1779 3733 1866">
     <span class='ocr_line' id='line_1_48' title="bbox 2281 1779 3733 1866; baseline -0.001 -31"><span class='ocrx_word' id='word_1_327' title='bbox 2281 1803 2300 1835; x_wconf 87' lang='grc'><em>‹</em></span> <span class='ocrx_word' id='word_1_328' title='bbox 2339 1780 2870 1866; x_wconf 33' lang='grc' dir='ltr'><strong>Θέαμααβρωμάτων</strong></span> <span class='ocrx_word' id='word_1_329' title='bbox 2900 1781 3330 1855; x_wconf 69' lang='grc' dir='ltr'><strong>παρακειμένων</strong></span> <span class='ocrx_word' id='word_1_330' title='bbox 3369 1781 3463 1836; x_wconf 63' lang='grc' dir='ltr'><strong>επὶ</strong></span> <span class='ocrx_word' id='word_1_331' title='bbox 3495 1781 3636 1852; x_wconf 77' lang='grc' dir='ltr'><strong>τάφῳ</strong></span> <span class='ocrx_word' id='word_1_332' title='bbox 3662 1779 3733 1833; x_wconf 78' lang='grc' dir='ltr'><strong>’τί</strong></span> 
     </span>
    </p>
   </div>
   <div class='ocr_carea' id='block_1_49' title="bbox 2203 1871 3732 1948">
    <p class='ocr_par' dir='ltr' id='par_1_49' title="bbox 2203 1871 3732 1948">
     <span class='ocr_line' id='line_1_49' title="bbox 2203 1871 3732 1948; baseline -0.003 -18"><span class='ocrx_word' id='word_1_333' title='bbox 2203 1875 2480 1948; x_wconf 78' lang='grc' dir='ltr'><strong>συμφέρει</strong></span> <span class='ocrx_word' id='word_1_334' title='bbox 2509 1875 2804 1948; x_wconf 84' lang='grc' dir='ltr'><strong>κάρπωσις</strong></span> <span class='ocrx_word' id='word_1_335' title='bbox 2827 1874 3076 1947; x_wconf 74' lang='grc' dir='ltr'><strong>είδώλῳς</strong></span> <span class='ocrx_word' id='word_1_336' title='bbox 3103 1872 3230 1929; x_wconf 74' lang='grc' dir='ltr'><strong>οὔτε</strong></span> <span class='ocrx_word' id='word_1_337' title='bbox 3255 1873 3368 1947; x_wconf 84' lang='grc' dir='ltr'><strong>γὰρ</strong></span> <span class='ocrx_word' id='word_1_338' title='bbox 3411 1873 3600 1937; x_wconf 73' lang='grc' dir='ltr'><strong>ἔδεται,</strong></span> <span class='ocrx_word' id='word_1_339' title='bbox 3633 1871 3732 1926; x_wconf 71' lang='grc' dir='ltr'><strong>οὗτε</strong></span> 
     </span>
    </p>
   </div>
   <div class='ocr_carea' id='block_1_50' title="bbox 2196 1968 2650 2042">
    <p class='ocr_par' dir='ltr' id='par_1_50' title="bbox 2196 1968 2650 2042">
     <span class='ocr_line' id='line_1_50' title="bbox 2196 1968 2650 2042; baseline 0.007 -21"><span class='ocrx_word' id='word_1_340' title='bbox 2196 1970 2271 2040; x_wconf 81' lang='grc' dir='ltr'><strong>μὴ</strong></span> <span class='ocrx_word' id='word_1_341' title='bbox 2295 1968 2595 2042; x_wconf 80' lang='grc' dir='ltr'><strong>ὀσφρανθῇ.</strong></span> <span class='ocrx_word' id='word_1_342' title='bbox 2628 1987 2650 2023; x_wconf 74' lang='grc' dir='ltr'><strong>ε</strong></span> 
     </span>
    </p>
   </div>
   <div class='ocr_carea' id='block_1_51' title="bbox 2269 2056 3738 2133">
    <p class='ocr_par' dir='ltr' id='par_1_51' title="bbox 2269 2056 3738 2133">
     <span class='ocr_line' id='line_1_51' title="bbox 2269 2056 3738 2133; baseline -0.001 -20"><span class='ocrx_word' id='word_1_343' title='bbox 2269 2060 2337 2114; x_wconf 87' lang='grc' dir='ltr'><strong>Οί</strong></span> <span class='ocrx_word' id='word_1_344' title='bbox 2367 2057 2470 2132; x_wconf 82' lang='grc' dir='ltr'><strong>μὲν</strong></span> <span class='ocrx_word' id='word_1_345' title='bbox 2512 2060 2688 2133; x_wconf 71' lang='grc' dir='ltr'><strong>ἥλιον,</strong></span> <span class='ocrx_word' id='word_1_346' title='bbox 2723 2061 2774 2115; x_wconf 78' lang='lat' dir='ltr'><strong>oi</strong></span> <span class='ocrx_word' id='word_1_347' title='bbox 2802 2059 2860 2115; x_wconf 76' lang='grc' dir='ltr'><strong>δὲ</strong></span> <span class='ocrx_word' id='word_1_348' title='bbox 2904 2058 3156 2132; x_wconf 74' lang='grc' dir='ltr'><strong>σελήνην,</strong></span> <span class='ocrx_word' id='word_1_349' title='bbox 3185 2058 3240 2113; x_wconf 76' lang='grc' dir='ltr'><strong>εί</strong></span> <span class='ocrx_word' id='word_1_350' title='bbox 3280 2059 3340 2115; x_wconf 67' lang='grc' dir='ltr'><strong>δὲ</strong></span> <span class='ocrx_word' id='word_1_351' title='bbox 3372 2057 3610 2130; x_wconf 70' lang='grc' dir='ltr'><strong>ἀστέρων</strong></span> <span class='ocrx_word' id='word_1_352' title='bbox 3631 2056 3738 2128; x_wconf 74' lang='grc' dir='ltr'><strong>πλῆ-</strong></span> 
     </span>
    </p>
   </div>
   <div class='ocr_carea' id='block_1_52' title="bbox 2195 2151 3735 2226">
    <p class='ocr_par' dir='ltr' id='par_1_52' title="bbox 2195 2151 3735 2226">
     <span class='ocr_line' id='line_1_52' title="bbox 2195 2151 3735 2226; baseline -0.001 -18"><span class='ocrx_word' id='word_1_353' title='bbox 2195 2151 2308 2219; x_wconf 81' lang='grc' dir='ltr'><strong>θος,</strong></span> <span class='ocrx_word' id='word_1_354' title='bbox 2340 2156 2390 2208; x_wconf 85' lang='grc' dir='ltr'><strong>οἱ</strong></span> <span class='ocrx_word' id='word_1_355' title='bbox 2419 2153 2476 2208; x_wconf 79' lang='grc' dir='ltr'><strong>δὲ</strong></span> <span class='ocrx_word' id='word_1_356' title='bbox 2501 2153 2730 2226; x_wconf 81' lang='grc' dir='ltr'><strong>οὐρανὸν</strong></span> <span class='ocrx_word' id='word_1_357' title='bbox 2760 2154 2926 2210; x_wconf 79' lang='grc' dir='ltr'><strong>αὐτὸν</strong></span> <span class='ocrx_word' id='word_1_358' title='bbox 2963 2153 3081 2226; x_wconf 71' lang='grc' dir='ltr'><strong>ἅμα</strong></span> <span class='ocrx_word' id='word_1_359' title='bbox 3112 2152 3328 2217; x_wconf 80' lang='grc' dir='ltr'><strong>τούτοις</strong></span> <span class='ocrx_word' id='word_1_360' title='bbox 3373 2151 3735 2223; x_wconf 74' lang='grc' dir='ltr'><strong>εσεσάσοησσν,</strong></span> 
     </span>
    </p>
   </div>
   <div class='ocr_carea' id='block_1_53' title="bbox 2194 2239 3737 2319">
    <p class='ocr_par' dir='ltr' id='par_1_53' title="bbox 2194 2239 3737 2319">
     <span class='ocr_line' id='line_1_53' title="bbox 2194 2239 3737 2319; baseline -0.001 -18"><span class='ocrx_word' id='word_1_361' title='bbox 2194 2248 2244 2301; x_wconf 83' lang='lat' dir='ltr'><strong>oi</strong></span> <span class='ocrx_word' id='word_1_362' title='bbox 2275 2247 2331 2301; x_wconf 76' lang='grc' dir='ltr'><strong>δὲ</strong></span> <span class='ocrx_word' id='word_1_363' title='bbox 2356 2247 2424 2302; x_wconf 78' lang='grc' dir='ltr'><strong>τὰ</strong></span> <span class='ocrx_word' id='word_1_364' title='bbox 2457 2250 2720 2318; x_wconf 75' lang='grc' dir='ltr'><strong>στοιχεῖα,</strong></span> <span class='ocrx_word' id='word_1_365' title='bbox 2752 2239 2828 2307; x_wconf 74' lang='grc' dir='ltr'><strong>ὧν</strong></span> <span class='ocrx_word' id='word_1_366' title='bbox 2850 2247 2981 2304; x_wconf 78' lang='grc' dir='ltr'><strong>ἄνευ</strong></span> <span class='ocrx_word' id='word_1_367' title='bbox 3031 2247 3093 2302; x_wconf 82' lang='grc' dir='ltr'><strong>ού</strong></span> <span class='ocrx_word' id='word_1_368' title='bbox 3120 2247 3349 2302; x_wconf 80' lang='grc' dir='ltr'><strong>δυνατὸν</strong></span> <span class='ocrx_word' id='word_1_369' title='bbox 3395 2247 3648 2319; x_wconf 78' lang='grc' dir='ltr'><strong>συστῆναι</strong></span> <span class='ocrx_word' id='word_1_370' title='bbox 3665 2246 3737 2300; x_wconf 75' lang='grc' dir='ltr'><strong>τὸν</strong></span> 
     </span>
    </p>
   </div>
   <div class='ocr_carea' id='block_1_54' title="bbox 2195 2337 3738 2413">
    <p class='ocr_par' dir='ltr' id='par_1_54' title="bbox 2195 2337 3738 2413">
     <span class='ocr_line' id='line_1_54' title="bbox 2195 2337 3738 2413; baseline -0.003 -18"><span class='ocrx_word' id='word_1_371' title='bbox 2195 2340 2535 2412; x_wconf 83' lang='grc' dir='ltr'><strong>ἀνθρώπινον</strong></span> <span class='ocrx_word' id='word_1_372' title='bbox 2597 2341 2734 2413; x_wconf 79' lang='grc' dir='ltr'><strong>βίον.</strong></span> <span class='ocrx_word' id='word_1_373' title='bbox 2796 2338 2964 2413; x_wconf 83' lang='grc' dir='ltr'><strong>Οἶμαι</strong></span> <span class='ocrx_word' id='word_1_374' title='bbox 3009 2339 3090 2407; x_wconf 80' lang='grc' dir='ltr'><strong>δὲ,</strong></span> <span class='ocrx_word' id='word_1_375' title='bbox 3133 2340 3226 2396; x_wconf 69' lang='grc' dir='ltr'><strong>καὶ</strong></span> <span class='ocrx_word' id='word_1_376' title='bbox 3265 2338 3585 2395; x_wconf 74' lang='grc' dir='ltr'><strong>δυναστείαν</strong></span> <span class='ocrx_word' id='word_1_377' title='bbox 3624 2337 3738 2401; x_wconf 63' lang='grc' dir='ltr'><strong>τινὲς</strong></span> 
     </span>
    </p>
   </div>
   <div class='ocr_carea' id='block_1_55' title="bbox 2196 2431 3738 2508">
    <p class='ocr_par' dir='ltr' id='par_1_55' title="bbox 2196 2431 3738 2508">
     <span class='ocr_line' id='line_1_55' title="bbox 2196 2431 3738 2508; baseline 0.001 -22"><span class='ocrx_word' id='word_1_378' title='bbox 2196 2431 2613 2507; x_wconf 80' lang='grc' dir='ltr'><strong>θεραπεύοντες,</strong></span> <span class='ocrx_word' id='word_1_379' title='bbox 2646 2435 2739 2491; x_wconf 70' lang='grc' dir='ltr'><strong>καὶ</strong></span> <span class='ocrx_word' id='word_1_380' title='bbox 2767 2435 2961 2508; x_wconf 77' lang='grc' dir='ltr'><strong>ῥώμην</strong></span> <span class='ocrx_word' id='word_1_381' title='bbox 2989 2436 3405 2501; x_wconf 70' lang='grc' dir='ltr'><strong>ἐπαινέσαντες,</strong></span> <span class='ocrx_word' id='word_1_382' title='bbox 3452 2433 3549 2488; x_wconf 70' lang='grc' dir='ltr'><strong>καὶ</strong></span> <span class='ocrx_word' id='word_1_383' title='bbox 3579 2431 3738 2495; x_wconf 74' lang='grc' dir='ltr'><strong>κάλλος</strong></span> 
     </span>
    </p>
   </div>
   <div class='ocr_carea' id='block_1_56' title="bbox 2196 2525 3737 2600">
    <p class='ocr_par' dir='ltr' id='par_1_56' title="bbox 2196 2525 3737 2600">
     <span class='ocr_line' id='line_1_56' title="bbox 2196 2525 3737 2600; baseline -0.002 -20"><span class='ocrx_word' id='word_1_384' title='bbox 2196 2526 2603 2598; x_wconf 69' lang='grc' dir='ltr'><strong>Θαυμάσαντος,</strong></span> <span class='ocrx_word' id='word_1_385' title='bbox 2628 2527 2750 2582; x_wconf 77' lang='grc' dir='ltr'><strong>θεὸν</strong></span> <span class='ocrx_word' id='word_1_386' title='bbox 2771 2528 3036 2599; x_wconf 77' lang='grc' dir='ltr'><strong>ἐποίησαν</strong></span> <span class='ocrx_word' id='word_1_387' title='bbox 3059 2526 3136 2600; x_wconf 83' lang='grc' dir='ltr'><strong>τῷ</strong></span> <span class='ocrx_word' id='word_1_388' title='bbox 3161 2526 3340 2600; x_wconf 81' lang='grc' dir='ltr'><strong>χρόνῳ</strong></span> <span class='ocrx_word' id='word_1_389' title='bbox 3361 2526 3429 2582; x_wconf 76' lang='grc' dir='ltr'><strong>τὸ</strong></span> <span class='ocrx_word' id='word_1_390' title='bbox 3447 2525 3737 2598; x_wconf 78' lang='grc' dir='ltr'><strong>τιμώμενον.</strong></span> 
     </span>
    </p>
   </div>
   <div class='ocr_carea' id='block_1_57' title="bbox 2195 2618 3739 2693">
    <p class='ocr_par' dir='ltr' id='par_1_57' title="bbox 2195 2618 3739 2693">
     <span class='ocr_line' id='line_1_57' title="bbox 2195 2618 3739 2693; baseline -0.001 -20"><span class='ocrx_word' id='word_1_391' title='bbox 2195 2618 2260 2673; x_wconf 78' lang='lat' dir='ltr'><strong>Oi</strong></span> <span class='ocrx_word' id='word_1_392' title='bbox 2287 2618 2688 2692; x_wconf 76' lang='grc' dir='ltr'><strong>ἑμπαθέστεροι</strong></span> <span class='ocrx_word' id='word_1_393' title='bbox 2713 2619 2772 2674; x_wconf 76' lang='grc' dir='ltr'><strong>δὲ</strong></span> <span class='ocrx_word' id='word_1_394' title='bbox 2817 2618 2998 2675; x_wconf 80' lang='grc' dir='ltr'><strong>αὐτῶν</strong></span> <span class='ocrx_word' id='word_1_395' title='bbox 3034 2619 3131 2675; x_wconf 80' lang='grc' dir='ltr'><strong>καὶ</strong></span> <span class='ocrx_word' id='word_1_396' title='bbox 3156 2619 3226 2676; x_wconf 77' lang='grc' dir='ltr'><strong>τὰ</strong></span> <span class='ocrx_word' id='word_1_397' title='bbox 3264 2620 3420 2693; x_wconf 76' lang='grc' dir='ltr'><strong>πάθη</strong></span> <span class='ocrx_word' id='word_1_398' title='bbox 3467 2619 3617 2684; x_wconf 76' lang='grc' dir='ltr'><strong>θεοὺς</strong></span> <span class='ocrx_word' id='word_1_399' title='bbox 3641 2618 3739 2672; x_wconf 78' lang='grc' dir='ltr'><strong>ὠνό-</strong></span> 
     </span>
    </p>
   </div>
   <div class='ocr_carea' id='block_1_58' title="bbox 2199 2727 2402 2784">
    <p class='ocr_par' dir='ltr' id='par_1_58' title="bbox 2199 2727 2402 2784">
     <span class='ocr_line' id='line_1_58' title="bbox 2199 2727 2402 2784; baseline 0.015 -19"><span class='ocrx_word' id='word_1_400' title='bbox 2199 2727 2402 2784; x_wconf 81' lang='grc' dir='ltr'><strong>μασαν.</strong></span> 
     </span>
    </p>
   </div>
   <div class='ocr_carea' id='block_1_59' title="bbox 2269 2974 3743 3048">
    <p class='ocr_par' dir='ltr' id='par_1_59' title="bbox 2269 2974 3743 3048">
     <span class='ocr_line' id='line_1_59' title="bbox 2269 2974 3743 3048; baseline -0.001 -18"><span class='ocrx_word' id='word_1_401' title='bbox 2269 2974 2394 3030; x_wconf 79' lang='grc' dir='ltr'><strong>Εἰσί</strong></span> <span class='ocrx_word' id='word_1_402' title='bbox 2415 2992 2563 3032; x_wconf 81' lang='grc' dir='ltr'><strong>τινες</strong></span> <span class='ocrx_word' id='word_1_403' title='bbox 2603 2975 2988 3048; x_wconf 78' lang='grc' dir='ltr'><strong>καταρώμενοι</strong></span> <span class='ocrx_word' id='word_1_404' title='bbox 3022 2974 3150 3041; x_wconf 76' lang='grc' dir='ltr'><strong>τοὺς</strong></span> <span class='ocrx_word' id='word_1_405' title='bbox 3205 2976 3470 3048; x_wconf 79' lang='grc' dir='ltr'><strong>ἀστέρας,</strong></span> <span class='ocrx_word' id='word_1_406' title='bbox 3510 2977 3595 3032; x_wconf 80' lang='grc' dir='ltr'><strong>ὅτε</strong></span> <span class='ocrx_word' id='word_1_407' title='bbox 3631 2982 3743 3035; x_wconf 70' lang='lat' dir='ltr'><strong>uti</strong></span> 
     </span>
    </p>
   </div>
   <div class='ocr_carea' id='block_1_60' title="bbox 510 3063 2093 3165">
    <p class='ocr_par' dir='ltr' id='par_1_60' title="bbox 510 3063 2093 3140">
     <span class='ocr_line' id='line_1_60' title="bbox 510 3063 2093 3140; baseline 0.013 -25"><span class='ocrx_word' id='word_1_408' title='bbox 510 3065 642 3118; x_wconf 78' lang='lat' dir='ltr'><strong>dum</strong></span> <span class='ocrx_word' id='word_1_409' title='bbox 679 3063 946 3123; x_wconf 77' lang='lat' dir='ltr'><strong>adversus</strong></span> <span class='ocrx_word' id='word_1_410' title='bbox 987 3067 1264 3125; x_wconf 83' lang='lat' dir='ltr'><strong>hominem</strong></span> <span class='ocrx_word' id='word_1_411' title='bbox 1297 3069 1638 3140; x_wconf 82' lang='lat' dir='ltr'><strong>irascuntur,</strong></span> <span class='ocrx_word' id='word_1_412' title='bbox 1670 3076 1923 3135; x_wconf 82' lang='lat' dir='ltr'><strong>dicentes</strong></span> <span class='ocrx_word' id='word_1_413' title='bbox 1951 3098 1966 3135; x_wconf 89' lang='lat'><strong>:</strong></span> <span class='ocrx_word' id='word_1_414' title='bbox 2000 3078 2093 3136; x_wconf 77' lang='lat' dir='ltr'><strong>Va:</strong></span> 
     </span>
    </p>
   </div>
   <div class='ocr_carea' id='block_1_61' title="bbox 2202 3063 3737 3165">
    <p class='ocr_par' dir='ltr' id='par_1_61' title="bbox 2202 3063 3737 3142">
     <span class='ocr_line' id='line_1_61' title="bbox 2202 3063 3737 3142; baseline 0.001 -22"><span class='ocrx_word' id='word_1_415' title='bbox 2202 3064 2488 3138; x_wconf 70' lang='grc' dir='ltr'><strong>ἀνθρώπου</strong></span> <span class='ocrx_word' id='word_1_416' title='bbox 2512 3065 2829 3138; x_wconf 76' lang='grc' dir='ltr'><strong>ὀργίζονται</strong></span> <span class='ocrx_word' id='word_1_417' title='bbox 2851 3065 3128 3137; x_wconf 69' lang='grc' dir='ltr'><strong>λέγοντες,</strong></span> <span class='ocrx_word' id='word_1_418' title='bbox 3157 3066 3299 3121; x_wconf 79' lang='grc' dir='ltr'><strong>Οὐαὶ</strong></span> <span class='ocrx_word' id='word_1_419' title='bbox 3333 3063 3415 3139; x_wconf 75' lang='grc' dir='ltr'><strong>τῷ</strong></span> <span class='ocrx_word' id='word_1_420' title='bbox 3444 3068 3625 3142; x_wconf 72' lang='grc' dir='ltr'><strong>ἄστρῳ</strong></span> <span class='ocrx_word' id='word_1_421' title='bbox 3649 3083 3737 3122; x_wconf 65' lang='lat' dir='ltr'><strong>con.</strong></span> 
     </span>
    </p>
   </div>
   <div class='ocr_carea' id='block_1_62' title="bbox 511 3159 2094 3237">
    <p class='ocr_par' dir='ltr' id='par_1_62' title="bbox 511 3159 2094 3237">
     <span class='ocr_line' id='line_1_62' title="bbox 511 3159 2094 3237; baseline 0.014 -28"><span class='ocrx_word' id='word_1_422' title='bbox 511 3163 663 3212; x_wconf 86' lang='lat' dir='ltr'><strong>astro</strong></span> <span class='ocrx_word' id='word_1_423' title='bbox 696 3168 814 3214; x_wconf 84' lang='lat' dir='ltr'><strong>tuo.</strong></span> <span class='ocrx_word' id='word_1_424' title='bbox 838 3159 943 3215; x_wconf 72' lang='lat' dir='ltr'><strong>Alii</strong></span> <span class='ocrx_word' id='word_1_425' title='bbox 973 3159 1166 3217; x_wconf 84' lang='lat' dir='ltr'><strong>dicunt</strong></span> <span class='ocrx_word' id='word_1_426' title='bbox 1195 3182 1211 3218; x_wconf 90' lang='lat'><strong>:</strong></span> <span class='ocrx_word' id='word_1_427' title='bbox 1237 3161 1391 3218; x_wconf 83' lang='lat' dir='ltr'><strong>Bono</strong></span> <span class='ocrx_word' id='word_1_428' title='bbox 1425 3177 1576 3224; x_wconf 78' lang='lat' dir='ltr'><strong>astro</strong></span> <span class='ocrx_word' id='word_1_429' title='bbox 1599 3177 1765 3226; x_wconf 84' lang='lat' dir='ltr'><strong>natus</strong></span> <span class='ocrx_word' id='word_1_430' title='bbox 1791 3181 1914 3237; x_wconf 82' lang='lat' dir='ltr'><strong>est;</strong></span> <span class='ocrx_word' id='word_1_431' title='bbox 1944 3172 2094 3231; x_wconf 87' lang='lat' dir='ltr'><strong>unde</strong></span> 
     </span>
    </p>
   </div>
   <div class='ocr_carea' id='block_1_63' title="bbox 513 3251 2093 3336">
    <p class='ocr_par' dir='ltr' id='par_1_63' title="bbox 513 3251 2093 3336">
     <span class='ocr_line' id='line_1_63' title="bbox 513 3251 2093 3336; baseline 0.013 -35"><span class='ocrx_word' id='word_1_432' title='bbox 513 3251 680 3305; x_wconf 89' lang='lat' dir='ltr'><strong>etiam</strong></span> <span class='ocrx_word' id='word_1_433' title='bbox 710 3251 892 3307; x_wconf 84' lang='lat' dir='ltr'><strong>omnia</strong></span> <span class='ocrx_word' id='word_1_434' title='bbox 915 3252 1091 3324; x_wconf 79' lang='lat' dir='ltr'><strong>ipsius</strong></span> <span class='ocrx_word' id='word_1_435' title='bbox 1125 3263 1274 3312; x_wconf 80' lang='lat' dir='ltr'><strong>astro</strong></span> <span class='ocrx_word' id='word_1_436' title='bbox 1303 3256 1511 3316; x_wconf 79' lang='lat' dir='ltr'><strong>favent.</strong></span> <span class='ocrx_word' id='word_1_437' title='bbox 1541 3259 1637 3316; x_wconf 71' lang='lat' dir='ltr'><strong>Vas</strong></span> <span class='ocrx_word' id='word_1_438' title='bbox 1663 3272 1846 3318; x_wconf 88' lang='lat' dir='ltr'><strong>autem</strong></span> <span class='ocrx_word' id='word_1_439' title='bbox 1898 3263 1966 3321; x_wconf 84' lang='lat' dir='ltr'><strong>iis</strong></span> <span class='ocrx_word' id='word_1_440' title='bbox 1995 3265 2093 3336; x_wconf 85' lang='lat' dir='ltr'><strong>qui</strong></span> 
     </span>
    </p>
   </div>
   <div class='ocr_carea' id='block_1_64' title="bbox 513 3342 2094 3429">
    <p class='ocr_par' dir='ltr' id='par_1_64' title="bbox 513 3342 2094 3429">
     <span class='ocr_line' id='line_1_64' title="bbox 513 3342 2094 3429; baseline 0.011 -33"><span class='ocrx_word' id='word_1_441' title='bbox 513 3342 631 3398; x_wconf 65' lang='lat' dir='ltr'><strong>haec</strong></span> <span class='ocrx_word' id='word_1_442' title='bbox 665 3342 880 3400; x_wconf 89' lang='lat' dir='ltr'><strong>dicunt.</strong></span> <span class='ocrx_word' id='word_1_443' title='bbox 914 3345 1112 3404; x_wconf 78' lang='lat' dir='ltr'><strong>Multos</strong></span> <span class='ocrx_word' id='word_1_444' title='bbox 1163 3349 1323 3408; x_wconf 87' lang='lat' dir='ltr'><strong>video</strong></span> <span class='ocrx_word' id='word_1_445' title='bbox 1351 3351 1417 3407; x_wconf 87' lang='lat' dir='ltr'><strong>ad</strong></span> <span class='ocrx_word' id='word_1_446' title='bbox 1453 3353 1622 3409; x_wconf 79' lang='lat' dir='ltr'><strong>solent</strong></span> <span class='ocrx_word' id='word_1_447' title='bbox 1658 3362 1712 3409; x_wconf 91' lang='lat' dir='ltr'><strong>et</strong></span> <span class='ocrx_word' id='word_1_448' title='bbox 1746 3354 1934 3411; x_wconf 82' lang='lat' dir='ltr'><strong>lunam</strong></span> <span class='ocrx_word' id='word_1_449' title='bbox 1965 3373 2094 3429; x_wconf 63' lang='lat' dir='ltr'><strong>pre.</strong></span> 
     </span>
    </p>
   </div>
   <div class='ocr_carea' id='block_1_65' title="bbox 511 3438 2096 3516">
    <p class='ocr_par' dir='ltr' id='par_1_65' title="bbox 511 3438 2096 3516">
     <span class='ocr_line' id='line_1_65' title="bbox 511 3438 2096 3516; baseline 0.012 -27"><span class='ocrx_word' id='word_1_450' title='bbox 511 3443 725 3500; x_wconf 76' lang='lat' dir='ltr'><strong>cantes,</strong></span> <span class='ocrx_word' id='word_1_451' title='bbox 747 3445 801 3490; x_wconf 90' lang='lat' dir='ltr'><strong>et</strong></span> <span class='ocrx_word' id='word_1_452' title='bbox 834 3438 936 3493; x_wconf 86' lang='lat' dir='ltr'><strong>soli</strong></span> <span class='ocrx_word' id='word_1_453' title='bbox 964 3439 1018 3496; x_wconf 91' lang='lat' dir='ltr'><strong>in</strong></span> <span class='ocrx_word' id='word_1_454' title='bbox 1043 3441 1161 3498; x_wconf 77' lang='lat' dir='ltr'><strong>lucc</strong></span> <span class='ocrx_word' id='word_1_455' title='bbox 1189 3443 1357 3499; x_wconf 88' lang='lat' dir='ltr'><strong>verba</strong></span> <span class='ocrx_word' id='word_1_456' title='bbox 1388 3447 1765 3516; x_wconf 83' lang='lat' dir='ltr'><strong>supplicantes</strong></span> <span class='ocrx_word' id='word_1_457' title='bbox 1791 3468 1805 3504; x_wconf 91' lang='lat'><strong>:</strong></span> <span class='ocrx_word' id='word_1_458' title='bbox 1831 3447 2096 3508; x_wconf 75' lang='lat' dir='ltr'><strong>Miserere</strong></span> 
     </span>
    </p>
   </div>
   <div class='ocr_carea' id='block_1_66' title="bbox 512 3530 2090 3611">
    <p class='ocr_par' dir='ltr' id='par_1_66' title="bbox 512 3530 2090 3611">
     <span class='ocr_line' id='line_1_66' title="bbox 512 3530 2090 3611; baseline 0.01 -27"><span class='ocrx_word' id='word_1_459' title='bbox 512 3530 642 3587; x_wconf 85' lang='lat' dir='ltr'><strong>mei.</strong></span> <span class='ocrx_word' id='word_1_460' title='bbox 663 3531 751 3587; x_wconf 78' lang='lat' dir='ltr'><strong>Vae</strong></span> <span class='ocrx_word' id='word_1_461' title='bbox 774 3539 956 3589; x_wconf 86' lang='lat' dir='ltr'><strong>autem</strong></span> <span class='ocrx_word' id='word_1_462' title='bbox 989 3534 1117 3592; x_wconf 82' lang='lat' dir='ltr'><strong>illis.</strong></span> <span class='ocrx_word' id='word_1_463' title='bbox 1141 3537 1282 3602; x_wconf 75' lang='lat' dir='ltr'><strong>Quid</strong></span> <span class='ocrx_word' id='word_1_464' title='bbox 1317 3547 1396 3603; x_wconf 91' lang='lat' dir='ltr'><strong>tu,</strong></span> <span class='ocrx_word' id='word_1_465' title='bbox 1430 3541 1620 3598; x_wconf 86' lang='lat' dir='ltr'><strong>relicto</strong></span> <span class='ocrx_word' id='word_1_466' title='bbox 1645 3541 1781 3599; x_wconf 87' lang='lat' dir='ltr'><strong>solis</strong></span> <span class='ocrx_word' id='word_1_467' title='bbox 1811 3543 2090 3611; x_wconf 75' lang='lat' dir='ltr'><strong>eﬂ‘ectore,</strong></span> 
     </span>
    </p>
   </div>
   <div class='ocr_carea' id='block_1_67' title="bbox 512 3625 2094 3709">
    <p class='ocr_par' dir='ltr' id='par_1_67' title="bbox 512 3625 2094 3709">
     <span class='ocr_line' id='line_1_67' title="bbox 512 3625 2094 3709; baseline 0.009 -28"><span class='ocrx_word' id='word_1_468' title='bbox 512 3625 683 3681; x_wconf 85' lang='lat' dir='ltr'><strong>solem</strong></span> <span class='ocrx_word' id='word_1_469' title='bbox 719 3626 961 3683; x_wconf 77' lang='lat' dir='ltr'><strong>adoras?</strong></span> <span class='ocrx_word' id='word_1_470' title='bbox 993 3643 1096 3685; x_wconf 88' lang='lat' dir='ltr'><strong>non</strong></span> <span class='ocrx_word' id='word_1_471' title='bbox 1127 3641 1344 3703; x_wconf 83' lang='lat' dir='ltr'><strong>oportet</strong></span> <span class='ocrx_word' id='word_1_472' title='bbox 1379 3633 1588 3691; x_wconf 81' lang='lat' dir='ltr'><strong>servire</strong></span> <span class='ocrx_word' id='word_1_473' title='bbox 1617 3643 1886 3693; x_wconf 70' lang='lat' dir='ltr'><strong>creatura:</strong></span> <span class='ocrx_word' id='word_1_474' title='bbox 1909 3637 2094 3709; x_wconf 81' lang='lat' dir='ltr'><strong>potius</strong></span> 
     </span>
    </p>
   </div>
   <div class='ocr_carea' id='block_1_68' title="bbox 510 3717 2095 3797">
    <p class='ocr_par' dir='ltr' id='par_1_68' title="bbox 510 3717 2095 3797">
     <span class='ocr_line' id='line_1_68' title="bbox 510 3717 2095 3797; baseline 0.012 -27"><span class='ocrx_word' id='word_1_475' title='bbox 510 3731 676 3788; x_wconf 83' lang='lat' dir='ltr'><strong>quam</strong></span> <span class='ocrx_word' id='word_1_476' title='bbox 737 3717 1008 3778; x_wconf 83' lang='lat' dir='ltr'><strong>Creatori.</strong></span> <span class='ocrx_word' id='word_1_477' title='bbox 1047 3721 1324 3797; x_wconf 85' lang='lat' dir='ltr'><strong>Scriptum</strong></span> <span class='ocrx_word' id='word_1_478' title='bbox 1373 3734 1462 3783; x_wconf 86' lang='lat' dir='ltr'><strong>est</strong></span> <span class='ocrx_word' id='word_1_479' title='bbox 1517 3728 1665 3783; x_wconf 90' lang='lat' dir='ltr'><strong>enim</strong></span> <span class='ocrx_word' id='word_1_480' title='bbox 1712 3747 1728 3786; x_wconf 86' lang='lat'>:</span> <span class='ocrx_word' id='word_1_481' title='bbox 1772 3729 2095 3789; x_wconf 84' lang='lat' dir='ltr'><strong>Maledictus</strong></span> 
     </span>
    </p>
   </div>
   <div class='ocr_carea' id='block_1_69' title="bbox 513 3810 2095 3889">
    <p class='ocr_par' dir='ltr' id='par_1_69' title="bbox 513 3810 2095 3889">
     <span class='ocr_line' id='line_1_69' title="bbox 513 3810 2095 3889; baseline 0.012 -27"><span class='ocrx_word' id='word_1_482' title='bbox 513 3810 696 3866; x_wconf 79' lang='lat' dir='ltr'><strong>omnia</strong></span> <span class='ocrx_word' id='word_1_483' title='bbox 733 3811 828 3882; x_wconf 91' lang='lat' dir='ltr'><strong>qui</strong></span> <span class='ocrx_word' id='word_1_484' title='bbox 871 3811 1066 3868; x_wconf 85' lang='lat' dir='ltr'><strong>adorat</strong></span> <span class='ocrx_word' id='word_1_485' title='bbox 1105 3815 1300 3886; x_wconf 90' lang='lat' dir='ltr'><strong>solem,</strong></span> <span class='ocrx_word' id='word_1_486' title='bbox 1348 3827 1404 3875; x_wconf 90' lang='lat' dir='ltr'><strong>ct</strong></span> <span class='ocrx_word' id='word_1_487' title='bbox 1449 3818 1660 3888; x_wconf 90' lang='lat' dir='ltr'><strong>lunam,</strong></span> <span class='ocrx_word' id='word_1_488' title='bbox 1710 3829 1765 3878; x_wconf 90' lang='lat' dir='ltr'><strong>et</strong></span> <span class='ocrx_word' id='word_1_489' title='bbox 1799 3823 2009 3889; x_wconf 83' lang='lat' dir='ltr'><strong>stellas,</strong></span> <span class='ocrx_word' id='word_1_490' title='bbox 2039 3832 2095 3880; x_wconf 87' lang='lat' dir='ltr'><strong>et</strong></span> 
     </span>
    </p>
   </div>
   <div class='ocr_carea' id='block_1_70' title="bbox 511 3900 2093 3981">
    <p class='ocr_par' dir='ltr' id='par_1_70' title="bbox 511 3900 2093 3981">
     <span class='ocr_line' id='line_1_70' title="bbox 511 3900 2093 3981; baseline 0.012 -26"><span class='ocrx_word' id='word_1_491' title='bbox 511 3900 784 3974; x_wconf 86' lang='lat' dir='ltr'><strong>quidquid</strong></span> <span class='ocrx_word' id='word_1_492' title='bbox 807 3904 957 3959; x_wconf 85' lang='lat' dir='ltr'><strong>aliud</strong></span> <span class='ocrx_word' id='word_1_493' title='bbox 985 3905 1256 3964; x_wconf 75' lang='lat' dir='ltr'><strong>factitium</strong></span> <span class='ocrx_word' id='word_1_494' title='bbox 1280 3918 1384 3976; x_wconf 89' lang='lat' dir='ltr'><strong>est,</strong></span> <span class='ocrx_word' id='word_1_495' title='bbox 1414 3911 1556 3966; x_wconf 89' lang='lat' dir='ltr'><strong>ultra</strong></span> <span class='ocrx_word' id='word_1_496' title='bbox 1591 3912 1881 3970; x_wconf 79' lang='lat' dir='ltr'><strong>factorem.</strong></span> <span class='ocrx_word' id='word_1_497' title='bbox 1913 3914 2093 3981; x_wconf 73' lang='lat' dir='ltr'><strong>Multi.</strong></span> 
     </span>
    </p>
   </div>
   <div class='ocr_carea' id='block_1_71' title="bbox 513 3993 2098 4069">
    <p class='ocr_par' dir='ltr' id='par_1_71' title="bbox 513 3993 2098 4069">
     <span class='ocr_line' id='line_1_71' title="bbox 513 3993 2098 4069; baseline 0.013 -22"><span class='ocrx_word' id='word_1_498' title='bbox 513 3993 617 4049; x_wconf 88' lang='lat' dir='ltr'><strong>hoe</strong></span> <span class='ocrx_word' id='word_1_499' title='bbox 654 3995 764 4051; x_wconf 88' lang='lat' dir='ltr'><strong>sibi</strong></span> <span class='ocrx_word' id='word_1_500' title='bbox 802 3997 988 4055; x_wconf 86' lang='lat' dir='ltr'><strong>animo</strong></span> <span class='ocrx_word' id='word_1_501' title='bbox 1018 3998 1304 4069; x_wconf 82' lang='lat' dir='ltr'><strong>ﬁngentes,</strong></span> <span class='ocrx_word' id='word_1_502' title='bbox 1351 4003 1506 4059; x_wconf 84' lang='lat' dir='ltr'><strong>aiunt</strong></span> <span class='ocrx_word' id='word_1_503' title='bbox 1544 4005 1731 4060; x_wconf 88' lang='lat' dir='ltr'><strong>lunam</strong></span> <span class='ocrx_word' id='word_1_504' title='bbox 1762 4022 1794 4063; x_wconf 88' lang='lat' dir='ltr'><strong>e</strong></span> <span class='ocrx_word' id='word_1_505' title='bbox 1821 4008 1964 4065; x_wconf 74' lang='lat' dir='ltr'><strong>cmlo</strong></span> <span class='ocrx_word' id='word_1_506' title='bbox 1999 4009 2098 4066; x_wconf 86' lang='lat' dir='ltr'><strong>de-</strong></span> 
     </span>
    </p>
   </div>
   <div class='ocr_carea' id='block_1_72' title="bbox 514 4088 2093 4167">
    <p class='ocr_par' dir='ltr' id='par_1_72' title="bbox 514 4088 2093 4167">
     <span class='ocr_line' id='line_1_72' title="bbox 514 4088 2093 4167; baseline 0.01 -23"><span class='ocrx_word' id='word_1_507' title='bbox 514 4088 802 4146; x_wconf 86' lang='lat' dir='ltr'><strong>scendere.</strong></span> <span class='ocrx_word' id='word_1_508' title='bbox 851 4091 988 4147; x_wconf 88' lang='lat' dir='ltr'><strong>Cum</strong></span> <span class='ocrx_word' id='word_1_509' title='bbox 1039 4109 1161 4150; x_wconf 86' lang='lat' dir='ltr'><strong>sese</strong></span> <span class='ocrx_word' id='word_1_510' title='bbox 1215 4096 1585 4167; x_wconf 71' lang='lat' dir='ltr'><strong>praestigiator</strong></span> <span class='ocrx_word' id='word_1_511' title='bbox 1641 4109 1918 4166; x_wconf 83' lang='lat' dir='ltr'><strong>cruentat,</strong></span> <span class='ocrx_word' id='word_1_512' title='bbox 1971 4117 2093 4159; x_wconf 86' lang='lat' dir='ltr'><strong>eam</strong></span> 
     </span>
    </p>
   </div>
   <div class='ocr_carea' id='block_1_73' title="bbox 512 4183 2092 4264">
    <p class='ocr_par' dir='ltr' id='par_1_73' title="bbox 512 4183 2092 4264">
     <span class='ocr_line' id='line_1_73' title="bbox 512 4183 2092 4264; baseline 0.011 -28"><span class='ocrx_word' id='word_1_513' title='bbox 512 4183 656 4238; x_wconf 64' lang='lat' dir='ltr'><strong>caelo</strong></span> <span class='ocrx_word' id='word_1_514' title='bbox 681 4183 928 4252; x_wconf 86' lang='lat' dir='ltr'><strong>deducit,</strong></span> <span class='ocrx_word' id='word_1_515' title='bbox 962 4187 1244 4259; x_wconf 84' lang='lat' dir='ltr'><strong>inquiunt.</strong></span> <span class='ocrx_word' id='word_1_516' title='bbox 1285 4187 1379 4247; x_wconf 70' lang='lat' dir='ltr'><strong>Vae</strong></span> <span class='ocrx_word' id='word_1_517' title='bbox 1410 4190 1524 4248; x_wconf 86' lang='lat' dir='ltr'><strong>illis</strong></span> <span class='ocrx_word' id='word_1_518' title='bbox 1579 4194 1673 4264; x_wconf 91' lang='lat' dir='ltr'><strong>qui</strong></span> <span class='ocrx_word' id='word_1_519' title='bbox 1723 4195 1841 4252; x_wconf 68' lang='lat' dir='ltr'><strong>haec</strong></span> <span class='ocrx_word' id='word_1_520' title='bbox 1873 4196 2092 4253; x_wconf 88' lang='lat' dir='ltr'><strong>dicunt.</strong></span> 
     </span>
    </p>
   </div>
   <div class='ocr_carea' id='block_1_74' title="bbox 513 4275 2096 4354">
    <p class='ocr_par' dir='ltr' id='par_1_74' title="bbox 513 4275 2096 4354">
     <span class='ocr_line' id='line_1_74' title="bbox 513 4275 2096 4354; baseline 0.012 -26"><span class='ocrx_word' id='word_1_521' title='bbox 513 4275 652 4342; x_wconf 79' lang='lat' dir='ltr'><strong>Quis</strong></span> <span class='ocrx_word' id='word_1_522' title='bbox 681 4275 809 4334; x_wconf 89' lang='lat' dir='ltr'><strong>ullis</strong></span> <span class='ocrx_word' id='word_1_523' title='bbox 838 4280 1130 4351; x_wconf 79' lang='lat' dir='ltr'><strong>praestigiis</strong></span> <span class='ocrx_word' id='word_1_524' title='bbox 1189 4281 1244 4336; x_wconf 94' lang='lat' dir='ltr'><strong>in</strong></span> <span class='ocrx_word' id='word_1_525' title='bbox 1281 4283 1484 4338; x_wconf 79' lang='lat' dir='ltr'><strong>ccelum</strong></span> <span class='ocrx_word' id='word_1_526' title='bbox 1519 4285 1700 4354; x_wconf 90' lang='lat' dir='ltr'><strong>potuit</strong></span> <span class='ocrx_word' id='word_1_527' title='bbox 1753 4289 2096 4346; x_wconf 74' lang='lat' dir='ltr'><strong>ascendere?</strong></span> 
     </span>
    </p>
   </div>
   <div class='ocr_carea' id='block_1_75' title="bbox 512 4366 2094 4448">
    <p class='ocr_par' dir='ltr' id='par_1_75' title="bbox 512 4366 2094 4448">
     <span class='ocr_line' id='line_1_75' title="bbox 512 4366 2094 4448; baseline 0.013 -29"><span class='ocrx_word' id='word_1_528' title='bbox 512 4366 687 4422; x_wconf 87' lang='lat' dir='ltr'><strong>voluit</strong></span> <span class='ocrx_word' id='word_1_529' title='bbox 727 4367 778 4423; x_wconf 88' lang='lat' dir='ltr'><strong>id</strong></span> <span class='ocrx_word' id='word_1_530' title='bbox 813 4370 1033 4439; x_wconf 82' lang='lat' dir='ltr'><strong>quidem</strong></span> <span class='ocrx_word' id='word_1_531' title='bbox 1075 4371 1266 4428; x_wconf 88' lang='lat' dir='ltr'><strong>Simon</strong></span> <span class='ocrx_word' id='word_1_532' title='bbox 1309 4373 1500 4448; x_wconf 81' lang='lat' dir='ltr'><strong>Magus</strong></span> <span class='ocrx_word' id='word_1_533' title='bbox 1534 4395 1550 4432; x_wconf 90' lang='lat'><strong>:</strong></span> <span class='ocrx_word' id='word_1_534' title='bbox 1583 4378 1679 4434; x_wconf 88' lang='lat' dir='ltr'><strong>sed</strong></span> <span class='ocrx_word' id='word_1_535' title='bbox 1711 4378 1937 4447; x_wconf 88' lang='lat' dir='ltr'><strong>cadens,</strong></span> <span class='ocrx_word' id='word_1_536' title='bbox 1965 4397 2094 4438; x_wconf 86' lang='lat' dir='ltr'><strong>cor-</strong></span> 
     </span>
    </p>
   </div>
   <div class='ocr_carea' id='block_1_76' title="bbox 2200 3155 3743 3234">
    <p class='ocr_par' dir='ltr' id='par_1_76' title="bbox 2200 3155 3743 3234">
     <span class='ocr_line' id='line_1_76' title="bbox 2200 3155 3743 3234; baseline 0 -20"><span class='ocrx_word' id='word_1_537' title='bbox 2200 3158 2389 3214; x_wconf 83' lang='grc' dir='ltr'><strong>’Λλλοι</strong></span> <span class='ocrx_word' id='word_1_538' title='bbox 2440 3155 2729 3231; x_wconf 72' lang='grc' dir='ltr'><strong>λέγουσιντ</strong></span> <span class='ocrx_word' id='word_1_539' title='bbox 2771 3158 2956 3215; x_wconf 77' lang='grc' dir='ltr'><strong>Καλοῦ</strong></span> <span class='ocrx_word' id='word_1_540' title='bbox 2993 3158 3196 3234; x_wconf 75' lang='grc' dir='ltr'><strong>ἄστρου</strong></span> <span class='ocrx_word' id='word_1_541' title='bbox 3237 3159 3540 3232; x_wconf 70' lang='grc' dir='ltr'><strong>ἐγεννήθη,</strong></span> <span class='ocrx_word' id='word_1_542' title='bbox 3569 3159 3643 3216; x_wconf 83' lang='grc' dir='ltr'><strong>διδ</strong></span> <span class='ocrx_word' id='word_1_543' title='bbox 3674 3160 3743 3214; x_wconf 74' lang='grc' dir='ltr'><strong>κει</strong></span> 
     </span>
    </p>
   </div>
   <div class='ocr_carea' id='block_1_77' title="bbox 2199 3250 3742 3325">
    <p class='ocr_par' dir='ltr' id='par_1_77' title="bbox 2199 3250 3742 3325">
     <span class='ocr_line' id='line_1_77' title="bbox 2199 3250 3742 3325; baseline -0.001 -19"><span class='ocrx_word' id='word_1_544' title='bbox 2199 3254 2491 3324; x_wconf 83' lang='grc' dir='ltr'><strong>συναστρεῖ</strong></span> <span class='ocrx_word' id='word_1_545' title='bbox 2518 3251 2668 3325; x_wconf 79' lang='grc' dir='ltr'><strong>αὺτῷ</strong></span> <span class='ocrx_word' id='word_1_546' title='bbox 2704 3252 2773 3307; x_wconf 80' lang='grc' dir='ltr'><strong>τὰ</strong></span> <span class='ocrx_word' id='word_1_547' title='bbox 2803 3252 3008 3310; x_wconf 80' lang='grc' dir='ltr'><strong>πάντα.</strong></span> <span class='ocrx_word' id='word_1_548' title='bbox 3049 3252 3162 3308; x_wconf 78' lang='grc' dir='ltr'><strong>Καὶ</strong></span> <span class='ocrx_word' id='word_1_549' title='bbox 3200 3252 3327 3308; x_wconf 74' lang='grc' dir='ltr'><strong>οὐαὶ</strong></span> <span class='ocrx_word' id='word_1_550' title='bbox 3354 3254 3470 3318; x_wconf 82' lang='grc' dir='ltr'><strong>τοῖς</strong></span> <span class='ocrx_word' id='word_1_551' title='bbox 3504 3251 3637 3308; x_wconf 67' lang='grc' dir='ltr'><strong>αὐτὰ</strong></span> <span class='ocrx_word' id='word_1_552' title='bbox 3672 3250 3742 3305; x_wconf 77' lang='grc' dir='ltr'><strong>λί-</strong></span> 
     </span>
    </p>
   </div>
   <div class='ocr_carea' id='block_1_78' title="bbox 2195 3340 3744 3418">
    <p class='ocr_par' dir='ltr' id='par_1_78' title="bbox 2195 3340 3744 3418">
     <span class='ocr_line' id='line_1_78' title="bbox 2195 3340 3744 3418; baseline -0.001 -19"><span class='ocrx_word' id='word_1_553' title='bbox 2195 3361 2377 3414; x_wconf 86' lang='grc' dir='ltr'><strong>γουσι.</strong></span> <span class='ocrx_word' id='word_1_554' title='bbox 2428 3344 2666 3410; x_wconf 77' lang='grc' dir='ltr'><strong>Πολλοὺς</strong></span> <span class='ocrx_word' id='word_1_555' title='bbox 2691 3340 2812 3402; x_wconf 72' lang='grc' dir='ltr'><strong>οῖδα</strong></span> <span class='ocrx_word' id='word_1_556' title='bbox 2856 3344 3192 3418; x_wconf 72' lang='grc' dir='ltr'><strong>εὐχομένους</strong></span> <span class='ocrx_word' id='word_1_557' title='bbox 3224 3347 3307 3410; x_wconf 71' lang='grc' dir='ltr'><strong>εἰς</strong></span> <span class='ocrx_word' id='word_1_558' title='bbox 3333 3347 3431 3399; x_wconf 79' lang='grc' dir='ltr'><strong>τὸν</strong></span> <span class='ocrx_word' id='word_1_559' title='bbox 3467 3345 3635 3418; x_wconf 69' lang='grc' dir='ltr'><strong>ἥλιον,</strong></span> <span class='ocrx_word' id='word_1_560' title='bbox 3672 3345 3744 3400; x_wconf 72' lang='grc' dir='ltr'><strong>καὶ</strong></span> 
     </span>
    </p>
   </div>
   <div class='ocr_carea' id='block_1_79' title="bbox 2193 3435 3744 3511">
    <p class='ocr_par' dir='ltr' id='par_1_79' title="bbox 2193 3435 3744 3511">
     <span class='ocr_line' id='line_1_79' title="bbox 2193 3435 3744 3511; baseline -0.001 -20"><span class='ocrx_word' id='word_1_561' title='bbox 2193 3435 2293 3510; x_wconf 73' lang='grc' dir='ltr'><strong>τὴν</strong></span> <span class='ocrx_word' id='word_1_562' title='bbox 2326 3436 2580 3511; x_wconf 75' lang='grc' dir='ltr'><strong>σελήνην,</strong></span> <span class='ocrx_word' id='word_1_563' title='bbox 2622 3435 2715 3494; x_wconf 69' lang='grc' dir='ltr'><strong>καὶ</strong></span> <span class='ocrx_word' id='word_1_564' title='bbox 2740 3438 2955 3492; x_wconf 76' lang='grc' dir='ltr'><strong>ἱκεσίαν</strong></span> <span class='ocrx_word' id='word_1_565' title='bbox 3002 3437 3382 3510; x_wconf 82' lang='grc' dir='ltr'><strong>προσφέρουσι</strong></span> <span class='ocrx_word' id='word_1_566' title='bbox 3411 3436 3491 3510; x_wconf 80' lang='grc' dir='ltr'><strong>τῷ</strong></span> <span class='ocrx_word' id='word_1_567' title='bbox 3519 3437 3647 3509; x_wconf 67' lang='grc' dir='ltr'><strong>ἡλίῳ</strong></span> <span class='ocrx_word' id='word_1_568' title='bbox 3679 3435 3744 3490; x_wconf 69' lang='lat' dir='ltr'><strong>ii-</strong></span> 
     </span>
    </p>
   </div>
   <div class='ocr_carea' id='block_1_80' title="bbox 2194 3527 3746 3604">
    <p class='ocr_par' dir='ltr' id='par_1_80' title="bbox 2194 3527 3746 3604">
     <span class='ocr_line' id='line_1_80' title="bbox 2194 3527 3746 3604; baseline -0.003 -18"><span class='ocrx_word' id='word_1_569' title='bbox 2194 3547 2407 3599; x_wconf 85' lang='grc' dir='ltr'><strong>γοντες,</strong></span> <span class='ocrx_word' id='word_1_570' title='bbox 2444 3529 2700 3603; x_wconf 76' lang='grc' dir='ltr'><strong>Ἐλέησόν</strong></span> <span class='ocrx_word' id='word_1_571' title='bbox 2721 3548 2792 3604; x_wconf 82' lang='grc' dir='ltr'><strong>με</strong></span> <span class='ocrx_word' id='word_1_572' title='bbox 2815 3547 2832 3562; x_wconf 74' lang='grc' dir='ltr'><strong>ο</strong></span> <span class='ocrx_word' id='word_1_573' title='bbox 2850 3531 2948 3586; x_wconf 72' lang='grc' dir='ltr'><strong>καὶ</strong></span> <span class='ocrx_word' id='word_1_574' title='bbox 2977 3530 3100 3587; x_wconf 64' lang='grc' dir='ltr'><strong>οὐαὶ</strong></span> <span class='ocrx_word' id='word_1_575' title='bbox 3123 3529 3355 3594; x_wconf 76' lang='grc' dir='ltr'><strong>τούτοις.</strong></span> <span class='ocrx_word' id='word_1_576' title='bbox 3383 3529 3453 3585; x_wconf 85' lang='grc' dir='ltr'><strong>τί</strong></span> <span class='ocrx_word' id='word_1_577' title='bbox 3474 3527 3649 3602; x_wconf 73' lang='grc' dir='ltr'><strong>ἀφιεὶς</strong></span> <span class='ocrx_word' id='word_1_578' title='bbox 3675 3528 3746 3584; x_wconf 71' lang='grc' dir='ltr'><strong>τὸν</strong></span> 
     </span>
    </p>
   </div>
   <div class='ocr_carea' id='block_1_81' title="bbox 2196 3617 3745 3695">
    <p class='ocr_par' dir='ltr' id='par_1_81' title="bbox 2196 3617 3745 3695">
     <span class='ocr_line' id='line_1_81' title="bbox 2196 3617 3745 3695; baseline -0.003 -20"><span class='ocrx_word' id='word_1_579' title='bbox 2196 3621 2428 3694; x_wconf 76' lang='grc' dir='ltr'><strong>ποιητὴν</strong></span> <span class='ocrx_word' id='word_1_580' title='bbox 2482 3620 2581 3678; x_wconf 77' lang='grc' dir='ltr'><strong>τοῦ</strong></span> <span class='ocrx_word' id='word_1_581' title='bbox 2614 3621 2795 3693; x_wconf 80' lang='grc' dir='ltr'><strong>ἡλίου,</strong></span> <span class='ocrx_word' id='word_1_582' title='bbox 2839 3622 2934 3677; x_wconf 82' lang='grc' dir='ltr'><strong>τὸν</strong></span> <span class='ocrx_word' id='word_1_583' title='bbox 2975 3621 3130 3693; x_wconf 72' lang='grc' dir='ltr'><strong>ἣλιον</strong></span> <span class='ocrx_word' id='word_1_584' title='bbox 3185 3623 3562 3695; x_wconf 74' lang='grc' dir='ltr'><strong>προσκυνεῖς;</strong></span> <span class='ocrx_word' id='word_1_585' title='bbox 3598 3617 3745 3676; x_wconf 71' lang='grc' dir='ltr'><strong>οὔδεϊ</strong></span> 
     </span>
    </p>
   </div>
   <div class='ocr_carea' id='block_1_82' title="bbox 2194 3709 3742 3788">
    <p class='ocr_par' dir='ltr' id='par_1_82' title="bbox 2194 3709 3742 3788">
     <span class='ocr_line' id='line_1_82' title="bbox 2194 3709 3742 3788; baseline -0.002 -21"><span class='ocrx_word' id='word_1_586' title='bbox 2194 3712 2479 3788; x_wconf 78' lang='grc' dir='ltr'><strong>λατρεύειν</strong></span> <span class='ocrx_word' id='word_1_587' title='bbox 2499 3716 2567 3788; x_wconf 73' lang='grc' dir='ltr'><strong>τῇ</strong></span> <span class='ocrx_word' id='word_1_588' title='bbox 2600 3713 2779 3769; x_wconf 80' lang='grc' dir='ltr'><strong>κτίσει</strong></span> <span class='ocrx_word' id='word_1_589' title='bbox 2810 3711 2962 3788; x_wconf 66' lang='grc' dir='ltr'><strong>παρὰ</strong></span> <span class='ocrx_word' id='word_1_590' title='bbox 3001 3713 3092 3768; x_wconf 75' lang='grc' dir='ltr'><strong>τὸν</strong></span> <span class='ocrx_word' id='word_1_591' title='bbox 3126 3709 3434 3770; x_wconf 70' lang='grc' dir='ltr'><strong>κτίσαντα.</strong></span> <span class='ocrx_word' id='word_1_592' title='bbox 3466 3713 3742 3786; x_wconf 68' lang='grc' dir='ltr'><strong>Γέγραπται</strong></span> 
     </span>
    </p>
   </div>
   <div class='ocr_carea' id='block_1_83' title="bbox 2194 3803 3741 3880">
    <p class='ocr_par' dir='ltr' id='par_1_83' title="bbox 2194 3803 3741 3880">
     <span class='ocr_line' id='line_1_83' title="bbox 2194 3803 3741 3880; baseline -0.005 -18"><span class='ocrx_word' id='word_1_593' title='bbox 2194 3806 2303 3880; x_wconf 73' lang='grc' dir='ltr'><strong>γάρ</strong></span> <span class='ocrx_word' id='word_1_594' title='bbox 2320 3822 2338 3839; x_wconf 86' lang='grc'><strong>·</strong></span> <span class='ocrx_word' id='word_1_595' title='bbox 2384 3806 2824 3879; x_wconf 72' lang='grc' dir='ltr'><strong>Ἐπικατάρατος</strong></span> <span class='ocrx_word' id='word_1_596' title='bbox 2855 3806 2965 3871; x_wconf 74' lang='grc' dir='ltr'><strong>πᾶς</strong></span> <span class='ocrx_word' id='word_1_597' title='bbox 2992 3804 3322 3879; x_wconf 75' lang='grc' dir='ltr'><strong>προσκυνῶν</strong></span> <span class='ocrx_word' id='word_1_598' title='bbox 3349 3806 3450 3860; x_wconf 76' lang='grc' dir='ltr'><strong>τὸν</strong></span> <span class='ocrx_word' id='word_1_599' title='bbox 3472 3806 3642 3877; x_wconf 73' lang='grc' dir='ltr'><strong>ἥλιον,</strong></span> <span class='ocrx_word' id='word_1_600' title='bbox 3667 3803 3741 3857; x_wconf 70' lang='lat' dir='ltr'><strong>ut</strong></span> 
     </span>
    </p>
   </div>
   <div class='ocr_carea' id='block_1_84' title="bbox 2193 3897 3742 3972">
    <p class='ocr_par' dir='ltr' id='par_1_84' title="bbox 2193 3897 3742 3972">
     <span class='ocr_line' id='line_1_84' title="bbox 2193 3897 3742 3972; baseline -0.001 -17"><span class='ocrx_word' id='word_1_601' title='bbox 2193 3901 2295 3964; x_wconf 74' lang='grc' dir='ltr'><strong>τὴν</strong></span> <span class='ocrx_word' id='word_1_602' title='bbox 2347 3899 2601 3972; x_wconf 79' lang='grc' dir='ltr'><strong>σελήνην,</strong></span> <span class='ocrx_word' id='word_1_603' title='bbox 2651 3899 2748 3956; x_wconf 67' lang='lat' dir='ltr'><strong>ut</strong></span> <span class='ocrx_word' id='word_1_604' title='bbox 2788 3901 2920 3966; x_wconf 75' lang='grc' dir='ltr'><strong>τοὺς</strong></span> <span class='ocrx_word' id='word_1_605' title='bbox 2962 3899 3203 3972; x_wconf 70' lang='grc' dir='ltr'><strong>ἀστέρας</strong></span> <span class='ocrx_word' id='word_1_606' title='bbox 3226 3938 3245 3965; x_wconf 90' lang='grc'><strong>,</strong></span> <span class='ocrx_word' id='word_1_607' title='bbox 3281 3899 3381 3954; x_wconf 73' lang='grc' dir='ltr'><strong>καὶ</strong></span> <span class='ocrx_word' id='word_1_608' title='bbox 3419 3900 3475 3956; x_wconf 80' lang='grc' dir='ltr'><strong>εί</strong></span> <span class='ocrx_word' id='word_1_609' title='bbox 3501 3916 3552 3955; x_wconf 91' lang='grc' dir='ltr'><strong>τι</strong></span> <span class='ocrx_word' id='word_1_610' title='bbox 3587 3897 3742 3971; x_wconf 66' lang='grc' dir='ltr'><strong>ἓτερον</strong></span> 
     </span>
    </p>
   </div>
   <div class='ocr_carea' id='block_1_85' title="bbox 2195 3991 3741 4068">
    <p class='ocr_par' dir='ltr' id='par_1_85' title="bbox 2195 3991 3741 4068">
     <span class='ocr_line' id='line_1_85' title="bbox 2195 3991 3741 4068; baseline -0.004 -19"><span class='ocrx_word' id='word_1_611' title='bbox 2195 3992 2408 4066; x_wconf 78' lang='grc' dir='ltr'><strong>ποίημα</strong></span> <span class='ocrx_word' id='word_1_612' title='bbox 2457 3992 2614 4068; x_wconf 79' lang='grc' dir='ltr'><strong>παρὰ</strong></span> <span class='ocrx_word' id='word_1_613' title='bbox 2657 3991 2751 4049; x_wconf 72' lang='grc' dir='ltr'><strong>τὸν</strong></span> <span class='ocrx_word' id='word_1_614' title='bbox 2815 3994 3074 4066; x_wconf 67' lang='grc' dir='ltr'><strong>ποιητήν.</strong></span> <span class='ocrx_word' id='word_1_615' title='bbox 3121 3991 3317 4048; x_wconf 79' lang='grc' dir='ltr'><strong>Πολλοὶ</strong></span> <span class='ocrx_word' id='word_1_616' title='bbox 3383 3992 3741 4066; x_wconf 73' lang='grc' dir='ltr'><strong>φανταζόμενοι</strong></span> 
     </span>
    </p>
   </div>
   <div class='ocr_carea' id='block_1_86' title="bbox 2193 4081 3742 4160">
    <p class='ocr_par' dir='ltr' id='par_1_86' title="bbox 2193 4081 3742 4160">
     <span class='ocr_line' id='line_1_86' title="bbox 2193 4081 3742 4160; baseline 0 -22"><span class='ocrx_word' id='word_1_617' title='bbox 2193 4085 2411 4156; x_wconf 78' lang='grc' dir='ltr'><strong>λέγουσι</strong></span> <span class='ocrx_word' id='word_1_618' title='bbox 2432 4085 2532 4160; x_wconf 81' lang='grc' dir='ltr'><strong>τὴν</strong></span> <span class='ocrx_word' id='word_1_619' title='bbox 2555 4085 2784 4158; x_wconf 79' lang='grc' dir='ltr'><strong>σελήνην</strong></span> <span class='ocrx_word' id='word_1_620' title='bbox 2803 4081 3399 4160; x_wconf 75' lang='grc' dir='ltr'><strong>κατέρχεσθαι.”οταν,</strong></span> <span class='ocrx_word' id='word_1_621' title='bbox 3419 4085 3602 4156; x_wconf 72' lang='grc' dir='ltr'><strong>φασιν,</strong></span> <span class='ocrx_word' id='word_1_622' title='bbox 3625 4082 3742 4152; x_wconf 74' lang='grc' dir='ltr'><strong>ἔξει·</strong></span> 
     </span>
    </p>
   </div>
   <div class='ocr_carea' id='block_1_87' title="bbox 2199 4174 3742 4251">
    <p class='ocr_par' dir='ltr' id='par_1_87' title="bbox 2199 4174 3742 4251">
     <span class='ocr_line' id='line_1_87' title="bbox 2199 4174 3742 4251; baseline -0.004 -18"><span class='ocrx_word' id='word_1_623' title='bbox 2199 4178 2468 4250; x_wconf 82' lang='grc' dir='ltr'><strong>ματοῦται</strong></span> <span class='ocrx_word' id='word_1_624' title='bbox 2507 4177 2794 4251; x_wconf 78' lang='grc' dir='ltr'><strong>ἄνθρωπος</strong></span> <span class='ocrx_word' id='word_1_625' title='bbox 2846 4177 3297 4250; x_wconf 77' lang='grc' dir='ltr'><strong>καταγοητεύσας</strong></span> <span class='ocrx_word' id='word_1_626' title='bbox 3324 4177 3502 4249; x_wconf 72' lang='grc' dir='ltr'><strong>αὐτὴν</strong></span> <span class='ocrx_word' id='word_1_627' title='bbox 3539 4174 3742 4245; x_wconf 72' lang='grc' dir='ltr'><strong>καταφέ-</strong></span> 
     </span>
    </p>
   </div>
   <div class='ocr_carea' id='block_1_88' title="bbox 2197 4266 3741 4344">
    <p class='ocr_par' dir='ltr' id='par_1_88' title="bbox 2197 4266 3741 4344">
     <span class='ocr_line' id='line_1_88' title="bbox 2197 4266 3741 4344; baseline -0.003 -20"><span class='ocrx_word' id='word_1_628' title='bbox 2197 4287 2303 4344; x_wconf 79' lang='grc' dir='ltr'><strong>ρει.</strong></span> <span class='ocrx_word' id='word_1_629' title='bbox 2348 4269 2460 4326; x_wconf 74' lang='grc' dir='ltr'><strong>Καὶ</strong></span> <span class='ocrx_word' id='word_1_630' title='bbox 2494 4269 2619 4325; x_wconf 71' lang='grc' dir='ltr'><strong>οὐαὶ</strong></span> <span class='ocrx_word' id='word_1_631' title='bbox 2671 4270 2787 4335; x_wconf 74' lang='grc' dir='ltr'><strong>τοῖς</strong></span> <span class='ocrx_word' id='word_1_632' title='bbox 2832 4266 3010 4325; x_wconf 81' lang='grc' dir='ltr'><strong>ταῦτα</strong></span> <span class='ocrx_word' id='word_1_633' title='bbox 3060 4270 3336 4342; x_wconf 79' lang='grc' dir='ltr'><strong>λέγουσιν.</strong></span> <span class='ocrx_word' id='word_1_634' title='bbox 3391 4271 3491 4338; x_wconf 85' lang='grc' dir='ltr'><strong>Τίς</strong></span> <span class='ocrx_word' id='word_1_635' title='bbox 3539 4267 3741 4342; x_wconf 67' lang='grc' dir='ltr'><strong>ἠδυνήθη</strong></span> 
     </span>
    </p>
   </div>
   <div class='ocr_carea' id='block_1_89' title="bbox 2192 4359 3738 4435">
    <p class='ocr_par' dir='ltr' id='par_1_89' title="bbox 2192 4359 3738 4435">
     <span class='ocr_line' id='line_1_89' title="bbox 2192 4359 3738 4435; baseline 0 -20"><span class='ocrx_word' id='word_1_636' title='bbox 2192 4361 2645 4434; x_wconf 83' lang='grc' dir='ltr'><strong>καταγοητεύσας</strong></span> <span class='ocrx_word' id='word_1_637' title='bbox 2687 4359 3004 4416; x_wconf 74' lang='grc' dir='ltr'><strong>ἁναδαίνειν</strong></span> <span class='ocrx_word' id='word_1_638' title='bbox 3052 4362 3134 4426; x_wconf 86' lang='grc' dir='ltr'><strong>είς</strong></span> <span class='ocrx_word' id='word_1_639' title='bbox 3178 4362 3452 4435; x_wconf 82' lang='grc' dir='ltr'><strong>ούρανὸν;</strong></span> <span class='ocrx_word' id='word_1_640' title='bbox 3500 4360 3738 4434; x_wconf 76' lang='grc' dir='ltr'><strong>ἡδουλήθη</strong></span> 
     </span>
    </p>
   </div>
   <div class='ocr_carea' id='block_1_90' title="bbox 513 4453 2093 4540">
    <p class='ocr_par' dir='ltr' id='par_1_90' title="bbox 513 4459 2089 4540">
     <span class='ocr_line' id='line_1_90' title="bbox 513 4459 2089 4540; baseline 0.01 -28"><span class='ocrx_word' id='word_1_641' title='bbox 513 4473 646 4529; x_wconf 87' lang='lat' dir='ltr'><strong>pore</strong></span> <span class='ocrx_word' id='word_1_642' title='bbox 680 4466 792 4514; x_wconf 92' lang='lat' dir='ltr'><strong>toto</strong></span> <span class='ocrx_word' id='word_1_643' title='bbox 823 4459 1030 4518; x_wconf 79' lang='lat' dir='ltr'><strong>fractus</strong></span> <span class='ocrx_word' id='word_1_644' title='bbox 1059 4473 1165 4518; x_wconf 87' lang='lat' dir='ltr'><strong>est.</strong></span> <span class='ocrx_word' id='word_1_645' title='bbox 1198 4463 1365 4521; x_wconf 86' lang='lat' dir='ltr'><strong>Nemo</strong></span> <span class='ocrx_word' id='word_1_646' title='bbox 1382 4467 1551 4534; x_wconf 88' lang='lat' dir='ltr'><strong>enim,</strong></span> <span class='ocrx_word' id='word_1_647' title='bbox 1579 4483 1680 4524; x_wconf 85' lang='lat' dir='ltr'><strong>nec</strong></span> <span class='ocrx_word' id='word_1_648' title='bbox 1704 4484 1957 4540; x_wconf 82' lang='lat' dir='ltr'><strong>parvum,</strong></span> <span class='ocrx_word' id='word_1_649' title='bbox 1989 4489 2089 4530; x_wconf 90' lang='lat' dir='ltr'><strong>nec</strong></span> 
     </span>
    </p>
   </div>
   <div class='ocr_carea' id='block_1_91' title="bbox 2202 4453 3739 4540">
    <p class='ocr_par' dir='ltr' id='par_1_91' title="bbox 2202 4453 3739 4530">
     <span class='ocr_line' id='line_1_91' title="bbox 2202 4453 3739 4530; baseline -0.002 -20"><span class='ocrx_word' id='word_1_650' title='bbox 2202 4457 2380 4528; x_wconf 84' lang='grc' dir='ltr'><strong>Σίμων</strong></span> <span class='ocrx_word' id='word_1_651' title='bbox 2426 4458 2455 4510; x_wconf 88' lang='lat'><strong>6</strong></span> <span class='ocrx_word' id='word_1_652' title='bbox 2511 4455 2707 4527; x_wconf 77' lang='grc' dir='ltr'><strong>μάγος,</strong></span> <span class='ocrx_word' id='word_1_653' title='bbox 2735 4455 2876 4512; x_wconf 76' lang='grc' dir='ltr'><strong>ἀλλὰ</strong></span> <span class='ocrx_word' id='word_1_654' title='bbox 2906 4454 3090 4511; x_wconf 82' lang='grc' dir='ltr'><strong>πεσὼν</strong></span> <span class='ocrx_word' id='word_1_655' title='bbox 3124 4456 3418 4530; x_wconf 75' lang='grc' dir='ltr'><strong>διερράγη.</strong></span> <span class='ocrx_word' id='word_1_656' title='bbox 3444 4457 3624 4521; x_wconf 73' lang='grc' dir='ltr'><strong>Οὐδεὶς</strong></span> <span class='ocrx_word' id='word_1_657' title='bbox 3652 4453 3739 4526; x_wconf 73' lang='grc' dir='ltr'><strong>γὰρ</strong></span> 
     </span>
    </p>
   </div>
   <div class='ocr_carea' id='block_1_92' title="bbox 513 4554 2090 4636">
    <p class='ocr_par' dir='ltr' id='par_1_92' title="bbox 513 4554 2090 4636">
     <span class='ocr_line' id='line_1_92' title="bbox 513 4554 2090 4636; baseline 0.011 -32"><span class='ocrx_word' id='word_1_658' title='bbox 513 4567 774 4621; x_wconf 83' lang='lat' dir='ltr'><strong>magnum</strong></span> <span class='ocrx_word' id='word_1_659' title='bbox 811 4555 930 4611; x_wconf 66' lang='lat' dir='ltr'><strong>celi</strong></span> <span class='ocrx_word' id='word_1_660' title='bbox 967 4554 1121 4614; x_wconf 90' lang='lat' dir='ltr'><strong>sidus</strong></span> <span class='ocrx_word' id='word_1_661' title='bbox 1146 4558 1287 4614; x_wconf 85' lang='lat' dir='ltr'><strong>valet</strong></span> <span class='ocrx_word' id='word_1_662' title='bbox 1317 4562 1630 4618; x_wconf 83' lang='lat' dir='ltr'><strong>convellere</strong></span> <span class='ocrx_word' id='word_1_663' title='bbox 1676 4579 1692 4617; x_wconf 90' lang='lat'><strong>:</strong></span> <span class='ocrx_word' id='word_1_664' title='bbox 1734 4564 1937 4636; x_wconf 87' lang='lat' dir='ltr'><strong>quippe</strong></span> <span class='ocrx_word' id='word_1_665' title='bbox 1963 4580 2090 4621; x_wconf 89' lang='lat' dir='ltr'><strong>eum</strong></span> 
     </span>
    </p>
   </div>
   <div class='ocr_carea' id='block_1_93' title="bbox 510 4642 2092 4713">
    <p class='ocr_par' dir='ltr' id='par_1_93' title="bbox 510 4642 2092 4713">
     <span class='ocr_line' id='line_1_93' title="bbox 510 4642 2092 4713; baseline 0.011 -16"><span class='ocrx_word' id='word_1_666' title='bbox 510 4657 576 4698; x_wconf 88' lang='lat' dir='ltr'><strong>ea</strong></span> <span class='ocrx_word' id='word_1_667' title='bbox 615 4642 760 4701; x_wconf 88' lang='lat' dir='ltr'><strong>Deus</strong></span> <span class='ocrx_word' id='word_1_668' title='bbox 790 4647 994 4704; x_wconf 86' lang='lat' dir='ltr'><strong>virtute</strong></span> <span class='ocrx_word' id='word_1_669' title='bbox 1027 4664 1126 4706; x_wconf 87' lang='lat' dir='ltr'><strong>sua</strong></span> <span class='ocrx_word' id='word_1_670' title='bbox 1162 4650 1497 4709; x_wconf 80' lang='lat' dir='ltr'><strong>fundaverit.</strong></span> <span class='ocrx_word' id='word_1_671' title='bbox 1543 4654 1710 4709; x_wconf 78' lang='lat' dir='ltr'><strong>Aiunt</strong></span> <span class='ocrx_word' id='word_1_672' title='bbox 1741 4671 1960 4712; x_wconf 79' lang='lat' dir='ltr'><strong>rursum</strong></span> <span class='ocrx_word' id='word_1_673' title='bbox 1992 4674 2092 4713; x_wconf 91' lang='lat' dir='ltr'><strong>nu-</strong></span> 
     </span>
    </p>
   </div>
   <div class='ocr_carea' id='block_1_94' title="bbox 512 4735 2089 4820">
    <p class='ocr_par' dir='ltr' id='par_1_94' title="bbox 512 4735 2089 4820">
     <span class='ocr_line' id='line_1_94' title="bbox 512 4735 2089 4820; baseline 0.01 -30"><span class='ocrx_word' id='word_1_674' title='bbox 512 4735 610 4791; x_wconf 86' lang='lat' dir='ltr'><strong>bes</strong></span> <span class='ocrx_word' id='word_1_675' title='bbox 643 4746 699 4793; x_wconf 90' lang='lat' dir='ltr'><strong>et</strong></span> <span class='ocrx_word' id='word_1_676' title='bbox 747 4739 964 4808; x_wconf 87' lang='lat' dir='ltr'><strong>pluvias</strong></span> <span class='ocrx_word' id='word_1_677' title='bbox 990 4756 1019 4795; x_wconf 87' lang='lat' dir='ltr'><strong>a</strong></span> <span class='ocrx_word' id='word_1_678' title='bbox 1056 4745 1551 4815; x_wconf 69' lang='lat' dir='ltr'><strong>pmstigiatoribus</strong></span> <span class='ocrx_word' id='word_1_679' title='bbox 1580 4748 1774 4804; x_wconf 83' lang='lat' dir='ltr'><strong>deduci</strong></span> <span class='ocrx_word' id='word_1_680' title='bbox 1809 4768 1824 4806; x_wconf 84' lang='lat'><strong>:</strong></span> <span class='ocrx_word' id='word_1_681' title='bbox 1859 4749 1909 4804; x_wconf 84' lang='lat' dir='ltr'><strong>id</strong></span> <span class='ocrx_word' id='word_1_682' title='bbox 1944 4751 2089 4820; x_wconf 90' lang='lat' dir='ltr'><strong>quod</strong></span> 
     </span>
    </p>
   </div>
   <div class='ocr_carea' id='block_1_95' title="bbox 509 4828 2090 4909">
    <p class='ocr_par' dir='ltr' id='par_1_95' title="bbox 509 4828 2090 4909">
     <span class='ocr_line' id='line_1_95' title="bbox 509 4828 2090 4909; baseline 0.008 -26"><span class='ocrx_word' id='word_1_683' title='bbox 509 4828 672 4883; x_wconf 87' lang='lat' dir='ltr'><strong>etiam</strong></span> <span class='ocrx_word' id='word_1_684' title='bbox 699 4845 838 4886; x_wconf 88' lang='lat' dir='ltr'><strong>vane</strong></span> <span class='ocrx_word' id='word_1_685' title='bbox 865 4832 932 4886; x_wconf 87' lang='lat' dir='ltr'><strong>ab</strong></span> <span class='ocrx_word' id='word_1_686' title='bbox 961 4833 1095 4904; x_wconf 85' lang='lat' dir='ltr'><strong>ipsis</strong></span> <span class='ocrx_word' id='word_1_687' title='bbox 1123 4834 1344 4893; x_wconf 88' lang='lat' dir='ltr'><strong>dicitur.</strong></span> <span class='ocrx_word' id='word_1_688' title='bbox 1370 4837 1572 4909; x_wconf 83' lang='lat' dir='ltr'><strong>Ecquis</strong></span> <span class='ocrx_word' id='word_1_689' title='bbox 1598 4839 1743 4894; x_wconf 89' lang='lat' dir='ltr'><strong>enim</strong></span> <span class='ocrx_word' id='word_1_690' title='bbox 1776 4843 2090 4896; x_wconf 86' lang='lat' dir='ltr'><strong>mortalium</strong></span> 
     </span>
    </p>
   </div>
   <div class='ocr_carea' id='block_1_96' title="bbox 510 4921 2091 5004">
    <p class='ocr_par' dir='ltr' id='par_1_96' title="bbox 510 4921 2091 5004">
     <span class='ocr_line' id='line_1_96' title="bbox 510 4921 2091 5004; baseline 0.009 -29"><span class='ocrx_word' id='word_1_691' title='bbox 510 4921 606 4986; x_wconf 85' lang='lat' dir='ltr'><strong>sit,</strong></span> <span class='ocrx_word' id='word_1_692' title='bbox 643 4923 736 4994; x_wconf 86' lang='lat' dir='ltr'><strong>qui</strong></span> <span class='ocrx_word' id='word_1_693' title='bbox 772 4923 860 4980; x_wconf 85' lang='lat' dir='ltr'><strong>Dei</strong></span> <span class='ocrx_word' id='word_1_694' title='bbox 893 4926 1204 4982; x_wconf 85' lang='lat' dir='ltr'><strong>mandatum</strong></span> <span class='ocrx_word' id='word_1_695' title='bbox 1246 4930 1537 5002; x_wconf 71' lang='lat' dir='ltr'><strong>prmstigiis</strong></span> <span class='ocrx_word' id='word_1_696' title='bbox 1589 4932 1714 4988; x_wconf 88' lang='lat' dir='ltr'><strong>ullis</strong></span> <span class='ocrx_word' id='word_1_697' title='bbox 1745 4944 1912 5004; x_wconf 85' lang='lat' dir='ltr'><strong>queat</strong></span> <span class='ocrx_word' id='word_1_698' title='bbox 1938 4949 2091 4990; x_wconf 85' lang='lat' dir='ltr'><strong>aver-</strong></span> 
     </span>
    </p>
   </div>
   <div class='ocr_carea' id='block_1_97' title="bbox 511 5013 2088 5095">
    <p class='ocr_par' dir='ltr' id='par_1_97' title="bbox 511 5013 2088 5095">
     <span class='ocr_line' id='line_1_97' title="bbox 511 5013 2088 5095; baseline 0.009 -27"><span class='ocrx_word' id='word_1_699' title='bbox 511 5015 673 5071; x_wconf 76' lang='lat' dir='ltr'><strong>tere?</strong></span> <span class='ocrx_word' id='word_1_700' title='bbox 722 5013 1106 5086; x_wconf 79' lang='lat' dir='ltr'><strong>Nubesenim</strong></span> <span class='ocrx_word' id='word_1_701' title='bbox 1165 5019 1258 5077; x_wconf 83' lang='lat' dir='ltr'><strong>Dei</strong></span> <span class='ocrx_word' id='word_1_702' title='bbox 1308 5023 1464 5091; x_wconf 80' lang='lat' dir='ltr'><strong>jussu</strong></span> <span class='ocrx_word' id='word_1_703' title='bbox 1507 5025 1748 5095; x_wconf 85' lang='lat' dir='ltr'><strong>pluviam</strong></span> <span class='ocrx_word' id='word_1_704' title='bbox 1791 5026 1847 5082; x_wconf 92' lang='lat' dir='ltr'><strong>in</strong></span> <span class='ocrx_word' id='word_1_705' title='bbox 1883 5034 2088 5083; x_wconf 78' lang='lat' dir='ltr'><strong>terram</strong></span> 
     </span>
    </p>
   </div>
   <div class='ocr_carea' id='block_1_98' title="bbox 513 5106 770 5163">
    <p class='ocr_par' dir='ltr' id='par_1_98' title="bbox 513 5106 770 5163">
     <span class='ocr_line' id='line_1_98' title="bbox 513 5106 770 5163; baseline 0.008 -3"><span class='ocrx_word' id='word_1_706' title='bbox 513 5106 770 5163; x_wconf 74' lang='lat' dir='ltr'><strong>fundunt.</strong></span> 
     </span>
    </p>
   </div>
   <div class='ocr_carea' id='block_1_99' title="bbox 511 5216 2093 5299">
    <p class='ocr_par' dir='ltr' id='par_1_99' title="bbox 511 5216 2093 5299">
     <span class='ocr_line' id='line_1_99' title="bbox 511 5216 2093 5299; baseline 0.011 -27"><span class='ocrx_word' id='word_1_707' title='bbox 511 5216 768 5299; x_wconf 72' lang='lat' dir='ltr'><strong>TIT._\&#39;I.</strong></span> <span class='ocrx_word' id='word_1_708' title='bbox 798 5253 867 5264; x_wconf 88' lang='lat'><strong>--</strong></span> <span class='ocrx_word' id='word_1_709' title='bbox 900 5219 1134 5299; x_wconf 13' lang='lat' dir='ltr'><strong>Dertéita.</strong></span> <span class='ocrx_word' id='word_1_710' title='bbox 1172 5235 1220 5279; x_wconf 88' lang='lat' dir='ltr'><strong>et</strong></span> <span class='ocrx_word' id='word_1_711' title='bbox 1249 5229 1441 5280; x_wconf 76' lang='lat' dir='ltr'><strong>mundo</strong></span> <span class='ocrx_word' id='word_1_712' title='bbox 1471 5227 1602 5282; x_wconf 73' lang='lat' dir='ltr'><strong>hoc:</strong></span> <span class='ocrx_word' id='word_1_713' title='bbox 1638 5240 1686 5281; x_wconf 79' lang='lat' dir='ltr'><strong>et</strong></span> <span class='ocrx_word' id='word_1_714' title='bbox 1720 5231 1859 5299; x_wconf 86' lang='lat' dir='ltr'><strong>quod</strong></span> <span class='ocrx_word' id='word_1_715' title='bbox 1888 5248 2003 5292; x_wconf 77' lang='lat' dir='ltr'><strong>nor.</strong></span> <span class='ocrx_word' id='word_1_716' title='bbox 2029 5249 2093 5289; x_wconf 80' lang='lat' dir='ltr'><strong>ac</strong></span> 
     </span>
    </p>
   </div>
   <div class='ocr_carea' id='block_1_100' title="bbox 608 5293 2017 5360">
    <p class='ocr_par' dir='ltr' id='par_1_100' title="bbox 608 5293 2017 5360">
     <span class='ocr_line' id='line_1_100' title="bbox 608 5293 2017 5360; baseline 0.009 -14"><span class='ocrx_word' id='word_1_717' title='bbox 608 5293 713 5347; x_wconf 66' lang='lat' dir='ltr'><strong>vita</strong></span> <span class='ocrx_word' id='word_1_718' title='bbox 735 5306 940 5359; x_wconf 78' lang='lat' dir='ltr'><strong>nostra,</strong></span> <span class='ocrx_word' id='word_1_719' title='bbox 973 5298 1025 5349; x_wconf 82' lang='lat' dir='ltr'><strong>in</strong></span> <span class='ocrx_word' id='word_1_720' title='bbox 1063 5297 1406 5358; x_wconf 70' lang='lat' dir='ltr'><strong>distractione</strong></span> <span class='ocrx_word' id='word_1_721' title='bbox 1425 5310 1476 5356; x_wconf 80' lang='lat' dir='ltr'><strong>ct</strong></span> <span class='ocrx_word' id='word_1_722' title='bbox 1506 5300 1684 5356; x_wconf 82' lang='lat' dir='ltr'><strong>labore</strong></span> <span class='ocrx_word' id='word_1_723' title='bbox 1729 5293 2017 5360; x_wconf 68' lang='lat' dir='ltr'><strong>oet-sanam.</strong></span> 
     </span>
    </p>
   </div>
   <div class='ocr_carea' id='block_1_101' title="bbox 583 5471 2091 5554">
    <p class='ocr_par' dir='ltr' id='par_1_101' title="bbox 583 5471 2091 5554">
     <span class='ocr_line' id='line_1_101' title="bbox 583 5471 2091 5554; baseline 0.007 -24"><span class='ocrx_word' id='word_1_724' title='bbox 583 5473 714 5530; x_wconf 78' lang='lat' dir='ltr'><strong>Gen.</strong></span> <span class='ocrx_word' id='word_1_725' title='bbox 744 5490 822 5539; x_wconf 86' lang='grc' dir='ltr'><strong>ιιι.</strong></span> <span class='ocrx_word' id='word_1_726' title='bbox 858 5476 944 5532; x_wconf 84' lang='lat' dir='ltr'><strong>l6.</strong></span> <span class='ocrx_word' id='word_1_727' title='bbox 981 5509 1042 5522; x_wconf 83' lang='lat'><strong>--</strong></span> <span class='ocrx_word' id='word_1_728' title='bbox 1079 5499 1098 5532; x_wconf 78' lang='grc' dir='ltr'><strong>ι</strong></span> <span class='ocrx_word' id='word_1_729' title='bbox 1139 5471 1201 5534; x_wconf 81' lang='lat' dir='ltr'><strong>Et</strong></span> <span class='ocrx_word' id='word_1_730' title='bbox 1236 5479 1374 5535; x_wconf 80' lang='lat' dir='ltr'><strong>dixit</strong></span> <span class='ocrx_word' id='word_1_731' title='bbox 1411 5480 1625 5542; x_wconf 73' lang='lat' dir='ltr'><strong>mulieri</strong></span> <span class='ocrx_word' id='word_1_732' title='bbox 1667 5499 1682 5539; x_wconf 89' lang='lat'><strong>:</strong></span> <span class='ocrx_word' id='word_1_733' title='bbox 1718 5481 2091 5554; x_wconf 79' lang='lat' dir='ltr'><strong>Multiplicans</strong></span> 
     </span>
    </p>
   </div>
   <div class='ocr_carea' id='block_1_102' title="bbox 511 5566 2093 5643">
    <p class='ocr_par' dir='ltr' id='par_1_102' title="bbox 511 5566 2093 5643">
     <span class='ocr_line' id='line_1_102' title="bbox 511 5566 2093 5643; baseline 0.008 -24"><span class='ocrx_word' id='word_1_734' title='bbox 511 5566 892 5638; x_wconf 89' lang='lat' dir='ltr'><strong>multiplicabo</strong></span> <span class='ocrx_word' id='word_1_735' title='bbox 924 5585 1194 5625; x_wconf 61' lang='lat' dir='ltr'><strong>a’ruumas</strong></span> <span class='ocrx_word' id='word_1_736' title='bbox 1217 5581 1269 5626; x_wconf 83' lang='lat' dir='ltr'><strong>et</strong></span> <span class='ocrx_word' id='word_1_737' title='bbox 1303 5582 1609 5643; x_wconf 82' lang='lat' dir='ltr'><strong>conceptus</strong></span> <span class='ocrx_word' id='word_1_738' title='bbox 1640 5581 1785 5630; x_wconf 89' lang='lat' dir='ltr'><strong>tuos.</strong></span> <span class='ocrx_word' id='word_1_739' title='bbox 1806 5573 1862 5629; x_wconf 89' lang='lat' dir='ltr'><strong>lu</strong></span> <span class='ocrx_word' id='word_1_740' title='bbox 1885 5575 2093 5631; x_wconf 90' lang='lat' dir='ltr'><strong>dolori-</strong></span> 
     </span>
    </p>
   </div>
   <div class='ocr_carea' id='block_1_103' title="bbox 511 5657 2091 5736">
    <p class='ocr_par' dir='ltr' id='par_1_103' title="bbox 511 5657 2091 5736">
     <span class='ocr_line' id='line_1_103' title="bbox 511 5657 2091 5736; baseline 0.009 -26"><span class='ocrx_word' id='word_1_741' title='bbox 511 5657 617 5711; x_wconf 87' lang='lat' dir='ltr'><strong>bus</strong></span> <span class='ocrx_word' id='word_1_742' title='bbox 651 5659 833 5728; x_wconf 85' lang='lat' dir='ltr'><strong>parics</strong></span> <span class='ocrx_word' id='word_1_743' title='bbox 884 5661 1049 5728; x_wconf 80' lang='lat' dir='ltr'><strong>ﬁlios,</strong></span> <span class='ocrx_word' id='word_1_744' title='bbox 1075 5671 1128 5717; x_wconf 87' lang='lat' dir='ltr'><strong>ct</strong></span> <span class='ocrx_word' id='word_1_745' title='bbox 1159 5660 1225 5718; x_wconf 83' lang='lat' dir='ltr'><strong>ad</strong></span> <span class='ocrx_word' id='word_1_746' title='bbox 1275 5665 1457 5720; x_wconf 77' lang='lat' dir='ltr'><strong>virum</strong></span> <span class='ocrx_word' id='word_1_747' title='bbox 1507 5667 1611 5725; x_wconf 87' lang='lat' dir='ltr'><strong>erit</strong></span> <span class='ocrx_word' id='word_1_748' title='bbox 1644 5668 1938 5724; x_wconf 83' lang='lat' dir='ltr'><strong>conversio</strong></span> <span class='ocrx_word' id='word_1_749' title='bbox 1973 5675 2091 5736; x_wconf 85' lang='lat' dir='ltr'><strong>tua,</strong></span> 
     </span>
    </p>
   </div>
   <div class='ocr_carea' id='block_1_104' title="bbox 512 5748 1281 5819">
    <p class='ocr_par' dir='ltr' id='par_1_104' title="bbox 512 5748 1281 5819">
     <span class='ocr_line' id='line_1_104' title="bbox 512 5748 1281 5819; baseline 0.012 -19"><span class='ocrx_word' id='word_1_750' title='bbox 512 5756 567 5801; x_wconf 80' lang='lat' dir='ltr'><strong>et</strong></span> <span class='ocrx_word' id='word_1_751' title='bbox 591 5748 708 5819; x_wconf 89' lang='lat' dir='ltr'><strong>ipse</strong></span> <span class='ocrx_word' id='word_1_752' title='bbox 735 5752 1106 5813; x_wconf 84' lang='lat' dir='ltr'><strong>dominabitur</strong></span> <span class='ocrx_word' id='word_1_753' title='bbox 1129 5761 1225 5811; x_wconf 83' lang='lat' dir='ltr'><strong>tur.</strong></span> <span class='ocrx_word' id='word_1_754' title='bbox 1263 5778 1281 5809; x_wconf 71' lang='grc' dir='ltr'><strong>ι</strong></span> 
     </span>
    </p>
   </div>
   <div class='ocr_carea' id='block_1_105' title="bbox 2198 4548 3737 4624">
    <p class='ocr_par' dir='ltr' id='par_1_105' title="bbox 2198 4548 3737 4624">
     <span class='ocr_line' id='line_1_105' title="bbox 2198 4548 3737 4624; baseline -0.002 -21"><span class='ocrx_word' id='word_1_755' title='bbox 2198 4550 2422 4605; x_wconf 84' lang='grc' dir='ltr'><strong>δύναται</strong></span> <span class='ocrx_word' id='word_1_756' title='bbox 2455 4550 2514 4604; x_wconf 84' lang='grc' dir='ltr'><strong>οὐ</strong></span> <span class='ocrx_word' id='word_1_757' title='bbox 2541 4550 2762 4624; x_wconf 81' lang='grc' dir='ltr'><strong>μικρὸν,</strong></span> <span class='ocrx_word' id='word_1_758' title='bbox 2791 4550 2853 4604; x_wconf 78' lang='grc' dir='ltr'><strong>ού</strong></span> <span class='ocrx_word' id='word_1_759' title='bbox 2895 4549 3038 4622; x_wconf 80' lang='grc' dir='ltr'><strong>μέγα</strong></span> <span class='ocrx_word' id='word_1_760' title='bbox 3086 4548 3350 4606; x_wconf 77' lang='grc' dir='ltr'><strong>σαλεῦσαι</strong></span> <span class='ocrx_word' id='word_1_761' title='bbox 3385 4552 3584 4622; x_wconf 76' lang='grc' dir='ltr'><strong>ἄστρον</strong></span> <span class='ocrx_word' id='word_1_762' title='bbox 3604 4549 3737 4619; x_wconf 81' lang='grc' dir='ltr'><strong>οὖρα-</strong></span> 
     </span>
    </p>
   </div>
   <div class='ocr_carea' id='block_1_106' title="bbox 2199 4642 3738 4718">
    <p class='ocr_par' dir='ltr' id='par_1_106' title="bbox 2199 4642 3738 4718">
     <span class='ocr_line' id='line_1_106' title="bbox 2199 4642 3738 4718; baseline -0.005 -20"><span class='ocrx_word' id='word_1_763' title='bbox 2199 4643 2316 4711; x_wconf 84' lang='grc' dir='ltr'><strong>νοῦ,</strong></span> <span class='ocrx_word' id='word_1_764' title='bbox 2343 4642 2381 4699; x_wconf 72' lang='grc' dir='ltr'><strong>ἃ.</strong></span> <span class='ocrx_word' id='word_1_765' title='bbox 2422 4642 2451 4698; x_wconf 85' lang='lat'><strong>6</strong></span> <span class='ocrx_word' id='word_1_766' title='bbox 2480 4643 2614 4710; x_wconf 77' lang='grc' dir='ltr'><strong>Θεὸς</strong></span> <span class='ocrx_word' id='word_1_767' title='bbox 2653 4646 2722 4717; x_wconf 79' lang='grc' dir='ltr'><strong>τῇ</strong></span> <span class='ocrx_word' id='word_1_768' title='bbox 2773 4643 2883 4717; x_wconf 72' lang='grc' dir='ltr'><strong>ἰδίᾳ</strong></span> <span class='ocrx_word' id='word_1_769' title='bbox 2917 4645 3149 4716; x_wconf 82' lang='grc' dir='ltr'><strong>δυνάμει</strong></span> <span class='ocrx_word' id='word_1_770' title='bbox 3199 4645 3579 4718; x_wconf 72' lang='grc' dir='ltr'><strong>ἐθεμελίωσεν.</strong></span> <span class='ocrx_word' id='word_1_771' title='bbox 3604 4642 3738 4698; x_wconf 74' lang='grc' dir='ltr'><strong>Πάλιν</strong></span> 
     </span>
    </p>
   </div>
   <div class='ocr_carea' id='block_1_107' title="bbox 2197 4735 3739 4808">
    <p class='ocr_par' dir='ltr' id='par_1_107' title="bbox 2197 4735 3739 4808">
     <span class='ocr_line' id='line_1_107' title="bbox 2197 4735 3739 4808; baseline -0.005 -19"><span class='ocrx_word' id='word_1_772' title='bbox 2197 4736 2251 4789; x_wconf 81' lang='grc' dir='ltr'><strong>δὲ</strong></span> <span class='ocrx_word' id='word_1_773' title='bbox 2301 4736 2582 4806; x_wconf 79' lang='grc' dir='ltr'><strong>λέγουσιν,</strong></span> <span class='ocrx_word' id='word_1_774' title='bbox 2646 4736 2731 4790; x_wconf 84' lang='grc' dir='ltr'><strong>ὅτι</strong></span> <span class='ocrx_word' id='word_1_775' title='bbox 2788 4735 3018 4808; x_wconf 75' lang='grc' dir='ltr'><strong>νεφέλας</strong></span> <span class='ocrx_word' id='word_1_776' title='bbox 3080 4736 3176 4790; x_wconf 68' lang='grc' dir='ltr'><strong>καὶ</strong></span> <span class='ocrx_word' id='word_1_777' title='bbox 3229 4736 3423 4802; x_wconf 71' lang='grc' dir='ltr'><strong>ὑετοὺς</strong></span> <span class='ocrx_word' id='word_1_778' title='bbox 3468 4735 3739 4806; x_wconf 74' lang='grc' dir='ltr'><strong>παράγουσι</strong></span> 
     </span>
    </p>
   </div>
   <div class='ocr_carea' id='block_1_108' title="bbox 2201 4823 3737 4899">
    <p class='ocr_par' dir='ltr' id='par_1_108' title="bbox 2201 4823 3737 4899">
     <span class='ocr_line' id='line_1_108' title="bbox 2201 4823 3737 4899; baseline 0.004 -19"><span class='ocrx_word' id='word_1_779' title='bbox 2201 4827 2397 4898; x_wconf 82' lang='grc' dir='ltr'><strong>γόητες</strong></span> <span class='ocrx_word' id='word_1_780' title='bbox 2455 4827 2762 4899; x_wconf 78' lang='grc' dir='ltr'><strong>ἄνθρωποι,</strong></span> <span class='ocrx_word' id='word_1_781' title='bbox 2825 4829 2921 4883; x_wconf 76' lang='grc' dir='ltr'><strong>καὶ</strong></span> <span class='ocrx_word' id='word_1_782' title='bbox 2971 4826 3132 4882; x_wconf 81' lang='grc' dir='ltr'><strong>τοῦτο</strong></span> <span class='ocrx_word' id='word_1_783' title='bbox 3182 4827 3624 4898; x_wconf 81' lang='grc' dir='ltr'><strong>ματαιολογοῦσι.</strong></span> <span class='ocrx_word' id='word_1_784' title='bbox 3663 4823 3737 4886; x_wconf 82' lang='grc' dir='ltr'><strong>Τίς</strong></span> 
     </span>
    </p>
   </div>
   <div class='ocr_carea' id='block_1_109' title="bbox 2199 4917 3737 4994">
    <p class='ocr_par' dir='ltr' id='par_1_109' title="bbox 2199 4917 3737 4994">
     <span class='ocr_line' id='line_1_109' title="bbox 2199 4917 3737 4994; baseline -0.002 -19"><span class='ocrx_word' id='word_1_785' title='bbox 2199 4921 2502 4993; x_wconf 77' lang='grc' dir='ltr'><strong>ἀνθρώπων</strong></span> <span class='ocrx_word' id='word_1_786' title='bbox 2553 4919 2780 4976; x_wconf 86' lang='grc' dir='ltr'><strong>δύναται</strong></span> <span class='ocrx_word' id='word_1_787' title='bbox 2849 4921 3183 4994; x_wconf 74' lang='grc' dir='ltr'><strong>πρόσταγμα</strong></span> <span class='ocrx_word' id='word_1_788' title='bbox 3241 4919 3378 4976; x_wconf 82' lang='grc' dir='ltr'><strong>Θεοῦ</strong></span> <span class='ocrx_word' id='word_1_789' title='bbox 3437 4917 3737 4991; x_wconf 66' lang='grc' dir='ltr'><strong>ἀποστρέψαι</strong></span> 
     </span>
    </p>
   </div>
   <div class='ocr_carea' id='block_1_110' title="bbox 2200 5008 3737 5091">
    <p class='ocr_par' dir='ltr' id='par_1_110' title="bbox 2200 5008 3737 5091">
     <span class='ocr_line' id='line_1_110' title="bbox 2200 5008 3737 5091; baseline -0.001 -22"><span class='ocrx_word' id='word_1_790' title='bbox 2200 5013 2486 5087; x_wconf 77' lang='grc' dir='ltr'><strong>γοητείᾳ;</strong></span> <span class='ocrx_word' id='word_1_791' title='bbox 2562 5013 2630 5069; x_wconf 79' lang='grc' dir='ltr'><strong>τὰ</strong></span> <span class='ocrx_word' id='word_1_792' title='bbox 2683 5013 2790 5087; x_wconf 83' lang='grc' dir='ltr'><strong>γὰρ</strong></span> <span class='ocrx_word' id='word_1_793' title='bbox 2859 5015 2998 5088; x_wconf 75' lang='grc' dir='ltr'><strong>νέφη</strong></span> <span class='ocrx_word' id='word_1_794' title='bbox 3057 5015 3208 5073; x_wconf 80' lang='grc' dir='ltr'><strong>κατὰ</strong></span> <span class='ocrx_word' id='word_1_795' title='bbox 3263 5016 3561 5091; x_wconf 76' lang='grc' dir='ltr'><strong>πρόσταξιν</strong></span> <span class='ocrx_word' id='word_1_796' title='bbox 3629 5008 3737 5067; x_wconf 79' lang='grc' dir='ltr'><strong>Θεοῦ</strong></span> 
     </span>
    </p>
   </div>
   <div class='ocr_carea' id='block_1_111' title="bbox 2200 5107 3162 5182">
    <p class='ocr_par' dir='ltr' id='par_1_111' title="bbox 2200 5107 3162 5182">
     <span class='ocr_line' id='line_1_111' title="bbox 2200 5107 3162 5182; baseline 0.004 -20"><span class='ocrx_word' id='word_1_797' title='bbox 2200 5107 2452 5180; x_wconf 74' lang='grc' dir='ltr'><strong>ἐκχέουσι</strong></span> <span class='ocrx_word' id='word_1_798' title='bbox 2478 5108 2570 5163; x_wconf 78' lang='grc' dir='ltr'><strong>τὸν</strong></span> <span class='ocrx_word' id='word_1_799' title='bbox 2609 5108 2764 5163; x_wconf 81' lang='grc' dir='ltr'><strong>ὑετὸν</strong></span> <span class='ocrx_word' id='word_1_800' title='bbox 2790 5109 2886 5163; x_wconf 75' lang='grc' dir='ltr'><strong>ἐπὶ</strong></span> <span class='ocrx_word' id='word_1_801' title='bbox 2915 5109 3016 5182; x_wconf 82' lang='grc' dir='ltr'><strong>τῆς</strong></span> <span class='ocrx_word' id='word_1_802' title='bbox 3038 5109 3162 5181; x_wconf 80' lang='grc' dir='ltr'><strong>γῆς.</strong></span> 
     </span>
    </p>
   </div>
   <div class='ocr_carea' id='block_1_112' title="bbox 2199 5224 3737 5297">
    <p class='ocr_par' dir='ltr' id='par_1_112' title="bbox 2199 5224 3737 5297">
     <span class='ocr_line' id='line_1_112' title="bbox 2199 5224 3737 5297; baseline -0.001 -17"><span class='ocrx_word' id='word_1_803' title='bbox 2199 5226 2389 5281; x_wconf 81' lang='grc' dir='ltr'><strong>ΤΙΤΛ.</strong></span> <span class='ocrx_word' id='word_1_804' title='bbox 2428 5229 2520 5293; x_wconf 74' lang='grc' dir='ltr'><strong>ς’.</strong></span> <span class='ocrx_word' id='word_1_805' title='bbox 2557 5257 2630 5270; x_wconf 87' lang='lat'><strong>-—-</strong></span> <span class='ocrx_word' id='word_1_806' title='bbox 2666 5227 2809 5296; x_wconf 76' lang='grc' dir='ltr'><strong>Περὶ</strong></span> <span class='ocrx_word' id='word_1_807' title='bbox 2863 5226 2972 5283; x_wconf 82' lang='grc' dir='ltr'><strong>τοῦ</strong></span> <span class='ocrx_word' id='word_1_808' title='bbox 3013 5225 3184 5297; x_wconf 79' lang='grc' dir='ltr'><strong>βίου,</strong></span> <span class='ocrx_word' id='word_1_809' title='bbox 3231 5228 3330 5284; x_wconf 78' lang='grc' dir='ltr'><strong>καί</strong></span> <span class='ocrx_word' id='word_1_810' title='bbox 3384 5225 3493 5282; x_wconf 84' lang='grc' dir='ltr'><strong>τοῦ</strong></span> <span class='ocrx_word' id='word_1_811' title='bbox 3543 5224 3737 5297; x_wconf 52' lang='grc' dir='ltr'><strong>κόσμων</strong></span> 
     </span>
    </p>
   </div>
   <div class='ocr_carea' id='block_1_113' title="bbox 2267 5294 3737 5370">
    <p class='ocr_par' dir='ltr' id='par_1_113' title="bbox 2267 5294 3737 5370">
     <span class='ocr_line' id='line_1_113' title="bbox 2267 5294 3737 5370; baseline 0.001 -18"><span class='ocrx_word' id='word_1_812' title='bbox 2267 5297 2666 5370; x_wconf 15' lang='grc' dir='ltr'><strong>τούτουοᾲκαὶ</strong></span> <span class='ocrx_word' id='word_1_813' title='bbox 2718 5294 2806 5370; x_wconf 69' lang='grc' dir='ltr'><strong>ὅτι</strong></span> <span class='ocrx_word' id='word_1_814' title='bbox 2859 5298 2929 5353; x_wconf 82' lang='grc' dir='ltr'><strong>ἐν</strong></span> <span class='ocrx_word' id='word_1_815' title='bbox 2975 5294 3373 5370; x_wconf 56' lang='grc' dir='ltr'><strong>περισπασμῷ</strong></span> <span class='ocrx_word' id='word_1_816' title='bbox 3429 5298 3526 5352; x_wconf 75' lang='grc' dir='ltr'><strong>καὶ</strong></span> <span class='ocrx_word' id='word_1_817' title='bbox 3568 5294 3737 5366; x_wconf 64' lang='grc' dir='ltr'><strong>μόχθῳ</strong></span> 
     </span>
    </p>
   </div>
   <div class='ocr_carea' id='block_1_114' title="bbox 2269 5368 3214 5441">
    <p class='ocr_par' dir='ltr' id='par_1_114' title="bbox 2269 5368 3214 5441">
     <span class='ocr_line' id='line_1_114' title="bbox 2269 5368 3214 5441; baseline 0.004 -19"><span class='ocrx_word' id='word_1_818' title='bbox 2269 5369 2368 5423; x_wconf 80' lang='grc' dir='ltr'><strong>καὶ</strong></span> <span class='ocrx_word' id='word_1_819' title='bbox 2411 5368 2607 5438; x_wconf 80' lang='grc' dir='ltr'><strong>ἡμεῖς,</strong></span> <span class='ocrx_word' id='word_1_820' title='bbox 2645 5369 2746 5426; x_wconf 75' lang='grc' dir='ltr'><strong>καὶ</strong></span> <span class='ocrx_word' id='word_1_821' title='bbox 2771 5372 2804 5424; x_wconf 82' lang='grc' dir='ltr'><em>ὁ</em></span> <span class='ocrx_word' id='word_1_822' title='bbox 2841 5370 2984 5436; x_wconf 76' lang='grc' dir='ltr'><strong>βίος</strong></span> <span class='ocrx_word' id='word_1_823' title='bbox 3018 5368 3214 5441; x_wconf 74' lang='grc' dir='ltr'><strong>ἡμῶν.</strong></span> 
     </span>
    </p>
   </div>
   <div class='ocr_carea' id='block_1_115' title="bbox 2275 5476 3734 5557">
    <p class='ocr_par' dir='ltr' id='par_1_115' title="bbox 2275 5476 3734 5557">
     <span class='ocr_line' id='line_1_115' title="bbox 2275 5476 3734 5557; baseline -0.001 -19"><span class='ocrx_word' id='word_1_824' title='bbox 2275 5502 2296 5538; x_wconf 78' lang='grc' dir='ltr'><strong>ε</strong></span> <span class='ocrx_word' id='word_1_825' title='bbox 2334 5484 2447 5540; x_wconf 70' lang='grc' dir='ltr'><strong>Καὶ</strong></span> <span class='ocrx_word' id='word_1_826' title='bbox 2472 5487 2541 5557; x_wconf 75' lang='grc' dir='ltr'><strong>τῇ</strong></span> <span class='ocrx_word' id='word_1_827' title='bbox 2581 5486 2804 5556; x_wconf 69' lang='grc' dir='ltr'><strong>γυναικὶ</strong></span> <span class='ocrx_word' id='word_1_828' title='bbox 2850 5480 3004 5542; x_wconf 81' lang='grc' dir='ltr'><strong>εἶπεν</strong></span> <span class='ocrx_word' id='word_1_829' title='bbox 3023 5501 3039 5518; x_wconf 83' lang='lat'><strong>&#39;</strong></span> <span class='ocrx_word' id='word_1_830' title='bbox 3067 5484 3362 5555; x_wconf 79' lang='grc' dir='ltr'><strong>Πληθύνων</strong></span> <span class='ocrx_word' id='word_1_831' title='bbox 3390 5479 3634 5553; x_wconf 78' lang='grc' dir='ltr'><strong>πληθυνῶ</strong></span> <span class='ocrx_word' id='word_1_832' title='bbox 3655 5476 3734 5536; x_wconf 73' lang='grc' dir='ltr'><strong>τὰς</strong></span> 
     </span>
    </p>
   </div>
   <div class='ocr_carea' id='block_1_116' title="bbox 2197 5571 3728 5650">
    <p class='ocr_par' dir='ltr' id='par_1_116' title="bbox 2197 5571 3728 5650">
     <span class='ocr_line' id='line_1_116' title="bbox 2197 5571 3728 5650; baseline -0.005 -19"><span class='ocrx_word' id='word_1_833' title='bbox 2197 5575 2376 5641; x_wconf 86' lang='grc' dir='ltr'><strong>λύπας</strong></span> <span class='ocrx_word' id='word_1_834' title='bbox 2395 5579 2490 5632; x_wconf 77' lang='grc' dir='ltr'><strong>καὶ</strong></span> <span class='ocrx_word' id='word_1_835' title='bbox 2515 5578 2608 5633; x_wconf 74' lang='grc' dir='ltr'><strong>τὸν</strong></span> <span class='ocrx_word' id='word_1_836' title='bbox 2633 5579 2940 5650; x_wconf 80' lang='grc' dir='ltr'><strong>στεναγμόν</strong></span> <span class='ocrx_word' id='word_1_837' title='bbox 2965 5595 3082 5634; x_wconf 88' lang='grc' dir='ltr'><strong>σου.</strong></span> <span class='ocrx_word' id='word_1_838' title='bbox 3121 5579 3211 5633; x_wconf 82' lang='grc' dir='ltr'><strong>Ἑν</strong></span> <span class='ocrx_word' id='word_1_839' title='bbox 3226 5578 3422 5642; x_wconf 84' lang='grc' dir='ltr'><strong>λύπαις</strong></span> <span class='ocrx_word' id='word_1_840' title='bbox 3437 5575 3562 5648; x_wconf 75' lang='grc' dir='ltr'><strong>τέξῃ</strong></span> <span class='ocrx_word' id='word_1_841' title='bbox 3579 5571 3728 5624; x_wconf 74' lang='grc' dir='ltr'><strong>τέκνα.</strong></span> 
     </span>
    </p>
   </div>
   <div class='ocr_carea' id='block_1_117' title="bbox 2198 5659 3729 5746">
    <p class='ocr_par' dir='ltr' id='par_1_117' title="bbox 2198 5659 3729 5746">
     <span class='ocr_line' id='line_1_117' title="bbox 2198 5659 3729 5746; baseline -0.001 -24"><span class='ocrx_word' id='word_1_842' title='bbox 2198 5669 2292 5722; x_wconf 72' lang='grc' dir='ltr'><strong>καὶ</strong></span> <span class='ocrx_word' id='word_1_843' title='bbox 2317 5670 2453 5741; x_wconf 68' lang='grc' dir='ltr'><strong>πρὸς</strong></span> <span class='ocrx_word' id='word_1_844' title='bbox 2483 5671 2576 5725; x_wconf 77' lang='grc' dir='ltr'><strong>τδν</strong></span> <span class='ocrx_word' id='word_1_845' title='bbox 2607 5671 2775 5744; x_wconf 79' lang='grc' dir='ltr'><strong>ἄνδρα</strong></span> <span class='ocrx_word' id='word_1_846' title='bbox 2807 5689 2900 5727; x_wconf 90' lang='grc' dir='ltr'><strong>σου</strong></span> <span class='ocrx_word' id='word_1_847' title='bbox 2931 5673 2963 5745; x_wconf 75' lang='grc' dir='ltr'>ἡ</span> <span class='ocrx_word' id='word_1_848' title='bbox 2994 5671 3313 5746; x_wconf 77' lang='grc' dir='ltr'><strong>ἀποστροφή</strong></span> <span class='ocrx_word' id='word_1_849' title='bbox 3349 5687 3463 5738; x_wconf 81' lang='grc' dir='ltr'><strong>σου,</strong></span> <span class='ocrx_word' id='word_1_850' title='bbox 3491 5665 3577 5723; x_wconf 78' lang='grc' dir='ltr'><strong>καὶ</strong></span> <span class='ocrx_word' id='word_1_851' title='bbox 3599 5659 3729 5721; x_wconf 73' lang='grc' dir='ltr'><strong>αὐτός</strong></span> 
     </span>
    </p>
   </div>
   <div class='ocr_carea' id='block_1_118' title="bbox 2201 5763 2837 5828">
    <p class='ocr_par' dir='ltr' id='par_1_118' title="bbox 2201 5763 2837 5828">
     <span class='ocr_line' id='line_1_118' title="bbox 2201 5763 2837 5828; baseline 0.006 -13"><span class='ocrx_word' id='word_1_852' title='bbox 2201 5779 2294 5815; x_wconf 84' lang='grc' dir='ltr'><strong>σου</strong></span> <span class='ocrx_word' id='word_1_853' title='bbox 2329 5763 2610 5828; x_wconf 75' lang='grc' dir='ltr'><strong>κυριεύσει</strong></span> <span class='ocrx_word' id='word_1_854' title='bbox 2662 5784 2684 5818; x_wconf 76' lang='grc' dir='ltr'><strong>ε</strong></span> <span class='ocrx_word' id='word_1_855' title='bbox 2830 5777 2837 5782; x_wconf 83' lang='lat'>&#39;</span> 
     </span>
    </p>
   </div>
  </div>
