  <div class='ocr_page' id='page_1' title='image "/cluster/home/n/w/nwhite01/storage/ocr_20150623/95/hvd.32044073502106/646.png"; bbox 0 0 3948 6250; ppageno 0'>
   <div class='ocr_carea' id='block_1_1' title="bbox 206 349 326 419">
    <p class='ocr_par' dir='ltr' id='par_1_1' title="bbox 206 349 326 419">
     <span class='ocr_line' id='line_1_1' title="bbox 206 349 326 419; baseline -0.008 0"><span class='ocrx_word' id='word_1_1' title='bbox 206 349 326 419; x_wconf 72' lang='lat'><strong>1281</strong></span> 
     </span>
    </p>
   </div>
   <div class='ocr_carea' id='block_1_2' title="bbox 1452 353 2206 424">
    <p class='ocr_par' dir='ltr' id='par_1_2' title="bbox 1452 353 2206 424">
     <span class='ocr_line' id='line_1_2' title="bbox 1452 353 2206 424; baseline 0.009 -8"><span class='ocrx_word' id='word_1_2' title='bbox 1452 353 1696 418; x_wconf 72' lang='lat' dir='ltr'><strong>SACRA</strong></span> <span class='ocrx_word' id='word_1_3' title='bbox 1733 353 2206 424; x_wconf 72' lang='lat' dir='ltr'><strong>PARALLELA.</strong></span> 
     </span>
    </p>
   </div>
   <div class='ocr_carea' id='block_1_3' title="bbox 3313 361 3450 429">
    <p class='ocr_par' dir='ltr' id='par_1_3' title="bbox 3313 361 3450 429">
     <span class='ocr_line' id='line_1_3' title="bbox 3313 361 3450 429; baseline 0.007 -1"><span class='ocrx_word' id='word_1_4' title='bbox 3313 361 3450 429; x_wconf 71' lang='lat'><strong>1282</strong></span> 
     </span>
    </p>
   </div>
   <div class='ocr_carea' id='block_1_4' title="bbox 271 467 1746 552">
    <p class='ocr_par' dir='ltr' id='par_1_4' title="bbox 271 467 1746 544">
     <span class='ocr_line' id='line_1_4' title="bbox 271 467 1746 544; baseline 0.004 -22"><span class='ocrx_word' id='word_1_5' title='bbox 271 488 290 522; x_wconf 85' lang='grc' dir='ltr'><strong>ε</strong></span> <span class='ocrx_word' id='word_1_6' title='bbox 326 468 599 538; x_wconf 78' lang='grc' dir='ltr'>Ἐγκειτοιι</span> <span class='ocrx_word' id='word_1_7' title='bbox 632 469 665 542; x_wconf 81' lang='grc' dir='ltr'><strong>ἠ</strong></span> <span class='ocrx_word' id='word_1_8' title='bbox 689 467 900 525; x_wconf 77' lang='grc' dir='ltr'><strong>διάνοια</strong></span> <span class='ocrx_word' id='word_1_9' title='bbox 917 468 1013 526; x_wconf 87' lang='grc' dir='ltr'><strong>τοῦ</strong></span> <span class='ocrx_word' id='word_1_10' title='bbox 1041 467 1332 544; x_wconf 79' lang='grc' dir='ltr'>ἀνθρώπου</span> <span class='ocrx_word' id='word_1_11' title='bbox 1359 470 1643 544; x_wconf 73' lang='grc' dir='ltr'><strong>ἐπιμελῶς</strong></span> <span class='ocrx_word' id='word_1_12' title='bbox 1665 473 1746 530; x_wconf 62' lang='grc' dir='ltr'>ὲτό</span> 
     </span>
    </p>
   </div>
   <div class='ocr_carea' id='block_1_5' title="bbox 1866 467 3453 552">
    <p class='ocr_par' dir='ltr' id='par_1_5' title="bbox 1933 475 3453 552">
     <span class='ocr_line' id='line_1_5' title="bbox 1933 475 3453 552; baseline 0.007 -21"><span class='ocrx_word' id='word_1_13' title='bbox 1933 478 2071 538; x_wconf 80' lang='lat' dir='ltr'><strong>Gen.</strong></span> <span class='ocrx_word' id='word_1_14' title='bbox 2120 491 2241 543; x_wconf 82' lang='lat' dir='ltr'><strong>vm,</strong></span> <span class='ocrx_word' id='word_1_15' title='bbox 2292 476 2382 534; x_wconf 72' lang='grc' dir='ltr'>ιε.</span> <span class='ocrx_word' id='word_1_16' title='bbox 2423 507 2494 520; x_wconf 93' lang='grc'><strong><em>-</em></strong></span> <span class='ocrx_word' id='word_1_17' title='bbox 2524 497 2544 532; x_wconf 86' lang='grc' dir='ltr'><strong>ε</strong></span> <span class='ocrx_word' id='word_1_18' title='bbox 2581 475 2789 536; x_wconf 88' lang='lat' dir='ltr'><strong>Sensus</strong></span> <span class='ocrx_word' id='word_1_19' title='bbox 2830 487 2886 536; x_wconf 86' lang='lat' dir='ltr'><strong>et</strong></span> <span class='ocrx_word' id='word_1_20' title='bbox 2915 479 3176 552; x_wconf 79' lang='lat' dir='ltr'><strong>cogitatio</strong></span> <span class='ocrx_word' id='word_1_21' title='bbox 3214 482 3453 542; x_wconf 81' lang='lat' dir='ltr'><strong>hominis</strong></span> 
     </span>
    </p>
   </div>
   <div class='ocr_carea' id='block_1_6' title="bbox 197 561 950 634">
    <p class='ocr_par' dir='ltr' id='par_1_6' title="bbox 197 561 950 634">
     <span class='ocr_line' id='line_1_6' title="bbox 197 561 950 634; baseline -0.003 -16"><span class='ocrx_word' id='word_1_22' title='bbox 197 562 261 619; x_wconf 81' lang='grc' dir='ltr'>τὰ</span> <span class='ocrx_word' id='word_1_23' title='bbox 284 561 490 634; x_wconf 77' lang='grc' dir='ltr'>πονηρά</span> <span class='ocrx_word' id='word_1_24' title='bbox 520 561 586 615; x_wconf 70' lang='lat' dir='ltr'><strong>hc</strong></span> <span class='ocrx_word' id='word_1_25' title='bbox 613 561 887 633; x_wconf 86' lang='grc' dir='ltr'>νεότητος.</span> <span class='ocrx_word' id='word_1_26' title='bbox 928 580 950 616; x_wconf 72' lang='grc' dir='ltr'><strong>ι</strong></span> 
     </span>
    </p>
   </div>
   <div class='ocr_carea' id='block_1_7' title="bbox 263 652 1763 733">
    <p class='ocr_par' dir='ltr' id='par_1_7' title="bbox 263 652 1763 733">
     <span class='ocr_line' id='line_1_7' title="bbox 263 652 1763 733; baseline 0.003 -24"><span class='ocrx_word' id='word_1_27' title='bbox 263 675 282 708; x_wconf 75' lang='grc' dir='ltr'><strong>ε</strong></span> <span class='ocrx_word' id='word_1_28' title='bbox 313 652 544 726; x_wconf 84' lang='grc' dir='ltr'>Πότερον</span> <span class='ocrx_word' id='word_1_29' title='bbox 566 654 688 727; x_wconf 80' lang='grc' dir='ltr'>οὐχὶ</span> <span class='ocrx_word' id='word_1_30' title='bbox 708 655 1069 733; x_wconf 76' lang='grc' dir='ltr'>πειρατηριόν</span> <span class='ocrx_word' id='word_1_31' title='bbox 1094 657 1246 711; x_wconf 75' lang='grc' dir='ltr'>ἐστιν</span> <span class='ocrx_word' id='word_1_32' title='bbox 1267 659 1296 713; x_wconf 89' lang='grc' dir='ltr'><strong>ό</strong></span> <span class='ocrx_word' id='word_1_33' title='bbox 1317 656 1436 730; x_wconf 75' lang='grc' dir='ltr'>βίος</span> <span class='ocrx_word' id='word_1_34' title='bbox 1465 656 1763 732; x_wconf 80' lang='grc' dir='ltr'>ἀνθρώπου</span> 
     </span>
    </p>
   </div>
   <div class='ocr_carea' id='block_1_8' title="bbox 194 746 630 819">
    <p class='ocr_par' dir='ltr' id='par_1_8' title="bbox 194 746 630 819">
     <span class='ocr_line' id='line_1_8' title="bbox 194 746 630 819; baseline -0.007 -17"><span class='ocrx_word' id='word_1_35' title='bbox 194 747 278 802; x_wconf 69' lang='grc' dir='ltr'><strong>ἐπὶ</strong></span> <span class='ocrx_word' id='word_1_36' title='bbox 306 747 402 818; x_wconf 80' lang='grc' dir='ltr'>τῆς</span> <span class='ocrx_word' id='word_1_37' title='bbox 425 746 561 819; x_wconf 75' lang='grc' dir='ltr'>γῆςς</span> <span class='ocrx_word' id='word_1_38' title='bbox 611 765 630 799; x_wconf 74' lang='grc' dir='ltr'><strong>ι</strong></span> 
     </span>
    </p>
   </div>
   <div class='ocr_carea' id='block_1_9' title="bbox 260 834 1764 912">
    <p class='ocr_par' dir='ltr' id='par_1_9' title="bbox 260 834 1764 912">
     <span class='ocr_line' id='line_1_9' title="bbox 260 834 1764 912; baseline 0 -18"><span class='ocrx_word' id='word_1_39' title='bbox 260 859 281 894; x_wconf 87' lang='grc' dir='ltr'><strong>ε</strong></span> <span class='ocrx_word' id='word_1_40' title='bbox 317 837 704 912; x_wconf 81' lang='grc' dir='ltr'>Περισπασμδν</span> <span class='ocrx_word' id='word_1_41' title='bbox 745 834 985 912; x_wconf 72' lang='grc' dir='ltr'>πονηρὸν</span> <span class='ocrx_word' id='word_1_42' title='bbox 1020 839 1221 893; x_wconf 72' lang='grc' dir='ltr'>ἔδωκεν</span> <span class='ocrx_word' id='word_1_43' title='bbox 1245 841 1273 894; x_wconf 86' lang='grc' dir='ltr'><strong>ό</strong></span> <span class='ocrx_word' id='word_1_44' title='bbox 1308 838 1442 904; x_wconf 82' lang='grc' dir='ltr'>Θεὸς</span> <span class='ocrx_word' id='word_1_45' title='bbox 1467 840 1583 906; x_wconf 82' lang='grc' dir='ltr'>τοῖς</span> <span class='ocrx_word' id='word_1_46' title='bbox 1626 842 1764 907; x_wconf 84' lang='grc' dir='ltr'>υίοτς</span> 
     </span>
    </p>
   </div>
   <div class='ocr_carea' id='block_1_10' title="bbox 191 931 1510 1007">
    <p class='ocr_par' dir='ltr' id='par_1_10' title="bbox 191 931 1510 1007">
     <span class='ocr_line' id='line_1_10' title="bbox 191 931 1510 1007; baseline 0 -20"><span class='ocrx_word' id='word_1_47' title='bbox 191 933 291 987; x_wconf 84' lang='grc' dir='ltr'><strong>τῶν</strong></span> <span class='ocrx_word' id='word_1_48' title='bbox 319 931 638 1007; x_wconf 78' lang='grc' dir='ltr'>ἀνθρώπων,</span> <span class='ocrx_word' id='word_1_49' title='bbox 668 932 764 987; x_wconf 86' lang='grc' dir='ltr'><strong>τοῦ</strong></span> <span class='ocrx_word' id='word_1_50' title='bbox 793 933 1166 1006; x_wconf 78' lang='grc' dir='ltr'><strong>περισπᾶσθαι</strong></span> <span class='ocrx_word' id='word_1_51' title='bbox 1197 935 1257 988; x_wconf 80' lang='grc' dir='ltr'>ὲν</span> <span class='ocrx_word' id='word_1_52' title='bbox 1285 932 1454 1007; x_wconf 76' lang='grc' dir='ltr'>αὐτῷ.</span> <span class='ocrx_word' id='word_1_53' title='bbox 1489 953 1510 987; x_wconf 72' lang='grc' dir='ltr'><strong>ι</strong></span> 
     </span>
    </p>
   </div>
   <div class='ocr_carea' id='block_1_11' title="bbox 258 1024 1765 1102">
    <p class='ocr_par' dir='ltr' id='par_1_11' title="bbox 258 1024 1765 1102">
     <span class='ocr_line' id='line_1_11' title="bbox 258 1024 1765 1102; baseline 0.002 -23"><span class='ocrx_word' id='word_1_54' title='bbox 258 1043 278 1079; x_wconf 81' lang='grc' dir='ltr'><strong>ε</strong></span> <span class='ocrx_word' id='word_1_55' title='bbox 313 1025 636 1097; x_wconf 78' lang='grc' dir='ltr'>Συνάντημα</span> <span class='ocrx_word' id='word_1_56' title='bbox 693 1024 755 1082; x_wconf 74' lang='grc' dir='ltr'>ἓν</span> <span class='ocrx_word' id='word_1_57' title='bbox 804 1025 883 1098; x_wconf 82' lang='grc' dir='ltr'>τῷ</span> <span class='ocrx_word' id='word_1_58' title='bbox 927 1025 1122 1098; x_wconf 82' lang='grc' dir='ltr'>δικαίῳ</span> <span class='ocrx_word' id='word_1_59' title='bbox 1160 1026 1256 1080; x_wconf 70' lang='grc' dir='ltr'>καὶ</span> <span class='ocrx_word' id='word_1_60' title='bbox 1294 1025 1372 1099; x_wconf 80' lang='grc' dir='ltr'><strong>τῷ</strong></span> <span class='ocrx_word' id='word_1_61' title='bbox 1418 1026 1628 1096; x_wconf 77' lang='grc' dir='ltr'>άσεόεϊ,</span> <span class='ocrx_word' id='word_1_62' title='bbox 1681 1025 1765 1102; x_wconf 84' lang='grc' dir='ltr'><strong>τῷ</strong></span> 
     </span>
    </p>
   </div>
   <div class='ocr_carea' id='block_1_12' title="bbox 188 1116 1759 1193">
    <p class='ocr_par' dir='ltr' id='par_1_12' title="bbox 188 1116 1759 1193">
     <span class='ocr_line' id='line_1_12' title="bbox 188 1116 1759 1193; baseline -0.001 -18"><span class='ocrx_word' id='word_1_63' title='bbox 188 1116 370 1189; x_wconf 77' lang='grc' dir='ltr'>ἁγαθῷ</span> <span class='ocrx_word' id='word_1_64' title='bbox 397 1120 492 1172; x_wconf 60' lang='grc' dir='ltr'><strong>καί⁵</strong></span> <span class='ocrx_word' id='word_1_65' title='bbox 514 1117 593 1191; x_wconf 85' lang='grc' dir='ltr'><strong>τῷ</strong></span> <span class='ocrx_word' id='word_1_66' title='bbox 617 1116 799 1190; x_wconf 82' lang='grc' dir='ltr'>κακῷ,</span> <span class='ocrx_word' id='word_1_67' title='bbox 821 1116 900 1192; x_wconf 82' lang='grc' dir='ltr'>τῷ</span> <span class='ocrx_word' id='word_1_68' title='bbox 931 1117 1159 1190; x_wconf 77' lang='grc' dir='ltr'>καθαρῷ</span> <span class='ocrx_word' id='word_1_69' title='bbox 1188 1119 1283 1172; x_wconf 70' lang='grc' dir='ltr'>καὶ</span> <span class='ocrx_word' id='word_1_70' title='bbox 1311 1118 1392 1192; x_wconf 81' lang='grc' dir='ltr'><strong>τῷ</strong></span> <span class='ocrx_word' id='word_1_71' title='bbox 1432 1119 1759 1193; x_wconf 79' lang='grc' dir='ltr'><strong>ἀκαθάρτῳ,</strong></span> 
     </span>
    </p>
   </div>
   <div class='ocr_carea' id='block_1_13' title="bbox 186 1209 1758 1285">
    <p class='ocr_par' dir='ltr' id='par_1_13' title="bbox 186 1209 1758 1285">
     <span class='ocr_line' id='line_1_13' title="bbox 186 1209 1758 1285; baseline 0.001 -17"><span class='ocrx_word' id='word_1_72' title='bbox 186 1211 259 1285; x_wconf 81' lang='grc' dir='ltr'>τῷ</span> <span class='ocrx_word' id='word_1_73' title='bbox 287 1210 593 1278; x_wconf 79' lang='grc' dir='ltr'>θυσιάζοντι</span> <span class='ocrx_word' id='word_1_74' title='bbox 623 1213 719 1269; x_wconf 71' lang='grc' dir='ltr'>καὶ</span> <span class='ocrx_word' id='word_1_75' title='bbox 751 1211 833 1283; x_wconf 85' lang='grc' dir='ltr'><strong>τῷ</strong></span> <span class='ocrx_word' id='word_1_76' title='bbox 862 1212 941 1284; x_wconf 77' lang='grc' dir='ltr'>μὴ</span> <span class='ocrx_word' id='word_1_77' title='bbox 963 1209 1278 1277; x_wconf 75' lang='grc' dir='ltr'>θυσιάζοντι</span> <span class='ocrx_word' id='word_1_78' title='bbox 1302 1228 1320 1246; x_wconf 79' lang='grc' dir='ltr'><strong>ο</strong></span> <span class='ocrx_word' id='word_1_79' title='bbox 1341 1212 1420 1278; x_wconf 87' lang='grc' dir='ltr'><strong>ὡς</strong></span> <span class='ocrx_word' id='word_1_80' title='bbox 1453 1217 1484 1269; x_wconf 85' lang='lat'><strong>6</strong></span> <span class='ocrx_word' id='word_1_81' title='bbox 1529 1213 1758 1285; x_wconf 79' lang='grc' dir='ltr'>ἀγαθὸς,</span> 
     </span>
    </p>
   </div>
   <div class='ocr_carea' id='block_1_14' title="bbox 181 1301 1760 1379">
    <p class='ocr_par' dir='ltr' id='par_1_14' title="bbox 181 1301 1760 1379">
     <span class='ocr_line' id='line_1_14' title="bbox 181 1301 1760 1379; baseline -0.001 -18"><span class='ocrx_word' id='word_1_82' title='bbox 181 1308 208 1362; x_wconf 85' lang='grc' dir='ltr'><strong>ό</strong></span> <span class='ocrx_word' id='word_1_83' title='bbox 239 1304 597 1379; x_wconf 71' lang='grc' dir='ltr'>ἁμαρτάνωνο</span> <span class='ocrx_word' id='word_1_84' title='bbox 637 1304 714 1370; x_wconf 82' lang='grc' dir='ltr'><strong>ὡς</strong></span> <span class='ocrx_word' id='word_1_85' title='bbox 750 1302 989 1375; x_wconf 77' lang='grc' dir='ltr'>ὀμνύων,</span> <span class='ocrx_word' id='word_1_86' title='bbox 1037 1301 1225 1368; x_wconf 84' lang='grc' dir='ltr'>καθὼς</span> <span class='ocrx_word' id='word_1_87' title='bbox 1261 1305 1291 1360; x_wconf 87' lang='grc' dir='ltr'><strong>ό</strong></span> <span class='ocrx_word' id='word_1_88' title='bbox 1323 1303 1416 1358; x_wconf 77' lang='grc' dir='ltr'>τὸν</span> <span class='ocrx_word' id='word_1_89' title='bbox 1461 1305 1626 1377; x_wconf 76' lang='grc' dir='ltr'>ὅρκον</span> <span class='ocrx_word' id='word_1_90' title='bbox 1661 1321 1760 1375; x_wconf 84' lang='grc' dir='ltr'><strong>φο-</strong></span> 
     </span>
    </p>
   </div>
   <div class='ocr_carea' id='block_1_15' title="bbox 179 1397 1760 1472">
    <p class='ocr_par' dir='ltr' id='par_1_15' title="bbox 179 1397 1760 1472">
     <span class='ocr_line' id='line_1_15' title="bbox 179 1397 1760 1472; baseline -0.001 -16"><span class='ocrx_word' id='word_1_91' title='bbox 179 1399 460 1472; x_wconf 76' lang='grc' dir='ltr'>ϐούμενος.</span> <span class='ocrx_word' id='word_1_92' title='bbox 489 1397 665 1454; x_wconf 83' lang='grc' dir='ltr'>Τοῦτο</span> <span class='ocrx_word' id='word_1_93' title='bbox 691 1398 928 1471; x_wconf 79' lang='grc' dir='ltr'>πονηρὸν</span> <span class='ocrx_word' id='word_1_94' title='bbox 958 1400 1018 1453; x_wconf 73' lang='grc' dir='ltr'>ὲν</span> <span class='ocrx_word' id='word_1_95' title='bbox 1048 1398 1218 1452; x_wconf 75' lang='grc' dir='ltr'>παντὶ</span> <span class='ocrx_word' id='word_1_96' title='bbox 1263 1397 1625 1472; x_wconf 73' lang='grc' dir='ltr'><strong>πεποιημένῳ</strong></span> <span class='ocrx_word' id='word_1_97' title='bbox 1654 1398 1760 1454; x_wconf 78' lang='grc' dir='ltr'><strong>ὑπὸ</strong></span> 
     </span>
    </p>
   </div>
   <div class='ocr_carea' id='block_1_16' title="bbox 178 1490 1436 1566">
    <p class='ocr_par' dir='ltr' id='par_1_16' title="bbox 178 1490 1436 1566">
     <span class='ocr_line' id='line_1_16' title="bbox 178 1490 1436 1566; baseline -0.002 -20"><span class='ocrx_word' id='word_1_98' title='bbox 178 1494 263 1549; x_wconf 74' lang='grc' dir='ltr'><strong>τὸν</strong></span> <span class='ocrx_word' id='word_1_99' title='bbox 290 1492 463 1566; x_wconf 72' lang='grc' dir='ltr'>ἥλιον,</span> <span class='ocrx_word' id='word_1_100' title='bbox 493 1494 579 1549; x_wconf 79' lang='grc' dir='ltr'>ὅτι</span> <span class='ocrx_word' id='word_1_101' title='bbox 609 1492 930 1563; x_wconf 83' lang='grc' dir='ltr'>συνάντημα</span> <span class='ocrx_word' id='word_1_102' title='bbox 951 1490 1009 1544; x_wconf 84' lang='grc' dir='ltr'>ἒν</span> <span class='ocrx_word' id='word_1_103' title='bbox 1037 1494 1152 1554; x_wconf 84' lang='grc' dir='ltr'>τοῖς</span> <span class='ocrx_word' id='word_1_104' title='bbox 1184 1492 1375 1546; x_wconf 77' lang='grc' dir='ltr'>πᾶσιν.</span> <span class='ocrx_word' id='word_1_105' title='bbox 1416 1510 1436 1544; x_wconf 75' lang='grc' dir='ltr'><strong>ι</strong></span> 
     </span>
    </p>
   </div>
   <div class='ocr_carea' id='block_1_17' title="bbox 252 1584 1759 1659">
    <p class='ocr_par' dir='ltr' id='par_1_17' title="bbox 252 1584 1759 1659">
     <span class='ocr_line' id='line_1_17' title="bbox 252 1584 1759 1659; baseline 0 -19"><span class='ocrx_word' id='word_1_106' title='bbox 252 1607 269 1640; x_wconf 85' lang='grc' dir='ltr'><strong>ε</strong></span> <span class='ocrx_word' id='word_1_107' title='bbox 307 1588 422 1642; x_wconf 78' lang='grc' dir='ltr'>Οὐκ</span> <span class='ocrx_word' id='word_1_108' title='bbox 456 1586 602 1640; x_wconf 78' lang='grc' dir='ltr'>ἔστιν</span> <span class='ocrx_word' id='word_1_109' title='bbox 629 1585 879 1659; x_wconf 79' lang='grc' dir='ltr'>ἀλήθεια,</span> <span class='ocrx_word' id='word_1_110' title='bbox 915 1585 1040 1640; x_wconf 73' lang='grc' dir='ltr'>οὐδὲ</span> <span class='ocrx_word' id='word_1_111' title='bbox 1079 1584 1252 1650; x_wconf 72' lang='grc' dir='ltr'>ἕλεος,</span> <span class='ocrx_word' id='word_1_112' title='bbox 1296 1585 1419 1639; x_wconf 77' lang='grc' dir='ltr'>οὐδὲ</span> <span class='ocrx_word' id='word_1_113' title='bbox 1464 1584 1759 1656; x_wconf 71' lang='grc' dir='ltr'>ἐπίγνωσις</span> 
     </span>
    </p>
   </div>
   <div class='ocr_carea' id='block_1_18' title="bbox 178 1677 1759 1752">
    <p class='ocr_par' dir='ltr' id='par_1_18' title="bbox 178 1677 1759 1752">
     <span class='ocr_line' id='line_1_18' title="bbox 178 1677 1759 1752; baseline -0.001 -17"><span class='ocrx_word' id='word_1_114' title='bbox 178 1679 305 1736; x_wconf 84' lang='grc' dir='ltr'>Θεοῦ</span> <span class='ocrx_word' id='word_1_115' title='bbox 343 1681 437 1736; x_wconf 73' lang='grc' dir='ltr'>επὶ</span> <span class='ocrx_word' id='word_1_116' title='bbox 459 1679 558 1752; x_wconf 78' lang='grc' dir='ltr'>τῆς</span> <span class='ocrx_word' id='word_1_117' title='bbox 583 1679 707 1752; x_wconf 83' lang='grc' dir='ltr'>γῆς.</span> <span class='ocrx_word' id='word_1_118' title='bbox 755 1679 914 1751; x_wconf 74' lang='grc' dir='ltr'>Ἀρὰ,</span> <span class='ocrx_word' id='word_1_119' title='bbox 946 1680 1044 1733; x_wconf 76' lang='grc' dir='ltr'>καὶ</span> <span class='ocrx_word' id='word_1_120' title='bbox 1063 1677 1285 1749; x_wconf 78' lang='grc' dir='ltr'>ψεῦδος,</span> <span class='ocrx_word' id='word_1_121' title='bbox 1313 1679 1414 1733; x_wconf 78' lang='grc' dir='ltr'>καὶ</span> <span class='ocrx_word' id='word_1_122' title='bbox 1444 1680 1628 1750; x_wconf 76' lang='grc' dir='ltr'>φόνος,</span> <span class='ocrx_word' id='word_1_123' title='bbox 1661 1681 1759 1736; x_wconf 74' lang='grc' dir='ltr'>καὶ</span> 
     </span>
    </p>
   </div>
   <div class='ocr_carea' id='block_1_19' title="bbox 178 1767 1513 1844">
    <p class='ocr_par' dir='ltr' id='par_1_19' title="bbox 178 1767 1513 1844">
     <span class='ocr_line' id='line_1_19' title="bbox 178 1767 1513 1844; baseline -0.003 -17"><span class='ocrx_word' id='word_1_124' title='bbox 178 1770 367 1844; x_wconf 78' lang='grc' dir='ltr'>κλοπὴ,</span> <span class='ocrx_word' id='word_1_125' title='bbox 399 1770 494 1826; x_wconf 78' lang='grc' dir='ltr'><strong>καὶ</strong></span> <span class='ocrx_word' id='word_1_126' title='bbox 525 1771 747 1842; x_wconf 87' lang='grc' dir='ltr'>μοιχεία</span> <span class='ocrx_word' id='word_1_127' title='bbox 769 1768 1066 1840; x_wconf 73' lang='grc' dir='ltr'>ἐκκέχυται</span> <span class='ocrx_word' id='word_1_128' title='bbox 1093 1767 1187 1823; x_wconf 75' lang='grc' dir='ltr'><strong>ἐπὶ</strong></span> <span class='ocrx_word' id='word_1_129' title='bbox 1211 1769 1310 1840; x_wconf 86' lang='grc' dir='ltr'>τῆς</span> <span class='ocrx_word' id='word_1_130' title='bbox 1335 1769 1459 1840; x_wconf 82' lang='grc' dir='ltr'>γῆς.</span> <span class='ocrx_word' id='word_1_131' title='bbox 1494 1788 1513 1823; x_wconf 78' lang='grc' dir='ltr'><strong>ι</strong></span> 
     </span>
    </p>
   </div>
   <div class='ocr_carea' id='block_1_20' title="bbox 248 1921 1758 2022">
    <p class='ocr_par' dir='ltr' id='par_1_20' title="bbox 248 1921 1758 2022">
     <span class='ocr_line' id='line_1_20' title="bbox 248 1921 1758 2022; baseline 0 -19"><span class='ocrx_word' id='word_1_132' title='bbox 248 1969 268 2003; x_wconf 82' lang='grc' dir='ltr'><strong>ε</strong></span> <span class='ocrx_word' id='word_1_133' title='bbox 318 1949 454 2005; x_wconf 76' lang='grc' dir='ltr'>Ἀπὸ</span> <span class='ocrx_word' id='word_1_134' title='bbox 481 1947 775 2022; x_wconf 81' lang='grc' dir='ltr'>φοροῦντος</span> <span class='ocrx_word' id='word_1_135' title='bbox 798 1946 1056 2004; x_wconf 73' lang='grc' dir='ltr'>ὑάκινθον</span> <span class='ocrx_word' id='word_1_136' title='bbox 1075 1945 1170 2003; x_wconf 70' lang='grc' dir='ltr'>καὶ</span> <span class='ocrx_word' id='word_1_137' title='bbox 1201 1943 1490 2020; x_wconf 82' lang='grc' dir='ltr'>στέφανον,</span> <span class='ocrx_word' id='word_1_138' title='bbox 1522 1945 1632 2012; x_wconf 70' lang='grc' dir='ltr'>ἕως</span> <span class='ocrx_word' id='word_1_139' title='bbox 1660 1921 1758 2019; x_wconf 56' lang='lat' dir='ltr'><strong>ipo-</strong></span> 
     </span>
    </p>
   </div>
   <div class='ocr_carea' id='block_1_21' title="bbox 177 2041 1754 2120">
    <p class='ocr_par' dir='ltr' id='par_1_21' title="bbox 177 2041 1754 2120">
     <span class='ocr_line' id='line_1_21' title="bbox 177 2041 1754 2120; baseline 0 -22"><span class='ocrx_word' id='word_1_140' title='bbox 177 2045 389 2118; x_wconf 86' lang='grc' dir='ltr'>ροῦντος</span> <span class='ocrx_word' id='word_1_141' title='bbox 441 2043 729 2117; x_wconf 79' lang='grc' dir='ltr'>ὠμόλινον,</span> <span class='ocrx_word' id='word_1_142' title='bbox 760 2042 957 2115; x_wconf 81' lang='grc' dir='ltr'>θυμὸς.</span> <span class='ocrx_word' id='word_1_143' title='bbox 1004 2042 1100 2100; x_wconf 75' lang='grc' dir='ltr'>καὶ</span> <span class='ocrx_word' id='word_1_144' title='bbox 1131 2041 1326 2114; x_wconf 75' lang='grc' dir='ltr'>ζῆλος,</span> <span class='ocrx_word' id='word_1_145' title='bbox 1379 2042 1476 2098; x_wconf 70' lang='lat' dir='ltr'><strong>mi.</strong></span> <span class='ocrx_word' id='word_1_146' title='bbox 1513 2043 1754 2120; x_wconf 77' lang='grc' dir='ltr'>ταραχὴ,</span> 
     </span>
    </p>
   </div>
   <div class='ocr_carea' id='block_1_22' title="bbox 176 2135 1758 2210">
    <p class='ocr_par' dir='ltr' id='par_1_22' title="bbox 176 2135 1758 2210">
     <span class='ocr_line' id='line_1_22' title="bbox 176 2135 1758 2210; baseline -0.001 -13"><span class='ocrx_word' id='word_1_147' title='bbox 176 2140 262 2197; x_wconf 75' lang='grc' dir='ltr'>καὶ</span> <span class='ocrx_word' id='word_1_148' title='bbox 309 2138 494 2207; x_wconf 89' lang='grc' dir='ltr'>σάλος,</span> <span class='ocrx_word' id='word_1_149' title='bbox 526 2138 624 2194; x_wconf 78' lang='grc' dir='ltr'>καὶ</span> <span class='ocrx_word' id='word_1_150' title='bbox 673 2136 838 2210; x_wconf 77' lang='grc' dir='ltr'>φόϐος</span> <span class='ocrx_word' id='word_1_151' title='bbox 885 2135 1144 2207; x_wconf 82' lang='grc' dir='ltr'>θανάτου,</span> <span class='ocrx_word' id='word_1_152' title='bbox 1183 2137 1279 2193; x_wconf 75' lang='grc' dir='ltr'>καὶ</span> <span class='ocrx_word' id='word_1_153' title='bbox 1318 2137 1572 2210; x_wconf 78' lang='grc' dir='ltr'>μήνισμα</span> <span class='ocrx_word' id='word_1_154' title='bbox 1597 2179 1613 2209; x_wconf 96' lang='grc'><strong>,</strong></span> <span class='ocrx_word' id='word_1_155' title='bbox 1659 2141 1758 2196; x_wconf 73' lang='grc' dir='ltr'>καὶ</span> 
     </span>
    </p>
   </div>
   <div class='ocr_carea' id='block_1_23' title="bbox 173 2232 366 2304">
    <p class='ocr_par' dir='ltr' id='par_1_23' title="bbox 173 2232 366 2304">
     <span class='ocr_line' id='line_1_23' title="bbox 173 2232 366 2304; baseline 0 -18"><span class='ocrx_word' id='word_1_156' title='bbox 173 2232 306 2304; x_wconf 78' lang='grc' dir='ltr'>ιρις.</span> <span class='ocrx_word' id='word_1_157' title='bbox 343 2251 366 2286; x_wconf 76' lang='grc' dir='ltr'><strong>ε</strong></span> 
     </span>
    </p>
   </div>
   <div class='ocr_carea' id='block_1_24' title="bbox 241 2406 1754 2484">
    <p class='ocr_par' dir='ltr' id='par_1_24' title="bbox 241 2406 1754 2484">
     <span class='ocr_line' id='line_1_24' title="bbox 241 2406 1754 2484; baseline 0.001 -20"><span class='ocrx_word' id='word_1_158' title='bbox 241 2429 262 2464; x_wconf 88' lang='grc' dir='ltr'><strong>ε</strong></span> <span class='ocrx_word' id='word_1_159' title='bbox 299 2409 414 2466; x_wconf 74' lang='grc' dir='ltr'><strong>οὐκ</strong></span> <span class='ocrx_word' id='word_1_160' title='bbox 442 2409 646 2476; x_wconf 85' lang='grc' dir='ltr'>οίδατε,</span> <span class='ocrx_word' id='word_1_161' title='bbox 690 2409 774 2464; x_wconf 77' lang='grc' dir='ltr'>ὅτι</span> <span class='ocrx_word' id='word_1_162' title='bbox 817 2409 852 2484; x_wconf 73' lang='grc' dir='ltr'><strong>ἡ</strong></span> <span class='ocrx_word' id='word_1_163' title='bbox 886 2407 1042 2482; x_wconf 76' lang='grc' dir='ltr'>φιλία</span> <span class='ocrx_word' id='word_1_164' title='bbox 1077 2406 1174 2464; x_wconf 87' lang='grc' dir='ltr'><strong>τοῦ</strong></span> <span class='ocrx_word' id='word_1_165' title='bbox 1219 2408 1428 2483; x_wconf 84' lang='grc' dir='ltr'>κόσμου</span> <span class='ocrx_word' id='word_1_166' title='bbox 1461 2409 1632 2484; x_wconf 73' lang='grc' dir='ltr'>ἔχθρα</span> <span class='ocrx_word' id='word_1_167' title='bbox 1657 2409 1754 2466; x_wconf 85' lang='grc' dir='ltr'><strong>τοῦ</strong></span> 
     </span>
    </p>
   </div>
   <div class='ocr_carea' id='block_1_25' title="bbox 171 2497 1751 2578">
    <p class='ocr_par' dir='ltr' id='par_1_25' title="bbox 171 2497 1751 2578">
     <span class='ocr_line' id='line_1_25' title="bbox 171 2497 1751 2578; baseline 0.002 -23"><span class='ocrx_word' id='word_1_168' title='bbox 171 2499 299 2557; x_wconf 88' lang='grc' dir='ltr'>Θεοῦ</span> <span class='ocrx_word' id='word_1_169' title='bbox 327 2503 510 2570; x_wconf 72' lang='grc' dir='ltr'>εστινς</span> <span class='ocrx_word' id='word_1_170' title='bbox 537 2501 597 2564; x_wconf 79' lang='grc' dir='ltr'>ὃς</span> <span class='ocrx_word' id='word_1_171' title='bbox 617 2500 714 2555; x_wconf 67' lang='grc' dir='ltr'>ἐὰν</span> <span class='ocrx_word' id='word_1_172' title='bbox 740 2500 980 2576; x_wconf 76' lang='grc' dir='ltr'>βουληθῇ</span> <span class='ocrx_word' id='word_1_173' title='bbox 1010 2500 1170 2574; x_wconf 79' lang='grc' dir='ltr'>φίλος</span> <span class='ocrx_word' id='word_1_174' title='bbox 1219 2497 1362 2558; x_wconf 78' lang='grc' dir='ltr'>εῖναι</span> <span class='ocrx_word' id='word_1_175' title='bbox 1391 2503 1487 2558; x_wconf 90' lang='grc' dir='ltr'><strong>τοῦ</strong></span> <span class='ocrx_word' id='word_1_176' title='bbox 1515 2503 1751 2578; x_wconf 81' lang='grc' dir='ltr'>κόσμου,</span> 
     </span>
    </p>
   </div>
   <div class='ocr_carea' id='block_1_26' title="bbox 173 2592 1106 2668">
    <p class='ocr_par' dir='ltr' id='par_1_26' title="bbox 173 2592 1106 2668">
     <span class='ocr_line' id='line_1_26' title="bbox 173 2592 1106 2668; baseline 0 -20"><span class='ocrx_word' id='word_1_177' title='bbox 173 2594 356 2668; x_wconf 72' lang='grc' dir='ltr'>ἐχθρὸς</span> <span class='ocrx_word' id='word_1_178' title='bbox 387 2593 488 2651; x_wconf 88' lang='grc' dir='ltr'><strong>τοῦ</strong></span> <span class='ocrx_word' id='word_1_179' title='bbox 517 2592 654 2650; x_wconf 84' lang='grc' dir='ltr'>Θεοῦ</span> <span class='ocrx_word' id='word_1_180' title='bbox 681 2593 1034 2653; x_wconf 80' lang='grc' dir='ltr'>καθίσταται.</span> <span class='ocrx_word' id='word_1_181' title='bbox 1080 2609 1106 2648; x_wconf 76' lang='grc' dir='ltr'><strong>ε</strong></span> 
     </span>
    </p>
   </div>
   <div class='ocr_carea' id='block_1_27' title="bbox 235 2685 1752 2762">
    <p class='ocr_par' dir='ltr' id='par_1_27' title="bbox 235 2685 1752 2762">
     <span class='ocr_line' id='line_1_27' title="bbox 235 2685 1752 2762; baseline 0.001 -20"><span class='ocrx_word' id='word_1_182' title='bbox 235 2707 256 2742; x_wconf 87' lang='grc' dir='ltr'><strong>ε</strong></span> <span class='ocrx_word' id='word_1_183' title='bbox 297 2687 390 2762; x_wconf 78' lang='grc' dir='ltr'><strong>Μὴ</strong></span> <span class='ocrx_word' id='word_1_184' title='bbox 415 2689 675 2758; x_wconf 80' lang='grc' dir='ltr'>ἀγαπᾶτε</span> <span class='ocrx_word' id='word_1_185' title='bbox 694 2687 785 2743; x_wconf 74' lang='grc' dir='ltr'><strong>τὸν</strong></span> <span class='ocrx_word' id='word_1_186' title='bbox 814 2687 1041 2759; x_wconf 83' lang='grc' dir='ltr'>κόσμον,</span> <span class='ocrx_word' id='word_1_187' title='bbox 1077 2686 1214 2760; x_wconf 80' lang='grc' dir='ltr'>μηδὲ</span> <span class='ocrx_word' id='word_1_188' title='bbox 1251 2685 1321 2742; x_wconf 75' lang='grc' dir='ltr'><strong>τὰ</strong></span> <span class='ocrx_word' id='word_1_189' title='bbox 1343 2687 1402 2742; x_wconf 73' lang='grc' dir='ltr'><strong>έν</strong></span> <span class='ocrx_word' id='word_1_190' title='bbox 1427 2685 1508 2760; x_wconf 81' lang='grc' dir='ltr'>τῷ</span> <span class='ocrx_word' id='word_1_191' title='bbox 1531 2688 1752 2762; x_wconf 87' lang='grc' dir='ltr'>κόσμῳ.</span> 
     </span>
    </p>
   </div>
   <div class='ocr_carea' id='block_1_28' title="bbox 181 2778 1752 2855">
    <p class='ocr_par' dir='ltr' id='par_1_28' title="bbox 181 2778 1752 2855">
     <span class='ocr_line' id='line_1_28' title="bbox 181 2778 1752 2855; baseline 0.001 -18"><span class='ocrx_word' id='word_1_192' title='bbox 181 2781 300 2837; x_wconf 76' lang='grc' dir='ltr'>Ἐάν</span> <span class='ocrx_word' id='word_1_193' title='bbox 324 2799 406 2845; x_wconf 86' lang='grc' dir='ltr'><strong>τις</strong></span> <span class='ocrx_word' id='word_1_194' title='bbox 437 2781 633 2854; x_wconf 79' lang='grc' dir='ltr'>ἀγαπᾷ</span> <span class='ocrx_word' id='word_1_195' title='bbox 661 2779 757 2836; x_wconf 79' lang='grc' dir='ltr'>τὸν</span> <span class='ocrx_word' id='word_1_196' title='bbox 798 2778 1025 2852; x_wconf 83' lang='grc' dir='ltr'>κόσμον,</span> <span class='ocrx_word' id='word_1_197' title='bbox 1054 2781 1157 2835; x_wconf 82' lang='grc' dir='ltr'>οὐκ</span> <span class='ocrx_word' id='word_1_198' title='bbox 1198 2779 1348 2835; x_wconf 77' lang='grc' dir='ltr'>ἔστιν</span> <span class='ocrx_word' id='word_1_199' title='bbox 1372 2782 1405 2855; x_wconf 80' lang='grc' dir='ltr'><strong>ὴ</strong></span> <span class='ocrx_word' id='word_1_200' title='bbox 1430 2781 1621 2855; x_wconf 82' lang='grc' dir='ltr'>ἀγάπη</span> <span class='ocrx_word' id='word_1_201' title='bbox 1655 2783 1752 2838; x_wconf 87' lang='grc' dir='ltr'><strong>τοῦ</strong></span> 
     </span>
    </p>
   </div>
   <div class='ocr_carea' id='block_1_29' title="bbox 172 2871 1754 2948">
    <p class='ocr_par' dir='ltr' id='par_1_29' title="bbox 172 2871 1754 2948">
     <span class='ocr_line' id='line_1_29' title="bbox 172 2871 1754 2948; baseline 0.003 -20"><span class='ocrx_word' id='word_1_202' title='bbox 172 2873 376 2948; x_wconf 73' lang='grc' dir='ltr'>Πατρός</span> <span class='ocrx_word' id='word_1_203' title='bbox 403 2876 470 2928; x_wconf 84' lang='grc' dir='ltr'>ὲν</span> <span class='ocrx_word' id='word_1_204' title='bbox 489 2873 640 2945; x_wconf 85' lang='grc' dir='ltr'><strong>αὐτῷ</strong></span> <span class='ocrx_word' id='word_1_205' title='bbox 660 2889 674 2905; x_wconf 89' lang='grc'><strong>·</strong></span> <span class='ocrx_word' id='word_1_206' title='bbox 705 2873 789 2927; x_wconf 81' lang='grc' dir='ltr'>ὅτι</span> <span class='ocrx_word' id='word_1_207' title='bbox 825 2874 935 2928; x_wconf 81' lang='grc' dir='ltr'><strong>πᾶν</strong></span> <span class='ocrx_word' id='word_1_208' title='bbox 966 2873 1027 2928; x_wconf 79' lang='grc' dir='ltr'><strong>τὸ</strong></span> <span class='ocrx_word' id='word_1_209' title='bbox 1056 2873 1116 2926; x_wconf 79' lang='grc' dir='ltr'><strong>έν</strong></span> <span class='ocrx_word' id='word_1_210' title='bbox 1144 2871 1225 2945; x_wconf 80' lang='grc' dir='ltr'>τῷ</span> <span class='ocrx_word' id='word_1_211' title='bbox 1254 2873 1464 2946; x_wconf 85' lang='grc' dir='ltr'>κόσμῳ,</span> <span class='ocrx_word' id='word_1_212' title='bbox 1497 2876 1533 2948; x_wconf 79' lang='grc' dir='ltr'><strong>ἡ</strong></span> <span class='ocrx_word' id='word_1_213' title='bbox 1565 2875 1754 2931; x_wconf 75' lang='grc' dir='ltr'>ἐπιθυ-</span> 
     </span>
    </p>
   </div>
   <div class='ocr_carea' id='block_1_30' title="bbox 171 2964 1753 3042">
    <p class='ocr_par' dir='ltr' id='par_1_30' title="bbox 171 2964 1753 3042">
     <span class='ocr_line' id='line_1_30' title="bbox 171 2964 1753 3042; baseline 0.001 -20"><span class='ocrx_word' id='word_1_214' title='bbox 171 2967 260 3038; x_wconf 84' lang='grc' dir='ltr'><strong>μία</strong></span> <span class='ocrx_word' id='word_1_215' title='bbox 289 2969 389 3042; x_wconf 84' lang='grc' dir='ltr'>τῆς</span> <span class='ocrx_word' id='word_1_216' title='bbox 423 2967 654 3040; x_wconf 78' lang='grc' dir='ltr'>σαρκὸς,</span> <span class='ocrx_word' id='word_1_217' title='bbox 687 2968 835 3039; x_wconf 70' lang='grc' dir='ltr'>καὶὴ</span> <span class='ocrx_word' id='word_1_218' title='bbox 868 2964 1137 3038; x_wconf 77' lang='grc' dir='ltr'>ἐπιθυμία</span> <span class='ocrx_word' id='word_1_219' title='bbox 1162 2965 1272 3020; x_wconf 88' lang='grc' dir='ltr'><strong>τῶν</strong></span> <span class='ocrx_word' id='word_1_220' title='bbox 1292 2965 1611 3040; x_wconf 79' lang='grc' dir='ltr'>ὀφθαλμῶν,</span> <span class='ocrx_word' id='word_1_221' title='bbox 1653 2969 1753 3024; x_wconf 75' lang='grc' dir='ltr'>καὶ</span> 
     </span>
    </p>
   </div>
   <div class='ocr_carea' id='block_1_31' title="bbox 168 3056 1747 3135">
    <p class='ocr_par' dir='ltr' id='par_1_31' title="bbox 168 3056 1747 3135">
     <span class='ocr_line' id='line_1_31' title="bbox 168 3056 1747 3135; baseline -0.001 -17"><span class='ocrx_word' id='word_1_222' title='bbox 168 3065 196 3134; x_wconf 68' lang='grc' dir='ltr'>ἡ</span> <span class='ocrx_word' id='word_1_223' title='bbox 224 3063 522 3131; x_wconf 76' lang='grc' dir='ltr'>ἀλαζονεία</span> <span class='ocrx_word' id='word_1_224' title='bbox 560 3060 657 3117; x_wconf 88' lang='grc' dir='ltr'><strong>τοῦ</strong></span> <span class='ocrx_word' id='word_1_225' title='bbox 686 3060 804 3134; x_wconf 82' lang='grc' dir='ltr'>βίου</span> <span class='ocrx_word' id='word_1_226' title='bbox 827 3101 842 3127; x_wconf 87' lang='grc'><strong>,</strong></span> <span class='ocrx_word' id='word_1_227' title='bbox 877 3060 913 3134; x_wconf 75' lang='grc' dir='ltr'>ἢ</span> <span class='ocrx_word' id='word_1_228' title='bbox 941 3061 1044 3116; x_wconf 81' lang='grc' dir='ltr'>οὐκ</span> <span class='ocrx_word' id='word_1_229' title='bbox 1071 3059 1224 3115; x_wconf 79' lang='grc' dir='ltr'>ιστιν</span> <span class='ocrx_word' id='word_1_230' title='bbox 1269 3061 1334 3114; x_wconf 78' lang='grc' dir='ltr'>ὲκ</span> <span class='ocrx_word' id='word_1_231' title='bbox 1382 3059 1476 3116; x_wconf 86' lang='grc' dir='ltr'><strong>τοῦ</strong></span> <span class='ocrx_word' id='word_1_232' title='bbox 1513 3056 1747 3135; x_wconf 69' lang='grc' dir='ltr'>Πατρός,</span> 
     </span>
    </p>
   </div>
   <div class='ocr_carea' id='block_1_32' title="bbox 165 3150 1737 3228">
    <p class='ocr_par' dir='ltr' id='par_1_32' title="bbox 165 3150 1737 3228">
     <span class='ocr_line' id='line_1_32' title="bbox 165 3150 1737 3228; baseline 0 -20"><span class='ocrx_word' id='word_1_233' title='bbox 165 3155 272 3211; x_wconf 82' lang='grc' dir='ltr'>ἀλλ’</span> <span class='ocrx_word' id='word_1_234' title='bbox 299 3155 366 3211; x_wconf 68' lang='grc' dir='ltr'>ἐκ</span> <span class='ocrx_word' id='word_1_235' title='bbox 387 3155 492 3210; x_wconf 84' lang='grc' dir='ltr'><strong>τοῦ</strong></span> <span class='ocrx_word' id='word_1_236' title='bbox 529 3154 740 3225; x_wconf 76' lang='grc' dir='ltr'>κόσμου</span> <span class='ocrx_word' id='word_1_237' title='bbox 786 3150 955 3208; x_wconf 70' lang='grc' dir='ltr'>ἐστίν.</span> <span class='ocrx_word' id='word_1_238' title='bbox 995 3151 1107 3208; x_wconf 72' lang='grc' dir='ltr'><strong>Καὶ</strong></span> <span class='ocrx_word' id='word_1_239' title='bbox 1136 3152 1167 3206; x_wconf 88' lang='grc' dir='ltr'><strong>ό</strong></span> <span class='ocrx_word' id='word_1_240' title='bbox 1222 3151 1429 3224; x_wconf 78' lang='grc' dir='ltr'>κόσμος</span> <span class='ocrx_word' id='word_1_241' title='bbox 1467 3154 1737 3228; x_wconf 83' lang='grc' dir='ltr'>παράγει,</span> 
     </span>
    </p>
   </div>
   <div class='ocr_carea' id='block_1_33' title="bbox 168 3245 1744 3324">
    <p class='ocr_par' dir='ltr' id='par_1_33' title="bbox 168 3245 1744 3324">
     <span class='ocr_line' id='line_1_33' title="bbox 168 3245 1744 3324; baseline 0.001 -21"><span class='ocrx_word' id='word_1_242' title='bbox 168 3250 253 3304; x_wconf 74' lang='grc' dir='ltr'>καὶ</span> <span class='ocrx_word' id='word_1_243' title='bbox 283 3252 318 3324; x_wconf 77' lang='grc' dir='ltr'><strong>ἠ</strong></span> <span class='ocrx_word' id='word_1_244' title='bbox 349 3247 626 3322; x_wconf 65' lang='grc' dir='ltr'>ἐπιθυμία</span> <span class='ocrx_word' id='word_1_245' title='bbox 669 3245 857 3304; x_wconf 82' lang='grc' dir='ltr'>αὐτοῦ.</span> <span class='ocrx_word' id='word_1_246' title='bbox 894 3245 955 3301; x_wconf 89' lang='lat'><strong>&#39;0</strong></span> <span class='ocrx_word' id='word_1_247' title='bbox 983 3245 1041 3301; x_wconf 74' lang='grc' dir='ltr'>δὲ</span> <span class='ocrx_word' id='word_1_248' title='bbox 1094 3245 1266 3302; x_wconf 87' lang='grc' dir='ltr'>ποιῶν</span> <span class='ocrx_word' id='word_1_249' title='bbox 1315 3247 1381 3302; x_wconf 82' lang='grc' dir='ltr'>τὸ</span> <span class='ocrx_word' id='word_1_250' title='bbox 1411 3248 1626 3322; x_wconf 84' lang='grc' dir='ltr'>θέλημα</span> <span class='ocrx_word' id='word_1_251' title='bbox 1647 3247 1744 3304; x_wconf 80' lang='grc' dir='ltr'><strong>τοῦ</strong></span> 
     </span>
    </p>
   </div>
   <div class='ocr_carea' id='block_1_34' title="bbox 171 3340 1007 3418">
    <p class='ocr_par' dir='ltr' id='par_1_34' title="bbox 171 3340 1007 3418">
     <span class='ocr_line' id='line_1_34' title="bbox 171 3340 1007 3418; baseline -0.005 -19"><span class='ocrx_word' id='word_1_252' title='bbox 171 3345 318 3412; x_wconf 88' lang='grc' dir='ltr'>Θεοῦ,</span> <span class='ocrx_word' id='word_1_253' title='bbox 344 3345 503 3418; x_wconf 88' lang='grc' dir='ltr'>μένει</span> <span class='ocrx_word' id='word_1_254' title='bbox 533 3346 613 3409; x_wconf 89' lang='grc' dir='ltr'><strong>είς</strong></span> <span class='ocrx_word' id='word_1_255' title='bbox 635 3342 727 3398; x_wconf 83' lang='grc' dir='ltr'>τὸν</span> <span class='ocrx_word' id='word_1_256' title='bbox 749 3340 946 3399; x_wconf 89' lang='grc' dir='ltr'>αίῶνα.</span> <span class='ocrx_word' id='word_1_257' title='bbox 987 3361 1007 3395; x_wconf 74' lang='grc' dir='ltr'><strong>ι</strong></span> 
     </span>
    </p>
   </div>
   <div class='ocr_carea' id='block_1_35' title="bbox 232 3433 1748 3512">
    <p class='ocr_par' dir='ltr' id='par_1_35' title="bbox 232 3433 1748 3512">
     <span class='ocr_line' id='line_1_35' title="bbox 232 3433 1748 3512; baseline 0.001 -20"><span class='ocrx_word' id='word_1_258' title='bbox 232 3437 672 3502; x_wconf 82' lang='grc' dir='ltr'>Πολυστένακτος</span> <span class='ocrx_word' id='word_1_259' title='bbox 691 3437 719 3491; x_wconf 89' lang='grc' dir='ltr'><strong>ό</strong></span> <span class='ocrx_word' id='word_1_260' title='bbox 739 3435 852 3508; x_wconf 84' lang='grc' dir='ltr'>βίος</span> <span class='ocrx_word' id='word_1_261' title='bbox 870 3433 1048 3508; x_wconf 79' lang='grc' dir='ltr'>ἡμῶν,</span> <span class='ocrx_word' id='word_1_262' title='bbox 1064 3435 1159 3491; x_wconf 71' lang='grc' dir='ltr'>καὶ</span> <span class='ocrx_word' id='word_1_263' title='bbox 1181 3437 1487 3511; x_wconf 78' lang='grc' dir='ltr'>κατηφείας</span> <span class='ocrx_word' id='word_1_264' title='bbox 1509 3438 1748 3512; x_wconf 80' lang='grc' dir='ltr'>πλήρης.</span> 
     </span>
    </p>
   </div>
   <div class='ocr_carea' id='block_1_36' title="bbox 239 3612 1746 3695">
    <p class='ocr_par' dir='ltr' id='par_1_36' title="bbox 239 3612 1746 3695">
     <span class='ocr_line' id='line_1_36' title="bbox 239 3612 1746 3695; baseline -0.003 -15"><span class='ocrx_word' id='word_1_265' title='bbox 239 3622 300 3680; x_wconf 86' lang='grc'><strong>’0</strong></span> <span class='ocrx_word' id='word_1_266' title='bbox 330 3622 543 3695; x_wconf 83' lang='grc' dir='ltr'>κόσμος</span> <span class='ocrx_word' id='word_1_267' title='bbox 569 3612 726 3686; x_wconf 69' lang='grc' dir='ltr'>οὗτος</span> <span class='ocrx_word' id='word_1_268' title='bbox 763 3618 1197 3693; x_wconf 78' lang='grc' dir='ltr'>προηγουμένως</span> <span class='ocrx_word' id='word_1_269' title='bbox 1235 3617 1338 3694; x_wconf 82' lang='grc' dir='ltr'>μὲν</span> <span class='ocrx_word' id='word_1_270' title='bbox 1373 3618 1746 3676; x_wconf 77' lang='grc' dir='ltr'>διδασκαλεῖον</span> 
     </span>
    </p>
   </div>
   <div class='ocr_carea' id='block_1_37' title="bbox 169 3711 1739 3790">
    <p class='ocr_par' dir='ltr' id='par_1_37' title="bbox 169 3711 1739 3790">
     <span class='ocr_line' id='line_1_37' title="bbox 169 3711 1739 3790; baseline -0.001 -20"><span class='ocrx_word' id='word_1_271' title='bbox 169 3717 257 3773; x_wconf 77' lang='grc' dir='ltr'><strong>καὶ</strong></span> <span class='ocrx_word' id='word_1_272' title='bbox 296 3715 689 3790; x_wconf 74' lang='grc' dir='ltr'>παιδευτήριον</span> <span class='ocrx_word' id='word_1_273' title='bbox 729 3712 841 3767; x_wconf 83' lang='grc' dir='ltr'><strong>τῶν</strong></span> <span class='ocrx_word' id='word_1_274' title='bbox 887 3711 1246 3784; x_wconf 72' lang='grc' dir='ltr'>ἀνθρωπίνων</span> <span class='ocrx_word' id='word_1_275' title='bbox 1297 3712 1492 3786; x_wconf 78' lang='grc' dir='ltr'>ψυχῶν</span> <span class='ocrx_word' id='word_1_276' title='bbox 1549 3712 1739 3770; x_wconf 64' lang='grc' dir='ltr'>ἔστιν·</span> 
     </span>
    </p>
   </div>
   <div class='ocr_carea' id='block_1_38' title="bbox 167 3803 1745 3883">
    <p class='ocr_par' dir='ltr' id='par_1_38' title="bbox 167 3803 1745 3883">
     <span class='ocr_line' id='line_1_38' title="bbox 167 3803 1745 3883; baseline 0 -21"><span class='ocrx_word' id='word_1_277' title='bbox 167 3810 352 3866; x_wconf 72' lang='grc' dir='ltr'>ἔπειτα</span> <span class='ocrx_word' id='word_1_278' title='bbox 384 3809 574 3883; x_wconf 81' lang='grc' dir='ltr'>μέντοι</span> <span class='ocrx_word' id='word_1_279' title='bbox 615 3807 711 3863; x_wconf 65' lang='grc' dir='ltr'><strong>παλ⁸</strong></span> <span class='ocrx_word' id='word_1_280' title='bbox 740 3804 888 3871; x_wconf 74' lang='grc' dir='ltr'>ἅπαξ</span> <span class='ocrx_word' id='word_1_281' title='bbox 924 3803 1114 3871; x_wconf 84' lang='grc' dir='ltr'>άπλῶς</span> <span class='ocrx_word' id='word_1_282' title='bbox 1153 3804 1263 3860; x_wconf 87' lang='grc' dir='ltr'><strong>τῶν</strong></span> <span class='ocrx_word' id='word_1_283' title='bbox 1295 3807 1356 3862; x_wconf 70' lang='grc' dir='ltr'>ὲν</span> <span class='ocrx_word' id='word_1_284' title='bbox 1402 3806 1618 3877; x_wconf 84' lang='grc' dir='ltr'>γενέσει</span> <span class='ocrx_word' id='word_1_285' title='bbox 1647 3806 1745 3862; x_wconf 79' lang='grc' dir='ltr'>καὶ</span> 
     </span>
    </p>
   </div>
   <div class='ocr_carea' id='block_1_39' title="bbox 168 3897 1744 3976">
    <p class='ocr_par' dir='ltr' id='par_1_39' title="bbox 168 3897 1744 3976">
     <span class='ocr_line' id='line_1_39' title="bbox 168 3897 1744 3976; baseline -0.002 -20"><span class='ocrx_word' id='word_1_286' title='bbox 168 3901 336 3976; x_wconf 75' lang='grc' dir='ltr'>φθορᾷ</span> <span class='ocrx_word' id='word_1_287' title='bbox 400 3898 709 3973; x_wconf 72' lang='grc' dir='ltr'>ἐπιτήδειον</span> <span class='ocrx_word' id='word_1_288' title='bbox 768 3897 1112 3970; x_wconf 72' lang='grc' dir='ltr'>ἐνδιαίτημα.</span> <span class='ocrx_word' id='word_1_289' title='bbox 1170 3897 1438 3971; x_wconf 74' lang='grc' dir='ltr'>Συμφυὴς</span> <span class='ocrx_word' id='word_1_290' title='bbox 1503 3898 1613 3972; x_wconf 80' lang='grc' dir='ltr'>ἄρα</span> <span class='ocrx_word' id='word_1_291' title='bbox 1662 3897 1744 3972; x_wconf 81' lang='grc' dir='ltr'>τῷ</span> 
     </span>
    </p>
   </div>
   <div class='ocr_carea' id='block_1_40' title="bbox 168 3990 1733 4071">
    <p class='ocr_par' dir='ltr' id='par_1_40' title="bbox 168 3990 1733 4071">
     <span class='ocr_line' id='line_1_40' title="bbox 168 3990 1733 4071; baseline 0.006 -21"><span class='ocrx_word' id='word_1_292' title='bbox 168 3996 371 4071; x_wconf 75' lang='grc' dir='ltr'>κόσμῳ,</span> <span class='ocrx_word' id='word_1_293' title='bbox 416 3995 660 4062; x_wconf 75' lang='grc' dir='ltr'>καὶτοῖς</span> <span class='ocrx_word' id='word_1_294' title='bbox 706 3995 765 4050; x_wconf 72' lang='grc' dir='ltr'>ὲν</span> <span class='ocrx_word' id='word_1_295' title='bbox 810 3991 958 4065; x_wconf 79' lang='grc' dir='ltr'>αὐτῷ</span> <span class='ocrx_word' id='word_1_296' title='bbox 988 3990 1150 4058; x_wconf 77' lang='grc' dir='ltr'>ζώοις</span> <span class='ocrx_word' id='word_1_297' title='bbox 1199 4009 1260 4047; x_wconf 76' lang='grc' dir='ltr'>τε</span> <span class='ocrx_word' id='word_1_298' title='bbox 1300 3995 1399 4048; x_wconf 78' lang='grc' dir='ltr'>καὶ</span> <span class='ocrx_word' id='word_1_299' title='bbox 1451 3995 1660 4064; x_wconf 77' lang='grc' dir='ltr'>φυτοῖς,</span> <span class='ocrx_word' id='word_1_300' title='bbox 1699 3996 1733 4066; x_wconf 75' lang='grc' dir='ltr'><strong>ἡ</strong></span> 
     </span>
    </p>
   </div>
   <div class='ocr_carea' id='block_1_41' title="bbox 167 4085 1740 4163">
    <p class='ocr_par' dir='ltr' id='par_1_41' title="bbox 167 4085 1740 4163">
     <span class='ocr_line' id='line_1_41' title="bbox 167 4085 1740 4163; baseline -0.003 -16"><span class='ocrx_word' id='word_1_301' title='bbox 167 4092 352 4163; x_wconf 83' lang='grc' dir='ltr'>χρόνου</span> <span class='ocrx_word' id='word_1_302' title='bbox 378 4087 615 4157; x_wconf 81' lang='grc' dir='ltr'>διέξοδος</span> <span class='ocrx_word' id='word_1_303' title='bbox 644 4087 872 4161; x_wconf 74' lang='grc' dir='ltr'>ἐπέστη,</span> <span class='ocrx_word' id='word_1_304' title='bbox 904 4085 1234 4161; x_wconf 75' lang='grc' dir='ltr'>ἐπειγομένη</span> <span class='ocrx_word' id='word_1_305' title='bbox 1267 4086 1374 4151; x_wconf 79' lang='grc' dir='ltr'>άεὶ,</span> <span class='ocrx_word' id='word_1_306' title='bbox 1404 4089 1504 4142; x_wconf 75' lang='grc' dir='ltr'><strong>καὶ</strong></span> <span class='ocrx_word' id='word_1_307' title='bbox 1526 4091 1740 4161; x_wconf 78' lang='grc' dir='ltr'>παραρο</span> 
     </span>
    </p>
   </div>
   <div class='ocr_carea' id='block_1_42' title="bbox 168 4181 1525 4257">
    <p class='ocr_par' dir='ltr' id='par_1_42' title="bbox 168 4181 1525 4257">
     <span class='ocr_line' id='line_1_42' title="bbox 168 4181 1525 4257; baseline -0.002 -18"><span class='ocrx_word' id='word_1_308' title='bbox 168 4185 382 4256; x_wconf 77' lang='grc' dir='ltr'>ρίουσα,</span> <span class='ocrx_word' id='word_1_309' title='bbox 418 4185 514 4240; x_wconf 71' lang='grc' dir='ltr'>καὶ</span> <span class='ocrx_word' id='word_1_310' title='bbox 548 4181 814 4257; x_wconf 88' lang='grc' dir='ltr'>μηδαμῶς</span> <span class='ocrx_word' id='word_1_311' title='bbox 844 4181 1125 4254; x_wconf 77' lang='grc' dir='ltr'>παυομένη</span> <span class='ocrx_word' id='word_1_312' title='bbox 1153 4183 1249 4236; x_wconf 88' lang='lat'><strong>106</strong></span> <span class='ocrx_word' id='word_1_313' title='bbox 1286 4181 1525 4255; x_wconf 88' lang='grc' dir='ltr'>δρόμου.</span> 
     </span>
    </p>
   </div>
   <div class='ocr_carea' id='block_1_43' title="bbox 229 4365 1731 4442">
    <p class='ocr_par' dir='ltr' id='par_1_43' title="bbox 229 4365 1731 4442">
     <span class='ocr_line' id='line_1_43' title="bbox 229 4365 1731 4442; baseline 0.001 -18"><span class='ocrx_word' id='word_1_314' title='bbox 229 4369 310 4424; x_wconf 81' lang='grc' dir='ltr'>Τά</span> <span class='ocrx_word' id='word_1_315' title='bbox 334 4367 445 4424; x_wconf 79' lang='grc' dir='ltr'><strong>άπδ</strong></span> <span class='ocrx_word' id='word_1_316' title='bbox 481 4365 676 4440; x_wconf 83' lang='grc' dir='ltr'>χρόνου</span> <span class='ocrx_word' id='word_1_317' title='bbox 699 4366 1006 4440; x_wconf 79' lang='grc' dir='ltr'>ἀρξάμενα,</span> <span class='ocrx_word' id='word_1_318' title='bbox 1043 4367 1258 4442; x_wconf 80' lang='grc' dir='ltr'>ἀνάγκη</span> <span class='ocrx_word' id='word_1_319' title='bbox 1294 4367 1514 4436; x_wconf 84' lang='grc' dir='ltr'>πάντως</span> <span class='ocrx_word' id='word_1_320' title='bbox 1546 4371 1644 4427; x_wconf 69' lang='grc' dir='ltr'><strong>καὶ</strong></span> <span class='ocrx_word' id='word_1_321' title='bbox 1671 4370 1731 4426; x_wconf 76' lang='grc' dir='ltr'>ἐν</span> 
     </span>
    </p>
   </div>
   <div class='ocr_carea' id='block_1_44' title="bbox 167 4459 1737 4540">
    <p class='ocr_par' dir='ltr' id='par_1_44' title="bbox 167 4459 1737 4540">
     <span class='ocr_line' id='line_1_44' title="bbox 167 4459 1737 4540; baseline 0.003 -26"><span class='ocrx_word' id='word_1_322' title='bbox 167 4462 334 4534; x_wconf 81' lang='grc' dir='ltr'>χρόνῳ</span> <span class='ocrx_word' id='word_1_323' title='bbox 389 4459 783 4516; x_wconf 84' lang='grc' dir='ltr'>συντελεῖσθαι.</span> <span class='ocrx_word' id='word_1_324' title='bbox 842 4461 906 4516; x_wconf 79' lang='lat' dir='ltr'><strong>El</strong></span> <span class='ocrx_word' id='word_1_325' title='bbox 945 4461 1122 4534; x_wconf 72' lang='grc' dir='ltr'>ἀρχὴν</span> <span class='ocrx_word' id='word_1_326' title='bbox 1151 4461 1266 4534; x_wconf 69' lang='grc' dir='ltr'>ἔχει</span> <span class='ocrx_word' id='word_1_327' title='bbox 1317 4463 1602 4538; x_wconf 81' lang='grc' dir='ltr'>χρονικὴν,</span> <span class='ocrx_word' id='word_1_328' title='bbox 1661 4466 1737 4540; x_wconf 81' lang='grc' dir='ltr'>μὴ</span> 
     </span>
    </p>
   </div>
   <div class='ocr_carea' id='block_1_45' title="bbox 1867 570 3236 640">
    <p class='ocr_par' dir='ltr' id='par_1_45' title="bbox 1867 570 3236 640">
     <span class='ocr_line' id='line_1_45' title="bbox 1867 570 3236 640; baseline 0.004 -17"><span class='ocrx_word' id='word_1_329' title='bbox 1867 583 2040 640; x_wconf 84' lang='lat' dir='ltr'><strong>prona</strong></span> <span class='ocrx_word' id='word_1_330' title='bbox 2070 579 2201 627; x_wconf 85' lang='lat' dir='ltr'><strong>sunt</strong></span> <span class='ocrx_word' id='word_1_331' title='bbox 2224 570 2292 627; x_wconf 84' lang='lat' dir='ltr'><strong>ad</strong></span> <span class='ocrx_word' id='word_1_332' title='bbox 2328 570 2533 628; x_wconf 87' lang='lat' dir='ltr'><strong>malum</strong></span> <span class='ocrx_word' id='word_1_333' title='bbox 2564 572 2634 627; x_wconf 88' lang='lat' dir='ltr'><strong>ab</strong></span> <span class='ocrx_word' id='word_1_334' title='bbox 2653 572 3027 629; x_wconf 73' lang='lat' dir='ltr'><strong>adolescentia</strong></span> <span class='ocrx_word' id='word_1_335' title='bbox 3054 588 3177 630; x_wconf 84' lang='lat' dir='ltr'><strong>sua.</strong></span> <span class='ocrx_word' id='word_1_336' title='bbox 3213 591 3236 628; x_wconf 78' lang='grc' dir='ltr'><strong>ε</strong></span> 
     </span>
    </p>
   </div>
   <div class='ocr_carea' id='block_1_46' title="bbox 1931 659 3452 735">
    <p class='ocr_par' dir='ltr' id='par_1_46' title="bbox 1931 659 3452 735">
     <span class='ocr_line' id='line_1_46' title="bbox 1931 659 3452 735; baseline 0.004 -21"><span class='ocrx_word' id='word_1_337' title='bbox 1931 659 2059 715; x_wconf 77' lang='lat' dir='ltr'><strong>Jac.</strong></span> <span class='ocrx_word' id='word_1_338' title='bbox 2102 676 2201 729; x_wconf 74' lang='grc' dir='ltr'><strong>νυ,</strong></span> <span class='ocrx_word' id='word_1_339' title='bbox 2238 662 2292 718; x_wconf 75' lang='grc'><strong>1.</strong></span> <span class='ocrx_word' id='word_1_340' title='bbox 2320 691 2394 704; x_wconf 92' lang='lat'><strong>—-</strong></span> <span class='ocrx_word' id='word_1_341' title='bbox 2437 680 2457 716; x_wconf 86' lang='grc' dir='ltr'><strong>ε</strong></span> <span class='ocrx_word' id='word_1_342' title='bbox 2493 661 2755 735; x_wconf 82' lang='lat' dir='ltr'><strong>Nunquid</strong></span> <span class='ocrx_word' id='word_1_343' title='bbox 2787 679 2899 719; x_wconf 89' lang='lat' dir='ltr'><strong>non</strong></span> <span class='ocrx_word' id='word_1_344' title='bbox 2949 664 3180 721; x_wconf 79' lang='lat' dir='ltr'><strong>tentatio</strong></span> <span class='ocrx_word' id='word_1_345' title='bbox 3223 673 3310 721; x_wconf 86' lang='lat' dir='ltr'><strong>est</strong></span> <span class='ocrx_word' id='word_1_346' title='bbox 3341 665 3452 722; x_wconf 77' lang='lat' dir='ltr'><strong>vita</strong></span> 
     </span>
    </p>
   </div>
   <div class='ocr_carea' id='block_1_47' title="bbox 1863 752 2639 826">
    <p class='ocr_par' dir='ltr' id='par_1_47' title="bbox 1863 752 2639 826">
     <span class='ocr_line' id='line_1_47' title="bbox 1863 752 2639 826; baseline -0.001 -18"><span class='ocrx_word' id='word_1_347' title='bbox 1863 752 2104 810; x_wconf 83' lang='lat' dir='ltr'><strong>hominis</strong></span> <span class='ocrx_word' id='word_1_348' title='bbox 2134 769 2303 826; x_wconf 78' lang='lat' dir='ltr'><strong>super</strong></span> <span class='ocrx_word' id='word_1_349' title='bbox 2330 762 2535 810; x_wconf 86' lang='lat' dir='ltr'><strong>terram</strong></span> <span class='ocrx_word' id='word_1_350' title='bbox 2566 753 2590 808; x_wconf 72' lang='grc' dir='ltr'><strong>ί</strong></span> <span class='ocrx_word' id='word_1_351' title='bbox 2616 772 2639 807; x_wconf 72' lang='grc' dir='ltr'><strong>ε</strong></span> 
     </span>
    </p>
   </div>
   <div class='ocr_carea' id='block_1_48' title="bbox 1937 844 3454 918">
    <p class='ocr_par' dir='ltr' id='par_1_48' title="bbox 1937 844 3454 918">
     <span class='ocr_line' id='line_1_48' title="bbox 1937 844 3454 918; baseline 0.001 -20"><span class='ocrx_word' id='word_1_352' title='bbox 1937 844 2112 900; x_wconf 76' lang='lat' dir='ltr'><strong>Eccli.</strong></span> <span class='ocrx_word' id='word_1_353' title='bbox 2145 861 2300 914; x_wconf 73' lang='lat' dir='ltr'><strong>sim,</strong></span> <span class='ocrx_word' id='word_1_354' title='bbox 2330 845 2420 902; x_wconf 74' lang='grc'><strong>13.</strong></span> <span class='ocrx_word' id='word_1_355' title='bbox 2451 876 2522 888; x_wconf 91' lang='grc'><strong>-</strong></span> <span class='ocrx_word' id='word_1_356' title='bbox 2562 864 2584 899; x_wconf 78' lang='grc' dir='ltr'><strong>ε</strong></span> <span class='ocrx_word' id='word_1_357' title='bbox 2617 845 3052 918; x_wconf 80' lang='lat' dir='ltr'><strong>Occupationem</strong></span> <span class='ocrx_word' id='word_1_358' title='bbox 3076 846 3277 902; x_wconf 82' lang='lat' dir='ltr'><strong>malam</strong></span> <span class='ocrx_word' id='word_1_359' title='bbox 3303 845 3454 902; x_wconf 86' lang='lat' dir='ltr'><strong>dedit</strong></span> 
     </span>
    </p>
   </div>
   <div class='ocr_carea' id='block_1_49' title="bbox 1864 934 3236 1009">
    <p class='ocr_par' dir='ltr' id='par_1_49' title="bbox 1864 934 3236 1009">
     <span class='ocr_line' id='line_1_49' title="bbox 1864 934 3236 1009; baseline 0 -18"><span class='ocrx_word' id='word_1_360' title='bbox 1864 934 2008 993; x_wconf 86' lang='lat' dir='ltr'><strong>Deus</strong></span> <span class='ocrx_word' id='word_1_361' title='bbox 2047 937 2178 993; x_wconf 79' lang='lat' dir='ltr'><strong>(iliis</strong></span> <span class='ocrx_word' id='word_1_362' title='bbox 2208 936 2518 1005; x_wconf 86' lang='lat' dir='ltr'><strong>hominum,</strong></span> <span class='ocrx_word' id='word_1_363' title='bbox 2545 948 2604 994; x_wconf 87' lang='lat' dir='ltr'><strong>ut</strong></span> <span class='ocrx_word' id='word_1_364' title='bbox 2625 947 2975 1009; x_wconf 81' lang='lat' dir='ltr'><strong>occupentur</strong></span> <span class='ocrx_word' id='word_1_365' title='bbox 3006 941 3060 993; x_wconf 90' lang='lat' dir='ltr'><strong>in</strong></span> <span class='ocrx_word' id='word_1_366' title='bbox 3098 954 3182 994; x_wconf 85' lang='lat' dir='ltr'><strong>ea.</strong></span> <span class='ocrx_word' id='word_1_367' title='bbox 3215 957 3236 991; x_wconf 79' lang='grc'><strong>›</strong></span> 
     </span>
    </p>
   </div>
   <div class='ocr_carea' id='block_1_50' title="bbox 1934 1028 3450 1105">
    <p class='ocr_par' dir='ltr' id='par_1_50' title="bbox 1934 1028 3450 1105">
     <span class='ocr_line' id='line_1_50' title="bbox 1934 1028 3450 1105; baseline 0.003 -21"><span class='ocrx_word' id='word_1_368' title='bbox 1934 1028 2113 1084; x_wconf 79' lang='lat' dir='ltr'><strong>Eccle.</strong></span> <span class='ocrx_word' id='word_1_369' title='bbox 2146 1042 2224 1096; x_wconf 62' lang='lat' dir='ltr'><strong>is,</strong></span> <span class='ocrx_word' id='word_1_370' title='bbox 2259 1029 2314 1096; x_wconf 75' lang='lat'><strong>5,</strong></span> <span class='ocrx_word' id='word_1_371' title='bbox 2336 1029 2467 1085; x_wconf 78' lang='grc' dir='ltr'><strong>ε.-</strong></span> <span class='ocrx_word' id='word_1_372' title='bbox 2502 1048 2522 1084; x_wconf 82' lang='grc' dir='ltr'><strong>ε</strong></span> <span class='ocrx_word' id='word_1_373' title='bbox 2550 1031 2793 1088; x_wconf 82' lang='lat' dir='ltr'><strong>Eventus</strong></span> <span class='ocrx_word' id='word_1_374' title='bbox 2822 1047 2966 1086; x_wconf 88' lang='lat' dir='ltr'><strong>unus</strong></span> <span class='ocrx_word' id='word_1_375' title='bbox 2990 1031 3143 1102; x_wconf 79' lang='lat' dir='ltr'><strong>justo</strong></span> <span class='ocrx_word' id='word_1_376' title='bbox 3171 1040 3226 1087; x_wconf 88' lang='lat' dir='ltr'><strong>et</strong></span> <span class='ocrx_word' id='word_1_377' title='bbox 3260 1032 3450 1105; x_wconf 88' lang='lat' dir='ltr'><strong>impio,</strong></span> 
     </span>
    </p>
   </div>
   <div class='ocr_carea' id='block_1_51' title="bbox 1861 1118 3454 1195">
    <p class='ocr_par' dir='ltr' id='par_1_51' title="bbox 1861 1118 3454 1195">
     <span class='ocr_line' id='line_1_51' title="bbox 1861 1118 3454 1195; baseline 0.001 -17"><span class='ocrx_word' id='word_1_378' title='bbox 1861 1118 2012 1178; x_wconf 77' lang='lat' dir='ltr'><strong>bono</strong></span> <span class='ocrx_word' id='word_1_379' title='bbox 2037 1129 2092 1177; x_wconf 84' lang='lat' dir='ltr'><strong>et</strong></span> <span class='ocrx_word' id='word_1_380' title='bbox 2143 1121 2312 1189; x_wconf 72' lang='lat' dir='ltr'><strong>malo,</strong></span> <span class='ocrx_word' id='word_1_381' title='bbox 2358 1123 2567 1178; x_wconf 88' lang='lat' dir='ltr'><strong>mundo</strong></span> <span class='ocrx_word' id='word_1_382' title='bbox 2614 1132 2668 1179; x_wconf 91' lang='lat' dir='ltr'><strong>et</strong></span> <span class='ocrx_word' id='word_1_383' title='bbox 2715 1124 2950 1195; x_wconf 87' lang='lat' dir='ltr'><strong>polluto,</strong></span> <span class='ocrx_word' id='word_1_384' title='bbox 3006 1124 3351 1179; x_wconf 83' lang='lat' dir='ltr'><strong>sacriﬁcanti</strong></span> <span class='ocrx_word' id='word_1_385' title='bbox 3399 1135 3454 1180; x_wconf 88' lang='lat' dir='ltr'><strong>et</strong></span> 
     </span>
    </p>
   </div>
   <div class='ocr_carea' id='block_1_52' title="bbox 1861 1210 3453 1285">
    <p class='ocr_par' dir='ltr' id='par_1_52' title="bbox 1861 1210 3453 1285">
     <span class='ocr_line' id='line_1_52' title="bbox 1861 1210 3453 1285; baseline 0.001 -18"><span class='ocrx_word' id='word_1_386' title='bbox 1861 1227 1973 1269; x_wconf 86' lang='lat' dir='ltr'><strong>non</strong></span> <span class='ocrx_word' id='word_1_387' title='bbox 2006 1211 2367 1268; x_wconf 74' lang='lat' dir='ltr'><strong>sacriﬁcanti.</strong></span> <span class='ocrx_word' id='word_1_388' title='bbox 2425 1210 2516 1266; x_wconf 82' lang='lat' dir='ltr'><strong>Sic</strong></span> <span class='ocrx_word' id='word_1_389' title='bbox 2554 1211 2758 1278; x_wconf 85' lang='lat' dir='ltr'><strong>bonus,</strong></span> <span class='ocrx_word' id='word_1_390' title='bbox 2800 1222 2857 1268; x_wconf 90' lang='lat' dir='ltr'><strong>ut</strong></span> <span class='ocrx_word' id='word_1_391' title='bbox 2901 1224 3156 1282; x_wconf 80' lang='lat' dir='ltr'><strong>peccator</strong></span> <span class='ocrx_word' id='word_1_392' title='bbox 3188 1232 3204 1269; x_wconf 90' lang='lat'><strong>:</strong></span> <span class='ocrx_word' id='word_1_393' title='bbox 3243 1213 3324 1270; x_wconf 90' lang='lat' dir='ltr'><strong>sic</strong></span> <span class='ocrx_word' id='word_1_394' title='bbox 3360 1213 3453 1285; x_wconf 83' lang='lat' dir='ltr'><strong>ju-</strong></span> 
     </span>
    </p>
   </div>
   <div class='ocr_carea' id='block_1_53' title="bbox 1860 1298 3449 1374">
    <p class='ocr_par' dir='ltr' id='par_1_53' title="bbox 1860 1298 3449 1374">
     <span class='ocr_line' id='line_1_53' title="bbox 1860 1298 3449 1374; baseline 0.001 -18"><span class='ocrx_word' id='word_1_395' title='bbox 1860 1313 2014 1368; x_wconf 81' lang='lat' dir='ltr'><strong>raus,</strong></span> <span class='ocrx_word' id='word_1_396' title='bbox 2052 1301 2197 1357; x_wconf 81' lang='lat' dir='ltr'><strong>sicut</strong></span> <span class='ocrx_word' id='word_1_397' title='bbox 2229 1298 2599 1374; x_wconf 68' lang='lat' dir='ltr'><strong>luramentum</strong></span> <span class='ocrx_word' id='word_1_398' title='bbox 2643 1303 2864 1358; x_wconf 83' lang='lat' dir='ltr'><strong>timens.</strong></span> <span class='ocrx_word' id='word_1_399' title='bbox 2895 1302 3008 1357; x_wconf 87' lang='lat' dir='ltr'><strong>Hoc</strong></span> <span class='ocrx_word' id='word_1_400' title='bbox 3043 1312 3126 1358; x_wconf 82' lang='lat' dir='ltr'><strong>est</strong></span> <span class='ocrx_word' id='word_1_401' title='bbox 3155 1304 3449 1374; x_wconf 86' lang='lat' dir='ltr'><strong>pessimum</strong></span> 
     </span>
    </p>
   </div>
   <div class='ocr_carea' id='block_1_54' title="bbox 1860 1391 3448 1467">
    <p class='ocr_par' dir='ltr' id='par_1_54' title="bbox 1860 1391 3448 1467">
     <span class='ocr_line' id='line_1_54' title="bbox 1860 1391 3448 1467; baseline 0.001 -19"><span class='ocrx_word' id='word_1_402' title='bbox 1860 1391 1919 1450; x_wconf 79' lang='lat' dir='ltr'><strong>in</strong></span> <span class='ocrx_word' id='word_1_403' title='bbox 1946 1394 2093 1450; x_wconf 88' lang='lat' dir='ltr'><strong>omni</strong></span> <span class='ocrx_word' id='word_1_404' title='bbox 2145 1392 2297 1466; x_wconf 90' lang='lat' dir='ltr'><strong>quod</strong></span> <span class='ocrx_word' id='word_1_405' title='bbox 2346 1392 2547 1448; x_wconf 80' lang='lat' dir='ltr'><strong>factum</strong></span> <span class='ocrx_word' id='word_1_406' title='bbox 2578 1403 2662 1449; x_wconf 88' lang='lat' dir='ltr'><strong>est</strong></span> <span class='ocrx_word' id='word_1_407' title='bbox 2708 1396 2815 1451; x_wconf 87' lang='lat' dir='ltr'><strong>sub</strong></span> <span class='ocrx_word' id='word_1_408' title='bbox 2871 1395 3005 1462; x_wconf 87' lang='lat' dir='ltr'><strong>sole,</strong></span> <span class='ocrx_word' id='word_1_409' title='bbox 3036 1394 3182 1467; x_wconf 89' lang='lat' dir='ltr'><strong>quod</strong></span> <span class='ocrx_word' id='word_1_410' title='bbox 3216 1405 3448 1452; x_wconf 76' lang='lat' dir='ltr'><strong>eventus</strong></span> 
     </span>
    </p>
   </div>
   <div class='ocr_carea' id='block_1_55' title="bbox 1860 1486 2498 1542">
    <p class='ocr_par' dir='ltr' id='par_1_55' title="bbox 1860 1486 2498 1542">
     <span class='ocr_line' id='line_1_55' title="bbox 1860 1486 2498 1542; baseline -0.003 -2"><span class='ocrx_word' id='word_1_411' title='bbox 1860 1500 2007 1542; x_wconf 83' lang='lat' dir='ltr'><strong>unus</strong></span> <span class='ocrx_word' id='word_1_412' title='bbox 2043 1486 2304 1541; x_wconf 90' lang='lat' dir='ltr'><strong>omnibus</strong></span> <span class='ocrx_word' id='word_1_413' title='bbox 2345 1486 2440 1541; x_wconf 87' lang='lat' dir='ltr'><strong>sit.</strong></span> <span class='ocrx_word' id='word_1_414' title='bbox 2477 1504 2498 1538; x_wconf 72' lang='grc' dir='ltr'><strong>ι</strong></span> 
     </span>
    </p>
   </div>
   <div class='ocr_carea' id='block_1_56' title="bbox 1934 1575 3448 1652">
    <p class='ocr_par' dir='ltr' id='par_1_56' title="bbox 1934 1575 3448 1652">
     <span class='ocr_line' id='line_1_56' title="bbox 1934 1575 3448 1652; baseline 0.003 -20"><span class='ocrx_word' id='word_1_415' title='bbox 1934 1575 2068 1632; x_wconf 80' lang='lat' dir='ltr'><strong>Osee</strong></span> <span class='ocrx_word' id='word_1_416' title='bbox 2113 1594 2189 1646; x_wconf 80' lang='lat' dir='ltr'><strong>tv,</strong></span> <span class='ocrx_word' id='word_1_417' title='bbox 2225 1579 2281 1636; x_wconf 76' lang='lat'><strong>2.</strong></span> <span class='ocrx_word' id='word_1_418' title='bbox 2329 1611 2400 1622; x_wconf 89' lang='lat'><strong>--</strong></span> <span class='ocrx_word' id='word_1_419' title='bbox 2442 1599 2462 1632; x_wconf 74' lang='grc' dir='ltr'><strong>ι</strong></span> <span class='ocrx_word' id='word_1_420' title='bbox 2495 1577 2612 1634; x_wconf 86' lang='lat' dir='ltr'><strong>Non</strong></span> <span class='ocrx_word' id='word_1_421' title='bbox 2646 1588 2729 1636; x_wconf 86' lang='lat' dir='ltr'><strong>est</strong></span> <span class='ocrx_word' id='word_1_422' title='bbox 2759 1580 2987 1647; x_wconf 85' lang='lat' dir='ltr'><strong>veritas,</strong></span> <span class='ocrx_word' id='word_1_423' title='bbox 3021 1596 3196 1652; x_wconf 90' lang='lat' dir='ltr'><strong>neque</strong></span> <span class='ocrx_word' id='word_1_424' title='bbox 3230 1581 3448 1637; x_wconf 60' lang='lat' dir='ltr'><strong>miseri-</strong></span> 
     </span>
    </p>
   </div>
   <div class='ocr_carea' id='block_1_57' title="bbox 1859 1670 3446 1743">
    <p class='ocr_par' dir='ltr' id='par_1_57' title="bbox 1859 1670 3446 1743">
     <span class='ocr_line' id='line_1_57' title="bbox 1859 1670 3446 1743; baseline 0.003 -19"><span class='ocrx_word' id='word_1_425' title='bbox 1859 1670 2070 1737; x_wconf 87' lang='lat' dir='ltr'><strong>cordia,</strong></span> <span class='ocrx_word' id='word_1_426' title='bbox 2102 1687 2277 1741; x_wconf 82' lang='lat' dir='ltr'><strong>neque</strong></span> <span class='ocrx_word' id='word_1_427' title='bbox 2307 1673 2542 1728; x_wconf 89' lang='lat' dir='ltr'><strong>scientia</strong></span> <span class='ocrx_word' id='word_1_428' title='bbox 2563 1672 2658 1728; x_wconf 81' lang='lat' dir='ltr'><strong>Dei</strong></span> <span class='ocrx_word' id='word_1_429' title='bbox 2685 1689 2850 1743; x_wconf 84' lang='lat' dir='ltr'><strong>super</strong></span> <span class='ocrx_word' id='word_1_430' title='bbox 2873 1683 3094 1727; x_wconf 86' lang='lat' dir='ltr'><strong>terram.</strong></span> <span class='ocrx_word' id='word_1_431' title='bbox 3117 1672 3446 1740; x_wconf 86' lang='lat' dir='ltr'><strong>Maledictio,</strong></span> 
     </span>
    </p>
   </div>
   <div class='ocr_carea' id='block_1_58' title="bbox 1862 1764 3453 1832">
    <p class='ocr_par' dir='ltr' id='par_1_58' title="bbox 1862 1764 3453 1832">
     <span class='ocr_line' id='line_1_58' title="bbox 1862 1764 3453 1832; baseline 0.002 -13"><span class='ocrx_word' id='word_1_432' title='bbox 1862 1773 1918 1819; x_wconf 87' lang='lat' dir='ltr'><strong>et</strong></span> <span class='ocrx_word' id='word_1_433' title='bbox 1954 1764 2323 1832; x_wconf 86' lang='lat' dir='ltr'><strong>mendacium,</strong></span> <span class='ocrx_word' id='word_1_434' title='bbox 2360 1775 2415 1821; x_wconf 91' lang='lat' dir='ltr'><strong>et</strong></span> <span class='ocrx_word' id='word_1_435' title='bbox 2449 1766 2833 1832; x_wconf 87' lang='lat' dir='ltr'><strong>homicidium,</strong></span> <span class='ocrx_word' id='word_1_436' title='bbox 2859 1775 2913 1822; x_wconf 90' lang='lat' dir='ltr'><strong>et</strong></span> <span class='ocrx_word' id='word_1_437' title='bbox 2945 1765 3177 1830; x_wconf 78' lang='lat' dir='ltr'><strong>furtum,</strong></span> <span class='ocrx_word' id='word_1_438' title='bbox 3205 1777 3258 1823; x_wconf 90' lang='lat' dir='ltr'><strong>et</strong></span> <span class='ocrx_word' id='word_1_439' title='bbox 3291 1765 3453 1822; x_wconf 80' lang='lat' dir='ltr'><strong>adul-</strong></span> 
     </span>
    </p>
   </div>
   <div class='ocr_carea' id='block_1_59' title="bbox 1791 1855 2950 1928">
    <p class='ocr_par' dir='ltr' id='par_1_59' title="bbox 1791 1855 2950 1928">
     <span class='ocr_line' id='line_1_59' title="bbox 1791 1855 2950 1928; baseline -0.001 -17"><span class='ocrx_word' id='word_1_440' title='bbox 1791 1859 1835 1920; x_wconf 82' lang='lat' dir='ltr'><strong><em>B</em></strong></span> <span class='ocrx_word' id='word_1_441' title='bbox 1865 1855 2060 1911; x_wconf 87' lang='lat' dir='ltr'><strong>terium</strong></span> <span class='ocrx_word' id='word_1_442' title='bbox 2086 1856 2320 1914; x_wconf 77' lang='lat' dir='ltr'><strong>elIusum</strong></span> <span class='ocrx_word' id='word_1_443' title='bbox 2352 1864 2435 1914; x_wconf 90' lang='grc' dir='ltr'><strong>εει</strong></span> <span class='ocrx_word' id='word_1_444' title='bbox 2475 1873 2641 1928; x_wconf 87' lang='lat' dir='ltr'><strong>super</strong></span> <span class='ocrx_word' id='word_1_445' title='bbox 2671 1869 2893 1914; x_wconf 84' lang='lat' dir='ltr'><strong>terram.</strong></span> <span class='ocrx_word' id='word_1_446' title='bbox 2930 1877 2950 1910; x_wconf 76' lang='grc' dir='ltr'><strong>ι</strong></span> 
     </span>
    </p>
   </div>
   <div class='ocr_carea' id='block_1_60' title="bbox 1933 1946 3448 2020">
    <p class='ocr_par' dir='ltr' id='par_1_60' title="bbox 1933 1946 3448 2020">
     <span class='ocr_line' id='line_1_60' title="bbox 1933 1946 3448 2020; baseline 0.001 -20"><span class='ocrx_word' id='word_1_447' title='bbox 1933 1946 2102 2002; x_wconf 83' lang='lat' dir='ltr'><strong>Eccli.</strong></span> <span class='ocrx_word' id='word_1_448' title='bbox 2137 1965 2225 2016; x_wconf 79' lang='grc' dir='ltr'>η,</span> <span class='ocrx_word' id='word_1_449' title='bbox 2257 1948 2315 2011; x_wconf 78' lang='grc'>4,</span> <span class='ocrx_word' id='word_1_450' title='bbox 2344 1948 2401 2003; x_wconf 84' lang='lat'><strong>5.</strong></span> <span class='ocrx_word' id='word_1_451' title='bbox 2427 1979 2498 1990; x_wconf 85' lang='lat'><strong>-—</strong></span> <span class='ocrx_word' id='word_1_452' title='bbox 2525 1949 2686 2020; x_wconf 74' lang='lat'><strong>392</strong></span> <span class='ocrx_word' id='word_1_453' title='bbox 2723 1967 2742 2000; x_wconf 83' lang='grc' dir='ltr'><strong>ε</strong></span> <span class='ocrx_word' id='word_1_454' title='bbox 2780 1950 2861 2006; x_wconf 82' lang='lat' dir='ltr'><strong>Ab</strong></span> <span class='ocrx_word' id='word_1_455' title='bbox 2894 1964 2958 2004; x_wconf 88' lang='lat' dir='ltr'><strong>eo</strong></span> <span class='ocrx_word' id='word_1_456' title='bbox 2989 1947 3079 2019; x_wconf 87' lang='lat' dir='ltr'><strong>qui</strong></span> <span class='ocrx_word' id='word_1_457' title='bbox 3114 1947 3286 2004; x_wconf 85' lang='lat' dir='ltr'><strong>utitur</strong></span> <span class='ocrx_word' id='word_1_458' title='bbox 3313 1947 3448 2020; x_wconf 76' lang='lat' dir='ltr'><strong>hya-</strong></span> 
     </span>
    </p>
   </div>
   <div class='ocr_carea' id='block_1_61' title="bbox 1859 2037 3484 2114">
    <p class='ocr_par' dir='ltr' id='par_1_61' title="bbox 1859 2037 3484 2114">
     <span class='ocr_line' id='line_1_61' title="bbox 1859 2037 3484 2114; baseline 0.001 -18"><span class='ocrx_word' id='word_1_459' title='bbox 1859 2037 2073 2107; x_wconf 82' lang='lat' dir='ltr'><strong>cintho,</strong></span> <span class='ocrx_word' id='word_1_460' title='bbox 2105 2048 2162 2097; x_wconf 91' lang='lat' dir='ltr'><strong>et</strong></span> <span class='ocrx_word' id='word_1_461' title='bbox 2195 2050 2378 2114; x_wconf 85' lang='lat' dir='ltr'><strong>portat</strong></span> <span class='ocrx_word' id='word_1_462' title='bbox 2407 2056 2691 2110; x_wconf 88' lang='lat' dir='ltr'><strong>coronam,</strong></span> <span class='ocrx_word' id='word_1_463' title='bbox 2721 2057 2899 2114; x_wconf 88' lang='lat' dir='ltr'><strong>usque</strong></span> <span class='ocrx_word' id='word_1_464' title='bbox 2926 2041 2993 2096; x_wconf 90' lang='lat' dir='ltr'><strong>ad</strong></span> <span class='ocrx_word' id='word_1_465' title='bbox 3024 2058 3148 2098; x_wconf 87' lang='lat' dir='ltr'><strong>eum</strong></span> <span class='ocrx_word' id='word_1_466' title='bbox 3186 2042 3282 2113; x_wconf 86' lang='lat' dir='ltr'><strong>qui</strong></span> <span class='ocrx_word' id='word_1_467' title='bbox 3317 2057 3448 2112; x_wconf 88' lang='lat' dir='ltr'><strong>ope-</strong></span> <span class='ocrx_word' id='word_1_468' title='bbox 3479 2063 3484 2069; x_wconf 91' lang='grc'><strong>·</strong></span> 
     </span>
    </p>
   </div>
   <div class='ocr_carea' id='block_1_62' title="bbox 1857 2133 3448 2204">
    <p class='ocr_par' dir='ltr' id='par_1_62' title="bbox 1857 2133 3448 2204">
     <span class='ocr_line' id='line_1_62' title="bbox 1857 2133 3448 2204; baseline 0 -15"><span class='ocrx_word' id='word_1_469' title='bbox 1857 2133 2001 2189; x_wconf 89' lang='lat' dir='ltr'><strong>ritur</strong></span> <span class='ocrx_word' id='word_1_470' title='bbox 2048 2135 2161 2189; x_wconf 91' lang='lat' dir='ltr'><strong>lino</strong></span> <span class='ocrx_word' id='word_1_471' title='bbox 2194 2135 2388 2202; x_wconf 92' lang='lat' dir='ltr'><strong>crudo,</strong></span> <span class='ocrx_word' id='word_1_472' title='bbox 2442 2134 2597 2191; x_wconf 80' lang='lat' dir='ltr'><strong>furor</strong></span> <span class='ocrx_word' id='word_1_473' title='bbox 2635 2142 2690 2191; x_wconf 88' lang='lat' dir='ltr'><strong>et</strong></span> <span class='ocrx_word' id='word_1_474' title='bbox 2745 2137 2920 2204; x_wconf 83' lang='lat' dir='ltr'><strong>zelus,</strong></span> <span class='ocrx_word' id='word_1_475' title='bbox 2964 2143 3019 2191; x_wconf 88' lang='lat' dir='ltr'><strong>et</strong></span> <span class='ocrx_word' id='word_1_476' title='bbox 3062 2137 3352 2198; x_wconf 89' lang='lat' dir='ltr'><strong>tumultus,</strong></span> <span class='ocrx_word' id='word_1_477' title='bbox 3391 2142 3448 2189; x_wconf 87' lang='lat' dir='ltr'><strong>et</strong></span> 
     </span>
    </p>
   </div>
   <div class='ocr_carea' id='block_1_63' title="bbox 1857 2225 3445 2301">
    <p class='ocr_par' dir='ltr' id='par_1_63' title="bbox 1857 2225 3445 2301">
     <span class='ocr_line' id='line_1_63' title="bbox 1857 2225 3445 2301; baseline 0.003 -21"><span class='ocrx_word' id='word_1_478' title='bbox 1857 2225 2170 2294; x_wconf 82' lang='lat' dir='ltr'><strong>ﬂuctuatio,</strong></span> <span class='ocrx_word' id='word_1_479' title='bbox 2201 2237 2256 2284; x_wconf 88' lang='lat' dir='ltr'><strong>et</strong></span> <span class='ocrx_word' id='word_1_480' title='bbox 2284 2227 2449 2284; x_wconf 86' lang='lat' dir='ltr'><strong>timor</strong></span> <span class='ocrx_word' id='word_1_481' title='bbox 2492 2229 2708 2295; x_wconf 85' lang='lat' dir='ltr'><strong>mortis,</strong></span> <span class='ocrx_word' id='word_1_482' title='bbox 2741 2228 3025 2286; x_wconf 84' lang='lat' dir='ltr'><strong>iracundia</strong></span> <span class='ocrx_word' id='word_1_483' title='bbox 3063 2244 3445 2301; x_wconf 77' lang='lat' dir='ltr'><strong>perseverans,</strong></span> 
     </span>
    </p>
   </div>
   <div class='ocr_carea' id='block_1_64' title="bbox 1856 2320 2301 2376">
    <p class='ocr_par' dir='ltr' id='par_1_64' title="bbox 1856 2320 2301 2376">
     <span class='ocr_line' id='line_1_64' title="bbox 1856 2320 2301 2376; baseline -0.007 0"><span class='ocrx_word' id='word_1_484' title='bbox 1856 2327 1913 2376; x_wconf 88' lang='lat' dir='ltr'><strong>et</strong></span> <span class='ocrx_word' id='word_1_485' title='bbox 1945 2320 2248 2376; x_wconf 84' lang='lat' dir='ltr'><strong>contentio.</strong></span> <span class='ocrx_word' id='word_1_486' title='bbox 2281 2339 2301 2373; x_wconf 81' lang='grc' dir='ltr'><strong>ε</strong></span> 
     </span>
    </p>
   </div>
   <div class='ocr_carea' id='block_1_65' title="bbox 1925 2411 3444 2488">
    <p class='ocr_par' dir='ltr' id='par_1_65' title="bbox 1925 2411 3444 2488">
     <span class='ocr_line' id='line_1_65' title="bbox 1925 2411 3444 2488; baseline 0.002 -20"><span class='ocrx_word' id='word_1_487' title='bbox 1925 2411 2046 2469; x_wconf 84' lang='lat' dir='ltr'><strong>Jac.</strong></span> <span class='ocrx_word' id='word_1_488' title='bbox 2076 2429 2150 2478; x_wconf 82' lang='lat' dir='ltr'><strong>tv,</strong></span> <span class='ocrx_word' id='word_1_489' title='bbox 2173 2415 2227 2472; x_wconf 70' lang='grc'><strong>4.</strong></span> <span class='ocrx_word' id='word_1_490' title='bbox 2254 2445 2326 2456; x_wconf 92' lang='grc'><strong>-</strong></span> <span class='ocrx_word' id='word_1_491' title='bbox 2362 2434 2381 2468; x_wconf 82' lang='grc' dir='ltr'><strong>ι</strong></span> <span class='ocrx_word' id='word_1_492' title='bbox 2424 2417 2503 2471; x_wconf 72' lang='lat' dir='ltr'><strong>An</strong></span> <span class='ocrx_word' id='word_1_493' title='bbox 2554 2416 2780 2472; x_wconf 89' lang='lat' dir='ltr'><strong>nescitis</strong></span> <span class='ocrx_word' id='word_1_494' title='bbox 2803 2418 2932 2488; x_wconf 85' lang='lat' dir='ltr'><strong>quia</strong></span> <span class='ocrx_word' id='word_1_495' title='bbox 2959 2417 3200 2473; x_wconf 81' lang='lat' dir='ltr'><strong>amicitia</strong></span> <span class='ocrx_word' id='word_1_496' title='bbox 3231 2418 3444 2487; x_wconf 88' lang='lat' dir='ltr'><strong>mundi,</strong></span> 
     </span>
    </p>
   </div>
   <div class='ocr_carea' id='block_1_66' title="bbox 1855 2503 3445 2579">
    <p class='ocr_par' dir='ltr' id='par_1_66' title="bbox 1855 2503 3445 2579">
     <span class='ocr_line' id='line_1_66' title="bbox 1855 2503 3445 2579; baseline 0.005 -18"><span class='ocrx_word' id='word_1_497' title='bbox 1855 2503 2147 2561; x_wconf 87' lang='lat' dir='ltr'><strong>inimicitia</strong></span> <span class='ocrx_word' id='word_1_498' title='bbox 2177 2514 2262 2562; x_wconf 89' lang='lat' dir='ltr'><strong>est</strong></span> <span class='ocrx_word' id='word_1_499' title='bbox 2297 2506 2390 2563; x_wconf 88' lang='lat' dir='ltr'><strong>Dei</strong></span> <span class='ocrx_word' id='word_1_500' title='bbox 2409 2509 2433 2562; x_wconf 74' lang='grc' dir='ltr'><strong><em>Ἰ</em></strong></span> <span class='ocrx_word' id='word_1_501' title='bbox 2452 2508 2548 2579; x_wconf 91' lang='lat' dir='ltr'><strong>qui</strong></span> <span class='ocrx_word' id='word_1_502' title='bbox 2578 2509 2818 2565; x_wconf 89' lang='lat' dir='ltr'><strong>voluerit</strong></span> <span class='ocrx_word' id='word_1_503' title='bbox 2843 2510 3056 2568; x_wconf 88' lang='lat' dir='ltr'><strong>amicus</strong></span> <span class='ocrx_word' id='word_1_504' title='bbox 3081 2525 3204 2567; x_wconf 88' lang='lat' dir='ltr'><strong>esse</strong></span> <span class='ocrx_word' id='word_1_505' title='bbox 3231 2513 3445 2579; x_wconf 88' lang='lat' dir='ltr'><strong>mundi,</strong></span> 
     </span>
    </p>
   </div>
   <div class='ocr_carea' id='block_1_67' title="bbox 1854 2594 2705 2656">
    <p class='ocr_par' dir='ltr' id='par_1_67' title="bbox 1854 2594 2705 2656">
     <span class='ocr_line' id='line_1_67' title="bbox 1854 2594 2705 2656; baseline 0.007 -6"><span class='ocrx_word' id='word_1_506' title='bbox 1854 2594 2117 2653; x_wconf 86' lang='lat' dir='ltr'><strong>inimicus</strong></span> <span class='ocrx_word' id='word_1_507' title='bbox 2146 2595 2239 2654; x_wconf 88' lang='lat' dir='ltr'><strong>Dei</strong></span> <span class='ocrx_word' id='word_1_508' title='bbox 2270 2600 2650 2656; x_wconf 89' lang='lat' dir='ltr'><strong>constituitur.</strong></span> <span class='ocrx_word' id='word_1_509' title='bbox 2685 2619 2705 2655; x_wconf 72' lang='grc' dir='ltr'><strong>ε</strong></span> 
     </span>
    </p>
   </div>
   <div class='ocr_carea' id='block_1_68' title="bbox 1927 2688 3441 2766">
    <p class='ocr_par' dir='ltr' id='par_1_68' title="bbox 1927 2688 3441 2766">
     <span class='ocr_line' id='line_1_68' title="bbox 1927 2688 3441 2766; baseline 0.007 -23"><span class='ocrx_word' id='word_1_510' title='bbox 1927 2688 1958 2743; x_wconf 85' lang='grc'><em>1</em></span> <span class='ocrx_word' id='word_1_511' title='bbox 1988 2689 2153 2746; x_wconf 82' lang='lat' dir='ltr'><strong>Joan.</strong></span> <span class='ocrx_word' id='word_1_512' title='bbox 2185 2708 2249 2760; x_wconf 83' lang='grc' dir='ltr'><strong>ιι,</strong></span> <span class='ocrx_word' id='word_1_513' title='bbox 2279 2693 2468 2750; x_wconf 77' lang='grc'><strong>15-17.</strong></span> <span class='ocrx_word' id='word_1_514' title='bbox 2503 2721 2578 2735; x_wconf 79' lang='grc'><strong>--</strong></span> <span class='ocrx_word' id='word_1_515' title='bbox 2621 2712 2644 2748; x_wconf 79' lang='grc' dir='ltr'><strong>ε</strong></span> <span class='ocrx_word' id='word_1_516' title='bbox 2679 2693 2856 2749; x_wconf 78' lang='lat' dir='ltr'><strong>Nolite</strong></span> <span class='ocrx_word' id='word_1_517' title='bbox 2888 2693 3122 2766; x_wconf 77' lang='lat' dir='ltr'><strong>diligere</strong></span> <span class='ocrx_word' id='word_1_518' title='bbox 3152 2696 3441 2765; x_wconf 90' lang='lat' dir='ltr'><strong>mundum,</strong></span> 
     </span>
    </p>
   </div>
   <div class='ocr_carea' id='block_1_69' title="bbox 1853 2783 3444 2862">
    <p class='ocr_par' dir='ltr' id='par_1_69' title="bbox 1853 2783 3444 2862">
     <span class='ocr_line' id='line_1_69' title="bbox 1853 2783 3444 2862; baseline 0.006 -26"><span class='ocrx_word' id='word_1_519' title='bbox 1853 2797 2034 2853; x_wconf 89' lang='lat' dir='ltr'><strong>neque</strong></span> <span class='ocrx_word' id='word_1_520' title='bbox 2067 2798 2132 2839; x_wconf 86' lang='lat' dir='ltr'><strong>ea</strong></span> <span class='ocrx_word' id='word_1_521' title='bbox 2164 2799 2287 2855; x_wconf 73' lang='lat' dir='ltr'><strong>qua:</strong></span> <span class='ocrx_word' id='word_1_522' title='bbox 2318 2783 2373 2840; x_wconf 92' lang='lat' dir='ltr'><strong>in</strong></span> <span class='ocrx_word' id='word_1_523' title='bbox 2403 2786 2608 2842; x_wconf 90' lang='lat' dir='ltr'><strong>mundo</strong></span> <span class='ocrx_word' id='word_1_524' title='bbox 2647 2796 2796 2843; x_wconf 87' lang='lat' dir='ltr'><strong>sunt.</strong></span> <span class='ocrx_word' id='word_1_525' title='bbox 2831 2786 2889 2843; x_wconf 92' lang='lat' dir='ltr'><strong>Si</strong></span> <span class='ocrx_word' id='word_1_526' title='bbox 2920 2787 3048 2859; x_wconf 88' lang='lat' dir='ltr'><strong>quis</strong></span> <span class='ocrx_word' id='word_1_527' title='bbox 3069 2788 3247 2862; x_wconf 75' lang='lat' dir='ltr'><strong>diligit</strong></span> <span class='ocrx_word' id='word_1_528' title='bbox 3282 2806 3444 2846; x_wconf 85' lang='lat' dir='ltr'><strong>mun-</strong></span> 
     </span>
    </p>
   </div>
   <div class='ocr_carea' id='block_1_70' title="bbox 1853 2869 3445 2952">
    <p class='ocr_par' dir='ltr' id='par_1_70' title="bbox 1853 2869 3445 2952">
     <span class='ocr_line' id='line_1_70' title="bbox 1853 2869 3445 2952; baseline 0.008 -26"><span class='ocrx_word' id='word_1_529' title='bbox 1853 2869 2008 2937; x_wconf 88' lang='lat' dir='ltr'><strong>dum,</strong></span> <span class='ocrx_word' id='word_1_530' title='bbox 2047 2888 2158 2928; x_wconf 89' lang='lat' dir='ltr'><strong>non</strong></span> <span class='ocrx_word' id='word_1_531' title='bbox 2216 2883 2302 2931; x_wconf 91' lang='lat' dir='ltr'><strong>est</strong></span> <span class='ocrx_word' id='word_1_532' title='bbox 2333 2873 2576 2931; x_wconf 87' lang='lat' dir='ltr'><strong>cbaritas</strong></span> <span class='ocrx_word' id='word_1_533' title='bbox 2607 2874 2788 2932; x_wconf 81' lang='lat' dir='ltr'><strong>Patris</strong></span> <span class='ocrx_word' id='word_1_534' title='bbox 2841 2877 2898 2932; x_wconf 91' lang='lat' dir='ltr'><strong>in</strong></span> <span class='ocrx_word' id='word_1_535' title='bbox 2939 2893 3007 2934; x_wconf 88' lang='lat' dir='ltr'><strong>eo</strong></span> <span class='ocrx_word' id='word_1_536' title='bbox 3048 2897 3062 2935; x_wconf 91' lang='lat'><strong>:</strong></span> <span class='ocrx_word' id='word_1_537' title='bbox 3117 2879 3246 2952; x_wconf 88' lang='lat' dir='ltr'><strong>quia</strong></span> <span class='ocrx_word' id='word_1_538' title='bbox 3279 2896 3445 2938; x_wconf 85' lang='lat' dir='ltr'><strong>omne</strong></span> 
     </span>
    </p>
   </div>
   <div class='ocr_carea' id='block_1_71' title="bbox 1851 2967 3442 3044">
    <p class='ocr_par' dir='ltr' id='par_1_71' title="bbox 1851 2967 3442 3044">
     <span class='ocr_line' id='line_1_71' title="bbox 1851 2967 3442 3044; baseline 0.006 -22"><span class='ocrx_word' id='word_1_539' title='bbox 1851 2967 1999 3038; x_wconf 85' lang='lat' dir='ltr'><strong>quod</strong></span> <span class='ocrx_word' id='word_1_540' title='bbox 2028 2976 2116 3024; x_wconf 86' lang='lat' dir='ltr'><strong>est</strong></span> <span class='ocrx_word' id='word_1_541' title='bbox 2149 2967 2204 3024; x_wconf 91' lang='lat' dir='ltr'><strong>in</strong></span> <span class='ocrx_word' id='word_1_542' title='bbox 2256 2969 2489 3039; x_wconf 89' lang='lat' dir='ltr'><strong>mundo,</strong></span> <span class='ocrx_word' id='word_1_543' title='bbox 2518 2981 2603 3027; x_wconf 85' lang='lat' dir='ltr'><strong>est</strong></span> <span class='ocrx_word' id='word_1_544' title='bbox 2651 2973 3108 3044; x_wconf 88' lang='lat' dir='ltr'><strong>concupiscentia</strong></span> <span class='ocrx_word' id='word_1_545' title='bbox 3145 2975 3353 3041; x_wconf 85' lang='lat' dir='ltr'><strong>carnis,</strong></span> <span class='ocrx_word' id='word_1_546' title='bbox 3385 2986 3442 3033; x_wconf 87' lang='lat' dir='ltr'><strong>et</strong></span> 
     </span>
    </p>
   </div>
   <div class='ocr_carea' id='block_1_72' title="bbox 1851 3061 3442 3142">
    <p class='ocr_par' dir='ltr' id='par_1_72' title="bbox 1851 3061 3442 3142">
     <span class='ocr_line' id='line_1_72' title="bbox 1851 3061 3442 3142; baseline 0.007 -28"><span class='ocrx_word' id='word_1_547' title='bbox 1851 3061 2308 3134; x_wconf 87' lang='lat' dir='ltr'><strong>concupiscentia</strong></span> <span class='ocrx_word' id='word_1_548' title='bbox 2367 3064 2683 3133; x_wconf 89' lang='lat' dir='ltr'><strong>oculorum,</strong></span> <span class='ocrx_word' id='word_1_549' title='bbox 2728 3073 2785 3121; x_wconf 91' lang='lat' dir='ltr'><strong>et</strong></span> <span class='ocrx_word' id='word_1_550' title='bbox 2837 3065 3093 3137; x_wconf 84' lang='lat' dir='ltr'><strong>superbia</strong></span> <span class='ocrx_word' id='word_1_551' title='bbox 3123 3066 3270 3135; x_wconf 70' lang='lat' dir='ltr'><strong>vitae,</strong></span> <span class='ocrx_word' id='word_1_552' title='bbox 3318 3085 3442 3142; x_wconf 67' lang='lat' dir='ltr'><strong>quae</strong></span> 
     </span>
    </p>
   </div>
   <div class='ocr_carea' id='block_1_73' title="bbox 1851 3154 3441 3223">
    <p class='ocr_par' dir='ltr' id='par_1_73' title="bbox 1851 3154 3441 3223">
     <span class='ocr_line' id='line_1_73' title="bbox 1851 3154 3441 3223; baseline 0.007 -14"><span class='ocrx_word' id='word_1_553' title='bbox 1851 3169 1963 3210; x_wconf 91' lang='lat' dir='ltr'><strong>non</strong></span> <span class='ocrx_word' id='word_1_554' title='bbox 1994 3162 2079 3211; x_wconf 89' lang='lat' dir='ltr'><strong>est</strong></span> <span class='ocrx_word' id='word_1_555' title='bbox 2119 3171 2185 3211; x_wconf 81' lang='lat' dir='ltr'><strong>ex</strong></span> <span class='ocrx_word' id='word_1_556' title='bbox 2231 3154 2415 3223; x_wconf 81' lang='lat' dir='ltr'><strong>Patre,</strong></span> <span class='ocrx_word' id='word_1_557' title='bbox 2468 3156 2565 3214; x_wconf 90' lang='lat' dir='ltr'><strong>sed</strong></span> <span class='ocrx_word' id='word_1_558' title='bbox 2612 3173 2679 3214; x_wconf 83' lang='lat' dir='ltr'><strong>ex</strong></span> <span class='ocrx_word' id='word_1_559' title='bbox 2714 3159 2921 3215; x_wconf 88' lang='lat' dir='ltr'><strong>mundo</strong></span> <span class='ocrx_word' id='word_1_560' title='bbox 2957 3170 3061 3218; x_wconf 88' lang='lat' dir='ltr'><strong>est.</strong></span> <span class='ocrx_word' id='word_1_561' title='bbox 3097 3160 3163 3218; x_wconf 85' lang='lat' dir='ltr'><strong>Et</strong></span> <span class='ocrx_word' id='word_1_562' title='bbox 3196 3162 3441 3220; x_wconf 81' lang='lat' dir='ltr'><strong>mundus</strong></span> 
     </span>
    </p>
   </div>
   <div class='ocr_carea' id='block_1_74' title="bbox 1853 3249 3439 3322">
    <p class='ocr_par' dir='ltr' id='par_1_74' title="bbox 1853 3249 3439 3322">
     <span class='ocr_line' id='line_1_74' title="bbox 1853 3249 3439 3322; baseline 0.006 -19"><span class='ocrx_word' id='word_1_563' title='bbox 1853 3249 2052 3305; x_wconf 86' lang='lat' dir='ltr'><strong>transit</strong></span> <span class='ocrx_word' id='word_1_564' title='bbox 2081 3257 2138 3305; x_wconf 90' lang='lat' dir='ltr'><strong>et</strong></span> <span class='ocrx_word' id='word_1_565' title='bbox 2166 3249 2616 3322; x_wconf 87' lang='lat' dir='ltr'><strong>concupiscentia</strong></span> <span class='ocrx_word' id='word_1_566' title='bbox 2638 3250 2782 3321; x_wconf 83' lang='lat' dir='ltr'><strong>ejus.</strong></span> <span class='ocrx_word' id='word_1_567' title='bbox 2816 3251 2920 3320; x_wconf 85' lang='lat' dir='ltr'><strong>Qui</strong></span> <span class='ocrx_word' id='word_1_568' title='bbox 2954 3263 3138 3311; x_wconf 86' lang='lat' dir='ltr'><strong>autem</strong></span> <span class='ocrx_word' id='word_1_569' title='bbox 3175 3253 3308 3311; x_wconf 80' lang='lat' dir='ltr'><strong>facit</strong></span> <span class='ocrx_word' id='word_1_570' title='bbox 3338 3272 3439 3312; x_wconf 78' lang='lat' dir='ltr'><strong>vo-</strong></span> 
     </span>
    </p>
   </div>
   <div class='ocr_carea' id='block_1_75' title="bbox 1849 3341 2926 3411">
    <p class='ocr_par' dir='ltr' id='par_1_75' title="bbox 1849 3341 2926 3411">
     <span class='ocr_line' id='line_1_75' title="bbox 1849 3341 2926 3411; baseline 0.003 -15"><span class='ocrx_word' id='word_1_571' title='bbox 1849 3342 2121 3398; x_wconf 88' lang='lat' dir='ltr'><strong>luntatem</strong></span> <span class='ocrx_word' id='word_1_572' title='bbox 2155 3341 2270 3411; x_wconf 90' lang='lat' dir='ltr'><strong>Dei,</strong></span> <span class='ocrx_word' id='word_1_573' title='bbox 2300 3357 2484 3401; x_wconf 89' lang='lat' dir='ltr'><strong>manet</strong></span> <span class='ocrx_word' id='word_1_574' title='bbox 2506 3343 2562 3402; x_wconf 92' lang='lat' dir='ltr'><strong>in</strong></span> <span class='ocrx_word' id='word_1_575' title='bbox 2585 3355 2873 3403; x_wconf 55' lang='lat' dir='ltr'><strong>aeternum.</strong></span> <span class='ocrx_word' id='word_1_576' title='bbox 2905 3367 2926 3399; x_wconf 73' lang='grc' dir='ltr'><strong>ο</strong></span> 
     </span>
    </p>
   </div>
   <div class='ocr_carea' id='block_1_76' title="bbox 1919 3432 3438 3512">
    <p class='ocr_par' dir='ltr' id='par_1_76' title="bbox 1919 3432 3438 3512">
     <span class='ocr_line' id='line_1_76' title="bbox 1919 3432 3438 3512; baseline 0.009 -23"><span class='ocrx_word' id='word_1_577' title='bbox 1919 3432 2043 3490; x_wconf 79' lang='lat' dir='ltr'><strong>Vita</strong></span> <span class='ocrx_word' id='word_1_578' title='bbox 2100 3444 2290 3494; x_wconf 86' lang='lat' dir='ltr'><strong>nostra</strong></span> <span class='ocrx_word' id='word_1_579' title='bbox 2332 3437 2633 3510; x_wconf 75' lang='lat' dir='ltr'><strong>gemitibus</strong></span> <span class='ocrx_word' id='word_1_580' title='bbox 2693 3441 2882 3498; x_wconf 89' lang='lat' dir='ltr'><strong>multis</strong></span> <span class='ocrx_word' id='word_1_581' title='bbox 2930 3441 3168 3499; x_wconf 82' lang='lat' dir='ltr'><strong>obnoxia</strong></span> <span class='ocrx_word' id='word_1_582' title='bbox 3221 3452 3333 3512; x_wconf 83' lang='lat' dir='ltr'><strong>est,</strong></span> <span class='ocrx_word' id='word_1_583' title='bbox 3381 3457 3438 3503; x_wconf 91' lang='lat' dir='ltr'><strong>ct</strong></span> 
     </span>
    </p>
   </div>
   <div class='ocr_carea' id='block_1_77' title="bbox 1849 3524 2327 3597">
    <p class='ocr_par' dir='ltr' id='par_1_77' title="bbox 1849 3524 2327 3597">
     <span class='ocr_line' id='line_1_77' title="bbox 1849 3524 2327 3597; baseline 0.004 -16"><span class='ocrx_word' id='word_1_584' title='bbox 1849 3524 2105 3581; x_wconf 62' lang='lat' dir='ltr'><strong>maeroris</strong></span> <span class='ocrx_word' id='word_1_585' title='bbox 2143 3527 2327 3597; x_wconf 87' lang='lat' dir='ltr'><strong>plena.</strong></span> 
     </span>
    </p>
   </div>
   <div class='ocr_carea' id='block_1_78' title="bbox 1849 3617 3434 3699">
    <p class='ocr_par' dir='ltr' id='par_1_78' title="bbox 1849 3617 3434 3699">
     <span class='ocr_line' id='line_1_78' title="bbox 1849 3617 3434 3699; baseline 0.01 -27"><span class='ocrx_word' id='word_1_586' title='bbox 1849 3670 1851 3672; x_wconf 82' lang='lat'>.</span> <span class='ocrx_word' id='word_1_587' title='bbox 1918 3617 2090 3675; x_wconf 78' lang='lat' dir='ltr'><strong>Basil.</strong></span> <span class='ocrx_word' id='word_1_588' title='bbox 2120 3622 2279 3677; x_wconf 83' lang='lat' dir='ltr'><strong>Hom.</strong></span> <span class='ocrx_word' id='word_1_589' title='bbox 2318 3619 2344 3675; x_wconf 80' lang='lat' dir='ltr'><strong>l</strong></span> <span class='ocrx_word' id='word_1_590' title='bbox 2378 3620 2436 3676; x_wconf 82' lang='lat' dir='ltr'><strong>in</strong></span> <span class='ocrx_word' id='word_1_591' title='bbox 2464 3619 2595 3678; x_wconf 80' lang='lat' dir='ltr'><strong>Gen.</strong></span> <span class='ocrx_word' id='word_1_592' title='bbox 2646 3651 2718 3662; x_wconf 95' lang='lat'><strong>—</strong></span> <span class='ocrx_word' id='word_1_593' title='bbox 2745 3619 2984 3680; x_wconf 80' lang='lat' dir='ltr'><strong>Mundus</strong></span> <span class='ocrx_word' id='word_1_594' title='bbox 3026 3625 3138 3696; x_wconf 84' lang='lat' dir='ltr'><strong>hic,</strong></span> <span class='ocrx_word' id='word_1_595' title='bbox 3195 3629 3434 3699; x_wconf 86' lang='lat' dir='ltr'><strong>primum</strong></span> 
     </span>
    </p>
   </div>
   <div class='ocr_carea' id='block_1_79' title="bbox 1849 3712 3436 3793">
    <p class='ocr_par' dir='ltr' id='par_1_79' title="bbox 1849 3712 3436 3793">
     <span class='ocr_line' id='line_1_79' title="bbox 1849 3712 3436 3793; baseline 0.006 -25"><span class='ocrx_word' id='word_1_596' title='bbox 1849 3712 2069 3786; x_wconf 85' lang='lat' dir='ltr'><strong>quidem</strong></span> <span class='ocrx_word' id='word_1_597' title='bbox 2095 3715 2463 3771; x_wconf 87' lang='lat' dir='ltr'><strong>humanorum</strong></span> <span class='ocrx_word' id='word_1_598' title='bbox 2494 3713 2805 3774; x_wconf 88' lang='lat' dir='ltr'><strong>animorum</strong></span> <span class='ocrx_word' id='word_1_599' title='bbox 2838 3718 3028 3776; x_wconf 87' lang='lat' dir='ltr'><strong>schola</strong></span> <span class='ocrx_word' id='word_1_600' title='bbox 3062 3723 3436 3793; x_wconf 80' lang='lat' dir='ltr'><strong>gymnasium-</strong></span> 
     </span>
    </p>
   </div>
   <div class='ocr_carea' id='block_1_80' title="bbox 1847 3811 3436 3884">
    <p class='ocr_par' dir='ltr' id='par_1_80' title="bbox 1847 3811 3436 3884">
     <span class='ocr_line' id='line_1_80' title="bbox 1847 3811 3436 3884; baseline 0.006 -24"><span class='ocrx_word' id='word_1_601' title='bbox 1847 3821 1953 3878; x_wconf 87' lang='lat' dir='ltr'><strong>que</strong></span> <span class='ocrx_word' id='word_1_602' title='bbox 1978 3812 2062 3862; x_wconf 88' lang='grc' dir='ltr'><strong>εει</strong></span> <span class='ocrx_word' id='word_1_603' title='bbox 2090 3824 2108 3863; x_wconf 74' lang='grc' dir='ltr'><strong>ε</strong></span> <span class='ocrx_word' id='word_1_604' title='bbox 2144 3813 2374 3879; x_wconf 85' lang='lat' dir='ltr'><strong>tumque</strong></span> <span class='ocrx_word' id='word_1_605' title='bbox 2417 3815 2476 3863; x_wconf 82' lang='lat' dir='ltr'><strong>et</strong></span> <span class='ocrx_word' id='word_1_606' title='bbox 2502 3822 2616 3864; x_wconf 90' lang='lat' dir='ltr'><strong>uno</strong></span> <span class='ocrx_word' id='word_1_607' title='bbox 2655 3811 2851 3878; x_wconf 81' lang='lat' dir='ltr'><strong>verbo,</strong></span> <span class='ocrx_word' id='word_1_608' title='bbox 2883 3820 3068 3884; x_wconf 89' lang='lat' dir='ltr'><strong>aptum</strong></span> <span class='ocrx_word' id='word_1_609' title='bbox 3113 3829 3304 3870; x_wconf 90' lang='lat' dir='ltr'><strong>eorum</strong></span> <span class='ocrx_word' id='word_1_610' title='bbox 3336 3816 3436 3871; x_wconf 82' lang='lat' dir='ltr'><strong>do-</strong></span> 
     </span>
    </p>
   </div>
   <div class='ocr_carea' id='block_1_81' title="bbox 1846 3897 3427 3979">
    <p class='ocr_par' dir='ltr' id='par_1_81' title="bbox 1846 3897 3427 3979">
     <span class='ocr_line' id='line_1_81' title="bbox 1846 3897 3427 3979; baseline 0.007 -26"><span class='ocrx_word' id='word_1_611' title='bbox 1846 3897 2118 3954; x_wconf 84' lang='lat' dir='ltr'><strong>micilium</strong></span> <span class='ocrx_word' id='word_1_612' title='bbox 2159 3898 2255 3970; x_wconf 92' lang='lat' dir='ltr'><strong>qui</strong></span> <span class='ocrx_word' id='word_1_613' title='bbox 2305 3899 2361 3955; x_wconf 93' lang='lat' dir='ltr'><strong>in</strong></span> <span class='ocrx_word' id='word_1_614' title='bbox 2392 3901 2746 3973; x_wconf 76' lang='lat' dir='ltr'><strong>generatione</strong></span> <span class='ocrx_word' id='word_1_615' title='bbox 2771 3913 2826 3960; x_wconf 89' lang='lat' dir='ltr'><strong>et</strong></span> <span class='ocrx_word' id='word_1_616' title='bbox 2851 3907 3208 3977; x_wconf 85' lang='lat' dir='ltr'><strong>corruptione</strong></span> <span class='ocrx_word' id='word_1_617' title='bbox 3238 3921 3427 3979; x_wconf 81' lang='lat' dir='ltr'><strong>agunt.</strong></span> 
     </span>
    </p>
   </div>
   <div class='ocr_carea' id='block_1_82' title="bbox 1847 3991 3430 4072">
    <p class='ocr_par' dir='ltr' id='par_1_82' title="bbox 1847 3991 3430 4072">
     <span class='ocr_line' id='line_1_82' title="bbox 1847 3991 3430 4072; baseline 0.006 -25"><span class='ocrx_word' id='word_1_618' title='bbox 1847 3991 2120 4060; x_wconf 82' lang='lat' dir='ltr'><strong>Quocirca</strong></span> <span class='ocrx_word' id='word_1_619' title='bbox 2158 3994 2420 4064; x_wconf 88' lang='lat' dir='ltr'><strong>temporis</strong></span> <span class='ocrx_word' id='word_1_620' title='bbox 2451 3995 2793 4052; x_wconf 87' lang='lat' dir='ltr'><strong>curriculum</strong></span> <span class='ocrx_word' id='word_1_621' title='bbox 2836 3998 3067 4065; x_wconf 87' lang='lat' dir='ltr'><strong>mundo,</strong></span> <span class='ocrx_word' id='word_1_622' title='bbox 3115 4009 3283 4072; x_wconf 85' lang='lat' dir='ltr'><strong>atque</strong></span> <span class='ocrx_word' id='word_1_623' title='bbox 3309 4005 3430 4058; x_wconf 85' lang='lat' dir='ltr'><strong>aui-</strong></span> 
     </span>
    </p>
   </div>
   <div class='ocr_carea' id='block_1_83' title="bbox 1845 4086 3427 4166">
    <p class='ocr_par' dir='ltr' id='par_1_83' title="bbox 1845 4086 3427 4166">
     <span class='ocr_line' id='line_1_83' title="bbox 1845 4086 3427 4166; baseline 0.006 -25"><span class='ocrx_word' id='word_1_624' title='bbox 1845 4086 2161 4156; x_wconf 73' lang='lat' dir='ltr'><strong>mantibus,</strong></span> <span class='ocrx_word' id='word_1_625' title='bbox 2183 4095 2237 4144; x_wconf 89' lang='lat' dir='ltr'><strong>et</strong></span> <span class='ocrx_word' id='word_1_626' title='bbox 2260 4086 2532 4160; x_wconf 84' lang='lat' dir='ltr'><strong>stirpibus</strong></span> <span class='ocrx_word' id='word_1_627' title='bbox 2553 4104 2676 4160; x_wconf 52' lang='lat' dir='ltr'><strong>qua)</strong></span> <span class='ocrx_word' id='word_1_628' title='bbox 2705 4090 2762 4146; x_wconf 92' lang='lat' dir='ltr'><strong>in</strong></span> <span class='ocrx_word' id='word_1_629' title='bbox 2790 4093 2995 4148; x_wconf 88' lang='lat' dir='ltr'><strong>mundo</strong></span> <span class='ocrx_word' id='word_1_630' title='bbox 3025 4103 3177 4160; x_wconf 88' lang='lat' dir='ltr'><strong>sunt,</strong></span> <span class='ocrx_word' id='word_1_631' title='bbox 3199 4095 3427 4166; x_wconf 84' lang='lat' dir='ltr'><strong>ingruit,</strong></span> 
     </span>
    </p>
   </div>
   <div class='ocr_carea' id='block_1_84' title="bbox 1846 4178 3430 4256">
    <p class='ocr_par' dir='ltr' id='par_1_84' title="bbox 1846 4178 3430 4256">
     <span class='ocr_line' id='line_1_84' title="bbox 1846 4178 3430 4256; baseline 0.004 -22"><span class='ocrx_word' id='word_1_632' title='bbox 1846 4193 2149 4250; x_wconf 84' lang='lat' dir='ltr'><strong>properans</strong></span> <span class='ocrx_word' id='word_1_633' title='bbox 2185 4193 2403 4250; x_wconf 88' lang='lat' dir='ltr'><strong>semper</strong></span> <span class='ocrx_word' id='word_1_634' title='bbox 2448 4187 2505 4235; x_wconf 88' lang='lat' dir='ltr'><strong>et</strong></span> <span class='ocrx_word' id='word_1_635' title='bbox 2551 4178 2803 4250; x_wconf 74' lang='lat' dir='ltr'><strong>eil‘lucns,</strong></span> <span class='ocrx_word' id='word_1_636' title='bbox 2855 4198 2960 4240; x_wconf 88' lang='lat' dir='ltr'><strong>nec</strong></span> <span class='ocrx_word' id='word_1_637' title='bbox 3017 4200 3260 4256; x_wconf 79' lang='lat' dir='ltr'><strong>unquam</strong></span> <span class='ocrx_word' id='word_1_638' title='bbox 3303 4198 3430 4243; x_wconf 56' lang='lat' dir='ltr'><strong>cur;</strong></span> 
     </span>
    </p>
   </div>
   <div class='ocr_carea' id='block_1_85' title="bbox 1845 4271 2452 4330">
    <p class='ocr_par' dir='ltr' id='par_1_85' title="bbox 1845 4271 2452 4330">
     <span class='ocr_line' id='line_1_85' title="bbox 1845 4271 2452 4330; baseline 0.005 -3"><span class='ocrx_word' id='word_1_639' title='bbox 1845 4271 1999 4328; x_wconf 90' lang='lat' dir='ltr'><strong>rendi</strong></span> <span class='ocrx_word' id='word_1_640' title='bbox 2033 4271 2193 4328; x_wconf 85' lang='lat' dir='ltr'><strong>ﬁnem</strong></span> <span class='ocrx_word' id='word_1_641' title='bbox 2225 4271 2452 4330; x_wconf 77' lang='lat' dir='ltr'><strong>faciens.</strong></span> 
     </span>
    </p>
   </div>
   <div class='ocr_carea' id='block_1_86' title="bbox 1915 4362 3423 4444">
    <p class='ocr_par' dir='ltr' id='par_1_86' title="bbox 1915 4362 3423 4444">
     <span class='ocr_line' id='line_1_86' title="bbox 1915 4362 3423 4444; baseline 0.007 -24"><span class='ocrx_word' id='word_1_642' title='bbox 1915 4362 2059 4422; x_wconf 81' lang='lat' dir='ltr'><strong>Ibid.</strong></span> <span class='ocrx_word' id='word_1_643' title='bbox 2090 4395 2162 4406; x_wconf 95' lang='lat'><strong>—</strong></span> <span class='ocrx_word' id='word_1_644' title='bbox 2187 4364 2319 4433; x_wconf 81' lang='lat' dir='ltr'><strong>Quae</strong></span> <span class='ocrx_word' id='word_1_645' title='bbox 2347 4381 2376 4420; x_wconf 91' lang='lat' dir='ltr'><strong>a</strong></span> <span class='ocrx_word' id='word_1_646' title='bbox 2402 4374 2648 4438; x_wconf 90' lang='lat' dir='ltr'><strong>tempore</strong></span> <span class='ocrx_word' id='word_1_647' title='bbox 2685 4384 2810 4425; x_wconf 91' lang='lat' dir='ltr'><strong>esse</strong></span> <span class='ocrx_word' id='word_1_648' title='bbox 2842 4381 3150 4441; x_wconf 68' lang='lat' dir='ltr'><strong>cmperunt,</strong></span> <span class='ocrx_word' id='word_1_649' title='bbox 3185 4387 3248 4427; x_wconf 86' lang='lat' dir='ltr'><strong>ea</strong></span> <span class='ocrx_word' id='word_1_650' title='bbox 3281 4389 3423 4444; x_wconf 83' lang='lat' dir='ltr'><strong>quo-</strong></span> 
     </span>
    </p>
   </div>
   <div class='ocr_carea' id='block_1_87' title="bbox 1844 4458 3425 4532">
    <p class='ocr_par' dir='ltr' id='par_1_87' title="bbox 1844 4458 3425 4532">
     <span class='ocr_line' id='line_1_87' title="bbox 1844 4458 3425 4532; baseline 0.008 -20"><span class='ocrx_word' id='word_1_651' title='bbox 1844 4473 1947 4532; x_wconf 91' lang='lat' dir='ltr'><strong>que</strong></span> <span class='ocrx_word' id='word_1_652' title='bbox 1976 4458 2030 4515; x_wconf 93' lang='lat' dir='ltr'><strong>in</strong></span> <span class='ocrx_word' id='word_1_653' title='bbox 2060 4468 2307 4531; x_wconf 86' lang='lat' dir='ltr'><strong>tempore</strong></span> <span class='ocrx_word' id='word_1_654' title='bbox 2335 4458 2590 4517; x_wconf 87' lang='lat' dir='ltr'><strong>desinere</strong></span> <span class='ocrx_word' id='word_1_655' title='bbox 2635 4477 2866 4520; x_wconf 85' lang='lat' dir='ltr'><strong>necesse</strong></span> <span class='ocrx_word' id='word_1_656' title='bbox 2911 4472 3016 4520; x_wconf 87' lang='lat' dir='ltr'><strong>est.</strong></span> <span class='ocrx_word' id='word_1_657' title='bbox 3075 4464 3131 4520; x_wconf 91' lang='lat' dir='ltr'><strong>Si</strong></span> <span class='ocrx_word' id='word_1_658' title='bbox 3187 4469 3425 4524; x_wconf 86' lang='lat' dir='ltr'><strong>mundus</strong></span> 
     </span>
    </p>
   </div>
   <div class='ocr_carea' id='block_1_88' title="bbox 1771 4552 3422 4634">
    <p class='ocr_par' dir='ltr' id='par_1_88' title="bbox 1771 4552 3422 4634">
     <span class='ocr_line' id='line_1_88' title="bbox 1771 4552 3422 4634; baseline 0.007 -27"><span class='ocrx_word' id='word_1_659' title='bbox 1771 4569 1816 4628; x_wconf 70' lang='grc' dir='ltr'>υ</span> <span class='ocrx_word' id='word_1_660' title='bbox 1845 4552 2148 4625; x_wconf 87' lang='lat' dir='ltr'><strong>temporale</strong></span> <span class='ocrx_word' id='word_1_661' title='bbox 2175 4554 2462 4610; x_wconf 80' lang='lat' dir='ltr'><strong>exordium</strong></span> <span class='ocrx_word' id='word_1_662' title='bbox 2497 4555 2710 4624; x_wconf 86' lang='lat' dir='ltr'><strong>habuit,</strong></span> <span class='ocrx_word' id='word_1_663' title='bbox 2749 4557 2816 4616; x_wconf 90' lang='lat' dir='ltr'><strong>de</strong></span> <span class='ocrx_word' id='word_1_664' title='bbox 2861 4556 2970 4613; x_wconf 78' lang='lat' dir='ltr'><strong>(ine</strong></span> <span class='ocrx_word' id='word_1_665' title='bbox 2995 4558 3132 4614; x_wconf 81' lang='lat' dir='ltr'><strong>nihil</strong></span> <span class='ocrx_word' id='word_1_666' title='bbox 3165 4569 3249 4617; x_wconf 88' lang='lat' dir='ltr'><strong>est</strong></span> <span class='ocrx_word' id='word_1_667' title='bbox 3277 4564 3422 4634; x_wconf 90' lang='lat' dir='ltr'><strong>quod</strong></span> 
     </span>
    </p>
   </div>
   <div class='ocr_carea' id='block_1_89' title="bbox 1843 4645 3422 4813">
    <p class='ocr_par' dir='ltr' id='par_1_89' title="bbox 1843 4645 3422 4813">
     <span class='ocr_line' id='line_1_89' title="bbox 1843 4645 3422 4813; baseline 0.006 -25"><span class='ocrx_word' id='word_1_668' title='bbox 1843 4645 2162 4790; x_wconf 48' lang='grc' dir='ltr'><strong>ἀυῗόέῗ.-</strong></span> <span class='ocrx_word' id='word_1_669' title='bbox 2189 4730 2430 4792; x_wconf 85' lang='lat' dir='ltr'><strong>Mundus</strong></span> <span class='ocrx_word' id='word_1_670' title='bbox 2475 4735 2591 4804; x_wconf 90' lang='lat' dir='ltr'><strong>hic,</strong></span> <span class='ocrx_word' id='word_1_671' title='bbox 2648 4745 2704 4794; x_wconf 87' lang='lat' dir='ltr'><strong>et</strong></span> <span class='ocrx_word' id='word_1_672' title='bbox 2758 4739 3014 4796; x_wconf 88' lang='lat' dir='ltr'><strong>mortalis</strong></span> <span class='ocrx_word' id='word_1_673' title='bbox 3063 4740 3181 4813; x_wconf 90' lang='lat' dir='ltr'><strong>ipse</strong></span> <span class='ocrx_word' id='word_1_674' title='bbox 3230 4752 3335 4808; x_wconf 74' lang='lat' dir='ltr'><strong>est,</strong></span> <span class='ocrx_word' id='word_1_675' title='bbox 3367 4753 3422 4800; x_wconf 87' lang='lat' dir='ltr'><strong>et</strong></span> 
     </span>
    </p>
   </div>
   <div class='ocr_carea' id='block_1_90' title="bbox 164 4553 1002 4629">
    <p class='ocr_par' dir='ltr' id='par_1_90' title="bbox 164 4553 1002 4629">
     <span class='ocr_line' id='line_1_90' title="bbox 164 4553 1002 4629; baseline 0.001 -20"><span class='ocrx_word' id='word_1_676' title='bbox 164 4554 478 4629; x_wconf 74' lang='grc' dir='ltr'>ἀμφιϐάλῃς</span> <span class='ocrx_word' id='word_1_677' title='bbox 507 4555 641 4628; x_wconf 74' lang='grc' dir='ltr'>περὶ</span> <span class='ocrx_word' id='word_1_678' title='bbox 665 4554 762 4609; x_wconf 85' lang='grc' dir='ltr'><strong>τοῦ</strong></span> <span class='ocrx_word' id='word_1_679' title='bbox 791 4553 1002 4623; x_wconf 81' lang='grc' dir='ltr'>τέλους.</span> 
     </span>
    </p>
   </div>
   <div class='ocr_carea' id='block_1_91' title="bbox 240 4728 1739 4812">
    <p class='ocr_par' dir='ltr' id='par_1_91' title="bbox 240 4728 1739 4812">
     <span class='ocr_line' id='line_1_91' title="bbox 240 4728 1739 4812; baseline 0.003 -22"><span class='ocrx_word' id='word_1_680' title='bbox 240 4733 298 4790; x_wconf 88' lang='lat'><strong>&#39;0</strong></span> <span class='ocrx_word' id='word_1_681' title='bbox 319 4732 527 4806; x_wconf 85' lang='grc' dir='ltr'>κόσμος</span> <span class='ocrx_word' id='word_1_682' title='bbox 558 4728 711 4798; x_wconf 79' lang='lat'><strong>0610;</strong></span> <span class='ocrx_word' id='word_1_683' title='bbox 744 4732 906 4797; x_wconf 79' lang='grc' dir='ltr'>αὑτός</span> <span class='ocrx_word' id='word_1_684' title='bbox 932 4733 994 4788; x_wconf 81' lang='grc' dir='ltr'><em>τέ</em></span> <span class='ocrx_word' id='word_1_685' title='bbox 1027 4734 1145 4788; x_wconf 76' lang='grc' dir='ltr'>ἐστι</span> <span class='ocrx_word' id='word_1_686' title='bbox 1172 4735 1387 4808; x_wconf 80' lang='grc' dir='ltr'>θνητὸς,</span> <span class='ocrx_word' id='word_1_687' title='bbox 1416 4737 1512 4792; x_wconf 75' lang='grc' dir='ltr'><strong>καί</strong></span> <span class='ocrx_word' id='word_1_688' title='bbox 1540 4738 1739 4812; x_wconf 86' lang='grc' dir='ltr'>χωρίον</span> 
     </span>
    </p>
   </div>
   <div class='ocr_carea' id='block_1_92' title="bbox 165 4827 1746 4907">
    <p class='ocr_par' dir='ltr' id='par_1_92' title="bbox 165 4829 1734 4906">
     <span class='ocr_line' id='line_1_92' title="bbox 165 4829 1734 4906; baseline 0.003 -20"><span class='ocrx_word' id='word_1_689' title='bbox 165 4831 636 4906; x_wconf 80' lang='grc' dir='ltr'>ἀποθνησκόντων.</span> <span class='ocrx_word' id='word_1_690' title='bbox 681 4830 899 4904; x_wconf 82' lang='grc' dir='ltr'>Ἐπειδὴ</span> <span class='ocrx_word' id='word_1_691' title='bbox 928 4829 1038 4903; x_wconf 82' lang='grc' dir='ltr'><strong>γάρ</strong></span> <span class='ocrx_word' id='word_1_692' title='bbox 1082 4831 1336 4898; x_wconf 81' lang='grc' dir='ltr'>σύνθετός</span> <span class='ocrx_word' id='word_1_693' title='bbox 1371 4835 1520 4888; x_wconf 79' lang='grc' dir='ltr'>ἐστιν</span> <span class='ocrx_word' id='word_1_694' title='bbox 1554 4836 1587 4906; x_wconf 76' lang='grc' dir='ltr'><strong>ἠ</strong></span> <span class='ocrx_word' id='word_1_695' title='bbox 1623 4834 1734 4890; x_wconf 87' lang='grc' dir='ltr'><strong>τῶν</strong></span> 
     </span>
    </p>
   </div>
   <div class='ocr_carea' id='block_1_93' title="bbox 1866 4827 3423 4907">
    <p class='ocr_par' dir='ltr' id='par_1_93' title="bbox 1866 4827 3423 4907">
     <span class='ocr_line' id='line_1_93' title="bbox 1866 4827 3423 4907; baseline 0.008 -25"><span class='ocrx_word' id='word_1_696' title='bbox 1866 4827 2192 4884; x_wconf 87' lang='lat' dir='ltr'><strong>norientium</strong></span> <span class='ocrx_word' id='word_1_697' title='bbox 2219 4829 2395 4899; x_wconf 85' lang='lat' dir='ltr'><strong>regio.</strong></span> <span class='ocrx_word' id='word_1_698' title='bbox 2420 4829 2691 4897; x_wconf 84' lang='lat' dir='ltr'><strong>Quoniam</strong></span> <span class='ocrx_word' id='word_1_699' title='bbox 2741 4833 2890 4888; x_wconf 88' lang='lat' dir='ltr'><strong>enim</strong></span> <span class='ocrx_word' id='word_1_700' title='bbox 2929 4849 3119 4890; x_wconf 89' lang='lat' dir='ltr'><strong>eorum</strong></span> <span class='ocrx_word' id='word_1_701' title='bbox 3161 4851 3283 4907; x_wconf 71' lang='lat' dir='ltr'><strong>quae</strong></span> <span class='ocrx_word' id='word_1_702' title='bbox 3321 4838 3423 4894; x_wconf 90' lang='lat' dir='ltr'><strong>sub</strong></span> 
     </span>
    </p>
   </div>
   <div class='ocr_carea' id='block_1_94' title="bbox 163 4919 1746 5000">
    <p class='ocr_par' dir='ltr' id='par_1_94' title="bbox 163 4921 1729 4998">
     <span class='ocr_line' id='line_1_94' title="bbox 163 4921 1729 4998; baseline 0.003 -21"><span class='ocrx_word' id='word_1_703' title='bbox 163 4926 452 4998; x_wconf 81' lang='grc' dir='ltr'>ὁρωμένων</span> <span class='ocrx_word' id='word_1_704' title='bbox 482 4923 758 4992; x_wconf 82' lang='grc' dir='ltr'>σύστασις,</span> <span class='ocrx_word' id='word_1_705' title='bbox 782 4924 843 4977; x_wconf 86' lang='grc' dir='ltr'>τὸ</span> <span class='ocrx_word' id='word_1_706' title='bbox 867 4923 925 4978; x_wconf 75' lang='grc' dir='ltr'>δὲ</span> <span class='ocrx_word' id='word_1_707' title='bbox 950 4921 1206 4979; x_wconf 85' lang='grc' dir='ltr'>σύνθετον</span> <span class='ocrx_word' id='word_1_708' title='bbox 1232 4923 1379 4980; x_wconf 80' lang='grc' dir='ltr'>ἆπαν</span> <span class='ocrx_word' id='word_1_709' title='bbox 1406 4924 1729 4981; x_wconf 83' lang='grc' dir='ltr'>διαλύεσθαι</span> 
     </span>
    </p>
   </div>
   <div class='ocr_carea' id='block_1_95' title="bbox 1866 4919 3420 5000">
    <p class='ocr_par' dir='ltr' id='par_1_95' title="bbox 1866 4919 3420 5000">
     <span class='ocr_line' id='line_1_95' title="bbox 1866 4919 3420 5000; baseline 0.006 -24"><span class='ocrx_word' id='word_1_710' title='bbox 1866 4935 2064 4977; x_wconf 83' lang='lat' dir='ltr'><strong>ensum</strong></span> <span class='ocrx_word' id='word_1_711' title='bbox 2114 4919 2344 4988; x_wconf 90' lang='lat' dir='ltr'><strong>cadunt,</strong></span> <span class='ocrx_word' id='word_1_712' title='bbox 2377 4924 2681 4994; x_wconf 87' lang='lat' dir='ltr'><strong>composita</strong></span> <span class='ocrx_word' id='word_1_713' title='bbox 2735 4926 3046 4982; x_wconf 73' lang='lat' dir='ltr'><strong>substantia</strong></span> <span class='ocrx_word' id='word_1_714' title='bbox 3085 4937 3213 4984; x_wconf 90' lang='lat' dir='ltr'><strong>est:</strong></span> <span class='ocrx_word' id='word_1_715' title='bbox 3254 4931 3420 5000; x_wconf 84' lang='lat' dir='ltr'><strong>quid-</strong></span> 
     </span>
    </p>
   </div>
   <div class='ocr_carea' id='block_1_96' title="bbox 165 5017 1746 5093">
    <p class='ocr_par' dir='ltr' id='par_1_96' title="bbox 165 5018 1732 5092">
     <span class='ocr_line' id='line_1_96' title="bbox 165 5018 1732 5092; baseline 0.002 -20"><span class='ocrx_word' id='word_1_716' title='bbox 165 5020 423 5090; x_wconf 77' lang='grc' dir='ltr'>πέφυκεν,</span> <span class='ocrx_word' id='word_1_717' title='bbox 456 5018 506 5074; x_wconf 88' lang='grc' dir='ltr'><strong>οί</strong></span> <span class='ocrx_word' id='word_1_718' title='bbox 559 5019 616 5074; x_wconf 79' lang='grc' dir='ltr'>ὲν</span> <span class='ocrx_word' id='word_1_719' title='bbox 657 5018 735 5092; x_wconf 80' lang='grc' dir='ltr'><strong>τῷ</strong></span> <span class='ocrx_word' id='word_1_720' title='bbox 772 5020 963 5092; x_wconf 73' lang='grc' dir='ltr'>κόσμῳ</span> <span class='ocrx_word' id='word_1_721' title='bbox 991 5019 1214 5084; x_wconf 78' lang='grc' dir='ltr'>ζῶντες,</span> <span class='ocrx_word' id='word_1_722' title='bbox 1261 5018 1401 5090; x_wconf 78' lang='grc' dir='ltr'>μέρη</span> <span class='ocrx_word' id='word_1_723' title='bbox 1452 5019 1606 5087; x_wconf 78' lang='grc' dir='ltr'>ὅντες</span> <span class='ocrx_word' id='word_1_724' title='bbox 1635 5019 1732 5076; x_wconf 87' lang='grc' dir='ltr'><strong>τοῦ</strong></span> 
     </span>
    </p>
   </div>
   <div class='ocr_carea' id='block_1_97' title="bbox 1866 5017 3416 5093">
    <p class='ocr_par' dir='ltr' id='par_1_97' title="bbox 1866 5017 3416 5093">
     <span class='ocr_line' id='line_1_97' title="bbox 1866 5017 3416 5093; baseline 0.005 -20"><span class='ocrx_word' id='word_1_725' title='bbox 1866 5017 1970 5090; x_wconf 61' lang='lat' dir='ltr'><strong>[uid</strong></span> <span class='ocrx_word' id='word_1_726' title='bbox 2024 5031 2160 5074; x_wconf 80' lang='lat' dir='ltr'><strong>vero</strong></span> <span class='ocrx_word' id='word_1_727' title='bbox 2206 5020 2574 5090; x_wconf 87' lang='lat' dir='ltr'><strong>compositum</strong></span> <span class='ocrx_word' id='word_1_728' title='bbox 2611 5028 2715 5089; x_wconf 88' lang='lat' dir='ltr'><strong>est,</strong></span> <span class='ocrx_word' id='word_1_729' title='bbox 2761 5021 2904 5078; x_wconf 84' lang='lat' dir='ltr'><strong>hanc</strong></span> <span class='ocrx_word' id='word_1_730' title='bbox 2944 5032 3201 5080; x_wconf 84' lang='lat' dir='ltr'><strong>naturam</strong></span> <span class='ocrx_word' id='word_1_731' title='bbox 3232 5026 3416 5093; x_wconf 81' lang='lat' dir='ltr'><strong>habet,</strong></span> 
     </span>
    </p>
   </div>
   <div class='ocr_carea' id='block_1_98' title="bbox 163 5111 1736 5186">
    <p class='ocr_par' dir='ltr' id='par_1_98' title="bbox 163 5111 1736 5186">
     <span class='ocr_line' id='line_1_98' title="bbox 163 5111 1736 5186; baseline 0.001 -18"><span class='ocrx_word' id='word_1_732' title='bbox 163 5113 402 5186; x_wconf 81' lang='grc' dir='ltr'>κόσμου,</span> <span class='ocrx_word' id='word_1_733' title='bbox 443 5113 762 5183; x_wconf 81' lang='grc' dir='ltr'>ἀναγκαίως</span> <span class='ocrx_word' id='word_1_734' title='bbox 806 5112 906 5185; x_wconf 78' lang='grc' dir='ltr'>τῆς</span> <span class='ocrx_word' id='word_1_735' title='bbox 935 5112 1031 5167; x_wconf 86' lang='grc' dir='ltr'><strong>τοῦ</strong></span> <span class='ocrx_word' id='word_1_736' title='bbox 1079 5111 1280 5177; x_wconf 82' lang='grc' dir='ltr'>παντὸς</span> <span class='ocrx_word' id='word_1_737' title='bbox 1323 5111 1542 5180; x_wconf 81' lang='grc' dir='ltr'>φύσεως</span> <span class='ocrx_word' id='word_1_738' title='bbox 1597 5114 1736 5169; x_wconf 80' lang='grc' dir='ltr'><strong>άπο⁶</strong></span> 
     </span>
    </p>
   </div>
   <div class='ocr_carea' id='block_1_99' title="bbox 163 5205 415 5279">
    <p class='ocr_par' dir='ltr' id='par_1_99' title="bbox 163 5205 415 5279">
     <span class='ocr_line' id='line_1_99' title="bbox 163 5205 415 5279; baseline 0.02 -20"><span class='ocrx_word' id='word_1_739' title='bbox 163 5205 415 5279; x_wconf 76' lang='grc' dir='ltr'>λαύομεν.</span> 
     </span>
    </p>
   </div>
   <div class='ocr_carea' id='block_1_100' title="bbox 225 5383 1734 5456">
    <p class='ocr_par' dir='ltr' id='par_1_100' title="bbox 225 5383 1734 5456">
     <span class='ocr_line' id='line_1_100' title="bbox 225 5383 1734 5456; baseline -0.001 -17"><span class='ocrx_word' id='word_1_740' title='bbox 225 5384 331 5440; x_wconf 79' lang='grc' dir='ltr'>Τόν</span> <span class='ocrx_word' id='word_1_741' title='bbox 363 5385 464 5456; x_wconf 75' lang='grc' dir='ltr'>μὲν</span> <span class='ocrx_word' id='word_1_742' title='bbox 491 5383 644 5440; x_wconf 85' lang='grc' dir='ltr'>οῦπω</span> <span class='ocrx_word' id='word_1_743' title='bbox 667 5385 778 5449; x_wconf 88' lang='grc' dir='ltr'>τοίς</span> <span class='ocrx_word' id='word_1_744' title='bbox 805 5383 1025 5454; x_wconf 83' lang='grc' dir='ltr'>δεσμοῖς</span> <span class='ocrx_word' id='word_1_745' title='bbox 1047 5383 1144 5439; x_wconf 86' lang='grc' dir='ltr'><strong>τοῦ</strong></span> <span class='ocrx_word' id='word_1_746' title='bbox 1168 5383 1349 5456; x_wconf 88' lang='grc' dir='ltr'>γάμου</span> <span class='ocrx_word' id='word_1_747' title='bbox 1375 5385 1734 5455; x_wconf 74' lang='grc' dir='ltr'>συνεζευγμέο</span> 
     </span>
    </p>
   </div>
   <div class='ocr_carea' id='block_1_101' title="bbox 162 5477 1726 5551">
    <p class='ocr_par' dir='ltr' id='par_1_101' title="bbox 162 5477 1726 5551">
     <span class='ocr_line' id='line_1_101' title="bbox 162 5477 1726 5551; baseline 0.001 -19"><span class='ocrx_word' id='word_1_748' title='bbox 162 5493 266 5543; x_wconf 84' lang='grc' dir='ltr'>νον,</span> <span class='ocrx_word' id='word_1_749' title='bbox 289 5477 583 5544; x_wconf 83' lang='grc' dir='ltr'>λυσσώδεις</span> <span class='ocrx_word' id='word_1_750' title='bbox 616 5477 930 5548; x_wconf 66' lang='grc' dir='ltr'>ἐπιθυμίαι,</span> <span class='ocrx_word' id='word_1_751' title='bbox 975 5478 1072 5533; x_wconf 70' lang='grc' dir='ltr'>καὶ</span> <span class='ocrx_word' id='word_1_752' title='bbox 1114 5479 1286 5551; x_wconf 85' lang='grc' dir='ltr'>ὁρμαὶ</span> <span class='ocrx_word' id='word_1_753' title='bbox 1337 5479 1726 5548; x_wconf 82' lang='grc' dir='ltr'>δυσκάθεκτοι,</span> 
     </span>
    </p>
   </div>
   <div class='ocr_carea' id='block_1_102' title="bbox 165 5571 1730 5647">
    <p class='ocr_par' dir='ltr' id='par_1_102' title="bbox 165 5571 1730 5647">
     <span class='ocr_line' id='line_1_102' title="bbox 165 5571 1730 5647; baseline 0.003 -22"><span class='ocrx_word' id='word_1_754' title='bbox 165 5572 252 5626; x_wconf 78' lang='grc' dir='ltr'>καὶ</span> <span class='ocrx_word' id='word_1_755' title='bbox 269 5572 471 5644; x_wconf 71' lang='grc' dir='ltr'>ἔρωτες</span> <span class='ocrx_word' id='word_1_756' title='bbox 496 5572 800 5644; x_wconf 75' lang='grc' dir='ltr'>δυσέρωτες</span> <span class='ocrx_word' id='word_1_757' title='bbox 823 5571 1240 5644; x_wconf 76' lang='grc' dir='ltr'>ἐκταράττουσι.</span> <span class='ocrx_word' id='word_1_758' title='bbox 1265 5573 1369 5628; x_wconf 83' lang='grc' dir='ltr'><strong>Τὸν</strong></span> <span class='ocrx_word' id='word_1_759' title='bbox 1390 5574 1446 5628; x_wconf 84' lang='grc' dir='ltr'>δὲ</span> <span class='ocrx_word' id='word_1_760' title='bbox 1467 5573 1568 5647; x_wconf 74' lang='grc' dir='ltr'>ήδη</span> <span class='ocrx_word' id='word_1_761' title='bbox 1596 5592 1730 5629; x_wconf 71' lang='grc' dir='ltr'>κατε-</span> 
     </span>
    </p>
   </div>
   <div class='ocr_carea' id='block_1_103' title="bbox 166 5658 1729 5742">
    <p class='ocr_par' dir='ltr' id='par_1_103' title="bbox 166 5658 1729 5742">
     <span class='ocr_line' id='line_1_103' title="bbox 166 5658 1729 5742; baseline 0.004 -26"><span class='ocrx_word' id='word_1_762' title='bbox 166 5663 486 5737; x_wconf 85' lang='grc' dir='ltr'>ειλημμένον</span> <span class='ocrx_word' id='word_1_763' title='bbox 538 5658 793 5738; x_wconf 77' lang='grc' dir='ltr'>ὁμοζῦγῳ</span> <span class='ocrx_word' id='word_1_764' title='bbox 841 5666 1030 5740; x_wconf 70' lang='grc' dir='ltr'>ἔτερος</span> <span class='ocrx_word' id='word_1_765' title='bbox 1059 5665 1288 5739; x_wconf 76' lang='grc' dir='ltr'>θόρυϐος</span> <span class='ocrx_word' id='word_1_766' title='bbox 1328 5666 1437 5724; x_wconf 83' lang='grc' dir='ltr'><strong>τῶν</strong></span> <span class='ocrx_word' id='word_1_767' title='bbox 1505 5669 1729 5742; x_wconf 81' lang='grc' dir='ltr'>φροντί-</span> 
     </span>
    </p>
   </div>
   <div class='ocr_carea' id='block_1_104' title="bbox 168 5755 1726 5837">
    <p class='ocr_par' dir='ltr' id='par_1_104' title="bbox 168 5755 1726 5837">
     <span class='ocr_line' id='line_1_104' title="bbox 168 5755 1726 5837; baseline 0.006 -27"><span class='ocrx_word' id='word_1_768' title='bbox 168 5755 264 5810; x_wconf 82' lang='grc' dir='ltr'><strong>δων</strong></span> <span class='ocrx_word' id='word_1_769' title='bbox 296 5757 575 5831; x_wconf 69' lang='grc' dir='ltr'>ἐκδέχεται</span> <span class='ocrx_word' id='word_1_770' title='bbox 599 5775 614 5794; x_wconf 74' lang='grc' dir='ltr'><strong>ο</strong></span> <span class='ocrx_word' id='word_1_771' title='bbox 645 5761 704 5814; x_wconf 80' lang='grc' dir='ltr'>ἐν</span> <span class='ocrx_word' id='word_1_772' title='bbox 733 5757 961 5835; x_wconf 73' lang='grc' dir='ltr'>ἀπαιδίᾳ</span> <span class='ocrx_word' id='word_1_773' title='bbox 985 5760 1195 5816; x_wconf 86' lang='grc' dir='ltr'>παίδων</span> <span class='ocrx_word' id='word_1_774' title='bbox 1234 5760 1517 5834; x_wconf 74' lang='grc' dir='ltr'>ἐπιθυμία,</span> <span class='ocrx_word' id='word_1_775' title='bbox 1567 5765 1625 5818; x_wconf 82' lang='grc' dir='ltr'>ὲν</span> <span class='ocrx_word' id='word_1_776' title='bbox 1659 5766 1726 5837; x_wconf 77' lang='grc' dir='ltr'><strong>τῇ</strong></span> 
     </span>
    </p>
   </div>
   <div class='ocr_carea' id='block_1_105' title="bbox 171 5847 1728 5929">
    <p class='ocr_par' dir='ltr' id='par_1_105' title="bbox 171 5847 1728 5929">
     <span class='ocr_line' id='line_1_105' title="bbox 171 5847 1728 5929; baseline 0.012 -32"><span class='ocrx_word' id='word_1_777' title='bbox 171 5847 351 5920; x_wconf 75' lang='grc' dir='ltr'>κτήσει</span> <span class='ocrx_word' id='word_1_778' title='bbox 381 5851 488 5908; x_wconf 88' lang='grc' dir='ltr'><strong>τῶν</strong></span> <span class='ocrx_word' id='word_1_779' title='bbox 517 5851 720 5908; x_wconf 85' lang='grc' dir='ltr'>παίδων</span> <span class='ocrx_word' id='word_1_780' title='bbox 744 5852 1136 5926; x_wconf 75' lang='grc' dir='ltr'>παιδοτροφίας</span> <span class='ocrx_word' id='word_1_781' title='bbox 1171 5853 1434 5928; x_wconf 86' lang='grc' dir='ltr'>μέριμνα,</span> <span class='ocrx_word' id='word_1_782' title='bbox 1467 5857 1728 5929; x_wconf 79' lang='grc' dir='ltr'>γυναικὸς</span> 
     </span>
    </p>
   </div>
   <div class='ocr_carea' id='block_1_106' title="bbox 1839 5111 3414 5185">
    <p class='ocr_par' dir='ltr' id='par_1_106' title="bbox 1839 5111 3414 5185">
     <span class='ocr_line' id='line_1_106' title="bbox 1839 5111 3414 5185; baseline 0.004 -18"><span class='ocrx_word' id='word_1_783' title='bbox 1839 5121 1900 5168; x_wconf 87' lang='lat' dir='ltr'><strong>ut</strong></span> <span class='ocrx_word' id='word_1_784' title='bbox 1927 5111 2302 5180; x_wconf 81' lang='lat' dir='ltr'><strong>dissolvatur;</strong></span> <span class='ocrx_word' id='word_1_785' title='bbox 2331 5128 2429 5169; x_wconf 89' lang='lat' dir='ltr'><strong>nos</strong></span> <span class='ocrx_word' id='word_1_786' title='bbox 2455 5129 2676 5185; x_wconf 84' lang='lat' dir='ltr'><strong>quoque</strong></span> <span class='ocrx_word' id='word_1_787' title='bbox 2709 5115 2800 5185; x_wconf 89' lang='lat' dir='ltr'><strong>qui</strong></span> <span class='ocrx_word' id='word_1_788' title='bbox 2834 5116 2890 5171; x_wconf 89' lang='lat' dir='ltr'><strong>in</strong></span> <span class='ocrx_word' id='word_1_789' title='bbox 2921 5116 3123 5173; x_wconf 86' lang='lat' dir='ltr'><strong>mundo</strong></span> <span class='ocrx_word' id='word_1_790' title='bbox 3157 5118 3414 5184; x_wconf 75' lang='lat' dir='ltr'><strong>vivimus,</strong></span> 
     </span>
    </p>
   </div>
   <div class='ocr_carea' id='block_1_107' title="bbox 1833 5204 3414 5276">
    <p class='ocr_par' dir='ltr' id='par_1_107' title="bbox 1833 5204 3414 5276">
     <span class='ocr_line' id='line_1_107' title="bbox 1833 5204 3414 5276; baseline 0.005 -16"><span class='ocrx_word' id='word_1_791' title='bbox 1833 5213 1890 5260; x_wconf 90' lang='lat' dir='ltr'><strong>et</strong></span> <span class='ocrx_word' id='word_1_792' title='bbox 1922 5220 2051 5276; x_wconf 81' lang='lat' dir='ltr'><strong>pars</strong></span> <span class='ocrx_word' id='word_1_793' title='bbox 2089 5204 2280 5260; x_wconf 90' lang='lat' dir='ltr'><strong>mundi</strong></span> <span class='ocrx_word' id='word_1_794' title='bbox 2321 5219 2534 5273; x_wconf 88' lang='lat' dir='ltr'><strong>sumus,</strong></span> <span class='ocrx_word' id='word_1_795' title='bbox 2571 5216 2780 5263; x_wconf 68' lang='lat' dir='ltr'><strong>natura:</strong></span> <span class='ocrx_word' id='word_1_796' title='bbox 2810 5209 2976 5264; x_wconf 87' lang='lat' dir='ltr'><strong>etiam</strong></span> <span class='ocrx_word' id='word_1_797' title='bbox 3008 5211 3195 5266; x_wconf 85' lang='lat' dir='ltr'><strong>mundi</strong></span> <span class='ocrx_word' id='word_1_798' title='bbox 3224 5227 3414 5268; x_wconf 86' lang='lat' dir='ltr'><strong>sumus</strong></span> 
     </span>
    </p>
   </div>
   <div class='ocr_carea' id='block_1_108' title="bbox 1835 5300 2157 5371">
    <p class='ocr_par' dir='ltr' id='par_1_108' title="bbox 1835 5300 2157 5371">
     <span class='ocr_line' id='line_1_108' title="bbox 1835 5300 2157 5371; baseline 0.009 -17"><span class='ocrx_word' id='word_1_799' title='bbox 1835 5300 2157 5371; x_wconf 85' lang='lat' dir='ltr'><strong>participes.</strong></span> 
     </span>
    </p>
   </div>
   <div class='ocr_carea' id='block_1_109' title="bbox 1907 5391 3416 5471">
    <p class='ocr_par' dir='ltr' id='par_1_109' title="bbox 1907 5391 3416 5471">
     <span class='ocr_line' id='line_1_109' title="bbox 1907 5391 3416 5471; baseline 0.004 -23"><span class='ocrx_word' id='word_1_800' title='bbox 1907 5391 1965 5448; x_wconf 90' lang='lat' dir='ltr'><strong>S.</strong></span> <span class='ocrx_word' id='word_1_801' title='bbox 2000 5392 2171 5448; x_wconf 80' lang='lat' dir='ltr'><strong>Basil.</strong></span> <span class='ocrx_word' id='word_1_802' title='bbox 2215 5395 2374 5464; x_wconf 78' lang='lat' dir='ltr'><strong>epist.</strong></span> <span class='ocrx_word' id='word_1_803' title='bbox 2402 5395 2456 5463; x_wconf 81' lang='grc'>1,</span> <span class='ocrx_word' id='word_1_804' title='bbox 2494 5393 2577 5449; x_wconf 81' lang='lat' dir='ltr'><strong>Ad</strong></span> <span class='ocrx_word' id='word_1_805' title='bbox 2607 5393 2760 5466; x_wconf 77' lang='lat' dir='ltr'><strong>Creg.</strong></span> <span class='ocrx_word' id='word_1_806' title='bbox 2814 5395 2973 5452; x_wconf 81' lang='grc' dir='ltr'>ιίιεοί.</span> <span class='ocrx_word' id='word_1_807' title='bbox 2997 5429 3066 5438; x_wconf 92' lang='grc'><strong><em>-</em></strong></span> <span class='ocrx_word' id='word_1_808' title='bbox 3091 5395 3224 5453; x_wconf 82' lang='lat' dir='ltr'><strong>Eum</strong></span> <span class='ocrx_word' id='word_1_809' title='bbox 3260 5401 3416 5471; x_wconf 85' lang='lat' dir='ltr'><strong>equi-</strong></span> 
     </span>
    </p>
   </div>
   <div class='ocr_carea' id='block_1_110' title="bbox 1833 5485 3413 5558">
    <p class='ocr_par' dir='ltr' id='par_1_110' title="bbox 1833 5485 3413 5558">
     <span class='ocr_line' id='line_1_110' title="bbox 1833 5485 3413 5558; baseline 0.005 -17"><span class='ocrx_word' id='word_1_810' title='bbox 1833 5485 1992 5553; x_wconf 89' lang='lat' dir='ltr'><strong>dem,</strong></span> <span class='ocrx_word' id='word_1_811' title='bbox 2041 5488 2136 5558; x_wconf 92' lang='lat' dir='ltr'><strong>qui</strong></span> <span class='ocrx_word' id='word_1_812' title='bbox 2196 5487 2533 5543; x_wconf 90' lang='lat' dir='ltr'><strong>matrimonii</strong></span> <span class='ocrx_word' id='word_1_813' title='bbox 2591 5489 2832 5545; x_wconf 90' lang='lat' dir='ltr'><strong>nondum</strong></span> <span class='ocrx_word' id='word_1_814' title='bbox 2881 5490 3144 5547; x_wconf 84' lang='lat' dir='ltr'><strong>astrictus</strong></span> <span class='ocrx_word' id='word_1_815' title='bbox 3181 5491 3413 5549; x_wconf 86' lang='lat' dir='ltr'><strong>vinculis</strong></span> 
     </span>
    </p>
   </div>
   <div class='ocr_carea' id='block_1_111' title="bbox 1833 5579 3412 5655">
    <p class='ocr_par' dir='ltr' id='par_1_111' title="bbox 1833 5579 3412 5655">
     <span class='ocr_line' id='line_1_111' title="bbox 1833 5579 3412 5655; baseline 0.003 -21"><span class='ocrx_word' id='word_1_816' title='bbox 1833 5587 1938 5643; x_wconf 87' lang='lat' dir='ltr'><strong>est,</strong></span> <span class='ocrx_word' id='word_1_817' title='bbox 1970 5579 2174 5635; x_wconf 64' lang='lat' dir='ltr'><strong>rabida</strong></span> <span class='ocrx_word' id='word_1_818' title='bbox 2222 5580 2584 5651; x_wconf 84' lang='lat' dir='ltr'><strong>cupiditates,</strong></span> <span class='ocrx_word' id='word_1_819' title='bbox 2631 5581 2992 5654; x_wconf 75' lang='lat' dir='ltr'><strong>eli‘renatique</strong></span> <span class='ocrx_word' id='word_1_820' title='bbox 3048 5585 3309 5655; x_wconf 78' lang='lat' dir='ltr'><strong>impetus,</strong></span> <span class='ocrx_word' id='word_1_821' title='bbox 3357 5597 3412 5642; x_wconf 88' lang='lat' dir='ltr'><strong>et</strong></span> 
     </span>
    </p>
   </div>
   <div class='ocr_carea' id='block_1_112' title="bbox 1833 5672 3409 5749">
    <p class='ocr_par' dir='ltr' id='par_1_112' title="bbox 1833 5672 3409 5749">
     <span class='ocr_line' id='line_1_112' title="bbox 1833 5672 3409 5749; baseline 0.006 -23"><span class='ocrx_word' id='word_1_822' title='bbox 1833 5672 2020 5728; x_wconf 88' lang='lat' dir='ltr'><strong>miseri</strong></span> <span class='ocrx_word' id='word_1_823' title='bbox 2059 5672 2278 5744; x_wconf 90' lang='lat' dir='ltr'><strong>quidam</strong></span> <span class='ocrx_word' id='word_1_824' title='bbox 2320 5688 2536 5732; x_wconf 87' lang='lat' dir='ltr'><strong>amores</strong></span> <span class='ocrx_word' id='word_1_825' title='bbox 2587 5675 2891 5746; x_wconf 73' lang='lat' dir='ltr'><strong>exagitant.</strong></span> <span class='ocrx_word' id='word_1_826' title='bbox 2929 5676 3062 5732; x_wconf 82' lang='lat' dir='ltr'><strong>Eum</strong></span> <span class='ocrx_word' id='word_1_827' title='bbox 3095 5686 3280 5734; x_wconf 88' lang='lat' dir='ltr'><strong>autem</strong></span> <span class='ocrx_word' id='word_1_828' title='bbox 3316 5680 3409 5749; x_wconf 88' lang='lat' dir='ltr'><strong>qui</strong></span> 
     </span>
    </p>
   </div>
   <div class='ocr_carea' id='block_1_113' title="bbox 1831 5763 3410 5837">
    <p class='ocr_par' dir='ltr' id='par_1_113' title="bbox 1831 5763 3410 5837">
     <span class='ocr_line' id='line_1_113' title="bbox 1831 5763 3410 5837; baseline 0.004 -18"><span class='ocrx_word' id='word_1_829' title='bbox 1831 5764 1987 5819; x_wconf 81' lang='lat' dir='ltr'><strong>uxori</strong></span> <span class='ocrx_word' id='word_1_830' title='bbox 2047 5763 2160 5837; x_wconf 87' lang='lat' dir='ltr'><strong>jam</strong></span> <span class='ocrx_word' id='word_1_831' title='bbox 2205 5779 2450 5821; x_wconf 78' lang='lat' dir='ltr'><strong>annexus</strong></span> <span class='ocrx_word' id='word_1_832' title='bbox 2490 5774 2593 5833; x_wconf 87' lang='lat' dir='ltr'><strong>est,</strong></span> <span class='ocrx_word' id='word_1_833' title='bbox 2648 5768 2785 5822; x_wconf 85' lang='lat' dir='ltr'><strong>alter</strong></span> <span class='ocrx_word' id='word_1_834' title='bbox 2823 5783 3083 5824; x_wconf 88' lang='lat' dir='ltr'><strong>curarum</strong></span> <span class='ocrx_word' id='word_1_835' title='bbox 3139 5771 3410 5826; x_wconf 86' lang='lat' dir='ltr'><strong>tumultus</strong></span> 
     </span>
    </p>
   </div>
   <div class='ocr_carea' id='block_1_114' title="bbox 1830 5856 3404 5936">
    <p class='ocr_par' dir='ltr' id='par_1_114' title="bbox 1830 5856 3404 5936">
     <span class='ocr_line' id='line_1_114' title="bbox 1830 5856 3404 5936; baseline 0.003 -20"><span class='ocrx_word' id='word_1_836' title='bbox 1830 5856 2033 5931; x_wconf 80' lang='lat' dir='ltr'><strong>excipit</strong></span> <span class='ocrx_word' id='word_1_837' title='bbox 2075 5873 2090 5915; x_wconf 91' lang='lat'><strong>:</strong></span> <span class='ocrx_word' id='word_1_838' title='bbox 2137 5857 2194 5916; x_wconf 89' lang='lat' dir='ltr'><strong>in</strong></span> <span class='ocrx_word' id='word_1_839' title='bbox 2232 5859 2524 5917; x_wconf 88' lang='lat' dir='ltr'><strong>sterilitate</strong></span> <span class='ocrx_word' id='word_1_840' title='bbox 2569 5862 2738 5933; x_wconf 85' lang='lat' dir='ltr'><strong>prolis</strong></span> <span class='ocrx_word' id='word_1_841' title='bbox 2775 5862 3130 5933; x_wconf 85' lang='lat' dir='ltr'><strong>desiderium,</strong></span> <span class='ocrx_word' id='word_1_842' title='bbox 3183 5863 3237 5920; x_wconf 90' lang='lat' dir='ltr'><strong>in</strong></span> <span class='ocrx_word' id='word_1_843' title='bbox 3275 5879 3404 5936; x_wconf 86' lang='lat' dir='ltr'><strong>pro-</strong></span> 
     </span>
    </p>
   </div>
  </div>
