3948 6250
493 357 630 424 1283

1656 342 1716 405 S.
1736 337 2064 404 JOANNIS
2100 333 2532 399 DAMASCENI

3591 325 3714 393 1281.

490 476 767 534 creatione
794 472 1114 537 liberorum,
1152 463 1469 523 eorumdem
1494 460 1817 519 alendorum
1852 455 2064 514 solliei-

2192 447 2408 528 ›υλακὴ,
2441 455 2592 509 οῐκου
2654 448 2967 526 ἐπιμέλεια,
3016 450 3247 507 οίκετῶν
3279 447 3616 521 προστασίαι,
3662 448 3715 501 αἱ

492 568 645 633 tudo,
680 564 927 621 custodia
957 561 1168 627 uxoris,
1204 556 1524 629 procuratio
1570 554 1791 619 domus,
1823 548 2062 605 famulo-

492 678 611 717 rum
644 675 797 723 cura,
821 658 1018 713 damna
1045 655 1099 711 in
1130 649 1530 714 contractibus,
1583 646 1717 702 rixae
1758 659 1885 701 cum
1920 640 2065 697 vici-

492 754 599 820 nis,
664 750 908 805 forenses
964 743 1293 809 conﬂictus,
1347 736 1740 811 negotiationis
1799 732 2064 807 pericula,

2164 549 2307 605 κατὰ
2339 549 2409 602 τὰ
2434 546 2742 618 ωμόόλαια
2778 546 2999 617 suem;
3032 547 3082 601 οί
3120 545 3259 617 πρὸς
3303 543 3431 607 τοὺς
3486 541 3718 611 γείτονας

2164 640 2613 712 διαπληκτισμοὶ,
2652 639 2712 694 αἱ
2754 642 2814 695 ὲν
2838 641 2953 704 τοῖς
2991 636 3368 709 δικαστηρίοις
3407 633 3720 706 συμπλοκαὶ,

2166 736 2264 790 καὶ
2287 735 2387 805 τῆς
2410 732 2685 805 ἐμπορίας
2714 733 2765 787 οἱ
2798 732 3062 796 κίνδυνοι,
3094 731 3151 785 ai
3192 729 3291 802 τῆς
3322 726 3593 799 γεωργίας
3617 726 3723 779 δια-

493 844 845 917 agriculturae
878 839 1117 894 labores.
1150 834 1341 903 Quivis
1385 833 1505 889 dies
1553 829 1852 887 adveniens
1909 841 2066 883 suam

2192 827 2463 899 ιονήσεις·
2507 828 2657 880 πᾶσα
2706 826 2888 899 ἡμέρα
2945 825 3085 880 ίδίαν
3137 825 3262 896 ἣκει
3318 820 3618 893 κομίζουσα
3639 819 3726 889 τῆς

494 934 995 1006 animaeealigincm
1025 929 1258 986 oﬂ‘undit
1287 946 1302 984 :
1344 933 1400 984 et
1446 934 1638 982 noctes
1666 923 1884 981 diurnis
1915 921 2069 977 curis

2192 920 2350 993 'yuxﬁc
2377 920 2750 991 ἐπισκότησιν,
2783 921 2877 974 καὶ
2921 919 2980 973 αί
3010 916 3204 982 νύκτες
3235 916 3336 980 τὰς
3371 911 3728 986 καθημερινὰς

496 1028 887 1092 succedentes,
932 1038 1031 1096 per
1070 1021 1295 1079 easdem
1341 1018 1559 1093 species
1602 1024 1840 1075 mentem
1884 1014 2070 1071 luditi-

496 1132 715 1181 cantur.

566 1258 704 1313 Nili.
740 1286 812 1297 -
838 1250 1158 1326 Omnigenis
1192 1247 1701 1323 perturbationibus
1727 1253 1780 1302 et
1811 1245 2073 1302 aerumnis

496 1353 697 1408 misera
728 1351 845 1405 haec
886 1347 993 1402 vita
1024 1344 1299 1402 obruitur.

568 1466 845 1538 Chrysost.
879 1461 1040 1517 Hom.
1065 1462 1119 1515 in
1152 1458 1286 1514 illud
1320 1456 1460 1527 psat.
1508 1468 1761 1510 xxxvnt:
1796 1470 1816 1505 ι
1852 1451 2071 1508 Verum-

498 1568 671 1615 tamen
696 1560 941 1612 universa
968 1555 1199 1611 vanitas.
1235 1571 1255 1604 ι
1289 1550 1667 1623 Suppositiu'a.
1689 1546 1912 1611 —Vide,
1942 1546 2076 1601 cha-

498 1652 738 1716 rissime,
773 1664 955 1706 annon
992 1663 1079 1704 res
1117 1647 1371 1701 humana:
1423 1656 1571 1697 mare
1611 1638 1928 1705 imitentur;
1977 1653 2077 1691 an-

499 1762 605 1802 non
632 1745 823 1801 eadem
856 1739 1275 1814 perturbatione
1314 1738 1427 1793 vita
1460 1736 1623 1808 plena
1656 1735 1767 1804 sit;
1807 1748 1987 1789 armon
2022 1731 2075 1787 in

2171 1013 2457 1087 ῳροντίδας
2488 1013 2928 1086 παραλαϐοῦσαι,
2956 1016 3016 1068 ὲν
3040 1016 3164 1078 ταῖς
3188 1011 3385 1076 αὐταῖς
3419 1008 3729 1081 φαντασίαις

2171 1107 2492 1175 ἐξαπατῶσι
2522 1108 2616 1164 τὸν
2648 1106 2798 1163 νοῦν.

2242 1245 2526 1309 Παντοίοις
2580 1244 2777 1300 πάθεσι
2840 1245 2938 1301 καὶ
2993 1243 3396 1317 ταλαιπωρίαις
3440 1241 3735 1297 καταδεδά-

2174 1352 2398 1390 πτισται
2431 1337 2464 1409 ἡ
2495 1334 2748 1408 ἀθλιότης
2772 1336 2874 1407 τῆς
2902 1328 3001 1391 ὧδε
3035 1335 3202 1407 ζωῆς.

2247 1447 2390 1519 Ὅρα
2422 1456 2469 1515 ³,
2505 1446 2775 1518 ἀγαπητὲ,
2799 1445 2918 1512 πῶς
2937 1444 3210 1501 θάλατταν
3248 1446 3501 1517 μιμεῖται
3524 1442 3632 1497 τῶν
3653 1443 3738 1497 ἀν-

2177 1537 2414 1611 Θρώπων
2440 1538 2509 1593 τὰ
2536 1539 2839 1612 πράγματα
2862 1556 2877 1571 ·
2903 1539 2954 1593 εί
2980 1538 3058 1612 μὴ
3076 1540 3176 1611 τῆς
3200 1538 3454 1611 ταραχῆς
3486 1538 3694 1607 ἐκείνης
3717 1539 3742 1590 ὁ

2180 1627 2293 1697 βίος
2322 1627 2743 1700 ἐμπέπλησται*
2764 1630 2814 1684 εί
2846 1630 2921 1703 μὴ
2963 1629 3067 1702 τῆς
3110 1630 3285 1702 ὑγρᾶς
3310 1629 3478 1683 πλέον
3522 1629 3615 1685 ἐπὶ
3654 1629 3742 1699 τῆς

2179 1717 2351 1790 ξηρᾶς
2378 1718 2786 1792 χειμαζόμεθα·
2808 1722 2859 1775 εί
2890 1720 2967 1793 μὴ
2988 1722 3100 1775 τῶν
3128 1722 3350 1792 ἀνέμων
3393 1720 3743 1793 σφοδρότερον

499 1848 645 1895 terra
681 1837 878 1908 magis,
916 1848 1081 1907 quam
1114 1846 1285 1895 mare,
1314 1829 1631 1902 iactemur;
1678 1842 1863 1884 annon
1911 1834 2077 1882 vento

2192 1813 2258 1908 ti;
2285 1811 2548 1885 ἀλλήλους
2579 1814 2988 1887 συμπίπτομεν*
3018 1816 3072 1869 εί
3108 1813 3183 1886 μὴ
3213 1814 3283 1868 τὰ
3312 1814 3597 1887 χρήματα,
3621 1811 3746 1868 καθ-

499 1931 694 2006 quovis
735 1926 1114 1986 vehementius
1142 1925 1201 1979 in
1248 1937 1351 1979 nos
1393 1920 1630 1977 invicem
1688 1920 2078 1985 lncurramus;

501 2040 681 2081 annon
715 2019 966 2095 pecuniae
1007 2016 1369 2091 procellarum
1424 2014 1601 2070 instar
1644 2028 1747 2069 nos
1774 2018 1973 2070 mutuo
2026 2008 2080 2065 in

502 2134 605 2175 nos
630 2114 933 2181 collidant;
983 2126 1165 2166 annon
1210 2116 1473 2179 tanquam
1527 2104 1584 2159 in
1632 2102 1803 2159 maris
1843 2098 2083 2173 caligine

501 2210 613 2266 huc
671 2208 915 2279 illucque
969 2200 1446 2260 circumferamur.
1512 2195 1613 2251 Hic
1677 2194 1829 2251 illius
1890 2206 2082 2265 agrum

502 2300 709 2373 rapuit,
735 2298 826 2353 illc
861 2292 1086 2352 alterius
1117 2300 1317 2348 terram
1351 2286 1622 2344 abstulit:
1657 2282 1820 2358 393
1848 2280 2082 2353 proximi

504 2406 732 2451 uxorem
785 2388 927 2445 alter
974 2382 1330 2455 concupivit,
1378 2380 1518 2435 alter
1561 2379 1791 2434 altcrius
1846 2374 2084 2431 famulos

504 2486 765 2558 abripuit.
797 2482 898 2538 llic
937 2478 1006 2538 de
1048 2491 1190 2550 aqua
1224 2490 1346 2532 cum
1380 2473 1565 2528 vicino
1609 2471 1787 2542 litigat
1829 2487 1844 2526 :
1894 2468 1988 2525 ille
2017 2467 2087 2523 de

505 2556 658 2636 auris
708 2590 834 2632 cum
893 2567 1273 2630 contubernali
1326 2579 1431 2621 suo
1484 2560 1841 2637 digladiatur.
1893 2559 1962 2614 Hi
2014 2556 2086 2614 de

508 2681 673 2727 terra:
720 2680 981 2725 mensura
1034 2662 1426 2726 conﬂictantur
1470 2679 1483 2715 :
1534 2656 1616 2713 illi
1650 2657 1722 2713 ob
1748 2654 1944 2711 aedium
1988 2668 2085 2709 ex-

506 2763 867 2822 structionem
898 2773 1020 2816 sese
1051 2764 1240 2812 mutuo
1284 2753 1624 2827 Opprimunt.
1681 2748 1784 2806 Hic
1819 2763 1942 2820 quae
1973 2762 2081 2803 non

502 2856 679 2922 dedit,
725 2852 976 2925 accipere
1025 2846 1389 2921 aggreditur:
1442 2844 1538 2900 ille
1584 2848 1805 2907 contra,
1857 2848 1919 2895 ut
1964 2854 2088 2911 quas

502 2947 721 3020 accepit
752 2958 863 3001 non
885 2942 1099 3008 reddat,
1136 2938 1347 3013 judicio
1385 2935 1688 2994 contendit.
1718 2931 1817 2989 Hic
1853 2931 2087 3003 augendi

508 3040 739 3098 faenoris
790 3033 1107 3108 inexplebili
1147 3031 1451 3106 cupiditate
1499 3028 1735 3102 ﬂagrat;
1793 3026 1887 3083 ille
1918 3026 2085 3081 etiam

508 3135 625 3207 ipsa
662 3146 876 3190 summa
924 3126 1185 3184 fraudare
1232 3123 1563 3181 creditorem
1614 3119 1831 3176 nititur.
1887 3115 1988 3172 Hic
2016 3116 2086 3173 ob

2182 1906 2326 1977 άπερ
2383 1907 2696 1978 καταιγίδες
2748 1908 2871 1963 κατ’
2927 1906 3174 1981 ἀλλήλων
3213 1908 3364 1981 ἡμᾶς
3417 1906 3746 1979 συγκρούον-

2185 2014 2298 2052 σιν’
2332 1999 2381 2053 εί
2410 1996 2486 2071 μὴ
2519 1998 2772 2072 καθάπερ
2803 1999 2863 2054 ἓν
2900 1998 3053 2072 ζόφῳ
3080 1997 3356 2072 θαλαττίῳ
3382 1993 3493 2055 ὧδε
3535 2002 3748 2055 κάκεῖσε

2183 2090 2619 2165 περιφερόμεθα.
2643 2086 2816 2157 Οὗτος
2836 2092 3051 2148 ἐκείνου
3071 2092 3165 2148 τὸν
3179 2093 3351 2167 ἀγρὸν
3370 2093 3747 2167 ἁφηρπάσατοο

2182 2183 2372 2256 ῑτερος
2418 2184 2605 2257 ἐτέρου
2630 2183 2731 2256 τὴν
2757 2186 2860 2257 γῆν
2893 2185 3262 2257 ὲπαφείλατοο
3312 2184 3479 2251 ἀλλος
3527 2185 3628 2258 τῆς
3668 2184 3752 2241 τοῦ

2185 2276 2418 2349 πλησίου
2449 2276 2708 2346 γυναικὸς
2738 2277 2905 2333 ὲπεθύ
2916 2295 3111 2350 μησεν,
3147 2278 3308 2343 ἀλλος
3330 2278 3431 2334 τοῦ
3454 2279 3613 2334 δεῖνα
3638 2281 3754 2343 τοῦς

2183 2369 2401 2433 οἰκέτας
2427 2368 2776 2443 ἀφήρπασενε
2821 2367 2882 2426 '0
2920 2372 3021 2442 μὲν
3074 2370 3210 2443 περὶ
3255 2370 3453 2436 ὕδατος
3505 2370 3757 2441 πρδςπδν

2184 2462 2399 2533 γείτονα
2427 2462 2675 2535 κρίνεται
2705 2478 2719 2492 ·
2752 2465 2781 2517 6
2833 2462 2889 2517 δὲ
2938 2462 3067 2535 περὶ
3096 2463 3283 2537 ἀέρων
3315 2464 3394 2534 τῷ
3435 2466 3755 2537 συνκτήτορι

2189 2559 2445 2632 μάχεται.
2484 2558 2549 2612 Oi
2585 2557 2686 2629 μὲν
2709 2556 2836 2630 περὶ
2863 2556 3043 2630 μέτρα
3065 2557 3166 2629 τῆς
3206 2556 3309 2629 γῆς
3338 2556 3755 2630 διαπληκτίζον-

2186 2672 2275 2709 ται
2301 2671 2317 2687 υ
2350 2654 2399 2709 oi
2431 2654 2487 2709 δὲ
2516 2652 2606 2708 διὰ
2628 2651 2938 2725 οἰκοδομίας
2984 2652 3175 2708 οἰκιῶν
3243 2651 3519 2725 ἀλλήλους
3564 2651 3758 2707 διαθλίο

2187 2748 2374 2802 ϐουσιν
2393 2765 2408 2780 ο
2436 2740 2588 2812 οὗτος
2619 2746 2777 2819 ἅπερ
2806 2745 2906 2801 οὐκ
2936 2745 3137 2801 ἔδωκεν
3183 2745 3371 2800 λαϐεῖν
3424 2744 3723 2817 ἐπιφύεται
3742 2760 3756 2776 ·

2186 2843 2394 2906 ἐκεῖνος
2448 2841 2589 2913 ἀπερ
2637 2839 2849 2902 ἔλασεν,
2886 2840 2964 2911 μὴ
3007 2839 3195 2894 δοῦναι
3235 2839 3672 2905 ἀπιδικάζεται.
3707 2838 3760 2893 '0

2191 2933 2289 3006 μὲν
2315 2933 2445 3006 περὶ
2483 2932 2678 2998 τόκους
2712 2931 3123 3005 ἀπληστεύεται
3145 2948 3161 2963 ·
3189 2935 3218 2987 6
3257 2932 3317 2987 δὲ
3364 2931 3430 2986 τὸ
3470 2931 3761 3001 κεφάλαιον

2188 3028 2511 3099 ἀποστερεῖν
2542 3024 2958 3097 διισχυρίζεται.
2999 3015 3173 3089 Οὗτος
3217 3024 3445 3097 ἀπορῶν
3493 3024 3761 3087 όδυνᾶται,

2187 3122 2397 3186 ἐκεῖνος
2428 3119 2677 3193 εὐπορῶν
2708 3118 3045 3192 θορυϐεῖται.
3105 3119 3164 3174 '0
3215 3117 3291 3191 μὴ
3328 3118 3476 3190 έχων
3517 3117 3763 3183 ὀνειδίζε-

508 3245 691 3289 rerum
717 3225 1004 3301 penuriam
1042 3219 1453 3285 discruciatur;
1497 3217 1588 3272 ille
1633 3217 1690 3270 in
1734 3210 2083 3285 amplissimis

2192 3226 2301 3301 ται,
2328 3208 2421 3301 καὶ
2438 3210 2467 3263 6
2483 3188 2620 3280 :de
2641 3188 3051 3264 ἐπιϐουλεύεται
3070 3226 3084 3240 ·
3107 3211 3135 3264 ό
3156 3188 3389 3281 κρατῶν
3400 3209 3761 3282 ἐνεδρεύεται,

502 3324 707 3395 opibus
744 3324 940 3375 :estuat
973 3315 1182 3370 animo.
1213 3310 1320 3379 Qui
1360 3324 1567 3381 egenus
1604 3316 1710 3375 est,
1746 3304 1952 3377 probro
1987 3303 2089 3358 ba-

511 3417 705 3482 betnr;
739 3410 832 3485 qui
873 3408 1070 3481 Opibus
1120 3405 1315 3472 aﬂluit,
1372 3401 1645 3475 appetitur
1692 3398 1933 3455 insidiis.
1984 3395 2089 3465 Qui

511 3510 719 3582 potitur
746 3503 1019 3581 imperio,
1067 3496 1574 3571 conspirationibus
1623 3493 1895 3550 obnoxius
1954 3499 2089 3549 est:

507 3600 608 3674 qui
630 3597 984 3669 magistratus
1006 3591 1166 3664 gerit,
1203 3587 1521 3661 suspicione
1573 3592 1627 3642 et
1674 3583 1979 3640 invidentia
2011 3582 2093 3637 la-

510 3699 675 3754 borat
710 3710 726 3749 :
762 3689 854 3763 qui
910 3684 1158 3761 potentia
1203 3682 1407 3756 pollet,-
1456 3680 1688 3734 habetur
1735 3675 1882 3732 odio.
1942 3676 2091 3732 Bella

511 3780 776 3849 continua
819 3790 974 3850 sunt,
1033 3778 1210 3836 caedes
1247 3773 1502 3831 assiduae.
1557 3768 1904 3842 inexplebilis
1934 3770 2089 3840 cupi-

512 3884 659 3941 ditas
688 3874 1034 3954 tyrannidem
1081 3877 1323 3932 exercet,
1363 3864 1700 3920 dominatum
1748 3860 2001 3927 avaritia,
2035 3867 2091 3918 et

512 3972 861 4033 mendacium
906 3979 1075 4039 supra
1118 3960 1342 4018 modum
1378 3956 1666 4013 attollitur.
1716 3953 1899 4010 Mutua
1955 3954 2087 4011 ﬂdes

515 4068 773 4141 aufugit:
802 4073 1005 4121 terram
1037 4057 1242 4115 veritas
1283 4051 1523 4111 deseruit
1554 4070 1567 4107 :
1603 4049 1844 4105 amicitia
1886 4049 2087 4104 mensis

515 4144 1037 4220 circumscribitur;
1096 4148 1350 4207 nonnulli
1414 4148 1582 4201 etiam
1635 4142 1740 4199 vim
1796 4148 1853 4197 et
1918 4142 2087 4197 robur

517 4272 679 4317 suum
742 4252 1069 4309 amiserunt.
1124 4243 1496 4300 Salutationes
1545 4235 1857 4309 suspicione
1914 4234 2087 4307 plenae

2189 3299 2220 3354 6
2249 3300 2307 3354 ὲν
2329 3300 2526 3372 ἀρχαῖς
2553 3300 2921 3355 ὐποδλέπεται
2944 3317 2960 3332 ο
2990 3302 3020 3354 6
3046 3302 3103 3356 ὲν
3130 3300 3407 3367 ἐξουσίαις
3440 3303 3711 3374 μισεῖται,
3738 3303 3765 3353 6

2193 3390 2252 3446 ὲν
2271 3390 2615 3455 δυναστείαις
2650 3391 3015 3457 σκευάζεται*
3064 3394 3114 3447 οἱ
3150 3392 3381 3465 πόλεμοι
3412 3397 3689 3467 συνεχεῖς,
3723 3396 3769 3449 oi

2193 3484 2344 3555 φόνοι
2372 3484 2686 3557 ἐπάλληλοι.
2736 3484 2803 3539 ’ίί
2849 3484 3123 3557 ἀπληστία
3169 3489 3449 3559 τυραννεῖ,
3496 3489 3534 3561 ἠ
3588 3487 3759 3543 πλεον-

2194 3577 2313 3645 εξία
2342 3576 2680 3642 δυναστεύει,
2707 3577 2768 3631 τὸ
2796 3576 2990 3648 ψεῦδος
3022 3577 3380 3651 ὑπεραίρεται
3403 3594 3419 3609 ⁶
3457 3581 3495 3654 ἡ
3515 3580 3655 3653 πρὸς
3687 3582 3765 3635 ἀλ.

2194 3671 2393 3745 λήλους
2438 3670 2622 3735 πίστις
2667 3670 2974 3743 ἀπέφυγεν,
3019 3673 3054 3741 ἠ
3086 3671 3315 3742 ἀλήθεια
3356 3669 3459 3743 τὴν
3494 3672 3605 3745 γῆν
3645 3690 3759 3728 κατι

2197 3767 2418 3823 έλιπεν⁶
2451 3766 2484 3839 ἡ
2522 3764 2674 3837 φιλία
2704 3765 2868 3837 μέχρι
2894 3765 3175 3838 τραπέζης
3212 3765 3605 3838 περιώρισται,
3637 3768 3687 3821 οἱ
3715 3766 3765 3821 δὲ

2196 3862 2290 3917 καὶ
2336 3859 2438 3933 τὴν
2492 3860 2630 3915 ἰδίαν
2690 3861 2842 3931 ἰσχὺν
2900 3859 3191 3916 ἀπώλεσαν
3218 3876 3236 3892 υ
3286 3861 3343 3913 αἱ
3401 3860 3765 3935 προσηγορίαι

2164 3954 2431 4029 ⁴ὑποψίας
2470 3954 2879 4027 πεπλήρωνται.
2924 3952 3082 4009 Οῦτω
3107 3954 3173 4028 δὴ
3223 3953 3448 4009 πάντων
3491 3956 3554 4010 ὲν
3585 3956 3765 4018 κακοῖς

2194 4049 2576 4123 σεσοϐημένων
2620 4049 2799 4122 ἡμῶν,
2834 4051 2863 4104 6
2896 4049 3183 4121 προφήτης
3220 4046 3312 4102 τδν
3360 4045 3481 4122 βίον
3540 4046 3763 4103 ἐκπτυό-

2197 4162 2355 4217 μενος
2387 4142 2575 4225 ἐκϐοᾷ,
2600 4142 2773 4212 λέγων
2798 4158 2812 4174 ·
2855 4160 2873 4194 ι
2906 4142 3052 4215 Πλὴν
3088 4141 3265 4214 μάτην
3296 4140 3636 4213 ταράσσεται
3665 4139 3762 4203 πᾶς

2192 4237 2479 4310 ἄνθρωπος
2511 4235 2641 4304 ζῶν.
2687 4254 2707 4289 ι

519 4362 670 4415 sunt.
724 4348 804 4406 Ad
842 4348 990 4403 hunc
1027 4343 1193 4416 igitur
1220 4338 1465 4403 modum,
1498 4348 1624 4391 cum
1654 4346 1754 4387 nos
1801 4344 1994 4387 omnes
2025 4330 2081 4387 in
2123 4334 2279 4390 malis
2342 4334 2638 4406 agitemur,
2687 4331 2951 4409 prOpbcta
3002 4329 3297 4386 humanam
3344 4329 3516 4385 vitam
3582 4339 3761 4399 asper-

521 4465 683 4515 nans,
732 4444 787 4501 in
832 4443 951 4497 lucc
981 4438 1142 4494 verba
1197 4434 1396 4492 clamat
1432 4449 1448 4489 :
1483 4448 1503 4484 ι
1537 4427 1929 4485 Verumtamen:
1964 4429 2221 4487 universa
2253 4430 2467 4487 vanitas
2492 4429 2673 4485 omnis
2706 4428 2869 4485 homo
2898 4426 3112 4484 vivens.
3146 4445 3165 4480 ι

520 4545 657 4604 ΤΙΤ.
689 4540 799 4598 VII.
830 4568 900 4583 —-
933 4537 1006 4593 De
1039 4536 1283 4599 violenta,
1328 4540 1375 4587 et
1417 4544 1479 4586 eo
1514 4543 1547 4583 ο
1576 4542 1679 4599 quo
1725 4524 1801 4581 vis
1833 4524 2083 4594 infestum
2122 4531 2163 4586 D

597 4638 764 4695 Eccli.
799 4651 875 4701 ιν,
904 4632 995 4689 52.
1022 4658 1096 4673 —-
1128 4648 1149 4683 ‹
1185 4627 1262 4684 Ne
1308 4624 1529 4682 coneris
1559 4630 1751 4679 contra
1789 4616 1955 4675 ictum
1987 4617 2089 4676 flu-

522 4736 617 4794 vii.
646 4754 665 4788 ι

598 4848 617 4880 ι
657 4823 864 4881 Βονεηγ
890 4820 1162 4875 volentem
1196 4811 1389 4868 incita.
1428 4828 1447 4861 ι

596 4918 625 4976 1
658 4919 804 4975 Patr.
834 4931 887 4981 ν,
910 4912 967 4967 2.
992 4939 1063 4952 υ-
1090 4924 1110 4960 ι
1144 4902 1263 4961 Non
1302 4907 1514 4974 coacte,
1543 4898 1636 4955 sed
1666 4910 1985 4969 spontanee.
2024 4917 2045 4951 ι

595 5012 765 5071 Basil.
829 5009 887 5063 iu
946 5002 1204 5060 Hexaem.
1249 5025 1318 5039 --
1366 4992 1525 5064 Quod
1573 4999 1821 5048 coactum
1872 5001 1979 5059 cst,
2034 4997 2090 5046 et

525 5113 723 5180 praeter
748 5108 1025 5162 naturam,
1048 5099 1335 5165 postquam
1362 5086 1431 5143 ad
1461 5087 1627 5144 breve
1651 5086 1920 5156 quoddam
1954 5092 2093 5139 tem-

524 5310 586 5348 ea
610 5306 678 5346 ex
708 5288 907 5358 quibus
942 5280 1239 5339 conﬂatum
1269 5276 1395 5342 fuit,
1426 5273 1773 5332 dissolvitur.

597 5384 659 5441 S.
692 5380 846 5452 Greg.
902 5377 1047 5434 Naz.
1100 5372 1255 5446 Apol.
1306 5385 1579 5443 magn.—-
1609 5364 1766 5434 Quod
1812 5364 1983 5421 invite
2010 5365 2089 5431 ιιι,

2368 4527 2549 4585 ΤΙΤΔ.
2588 4528 2661 4583 Ζ’.
2680 4554 2746 4567 -—
2774 4525 2912 4596 Περὶ
2943 4524 3150 4591 βιαίου
3181 4522 3278 4579 καὶ
3302 4520 3593 4589 βιαστοῦ.

2272 4645 2289 4678 r
2328 4624 2418 4695 Μὴ
2451 4623 2637 4699 βιάζου
2666 4622 2793 4695 ῥοῦν
2826 4619 3095 4693 ποταμοῦ.
3130 4638 3149 4672 ι

2268 4826 2285 4860 ι
2325 4805 2427 4860 Τὸν
2455 4805 2672 4860 θέλοντα
2703 4802 2829 4875 βοῦν
2857 4802 3065 4857 ἔλαυνε.
3107 4819 3130 4855 ι

2269 4920 2289 4954 ς
2320 4900 2412 4973 Μὴ
2440 4898 2817 4969 ἀναγκαστῶς,
2836 4895 2949 4953 ἀλλ’
2975 4894 3254 4959 ἑκουσίως.
3289 4911 3310 4947 ι

2265 4997 2338 5051 Τὸ
2371 4992 2803 5067 ἠναγκασμένον,
2866 4990 2961 5047 καὶ
3020 4989 3169 5063 παρά
3198 4987 3382 5074 φύσιν,
3451 4987 3540 5042 ἐπ’
3588 4984 3757 5055 ὀλίγον

2194 5091 2433 5163 ἀνίαχον,
2460 5090 2557 5144 καὶ
2612 5089 2767 5145 τοῦτο
2798 5086 3007 5160 βιαίως,
3041 5083 3137 5142 καὶ
3184 5084 3337 5156 μόλις
3375 5084 3510 5158 ταχὺ
3549 5080 3754 5150 διελῦϐη

422 5214 423 5217 η
524 5177 628 5271 pus
654 5204 832 5253 ortum
881 5199 985 5259 est,
1031 5187 1196 5259 idque
1240 5198 1382 5256 aegre
1415 5196 1480 5239 ac
1527 5195 1623 5253 per
1657 5180 1787 5247 vim,
1823 5180 2007 5236 statim
2032 5177 2083 5235 in

2193 5188 2273 5252 εἰς
2308 5184 2375 5241 τὰ
2403 5185 2461 5247 ἐξ
2489 5177 2563 5240 ὧν
2585 5182 2865 5255 συνετέθη.

2261 5366 2335 5421 Τδ
2363 5364 2616 5421 ἀκούσιον
2650 5361 2786 5438 πρὸς
2819 5360 2882 5416 τὸ
2933 5354 3254 5433 τυραννικὸν
3300 5350 3441 5412 εἶναι
3462 5398 3481 5422 ,
3530 5354 3628 5410 καὶ
3662 5352 3755 5409 οὐκ

526 5447 895 5550 praeterquam
926 5473 1073 5546 quod
1104 5467 1450 5544 tyrannicum
1484 5469 1588 5531 est,
1617 5462 1780 5519 etiam
1812 5458 1970 5517 laude
1993 5474 2083 5514 sua

2192 5459 2491 5524 ἐπαινετὸν,
2514 5458 2632 5512 οῦδὲ
2655 5458 2900 5529 μόνιμον.
2930 5454 3082 5509 οιλεῖ
3104 5452 3213 5524 γὰρ
3231 5450 3294 5507 τὸ
3317 5449 3559 5523 βιασθὶν,
3575 5447 3753 5514 ὥσπερ

527 5583 699 5643 caret,
733 5589 834 5631 nec
876 5571 1115 5638 firmum,
1170 5581 1272 5623 nec
1300 5561 1499 5623 stabile
1524 5569 1629 5619 est.
1682 5556 1835 5615 Solet
1863 5556 2010 5614 enim
2043 5555 2094 5610 id

2203 5554 2366 5628 φυτὸν
2396 5552 2489 5627 βίᾳ
2536 5552 2693 5625 χερσί⁸
2746 5547 3207 5624 μετασπώμενον,
3263 5544 3343 5610 είς
3373 5541 3561 5598 ἑαυτὸν
3604 5537 3753 5596 πάλιν

602 5790 629 5821 ι
667 5780 743 5836 Ex
767 5778 1049 5849 supposita
1069 5772 1467 5849 Chrysostomo
1488 5764 1860 5849 enarratione
1891 5778 1942 5821 ν.
1970 5761 2004 5819 6
2037 5757 2233 5834 psalmi
2269 5770 2497 5826 uxvrn,
2527 5768 2692 5829 quam
2728 5750 2951 5811 alterius
2984 5748 3229 5807 auctoris
3256 5762 3406 5817 esse,
3431 5753 3486 5805 et
3527 5741 3645 5801 Nilo
3672 5754 3748 5796 se-

532 5854 741 5927 quioris
787 5838 990 5909 Noster
1017 5838 1202 5905 forsan
1228 5844 1446 5902 videtur
1488 5838 1757 5897 indicare.
