3948 6250
287 332 413 396 1285

1487 336 1724 398 SACRA
1773 336 2234 401 PARALLELA.

3366 343 3508 408 1286

276 445 472 515 ἀφεθὲν
501 445 836 519 ἀνατρέχειν.
869 447 941 501 Τὸ
977 448 1033 503 δὲ
1065 451 1127 503 ὲκ
1155 447 1525 522 προαιρέσεως
1552 491 1567 515 ,
1603 450 1825 524 ὲννομὼ-

1956 455 2086 526 ιιιοίΙ
2128 463 2376 510 eoactum
2421 466 2528 524 est,
2573 472 2679 513 non
2718 471 2879 515 secus
2927 470 2992 513 ac
3040 455 3224 529 planta
3255 460 3514 515 inanibus

273 554 429 592 τατον
455 535 571 608 ἅμα
608 540 701 592 καὶ
731 537 1156 608 ἀσφαλέστατον,
1185 540 1396 606 εὐνοίας
1416 541 1599 614 δεσμῷ
1638 542 1840 616 τηρού-

270 645 451 701 μενον.
491 659 550 670 -ο
579 629 942 703 Βονλομένων,
974 634 1034 688 οὐ
1069 635 1514 706 τυραννουμένων
1539 636 1602 690 τὸ
1621 636 1720 707 τῆς
1747 639 1840 691 εὑ-

267 721 482 785 σεόείας
510 725 826 797 μυστήριον.

333 1009 407 1064 Τό
435 1028 494 1066 τε
525 1009 883 1082 βεϐιασμένον
903 1051 918 1078 ,
959 1013 1056 1068 καὶ
1082 1012 1244 1083 ἀηδὲς
1273 1012 1409 1085 ταχύ
1433 1029 1446 1047 ⁸
1484 1015 1546 1069 τὸ
1582 1014 1638 1068 δὲ
1679 1015 1838 1070 ἀδία-

265 1121 411 1169 οτον,
447 1105 549 1161 οὐκ
576 1106 690 1178 ἔχει
725 1107 907 1179 κόρον,
961 1105 1076 1161 ἀλλ’
1107 1107 1194 1162 ἀεὶ
1230 1107 1416 1181 χάριτί
1451 1125 1512 1163 τε
1546 1110 1641 1163 καὶ
1688 1110 1840 1182 πόθῳ

266 1193 470 1253 θάλλει.

330 1287 582 1343 Μάλιστα
613 1273 830 1341 πάντων
858 1288 1201 1360 Χριπιανοῖς
1231 1290 1332 1344 οὐκ
1362 1289 1570 1361 ἐφίεται
1611 1289 1672 1345 τὸ
1703 1291 1840 1364 πρὸς

265 1381 385 1452 βίαν
417 1381 752 1454 ἐπανορθοῦν
794 1380 865 1437 τὰ
915 1383 1024 1438 τῶν
1051 1382 1466 1456 ἁμαρτημάτων
1496 1384 1834 1458 πταίσματα.

265 1478 336 1531 Uti
366 1477 478 1548 γὰρ
531 1478 655 1542 τοὺς
683 1476 894 1549 ἀνάγκῃ
923 1476 1022 1548 τῆς
1053 1476 1253 1543 κακίας
1282 1478 1672 1550 ἀπεχομένους,
1702 1477 1840 1535 ἀλλὰ

263 1572 387 1635 τοὺς
413 1570 752 1644 προαιρέσει,
777 1573 1032 1640 στεφανοί
1062 1572 1090 1625 ὁ
1123 1569 1274 1636 Θεός.

329 1667 432 1721 Βία
464 1667 583 1740 Θεῷ
605 1666 664 1720 οὐ
697 1664 1010 1740 πρόσεστιν.

257 1777 444 1839 ΤΙΤΔ.
475 1781 555 1839 Η’.
585 1812 655 1826 --
682 1779 823 1851 Περὶ
845 1779 1222 1874 βλασφήμου
1251 1779 1351 1836 καί
1373 1780 1830 1854 μεγαλορῤήμο-
1852 1818 1911 1874 ,Β

979 1870 1106 1921 νος.

328 1967 349 2003 ι
377 1942 517 2004 Eius
547 1947 751 2021 Κύριος
799 1949 937 2020 πρὸς
976 1947 1184 2019 Μωσῆν
1206 1962 1220 1980 ⁸
1254 1946 1500 2018 Λάλησον
1541 1947 1656 2010 τοῖς
1698 1945 1835 2008 υἱοῖς

266 2041 509 2115 Ἰσραὴλ,
560 2043 769 2113 λέγων·
829 2043 1149 2114 Ἀνθρωπος
1203 2040 1264 2105 ὃς
1307 2041 1401 2096 ἑὰν
1452 2040 1835 2111 καταράσηται

229 2134 407 2205 θεὸν,
436 2134 709 2206 ἁμαρτίαν
745 2133 977 2207 λήψεται
1001 2146 1017 2164 ⁸
1059 2134 1088 2187 ὁ
1135 2131 1420 2204 ὀνομάζων
1446 2132 1502 2188 δὲ
1521 2132 1692 2204 ὄνομα
1724 2133 1838 2187 Κυ-

259 2231 395 2303 ρίου,
428 2230 598 2296 λίθοις
629 2229 974 2285 λιθοσολείτω
1006 2228 1170 2284 αὐτὸν
1194 2229 1344 2286 πᾶσα
1377 2227 1670 2300 συναγωγὴ
1701 2228 1836 2282 υἱῶν

266 2323 506 2395 Ἰσραήλ.
554 2342 574 2376 ι

327 2433 345 2468 ι
381 2415 482 2488 Μὴ
511 2414 770 2483 ἐξελθέτω
794 2411 1318 2489 μεγαλορῤημοσύνη
1346 2413 1413 2468 ἐκ
1440 2409 1536 2468 τοῦ
1568 2412 1836 2486 στόματος

251 2514 281 2565 ὑ
289 2507 428 2580 μῶν.
475 2527 497 2562 ο

324 2620 342 2653 ι
388 2601 464 2655 Τί
491 2599 790 2674 ἐτόλμησεν
817 2601 851 2674 ἡ
896 2599 1094 2672 καρδία
1136 2616 1252 2668 σου,
1285 2600 1367 2656 ὅτι
1399 2599 1572 2674 Θυμδν
1598 2597 1834 2674 ἔρῤηξας

250 2695 430 2750 ἔναντι
469 2694 676 2768 Κυρίου
694 2711 710 2762 ;
751 2714 772 2748 ι
1289 2696 1292 2700 ’

321 2900 341 2934 ι
391 2878 804 2955 Ἐξολοθρεύσει
833 2877 1039 2950 Κύριος
1075 2877 1253 2934 πάντα
1290 2875 1360 2933 τὰ
1382 2875 1535 2950 χείλη
1564 2875 1634 2930 τά
1660 2872 1832 2943 δόλια,

243 2975 506 3044 γλῶσσαν
535 2973 992 3047 μεγαλορῤήμονα
1011 2988 1024 3000 ·
1056 2973 1183 3037 τοὺς
1219 2972 1494 3036 είπόντας,
1517 2969 1630 3043 Τὴν
1660 2969 1836 3041 γλῶσο

248 3088 345 3128 σαν
374 3069 541 3143 ἡμῶν
567 3067 1016 3140 μεγαλυνοῦμεν,
1060 3064 1131 3122 τὰ
1158 3064 1316 3140 χείλη
1348 3063 1508 3138 ἡμῶν
1534 3064 1666 3138 παρ’
1702 3065 1835 3140 ἡμῖν

245 3167 359 3221 ἐστι
384 3181 400 3196 ⁸
437 3164 528 3229 τίς
553 3162 710 3236 ἡμῶν
737 3161 926 3236 κύριός
959 3162 1140 3228 iactv;
1175 3177 1196 3213 ι
1682 3199 1686 3204 .

317 3276 336 3311 ι
383 3256 854 3328 Ἀιρανισθήσεται
880 3254 1188 3327 Σαμάρεια,
1217 3253 1299 3308 ὃτι
1323 3251 1546 3309 ἀντεῖπε
1576 3250 1713 3325 πρὸς
1735 3251 1828 3306 τὸν

244 3352 371 3408 Θεὸν
414 3350 639 3422 αὐτῆςο
691 3349 749 3403 ἐν
798 3347 1046 3422 ῥομφαίᾳ
1090 3345 1385 3402 πεσοῦνται
1431 3346 1607 3416 αὐτοὶ,
1635 3346 1731 3402 καὶ
1757 3347 1828 3402 τὰ

247 3445 536 3502 ὃποτίτθια
566 3442 742 3501 αὐτῶν
776 3433 1252 3515 ἑδαφισθὴσονται.
1288 3458 1308 3493 ι

320 3562 338 3595 ι
374 3539 670 3597 Μεθύσατε
703 3537 888 3605 αὐτὸν,
913 3538 996 3591 ὅτι
1022 3537 1116 3590 ἐπὶ
1149 3536 1353 3608 Κύριον
1383 3533 1752 3607 ὲμεγαλύνθη.
1800 3553 1820 3588 ι

319 3741 337 3773 ι
374 3719 521 3774 Τάδε
567 3718 714 3788 λέγει
741 3716 981 3790 Κύριος·
1016 3715 1245 3790 Ἐπειδὴ
1273 3716 1513 3781 δέδωκας
1551 3716 1652 3788 τὴν
1688 3733 1825 3790 καρ-

246 3812 360 3866 δίαν
393 3829 491 3866 σου
517 3810 592 3876 ὡς
627 3809 854 3882 καρδίαν
875 3808 1034 3874 Θεοῦ,
1065 3808 1177 3863 ίδοῦ
1219 3807 1412 3877 ἐπάγω
1436 3806 1546 3862 ἐπὶ
1567 3807 1628 3862 σὲ
1667 3807 1825 3862 ἀλλον

243 3908 449 3981 τρίους,
485 3904 710 3976 λοιμοὺς
744 3903 935 3970 ἐθνῶν,
971 3902 1068 3958 καὶ
1099 3900 1468 3958 ὲκκενὼσουσι
1493 3899 1590 3966 τὰς
1627 3900 1826 3974 μαχαίο

248 4018 344 4073 ρας
369 3997 555 4055 αὐτῶν
585 3997 677 4052 ἐπὶ
713 3996 791 4063 σὲ,
817 3997 912 4052 καὶ
939 3996 1035 4052 ἐπὶ
1062 3995 1125 4050 τὸ
1160 3994 1356 4060 κάλλος
1387 3995 1488 4065 τῆς
1513 3995 1825 4068 ἐπιστήμης

247 4109 362 4159 σου,
393 4094 490 4149 καὶ
519 4090 825 4165 στρώσουσι
856 4091 918 4146 τὸ
947 4090 1145 4159 κάλλος
1167 4106 1262 4144 σου
1283 4090 1365 4152 είς
1384 4086 1684 4144 ἀπώλειαν.
1728 4107 1745 4142 t

318 4295 339 4331 ι
369 4273 759 4346 Φιλάνθρωπον
789 4273 1005 4345 πνεῦμα
1023 4272 1234 4343 σοφίας,
1266 4273 1364 4328 καὶ
1386 4270 1448 4328 οὐ
1482 4271 1823 4345 κατορθώσει

247 4370 566 4444 βλάσφημον
596 4369 705 4425 ἀπὸ
731 4369 955 4441 χειλέων
991 4366 1178 4424 αὑτοῦ.
1219 4385 1241 4420 t

317 4486 337 4519 ι
385 4467 446 4522 'O
481 4464 690 4539 βάλλων
724 4464 870 4522 λίθον
899 4466 979 4529 είς
1007 4463 1160 4538 ὕψος,
1195 4464 1290 4520 ἐπὶ
1316 4463 1414 4538 τὴν
1460 4463 1698 4537 κεφαλὴν
1722 4465 1822 4520 αὐ-

244 4559 336 4615 τοῦ
374 4559 581 4633 βάλλει.
618 4579 636 4612 ι

319 4674 338 4706 ι
374 4655 532 4708 Πᾶσα
570 4652 810 4726 ἁμαρτία
867 4652 1200 4725 ἀφεθήσεται
1233 4656 1345 4718 τοῖς
1367 4652 1702 4726 ἀνθρὼποις’
1739 4653 1817 4728 τῷ

245 4746 300 4802 δὲ
327 4750 406 4812 είς
435 4748 499 4802 τὸ
527 4748 682 4818 ἅγιον
715 4745 940 4820 Πνεῦμα
971 4746 1422 4820 βλασφημήσαντι
1455 4747 1556 4801 οὐκ
1607 4746 1814 4820 ἀφεθή-

250 4858 420 4910 σεται,
451 4841 573 4896 οὐδὲ
605 4842 661 4895 ὲν
686 4839 763 4912 τῷ
785 4840 877 4897 νῦν
907 4839 1086 4909 αἰῶνι,
1109 4840 1230 4895 οὐδὲ
1263 4841 1319 4895 ὲν
1343 4839 1418 4913 τῷ
1450 4839 1720 4913 μέλλοντι.
1761 4859 1780 4894 ι

328 5020 387 5075 '0
421 5021 520 5093 μὲν
551 5020 900 5095 ἁμαρτάνων,
936 5021 1265 5093 παραϐαίνει
1290 5021 1483 5095 νόμον·
1508 5025 1535 5074 ἧ
1558 5021 1613 5077 δὲ
1649 5023 1814 5097 βλασε-

250 5119 464 5192 φημῶν,
491 5120 570 5184 είς
589 5117 759 5190 αὐτὴν
786 5115 973 5171 ἀσεϐεῖ
995 5116 1093 5189 τὴν
1123 5117 1384 5192 Θεότητα.

313 5302 454 5368 Τοὺς
478 5304 536 5358 ὲν
557 5305 623 5375 τῇ
646 5300 798 5356 πόλει
831 5300 1310 5373 βλασφημοῦντας,
1340 5304 1642 5377 σωφρόνιζε
1668 5320 1681 5336 ⁸
1715 5306 1821 5361 κᾶν

1942 563 2040 618 per
2088 546 2193 603 vim
2252 547 2477 614 iullesu,
2525 551 2688 607 simul
2739 561 2906 622 atque
2944 549 3232 607 dimissum
3283 557 3388 618 est,
3445 552 3514 608 ad

1941 641 2182 710 seipsum
2235 641 2435 698 redire.
2495 641 2720 709 Contra,
2775 644 2920 716 quod
2972 644 3140 700 animi
3194 645 3516 704 inductione

1943 734 2024 802 ﬁt,
2084 733 2452 802 iustissimum
2509 751 2572 793 ac
2613 737 2988 794 ﬁrmissimum
3025 747 3134 802 est,
3167 747 3352 809 utpote
3382 756 3512 811 pro-

1941 827 2226 897 pensiouis
2257 829 2473 885 vinculo
2503 839 2910 887 conservatum.
2942 864 3012 875 —-
3035 830 3372 900 Veientium,
3403 849 3512 891 non

1943 919 2263 986 invitorum,
2300 923 2521 992 pietatis
2553 933 2961 981 sacramentum
3001 933 3102 983 est.

2012 1012 2182 1069 Clem.
2236 1013 2392 1069 Alex.
2425 1015 2673 1082 —Quud
2731 1017 2903 1074 invite
2958 1018 3036 1085 ﬁt,
3074 1019 3260 1075 statim
3315 1019 3512 1092 displio

1940 1113 2029 1160 cet
2065 1125 2080 1162 :
2111 1107 2261 1177 quod
2291 1114 2470 1163 autem
2507 1116 2722 1178 sponte,
2755 1109 3063 1166 satietatem
3103 1127 3212 1167 non
3240 1112 3510 1183 admittit,

1941 1197 2035 1254 sed
2073 1213 2290 1270 semper
2313 1209 2366 1255 et
2399 1200 2574 1271 gratia
2612 1208 2665 1256 et
2696 1201 2968 1258 desiderio
2995 1203 3241 1260 virescit.

2013 1288 2291 1362 Ejusdem.
2317 1321 2386 1335 --
2416 1290 2748 1349 Christianis
2795 1296 3101 1364 praesertim
3138 1312 3250 1367 pra:
3295 1299 3512 1356 caeteris

1939 1381 2130 1444 minim
2171 1398 2518 1444 ,concessum
2550 1394 2634 1440 est
2659 1387 3009 1456 peccantium
3051 1389 3243 1460 lapsus
3274 1404 3370 1459 per
3401 1392 3510 1446 vim

1941 1475 2241 1544 corrigere.
2270 1475 2383 1532 Nec
2418 1478 2562 1532 enim
2600 1475 2747 1532 Deus
2779 1493 2873 1533 eos
2909 1491 3159 1546 coronat,
3185 1482 3279 1552 qui
3314 1497 3510 1538 neces-

1939 1566 2126 1633 sitate,
2161 1569 2255 1625 sed
2287 1571 2380 1642 qui
2411 1573 2697 1628 voluntate
2731 1586 2760 1626 a
2797 1573 2930 1628 vitio
2961 1572 3273 1634 abstinent.

2009 1662 2243 1720 Eusebii.
2267 1698 2337 1708 ——
2361 1664 2637 1723 Violentia
2669 1667 2779 1723 Deo
2821 1685 2928 1724 non
2959 1670 3135 1726 decet.

2009 1774 2125 1830 TlT
2190 1774 2329 1831 Vill.
2363 1810 2432 1821 --
2458 1777 2532 1833 De
2584 1778 2911 1850 blaspheme,
2947 1793 2998 1840 et
3039 1783 3437 1857 superbiloquo.

2003 1930 2170 1987 Leuit.
2201 1947 2346 1998 xxw,
2382 1931 2473 1988 15.
2507 1963 2561 1974 —
2603 1951 2622 1986 ι
2657 1934 2804 1990 Dixit
2852 1933 3118 1994 Dominus
3153 1937 3220 1992 ad
3246 1935 3502 2010 Moysen:

1936 2025 2186 2098 Loquere
2216 2027 2344 2082 ﬁliis
2371 2025 2540 2082 Israel
2571 2027 2763 2083 dicens
2790 2043 2806 2083 :
2838 2029 3017 2085 Homo
3044 2031 3138 2101 qui
3163 2031 3510 2089 maiedixerit

1935 2117 2069 2183 Deo,
2103 2120 2344 2190 portabit
2394 2128 2681 2192 peccatum
2723 2137 2924 2178 suum:
2977 2125 3071 2194 qui
3112 2133 3295 2182 autem
3328 2129 3509 2184 nomi-

1937 2213 2151 2268 naverit
2196 2228 2394 2268 nomen
2448 2212 2689 2280 Domini,
2746 2213 3023 2285 lapidibus
3072 2217 3350 2290 opprimat
3380 2235 3511 2276 eum

1934 2306 2118 2363 omnis
2147 2306 2446 2361 multitudo
2472 2306 2710 2361 ﬁliorum
2740 2306 2926 2364 israel.
2958 2328 2978 2363 ι

2009 2397 2038 2452 Ι
2067 2396 2194 2469 Reg.
2231 2414 2294 2463 ll,
2339 2399 2392 2455 3.
2417 2429 2485 2440 —-
2517 2417 2534 2450 ι
2565 2399 2682 2454 Non
2720 2412 2877 2458 exeat
2915 2403 3152 2463 sublime
3201 2405 3406 2463 dictum
3440 2422 3510 2466 ex

1934 2507 2030 2550 Oi‘e
2054 2503 2258 2548 VBSU’O.
2296 2512 2314 2546 ι

2003 2583 2106 2642 Job
2158 2602 2247 2654 xv,
2310 2586 2549 2642 11—:
2607 2589 2744 2657 Quid
2803 2594 2950 2649 enim
3011 2610 3208 2651 ausum
3269 2603 3352 2652 est
3410 2610 3507 2652 cor

1935 2686 2113 2744 tuum,
2147 2678 2298 2751 quod
2342 2677 2397 2733 in
2449 2678 2788 2737 iracundiam
2839 2685 3068 2755 erupisti
3109 2686 3373 2744 adversus
3392 2684 3505 2743 Do-

1935 2773 2188 2828 minum?
2220 2791 2241 2828 ι

2002 2867 2167 2944 394
2213 2872 2363 2929 Psal.
2394 2888 2473 2939 ιι,
2515 2870 2566 2936 5,
2617 2870 2671 2926 4.
2714 2901 2786 2913 -—
2814 2890 2833 2925 ι
2891 2870 3179 2944 Disperdet
3236 2873 3502 2933 Dominus
3592 2913 3602 2921 -

1935 2963 2197 3019 universa
2232 2962 2374 3020 labia
2404 2963 2619 3033 dolosa,
2651 2964 2892 3038 linguam
2929 2966 3360 3039 magniloquam.
3395 2967 3501 3037 Qui

1934 3056 2214 3125 dixerunt,
2242 3057 2489 3132 linguam
2540 3068 2786 3116 nostram
2836 3059 3333 3132 magniﬁeabimus,
3359 3061 3498 3118 labia

1935 3159 2123 3206 nostra
2165 3165 2198 3206 a
2231 3153 2392 3209 nobis
2421 3160 2571 3210 sunt.
2615 3151 2751 3218 Quis
2797 3161 2988 3209 noster
3021 3152 3284 3210 Dominus
3326 3154 3446 3210 est?
3477 3173 3494 3206 ο

2005 3244 2138 3302 Osee
2163 3261 2278 3313 xw,
2315 3246 2367 3302 1.
2399 3278 2470 3290 --
2501 3267 2520 3301 ι
2557 3246 2917 3318 Disperdetur
2946 3247 3214 3314 Samaria,
3237 3251 3498 3320 quoniam

1932 3340 2112 3396 locuta
2163 3349 2249 3398 est
2288 3341 2553 3398 adversus
2607 3339 2776 3396 Deum
2810 3357 2993 3399 suum.
3032 3340 3089 3398 In
3128 3342 3319 3416 gladio
3368 3359 3496 3415 per-

1930 3433 2086 3491 ibunt
2105 3433 2306 3506 ipsi,et
2327 3434 2596 3490 lactantes
2621 3451 2810 3492 eorum
2834 3435 3107 3492 elidentur
3129 3437 3194 3493 ad
3224 3445 3491 3511 petram»

1995 3526 2194 3583 Jerem.
2232 3543 2421 3595 XLVIII,
2450 3525 2542 3583 20.
2567 3559 2635 3569 —
2666 3545 2686 3581 ‹
2721 3527 3000 3585 lnebrlate
3045 3545 3194 3597 eum,
3229 3532 3494 3606 quoniam

1927 3628 2118 3677 contra
2144 3621 2435 3678 Dominum
2468 3629 2686 3680 erectus
2717 3629 2827 3680 est.
2857 3641 2878 3677 ι

2000 3711 2196 3769 Ezech.
2236 3729 2430 3778 nvm,
2476 3714 2533 3780 2,
2576 3715 2631 3772 5.
2660 3745 2730 3757 --
2759 3733 2778 3768 ι
2828 3716 2956 3772 Haec
3004 3715 3140 3772 dicit
3178 3715 3443 3776 Dominus
3476 3738 3493 3776 :

1925 3805 2032 3863 Pro
2065 3821 2131 3863 eo
2162 3807 2308 3880 quod
2335 3807 2538 3864 dedisti
2570 3824 2668 3864 cor
2705 3816 2858 3866 tuum
2885 3811 3041 3880 quasi
3073 3827 3169 3867 cor
3201 3811 3330 3878 Dei;
3366 3829 3497 3870 ecce

1925 3899 2140 3956 adduco
2180 3915 2348 3971 super
2397 3909 2450 3957 te
2493 3900 2726 3969 alienos,
2751 3903 3080 3972 pestilentes
3110 3904 3176 3960 de
3212 3906 3492 3976 gentibus,

1925 4003 1980 4052 et
2016 3995 2388 4069 evaginabunt
2432 3995 2644 4066 gladios
2690 4011 2823 4055 suos
2873 3999 2929 4055 in
2981 4008 3053 4065 te,
3086 4008 3142 4056 et
3172 4017 3339 4072 super
3368 4003 3493 4074 pul-

1925 4087 2239 4146 chritudine
2290 4090 2538 4147 scientia:
2571 4099 2696 4159 tute,
2733 4099 2788 4147 et
2821 4091 3194 4149 humiliabunt
3242 4094 3493 4166 pulchri-

1925 4181 2170 4238 tudinem
2196 4190 2344 4238 tuam
2384 4180 2440 4237 in
2479 4180 2867 4252 perditionem.
2897 4203 2914 4236 ι

1993 4272 2125 4344 Sap.
2161 4289 2199 4339 I,
2228 4273 2283 4330 6.
2315 4304 2387 4316 —
2409 4293 2431 4328 ι
2483 4275 2764 4348 Benignus
2807 4285 2892 4333 est
2929 4276 3160 4349 spiritus
3188 4279 3489 4350 sapientiae,

1921 4377 1976 4426 et
2004 4384 2112 4426 non
2146 4370 2392 4426 absolvet
2420 4370 2795 4442 blasphemum
2833 4387 2863 4426 a
2891 4372 3054 4429 labiis
3081 4374 3220 4430 suis.
3258 4393 3276 4425 ι

1995 4461 2163 4518 Eccli.
2188 4478 2360 4530 xxvn,
2391 4463 2482 4518 28.
2516 4494 2586 4504 —
2621 4481 2640 4515 ‹
2670 4461 2774 4530 Qui
2824 4465 2878 4518 in
2934 4465 3102 4519 altum
3149 4464 3317 4521 mittit
3352 4465 3490 4538 lapi-

1851 4576 1892 4632 D
1923 4555 2066 4619 dem,
2096 4557 2151 4612 in
2180 4565 2343 4628 caput
2382 4571 2542 4611 suum
2580 4557 2768 4611 mittit.
2809 4574 2828 4610 ›

1991 4649 2187 4706 Matth.
2223 4664 2320 4717 xu,
2351 4651 2439 4707 51.
2477 4679 2542 4692 --
2571 4669 2588 4703 ι
2635 4650 2810 4708 Omne
2858 4659 3140 4723 peccatum
3179 4653 3489 4711 remittetur

1919 4742 2269 4800 hominibus:
2324 4745 2371 4800 ei
2429 4751 2611 4800 autem
2661 4745 2755 4816 qui
2801 4744 2855 4799 in
2909 4743 3174 4815 Spiritum
3231 4756 3486 4803 sanctum

1921 4837 2407 4910 blasphemaverit,
2471 4854 2580 4895 non
2638 4839 2971 4906 remittetur,
3009 4855 3216 4912 neque
3272 4842 3326 4897 in
3381 4841 3486 4898 hoc

1918 4932 2142 5000 saeculo,
2175 4947 2355 5003 neque
2389 4931 2443 4987 in
2472 4931 2680 4988 futuro.
2719 4951 2738 4986 ›

1993 5023 2208 5081 Basilii.
2238 5055 2310 5066 -—
2333 5025 2439 5092 Qui
2471 5032 2684 5097 peccat,
2740 5025 2914 5099 legem
2946 5027 3167 5098 quidem
3199 5029 3402 5086 violat:
3431 5040 3486 5086 at

1921 5118 2014 5190 qui
2047 5117 2416 5190 blasphcmat,
2459 5119 2725 5175 adversus
2778 5120 2954 5190 ipsum
2985 5119 3229 5176 divinum
3271 5121 3482 5181 Numen

1918 5215 2122 5284 impius
2157 5224 2261 5271 est.

1991 5306 2497 5379 Chrysast.—Eos
2545 5309 2638 5381 qui
2691 5310 2744 5365 in
2801 5310 3020 5367 civitate
3068 5311 3482 5382 blasphemare-

245 5392 481 5465 ἀκούσης
524 5393 671 5458 τινὸς
717 5394 774 5446 ὲν
803 5391 1054 5464 ἀμφόδῳ,
1084 5393 1118 5463 ἢ
1155 5394 1213 5449 ὲν
1242 5395 1441 5467 άτορᾷ,
1467 5395 1820 5469 ἐπιτίμησον,

1956 5401 2050 5467 int,
2091 5401 2329 5472 castiga.
2363 5401 2520 5472 Quod
2551 5403 2596 5458 si
2631 5419 2793 5474 quem
2831 5404 2884 5459 in
2936 5405 3083 5461 bivio
3129 5415 3224 5461 aut
3267 5405 3320 5461 in
3359 5405 3481 5461 foro

244 5486 343 5542 κᾶν
372 5489 584 5562 πληγὰς
633 5486 900 5543 ἐπιθεῖναι
934 5486 1050 5560 δέῃ,
1084 5489 1158 5562 μὴ
1188 5492 1523 5567 παραιτήσῃ.
1565 5492 1820 5547 Ῥάπισον

1956 5493 2184 5562 udieris,
2222 5493 2487 5566 ,objurga.
2537 5493 2691 5561 Quod
2725 5497 2768 5550 si
2798 5497 2966 5551 etiam
3000 5497 3184 5566 plagas
3231 5496 3480 5553 incutere

244 5578 402 5636 αὐτοῦ
430 5583 529 5656 τὴν
561 5583 702 5654 ὄψιν,
738 5581 1026 5656 σύντριψον
1061 5582 1230 5638 αὐτοῦ
1256 5583 1318 5638 τὺ
1356 5587 1550 5656 στόμα,
1585 5585 1810 5656 άτίασόν

1957 5588 2247 5660 portuerit,
2284 5604 2350 5644 ne
2398 5589 2450 5645 id
2491 5588 2672 5646 facere
2703 5591 2944 5647 dubites.
2977 5589 3277 5662 Colaphum
3310 5592 3361 5647 in
3395 5593 3479 5648 fa-

249 5687 342 5728 σου
365 5674 466 5747 τὴν
496 5678 655 5749 χεῖρα
682 5675 772 5732 διὰ
798 5675 897 5749 τῆς
925 5679 1165 5753 πληγῆς.
1188 5677 1310 5732 Κᾶν
1332 5678 1607 5747 ἐγκαλῶσι
1637 5696 1806 5745 τινες,

247 5767 344 5823 κᾶν
371 5769 452 5835 είς
473 5767 818 5846 δικαστήριον
843 5775 1096 5840 ἕλκωσιν,
1126 5771 1513 5846 ἀκολούθησον.

1913 5682 2051 5740 ciem
2081 5683 2201 5754 ejus
2245 5684 2487 5755 impinge
2526 5701 2540 5739 :
2577 5699 2640 5741 os
2695 5684 2816 5755 ejus
2856 5696 3095 5742 contere.
3147 5683 3328 5740 Manui
3373 5695 3478 5742 tua:

1913 5791 2010 5849 per
2063 5777 2332 5849 ejusmodi
2391 5777 2605 5850 plagam
2657 5779 3003 5836 sanctitatem
3051 5781 3306 5841 concilia.
3360 5783 3475 5844 Etsi

249 5863 459 5936 quidam
501 5868 888 5939 criminantur,
920 5873 1023 5930 ctsi
1074 5882 1125 5930 te
1157 5872 1209 5928 in
1240 5870 1507 5944 judicium
1547 5871 1790 5941 trahunt,
1831 5886 2085 5946 sequere.
