3886 6248
410 324 558 402 ἰεδτ

1597 346 1659 405 s.
1692 340 2011 405 JOANNIS
2049 311 2482 400 DAMASCENI

3539 329 3651 400 1988

482 444 752 517 Chryse“.
783 443 935 499 "om.
959 444 1012 512 5,
1046 443 1121 498 De
1155 445 1411 514 iucompr.
1431 476 1502 488 -—-
1522 447 1976 514 Quemadmodum

2163 443 2430 514 Καθάπερ
2457 445 2484 496 6
2505 442 2650 496 λίθον
2683 442 2980 509 ἀκοντίζων
3012 443 3092 507 είς
3119 442 3180 498 τὸ
3210 442 3365 515 ὕψος,
3392 443 3488 498 τοῦ
3511 446 3655 518 οὐρα·

412 536 503 606 qui
545 549 740 590 saxum
781 536 836 589 in
889 536 1061 590 altum
1119 535 1451 605 ejaculatur,
1503 551 1707 608 corpus
1762 536 1986 608 quidem

411 627 538 684 cteli
596 627 875 694 scindere,
919 637 1086 698 atque
1132 627 1202 683 ad
1246 642 1367 683 eam
1403 614 1749 686 altitudinem
1801 645 1993 700 perve-

411 719 535 774 nire
587 735 699 775 non
742 721 922 788 valet;
967 721 1100 793 quin
1150 722 1369 792 plagam
1414 723 1596 794 capite
1627 739 1728 779 suo
1759 724 1988 794 excipit,

410 826 546 869 saxo
576 814 838 869 nimirum
879 813 947 868 ad
985 815 1381 886 ejaculatorem
1433 817 1740 873 redeunte:
1780 816 1860 873 sic
1895 816 1990 888 qui

408 905 813 962 contumeliosa
836 916 893 961 et
921 905 1087 977 impia
1129 907 1296 961 verba
1343 906 1613 962 adversus
1644 907 1859 961 beatam
1891 906 1986 962 Dei

409 998 711 1056 essentiam
769 997 998 1070 profert,
1068 1012 1191 1052 eam
1245 997 1470 1068 quidem
1545 1000 1700 1053 nullo
1750 1014 1986 1068 unquam

410 1093 744 1148 detrimento
797 1089 1016 1158 adiciet,
1050 1098 1108 1144 ut
1139 1105 1264 1162 qua:
1314 1091 1476 1159 longe
1512 1092 1690 1162 major
1721 1098 1777 1146 et
1817 1091 1990 1148 subli-

409 1187 557 1242 mior
598 1185 876 1243 exsistat:
927 1193 984 1239 at
1016 1199 1144 1241 vero
1184 1184 1241 1238 in
1280 1185 1477 1239 animae
1531 1199 1645 1240 sua:
1688 1184 1985 1254 perniciem

412 1277 652 1347 gladium
691 1276 860 1343 acuit,
897 1277 1029 1331 dum
1065 1291 1125 1330 se
1167 1276 1216 1330 ei
1269 1274 1430 1346 cujus
1476 1275 1759 1331 beneﬁciis
1790 1282 1986 1331 auctus

409 1378 514 1435 est,
547 1370 821 1441 ingratum
854 1369 1077 1440 praebet.

411 1502 549 1562 ΊἸΤ.
584 1502 675 1560 IX.
709 1503 878 1558 —De
906 1520 1018 1575 rege
1066 1504 1253 1573 probo,
1303 1513 1352 1558 et
1406 1505 1496 1574 qui
1535 1503 1732 1556 malum
1787 1501 1980 1557 oderit.

481 1679 646 1736 Num.
680 1696 829 1746 xxiv,
868 1679 918 1733 7.
943 1711 1010 1720 —
1039 1697 1058 1731 ι
1092 1678 1393 1750 Augebitur
1437 1692 1664 1749 regnum
1709 1675 1863 1747 ejus;
1889 1689 1983 1731 co-

408 1773 594 1828 medet
645 1782 835 1843 gentes
875 1770 1228 1824 inimicorum
1268 1784 1517 1835 suorum,
1551 1777 1606 1824 et
1649 1768 1981 1823 crassitudi-

409 1878 537 1919 nem
578 1880 766 1920 eorum
812 1863 877 1917 ad
918 1862 1213 1917 medullam
1251 1878 1423 1932 usque
1450 1871 1776 1929 consumet;
1810 1868 1864 1916 et
1897 1859 1986 1932 ja-

407 1950 554 2013 culis
586 1956 704 2012 suis
743 1965 934 2026 gentes
963 1971 1136 2010 cornu
1168 1963 1336 2026 petet.
1362 1973 1383 2007 ι

480 2049 643 2104 Deut.
673 2064 867 2112 χχχιιι,
903 2048 989 2114 l7,
1023 2049 1113 2103 59.
1145 2077 1214 2089 --
1247 2066 1267 2100 ι
1300 2045 1519 2102 Cornua
1545 2046 1830 2103 uuicornis
1864 2061 1985 2103 cor-

408 2157 518 2198 nua
552 2141 675 2212 ejus
705 2159 720 2197 :
758 2141 812 2195 in
859 2140 996 2210 ipsis
1026 2147 1216 2212 gentes
1252 2154 1422 2194 cornu
1456 2149 1622 2209 petet.
1649 2138 1983 2198 Mentientur

410 2235 512 2290 tibi
563 2235 770 2290 inimici
829 2234 950 2300 tui;
1008 2242 1063 2289 et
1116 2239 1172 2286 tu
1232 2246 1403 2302 super
1465 2234 1736 2288 cervicem
1785 2245 1982 2288 eorum

408 2328 696 2385 ascendes.
735 2345 757 2381 ι

487 2420 550 2478 II
587 2420 713 2492 Reg.
742 2419 973 2485 Vlll,‘25.
1009 2449 1081 2462 —
1107 2437 1125 2471 ι
1161 2418 1539 2485 δαιτυιηιεώι
1576 2419 1838 2475 Dominus
1874 2418 1982 2474 Da-

408 2517 500 2573 vid
540 2516 593 2571 in
627 2515 906 2583 omnibus,
950 2514 1003 2569 in
1041 2513 1244 2585 quibus
1293 2512 1617 2579 ambulavit,
1651 2513 1864 2569 faciens
1888 2512 1983 2583 juo

409 2612 617 2666 diciunt
649 2617 703 2665 et
727 2609 1023 2680 justitiam.
1057 2627 1077 2660 ι

482 2699 547 2756 11
582 2698 714 2770 Reg.
743 2714 856 2765 xu,
889 2699 978 2764 l0,
1020 2697 1106 2764 ll,
1135 2697 1221 2752 12.
1247 2728 1318 2741 -
1347 2716 1368 2750 ι
1407 2697 1555 2752 Dixit
1591 2696 1761 2752 David
1793 2716 1806 2752 :
1848 2697 1982 2755 Sine

2098 539 2190 594 νοῦ
2215 541 2314 611 μὲν
2335 538 2396 594 τδ
2429 540 2588 611 σῶμα
2606 540 2882 612 διατεμεῖν
2911 540 2970 593 οὐ
3003 539 3246 606 δύναται,
3275 540 3396 595 οὐδὲ
3427 543 3564 612 πρὸς
3606 542 3658 595 τὸ

2099 631 2232 704 ὕψος
2258 633 2462 704 φθάσαι
2509 633 2704 700 ἐκεῖνο,
2736 633 2836 703 τὴν
2862 633 2920 688 δὲ
2948 633 3164 704 πληγὴν
3199 635 3267 704 τῇ
3320 631 3428 706 Ιδίᾳ
3457 633 3658 704 δέχεται

2096 728 2331 798 κορυφῇ,
2371 726 2506 797 πρὸς
2532 725 2623 780 τὸν
2651 724 3014 781 ἀκοντίσαντα
3042 726 3355 791 ἐπανιόντος
3377 724 3472 780 τοῦ
3501 725 3656 780 λίθου·

2096 816 2270 881 οὕτως
2297 818 2392 871 καὶ
2421 819 2450 872 6
2497 815 2831 889 βλασφημῶν
2867 818 2947 880 εἰς
2971 818 3070 886 τὴν
3115 817 3391 888 μακαρίαν
3415 816 3512 871 τοῦ
3535 818 3659 872 Θεοῦ

2094 909 2302 974 οὐσίαν,
2330 908 2543 980 ἐκείνην
2577 909 2638 963 οὐ
2667 908 3016 982 παραϐλάψει
3048 910 3199 973 ποτὲ,
3238 907 3415 979 πολλῷ
3448 909 3661 981 μείζονα

2094 997 2262 1057 οὖσαν
2300 1002 2394 1056 καὶ
2441 1001 2814 1074 ὑψηλοτέραν·
2850 1003 2992 1057 κατά
3021 1002 3080 1057 δὲ
3111 1001 3210 1073 τῆς
3258 1001 3456 1056 ιαυτί)ὗ
3493 1001 3662 1074 ψυχῆς

2093 1095 2154 1148 τὸ
2193 1095 2342 1164 ξίφος
2367 1094 2556 1166 ἀκονᾷ,
2581 1093 2851 1167 ἀγνώμων
2882 1096 3012 1167 περὶ
3054 1094 3145 1150 τὸν
3178 1094 3476 1168 εὐεργέτην
3515 1095 3661 1163 γενό-

2097 1203 2273 1256 μενος.

2090 1492 2274 1547 ΤΙΤΛ.
2308 1491 2386 1546 Θ’.
2417 1522 2485 1534 --
2515 1491 2655 1562 Περὶ
2682 1491 2993 1634 βασέλὶῑῖς
3035 1490 3308 1562 χρηστοῦ
3357 1491 3457 1546 καὶ
3491 1507 3662 1562 μισο-

2726 1578 2804 1617 πο
2956 1582 3014 1618 υ.

2726 1578 3014 1618 πονηρου.

2165 1695 2184 1729 ι
2217 1675 2596 1748 Αὑξηθήσεται
2657 1678 2690 1749 ἠ
2753 1677 2996 1749 βασιλεία
3050 1676 3240 1742 αὑτοῦ,
3297 1677 3475 1732 ἔδεται
3533 1675 3658 1747 ἔθνη

2065 1768 2300 1842 ’ἐχθρῶν
2341 1768 2530 1835 αὐτοῦ,
2577 1769 2671 1823 καὶ
2714 1770 2783 1823 τὰ
2812 1769 2959 1841 πάχη
3001 1769 3180 1822 αὐτῶν
3209 1769 3528 1840 ὲκμυελιεῖ,
3567 1769 3659 1821 καὶ

2086 1861 2207 1924 ταῖς
2238 1861 2442 1935 βολίσιν
2465 1862 2628 1916 αὐτοῦ
2659 1865 2716 1916 ὲν
2747 1863 2928 1925 αὐτοῖς
2955 1862 3080 1932 ἔθνη
3109 1863 3374 1934 κερατιεῖ.
3405 1879 3424 1911 ο

2161 2059 2182 2095 ε
2214 2041 2437 2114 Κέρατα
2472 2043 2844 2114 μονοκέρωτος
2873 2041 2941 2096 τὰ
2972 2042 3182 2115 κέρατα
3225 2042 3426 2097 αὐτοῦ’
3466 2044 3524 2096 ὲν
3564 2043 3660 2096 αὐ-

2084 2135 2196 2194 τοῖς
2228 2132 2353 2202 ἑθνη
2391 2136 2650 2204 κερατιεῐ.
2677 2133 2980 2186 Ψεύσονταί
3014 2149 3072 2187 σε
3110 2134 3158 2187 οἱ
3202 2132 3388 2204 ἐχθροί
3413 2149 3529 2194 σου,
3566 2132 3659 2187 καὶ

2087 2226 2152 2280 σὺ
2184 2227 2275 2280 ἐπὶ
2306 2227 2572 2298 τραχήλου
2607 2225 2782 2281 αὐτῶν
2811 2227 3067 2300 ἐπιϐήσῃ.
3110 2245 3129 2278 ›

2161 2432 2178 2463 ι
2213 2412 2457 2469 Ἐσωσεν
2494 2413 2521 2464 6
2549 2410 2678 2475 Θεὸς
2704 2410 2796 2465 τὸν
2824 2410 2988 2466 Δασιδ
3019 2414 3076 2465 ὲν
3120 2413 3284 2466 πᾶσιν
3315 2407 3396 2474 οἷς
3426 2409 3655 2482 ἐπορεῶ

2085 2503 2174 2576 θη,
2204 2508 2296 2560 καὶ
2320 2501 2388 2577 ἦν
2412 2504 2574 2560 Δαειδ
2618 2505 2786 2560 ποιῶν
2811 2509 2986 2578 κρῖμα
3022 2507 3116 2560 καὶ
3145 2505 3515 2577 δικαιοσύνην.
3556 2523 3578 2558 ι

2161 2707 2179 2740 ι
2217 2681 2351 2741 Εἷπε
2385 2685 2548 2739 Δαόίδ
2573 2704 2587 2720 -
2625 2687 2796 2755 Ἀφες
2825 2685 2986 2740 αὐτὸν
3005 2686 3370 2758 καταρᾶσθαι,
3394 2688 3476 2741 ὄτι
3499 2682 3652 2742 εἶπεν

407 2810 534 2852 cum
564 2792 937 2849 maledicere:
978 2790 1119 2847 Deus
1149 2790 1296 2847 enim
1330 2790 1592 2861 praecepit
1625 2791 1696 2845 ei.
1743 2790 1799 2844 Si
1838 2789 1976 2847 forte

2109 2780 2230 2852 ιὺτῷ
2265 2781 2294 2832 6
2317 2779 2449 2844 Θεός
2471 2796 2483 2810 ·
2519 2781 2583 2832 El’
2607 2797 2720 2843 πως
2747 2780 2875 2832 εἶ’δοι
2899 2779 3100 2850 Κύριος
3135 2781 3228 2833 ἐπὶ
3255 2780 3356 2852 τὴν
3386 2783 3652 2837 ταπείνωο

409 2887 674 2958 respiciat
711 2884 856 2940 Deus
886 2883 1240 2940 alllictionem
1285 2899 1486 2949 meam,
1519 2893 1572 2940 et
1606 2882 1799 2939 reddat
1843 2883 1976 2939 milii

2109 2874 2166 2925 ἰν
2196 2890 2320 2944 μου,
2353 2874 2446 2926 καὶ
2471 2871 2792 2945 ἐπιστρέψει
2823 2889 2912 2945 μοι
2930 2874 3110 2942 ἀγαθὰ
3133 2873 3252 2927 ἀντὶ
3280 2875 3381 2947 τῆς
3407 2875 3650 2948 κατάρας

408 2980 550 3036 bona
579 2992 677 3048 pro
709 2976 1096 3032 maledictione
1127 2975 1251 3030 hac.
1287 2993 1308 3028 ι

2113 2967 2300 3038 αὑτης.
2340 2985 2359 3018 ι

477 3068 542 3124 ll
580 3067 702 3140 Reg.
740 3083 853 3132 xtx,
896 3066 1085 3124 l9-23.
1110 3095 1179 3108 ~—
1209 3083 1228 3118 ι
1265 3064 1331 3120 Et
1363 3063 1544 3121 Semei
1580 3067 1781 3122 cecidit
1812 3084 1976 3140 super

2157 3080 2176 3112 ι
2214 3061 2323 3115 Καὶ
2357 3060 2554 3131 Σεμεεὶ
2585 3059 2780 3115 ἔπεσεν
2828 3059 2920 3114 ἐπὶ
2968 3062 3260 3132 πρόσωπον
3308 3059 3470 3115 αὖτοῦ
3507 3064 3649 3116 ἐναν-

407 3162 604 3219 faciem
642 3176 797 3218 suam
844 3175 1030 3218 coram
1063 3173 1226 3230 rege,
1275 3167 1331 3213 et.
1371 3158 1509 3214 dixit
1544 3161 1610 3215 ad
1643 3176 1824 3231 regem
1854 3180 1869 3217 :
1901 3162 1976 3218 Ne

2116 3152 2191 3204 ίον
2225 3152 2318 3204 τοῦ
2353 3151 2635 3222 βασιλέως,
2670 3153 2764 3207 καὶ
2814 3146 2934 3206 εἷπε
2972 3153 3109 3225 πρὸς
3138 3154 3230 3206 τὸν
3260 3151 3516 3223 βασιλέα·
3562 3152 3648 3224 Μὴ

408 3260 624 3323 reputet
673 3252 931 3308 dominus
978 3266 1131 3305 meus
1161 3249 1538 3320 iniquitatem,
1582 3250 1743 3323 395
1794 3268 1970 3322 neque

2109 3241 2376 3312 ογιξέσθω
2421 3243 2450 3294 ό
2488 3243 2677 3314 κύριος
2724 3244 2973 3312 ἀνομίαν,
3036 3246 3127 3297 καὶ
3169 3244 3243 3314 μὴ
3287 3248 3529 3316 μνησθῇς
3551 3246 3649 3299 ὅσα

407 3346 721 3401 memineris
755 3343 1024 3408 omnium,
1061 3357 1404 3413 quaecunque
1431 3358 1566 3412 puer
1612 3354 1738 3400 tuus
1787 3347 1976 3416 inique

2109 3333 2337 3405 j6lxqcev
2393 3335 2420 3387 6
2467 3337 2596 3398 παῖς
2627 3351 2719 3387 σου
2752 3337 2808 3387 ὲν
2839 3337 2905 3406 τῇ
2951 3334 3136 3406 ἡμέρᾳ
3248 3336 3597 3409 ἐξεπορεύετο
3619 3339 3648 3390 6

405 3438 516 3507 egit
549 3438 602 3492 in
643 3436 731 3493 die
761 3452 868 3508 qua
896 3450 1153 3506 egressus
1185 3443 1269 3490 est
1309 3434 1574 3491 Dominus
1602 3451 1762 3492 meus
1785 3454 1878 3493 rex
1910 3439 1978 3493 de

404 3530 749 3596 Jerusalem;
779 3529 907 3601 quia
945 3526 1180 3598 cognovi
1233 3541 1427 3582 servus
1472 3535 1624 3595 tuus,
1659 3529 1808 3600 quod
1838 3545 1972 3602 pec-

407 3621 548 3678 cavi.
586 3620 651 3674 Ει
676 3620 885 3691 juravit
918 3619 968 3676 ei
993 3635 1087 3675 rex
1115 3637 1131 3675 :
1163 3617 1282 3674 Non
1309 3620 1588 3677 morieris.
1632 3637 1652 3673 ι

474 3711 629 3768 Psal.
665 3727 755 3778 xx,
789 3711 840 3766 l.
867 3740 938 3753 —-
970 3728 989 3762 ι
1028 3709 1276 3774 Domine,
1323 3707 1377 3764 in
1409 3709 1611 3766 virtute
1651 3716 1743 3764 tua
1771 3707 1977 3765 laetabi-

404 3813 494 3860 tur
521 3821 636 3867 rex,
677 3823 696 3857 ι
728 3813 778 3859 et
813 3819 929 3874 qua:
951 3811 1265 3870 sequuntur.

477 3896 748 3962 Psal.t.x,
797 3895 852 3952 5.
880 3925 950 3937 -—
997 3914 1017 3948 ι
1076 3893 1225 3951 Diem
1281 3908 1446 3966 super
1490 3893 1608 3952 dies
1651 3896 1792 3967 regis
1838 3895 1977 3968 adji-

406 3993 536 4054 cies.
572 4011 589 4044 ι
617 4000 666 4045 et
695 4005 808 4061 qua!
837 3997 1143 4060 sequuntur.

475 4084 628 4140 l’sal.
665 4097 815 4144 Lxxt,
845 4081 897 4136 Ι.
923 4109 988 4122 —-
1013 4099 1031 4132 ι
1069 4081 1231 4146 Dens,
1261 4079 1525 4149 judicium
1550 4088 1698 4134 tuum
1735 4081 1850 4151 regi
1881 4079 1970 4148 da,

405 4188 465 4241 ει
487 4177 777 4247 justitiam,
815 4193 833 4227 ι
865 4183 914 4230 et
944 4190 1061 4245 qua:
1093 4181 1407 4241 sequuntur.

474 4269 623 4326 Psal.
679 4283 868 4334 xcvm,
919 4268 971 4323 ὅ.
998 4297 1070 4309 --
1114 4285 1131 4317 ι
1170 4267 1351 4320 Ilonor
1390 4265 1534 4337 regis
1579 4264 1852 4336 judicium
1886 4267 1970 4321 di-

406 4365 544 4434 ligit.
588 4381 605 4414 ι

473 4456 628 4510 Prov.
663 4471 776 4521 xxi,
805 4452 859 4508 4.
886 4484 956 4495 -
983 4470 1001 4503 ι
1039 4451 1194 4508 Sicut
1228 4451 1478 4523 impetus
1541 4465 1718 4522 aquae,
1764 4452 1838 4508 ita
1869 4469 1972 4512 cor

405 4545 547 4616 regis
577 4545 628 4598 in
661 4558 825 4598 manu
859 4542 973 4598 Dei.
1006 4560 1024 4594 ι

475 4660 630 4714 Prov.
661 4674 770 4722 xvt,
806 4658 986 4713 10-15.
1011 4687 1080 4696 —
1108 4675 1128 4709 ι
1162 4656 1509 4713 Abominatio
1537 4655 1670 4727 regi,
1699 4657 1790 4729 qui
1825 4660 1967 4718 mala

402 4760 696 4827 perpetrat.
729 4749 866 4807 Cum
911 4749 1123 4820 ju3titia
1173 4750 1317 4805 enim
1358 4757 1690 4820 praeparatur
1737 4752 1969 4808 thronus

403 4847 757 4918 principatus.
809 4843 1044 4912 Accepta
1096 4850 1228 4897 sunt
1274 4844 1390 4913 regi
1428 4844 1570 4897 labia
1600 4843 1793 4913 justa;
1834 4860 1968 4901 ser-

403 4955 592 4996 mones
633 4947 814 4994 autem
868 4947 1046 4993 rectos
1098 4938 1293 5008 diligit.
1334 4935 1668 4993 Vaticinium
1703 4939 1757 4994 in
1792 4939 1961 4998 labiis

402 5036 582 5106 regis:
621 5035 674 5088 in
710 5032 920 5104 judicio
958 5037 1139 5087 autem
1182 5046 1289 5086 non
1337 5032 1611 5087 erraverit
1643 5047 1703 5088 os
1744 5033 1910 5090 illius.
1940 5057 1958 5089 ι

470 5149 631 5204 Prae.
682 5161 793 5213 ιμ’,
843 5145 934 5202 28.
961 5177 1032 5189 -
1061 5164 1080 5200 ι
1126 5144 1184 5200 ln
1232 5146 1402 5200 multo
1446 5147 1647 5217 p0pulo
1679 5155 1761 5203 est
1791 5148 1962 5220 gloria

400 5244 586 5315 regis:
620 5243 672 5297 in
710 5240 931 5298 defectu
977 5249 1158 5296 autem
1195 5240 1381 5310 populi
1413 5250 1495 5295 est
1521 5241 1782 5298 contritio
1812 5245 1967 5312 prin-

398 5336 602 5406 cipum.
636 5355 656 5388 ›

467 5429 626 5484 Prov.
682 5444 772 5495 xx,
831 5427 886 5483 8.
924 5447 1042 5481 -ι
1103 5427 1238 5484 Cum
1302 5443 1396 5484 rex
1438 5429 1626 5500 justus
1672 5429 1881 5488 sederit
1907 5447 1960 5487 tn

399 5522 616 5579 throno.
657 5537 762 5576 non
795 5523 1015 5578 resistet
1049 5522 1103 5576 in
1139 5523 1314 5578 oculis
1345 5523 1466 5592 ejus
1497 5522 1800 5593 quidquam
1834 5539 1958 5578 ma-

399 5617 530 5670 lum.
561 5614 936 5670 Misericordia
966 5624 1020 5671 et
1053 5616 1255 5672 veritas
1294 5616 1619 5671 custodiunt
1664 5631 1874 5689 regem,
1907 5629 1961 5676 et

399 5707 816 5764 circumdabunt
844 5708 899 5762 in
929 5707 1144 5778 justitia
1181 5709 1377 5765 solium
1419 5708 1559 5779 ejus.
1606 5727 1624 5761 ›

468 5799 624 5854 Prov.
680 5815 806 5866 xw,
837 5801 888 5857 5.
921 5831 992 5843 --
1027 5821 1046 5855 ι
1081 5799 1280 5859 Occide
1326 5801 1524 5874 impios
1557 5817 1587 5858 a
1618 5800 1757 5859 facie
1787 5802 1955 5875 regis,

2080 3425 2268 3497 κύριός
2309 3445 2411 3498 μου
2451 3428 2478 3481 ό
2509 3427 2760 3498 βασιλεὺς
2784 3425 2844 3493 ἐξ
2884 3429 3260 3502 Ἰερουσαλὴμ,
3295 3431 3378 3484 ὅτι
3420 3430 3588 3500 ἔγνων
3616 3430 3644 3482 6

2077 3521 2260 3587 δοῦλός
2307 3541 2421 3588 σου,
2461 3524 2541 3577 ὃτι
2563 3525 2829 3596 ἥμαρτον.
2862 3526 2972 3579 Kal
3008 3524 3223 3596 ὤμοσεν
3254 3526 3403 3597 αὐτῷ
3429 3527 3457 3580 6
3491 3525 3643 3597 βασι-

2077 3613 2200 3680 λεύς
2219 3630 2234 3646 ⁶
2268 3617 2343 3669 υο
2371 3616 2445 3688 μὴ
2477 3617 2773 3689 ἀποθάνῃς.
2801 3637 2820 3669 ι

2154 3729 2172 3762 ι
2215 3709 2406 3782 Κύριε,
2428 3711 2484 3763 ὲν
2510 3713 2576 3782 τῇ
2602 3711 2827 3783 δυνάμει
2858 3729 2950 3766 σου
2972 3713 3410 3785 εὐφρανθήσεται
3437 3714 3466 3767 6
3491 3715 3638 3786 βασι-

2076 3803 2224 3869 λεὺς,
2266 3821 2284 3854 ι
2328 3804 2420 3857 καὶ
2447 3803 2516 3858 τά
2537 3803 2720 3859 λοιπά.

2154 3916 2174 3951 ι
2218 3896 2463 3968 Ἦμέραν
2491 3899 2575 3968 ἐφ’
2598 3897 2809 3970 ἡμέρας
2836 3898 2931 3954 τοῦ
2965 3898 3230 3972 βασιλέως
3272 3900 3577 3976 προσθήσῃ,
3611 3919 3628 3953 ο

2075 3989 2171 4044 καὶ
2189 3993 2256 4043 τά
2283 3991 2463 4044 λοιπά.

2150 4105 2168 4138 ι
2222 4085 2278 4139 Ὀ
2311 4086 2462 4153 Θεὸς,
2483 4087 2542 4140 τὸ
2573 4087 2748 4159 κρίμὰ
2777 4103 2868 4140 σου
2898 4087 2975 4159 τῷ
3001 4087 3212 4159 βασιλεῖ
3234 4090 3344 4159 δὺς,
3367 4093 3456 4146 καὶ
3475 4092 3583 4164 τὴν,
3607 4110 3622 4142 ι

2075 4178 2171 4233 καὶ
2194 4177 2262 4232 τὸ.
2291 4179 2477 4234 λοιπά.

2149 4290 2169 4324 ι
2204 4273 2348 4344 Τιμὴ
2380 4272 2644 4344 βασιλέως
2669 4275 2847 4346 κρίσιν
2875 4276 3084 4349 ἀγαπᾷ.
3124 4297 3145 4331 ι

2146 4463 2165 4496 ε
2199 4445 2409 4518 Ὠσπερ
2439 4447 2582 4519 ὁρμὴ
2608 4448 2817 4515 ὓδατος,
2839 4449 3012 4516 οὕτως
3042 4451 3237 4523 καρδία
3260 4452 3352 4506 τοῦ
3377 4452 3624 4524 βασιλέως

1997 4527 2041 4582 D
2069 4536 2127 4588 ἐν
2159 4538 2301 4610 χειρὶ
2325 4539 2480 4593 Θεοῦ.
2521 4559 2538 4591 ι

2147 4671 2165 4704 ι
2201 4652 2486 4725 Βδέλυγμα
2517 4653 2745 4725 βασιλεῖ,
2775 4657 2803 4709 6
2841 4655 3012 4709 ποιῶν
3038 4657 3204 4714 κακά.
3236 4658 3392 4714 Μετά
3423 4661 3523 4732 γὰρ
3549 4660 3618 4714 δι-

2069 4745 2364 4816 καιοσόνης
2395 4747 2742 4819 ἑτοιμάςεται
2766 4748 2953 4818 θρόνος
2985 4751 3180 4821 ἀρχῆς.
3223 4753 3402 4807 Δεκτά
3427 4754 3618 4825 βασιλεῖ

2066 4839 2221 4912 χείλη
2253 4838 2454 4904 δίκαια,
2484 4840 2672 4909 λόγους
2701 4842 2758 4896 δὲ
2795 4843 2988 4914 ὀρθοὺς
3016 4844 3226 4914 ἀγαπᾷ.
3264 4846 3525 4901 Μαντεῖον
3567 4849 3616 4899 ὲν

2066 4932 2270 5006 χείλεσι
2303 4933 2585 5004 βασιλέως,
2606 4937 2662 4989 ὲν
2688 4935 2745 4990 δὲ
2772 4935 2948 5010 κρίσει
2969 4938 3028 4991 οὐ
3047 4937 3126 5007 μὴ
3154 4937 3403 5012 πλανηθῇ
3432 4941 3488 4994 τὸ
3514 4939 3615 4992 6:6-

2071 5047 2146 5100 μα
2177 5029 2362 5084 αὑτοῦ.
2407 5047 2426 5082 ›

2143 5166 2161 5200 ι
2209 5147 2298 5200 Ἐν
2328 5145 2504 5217 πολλῷ
2531 5145 2673 5201 ἔθνει
2703 5146 2829 5214 δόξα
2879 5146 3163 5219 βασιλέως,
3202 5149 3261 5204 ὲν
3314 5149 3369 5204 δὲ
3398 5149 3614 5220 ἐκλείψει

2065 5241 2194 5297 λαοῦ
2232 5245 2486 5316 συντριϐὴ
2507 5245 2796 5300 δυναστῶν.
2833 5264 2852 5296 ι

2141 5442 2160 5475 ι
2191 5425 2357 5478 Ὅταν
2390 5423 2644 5494 βασιλεὺς
2678 5423 2884 5489 δίκαιος
2924 5424 3126 5497 καθίσῃ
3169 5425 3263 5481 ἐπὶ
3289 5425 3490 5500 θρόνου,
3519 5424 3606 5478 οὐκ

2061 5516 2396 5570 ἐναντιοῦται
2434 5519 2489 5570 ἐν
2512 5515 2806 5588 ὀφθαλμοῖς
2830 5516 2990 5571 αὑτοῦ
3014 5517 3168 5572 οὐδὲν
3189 5517 3603 5591 πονηρόν.Ἐλεη-

2065 5612 2270 5683 μοσύνη
2297 5610 2388 5664 καὶ
2413 5611 2640 5682 ἀλήθεια
2665 5610 2881 5684 φυλακὴ
2909 5610 3142 5683 βασιλεῖ,
3171 5613 3267 5668 καὶ
3298 5605 3603 5686 περικυκλὼο

2064 5722 2246 5760 σουσιν
2275 5707 2329 5758 ὲν
2350 5703 2666 5780 δικαιοσύνῃ
2697 5703 2789 5759 τὸν
2821 5706 3009 5778 θρόνον
3045 5705 3236 5762 αὑτοῦ.
3275 5723 3295 5758 ι

2137 5821 2155 5854 ι
2194 5802 2386 5857 Κτεϊνε
2445 5798 2662 5866 ἀσεϐεῖς
2690 5801 2798 5858 ἀπὸ
2855 5800 3150 5873 προσώπου
3203 5799 3473 5876 βασιλέως,
3518 5792 3595 5848 καὶ
