3886 6248
454 315 592 387 1295

1605 325 1670 389 S.
1708 323 2025 390 IOANMS
2063 326 2491 394 DAMASCENI

3549 330 3658 400 1‘29!

451 454 560 494 non
593 438 899 496 secundum
937 442 1269 496 charitatem
1302 439 1576 496 ambulas.
1607 440 1731 496 Noli
1768 442 1895 496 cibo
1922 448 2018 495 tuo

2149 459 2208 497 ον
2236 445 2471 502 ἀπόλλυε
2491 444 2632 517 ὑπὲρ
2663 439 2726 502 οὗ
2760 444 2996 518 Χριστὸς
3014 443 3305 501 ἀπέθανεν.
3346 443 3400 495 '0
3423 442 3660 512 διακρινό-

449 531 603 586 illum
633 533 886 604 perdere,
930 548 1032 605 pro
1067 548 1180 606 quo
1219 533 1478 591 Christus
1520 543 1770 591 mortuus
1808 542 1914 589 est.
1960 533 2020 588 Si

447 624 578 694 quis
601 624 894 691 discernit,
928 625 978 682 si
1021 625 1462 690 manducaverit,
1496 625 1790 680 damnatus
1813 634 1923 682 est.
1958 643 1979 678 ι

521 714 633 771 Tit.
677 731 719 782 ι,
772 716 860 772 15.
906 745 981 757 -
1012 735 1031 770 ι
1056 715 1252 773 Omnia
1302 717 1502 773 munda
1541 717 1764 774 mundis
1802 731 1822 772 :
1863 715 2020 772 coin-

440 807 698 880 quinatis
741 817 923 864 autem
963 817 1020 866 et
1056 808 1372 866 infidelibus
1413 807 1551 864 nihil
1586 817 1672 866 est
1711 808 2018 875 mundum;

442 903 538 958 sed
583 900 883 972 inquinata:
922 912 1052 960 sunt
1092 918 1309 972 eorum,
1340 911 1396 960 et
1427 918 1604 968 mens,
1641 912 1697 960 et
1730 899 2022 959 conscien-

444 1009 541 1052 tia.
594 1015 614 1048 ε

1009 1087 1327 1146 IJTTERA
1384 1091 1456 1145 Γ.

451 1181 584 1238 TlT.
623 1182 663 1238 Ι.
692 1215 761 1225 -
793 1183 864 1239 De
904 1184 1161 1255 gnosticis
1189 1183 1347 1249 veris,
1379 1191 1429 1238 et
1459 1182 1834 1251 spiritualibus
1858 1181 2019 1236 viris:

648 1265 695 1310 cl
729 1264 855 1325 quot
887 1263 1192 1325 quantaque
1222 1255 1359 1308 bona
1387 1269 1475 1308 eos
1503 1262 1809 1324 sequentur.

516 1348 674 1404 Prov.
718 1364 771 1410 χ.
807 1348 900 1404 2i.
939 1375 1004 1386 --
1058 1362 1078 1402 ι
1124 1345 1293 1402 Labia
1330 1346 1610 1418 iustorum
1661 1354 1870 1401 norunt
1922 1359 2019 1402 suo

450 1439 662 1495 Ivlitnia.
702 1458 724 1492 ι

523 1532 550 1587 1
594 1532 722 1590 Cor.
768 1548 829 1598 ιι,
884 1533 974 1589 15.
1005 1563 1076 1575 -
1105 1549 1124 1586 ι
1158 1531 1479 1603 Spirituaiis
1511 1530 1728 1603 judicat
1777 1529 1966 1587 omnia
1998 1547 2018 1586 :

452 1627 568 1698 ipse
593 1635 774 1681 autem
807 1640 838 1680 a
863 1625 1396 1696 neminejudicatur.
1439 1643 1458 1678 ι

520 1719 700 1776 Calai.
730 1737 787 1788 ν,
819 1719 908 1786 16,
935 1719 1026 1776 22.
1050 1748 1119 1760 -
1146 1737 1167 1772 ι
1205 1719 1416 1789 Spiritu
1458 1717 1754 1787 ambulate,
1790 1728 1845 1775 et
1875 1719 2022 1776 desi-

2123 558 2283 613 μενος
2307 543 2404 595 ὲάν
2430 543 2601 615 φάγῃ,
2633 540 3056 612 κατακέκριται.
3091 558 3108 593 ι

2194 739 2218 774 ι
2259 721 2444 776 Πάντα
2471 719 2694 792 καθαρά
2715 721 2829 784 τοῖς
2862 718 3146 792 καθαροῖς,
3169 719 3282 782 τοῖς
3301 718 3357 771 δὲ
3389 716 3664 787 μεμιασμέ-

2119 831 2233 880 νοις
2261 814 2360 868 καὶ
2423 812 2677 876 ἀπίστοις
2722 813 2876 867 οὐδὲν
2905 811 3185 885 καθαρόν·
3231 809 3366 867 ἀλλά
3405 811 3667 882 μεμίανται

2121 904 2303 961 αὐτῶν
2328 904 2422 960 καὶ
2447 907 2476 960 ὁ
2503 903 2651 972 νοῦς,
2686 907 2782 960 καὶ
2811 905 2846 976 ἠ
2874 903 3202 975 συνείδησις.
3241 922 3262 956 ι

2648 1081 3050 1138 ΣΤΟΙΧΕΙΟΝ
3081 1081 3153 1137 Γ.

2120 1176 2304 1230 ΤῙΤΔ.
2344 1173 2512 1244 A'.-—-
2543 1173 2685 1243 Περὶ
2722 1170 3106 1244 τνωστικῶνῂ
3133 1170 3231 1226 καὶ
3284 1168 3670 1244 πνευματικῶν

2260 1243 2527 1314 ἀνδρῶν’
2561 1239 2659 1298 καὶ
2683 1239 2799 1299 an
2836 1244 3028 1314 ἀγαθὰ
3078 1242 3285 1311 ἕψεται
3314 1239 3533 1305 αὐτοῖς.

2196 1355 2216 1390 ι
2258 1336 2428 1406 Χείλη
2459 1334 2684 1389 δικαίων
2712 1333 3006 1387 ἐπίσταται
3032 1331 3231 1402 ὑψηλά.
3259 1348 3278 1381 ι

2196 1533 2216 1570 ι
2257 1516 2315 1572 '0
2337 1515 2707 1588 πνευματικὸς
2738 1515 3027 1587 ἄνθρωπος
3070 1511 3354 1585 ἀνακρίνει
3384 1511 3453 1564 τὰ
3485 1511 3669 1564 πάντα·

2120 1606 2283 1672 αὐτὸς
2311 1607 2367 1661 δὲ
2402 1606 2493 1661 ὑπ’
2520 1605 2733 1670 οὐδενὸς
2751 1605 3126 1678 ἀνακρίνεται.
3173 1622 3194 1656 ι

2197 1716 2217 1751 ι
2259 1697 2418 1767 Λέγω
2452 1696 2614 1768 ὑμῖν
2654 1695 2926 1767 πνεύματι
2973 1697 3353 1767 περιπατεῖτε,
3381 1694 3478 1748 καὶ
3505 1693 3671 1747 ἐπιθυ-

445 1814 599 1870 dcria
627 1813 812 1869 carnis
837 1828 906 1868 ne
941 1810 1262 1884 perficiatis.
1311 1811 1458 1866 Caro
1495 1809 1643 1865 enim
1678 1812 2021 1883 concupiscit

2148 1791 2260 1846 ιίαν
2315 1789 2518 1862 σαρκὸς
2573 1788 2650 1861 μὴ
2701 1788 2978 1860 τελέσητε.
3019 1788 3084 1842 Ἢ
3125 1789 3234 1860 γάρ
3262 1788 3402 1858 σὰρξ
3441 1786 3674 1856 ἐπιθυμεῖ

448 1911 718 1966 adversus
743 1909 1023 1982 spiritum,
1059 1918 1114 1964 et
1150 1907 1381 1980 spiritus
1422 1907 1695 1965 adversus
1737 1924 1961 1965 carnem
2005 1927 2022 1965 :

451 2003 566 2058 haec
616 2009 799 2057 autem
845 1998 952 2057 sibi
979 1999 1118 2071 ipsis
1144 1997 1530 2055 adversantur.
1569 1997 1808 2054 Fructus
1841 2008 2022 2055 autem

450 2097 682 2168 spiritus
703 2105 807 2160 est,
839 2093 1111 2160 charitas,
1142 2092 1424 2164 gaudium,
1451 2107 1582 2165 pax,
1612 2092 2020 2164 longanimitas,

454 2190 785 2262 benignitas,
841 2187 1001 2252 ﬁdes,
1043 2187 1268 2254 lenitas,
1319 2185 1690 2244 continentia.
1745 2185 2024 2245 Adversus

450 2282 726 2352 ejusmodi
757 2296 866 2337 non
895 2290 982 2339 est
1010 2281 1115 2338 lex.
1155 2299 1176 2334 ι

525 2374 584 2430 II
622 2373 776 2430 Patr.
812 2389 852 2440 ι,
881 2372 935 2430 9.
958 2403 1024 2416 -
1058 2393 1078 2427 ι
1114 2373 1216 2431 Cui
1261 2387 1375 2429 non
1413 2381 1619 2446 ιιι-αειο
1638 2383 1722 2431 est
1762 2376 2024 2444 scientia,

452 2484 630 2526 caecus
682 2475 790 2534 est,
850 2481 1015 2523 manu
1063 2473 1304 2534 tentans,
1361 2467 1645 2538 accipiens
1689 2467 2022 2526 oblivionem

454 2560 798 2638 purgationis
827 2571 1194 2632 peccatorum.
1237 2577 1258 2615 ι

523 2655 552 2709 1
591 2654 716 2712 Cor.
746 2670 864 2722 vni,
898 2655 949 2710 ι.
979 2681 1050 2694 -
1093 2670 1114 2706 ι
1156 2650 1398 2709 Scientia
1433 2652 1607 2710 inﬂat.
1651 2674 1672 2709 ι

520 2744 688 2803 Joan.
723 2761 807 2812 ιιι,
835 2747 891 2811 6,
927 2746 1075 2806 8.—
1103 2763 1122 2800 ι
1161 2743 1318 2815 Quod
1363 2753 1555 2804 natum
1601 2756 1688 2806 est
1726 2764 1792 2806 ετ
1833 2762 2023 2815 carne,

453 2856 585 2896 raro
605 2850 722 2896 est:
743 2848 796 2897 et
820 2840 967 2913 quod
995 2848 1182 2895 natum
1208 2848 1381 2896 estex
1407 2843 1631 2913 spiritu,
1658 2843 1887 2914 spiritus
1917 2854 2022 2898 est.

454 2932 699 3003 Spiritus
738 2931 832 2987 ubi
880 2932 1000 2988 vnit
1040 2931 1231 3003 spirat,
1275 2937 1332 2989 et.
1370 2948 1558 2990 vocem
1597 2934 1718 3005 eius
1758 2935 1938 3001 audis,
1971 2945 2026 2991 ct

455 3022 640 3079 nescis
677 3022 822 3078 unde
848 3023 1057 3088 veniat,
1090 3029 1188 3078 aut
1228 3037 1341 3096 quo
1367 3022 1555 3082 vadat.
1590 3023 1682 3081 Sic
1722 3035 1803 3082 est
1844 3029 2025 3082 omnis

453 3111 546 3181 qui
584 3126 747 3169 natus
776 3119 862 3168 est
893 3125 960 3168 ex
992 3110 1212 3184 spiritu.
1252 3131 1276 3167 ι

528 3204 670 3260 Ναε.
707 3213 846 3259 orat.
876 3205 932 3258 in
959 3200 1123 3276 θοις.
1150 3219 1264 3258 sor.
1299 3231 1370 3245 —
1407 3203 1724 3274 lngenuitas
1763 3213 1848 3261 est
1888 3206 2027 3261 ima-

453 3295 597 3366 ginis
631 3294 832 3351 divinae
875 3294 1254 3362 conservatio,
1307 3304 1476 3367 atque
1527 3311 1786 3366 expressa
1826 3298 2023 3355 arche-

455 3385 568 3459 typi
604 3385 934 3456 similitudo,
956 3400 1122 3459 quam
1147 3387 1290 3444 ratio
1315 3396 1371 3444 et
1399 3388 1569 3445 virtus
1615 3389 1764 3457 facit,
1800 3406 2026 3462 purum-

451 3493 562 3549 que
598 3476 959 3545 desiderium,
995 3479 1172 3552 magis
1218 3488 1275 3536 et
1319 3481 1496 3552 magis
1522 3481 1823 3538 secundum
1853 3480 2024 3537 Deum

454 3570 699 3628 formans
745 3585 841 3628 eos
877 3570 973 3643 qui
1022 3570 1189 3628 rebus
1238 3571 1495 3643 supernis
1547 3573 1766 3628 sincere
1821 3571 2023 3628 initiati

455 3672 586 3722 sunt
624 3663 793 3737 :quin
817 3663 985 3720 etiam
1006 3664 1349 3736 exploratum
1381 3665 1600 3732 habere,
1636 3666 1798 3730 unde,
1825 3676 1878 3724 et
1902 3665 2026 3736 qui-

453 3772 604 3823 nam,
631 3767 687 3813 et
718 3771 824 3828 qua
853 3756 922 3813 de
947 3771 1116 3814 causa
1147 3757 1293 3829 ,facti
1341 3758 1538 3814 simus.
1569 3790 1642 3803 -—
1667 3757 2028 3816 Praestantior

450 3853 535 3904 est
572 3846 828 3919 cognatio
853 3846 1187 3920 spiritualis,
1215 3863 1380 3920 quam
1414 3850 1740 3920 corporalis.

520 3937 841 3995 Justim‘.-
867 3937 957 3996 Uti
1001 3940 1206 3995 bonum
1244 3941 1498 4012 corporis
1545 3949 1632 3997 est
1664 3940 1901 4006 sanitas,
1943 3942 2026 4000 sic

453 4030 652 4086 animae
684 4027 889 4086 bonum
920 4037 1005 4086 est
1036 4028 1133 4085 Dei
1162 4031 1430 4102 cognitio,
1455 4047 1576 4102 quae
1603 4031 1751 4088 velut
1775 4032 2023 4104 quaedam

455 4122 624 4178 animi
657 4123 866 4180 sanitas
888 4130 993 4191 est,
1023 4137 1120 4194 per
1141 4137 1307 4195 quam
1340 4121 1525 4180 divina
1551 4123 1853 4181 similitudo
1869 4140 2025 4182 com-

454 4227 706 4288 paratur.

525 4306 586 4366 S.
626 4307 911 4383 Chrysort.
951 4341 1022 4355 ——
1065 4310 1422 4386 Spiritualem
1463 4314 1741 4372 hominem
1780 4332 1809 4370 a
1845 4315 2028 4388 pravi-

454 4410 568 4458 tate
587 4417 713 4461 esse
747 4402 989 4462 alienum
1018 4414 1260 4478 oportet,
1308 4406 1731 4480 simplicemque
1757 4416 1812 4465 et
1831 4424 2026 4480 exper-

457 4502 564 4550 tem
594 4495 729 4552 doli.

527 4585 586 4643 8.
640 4587 902 4647 Clemens.
941 4620 1010 4633 —-
1039 4592 1342 4651 Gnosticus
1378 4593 1601 4665 quidem
1639 4593 1866 4650 omnino
1917 4603 2027 4661 est,

456 4681 549 4749 qui
581 4694 951 4741 consentanea
1005 4686 1198 4742 virtuti
1237 4701 1405 4758 opera
1432 4694 1761 4759 perpetrat:
1791 4687 1886 4759 qui
1924 4703 2024 4744 au-

457 4781 564 4828 tem
591 4774 727 4828 nihil
762 4777 875 4847 agit
901 4779 1107 4849 operis,
1139 4778 1287 4837 haud
1313 4781 1500 4838 statim
1531 4780 1817 4854 gnosticus
1849 4794 1953 4839 est.

532 4862 721 4935 Ejusd.
753 4866 848 4923 lib.
881 4885 919 4925 ιι
953 4867 1219 4927 Slromat.
1255 4904 1325 4915 —-
1354 4871 1544 4929 Trium
1587 4872 1816 4929 istarum
1845 4889 2027 4931 rerum

459 4956 820 5031 philosophus
852 4973 1040 5021 noster
1065 4965 1350 5024 studiosus
1373 4977 1460 5023 est
1492 4988 1507 5022 :
1539 4970 1779 5038 primum
1804 4969 2024 5041 quidem

455 5051 972 5122 contemplationis;
1021 5055 1220 5114 deinde
1257 5073 1386 5115 vero
1415 5058 1801 5116 mandatorum
1836 5062 2029 5120 obser-

456 5142 695 5199 vationis
722 5160 737 5210 ;
769 5148 931 5201 tertio
960 5147 1200 5221 denique
1227 5151 1466 5208 virorum
1501 5154 1798 5226 proborum
1837 5156 2028 5213 erudi-

455 5237 624 5293 tionis
659 5259 671 5294 :
706 5256 828 5311 qua:
857 5242 1078 5313 quidem
1109 5261 1233 5301 cum
1263 5245 1431 5319 399
1464 5247 1520 5304 in
1551 5265 1719 5304 unum
1750 5249 2031 5310 conﬂuxe-

456 5329 584 5394 rint,
605 5334 910 5402 gnosticum
937 5339 1183 5392 numeris
1218 5339 1475 5395 omnibus
1496 5340 1803 5400 absolvunt.
1835 5343 2025 5411 Quod-

455 5423 586 5480 libet
635 5433 818 5483 autem
871 5428 1064 5484 horum
1119 5431 1384 5497 defuerit,
1432 5435 1671 5504 regnitio
1728 5437 2026 5497 scientiavo

453 5515 741 5574 claudicat.
777 5547 847 5561 -—
871 5522 972 5590 Qui
1004 5526 1285 5595 gnosticus
1308 5535 1413 5593 est,
1438 5543 1466 5582 a
1499 5528 1742 5599 peccatis
1780 5531 2027 5589 abstine-

454 5611 554 5674 bit,
591 5621 703 5667 tum
737 5629 858 5684 quae
900 5630 1176 5686 sermone,
1213 5627 1328 5675 tum
1363 5634 1486 5692 qua:
1520 5622 1878 5694 cogitatione,
1912 5638 2025 5686 tum

2048 3145 2096 3206 C

2055 4500 2102 4556 D

2124 1883 2270 1938 κατά
2300 1879 2395 1937 τοῦ
2424 1881 2755 1951 πνεύματος,
2773 1880 2835 1934 τό
2863 1880 2920 1934 δὲ
2950 1878 3169 1951 πνεῦμα
3191 1879 3337 1934 κατά
3365 1879 3465 1949 τῆς
3479 1877 3676 1948 σαρκός·

2122 1973 2299 2028 ταῦτα
2325 1973 2382 2026 δὲ
2413 1970 2660 2043 ἀλλήλοις
2698 1972 3056 2026 ἀντίκεινται.
3082 1971 3140 2022 '0
3173 1971 3389 2042 καρπὸς
3417 1969 3510 2024 τοῦ
3536 1968 3678 2021 πνεύ-

2128 2065 2296 2136 ματός
2328 2065 2495 2132 ἐστιν,
2552 2064 2764 2134 ἀγάπη,
2821 2064 2984 2138 χαρὰ,
3042 2064 3259 2136 εἰρήνη,
3316 2061 3676 2134 μακροθυμία,

2123 2158 2449 2228 χρηστότης,
2483 2155 2814 2229 ἀγαθοσύνη,
2839 2155 3042 2218 πίστις,
3073 2153 3344 2225 πραότης,
3366 2153 3646 2227 ὶγκράτεια
3665 2169 3677 2183 ·

2125 2246 2391 2303 κατάτῶν
2425 2245 2678 2301 τοιούτων
2708 2246 2809 2300 οὐκ
2842 2244 2957 2300 ἔστι
2988 2245 3174 2317 νόμος.
3215 2264 3235 2299 ι

2205 2358 2225 2394 ι
2259 2333 2330 2412 ’ᾯ
2349 2341 2424 2411 μὴ
2450 2338 2681 2412 πάρεστι
2705 2337 2927 2408 γνῶσις,
2953 2335 3157 2408 τυφλός
3181 2339 3324 2400 ἐστι,
3370 2335 3678 2408 μυωπάζων.

2125 2433 2294 2505 λήθην
2323 2432 2502 2486 λαϐὼν
2531 2430 2626 2486 τοῦ
2657 2430 3010 2504 καθαρισμοῦ
3029 2429 3139 2485 τῶν
3169 2428 3339 2485 παλαι
3367 2428 3682 2504 ἁμαρτημά-

2124 2543 2232 2580 των
2240 2566 2254 2580 .
2294 2545 2312 2577 ι

2201 2638 2220 2670 ι
2273 2618 2333 2671 'H
2367 2616 2568 2686 γνῶσις
2607 2620 2812 2688 φυσιοῖ.
2853 2635 2874 2671 ε

2202 2728 2220 2760 ι
2267 2709 2340 2762 Τὸ
2365 2709 2762 2779 γεγεννημένον
2785 2710 2851 2762 ὲκ
2879 2709 2979 2780 τῆς
3009 2707 3237 2779 σαρκὸς,
3265 2705 3410 2779 σάρξ
3439 2709 3553 2763 ἔστι
3578 2707 3682 2761 ’καὶ

2125 2799 2187 2852 τὸ
2221 2799 2615 2871 γεγεννημένον
2670 2800 2736 2855 ὲκ
2789 2799 2886 2853 τοῦ
2915 2799 3261 2870 πνεύματος,
3301 2798 3529 2870 πνεῦμά
3568 2800 3682 2852 ἔστι.

2126 2892 2200 2946 Τὸ
2224 2892 2442 2964 πνεῦμα
2489 2895 2624 2947 ὅπου
2683 2892 2826 2947 θέλει
2883 2894 3026 2958 πνεῖ,
3058 2893 3156 2947 καλ⁵
3191 2892 3291 2962 τὴν
3327 2892 3517 2965 φωνὴν
3545 2891 3684 2946 αἱ.ςοῦ

2124 2987 2382 3050 ἀκούεις·
2440 2985 2556 3039 ἀλλ’
2622 2986 2722 3040 οὒκ
2779 2983 2926 3050 οἶδας
2975 2985 3141 3040 πόθεν
3213 2985 3463 3057 ἔρχεται,
3517 2986 3550 3056 ἦ
3597 2987 3684 3038 ποῦ

2129 3081 2351 3149 ὑπάγει.
2376 3079 2562 3145 Οὕτως
2595 3078 2716 3134 ἐστὶ
2747 3079 2895 3145 πᾶςό
2925 3078 3325 3151 γεγεννημένος
3343 3081 3412 3135 ἐκ
3438 3078 3530 3134 τοῦ
3550 3079 3688 3131 πνεύ-

2127 3188 2319 3244 ματος.
2361 3190 2379 3224 ι

2198 3263 2486 3330 Εὑγένεια,
2536 3263 2571 3334 ἠ
2622 3263 2722 3335 τῆς
2777 3264 2987 3328 εἰκόνος
3028 3265 3282 3337 τήρησις,
3326 3265 3429 3320 καὶ
3477 3261 3608 3336 πρὸς
3642 3261 3691 3316 τδ

2126 3355 2438 3428 ἀρχέτυπον
2457 3354 2796 3426 ἐξομοίωσις,
2818 3355 2885 3427 ἡν
2909 3355 3200 3426 ἑργάζεται
3221 3355 3382 3425 λόγος
3401 3356 3502 3410 καὶ
3521 3352 3688 3427 ἀρετὴ.

2125 3447 2222 3502 καὶ
2244 3446 2484 3517 καθαρὸς
2521 3445 2706 3514 πόθος,
2737 3447 2826 3500 ἀεὶ
2857 3447 2952 3500 καὶ
2980 3446 3182 3517 μᾶλλον
3211 3447 3444 3521 μορφῶν
3474 3448 3542 3503 τά
3569 3446 3692 3501 κατὰ

2127 3538 2258 3594 Θεὸν
2285 3539 2413 3603 τοὺς
2447 3537 2708 3608 γνησίους
2736 3539 2850 3593 τῶν
2874 3540 2989 3596 ἀνω
3028 3539 3276 3611 μύστας·
3311 3541 3412 3595 καὶ
3458 3541 3521 3595 τδ
3546 3539 3692 3609 γινώ-

2127 3647 2298 3697 σκειν,
2327 3631 2470 3696 ὅθεν,
2505 3636 2599 3687 καὶ
2627 3634 2790 3698 τίνες,
2813 3635 2909 3686 καὶ
2925 3633 3003 3694 εἰς
3024 3631 3394 3705 ὂγεγόναμεν.
3423 3659 3494 3676 -ι-
3513 3632 3691 3704 Κρείτ-

2125 3741 2234 3778 των
2267 3728 2301 3795 η
2327 3726 2678 3797 πνευματικὴ
2711 3724 3004 3794 συγγένεια
3027 3723 3130 3797 τῆς
3160 3725 3512 3796 σωματικῆς.

2207 3986 2295 4051 Ὠς
2352 3986 2409 4040 δὲ
2477 3951 2744 4058 σώματος.
2787 3985 2998 4057 ἀγαθὸν
3054 3984 3213 4055 ὑγεία
3243 4025 3259 4048 ,
3297 3985 3479 4053 οὕτως
3530 3987 3688 4058 ψυχῆς

2124 4079 2354 4150 ἀγαθὸν,
2374 4079 2574 4148 γνῶσις
2597 4077 2760 4144 Θεοῦ,
2792 4079 2950 4147 ὑγεία
2968 4094 3052 4144 τις
3083 4078 3219 4134 οὖσα
3241 4079 3448 4151 ψυχῆς,
3489 4080 3606 4134 καθ’
3633 4081 3687 4151 ἢν

2124 4172 2260 4244 πρὸς
2289 4171 2423 4227 Θεὸν
2450 4171 2711 4243 ὁμοίωσις
2742 4171 2976 4242 γίνεται.

2197 4350 2301 4403 Τὸν
2322 4347 2692 4421 πνευματικὸν
2721 4345 2992 4420 ἀπόνηρον
3020 4341 3160 4404 εἶναι
3190 4348 3318 4421 χρὴ,
3347 4351 3446 4404 καὶ
3480 4349 3682 4408 ἀπλιῦν.

2127 4441 2224 4495 καὶ
2252 4441 2458 4496 ἄδολον.

2211 4620 2268 4673 ’0
2324 4619 2422 4690 μὲν
2483 4600 2804 4689 γνωστικὺς,
2863 4621 3080 4680 πάντως
3141 4617 3238 4672 καὶ
3287 4617 3426 4689 ἔργα
3470 4615 3684 4670 ἒπιτελεῐ

2128 4709 2445 4780 καθήκοντα
2465 4727 2479 4741 ·
2507 4712 2536 4765 ὁ
2567 4711 2626 4765 δὲ
2662 4710 2732 4765 τά
2757 4713 2898 4785 ἔργα
2929 4711 3005 4782 μὴ
3058 4709 3347 4776 ἐπιτελῶν,
3384 4710 3446 4764 ού
3487 4709 3682 4768 πάντως

2131 4805 2226 4857 καὶ
2249 4804 2549 4872 γνωστικός
2572 4805 2709 4858 ἔστι.

2200 4896 2381 4967 Τριῶν
2409 4894 2613 4950 τούτων
2657 4895 2941 4967 ἀντέχεται
2971 4895 3002 4948 ό
3045 4893 3326 4966 ἡμεδαπὸς
3374 4892 3643 4964 φιλόσοφος
3673 4907 3683 4918 ·

2125 4987 2343 5060 πρῶτον
2378 4989 2478 5057 μὲν
2506 4990 2603 5059 τῆς
2642 4987 2898 5061 θεωρίας,
2949 4987 3142 5041 ἔπειτα
3167 4986 3226 5042 δὲ
3264 4987 3366 5058 τῆς
3415 4985 3519 5039 τῶν
3553 4984 3682 5036 ἐντος

2124 5079 2234 5134 λῶν
2302 5078 2684 5146 ἑπιτελέσεως.
2744 5079 2953 5154 τρίτον,
3011 5077 3224 5151 ἀνδρῶν
3276 5077 3492 5147 ἀγαθῶν
3537 5090 3675 5130 κατα.

2126 5169 2363 5241 σκευῆς’
2393 5168 2429 5224 ἃ.
2466 5169 2531 5242 δὴ
2563 5168 2913 5236 συνελθόντα,
2947 5168 3043 5223 τὸν
3083 5168 3391 5238 γνωστικδν
3426 5163 3678 5221 ἀποτελεῖ.

2126 5263 2196 5318 '0
2222 5279 2275 5317 τι
2305 5260 2350 5317 δ’
2382 5262 2450 5319 ἀν
2477 5262 2634 5334 ἐνδέῃ
2664 5260 2892 5326 τούτων,
2921 5261 3149 5334 χωλεύει
3195 5263 3264 5316 τά
3296 5260 3395 5333 τῆς
3431 5258 3680 5330 γνώσεως.

2143 5354 2202 5410 '0
2235 5354 2536 5427 γνωστικὸς
2577 5355 2836 5426 ἀφέξεται
2892 5353 3000 5410 τῶν
3059 5354 3199 5409 κατά
3240 5353 3419 5425 λόγον,
3455 5352 3542 5406 καὶ
3585 5346 3679 5400 τῶν

2132 5451 2276 5506 κατά
2301 5451 2562 5517 διάνοιαν,
2594 5451 2691 5506 καὶ
2717 5449 2826 5506 τῶν
2857 5449 2978 5506 κατ’
2998 5449 3253 5519 αῐσθησιν
3300 5450 3394 5504 καὶ
3427 5447 3678 5516 ἐνέργειαν

2133 5543 2572 5616 ἁμαρτημάτων.
2596 5571 2664 5585 --
2689 5541 2827 5597 Θεοῦ
2875 5543 3078 5614 γνῶσιν
3106 5541 3293 5598 λαϐεῖν
3324 5545 3434 5605 τοῖς
3480 5538 3554 5592 ἔτι
3585 5531 3673 5588 ὑπὸ

2131 5634 2243 5689 τῶν
2275 5635 2461 5691 παθῶν
2493 5635 2866 5708 ἀπαγομένοις
2892 5636 3176 5693 ἀδύνατον.

453 5717 574 5805 quia
611 5720 773 5805 sensu
807 5719 861 5766 et
897 5723 1062 5781 opere
1086 5723 1500 5785 perpetrantur.
1539 5745 1605 5759 --
1641 5717 1734 5776 Dei
1774 5723 2143 5793 cognitionem
2188 5729 2224 5784 ii
2257 5742 2452 5801 capere
2510 5732 2810 5802 nequeunt,
2832 5730 2924 5802 qui
2959 5743 2991 5785 a
3021 5727 3256 5787 turbidis
3280 5723 3472 5805 _animi
3527 5713 3667 5775 ωοιῖ·

456 5793 562 5851 bus
587 5799 953 5858 abducuntur.
