3886 6248
258 324 378 392 i297

1445 320 1684 384 SACRA
1721 318 2188 383 PARALLELA.

3374 308 3512 376 ηας

318 433 688 506 Πνευματικόν
741 433 834 488 καὶ
893 430 1226 504 γνωστικδν,
1284 432 1377 486 τὸν
1425 428 1591 488 αὐτὸν
1619 425 1763 518 οἶδεν

2011 426 2155 486 Ibid.
2191 429 2286 484 lib.
2323 442 2376 484 τ.
2405 455 2475 470 α-
2511 424 2859 498 διιιιῑιιιοιοιη
2901 432 2954 480 et
2983 424 3292 491 gnosticnm
3354 439 3499 490 eunt-

259 527 606 595 Ἀπόστολος,
629 525 721 581 τδν
768 524 865 580 τοῦ
889 524 1047 595 ἁγίου
1102 522 1420 597 Πνεῦματος
1465 517 1785 598 μαθητήν,-

1924 529 2050 582 dem
2083 520 2423 600 [Apostolus]
2452 523 2722 593 agnoscit,
2748 536 2875 575 eum
2910 534 3108 591 nempe
3139 519 3231 589 qui
3271 517 3512 588 Spiritus

260 623 311 678 '0
344 619 642 690 γνωστικδς
692 617 883 674 θεόθεν
927 615 1112 672 λαϐὼν
1164 617 1227 673 τὸ
1253 616 1521 673 δύνασθαι
1559 617 1821 688 ὠφελεῖν,

244 714 495 786 ὀνίνησιν,
516 714 646 778 τοὺς
683 712 785 786 μὶν
814 713 884 786 τῇ
918 711 1394 786 παρακολουθήσει
1438 712 1818 784 σχηματίζων,

242 807 363 870 τοὺς
388 804 443 860 δὲ
469 807 536 878 τῇ
570 803 895 876 ἐξομοιώσει
945 806 1416 876 προτρεπόμενος,
1464 807 1594 872 τοὺς
1629 804 1687 860 δὲ
1722 805 1819 860 καὶ

239 902 302 970 τῇ
335 897 625 971 προστάξει
655 895 932 954 παιδεύων
960 898 1056 953 καὶ
1081 895 1373 953 διδάσκων.

301 1073 410 1127 Καί
449 1089 541 1144 μοι
591 1075 992 1146 καταφαίνεται
1024 1074 1154 1146 τρία
1185 1069 1326 1128 εῖναι
1363 1072 1464 1147 τῆς
1503 1073 1817 1145 γνωστικῆς

232 1165 508 1238 δυνάμεως
530 1165 951 1238 ἀποτελέσματα
966 1181 980 1196 ⁸
1001 1167 1063 1220 τὸ
1081 1166 1374 1236 γινώσκειν
1395 1167 1464 1222 τὰ
1485 1167 1809 1239 πράγματα·

231 1255 495 1327 δεύτερον,
545 1257 606 1311 τὺ
637 1258 911 1314 ἐπιτελεῖν
932 1274 946 1287 ·
981 1259 1190 1332 τρίτον,
1230 1261 1294 1313 τὸ
1333 1261 1688 1334 παραδιδόναι
1721 1262 1813 1316 ὀύ·

230 1349 417 1404 νασθαι
443 1349 766 1423 θεοπρεπῶς
799 1350 871 1406 τά
899 1351 1055 1423 παρά
1082 1355 1152 1424 τῇ
1171 1351 1405 1423 ἀληθεία
1425 1351 1805 1428 κεκρυμμένα.

227 1470 293 1482 -ο-
329 1441 542 1514 Ὠσπερ
595 1445 704 1497 πᾶν
756 1442 786 1497 δ
842 1441 1120 1514 βούλεται,
1167 1442 1395 1499 δύναται
1424 1445 1451 1496 ὀ
1479 1445 1630 1510 Θεὸς,
1663 1442 1809 1499 οὕτω

227 1536 329 1588 πᾶν
364 1534 391 1588 ὂ
413 1534 478 1588 ἂν
506 1534 708 1609 αἰτήσῃ
730 1537 760 1592 ὁ
782 1535 1109 1606 γνωστικδς,
1157 1536 1448 1608 λαμϐάνει.
1470 1567 1540 1578 -
1570 1536 1805 1591 Ἕπεται

224 1629 284 1699 τῇ
322 1625 522 1696 γνώσει
557 1625 626 1682 τὰ
676 1627 835 1700 ἔργα,
885 1628 962 1696 ὡς
1015 1628 1093 1700 τῷ
1117 1626 1397 1699 σῶματιή
1443 1629 1590 1683 σκιά.
1629 1658 1699 1670 --
1727 1629 1801 1684 Οὐ

224 1723 618 1794 μνησικακήσει
669 1723 698 1775 ὀ
765 1722 1072 1793 γνωστικός
1159 1737 1327 1777 ποτε·
1378 1722 1438 1776 οὐ
1507 1721 1806 1793 χαλεπανεί

150 1864 162 1880 ,
218 1815 409 1882 οὐδενὶ,
433 1815 540 1870 κᾶν
571 1814 765 1888 μίσους
819 1815 950 1884 ἄξια
1003 1816 1274 1889 τυγχάνῃ,
1300 1818 1387 1886 ἐφ’
1423 1811 1507 1883 οἷς
1530 1817 1804 1890 διαπράτο

215 1926 380 1964 τεται.
410 1908 568 1962 Σὲεει
601 1908 700 1979 μὲν
720 1907 829 1982 γὰρ
855 1908 949 1963 τὸν
968 1907 1231 1982 Ποιητὴν,
1264 1910 1458 1980 ἀγαπᾷ
1486 1909 1543 1963 δὲ
1567 1907 1659 1964 τὸν
1689 1925 1804 1964 κοι-

214 1999 434 2052 νωνικὸν
459 1999 557 2055 τοῦ
591 1999 734 2070 βίου,
769 1999 1057 2071 οἰκτείρων
1082 1999 1179 2055 καὶ
1223 1999 1665 2072 ὑπερευχόμενος
1694 2000 1800 2056 αὐ-

212 2090 302 2145 τοῦ
324 2090 410 2145 διὰ
437 2090 540 2165 τὴν
596 2092 822 2162 ἄγνοιαν
868 2091 1055 2148 αὐτοῦ.
1084 2122 1153 2134 --
1178 2093 1283 2148 Τὸν
1330 2093 1634 2163 γνωστικδν
1654 2091 1800 2156 οὐδὲ

213 2207 336 2244 ποτε
367 2191 428 2245 τὸ
458 2192 713 2246 πλουτεῖν
740 2191 935 2265 γήθειν
994 2193 1159 2260 ποιεῖ,
1191 2192 1314 2248 οὐδὲ
1345 2191 1456 2249 τῶν
1493 2193 1797 2267 χρημάτων

210 2285 454 2354 ἀπορεῖν,
489 2284 572 2348 είς
601 2284 935 2339 ταπείνωσιν
984 2283 1130 2354 ἄγει,
1186 2285 1285 2355 τῆς
1320 2285 1525 2358 ἀρετῆς
1566 2284 1662 2340 καὶ
1704 2300 1796 2340 σο-

209 2377 332 2444 φίας
360 2375 528 2431 αὐτὸν
552 2375 964 2449 ὕπερυψούσης,
994 2378 1089 2431 καὶ
1135 2377 1392 2448 ὑπεράνω
1423 2376 1608 2431 αὐτῶν
1636 2377 1793 2431 ἵστα-

211 2470 329 2522 σθαι
356 2469 916 2543 παρασκευαζούσης,
943 2469 1020 2534 ὡς
1037 2469 1127 2524 διὰ
1145 2471 1554 2544 μεγαλοψυχίαν
1580 2473 1794 2525 ὲναδια-

209 2563 389 2632 φορεῖν
421 2565 538 2630 τοῖς
557 2564 712 2635 ἡδέσι
742 2565 837 2622 καὶ
865 2563 1080 2639 ἀηδέσι.

206 2779 382 2858 TlTA_.
521 2781 756 2852 -Περὶ
783 2783 912 2858 το-ῦ,
950 2802 968 2838 ι
1017 2783 1210 2858 magn
1248 2786 1534 2858 σεαυτὸν,
1576 2807 1594 2840 ι
1631 2787 1786 2858 ἤτοι,

279 2853 596 2926 ιΑΠρόσεχε
637 2853 903 2926 σεαυτῷ·
940 2874 964 2908 ι
1005 2857 1102 2911 καὶ
1142 2856 1232 2911 ὅτι
1278 2857 1394 2926 χρὴ
1426 2853 1693 2914 suam
1715 2859 1790 2915 τὰ

270 2921 455 3000 οὶκεῖρ
489 2921 909 3000 περισκοπεῖν,
940 2926 1040 2981 καὶ
1060 2927 1147 2998 μὴ
1189 2921 1600 2999 τὰῗίλλότρια
1629 2942 1787 3000 περι-

265 2989 638 3063 (py-citeriora.

269 3105 513 3178 Πρόσεχε
570 3107 807 3180 σεαυτῷ,
854 3109 950 3165 καὶ
1011 3111 1248 3183 φύλαξον
1295 3111 1396 3185 τὴν
1456 3114 1636 3187 ψυχήν
1688 3132 1784 3172 σου

201 3199 427 3272 σφόδρα,
472 3201 551 3273 μὴ
581 3201 822 3277 ὲπιλάθῃ
848 3205 1062 3269 πάντας
1084 3205 1208 3272 τοὺς
1229 3206 1446 3276 λόγους,
1478 3208 1572 3274 οὓς
1605 3210 1786 3280 ἑωρά-

199 3303 354 3344 κασιν
391 3292 444 3345 οἱ
472 3291 746 3365 ὀφθαλμοί
810 3312 906 3350 σου
930 3311 946 3328 °
1000 3296 1096 3351 καὶ
1132 3296 1207 3370 μὴ
1251 3299 1652 3373 ἀποστήτωσαν
1676 3302 1786 3358 ἀπὸ

195 3381 290 3450 τῆς
325 3382 559 3456 καρδίας
587 3402 702 3442 σου.
737 3404 756 3439 ι

266 3493 284 3526 ι
317 3478 380 3530 Oi
412 3478 631 3535 ἑαυτῶν
661 3479 1061 3552 ἐπιγνώμονες,
1097 3484 1275 3554 σοφοί.
1315 3504 1333 3537 ι

262 3673 282 3705 ι
321 3655 695 3729 Συντήρησον,
726 3660 823 3713 καὶ
846 3661 1082 3734 πρόσεχε
1111 3663 1376 3736 σφοδρῶς,
1400 3665 1483 3720 ὅτι
1509 3665 1650 3738 μετά
1677 3668 1777 3739 τῆς

189 3745 452 3814 πτώσεώς
486 3767 580 3804 σου
612 3755 958 3821 περιπατεῖς.
994 3773 1011 3807 ι

261 3858 278 3890 ι
327 3842 417 3896 Ἐν
447 3842 589 3914 φίλῳ
620 3844 714 3898 καὶ
736 3845 916 3919 ἐχθρῷ
950 3849 1024 3918 μὴ
1050 3847 1242 3920 διηγοῦ
1268 3849 1441 3921 βίους,
1469 3852 1588 3906 ἀλλ’
1622 3855 1773 3909 ὲπαίο

186 3948 327 3997 νους.
374 3935 486 3988 Καὶ
516 3936 573 3990 ετ
602 3936 686 3990 σοί
729 3939 880 3994 ἔστιν
911 3940 1181 4012 ἁμαρτία,
1217 3942 1293 4015 μὴ
1339 3944 1714 4001 ἀποκάλυπτε.
1749 3966 1767 4000 ι

257 4133 274 4165 ι
304 4113 371 4168 Τί
391 4114 616 4187 βλέπεις
634 4117 695 4172 τὸ
712 4118 924 4190 κάρφος
942 4122 1000 4175 ἐν
1035 4122 1110 4193 τῷ
1132 4124 1394 4197 ὀφθαλμῷ
1416 4125 1512 4180 τοῦ
1536 4126 1769 4200 ἀδελφοῦ

190 4221 308 4272 σου,
338 4209 441 4281 τὴν
465 4209 524 4264 δὲ
564 4210 624 4264 ιν
651 4209 730 4282 τῷ
753 4211 832 4284 σῷ
857 4213 1129 4286 ὀφθαλμῷ
1174 4217 1332 4272 δοκὸν
1352 4219 1414 4272 οὐ
1442 4220 1766 4288 κατανοεῖς;

181 4299 213 4370 ἢ
248 4302 361 4367 πῶς
392 4305 540 4375 ἐρεῖς
567 4302 645 4375 τῷ
669 4303 885 4378 ἀδελφῷ
913 4323 1029 4373 σου,
1066 4309 1259 4379 Ἄφες,
1295 4309 1496 4367 ἔκϐαλε
1525 4314 1588 4368 τὸ
1630 4313 1768 4387 κάρ-

1810 3059 1858 3122 ο

1924 617 2110 676 sancti
2135 615 2444 686 discipulus
2473 622 2579 670 est.
2608 643 2680 656 -
2708 613 3024 677 Gnosticus,
3063 626 3189 666 cum
3223 610 3272 664 id
3311 609 3511 664 divini-

1923 718 2011 768 tus
2040 715 2378 767 consecutus
2422 714 2531 773 est,
2578 714 2642 762 ut
2695 704 2959 776 prodesse
3009 704 3204 775 possit,
3252 701 3320 757 ad
3365 701 3507 758 hunc

1921 804 2145 858 modum
2167 800 2347 872 juvat,
2371 807 2432 854 ut
2461 798 2603 856 alios
2640 814 2738 870 per
2765 796 3192 854 assectationem
3224 793 3509 858 informet,

1919 909 2019 966 per
2063 892 2428 950 imitationem
2482 891 2622 947 alios
2673 891 3023 956 collortetur,
3077 888 3218 944 alios
3270 885 3509 957 denique

1918 985 2294 1059 pmcipiendo
2327 983 2548 1040 erudiat
2577 993 2633 1039 et
2668 983 2886 1039 doceat.

1987 1074 2133 1132 Ibid.
2181 1075 2275 1130 tib.
2309 1089 2408 1130 νιι.
2440 1105 2510 1117 --
2552 1071 2686 1129 Mihi
2725 1086 2947 1144 quoque
2975 1069 3237 1142 gnosticaa
3271 1070 3504 1126 faculta-

1914 1171 1988 1228 tis
2031 1183 2141 1227 tres
2165 1169 2394 1227 elfectus
2440 1168 2707 1224 videntur
2737 1183 2754 1220 :
2787 1167 3018 1237 primus,
3070 1180 3161 1221 res
3192 1165 3506 1237 exploratas

1913 1265 2154 1330 habere;
2191 1263 2492 1327 secundus,
2522 1260 2787 1331 exsequi;
2820 1260 3018 1316 tertius
3038 1259 3296 1330 denique,
3317 1274 3500 1330 posse.

1906 1357 2061 1428 juxta
2115 1371 2183 1412 ac
2233 1357 2458 1429 dignum
2494 1355 2608 1411 Deo
2658 1363 2768 1425 est,
2825 1352 2949 1410 aliis
2990 1370 3055 1410 ea
3113 1351 3347 1419 trudere,
3379 1365 3506 1425 qua:

1909 1451 2052 1522 apud
2101 1451 2390 1508 veritatem
2432 1449 2688 1505 abstrusa
2728 1455 2880 1504 sunt.
2920 1476 2994 1490 ——
3024 1446 3493 1515 Quemadmodum

1908 1543 2055 1602 Deus
2088 1544 2359 1617 quidquid
2389 1542 2525 1609 vult,
2551 1548 2736 1615 potest
2767 1557 2782 1597 :
2811 1541 2894 1598 sic
2922 1540 3186 1614 quidquid
3209 1543 3496 1613 gnosticus

1907 1639 2149 1710 petierit,
2197 1637 2424 1709 accipit.
2470 1667 2538 1678 —
2569 1633 2732 1695 Velut
2777 1635 2974 1692 umbra
3025 1650 3244 1708 corpus,
3304 1650 3492 1690 veram

1906 1733 2200 1790 scientiam
2242 1739 2402 1789 actus
2450 1737 2779 1804 sequuntur.
2811 1728 3201 1800 —-Nunqnam
3239 1726 3494 1784 meminit

1904 1825 2189 1899 gnosticus
2228 1823 2560 1897 iniuriarum
2608 1830 2955 1882 :auccenset
2994 1822 3226 1886 nemini,
3271 1819 3489 1875 etiamsi

1903 1919 2069 1992 digna
2105 1918 2220 1976 sint
2255 1917 2422 1986 odio,
2447 1932 2573 1992 quae
2623 1924 2775 1989 gesta
2813 1925 3008 1974 contra
3037 1930 3099 1972 se
3132 1912 3355 1972 fuerint.
3393 1912 3488 1968 Ει-

1900 2013 2050 2071 enim
2072 2013 2149 2068 uti
2200 2010 2523 2070 Creatorem
2578 2010 2732 2078 colit,
2771 2007 2854 2067 sic
2901 2008 3031 2066 vitae
3070 2007 3283 2063 socium
3316 2013 3486 2078 amat,

1899 2121 2138 2179 eumque
2173 2104 2508 2178 ignorantia
2547 2102 2778 2161 nomine
2806 2101 3260 2167 commiseratur,
3292 2105 3348 2155 et
3381 2114 3483 2170 pro

1897 2214 1967 2258 eo
1995 2213 2190 2272 preces
2245 2197 2449 2255 fundit.
2483 2225 2558 2239 -—
2594 2195 2920 2254 Gnosticum
2957 2208 3235 2266 nunquam
3275 2191 3482 2249 divitia!

1896 2289 2200 2356 delectant,
2231 2303 2336 2345 nec
2379 2302 2548 2360 opum
2585 2287 2813 2360 penuria
2851 2284 3128 2358 abjectum
3171 2299 3238 2340 ac
3277 2283 3479 2340 demis-

1895 2401 2020 2441 sum
2045 2383 2229 2442 reddit
2264 2401 2280 2440 :
2307 2382 2511 2455 quippe
2539 2396 2704 2455 quem
2728 2381 2907 2438 virtus
2922 2387 2978 2464 et
3004 2376 3276 2452 sapientia
3306 2376 3361 2432 in
3394 2376 3477 2431 al-

1896 2491 2011 2535 tum
2040 2481 2242 2546 ferant,
2284 2479 2462 2550 iisque
2499 2477 2887 2538 sublimiorem
2939 2475 3196 2541 reddant,
3240 2473 3378 2530 adeo
3420 2485 3480 2529 ut

1890 2575 1966 2630 ob
1997 2573 2168 2629 animi
2193 2573 2500 2632 celsitatem
2525 2568 2775 2644 jucunda
2809 2582 3067 2642 peraeque
3095 2579 3151 2624 et
3173 2565 3474 2639 injucunda

1893 2667 2114 2722 habeat.

1891 2801 2031 2886 ἹῚΤἶ
2054 2800 2119 2856 ll.
2149 2830 2218 2844 -
2239 2798 2315 2855 De
2373 2799 2470 2855 illo
2522 2798 2709 2925 ciete,
2730 2868 2744 2881 ι
2765 2813 2784 2850 ι
2824 2792 3002 2850 Nosce
3032 2793 3279 2876 “ipsum.
3325 2809 3346 2875 ι
3382 2807 3470 2844 seu

1958 2885 2143 2925 etiam.
2198 2890 2216 2925 ι
2256 2872 2485 2925 Attende
2515 2879 2551 2924 ιι
2595 2891 2610 2924 ι
2639 2885 2742 2925 nm
2779 2883 2799 2924 :
2833 2885 2856 2921 ι
2891 2876 2944 2923 et
2979 2864 3121 2925 quod
3146 2862 3202 2916 td
3248 2878 3470 2925 quisque

1958 2875 2143 2935 etiam,
2198 2890 2216 2925 ι
2256 2872 2485 2927 Attende
2515 2862 2611 2925 tibi
2639 2862 2744 2940 ipsi
2779 2883 2799 2924 :
2833 2885 2856 2921 ι
2891 2876 2944 2923 et
2979 2864 3121 2940 quod
3146 2862 3202 2940 id
3245 2863 3472 2940 quisque

1958 2933 2171 3000 studere
2221 2942 2429 3014 debeat,
2470 2951 2529 2999 ut
2577 2933 2695 3014 qui:
2732 2955 2835 2997 sua
2877 2933 3025 3003 sunt,
3069 2933 3337 3005 inspiciat,
3377 2949 3469 2986 nec

1961 3017 2138 3073 aliena
2169 3013 2503 3086 pervestiget.

1961 3132 2116 3188 Deut.
2146 3132 2291 3197 tv,9.
2325 3161 2397 3174 —
2418 3148 2437 3184 ι
2461 3129 2696 3186 Attende
2720 3126 2818 3185 tibi
2858 3124 2986 3198 ipsi,
3011 3133 3065 3180 et
3099 3121 3312 3180 custodi
3345 3121 3464 3176 ani-

1887 3241 2032 3282 mam
2064 3233 2215 3281 tuam
2251 3224 2413 3281 valde
2437 3241 2453 3293 ;
2477 3239 2550 3280 ne
2585 3219 2938 3280 obliviscaris
2974 3217 3223 3274 omnium
3255 3228 3465 3272 sermo-

1885 3334 2015 3375 num
2041 3326 2289 3385 tuorum,
2335 3332 2459 3388 quae
2489 3315 2746 3373 viderunt
2787 3313 2931 3372 oculi
2975 3311 3054 3371 tui
3087 3331 3101 3370 :
3129 3319 3185 3368 et
3215 3326 3283 3369 ne
3313 3325 3463 3366 rece-

1887 3412 2020 3468 dant
2050 3411 2120 3467 de
2141 3410 2309 3467 corde
2346 3419 2466 3466 tuo.
2507 3430 2527 3465 ι

1955 3501 2116 3558 Prov.
2149 3502 2385 3567 snt,10.
2433 3532 2505 3544 —
2557 3520 2576 3554 ι
2607 3498 2711 3569 Qui
2762 3499 2973 3570 seipsos
3007 3506 3230 3565 norunt,
3280 3496 3336 3552 lii
3370 3509 3460 3552 sa-

1881 3595 2097 3667 pientes
2120 3604 2272 3652 sunt.
2312 3612 2330 3648 ι

1953 3686 2123 3745 Eccti.
2169 3694 2294 3755 mi,
2346 3686 2434 3744 16.
2473 3716 2544 3728 η-
2588 3703 2608 3739 ι
2645 3682 2793 3742 Cave
2824 3683 2949 3750 tibi,
2990 3691 3044 3740 et
3071 3680 3297 3739 attende
3327 3679 3457 3736 dili-

1878 3786 2094 3849 genter,
2122 3778 2388 3852 quoniam
2416 3792 2544 3834 cum
2568 3776 2933 3834 subversione
2958 3783 3048 3830 tua
3083 3773 3355 3829 ambulas.
3394 3791 3414 3826 ι

1949 3871 2120 3929 Eccti.
2170 3888 2289 3937 xix,
2332 3871 2386 3928 8.
2419 3901 2488 3914 —
2516 3889 2535 3924 ι
2572 3871 2766 3927 Amico
2814 3878 2870 3926 et
2917 3867 3144 3924 inimico
3193 3874 3292 3923 tuo
3342 3866 3454 3922 noli

1877 3979 2106 4020 narrare
2154 3965 2325 4020 vitam
2357 3971 2529 4027 tuam,
2569 3961 2662 4019 sed
2705 3962 2894 4019 laudes
2926 3979 2942 4018 :
2971 3969 3026 4017 et
3073 3960 3118 4017 si
3171 3959 3271 4016 tibi
3310 3957 3452 4015 deli-

1871 4068 2022 4113 ctum
2059 4064 2163 4120 est,
2188 4056 2302 4114 noli
2332 4055 2637 4113 denudare.
2675 4075 2694 4110 ι

1946 4147 2140 4204 Matth.
2177 4163 2277 4214 vu,
2315 4149 2370 4216 3,
2408 4147 2464 4203 4.
2513 4178 2580 4192 -
2613 4166 2632 4200 ι
2668 4145 2812 4214 Quid
2865 4145 3020 4202 vides
3069 4145 3336 4200 festucam
3395 4143 3450 4199 in

1871 4240 2034 4297 octtlo
2087 4240 2275 4296 fratris
2307 4240 2410 4306 tui,
2445 4249 2502 4295 et
2544 4240 2754 4296 trabem
2794 4237 2990 4308 quaein
3018 4237 3182 4293 oculo
3218 4246 3312 4292 tuo
3341 4246 3449 4301 est,

1871 4349 1981 4389 non
2010 4331 2207 4388 vides?
2235 4342 2331 4388 aut
2372 4331 2655 4404 quomodo
2699 4331 2851 4388 dices
2881 4329 3041 4384 fratri
3094 4336 3190 4384 tuo
3227 4344 3243 4383 :
3291 4326 3444 4395 Sine,

182 4413 276 4497 φος
296 4399 362 4497 ἐκ
391 4398 487 4454 τοῦ
519 4396 802 4472 ὀφθαλμοῦ
833 4417 927 4457 σου
951 4419 967 4434 ·
1014 4405 1108 4458 καὶ
1150 4405 1260 4460 ἰδοὺ
1323 4407 1358 4479 ἡ
1396 4407 1554 4473 δοκὸς
1590 4411 1648 4464 ἐν
1681 4409 1761 4480 τῷ

1912 4427 2081 4490 ῐίοῑοηι
2127 4396 2407 4482 festucam
2446 4425 2516 4481 de
2558 4424 2720 4480 oculo
2774 4432 2894 4491 tuo,
2945 4431 3000 4479 et
3030 4437 3160 4479 ecce
3196 4421 3351 4476 trabs
3390 4421 3444 4475 in

179 4486 439 4593 ὀφθαλμῷ
471 4509 567 4548 σου
594 4512 608 4559 ;
650 4493 975 4567 ’Υποκριτά,
1004 4494 1202 4551 ἔκϐαλε
1232 4498 1452 4569 πρῶτον
1472 4501 1569 4573 τὴν
1605 4502 1763 4557 δοκὸν

1912 4486 2026 4573 culo
2058 4526 2155 4573 tuo
2182 4517 2205 4571 τ
2236 4514 2561 4588 Hypocrita,
2601 4515 2741 4586 ejice
2774 4486 2928 4588 prius
2955 4514 3166 4570 trabem
3191 4512 3260 4569 de
3285 4512 3450 4568 oculo

180 4579 241 4680 ἐκ
266 4582 359 4638 τοῦ
393 4583 678 4656 ὀφθαλμοῦ
705 4603 825 4653 σου,
859 4589 956 4642 καὶ
992 4588 1117 4643 τότε
1160 4590 1475 4663 διαϐλέψεις
1505 4594 1760 4651 ἐκϐαλεῖν

1912 4628 1982 4677 l0,
2037 4618 2092 4666 et
2141 4579 2790 4680 tunc-ridebis'ejicere’
2840 4606 3101 4665 festucam
3163 4605 3232 4662 de
3281 4605 3445 4661 oculo

177 4675 234 4728 τὸ
264 4677 474 4750 κάρφος
495 4680 556 4734 τὺ
584 4682 644 4734 ὲν
668 4679 748 4752 τῷ
778 4680 1046 4754 ὀφθαλμῷ
1074 4683 1172 4738 τοῦ
1207 4684 1440 4758 ἀδελφοῦ
1471 4704 1587 4742 σου.
1615 4708 1634 4742 ι

247 4786 269 4822 ι
298 4770 391 4836 Μὴ
428 4771 643 4843 κρίνετε
662 4812 676 4839 ,
705 4772 793 4827 ἵνα
831 4773 907 4844 μὴ
936 4775 1184 4847 κριθῆτε.
1225 4795 1244 4828 ι

247 4965 264 4996 ι
307 4945 530 5015 Σκόπει,
567 4949 646 5023 μὴ
662 4950 725 5005 τὸ
759 4952 875 5021 φῶς
906 4955 966 5009 τὸ
989 4957 1046 5009 ἐν
1081 4956 1164 5012 σοὶ
1195 4957 1387 5025 σκότος
1417 4959 1584 5016 ἐστίν.
1624 4981 1642 5015 r

245 5166 262 5198 ι
292 5146 365 5202 Σὺ
388 5148 471 5215 τίς
502 5146 555 5205 εἷ
615 5152 644 5206 ὀ
684 5151 889 5224 κρίνων
911 5153 1197 5228 ἀλλότριον
1231 5158 1492 5230 οίκὲτηνς
1526 5159 1604 5228 τῷ
1635 5160 1752 5234 ίδίῳ

1861 4701 2050 4758 fratris
2082 4701 2181 4756 tui.
2224 4719 2242 4752 ι

1931 4793 2061 4848 Luc.
2089 4809 2164 4857 νι,
2201 4791 2293 4850 37.
2320 4774 2446 4844 -ἰ
2473 4790 2656 4848 Nolite
2686 4790 2959 4861 judicare,
2999 4801 3056 4848 et
3090 4807 3197 4846 non
3231 4789 3441 4846 iudica-

1857 4884 2077 4942 bimini.
2111 4903 2129 4936 ι

1925 4975 2058 5032 Luc.
2093 4991 2174 5040 xi,
2196 4975 2288 5032 35.
2319 5005 2383 5017 συ-
2412 4992 2431 5028 ι
2466 4970 2626 5040 Vide,
2659 4987 2730 5031 ne
2763 4972 2946 5030 lumen
2987 4975 3132 5045 quod
3163 4975 3219 5030 in
3244 4981 3298 5031 te
3327 4984 3433 5036 est.

1855 5070 2093 5127 tenebrae
2121 5067 2256 5126 sint.
2299 5086 2320 5122 ι

1926 5159 2078 5217 Rom.
2113 5176 2226 5228 xw,
2255 5158 2488 5218 4·Ιθ.-
2521 5178 2540 5213 ι
2570 5158 2649 5215 Tu
2675 5158 2801 5232 quis
2821 5174 2904 5226 es,
2929 5160 3022 5233 qui
3065 5159 3281 5230 iudicas
3304 5159 3435 5214 alic-

173 5241 342 5313 κυρίῳ
375 5245 582 5315 στήκει,
614 5243 650 5318 ἢ
679 5245 892 5302 πίπτει.
938 5248 1277 5320 Σταθήσεται
1306 5249 1397 5305 δέ’
1436 5251 1664 5318 δυνατὸς
1691 5254 1750 5308 δὲ

1912 5269 1983 5309 tm
2030 5254 2303 5312 servum!
2347 5252 2584 5310 Domino
2616 5269 2720 5311 suo
2763 5261 2874 5312 stat
2910 5260 3007 5314 aut
3039 5253 3210 5310 cadit.
3253 5251 3434 5309 Stabit

166 5334 194 5384 ὀ
231 5337 364 5402 Θεὸς
422 5340 620 5396 στῆσαι
683 5343 848 5397 αὐτόν
873 5387 886 5400 .
946 5344 1019 5397 Σὺ
1043 5344 1101 5398 δὲ
1145 5345 1200 5400 τί
1227 5347 1438 5418 κρίνεις
1468 5349 1560 5403 τὸν
1589 5351 1747 5406 ἀδελ-

1848 5351 2056 5400 autem.
2091 5341 2296 5400 Potens
2344 5354 2432 5399 est
2474 5344 2623 5400 enim
2666 5344 2808 5405 Deus
2840 5354 3090 5402 statuere
3129 5346 3305 5401 illum.
3347 5343 3430 5399 Tn

169 5429 263 5495 φόν
307 5447 437 5500 σου;
485 5433 694 5503 Πάντες
747 5440 1214 5513 παραστησόμεθα
1265 5442 1344 5514 τῷ
1397 5443 1600 5515 βήματι
1649 5445 1746 5500 τοῦ

1912 5446 2029 5493 Item
2057 5435 2427 5508 quidjudtcas
2458 5435 2687 5494 fratrem
2727 5441 2928 5495 tuum?
2964 5439 3171 5498 Omnes
3220 5441 3431 5498 astabi-

168 5519 424 5591 Χριστοῦ.
460 5544 480 5578 ι

239 5631 258 5664 ι
297 5612 526 5674 Σεαυτδν
549 5620 712 5690 ἁγνὸν
732 5625 906 5693 τήρει.
942 5643 959 5676 ι

237 5805 262 5845 ι
299 5790 358 5850 ὀ
371 5794 688 5855 καταλαλῶν
705 5798 800 5854 τοῦ
817 5799 1047 5869 ἀδελφοῦ
1074 5800 1306 5872 abeam
1328 5802 1548 5874 κρίνων,
1567 5823 1730 5864 κατα-

1844 5546 1971 5587 mus
2001 5539 2130 5588 ante
2165 5531 2412 5588 tribunal
2437 5532 2670 5588 Christi.
2710 5552 2730 5585 ι

1908 5622 2076 5698 ωο
2126 5622 2155 5680 1
2190 5624 2330 5682 Tim.
2371 5641 2428 5695 ν,
2471 5625 2565 5683 22.
2615 5659 2678 5672 —-
2721 5645 2740 5681 ι
2778 5625 3036 5702 Teipsum
3083 5637 3295 5687 castum
3329 5646 3426 5684 cu-

1842 5717 2010 5774 stodi.
2046 5737 2067 5772 ι

1916 5809 2039 5869 lae.
2077 5827 2150 5882 tv,
2196 5811 2282 5870 tl.
2332 5845 2400 5858 --
2435 5833 2454 5868 ι
2497 5815 2602 5885 Qui
2653 5815 2901 5878 detrahit
2960 5813 3145 5889 fratri,
3191 5825 3286 5875 aut
3332 5815 3424 5891 Iu-
