3948 6250
262 295 399 365 ’Ῑθθι

1466 344 1471 349 -
1544 298 1801 360 SACRA-
1822 287 2313 359 PARA‘LLELA.

3400 276 3543 344 ιιοε

254 412 469 485 τροφὰς
495 410 591 464 καὶ
625 409 1013 480 σκεπάσματα,
1040 410 1185 483 ψυχῇ
1227 412 1285 466 δὲ
1332 412 1510 482 δόγμα
1536 411 1845 479 εὐσεᾶείας,

1960 410 2217 467 Animum
2241 423 2401 477 cura,
2448 408 2542 481 qui
2587 402 2920 463 immortalis
2950 410 3059 457 est.
3093 398 3324 455 Summo
3352 390 3538 462 studio

275 502 488 575 ἀγωγὴν
517 500 765 569 ἀστείαν,
794 502 999 574 ἀρετῆς
1016 502 1274 574 ἄσκησιν,
1311 502 1501 559 παθῶν
1533 502 1850 574 ἐπανόρθωο

278 595 488 668 σινομὴ
522 595 905 669 ὑπερπιαίνειν
925 594 1189 668 τδσῶμα,
1222 596 1361 668 μηδὲ
1380 596 1515 669 περὶ
1545 595 1639 649 τὸν
1693 594 1850 667 δχλον

277 690 378 743 τῶν
407 688 627 765 σαρκῶν
647 689 1063 745 ἐσπουδακέναι.
1120 691 1340 763 Ἐπειδὴ
1376 692 1489 763 γὰρ
1530 692 1789 765 ἐπιθυμεῖ
1815 693 1850 765 ή

279 780 409 853 σὰρξ
432 781 578 837 κατά
626 780 723 837 τοῦ
764 783 1100 856 πνεύματος,
1136 785 1197 839 τὺ
1225 785 1283 843 δὲ
1328 786 1548 859 πνεῦμα
1571 788 1715 843 κατά
1750 786 1854 858 τῆς

276 876 489 957 σαρκὸς,
511 874 687 933 ταῦτα
712 876 771 933 δὲ
797 876 1050 951 ἀλλήλοις
1107 879 1461 946 ἀντίκεινται,
1491 881 1596 955 ὅρα
1635 882 1850 953 μήποτε

275 967 696 1043 προθέμενοςτῇ
746 969 934 1041 σαρκὶ,
989 970 1191 1043 πολλὴν
1238 973 1534 1048 παράσχῃς
1554 974 1650 1048 τὴν
1683 975 1848 1031 δυνασ

264 1058 453 1130 ,στείαν
478 1058 563 1132 τῷ
590 1060 820 1134 χείρονι.
851 1062 1065 1137 Ὥσπερ
1107 1064 1216 1135 γὰρ
1247 1066 1305 1120 ὲν
1348 1070 1470 1131 ταῖς
1512 1069 1712 1136 ῥοπαῖς
1736 1068 1851 1124 τῶν

274 1150 471 1220 ζυγῶν,
492 1153 595 1212 ιάνδ
617 1152 750 1224 μίαν
777 1152 1165 1230 καταϐαρύνῃς
1204 1156 1549 1231 πλάστιγγα,
1588 1160 1850 1233 κουφοτέο

275 1261 373 1315 ραν
402 1245 619 1311 πάντως
652 1245 753 1320 τὴν
812 1248 1206 1322 ἀντικειμένην
1251 1249 1519 1323 ποιήσεις,
1551 1254 1727 1320 οὕτως
1755 1257 1852 1314 καὶ

274 1336 362 1395 ἐπὶ
384 1335 638 1413 σώματος
697 1340 795 1399 καὶ
845 1343 1047 1416 ψυχῆς,
1092 1345 1122 1399 ό
1163 1343 1258 1399 τοῦ
1286 1346 1474 1416 ἑτέρου
1505 1348 1850 1420 πλεονασμὸς

273 1429 578 1501 ἀναγκαίαν
597 1436 837 1508 ποιεῖται
859 1435 959 1507 τὴν
996 1435 1300 1495 ἐλάττωσιν
1338 1439 1434 1493 τοῦ
1460 1440 1671 1512 ἑτέρου.

1946 518 2189 576 agnosce
2222 503 2479 575 ‘teipsum
2501 520 2531 570 ;ν
2561 508 2621 557 ιιι
2655 498 2881 570 utrique
2908 493 3053 567 parti
3080 490 3228 564 quod
3253 488 3537 558 congruit,

1946 598 2198 654 tribuere
2221 597 2371 653 scias
2407 612 2422 650 :
2460 605 2591 668 puta
2619 591 2843 662 corpori
2876 590 3081 645 victum
3105 592 3161 645 et
3189 580 3561 638 indumenta,“

1948 692 2150 749 anima
2186 699 2373 746 autem
2416 688 2508 761 pia
2558 686 2845 757 dogmata,
2880 679 3115 752 probam
3141 683 3196 732 et
3248 674 3538 729 honestam

1952 784 2380 848 institutionem,
2413 777 2944 844 virtutisstudium,
2969 770 3377 832 correctionem
3410 762 3543 818 alit--

1947 878 2166 938 ctuum.
2225 876 2308 936 Ne
2349 876 2511 950 ἀοι
2561 888 2767 945 corpus
2817 871 2967 927 ultra
3021 855 3268 923 modum.
3308 859 3539 916 obesum
3610 940 3613 943 γ

1953 973 2179 1039 reddas,
2213 985 2315 1028 nec
2352 969 2621 1026 carnibus
2660 964 2931 1038 augendis
2962 958 3213 1019 studeas.
3244 953 3381 1011 Nam
3410 952 3541 1023 quia

1953 1080 2162 1137 corpus
2194 1061 2551 1135 concupiscit
2583 1057 2855 1115 adversus
2898 1051 3180 1125 spiritum,
3212 1054 3269 1104 et
3308 1042 3543 1137 spiritus
3569 1078 3572 1079 ν

1952 1134 2219 1215 adversus
2252 1168 2520 1220 carnem,
2550 1156 2744 1223 utpote
2774 1161 2902 1219 quae
2934 1142 3044 1201 sibi
3076 1140 3314 1199 invicem
3343 1134 3544 1190 adver-
3596 1175 3601 1178 έ

1953 1262 2172 1320 santur,
2199 1250 2513 1307 cavendum
2565 1245 2666 1302 tibi
2703 1250 2813 1309 est,
2850 1255 2942 1304 ne,
2974 1234 3133 1293 carni
3161 1230 3417 1296 favendo,
3457 1229 3545 1281 in-

1956 1359 2171 1421 gentem
2207 1342 2474 1407 deteriori
2508 1337 2656 1413 parti
2711 1336 2883 1393 robur
2911 1332 3130 1388 aderas.
3172 1323 3540 1394 Quemadmo-

1957 1436 2088 1497 dum
2109 1441 2255 1497 euim
2309 1437 2367 1493 in
2411 1434 2644 1490 trutinae
2688 1425 3009 1494 momentis,
3047 1424 3095 1480 si
3128 1421 3342 1476 lancem
3376 1428 3543 1471 unam

272 1520 628 1593 deDresseris,
662 1536 881 1584 nonest
910 1528 1140 1586 dubium
1196 1532 1331 1603 quin
1372 1531 1586 1591 lancem
1653 1535 1943 1594 adversam
1976 1534 2238 1591 leviorem
2262 1530 2497 1595 reddas;
2570 1526 2763 1583 eodem
2814 1522 2977 1593 plane
3055 1515 3221 1572 modo
3288 1513 3345 1567 in
3419 1521 3581 1564 €01".

272 1632 399 1688 pore
424 1624 480 1674 et
514 1621 720 1691 animo,
758 1626 925 1683 unius
972 1626 1342 1685 redundantia
1388 1636 1492 1688 hoc
1536 1633 1855 1689 necessario
1894 1638 2145 1702 praestat,
2174 1629 2252 1685 uti
2284 1627 2575 1683 decrescat
2595 1621 2857 1677 alterum.

341 1709 584 1786 Πρόσεχε
617 1712 713 1773 οὖν
748 1720 981 1794 σεαυτῷ.
1028 1722 1299 1790 Ἕκαστος
1362 1724 1473 1799 γὰρ
1531 1728 1693 1800 ἡμῶν
1735 1729 1848 1784 τῶν

2022 1725 2166 1781 Ibid.
2196 1724 2425 1790 --Qua:
2481 1734 2609 1777 cum
2664 1716 2739 1772 ita
2788 1712 2909 1770 sint
2937 1748 2954 1774 ,
3006 1705 3224 1764 attende
3269 1702 3368 1759 tibi
3412 1700 3544 1771 ipsi.

274 1807 734 1883 μαθητευομένων
757 1814 836 1886 τῷ
864 1814 1010 1889 λόγῳ
1059 1819 1194 1890 μιᾶς
1251 1822 1397 1886 τινός
1428 1822 1545 1877 ἐστι
1591 1821 1849 1895 πράξεως

272 1901 554 1975 ὑπηρέτης
582 1904 691 1959 τῶν
739 1906 882 1962 κατά
926 1909 988 1964 τὸ
1032 1910 1365 1984 Εὐαγγέλιον
1408 1914 1851 1988 διατεταγμένων

272 1995 420 2065 ἡμῐν.
438 1995 529 2050 Ἐν
552 1998 663 2071 γὰρ
690 2002 758 2074 τῇ
784 2002 996 2076 μεγάλῃ
1018 2003 1170 2077 οίκίᾳ
1220 2010 1290 2080 τῇ
1330 2008 1629 2083 Ἐκκλησία
1652 2009 1849 2086 ταύτῃ,

270 2086 329 2139 οὐ
353 2087 522 2157 μόνον
548 2090 669 2145 ἐστὶ
696 2093 869 2165 σκεύη
892 2095 1217 2153 παντοδαπά
1244 2102 1446 2171 χρυσᾶ,
1480 2102 1577 2155 καὶ
1608 2102 1852 2176 ἀργυρᾶ,

272 2178 362 2231 καὶ
404 2177 617 2250 ξύλινα,
650 2186 749 2240 καὶ
796 2186 1120 2259 ὀστράκινα,
1155 2190 1295 2247 ἀλλά
1349 2195 1446 2247 καὶ
1496 2190 1682 2265 τέχναι
1718 2212 1877 2263 παν-Δ

271 2271 430 2326 τοῖαι.
463 2272 617 2343 Ἔχει
652 2275 762 2350 γὰρ
808 2278 837 2330 ό
883 2271 1032 2343 οἶκος
1066 2278 1161 2333 τοῦ
1199 2280 1359 2348 Θεοῦ,
1386 2282 1509 2354 ἥτις
1536 2285 1687 2339 ἐστὶν
1733 2285 1856 2339 Ἐκ-

271 2361 469 2446 κλησία
514 2365 652 2421 Θεοῦ
700 2367 926 2437 ζῶντος,
978 2370 1272 2444 θηρευτὰς,
1327 2374 1666 2449 ὁδοιπόρους.
1697 2377 1856 2449 ἀΡλβ⁶

270 2454 551 2525 τέκτονας,
603 2459 947 2534 οἰκοδόμους,
990 2468 1292 2538 γεωργοὺς,
1343 2466 1630 2539 ποιμένας,
1684 2468 1853 2540 ἀθλη-

272 2548 397 2622 ring,-
421 2551 769 2623 στρατιώτας
788 2571 803 2584 ·
834 2558 972 2619 πᾶσι
1008 2558 1223 2625 τούτοις
1253 2561 1563 2633 ἐφαρμόζει
1590 2562 1653 2616 τὺ
1679 2561 1857 2635 βραχὺ

271 2641 427 2696 τοῦτο
484 2646 662 2717 ῥῆμα,
700 2647 921 2721 ἑκάστῳ
973 2650 1070 2705 τοῦ
1129 2652 1296 2725 ἔργου
1342 2652 1584 2727 σπουδὴν
1620 2654 1717 2709 καὶ
1760 2658 1861 2725 τῆς

271 2740 651 2811 προαιρέσεως
694 2742 981 2814 ιμποιοῦν.
1036 2745 1321 2819 Θηρευτὴς
1382 2745 1455 2816 εἴ,
1505 2748 1860 2820 ἀπεσταλμέ-

271 2847 357 2894 νος
380 2831 538 2904 παρά
563 2833 657 2889 τοῦ
683 2835 886 2909 Κυρίου
912 2838 1188 2905 εἰπόντος’
1212 2860 1230 2893 t
1254 2842 1388 2899 Ἰδοὺ
1409 2840 1522 2913 ἐγὼ
1543 2842 1862 2903 ἀποστέλλω

271 2922 572 2998 θηρευτὰς,
613 2929 709 2983 καὶ
747 2928 1108 3003 θηρεύσουσιν
1163 2934 1363 2999 αὐτοὺς
1408 2936 1598 2991 ὲπάνω
1660 2935 1863 3004 παντὸς

268 3016 463 3088 ὅρους.
490 3038 509 3072 ι
543 3021 785 3093 Πρόσεχε
825 3025 1123 3095 ἐπιμελῶς,
1161 3030 1235 3099 μή
1272 3028 1376 3084 πού
1414 3046 1496 3084 σοι
1533 3030 1777 3107 διαφύγῃ
1801 3032 1864 3087 τὸ

1957 1821 2356 1892 Unusquisque
2394 1814 2602 1873 etenim
2633 1820 2916 1873 nostrum,
2944 1818 3087 1877 quos
3117 1814 3300 1859 sermo
3319 1798 3546 1892 divinus

1953 1885 2147 1983 docet,
2170 1885 2341 1972 certat
2372 1907 2665 1982 cujusdam
2704 1901 2967 1970 actionis,
2989 1912 3154 1971 quam
3178 1894 3341 1952 nobis
3369 1885 3549 1947 Evan-

1947 2011 2153 2082 gelium
2177 2003 2520 2081 praeceperit,
2542 1998 2795 2056 minister
2823 2003 2930 2053 est.
2958 1988 3246 2065 Siquidem
3267 1988 3325 2043 in
3346 1988 3557 2057 magna"

1954 2081 2142 2169 domo,
2173 2101 2277 2158 hoc
2295 2104 2384 2156 est
2411 2096 2465 2152 in
2492 2095 2598 2151 bac
2627 2088 2893 2156 Ecclesia,
2909 2101 3016 2144 non
3046 2084 3225 2142 solum
3250 2081 3430 2136 omnis
3458 2094 3553 2150 ge-

1944 2198 2110 2254 neris
2150 2208 2279 2252 vasa
2312 2198 2466 2255 sunt,
2503 2202 2696 2254 aurea,
2716 2192 2996 2258 argentea,
3028 2181 3232 2252 lignea,
3254 2184 3545 2238 .tesmcea;

1957 2289 2053 2347 sed
2092 2289 2257 2345 etiam
2296 2283 2547 2357 cujusvis
2574 2279 2797 2353 generis
2825 2285 2996 2333 artes.
3048 2271 3228 2328 liabet
3264 2268 3412 2327 enim
3447 2266 3549 2320 dn-

1958 2398 2084 2440 mus
2118 2380 2236 2449 Dei,
2294 2380 2399 2435 hoc
2431 2384 2517 2435 est
2542 2364 2789 2433 Ecclesia
2818 2370 2914 2427 Dei
2939 2362 3202 2435 viventis,
3224 2371 3547 2422 venatores.

1940 2477 2226 2541 viatores,
2274 2472 2634 2533 architectos,
2699 2465 3093 2529 adiﬁcatores,
3129 2457 3430 2533 agricolas,
3455 2469 3552 2527 pa-

1960 2576 2162 2634 stores,
2206 2558 2440 2639 pugiles,
2474 2564 2701 2620 milites.
2738 2559 3015 2617 Omnibus
3044 2556 3131 2613 his
3164 2552 3405 2627 quadrat
3444 2550 3551 2605 hoc

1961 2662 2144 2720 breve
2178 2660 2431 2724 verbum,
2475 2654 2623 2730 quod
2657 2653 2986 2723 unicuique,
3034 2644 3166 2706 cum
3196 2645 3414 2719 agendi,
3435 2652 3550 2699 tum

1961 2754 2180 2813 volendi
2228 2753 2474 2812 studium
2512 2750 2716 2823 injicit.
2740 2745 3008 2804 ‘Venator
3046 2759 3107 2801 es
3132 2742 3341 2799 missus
3373 2754 3403 2794 a
3444 2736 3553 2793 Do-

1959 2849 2141 2913 mino,
2211 2846 2308 2919 qui
2369 2844 2450 2901 ait
2488 2860 2501 2897 :
2550 2861 2569 2897 ι
2612 2841 2757 2898 Ecce
2802 2852 2906 2911 ego
2952 2837 3117 2894 mitto
3147 2841 3459 2898 venatores,
3497 2837 3553 2884 ct

1964 2932 2314 2999 venabantur
2334 2954 2430 2996 eos
2460 2950 2628 3010 super
2650 2948 2868 2993 omnem
2917 2938 3160 2988 montem
3183 2925 3416 2996 (larem.
3436 2939 3550 2988 ιυι,

1967 3029 2097 3100 16).
2138 3048 2157 3082 ι
2203 3026 2409 3085 Sedulo
2449 3025 2696 3091 attende,
2746 3039 2816 3080 ne
2860 3022 2965 3079 tibi
3017 3018 3204 3094 praeda
3257 3016 3551 3083 elahatur;
3626 3051 3628 3055 -

270 3111 523 3184 θήραμα,
566 3115 654 3170 ἵνα
687 3115 1089 3192 συλλαόόμενος
1140 3121 1219 3195 τῷ
1271 3122 1417 3196 λόγῳ
1455 3126 1557 3197 τῆς
1600 3124 1860 3199 ἀληθείας

1968 3133 2025 3181 ut
2065 3140 2165 3181 eos
2222 3138 2368 3195 quos
2425 3122 2622 3179 vitium
2656 3108 2933 3197 belluinbs
2991 3113 3256 3180 reddidit,
3293 3107 3552 3167 veritatis

269 3206 395 3270 τοὺς
424 3207 533 3261 ὑπὸ
556 3208 655 3280 τῆς
683 3211 882 3277 κακίας
921 3214 1295 3286 ἀγριωθέντας
1322 3216 1734 3293 προῄαγμγῃς
1785 3220 1863 3292 τῷ

208 3318 209 3321 η
270 3294 523 3363 σώζοντι.
542 3297 855 3373 Ὀδοιπόρος
872 3297 941 3366 εἴ,
959 3303 1147 3374 ὅμοιος
1168 3306 1246 3376 τῷ
1265 3308 1546 3380 εὐχομένῳ
1566 3325 1583 3342 ⁸
1611 3328 1632 3362 ι
1665 3311 1863 3367 Τάδια-

270 3390 497 3461 ϐήματα
551 3410 656 3465 μου
704 3395 1057 3455 κατεύθυνον.
1086 3417 1106 3451 ι
1151 3400 1391 3474 Πρόσεχε
1421 3402 1478 3457 δὲ
1508 3405 1738 3471 σεαυτῷ,
1786 3405 1863 3479 μὴ

270 3484 651 3561 παρατραπῇς
666 3489 765 3560 τῆς
780 3488 924 3557 όδοῦ,
950 3492 1026 3563 μὴ
1057 3492 1484 3570 έκκλίνῃςδεξιᾷ
1504 3498 1537 3571 ἢ
1560 3499 1827 3572 ἀριστερᾷ
1845 3516 1859 3530 °

267 3577 370 3648 ὀδῷ
401 3578 664 3653 βασιλικῇ
700 3582 960 3654 πορεύου.
1010 3582 1068 3638 Ὀ
1091 3586 1453 3657 ἀρχιτέκτων,
1488 3589 1747 3661 ἀσφαλῶς
1772 3591 1863 3646 τὸν

270 3669 527 3742 θεμέλιον
550 3675 978 3733 καταϐαλλέσθω
1000 3680 1100 3750 τῆς
1125 3680 1381 3748 πίστεως,
1406 3683 1464 3748 ὃς
1490 3683 1607 3739 ἐστι
1628 3686 1865 3759 Χριστὸς

284 3765 496 3834 Ἰησοῦς
514 3803 531 3820 .
559 3766 618 3821 '0
635 3768 939 3841 οἰκοδόμος,
961 3771 1210 3843 βλεπέτω
1238 3772 1356 3839 πῶς
1384 3777 1750 3849 ἐποικοδομεῖ,
1786 3779 1862 3851 μὴ

272 3855 425 3924 ξύλα,
464 3856 545 3930 μὴ
574 3860 789 3930 χόρτον,
823 3858 900 3931 μὴ
934 3861 1212 3934 καλάμην,
1239 3863 1376 3919 ἀλλά
1414 3866 1660 3937 χρυσίον,
1690 3868 1865 3940 ἀργύ-

273 3967 410 4024 ριον,
452 3951 641 4018 λίθους
674 3953 912 4027 τιμίους.
954 3954 1015 4011 '0
1045 3959 1271 4033 ποιμὴν,
1305 3959 1541 4033 πρόσεχε
1570 3962 1646 4035 μή
1679 3962 1765 4027 τίς
1804 3981 1865 4018 σε

271 4044 528 4119 παρέλθῃ
566 4044 677 4101 τῶν
706 4047 1130 4111 ξὲπιᾶαλλόντων
1176 4054 1242 4123 τῇ
1289 4056 1643 4126 ποιμαντικῇ.
1676 4055 1865 4111 Ταῦτα

272 4136 330 4192 δέ
360 4140 480 4194 ἐστι
513 4142 685 4210 uola;
726 4141 787 4196 τὺ
823 4143 1247 4215 πεπλανημένον
1281 4146 1611 4216 ὲπίστρεφε’
1648 4149 1709 4204 τὸ
1735 4168 1866 4206 συν-

271 4233 645 4307 τετριμμένον
664 4235 922 4308 ὲπίδησον
942 4251 957 4264 ·
981 4237 1043 4292 τὸ
1076 4238 1268 4293 νοσοῦν
1297 4238 1469 4297 ῐασαι.
1508 4242 1567 4296 ⁸0
1596 4244 1863 4316 γεωργὸς,
1892 4231 1897 4239 ’

275 4328 626 4399 περίσκαπτε
672 4329 770 4402 τὴν
812 4330 1066 4400 ἄκαρπον
1120 4334 1331 4405 συκῆν,-
1362 4334 1458 4389 καὶ
1506 4336 1765 4392 ἐπίϐαλλε
1795 4337 1865 4394 τά

275 4420 415 4493 πρὸς
469 4421 730 4495 βοήθειαν
778 4426 877 4497 τῆς
922 4428 1313 4497 καρπογονίας.
1377 4427 1436 4483 '0
1496 4430 1866 4503 στρατιώτης,

1963 3219 2131 3277 verbo
2164 3226 2453 3289 correptos
2485 3215 2551 3271 ad
2587 3215 2927 3271 Salvatorem
2947 3210 3219 3268 adducas.
3247 3204 3443 3262 Viator
3464 3219 3553 3270 es,

1963 3311 2163 3370 similis
2188 3311 2235 3367 ei
2278 3311 2373 3383 qui
2415 3310 2491 3365 ita
2514 3308 2846 3382 precabatur
2879 3323 2894 3361 :
2936 3324 2954 3359 ι
2983 3302 3224 3361 Gressus
3286 3303 3442 3356 meos
3464 3296 3552 3353 di-

1910 3468 1913 3469 .
1962 3407 2079 3477 rige
2118 3404 2311 3479 (Psal.
2373 3418 2567 3468 cxvttt,
2629 3400 2847 3463 135).:
2886 3396 3130 3455 Attende
3179 3393 3282 3450 tibi
3310 3394 3443 3465 ipsi,
3480 3406 3553 3448 ne

1962 3500 2226 3559 deﬂectas
2255 3515 2286 3557 a
2310 3500 2425 3565 via,
2450 3511 2590 3554 neve
2624 3495 2692 3553 ad
2723 3494 2978 3553 dextram
3024 3490 3110 3549 vel
3132 3480 3420 3548 sinistram
3455 3485 3553 3543 dc-

1962 3596 2160 3662 clines,
2201 3593 2300 3651 sed
2331 3592 2472 3650 calle
2519 3590 2671 3664 regio
2698 3604 2918 3662 pergas.
2946 3586 3051 3655 Qui
3083 3572 3418 3641 architectus
3444 3588 3551 3647 est,

1961 3695 2174 3746 certum
2205 3684 2329 3743 ﬁdei
2356 3681 2777 3741 fundamentum
2816 3680 3010 3754 jaciat,
3038 3678 3135 3753 qui
3164 3674 3257 3745 est
3293 3676 3553 3733 Christus

1961 3779 2153 3841 Iesus.
2194 3778 2299 3849 Qui
2323 3777 2633 3836 aediﬁcator
2662 3784 2771 3845 est,
2806 3774 2990 3833 videat
3025 3786 3136 3847 quo
3174 3779 3336 3845 pacto
3358 3784 3554 3841 super-

1962 3881 2167 3940 struat,
2210 3888 2319 3930 non
2382 3862 2553 3945 ligna,
2614 3886 2727 3928 non
2774 3869 2961 3927 fenum
3004 3876 3103 3925 aut
3144 3865 3427 3938 stipulam,
3457 3862 3553 3920 sed

1939 3982 2185 4032 aurum,
2207 3975 2519 4039 argentum,
2553 3964 2768 4037 lapides
2792 3958 3214 4037 pretiosos.Qui
3240 3965 3432 4031 pastor
3466 3971 3549 4021 es,

1964 4060 2032 4117 da
2096 4074 2345 4131 operam,
2401 4074 2471 4116 ne
2525 4058 2655 4131 quid
2685 4071 2879 4114 eorum
2913 4066 2965 4112 te
2986 4060 3302 4128 praetereat,
3331 4066 3452 4123 quae
3482 4048 3548 4104 ad

1964 4149 2208 4223 pastoris
2233 4164 2438 4206 munus
2469 4147 2728 4205 attinent.
2753 4146 3014 4215 Quaenam
3046 4152 3228 4200 autem
3251 4144 3357 4198 ista
3386 4140 3556 4198 sunt?

1964 4242 2114 4314 quod
2170 4243 2418 4307 oberrat,
2479 4241 2534 4299 in
2569 4242 2712 4301 viam
2753 4240 2926 4299 reduc
2961 4254 2975 4293 :
3006 4236 3155 4309 quod
3198 4236 3551 4294 confractum

1965 4346 2073 4403 est,
2124 4337 2286 4409 alliga
2321 4353 2341 4393 :
2373 4334 2522 4408 quod
2556 4349 2765 4407 agrum
2825 4332 2932 4400 e‘st,
2978 4346 3140 4387 cura.
3173 4328 3277 4397 Qui
3309 4328 3553 4399 agricola

1966 4444 2051 4495 es,
2076 4428 2168 4485 fac
2199 4428 2444 4486 sterilem
2473 4427 2638 4485 ticum
2663 4424 3086 4486 circumfodias,
3121 4432 3177 4480 et
3211 4437 3274 4479 ea
3326 4437 3451 4494 quae
3480 4426 3549 4477 ad

278 4513 781 4588 πγκακοπάθησον
837 4513 915 4587 τῷ
974 4516 1316 4592 Εὐαγγελίῳ,
1387 4521 1701 4593 στρατεύων
1761 4521 1860 4595 τὴν

1968 4522 2359 4581 fecunditatem
2390 4521 2727 4585 conducunt,
2752 4516 3112 4590 injicias.Qui
3144 4516 3304 4574 miles
3331 4530 3393 4572 es
3413 4516 3553 4585 ,col-

274 4605 450 4679 καλὴν
501 4605 797 4678 στρατείαν
845 4607 989 4663 κατά
1032 4608 1142 4665 τῶν
1180 4611 1512 4683 πνευμάτων
1562 4614 1661 4685 τῆς
1692 4631 1864 4687 πονη-

278 4700 423 4769 ρίας,
459 4699 606 4755 κατὰ
628 4701 745 4757 τῶν
770 4703 960 4759 παθῶν
986 4704 1089 4775 τῆς
1119 4707 1325 4779 σαρκός
1344 4724 1357 4741 ο
1405 4708 1645 4763 ἀνάλαὸε
1680 4711 1865 4766 πᾶσαν

274 4790 373 4860 τὴν
411 4793 722 4848 πανοπλίαν
766 4793 861 4850 τοῦ
909 4794 1246 4869 Πνεύματος.
1293 4800 1385 4871 Μὴ
1421 4800 1700 4872 ὲμπλέκου
1744 4805 1867 4867 ταῖς

276 4880 1033 4965 τοῦκβίουβπραγματείαις,
1086 4889 1172 4949 ἵνα
1234 4894 1313 4967 τῷ
1370 4896 1896 4969 στρατολογήσαντιΔ

275 4980 504 5063 ἀρέσῃς.
544 4982 601 5055 Ὀ
630 4981 892 5056 ἀθλητὴς,
946 4986 1186 5059 πρόσεχε
1217 4988 1447 5059 σεαυτῷ,
1501 4990 1699 5061 μήπως
1746 4991 1867 5046 τινὰ

276 5072 537 5146 παραόῇς
588 5074 698 5130 τῶν
745 5074 1056 5149 ἀθλητικῶν
1085 5079 1263 5151 νόμων
1289 5097 1302 5111 ’
1334 5081 1506 5146 οὐδεὶς
1537 5083 1646 5155 γὰρ
1678 5100 1868 5153 στεφα-

277 5165 490 5237 νοῦται,
527 5165 625 5224 ἐὰν
654 5166 729 5241 μὴ
758 5165 1008 5242 νομίμως
1032 5170 1265 5247 ἀθλήσῃ.
1293 5173 1481 5245 Μιμοῢ
1508 5175 1599 5231 τὸν
1631 5175 1867 5242 Παῦλον,

278 5259 375 5311 καὶ
404 5259 694 5345 τρέχοντα,
736 5263 832 5317 καὶ
864 5263 1189 5331 παλαίοντα,
1225 5266 1323 5323 καὶ
1361 5270 1737 5326 πυκτεύοντα⁹
1772 5274 1868 5328 καὶ

276 5354 445 5420 αὐτὸς
482 5354 559 5410 ὡς
604 5356 811 5428 ἀγαθὸς
846 5356 1061 5431 πύκτης
1102 5352 1510 5435 ἀμετεώριστον
1548 5365 1638 5437 ἔχε
1675 5366 1738 5422 τὸ
1767 5372 1868 5440 τῆς

276 5446 459 5523 ψυχῆς
490 5447 734 5523 βλέμμα.
770 5452 949 5507 Σκέπε
986 5453 1056 5509 τὰ
1094 5456 1286 5527 καίρια
1338 5459 1404 5529 τῇ
1468 5460 1711 5533 προϐολῇ
1757 5463 1867 5517 τῶν

277 5536 483 5609 χειρῶν
558 5539 747 5606 ἀτενὲς
775 5542 837 5596 τὸ
876 5542 1031 5615 δμμα
1070 5545 1209 5619 πρὸς
1236 5546 1327 5600 τὸν
1352 5548 1652 5604 ἀντίπαλον
1702 5551 1863 5607 εστω-

279 5625 508 5699 δρόμοις
538 5634 653 5697 τοϊς
704 5634 766 5689 ἐν
816 5637 928 5699 τοῖς
969 5624 1282 5708 ἔμπροσθεν
1330 5642 1685 5707 ἐπεκτείνων,
1721 5644 1867 5699 οὕτω

281 5719 466 5793 τρέχε,
499 5722 583 5778 ἵνα
648 5726 985 5802 καταλάϐῃς.
1025 5731 1113 5785 Ἐν
1162 5735 1229 5804 τῇ
1262 5733 1407 5809 πάλῃ
1451 5737 1571 5801 τοῖς
1596 5737 1866 5806 ’ἀοράτοις

284 5811 675 5888 ἀνταγωνίξου.
718 5819 972 5879 Τοιοῦτόν
1021 5840 1081 5880 σε
1128 5824 1215 5907 διὰ
1250 5826 1367 5899 βίου
1404 5828 1433 5884 ό
1484 5827 1642 5894 λόγος
1682 5827 1837 5901 βω)λέ

1967 4615 2153 4673 labora
2188 4614 2531 4687 Evangelio:
2565 4615 2774 4672 bonum
2814 4618 3098 4670 certamen
3131 4610 3404 4668 adversus
3433 4625 3551 4664 ma-

1967 4708 2146 4782 lignos
2208 4708 2439 4782 spiritus
2499 4707 2685 4775 certa;
2742 4706 3014 4763 adversus
3067 4702 3298 4762 allectus
3364 4704 3550 4761 carnis

1966 4810 2308 4856 armaturam
2340 4799 2584 4872 Spiritus
2624 4811 2869 4854 assume.
2902 4794 3082 4868 Hujus
3122 4796 3252 4852 vita:
3278 4794 3551 4853 molestiis

1968 4908 2038 4948 ne
2095 4892 2417 4962 impliceris,
2455 4901 2513 4947 ιιι
2579 4889 2898 4964 imperatori
2936 4888 3033 4963 qui
3082 4889 3391 4947 exercitum
3416 4906 3551 4946 cou-

1968 4986 2215 5057 scripsit,
2242 4986 2484 5057 placeas.
2524 4984 2748 5041 Athleta
2784 4992 2839 5041 et
2870 4982 3023 5057 pugil
3055 4982 3155 5040 es?
3186 4982 3411 5040 attende
3450 4984 3549 5040 tihi

1969 5077 2099 5151 ipsi,
2123 5096 2193 5136 ne
2214 5080 2520 5152 quidquam
2562 5095 2625 5137 ex
2655 5079 2927 5152 palaestra:
2991 5077 3202 5152 legibus
3232 5089 3548 5150 praetereas.

1968 5172 2143 5235 Nemo
2202 5174 2482 5247 siquidem
2523 5184 2852 5240 coronatur,
2896 5172 3006 5230 nisi
3029 5172 3277 5245 legitima
3303 5178 3552 5230 certave-

1970 5269 2041 5324 rit
2058 5267 2143 5341 (H
2164 5268 2303 5325 Tim.
2333 5286 2392 5335 ιι,
2413 5268 2505 5340 5‘).
2529 5266 2756 5324 Paulum
2808 5268 3051 5336 imitare,
3078 5274 3191 5322 tum
3209 5274 3551 5329 currentem,

1971 5372 2081 5417 tum
2122 5362 2443 5429 luctantem,
2466 5346 2578 5418 tum
2600 5367 2931 5434 pugnantem
2958 5379 2973 5418 :
3000 5368 3166 5432 tuque
3189 5359 3314 5417 boni
3351 5361 3547 5436 pugilis

1971 5456 2150 5512 instar
2177 5471 2397 5523 caveas,
2418 5468 2486 5513 ne
2500 5445 2676 5511 animi
2699 5456 2893 5511 oculus
2916 5454 3027 5511 huc
3046 5464 3215 5527 atque
3235 5454 3368 5510 tlluc
3392 5470 3554 5530 vage-

1971 5561 2080 5607 tur.
2102 5548 2344 5621 Objectis
2356 5550 2613 5619 manibus
2630 5534 2940 5621 prtecipuas
2958 5556 3142 5619 partes
3158 5558 3307 5620 tege:
3324 5550 3547 5605 oculum

1973 5644 2027 5699 iu
2083 5644 2242 5699 hoste
2271 5628 2503 5715 prorsus
2543 5641 2781 5699 deﬁxum
2846 5641 3005 5697 habe.
3036 5638 3101 5697 :ln
3127 5641 3306 5697 stadio
3335 5656 3550 5713 semper

1973 5739 2041 5793 ad
2081 5754 2143 5794 ea
2180 5754 2299 5807 qua:
2346 5754 2373 5793 a
2399 5737 2590 5795 'l‘ronte
2611 5746 2761 5805 sunt,
2800 5744 3005 5809 specta,
3068 5735 3304 5806 teipsum
3330 5746 3548 5811 «esten-

1972 5827 2147 5887 dcns:
2182 5828 2260 5888 sic
2296 5845 2459 5888 curre
2483 5840 2543 5888 ut
2574 5828 3027 5902 comprehendas.
3081 5825 3311 5892 Inlucia
3353 5832 3545 5886 adver-
