3948 6250
171 262 307 330 1303

1445 264 1686 332 SACRA
1725 263 2191 326 PARALLELA.

3309 242 3448 310 13l0
3478 273 3483 278 ·

170 377 444 448 ἀναμέσον
473 379 581 432 τῶν
609 378 861 451 κλήρων·
891 381 986 438 καὶ
1037 377 1163 436 ἰδὼν
1189 377 1290 451 ’τὴν
1320 376 1652 439 ἀνάπαυσιν,
1680 377 1760 431 ὅτι

1888 373 2224 445 'equiescens
2254 371 2396 427 inter
2435 375 2632 424 sortes.
2666 363 2732 420 Et
2764 361 2955 418 videns
2999 355 3267 429 requiem,
3295 357 3447 431 quod

163 474 330 546 καλὴ,
351 474 447 528 καλ⁸
476 473 572 546 τὴν
603 473 708 544 γῆν
731 473 814 527 ὄτι
842 473 1020 543 πίων,
1052 471 1267 528 τέθεικε
1294 471 1386 526 τδν
1418 465 1570 542 ὦμον
1597 467 1764 524 αὐτοῦ
1793 491 1796 494 ν

160 567 247 630 είς
280 564 345 618 τὸ
373 567 577 631 πονεῖν,
608 566 701 619 καὶ
732 564 970 638 ἐγενήθη
1001 563 1144 637 ἀνὴρ
1181 563 1433 636 γεωργός
1494 581 1513 614 ι

238 757 259 792 ι
310 737 626 810 Ἑπιμελοῦ
661 738 770 794 τῶν
812 741 871 794 ἐν
920 737 1088 810 πεδίῳ
1136 735 1382 810 χλωρῶν,
1430 737 1524 790 καὶ
1578 736 1765 804 κερεῖς

165 833 306 888 ιτὸαν
334 851 350 867 ο
382 833 586 904 σύναγε
613 833 808 906 χόρτον
843 833 1074 906 ὀρεινὸν,
1114 831 1202 885 ἴνα
1237 830 1369 903 ἔχῃς
1406 828 1657 902 πρόϐατα
1686 830 1764 894 είς

161 925 489 997 ίματισμόν.
527 925 677 998 Τίμα
700 925 756 979 δὲ
785 924 989 994 πεδίον,
1013 925 1103 980 ῐνα
1129 916 1233 986 ὧσί
1269 939 1351 977 σοι
1381 922 1568 994 ἄρνες.
1611 923 1643 974 ι’

237 1127 258 1160 ι
303 1105 577 1180 Ἐργάζου
624 1106 726 1180 τὴν
769 1108 874 1179 γῆν
928 1124 1023 1162 σου
1050 1123 1064 1140 ·
1101 1105 1197 1161 καὶ
1240 1105 1352 1178 γὰρ
1389 1100 1552 1157 πλοῖα
1580 1099 1764 1155 οὐκέτι

162 1199 390 1271 ῑρχεται
413 1202 478 1254 ὲκ
506 1199 875 1272 Καρχηδόνος.
919 1220 939 1256 a

235 1312 257 1346 ι
296 1293 563 1348 Νεώσατε
598 1296 813 1359 ἑαυτοῖς
839 1294 1120 1367 νεὼματα,
1149 1295 1243 1350 καὶ
1284 1294 1359 1368 μὴ
1385 1292 1641 1365 σπείρετε
1685 1293 1766 1358 είς

161 1387 442 1453 ἀκάνθας.
484 1407 503 1443 t
1539 1385 1582 1428 --’

237 1502 255 1535 ι
288 1483 387 1554 Μὴ
429 1484 668 1556 μισήσῃς
717 1482 981 1535 ἐπίπονον
1025 1480 1314 1552 ἐργασίαν,
1348 1481 1445 1534 καὶ
1489 1478 1766 1553 γεωργίαν

164 1575 270 1632 ὑπὸ
311 1573 576 1646 Ὑψίστου
614 1575 970 1645 ἐκτισμένην.
1017 1592 1035 1625 ι

237 1687 257 1720 ι
304 1669 366 1722 '0
401 1667 774 1739 ἐργαζόμενος
822 1666 919 1740 τὴν
970 1667 1096 1738 γῆν,
1157 1665 1412 1737 ἁνύψωσε
1475 1666 1761 1738 θημωνίαν

159 1760 354 1816 αὑτοῦ.
407 1780 428 1812 a
1467 1796 1471 1799 .

241 1873 261 1906 ι
303 1854 488 1926 Χάριν
521 1854 615 1908 καὶ
650 1854 850 1918 κάλλος
886 1853 1146 1923 ἐπιθυμεῖ
1167 1850 1466 1923 ὀφθαλμδς,
1497 1853 1591 1906 καί
1616 1852 1756 1923 ὑπὲρ

159 1947 455 2019 ἀμφότερα
484 1947 652 2018 χλόην
690 1947 915 2019 σπόρου.
956 1965 974 1998 ι
1147 1955 1152 1959 ‘

238 2060 257 2094 ι
293 2040 362 2093 Τί
402 2040 798 2112 σοφισθήσεται
850 2041 879 2094 δ
923 2036 1144 2111 κρατῶν
1191 2035 1449 2108 ἀρότρου,
1481 2037 1578 2090 καὶ
1617 2055 1756 2092 καυ-

160 2131 411 2203 χώμενος
459 2134 517 2188 ὲν
564 2133 755 2204 δόρατι
805 2135 1036 2204 κέντρου
1065 2170 1082 2194 ,
1161 2129 1288 2200 βόας
1356 2129 1617 2197 ἐλαύνων,
1665 2131 1760 2185 καὶ

161 2226 645 2296 ἀναστρεφόμενος
673 2227 729 2279 ὲν
755 2225 938 2296 ἔργοις
964 2221 1154 2286 αὑτοῦ,
1192 2223 1286 2275 καὶ
1317 2221 1569 2293 διήγησις
1595 2223 1758 2276 αὐτοῦ

161 2319 216 2370 ὲν
249 2320 392 2383 υίοῖς
453 2317 703 2392 ταύρων;
769 2318 1014 2390 Καρδίαν
1064 2314 1224 2370 δώσει
1280 2314 1417 2385 βαθὺ
1467 2319 1547 2380 εις
1573 2319 1758 2387 τεμεῖν

163 2410 437 2477 αὔλακας,
483 2413 578 2466 καὶ
629 2414 662 2484 ἡ
715 2411 996 2484 ἀγρυπνία
1062 2407 1232 2465 αὑτοῦ
1280 2411 1358 2473 εἰς
1401 2411 1759 2482 χορτάσματα

165 2504 474 2576 δαμάλεως.
511 2525 530 2556 a

238 2617 254 2650 I
291 2597 399 2652 Τὸν
433 2597 714 2651 κοπιῶντα
734 2597 987 2668 γεωργὸν
1009 2598 1091 2654 δεῖ
1122 2599 1344 2673 πρῶτον
1372 2599 1478 2652 τῶν
1529 2595 1760 2670 καρπῶν

169 2690 373 2761 μεταλα
382 2691 642 2762 μϐἀνειν.
671 2710 689 2743 ι

230 2783 514 2855 Γεηπόνος
563 2784 654 2840 τὸν
683 2783 852 2840 ὕπνον
907 2782 1517 2854 ἀποσεισάμενος,πρδς
1543 2782 1642 2853 τὴν
1664 2781 1760 2848 τῆς

166 2880 264 2948 γῆς
287 2879 566 2951 ἐργασίαν
597 2879 906 2947 ἐπείγεται,
965 2877 1061 2934 καὶ
1094 2877 1192 2930 τοῦ
1235 2877 1332 2948 μὲν
1382 2875 1629 2928 οἰκίσκον
1670 2873 1765 2927 καὶ

168 2970 264 3041 τῆς
295 2953 590 3036 δπαῦλεως
616 2972 677 3025 τὸ
715 2971 926 3043 ἔρημον
959 2969 1420 3043 ὑπερασπίζεται,
1477 2968 1572 3020 καὶ
1599 2967 1766 3035 ἀναγ-

169 3063 392 3128 κάζεται
434 3065 610 3135 ὅμως,
645 3064 741 3116 καὶ
774 3063 1007 3136 φλογμῷ
1036 3061 1146 3116 καὶ
1176 3059 1407 3133 χειμῶνι
1436 3060 1543 3114 ἀπὸ
1577 3060 1764 3114 ταλαι-
1796 3095 1838 3152 C

170 3155 349 3226 πώρου
372 3156 587 3226 σαρκὸς
615 3157 1010 3227 διαμάχεσθαι.
1055 3153 1348 3225 Πανταχοῦ
1380 3154 1488 3225 γὰρ
1518 3154 1605 3208 διὰ
1641 3153 1769 3206 δυσ-

173 3245 351 3312 κολίας
379 3248 486 3302 καὶ
512 3247 692 3303 πόνων
714 3252 824 3313 τοῖς
846 3247 1160 3318 ἀνθρώποις
1182 3249 1394 3317 πέφυκε
1419 3250 1484 3300 τὰ
1524 3249 1770 3317 χρήσιμα

174 3341 599 3410 παραγίνεσθαι.
621 3374 690 3383 -
713 3342 873 3412 Φέρει
933 3341 1228 3413 γεηπόνοις
1264 3342 1459 3411 ἡδονὴν
1488 3341 1549 3393 τὸ
1581 3340 1637 3404 ἐξ
1665 3340 1770 3393 ύπ-

174 3447 293 3485 τιων
312 3451 373 3487 τε
404 3435 506 3488 καὶ
540 3433 844 3505 βαθυγείων
879 3435 1099 3505 χωρίων
1135 3434 1302 3487 πολύν
1325 3451 1446 3487 τινα
1469 3432 1766 3503 δρέπεσθαι

177 3523 263 3577 τὸν
299 3527 538 3600 καρπόν.
578 3526 638 3582 El
667 3527 724 3581 δε
769 3545 897 3581 ποτε
939 3527 1032 3581 καὶ
1055 3529 1120 3580 ἑκ
1150 3526 1465 3598 πετρώδους
1519 3518 1641 3595 γῆς,
1675 3526 1769 3579 καὶ

179 3614 391 3691 λεπτῆς,
421 3620 522 3675 καὶ
555 3619 895 3692 ὑποψάμμου
927 3619 1187 3691 δυνηθείη
1220 3617 1360 3691 μετὰ
1392 3617 1591 3687 πολλὴν
1644 3619 1765 3672 ἑπι-

182 3709 393 3780 μιλειαν
423 3711 669 3785 χρηστοῦ
717 3730 864 3776 τινος
897 3711 1203 3767 ἀπολαῦσαι
1267 3709 1506 3783 καρποῦ,
1564 3709 1766 3781 μείζων

179 3803 424 3860 ἐντεῦθεν
454 3807 491 3876 ἡ
524 3805 688 3877 ἡδονὴ
713 3804 793 3877 τῷ
825 3804 1104 3875 γεηπόνῳ,
1142 3805 1278 3860 διότι
1333 3803 1473 3875 πρὸς
1533 3804 1633 3873 τὴν
1670 3804 1767 3874 τῆς

181 3897 782 3970 φύσινάγωνισάμενος,
807 3900 903 3952 καὶ
931 3899 1060 3962 τοὺς
1081 3897 1317 3953 οίκείους
1343 3896 1543 3960 πόνους
1557 3896 1769 3950 amm-

181 3987 304 4056 άξας
357 3994 426 4064 τῇ
469 3989 756 4062 στειρώσει
782 3991 881 4063 τῆς
921 3990 1048 4062 γῆς,
1087 3989 1244 4061 νίκης
1289 3989 1410 4043 τινὰ
1461 3987 1768 4061 μαρτυρίαν

181 4080 519 4155 ἀποφέρεται
567 4081 723 4154 παρὰ
775 4081 886 4136 τῶν
921 4083 984 4138 τδ
1036 4081 1306 4154 γεώργιον
1354 4081 1767 4154 θαυμαζόντων.

185 4380 358 4441 ΤΙΤΛ.
393 4387 490 4457 ς’.
514 4414 582 4424 -
603 4384 742 4454 Περὶ
774 4385 1151 4528 τ·ιᾶιὲἜὶῗὲἔὲ
1202 4383 1299 4441 καί
1333 4383 1623 4457 μελέτης,
1665 4385 1764 4439 καί

258 4565 278 4602 ι
309 4550 401 4604 Ἐκ
435 4551 708 4625 μερίμνης
730 4547 826 4606 καὶ
850 4549 1132 4622 φροντίδος
1160 4547 1522 4618 ἀναφανεῖται
1572 4564 1655 4603 σοι
1693 4547 1768 4602 εξ-

192 4640 339 4714 ρήνη.
363 4663 383 4698 ι

258 4752 276 4786 ι
313 4736 515 4792 Τέκνον
545 4778 560 4802 ,
621 4737 682 4792 ἐν
741 4735 857 4809 ζωῇ
914 4753 1010 4790 σου
1085 4735 1352 4810 πείρασον
1419 4736 1520 4810 τὴν
1585 4736 1766 4810 ψυχήν

195 4842 302 4883 σου.
333 4848 350 4881 Ι

261 4942 277 4972 ι
313 4924 559 4997 Γύμναζε
585 4933 813 4980 σεαυτὸν
843 4925 978 4997 πρὸς
1012 4925 1316 4982 εὐσέϐειαν.
1346 4926 1411 4979 Ἦ
1443 4926 1553 4998 γὰρ
1579 4945 1768 5000 σωμα-

191 5015 308 5087 τικὴ
337 5017 614 5090 γυμνασία
645 5017 781 5090 πρὸς
833 5017 1015 5087 ὀλίγον
1065 5020 1216 5072 ἐστὶν
1277 5017 1560 5089 ὠφέλιμος
1597 5035 1609 5047 ·
1644 5020 1677 5090 ἡ
1707 5018 1766 5071 δὲ

192 5107 429 5166 εὐσέϐεια
485 5112 623 5185 πρὸς
666 5112 844 5166 πάντα
898 5111 1179 5182 ὠφέλιμός
1231 5114 1401 5176 ἐστιν,
1429 5112 1765 5182 ἐπαγγελίαν

195 5198 382 5268 [locus
403 5204 572 5277 ζωῆς,
605 5206 706 5276 τῆς
738 5205 833 5260 νῦν
859 5206 952 5259 καὶ
972 5206 1070 5274 τῆς
1093 5204 1423 5277 μελλούσης.
1456 5224 1472 5256 ι

259 5295 320 5347 Ui
367 5299 430 5353 ὲκ
477 5299 694 5370 μακρᾶς
761 5298 1058 5369 συνηθείας
1117 5298 1506 5370 μελετηθέντες
1573 5300 1760 5364 πόνοι,

199 5382 513 5465 ἀλυπότερον
555 5393 962 5464 προσπίπτουσι
1021 5395 1134 5458 τοῖς
1198 5395 1760 5466 ἐγγεγυμνασμένοις·

200 5482 658 5558 -Μιμησώμεθα
692 5489 816 5551 τοὺς
848 5490 905 5542 ὲν
935 5489 1050 5552 τοῖς
1079 5491 1359 5552 τακτικοῖς
1388 5490 1487 5554 τὰς
1528 5489 1762 5560 μελέτας

203 5579 569 5652 ποιουμένους,
597 5582 656 5636 οῖ
688 5599 751 5650 γε
807 5582 864 5634 ἐν
923 5581 1313 5655 χειρονομίαις.
1357 5583 1455 5637 καὶ
1502 5583 1762 5658 ὀρχήσεσι

203 5664 292 5735 τὴν
316 5669 602 5749 ιμπειριαν
625 5675 984 5749 κτησάμενοι,
1018 5676 1110 5730 ἐπὶ
1151 5675 1260 5730 τῶν
1301 5674 1530 5746 ἀγώνων
1573 5677 1665 5731 τοῦ
1698 5679 1761 5732 ὲκ

202 5763 293 5849 ¹τῆς
317 5768 551 5835 παιδείας
582 5768 913 5826 ἀπολαύουσι
951 5768 1198 5842 κέρδους.

1864 452 2211 530 essetbona,
2244 473 2299 520 et
2323 472 2548 526 terram,
2576 457 2836 531 quoniam
2860 452 3101 526 pinguis,
3133 451 3319 522 posuit
3346 451 3450 504 llll-

1866 573 2078 614 merum
2127 573 2291 614 suum
2347 556 2413 612 ad
2466 551 2852 614 laborandum,
2909 557 2964 605 et
3012 545 3190 602 factus
3217 552 3300 602 est
3363 545 3448 598 vir

1866 650 2126 722 agricola.
2173 668 2190 700 ι
3383 714 3386 717 Α

1939 744 2102 800 Prov.
2137 759 2310 807 χχιιι,
2341 741 2432 796 9.5.
2466 769 2535 782 -υ
2571 757 2588 790 ι
2625 736 2830 792 Curam
2854 733 2995 789 habe
3029 731 3231 788 viroris
3261 729 3354 800 qui
3389 729 3446 784 in

1866 853 2001 909 agro
2043 847 2149 904 est,
2184 844 2240 893 et
2272 835 2444 890 tonde
2464 832 2695 888 herbam
2729 847 2743 883 :
2776 837 2830 885 et
2856 828 3053 898 collige
3079 825 3265 880 fenum
3297 839 3450 878 mon-

1867 932 2028 998 tium,
2064 941 2122 986 ut
2173 930 2380 986 habeas
2432 941 2562 981 oves
2594 924 2662 978 ad
2697 923 3102 978 vestimentum.
3133 916 3296 972 Solve
3327 930 3451 988 pre-

1869 1023 2005 1076 tium
2034 1019 2175 1094 agri,
2210 1029 2268 1076 ut
2293 1017 2394 1074 tibi
2427 1018 2542 1073 sint
2567 1015 2715 1085 agni.
2755 1033 2775 1066 ι

1939 1111 2054 1170 Ιεα.
2091 1128 2250 1177 xxul,
2289 1112 2378 1168 10.
2411 1141 2480 1152 ——
2519 1127 2537 1160 ι
2571 1111 2813 1172 onerare
2869 1112 3070 1159 terram
3102 1109 3290 1155 tuam:
3323 1098 3450 1170 quia

1867 1223 1976 1262 non
2008 1207 2236 1262 veniunt
2268 1206 2505 1276 amplius
2538 1218 2705 1257 naves
2733 1196 3101 1268 Carthaginis.
3144 1213 3163 1247 ι

1939 1299 2139 1355 Jerem.
2170 1317 2243 1366 tv,
2280 1300 2334 1354 5.
2371 1332 2439 1341 ——-
2470 1317 2486 1349 ι
2524 1295 2735 1350 Not-ate
2794 1292 2948 1348 vobis
2973 1290 3211 1352 novalia,
3247 1295 3301 1343 et
3358 1301 3455 1340 nn-

1869 1392 1964 1448 litc
1989 1394 2271 1449 seminare
2301 1393 2355 1445 in
2394 1391 2602 1460 spinas.
2641 1407 2660 1440 ι

1943 1486 2112 1541 Ercli.
2149 1501 2247 1550 \‘ll,
2282 1487 2370 1541 16.
2404 1514 2471 1526 -
2509 1505 2525 1536 ι
2558 1484 2674 1537 Non
2727 1483 2910 1536 oderis
2948 1478 3223 1534 laboriosa
3261 1488 3451 1544 opera,

1869 1591 1924 1637 ct
1951 1581 2380 1637 rusticationem
2412 1587 2654 1634 creatam
2685 1577 2752 1630 ab
2778 1573 3082 1628 Altissimo.
3115 1590 3133 1622 ι

1946 1671 2112 1726 Eccli.
2166 1687 2261 1736 xx,
2292 1671 2381 1726 50.
2413 1699 2483 1710 --
2537 1689 2554 1720 ι
2587 1667 2691 1734 Qui
2721 1675 2980 1737 operatur
3011 1671 3214 1718 terram
3275 1675 3452 1722 suam,

1863 1765 2133 1821 eriltabit
2173 1778 2432 1819 acervum
2468 1761 2714 1830 frugum.
2758 1779 2776 1809 ι

1933 1858 2102 1913 Eccli.
2162 1872 2254 1918 χι..
2287 1855 2379 1910 22.
2408 1885 2481 1898 --
2515 1871 2533 1906 ι
2566 1851 2810 1908 Gratiam
2858 1861 2912 1906 et
2969 1849 3207 1922 speciem
3237 1845 3460 1901 deside-

1862 1961 1944 2006 rat
2010 1951 2230 2015 oculus,
2263 1961 2320 2007 et
2357 1964 2524 2020 super
2558 1961 2797 2019 utraque
2840 1944 3078 2000 virorem
3114 1947 3400 1997 sementis.
3437 1956 3455 1989 ι

1936 2041 2107 2097 Eccli.
2148 2056 2384 2106 xxxvm,
2441 2039 2538 2104 25,
2576 2037 2669 2093 26.
2694 2068 2764 2080 ——
2798 2056 2817 2089 ι
2856 2034 2975 2103 Qua
3036 2030 3312 2104 sapientia
3371 2044 3459 2083 rc-

1861 2136 2108 2206 plebitur
2146 2133 2241 2206 qui
2278 2140 2428 2190 tenet
2475 2139 2747 2196 aratrum,
2790 2138 2844 2184 et
2881 2126 3150 2199 gloriatur
3182 2124 3235 2178 in
3273 2121 3462 2192 iaculo

1863 2229 2114 2296 stimuli;
2149 2227 2241 2297 qui
2264 2227 2436 2283 boves
2474 2225 2666 2298 agitat,
2702 2233 2759 2280 et
2785 2229 3155 2278 conversatur
3184 2221 3237 2273 in
3274 2216 3461 2288 operi-

1855 2323 1966 2380 bus
1993 2322 2129 2386 suis,
2153 2319 2507 2376 etenarratio
2539 2317 2662 2389 ejus
2696 2317 2749 2370 in
2778 2313 2943 2387 5.05
2974 2313 3103 2368 liliis
3133 2304 3462 2365 taurorum?

1861 2415 1972 2469 Cor
2015 2430 2179 2471 suum
2222 2413 2497 2484 profunde
2543 2410 2697 2466 dabit
2724 2407 2791 2462 ad
2827 2404 3196 2464 scindendum
3232 2394 3459 2457 sulcos:

1861 2517 1917 2565 et
1949 2507 2134 2577 vigilia
2170 2506 2366 2574 cjusin
2393 2503 2586 2574 sagina
2619 2516 2822 2557 vacca.
2855 2520 2873 2554 ι

1940 2597 1998 2652 ΙΙ
2033 2595 2169 2652 Tim.
2205 2612 2274 2661 ιι,
2314 2595 2366 2650 6.
2399 2623 2470 2634 --
2499 2613 2516 2644 ι
2551 2591 2919 2648 Laborantem
2959 2589 3257 2661 agricolam
3297 2602 3464 2658 opor-

1867 2700 1945 2749 tet
1982 2689 2219 2760 primum
2256 2689 2324 2743 de
2360 2687 2638 2744 fructibus
2675 2686 2987 2756 percipere.
3020 2703 3039 2735 )

1937 2783 2216 2854 Chrysost.
2243 2812 2307 2820 -—
2334 2780 2589 2851 Agricola
2612 2819 2629 2845 ,
2665 2793 2908 2835 excusso
2942 2792 3139 2842 somno
3170 2816 3185 2841 ,
3232 2775 3300 2829 ad
3347 2781 3462 2829 lcr-

1868 2891 1988 2932 ram
2040 2875 2328 2931 colendam
2381 2881 2677 2946 pmperat,
2737 2881 2792 2929 et
2842 2869 3195 2926 domuncula:
3248 2883 3362 2925 suae
3410 2874 3467 2922 et

1879 2984 2029 3023 casa-
2095 2968 2451 3024 solitudinem
2517 2976 2754 3021 tuetur:
2804 2965 3134 3036 cogiturque
3185 2959 3467 3017 nihilomi-

1875 3078 1982 3117 nus
2020 3077 2127 3116 nou
2166 3063 2284 3116 sine
2321 3076 2517 3132 magna
2561 3060 2817 3130 corporis
2863 3058 3115 3114 molestia
3149 3071 3275 3112 cum
3323 3062 3463 3110 aestu

1873 3169 1930 3212 et
1965 3157 2168 3226 frigore
2201 3157 2518 3211 colluctari.
2560 3155 2770 3210 Etenim
2809 3155 2882 3208 ita
2919 3160 3299 3225 comparatum
3334 3155 3420 3204 est
3448 3189 3463 3211 ,

1872 3260 1934 3308 ut
1969 3267 2093 3320 qua:
2126 3250 2422 3303 utilitatem
2472 3249 2790 3305 hominibus
2837 3247 3111 3311 afferunt,
3159 3260 3285 3298 curn
3321 3242 3466 3297 diﬂi-

1872 3345 2081 3402 coitate
2128 3351 2181 3398 et
2239 3343 2430 3398 labore
2482 3340 3126 3415 liabeatitur.-lllagna
3177 3322 3466 3406 voluptate

1870 3434 2010 3491 allici
2043 3435 2221 3490 solent
2253 3433 2514 3504 agricolae
2536 3474 2551 3498 ,
2583 3450 2706 3490 cum
2742 3450 2807 3490 ex
2837 3432 3021 3505 planis
3043 3473 3058 3498 ,
3097 3441 3153 3487 et
3203 3429 3466 3502 profundi

1879 3529 1983 3584 soli
2047 3527 2185 3584 locis
2240 3527 2519 3598 ingentem
2587 3527 2828 3583 fructum
2887 3524 3226 3598 percipiunt.
3293 3525 3363 3578 At
3417 3523 3467 3580 si

1870 3621 2094 3694 quando
2131 3637 2194 3676 ex
2229 3629 2446 3692 petrosa
2481 3621 2724 3693 exilique
2758 3629 2812 3677 et
2856 3635 3092 3677 arenosa
3141 3628 3293 3676 terra
3339 3626 3468 3691 post

1870 3716 2191 3773 diuturnam
2225 3716 2502 3771 culturam
2541 3715 2726 3771 laetum
2759 3715 2999 3787 aliquem
3031 3713 3276 3770 fructum
3305 3713 3468 3769 colli-

1871 3825 1998 3882 gero
2032 3810 2165 3882 ipsis
2198 3807 2534 3880 contigerit,
2569 3810 2836 3882 majorem
2876 3809 3008 3866 hinc
3041 3809 3271 3887 capiunt
3305 3807 3466 3861 volu.

1871 3911 2098 3974 ptatem.
2136 3903 2270 3957 Nam
2319 3918 2447 3958 cum
2493 3901 2625 3974 quis
2680 3903 2949 3960 adversus
3002 3913 3161 3958 terra:
3207 3913 3464 3956 naturam

1869 3998 2187 4065 dimicavit,
2222 4007 2274 4054 et
2302 3998 2524 4054 labores
2570 4013 2708 4056 suos
2753 3999 3032 4056 sterilitati
3086 4004 3249 4054 terra:
3289 4009 3464 4066 oppo-

1871 4091 2022 4155 suit,
2073 4090 2324 4145 victoriae
2377 4090 2763 4146 teetitnonium
2827 4072 3105 4162 quoddam
3163 4088 3307 4157 apud
3364 4104 3464 4145 eos

1868 4181 2037 4239 refert
2060 4225 2073 4248 ,
2113 4183 2208 4255 qui
2244 4183 2417 4255 ipsius
2448 4184 2503 4239 in
2529 4183 2767 4240 colendo
2817 4199 2952 4238 arvo
2997 4182 3248 4238 studium
3284 4181 3462 4236 admi-

1870 4286 2084 4330 rantur.

1977 4387 2114 4445 ἸΊΤ.
2173 4387 2262 4446 Vl.
2290 4421 2361 4432 --
2395 4389 2474 4444 De
2516 4389 2833 4472 gymaasio,
2871 4387 3252 4454 meditatione,
3307 4395 3358 4442 ει

2459 4471 2864 4515 exercitatione.

1942 4553 2045 4609 Job
2081 4542 2397 4624 χι,18.’-
2448 4574 2466 4607 ι
2497 4553 2576 4610 Ex
2631 4553 3015 4611 sollicitudine
3060 4565 3115 4608 et
3167 4568 3302 4608 cura
3357 4567 3459 4624 pax

1871 4648 2087 4702 orietur
2121 4648 2243 4704 tibi.
2279 4667 2297 4700 ι

1947 4739 2116 4796 Εετίί.
2157 4758 2380 4806 xxxvii,
2421 4739 2513 4798 50.
2539 4771 2609 4782 -—
2643 4760 2660 4793 ι
2695 4738 2837 4806 Fili,
2889 4739 2941 4795 in
2998 4738 3113 4794 vita
3167 4749 3261 4795 tua
3312 4747 3465 4795 tenta

1869 4836 2110 4888 animam
2147 4843 2320 4890 tuam.
2360 4854 2378 4887 ι

1943 4923 1971 4978 Ι
2013 4924 2148 4978 Tim.
2184 4940 2261 4990 tv,
2293 4925 2346 4979 7.
2373 4956 2445 4966 --
2482 4946 2499 4977 ι
2533 4925 2740 4982 Exerce
2789 4925 3023 4995 teipsum
3057 4925 3123 4977 ad
3176 4925 3458 4993 pietatem.

1869 5018 2196 5088 Corporalis
2227 5021 2373 5075 enim
2412 5020 2742 5076 exercitatio
2772 5018 2837 5073 ad
2868 5017 3146 5074 modicum
3190 5017 3415 5088 prodest
3443 5035 3459 5071 :-

1870 5113 2045 5185 pietas
2085 5122 2271 5169 autem
2305 5115 2369 5169 ad
2405 5115 2589 5171 omnia
2642 5115 2795 5170 utilis
2848 5121 2977 5178 est,
3034 5111 3461 5184 promissionem

1867 5206 2079 5261 habens
2110 5206 2241 5262 vitae
2271 5222 2392 5278 quas
2423 5221 2572 5262 nunc
2608 5215 2728 5273 est,
2763 5216 2819 5263 et
2856 5204 3079 5261 futurae.
3113 5222 3132 5257 ι
3365 5211 3370 5215 ’

1937 5297 2158 5354 Basilii.
2192 5330 2261 5340 —
2295 5299 2544 5356 Labores
2579 5301 2743 5372 longa
2778 5297 3181 5356 consuetudine
3216 5295 3456 5352 familia-

1877 5407 1966 5447 res
1999 5390 2244 5459 redditi,
2280 5393 2494 5448 minore
2528 5409 2654 5448 cum
2709 5393 2962 5448 molestia
3013 5390 3456 5462 illisingruunt,

1865 5485 1957 5558 qui
1997 5484 2208 5542 eisdem
2267 5488 2638 5543 assuercrint.
2664 5486 3046 5541 -—-Imitemur
3091 5499 3189 5539 eos
3223 5483 3317 5551 qui
3373 5483 3454 5540 rei

1865 5578 2087 5640 militari
2127 5592 2186 5633 se
2213 5589 2477 5636 exercent
2506 5603 2518 5635 :
2553 5580 2647 5651 qui
2680 5594 2806 5634 cum
2843 5579 2898 5633 in
2929 5575 3456 5648 gesticulationibus

1863 5679 1917 5727 et
1943 5670 2341 5728 saltationibus
2369 5673 2623 5744 peritiam
2657 5672 2839 5744 adepti
2869 5671 2978 5727 sint
3000 5712 3015 5735 ,
3051 5671 3105 5726 in
3134 5671 3300 5727 seriis
3332 5687 3456 5726 cer-

1870 5765 2177 5821 taminibus
2209 5780 2270 5820 ea
2303 5783 2472 5837 quam
2507 5765 2674 5823 ludus
2710 5766 2846 5839 ipsis
2893 5764 3249 5832 conciliavit,
3300 5765 3454 5822 utili-

1871 5867 1983 5915 tate
2013 5856 2392 5936 perfruuntur.
