3948 6250
434 294 569 368 1319

1614 292 1680 355 S.
1714 289 2036 352 JDANNIS
2079 286 2508 352 DAMASCENI

3558 289 3679 359 1320

431 424 747 491 ligaverunt
804 416 962 472 ‘llum
1005 414 1061 470 in
1114 412 1473 485 compedibus
1523 414 1691 470 aeneis
1736 420 1839 467 :ct
1888 418 2007 468 erat

2128 411 2431 483 ίκράτησαν
2476 409 2639 465 αὑτὸν
2679 410 2729 464 οί
2765 408 3079 482 ἀλλόφυλοι,
3123 409 3220 465 καὶ
3259 406 3533 484 ὶξώρυξαν
3569 414 3679 468 τοὺς

432 514 647 570 tuolcns
681 512 739 568 in
768 510 936 566 domo
961 507 1228 565 carceris.
1272 524 1290 559 ι

514 776 609 837 ΙΙΙ
639 778 765 853 Reg.
790 796 867 848 XI,
894 780 1050 835 4.--ι
1071 776 1281 835 Factus
1306 785 1390 833 est
1417 776 1676 833 Salomon
1696 775 1752 831 in
1775 781 2020 846 tempore

436 873 769 939 senectutis,
806 882 861 927 et
896 886 1006 927 non
1046 878 1165 953 erat
1192 885 1290 925 cor
1312 870 1434 939 ejus
1477 866 1722 941 perfecte
1757 882 1882 922 cum
1911 864 2021 919 Do-

436 966 610 1029 mino,
646 966 811 1020 siculi
860 978 955 1017 cor
992 960 1159 1017 David
1192 961 1371 1032 patris
1417 960 1618 1031 ipsius.
1666 959 1733 1014 Et
1777 956 2021 1013 declina-

435 1064 636 1113 verunt
695 1055 958 1110 mulieres
1012 1052 1340 1121 alienigena:
1387 1066 1485 1106 cor
1533 1049 1656 1119 ejus
1700 1055 1826 1120 post
1885 1047 2020 1103 deos

436 1167 591 1207 suos.
632 1147 787 1203 Tunc
815 1145 1113 1203 aidilicavit
1149 1144 1417 1200 Salomon
1463 1141 1746 1199 excelsum
1781 1139 2020 1197 Chamos

437 1243 584 1298 idolo
626 1241 801 1305 Moab,
840 1249 895 1294 et
941 1237 1054 1309 regi
1102 1236 1336 1292 filiorum
1390 1233 1649 1301 Ammon,
1700 1242 1757 1290 et
1795 1232 2022 1289 Astarte

438 1332 842 1391 abominationi
916 1329 1297 1387 Sidoniorum.
1345 1327 1411 1382 Et
1470 1327 1537 1381 ad
1601 1326 1747 1381 hunc
1794 1324 2019 1381 modum

438 1429 571 1485 fecit
602 1426 866 1482 omnibus
896 1423 1227 1480 mulieribus
1256 1421 1373 1477 suis
1409 1418 1759 1491 alienigenis.
1789 1415 1859 1472 Et
1888 1418 2021 1474 adu-

438 1522 649 1588 lcbant,
688 1528 744 1575 et
778 1516 1174 1575 sacriﬁcabant
1218 1513 1538 1570 simulacris
1572 1511 1710 1569 suis.
1752 1530 1770 1566 ι

512 1697 670 1752 Prov.
704 1712 759 1762 ν,
786 1694 845 1749 2.
874 1726 946 1736 -
997 1710 1017 1746 ι
1050 1692 1130 1749 Ne
1170 1691 1425 1747 attendas
1457 1689 1522 1744 ad
1559 1702 1785 1759 pravam
1821 1687 2019 1743 mulie-

2120 502 2435 575 ὀφθαλμοὺς
2463 502 2653 568 αὑτοῦ,
2688 503 2783 558 καὶ
2809 505 3159 577 κατήνεγκαν
3186 504 3351 560 αὑτὸν
3379 504 3461 568 είς
3498 504 3687 571 Γάζαν*

2122 594 2233 647 Καὶ
2260 594 2457 667 ἔδησαν
2485 595 2647 653 αὑτὸν
2669 597 2728 651 tv
2757 596 2950 660 πέδαις
2981 595 3235 669 χαλκαῖς,
3259 597 3355 651 καὶ
3381 592 3451 670 ἦν
3477 596 3688 670 ἀλὴθων

2120 687 2179 738 tv
2209 686 2343 757 οίκῳ
2376 685 2479 757 τῆς
2512 686 2760 758 φυλακῆς
2818 704 2836 737 ι

2198 796 2216 830 ε
2251 777 2517 852 Ἑγενὴθη
2545 780 2603 833 tv
2632 778 2709 850 τῷ
2734 778 2915 850 καιρῷ
2944 778 3151 850 γὴρους
3171 778 3449 851 Σολομὼν,
3478 778 3569 835 καὶ
3588 779 3683 835 οὔκ

2118 861 2240 940 ἧνὴ
2275 868 2473 941 καρδία
2522 870 2691 925 αὐτοῦ
2726 870 2951 936 τελείως
2988 871 3129 943 μετά
3183 870 3415 943 Κυρίου,
3454 870 3689 943 καθὼςὴ

2121 958 2319 1032 καρδία
2354 960 2521 1016 Δαὸὶδ
2546 960 2641 1015 τοῦ
2684 959 2901 1029 πατρὸς
2940 958 3129 1015 αὐτοῦ.
3161 959 3272 1013 Καὶ
3317 958 3598 1025 ιξέκλιναν
3638 959 3691 1015 αί

2122 1055 2387 1122 γυναῖκες
2441 1056 2498 1109 at
2548 1054 2834 1127 ἀλλότριαι
2891 1052 2991 1125 τὴν
3033 1052 3262 1124 καρδίαν
3290 1034 3472 1108 ἀὐτοῦ
3522 1051 3691 1106 ὀπίσω

2121 1144 2264 1200 θεῶν
2320 1146 2519 1204 αὐτῶν.
2543 1148 2678 1202 Τότε
2705 1145 3022 1218 ᾠκοδόμησε
3072 1140 3325 1217 Σολομὼν
3370 1142 3573 1216 ὑψηλὸν
3616 1144 3692 1215 τῷ

2121 1240 2332 1311 Χαμῶς
2385 1238 2590 1311 είδώλφ
2637 1238 2837 1303 Μωάϐ,
2872 1237 2967 1294 καὶ
3019 1235 3100 1309 τῷ
3146 1235 3363 1309 βασιλεῖ
3417 1236 3526 1291 τῶν
3567 1235 3693 1290 υίῶν

2125 1334 2383 1403 Ἄμμων.
2412 1332 2510 1387 καὶ
2538 1335 2605 1406 τῇ
2625 1330 2905 1406 Ἀστάρτῃ
2932 1328 3582 1403 βδελύγματιΣιδωνίωνο
3605 1321 3705 1383 καί

2121 1424 2296 1489 οὕτως
2350 1425 2578 1497 εποίησε
2624 1423 2827 1489 πάσαις
2871 1425 2995 1487 ταῖς
3044 1419 3300 1493 γυναιξὶν
3356 1421 3525 1476 αὐτοῦ
3578 1424 3693 1488 ταῖς

2122 1517 2470 1590 erumpat;-
2527 1518 2623 1573 καὶ
2648 1517 2915 1591 ἐθυμίων,
2953 1516 3050 1572 καὶ
3096 1515 3255 1573 ἔθυον
3291 1516 3407 1579 τοῖς
3460 1513 3695 1581 εἰδώλοις

2122 1608 2327 1664 αὐτῶν.
2358 1625 2377 1659 ι

2200 1719 2219 1753 ε
2244 1698 2337 1772 Μὴ
2363 1696 2599 1772 πρόσεχε
2627 1697 2807 1772 φαύλη
2830 1697 3071 1767 γυναικί.
3094 1697 3237 1753 Μέλι
3262 1696 3373 1769 γάρ
3400 1696 3695 1763 ἀποστάζει

438 1809 575 1846 rem.
613 1789 750 1846 Nam
784 1791 889 1845 mel
922 1787 1160 1844 distillat
1192 1803 1222 1843 e
1262 1784 1448 1857 lingua
1492 1782 1827 1849 meretricis,
1862 1789 1916 1838 et
1947 1780 2013 1837 ad

2128 1791 2229 1847 ἀπὸ
2259 1789 2485 1863 χειλέων
2513 1790 2774 1858 γυναικὸς
2802 1790 3032 1862 πόρνης,
3060 1790 3094 1861 ἡ
3136 1789 3274 1863 πρὸς
3306 1791 3502 1864 καιρὸν
3522 1788 3698 1845 λιπαί-

439 1895 660 1952 tempus
693 1881 1001 1953 impinguat
1046 1879 1239 1935 fauces
1265 1886 1426 1939 tuas;
1458 1884 1799 1948 postremum
1833 1880 2015 1929 autem

436 1978 558 2048 ejus
596 1978 845 2032 amarius
880 1969 1183 2046 absynthio
1211 1970 1475 2043 reperies,
1506 1976 1561 2025 et
1590 1975 1817 2024 acutum
1843 1965 2018 2037 magis

437 2087 602 2142 quam
630 2068 873 2141 gladium
907 2065 1233 2137 ancipitem.
1265 2081 1285 2116 ι

514 2161 674 2218 Prov.
708 2176 787 2226 vr,
813 2159 905 2216 26.
940 2190 1008 2202 —
1036 2176 1057 2211 ε
1088 2156 1285 2212 Mulier
1304 2154 1583 2225 pretiosas
1615 2152 1857 2206 virorum
1894 2149 2017 2204 ani-

439 2270 560 2312 mas
593 2254 757 2323 capit.
804 2252 975 2309 Sedes
1018 2247 1361 2324 ignominia),
1414 2246 1616 2303 mulier
1643 2243 1775 2301 odio
1809 2242 2019 2301 habens

440 2346 612 2402 iusta.
646 2362 666 2399 ι

462 2362 612 2402 usta.
646 2362 666 2399 ι

435 2362 453 2419 ⁸
509 2438 671 2494 Prov.
704 2449 806 2502 vn,
842 2431 900 2490 2.
943 2464 1004 2477 --
1048 2450 1067 2485 ¢
1109 2429 1239 2496 Fili,
1286 2442 1445 2486 serva
1492 2426 1747 2483 mandata
1779 2441 1924 2492 mea,
1961 2433 2018 2483 et

439 2531 593 2587 vives
625 2548 639 2585 :
678 2535 739 2583 ut
770 2536 824 2582 te
851 2522 1171 2581 custodiant
1207 2536 1239 2576 a
1275 2520 1505 2576 muliere
1550 2520 1732 2575 aliena
1764 2527 1819 2575 et
1845 2517 2015 2573 mala.

436 2622 515 2678 De
568 2620 815 2677 fenestra
870 2616 1021 2673 enim
1056 2614 1257 2670 domus
1310 2626 1447 2667 meae
1500 2627 1599 2683 per
1639 2609 1917 2667 cancellos
1959 2609 2016 2665 in

437 2715 652 2785 plateas
678 2709 1053 2784 prospiciens,
1083 2720 1249 2779 quem
1279 2704 1484 2760 viderit
1513 2718 1544 2758 e
1578 2703 1707 2759 tlliis
1746 2701 2017 2774 insipien-

438 2809 590 2863 tibus
619 2804 880 2877 juvenem
912 2810 1193 2872 expertem
1229 2812 1419 2863 sensu,
1454 2796 1551 2868 qui
1595 2796 1795 2851 transit
1826 2794 1883 2850 in
1920 2810 2019 2850 an-

437 2899 590 2972 gulo.
642 2897 697 2951 in
747 2893 908 2951 biviis
935 2892 1226 2947 domorum
1274 2890 1421 2960 ejus,
1468 2897 1525 2944 ct
1584 2888 1906 2958 loquentem
1960 2887 2016 2942 in

438 2989 757 3061 vespertina
797 2986 1165 3050 obscuritate,
1210 2983 1435 3055 quando
1471 2983 1583 3055 jam
1622 2990 1710 3039 est
1749 2991 2017 3037 nocturna

436 3084 595 3154 quies
656 3087 713 3135 et
751 3076 1100 3149 caliginosa:
1163 3072 1362 3129 mulier
1406 3081 1592 3129 autem
1636 3074 1880 3129 occurrit
1936 3073 2013 3127 illi

438 3174 679 3247 speciem
715 3170 931 3227 habens
970 3166 1367 3231 meretriciam,
1410 3181 1532 3237 qua:
1577 3168 1791 3223 seducit
1824 3167 2013 3235 junio-

436 3282 560 3324 rum
592 3265 785 3321 corda.
821 3262 941 3318 Alis
962 3262 1242 3317 instructa
1276 3267 1364 3314 est
1396 3259 1783 3331 intemperanti
1812 3274 1964 3313 more
1999 3276 2013 3312 :

437 3360 587 3417 domi
618 3358 789 3430 quieti
824 3371 933 3411 uon
968 3362 1098 3410 sunt
1132 3353 1300 3424 pedes
1326 3352 1472 3423 ejus.
1504 3350 1639 3406 Nam
1677 3352 1837 3407 modo
1867 3355 2016 3407 foras

438 3452 821 3523 circumgirat,
862 3446 1028 3504 modo
1073 3447 1127 3501 in
1157 3444 1357 3517 plateis
1394 3445 1554 3517 juxta
1593 3460 1813 3500 omnem
1844 3458 2017 3515 angu-

438 3552 550 3606 lum
602 3545 919 3602 insidiatur.
963 3538 1172 3596 Deinde
1204 3537 1524 3609 suscipiens
1554 3535 1841 3591 osculatur
1866 3550 2012 3600 eum,

436 3637 742 3712 impudenti
802 3648 933 3691 vero
976 3632 1129 3687 vultu
1176 3631 1331 3686 illum
1372 3628 1679 3700 alloquitur
1735 3626 2015 3683 :Victima

438 3732 665 3807 pacifica
702 3729 836 3784 mihi
867 3736 976 3791 est,
1010 3723 1177 3780 hodie
1208 3721 1384 3778 reddo
1412 3730 1535 3777 vota
1564 3736 1705 3777 mea.
1739 3719 1903 3791 410
1928 3719 2016 3774 ld-

437 3831 589 3884 circo
619 3837 842 3896 egressa
876 3835 999 3876 sum
1025 3820 1080 3873 in
1113 3829 1411 3872 occursum
1449 3825 1645 3879 tuum;
1683 3811 2015 3868 desiderans

439 3922 638 3980 faciem
670 3927 843 3981 tuam,
880 3923 934 3970 te
967 3911 1173 3984 reperi.
1214 3907 1430 3965 Fasciis
1470 3906 1712 3963 instruxi
1749 3903 2014 3963 lectulum

438 4029 659 4081 meum;
713 4008 1106 4079 tapetibusque
1159 4001 1433 4075 Egyptiis
1497 3999 1669 4057 stravi
1729 4019 1742 4050 :
1801 3995 2011 4067 aspersi

436 4106 623 4166 cubile
658 4116 838 4160 meum
864 4112 1055 4165 croco,
1092 4105 1147 4153 et
1167 4094 1391 4151 domum
1428 4108 1605 4148 meam
1635 4090 2013 4146 ciunamomo.

436 4200 599 4264 Veni,
628 4207 683 4254 et
716 4194 967 4251 fruamur
1011 4188 1297 4245 amoribus
1332 4201 1509 4255 usque
1544 4198 1728 4239 mane.
1764 4180 1929 4245 Veni,
1960 4188 2017 4236 et

437 4293 788 4365 involvamur
826 4300 1036 4341 amore.
1071 4281 1193 4338 Non
1224 4280 1369 4336 enim
1404 4286 1491 4333 est
1525 4277 1615 4332 vir
1655 4289 1812 4332 meus
1840 4274 2013 4336 domi,

439 4387 574 4444 abiit
601 4383 746 4438 viam
777 4377 1191 4450 longissimam,
1240 4372 1469 4429 sacculo
1510 4368 1759 4442 pecuniae
1792 4375 2014 4437 sumpto

2120 1901 2205 1938 νει
2237 1883 2331 1937 σὸν
2362 1883 2647 1952 φάρυγγα,
2680 1882 2907 1958 ὕστερον
2951 1880 3138 1954 μέντοι
3168 1884 3503 1957 πικρότερον
3539 1882 3697 1955 χολῆς

2120 1977 2401 2048 εὑρήσεις,
2444 1974 2538 2029 καὶ
2588 1973 2933 2047 ἠκονημένον
2974 1974 3177 2047 μᾶλλον
3220 1974 3505 2049 μαχαίρας
3527 1975 3701 2031 διστό-

2086 2070 2091 2076 ’
2123 2086 2248 2140 μου.
2284 2086 2304 2120 ι

2196 2176 2217 2214 ε
2255 2157 2401 2233 Γυνὴ
2441 2158 2631 2232 τιμίας
2666 2157 2849 2231 ψυχὰς
2878 2157 3090 2232 ἀνδρῶν
3118 2157 3371 2233 ἀγρεύει.
3403 2192 3479 2203 -
3506 2152 3697 2231 Θρόνοξ

2122 2252 2370 2326 ἀτιμίας,
2394 2253 2533 2325 γυνὴ
2563 2252 2803 2325 μισοῦσα
2831 2252 3037 2308 δίκαια.
3069 2269 3089 2303 ι

2197 2454 2217 2488 ι
2249 2436 2368 2503 Tit,
2402 2433 2649 2505 φύλασσε
2677 2432 2818 2506 ὲμάς
2839 2429 3080 2497 ὲντολάς,
3116 2431 3210 2486 καὶ
3250 2427 3499 2501 βιώσεις,
3532 2428 3617 2485 ἱνα
3642 2444 3699 2483 σε

2121 2530 2337 2602 τηρήσῃ
2369 2527 2479 2583 ἀπὸ
2508 2526 2772 2598 γυναικὸς
2800 2524 3093 2597 ἀλλοτρίας
3124 2522 3220 2579 καὶ
3270 2523 3543 2594 πονηρᾶς.
3572 2520 3703 2577 Ἀπὸ

2120 2621 2231 2693 γὰρ
2260 2619 2479 2692 θυρίδος
2530 2620 2596 2672 ἐκ
2634 2617 2730 2672 τοῦ
2767 2617 2919 2671 οἴκου
2959 2614 3134 2686 αὐτῆς
3176 2614 3259 2680 είς
3283 2614 3385 2680 τάς
3440 2611 3700 2676 πλατείας

2123 2713 2590 2785 παρακύπτουσα,
2636 2711 2696 2763 δν
2751 2710 2818 2765 ἂν
2868 2709 2953 2782 ῐδῃ
3008 2708 3118 2763 τῶν
3168 2706 3429 2781 ἀφρόνων
3500 2706 3701 2762 τέκνων

2122 2807 2346 2861 νεανίαν
2382 2805 2536 2877 ἐνδεῆ
2583 2803 2799 2876 φρενῶν
2846 2802 3371 2875 παραπορευόμενον
3418 2801 3481 2855 tv
3512 2798 3700 2873 γωνίᾳ,

2122 2903 2181 2956 tv
2228 2900 2425 2965 διόδοις
2475 2899 2641 2954 οἴκων
2681 2897 2853 2968 αὐτῆς
2879 2935 2895 2963 ,
2950 2896 3044 2951 καὶ
3074 2894 3342 2950 λαλοῦντα
3407 2896 3468 2949 ὲν
3525 2893 3703 2949 σκότει

2123 2992 2424 3066 ὲσπερινῷ,
2455 2994 2617 3065 ἡνίκα
2647 2992 2713 3047 ἀν
2806 2988 3010 3063 ἡσυχία
3034 2987 3329 3061 νυκτερινὴ
3361 2986 3462 3043 καὶ
3495 2986 3701 3057 γνοφώ-

2121 3086 2219 3159 δης
2239 3104 2254 3117 ·
2280 3089 2313 3159 ἡ
2341 3086 2400 3141 δὲ
2426 3084 2568 3156 γυνὴ
2593 3082 2829 3155 συναντᾷ
2857 3080 3006 3152 αύτῷ
3028 3077 3168 3147 εἶδος
3191 3078 3397 3153 ἔχουσα
3422 3076 3701 3153 πορνικδν,

2121 3181 2156 3251 ἡ
2188 3181 2335 3234 ποιεί
2377 3177 2516 3233 νέων
2568 3177 2895 3243 ἐξίπτασθαι
2948 3172 3201 3247 καρδίας.
3240 3170 3701 3245 Ἀνεπτερωμένη

2120 3274 2270 3326 ἐστὶν
2304 3270 2533 3334 ἀσώτως
2552 3285 2568 3301 ο
2594 3271 2654 3322 tv
2680 3268 2816 3339 οἴκῳ
2846 3266 2904 3321 δὲ
2931 3267 3031 3338 οὐχ
3071 3265 3445 3339 ἡσυχάζουσιν
3466 3265 3521 3319 el.
3551 3263 3705 3323 πόδες

2120 3365 2309 3436 αὐτῆς.
2340 3363 2549 3434 Χρόνον
2594 3360 2703 3431 γάρ
2737 3376 2860 3413 τινα
2886 3357 2991 3423 ἔξω
3025 3357 3314 3432 ῥέμϐεται,
3345 3356 3533 3429 χρόνῳ
3570 3356 3627 3410 δὲ
3648 3357 3703 3409 tv

2121 3456 2405 3519 πλατείαις
2449 3454 2603 3524 παρά
2638 3456 2820 3507 πᾶσαν
2859 3451 3065 3521 γωνίαν
3096 3450 3385 3523 ἐνεδρεύει.
3421 3447 3560 3504 Εἶτα
3586 3450 3704 3503 επι-

2120 3546 2398 3619 λαόομένη
2428 3545 2686 3617 ἐφίλησεν
2712 3542 2899 3610 αὑτὸν,
2919 3542 3128 3598 ἀναιδεῖ
3146 3542 3204 3596 δε
3228 3541 3513 3615 προσώπῳ
3539 3558 3704 3616 προσ-

2119 3644 2271 3694 εῖπεν
2300 3638 2448 3708 αῦτῷ
2470 3654 2485 3668 ·
2520 3635 2695 3690 Θυσία
2720 3634 2972 3707 είρηνική
2999 3632 3090 3706 μοί
3120 3633 3260 3697 εστι,
3296 3634 3543 3705 σήμερον
3568 3634 3699 3687 ἀπο-

2118 3734 2313 3802 δίδωμι
2352 3732 2451 3794 τὰς
2490 3727 2655 3799 εὖχάς
2698 3743 2823 3796 μου.
2866 3725 3071 3781 Ἕνεκα
3099 3722 3291 3779 τούτου
3344 3724 3577 3795 ἐξῆλθον
3624 3726 3701 3787 είς

2122 3820 2451 3892 συνάντησίν
2497 3836 2602 3873 σοι.
2638 3813 2881 3871 ποθοῦσα
2924 3813 2986 3868 τὸ
3020 3812 3317 3887 πρόσωπόν
3353 3830 3451 3867 σου
3492 3813 3699 3886 εὓρηκὰ

2119 3929 2209 3968 σε’
2244 3913 2483 3984 κειρίαις
2510 3909 2715 3963 τέτακα
2740 3907 2839 3978 τὴν
2884 3904 3075 3976 κλίνην
3109 3921 3237 3977 μου,
3271 3904 3617 3975 ἀμφιτάποις
3644 3902 3697 3957 δὲ

2120 4007 2375 4079 ἔστρωκα
2414 4006 2530 4067 τοῖς
2553 4003 2647 4058 ἀπ’
2675 4000 2956 4071 Αἰγύπτου
2978 4016 2991 4031 ·
3022 3998 3322 4071 διὲρῤαγκα
3370 3997 3475 4070 τὴν
3514 3997 3696 4067 κοίτην

2126 4118 2229 4171 μου
2260 4098 2468 4172 κρόκῳ,
2510 4097 2603 4150 τὸν
2652 4094 2710 4150 δὲ
2743 4089 2893 4148 οἶκόν
2929 4109 3033 4165 μου
3076 4088 3446 4163 κινναμώμῳ.
3517 4090 3693 4180 ξΕλθὲ,

2119 4194 2216 4247 καὶ
2258 4190 2660 4260 ἀπολαύσωμεν
2708 4185 2895 4257 φιλίας
2954 4184 3064 4250 ἓως
3112 4182 3335 4256 δρθρου.
3378 4182 3559 4257 Δεῦρο
3605 4180 3693 4237 καὶ

2119 4280 2534 4352 ἔγκυλισθῶμεν
2571 4278 2758 4351 ἔρωτι.
2795 4279 2871 4333 Ού
2897 4277 3009 4349 γὰρ
3046 4277 3312 4351 πάρεστιν
3353 4280 3384 4333 ό
3417 4279 3564 4352 ἀνήρ
3594 4295 3691 4352 μου

2121 4378 2179 4432 tv
2208 4377 2341 4447 οἴκῳ
2362 4394 2377 4405 -
2409 4373 2745 4445 πεπόρευται
2774 4370 2878 4443 ὀδῷ
2906 4372 3115 4445 μακρᾷ,
3138 4369 3400 4442 ἐνδεσμον
3429 4371 3691 4445 ἀργυρίου

437 4484 495 4539 in
531 4492 695 4537 manu
728 4490 826 4530 sua
872 4478 1054 4544 :‘p'ost
1100 4467 1222 4524 dies
1268 4465 1476 4522 multos
1528 4460 1727 4519 redibit
1788 4460 2011 4515 domum

2128 4465 2302 4521 λαϐὼν
2332 4466 2390 4518 ὲν
2411 4466 2477 4537 τῇ
2520 4464 2665 4537 χειρὶ
2693 4463 2886 4530 αὐτοῦ,
2929 4463 2999 4517 δι’
3034 4462 3257 4535 ἡμερῶν
3286 4462 3505 4518 πολλῶν
3532 4466 3691 4517 ἑπαν·

436 4590 618 4636 suam.
654 4567 889 4626 Sedusit
918 4578 1044 4621 eum
1082 4561 1257 4616 multo
1286 4556 1588 4627 colloquio,
1617 4562 1672 4610 et
1698 4552 1908 4608 retibus
1931 4550 2011 4605 la-

434 4674 654 4729 biorum
707 4660 979 4735 pertraxit
1022 4657 1201 4713 illum.
1257 4651 1369 4706 liic.
1397 4657 1580 4705 autent
1636 4647 2015 4701 circumactus

434 4768 669 4821 secutus
695 4765 804 4812 est.
840 4751 998 4808 Sicut
1027 4749 1127 4805 bos
1162 4745 1229 4803 ad
1263 4744 1542 4800 victimam
1574 4740 1816 4806 ducitur,
1852 4746 1907 4794 et
1940 4738 2019 4794 si-

433 4861 528 4909 cut
560 4849 720 4907 canis
744 4846 811 4901 ad
836 4843 1140 4905 vinculum,
1165 4845 1258 4893 aut
1290 4836 1437 4893 sicut
1468 4847 1668 4889 cervus
1694 4832 2016 4887 vulneratus

436 4946 489 4998 in
532 4941 756 5013 decore,
792 4939 1052 5007 pr0perat
1118 4927 1265 4985 velut
1312 4925 1430 4981 avis
1473 4923 1540 4981 ad
1592 4924 1875 4994 laqueum,
1914 4936 2015 4977 ne-

437 5037 622 5093 sciens
657 5031 785 5105 quia
831 5042 934 5101 pro
974 5024 1159 5081 anima
1199 5020 1400 5078 currit.
1443 5017 1646 5073 Multos
1678 5013 2016 5071 vulnerando

439 5103 1134 5198 deiecitpinnumerubiles
1174 5121 1308 5171 sunt
1345 5123 1489 5181 quos
1544 5106 1867 5163 trucidavit.
1903 5103 2018 5160 Viae

442 5220 749 5276 inferorum
800 5210 1000 5267 domus
1048 5200 1193 5279 ejus,
1244 5203 1582 5261 deducentcs
1615 5200 1670 5256 iu
1714 5198 2016 5272 penetralia

443 5310 661 5367 mortis.
696 5326 715 5360 ε

519 5403 675 5459 Prov.
706 5416 788 5464 ιι,
816 5396 905 5453 22.
936 5425 1004 5436 --
1032 5413 1051 5446 ι
1080 5392 1241 5448 Velut
1284 5389 1504 5445 inauris
1530 5388 1586 5442 in
1623 5387 1851 5442 naribus
1878 5387 2015 5451 suis,

444 5494 523 5552 sic
558 5490 779 5548 mulieri
815 5500 1077 5559 perverso
1111 5484 1297 5539 animo
1328 5479 1706 5552 pulchritudo.
1748 5497 1766 5528 ι

517 5585 681 5643 Prov.
704 5600 783 5647 ιι,
814 5582 903 5638 15.
936 5609 1001 5621 -ο
1047 5598 1065 5632 ι
1102 5576 1301 5633 Mulier
1334 5574 1502 5630 stulta
1542 5583 1596 5628 et
1639 5586 1861 5643 procax,
1895 5571 2022 5627 cibo

447 5682 704 5753 indigens
722 5676 976 5744 edicitur,
1025 5688 1149 5747 qua:
1181 5685 1284 5729 nec
1326 5671 1479 5727 novit
1538 5668 1828 5740 pudorem.
1866 5664 2023 5725 Sedit

452 5776 509 5833 in
546 5772 765 5831 foribus
788 5772 988 5830 domus
1024 5782 1139 5826 suae
1168 5778 1337 5839 super
1369 5763 1585 5832 sellam,
1618 5760 1800 5833 palam
1827 5760 1881 5815 in
1904 5760 2021 5833 pla-

2119 4559 2239 4633 ἡξει
2262 4560 2341 4623 εἰς
2364 4558 2453 4613 τόν
2477 4552 2627 4613 οἷκον
2654 4556 3230 4629 αὐτοῦ.’Δπεπλάνησε
3257 4557 3316 4611 δὲ
3335 4557 3504 4613 αὐτὸν
3527 4557 3690 4628 πολλῇ

2116 4650 2326 4723 ὁμιλίᾳ,
2366 4650 2583 4723 βρόχοις
2607 4650 2663 4705 δὲ
2692 4652 2804 4714 τοῖς
2826 4649 2935 4704 ἀπὸ
2956 4648 3183 4720 χειλέων
3204 4646 3495 4713 ἐξώκειλεν
3514 4649 3687 4705 αὐτόν.

2129 4745 2188 4799 ’0
2221 4744 2278 4798 δὲ
2323 4741 2732 4813 ἐπηκολούθησε
2776 4741 3112 4811 κεπφωθεὶς,
3141 4741 3238 4795 καὶ
3262 4741 3454 4813 ὥσπερ
3484 4742 3539 4796 δὲ
3569 4740 3689 4813 βοῦς

2118 4839 2211 4893 ἐπὶ
2245 4836 2465 4907 σφαγὴν
2502 4837 2718 4905 ἄγεται,
2750 4835 2843 4889 καὶ
2876 4833 3065 4905 ὥσπερ
3104 4834 3251 4888 κύων
3292 4835 3385 4889 ἐπὶ
3414 4835 3628 4907 δεσμὸν,
3658 4833 3687 4905 ἢ

2118 4926 2192 4991 ώς
2226 4926 2423 4996 ἔλαφος
2454 4923 2749 4997 πεπληγὼς
2776 4925 2857 4988 είς
2883 4925 2944 4977 τὸ
2967 4920 3142 4997 ἧπαρ,
3170 4924 3391 4979 σπεύδει
3423 4926 3481 4981 δὲ
3506 4926 3686 4993 ὥσπερ

2119 5020 2307 5090 ὄρνεον
2335 5021 2415 5083 είς
2442 5018 2670 5087 παγίδα,
2700 5018 2800 5071 οὐκ
2832 5016 2989 5079 είδώς
3013 5018 3098 5071 ὅτι
3124 5018 3251 5089 περὶ
3283 5017 3462 5091 ψυχῆς
3486 5019 3681 5094 τρέχει.

2123 5111 2361 5174 Πολλοὺς
2410 5110 2671 5183 τρώσασα
2722 5107 3141 5181 καταϐέϐληκε,
3184 5108 3282 5163 καὶ
3334 5106 3686 5182 ἀναρίθμητοί

2120 5207 2259 5257 εἰσιν
2288 5204 2381 5267 οὓς
2409 5202 2762 5272 πεφόνευκεν.
2780 5200 2922 5256 Ὀδοὶ
2950 5201 3080 5272 ᾅδου
3106 5202 3135 5255 ό
3166 5200 3313 5265 οἶκος
3341 5200 3533 5273 αὐτῆς,
3561 5217 3685 5257 κατ·

2120 5296 2354 5363 ἄγουσαι
2378 5294 2457 5357 είς
2487 5294 2689 5363 ταμιῖα
2719 5289 2976 5345 θανάτου.
3004 5308 3023 5341 ι

2198 5404 2215 5437 ι
2245 5387 2458 5455 ’Ὠσπερ
2492 5384 2711 5437 ἐνώτιον
2735 5386 2791 5437 ἐν
2825 5382 2936 5454 ῥινὶ
2966 5381 3078 5445 ὑὸς,
3111 5378 3285 5445 οὕτως
3336 5381 3556 5450 γυναικὶ
3590 5398 3682 5435 και

2122 5481 2347 5551 κὸφρονι
2374 5477 2590 5541 κάλλος.
2622 5497 2640 5527 ι

2200 5594 2218 5626 ι
2248 5572 2390 5643 Γυνὴ
2420 5572 2611 5643 ἄφρων
2636 5569 2730 5625 καὶ
2762 5569 3015 5641 θρασεῖα,
3043 5564 3227 5640 ἐνδεὴς
3244 5565 3437 5639 ψωμοῦ
3458 5568 3675 5638 γίνεται.

2124 5666 2159 5737 ἢ
2194 5668 2295 5720 οὐκ
2321 5664 2607 5720 ἐπίσταται
2637 5662 2919 5734 αίσχύνην.
2956 5661 3239 5718 Ἐκάθισεν
3264 5662 3359 5717 ἐπὶ
3379 5660 3566 5735 θύραις
3590 5658 3672 5716 τοῦ

2125 5760 2324 5831 ἑαυτῆς
2369 5758 2552 5817 οἴκου.
2617 5757 2710 5809 ἐπὶ
2746 5754 2940 5827 δίφρου
2993 5755 3250 5828 ἐμφανῶς
3299 5757 3356 5811 tv
3398 5754 3671 5823 πλατείαις
