3886 6248
191 175 316 246 1321

1433 195 1676 259 SACRA
1706 197 2170 266 PARALLELA.

3289 217 3424 286 1322

184 292 636 366 προσκαλουμένη
673 293 799 362 τοὺς
854 295 1146 368 παριόντας
1182 299 1278 356 καὶ
1323 302 1728 358 κατευθύνοντα

1858 307 1959 366 teis
1999 325 2209 370 vocans
2261 320 2636 383 transeuntes,
2679 324 2734 374 et
2782 327 2934 376 recta
2973 323 3088 382 vias
3130 341 3257 385 suas
3303 346 3424 400 pcr-

64 384 68 391 '
181 383 239 436 ὲν
273 386 400 448 ταῖς
429 384 566 450 ὁδοῖς
596 386 798 442 αὐτῶν.
828 386 932 453 Ὃς
962 391 1111 445 ἔστιν
1141 391 1298 463 ὑμῶν
1323 394 1748 468 ἀφρονέστατος,

180 475 486 531 ἐκκλινάτω
518 477 656 548 πρὸς
691 496 781 551 με,
824 480 1012 553 Evasi);
1039 482 1101 536 δὲ
1130 485 1464 558 φρονήσεως,
1506 506 1751 560 παρακε-

177 565 432 636 λεύομαι,
471 565 736 638 λέγουσα·
771 571 989 642 ’Λρτων
1021 574 1271 646 κρυφίων
1306 575 1478 648 ἡδέως
1517 576 1749 647 ἀψασθε,

177 659 270 714 καὶ
301 659 496 725 ὓδατος
522 660 732 736 κλοπῆς
756 663 1028 735 γλυκεροῦ
1058 665 1272 724 πίεσθε.
1303 668 1362 724 '0
1394 669 1453 724 δὲ
1482 670 1582 724 οὐκ
1609 665 1750 727 οἶδεν

173 752 257 805 ὅτι
290 756 552 825 γηγενεῖς
585 758 718 829 παρ’
747 757 884 828 αὐτῇ
916 756 1186 826 ὀλοῧνται,
1221 760 1319 816 καλ
1353 763 1447 827 είς
1478 762 1751 837 πέταυρου

174 842 303 914 ᾅδου
334 849 597 918 συναντᾷ.
631 866 652 901 ο

247 956 267 990 ι
306 938 520 1013 Ὠσπερ
545 940 765 1014 σκῶληξ
791 943 850 997 ὲν
894 943 1064 1020 ξύλῳ,
1087 944 1263 1012 οὕτως
1292 946 1461 1020 ἄνδρα
1486 949 1750 1008 ἀπόλλυσι

171 1035 308 1106 γυνὴ
347 1038 670 1105 κακοποιός.
707 1058 728 1091 ι

245 1146 265 1180 ι
311 1128 373 1181 ὐ
397 1128 647 1203 κατέχων
681 1133 986 1204 μοιχαλίδα,
1015 1135 1207 1209 ἄφρων
1236 1139 1336 1194 καὶ
1360 1139 1588 1215 ἀσεϐής.
1617 1159 1637 1194 ι

241 1329 261 1364 ι
283 1313 560 1384 Κρεῖσσον
585 1316 754 1370 οἰκεῖν
783 1315 842 1371 ὲν
880 1318 1094 1391 ἐρήμῳ,
1129 1321 1163 1391 ἦ
1197 1323 1335 1394 μετὰ
1366 1325 1627 1396 γυναικὸς
1650 1345 1750 1399 μα-

167 1405 325 1476 χίμου
360 1407 456 1460 καὶ
482 1407 837 1477 γλωσσώδους
863 1415 958 1465 καὶ
987 1411 1229 1485 ὀργίλου.
1266 1435 1286 1468 ι

239 1616 258 1649 ι
293 1597 568 1668 Σταγδνες
595 1597 955 1656 ἐκϐάλλουσιν
979 1600 1266 1676 ἄνθρωπον
1302 1609 1360 1661 ὲν
1399 1608 1582 1682 ἡμέρᾳ
1633 1629 1744 1682 χει-

166 1690 360 1760 μερινῇ
381 1689 450 1743 ἐκ
477 1689 573 1744 τοῦ
597 1691 748 1746 οἴκου
781 1693 972 1760 αὐτοῦ,
995 1695 1264 1762 ὡσαύτως
1287 1701 1378 1753 καὶ
1403 1701 1540 1772 γυνὴ
1573 1701 1743 1756 λοίδο-

164 1796 255 1851 ρος
290 1782 357 1836 εκ
377 1780 478 1836 τοῦ
509 1782 639 1838 ίδίου
670 1784 1024 1859 οἷκουάνδρα
1048 1789 1324 1846 ἐκϐάλλει.
1363 1811 1382 1844 ι

232 1892 253 1926 ι
279 1875 420 1930 ’Δπὺ
445 1876 546 1949 τῆς
583 1879 874 1949 συγκοίτου
907 1897 999 1934 σου
1039 1881 1294 1952 φύλαξαι,
1327 1886 1421 1941 τοῦ
1445 1889 1739 1945 ἀναθέσθαι

160 1967 295 2041 αὐτῇ
318 1985 377 2023 τι
404 1973 605 2026 ποιεῖν.
635 1991 658 2025 ο

230 2084 250 2117 ι
281 2067 376 2137 Μὴ
416 2065 530 2140 δῷς
570 2071 794 2138 γυναικὶ
845 2071 946 2146 τὴν
994 2074 1175 2149 ψυχήν
1224 2094 1343 2143 σου,
1401 2078 1478 2151 μὴ
1525 2081 1737 2137 ὑπάντα

158 2157 571 2236 ἕταιριζομένῃ.
603 2165 761 2220 Μετά
790 2165 1101 2243 ψαλλούσης
1124 2169 1199 2243 μὴ
1228 2172 1551 2246 ὲνδελὲχιζε.
1584 2177 1737 2249 Παρ-

157 2252 309 2308 θένον
344 2255 423 2328 μὴ
471 2259 888 2336 καταμάνθανε.
917 2262 1009 2336 Μὴ
1055 2263 1164 2336 δῷς
1193 2266 1371 2342 πόρνῃ
1418 2269 1517 2340 τὴν
1553 2269 1737 2343 ψυχήν

161 2363 271 2402 σου.
305 2349 691 2424 ’Δπύστρεψον
733 2354 827 2409 τὸν
859 2355 1140 2429 ὀφθαλμόν
1175 2376 1269 2414 σου
1311 2361 1418 2416 ἀπὸ
1467 2365 1731 2431 γυναικὸς

157 2439 461 2513 εὐμόρφου.
506 2445 663 2500 Μετά
707 2445 982 2522 ὑπάνδρου
1020 2452 1282 2519 γυναικὸς
1324 2453 1402 2525 μὴ
1449 2455 1620 2511 κάθου
1671 2456 1732 2511 τὸ

160 2529 396 2589 σύνολον.
430 2535 524 2589 Ἐν
549 2536 737 2592 κάλλει
761 2539 873 2612 γὰρ
904 2542 1167 2611 γυναικὸς
1195 2543 1385 2599 πολλοὶ
1417 2546 1732 2621 ἐπλανήθηο

158 2641 272 2682 σαν.
301 2646 323 2682 ι

225 2740 246 2774 ι
282 2717 449 2787 Divo;
479 2725 572 2780 καὶ
601 2729 860 2795 γυναῖκες
883 2727 1257 2804 ἀποστήσουσι
1290 2733 1564 2800 συνετούς.
1596 2753 1619 2790 ι

223 2929 240 2962 ι
277 2910 508 2984 Πατέρα
546 2914 640 2968 καὶ
685 2914 855 2988 ἄνδρα
900 2918 1314 2994 καταισχύνειή
1353 2922 1604 2996 θρασεῖα,
1636 2929 1732 2982 καὶ

154 3001 250 3056 ὑπὸ
283 3004 624 3078 ἀμφοτέρων
654 3008 1115 3082 ἀτιμασθήσεται.
1147 3031 1167 3065 ι

223 3118 240 3151 ι
270 3101 412 3174 Γυνὴ
462 3102 844 3160 καταλιποῦσα
890 3108 984 3162 τὸν
1027 3109 1218 3182 ἄνδρα,
1257 3111 1354 3166 καὶ
1410 3114 1734 3186 παριστῶσα

153 3191 492 3266 κληρονόμον
521 3192 581 3262 ἐξ
602 3195 918 3270 ἀλλοτρίων,
951 3199 1169 3272 πρῶτον
1197 3205 1256 3257 ἐν
1297 3204 1448 3277 νόμῳ
1475 3205 1731 3278 Ὓψίστου

157 3285 447 3359 ὴπείθησε,
480 3291 574 3344 καὶ
618 3290 871 3364 δεύτερον
897 3296 978 3360 είς
1027 3295 1196 3369 ἄνδρα
1229 3297 1398 3371 αὐτῆς
1442 3300 1733 3374 ἐπλημμέ-

151 3377 329 3450 λησεν,
358 3383 462 3436 καὶ
490 3383 554 3438 τὸ
585 3385 769 3455 τρίτον
804 3387 863 3441 ἐν
905 3389 1136 3461 πορνείᾳ
1175 3391 1493 3466 ἐμοιχεύθη,
1532 3396 1627 3450 καὶ
1673 3396 1732 3462 ἐξ

152 3470 432 3543 ἀλλοτρίου
463 3474 659 3547 ἀνδρὸς
707 3477 874 3534 τέκνα
905 3476 1274 3554 παρέστησεν.
1330 3483 1480 3557 Αὕτη
1528 3487 1609 3552 εἰς
1635 3488 1730 3543 ὲκ-

155 3561 377 3636 κλησίαν
407 3565 805 3641 ὲξαχθήσεται·
837 3571 898 3625 οὐ
919 3572 1243 3648 διαδώσουσι
1270 3576 1340 3631 τὰ
1365 3577 1534 3633 τέκνα
1557 3581 1732 3654 αὐτῆς

156 3655 328 3726 ῥίζαν,
387 3661 491 3715 καὶ
541 3662 593 3716 οί
642 3663 826 3720 κλάδοι
863 3666 1037 3737 αὐτῆς
1080 3667 1182 3723 ούκ
1229 3670 1434 3725 οἴσουσι
1480 3674 1727 3746 καρπόνο

150 3749 466 3824 καταλείψει
494 3752 578 3816 είς
604 3755 855 3828 κατάραν
893 3757 956 3812 τὸ
990 3760 1342 3832 μνημόσυνον
1370 3763 1561 3835 αὐτῆς.
1597 3784 1617 3818 ι

217 3861 236 3896 ι
262 3844 355 3918 Μὴ
384 3845 499 3917 δῷς
547 3845 702 3903 ὕδατι
746 3849 1004 3917 διέξοδον,
1059 3853 1199 3924 μηδὲ
1239 3856 1464 3922 γυναικὶ
1513 3859 1726 3931 πονηρᾷ

147 3932 345 3993 ἄνεσιν.
375 3939 445 3992 El
482 3939 559 4012 μὴ
597 3942 892 4013 πορεύεται
946 3945 1091 4000 κατά
1112 3947 1273 4018 χεῖρά
1308 3965 1425 4013 σου,
1469 3949 1578 4004 ἀπὸ
1615 3952 1724 4008 τῶν

149 4029 358 4101 σαρκῶν
387 4049 486 4086 σου
515 4033 759 4105 ἀπότεμε
809 4035 1000 4107 αὐτήν.
1039 4035 1364 4111 Συνοικῆσαι
1394 4039 1591 4110 λέοντι,
1631 4045 1725 4099 καὶ

145 4120 388 4191 δράκοντι
444 4125 752 4198 εὐδόκησαι,
819 4127 852 4198 ἢ
909 4130 1229 4200 συνοικῆσαι
1291 4132 1432 4204 μετὰ
1469 4135 1725 4202 γυναικὸς

145 4219 401 4290 πονηρᾶς.
449 4219 638 4291 Μικρά
693 4221 844 4276 πᾶσα
892 4221 1060 4277 κακία
1105 4223 1242 4294 πρὸς
1291 4225 1490 4280 κακίαν
1531 4244 1722 4297 γυναι-

146 4307 265 4373 κός*
307 4310 510 4384 κλῆρος
548 4313 874 4386 ἀμαρτωλοῦ
923 4316 1180 4371 ἐπιπεσεῖ
1209 4316 1297 4371 ἐπ’
1335 4318 1531 4390 αὐτήν.
1564 4319 1720 4376 Ἀνά-

1855 410 2099 472 agentes.
2130 403 2233 473 Qui
2259 407 2652 467 insanissimus
2676 420 2762 468 est
2783 423 3051 483 vestrum,
3081 418 3322 478 declinet
3354 425 3422 477 ad

1854 507 1962 558 me,
2011 504 2104 550 aut
2153 498 2406 568 indigens
2451 516 2650 570 sensu,
2701 520 2825 559 eum
2877 506 3072 577 invito,
3103 510 3362 584 inquiens
3407 534 3420 567 :

1852 582 2029 641 Panes
2058 588 2412 647 absconditos
2431 600 2668 658 gustato,
2702 605 2755 649 ct
2785 611 2958 667 aquas
2978 582 3209 658 furtivas
3231 604 3425 661 dulces

1851 676 2044 735 bibite.
2086 678 2188 736 llic
2215 696 2343 736 vero
2375 683 2596 755 ignorat
2635 687 2783 759 quod
2826 689 3077 760 gigantes
3115 698 3260 766 apud
3300 713 3422 754 eam

1852 771 2128 839 peribunt,
2153 782 2208 829 et
2229 774 2287 828 in
2319 778 2585 846 perticam
2613 780 2808 837 inferni
2844 790 3109 846 occurrit.
3149 809 3171 844 ι

1923 957 2088 1014 Prov.
2139 975 2269 1025 xxv,
2313 963 2404 1018 20.
2430 995 2499 1004 —
2536 983 2555 1018 ι
2590 964 2751 1024 Sicut
2788 971 2990 1030 vermis
3031 973 3090 1029 in
3115 974 3296 1050 ligno,
3337 982 3422 1039 sic

1855 1047 2030 1104 virum
2070 1050 2251 1122 perdit
2277 1054 2476 1111 mulier
2502 1057 2668 1114 mala.
2696 1077 2717 1113 ι

1922 1142 2083 1198 Prov.
2112 1161 2267 1211 xvm,
2291 1146 2381 1202 ΞΩ.
2404 1181 2472 1193 --
2493 1168 2512 1204 ι
2546 1150 2648 1218 Qui
2676 1161 2824 1210 tenet
2851 1157 3160 1216 adulteram
3180 1207 3196 1230 ,
3219 1168 3423 1225 stultus

1851 1243 1937 1293 est
1962 1247 2018 1294 et
2044 1238 2266 1310 impius.
2316 1259 2335 1292 ι
3279 1254 3289 1264 ‘

1923 1328 2088 1388 Prov.
2118 1335 2351 1403 331,19.
2383 1366 2452 1377 --
2494 1355 2515 1389 ι
2547 1337 2746 1398 Melius
2798 1350 2882 1400 est
2929 1346 3177 1406 habitare
3225 1353 3282 1408 in
3322 1354 3420 1407 de-

1851 1407 2024 1487 serto,
2054 1438 2214 1494 quam
2250 1441 2374 1481 cum
2409 1429 2638 1485 muliere
2667 1432 2877 1505 rixosa,
2911 1437 3161 1511 linguosa
3221 1453 3276 1499 et
3310 1446 3420 1500 ira-

1850 1517 2054 1574 cunda.

1922 1609 2083 1667 Prov.
2120 1629 2292 1678 nvu,
2322 1615 2404 1671 l5.
2434 1645 2504 1657 -—
2536 1636 2558 1671 ι
2599 1615 2774 1674 Stillae
2803 1621 3033 1691 ejiciunt
3063 1627 3336 1686 hominem
3362 1633 3417 1686 in

1850 1705 1940 1761 die
1971 1705 2166 1763 hiemis
2196 1707 2265 1765 de
2295 1709 2460 1766 domo
2488 1726 2628 1769 sua:
2658 1713 2741 1769 sic
2788 1731 3011 1789 quoque
3047 1723 3246 1780 mulier
3280 1742 3414 1782 con-

1842 1801 2046 1858 viciosa
2080 1805 2256 1860 virum
2291 1807 2456 1862 domo
2498 1822 2598 1863 sua
2629 1808 2806 1880 ejicit.‘
2836 1830 2856 1863 ι

1911 1892 2077 1951 Mich.
2100 1912 2192 1964 vn,
2221 1898 2274 1954 5.
2304 1931 2373 1942 -
2404 1919 2422 1953 ι
2456 1901 2536 1957 Ab
2569 1918 2632 1958 ea
2663 1919 2786 1975 quae
2808 1907 2977 1963 cubat
3006 1916 3216 1978 tecum,
3260 1928 3400 1970 cave

1841 2002 1910 2042 ne
1945 1990 1994 2043 ei
2036 1990 2341 2063 quidquam
2371 1993 2725 2052 commendes
2757 2007 2819 2052 ut
2847 1997 3036 2055 faciat.
3071 2022 3092 2053 ι

1910 2076 2076 2136 Εεσίί.
2117 2099 2194 2151 ix,
2224 2082 2278 2138 2.
2306 2116 2374 2126 -
2402 2103 2421 2137 ι
2459 2083 2537 2142 Ne
2566 2086 2664 2143 des
2702 2089 2915 2146 mulieri
2946 2093 3184 2149 animam
3241 2105 3414 2162 tuam,

1840 2186 1942 2226 nec
1965 2173 2182 2229 obviam
2225 2175 2495 2248 procedas
2518 2179 2822 2236 meretrici.
2852 2181 2989 2238 Cum
3013 2188 3324 2245 cantatrice
3347 2206 3416 2245 nc

1839 2263 1917 2319 sis
1942 2266 2223 2324 assiduus.
2267 2267 2552 2341 Virginem
2589 2287 2658 2326 ne
2705 2271 2994 2332 intuearis.
3053 2276 3132 2334 Nc
3165 2280 3265 2337 des
3297 2297 3414 2338 me-

1837 2357 2020 2414 retrici
2081 2361 2321 2417 animam
2381 2371 2556 2419 tuam.
2617 2365 2818 2423 Averte
2885 2369 3109 2426 oculqu
3173 2381 3330 2429 tuum
3380 2391 3415 2430 α

1837 2453 2068 2508 muliere
2115 2455 2386 2523 speciosa.
2430 2456 2567 2512 Cum
2617 2459 2794 2515 aliena
2839 2463 3076 2519 muliere
3111 2481 3178 2521 ne
3212 2468 3410 2524 sedeas

1835 2543 2084 2603 omnino.
2124 2544 2352 2618 Propter
2395 2552 2630 2620 speciem
2674 2554 2926 2610 mulieris
2980 2558 3138 2611 multi
3192 2575 3415 2619 errave-

1834 2648 1985 2694 runt.
2021 2659 2039 2692 ι

1906 2732 2076 2788 Eccli.
2108 2750 2223 2790 vix.
2253 2735 2310 2790 2.
2341 2768 2408 2778 -
2441 2755 2459 2788 ι
2491 2735 2690 2793 Vinum
2718 2747 2772 2794 et
2804 2742 3066 2801 mulieres
3094 2754 3414 2816 apostatare

1836 2825 2043 2886 facient
2080 2832 2380 2901 sapientes.
2427 2849 2447 2884 ι

1909 2920 2083 2977 Eccli.
2110 2926 2328 2990 xxn,5.
2371 2956 2439 2967 —-
2481 2944 2499 2977 ι
2536 2924 2756 2984 Patrem
2801 2939 2854 2985 et
2900 2932 3078 2988 virum
3120 2937 3408 2995 confundit

1750 3011 1800 3074 Ω
1834 3029 2054 3086 procax,
2084 3025 2139 3072 et
2166 3018 2236 3073 ab
2265 3028 2500 3091 utroque
2522 3020 2821 3091 ignominia
2850 3024 3138 3083 allicietur.
3178 3048 3198 3081 ι

1911 3104 2078 3164 Eccli.
2136 3124 2296 3177 χχιιι,
2339 3109 2432 3167 22.
2467 3142 2534 3153 ——
2569 3131 2588 3165 ι
2625 3112 2822 3170 Mulier
2869 3116 3191 3190 relinquens
3225 3123 3410 3179 virum

1839 3215 2023 3269 suum,
2063 3209 2118 3257 et
2158 3211 2411 3262 statuens
2461 3206 2734 3263 haeredem
2781 3223 2850 3264 ex
2895 3210 3110 3281 alienis,
3147 3216 3326 3287 primo
3352 3219 3410 3274 in

1837 3293 1954 3366 lege
1991 3295 2260 3353 Altissimi
2311 3298 2650 3356 incredibilis
2679 3300 2786 3357 fuit
2825 3316 2841 3354 :
2874 3313 2928 3359 ct
2963 3308 3210 3364 secundo
3241 3311 3293 3365 in
3330 3312 3411 3366 vi-

1833 3401 1956 3442 rum
1981 3402 2141 3444 suum
2174 3387 2445 3462 deliquit;
2477 3398 2533 3446 et
2556 3395 2720 3450 tertio
2747 3394 2800 3451 in
2833 3396 3107 3455 adulterio
3135 3399 3409 3468 fornicata

1831 3493 1937 3547 est,
1967 3491 2022 3538 et
2040 3499 2105 3538 ex
2138 3483 2249 3540 alio
2269 3484 2388 3539 viro
2415 3471 2555 3540 filios
2578 3488 2848 3545 exhibuit.
2869 3487 2992 3546 Haec
3026 3491 3078 3547 in
3113 3497 3405 3553 ecclesiam

1831 3571 2120 3631 educetur.
2175 3574 2293 3630 Non
2346 3577 2556 3633 dabunt
2586 3578 2681 3634 ﬁlii
2720 3581 2842 3651 ejus
2868 3584 3134 3653 radicem,
3175 3598 3229 3643 et
3267 3593 3404 3645 rami

1833 3666 1980 3724 illius
2011 3683 2124 3725 non
2169 3668 2349 3726 ferent
2386 3669 2651 3729 fructum.
2686 3672 3044 3748 Derelinquet
3080 3680 3134 3735 in
3173 3683 3406 3739 maledi-

1828 3765 1976 3810 ctum
2005 3757 2331 3813 memoriam
2368 3775 2548 3816 suam.
2597 3779 2618 3812 ι

1900 3848 2070 3906 Eccli.
2105 3867 2234 3918 xxv,
2265 3851 2359 3917 34,
2381 3853 2471 3918 25,
2497 3855 2590 3923 26,
2618 3857 2706 3921 55,
2730 3857 2821 3915 25.
2851 3890 2922 3900 -—-
2967 3880 2987 3914 ι
3025 3859 3102 3917 Νο
3125 3862 3220 3918 des
3247 3879 3403 3935 aqua:

1825 3942 2060 4012 exitum,
2091 3960 2194 4001 nec
2227 3945 2446 4003 mulieri
2473 3949 2736 4021 improba:
2766 3956 3176 4011 remissionem.
3209 3957 3265 4011 Si
3291 3973 3400 4013 non

1826 4032 2194 4091 ambulaverit
2227 4037 2295 4090 ad
2321 4052 2542 4094 manum
2570 4049 2742 4109 tuam,
2774 4043 2844 4099 de
2881 4047 3141 4102 carnibus
3173 4048 3282 4103 tuis
3305 4049 3400 4102 ab-

1824 4127 2016 4184 scinde
2047 4143 2188 4186 eam.
2233 4129 2578 4188 Commorari
2621 4151 2748 4191 cum
2789 4136 2946 4196 lecne
2975 4139 3133 4211 411
3172 4149 3226 4194 et
3267 4141 3396 4195 dra-

1824 4233 1967 4276 eone
2002 4218 2102 4276 tibi
2134 4221 2353 4292 placeat
2392 4225 2592 4296 magis,
2620 4242 2786 4298 quam
2831 4228 3081 4285 habitare
3112 4246 3234 4286 cum
3275 4247 3399 4287 mu-

1826 4311 1962 4368 liere
1981 4327 2239 4385 nequam.
2276 4314 2464 4374 Brevis
2495 4327 2582 4375 cst
2620 4319 2801 4374 omnis
2834 4321 3042 4376 malitia
3071 4339 3198 4396 crga
3238 4327 3399 4380 mali-

147 4399 295 4468 6κσις
348 4379 620 4478 ἀμμώδης
667 4379 727 4463 δν
776 4408 906 4464 ποσὶ
935 4409 1351 4484 πρεσϐυτέρου,
1403 4379 1550 4468 οὕτω
1580 4415 1717 4488 γυνή

1858 4407 1955 4461 iam
1984 4406 2240 4467 mulieris
2271 4428 2284 4464 :
2315 4425 2438 4466 sors
2474 4413 2783 4482 peccatoris
2832 4415 2992 4472 cadet
3036 4433 3201 4489 super
3249 4434 3395 4476 eam.

148 4494 466 4572 γλωσσώδης
531 4501 685 4575 ἀνδρὶ
763 4501 972 4578 ἡσύχῳ.
1041 4505 1176 4559 ’Δπδ
1238 4507 1499 4576 γυναικὸς
1572 4510 1714 4581 ἀρχὴ

148 4591 430 4662 ἁμαρτίας,
487 4596 582 4649 καὶ
623 4594 692 4650 δι’
747 4596 921 4668 αὐτῆς
972 4597 1392 4670 ἀποθνήσκομεν
1435 4600 1656 4666 πάντες.
1693 4620 1711 4655 ι

152 4697 170 4730 ι
198 4681 285 4754 Μὴ
315 4683 420 4757 δῷς
452 4685 673 4757 γυναικὶ
700 4690 913 4762 πονηρᾷ
940 4691 1274 4763 παρρησίαν.
1306 4708 1329 4744 ι

220 4885 237 4919 t
282 4871 444 4944 Ὀργὴ
488 4875 696 4947 μεγάλη
733 4875 871 4948 γυνὴ
908 4877 1165 4948 μέθυσος.
1195 4880 1427 4952 Πορνεία
1460 4883 1717 4951 γυναικὸς

153 4959 206 5010 ἐν
235 4966 524 5036 μετεώροις
564 4967 886 5039 ὀφθαλμῶν,
927 4972 1023 5026 καὶ
1051 4973 1110 5025 ἐν
1148 4977 1260 5038 τοῖς
1294 4974 1587 5046 βλεφάροις
1619 4978 1714 5030 αὖ·

156 5055 246 5125 τῆς
275 5062 667 5135 γνωσθήσεται.
703 5083 722 5117 ι

221 5170 238 5198 ι
265 5151 544 5223 Κρείσσων
574 5158 814 5230 πονηρία
852 5159 1072 5233 ἀνδρὸς,
1114 5161 1148 5234 ἢ
1180 5162 1508 5234 ἀγαθοποιδς
1547 5163 1709 5236 γυνή.

165 5238 279 5297 Ἐπὶ
300 5251 516 5317 γυναικὶ
549 5254 768 5327 πονηρᾷ
794 5253 958 5309 καλὸν
985 5257 1241 5330 σφραγίς.
1275 5276 1296 5310 ι

217 5420 623 5511 Ἀμαρτήματα
651 5441 954 5512 γυναικῶν,
987 5443 1201 5516 ἀνδρῶν
1232 5445 1583 5504 ἀπαιδευσία.

212 5623 347 5701 Γυνὴ
375 5632 747 5702 φιλόπλουτος,
773 5633 1100 5688 συνοικοῦσα
1127 5633 1284 5708 ἀνδρὶ
1311 5635 1598 5708 ὁμόφρονι,
1627 5640 1709 5692 δι-

1817 4499 2102 4558 Ascensus
2129 4516 2401 4559 arenosus
2426 4504 2482 4559 in
2516 4507 2750 4577 pedibus
2775 4510 3045 4576 veterani,
3076 4514 3156 4568 sic
3197 4515 3397 4570 mulier

1819 4591 2063 4663 linguata
2103 4593 2308 4649 homini
2355 4595 2561 4664 quieto.
2595 4597 2637 4650 Α
2667 4599 2900 4654 muliere
2933 4599 3150 4656 initium
3184 4605 3393 4660 factum

1815 4693 1902 4742 est
1939 4687 2172 4754 peccati,
2218 4694 2274 4741 et
2298 4701 2394 4757 per
2433 4687 2583 4742 illam
2628 4691 2900 4746 morimur
2929 4708 3141 4750 omnes.
3181 4695 3260 4752 Ne
3294 4699 3394 4754 des

1817 4777 2038 4834 mulieri
2070 4780 2224 4833 mala:
2245 4778 2506 4850 loquendi
2540 4780 2873 4838 libertatem.
2914 4805 2932 4837 ι

1890 4873 2062 4929 Eccli.
2097 4889 2248 4941 τινι,
2279 4874 2330 4928 ε’..
2365 4904 2436 4914 --
2481 4894 2500 4928 ι
2541 4875 2625 4930 lra
2661 4892 2879 4947 magna,
2918 4882 3119 4938 mulier
3148 4881 3413 4943 ebriosa.’

1815 4964 2134 5021 Fornicatio
2166 4967 2419 5022 mulieris
2451 4968 2502 5024 in
2537 4969 2862 5028 cxtolleutia
2912 4977 3224 5042 oculorum,
3254 4989 3306 5034 et
3332 4981 3391 5036 in

1815 5060 2093 5132 palpebris
2132 5059 2252 5117 suis
2288 5071 2676 5130 cognoscetur.
2714 5081 2733 5116 ι

1885 5154 2056 5209 Eccli.
2099 5169 2234 5219 xui,
2293 5152 2383 5208 14.
2422 5184 2489 5197 -
2519 5173 2538 5206 ι
2575 5153 2766 5211 Melior
2812 5166 2900 5214 est
2959 5159 3218 5230 iniquitas
3261 5167 3388 5233 viri,

1812 5265 1977 5320 quam
2000 5248 2196 5303 mulier
2222 5246 2595 5304 benefaciens.
2626 5245 2802 5319 Super
2835 5254 3124 5310 mulierem
3150 5273 3387 5329 nequam

1813 5351 2017 5405 bonum
2041 5358 2121 5406 est
2154 5349 2421 5419 sigillum.
2452 5367 2471 5401 ι

1880 5442 2046 5496 Sixti.
2081 5469 2150 5482 —-
2183 5439 2416 5497 Peccata
2463 5441 2755 5498 mulierum
2799 5443 3075 5515 imperitia
3141 5447 3384 5504 virorum

1812 5537 2242 5595 contrahuntur.
3018 5591 3025 5598 .

1883 5629 2056 5686 Basil.
2095 5629 2240 5682 hom.
2297 5637 2417 5683 adv.
2457 5629 2608 5684 dicit.
2649 5660 2719 5670 -—
2763 5630 3006 5686 Mulieri:
3046 5633 3258 5688 lasciva:
3297 5637 3383 5689 dc-

153 5720 357 5790 κῖἀσιος
383 5727 553 5790 νόσος.
588 5729 700 5793 Τάς
734 5745 793 5783 τε
842 5725 952 5795 γὰρ
995 5728 1209 5797 τρυφὰς
1255 5727 1568 5802 ἀναφλέγει,
1605 5732 1697 5785 καὶ

1864 5726 2043 5794 riptin.
2078 5751 2146 5764 -ι
2174 5721 2390 5789 Mulier,
2435 5738 2557 5792 qua:
2606 5724 2922 5782 divitiarum
2971 5736 3054 5783 est
3089 5743 3301 5797 amans,
3335 5733 3381 5788 si

453 5831 722 5893 Parnm.
765 5835 876 5891 Gn.
925 5827 1101 5892 XCV.

2886 5817 2958 5880 42
