3886 6248
195 242 311 312 Ῐ315

1406 217 2134 310 δΑριιΑῬΑΒΑιιΕιΑ

190 361 269 416 καὶ
292 354 511 429 μεχλάν·
552 351 790 426 πρόσεχε
822 352 1034 425 μήπως
1067 353 1361 428 ὀλισθήσῃς
1388 358 1446 412 ὲν
1473 356 1733 427 aen}...—

1842 373 2003 413 nuatn
2036 369 2093 415 et
2131 367 2317 417 vectes
2349 380 2362 417 :
2398 363 2620 420 attende
2671 378 2739 420 ne
2778 361 2919 421 forte
2948 365 3156 425 labaris
3202 368 3412 439 lingua.

188 451 357 508 Πολλοὶ⁵
382 448 580 501 ἔπεσαν
619 445 678 499 ἐν
724 445 954 516 στόματι
997 446 1293 521 μαχαίρας,
1329 449 1426 503 καὶ
1451 450 1551 520 οὐχ
1570 448 1647 514 ὡς
1678 449 1732 503 οἱ

183 540 507 605 πεπτωκότες
538 538 627 594 διὰ
655 538 930 611 γλώσσης.
972 557 992 592 ι

245 657 262 689 ι
290 634 352 688 Εἴ
389 650 470 698 τις
502 633 562 686 ἐν
609 629 755 701 λόγῳ
784 632 845 684 οὐ
887 630 1096 697 πταίει,
1124 625 1280 698 οὗτος
1317 632 1524 700 τέλειος
1563 635 1727 709 ἀνὴρ,

174 728 450 798 δυνάμενος
477 724 929 797 χαλιναγωγῆσαι
963 725 1057 779 καὶ
1097 725 1218 780 ὅλον
1258 716 1321 781 τὸ
1367 726 1548 800 σῶμα.
1581 730 1643 784 El
1671 729 1729 785 δὲ

175 818 271 873 τῶν
293 817 463 872 ἵππων
513 814 642 880 τοὺς
678 813 930 887 χαλινοὺς
958 816 1039 879 εἰς
1078 816 1147 870 τὰ
1193 816 1440 889 στόματα
1462 816 1729 892 βάλλομεν

174 914 245 978 είς
267 913 323 965 at
352 908 635 963 πείθεσθαι
674 908 873 973 αὐτοὺς
902 909 1057 981 ἡμῖν,
1088 909 1183 964 καὶ
1202 910 1325 965 ὅλον
1357 910 1418 965 τὺ
1444 911 1602 984 σῶμα
1631 914 1728 967 αὐ-

172 1002 271 1057 τῶν
298 1000 606 1072 μετάγομεν
628 1015 644 1030 ·
689 998 801 1054 ἰδοὺ
831 1000 929 1054 καὶ
951 999 1021 1053 τὰ
1048 998 1212 1054 πλοῖα
1244 999 1546 1073 τηλικαῦτα
1573 1002 1725 1073 ὄντα,

170 1096 254 1150 καὶ
276 1094 375 1148 ὑπὸ
404 1092 623 1164 ἀνέμων
651 1090 906 1165 σκληρῶν
928 1091 1266 1164 ἐλαυνόμενα
1297 1096 1594 1166 μετάγεται
1622 1096 1729 1152 ὑπδ

169 1188 432 1261 ἐλαχίστου
464 1184 747 1257 πηδαλίου,
770 1185 908 1239 ὅπου
933 1183 1001 1239 ἂν
1031 1186 1066 1257 ἡ
1101 1184 1247 1257 ὁρμὴ
1278 1186 1373 1240 τοῦ
1412 1187 1727 1256 εὐθύνοντος

169 1283 435 1355 βούλεται·
467 1279 640 1345 οὕτως
667 1280 763 1335 καὶ
793 1282 825 1351 ἡ
855 1278 1077 1347 γλῶσσα
1111 1283 1345 1355 σμικρὸν
1393 1280 1554 1352 μέλος
1584 1284 1723 1351 ἐστὶ,

169 1377 253 1433 καὶ
286 1373 635 1447 μεγαλαυχεί
684 1372 814 1427 Ἰδοὺ
851 1371 1032 1440 ὀλίγον
1066 1372 1180 1447 πῦρ
1220 1374 1418 1445 ⁴ἡλίκην
1458 1374 1591 1448 ὓλην
1630 1378 1726 1431 ἁν-

165 1470 348 1526 ἀπτειῑ
381 1467 490 1521 Kal
512 1467 546 1539 η
570 1464 792 1537 γλῶσσα
822 1464 954 1537 πῦρ,
976 1468 1005 1520 ό
1036 1466 1239 1538 κόσμος
1270 1468 1365 1540 τῆς
1387 1468 1622 1534 ἀδικίας.
1660 1472 1727 1526 Ἡ

164 1562 370 1632 γλῶσσα
400 1559 726 1614 καθίσταται
776 1559 835 1613 ὲν
884 1561 998 1623 τοῖς
1046 1559 1271 1630 μέλεσιν
1304 1560 1484 1633 ἡμῶν,
1523 1565 1555 1635 ὴ
1598 1581 1726 1619 σπι-

163 1653 316 1708 λεῦσα
344 1652 462 1706 ὅλον
492 1652 555 1705 τὸ
579 1651 760 1724 σῶμα,
796 1652 891 1705 καὶ
920 1650 1253 1722 φλογίζουσα
1278 1654 1371 1709 τὸν
1400 1658 1594 1726 τροχὸν
1623 1658 1725 1729 τῆς

163 1746 435 1815 γενέσεως,
467 1743 564 1800 καὶ
601 1722 969 1815 φλογιζομένη
1002 1744 1112 1798 ὑπὸ
1149 1744 1250 1818 τῆς
1294 1722 1538 1820 γεέννης.
1567 1722 1724 1805 Πᾶσα
1753 1722 1794 1776 Β

160 1838 259 1910 γὰρ
286 1835 446 1907 φύσις
482 1836 687 1909 θηρίων
724 1852 784 1889 τε
826 1839 922 1890 καὶ
949 1836 1234 1905 πετεινῶν,
1264 1838 1511 1910 ἑρπετῶν
1540 1858 1600 1895 τε
1629 1842 1726 1897 xal

159 1930 368 1985 ἐναλίων
403 1926 828 2002 δαμάζεταιοιαὶ
854 1926 1189 1999 δεδάμασται
1218 1932 1285 2002 τῇ
1320 1929 1480 2001 φύσει
1532 1933 1597 2004 τῇ
1632 1933 1728 1987 ἀν-

157 2022 417 2096 θρωπίνη,
468 2023 569 2094 τὴν
614 2023 672 2077 δὲ
720 2020 977 2092 γλῶσσαν
1014 2021 1188 2087 οὐδεὶς
1234 2022 1459 2078 δύναται
1515 2023 1727 2096 ἀνθρώ·-

158 2135 266 2173 πων
297 2116 573 2191 δαμάσαι·
630 2118 1006 2189 ἀκατάσχετον
1051 2116 1246 2185 κακὸν,
1303 2117 1479 2192 μεστὴ
1510 2119 1592 2174 ἰοῦ
1631 2120 1728 2173 θα-

156 2213 476 2285 νατηφόρου.
507 2211 597 2266 Ἑν
633 2210 771 2283 αὐτῇ
805 2209 1138 2282 εὐλογοῦμεν
1167 2210 1259 2265 τδν
1299 2211 1435 2267 Θεὸν
1484 2215 1579 2267 καὶ
1608 2215 1726 2269 Πα-

156 2306 298 2377 τέρα,
329 2304 427 2360 καὶ
486 2305 546 2358 ὲν
597 2304 738 2377 αὐτῇ
792 2302 1166 2375 καταρώμεθα
1216 2305 1344 2369 τοὺς
1405 2305 1728 2379 ἀνθρώπους

152 2398 269 2464 τούς
311 2397 436 2453 καθ’
475 2397 741 2469 ὁμοίωσιν
769 2394 906 2449 Θεοῦ
950 2397 1266 2467 γεγονότας.
1309 2398 1407 2454 Ἐκ
1434 2399 1530 2454 τοῦ
1559 2400 1726 2455 αὐτοῦ

156 2491 411 2563 στόματος
448 2492 733 2563 ἐξέρχεται
778 2491 1001 2560 εὐλογία
1045 2493 1143 2547 xal
1184 2491 1422 2565 κατάρα.
1484 2494 1561 2548 Οὐ
1592 2495 1723 2567 χρὴ,

153 2582 361 2654 ἀδελφοί
391 2601 523 2654 μου.
547 2584 639 2655 Μή
670 2600 723 2637 τι
756 2584 791 2652 ἡ
820 2583 972 2654 πηγὴ
1006 2583 1070 2637 ὲκ
1094 2582 1194 2656 τῆς
1216 2584 1388 2654 αὐτῆς
1407 2583 1546 2656 ὀπῆς
1575 2584 1729 2657 βρύει

153 2677 207 2730 τδ
232 2676 427 2745 γλυκὺ,
454 2678 554 2732 καὶ
577 2680 639 2731 τὸ
670 2680 867 2752 πικρόν
886 2695 901 2744 ;
923 2695 941 2728 ι

218 2772 393 2841 Κόρος
439 2773 609 2843 λόγου
656 2773 917 2847 πολέμιος
954 2776 1167 2841 ἀκοαῖς,
1200 2772 1276 2839 ὡς
1311 2773 1732 2845 ὑπερϐάλλουσα

154 2864 318 2938 τροφὴ
359 2863 607 2938 σώματι.

1828 480 1902 490 —
1929 450 2086 507 Multi
2119 453 2442 510 ceciderunt
2495 456 2551 511 in
2586 472 2687 513 ore
2743 456 2905 528 gladii
2953 476 2968 511 :
3011 459 3107 515 sed
3153 476 3263 516 non
3309 460 3411 527 sic,

1829 543 1980 598 velut
2011 545 2106 616 qui
2138 546 2471 603 interierunt
2503 563 2601 620 per
2626 550 2894 621 linguam.
2923 569 2943 604 ι

1897 633 2025 691 lar.
2068 652 2152 700 tu,
2180 637 2348 706 2,“.
2380 671 2440 681 -—
2493 658 2513 694 ι
2551 640 2607 696 Si
2634 643 2760 713 quis
2799 643 2854 699 in
2890 644 3059 700 verba
3098 660 3205 700 non
3244 645 3416 702 οπρεπ-

1825 727 1930 792 dit,
1968 727 2057 783 hic
2089 737 2174 785 est
2210 730 2488 802 perfectus
2522 734 2644 800 vir;
2686 742 2881 805 potens
2913 736 3080 791 etiam
3113 735 3272 794 freno
3308 754 3417 793 Cir-

1828 820 2167 879 cumducere
2198 834 2371 880 totum
2407 840 2648 898 corpus.
2688 824 2746 883 Si
2774 836 2956 884 autem
2986 830 3145 900 equis
3174 830 3325 886 l'rcna
3356 832 3414 887 in

1824 927 1924 967 ora
1962 913 2234 970 mittimus
2264 916 2331 970 ad
2361 919 2824 989 consentiendum
2851 918 3035 985 nobis,
3057 919 3225 974 etiam
3249 937 3415 977 omne

1827 1019 2028 1075 corpus
2058 1004 2276 1060 illorum
2310 1007 2759 1065 clrcumferimus
2795 1017 2891 1064 :et
2910 1024 3045 1064 ecce
3075 1018 3413 1077 naue-mcum

1827 1112 2040 1170 magna:
2071 1097 2204 1167 sint,
2234 1108 2289 1154 et
2336 1115 2365 1153 a
2395 1102 2576 1157 ventis
2606 1101 2810 1158 validis
2845 1102 3148 1167 minentur,
3177 1104 3416 1160 circum-

1828 1190 2082 1248 feruntur
2115 1207 2144 1249 a
2174 1193 2395 1248 modico
2433 1194 2829 1265 gubernaculo,
2865 1194 2956 1250 ubi
3000 1195 3239 1267 impetus
3272 1197 3415 1253 (liri-

1826 1285 2006 1357 gentis
2060 1286 2296 1342 voluerit
2345 1305 2358 1341 :
2414 1287 2488 1341 ita
2539 1296 2593 1342 et
2648 1287 2834 1358 lingua
2883 1288 3157 1343 modicum
3190 1290 3411 1362 quidem

1826 1378 2134 1433 membrum
2168 1387 2271 1443 est,
2294 1388 2347 1434 et
2381 1394 2575 1451 magna
2604 1379 2827 1435 exaltat.
2860 1377 3004 1438 Ecce
3030 1397 3232 1453 parvus
3272 1384 3413 1455 ignis

1825 1484 1990 1539 quam
2023 1485 2275 1542 magnam
2301 1471 2497 1526 silvam
2527 1471 2772 1528 incendit
2797 1472 2810 1527 ι
2840 1470 2908 1527 Ει
2937 1473 3122 1543 lingua
3143 1475 3289 1546 ignis
3305 1486 3413 1542 est,

1827 1564 2167 1621 universitas
2240 1564 2581 1636 iniquitatis.
2656 1563 2867 1635 Lingua
2933 1568 3294 1624 constituitur
3356 1570 3410 1623 in

1828 1655 2094 1711 titembris
2124 1654 2352 1722 nostris,
2398 1672 2521 1727 qua:
2562 1658 2805 1712 maculat
2851 1667 3027 1713 totum
3083 1674 3312 1733 corpus,
3358 1668 3414 1716 et

1825 1744 2134 1802 inﬂammat
2158 1756 2337 1802 rotam
2368 1747 2677 1805 nativitatis
2701 1756 2923 1813 nostras,
2954 1760 3009 1806 et
3040 1750 3413 1808 inﬂammatur

1826 1852 1857 1892 a
1888 1837 2162 1909 gehenna.
2196 1837 2392 1895 Omnis
2421 1840 2568 1895 enim
2608 1849 2810 1897 natura
2857 1837 3185 1910 bestiarum,
3220 1854 3274 1903 et
3317 1860 3411 1901 vo-

1828 1930 2071 1995 lucrum,
2102 1940 2157 1986 et
2190 1931 2554 2003 serpentium.
2591 1941 2647 1989 et
2685 1934 3012 2004 aquatilium
3042 1934 3324 2004 domatur,
3357 1946 3413 1994 et

1825 2020 2035 2079 domita
2060 2032 2148 2079 est
2179 2037 2211 2078 a
2251 2032 2451 2080 natura
2483 2026 2744 2081 humana.
2768 2024 3040 2100 Linguam
3073 2040 3253 2085 autem
3288 2022 3414 2086 nul-

1829 2116 1915 2172 Ins
1959 2114 2245 2176 hominum
2289 2115 2514 2172 domare
2561 2126 2767 2189 potest,
2821 2117 3129 2189 inquietum
3179 2122 3410 2186 malum,

1828 2208 1990 2281 plena
2023 2224 2233 2265 veneno
2263 2208 2570 2266 mortifero.
2603 2211 2659 2266 In
2690 2211 2808 2281 ipsa
2837 2210 3215 2269 benedieimus
3243 2212 3412 2271 Deum

1826 2306 1883 2355 et
1916 2296 2232 2366 Patrem,et
2259 2302 2314 2357 in
2349 2301 2467 2373 ipsa
2500 2301 2878 2359 maledicimus
2914 2301 3165 2360 hemines
3200 2305 3291 2376 qui
3343 2306 3414 2361 ad

1828 2391 2249 2451 similitudinem
2284 2394 2378 2450 Dei
2414 2394 2544 2450 facti
2584 2404 2736 2451 sunt.
2769 2394 2843 2449 Ex
2881 2396 3002 2467 ipso
3027 2411 3125 2452 ore
3168 2399 3416 2468 procedit

1831 2485 2139 2544 benedictio
2160 2497 2215 2545 et
2240 2487 2573 2544 maledictio.
2600 2487 2718 2543 Non
2755 2496 2993 2561 oportet,
3040 2490 3242 2548 fratres
3280 2493 3410 2546 mei.

1828 2576 2086 2650 Nunquid
2127 2578 2251 2635 fons
2280 2578 2349 2635 de
2384 2579 2577 2635 eodem
2614 2577 2886 2635 foramine
2933 2591 3153 2637 emanat
3195 2582 3414 2637 dulcem

1831 2682 1885 2731 et
1921 2688 2163 2730 amaram
2198 2673 2433 2747 aquam?
2460 2692 2480 2726 ι

1902 2764 2063 2837 Greg.
2110 2763 2250 2821 Nas.
2279 2796 2350 2809 υ-
2383 2763 2716 2822 Immodicas
2755 2781 2940 2822 sermo
2974 2766 3200 2823 auribus
3233 2767 3416 2823 inimi-

1833 2874 1935 2916 cus
1968 2868 2078 2927 est,
2116 2859 2261 2915 haud
2297 2874 2461 2918 secus
2489 2868 2656 2931 atque
2681 2858 3081 2915 immoderatus
3114 2860 3273 2917 cibus
3295 2876 3416 2918 cor-

1835 2968 1981 3026 port.

220 3050 477 3116 ὀλισθος
528 3048 840 3123 ἀνθρώποις
873 3049 1118 3121 γλῶσσα,
1151 3050 1230 3123 μὴ
1263 3050 1411 3125 λόγῳ
1456 3051 1734 3123 κυϐερνω-

1908 3045 2099 3119 Ejusd.
2132 3056 2271 3102 orat.
2312 3046 2364 3102 ‘1.
2391 3077 2463 3088 -
2499 3044 2678 3102 Ruina
2734 3048 3056 3107 hominibus
3089 3058 3174 3107 est
3207 3049 3414 3123 lingua,

156 3144 303 3216 μένη.
920 3188 923 3189 ν

220 3235 392 3302 Λόγος
427 3234 624 3300 ἀπλῶς
655 3234 1047 3309 προσενεχθεὶς
1078 3235 1408 3309 ὁλοκλήρους
1433 3236 1737 3310 ἀνέτρεψεν

155 3327 342 3395 οἰκίας,
380 3331 480 3385 καὶ
512 3329 694 3401 ψυχὰς
726 3328 978 3387 ἀπώλεσε
1029 3330 1126 3384 καὶ
1158 3328 1445 3385 κατέδυσε.
1483 3331 1594 3385 Kal
1626 3330 1739 3386 τῶν

158 3419 247 3489 μὲν
273 3421 590 3493 χρημάτων
631 3420 732 3492 τὴν
780 3420 988 3494 ζημίαν
1029 3420 1377 3495 διορθοῦσθαι
1422 3422 1585 3477 πάλιν
1633 3423 1735 3490 ενι,

152 3514 301 3586 λόγον
330 3515 391 3570 δὲ
436 3515 830 3588 ὲκπηδὴσαντα
869 3514 1019 3582 απαξ
1061 3514 1373 3586 ἀνακτῆσαι
1418 3515 1584 3571 πάλιν
1636 3518 1737 3573 οὐκ

152 3608 245 3664 ενι.
902 3646 917 3667 9

215 3701 305 3774 Μὴ
330 3700 635 3773 χελιδῶνας
669 3701 749 3765 είς
780 3700 957 3763 οίκίας
984 3698 1231 3773 δέχεσθε,
1266 3702 1516 3757 τουτέστι
1542 3702 1737 3769 λάλους

150 3792 499 3866 ἀνθρώπους,
566 3794 662 3848 καὶ
731 3793 859 3856 τοὺς
914 3792 1046 3865 περὶ
1102 3791 1359 3864 γλῶσσαν
1409 3795 1739 3868 ἀνακρατεῖς

149 3886 479 3959 ὁμοροιρίους
512 3886 592 3959 μὴ
624 3886 891 3942 ποιεῖσθε.

213 3980 447 4036 Γλῶσσα
480 3979 632 4051 κακὴ
654 3977 965 4046 ἀνθρώπου,
999 3976 1209 4045 πτῶσις
1258 3977 1431 4048 αὐτῷ.
1477 3980 1587 4034 Kal
1627 3980 1737 4036 πά-

150 4071 267 4124 λιν’
328 4073 409 4129 Ἠ
457 4069 720 4143 γλῶσσὰ
776 4086 916 4135 σου,
974 4068 1069 4125 ἀεί
1125 4069 1315 4140 ξυρὸν
1356 4070 1740 4142 ἠκονημένον

146 4166 446 4238 ἐποίησας
498 4165 709 4220 δόλον.
758 4164 868 4217 Kal
914 4163 1118 4217 πάλιν·
1174 4163 1239 4219 Τί
1286 4162 1512 4235 δοθείη,
1548 4165 1647 4220 καὶ
1682 4166 1741 4222 τί

150 4261 511 4332 προστεθείη
545 4276 644 4315 σοι
672 4258 825 4327 πρὸς
856 4255 1151 4330 γλῶσσαν
1185 4256 1443 4323 δολίαν;
1485 4259 1594 4314 Kal
1636 4260 1742 4315 πά-

118 4378 121 4381 η
148 4354 256 4409 λιν·
290 4356 357 4410 '0
387 4356 542 4422 Θεὸς
565 4353 679 4423 τὴν
699 4352 941 4408 αινεσίν
967 4369 1087 4427 μου
1112 4350 1202 4422 μὴ
1232 4353 1734 4424 καρασιωπήσῃς,

1838 3158 1962 3216 qua:
1993 3143 2204 3199 ratione
2236 3158 2342 3198 non
2374 3141 2741 3214 gubernatur.

1917 3234 2290 3308 Chrysost.-——
2326 3235 2521 3290 Sermo
2582 3245 2786 3292 temere
2848 3235 3105 3307 profusus
3173 3236 3418 3309 integras

1835 3330 2031 3386 domos
2076 3333 2294 3395 evertit,
2352 3331 2675 3400 animasque
2725 3328 2969 3402 perdidit
3000 3338 3054 3385 et
3087 3330 3413 3386 submersit.

1835 3426 1915 3482 Ac
1949 3426 2310 3498 pecuniarum
2348 3424 2511 3498 422
2547 3422 2766 3496 quidem
2788 3424 3006 3494 jactura
3043 3424 3240 3479 sarciri
3294 3440 3416 3479 rur-

1836 3535 1960 3577 sum
1992 3527 2174 3591 potest
2214 3537 2227 3574 :
2282 3533 2467 3575 sermo
2516 3525 2725 3585 autem,
2773 3517 2866 3572 ubi
2902 3516 3073 3572 semel
3124 3516 3415 3583 exsilierit,

1838 3614 2028 3686 nequit
2057 3613 2254 3669 iterum
2286 3610 2601 3682 recuperari
2620 3648 2636 3664 .

1908 3706 2100 3780 Cyrill.
2138 3736 2209 3747 —
2234 3704 2571 3760 llirnndines
2597 3702 2762 3758 domo
2792 3701 2961 3757 nolite
2984 3700 3281 3772 excipere;
3314 3700 3418 3756 hoc

1843 3810 1927 3858 est
1959 3840 1974 3864 ,
2013 3799 2267 3871 garrulos
2312 3797 2583 3864 homines,
2622 3803 2676 3852 et
2710 3795 2930 3868 procaci
2977 3795 3182 3867 lingua,
3220 3805 3419 3852 contu-

1838 3890 2096 3947 bernales
2121 3896 2340 3944 vestros
2368 3887 2597 3943 minime
2631 3885 2814 3943 facite.

1913 3980 2104 4036 Euseb.
2138 4009 2205 4020 --
2232 3977 2443 4051 Lingua
2481 3992 2716 4049 nequam
2754 3976 3016 4042 hominis,
3046 3977 3207 4033 ruina
3245 3978 3420 4049 ipsius

1843 4084 1952 4133 est.
1984 4068 2338 4145 Rursumque
2362 4070 2530 4127 David
2575 4088 2589 4127 :
2630 4069 2840 4141 Lingua
2875 4080 2969 4126 tua
2999 4072 3136 4127 sicut
3164 4072 3421 4127 novacula

1842 4170 2019 4243 fecisti
2046 4168 2227 4222 dolum
2253 4163 2431 4236 (Psal.
2468 4180 2545 4229 LI.
2571 4161 2648 4237 4).
2686 4165 2751 4221 Ει
2807 4165 3008 4221 iterum
3039 4184 3052 4221 :
3086 4163 3231 4232 Quid
3268 4167 3423 4220 detur

1843 4263 1962 4329 tibi,
1994 4272 2087 4318 aut
2116 4261 2243 4334 quid
2275 4269 2574 4331 apponatur
2623 4259 2718 4314 tibi
2755 4259 2825 4314 ad
2857 4260 3091 4330 tinguant
3124 4257 3365 4314 dolosam
3396 4261 3423 4317 .’

1844 4353 2023 4429 (Psal.
2051 4368 2201 4415 crux,
2221 4353 2302 4423 5.)
2328 4352 2393 4405 Et
2422 4354 2478 4407 in
2509 4351 2617 4406 alio
2639 4350 2763 4407 loco
2789 4370 2803 4408 :
2834 4350 2994 4414 Deus,
3019 4349 3228 4406 laudem
3252 4367 3422 4405 meant

151 4446 237 4501 ὅτι
270 4449 477 4518 στόμα
509 4444 887 4517 ἁμαρτωλοῦ,
917 4444 1017 4502 καί
1045 4445 1242 4515 στόμα
1277 4444 1488 4502 δολίου
1514 4447 1607 4501 ἐπ’
1634 4446 1734 4519 ἐμὲ

1842 4459 1907 4503 ne
1931 4445 2183 4510 tacueris,
2212 4445 2337 4516 quia
2362 4459 2419 4498 os
2447 4441 2744 4515 peccaturis
2774 4454 2821 4498 et
2861 4458 2919 4496 os
2945 4440 3118 4496 dolosi
3151 4457 3310 4512 super
3342 4457 3424 4496 me

148 4538 427 4610 ἠνοίχθη.
454 4538 568 4594 Kal
602 4537 765 4592 πάλιν
784 4552 802 4571 ο
845 4536 1192 4605 Ἦκόνησαν
1217 4537 1512 4607 γλῶσσαν
1541 4537 1741 4594 αὐτῶν

148 4632 288 4687 ὡσεί
318 4632 552 4703 ὄφεωςο
584 4632 672 4700 ίὸς
712 4630 988 4687 ἀσπίδων
1026 4631 1147 4687 ὐπὸ
1195 4632 1265 4689 τὰ
1304 4631 1479 4702 χειλη
1518 4632 1735 4688 αὐτῶν.

149 4722 250 4777 Τδν
279 4724 408 4792 δφιν
436 4724 662 4793 λέγεται
687 4722 859 4777 δεινὸν
901 4721 1046 4794 ἔχειν
1075 4721 1134 4776 τὸ
1170 4723 1396 4795 κέντρον
1432 4724 1531 4795 τῆς
1566 4723 1740 4795 γλώσο

152 4834 249 4887 σης
272 4816 470 4883 αὐτοῦ,
498 4815 615 4871 ἀλλ’
642 4817 743 4869 οὐκ
784 4816 899 4869 ἐστι
927 4814 1229 4887 δεινότερον
1256 4813 1508 4897 γλώσσης
1531 4815 1741 4885 ἀνθρώ.-

150 4929 251 4968 που
318 4911 531 4982 κακῆς.
578 4911 810 4979 Λέγεται
852 4908 947 4962 καὶ
993 4906 1169 4979 σαῠρα
1217 4906 1425 4989 χλωρὰ,
1480 4908 1594 4962 ἀλλ’
1639 4908 1740 4961 οὐκ

151 5004 264 5059 ἔστι
315 5003 643 5076 χλωροτέρα
684 5000 779 5055 τοῦ
812 4999 1077 5074 φλυάρου.
1119 4999 1392 5071 Σκορπεου
1436 5000 1623 5071 δῆγμα
1653 4999 1742 5053 θε-

155 5097 487 5167 ραπεύεται,
509 5094 666 5165 λόγος
704 5094 763 5149 δὲ
795 5092 965 5183 κακὸς
995 5091 1352 5163 ἐξερχόμενος
1379 5095 1444 5147 ἐκ
1477 5095 1741 5165 στόματος

154 5188 400 5261 φλυάρου
434 5188 672 5258 πλησσει
716 5186 810 5241 τὸν
842 5173 1086 5257 ῗπλησίον
1129 5183 1316 5241 αὐτοῦ.
1346 5184 1525 5255 Φλόγα
1574 5184 1745 5257 πυρὸς

151 5278 555 5339 κατασϐεννύει
578 5277 745 5352 ὕδωρ,
769 5277 1021 5348 γλῶσσαν
1057 5276 1115 5331 δὲ
1158 5276 1335 5359 κακὴν
1356 5277 1533 5343 οὐδεὶς
1564 5296 1747 5333 κατα-

152 5377 411 5450 πραΰνει.
456 5375 659 5429 Ἵππον
711 5370 1188 5448 σκληροτράχηλον
1218 5371 1451 5444 δαμάζει
1492 5372 1743 5443 χαλινὸς,

152 5470 410 5541 γλῶσσαν
456 5467 519 5524 δὶ
565 5467 743 5541 κακὴν
779 5466 957 5541 οὐδεὶς
986 5464 1211 5520 δύναται
1251 5464 1517 5537 δαμάσαι.
1545 5465 1746 5536 Θηρίον

155 5538 348 5636 ἀγριον
412 5561 662 5635 εὐχερῶς
698 5538 1043 5639 fuemunt,
1098 5559 1325 5628 γλῶσσα
1377 5559 1435 5615 δὲ
1487 5559 1636 5633 κακὴ
1684 5560 1746 5615 οὐ

160 5657 492 5731 πραΰνεται.
519 5656 633 5709 Οὐκ
666 5641 816 5720 ἐστιν
854 5652 913 5708 ἐν
944 5649 1025 5721 τῷ
1053 5653 1245 5729 κόσμῳ
1283 5652 1464 5724 χεῖρον
1494 5650 1748 5722 γλώσσης

160 5750 357 5823 κακῆς.
417 5747 723 5824 Συγκρούει
774 5746 930 5800 πόσιν
989 5744 1125 5819 πρὸς
1177 5743 1361 5812 ⁸πόσιν,
1407 5744 1584 5799 οἰκίαν
1608 5743 1748 5812 πρὸς

1804 4550 2079 4610 mperium
2108 4547 2186 4593 est
2236 4536 2410 4607 (Psal.
2452 4550 2609 4598 cvm,
2655 4533 2753 4607 2).
2813 4535 2879 4589 Et
2924 4534 3055 4589 alibi
3098 4552 3112 4589 :
3151 4537 3422 4589 Acuerunt

1842 4635 2052 4704 linguas
2080 4649 2208 4688 suas
2257 4632 2396 4687 sicut
2444 4629 2723 4698 serpentis,
2755 4644 3007 4684 uenenum
3047 4627 3295 4699 aspidnm
3325 4627 3423 4682 sub

1843 4729 2000 4783 labiis
2030 4743 2215 4783 eorum
2268 4724 2445 4797 (Psal.
2501 4740 2742 4791 cxmx,
2782 4723 2874 4790 ιλ).
2937 4722 3221 4793 Serpentis
3268 4721 3426 4775 aiunt

1844 4830 2085 4877 atrocem
2140 4821 2339 4891 lingua:
2390 4817 2643 4874 aculeum
2686 4830 2859 4873 esse:
2914 4830 3103 4870 verum
3146 4813 3281 4869 nihil
3330 4813 3425 4868 ille

1844 4916 2082 4972 atrocior
2122 4922 2208 4971 est
2262 4914 2403 4968 mala
2458 4912 2701 4968 hominis
2751 4911 2959 4982 lingua.
3006 4907 3220 4964 Dicitur
3254 4907 3425 4963 etiam

1844 5014 2051 5067 lacerta
2077 5009 2325 5071 decolor,
2357 5007 2452 5064 sed
2496 5022 2560 5063 ea
2592 5004 2820 5061 decolor
2854 5004 3029 5074 magis
3063 5018 3171 5058 non
3203 5009 3289 5058 est
3321 5001 3419 5057 lio-

1846 5106 1995 5161 mine
2050 5105 2234 5175 inepte
2292 5100 2534 5173 loquaci.
2576 5097 2796 5170 Scorpii
2850 5111 3073 5153 morsus
3122 5094 3425 5152 remedium

1846 5198 2090 5253 admittit
2124 5213 2139 5251 :
2176 5203 2233 5251 at
2266 5208 2449 5252 sermo
2481 5192 2663 5248 malus
2710 5206 2780 5248 es
2822 5189 3108 5264 nugatoria
3144 5202 3240 5244 ore
3269 5201 3423 5259 θετο-

1846 5288 2026 5356 dicns,
2061 5285 2464 5343 immedicabile
2490 5283 2691 5340 vulnus
2721 5282 2971 5354 proximo
2998 5277 3218 5349 inﬂigit.
3250 5275 3419 5331 Flam-

1847 5399 1935 5439 ma
1988 5381 2130 5454 ignis
2172 5394 2316 5453 aqua
2346 5378 2722 5449 exstinguitur
2751 5395 2767 5433 :
2800 5374 2939 5432 nihil
2968 5380 3151 5430 autem
3180 5371 3422 5444 linguam

1849 5474 2158 5546 improbam
2200 5470 2436 5542 mitigat.
2472 5468 2689 5541 Equum
2724 5466 2939 5523 duriori
2968 5463 3184 5521 cervice
3210 5462 3424 5519 frenum

1849 5566 2039 5621 domat
2071 5588 2082 5620 :
2117 5564 2361 5634 linguam
2408 5575 2539 5619 vero
2588 5573 2813 5633 pravam
2852 5556 3080 5613 domare
3115 5551 3299 5609 nullus
3330 5566 3430 5625 po-

1851 5670 1980 5715 test.
2011 5657 2352 5715 ‘l‘rueulenta
2398 5655 2513 5712 fera
2558 5653 2705 5709 facili
2751 5652 2973 5725 negotio
3007 5647 3287 5705 cicuratur
3322 5662 3336 5700 :
3372 5651 3423 5699 at

1853 5749 2052 5804 malam
2096 5750 2337 5825 linguam
2392 5747 2564 5804 lenire
2614 5742 2963 5809 impossibile
3005 5749 3110 5797 cst.
3160 5734 3313 5793 Nihil
3369 5734 3424 5791 in

3278 253 3416 321 13:6
3517 337 3520 341 λ
