3948 6250
155 317 290 387 1361

1409 322 1649 386 SACRA
1684 321 2124 385 PARALLELA
2137 368 2151 381 .

3278 308 3414 376 1362

293 441 390 504 ⁸ος
463 437 565 494 οὐκ
620 437 940 512 αἰσχύνεται
993 438 1261 512 πρόσωπα
1317 440 1568 507 δικαίων,
1629 439 1724 496 οὐκ

1908 455 1927 488 ε
1967 436 2073 504 Qui
2123 435 2401 508 justorum
2439 431 2636 488 faciem
2667 442 2779 484 non
2808 431 3048 494 veretur,
3089 427 3270 484 bonus
3300 445 3409 484 non

151 533 376 589 ἁγαθός.
412 549 431 585 3
874 571 878 575 .

223 551 326 589 auo
363 573 376 586 .
412 551 431 585 3
874 571 878 575 .

187 551 244 680 γε
283 551 526 700 Ζξιμιοῦν
559 627 729 700 ἄνδρα
776 626 1008 696 δίκαιον,
1039 628 1100 684 οὐ
1130 628 1316 698 καλὸν,
1342 629 1468 687 οὐδὲ
1493 631 1660 686 ὅσιον.
1705 651 1723 684 3

224 837 245 870 ι
278 814 600 888 Εὐποίησον
633 814 868 880 εὐσεϐεῖ,
910 815 1008 870 καὶ
1051 815 1311 887 εὑρήσεις
1338 815 1726 889 ἀνταπόδωμα,

139 912 238 968 ’καὶ
270 912 321 966 εί
360 912 435 984 μὴ
480 910 612 983 παρ’
641 907 832 977 αὑτοῦ,
867 908 1004 964 ἀλλὰ
1049 911 1203 982 παρὰ
1238 908 1332 965 τοῦ
1375 909 1657 981 Ὑψίστου.
1704 930 1724 965 3

185 1074 188 1076 τ
211 1006 277 1062 Οἱ
302 1006 433 1070 τοὺς
460 1004 702 1075 ἀγαθοὺς
729 1004 1114 1071 ἔπαινοῦντες,
1155 1003 1412 1076 μερισταὶ
1440 1003 1548 1058 τῶν
1580 1005 1727 1060 ὲκεί-

144 1117 260 1162 νοις
288 1097 676 1171 ἀποκειμένων
712 1099 995 1168 στεφάνων
1021 1095 1179 1151 εἰσιν.

209 1192 327 1248 οὐκ
353 1191 470 1246 ἐστι
496 1191 642 1264 μέγα
662 1190 724 1245 τδ
748 1190 1060 1263 φροντίζειν
1080 1188 1275 1258 ἀνδρὸς
1299 1186 1534 1246 δικαίου.
1568 1190 1731 1246 Ἀλλὰ

145 1287 306 1358 χάριν
340 1285 612 1357 λαμϐάνει
634 1286 664 1340 ὁ
687 1283 1114 1356 καταξιούμενος
1146 1284 1420 1338 διακονεῖν
1448 1283 1620 1355 αὐτῷ.

141 1507 332 1563 ΤΙΤΔ.
369 1506 465 1574 (τ’.
511 1537 573 1547 --
605 1504 749 1573 Περὶ
792 1503 1169 1575 διαγνώσεως
1197 1504 1396 1564 καλρῦ
1428 1504 1524 1560 καὶ
1549 1519 1729 1572 πονη-

148 1589 158 1600 ’
200 1577 318 1646 ροῦ
345 1594 360 1610 ο
397 1576 501 1632 καί
551 1577 639 1647 ὅτι
670 1574 1168 1647 ἀπὸ-τῶνγὲργων.
1203 1577 1407 1647 καὶμὴ
1447 1577 1566 1632 ἀπὸ
1610 1575 1729 1632 τῶν

203 1645 412 1719 λόγων
435 1647 552 1719 χρὴ
584 1645 918 1717 δοκιμάζειν
937 1645 1220 1703 ἕκαστον.

1832 538 1938 585 est.
1970 549 1990 583 3

1903 622 2060 679 Prov.
2103 639 2235 683 xvu.
2265 620 2356 677 26.
2389 651 2459 663 —
2491 639 2510 673 ι
2545 618 2816 675 Damnum
2850 616 3058 678 inferre
3095 617 3411 689 virojusto,

1832 731 1931 770 nec
1965 717 2192 782 bonum,
2232 731 2332 771 nec
2366 713 2514 785 pium
2557 722 2659 768 est.
2704 731 2724 765 3

1906 806 2081 864 Eccli.
2125 823 2224 872 χιι,
2259 807 2314 863 2.
2348 837 2419 850 ——-
2463 824 2480 860 ι
2517 805 2755 862 Benefac
2798 806 2910 877 pio,
2959 813 3013 859 et
3054 803 3301 860 invenies
3333 818 3415 861 re-

1830 900 2230 967 tributionem;
2267 909 2320 955 et
2351 899 2396 954 si
2436 915 2547 953 non
2576 899 2646 953 ab
2680 899 2819 967 ipso,
2855 905 3006 952 certe
3037 912 3066 950 a
3095 897 3356 952 Domino.
3390 913 3408 946 3

1898 992 2006 1060 Qui
2042 993 2221 1053 bonos
2273 993 2533 1048 laudibus
2585 991 2882 1052 extollunt,
2919 1003 3252 1043 coronarum
3292 1001 3415 1058 quae

1830 1085 1965 1157 ipsis
1992 1087 2294 1142 recondita:
2321 1093 2473 1149 sunt,
2509 1083 2808 1157 participes
2844 1081 3184 1137 etIiciuntur.

1908 1176 1967 1234 S.
1995 1178 2302 1236 Clementis.
2335 1208 2404 1220 -—-
2426 1176 2544 1233 Non
2582 1185 2668 1233 est
2698 1188 2958 1243 magnum
2994 1168 3096 1229 viri
3142 1173 3277 1244 justi
3319 1187 3414 1227 cu-

1829 1286 1946 1327 ram
1978 1289 2192 1342 gerere.
2230 1271 2336 1327 Sed
2372 1271 2694 1327 beneﬁcium
2727 1271 2948 1341 accipit,
2977 1269 3064 1325 cui
3099 1269 3205 1326 hoc
3230 1268 3412 1338 datur,

1831 1369 1890 1420 ut
1923 1366 2004 1420 illi
2049 1365 2460 1422 subministret.

1831 1501 2001 1574 E29
2035 1500 2170 1559 ΊἿΤ.
2200 1502 2287 1559 Vl.
2326 1533 2395 1544 -ο
2433 1502 2510 1557 De
2558 1503 2870 1558 discrimine
2918 1501 3036 1556 boni
3073 1511 3122 1554 et
3160 1501 3288 1556 mali
3315 1516 3332 1554 :
3363 1512 3418 1555 et

1896 1577 2040 1650 quod
2063 1590 2130 1650 ea:
2157 1574 2425 1650 operibus.
2473 1592 2578 1630 non
2607 1584 2782 1630 autem
2813 1589 2886 1628 ea;
2912 1574 3267 1640 sermonibus,
3295 1589 3412 1627 cen-

1897 1645 2004 1700 seri
2034 1646 2251 1718 quisque
2281 1645 2490 1700 debeat.

213 1808 231 1841 ι
266 1787 572 1860 Στολισμδς
615 1786 829 1859 ἀνδρὸς,
866 1787 963 1842 καὶ
992 1785 1145 1858 βῆμα
1194 1786 1374 1852 ποδὸς,
1417 1786 1517 1840 καὶ·
1554 1785 1724 1856 γέλως

1910 1778 2087 1834 Eccti‘.
2133 1795 2247 1846 ιιι,
2308 1781 2402 1836 2'7.
2438 1811 2506 1822 —
2559 1799 2580 1832 ι
2625 1779 2874 1834 Amictus
2907 1778 3042 1843 viri,
3080 1785 3134 1833 et
3189 1792 3412 1847 gressus

134 1883 359 1938 ὀδόντων
391 1880 686 1952 ἀναγγελεῖ
705 1880 774 1934 τὰ
797 1878 925 1954 περὶ
959 1879 1148 1934 αὑτοῦ.
1182 1899 1202 1930 3

207 2079 226 2112 ι
277 2060 379 2114 Ἐκ
412 2058 523 2130 γὰρ
559 2059 654 2114 τοῦ
704 2059 922 2130 καρποῦ
953 2058 1012 2113 τὸ
1048 2058 1266 2130 δένδρον
1295 2059 1644 2128 γινώσκεται.
1697 2079 1716 2112 3

207 2171 226 2204 ι
293 2153 608 2225 Προσέχετε
657 2152 767 2207 ἀπὸ
808 2152 918 2208 τῶν
961 2152 1446 2226 ψευδοπροφητῶν,
1489 2154 1542 2207 οῖ
1576 2171 1721 2218 τινες

137 2245 554 2318 ἔρχονταιπρὺς
582 2246 729 2318 ὑμᾶς
757 2250 815 2301 ὲν
863 2244 1126 2318 ἐνδύμασι
1158 2247 1472 2318 προϐάτων.
1517 2247 1721 2301 ἔσωθεν

137 2339 190 2392 δέ
220 2341 324 2394 εἰσι
346 2339 508 2394 λύκοι
532 2341 806 2420 ἅρπαγες.
841 2340 974 2395 Ἀπὸ
994 2339 1106 2395 τῶν
1129 2341 1363 2414 καρπῶν
1388 2341 1571 2399 αὐτῶν
1601 2342 1718 2394 ἑπι-

140 2430 409 2500 γνὼσεσθε
444 2429 663 2510 αυτούς.
701 2451 719 2485 ι

206 2542 223 2576 ι
271 2522 552 2578 Ἕκαστον
599 2523 816 2596 δένδρον
854 2524 919 2579 ἐκ
969 2524 1064 2578 τοῦ
1117 2524 1247 2578 ίδίου
1295 2525 1509 2597 καρποῦ
1551 2523 1716 2596 γινώ-

141 2633 345 2674 σκεται.
378 2637 404 2672 ›

207 2731 224 2764 ι
278 2712 615 2786 Ἀγαπητοὶ,
643 2714 719 2788 μὴ
751 2715 917 2769 παντὶ⁵
946 2713 1226 2787 πνεύματι
1249 2715 1558 2782 πιστεύετε,
1583 2713 1718 2769 ἀλλὰ

141 2802 463 2875 δοκιμάζετε
492 2805 565 2862 τὰ
603 2805 914 2877 πνεύματα.
953 2827 972 2863 3

211 2895 527 2967 Ἐνδὲχεται
563 2896 684 2968 μὲν.
717 2889 763 2951 ὧ
797 2896 1028 2964 παιδίον,
1061 2897 1243 2968 λέγειν
1270 2897 1371 2970 μὲν
1399 2891 1482 2961 εὖ.
1516 2897 1720 2970 φαῦλον

141 2986 190 3040 δὲ
220 2989 516 3062 ῢπάρχειν,
553 2990 871 3065 πράσσοντα
919 2991 975 3047 δὲ
1012 2987 1098 3059 εὖ,
1152 2991 1356 3064 φαῦλον
1404 2987 1544 3047 εἶναι
1585 2992 1718 3048 ἁδύς-

141 3099 306 3140 νατον.

1839 1872 2018 1944 pedis,
2049 1883 2104 1931 et
2159 1875 2302 1932 risus
2361 1874 2636 1941 dentium,
2698 1872 3010 1930 enuntiabit
3053 1887 3174 1944 qua:
3213 1873 3279 1928 de
3319 1872 3412 1927 illo

1823 1976 1974 2024 sunt.
2011 1987 2033 2022 3

1898 2058 2092 2116 Matth.
2129 2076 2224 2126 ιιι,
2250 2061 2340 2118 35.
2362 2090 2433 2102 --
2459 2078 2478 2113 ι
2498 2058 2587 2116 Ex
2609 2058 2794 2116 fructu
2828 2058 2996 2114 arbor
3021 2057 3354 2130 agnoscitur.
3387 2077 3406 2111 3

1898 2150 2096 2208 Matth.
2132 2169 2226 2220 vn,
2263 2153 2352 2210 l5.
2393 2185 2458 2196 -—
2495 2173 2513 2206 ι
2555 2151 2836 2209 Attendite
2860 2167 2888 2205 a
2927 2152 3078 2208 falsis
3109 2152 3410 2224 prophetis,

1821 2244 1924 2314 qui
1952 2245 2185 2302 veniunt
2217 2247 2285 2301 ad
2317 2263 2415 2305 vos
2450 2249 2505 2304 in
2546 2247 2893 2302 vestimentis
2939 2248 3123 2301 ovium
3149 2290 3162 2314 ,
3215 2247 3410 2301 intrin-

1822 2351 1989 2393 secus
2015 2346 2198 2394 autem
2236 2351 2371 2397 sunt
2400 2343 2508 2418 lupi
2547 2355 2794 2413 rapaces.
2828 2341 2868 2394 A
2908 2339 3182 2396 fructibus
3220 2337 3410 2397 eoruin

1823 2432 2168 2499 cognoscetis
2198 2448 2313 2491 eos.
2356 2455 2373 2486 3

1893 2520 2025 2577 ιΑω,
2065 2540 2140 2588 vt,
2183 2525 2272 2582 44.
2305 2557 2373 2567 -
2409 2547 2428 2576 «
2478 2525 2838 2602 Unaquaeque
2895 2531 3060 2586 arbor
3102 2530 3172 2586 de
3219 2527 3410 2586 fructu
3451 2535 3455 2538 ’

1821 2629 1926 2671 suo
1957 2619 2332 2687 cognoscitur.
2376 2639 2393 2671 3

1895 2708 2112 2768 IJoan.
2144 2729 2221 2781 tv,
2245 2716 2291 2769 l.
2309 2745 2376 2756 —-
2394 2735 2414 2769 ι
2437 2717 2786 2787 Charissimi,
2821 2720 2987 2777 nolite
3013 2721 3160 2776 omni
3188 2719 3407 2793 spiritui

1822 2803 2067 2872 credere,
2095 2806 2193 2864 sed
2219 2809 2447 2880 probate
2479 2812 2731 2880 spiritus.
2771 2832 2790 2867 3

1894 2894 2038 2953 Fieri
2068 2898 2290 2969 quidem
2327 2909 2533 2973 potest,
2571 2918 2606 2959 o
2643 2903 2738 2970 (ili,
2795 2915 2853 2959 ut
2904 2905 3030 2975 quis
3080 2919 3204 2958 cuto
3238 2905 3410 2976 probe

1819 2987 2105 3060 loquatur,
2145 2991 2430 3062 improbus
2477 2995 2545 3048 sit
2576 3013 2590 3051 :
2625 3005 2685 3050 ut
2727 3009 2910 3052 autem
2941 2996 3034 3066 qui
3073 2995 3242 3066 probe
3271 2995 3406 3066 agit,

1823 3081 1896 3138 sit
1930 3083 2239 3155 improbus,
2270 3085 2375 3142 huc
2409 3087 2525 3144 ﬁeri
2558 3089 2871 3146 nullatenus
2899 3098 3101 3162 potest.

140 3215 309 3275 ΤΙΤΛ.
342 3219 426 3294 Z'_.
449 3251 518 3262 --
550 3222 688 3293 Περί
713 3221 982 3294 δικαίων.
1012 3223 1112 3278 καί
1137 3224 1328 3294 εὐχῆς
1355 3224 1490 3293 παρ’
1518 3224 1719 3282 αὐτῶν

1874 3212 1964 3270 IT.
1985 3213 2172 3270 Vl|.--
2191 3216 2264 3274 De
2281 3219 2471 3288 justis,
2504 3230 2553 3274 et
2581 3222 2830 3290 precibus
2857 3240 2990 3294 quas
3025 3222 3106 3277 illi
3127 3222 3357 3292 fundunt
3387 3237 3404 3277 :

199 3291 530 3414 Ξιγςμένης
554 3309 570 3324 ο
598 3291 697 3349 καί
748 3293 832 3349 ὅτι
862 3294 1156 3365 φυλάττει
1183 3291 1405 3363 ἁῦἐοὺς
1424 3291 1492 3350 ἐκ
1517 3313 1717 3368 πείρα-

233 3379 388 3414 Δμων.

233 3379 388 3431 μων.

214 3517 231 3548 ι
267 3499 619 3568 Προσεύξατο
660 3502 914 3576 Ἀϐραὰμ
940 3504 1077 3577 πρὸς
1102 3505 1192 3560 τὸν
1217 3505 1372 3567 Θεὸν.
1403 3507 1498 3561 καὶ
1526 3508 1716 3568 ἰάσατο

163 3587 472 3669 Ἀϐιμέλεχ,
503 3595 599 3654 καὶ
625 3595 734 3673 τὴν
761 3599 1001 3671 γυναῖκα
1036 3598 1207 3660 αὐτοῦ
1267 3600 1360 3661 καὶ
1393 3605 1492 3670 τὰς
1539 3606 1718 3661 παιδί-

157 3698 298 3753 σκας,
336 3690 432 3744 καὶ
465 3689 700 3750 ἔτικτον.
735 3713 755 3748 3

221 3797 240 3837 ι
277 3782 388 3838 Οὐκ
416 3785 613 3856 ἀφελεῖ
641 3787 750 3842 ἀπὸ
796 3789 1010 3845 δικαίου
1052 3791 1368 3864 ὀφθαλμοὺς
1397 3794 1586 3861 αὐτοῦ,
1627 3797 1722 3851 καὶ

157 3871 416 3932 καθιεῐται
442 3879 641 3945 αὐτοὺς
670 3884 751 3947 είς
780 3881 952 3950 νῖκος,
983 3887 1080 3940 καὶ
1113 3885 1518 3959 ὑψωθήσονται.
1550 3907 1570 3941 ›

219 4073 238 4109 ι
283 4059 415 4117 Ἰδοὺ
446 4062 498 4116 oi
521 4063 791 4137 ὀφθαλμοὶ
823 4067 1033 4138 Κυρίου
1066 4066 1159 4122 ἐπὶ
1188 4068 1313 4134 τοὺς
1352 4069 1721 4144 φοϐουμένους

155 4148 325 4219 αὑτὸν,
362 4175 388 4210 ο
419 4157 605 4214 καὶτὰ
635 4159 823 4216 λοιπά.

223 4261 240 4294 ι
276 4246 477 4304 Πολλαὶ
503 4252 559 4308 at
607 4251 821 4322 θλίψεις
859 4253 969 4308 τῶν
998 4251 1244 4317 δικαίων.
1286 4256 1378 4310 καὶ
1417 4255 1482 4311 ὲκ
1527 4258 1718 4315 πασῶν

159 4335 345 4438 αὐτῶνΖ
386 4361 514 4438 3_—-
543 4363 563 4398 ι
603 4345 908 4417 Ὀφθαλμοί
946 4349 1152 4420 Κυρίου
1189 4351 1280 4404 ἐπὶ
1313 4350 1579 4419 δικαίους,
1611 4335 1719 4421 ⁸καὶ

156 4430 262 4480 tina
288 4430 456 4488 αὑτοῦ
487 4436 567 4500 είς
585 4435 800 4509 δεήσεις
823 4438 1021 4493 αὐτῶν.
1057 4459 1076 4491 3

223 4537 240 4570 ί
291 4521 678 4628 ίῖῗτοπηριξει
701 4528 756 4583 δὲ
783 4528 912 4594 τοὺς
944 4531 1190 4598 δικαίους
1226 4533 1254 4586 ὁ
1292 4532 1519 4606 Κύριος·
1553 4533 1720 4588 de"
1754 4569 1803 4628 D

163 4627 270 4669 σκει
295 4618 499 4693 Κύριος
518 4621 637 4688 τὰς,
672 4642 691 4676 3
731 4641 785 4680 κ.
819 4641 868 4679 τ.
913 4642 960 4679 ε.

227 4725 244 4758 ι
281 4711 550 4767 Φυλάσσει
587 4714 791 4786 Κύριος
834 4718 1014 4770 πάντα
1041 4717 1112 4772 τὰ
1147 4718 1282 4791 ὀστᾷ
1313 4718 1493 4773 αὐτῶν
1517 4734 1532 4749 ο
1565 4718 1622 4771 ἓν
1665 4718 1722 4781 ἐξ

162 4799 326 4859 αὐτῶν
345 4807 407 4861 οὐ
434 4808 870 4880 συντριϐήσεται.
915 4828 936 4863 3

233 4911 248 4946 t
287 4897 605 4974 Συνθέλημα
624 4900 734 4956 τῶν
775 4902 1129 4976 φοϐουμένων
1159 4904 1322 4960 αὐτὸν
1363 4906 1604 4976 ποιήσει,
1628 4903 1721 4957 καί

163 4981 252 5055 τῆς
277 4987 527 5062 δεήσεως.
569 5011 588 5046 3

236 5096 254 5131 ι
286 5081 429 5160 Eam
461 5087 899 5145 κατευθυνόντων
918 5089 1087 5163 δεκτὴ
1120 5091 1270 5163 παρὰ
1294 5090 1432 5163 Θεῷ.
1472 5112 1490 5143 3

227 5261 251 5313 ἰ
287 5266 381 5322 Διά
408 5267 663 5343 βοήθειαν
691 5269 920 5325 δικαίων
944 5267 1117 5340 πολλὴ
1139 5267 1350 5340 γίνεται
1371 5269 1517 5336 δόξα.
1556 5289 1574 5321 3

237 5459 256 5493 ι
302 5445 584 5514 Ἐπαύλεις
617 5450 844 5506 δικαίων
873 5449 1239 5521 εὐλογοῦνται.
1279 5470 1296 5504 3

235 5636 254 5672 ι
293 5623 524 5698 Εὑλογία
559 5628 770 5700 Κυρίου
802 5629 895 5683 ἐπὶ
919 5629 1164 5702 κεφαλὴν
1190 5628 1424 5711 δικαίου.
1460 5647 1477 5681 3

240 5834 258 5870 ι
286 5821 397 5892 1Ιῶς
416 5825 644 5894 δικαίοις
666 5825 754 5883 διὰ
778 5825 997 5892 παντός.
1037 5848 1071 5882 3-

1991 3294 2200 3360 etquod
2231 3305 2306 3345 εισ
2335 3307 2368 3344 a
2409 3294 2782 3351 tentatianibus
2813 3296 2953 3366 ipsos
2975 3297 3236 3351 eximant.

1897 3485 2029 3548 Gen.
2059 3506 2154 3560 xx,
2187 3489 2278 3552 18.
2307 3524 2379 3538 -ο
2413 3513 2432 3548 ι
2471 3493 2660 3552 Oravit
2694 3495 2969 3552 Abraham
3006 3498 3074 3554 ad
3133 3497 3327 3566 Deum,
3349 3508 3419 3555 et.

1826 3584 2043 3640 sanavit
2076 3583 2414 3654 Abimelech,
2451 3596 2506 3643 et
2539 3603 2764 3644 uxorem
2804 3588 2948 3660 ejus,
2981 3598 3036 3644 et
3076 3591 3327 3656 ancillas,
3351 3600 3406 3646 ct

1829 3689 2180 3749 pepererunt.
2218 3699 2236 3736 3

1897 3770 2000 3826 Job
2049 3790 2247 3839 xxxrv,
2310 3774 2363 3829 7.
2405 3807 2469 3817 —
2515 3794 2534 3827 ι
2572 3773 2689 3831 Non
2731 3773 2938 3831 auferet
2971 3790 2999 3828 ο
3031 3773 3181 3844 justo
3211 3774 3405 3830 oculos

1827 3880 1961 3920 suos
1993 3884 2008 3922 :
2045 3878 2100 3926 et
2134 3867 2428 3926 collocabit
2461 3885 2556 3926 eos
2601 3869 2658 3926 in
2699 3869 2952 3937 victoria,
2989 3876 3043 3923 et
3083 3867 3404 3924 exaltabun-

1827 3967 1936 4017 tur.
1981 3982 2001 4015 3

1897 4052 2050 4111 Psal.
2086 4071 2263 4123 xxxn,
2294 4055 2379 4112 l8.
2411 4085 2478 4100 -ο
2533 4075 2552 4108 ι
2586 4054 2724 4114 Ecce
2783 4055 2930 4112 oculi
2980 4053 3191 4111 Domini
3237 4068 3404 4123 super

1828 4156 2134 4205 metuentes
2170 4165 2318 4216 eum,
2353 4169 2370 4204 3
2408 4157 2463 4206 et
2487 4159 2704 4208 cetera.

1897 4241 2047 4296 Psal.
2067 4259 2261 4310 xum,
2285 4241 2478 4298 20.-—t
2506 4243 2688 4299 Multa!
2706 4243 3398 4310 tribulationcsjustorum,

1826 4344 1880 4390 et
1909 4351 1975 4391 ex
2007 4336 2260 4391 omnibus
2289 4336 2395 4399 his,
2438 4357 2456 4389 3
2510 4348 2618 4393 etc.
2646 4335 2786 4391 Ibid.
2825 4337 2909 4390 l6.
2947 4368 3018 4380 —
3053 4359 3069 4388 ε
3108 4335 3262 4390 Oculi
3298 4335 3401 4388 Do-

1829 4427 1958 4481 mini
1985 4443 2147 4498 super
2171 4428 2377 4498 justos,
2418 4436 2471 4483 et
2497 4444 2658 4482 aures
2689 4430 2807 4498 ejus
2835 4429 2885 4481 iu
2924 4444 3113 4498 prcus
3135 4443 3346 4483 eorum.
3379 4448 3394 4478 3

1905 4518 2046 4579 Psal.
2081 4537 2266 4584 xxxrv,
2297 4523 2379 4575 l7.
2404 4553 2473 4561 -——
2508 4542 2525 4575 ι
2555 4523 2849 4578 Conﬁrmat
2878 4533 3056 4579 autem
3090 4522 3401 4592 justos.l)o-

1830 4614 2027 4668 minus.
2061 4615 2223 4670 Novit
2259 4616 2518 4670 Dominus
2561 4617 2699 4682 dies,
2732 4636 2748 4668 3
2788 4624 2891 4670 etc.

1901 4706 2051 4762 Psal.
2077 4725 2248 4773 χχχιι,
2276 4709 2336 4763 ει
2355 4730 2466 4763 .-ι
2493 4709 2746 4763 Custodit
2775 4707 3039 4764 Dominus
3071 4707 3256 4762 omnia
3277 4724 3406 4764 ossa

1825 4817 2012 4855 COlUlll
2043 4816 2057 4854 :
2092 4819 2258 4856 unum
2283 4818 2348 4855 ex
2376 4803 2456 4856 eis
2490 4817 2595 4857 non
2629 4811 2970 4858 conteretur.
3005 4822 3024 4855 3

1899 4893 2046 4946 Psal.
2076 4909 2256 4957 chtv,
2310 4895 2394 4950 l9.
2440 4925 2507 4934 —
2551 4915 2570 4947 ι
2603 4893 2947 4950 Voluntatem
3002 4897 3307 4952 timentium
3342 4910 3398 4952 se

1826 4987 2010 5050 faciet,
2054 4999 2106 5042 et
2139 4988 2601 5057 deprecationem,
2634 5008 2651 5040 3
2692 4999 2799 5044 ctc.

1899 5081 2055 5136 Prov.
2085 5098 2171 5143 xv,
2203 5081 2257 5136 9.
2289 5111 2361 5122 —
2413 5101 2431 5132 ι
2473 5080 2799 5152 Deprecatio
2847 5093 3122 5138 rectorum
3179 5088 3398 5155 accepta

1823 5183 1909 5230 est
1947 5175 2088 5243 apud
2129 5174 2320 5230 Deum.
2363 5195 2380 5224 3

1898 5267 2054 5323 Prov.
2089 5284 2277 5330 xxvm,
2307 5269 2394 5323 t2.
2427 5299 2495 5309 -—
2525 5288 2543 5321 ι
2579 5268 2806 5342 Propter
2839 5269 3100 5325 auxilium
3127 5271 3398 5341 justorum

1828 5375 2023 5431 magna
2057 5361 2250 5431 gloria.
2286 5379 2305 5413 3

1905 5450 2066 5506 Prov.
2111 5469 2191 5519 ιιι,
2218 5453 2306 5509 35.
2335 5482 2407 5493 —-
2443 5470 2460 5504 ι
2495 5452 2813 5510 Habitacula
2867 5455 3143 5526 justorum
3180 5455 3394 5512 benedi-

1827 5553 2052 5601 cuntur.
2091 5564 2110 5596 ι

1906 5637 2069 5694 Prov.
2101 5655 2154 5706 ιι,
2181 5639 2271 5693 22.
2304 5671 2373 5681 -
2409 5659 2427 5692 ι
2461 5638 2776 5697 Benedictio
2813 5638 3026 5695 Domini
3050 5656 3213 5712 super
3245 5653 3402 5712 caput

1822 5731 1980 5802 justi.
2013 5751 2032 5784 3

1905 5825 2062 5886 Prov.
2099 5840 2213 5891 xm,
2245 5825 2296 5882 9.
2338 5856 2398 5865 -
2432 5845 2449 5879 ι
2490 5825 2609 5885 Lux
2639 5828 2806 5901 justis
2847 5844 3082 5902 semper.
3122 5849 3141 5884 3
