3948 6250
477 250 612 320 1367

1646 252 1709 316 S.
1747 252 2069 318 JOANNIS
2128 251 2525 315 DAMASCEN
2530 252 2556 313 Ι

3579 254 3686 321 1368

475 362 624 423 tione
653 373 966 432 asseverat,
999 364 1055 421 in
1084 381 1298 423 summa
1323 383 1382 424 se
1408 383 1639 441 prorsus
1669 358 1901 441 penuria
1931 386 2040 427 vera

2158 366 2440 441 αρώμενος
2463 365 2667 439 ἑαυτῷ,
2699 366 2735 440 ἢ
2766 367 2874 441 μὴν
2895 367 3122 439 ἀπορεῖν
3143 367 3448 439 παντελῶς,
3463 372 3549 426 καὶ
3566 390 3689 446 περι-

471 457 581 513 seri
606 498 622 525 ,
654 466 818 530 atque
851 459 1016 514 etiam
1048 459 1519 532 circumspicere,
1556 477 1687 518 num
1721 478 1753 519 a
1785 478 1896 535 quo
1929 464 2052 535 ipse

474 560 671 607 mutuo
706 552 973 625 accipiat,
1017 554 1265 610 nancisci
1314 554 1524 625 possit,
1576 571 1642 613 ac
1676 553 2051 627 jurejurando

469 642 819 698 mendacium
871 644 1195 709 conﬁrmat,
1247 646 1454 703 malum
1506 649 1858 707 crudelitatis
1900 665 2052 722 qua-

469 745 616 789 stum
646 750 678 790 a
711 734 957 807 periurio
988 736 1093 793 sibi
1126 736 1413 810 colligens.
1446 739 1516 796 At
1554 751 1844 814 postquam
1874 743 1923 799 is
1953 743 2049 815 qui

468 826 722 884 inntuum
753 832 969 901 poscit,
1004 830 1213 889 fenoris
1248 834 1535 900 meminit.
1567 843 1623 893 et
1670 836 1899 910 pignora
1943 851 2049 893 no-

470 920 738 988 minavit,
774 930 891 978 tum
928 924 1163 982 remisso
1197 926 1500 999 supercilio
1543 929 1790 996 arridet,
1841 944 1907 987 ac
1952 945 2049 1002 pa-

470 1025 681 1072 ternam
714 1015 970 1075 fortassis
1000 1018 1302 1075 amicitiam
1327 1033 1775 1083 commemorans
1793 1064 1810 1090 ,
1837 1038 1964 1080 eum
1993 1033 2051 1082 et

468 1106 798 1167 familiarem
847 1119 906 1166 et
940 1110 1179 1168 amicum
1222 1111 1485 1184 appellat.
1521 1112 1795 1171 Cmterum
1836 1115 2046 1173 videbi-

468 1216 623 1266 mus,
655 1202 873 1275 inquit,
903 1219 1035 1261 num
1078 1205 1214 1277 quid
1256 1207 1421 1265 nobis
1458 1207 1759 1265 recondita:
1802 1207 2050 1281 pecuniae

468 1291 562 1348 sit.
594 1292 690 1351 Est
720 1309 888 1365 penes
922 1310 1009 1355 me
1038 1297 1289 1369 deposita
1322 1298 1391 1356 ab
1422 1302 1611 1357 amico
1637 1300 1880 1371 quodam
1905 1341 1922 1370 ,
1952 1304 2046 1375 qui

465 1399 587 1440 eam
618 1385 751 1442 mihi
779 1400 1031 1459 quaestus
1061 1404 1232 1447 causa
1263 1390 1696 1450 commendavit.
1719 1392 1925 1451 Verum
1956 1394 2050 1453 ille

463 1480 688 1551 quidem
722 1482 854 1539 mihi
886 1500 1085 1558 graves
1113 1500 1317 1541 usuras
1350 1487 1733 1558 praescripsit:
1777 1505 1883 1547 nos
1914 1503 2048 1547 vero

464 1574 695 1631 omnino
724 1575 933 1647 aliquid
970 1579 1322 1638 remittemus
1343 1621 1360 1647 ,
1392 1596 1458 1638 ac
1489 1583 1693 1638 minori
1728 1582 1917 1640 fenore
1946 1582 2049 1638 da-

461 1666 570 1721 turi
626 1682 840 1725 sumus.
893 1668 1019 1725 Haec
1072 1671 1164 1727 ille
1209 1672 1515 1741 simulans,
1548 1682 1713 1745 atque
1766 1674 2046 1746 ejusmodi

462 1775 724 1817 sermone
753 1760 1018 1817 miserum
1068 1763 1439 1831 demulcens,
1479 1773 1535 1823 et
1584 1766 1871 1834 inescans,
1920 1780 2051 1840 syn-

459 1850 688 1922 graphis
712 1851 891 1922 ipsum
922 1854 1291 1925 constringit,
1319 1863 1373 1911 et
1401 1863 1596 1928 praeter
1618 1863 1919 1928 egestatem
1941 1871 2048 1929 qua

461 1944 553 2001 ille
583 1945 965 2015 premebatur,
994 1954 1182 2019 erepta
1210 1962 1427 2019 quoque
1459 1950 1511 2005 ei
1543 1948 1837 2018 libertate,
1869 1950 2047 2007 disce-

458 2034 560 2091 dit.
586 2034 724 2092 Nam
752 2037 844 2106 qui
881 2036 1170 2095 fenoribus
1196 2054 1318 2111 quae
1351 2038 1667 2111 persolvere
1699 2054 1807 2098 non
1836 2036 2046 2113 possit,

461 2140 584 2184 sese
613 2127 893 2198 devinxit,
924 2141 1248 2204 perpetuam
1274 2135 1599 2194 servitutem
1626 2143 1826 2208 sponte
1852 2135 2043 2195 subiit.

460 2218 632 2288 lleus,
661 2230 720 2277 tu
764 2236 897 2295 epes
945 2232 1000 2280 et
1039 2235 1343 2297 proventus
1380 2228 1583 2299 quteris
1628 2228 1700 2285 ab
1744 2228 1958 2302 inope?
1985 2228 2046 2286 Si

460 2312 680 2373 divitias
712 2322 838 2372 tuas
868 2326 1088 2388 poterat
1115 2334 1357 2393 augere,
1387 2320 1520 2393 quid
1547 2322 1773 2381 tandem
1799 2322 1868 2379 ad
1899 2323 2047 2381 fores

459 2412 588 2460 tuas
617 2406 943 2477 quaerebat?
966 2406 1071 2477 Qui
1108 2410 1302 2471 auxilii
1333 2411 1696 2470 nanciscendi
1737 2426 1910 2469 causa
1950 2428 2046 2471 ve-

460 2505 653 2563 nerat,
686 2497 904 2556 hostem
938 2500 1191 2559 invenit:
1224 2504 1318 2574 qui
1348 2503 1597 2561 remedia
1631 2504 1950 2579 quaerebat,
1987 2505 2045 2562 in

458 2590 703 2648 toxicum
735 2592 965 2654 incidit.
998 2592 1110 2655 Pro
1136 2612 1203 2654 eo
1243 2605 1411 2670 atque
1450 2606 1752 2671 egestatem
1782 2597 1947 2672 5.32
1979 2599 2046 2655 ilo

459 2682 567 2740 lius
599 2685 895 2756 oportebat
917 2687 1247 2757 sublevare.
1280 2698 1339 2746 tu
1365 2700 1560 2748 contra
1593 2690 1833 2763 inopiam
1866 2692 2041 2764 ipsius

457 2777 819 2851 eonduplicas
849 2796 866 2838 :
899 2780 952 2838 id
984 2779 1250 2839 nimirum
1283 2797 1492 2855 agens,
1526 2794 1585 2840 ut
1620 2802 1688 2841 ex
1720 2799 1788 2841 eo
1816 2785 1911 2857 qui
1954 2785 2041 2840 fa-

456 2867 756 2929 cultatibus
802 2871 1062 2930 omnibus
1113 2872 1454 2943 destituitur,
1504 2876 1857 2934 commodum
1907 2876 2042 2949 quid

456 2962 742 3033 decerpas.

2152 462 2381 515 σκοπεῖν
2408 458 2519 515 “κα“ι
2543 457 2730 527 αὐτὸς,
2773 460 2828 514 ει
2868 476 2993 514 τινα
3021 456 3161 533 εὕρῃ
3208 459 3319 515 τῶν
3360 461 3689 528 δανειζόντων,

2150 551 2246 607 καὶ
2290 550 2672 626 πιστούμενος
2704 550 2766 606 τὸ
2804 549 3004 623 ψεῦδος
3049 550 3140 605 διὰ
3187 551 3299 607 τῶν
3332 552 3525 625 ὅρκων,
3553 558 3692 611 κακὸν

2149 643 2611 717 παρεμπόρευμα
2668 641 2772 713 τῆς
2833 643 3239 715 ἀπανθρωπίας
3294 645 3396 716 τήν
3448 645 3695 718 ἐπιορκίαν

2150 740 2601 815 προσκτώμενος.
2642 740 2901 795 Ἐπειδὰν
2959 741 3017 795 δὲ
3071 742 3101 796 ό
3154 741 3336 814 ζητῶν
3383 740 3448 797 τὸ
3499 741 3695 809 δάνειον,

2147 834 2331 888 τόκων
2369 832 2615 907 μνησθῇ,
2644 833 2742 889 καὶ
2773 832 3059 906 ὑποθήκας
3083 833 3349 906 ὀνομάσῃ,
3389 834 3512 889 τότε
3557 851 3699 890 κατα-

2149 926 2337 983 ϐαλὼν
2367 925 2466 997 τὴν
2494 926 2670 1000 ὀφρὺν
2710 925 3169 1001 προσεμειδίασε.
3208 927 3303 985 καί
3334 944 3441 983 που
3483 929 3573 985 καὶ
3612 946 3700 983 πα-

2146 1018 2333 1094 τρῴας
2361 1018 2549 1090 φιλίας
2569 1018 2849 1093 ἐμνήσθη.
2882 1016 2980 1075 καὶ
3006 1019 3216 1091 συνήθη
3240 1012 3363 1073 εἷπε
3413 1019 3507 1074 καὶ
3544 1020 3698 1088 φίλον.

2149 1114 2261 1167 Καὶ
2290 1111 2564 1184 ὀψόμεθα,
2582 1111 2740 1184 φησι,
2756 1109 2933 1167 ετπού
2959 1110 3016 1167 τί
3037 1113 3187 1188 εστιν
3205 1114 3341 1184 ἡμῖν
3366 1112 3701 1184 ἀποκείμενον

2149 1202 2437 1275 ἀργύριον.
2471 1199 2633 1256 Ἐστι
2662 1201 2722 1256 δὲ
2763 1199 3213 1274 παρακαταθήκη
3237 1202 3395 1272 φίλου
3426 1202 3604 1274 ἀνδρὸς
3626 1203 3698 1257 ἐπ’

2149 1294 2387 1368 ἐργασία
2418 1293 2811 1369 παραθεμένου
2841 1296 2971 1366 ἡμῖν
2989 1308 3015 1328 ·-
3038 1292 3155 1350 ἀλλ’
3175 1294 3383 1359 ἐκεῖνος
3415 1295 3514 1366 μὲν
3542 1295 3703 1367 βαρεῐς

2151 1390 2242 1443 ἐπ’
2265 1386 2567 1460 αὑτῷτοὺς
2598 1386 2793 1453 τόκους
2826 1386 3053 1459 ὥρισεν,
3093 1389 3258 1461 ήμείς
3283 1388 3345 1444 δὲ
3373 1388 3583 1454 πάντως
3616 1390 3703 1444 επε-

2149 1482 2427 1555 ανήσομέν
2458 1500 2533 1546 τι,
2562 1481 2656 1537 καὶ
2692 1482 3066 1537 ὲπελάττωσιν
3100 1485 3214 1549 τοῖς
3242 1484 3426 1547 τόκοις
3464 1481 3703 1552 δώσομεν.

2152 1574 2390 1630 Τοιαῦτα
2434 1574 3084 1647 κατασχηματιζόμενος,
3112 1575 3210 1630 καὶ
3249 1572 3515 1639 τοιούτοις
3552 1574 3705 1643 λόγοις

2151 1663 2490 1734 ὑποφαίνων,
2505 1665 2776 1732 δελεάζων
2800 1665 2893 1722 τὸν
2914 1665 3119 1734 ἄθλιον,
3136 1664 3539 1738 γραμματείοις
3563 1665 3707 1721 αὑτὸν

2155 1759 2604 1830 προκαταδήσας,
2638 1760 2731 1813 καὶ
2763 1760 2901 1832 πρὸς
2922 1762 2987 1831 τῇ
3022 1758 3414 1831 καταπονούσῃ
3443 1758 3615 1831 πενίᾳ,
3638 1758 3707 1813 ἔτι

2152 1851 2249 1903 καὶ
2300 1847 2401 1921 τὴν
2468 1848 2786 1921 ἐλευθερίαν
2843 1847 2937 1904 τοῦ
2996 1849 3189 1921 ἀνδρὸς
3252 1847 3710 1922 προσαφελόμενος

2148 1941 2344 2014 ᾤχετο.
2374 1944 2434 1997 '0
2461 1942 2569 2016 γὰρ
2594 1943 2775 2009 τόκοις
2798 1942 2993 1998 ἑαυτὸν
3024 1942 3328 1998 ὑπεύθυνον
3354 1942 3708 2014 καταστήσας,

2151 2030 2227 2092 ὧν
2256 2036 2356 2109 τὴν
2384 2034 2598 2092 ἔκτισιν
2623 2036 2725 2091 ούκ
2756 2034 3080 2106 ὑφίσταται,
3114 2034 3361 2090 δουλείαν
3408 2034 3712 2107 αὐθαίρετον

2148 2128 2483 2195 κατεδέξατο
2500 2127 2589 2184 διὰ
2619 2127 2759 2201 βίου.
2783 2129 3083 2201 Χρήματα,
3106 2126 3230 2182 είπέ
3261 2145 3376 2200 μοι,
3410 2128 3506 2181 καὶ
3529 2126 3713 2197 πόρους

2147 2220 2439 2293 ἐπιζητεῖς
2466 2220 2624 2295 παρά
2650 2222 2747 2277 τοῦ
2772 2219 3007 2294 ἀπόρου,
3038 2221 3135 2276 καὶ
3162 2222 3212 2276 εί
3242 2218 3638 2292 πλουσιώτερον
3661 2236 3715 2273 σε

2147 2316 2478 2388 ἀποφαίνειν
2513 2315 2771 2388 ⁴ἢδύνατο,
2800 2316 2856 2372 τί
2896 2316 3082 2390 ἐζήτει
3113 2315 3270 2389 παρά
3301 2314 3403 2381 τὰς
3427 2313 3597 2388 θύρας
3626 2312 3715 2377 τὰς

2148 2412 2289 2478 σάς;
2335 2410 2459 2466 Ἐπὶ
2483 2411 2805 2483 συμμαχίαν
2830 2408 3022 2479 ἐλθὼν,
3054 2409 3295 2482 πόλεμον
3326 2402 3512 2482 εὗρεν,
3550 2407 3719 2476 ἀλεξι-

2147 2501 2415 2575 φάρμακα
2444 2501 2740 2575 ἐπιζητῶν,
2771 2502 3127 2575 δηλητηρίοις
3156 2501 3415 2576 ἐνέτυχεν
3434 2517 3453 2534 ⁸
3481 2502 3597 2558 δέον
3622 2517 3718 2557 πα·

2145 2591 2515 2664 ραμυθετσθαι
2553 2592 2648 2648 τοῦ
2690 2593 2888 2667 ἀνδρὸς
2917 2592 3020 2667 τήν
3062 2594 3334 2666 πτωχίαν,
3367 2597 3435 2652 σὺ
3476 2594 3537 2650 δὲ
3569 2594 3719 2650 πολυ-

2144 2682 2487 2754 πλασιάζεις,
2532 2685 2636 2759 τὴν
2684 2684 2896 2743 ἔνδειαν
2948 2686 3366 2760 ἑκκαρποῦσθαι
3417 2687 3728 2759 ζητῶντδνς

2143 2778 2352 2852 ἔρημον
2372 2795 2398 2847 ς,

532 3052 673 3111 Ibid.
696 3087 766 3101 --
785 3053 955 3130 Origo
979 3056 1254 3115 mendacii
1281 3064 1365 3117 est
1388 3057 1628 3116 fenerari
1647 3103 1664 3129 ,
1690 3061 1895 3133 ingrati
1928 3062 2040 3120 ani;

2214 3052 2461 3119 Ψεύδους
2485 3052 2713 3127 ἀρχήτὸ
2729 3052 3101 3124 δανείσασθαι,
3127 3054 3460 3127 ἀχαριστίας
3483 3055 3719 3129 ἀφορμή.

456 3148 566 3216 mi,
614 3146 857 3220 perﬁdiae
903 3157 962 3207 et
1006 3149 1239 3222 periurii
1289 3164 1487 3209 causa.
1535 3149 1660 3209 Non
1712 3151 1792 3209 illi
1849 3163 2045 3213 noctes

453 3241 694 3314 quietem
729 3241 961 3310 ferunt,
992 3258 1101 3300 non
1129 3258 1362 3301 serenus
1389 3244 1513 3301 dies
1541 3251 1627 3302 est
1647 3286 1665 3312 ,
1700 3260 1806 3302 non
1835 3245 1920 3304 sol
1946 3247 2041 3318 δυο

455 3336 673 3392 cunctus
691 3375 708 3401 ,
742 3335 840 3392 sed
863 3348 989 3393 eum
1018 3334 1148 3394 vita:
1172 3347 1289 3395 suae
1316 3334 1655 3395 taedet..Dies
1684 3335 1834 3406 odit,
1861 3339 2043 3410 utqui

456 3428 523 3486 ad
554 3424 922 3502 prcstituium
950 3427 1097 3487 diem
1123 3438 1427 3503 properant
1456 3445 1483 3497 ;.
1502 3445 1724 3487 menses
1745 3468 1762 3497 ,
1790 3442 1851 3487 ut
1887 3430 2043 3489 feno-

455 3534 577 3576 rum
612 3529 875 3594 parentes
905 3521 1302 3594 perhorrescit.
1328 3520 1483 3592 Quod
1511 3522 1557 3579 si
1587 3522 1829 3592 dormit,
1862 3524 2042 3582 credi-

454 3619 630 3671 torem
660 3614 720 3671 in
753 3614 973 3673 somnis
993 3616 1213 3682 cernit,
1248 3615 1586 3671 insomnium
1636 3614 1841 3671 malum
1872 3615 2036 3686 capiti

448 3720 557 3765 suo
587 3708 909 3765 imminens.
938 3706 997 3764 Si
1023 3707 1250 3780 vigilet,
1278 3706 1545 3781 cogitatio
1575 3706 1701 3777 ejus
1735 3718 1788 3764 et
1817 3722 1951 3765 cura
1982 3708 2037 3764 in

455 3802 648 3861 fenore
706 3800 874 3856 inlisa
924 3810 1029 3858 est.
1084 3800 1360 3858 Creditore
1424 3809 1477 3857 et
1529 3800 1803 3869 debitore,
1862 3802 2040 3875 inquit

453 3893 788 3964 Scriptura,
829 3892 1167 3949 obsiantibus
1211 3894 1469 3961 invicem,
1518 3894 1704 3952 ambos
1734 3896 2043 3968 specuiatur

456 3985 715 4043 Dominus
740 3986 927 4060 (Prov.
957 4003 1087 4043 xxix
1110 4028 1126 4055 ,
1153 3984 1265 4057 15).
1290 3985 1389 4045 ille
1418 3988 1576 4044 canis
1605 3988 1783 4044 instar
1810 3988 1879 4044 ad
1908 4004 2040 4061 prae-

450 4079 576 4135 dam
610 4080 902 4137 accurrit:
931 4079 1027 4135 hic
1077 4079 1250 4136 veluti
1300 4088 1459 4137 certa
1495 4079 1618 4154 ipse
1659 4088 1887 4153 captura
1918 4082 2034 4149 sit,

450 4190 813 4249 congressum
840 4175 1157 4249 expavescit
1182 4193 1196 4231 :
1222 4186 1440 4248 egestas
1461 4177 1611 4234 enim
1643 4177 1751 4250 ipsi
1778 4176 2033 4233 ﬁduciam

450 4262 673 4325 adimit.
720 4264 1021 4339 Utriusque
1055 4268 1256 4326 calculi
1282 4270 1338 4325 in
1368 4268 1558 4342 digitis
1592 4277 1756 4335 sunt,
1793 4269 1885 4326 illo
1914 4268 2036 4340 qui-

450 4360 575 4415 dem
610 4360 683 4417 ob
716 4360 1122 4417 incrementum
1154 4360 1364 4420 fenoris
1400 4362 1674 4435 gaudente
1698 4403 1715 4428 ,
1765 4362 1869 4417 hoc
1905 4378 2050 4419 vero.

2145 3145 2433 3218 ἐπιορκίας
2478 3162 2543 3201 τε
2584 3146 2683 3202 καὶ
2731 3146 3150 3222 ἀγνωμοσύνης.
3197 3148 3271 3204 οὗ
3301 3146 3503 3216 νύκτες
3538 3148 3723 3223 ἐκείνῳ

2143 3238 2456 3294 ἀνάπαυσιν
2483 3238 2762 3311 φέρουσιν,
2792 3239 2893 3312 οὐχ
2921 3239 3074 3313 ἥλιος
3118 3240 3377 3315 τερπνὸς,
3416 3241 3563 3298 ἀλλά
3602 3243 3724 3300 δυσ-

2145 3331 2387 3405 χεραίνει
2416 3330 2510 3386 τόν
2538 3330 2675 3404 βίον,
2700 3335 2946 3405 μισεῖται
2967 3334 3184 3408 ἡμέρας
3215 3334 3569 3410 προθεσμίαν
3591 3337 3729 3393 ἒπει-

2143 3424 2406 3495 γομένας,
2443 3423 2693 3494 φοϐεῖται
2721 3423 2850 3492 τοὺς
2889 3425 3068 3498 μῆνες
3099 3425 3175 3491 ὡς
3217 3426 3419 3496 τόκων,
3458 3429 3726 3501 πατέρας.

2143 3515 2263 3571 Κᾶν
2292 3515 2555 3591 καθεύδῃ,
2580 3515 2838 3573 ἐνύπνιον
2867 3516 3058 3589 βλέπει
3085 3518 3180 3575 τὸν
3212 3518 3526 3594 δανειστὴν,
3564 3520 3729 3575 κακὸν

2142 3608 2278 3682 δναρ
2310 3611 2376 3681 τῇ
2430 3609 2647 3683 κεφαλῇ
2683 3612 3115 3684 παριστάμενον.
3164 3612 3284 3667 Κάν
3317 3616 3618 3688 γρηγορεῖ,
3650 3613 3731 3667 ἐν·

2141 3717 2258 3757 νοια
2292 3700 2446 3775 αὐτῷ
2493 3701 2593 3757 καὶ
2632 3703 2854 3775 φροντὶς
2880 3706 2910 3759 ό
2936 3703 3091 3769 τόκος
3139 3704 3307 3762 ἐστίν.
3366 3704 3726 3773 Δανειστοῦ,

2140 3794 2297 3867 φησι,
2316 3793 2415 3851 καί
2443 3792 2877 3867 χρεωφειλέτου
2902 3795 3393 3864 ἀπαντησάντων
3409 3799 3726 3869 ἀλλήλοις,

2138 3886 2489 3957 ἐπισκοπὴν
2509 3886 2864 3961 ἀμφοτέρων
2892 3888 3147 3945 ποιεῖται
3176 3891 3209 3945 δ
3237 3891 3487 3960 Κύριος.
3531 3891 3593 3946 Ὅ
3635 3892 3729 3963 μὲν

2138 3979 2332 4054 ὥσπερ
2364 3980 2516 4037 κύων
2539 3980 2823 4054 επιτρέχει
2853 3985 2923 4055 τῇ
2948 3981 3125 4057 ἄγρᾳ·
3151 3985 3180 4038 ό
3203 3983 3261 4039 δὲ
3285 3983 3486 4058 ὥσπερ
3516 3986 3731 4058 ἕτοιμον

2140 4073 2368 4148 θήραμα
2432 4077 2816 4149 καταπτήσσει
2869 4076 2970 4149 τὴν
3021 4077 3351 4150 συντυχίανο
3409 4081 3727 4153 ἀφαιρεῖται

2137 4166 2248 4239 γὰρ
2282 4167 2452 4223 αὐτοῦ
2485 4167 2585 4240 τὴν
2613 4168 2935 4243 παρρησίαν
2960 4168 3022 4223 τδ
3046 4169 3325 4227 πένεσθαι.
3370 4171 3731 4244 ’Δμφοτέρων

2138 4263 2197 4315 ol‘
2220 4259 2391 4332 ψῆφοι
2416 4260 2510 4315 ἐπὶ
2538 4259 2850 4316 δακτύλωνο
2874 4259 2969 4316 τοῦ
3008 4262 3111 4334 μὲν
3139 4264 3434 4339 χαίροντος
3471 4268 3544 4338 τῇ
3573 4264 3733 4335 αὐξή-

2142 4371 2225 4408 σει
2244 4354 2359 4409 τῶν
2390 4354 2589 4422 τόκων,
2616 4352 2713 4412 τοῦ
2737 4354 2795 4411 δὲ
2824 4354 3175 4422 στενάζοντος
3193 4359 3260 4430 τῇ
3292 4359 3592 4432 προσθήκῃ
3624 4358 3731 4415 τῶν

448 4452 519 4507 ob
536 4452 911 4508 calamitatum
932 4452 1209 4509 cumulum
1234 4454 1653 4525 ingemiscente.
1680 4454 1814 4511 Bibe
1834 4470 2033 4526 aquam

2145 4446 2461 4521 συμφορῶν.
2486 4447 2615 4503 Πίνε
2658 4447 2829 4506 ὕδατα
2874 4448 2982 4505 ἀπὸ
3022 4449 3132 4505 σῶν
3163 4451 3427 4521 ἀγγείων,
3452 4453 3726 4517 τουτέστι,

449 4545 517 4597 de
540 4545 693 4602 vasis
724 4546 837 4603 tuis
860 4586 875 4613 ,
899 4547 1005 4604 hoc
1034 4557 1114 4604 est
1132 4589 1149 4616 ,
1176 4547 1469 4607 facultates
1497 4557 1624 4605 tuas
1641 4549 2028 4620 circumspice.

448 4635 570 4693 Noli
606 4637 675 4695 ad
705 4639 918 4696 alienos
947 4639 1130 4696 fontes
1160 4655 1388 4712 pergere
1409 4681 1423 4707 ,
1454 4640 1553 4699 sed
1582 4641 1709 4697 vitae
1737 4639 1931 4697 solatia
1961 4655 2032 4697 ex

448 4725 669 4788 ﬂuentis
698 4730 808 4788 tuis
837 4731 935 4787 tibi
972 4746 1256 4801 compara.

525 4819 669 4878 Ibid.
695 4823 867 4879 —-Ad
901 4824 1116 4881 alienas
1145 4824 1294 4881 fores
1326 4839 1397 4881 ne
1432 4833 1485 4881 te
1525 4823 1805 4882 conferas.
1840 4826 2030 4897 Angu—

451 4925 571 4975 stus
606 4916 755 4973 enim
788 4925 873 4973 est
904 4927 1137 4986 puteus,
1170 4917 1223 4973 id
1257 4918 1407 4989 quod
1451 4918 1689 4974 alienum
1734 4929 1841 4977 est.
1877 4917 2029 4974 Prte-

449 5006 711 5062 stabilius
761 5014 843 5062 est
890 5016 1192 5077 egestatem
1246 5008 1453 5064 sensim
1504 5020 1699 5083 suapte
1747 5009 2028 5067 industria

447 5095 705 5159 delinire.
735 5111 901 5166 quam
932 5098 1129 5155 alienis
1174 5098 1376 5170 opibus
1422 5110 1646 5171 repente
1678 5102 2028 5172 subjectum,

449 5195 637 5258 postea
668 5186 1030 5247 facultatibus
1062 5192 1321 5249 omnibus
1356 5194 1605 5263 spoliari.
1656 5193 1713 5251 Si
1746 5196 1894 5252 enim
1929 5196 2029 5251 Ita-

448 5282 544 5334 hes
580 5278 727 5335 unde
756 5280 997 5344 reddas,
1042 5282 1179 5352 quid
1228 5299 1335 5341 non
1366 5296 1693 5355 praesentem
1726 5297 2027 5357 egestatem

448 5375 537 5430 his
566 5374 834 5431 subsidiis
864 5375 1169 5437 dissolvis?
1203 5379 1263 5437 Si
1306 5392 1490 5441 autem
1547 5384 1692 5439 unde
1737 5386 2029 5457 persolvas

448 5482 557 5522 non
588 5467 863 5539 suppetit,
896 5472 1100 5527 malum
1134 5474 1279 5529 malo
1308 5490 1495 5532 curas.
1527 5474 1652 5533 Noli
1678 5478 2029 5534 committere

450 5572 507 5619 ut
532 5573 587 5619 te
615 5561 858 5619 creditor
884 5564 1139 5623 obsideat
1166 5585 1180 5623 :
1218 5583 1287 5625 ne
1322 5570 1572 5641 patiare,
1608 5580 1664 5625 ut
1689 5571 1868 5626 instar
1901 5570 2029 5627 ferte

448 5662 516 5713 ad
555 5658 794 5728 pradam
855 5661 1172 5731 exquiraris
1223 5672 1277 5720 et
1323 5663 1700 5743 investigeris.
1754 5662 2027 5721 Mendacii

448 5750 606 5823 origo
636 5756 721 5806 est
759 5748 1025 5812 fenerari.
1061 5752 1184 5811 Alia
1212 5755 1382 5812 verba
1415 5766 1545 5813 sunt
1578 5762 1702 5835 ejus
1740 5757 1830 5829 qui
1864 5772 2027 5830 pecu-

2138 4539 2238 4603 τάς
2267 4540 2478 4606 οἰκείας
2513 4540 2776 4614 ἀφορμὰς
2805 4542 3158 4615 περισκόπει.
3190 4543 3282 4617 Μὴ
3314 4544 3405 4600 ἐπ’
3432 4545 3729 4619 ἀλλοτρίας

2142 4634 2329 4705 πηγὰς
2384 4632 2592 4706 βάδιζε,
2636 4634 2753 4691 ἀλλ’
2797 4635 2858 4702 ἐξ
2895 4637 3117 4692 οἰκείων
3162 4637 3396 4694 λιῦάδων
3448 4640 3728 4709 συνάγαγε

2141 4723 2357 4797 σεαυτῷ
2386 4726 2489 4789 τὰς
2514 4726 2873 4799 παραμυθίας
2893 4728 2986 4783 τοῦ
3021 4728 3158 4801 βίου.

2208 4819 2302 4891 Μὴ
2334 4818 2518 4889 βάδιζε
2570 4820 2659 4875 ἐπ’
2712 4820 3002 4894 ἀλλοτρίας
3034 4820 3227 4896 θύρας.
3272 4825 3461 4896 φρέαρ
3498 4826 3612 4900 γὰρ
3654 4825 3727 4896 τῷ

2137 4911 2253 4965 om
2289 4912 2354 4965 τὸ
2402 4912 2685 4986 ἀλλότριόν
2723 4914 2896 4968 ἐστιν.
2926 4914 3148 4970 Βέλτιον
3190 4918 3309 4980 ταῖς
3348 4920 3494 4972 κατὰ
3533 4918 3727 4990 μικρὸν

2138 5004 2407 5069 ἐπινοίαις
2460 5005 2561 5079 τὴν
2612 5007 2803 5078 χρείαν
2857 5008 3389 5080 παραμυθήσασθαι,
3424 5011 3464 5083 ἢ
3512 5011 3724 5085 ἀθρόως

2136 5096 2449 5171 ἐπαρθέντα
2492 5100 2609 5164 τοῖς
2654 5098 2983 5170 ἀλλοτρίοις,
3037 5098 3266 5173 ὕστερον
3310 5102 3539 5157 πάντων
3589 5102 3725 5176 όμοῦ

2136 5192 2248 5248 τῶν
2300 5192 2613 5265 προσόντων
2668 5192 3143 5265 ἀπογυμνοῦσθαι.
3180 5193 3245 5250 Ei
3287 5196 3385 5266 μὲν
3430 5192 3531 5253 οὖν
3582 5199 3725 5271 ἔχεις

2138 5283 2307 5337 πόθεν
2332 5282 2569 5354 ἀποδῷς,
2592 5284 2646 5337 τί
2674 5285 2803 5357 οὐχι
2822 5285 2923 5357 τὴν
2948 5285 3232 5357 παροῦσαν
3275 5287 3487 5345 ἔνδειαν
3518 5292 3585 5347 ὲκ
3612 5290 3723 5346 τού-

2134 5396 2244 5433 των
2274 5376 2382 5433 τῶν
2407 5377 2674 5451 ἀφορμῶν
2692 5376 2968 5445 διαλύεις;
3011 5378 3072 5433 Ei
3105 5378 3163 5433 δὲ
3194 5380 3421 5453 ἀπορεῖς
3452 5384 3600 5455 πρὸς
3627 5382 3724 5457 τήν

2137 5472 2366 5539 ἔκτισιν,
2399 5470 2558 5545 κακῷ
2610 5472 2778 5526 κακὸν
2813 5471 3164 5547 θεραπεύεις.
3197 5476 3290 5547 Μὴ
3336 5474 3469 5551 δέξῃ
3498 5478 3721 5551 πολιορ-

2138 5564 2340 5623 κοῦντά
2369 5581 2431 5618 σε
2475 5564 2798 5638 δανειστήν·
2863 5564 2939 5638 μὴ
2992 5564 3207 5644 ἀνάσχῃ
3244 5567 3435 5641 ὥσπερ
3486 5570 3621 5627 ἄλλο
3670 5586 3721 5625 τι

2137 5660 2364 5733 θήραμα
2418 5659 2810 5733 ἀναζητεῖσθαι
2857 5661 2951 5714 καὶ
3016 5662 3408 5737 ὲξιχνεύεσθαι.
3476 5665 3719 5729 Ψεύδους

2138 5754 2281 5829 ἀρχὴ
2302 5753 2359 5809 τὸ
2382 5752 2924 5813 δανείσασθαι.’Δλλα
2952 5754 3177 5830 ῥήματα
3194 5758 3286 5832 τοῦ
3310 5757 3723 5832 δανειζομένου,
