3948 6250
318 310 456 380 1369

1558 310 1800 376 SACRA
1827 310 2300 374 PARALLELA.

3434 288 3575 376 1370

305 422 401 479 καὶ
435 421 571 479 ἄλλα
597 420 691 476 τοῦ
722 419 1155 493 ἀπαιτουμένου.
1190 420 1318 475 Εἴθε
1361 436 1446 475 σοι
1491 421 1568 493 μὴ
1594 422 1865 494 ἀπήντησε

1992 419 2141 473 uiam
2178 415 2415 488 accipit,
2450 422 2506 473 et
2556 414 2661 474 alia
2708 415 2831 488 ejus
2877 431 2907 471 a
2955 432 3065 489 quo
3116 433 3180 474 ea
3231 418 3570 491 reposcitur.

301 514 449 580 τότε,
479 513 602 586 ούχὶ
615 510 676 569 δὲ
706 511 936 579 άκοντός
962 529 1069 585 μου
1091 512 1362 579 ὑπέϐαλες
1388 516 1456 586 τῇ
1485 514 1634 586 χειρὶ
1656 514 1727 568 τὰ
1754 514 1887 586 χρή-

302 623 452 678 ματα
470 620 487 638 ο
512 603 823 677 ὑπόχαλκον
850 606 907 659 δέ
940 622 1036 659 σου
1053 605 1115 662 τὸ
1134 606 1379 679 χρυσίον,
1404 609 1499 661 καὶ
1529 625 1886 681 παρακεκομ-

300 688 467 769 μένον
500 696 558 751 τὸ
593 697 859 769 νόμισμα.
907 696 1037 753 Εἴτε
1068 696 1162 753 οὖν
1207 697 1365 769 φίλος
1408 700 1438 753 ό
1477 698 1764 766 δανείζων,
1805 701 1883 771 μὴ

298 786 585 861 ζημιωθῇς
611 787 780 844 αὑτοῦ
817 788 919 862 τὴν
951 788 1136 862 φιλίαν
1157 803 1173 818 ⁸
1207 789 1326 845 εἴτε
1376 790 1595 863 ἔχθρδς,
1628 791 1703 862 μὴ
1743 790 1882 864 γένῃ

294 878 374 952 τῷ
402 880 664 950 δυσμενεῖ
699 880 1039 954 ὑποχείριος.
1070 882 1287 956 Μικρὸν
1320 883 1883 957 ὲγκαλλωπισάμενος

294 974 409 1037 τοῖς
434 971 761 1046 ἀλλοτρίοις,
795 973 1026 1049 ὕστερον
1052 976 1281 1032 καὶτῶν
1315 975 1585 1049 πατρῴων
1613 978 1878 1050 ἐκστήσῃ.

294 1063 479 1137 Πένης
508 1058 561 1121 εἳ
583 1064 715 1135 νῢνς
745 1066 859 1121 ἀλλ’
887 1067 1197 1140 ἐλεύθερος.
1229 1071 1630 1141 Δανεισάμενος
1652 1069 1731 1135 δὲ,
1758 1071 1882 1126 οὐδὲ

296 1158 651 1231 πλουτήσεις,
687 1160 786 1214 καί⁵
809 1159 912 1234 τήν
942 1160 1259 1233 ἐλευθερίαν
1282 1163 1654 1237 ἀφαιρεθήσῃ.
1684 1163 1883 1229 Δοῦλος

291 1249 385 1304 τοῦ
418 1250 790 1316 δεδανεικότος
826 1254 856 1308 ό
880 1253 1269 1325 δανεισάμενος
1289 1272 1305 1287 ο
1347 1258 1445 1310 καὶ
1472 1256 1661 1322 δοῦλος
1690 1258 1882 1330 μισθο-

291 1342 483 1415 φόρος,
531 1344 560 1399 ό
617 1344 999 1419 ἀπαραίτητον
1050 1346 1191 1417 ἔχων
1240 1347 1341 1421 τὴν
1395 1348 1768 1421 λειτουργίαν.
1814 1350 1880 1405 0i

291 1435 452 1502 κύνες
476 1434 739 1505 λαϐόντες
771 1438 1133 1512 ἡμεροῦνται,
1164 1441 1193 1492 ό
1239 1438 1297 1495 δὲ
1337 1441 1624 1510 δανειστὴς
1672 1444 1880 1516 λαμϐά-

288 1545 399 1582 νων
432 1529 912 1602 προσερεθίζεται.
936 1532 1012 1586 Οὐ
1040 1532 1150 1606 γὰρ
1186 1531 1421 1588 παύεται
1444 1534 1715 1601 ὑλακτῶν,
1742 1534 1878 1592 ἀλλὰ

285 1621 351 1674 τὸ
394 1620 560 1676 πλέον
610 1622 882 1696 ἔπιζητεῖ.
939 1625 1076 1680 Ἐὰν·
1114 1625 1346 1700 ὀμνύῃς,
1398 1627 1878 1702 ἀπιστεῖοὲρευνᾷ

285 1713 357 1766 τὰ
377 1713 551 1782 ὲνδδν,
573 1713 644 1768 τὰ
668 1715 1104 1789 συναλλάγματά
1134 1736 1226 1772 σου
1250 1718 1718 1793 πολυπραγμονεῖ.
1749 1722 1876 1777 Ἐὰν

1999 509 2215 566 Utinam
2250 518 2367 565 tum
2396 508 2501 565 tibi
2536 508 2734 565 obvius
2782 525 2892 566 non
2945 510 3214 567 fuissem!
3266 512 3461 568 Annon
3512 522 3570 570 tu

1994 604 2126 659 mihi
2159 603 2335 658 invito
2369 601 2632 672 pecunias
2662 602 2719 657 in
2750 603 3242 674 manum'injecisti
3269 605 3293 659 ?
3326 603 3573 662 subaura-
3662 676 3666 680 Α

1995 707 2108 751 ιυιη
2141 696 2307 752 etiam
2344 692 2500 750 tuutn
2534 712 2730 751 aurum
2765 703 2887 752 erat
2909 735 2924 762 ,
2953 696 3127 753 excisi
3165 700 3394 753 nummi.
3424 700 3572 767 Quo-

1989 790 2174 856 circa,
2223 789 2343 846 sive
2391 788 2607 844 amicus
2658 789 2727 844 sit
2774 790 2869 861 qui
2924 789 3172 858 fenerat,
3202 805 3271 846 ne
3315 792 3572 851 amicitia

1996 885 2174 956 ipsius
2197 884 2479 955 Jacturam
2518 883 2690 940 facias
2718 902 2732 939 :
2770 886 2889 941 sive
2914 885 3121 952 hostis,
3147 902 3217 943 ne
3241 894 3294 943 te
3324 888 3571 943 obstrin-

1988 991 2087 1047 ειη
2136 975 2389 1032 inimico.
2439 973 2735 1044 Postquam
2784 975 3182 1046 aliquantisper
3226 977 3296 1033 ob
3358 977 3570 1035 alienas

1986 1084 2120 1139 opes
2146 1069 2347 1130 cristas
2368 1068 2658 1132 extuleris.
2680 1068 2927 1139 paternis
2954 1076 3011 1123 tu
3039 1070 3158 1139 ipse
3176 1084 3395 1140 quoque
3417 1069 3569 1127 exci-

1986 1161 2085 1217 dcs
2118 1159 2306 1218 bonis.
2339 1158 2554 1231 Pauper
2589 1177 2736 1218 nunc
2779 1161 2887 1217 es?
2930 1168 2985 1215 at
3038 1160 3197 1217 liber.
3227 1162 3334 1219 Ubi
3384 1175 3564 1219 autem

1988 1254 2280 1323 pecuniam
2317 1253 2506 1311 fenore
2552 1253 2837 1325 acceperis
2858 1294 2875 1321 ,
2904 1268 3008 1311 nec
3040 1253 3196 1310 dives
3220 1254 3366 1322 eris,
3408 1254 3569 1311 insu-

1985 1358 2086 1415 per
2114 1353 2169 1402 et
2197 1344 2436 1403 libertas
2468 1345 2566 1402 tibi
2602 1344 2900 1402 adimetur.
2933 1345 3242 1403 Creditoris
3269 1346 3415 1403 enim
3445 1362 3567 1402 ser-

1986 1452 2090 1492 vus
2144 1444 2264 1504 est,
2295 1437 2392 1508 qui
2438 1438 2631 1495 fenore
2675 1439 2927 1511 accepit,
2974 1436 3111 1510 quin
3158 1438 3328 1495 etiam
3373 1455 3568 1498 servus

1986 1528 2373 1584 mercenarius
2393 1567 2409 1593 ,
2441 1526 2804 1584 acerbissimo
2832 1527 3143 1583 ministerio
3174 1527 3430 1597 fungens.
3461 1529 3566 1585 Ca-

1985 1636 2084 1678 nes
2114 1636 2238 1676 cum
2272 1619 2611 1692 acceperint,
2646 1631 3073 1688 mansuescunt;
3124 1622 3390 1690 creditor,
3418 1623 3568 1680 acci-

1986 1715 2222 1784 piendo,
2261 1714 2446 1770 acrius
2476 1713 2757 1770 incitatur.
2790 1712 2977 1785 Neque
3009 1718 3154 1770 enim
3187 1716 3389 1772 latrare
3415 1717 3567 1773 desi-

284 1804 489 1879 προῖῃς
522 1804 620 1860 τοῦ
651 1806 936 1879 δοματίου,
964 1808 1113 1863 ἕλκει
1146 1809 1284 1880 πρὸς
1335 1791 1560 1877 ἑαυτὸν,
1582 1813 1678 1868 καὶ
1712 1830 1865 1868 κατα-

1980 1807 2060 1861 nit
2086 1848 2104 1873 ,
2136 1804 2239 1863 sed
2268 1804 2511 1879 amplius
2539 1807 2757 1878 quaerit.
2791 1806 2849 1863 Si
2892 1806 3287 1879 jusjurandum
3320 1796 3566 1882 interpo-

285 1898 466 1968 σύρει.
514 1898 642 1955 Ἐὰν
662 1899 719 1954 δὲ
753 1898 904 1954 ἔνδον
934 1900 1163 1955 σεαυτὸν
1188 1902 1571 1976 κατακρύψας,
1602 1904 1871 1984 ἐφέστηκε

282 1994 351 2063 τῇ
404 1989 631 2066 αὐλαίᾳ,
684 1993 782 2048 καὶ
816 1991 1253 2067 θυρακρουστεῖ’
1305 1994 1401 2049 ἐπὶ
1443 1997 1692 2067 γαμετῆς
1739 2013 1872 2051 κατ-

281 2082 561 2155 αισχύνει,
611 2083 707 2139 ἰπὶ
754 2083 930 2155 φίλων
976 2083 1325 2159 καθυϐρίζει,
1371 2086 1433 2141 ὲν
1468 2088 1593 2153 ταῖς
1637 2087 1872 2161 ἀγοραῖς

281 2174 476 2251 ἄγχει·
512 2177 687 2233 κακὸν
721 2176 1043 2250 συνάντημα
1068 2178 1282 2253 ἑορτῆς,
1318 2179 1555 2235 ἀϐίωτόν
1586 2198 1672 2235 σοι
1708 2197 1870 2235 κατα-

280 2267 547 2336 σκευάζει
566 2270 662 2325 τὸν
704 2269 841 2342 βίον.
878 2270 1040 2325 Ἀλλά
1075 2270 1310 2345 μεγάλη,
1338 2272 1527 2346 φησιν,
1554 2274 1590 2345 ή
1628 2273 1864 2347 ἀνάγκη.

279 2357 348 2414 Τί
371 2359 571 2431 δφελός
601 2378 686 2417 σοι
728 2361 829 2435 τήν
862 2362 1105 2437 σήμερον
1147 2361 1518 2434 ὐπερθέσθαι;
1547 2363 1721 2419 Πάλιν
1755 2367 1865 2440 γάρ

278 2450 409 2524 seu
424 2470 514 2511 σοι
546 2457 581 2527 ή
614 2454 778 2511 πενία
805 2455 998 2529 ὥσπερ
1024 2454 1231 2526 ἀγαθὸς
1255 2456 1516 2530 δρομεὺς,
1540 2456 1638 2511 καὶ
1663 2458 1695 2529 ή
1724 2458 1863 2530 αὐτὴ

278 2545 503 2617 ἀνάγκη
542 2546 683 2618 μετά
737 2546 1060 2620 προσθήκης
1116 2546 1413 2621 παρέσται.
1452 2548 1527 2602 Τὸ
1561 2549 1670 2622 γάρ
1715 2549 1872 2615 δάνος

276 2638 379 2694 οὐκ
402 2639 731 2715 ἀπαλλαγὴν
759 2641 1027 2714 παντελῆ,
1050 2641 1189 2696 ἀλλὰ
1220 2641 1440 2716 μακρὰν
1467 2642 1743 2718 ἀναϐολὴν
1769 2644 1871 2716 τῆς

277 2730 597 2803 ἀμηχανίας
626 2733 952 2806 παρέχεται.

1973 1913 2111 1963 nas,
2173 1913 2286 1954 non
2341 1898 2571 1969 credit;
2631 1900 3034 1967 supellectilem
3102 1908 3252 1955 tuam
3313 1901 3560 1971 excutit,

1970 1999 2301 2048 contractus
2333 1997 2459 2048 tuos
2489 2001 2892 2064 perscrutatur.
2928 1993 2986 2049 Si
3016 1996 3181 2053 duum
3212 1998 3468 2067 prodeas,
3495 1996 3563 2051 ad

1969 2099 2032 2141 se
2068 2092 2134 2141 te-
2156 2084 2330 2140 trahit
2362 2094 2418 2142 et
2447 2094 2766 2159 extorquet.
2796 2085 2897 2143 Sin
2929 2095 2985 2145 te
3017 2088 3171 2146 intus
3221 2089 3559 2157 abscondas,

1970 2192 2071 2248 pro
2123 2177 2341 2236 foribus
2391 2188 2539 2237 astat
2568 2180 2881 2253 pulsatque.
2916 2180 3118 2238 Coram
3167 2198 3339 2239 uxore
3384 2183 3562 2253 pudo-

1972 2286 2087 2328 rem
2116 2272 2218 2328 tibi
2246 2273 2479 2340 incutit,
2503 2288 2690 2332 coram
2718 2273 2917 2332 amicis
2944 2275 3117 2332 infert
3145 2276 3560 2347 contumeliam,

1971 2366 2027 2420 in
2056 2366 2324 2423 nundinis
2352 2367 2619 2440 praefocat
2640 2409 2655 2433 ,
2686 2368 2742 2424 in
2765 2368 2858 2425 die
2886 2366 3031 2426 festo
3055 2367 3336 2426 infaustus
3364 2384 3563 2425 occur-

1973 2459 2045 2514 rit
2072 2459 2214 2529 tibi,
2249 2462 2510 2518 acerbam
2543 2462 2783 2534 denique
2814 2463 2917 2519 tibi
2969 2464 3156 2538 vitam.
3190 2463 3395 2521 reddit.
3449 2450 3559 2530 At,

1975 2551 2204 2624 inquis,
2238 2553 2436 2626 ingens
2485 2570 2576 2611 me
2626 2556 2929 2612 necessitas
2984 2555 3179 2627 adigit.
3230 2554 3373 2623 Quid
3427 2570 3561 2611 vero

1974 2646 2203 2718 prodest
2232 2647 2332 2703 tibi
2360 2650 2503 2704 ultra
2533 2648 2857 2706 hodiernum
2890 2648 3036 2706 diem
3069 2648 3334 2706 ditl'erre?
3366 2663 3560 2705 rursus

1973 2740 2119 2796 enim
2154 2749 2455 2814 paupertas
2484 2743 2762 2799 celerrimi
2792 2743 3043 2801 cursoris
3070 2742 3250 2800 instar
3280 2743 3347 2799 ad
3379 2751 3433 2798 te
3464 2758 3560 2797 ve-

278 2822 391 2878 niet
413 2864 428 2891 ,
464 2824 758 2897 aderitque
790 2826 1107 2884 necessitas»
1134 2842 1238 2887 nec
1266 2828 1392 2886 sine
1418 2828 1665 2885 cumulo.
1694 2826 1938 2887 Pecunia
1984 2832 2230 2891 tenebris
2279 2851 2391 2891 non
2440 2835 2545 2893 ltoc
2597 2834 2781 2905 ali‘ert,
2818 2842 2880 2893 ut
2918 2852 3150 2909 prorsus
3190 2834 3559 2894 incommodis

276 2917 538 2977 libereris
566 2937 581 2976 :
615 2918 711 2975 sed
740 2920 994 2993 exiguam
1026 2921 1298 2979 duntaxat
1333 2924 1604 2982 anxietati
1636 2933 1744 2980 tua:
1772 2940 1982 2980 moram
2014 2926 2293 2997 producit.

349 3014 541 3080 τόκος
567 3007 727 3084 οἶμαι
745 3012 837 3069 διὰ
865 3014 967 3087 τὴν
999 3016 1332 3087 πολυγονίαν
1357 3019 1454 3075 τοῦ
1483 3019 1660 3075 κακοῦ
1687 3037 1862 3091 προσ-

271 3106 789 3180 ηγόρευται.Πόθεν
815 3108 928 3182 γὰρ
954 3107 1180 3166 ἄλλοθεν
1202 3126 1219 3180 ;
1238 3111 1311 3166 Ἦ
1327 3112 1468 3183 τάχα
1498 3113 1675 3179 τόκος
1709 3112 1867 3183 λέγε-

2040 3022 2203 3095 433
2258 3023 2497 3080 Ibid.—
2521 3024 2695 3090 Τόκος
2724 3024 2820 3098 (id
2860 3032 2947 3081 est
2976 3023 3167 3095 fenus)
3203 3025 3276 3081 ob
3316 3024 3446 3081 mali
3474 3023 3556 3082 [θ’

1971 3118 2309 3176 cunditatem
2346 3120 2422 3176 ita
2454 3119 2762 3192 appellatus
2801 3128 2903 3177 est.
2928 3117 3089 3178 Unde
3122 3120 3269 3177 enim
3304 3117 3557 3191 alioqui?

271 3218 363 3257 ται
410 3199 509 3255 διὰ
558 3198 659 3266 τὰς
710 3200 910 3268 ὠδῖνας
964 3204 1062 3260 καὶ
1086 3203 1293 3270 λύπας,
1341 3205 1408 3270 ἀς
1453 3208 1706 3279 ἐμποιεῖν
1743 3210 1865 3272 ταῖς

1975 3204 2072 3270 Vel
2106 3211 2272 3266 etiam
2319 3211 2560 3270 fortasse
2601 3212 2762 3278 τόκος
2821 3221 3177 3285 nuncupatur
3229 3213 3301 3270 ob
3330 3211 3555 3287 dolores

271 3294 476 3367 ψυχαῖς
500 3292 613 3350 τῶν
634 3293 1033 3368 δανειζομένων
1056 3296 1322 3369 πέφυκεν.
1340 3299 1612 3372 Ὥσπερή
1639 3300 1768 3365 ὠδὶς
1796 3305 1863 3374 τῇ

1974 3311 2026 3356 et
2055 3301 2383 3369 molestias,
2440 3319 2582 3377 quas
2638 3320 2831 3360 eorum
2882 3304 2974 3377 qui
3017 3303 3228 3362 fenoris
3276 3303 3356 3360 rei
3397 3312 3551 3369 sunt,

270 3385 564 3461 τικτούσῃ.
605 3386 781 3453 οὕτως
809 3392 843 3461 ή
872 3389 1186 3463 προθεσμία
1210 3390 1289 3462 τῷ
1312 3392 1564 3463 ύποχρέῳ
1594 3394 1865 3466 παρίστα-

269 3498 384 3536 ται.
415 3480 593 3546 Τόκος
623 3481 719 3536 ἐπὶ
758 3481 926 3555 τόκῳ,
975 3481 1232 3556 πονηρῶν
1269 3482 1477 3555 γονέων
1505 3485 1741 3559 πονηρὸν
1770 3486 1863 3541 ἐκ·

270 3590 456 3644 γονον.
481 3573 669 3630 Ταῦτα
694 3574 751 3629 δὲ
771 3574 1019 3645 λεγέσθω
1045 3579 1366 3648 γεννήματα
1390 3576 1637 3649 ἐχιδνῶν,
1663 3577 1732 3633 τὰ
1754 3580 1864 3634 τῶν

270 3667 449 3725 τόκων
488 3668 885 3740 ἀποκυήματα.
916 3668 1029 3735 Τὰς
1085 3668 1299 3741 ἐχίδνας
1342 3670 1568 3740 λέγουσι
1617 3671 1716 3742 τὴν
1760 3689 1863 3741 γα-

276 3761 445 3836 στέρα
468 3760 575 3833 τῆς
612 3761 820 3833 μητρὸς
842 3761 1189 3828 διεσθιούσας
1231 3763 1543 3833 τίκτεσθαι,
1570 3766 1665 3819 καὶ
1688 3764 1741 3820 oi
1766 3766 1859 3820 τό·ο

273 3873 359 3910 κοι
403 3855 537 3919 τοὺς
572 3855 759 3922 οἴκους
814 3855 924 3911 τῶν
977 3856 1307 3928 ὀφειλόντων
1350 3858 1691 3929 ὲκφαγόντες
1724 3860 1860 3915 ἀπο·

270 3947 603 4020 γεννῶνται.

339 4044 442 4109 Δὸς
474 4041 540 4097 τδ
562 4042 703 4097 οίκοι
730 4043 987 4113 κείμενον
1019 4041 1310 4115 ἀργύριον,
1339 4043 1417 4116 μὴ
1452 4043 1701 4115 βαρύνων
1725 4045 1859 4100 αὐτὸ

268 4139 391 4202 ταῖς
436 4135 807 4208 προσθήκαις,
842 4137 940 4193 καὶ
981 4136 1319 4209 ἀμφοτέροις
1359 4138 1481 4210 ἥξει
1517 4138 1723 4204 καλῶς.
1765 4141 1859 4194 Σοὶ

273 4228 374 4300 μὲν
409 4225 648 4301 ὑπάρξει
697 4227 760 4283 τὸ
798 4227 865 4282 ὲκ
907 4228 1010 4302 τῆς
1050 4227 1304 4300 φυλακῆς
1351 4229 1630 4299 ἀσφαλῶς,
1676 4230 1757 4303 τῷ
1798 4231 1857 4286 δὲ

269 4319 493 4375 λαϐόντι
523 4318 585 4374 τδ
608 4320 675 4375 ὲκ
706 4320 809 4392 τῆς
841 4321 1095 4392 χρήσεως
1129 4320 1344 4395 κέρδος.
1378 4324 1441 4377 Εἰ
1465 4324 1523 4378 δὲ
1554 4326 1653 4380 καὶ
1682 4343 1857 4398 προσ-

271 4410 449 4481 θήκην
473 4408 779 4484 ιπιζητετς,
818 4410 1124 4485 ἀρκέσθητι
1162 4416 1279 4479 τοῖς
1315 4415 1469 4486 παρὰ
1489 4415 1589 4469 τοῦ
1622 4416 1852 4487 Κυρίου.

269 4502 446 4568 Αὐτὸς
470 4503 614 4577 ὑπὲρ
641 4504 752 4558 τῶν
793 4506 1049 4578 πενήτων
1080 4507 1174 4562 τὸν
1202 4507 1550 4580 πλεονασμὸν
1578 4509 1851 4565 ἀποτίσει.

1965 3393 2168 3451 animis
2224 3396 2367 3454 solet
2396 3396 2746 3470 ingenerare.
2800 3394 3277 3464 Quemadmodum
3328 3395 3548 3452 scilicet

1965 3487 2295 3556 parturienti
2355 3489 2554 3555 dolor,
2606 3490 2687 3545 sic
2763 3489 3111 3561 praastitutus
3169 3489 3379 3546 fenoris
3430 3489 3551 3563 dies

1962 3585 2112 3632 astat
2167 3566 2430 3635 creditori
2469 3578 2677 3637 :l'enus
2726 3595 2892 3651 super
2921 3580 3109 3653 fenus,
3138 3580 3405 3636 malorum
3449 3596 3549 3651 pa-

1964 3670 2181 3719 rentum
2216 3666 2362 3722 mala
2414 3668 2657 3726 soboles.
2706 3669 2871 3738 Atqui
2924 3669 3157 3741 viperini
3218 3668 3364 3726 fetus
3412 3687 3547 3727 usu—

1962 3769 2149 3810 rarum
2197 3765 2386 3829 partus
2417 3757 2525 3814 dici
2564 3769 2790 3832 queant.
2824 3758 2897 3818 Ut
2948 3762 3094 3820 enim
3134 3760 3353 3835 viperas
3391 3763 3547 3817 aiunt

1968 3860 2134 3902 exeso
2185 3857 2425 3905 matrum
2472 3858 2630 3908 utero
2693 3851 2750 3909 in
2812 3854 2990 3910 lucem
3029 3853 3155 3921 edi;
3210 3853 3293 3911 sic
3352 3853 3546 3910 fenora

1960 3938 2141 3994 exesis
2180 3939 2487 3999 debitorum
2514 3945 2769 4002 domibus
2800 3955 3186 4018 procreantur.

2038 4028 2186 4087 Ibid.
2213 4065 2286 4077 —
2313 4035 2393 4091 Da
2437 4038 2735 4108 pecuniam
2775 4055 2943 4112 quam
2998 4039 3148 4096 domi
3197 4039 3542 4096 reconditam

1958 4128 2149 4194 habes,
2179 4129 2350 4185 nullis
2387 4145 2507 4185 eam
2535 4129 2787 4188 fenorum
2825 4133 3247 4191 accessionibus
3270 4149 3541 4204 gravatis:

1958 4221 2049 4277 sic-
2076 4223 2296 4293 utrique
2343 4223 2486 4279 bene
2516 4225 2645 4280 erit.
2689 4223 2826 4281 Nam
2877 4226 2932 4283 et
2965 4226 3063 4283 tibi
3100 4234 3220 4283 tuto
3274 4226 3545 4285 custodie-

1960 4324 2052 4370 tus
2089 4333 2104 4370 :
2141 4324 2200 4371 et
2232 4315 2280 4371 is
2313 4314 2412 4387 qui
2468 4318 2770 4390 acceperit,
2826 4320 3043 4377 lucrum
3094 4338 3162 4378 ex
3196 4336 3302 4378 usu
3345 4336 3543 4377 conse-

1957 4414 2184 4475 quetur.
2220 4406 2380 4477 Quod
2425 4408 2473 4465 si
2528 4412 2906 4469 accessionem
2939 4414 3165 4486 quaeris,
3204 4430 3269 4471 ea
3307 4421 3541 4470 conten-

1961 4498 2050 4553 tus
2080 4509 2223 4568 esto,
2260 4516 2386 4573 qua
2412 4503 2513 4559 tibi
2548 4519 2578 4557 a
2621 4502 2859 4561 Domino
2916 4506 3229 4577 profectura
3280 4514 3387 4563 est.
3420 4505 3542 4575 Ipse

270 4596 430 4670 Παρὰ
481 4595 576 4651 τοῦ
626 4598 800 4666 ὅντως
830 4596 1220 4673 φιλανθρώπου
1252 4602 1495 4675 ἀνάμενε
1546 4603 1614 4657 τά
1661 4604 1853 4673 φιλάν·

1974 4591 2060 4647 tibi
2095 4609 2399 4667 pauperum
2445 4598 2673 4654 nomine
2714 4600 2991 4669 persolvet
3025 4600 3202 4655 fenus.
3242 4600 3324 4655 Ab
3352 4615 3417 4654 eo
3446 4600 3541 4670 qui

269 4690 486 4762 θρωπα.
525 4693 593 4745 Ἀ
639 4692 750 4765 γάρ
803 4692 1107 4765 λαμϐάνεις
1139 4738 1154 4762 ,
1203 4696 1381 4751 ταῦτα
1437 4696 1857 4767 μισανθρωπίας

269 4784 526 4855 οὐδεμίαν
553 4785 865 4859 ὑπερϐολὴν
888 4787 1202 4846 ἀπολείπει.
1231 4789 1366 4843 Ἀπὸ
1394 4790 1691 4862 συμφορῶν
1726 4807 1855 4861 κερ-

268 4874 493 4941 δαίνεις,
550 4876 660 4931 ἀπὸ
691 4877 945 4949 δακρύων
1000 4880 1433 4952 ἀργυρολογεῖς,
1487 4880 1580 4935 τὸν
1642 4880 1854 4953 γυμνὸν

270 4969 485 5039 ἄγχεις,
516 4970 607 5025 τὸν
629 4970 973 5043 λιμώττοντα
999 4972 1224 5038 τύπτεις
1244 4989 1260 5003 ο
1299 4974 1449 5039 ἔλεος
1476 4974 1739 5045 οὐδαμοῦ.
1770 4974 1852 5029 Τὰ

268 5060 519 5115 ἐντεῦθεν
550 5060 740 5134 κέρδη,
779 5062 1139 5135 φιλάνθρωπα
1169 5065 1483 5137 ὁνομάζεις;
1515 5068 1652 5121 Οὐαὶ
1681 5070 1728 5123 oi
1757 5067 1848 5121 λέ-

268 5161 458 5218 γοντες
484 5150 544 5205 τὺ
587 5151 787 5224 πικρὸν
806 5152 999 5225 γλυκὺ,
1026 5157 1119 5207 καὶ
1147 5156 1245 5227 τὴν
1277 5156 1697 5229 μισανθρωπίαν
1727 5159 1845 5228 φιλο

269 5239 590 5313 ανθρωπίαν
631 5244 1160 5317 προσαγορεύοντες.

348 5506 795 5582 Ἐκατοστολόγοι
837 5514 927 5567 καὶ
954 5513 1399 5587 δεκατοστολόγοι
1440 5519 1608 5585 τινὲς,
1640 5520 1843 5590 φρικτὰ

267 5601 361 5653 καὶ
386 5602 980 5679 ἁκουσθῆναιόνόματα
1004 5629 1016 5642 ·
1043 5614 1284 5682 μηνιαῖοι
1310 5614 1630 5685 ἁπαιτηταὶ,
1654 5615 1843 5685 ὥσπερ

267 5692 317 5745 οί
346 5694 447 5760 τὰς
481 5698 777 5771 ἐπιληψίας
808 5701 1109 5769 ποιοῦντες,
1142 5704 1287 5758 κατὰ
1314 5705 1410 5770 τὰς
1436 5709 1719 5778 περιόδους
1742 5707 1841 5778 τῆς

272 5785 500 5863 σελήνης
543 5793 917 5865 ἐπιτιθέμενοι
961 5800 1070 5863 τοῖς
1130 5802 1384 5873 πτωχοῖς,
1429 5802 1647 5873 πονηρὰ
1694 5802 1839 5867 δόσις

1966 4685 2239 4755 benignus
2272 4696 2377 4753 est,
2404 4687 2647 4761 benigna
2693 4690 3036 4761 praestolare.
3085 4689 3220 4745 Nam
3251 4707 3371 4762 quae
3403 4692 3540 4745 alio-

1960 4779 2056 4847 qui
2085 4780 2315 4849 accipis,
2356 4783 2575 4839 nullum
2632 4783 3056 4840 iuhumauitatis
3105 4783 3333 4855 gradum
3367 4784 3539 4837 relin-

1959 4882 2162 4942 quunt.
2200 4874 2277 4929 Ex
2340 4876 2751 4932 calamitatibus
2811 4878 3009 4933 alienis
3055 4886 3324 4949 quaestum
3372 4876 3534 4943 facis,

1956 4983 2025 5021 ex
2060 4968 2322 5041 laerymis
2356 4974 2647 5041 pecuniam
2712 4969 2952 5040 colligis,
3001 4970 3209 5026 nudum
3238 4970 3530 5041 prmfocas,

1955 5078 2079 5117 eum
2110 5063 2205 5133 qui
2240 5063 2386 5119 fame
2414 5065 2654 5130 laborat,
2683 5066 2954 5135 percutis,
2985 5082 3259 5132 nusquam
3314 5066 3535 5120 miseri-

1954 5157 2143 5213 Ctirdiu
2180 5177 2193 5214 :
2233 5160 2365 5227 quin
2396 5167 2451 5215 et
2487 5162 2861 5232 quodcunque
2888 5177 2952 5217 ex
2992 5162 3079 5217 bis
3127 5160 3378 5216 lucratus
3412 5158 3535 5216 fue-

1955 5251 2054 5314 ris,
2092 5250 2389 5322 benignum
2441 5262 2496 5308 et
2533 5256 2833 5313 humanum
2882 5254 3169 5310 nominare
3214 5250 3409 5309 amas?
3443 5249 3534 5308 Vw

1952 5344 2043 5413 qui
2079 5344 2274 5399 dicunt
2312 5361 2558 5403 amarum
2624 5347 2807 5413 dulce,
2855 5355 2907 5403 et
2938 5347 3396 5403 inhumanitatem
3432 5360 3531 5415 ap-

1952 5436 2155 5505 pellant
2180 5436 2600 5493 humanitatem.

2026 5528 2168 5582 Ibid.
2196 5560 2263 5570 —-—
2299 5528 2707 5603 ilecatostulogi
2754 5540 2806 5588 ct
2853 5534 3250 5603 decatostologi
3312 5531 3390 5604 (id
3419 5541 3522 5596 est,

1950 5623 2042 5691 qui
2076 5623 2409 5679 centesimas
2438 5636 2492 5678 et
2520 5624 2855 5681 decutuauas
2892 5641 3092 5681 usuras
3123 5626 3325 5697 legunt)
3350 5628 3526 5680 nomi-

1954 5729 2019 5767 na
2057 5716 2139 5768 vel
2187 5715 2305 5782 ipso
2339 5715 2531 5770 auditu
2567 5716 2882 5785 horrenda;
2914 5728 3203 5775 exactores
3235 5720 3521 5787 menstrui,

1950 5822 2053 5864 non
2093 5822 2254 5865 secus
2290 5826 2355 5867 ac
2400 5812 2678 5869 daemones
2713 5811 2792 5867 illi
2837 5813 2929 5883 qui
2964 5812 3265 5869 comitiales
3296 5812 3519 5869 morbo»
