3930 6248
492 260 630 330 1391

1662 261 1721 322 S.
1763 259 2088 324 JOANNIS
2133 263 2569 328 DAMASCENI

3609 270 3722 336 1392

488 375 680 450 Usque
706 374 772 432 ad
818 381 1050 432 mortem
1084 380 1236 431 certa
1283 387 1386 445 pro
1413 369 1652 443 justitia,
1711 383 1764 429 et
1801 373 2064 429 Dominus

2207 376 2436 445 γώνισαι
2457 380 2599 453 ὑπὲρ
2628 382 2726 452 τῆς
2757 382 3035 458 ἀληθείας,
3062 383 3158 441 καὶ
3186 384 3393 464 Κύριος
3427 389 3455 444 ό
3492 388 3612 459 Θεὸς
3641 413 3723 451 τῖο-

484 469 770 540 pugnabit
809 483 913 539 pro
943 475 1021 523 te.
1061 486 1082 519 ι

562 558 733 614 Ereti.
770 573 926 627 ινιιι,
962 558 1126 615 l5.--
1155 576 1175 610 ι
1205 558 1264 613 In
1300 557 1688 625 innocentibus
1723 574 1792 614 ne
1824 557 1920 615 des
1941 573 2076 630 que-

485 652 690 708 relam.
727 670 746 704 ι
1863 650 1865 652 ’
2050 660 2055 666 ·

569 742 735 798 Eccli.
767 759 840 809 Iv,
875 742 967 798 26.
993 770 1065 788 --
1107 761 1126 796 ι
1157 741 1238 800 Ne
1279 743 1521 815 accipias
1549 757 1844 815 personam
1876 743 2074 800 adver—

495 848 596 892 sus
629 834 867 890 animam
904 841 1077 889 tuam.
1107 851 1130 885 ι

570 924 740 981 Eccli.
782 938 904 990 vnn,
934 924 1025 980 26.
1062 953 1132 966 -
1166 942 1185 976 ι
1216 922 1295 981 Ne
1327 932 1441 982 stes
1471 932 1664 982 contra
1704 923 1904 982 faciem
1945 940 2076 982 con-

497 1016 798 1072 tumeliosi.
840 1034 862 1070 ι

563 1109 739 1165 .Eccli.
781 1125 857 1175 tr.
886 1109 940 1168 9.
969 1140 1038 1151 —
1078 1128 1096 1162 ι
1129 1108 1327 1165 Libera
1361 1124 1485 1166 eum
1522 1109 1615 1183 qui
1648 1111 1905 1182 injuriam
1937 1114 2077 1184 pati-

499 1217 589 1257 tur
607 1202 676 1258 de
702 1201 1292 1258 manucalumniantis
1327 1221 1342 1258 :
1375 1210 1430 1259 et
1470 1219 1535 1260 ne
1571 1202 1921 1274 despondeas
1954 1206 2079 1260 ani-

498 1310 646 1350 mum
682 1295 811 1350 dum
851 1293 1214 1366 judicaveris.
1256 1313 1278 1349 ι

570 1386 740 1443 Eccli.
771 1402 845 1453 si,
879 1386 930 1441 7.
956 1417 1027 1428 —
1046 1405 1081 1440 .4
1117 1385 1442 1460 Priusquam
1472 1388 1802 1460 interroges,
1830 1404 1898 1445 ne
1927 1391 2080 1446 vitu-

502 1493 684 1553 peres.
711 1478 960 1551 lntellige
993 1481 1251 1552 primum,
1291 1489 1344 1536 et
1378 1488 1508 1536 tunc
1538 1482 1782 1552 corripe.
1815 1499 1836 1534 ι

568 1569 738 1627 Εεείὶ.
770 1587 971 1640 xxxiii,
1026 1572 1115 1628 54.
1149 1603 1218 1615 -
1262 1590 1281 1625 ι
1318 1572 1449 1629 Sine
1499 1573 1754 1629 examine
1803 1574 1944 1630 nihil
1998 1575 2078 1631 fa-

500 1679 637 1722 cnes.
677 1683 696 1718 ι

2178 471 2404 544 λεμήσει
2433 473 2574 547 ὑπὲρ
2607 475 2724 531 σοῦ.
2764 496 2784 530 ι

2251 583 2272 616 ι
2311 566 2401 620 Ἐν
2427 565 2628 632 ἀθώοις
2667 568 2744 641 μὴ
2778 567 2869 634 δὸς
2898 568 3114 642 μῶμον.
3144 590 3168 628 ι

2256 765 2274 798 ι
2312 746 2404 819 Μὴ
2433 748 2605 823 λάϐῃς
2630 725 2920 826 πρόσωπον
2950 754 3097 812 κατά
3117 758 3218 830 τῆς
3247 757 3432 833 ψυχῆς
3453 780 3563 818 σου.

2161 1014 2165 1017 _
2255 949 2274 984 ι
2294 931 2384 1003 Μὴ
2415 933 2720 1008 ὲξαναστῇς
2749 937 2858 992 ἀπὸ
2894 939 3192 1012 προσώπου
3212 943 3495 1016 ὑϐριστοῦ.
3521 965 3543 1000 ι

2255 1131 2273 1164 ι
2306 1112 2527 1182 Ἐξελοῦ
2549 1115 2909 1189 ἀδικούμενον
2951 1121 3017 1175 ἐκ
3041 1124 3227 1195 χειρὸς
3274 1126 3606 1197 ἀδικοῦντος,
3661 1134 3738 1188 καὶ

2181 1201 2258 1273 μὴ
2282 1201 2688 1282 όλιγοψυχήσῃς
2715 1208 2774 1263 ὲν
2799 1207 2879 1281 τῷ
2902 1211 3114 1283 κρίνειν
3139 1232 3219 1271 σε.
3261 1236 3282 1270 ι

2257 1400 2276 1434 ι
2313 1382 2450 1454 Πρὶν
2485 1383 2833 1459 ἢὲξετάσῃς,
2877 1389 2955 1461 μὴ
2997 1389 3215 1465 μέμψῃ.
3270 1391 3488 1466 Νόησον
3530 1397 3741 1470 πρῶτον,

2178 1471 2275 1526 καὶ
2309 1471 2432 1527 τότε
2458 1474 2718 1547 ὲπιτίμα.
2759 1496 2779 1529 ι

2243 1579 2273 1614 4
2301 1562 2465 1616 Ἄνευ
2490 1564 2730 1636 κρίσεως
2755 1566 2831 1641 μὴ
2866 1569 3106 1645 ποιήσῃς
3127 1574 3315 1646 μηδέν.
3356 1595 3376 1630 ι

574 1757 742 1813 Eccli.
771 1775 946 1828 xxxii,
983 1759 1036 1814 l.
1079 1789 1150 1800 —-
1185 1775 1204 1811 ι
1259 1760 1551 1817 Rectorem
1618 1771 1671 1818 te
1739 1764 2082 1833 posuerunt?

2258 1765 2278 1797 ι
2327 1746 2661 1819 Ἠγούμενόν
2689 1768 2748 1804 σε
2785 1753 3168 1826 κατέστησαν;
3197 1756 3272 1828 μὴ
3303 1759 3561 1834 ὲπαέρου.
3615 1766 3747 1822 Γίνου

473 1849 614 1905 -noli
641 1850 861 1906 extolli.
896 1849 1029 1906 Esto
1058 1851 1113 1905 in
1157 1850 1266 1906 illis
1298 1851 1457 1920 quasi
1489 1867 1630 1907 unus
1659 1867 1724 1908 ex
1753 1854 1908 1924 ipsis.
1953 1874 1972 1906 ι

549 1942 726 1999 ῖιὶοηι.
757 1945 953 2011 xm,3.
993 1973 1064 1986 —
1106 1962 1125 1996 ι
1159 1941 1255 1997 Vis
1306 1959 1411 1998 non
1474 1945 1667 2000 limere
1712 1948 2086 2016 potestatem?

507 2035 722 2092 Bonum
763 2035 870 2103 fac,
898 2043 952 2091 et
978 2034 1210 2091 habebis
1242 2036 1458 2091 laudem
1490 2053 1558 2091 ex
1598 2038 1712 2095 illa.
1754 2057 1774 2091 ›

577 2131 608 2187 1
634 2133 799 2202 lana.
826 2147 907 2196 ιιι,
940 2131 1081 2187 7.-
1108 2151 1127 2184 ι
1156 2131 1259 2199 Qui
1288 2131 1742 2202 facitjustitiam,
1773 2134 1956 2203 justus
1980 2144 2085 2204 est,

482 2222 969 2299 -quemadmodum
1014 2233 1069 2280 et
1103 2224 1197 2281 ille
1223 2224 1410 2297 justus
1460 2235 1563 2282 est.
1617 2224 1809 2284 Omnis
1848 2229 1942 2299 qui
1978 2245 2089 2286 non

479 2318 642 2394 :facit
672 2317 972 2390 justitiam,
1009 2332 1122 2373 non
1157 2329 1245 2374 est
1279 2335 1343 2375 ex
1375 2317 1504 2376 Deo.
1534 2338 1554 2371 ι

576 2408 638 2469 S.
672 2410 847 2466 Basil.
881 2408 1036 2466 Orat.
1084 2410 1148 2465 de
1182 2411 1349 2468 invict.
1378 2441 1396 2448 ο
1468 2412 1523 2468 Si
1567 2412 1758 2484 gloria
1790 2414 2092 2486 cupiditate

499 2504 733 2576 liagras,
761 2502 957 2574 visque
994 2517 1163 2574 supra
1199 2504 1401 2575 vulgus
1442 2504 1650 2570 lucere,
1689 2515 1742 2560 et
1795 2507 1849 2561 in
1902 2508 2091 2563 mundi

479 2594 748 2667 negotiis
782 2592 1135 2664 splendorem
1175 2596 1422 2664 assequi,
1468 2594 1660 2666 justus
1693 2603 1836 2663 esto,
1882 2605 2091 2669 tcmpe-

508 2701 660 2754 rans,
691 2686 957 2758 prudens,
985 2693 1041 2742 et
1087 2685 1271 2748 iortis,
1303 2693 1466 2756 teque
1511 2702 1611 2756 pro
1659 2687 1860 2758 pietate
1902 2689 2091 2745 decer-

508 2781 698 2848 tando,
733 2779 1058 2836 tolerantem
1082 2778 1284 2849 praebe.
1312 2778 1473 2852 443
1502 2778 1594 2836 Sic
1612 2781 1756 2837 enim
1775 2790 1830 2838 et
1852 2782 2089 2854 teipsum

507 2875 722 2931 salvum
755 2873 948 2941 facies,
971 2881 1025 2930 et
1050 2872 1118 2929 ob
1151 2871 1362 2944 majora
1393 2874 1539 2931 bona
1571 2874 1880 2931 claritatem
1919 2874 2096 2945 majo-

489 2985 624 3026 rem
651 2967 1004 3040 adipisceris.

582 3061 779 3132 Ejusd.
809 3062 862 3114 in
889 3061 1058 3129 princ.
1097 3059 1257 3116 Prov.
1291 3088 1361 3100 —
1387 3057 1564 3115 Iusta;
1585 3058 1756 3115 animi
1785 3057 2093 3116 aﬂ‘eCtionis
2122 3094 2164 3154 ο

512 3162 897 3229 argumentum
920 3163 1004 3210 est
1035 3153 1322 3225 integritas
1352 3153 1404 3206 in
1429 3152 1826 3222 judicando.—-
1849 3150 1932 3206 Ad
1961 3152 2086 3219 hoc,

485 3257 573 3305 .ut
610 3262 792 3306 veram
845 3248 1116 3318 justitiam
1147 3247 1421 3318 quispiam
1480 3247 1773 3320 intelligat,
1825 3263 2088 3320 magnum

511 3358 649 3399 sane
682 3342 983 3412 ingenium,
1011 3349 1063 3396 et
1095 3355 1309 3395 summa
1367 3341 1566 3397 mentis
1598 3341 1864 3411 perfectio
1903 3342 2086 3412 requi-

489 3434 676 3488 :ritur.
706 3431 893 3503 Neque
916 3433 1060 3488 enim
1094 3433 1210 3487 ﬁeri
1239 3439 1417 3502 potest
1442 3442 1500 3486 ut
1553 3433 1844 3505 quisquam
1867 3434 1934 3490 de
1954 3449 2089 3490 con-

515 3523 802 3580 troversiis
842 3533 990 3580 recte
1027 3535 1080 3581 et
1118 3525 1332 3595 integre
1365 3526 1706 3596 pronuntiet,
1740 3527 1846 3582 nisi
1881 3526 2090 3582 doctri-

492 3631 642 3674 nam
675 3616 819 3688 juris
851 3625 976 3674 ante
1027 3618 1350 3690 perceperit.
1385 3617 1520 3674 Nam
1558 3619 1652 3690 qui
1692 3635 1876 3676 veram
1922 3619 2091 3690 justi-

493 3712 646 3767 tiam
677 3712 858 3776 callet,
894 3725 958 3766 ac
992 3727 1087 3782 per
1121 3727 1240 3767 eam
1279 3725 1442 3767 suum
1473 3712 1675 3784 cuique
1726 3711 1970 3768 tribucre
2001 3712 2089 3767 di-

494 3803 670 3872 dicit,
697 3805 746 3861 is
773 3806 992 3861 demum
1021 3805 1259 3876 dirigere
1283 3805 1554 3876 judicium
1583 3813 1785 3878 potest.
1811 3805 2087 3873 Quemad-

507 3898 738 3954 modum
759 3898 906 3955 enim
940 3900 1264 3970 sagittarius
1294 3899 1464 3956 telum
1508 3899 1579 3954 ad
1608 3899 1824 3970 signum
1859 3898 2087 3969 dirigit,

513 3991 596 4046 sic
625 4005 845 4062 quoque
866 3989 1034 4060 judex
1072 3991 1138 4046 ad
1167 3990 1218 4046 id
1249 3989 1393 4062 quod
1414 3989 1626 4062 justum
1662 4000 1747 4046 est
1807 3990 2088 4056 collineat,

514 4097 638 4137 cum
694 4082 960 4137 rationem
1003 4097 1364 4153 personarum
1427 4098 1536 4137 non
1592 4081 1786 4146 habet,
1830 4097 1931 4138 nec
1991 4096 2090 4153 per

516 4173 682 4228 animi
710 4176 1132 4244 prOpensionem
1166 4175 1467 4246 quidquam
1522 4173 1672 4239 facit,
1715 4173 1808 4228 sed
1860 4182 2007 4229 recta
2033 4181 2090 4229 et

507 4268 728 4338 integra
751 4266 961 4338 judicia
999 4268 1345 4339 pronuntiat.
1387 4266 1553 4336 Atqui
1597 4266 1814 4322 duobus
1842 4265 1987 4337 apud
2022 4265 2090 4321 il-

515 4359 628 4413 lum
661 4373 884 4414 causam
934 4358 1264 4425 dicentibus,
1307 4373 1544 4430 quorum
1578 4358 1715 4413 alter
1760 4359 1881 4429 plus
1907 4372 2086 4428 aequo,

517 4451 657 4506 alter
690 4451 876 4505 minus
921 4449 1144 4524 habeat,
1191 4460 1299 4506 stat
1342 4449 1509 4520 judcx
1567 4464 1664 4505 eos
1713 4448 1858 4504 inter
1889 4465 1948 4505 se
1994 4465 2089 4505 ex-
2125 4467 2167 4523 υ

488 4557 763 4614 ωιιυαιιε,
797 4551 1120 4613 tantumque
1154 4544 1204 4599 ci
1235 4542 1326 4614 qui
1360 4542 1646 4605 exuberat,
1682 4541 2090 4610 adimit,quan-

519 4645 634 4691 tum
661 4637 737 4691 illi
772 4637 864 4708 qui
894 4637 1098 4708 injuria
1139 4636 1393 4698 aﬂicitur,
1437 4634 1632 4690 deesse
1661 4636 2016 4705 compererit.

588 4728 781 4800 Ejusd.
807 4731 948 4784 liam.
991 4729 1113 4783 hab.
1151 4730 1202 4782 in
1237 4727 1479 4800 Lacyzis.
1512 4757 1581 4767 —
1616 4726 1718 4793 Qui
1755 4727 1933 4781 cernit
1975 4727 2092 4798 pla-

519 4840 610 4887 na,
647 4821 1084 4879 misericordiam
1143 4829 1537 4892 consequetur.
1598 4819 1740 4886 Quid
1802 4819 1990 4889 igitur,
2047 4819 2090 4873 si

519 4930 677 4974 terrae
711 4925 961 4971 naturam
1019 4915 1244 4968 minime
1284 4916 1499 4986 planam
1535 4923 1591 4969 et
1644 4912 1969 4982 aequabilem
2021 4911 2094 4964 νιν

517 5010 651 5065 dero
684 5009 886 5079 (qualis
927 5007 1070 5061 enim
1127 5008 1242 5075 ipsa
1279 5017 1382 5074 est,
1415 5007 1540 5060 talis
1576 5020 1797 5074 quoque
1832 5012 2093 5058 cernatur

498 5119 742 5159 necesse
766 5102 893 5172 est),
935 5103 1035 5155 hoc
1072 5102 1292 5156 nomine
1325 5101 1724 5155 condemnabo.
1763 5149 1768 5153 .
1806 5104 1873 5153 At
1907 5111 1962 5152 tu
1995 5114 2092 5152 su-

517 5197 742 5252 blimius
776 5196 934 5252 vclim
977 5197 1265 5266 respicias.
1324 5195 1516 5250 Astant
1564 5195 1696 5248 mihi
1731 5194 1949 5249 diversa
1987 5193 2093 5247 Ira-

516 5299 661 5343 trum
686 5304 883 5361 genera
917 5309 931 5344 :
974 5306 1115 5344 unus
1161 5307 1368 5362 pauper
1399 5301 1501 5356 cst,
1555 5289 1712 5344 dives
1755 5288 1912 5351 alter,
1949 5301 2092 5343 unus

515 5382 877 5452 peregrinus,
935 5384 1076 5439 alter
1140 5383 1452 5447 familiaris,
1510 5383 1604 5452 qui
1667 5381 1749 5436 vel
1805 5390 1855 5437 te
1908 5379 2091 5449 judice

515 5475 872 5545 disceptaturi
899 5479 1026 5542 sint,
1056 5479 1139 5532 vel
1179 5477 1505 5532 liberalitate
1532 5484 1624 5528 tua
1660 5489 1797 5544 Opus
1826 5473 2089 5527 habituri.

517 5568 572 5621 Si
616 5583 716 5639 pro
770 5570 1029 5623 tribunali
1105 5570 1334 5634 sedeas,
1391 5585 1457 5622 ne
1524 5568 1873 5622 commiseris
1913 5573 1971 5619 ut
2011 5568 2089 5620 vel

518 5659 806 5728 inaequalia
848 5671 1082 5730 spectes,
1137 5664 1237 5716 hoc
1271 5669 1352 5716 est
1409 5661 1634 5714 divitem
1691 5659 1989 5722 excelsum,
2037 5667 2089 5713 et

518 5767 809 5823 pauperem
838 5755 1130 5822 abiectum.
1165 5755 1222 5811 Si
1279 5753 1489 5811 foribus
1519 5755 1623 5811 tuis
1668 5761 1809 5810 astet
1860 5751 2082 5821 aliquis,

2186 1839 2242 1892 ὲν
2277 1839 2463 1904 αὐτοῖς
2483 1840 2558 1906 ὼς
2592 1839 2674 1906 εἷς
2705 1844 2766 1911 ἐξ
2799 1845 3000 1901 αὐτῶν.
3039 1867 3057 1901 ›

2262 1950 2282 1983 ι
2319 1931 2506 1999 Θέλεις
2544 1935 2618 2007 μὴ
2664 1936 2951 2006 φοϐεῖσθαι
3004 1941 3288 2020 ἐξουσίανς
3351 1949 3576 2018 Ἀγαθὸν
3608 1951 3750 2020 ποίει,

2188 2024 2283 2078 καὶ
2312 2022 2457 2090 ἕξεις
2483 2025 2711 2083 ἔπαινον
2742 2030 2800 2097 ὲξ
2823 2032 3016 2105 αὐτῆς.
3057 2054 3076 2088 ι

2263 2135 2284 2168 ι
2326 2116 2384 2170 '0
2419 2117 2589 2173 ποιῶν
2621 2120 2720 2194 τὴν
2755 2123 3127 2199 δικαιοσύνην,
3163 2130 3375 2198 δίκαιός
3413 2136 3554 2201 ἐστι,
3591 2138 3752 2204 καθὼς

2189 2211 2283 2264 καὶ
2311 2210 2518 2277 ἐκεῖνος
2546 2212 2755 2280 δίκαιός
2782 2218 2920 2273 ἐστι.
2952 2220 3071 2286 Πᾶς
3107 2225 3136 2278 ό
3165 2224 3243 2298 μὴ
3275 2228 3452 2286 ποιῶν
3501 2231 3754 2288 δικαιοσύ·

2190 2319 2311 2374 νην,
2335 2304 2436 2358 οὐκ
2459 2305 2610 2359 ἐστιν
2632 2309 2696 2362 ὲκ
2727 2308 2821 2363 τοῦ
2857 2310 3015 2368 Θεοῦ.
3061 2335 3088 2368 ι

2261 2396 2324 2488 ΕΞ
2345 2396 2506 2488 δόξης
2538 2398 2846 2471 ἐπιθυμεῖς,
2873 2405 2968 2458 καὶ
2991 2404 3173 2476 βούλει
3195 2410 3304 2465 τῶν
3342 2413 3563 2469 πολλῶν
3611 2416 3757 2488 ὑπερο

2192 2486 2504 2556 φαίνεσθαι.
2547 2490 2640 2544 καὶ
2667 2492 2956 2565 εὐδόκιμος
3001 2499 3060 2551 ὲν
3086 2502 3202 2564 τοῖς
3254 2508 3543 2574 κοσμικοῖς
3602 2486 3758 2579 πράγο

2196 2597 2328 2651 μασι
2350 2583 2622 2650 γίνεσθαι,
2652 2583 2744 2639 ἔσο
2769 2585 2999 2657 δίκαιος,
3032 2591 3289 2664 σώφρων,
3335 2597 3626 2670 φρόνιμος,
3676 2603 3758 2656 ἀν.

2191 2673 2391 2745 δρεῖος,
2428 2677 2831 2750 ὑπομονητικδς
2855 2683 2913 2736 ὲν
2943 2687 3058 2749 τοῖς
3099 2686 3240 2759 ὑπὲρ
3280 2691 3570 2756 εὐσεϐείας
3630 2694 3757 2763 ἀγῶ·

2197 2766 2506 2859 σινκοῦτω
2536 2774 2645 2844 γὰρ
2697 2775 2922 2830 σεαυτὸν
2975 2777 3194 2844 σώσεις,
3247 2784 3337 2836 καὶ
3381 2786 3478 2838 ἐπὶ
3540 2785 3759 2859 μείζοσιν

2193 2857 2422 2926 ἀγαθοῖς
2453 2860 2678 2934 μείζονα
2698 2863 2843 2932 ἕξεις
2869 2866 2968 2940 τὴν
2991 2871 3376 2941 περιφάνειαν.

2266 3041 2535 3118 Ἔλεγχος
2557 3047 2658 3119 τῆς
2681 3046 2777 3102 τοῦ
2808 3049 3020 3105 δικαίου
3039 3051 3336 3120 διαθέσεως
3357 3057 3395 3128 ἡ
3411 3057 3546 3128 περὶ
3575 3058 3634 3112 ea
3661 3059 3757 3130 κρί-

2196 3152 2308 3191 νειν
2335 3136 2586 3210 ὀρθότης.
2621 3140 2783 3194 ι-Τὸ
2816 3141 3010 3214 νοῆσαι
3055 3143 3156 3216 τὴν
3198 3145 3377 3219 ἀληθῆ
3429 3148 3762 3222 δικαιοσύνην

2200 3228 2446 3299 μεγάλης
2470 3229 2639 3294 ὅντως
2661 3231 2924 3297 διανοίας,
2952 3234 3048 3289 καὶ
3079 3236 3277 3306 φρενὸς
3303 3237 3661 3313 τελειοτάτης
3673 3241 3760 3294 δεῖ·

2194 3334 2305 3371 ται.
2349 3318 2658 3391 Ἀμήχανον
2690 3322 2798 3396 γὰρ
2822 3323 2897 3398 μὴ
2924 3327 3397 3397 προπαιδευθέντα
3433 3333 3567 3405 περὶ
3591 3335 3678 3390 τοῦ
3699 3335 3762 3390 διο

2196 3411 2352 3466 καίου
2381 3410 2641 3470 δύνασθαι
2663 3415 2763 3481 τάς
2778 3417 3225 3495 ἀμφισϐητήσεις
3243 3422 3422 3495 ὀρθῶς
3452 3426 3762 3498 διακρίνειν.

2208 3501 2265 3557 '0
2295 3504 2405 3576 γάρ
2432 3506 2586 3572 εἰδὼς
2615 3506 2713 3579 τὴν
2744 3509 2917 3583 ἀληθῆ
2965 3513 3340 3589 δικαιοσύνην,
3376 3521 3472 3574 καὶ
3513 3521 3584 3575 δι’
3609 3523 3764 3592 αὑτῆς

2195 3595 2467 3669 διδαχθεὶς
2497 3599 2556 3654 τὸ
2580 3602 2782 3657 οἰκεῖον
2812 3603 3109 3678 ἀπονεῖμαι
3149 3610 3396 3682 ἑκάστῳ,
3428 3607 3590 3680 οὗτος
3627 3616 3763 3671 δύναο

2195 3707 2288 3744 ται
2336 3691 2668 3747 κατευθῦναι
2715 3697 2908 3766 κρῖμα.
2953 3699 3167 3773 Ὥσπερ
3203 3702 3480 3776 ότοξότης
3511 3706 3647 3779 πρὸς
3685 3707 3762 3760 τδν

2199 3787 2400 3842 σκοπὸν
2430 3788 2718 3844 ἐπευθύνει
2745 3792 2806 3845 τὸ
2832 3793 3005 3864 βέλος,
3045 3797 3222 3864 οὕτως
3267 3802 3296 3854 ό
3323 3805 3520 3876 κριτὴς
3559 3804 3650 3859 τοῦ
3693 3805 3759 3860 διο

2198 3878 2351 3933 καίου
2405 3884 2917 3956 καταστοχάζεται,
2972 3888 3096 3946 οὕτε
3151 3890 3423 3964 πρόσωπα
3463 3896 3758 3969 λαμϐάνων,

2196 3970 2320 4025 οὒτε
2354 3973 2524 4028 ποιῶν
2559 3977 2703 4032 κατὰ
2730 3979 3078 4050 πρόσκλισιν,
3103 3983 3220 4038 ἀλλ’
3244 3986 3464 4052 εὐθείας
3497 3991 3592 4044 καὶ
3628 3992 3759 4044 ἀδια-

2199 4064 2465 4135 στρόφους
2493 4066 2744 4138 ἐκφέρων
2769 4068 2870 4134 τάς
2895 4070 3129 4142 κρίσεις.
3175 4077 3285 4130 Καὶ
3317 4077 3410 4132 δύο
3439 4082 3758 4152 κρινομένων

2198 4158 2330 4228 παρ’
2359 4157 2508 4229 αύτῷ
2530 4203 2542 4226 ,
2575 4152 2670 4216 τοῦ
2697 4179 2756 4215 τε
2787 4163 3266 4233 πλεονεκτοῦντος,
3298 4171 3393 4225 καλ⁵
3425 4173 3522 4226 τοῦ
3557 4174 3757 4227 ἔλαττον

2197 4248 2412 4320 ἔχοντος
2443 4252 2675 4324 ἕστηκεν
2720 4257 2750 4310 ό
2800 4256 3016 4330 κριτὴς,
3065 4262 3342 4318 ὲπανισῶν
3394 4266 3596 4330 αὐτοὺς
3639 4265 3755 4338 πρὸς

2197 4341 2476 4415 ἀλλήλους,
2513 4348 2609 4402 καὶ
2647 4349 2905 4406 τοσοῦτον
2951 4354 3203 4427 ἀφαιρῶν
3247 4357 3342 4412 τοῦ
3392 4359 3751 4434 ὑπερέχοντος.

2197 4435 2322 4490 ὅσον
2347 4436 2739 4513 ἐλαττούμενον
2764 4443 3007 4515 εὑρίσκει
3036 4444 3129 4499 τδν
3158 4449 3537 4522 ἀδικούμενον.

2277 4735 2333 4788 '0
2369 4734 2580 4804 βλέπων
2617 4735 2755 4802 λεῖα,
2781 4737 3168 4809 ὲλεηθὴσεται·
3205 4738 3301 4795 ἐὰν
3339 4738 3436 4794 ἴδω
3485 4739 3584 4810 τὴν
3607 4738 3747 4807 φύσιν

2195 4826 2290 4897 τῆς
2313 4827 2416 4897 γῆς
2448 4827 2749 4898 ἀνωμάλως
2775 4827 3003 4900 ἔχουσαν
3036 4831 3244 4903 (ἐπειδὴ
3270 4832 3378 4905 γὰρ
3411 4832 3496 4885 οἵα
3519 4830 3746 4898 ἐκτίσθη,

2195 4915 2420 4987 τοιαύτη
2463 4919 2701 4987 ὁρᾶται),
2753 4920 2846 4970 ἐπὶ
2886 4917 3094 4982 τούτοις
3135 4920 3247 4988 ἐγὼ
3300 4922 3744 4989 καταδικάζομαιξ

2211 5010 2370 5063 Ἀλλά
2411 5009 2518 5062 νόει
2576 5025 2668 5080 μοι
2706 5008 2946 5080 ὑψηλῶς.
2987 5012 3370 5083 Παρεστήκασὶ
3399 5029 3486 5083 μοι
3519 5009 3746 5079 ἀδελφῶν

2194 5102 2448 5176 διαφοραί
2467 5118 2480 5132 °
2503 5104 2534 5157 ὁ
2576 5103 2674 5173 μὲν
2709 5101 2900 5173 πένης,
2928 5107 2956 5158 ὁ
2996 5103 3052 5157 δὲ
3084 5104 3373 5170 πλούσιος·
3406 5108 3434 5161 ὁ
3465 5106 3560 5179 μὲν
3592 5104 3741 5170 ξένος.

2193 5198 2223 5251 ό
2251 5194 2308 5249 δὲ
2340 5196 2567 5260 οίκεῖος’
2617 5194 2649 5266 ἢ
2704 5193 2977 5260 δικάζοντί
3007 5212 3088 5248 σοι
3129 5197 3463 5267 κρινόμενοι,
3493 5197 3524 5268 ἢ
3550 5195 3742 5267 μεταδι-

2192 5289 2337 5344 δόντι
2399 5303 2480 5341 σοι
2538 5286 2997 5360 χρῄζοντες,Ἒάν
3027 5287 3170 5361 κάθῃ
3216 5289 3440 5360 κρίνων,
3485 5291 3555 5360 μὴ
3596 5288 3741 5357 βλέπε

2195 5381 2480 5454 ἀνώμαλα,
2513 5381 2647 5452 μηδε
2676 5380 2766 5436 τὸν
2803 5380 3062 5435 πλούσιον
3101 5381 3328 5452 ὑψηλὸν,
3352 5384 3442 5436 τὸν
3465 5383 3517 5436 δὲ
3558 5381 3741 5447 πένητα

2193 5477 2471 5534 ταπεινόν.
2510 5475 2635 5529 Ἑάν
2660 5475 2984 5547 παρασταθῇ
3014 5479 3081 5547 τῇ
3110 5475 3255 5548 θύρᾳ
3278 5493 3372 5530 σου
3404 5479 3429 5530 ὁ
3453 5475 3542 5546 τὴν
3571 5472 3739 5545 χρείαν

2194 5569 2362 5625 αὑτοῦ
2402 5565 2854 5639 ἐπανορθωθῆναι
2887 5566 3086 5636 ζητῶν,
3136 5569 3274 5639 μηδὲ
3313 5567 3481 5628 οὕτως
3501 5563 3735 5634 ἀνώμαλα

2196 5663 2331 5734 ἴδῃς,
2369 5661 2446 5732 μὴ
2481 5661 2641 5731 εἴπῃς
2662 5677 2675 5691 ·
2709 5653 2880 5722 Οὗτος
2913 5659 3086 5728 φίλος,
3108 5652 3263 5724 οὗτος
3300 5658 3582 5730 συγγενὴς,
3603 5648 3735 5714 οὗτος

2198 5753 2511 5820 εὐεργέτης,
2534 5753 2739 5815 ἐκεῖνος
2765 5749 2932 5816 ξένος,
2957 5751 3264 5817 ἀλλότριος,
3281 5751 3567 5817 ἄγνωστος.
3586 5739 3732 5800 Ἀνώ-
