3930 6248
193 308 311 378 1393

1426 306 1666 370 SACRA
1699 305 2163 371 PARALLELA.

3288 310 3430 379 1394

189 427 319 498 μαλα
346 418 556 494 βλέπων
583 418 687 475 οὐκ
716 419 1008 501 ὲλεηθήσῃ.
1039 419 1171 476 Λεία
1200 417 1364 490 βλέπε
1390 437 1404 451 ·
1436 420 1598 491 φύσις
1623 420 1743 491 μία,

1856 428 2036 477 tecum
2064 435 2234 493 agens
2265 427 2322 476 ut
2353 418 2778 480 necessitatibus
2804 422 2982 493 ipsius
3009 425 3331 495 subvenias,
3361 445 3431 488 ne

186 517 346 572 ινδεια
373 514 428 567 ἐν
448 512 782 584 ἀμφοτέροις
808 514 838 583 ἡ
868 511 1033 584 αὐτή.
1060 511 1161 577 Δὸς
1191 511 1269 584 τῷ
1297 513 1512 586 ἀδελφῷ
1541 514 1640 568 καὶ
1668 513 1746 586 τῷ

185 611 324 679 ξένῳ,
361 605 499 679 μήτε
529 603 622 660 τδν
653 603 886 676 ἀδελφὺν
913 605 1276 678 ἀποστραφῇς
1298 645 1313 671 ,
1348 607 1441 661 καὶ
1472 607 1565 662 τὸν
1597 607 1747 674 ξένον

182 705 392 774 ἀδελφὸν
416 703 618 758 οἰκεῖον
643 701 895 774 ποίησαι.
926 698 1021 774 Μὴ
1047 701 1313 774 πρόκρινε
1338 699 1432 758 τδν
1457 702 1612 773 φίλον
1639 702 1749 758 ἀπὸ

181 799 264 853 τοῦ
296 797 606 868 ἀλλοτρίου,
657 795 758 868 τὴν
793 797 986 870 χρείαν
1034 795 1202 852 αὑτοῦ
1251 795 1745 870 ἐπανορθούμενος.

181 885 420 941 Βούλεταί
452 902 510 939 σε
534 885 996 958 παραμυθητικὸν
1024 879 1166 940 εἶναι
1201 886 1312 942 τῶν
1341 887 1639 959 δεομένων,
1685 889 1746 942 οὐ

180 977 641 1053 προσωπολήπτην
665 1017 680 1042 ,
711 978 774 1032 ού
807 977 887 1051 τῷ
917 979 1176 1049 συγγενεῖ
1207 978 1454 1045 διδόντα,
1475 978 1568 1034 τὸν
1598 979 1750 1048 ξένον

176 1070 575 1142 ἀπωθούμενον.
621 1072 834 1138 Πάντες
890 1074 1200 1143 συγγενεῖς,
1247 1073 1450 1139 πάντες
1505 1073 1750 1143 ἀδελφοὶ,

177 1165 286 1229 ἑνὸς
318 1163 525 1236 πατρὸς
556 1164 774 1234 ἔγγονοι
809 1164 1035 1231 πάντες.
1087 1167 1213 1220 Ἐὰν
1251 1167 1343 1222 τὸν
1374 1168 1749 1239 πνευματικὸν

175 1258 324 1330 εἴπῃς
348 1259 584 1331 πατέρα,
608 1260 636 1313 6
665 1258 953 1330 ούράνιοςυ
985 1261 1081 1316 ὲὰν
1115 1261 1184 1315 τά
1210 1263 1373 1332 γήϊνα
1413 1262 1606 1334 ζητῇς,
1646 1266 1751 1335 μή·

174 1352 325 1422 τηρὴ
365 1353 458 1421 γῆ,
497 1350 592 1404 καὶ
620 1349 734 1403 ἀπὸ
789 1349 885 1403 τοῦ
941 1349 1109 1421 αὐτοῦ
1153 1350 1331 1423 πηλοῦ
1381 1349 1751 1424 διηρτίσμεθα

173 1445 385 1508 πάντες.
419 1444 582 1499 Ὥστε
611 1443 816 1515 ἀδελφὴ
862 1446 895 1516 ἡ
932 1444 1095 1513 φύσις
1123 1443 1267 1499 κατά
1298 1445 1503 1516 σάρκα.
1546 1445 1752 1519 ἀδελφὴ

174 1535 434 1606 ήγένεσις
481 1535 689 1608 ἡκατά
736 1536 975 1607 πνεῦμα.
1009 1537 1083 1591 T6
1121 1538 1255 1592 αύτό
1286 1555 1371 1592 σοι
1414 1533 1555 1609 αἷμα
1595 1539 1756 1611 φορεῖ

171 1627 396 1683 ἀπὸτοῦ
433 1627 654 1700 πρώτου
701 1629 1029 1703 ἀνθρώποψ
1088 1630 1190 1700 τὴν
1235 1631 1409 1702 αὐτὴν
1462 1647 1546 1684 σοι
1592 1632 1782 1703 χάριν

173 1722 321 1776 ἔλαϐε
350 1723 506 1795 παρὰ
536 1722 629 1778 τοῦ
666 1724 963 1780 Δεσπότου.
986 1724 1165 1779 Βλέπε
1186 1718 1282 1780 οὖν
1311 1723 1453 1791 λεῖα,
1488 1724 1578 1781 ἵνα
1600 1725 1755 1798 ἐλεη-

170 1817 282 1888 θῇς.
319 1816 412 1888 Μὴ
456 1817 655 1888 είπῃς’
697 1812 871 1882 Οὗτος
925 1817 1185 1883 πλούσιος
1241 1821 1338 1872 καὶ
1370 1818 1541 1892 τιμῆς
1578 1818 1754 1887 ἄξιος,

170 1912 372 1975 ἐκεῖνος
401 1908 595 1981 πένης,
632 1909 731 1966 καὶ
759 1909 1040 1982 φαυλίζων
1069 1910 1162 1966 τὸν
1192 1910 1401 1984 πένητα
1419 1951 1438 1977 ,
1476 1911 1612 1983 μηδὲ
1635 1914 1757 1978 ταῖς

170 2004 468 2075 ὑπεροχαῖς
521 2003 754 2068 ταύταις
808 2003 1117 2076 ἀνωμάλως
1161 2005 1387 2076 διάνεμε
1434 2005 1533 2069 τὰς
1560 2005 1753 2076 τιμάς.

171 2097 322 2149 Ἔστι
363 2097 477 2167 γὰρ
496 2097 526 2151 6
562 2095 823 2162 πλούσιος
851 2098 1120 2170 ψεύστης,
1149 2100 1177 2152 6
1208 2098 1468 2163 πλούσιος
1496 2097 1704 2170 ἅρπαξ,
1729 2101 1760 2152 6

166 2184 426 2250 πλούσιος
487 2185 714 2259 πόρνος,
769 2190 797 2242 6
835 2188 1006 2261 πένης
1037 2189 1267 2252 δίκαιος.
1322 2186 1415 2260 Μὴ
1459 2189 1645 2243 τοίνυν
1689 2191 1756 2262 τῇ

162 2275 362 2347 ἔξωθεν
392 2281 696 2353 ἐπιφανείᾳ
720 2282 979 2354 πρόσεχε,
1017 2281 1132 2337 ἀλλ’
1159 2284 1239 2346 είς
1269 2282 1331 2337 τὸ
1361 2283 1609 2355 κρυπτὸν
1642 2283 1760 2336 sic-

163 2375 484 2448 ερχόμενος,
533 2379 654 2433 ἐκεῖ
679 2377 779 2442 τὰς
807 2377 1070 2449 διαφορὰς
1100 2378 1346 2449 διόινεμε.
1384 2376 1532 2448 Τίμα
1569 2374 1662 2429 τὸν
1690 2376 1758 2429 τὰ

166 2469 315 2537 τίμια
338 2469 708 2541 κεκτημένον.
735 2470 801 2525 Τί
829 2468 1197 2544 τιμιώτερον;
1226 2453 1396 2542 ἀρετὴ
1423 2467 1457 2539 ἦ
1488 2467 1717 2531 πλοῦτος
1741 2484 1758 2531 ;

165 2560 214 2613 τί
240 2561 306 2616 ὲκ
337 2561 455 2618 τῶν
484 2561 686 2629 ἔξωθεν
721 2562 1044 2635 δοκιμάζεις
1097 2562 1169 2617 τὰ
1207 2559 1419 2634 κρύφια
1468 2559 1758 2631 διερευνὼο

169 2669 361 2721 μενος;
407 2655 578 2728 Ὁρᾷς
630 2655 712 2710 ὅτι
767 2659 796 2712 6
835 2655 964 2728 Βὴλ,
1008 2653 1208 2723 ἔξωθεν
1240 2653 1342 2724 μὲν
1377 2652 1492 2725 ἔχει
1537 2653 1760 2723 χαλκὸν,

165 2744 372 2802 ἔνδοθεν
407 2749 468 2804 δὲ
506 2749 700 2821 πηλὸν,
733 2748 812 2821 τῷ
853 2749 1358 2822 περιαστράπτοντι
1409 2747 1596 2820 χαλκῷ
1627 2747 1760 2800 ὕπο-

165 2841 578 2914 κρυπτόμενονς
623 2843 749 2897 Ἐὰν
782 2844 898 2916 ίδῃς
923 2843 1054 2908 τοὺς
1085 2844 1144 2896 ἐν
1173 2841 1252 2914 τῷ
1283 2841 1384 2914 βίῳ
1413 2842 1758 2912 περιφανεῖς.

166 2931 400 2999 γίνωσκε
425 2934 513 2988 ὅτι
542 2934 570 2988 6
599 2933 802 3004 χαλκὸς
838 2933 1023 2999 αὐτοῖς
1051 2931 1415 3006 περιλάμπει,
1440 2932 1653 2987 ἔνδοθεν
1703 2931 1760 2985 δὲ

164 3023 332 3096 πηλός
366 3025 536 3082 εἰσιν.
558 3026 753 3080 Πολλοὶ
780 3027 878 3097 μὲν
900 3026 1102 3098 χρυσὸν
1131 3026 1346 3097 ἔχουσιν
1374 3027 1544 3091 ἔνδον,
1561 3026 1760 3098 δστρα-

1849 515 1934 572 sic
1966 528 2188 588 quoque
2230 513 2524 588 inatqualia
2568 518 2902 589 prospicias,
2962 534 3029 575 ac
3075 520 3276 578 dicas:
3326 523 3429 581 Hie

1849 607 2085 674 amicus,
2119 609 2210 665 hic
2268 621 2558 684 cognatus,
2601 611 2692 667 hic
2733 611 2874 669 bene
2915 612 2985 675 de
3035 630 3124 671 me
3156 617 3429 686 meritus;

1849 701 1941 759 ille
1995 702 2360 774 peregrinus,
2421 703 2670 770 alienus,
2721 704 2967 776 ignotus.
3027 703 3087 763 Si
3137 706 3434 779 inrequalia

1851 793 2161 865 aspexeris,
2206 794 2638 867 haudquaquam
2674 796 3117 853 misericordiam
3163 814 3434 856 consecu-

1850 893 2013 944 turus
2052 901 2134 945 es.
2184 886 2354 944 Plana
2397 902 2583 945 cerne.
2643 887 2852 945 Natura
2889 904 3000 946 una
3031 899 3117 947 est
3167 909 3185 948 :
3237 908 3346 948 una
3380 901 3436 950 et

1849 975 2046 1035 eadem
2082 978 2140 1034 in
2188 986 2429 1051 utroque
2467 978 2799 1051 indigentia.
2845 982 2924 1037 Da
2980 981 3140 1039 fratri
3183 993 3238 1039 et
3287 1001 3435 1057 perc-

1851 1071 2032 1143 grino.
2069 1070 2165 1126 Sic
2197 1080 2250 1127 te
2285 1086 2572 1143 compara,
2610 1081 2669 1128 ut
2711 1089 2812 1129 nec
2862 1073 3091 1134 fratrem
3135 1079 3433 1141 averseris.

1855 1177 1956 1219 nec
1984 1171 2141 1219 tuum
2189 1161 2418 1219 fratrem
2463 1163 2814 1235 peregrinum
2857 1165 3053 1220 facias.
3085 1166 3337 1221 Amicum
3365 1169 3438 1224 ab

1853 1263 2118 1313 extraneo
2153 1272 2223 1313 ne
2263 1255 2595 1327 distinguas,
2630 1258 2761 1313 dum
2794 1259 3230 1314 necessitatibus
3261 1258 3436 1330 ipsius

1855 1349 2201 1406 subveneris.
2239 1346 2370 1404 Vult
2425 1348 2570 1405 Deus
2609 1351 2884 1423 egentium
2941 1359 2994 1408 te
3029 1352 3437 1408 consolatorem

1855 1458 2000 1510 esse,
2019 1458 2129 1499 non
2149 1457 2509 1516 personarum
2534 1455 2920 1515 acceptorem;
2952 1459 3060 1500 non
3080 1445 3173 1516 qui
3203 1453 3440 1516 cognato

1856 1536 2089 1602 tribuat,
2121 1536 2361 1593 alienum
2395 1544 2576 1593 autem
2597 1536 2942 1594 submoveat.
2965 1537 3170 1594 Omnes
3194 1538 3445 1609 cognati.

1856 1617 2052 1687 Omnes
2083 1629 2282 1688 fratres
2313 1645 2526 1696 sumus,
2560 1645 2633 1686 ex
2656 1645 2764 1685 uno
2795 1639 2950 1701 patre
2980 1647 3172 1689 omnes
3195 1632 3436 1690 oriundi.

1865 1723 1922 1780 Si
1962 1724 2311 1796 spirituaiem
2346 1735 2561 1797 patrem
2611 1725 2840 1792 dixeris,
2893 1727 2984 1783 ille
3037 1727 3282 1783 caelestis
3312 1735 3436 1783 est:

1856 1816 1943 1873 sin
1971 1825 2191 1874 terrena
2222 1833 2462 1888 quaeras,
2504 1827 2651 1876 terra
2681 1829 2858 1875 mater
2896 1827 3000 1884 εει.
3030 1827 3196 1891 atque
3230 1835 3296 1875 εκ
3333 1835 3444 1876 uno

1855 1910 2163 1982 eodemque
2190 1925 2384 1967 omnes
2437 1910 2557 1967 luto
2596 1911 2867 1983 compacli
2915 1926 3133 1968 sumus.
3171 1910 3443 1980 Quocirca

1857 2009 1912 2061 et
1944 2010 2146 2059 natura
2178 2018 2344 2060 soror
2385 2004 2628 2060 carnalis
2656 2013 2740 2060 est
2774 2021 2790 2059 :
2818 2019 2980 2061 soror
3017 2005 3147 2061 item
3179 2006 3442 2062 nativitas

1860 2093 2193 2165 spiritualis.
2226 2093 2493 2150 Eumdem
2529 2094 2628 2150 tibi
2664 2093 2770 2151 fert
2796 2109 2826 2150 a
2857 2095 3036 2167 primo
3056 2095 3282 2152 homine
3313 2111 3445 2154 san-

1858 2185 2116 2256 guinem;
2155 2185 2404 2243 eamdem
2437 2186 2534 2241 tibi
2569 2202 2599 2242 a
2637 2185 2872 2243 Domino
2896 2187 3130 2259 gratiam
3162 2189 3444 2247 conciliat.

1858 2275 2037 2332 Cerne
2066 2276 2233 2350 igitur
2258 2278 2441 2347 plana,
2481 2285 2542 2332 ut
2573 2277 3019 2335 misericordiam
3056 2279 3326 2336 invenias.
3365 2276 3446 2336 Ne

1859 2367 2074 2424 dixeris
2122 2381 2142 2422 :
2195 2366 2298 2423 llic
2345 2368 2500 2426 dives
2551 2377 2675 2434 est,
2736 2376 2792 2426 et
2842 2369 3050 2428 honore
3101 2372 3341 2445 dignus;
3396 2373 3447 2430 is

1862 2478 1991 2520 vero
2059 2479 2292 2534 pauper,
2359 2474 2419 2519 ut
2477 2480 2774 2536 pauperem
2849 2476 3094 2537 spretum
3171 2467 3378 2524 habeas
3427 2485 3443 2525 :

1861 2572 1932 2613 ne
1962 2555 2234 2628 ejusmodi
2289 2558 2682 2627 prmeellentiis
2739 2559 2978 2616 honores
3035 2559 3449 2630 inaequabiliter

1862 2651 2193 2708 distribuas.
2218 2649 2380 2709 Dives
2412 2653 2615 2724 quippe
2641 2652 2874 2709 mendax
2905 2660 3011 2719 est,
3038 2653 3193 2710 dives
3225 2661 3312 2710 est
3337 2653 3458 2713 ῐονς

1862 2746 2112 2813 nicator,
2145 2759 2316 2817 rapax
2349 2753 2467 2809 est;
2505 2755 2701 2801 contra
2731 2761 2863 2802 vero
2895 2762 3103 2819 pauper
3133 2745 3316 2818 justus
3338 2755 3450 2804 est.

1862 2837 2222 2912 Nequaquam
2252 2839 2411 2911 igitur
2436 2838 2502 2894 ad
2523 2849 2811 2896 externum
2833 2841 3182 2912 splendorem
3203 2840 3450 2896 animum

1865 2933 2126 3005 adiicias,
2166 2934 2262 2991 sed
2304 2936 2358 2989 in
2399 2934 2672 2990 occultum
2715 2933 3055 3006 ingrediens,
3097 2934 3210 2989 illic
3244 2933 3448 2992 discri-

1865 3027 2012 3080 mina
2067 3026 2294 3096 partire.
2355 3024 2489 3080 Eum
2533 3025 2766 3092 honora,
2798 3027 3020 3097 qui-res
3050 3026 3239 3082 eximii
3289 3026 3450 3098 pretii

163 3135 254 3172 κον
283 3121 338 3174 δὲ
367 3119 578 3188 ἔξωθεν
610 3121 1017 3193 περικείμενον.
1057 3113 1228 3186 Οὗτος
1256 3123 1550 3194 σωφρονεῖ,
1575 3122 1755 3176 κάκεί-

1865 3120 2139 3192 possidet.
2185 3118 2384 3175 Utrum
2421 3136 2452 3177 e
2476 3119 2700 3176 duobus
2730 3121 3109 3190 praestantius,
3139 3120 3338 3188 virtus,
3378 3134 3450 3174 an

161 3227 246 3275 νος
269 3212 558 3285 πορνεύει.
595 3213 694 3278 Τίς
723 3213 1160 3286 πλουσιώτερος;
1190 3216 1220 3270 6
1253 3215 1353 3288 τὴν
1399 3216 1755 3286 σωφροσύνην

1867 3215 2041 3287 opes?
2070 3214 2212 3282 Quid
2243 3215 2312 3269 ab
2336 3214 2580 3271 externis
2612 3228 2907 3270 censuram
2941 3211 3102 3280 facis,
3137 3210 3304 3286 ω
3350 3226 3458 3269 nec

162 3303 320 3374 ἔχων,
373 3307 409 3378 ἢ
455 3308 487 3360 6
532 3306 600 3362 τὰ
645 3308 908 3378 χρήματα
942 3308 1001 3375 se
1060 3306 1274 3373 ἀδικίας
1329 3307 1763 3379 συνειλεγμένας

1862 3324 1986 3381 qua:
2016 3309 2201 3364 abdita
2237 3316 2389 3373 sunt,
2431 3307 2696 3365 excutis?
2726 3307 2926 3363 Annon
2965 3308 3122 3363 vides
3148 3306 3240 3362 Bel
3270 3307 3450 3373 illum,

157 3399 313 3456 τοῦτο
338 3402 404 3455 τὸ
431 3403 788 3475 μνημόσυνον
808 3401 1196 3474 ἀναφαίρετον,
1227 3403 1436 3467 ἐκεῖνος
1467 3404 1496 3457 6
1528 3403 1755 3467 πλοῦτος

1864 3411 2091 3460 exterae
2122 3403 2346 3475 quidem
2378 3417 2604 3467 aereum,
2639 3401 2854 3457 interne
2876 3409 3061 3456 autem
3100 3401 3275 3456 lutum
3305 3413 3454 3467 esse,

161 3489 530 3566 πρόσκαιρος.
580 3492 786 3547 Τοῦτον
837 3493 1085 3565 κλέπτης
1121 3493 1182 3548 οὐ
1216 3491 1519 3564 διορύσσει,
1547 3493 1755 3558 ἐκεῖνος

1865 3497 1969 3556 sub
1990 3512 2099 3553 aere
2135 3497 2362 3569 fulgenti
2395 3494 2849 3554 delitescentem?
2883 3494 2942 3550 Si
2970 3493 3219 3550 homines
3258 3494 3314 3548 in
3348 3492 3453 3548 hac

159 3585 406 3659 σήμερον
466 3585 646 3653 ἀνθεῖ,
709 3586 900 3658 αὔριον
968 3587 1026 3642 δὲ
1073 3587 1538 3659 ἀπομαραίνεται.
1593 3587 1755 3643 Ὥστε

1867 3587 1982 3644 vita
2018 3587 2339 3659 splendidos
2375 3595 2429 3644 et
2471 3587 2723 3642 illustres
2771 3585 3004 3651 videris,
3052 3587 3159 3640 hoc
3208 3586 3451 3650 noveris,

161 3673 327 3743 βλέπε
361 3678 512 3741 λεῖα,
536 3677 817 3749 όμοτίμως
841 3677 986 3733 κατά
1010 3677 1070 3731 τδ
1090 3678 1222 3731 αὑτό
1241 3693 1254 3707 ·
1291 3676 1392 3747 τὴν
1427 3677 1612 3749 μέντοι
1638 3679 1755 3734 διὰ-

1865 3697 1962 3739 eos
1994 3697 2105 3739 tere
2135 3681 2355 3752 quidem
2399 3681 2641 3752 undique
2682 3680 2911 3753 fulgere,
2950 3681 3101 3734 intus
3122 3695 3255 3735 vero
3278 3680 3452 3733 lutum

153 3788 341 3839 κρισιν
386 3772 507 3826 τῶν
541 3772 744 3844 τιμίων
781 3771 858 3845 μὴ
897 3772 1190 3843 ἀφανίσῃς,
1221 3772 1307 3826 ίνα
1338 3766 1404 3844 ᾖς
1433 3772 1750 3843 ὲλεημένος.

1864 3792 2008 3833 esse.
2054 3776 2261 3833 Contra
2293 3777 2538 3846 plerique
2581 3784 2708 3832 sunt
2773 3776 2867 3847 qui
2922 3791 3117 3831 aurum
3170 3775 3321 3830 intus
3356 3774 3455 3828 ha-

153 3863 343 3928 beant,
376 3873 545 3920 extra
579 3872 764 3920 autem
796 3872 994 3921 testam
1030 3872 1247 3936 gerant.
1293 3863 1395 3920 Hic
1455 3864 1781 3936 pudicitiam
1815 3867 1967 3936 colit,
2002 3868 2095 3926 ille
2124 3876 2429 3924 scortatur.
2467 3866 2600 3924 Uter
2625 3867 2839 3923 ditior?
2888 3868 3009 3924 isne
3062 3867 3154 3938 qui
3196 3869 3456 3924 castitate

155 3961 430 4030 praeditus
474 3969 582 4027 est,
639 3976 708 4016 an
743 3961 837 4033 qui
882 3961 1149 4032 pecunias
1190 3961 1402 4032 iniquis
1447 3961 1760 4019 rationibus
1794 3963 2065 4021 collectas
2091 3963 2301 4020 habet?
2349 3965 2516 4037 hujus
2545 3967 2808 4022 memoria
2860 3965 3068 4022 auferri
3141 3967 3458 4020 nullatenus

157 4063 338 4121 potest
377 4073 393 4110 :
453 4055 607 4112 illius
645 4069 776 4126 opes
815 4052 1040 4110 caducae
1092 4063 1222 4110 sunt
1275 4061 1330 4109 et
1386 4053 1758 4124 temporaria.
1803 4055 1940 4112 Illud
1984 4056 2075 4112 fur
2115 4071 2227 4112 non
2279 4065 2463 4127 potest
2502 4056 2788 4115 effodere:
2868 4058 2974 4114 hoc
3043 4057 3309 4114 hodierna
3365 4056 3454 4111 die

153 4148 336 4218 ﬂoret,
363 4151 619 4207 crastina
649 4148 1124 4216 marcescit.Qu:e
1167 4162 1290 4204 cum
1355 4146 1430 4202 ita
1465 4147 1601 4213 sint,
1667 4147 1830 4219 plana
1859 4165 2049 4216 cerne,
2089 4149 2194 4206 hoc
2245 4158 2330 4205 est
2379 4161 2676 4223 utrumque
2705 4151 2970 4221 perinde;
3012 4157 3071 4206 ut
3107 4164 3299 4206 eorum
3334 4163 3482 4222 quae.

155 4247 345 4317 magni
401 4245 571 4317 pretii
611 4253 765 4309 sum,
818 4245 1238 4301 distinctionem
1291 4243 1521 4300 minime
1553 4242 1762 4312 deleas,
1798 4260 1908 4319 quo
1944 4246 2388 4304 misericordiam
2431 4247 2821 4316 consequaris.

224 4337 394 4393 οὕτω
418 4337 688 4410 δοκίμαζε
713 4338 806 4391 τὸν
837 4335 1088 4408 ἀδελφὸν,
1121 4335 1196 4401 ὡς
1225 4335 1323 4390 καὶ
1358 4336 1521 4400 αὐτὸς
1557 4336 1618 4390 ὲν
1644 4336 1755 4401 τοῖς

1947 4336 2006 4394 S.
2062 4336 2218 4409 (ἔνθα.
2250 4337 2509 4393 ’Να2.-·
2543 4336 2636 4391 Sic
2691 4337 2917 4392 fratrem
2967 4343 3120 4391 tuum
3174 4335 3452 4405 examina,

157 4428 350 4495 αὐτοῖς
390 4429 620 4502 μέτροις
645 4427 990 4500 κρινόμενος.
1018 4457 1087 4467 -
1115 4428 1388 4500 Ποιήσατε
1415 4425 1755 4499 δικαιοσύνης

1870 4429 2022 4485 velut
2057 4436 2118 4485 tu
2157 4443 2380 4501 quoque
2428 4429 2616 4486 eadem
2661 4429 2742 4486 sis
2791 4443 3054 4484 mensura
3091 4426 3450 4500 iudicandus.

153 4519 348 4586 ὅπλον,
387 4519 472 4592 μὴ
512 4518 770 4587 Θανάτου,
817 4519 917 4592 τὴν
963 4519 1268 4576 παίδευσιν.
1294 4548 1366 4560 —-
1407 4520 1552 4574 Ἴσοι
1581 4519 1755 4592 κρινό-

1871 4553 1941 4565 --
1973 4522 2108 4580 Date
2135 4539 2385 4596 operam,
2426 4531 2486 4579 ut
2520 4521 2759 4579 eruditio
2797 4523 3046 4593 iustitiae,
3078 4538 3188 4577 non
3229 4523 3446 4589 mortis,

160 4632 330 4684 μενος
364 4616 396 4669 6
441 4614 662 4687 κριτὴς,
716 4615 812 4670 καὶ
842 4609 1008 4686 ἦττον
1051 4616 1414 4688 ἁμαρτήσεις.
1444 4647 1514 4658 --
1547 4617 1755 4670 Ἐναντι

1871 4619 2033 4676 vobis
2058 4626 2343 4675 armatura
2369 4619 2463 4675 sit.
2487 4649 2555 4658 —
2583 4616 2688 4686 Qui
2713 4617 2908 4688 judex,
2938 4631 3018 4681 es,
3048 4616 3128 4671 rei
3157 4631 3448 4688 personam

156 4708 393 4764 πάντων
426 4707 710 4777 εἰσένεγκε
743 4708 840 4779 τὴν
890 4709 1329 4780 φιλανθρωπίαν,
1367 4703 1607 4784 ᾖχαίρει
1635 4711 1755 4775 Θεὸς

1874 4715 2120 4780 sustine;
2153 4724 2317 4785 atque
2345 4712 2421 4767 ita
2464 4711 2553 4768 fiet
2582 4719 2647 4767 ut
2680 4711 2865 4767 minus
2900 4724 3116 4780 pecces.
3147 4739 3217 4750 --
3254 4706 3451 4763 Coram

159 4801 380 4871 μᾶλλον
427 4799 464 4873 ἢ
517 4802 651 4854 πᾶσι
697 4803 810 4867 τοῖς
868 4802 1072 4865 ἄλλοις.
1128 4803 1300 4870 Μῖξον
1362 4804 1442 4875 τῷ
1485 4804 1636 4874 φόϐῳ
1668 4804 1755 4875 τὴκ.

1874 4805 2133 4861 omnibus
2165 4804 2557 4875 benignitatem
2587 4801 2808 4874 prmfer,
2834 4817 2938 4872 qua
2978 4799 3121 4855 Deus
3151 4799 3453 4871 impensius

155 4894 506 4960 ἐπιείκειαν,
569 4893 801 4965 κέρασον
831 4897 896 4965 τῇ
943 4894 1142 4965 ἀπειλῇ
1194 4895 1294 4966 τὴν
1334 4895 1545 4950 ἐλπίδα.
1582 4895 1755 4949 Πολλὰ

1873 4895 2203 4960 delectatur,
2237 4908 2400 4965 quam
2434 4892 2559 4948 aliis
2591 4891 3017 4962 quibuscunque
3055 4889 3244 4944 rebus.
3291 4887 3457 4943 Leni-

155 4985 256 5039 καὶ
317 4984 681 5056 χρηστότητα
733 4985 1035 5056 κατορθοῦν
1087 4985 1232 5053 οἶδα,
1278 4988 1635 5044 δυσωποῦσαν
1683 4991 1755 5053 είς

1873 4996 2043 5045 tatem
2076 4989 2319 5045 admisce
2349 4988 2572 5051 terrori,
2608 5002 2707 5058 spe
2754 4986 2932 5040 minas
2979 4991 3243 5054 tempera.
3284 4979 3449 5037 Multa

152 5075 543 5148 ὀφειλομένην
580 5076 977 5131 ἀνταπόδοσινο
1036 5079 1164 5132 ὅταν
1221 5080 1504 5150 βιάζεσθαι
1563 5079 1755 5151 παρὸν,

1873 5093 2097 5150 quoque
2152 5077 2547 5149 benignitatem
2582 5077 2851 5133 conficere
2883 5082 3224 5145 compertum
3249 5073 3450 5137 habeo,

155 5168 644 5239 συγχωρήσαντες
661 5166 1078 5241 δυσωπήσωμεν
1099 5170 1284 5241 εὐνοίᾳ
1301 5171 1393 5224 τὸν
1422 5170 1755 5241 ἐλεούμενον.

1875 5177 1932 5225 ιιι
1957 5187 2080 5243 quae
2109 5169 2362 5227 homines
2386 5170 2453 5225 ad
2488 5167 2909 5238 persolvendam
2952 5167 3183 5239 gratiam
3208 5165 3448 5223 debitam

154 5279 416 5328 moveat.
459 5268 598 5327 Dum
645 5269 727 5326 vis
762 5267 1065 5324 inferenda:
1110 5276 1326 5338 tempus
1359 5277 1465 5334 est,
1521 5282 1788 5324 concessa
1820 5269 2004 5336 venia,
2039 5283 2165 5325 eum
2199 5268 2254 5324 in
2311 5283 2476 5339 quem
2527 5265 2921 5324 misericordes
2972 5280 3184 5331 sumus,
3216 5264 3454 5319 benevo-

156 5368 336 5427 lentia
373 5368 534 5427 velut
568 5367 768 5437 injecto
800 5366 1011 5438 pudore
1044 5364 1452 5437 pcrtrahamus.

2428 5460 2616 5532 Ejusd.
2664 5469 2782 5515 τείν.
2819 5458 2907 5514 56.
2975 5454 2980 5461 ’

1985 5560 2123 5613 Aliis
2156 5556 2387 5612 nocendo
2419 5555 2579 5609 robur
2600 5555 2742 5608 haud
2777 5560 3012 5607 monstra
3046 5559 3195 5605 tuum

1985 5630 2088 5687 Sed
2122 5627 2459 5691 demerendo,
2492 5627 2538 5682 si
2565 5627 2690 5681 uelis
2728 5626 2845 5693 ﬁeri
2877 5623 3028 5677 deus.

1984 5702 2080 5756 Eat
2104 5701 2218 5770 ejus
2245 5699 2409 5763 istud,
2438 5700 2527 5765 qui
2553 5714 2703 5751 suum
2733 5696 3079 5764 norit-genus.

1986 5767 2170 5828 Facile
2203 5781 2258 5828 at
2295 5771 2550 5835 necarint,
2586 5779 2632 5823 et
2667 5777 2868 5839 trygon,
2892 5778 2941 5823 et
2981 5767 3239 5835 scorpius.

238 5576 315 5629 T6
356 5571 701 5640 δραστικὸν
738 5571 997 5630 δείκνυε,
1027 5568 1111 5637 μὴ
1140 5568 1400 5640 τῷλδρᾷν
1429 5566 1644 5636 κακῶς.

239 5645 330 5710 Τῷ
359 5636 418 5696 δ”
443 5639 516 5700 εὖ
557 5660 610 5698 τι
643 5643 858 5710 ποιεῖν,
887 5646 936 5697 εί
970 5636 1162 5706 θέλεις
1191 5636 1343 5694 εἶναι
1371 5641 1536 5706 Θεός.

233 5715 312 5770 Τὸ
340 5714 400 5767 δ’
428 5713 606 5768 ἐστὶν
631 5714 850 5782 ἀνδρὸς
882 5713 1109 5778 εἰδότος
1127 5713 1192 5764 τὸ
1222 5710 1535 5780 συγγενές.

237 5786 492 5842 κτείνει
527 5785 592 5840 δὲ
610 5780 831 5855 ῥᾷστα.
861 5784 956 5838 καί
989 5782 1242 5852 τρυγὼν.
1269 5783 1363 5837 καὶ
1384 5780 1695 5850 σκορπίος».
