3948 6250
242 298 373 366 1401

1499 306 1739 368 SACRA
1780 306 1973 371 PABA
1982 305 2240 369 [ωειλ.

3357 310 3501 380 1102·

314 438 336 472 ι
371 418 461 491 Μὴ
488 414 747 491 κακώσῃς
785 419 1006 493 οἰκέτην
1055 420 1426 493 ἐργαζόμενον
1473 422 1531 474 ἐν
1560 422 1811 494 ἀληθείᾳ.

1992 423 2156 475 ιιι-εῖτ.
2199 434 2291 488 vu,
2329 418 2419 475 22.
2446 449 2517 460 —-
2547 438 2565 473 ι
2603 418 2680 477 Ne
2712 421 2890 478 caedas
2918 438 3137 480 servum
3172 439 3487 496 operantem

237 509 473 581 οἰκέτην
514 512 735 565 συνετὸν
766 513 1038 581 ἀγαπάτω
1066 531 1162 570 σου
1196 515 1231 585 ἠ
1252 513 1421 586 ψυχὴ,
1452 514 1546 569 καὶ
1590 514 1665 587 μὴ
1696 532 1817 571 στεο

237 602 413 675 ρησῃς
435 601 597 656 αὑτὸν
621 602 959 675 ἐλευθερίας.
986 623 1006 657 ι

316 712 335 745 r
375 691 577 765 Οίκέτῃ
604 694 809 766 συνετῷ
833 695 1114 770 ἐλεύθεροι
1137 697 1567 770 ὑπουργήσουσι.
1616 718 1634 751 ι

313 803 333 836 ι
387 786 450 840 Οί
479 784 677 851 δοῦλοι,
712 786 1019 843 ὑπακούετε
1051 791 1163 854 τοῖς
1203 788 1346 843 κατά
1386 793 1566 861 σάρκα
1604 791 1813 863 κυρίοις

238 876 415 947 ὑμῶν,
449 878 588 949 μετὰ
613 878 780 947 φόϐου
815 879 911 933 καὶ
958 881 1166 951 τρόμου
1209 883 1266 935 tv
1292 881 1561 953 ἁπλότητι
1590 883 1816 955 καρδίας

235 967 394 1038 ὑμῶν
436 967 513 1033 ὡς
560 968 805 1041 Χριστῷ,
864 969 941 1043 μὴ
992 970 1118 1025 κατ’
1176 971 1699 1042 όφθαλμοδουλείαν,
1741 973 1816 1039 ὡς

236 1060 725 1135 ἀνθρωπάρεσκοι,
753 1062 871 1119 ἀλλ’
899 1062 973 1128 ὡς
1002 1062 1182 1120 δοῦλοι
1221 1065 1465 1137 Χριστοῦ
1484 1082 1497 1095 '
1534 1067 1815 1133 ποιοῦντες

234 1153 296 1207 τὸ
326 1153 541 1227 θέλημα
564 1153 659 1209 τοῦ
684 1152 822 1209 Θεοῦ
847 1155 913 1209 ἐκ
939 1155 1141 1227 ψυχῆς,
1169 1156 1288 1227 μετ’
1306 1156 1520 1221 εὐνοίας
1535 1156 1817 1212 δουλεύον-

234 1261 327 1307 τες
382 1244 460 1310 ὡς
508 1246 586 1317 τῷ
620 1245 831 1319 Κυρίῳ,
872 1247 970 1302 καὶ
996 1248 1098 1302 οὑκ
1137 1247 1447 1321 ἀνθρώπῳο
1483 1242 1683 1314 είδότες
1732 1250 1816 1305 ὃτι

236 1337 469 1404 ἕκαστος
498 1338 526 1393 δ
556 1339 652 1394 ἐὰν
689 1339 887 1413 ποιήσῃ
915 1338 1139 1408 ἀγαθὸν,
1170 1340 1331 1396 τοῦτο
1358 1343 1630 1413 κομιεῖται
1666 1343 1816 1415 παρά

236 1425 472 1499 Κυρίου,
503 1427 614 1482 εῖτε
648 1426 857 1496 δοῦλος,
887 1428 999 1482 εἴτε
1033 1427 1342 1501 ἐλεύθερος.
1379 1449 1401 1483 ι

310 1625 330 1658 ι
375 1608 439 1661 οι
471 1607 673 1676 δοῦλοι,
700 1608 1011 1664 ὑπακούετε
1051 1611 1165 1674 τοῖς
1195 1609 1338 1664 κατά
1360 1609 1541 1682 σάρκα
1575 1610 1811 1682 κυρίοις,

238 1700 313 1771 μὴ
343 1700 402 1752 ἐν
431 1700 925 1774 διρθαλμοδουλείᾳ,
973 1704 1050 1767 ὡς
1094 1701 1572 1775 ἀνθρωπάρεσκοι,
1616 1703 1731 1757 ἀλλ’
1756 1704 1812 1757 ἐν

1918 513 1976 569 in
2010 514 2261 569 veritate.
2305 512 2537 569 Servum
2577 524 2861 569 scnsatum
2924 515 3116 587 diligat
3156 518 3337 573 anima
3366 529 3481 577 tua.

1928 604 2007 663 Ne
2034 605 2328 662 defraudes
2353 605 2506 659 illum
2542 603 2818 662 libertate.
2863 626 2881 658 ι

1989 695 2157 753 Eccli.
2182 713 2237 762 κ,
2270 696 2435 751 28.—
2467 714 2485 749 t
2508 696 2674 753 Servo
2716 705 2938 753 sensato
2969 699 3123 756 liberi
3168 701 3441 756 servienl.-
3468 720 3494 756 ι

1987 788 2182 859 Ephes.
2216 803 2293 853 vr,
2342 788 2458 844 5—7.
2488 818 2558 829 --
2591 806 2610 840 ι
2647 786 2827 855 Servi,
2857 788 3075 845 obedite
3109 790 3348 846 dominis
3397 809 3486 847 ve-

1916 881 2051 939 stris
2100 880 2441 947 carnalibus,
2505 895 2630 935 cum
2668 879 2866 934 timore
2895 890 2946 935 et
2975 888 3236 941 tremore.
3270 881 3324 936 in
3356 883 3490 938 sim-

1927 972 2176 1046 plicitate
2240 972 2427 1028 cordis
2482 971 2679 1033 vestri,
2746 972 2888 1027 sicut
2942 970 3167 1027 Christo
3202 1014 3216 1036 ,
3258 989 3363 1027 non
3423 975 3491 1029 ad

1918 1064 2141 1120 oculum
2172 1063 2499 1130 servientes,
2535 1071 2799 1131 tamquam
2830 1061 3152 1117 hominibus
3184 1062 3487 1133 placentes,

1915 1155 2014 1213 sed
2068 1156 2133 1212 ut
2168 1155 2314 1212 servi
2343 1152 2577 1219 Christi,
2627 1154 2896 1209 facientes
2934 1154 3273 1209 voluntatem
3303 1154 3489 1211 Deiex

1915 1250 2124 1315 animo,
2174 1264 2299 1304 eum
2335 1248 2478 1303 bona
2522 1247 2809 1303 voluntate
2840 1246 3143 1302 servientes
3181 1246 3325 1302 sicut
3382 1245 3491 1301 Do-

1914 1340 2089 1406 mino,
2135 1348 2190 1396 et
2220 1356 2327 1396 non
2356 1340 2565 1394 homini
2602 1358 2616 1395 :
2651 1340 2893 1394 scientes
2919 1336 3068 1408 quod
3112 1338 3491 1407 unusquisque

1914 1432 2286 1504 quodcunque
2308 1431 2502 1487 fecerit
2526 1431 2757 1494 bonum,
2779 1430 2882 1485 hoc
2913 1428 3140 1499 recipiet
3174 1441 3206 1483 a
3237 1429 3485 1494 Domino,

1914 1525 2029 1581 sive
2057 1539 2273 1588 servus.
2296 1523 2415 1580 sive
2444 1524 2600 1580 liber.
2641 1543 2661 1577 ι

1985 1617 2193 1674 Coloss.
2222 1634 2303 1686 ιη,
2323 1617 2415 1681 22,
2447 1617 2537 1672 25.
2560 1646 2629 1656 --
2658 1636 2675 1669 ι
2715 1615 2889 1682 Servi,
2927 1614 3142 1671 obedite
3177 1629 3271 1684 per
3303 1614 3486 1670 omnia

1913 1711 2155 1767 dominis
2216 1710 2562 1773 carnalibus,
2609 1710 2823 1765 nonad
2886 1708 3106 1763 oculum
3156 1706 3484 1770 servientes,

236 1792 516 1863 ἁπλότητι,
564 1793 817 1865 καρδίας,
855 1794 1190 1866 φοϐούμενοι
1242 1795 1337 1851 τὸν
1364 1795 1591 1868 Κύριον.
1630 1797 1695 1849 Ὅ
1720 1795 1812 1849 ὲάν

1937 1804 2073 1876 ιιιαεὶ
2127 1803 2443 1859 hominibus
2507 1802 2810 1873 placentes,
2864 1800 2959 1856 sed
3017 1800 3082 1866 in
3134 1798 3488 1869 simplicitate

235 1887 451 1956 ποιῆτε,
474 1887 550 1959 ,ἐκ
585 1886 765 1960 ψυχῆς
795 1886 1121 1961 ἐργάζεσθε,
1150 1887 1227 1952 ὡς
1253 1886 1333 1959 τῷ
1355 1888 1565 1959 Κυρίῳ,
1608 1887 1702 1941 καὶ
1719 1887 1817 1941 οὑκ

234 1966 546 2052 ἀνθρώπῳ.
604 1980 806 2045 είόότες
843 1980 930 2035 ὅτι
984 1980 1139 2052 παρά
1198 1979 1407 2053 Κυρίου
1456 1978 1693 2050 λήψεσθε
1716 1980 1818 2050 τὴν

234 2071 620 2129 ἀνταπόδοσιν.
658 2090 683 2125 ι

308 2183 329 2220 r
360 2166 521 2219 Ὅσοι
552 2165 692 2220 είσὶν
721 2166 827 2221 ὑπὸ
854 2165 1019 2236 ζυγὸν
1044 2164 1246 2231 δοῦλοι,
1276 2163 1404 2229 τοὺς
1435 2164 1597 2229 ίδίους
1634 2163 1817 2218 6201:6-

238 2274 334 2323 τας
386 2258 571 2330 πάσης
617 2259 785 2331 τιμῆς
836 2258 1020 2324 ἀξίους
1068 2256 1441 2329 ἡγείσθωσαν,
1493 2256 1580 2310 ῖνα
1618 2256 1694 2328 μὴ
1756 2256 1817 2310 τὸ

235 2353 406 2423 ὑνομα
463 2352 560 2407 τοῦ
611 2351 772 2420 Θεοῦ,
824 2344 921 2406 καῖ
964 2354 999 2423 ή
1037 2349 1361 2407 διδασκαλία
1399 2348 1815 2422 βλασφημῆται.

236 2445 300 2497 οἱ
330 2442 390 2498 δὲ
430 2443 655 2509 πιστοὺς
682 2442 899 2515 ἔχοντες
921 2441 1214 2507 δεσπότας,
1260 2441 1336 2513 μὴ
1375 2438 1817 2511 καταφρονείτω-

239 2553 354 2603 σαν,
387 2538 473 2591 δτι
499 2536 721 2605 ἀδελφοί
764 2539 904 2591 εἰσιν
925 2555 939 2568 ο
969 2535 1107 2591 ἀλλά
1163 2534 1364 2607 μᾶλλον
1395 2532 1814 2599 δουλευέτωσαν,

236 2630 317 2684 ὅτι
349 2628 535 2685 πιστοί
579 2629 688 2683 εἱσι
740 2630 835 2684 καὶ
878 2628 1175 2701 ἀγαπητοὶ,
1218 2627 1312 2682 καὶ
1362 2625 1465 2697 τῆς
1493 2625 1819 2697 εὐεργεσίας

236 2722 787 2793 ἀντιλαμϐανόμενοι.
826 2740 846 2775 ι

310 2831 328 2865 ι
375 2813 449 2867 Oi.
480 2813 712 2879 οἰκέται,
741 2811 1177 2885 ὑποτασσόμενοι
1223 2812 1279 2866 ὲν
1310 2812 1474 2867 παντὶ¹
1523 2812 1675 2883 φόόῳ
1705 2815 1818 2877 τοῖς

236 2905 537 2970 δεσπόταις
587 2906 766 2977 ὑμῶν,
796 2905 859 2960 οὑ
891 2905 1055 2978 μόνον
1087 2903 1315 2976 ἀγαθοῖς
1342 2906 1441 2961 καὶ
1494 2906 1816 2971 ἐπιεικέσιν,

236 2997 370 3051 ἀλλά
404 2998 503 3052 καὶ
532 2999 657 3062 τοῖς.
679 2996 937 3063 σκολιοῖς.
980 2995 1153 3052 Τοῦτο
1205 2996 1317 3070 γάρ
1351 2997 1513 3071 χάρις
1547 2999 1701 3071 παρά
1739 2997 1819 3071 τῷ

233 3089 372 3161 Θεῷ,
404 3091 463 3145 εί
489 3090 578 3145 διὰ
635 3089 942 3163 συνείδησιν
995 3089 1134 3147 Θεοῦ
1178 3090 1445 3165 ὑποφέρει
1488 3107 1573 3157 τις
1616 3090 1817 3157 λύπας,
1843 3128 1887 3188 c

235 3184 467 3254 πάσχων
495 3181 717 3249 ἀδίκως.
753 3200 777 3236 ›

296 3277 363 3330 οι
428 3275 638 3330 οἰκέται
685 3274 761 3347 μὴ
816 3274 1172 3346 φευγέτωσαν
1217 3276 1424 3330 εὐνοεῖν
1466 3276 1584 3341 τοῖς
1613 3274 1812 3330 δεσπό·

236 3386 375 3436 ταις.
427 3368 748 3442 Ἐλεύθερον
774 3370 869 3424 καὶ
890 3369 1078 3427 δοῦλον
1098 3372 1126 3425 ὁ
1148 3372 1351 3439 τρόπος
1372 3370 1596 3441 γράφει.

403 3608 593 3663 Τιτλ.
628 3609 759 3663 nar.
787 3636 855 3649 -
883 3609 1019 3679 Περὶ
1054 3608 1294 3665 δούλων
1324 3608 1619 3679 πονηρῶν.

315 3742 337 3778 ι
370 3723 565 3792 Λόγοις
594 3724 655 3777 οὑ
693 3722 1106 3797 παιδευθήσεται
1130 3725 1350 3796 οἰκέτης
1388 3724 1643 3798 σκληρός.
1686 3726 1812 3781 Ἑάν

237 3819 344 3894 γὰρ
368 3818 467 3874 καὶ
491 3817 682 3890 νοήσῃ,
702 3817 816 3873 ἀλλ’
840 3818 941 3890 οὑχ
967 3817 1320 3875 ὑπακούεται.
1348 3838 1370 3876 ι

306 4021 327 4056 ι
358 4000 735 4075 Χορτάσματα
764 4000 861 4054 καὶ
894 3999 1087 4073 ῥάϐδος
1112 3998 1241 4073 ὄνῳ,
1281 4000 1448 4073 ἄρτος
1468 3999 1547 4069 δὲ,
1571 4003 1664 4055 καὶ
1687 4018 1812 4057 παι-

233 4093 372 4159 δεία,
432 4091 528 4146 καὶ
586 4090 748 4164 ἔργον
802 4089 1008 4165 οἰκέτῃ.
1043 4091 1319 4163 Ἔργασαι
1347 4092 1406 4145 ὲν
1442 4092 1683 4164 παιδείᾳ,
1718 4094 1812 4147 καὶ

235 4186 491 4258 εὑρήσεις
541 4185 868 4239 ἀνάπαυσιν.
902 4184 1065 4247 "Ave;
1123 4186 1311 4255 χεῖρας
1340 4184 1491 4253 αύτῷ
1518 4224 1535 4249 ,
1591 4186 1689 4241 καὶ
1713 4184 1811 4255 ζη-

234 4282 387 4352 τήσει
442 4278 778 4351 ιλευθερίαν.
840 4276 1015 4346 Ζυγδς
1062 4277 1155 4332 καὶ
1197 4277 1329 4347 ἱμὰς
1354 4276 1626 4348 τράχηλον
1660 4277 1809 4349 κάμ-

232 4371 416 4442 ιῖιουσι,
442 4372 540 4427 καὶ
565 4371 755 4444 οἰκέτῃ
778 4368 1075 4441 κακούργῳ
1130 4368 1389 4439 στρέϐλαι
1434 4371 1528 4422 καὶ
1559 4368 1806 4440 βάσανοι.

1915 1898 2099 1954 cordis
2153 1898 2415 1953 timentes
2469 1895 2663 1952 Deum.
2722 1895 3105 1965 Quodcunque
3162 1892 3365 1956 facitis,
3418 1908 3485 1947 ex

1915 1991 2101 2047 animo
2158 1988 2485 2060 operamini,
2544 1989 2689 2044 sicut
2740 1987 2991 2054 Domino,
3021 1994 3076 2043 et
3110 2002 3221 2041 non
3246 1985 3480 2049 homini,

1915 2083 2150 2141 scientes
2177 2082 2320 2153 quod
2350 2098 2379 2135 a
2403 2081 2633 2138 Domino
2667 2079 2957 2151 accipietis
2986 2078 3425 2134 retributionem.
3460 2095 3480 2130 ι

1987 2173 2016 2228 I
2050 2175 2189 2231 Tim.
2214 2189 2289 2240 vi,
2331 2174 2382 2239 l,
2414 2175 2472 2230 2.
2501 2203 2573 2215 -—
2603 2192 2621 2227 ι
2660 2172 2990 2243 Quicunque
3018 2181 3147 2227 sunt
3203 2172 3307 2227 sub
3353 2171 3487 2243 iugo

1915 2264 2087 2328 servi,
2113 2263 2370 2321 dominos
2392 2279 2526 2320 suos
2563 2262 2718 2319 omni
2747 2262 2960 2319 honore
2986 2259 3183 2330 dignos
3210 2259 3487 2316 arbitren-

1913 2364 2029 2421 tur,
2069 2372 2137 2412 ne
2167 2371 2367 2412 nomen
2403 2354 2623 2411 Domini
2674 2361 2731 2412 et
2760 2354 3013 2411 doctrina
3056 2353 3483 2424 blasphemetur.

1915 2447 2213 2516 Quiautem
2241 2447 2430 2505 fideles
2450 2447 2656 2504 habent
2677 2448 2953 2512 dominos,
2972 2461 3081 2503 non
3106 2452 3483 2508 contemnant,

1915 2537 2041 2608 quia
2084 2535 2287 2592 fratres
2345 2542 2513 2603 sunt;
2544 2534 2640 2592 sed
2675 2536 2847 2605 magis
2888 2535 3151 2601 serviant,
3195 2532 3324 2605 quia
3356 2531 3488 2587 fide-

1917 2631 1995 2687 Ies
2019 2639 2169 2698 sunt,
2203 2638 2257 2685 et
2288 2627 2477 2686 dilecti
2500 2637 2555 2686 et
2590 2625 2847 2686 beneficii
2870 2626 3190 2701 participes.
3220 2642 3242 2677 ι

1987 2798 2019 2854 Ι
2046 2798 2190 2855 Petr.
2220 2814 2278 2864 ιι,
2329 2798 2416 2855 18.
2437 2830 2509 2841 -
2533 2817 2552 2850 ι
2584 2796 2763 2865 Servi,
2790 2796 2994 2855 subditi
3042 2804 3219 2853 estote
3251 2795 3304 2851 in
3334 2796 3485 2853 omni

1916 2891 2115 2947 timore
2146 2890 2390 2946 dominis
2422 2891 2647 2959 vestris,
2688 2907 2799 2945 non
2825 2898 3034 2945 tantum
3063 2888 3223 2945 bouis
3253 2896 3308 2945 et
3365 2904 3484 2944 mo-

1917 2984 2111 3050 destis,
2176 2982 2273 3039 sed
2340 2982 2507 3040 etiam
2563 2981 2770 3055 pravis.
2821 2980 2945 3037 Haec
2987 2989 3072 3039 est
3098 2981 3244 3038 enim
3308 2981 3483 3052 gratia

1920 3079 2066 3150 apud
2095 3074 2287 3142 Deum,
2330 3076 2377 3133 si
2431 3084 2664 3147 propter,
2699 3074 3093 3131 conscientiam
3123 3074 3214 3131 Dei
3244 3076 3485 3132 sustinet

1918 3168 2047 3242 quis
2082 3167 2413 3238 injusﬁtias,
2445 3167 2665 3239 patiens
2702 3158 2927 3238 injuste.
2964 3186 2984 3221 ι

1989 3259 2048 3317 S.
2108 3258 2263 3331 Crcq.
2307 3257 2451 3315 Naz.
2508 3267 2632 3314 tur.
2670 3258 3030 3316 bii—Servi
3089 3276 3155 3316 ne
3215 3258 3485 3332 refugiant

1918 3351 2358 3410 benevolentiam
2428 3350 2669 3407 dominis
2724 3351 3005 3409 exhibere.
3068 3350 3368 3425 Ingenuum
3430 3362 3485 3408 et

1920 3461 2141 3503 servum
2168 3460 2349 3502 mores
2377 3445 2716 3517 exprimunt.

2231 3600 2370 3659 Tl'l‘.
2395 3599 2539 3657 XXI.
2574 3630 2644 3642 —
2668 3600 2745 3656 De
2774 3601 2931 3657 malis
2962 3602 3145 3659 servis.

1992 3721 2129 3777 Prov
2188 3735 2342 3780 xxix.
2384 3718 2471 3773 I9.
2505 3746 2576 3758 —-
2628 3734 2646 3770 ι
2676 3715 2880 3774 Servus
2914 3716 3088 3774 durus
3136 3717 3483 3773 sermonibus

1917 3829 2024 3870 non
2046 3811 2323 3869 eruditur.
2358 3809 2491 3865 Nam
2509 3808 2765 3881 quamvis
2792 3807 3143 3872 intellexerit,
3176 3823 3282 3865 non
3303 3799 3483 3865 tatucu

1921 3906 2161 3963 obcdiet.
2196 3920 2218 3957 ι
2552 3972 2553 3975 η

1987 3997 2157 4053 Eccii.
2215 4011 2433 4063 xum,
2480 3994 2670 4053 25-29.
2723 4024 2793 4038 -
2858 4014 2877 4049 ι
2928 3994 3167 4063 {Cibaria
3213 4004 3267 4051 et
3332 3995 3484 4067 virga

1913 4094 2096 4157 asino,
2138 4092 2301 4165 panis
2338 4098 2545 4160 autem,
2587 4100 2641 4147 et
2679 4090 2995 4159 disciplina,
3047 4098 3100 4146 et
3128 4105 3266 4160 opus
3302 4105 3482 4146 servo.

1910 4185 2155 4258 Operare
2184 4185 2238 4240 in
2268 4198 2462 4255 puero,
2488 4192 2542 4238 et
2577 4182 2821 4239 invenies
2866 4181 3130 4252 requiem.
3181 4179 3326 4236 Laxa
3372 4195 3487 4235 ma-

1910 4295 2018 4335 nus
2072 4278 2173 4342 illi,
2229 4287 2284 4332 et
2316 4284 2526 4348 quaeret
2574 4276 2914 4331 libertatem.
2952 4272 3149 4345 Jugum
3202 4283 3257 4329 et
3304 4275 3481 4330 lorum

1912 4371 2119 4426 collum
2169 4370 2570 4435 incurvabunt,
2619 4375 2676 4423 et
2709 4380 2870 4429 servo
2907 4382 3140 4436 nequam
3178 4374 3407 4422 torturae
3428 4374 3483 4421 et

238 4435 513 4536 έεμεαὶλλε
547 4435 814 4526 αὑτὸν-είς
842 4435 1130 4533 ἐργασίαν,
1168 4435 1260 4516 ἵνα
1306 4460 1382 4532 μὴ
1405 4435 1571 4533 ἀργῇ.
1602 4461 1809 4533 Πολλὴν

1937 4462 2233 4535 :ompedes.
2292 4460 2441 4516 Mitte
2484 4460 2640 4514 illum
2675 4458 2729 4513 in
2763 4459 3170 4530 operationem,
3203 4474 3271 4515 ne
3306 4466 3479 4517 vacet.

234 4557 342 4629 γάρ
364 4557 565 4612 κακίαν
588 4553 828 4621 ἐδίδαξεν
857 4556 890 4625 ἡ
922 4553 1114 4624 ἀργία.
1146 4573 1166 4608 ›

308 4668 328 4703 ι
358 4649 585 4704 Οίκέτου
640 4645 881 4719 πονηροῦ
933 4645 1010 4720 μὴ
1036 4645 1332 4717 αἰσχυνθῇς
1366 4644 1607 4718 πλευράν
1639 4646 1806 4717 αἱμά-

236 4741 344 4809 ξαι.
403 4760 428 4795 ι

297 4836 512 4890 Δούλων
565 4834 804 4905 ὑπάρχει
851 4832 1037 4888 κακῶν
1084 4834 1298 4888 ἀθετεῖν
1327 4832 1670 4897 δεσποτείαν,
1710 4836 1805 4887 καὶ

234 4929 622 4983 ἐπανίστασθαι
646 4927 947 4998 κυριότητι,
968 4928 1058 4982 καὶ
1090 4927 1374 4998 ὁμόδουλον
1402 4928 1610 4990 ἑαυτοῖς
1633 4929 1806 4981 ποιεῖν

230 5024 320 5077 τὸν
350 5023 652 5096 ἐλεύθερον.
826 5032 829 5035 ’

299 5202 485 5267 Οὐδεὶς
513 5202 690 5269 οὕτως
721 5202 985 5277 μέμηνεν,
1048 5202 1127 5268 ὡς
1174 5202 1360 5268 δοῦλος
1394 5202 1491 5269 ὢν,
1534 5197 1803 5256 ἐναντιοῦ-

230 5292 351 5346 σἹαι
375 5294 634 5369 δεσπότῃ.
953 5305 957 5308 ’

390 5453 573 5510 ΤΙΤΛ.
606 5455 735 5509 ΚΒε.
761 5485 831 5498 —-
858 5452 999 5524 Περὶ
1031 5453 1631 5525 δυσαρεστουμένων.

313 5582 332 5615 ι
369 5560 444 5620 Ὦ
469 5568 519 5623 οῖ
549 5567 1079 5641 εὑφραινόμενσιὲπ’
1110 5569 1287 5624 οὑδενῖ
1318 5552 1484 5641 λόγῳ.
1525 5588 1545 5621 ι

309 5675 329 5707 ι
360 5657 478 5713 Τίνι
508 5661 763 5732 όμοιιῖισω
791 5663 914 5727 τοὺς
945 5659 1266 5732 ἀνθρώπους
1305 5664 1403 5733 τῆς
1435 5662 1629 5732 γενεᾶς
1666 5659 1797 5714 ταύ-

248 5759 375 5826 της
407 5748 621 5828 Ὀμοιοί
667 5754 775 5845 είσι
803 5754 1065 5832 ⁸παιδίοις
1112 5756 1170 5845 έν
1221 5755 1397 5830 ἀγορᾷ
1442 5754 1797 5827 καθημένοις,

1912 4552 2139 4608 Multam
2166 4552 2312 4607 enim
2344 4550 2609 4604 malitiam
2642 4549 2829 4605 docuit
2865 4548 3139 4603 Otiositas.
3177 4566 3197 4601 ι

1983 4643 2150 4716 448
2184 4642 2349 4697 Eccli.
2381 4658 2553 4707 xtvu,
2606 4642 2659 4697 5.
2696 4670 2767 4683 ν-
2793 4658 2811 4692 ε
2850 4639 3020 4695 Servo
3060 4639 3300 4710 pessimo
3333 4654 3400 4697 uc
3430 4649 3483 4697 te

1912 4738 2115 4804 pudeat
2152 4736 2297 4789 latus
2330 4732 2682 4804 sanguinare.
2725 4751 2743 4784 ι

1981 4826 2037 4881 S.
2086 4828 2243 4897 (ἆγες,
2303 4824 2445 4881 Naz.
2504 4837 2645 4881 orat.
2702 4824 3137 4881 4.-—Malorum
3192 4841 3476 4882 servorum

1910 4929 1995 4974 est
2031 4920 2327 4991 imperium
2363 4920 2618 4988 rejicere.
2662 4928 2715 4973 et
2746 4920 3012 4975 adversus
3044 4919 3477 4973 dominationem

1912 5013 2225 5084 insurgere,
2252 5029 2490 5083 eumque
2522 5014 2614 5084 qui
2640 5013 2776 5069 liber
2803 5022 2909 5081 cst,
2936 5012 2988 5067 in
3014 5013 3265 5067 servilem
3290 5028 3476 5068 secum

1908 5107 2161 5163 ordinem
2204 5106 2471 5178 redigere.
3272 5112 3281 5122 '

1980 5198 2242 5255 Philonis.
2279 5230 2347 5239 -—
2370 5197 2563 5256 Nullus
2600 5200 2673 5254 ita
2708 5200 2939 5256 insanus
2992 5209 3095 5268 est,
3128 5198 3326 5270 utqui,
3358 5213 3478 5254 scr-

1914 5309 2011 5349 vus
2044 5306 2165 5347 cum
2192 5291 2597 5359 sit,.adversari
2632 5293 2857 5349 domino
2889 5308 2997 5348 non
3036 5304 3272 5349 veretur.

2280 5450 2414 5505 TIT.
2448 5448 2610 5505 XXII.
2644 5479 2709 5493 -
2744 5450 2819 5504 De
2847 5450 3095 5505 moraris.

1978 5563 2138 5621 Antor
2168 5581 2242 5629 vr,
2266 5566 2349 5621 14.
2374 5597 2441 5607 --
2474 5585 2490 5615 ι
2519 5566 2671 5637 Oqui
2702 5566 2958 5621 lmtamini
2986 5567 3039 5621 iu
3072 5569 3221 5624 nullo
3243 5570 3426 5626 verho.
3452 5588 3476 5623 ι

1980 5657 2110 5712 Luc.
2177 5673 2275 5722 vn,
2317 5658 2508 5713 ττι-54.
2546 5688 2617 5698 -—
2654 5678 2672 5711 ι
2700 5660 2802 5716 Cui
2832 5662 3043 5720 similes
3085 5664 3262 5719 dicam
3299 5664 3477 5720 horni-

1907 5767 2005 5809 ncs
2041 5749 2410 5823 generationis
2446 5750 2657 5822 hujus?
2679 5750 2902 5811 Similes
2923 5764 3050 5814 sunt
3072 5758 3260 5830 pueris
3283 5756 3478 5815 sedem
