3948 6250
404 331 541 402 1407

1607 329 1670 391 8.
1703 326 1945 392 IOANN
1952 326 2025 388 IS
2054 324 2492 388 DAMASCENI

3515 306 3639 389 ius

395 451 454 507 in
490 449 611 508 solo
645 461 787 521 pane
815 444 949 502 vivit
988 444 1177 511 homo,
1204 440 1301 499 sed
1334 458 1398 501 ex
1432 443 1585 498 omni
1617 441 1786 499 verbo
1828 440 1975 512 quod

2107 440 2195 496 trix
2216 441 2275 495 ὲν
2296 440 2449 513 ἄρτῳ
2479 437 2627 512 μόνῳ
2654 437 2884 513 ζήσεται
2911 438 3221 511 ἄνθρωπος,
3249 437 3365 494 ἀλλ’
3396 440 3453 494 ἐν
3491 442 3642 495 παντί

395 543 644 617 procedit
686 541 753 597 de
779 554 879 596 ore
921 538 1039 595 Dei.
1082 535 1240 594 Tunc
1283 535 1518 593 assumit
1556 552 1682 592 eum
1715 534 1975 591 diabolus

398 642 454 694 in
485 643 736 694 sanctam
768 634 1077 697 civitatem,
1106 638 1162 688 et
1186 629 1383 688 statuit
1419 644 1545 685 eum
1575 644 1744 701 super
1780 630 1978 701 pinna-

2086 535 2293 607 ῥήματι
2345 532 2767 605 ἐκπορευομένῳ
2829 532 2918 588 διὰ
2984 532 3256 604 στόματος
3312 531 3467 587 Θεοῦ.
3523 533 3643 588 Τότε

2086 625 2508 706 παραλαμϐάνει
2558 627 2721 682 αὑτὸν
2772 628 2801 683 δ
2858 626 3105 693 διάϐολος
3155 626 3237 692 είς
3262 626 3361 699 τὴν
3380 626 3540 697 άγίαν
3565 627 3647 682 πόα

396 732 585 786 culum
611 728 822 800 templi.
863 735 919 783 et
951 722 1090 781 dixit
1114 724 1164 780 ei
1193 740 1208 777 :
1249 722 1308 779 Si
1335 720 1514 779 Filius
1556 722 1652 778 Dei
1681 738 1772 791 es,
1820 721 1978 778 mitte

2107 739 2187 786 κν,
2222 721 2318 774 καὶ
2340 719 2555 791 ἵστησιν
2589 718 2751 773 αὐτὸν
2770 718 2865 773 ἐπὶ
2908 717 2971 773 τὸ
3006 716 3304 790 πτερύγιον
3338 716 3433 773 τοῦ
3487 717 3646 790 ἱεροῦ,

398 833 454 879 te
480 821 764 878 deorsum.
795 816 960 875 Jesus
998 822 1191 873 autem
1220 814 1359 871 dixit
1393 814 1441 870 ei
1482 829 1499 867 :
1528 812 1802 885 Scriptum
1832 819 1919 869 est
1958 829 1974 868 :

398 914 519 971 Non
545 912 788 969 tentabis
809 909 1100 966 Dominum
1133 908 1303 965 Deum
1357 905 1762 963 tuumJterum
1820 919 1980 960 assu-

399 1008 499 1064 mit
522 1021 647 1063 eum
694 1002 952 1059 diabolus
977 1002 1032 1057 in
1065 1011 1309 1056 montem
1353 998 1633 1054 excelsum
1687 997 1870 1065 valde,
1926 1004 1980 1053 et

400 1098 635 1157 ostendit
658 1097 708 1153 ei
738 1095 925 1151 omnia
957 1109 1124 1163 regna
1152 1091 1369 1155 mundi,
1404 1100 1460 1146 et
1500 1090 1733 1160 gloriam
1764 1103 1978 1154 eorum,

400 1201 457 1247 et
484 1190 625 1247 dixit
657 1188 707 1244 ei
738 1207 755 1246 :
787 1189 917 1243 llzec
970 1184 1159 1241 omnia
1188 1182 1287 1238 tibi
1336 1181 1500 1247 dabo,
1534 1180 1582 1249 si
1610 1179 1814 1237 cadens
1845 1179 1979 1235 ado-

404 1283 618 1339 raveris
650 1297 755 1337 me.
788 1281 947 1335 Tunc
996 1277 1134 1333 dixit
1163 1277 1213 1332 ei
1241 1273 1442 1331 Jesus:
1476 1271 1628 1328 Vade
1658 1279 1832 1336 retro,
1876 1272 1977 1328 δεμ

406 1385 557 1430 tuna.
591 1372 871 1442 Scriptum
917 1377 1002 1425 est
1039 1371 1188 1424 enim
1226 1387 1239 1423 :
1280 1366 1572 1422 Dominum
1604 1364 1774 1423 Deum
1823 1372 1977 1422 tuum

404 1466 683 1532 adorabis,
719 1473 773 1520 et
797 1463 901 1535 ipsi
927 1462 1030 1519 soli
1050 1461 1282 1539 servies.
1320 1479 1341 1513 ι

482 1734 610 1791 Luc.
645 1748 700 1799 ς,
747 1731 836 1796 l8,
874 1729 956 1787 l9.
986 1760 1056 1773 --
1093 1749 1109 1781 ι
1147 1728 1585 1784 DixitDontinus
1603 1725 1984 1798 septuaginta:

2086 813 2181 868 καὶ
2212 811 2361 883 λέγει
2391 811 2541 884 αύτῷ
2560 829 2574 843 ο
2610 811 2674 866 Et
2704 810 2833 877 Υἱὸς
2860 806 2910 865 εἰ
2954 801 3057 866 τού
3089 810 3251 876 Θεοῦ,
3279 811 3408 883 βάλε
3436 802 3651 868 σεαυτὸν

2086 904 2261 977 κάτω.
2298 900 2432 959 Eine
2472 904 2530 959 δὲ
2562 903 2715 973 αύτῷ
2764 904 2795 957 δ
2855 901 3095 975 Ἰησοῦς·
3161 903 3513 976 Γέγραπταν
3546 902 3651 959 Οὐκ

2086 996 2444 1068 ἐκπειράσεις
2474 995 2679 1069 Κύριον
2704 994 2798 1051 τδν
2842 995 2977 1049 Θεόν
3012 1011 3129 1051 σου.
3153 994 3336 1064 Ι[Ιάιλιν
3369 996 3653 1069 παραλαμι-

2086 1090 2241 1144 ϐἀνει
2270 1089 2435 1144 αὐτὸν
2465 1090 2494 1144 ό
2519 1074 2771 1154 διάϐολος
2810 1089 2894 1155 είς
2942 1088 3071 1163 ὅρος
3115 1087 3320 1161 ὑψηλὸν
3375 1089 3520 1159 λίαν,
3567 1090 3656 1145 καὶ

2086 1178 2359 1235 δείκνυσιν
2416 1180 2570 1252 αύτῷ
2614 1178 2798 1244 πάσας
2855 1179 2956 1247 τὰς
3013 1180 3296 1252 βασιλείας
3324 1180 3422 1243 τοῦ
3458 1180 3654 1252 κόσμου

2089 1273 2184 1327 καὶ
2212 1272 2313 1344 τὴν
2338 1271 2499 1337 δόξαν
2530 1272 2848 1338 αύτῶν,καὶ
2876 1272 3027 1343 λέγει
3054 1272 3204 1345 αύτῷ
3222 1288 3238 1305 ·
3269 1272 3459 1328 Ταῦτα
3491 1275 3656 1331 πάντα

2091 1381 2176 1418 σοι
2202 1363 2383 1429 δώσω,
2416 1364 2512 1419 ἐὰν
2544 1363 2730 1419 πεσὼν
2759 1365 3153 1437 προσκυνήσῃς
3198 1382 3312 1437 μοι.
3355 1365 3490 1419 τότε
3519 1364 3657 1435 λέγει

2089 1458 2238 1530 αὐτῷ
2270 1458 2302 1512 δ
2342 1456 2588 1529 Ἰησοῦςο
2621 1457 2847 1529 ’Υπαγε
2892 1457 3070 1513 ὀπίσω
3134 1475 3262 1530 μου,
3306 1457 3542 1513 Σατανᾶ.
3564 1458 3658 1512 Γέ-

2091 1571 2337 1624 γραπται
2367 1554 2475 1623 γάρ
2496 1568 2509 1581 ·
2544 1552 2751 1624 Κύριον
2782 1552 2874 1607 τὸν
2920 1551 3056 1607 Θεόν
3100 1568 3194 1606 σου
3243 1552 3658 1623 προσκυνήσεις,

2093 1646 2189 1700 καὶ
2215 1645 2364 1717 αύτῷ
2392 1645 2540 1716 μόνῳ
2561 1644 2902 1716 λατρεύσεις.
2931 1666 2952 1699 ι

2172 1760 2193 1794 ‹
2225 1737 2361 1796 Eii-rs
2394 1741 2452 1795 δὲ
2478 1743 2589 1806 τοῖς
2622 1741 3000 1815 ἐϐδομήκοντα
3027 1742 3056 1796 ὁ
3086 1742 3294 1816 Κύριος
3316 1759 3335 1774 ’
3370 1741 3664 1815 Ἐθεώρουν

409 1826 678 1882 Videbam
715 1823 977 1879 Satanam
1010 1821 1157 1877 sicut
1192 1822 1375 1893 fulgur
1423 1821 1492 1877 de
1517 1821 1660 1876 coelo
1682 1819 1987 1902 cadentem.

2107 1836 2186 1888 σὺν
2215 1835 2433 1889 Σατανᾶ
2461 1834 2535 1899 ὼς
2573 1835 2864 1907 ἀστραπὴν
2913 1836 2979 1890 ὲκ
3007 1836 3103 1891 τοῦ
3137 1836 3371 1909 ούρανώ
3416 1836 3663 1891 πεσόντα.

409 1921 554 1975 Ecce
622 1916 749 1973 dedi
787 1916 944 1970 vobis
1001 1922 1329 1985 potestatem
1360 1913 1814 1983 calcandisnper
1869 1927 1987 1969 ser-

409 2023 601 2086 pentes
639 2022 695 2069 et
727 2011 1073 2081 scorpiones,
1104 2018 1158 2063 et
1180 2022 1351 2077 super
1386 2022 1608 2062 omnem
1659 2012 1989 2077 potestatem

408 2106 641 2163 inimici.
681 2124 700 2157 ι

477 2196 601 2253 Jac.
622 2211 693 2262 tv,
717 2193 875 2250 7.-ι
899 2190 1165 2247 Resistite
1180 2187 1425 2255 diabolo,
1453 2197 1507 2246 et
1535 2189 1706 2259 fugiet
1730 2203 1760 2243 a
1776 2187 1985 2245 vobis.»

482 2286 510 2342 ι
540 2285 691 2341 Petr.
723 2299 778 2351 ν,
821 2283 872 2339 8.
902 2309 964 2325 -
1007 2299 1027 2333 ι
1067 2280 1247 2337 Sobrii
1292 2287 1469 2337 estote
1497 2289 1552 2335 et
1582 2279 1831 2352 vigilate,
1861 2280 1991 2351 quia

410 2379 761 2437 adversarius
790 2383 975 2433 vester
1008 2374 1266 2431 diabolus
1318 2381 1575 2444 tanquam
1616 2371 1707 2428 leo
1739 2372 1988 2445 rugiens,

408 2473 611 2530 circuit
636 2486 892 2541 quaerens
919 2484 1085 2542 quem
1118 2466 1366 2524 devoret.
1396 2465 1496 2523 Cui
1538 2464 1781 2523 resistite
1822 2465 1993 2523 fortes

410 2569 465 2625 itt
505 2566 630 2623 lide.
668 2583 690 2618 ι

476 2658 535 2714 8.
562 2657 739 2714 Basit.
795 2653 1023 2711 Exhort.
1082 2653 1151 2711 ad
1194 2653 1337 2723 bapt.
1368 2682 1439 2693 —
1468 2651 1754 2722 Dominus,
1803 2653 1992 2725 prohi-

408 2752 546 2807 bens
574 2766 642 2806 ne
668 2749 813 2806 mala
846 2747 1081 2805 consilia
1103 2746 1307 2802 diaboli
1348 2738 1747 2816 suscipiamus,
1798 2748 1990 2811 Hodie,

409 2840 613 2913 inquit,
652 2839 701 2895 si
732 2854 909 2895 vocem
957 2854 1129 2892 nteant
1177 2836 1458 2891 audieritis
1494 2835 1687 2906 (Hebr.
1720 2852 1802 2905 tn,
1827 2837 1859 2891 7
1872 2851 1889 2903 ;
1917 2852 1991 2903 tv,

413 2935 481 3004 7;
506 2934 662 2992 Psal.
694 2949 838 3003 xstv,
862 2931 941 3005 8).
970 2932 1067 2989 ille
1096 2930 1249 2999 dicit,
1285 2929 1622 2987 Hodiernum
1652 2931 1801 2988 diem
1837 2934 1992 3001 mihi,

410 3020 715 3085 crastinum
747 3026 878 3082 Deo.
926 3024 1132 3080 Contra
1163 3024 1431 3080 Dominus
1478 3025 1739 3081 inclamat
1774 3042 1787 3079 :
1820 3024 1995 3081 Hodie

412 3123 461 3177 εί
509 3136 681 3176 vocem
740 3135 911 3174 meam
944 3116 1249 3172 audieritis.
1302 3114 1528 3171 llostem
1568 3116 1989 3175 animadverte:

413 3229 525 3269 non
560 3210 730 3268 audet
761 3209 999 3268 suadere
1034 3207 1114 3262 uti
1152 3222 1382 3279 prorsus
1407 3204 1772 3264 abscedamus
1804 3222 1835 3263 a
1858 3206 1992 3265 Deo.
2019 3193 2066 3256 (ἶ

415 3305 532 3360 Scit
564 3303 711 3361 enim
768 3315 934 3375 grave
965 3300 1071 3356 ltoc
1097 3313 1224 3355 esse
1272 3296 1609 3355 Christianis
1649 3297 1882 3357 auribus
1940 3309 1994 3356 et

413 3398 730 3454 molestum.
794 3393 996 3450 Verum
1031 3391 1284 3449 subdolis
1324 3390 1541 3447 artibus
1578 3392 1860 3462 negotium
1885 3399 1997 3448 tra-

416 3500 549 3548 ctat.
579 3489 772 3545 Solers
806 3488 1013 3560 quippe
1037 3494 1093 3542 et
1134 3485 1361 3558 sapiens
1390 3493 1476 3541 cst
1515 3483 1586 3539 ad
1641 3483 1997 3542 malefacien-

413 3583 569 3639 dum.
629 3580 972 3638 Hodiernum
1035 3576 1176 3633 diem
1205 3584 1387 3633 astute
1440 3576 1602 3633 nobis
1668 3576 1995 3643 sut'furatur,

416 3685 581 3746 atque
633 3674 687 3728 in
723 3671 1028 3728 crastinum
1055 3670 1201 3725 diem
1236 3668 1394 3723 nobis
1430 3666 1860 3738 pollicitationes
1911 3684 1998 3725 re-

418 3766 641 3838 linquit.
672 3762 899 3827 Deinde,
932 3777 1057 3818 cunt
1087 3762 1369 3819 crastinus
1400 3759 1522 3816 dies
1554 3760 1765 3828 illuxit,
1799 3777 1997 3820 rursus

417 3868 616 3931 praesto
653 3866 741 3913 est
767 3854 945 3911 malus
980 3854 1091 3919 ille,
1132 3862 1190 3908 ut
1216 3861 1407 3908 nostra
1453 3850 1744 3908 nobiscum
1800 3856 2003 3925 partia-

422 3963 537 4015 tur,
593 3950 811 4021 sibique
864 3948 1041 4019 poscit
1106 3945 1437 4001 hodiernum
1492 3944 1658 4012 dietn,
1689 3946 1995 4005 crastinum

420 4044 674 4100 Domino.
706 4041 1046 4111 Semperque
1076 4037 1131 4092 in
1157 4037 1304 4092 hunc
1342 4036 1561 4091 modum
1594 4044 1813 4110 tempus
1856 4057 1997 4113 pra}-

2105 1926 2241 1982 Ἰδοὺ
2261 1927 2453 2000 δίδωμι
2488 1928 2620 1999 ύμῖν
2645 1927 2744 1999 τὴν
2803 1926 3056 1993 ἐξουσίαν
3106 1929 3204 1983 τοῦ
3251 1929 3446 1984 πατεῖν
3488 1926 3669 1983 ὲπάνω

2091 2019 2269 2090 ὄφεων
2298 2020 2394 2073 καὶ
2448 2019 2751 2091 σκορπίων,
2783 2019 2877 2075 καὶ
2938 2020 3034 2074 ἐπὶ
3083 2021 3267 2076 πᾶσαν
3298 2020 3400 2091 τὴν
3444 2018 3667 2091 δύναμιν

2090 2112 2187 2165 τοῦ
2221 2110 2442 2184 ἐχθροῦ.
2477 2130 2499 2165 ›

2170 2222 2188 2257 ι
2225 2203 2535 2276 Ἀντίστητε
2569 2203 2647 2276 τῷ
2670 2203 2924 2277 διαϐόλῳ,
2951 2205 3045 2259 καὶ
3064 2203 3321 2274 φεύξεται
3344 2205 3444 2276 ἀφ’
3464 2205 3628 2277 ὑμῶν.
3646 2224 3664 2259 ι

2171 2314 2190 2348 ι
2229 2294 2478 2366 Νήψατε,
2505 2295 2921 2369 γρηγορήσατε,
2952 2297 3035 2351 ὅτι
3065 2294 3335 2362 ἀντίδικος
3366 2296 3525 2369 ὑμῶν
3558 2297 3670 2353 διά-

2094 2386 2250 2451 ϐολος
2294 2387 2369 2451 ὡς
2422 2387 2561 2442 λέων
2600 2387 2922 2459 ὠρυόμενος
2971 2391 3290 2459 περιπατεῖ,
3338 2387 3525 2461 ζητῶν
3558 2389 3672 2445 τίνα

2093 2478 2368 2554 καταπίῃ·
2470 2480 2762 2553 ἀντίστητε
2789 2480 3000 2550 στερεοὶ
3028 2480 3087 2535 ὲν
3110 2480 3314 2536 πίστει.
3350 2499 3368 2534 ι

2164 2653 2274 2720 Τὰς
2301 2656 2545 2729 πονηρὰς
2576 2655 2673 2712 τοῦ
2705 2656 2957 2713 διαϐόλου
2984 2675 3050 2713 συ
3059 2636 3319 2731 μϐουλίας
3339 2659 3680 2717 ἀποκωλύων

2100 2748 2251 2820 ἡμᾶς
2279 2749 2307 2802 ό
2344 2746 2551 2820 Κύριος
2581 2748 2861 2816 δέξασθαι,
2893 2750 3183 2822 Σήμερον,
3216 2751 3404 2822 φησιν.
3436 2751 3551 2806 ἐὰν
3574 2748 3678 2820 τῆς

2092 2838 2299 2910 φωνῆς
2306 2856 2427 2910 μου
2457 2841 2787 2911 ἀκούσητε.
2817 2841 3054 2907 Ἐκεῖνος
3085 2841 3257 2912 λέγει,
3293 2842 3406 2915 Τὴν
3438 2843 3679 2915 σήμερον

2090 2933 2235 3005 ἐμοὶ,
2270 2933 2367 2989 καί⁸
2416 2934 2517 3006 τὴν
2553 2933 2742 3008 αὔριον
2770 2935 2851 3007 τῷ
2879 2934 3021 3008 Θεῷ.
3058 2935 3118 2991 ’0
3148 2934 3356 3008 Κύριος
3403 2936 3637 3009 ἀντιϐοᾷ
3659 2950 3683 2966 ο

2094 3024 2364 3095 Σήμερον
2380 3026 2491 3081 ἐὰν
2511 3025 2620 3096 τῆς
2644 3027 2855 3098 φωνῆς
2865 3046 2985 3099 μου
3005 3028 3331 3097 ἀκούσητε.
3350 3028 3573 3102 Νόησον
3594 3029 3682 3083 τὸν

2092 3116 2287 3191 ἐχθρόν
2306 3137 2319 3149 ·
2355 3119 2417 3172 ού
2450 3118 2628 3193 τολμᾷ
2658 3120 3069 3193 συμϐουλεῦσαι
3111 3120 3345 3176 καθόλου
3373 3122 3683 3195 ἀποστῆναι

2096 3209 2191 3265 τού
2218 3210 2377 3267 Θεοῦ.
2412 3208 2566 3267 Οἶδεν
2597 3214 2683 3269 ὅτι
2737 3215 2879 3290 βαρὺ
2933 3214 3098 3270 τοῦτο
3138 3215 3372 3272 ἀκοῦσαι
3409 3218 3682 3290 Χριστια-

2090 3304 2201 3369 νοίς
2225 3320 2237 3336 ·
2269 3303 2408 3359 ἀλλὰ
2432 3304 2651 3378 τέχναις
2688 3307 3000 3379 άπατηλατς
3027 3308 3310 3380 μεθοδεύει
3336 3309 3439 3382 τὴν
3472 3311 3679 3382 ἐπιχεί-

2096 3413 2274 3469 ρησιν.
2306 3398 2476 3469 Σοφός
2496 3400 2615 3454 ὲστι
2635 3399 2730 3455 τοῦ
2753 3402 3121 3473 κακοποιῆσαι
3140 3418 3154 3433 ⁸
3188 3403 3432 3477 σήμερον
3460 3404 3683 3459 κλέπτει

2092 3491 2241 3561 ἡμᾶς
2273 3490 2364 3545 διὰ
2408 3493 2509 3565 τῆς
2565 3492 2871 3566 μεθοδείας,
2922 3496 3017 3549 καὶ
3045 3496 3147 3569 τήν
3181 3495 3377 3569 αὔριον
3404 3499 3544 3569 ήμῖν
3586 3498 3683 3562 τὰς

2094 3583 2429 3655 ἐπαγγελίας
2483 3586 2868 3660 περιαφίησιν.
2941 3585 3073 3645 Εἶτα
3125 3589 3348 3645 ἐπειδὰν
3401 3592 3436 3662 ή
3495 3590 3684 3664 αὔριον

2103 3672 2255 3748 ἔλθῃ,
2286 3677 2449 3733 πάλιν
2472 3678 2690 3751 ἔρχεται
2715 3681 2903 3747 κακῶς
2919 3698 2982 3736 συ
2990 3683 3320 3754 μμεριστὴς,
3341 3683 3506 3755 ἡμῶν
3522 3684 3687 3750 ἀξιῶν

2101 3767 2201 3840 τὴν
2236 3771 2478 3844 σήμερον
2507 3771 2679 3845 αύτῷ,
2731 3775 2831 3846 τὴν
2865 3775 2924 3829 δὲ
2969 3775 3161 3847 αὔριον
3197 3776 3279 3847 τῷ
3308 3777 3506 3849 Κυρίῳ
3534 3794 3551 3811 ·
3591 3776 3685 3832 καὶ

2101 3861 2273 3931 οὕτως
2301 3866 2409 3932 ἀεὶ,
2437 3864 2498 3921 τὸ
2540 3865 2639 3937 μὲν
2687 3866 2863 3940 παρὸν
2905 3867 2973 3923 δι’
3014 3867 3213 3941 ήδονῆς
3250 3870 3685 3943 ἀφαιρούμενος,

2099 3955 2161 4009 τὺ
2188 3956 2246 4010 δὲ
2277 3958 2471 4029 μέλλον
2507 3962 2630 4026 ταῖς
2656 3960 2869 4016 ἐλπίσιν
2897 3960 3057 4034 ἡμῶν
3103 3963 3453 4036 προσαφιεὶς,
3486 3964 3684 4019 λανθά-

2104 4064 2185 4102 νει
2210 4050 2359 4119 ήμᾶς
2390 4051 2776 4108 ἁποϐουκολῶν
2802 4057 2901 4127 τῆς
2930 4054 3098 4126 ζωῆς.

418 4154 551 4195 sens
584 4152 679 4208 per
714 4134 1048 4206 voluptatem
1079 4129 1332 4203 rapiens,
1367 4144 1431 4185 ac
1469 4128 1717 4186 futurum
1749 4133 1863 4203 spei
1897 4145 2103 4194 nostra:
2173 4141 2515 4214 relinquens,
2573 4145 2782 4202 sensim
2854 4160 2958 4203 nos
3024 4162 3125 4205 nec
3201 4148 3503 4221 opinantes
3579 4149 3689 4205 vita

462 4231 620 4285 rivat.

462 4247 620 4285 rivat.

420 4247 456 4303 Ρ
487 4326 762 4397 Ejusdem,
784 4325 855 4380 De
882 4321 1300 4379 invii—Malus
1321 4329 1406 4378 est
1436 4320 1716 4391 diabolus,
1740 4332 1795 4380 et
1817 4327 1997 4383 omni-

2173 4327 2415 4397 Πονηρὸς
2437 4329 2464 4382 ὁ
2499 4327 2766 4393 διάϐολος,
2786 4327 2881 4384 καὶ
2912 4329 3112 4394 κακίας
3133 4330 3396 4395 παντοίας
3423 4331 3685 4405 δημιουρ-

422 4421 546 4489 geni
568 4420 695 4474 tnali
712 4416 906 4473 artifex
928 4434 941 4484 ;
976 4424 1029 4471 et
1050 4414 1515 4487 quemadmodum
1539 4415 1846 4474 liberalitas
1864 4419 1992 4475 boni

2107 4418 2224 4489 γός’
2258 4419 2353 4472 καὶ
2388 4416 2577 4491 ὥσπερ
2606 4418 2797 4474 ἕπεται
2840 4420 2920 4492 τῷ
2941 4420 3189 4493 ἀγαθῷή
3224 4420 3481 4492 ἀφθονία,
3514 4422 3680 4486 οὕτως

419 4512 768 4567 consectaria
782 4518 887 4575 est,
918 4512 992 4563 ita
1024 4506 1691 4564 ctdiaboluminvidentia
1711 4512 1991 4583 sequitur.

2107 4508 2387 4567 ἀκολουθεῖ
2406 4510 2484 4582 τῷ
2503 4510 2737 4583 διαϐόλῳ
2759 4512 2792 4584 ή
2823 4510 3117 4584 βασκανία.

493 4604 631 4661 Ibid.
668 4602 1085 4658 -—lnvidcnti:e
1131 4601 1242 4656 telo
1281 4614 1311 4653 a
1370 4599 1655 4658 creatione
1700 4604 1891 4659 mundi
1929 4604 1999 4660 ad

337 4734 341 4738 ι
422 4712 597 4770 usque
633 4696 820 4753 saeculi
848 4695 1008 4772 tinem
1057 4706 1249 4747 omnes
1281 4689 1409 4747 ferit
1444 4694 1879 4765 prosternitque,
1909 4696 2001 4753 ille

428 4792 551 4845 vita:
579 4802 778 4844 nostra:
799 4789 1162 4855 interemptor
1184 4782 1457 4851 diabolus,
1488 4794 1794 4858 nostroque
1825 4789 1999 4846 exitio

423 4883 689 4956 gaudens.
717 4880 819 4947 Qui
849 4888 1072 4951 propter
1114 4876 1473 4933 invidentiam
1509 4877 1562 4933 in
1607 4888 1811 4936 terram
1872 4898 1999 4939 cor-

424 4975 555 5039 ruit,
577 4973 765 5027 codcm
799 4986 902 5025 nos
932 4969 1139 5039 disjicit
1173 4968 1304 5023 telo.

494 5067 651 5139 45],
672 5064 919 5135 Ejusdem
936 5064 1076 5117 hom.
1099 5060 1252 5129 Quod
1289 5062 1425 5119 Deus
1447 5080 1552 5119 non
1580 5064 1649 5120 sit
1679 5078 1864 5124 auctor
1889 5086 2003 5125 ma-

427 5160 486 5215 li.
516 5188 585 5199 -—
633 5157 917 5212 Undenam
953 5155 1214 5211 diabolus
1247 5154 1426 5211 malus
1453 5155 1577 5212 est?
1608 5172 1673 5212 ex
1709 5174 1809 5214 sua
1840 5161 2001 5232 plane

423 5252 604 5322 ipsius
623 5249 925 5305 voluntate.
946 5246 1201 5303 Liberam
1220 5247 1368 5303 enim
1399 5247 1740 5306 voluntatem
1764 5251 1999 5321 habens,

427 5344 699 5411 sitamque
740 5341 793 5395 in
848 5355 909 5396 se
956 5346 1306 5410 potestatem,
1372 5339 1459 5395 vel
1509 5341 1824 5399 adhaerendi
1866 5346 2000 5412 Deo,

428 5434 514 5489 vel
542 5447 575 5487 a
610 5434 755 5487 bono
794 5430 1163 5487 desciscendi.
1207 5428 1434 5487 Gabriel
1480 5432 1710 5504 angelus
1756 5446 1898 5505 erat,
1940 5454 2005 5494 ac

430 5525 542 5581 Deo
577 5539 795 5594 semper
821 5524 1037 5587 astitit;
1068 5524 1297 5595 angelus
1325 5533 1445 5580 erat
1475 5522 1737 5593 Satanas,
1769 5536 1825 5584 et
1848 5545 1875 5583 a
1901 5522 2003 5587 suo

427 5614 627 5669 ordine
666 5627 907 5683 prorsus
958 5611 1192 5672 excidit.
1248 5612 1447 5683 Atque,
1501 5621 1563 5668 ttt
1615 5614 1767 5671 illum
1804 5620 2005 5678 mentis

431 5703 682 5761 inductio
706 5704 760 5758 in
794 5702 1055 5775 supernis
1090 5702 1461 5769 conservavit,
1490 5703 1571 5759 sic
1611 5704 1757 5761 hunc
1786 5724 2006 5781 quoque

428 5797 728 5857 voluntatis
763 5798 989 5857 libertas
1035 5797 1369 5872 praecipitem
1409 5813 1438 5854 e
1474 5797 1627 5857 cmlis
1663 5803 2000 5860 exturbavit.

2182 4604 2271 4659 Ἐν
2295 4602 2375 4675 τῷ
2395 4603 2495 4674 τῆς
2554 4604 2858 4676 βασκανὲας
2896 4604 3049 4678 ὅπλῳ
3084 4605 3193 4662 άπὸ
3229 4608 3545 4680 καταϐολῆς
3591 4607 3683 4663 κό·

2101 4712 2265 4767 σμου,
2324 4696 2490 4771 μέχρι
2516 4695 2830 4763 συντελείας
2872 4698 3091 4764 αἰῶνος.
3132 4699 3343 4765 πάντας
3388 4701 3679 4773 τιτρώσκει

2097 4790 2195 4845 καὶ
2223 4790 2553 4844 καταϐάλλει
2579 4792 2607 4845 ό
2640 4791 2860 4859 λυμεὼν
2898 4793 3001 4864 -ῆς
3043 4791 3193 4864 ζωῆς
3222 4794 3383 4865 ήμῶν
3410 4794 3681 4858 διάϐολος,

2100 4883 2195 4937 καὶ
2214 4884 2239 4938 ὸ
2261 4885 2468 4956 χαίρων
2483 4886 2549 4957 τῇ
2575 4884 2844 4959 ἀπωλείᾳ.
2863 4887 2920 4940 ὐ
2948 4886 3277 4941 καταπεσὼν
3308 4889 3400 4943 διὰ
3433 4887 3530 4942 τοῦ
3556 4887 3676 4959 φθό-

2100 4993 2213 5042 νου,
2234 4978 2325 5031 καὶ
2348 4977 2497 5049 ἡμᾶς
2520 4978 2699 5049 ἑαυτῷ
2728 4978 2816 5033 διὰ
2836 4979 2930 5033 τοῦ
2962 4980 3079 5033 ἴσου
3106 4980 3273 5035 ὅπλου
3300 4980 3674 5036 καταϐάλλων.

2172 5070 2345 5125 Πόθεν
2388 5072 2626 5144 πονηρὸς
2648 5068 2983 5151 ὁσδιάϐολοω
3025 5074 3089 5130 ὲκ
3120 5076 3222 5146 τῆς
3250 5074 3464 5141 οἰκείας
3489 5090 3675 5147 προαιο

2105 5163 2333 5236 ρέσεως.
2384 5164 2719 5236 Δύθαίρετον
2760 5165 2869 5238 γὰρ
2896 5165 3035 5237 ἔχων
3089 5167 3191 5239 τὴν
3246 5167 3416 5240 ζωὴν,
3459 5168 3554 5223 καὶ
3592 5166 3674 5221 ἐπ’

2102 5256 2252 5328 αύτῷ
2278 5259 2538 5331 κειμένην
2559 5260 2658 5329 τὴν
2683 5258 2955 5326 ἐξουσίαν,
2983 5260 3017 5333 ἢ
3061 5261 3407 5331 παραμένειν
3434 5260 3512 5332 τῷ
3537 5258 3670 5331 Θεῷ,

2103 5352 2136 5422 ἦ
2167 5352 2597 5424 ἀλλοτριωθῆναι
2641 5352 2734 5407 τοῦ
2770 5352 3000 5423 ἀγαθον,
3042 5353 3285 5427 Γαϐριὴλ
3310 5354 3552 5425 ἄγγελος,
3585 5353 3674 5406 καὶ

2107 5444 2422 5514 παρέστηκε
2464 5443 2543 5516 τῷ
2584 5443 2703 5515 Θεῷ
2744 5445 3011 5517 διηνεκῶς
3036 5486 3050 5510 ,
3088 5446 3119 5499 δ
3152 5446 3399 5511 Σατανᾶς
3424 5446 3671 5515 ἄγγελος.

2106 5535 2200 5589 καλ⁵
2228 5534 2455 5600 ἐξέπεσε
2510 5539 2608 5608 τῆς
2660 5539 2869 5602 οἰκείας
2919 5539 3149 5605 τάξεως.
3190 5540 3460 5593 Κάκεῑνον
3510 5536 3612 5609 μὲν
3641 5538 3674 5605 ή

2107 5628 2426 5698 προαίρεσις
2468 5627 2759 5697 διεφύλαξε
2814 5632 2929 5695 τοῖς
2978 5630 3115 5695 ἀνω,
3163 5629 3259 5684 καὶ
3296 5628 3484 5685 τοῦτον
3543 5645 3670 5683 κατ·

2108 5715 2300 5788 έρῤιψε
2339 5719 2437 5790 τῆς
2495 5718 2720 5792 γνώμης
2752 5719 2813 5773 τὸ
2849 5720 3220 5787 αὐτεξούσιον.
3268 5719 3523 5774 Ἢδύνατο
3568 5717 3670 5788 γὰρ

2108 5811 2357 5875 κάκεῖνος
2419 5811 2743 5885 ἀποστῆναι,
2777 5812 2873 5869 καὶ
2900 5807 3056 5879 οὗτος
3095 5811 3171 5885 μὴ
3202 5812 3455 5868 ἐκπεσεῖν
3486 5826 3500 5843 ·
3544 5809 3668 5880 ὀλλά
