3930 6248
301 330 419 402 1409

1528 314 1762 376 SACRA
1800 311 2242 379 PARALLELA

3384 314 3521 384 1410

297 450 381 506 τὸν
414 444 509 518 μὲν
538 440 832 496 διεσώσατο
884 437 985 508 τῆς
1018 434 1242 505 ἀγάπης
1276 432 1373 486 τοῦ
1400 429 1539 485 Θεοῦ
1569 430 1631 485 τδ
1655 429 1853 502 ἀκόρε-

1977 429 2181 485 )υιει·ει
2211 426 2357 484 enim
2390 426 2446 483 et
2471 424 2563 483 ille
2594 442 2622 481 a
2654 426 2763 483 Dco
2793 426 3129 495 desciscere,
3174 435 3231 485 et
3279 424 3370 486 hic
3414 449 3521 488 non

301 556 434 607 στον,
460 536 548 591 τδν
574 534 631 589 δὲ
660 527 966 604 ἀπόϐλητον
1008 526 1205 592 ἔδειξεν
1240 526 1274 597 ἡ
1304 527 1368 580 ὲκ
1407 522 1542 578 Θεοῦ
1566 520 1854 596 ἀναχώρη-

300 650 399 702 σις.

361 806 526 863 Πόθεν
566 799 661 861 οὖν
692 802 843 874 αὐτῷ
871 803 901 857 6
930 801 1068 875 πρὸς
1112 801 1260 873 ἡμᾶς
1310 799 1547 869 πόλεμος
1572 814 1587 863 ;
1614 797 1737 852 Ὀτι
1770 796 1849 851 δο-

295 904 429 974 χεῖον
454 899 512 954 δν
549 898 736 969 πάσης
788 896 1009 960 κακίας,
1042 893 1262 959 ἐδέξατο
1292 892 1385 947 καὶ
1410 891 1507 946 τοῦ
1533 891 1729 962 φθόνου
1756 890 1856 962 τὴν

296 996 463 1059 νόσον,
497 991 594 1046 καὶ
621 990 923 1062 ἐϐάσκηνεν
952 989 1085 1061 ἡμῖν
1122 988 1221 1058 τῆς
1251 986 1435 1058 τιμῆς.
1462 985 1536 1038 Οὐ
1567 985 1676 1055 γὰρ
1696 983 1859 1055 ἤνεγ-

296 1104 355 1143 κε
385 1088 482 1157 τὴν
509 1085 717 1140 ἄλυπον
770 1082 928 1155 ἡμῶν
987 1081 1131 1153 ζωὴν
1162 1080 1262 1152 τὴν
1297 1081 1353 1133 έν
1377 1078 1454 1149 τῷ
1517 1076 1855 1149 παραδείσῳ,

292 1180 455 1244 δόλοις
469 1177 525 1231 δὲ
538 1178 629 1231 καὶ
657 1174 1047 1248 μηχανήμασιν
1076 1172 1427 1243 ἐξαπατήσας
1443 1168 1533 1223 τὸν
1549 1167 1645 1223 ἄνθ
1657 1182 1857 1240 ρωπον,

294 1273 381 1327 καὶ
408 1268 505 1342 τὴν
536 1266 834 1339 ἐπιθυμίαν
856 1264 1020 1320 αὐτοῦ
1044 1264 1110 1334 ἢν
1142 1263 1299 1334 ἔσχεν
1336 1262 1471 1334 πρὸς
1497 1260 1557 1315 τδ
1590 1258 1860 1330 ὁμοιωθῆ-

292 1381 376 1419 ναι
403 1361 541 1434 Θεῷ,
573 1359 746 1433 ταύτῃ
789 1358 927 1432 πρὸς
982 1357 1082 1429 τὴν
1132 1356 1350 1428 ἀπάτην
1379 1352 1858 1425 ἀποχρησάμενος,

291 1454 453 1521 ἔδειξε
489 1453 551 1509 τδ
584 1451 762 1518 ξύλον,
808 1449 905 1505 καὶ
945 1448 1309 1522 ὲπηγγείλατο
1360 1446 1450 1502 διὰ
1480 1447 1578 1518 τῆς
1604 1445 1861 1518 βρώσεως

292 1547 451 1605 αὐτοῦ
480 1547 669 1619 ὅμοιον
694 1536 814 1616 Θεῷ
854 1542 1243 1616 καταστήσειν.
1298 1540 1436 1595 Ἐὰν
1460 1538 1569 1611 γὰρ
1608 1537 1857 1610 φάγητε,

295 1643 479 1716 φησιν,
511 1641 731 1696 ἔσεσθε
769 1638 850 1705 ὡς
882 1636 1028 1702 θεοὶ,
1087 1634 1491 1705 γινώσκοντες
1526 1632 1721 1687 καλὸν
1761 1629 1863 1686 καί

293 1733 580 1805 πονηρόν.
608 1733 725 1787 Οὐκ
779 1728 973 1802 ἐχθρὸς
1027 1730 1207 1782 τοίνυν
1254 1728 1387 1799 ἡμῖν
1421 1722 1858 1796 κατεσκευάσθη,

1954 520 2206 579 excidere
2241 538 2257 575 :
2294 526 2349 575 at
2381 519 2537 575 illum
2562 520 2782 591 quidem
2816 521 3165 593 inexplebilis
3188 536 3318 594 erga
3351 520 3522 579 Deum

1954 612 2202 669 eharitas
2225 612 2569 669 conservavit
2601 629 2618 680 ς
2650 612 2781 670 huic
2810 627 2939 669 vero
2979 628 3176 672 rursus
3206 614 3450 671 secessio
3492 630 3528 671 ι

1958 705 2068 762 Deo
2099 705 2204 761 hoc
2229 705 2436 771 attulit,
2466 713 2526 760 ut
2554 705 2874 777 ejiceretur.

2027 798 2219 871 Ejusd.
2242 799 2372 854 ibid.
2409 828 2476 840 -—
2497 798 2637 868 Quid
2665 816 2847 856 causa:
2876 800 3046 872 igitur
3075 808 3159 859 est
3187 816 3287 858 cur
3305 801 3529 861 diabolu

1956 891 2071 946 lum
2101 892 2391 949 adversum
2428 906 2532 948 nos
2576 892 2918 963 susceperit?
2962 892 3125 960 Quia,
3171 910 3297 950 eum
3347 896 3531 953 omnis

1957 983 2274 1042 vitiositatis
2318 983 2777 1056 conceptaculum
2851 994 3016 1050 esset,
3069 987 3262 1044 livoris
3309 1002 3534 1059 quoque

1958 1077 2213 1133 morbum
2245 1074 2483 1149 excepit,
2521 1087 2574 1135 et
2619 1086 2869 1135 nostrum
2903 1077 3065 1135 nobis
3096 1078 3359 1136 honorem
3387 1079 3532 1135 inri-

1960 1168 2055 1223 dit.
2097 1167 2284 1241 Neque
2329 1171 2475 1225 enim
2515 1178 2763 1227 nostram
2805 1170 2859 1226 in
2894 1170 3155 1242 paradiso
3189 1174 3358 1227 vitam
3411 1189 3533 1230 mo-

1961 1260 2131 1317 lestiae
2165 1261 2347 1324 omnis
2377 1270 2659 1333 expertem
2706 1261 2854 1319 ferre
2897 1264 3074 1334 potuit
3115 1280 3132 1321 :
3165 1280 3360 1321 verum
3386 1265 3531 1324 dolis

1960 1364 2013 1410 et
2038 1354 2197 1410 malis
2239 1355 2450 1413 artibus
2491 1354 2768 1412 hominem
2826 1356 3135 1413 ludiﬁcatus
3168 1366 3274 1426 est,
3321 1374 3533 1433 suaque
3596 1401 3598 1403 μ

1960 1444 2050 1500 illa
2083 1444 2410 1515 cupiditate,
2437 1463 2544 1517 qua
2576 1445 2690 1504 Deo
2717 1446 2836 1504 ﬁeri
2870 1447 3106 1505 similem
3129 1450 3444 1521 expetebat,
3462 1450 3534 1507 ad

1961 1534 2210 1593 fraudem
2261 1538 2560 1605 ahutcndo,
2603 1538 2810 1612 lignum
2859 1540 3422 1619 monstravitnseqttc
3459 1542 3537 1600 ta-

1962 1635 2182 1683 cturum
2215 1629 2498 1700 pollicitus
2531 1639 2616 1688 est
2667 1641 2746 1696 ut,
2790 1632 2837 1689 si
2878 1647 2945 1689 ex
2982 1648 3050 1690 eo
3084 1633 3295 1704 ederet,
3330 1634 3422 1693 Dei
3458 1636 3538 1694 si-

1964 1719 2333 1777 militudinem
2379 1722 2801 1795 adipisceretur.
2861 1722 2921 1780 Si
2974 1726 3119 1782 enim
3170 1727 3537 1794 .emnederitis.

289 1828 403 1882 ἀλλ’
431 1798 502 1884 Ex
547 1798 894 1899 ζηλοτυπίας
921 1825 1051 1895 ἡμῖν
1086 1822 1166 1886 είς
1217 1820 1417 1891 ἔχθραν
1472 1815 1861 1887 ἀντικατέστη.

1977 1812 2168 1883 inquit,
2220 1814 2371 1870 eritis
2402 1816 2539 1871 sicut
2591 1816 2692 1882 dii,
2726 1817 2949 1872 scientes
2986 1815 3178 1873 bonum
3236 1826 3287 1874 et
3333 1820 3536 1874 malum

301 1921 469 1991 Ὁρῶν
501 1919 611 1992 γάρ
643 1917 837 1972 ἑαυτὸν
864 1917 929 1971 ὲκ
949 1916 1057 1969 τῶν
1104 1912 1352 1983 ἀγγέλων
1418 1908 1703 1981 ριφθέντα,
1758 1908 1860 1961 οὐκ

286 2015 447 2085 ιφερε
467 2012 692 2086 βλέπειν
720 2012 811 2066 τὸν
835 2012 1021 2083 γήϊνον
1060 2017 1139 2073 είς
1158 2007 1258 2077 τὴν
1291 2005 1449 2071 ἀξίαν
1476 2002 1584 2057 τῶν
1614 2001 1862 2071 ἀγγέλων

285 2109 371 2163 διά
425 2105 718 2179 προκοπῆς
770 2104 1166 2175 ἀνυψούμενον.
1227 2098 1448 2170 Ἐπειδὴ
1505 2092 1596 2150 οὖν
1639 2096 1862 2165 γέγονεν

286 2200 475 2274 ἐχθρὸς
510 2200 693 2272 ἡμῶν,
728 2196 997 2268 ἐφύλαξεν
1023 2196 1156 2267 ἡμῖν
1177 2193 1206 2248 6
1229 2190 1359 2255 Θεὸς
1395 2190 1492 2261 τὴν
1524 2188 1661 2260 πρὸς
1697 2186 1862 2241 αὐτὸν

285 2293 629 2358 ἐναντίωσιν,
652 2290 719 2345 δι’
734 2290 803 2363 ἢν
827 2288 906 2359 τῷ
926 2282 1403 2357 ὑπηρετησαμένῳ
1428 2277 1577 2349 αὐτῷ
1592 2275 1861 2345 διελέγετο

284 2386 417 2457 πρὸς
447 2384 617 2439 αὐτὸν
661 2381 757 2457 τὴν
790 2380 1043 2452 ἀπειλὴν,
1077 2378 1158 2432 ὅτι
1192 2377 1459 2446 Ἕχθραν
1508 2372 1674 2438 θήσω
1720 2369 1863 2425 ἁνα-

284 2473 473 2543 μέσον
487 2487 635 2539 σου,
666 2472 764 2527 καὶ
792 2469 1102 2540 ἀναμέσον
1132 2464 1240 2520 τοῦ
1276 2463 1621 2534 σπέρματος
1651 2458 1862 2528 αὐτῆς.

1968 1903 2122 1976 (Gen.
2156 1921 2238 1973 tu,
2275 1907 2352 1981 5).
2396 1906 2667 1975 Quocirca
2714 1924 2823 1965 non
2872 1908 3034 1967 nobis
3070 1909 3247 1968 hostis
3279 1911 3539 1970 conditus

1965 2006 2073 2066 est,
2106 2000 2202 2055 sed
2246 2015 2315 2058 ex
2355 2000 2655 2058 invidentia
2703 2005 2759 2057 In
2802 2001 2989 2058 odium
3044 2003 3217 2060 nostri
3264 2003 3535 2076 prorupit.

1964 2085 2103 2144 Nam
2128 2103 2251 2145 cum
2279 2104 2341 2147 se
2362 2090 2432 2148 ab
2456 2092 2772 2163 angelorum
2803 2090 2980 2148 classe
3005 2092 3243 2161 ejectum
3278 2094 3393 2165 ipse
3415 2108 3543 2150 cer-
3626 2112 3631 2115 λ

1967 2190 2146 2252 neret,
2178 2198 2304 2239 eum
2336 2185 2428 2256 qui
2463 2193 2724 2243 terrenus
2748 2195 2894 2243 esset
2922 2185 2990 2242 ad
3021 2187 3338 2259 angelorum
3367 2186 3550 2258 digni-

1968 2282 2139 2331 tatem
2170 2287 2418 2333 evectum
2448 2279 2637 2336 videre
2670 2294 2778 2336 non
2803 2288 3047 2351 poterat.
3072 2280 3342 2347 Quoniam
3374 2280 3543 2353 igitur

1969 2366 2146 2427 hostis
2190 2381 2382 2429 noster
2418 2371 2648 2431 ell’ectus
2683 2380 2792 2441 est,
2844 2372 3055 2429 idcirco
3090 2373 3235 2430 Deus
3270 2372 3376 2429 hoc
3405 2372 3541 2444 egit,

1973 2468 2033 2516 ut
2059 2462 2180 2534 ejus
2212 2464 2515 2521 adversarii
2546 2480 2834 2533 essemus;
2885 2465 3016 2522 dum
3050 2464 3284 2521 bestiam
3315 2480 3438 2538 qua:
3462 2465 3540 2529 illi

282 2580 504 2638 operam
571 2570 893 2632 navaverat,
922 2556 1331 2624 comminando,
1363 2554 1443 2613 sic
1470 2553 1627 2610 illum
1651 2549 1923 2608 allocutus
1957 2560 2041 2608 est
2085 2567 2100 2607 :
2152 2552 2475 2612 Inimicitias
2541 2573 2735 2627 ponam
2792 2557 2930 2612 inter
2977 2564 3045 2624 te,
3087 2572 3136 2612 et
3188 2558 3323 2613 inter
3370 2574 3542 2615 semen

280 2664 394 2734 ejus
425 2661 601 2735 (Ibid.
632 2661 745 2733 15).

361 2760 592 2832 Ἐπειδὴ
618 2758 839 2829 γέγονεν
868 2756 1183 2827 ἀποστάτης
1200 2754 1228 2808 ὁ
1251 2752 1519 2817 διάϐολος,
1546 2747 1739 2822 ὲχθρδς
1763 2748 1865 2820 μὲν

279 2855 451 2923 Θεοῦ,
482 2852 685 2926 ἐχθρὸς
719 2851 777 2906 δὲ
808 2851 918 2905 τῶν
960 2847 1287 2920 ἀνθρώπων,
1339 2844 1451 2900 τῶν
1502 2842 1625 2898 κατ’
1680 2839 1869 2895 εἰκόνα

275 2947 412 3001 θεοῦ
468 2942 887 3016 γεγενημένων,
943 2940 1032 2995 διά
1080 2939 1239 2994 τοῦτό
1298 2939 1416 2993 ἐστι
1459 2933 1867 3008 μισάνθρωπος-

280 3041 417 3094 διότι
444 3040 550 3093 καλ
581 3036 873 3108 θεομάχος,
900 3034 997 3087 καὶ
1024 3034 1173 3105 μισεί
1197 3032 1346 3103 ἡμᾶς
1375 3028 1450 3094 ὡς
1474 3027 1746 3098 κτίσματα
1771 3021 1866 3078 τοῦ

280 3130 590 3194 Δεσπότου,
634 3127 730 3181 καὶ
762 3125 836 3189 ὡς
865 3123 1134 3214 ὁμοίωμα,
1164 3119 1301 3175 Θεοῦ
1316 3118 1477 3214 ’.καί
1497 3115 1868 3214 συνεχρήσατο
1897 3154 1941 3214 c

281 3219 448 3276 αὐτοῦ
484 3221 564 3291 τῇ
596 3215 829 3288 πονηρίᾳ
853 3214 930 3287 είς
962 3212 1264 3285 γυμνάσιον
1296 3210 1405 3264 τῶν
1453 3208 1740 3282 ἡμετέρων
1763 3206 1870 3277 ψυ-

284 3314 398 3386 χῶν
418 3316 447 3369 6
473 3311 663 3381 σοφῶς
685 3310 780 3364 καὶ
830 3304 1208 3380 προνοητικῶς
1246 3302 1546 3376 οἰκονομῶν
1568 3301 1638 3356 τὰ
1659 3299 1871 3372 ἀνθρῶο

280 3426 434 3474 πινα,
460 3406 665 3476 ὥσπερ
700 3400 884 3474 ἰατρὸς
906 3400 997 3454 τὸν
1022 3399 1121 3470 τῆς
1147 3397 1363 3468 ἐχίδνης
1414 3395 1495 3452 ίὸν
1554 3394 1633 3459 εἰς
1690 3409 1870 3465 σωτη-

284 3500 421 3574 ρίων
480 3495 804 3569 φαρμάκων
846 3490 1192 3563 κατασκευὴν
1245 3484 1873 3560 ἀποχρώμενος.ξΣατᾶν

283 3595 383 3667 μὲν
398 3590 499 3652 οὖν
534 3591 778 3661 λέγεται,
812 3585 903 3643 διὰ
923 3584 985 3640 τὸ
1006 3580 1344 3641 ἀντικεῖσθαι
1366 3580 1443 3653 τῷ
1470 3576 1680 3651 ἀγαθῷ,

349 3884 478 3942 Τῶν
548 3875 1165 3952 ἀγγέλωνὸστασιάσαι
1212 3872 1514 3943 τολμήσας,
1582 3870 1677 3923 καὶ
1730 3867 1870 3937 ὑπὲρ

277 3978 380 4051 τὴν
402 3976 572 4042 ἀξίαν
602 3972 855 4045 ἀρθῆναι,
904 3968 1197 4024 κατέναντι
1236 3964 1443 4035 Κυρίου
1501 3959 1874 4032 παντοκράτο-

282 4086 380 4144 ρος
429 4066 839 4142 τραχηλιάσας,
894 4064 990 4118 καὶ
1023 4059 1164 4133 ὑπὲρ
1186 4057 1255 4112 τά
1277 4056 1414 4128 νέφη
1451 4054 1723 4125 καθέδραν
1749 4054 1872 4106 επι-

277 4164 446 4230 νοῶν,
475 4162 557 4228 ὡς
589 4159 825 4227 ὁθεὸγος,
849 4157 1007 4228 δίκην
1062 4154 1232 4209 ἔδωκε
1262 4150 1365 4221 τῆς
1401 4148 1659 4214 ἀπονοίας
1692 4146 1869 4215 ἀξίαν,

286 4254 487 4319 σκότος
516 4249 639 4307 ἀντὶ
664 4247 844 4320 φωτὸς
876 4241 1015 4300 εἶναι
1047 4238 1429 4314 κατακριθείς.

281 4592 479 4647 ΤΙΤΛ.
502 4589 654 4664 κς
682 4585 820 4664 ῌερξ
870 4583 1235 4664 δυσπιᾳτίας
1268 4596 1281 4611 ·
1307 4579 1439 4664 Λκεέί
1491 4577 1581 4633 ὅτι
1611 4580 1644 4633 ὀ
1667 4576 1871 4664 ἐστ’-εί)-

358 4666 529 4734 λόγφ
574 4653 1239 4728 αἰτίᾳδυσπιστήσας,
1300 4653 1421 4718 Θεῷ
1461 4653 1872 4722 συγγινώσκε-

316 4782 319 4783 ,
357 4752 480 4789 ται.

362 4892 382 4926 ι
412 4868 593 4926 Εῐπεν
620 4870 648 4923 6
679 4866 810 4930 Θεὸς
842 4864 920 4936 τῷ
957 4861 1244 4934 ’Δϐραὰμο
1275 4860 1426 4934 Σάρα
1453 4861 1486 4930 ἡ
1510 4858 1645 4929 γυνὴ
1694 4874 1787 4911 σου
1810 4856 1870 4909 οὐ

283 4964 637 5036 κληθήσεται
659 4959 719 5012 τὸ
751 4958 922 5026 ὄνομα
951 4954 1120 5024 αὐτῆς
1148 4952 1317 5023 Σάρα,
1346 4949 1482 5005 ἀλλά
1505 4950 1692 5019 Σάρρα
1720 4947 1873 5001 ἔσται

278 5057 343 5110 τὸ
378 5056 564 5124 ὖνομα
589 5050 775 5119 αὐτῆς.
817 5047 1112 5118 Εὑλογήσω
1139 5044 1194 5098 δὲ
1218 5043 1409 5113 αὐτὴν,
1465 5042 1559 5095 καὶ
1592 5040 1748 5094 δώσω
1791 5056 1872 5093 σοι

281 5148 343 5213 ἐξ
366 5144 552 5214 αὐτῆς
587 5142 795 5202 τέκνον,
827 5138 921 5190 καὶ
960 5135 1240 5205 εὐλογήσω
1283 5133 1467 5199 αὑτὸν,
1503 5130 1597 5184 καὶ
1617 5130 1767 5183 ἔσται
1794 5130 1873 5193 εἰς

280 5240 474 5304 ἔθνος,
524 5234 617 5289 καὶ
664 5231 903 5304 βασιλεῖς
927 5229 984 5295 ἐξ
1013 5226 1178 5282 αὐτοῦ
1236 5223 1469 5279 ἔσονται.
1518 5221 1627 5275 Καὶ
1675 5220 1872 5275 ἔπεσεν

295 5328 569 5397 Ἀϐραὰμ
626 5324 720 5378 ἐπὶ
780 5322 1095 5394 πράσωπον,
1154 5317 1248 5371 καὶ
1296 5310 1454 5370 εἶπεν
1482 5314 1539 5366 ἐν
1560 5313 1625 5383 τῇ
1668 5311 1875 5387 διανοίᾳ

281 5419 459 5475 αὑτοῦ
482 5418 662 5486 λέγων
687 5434 699 5447 ·
720 5416 783 5469 Ei
811 5414 889 5486 τῷ
915 5413 1310 5475 ἑκατονταετεῖ,
1344 5411 1439 5465 καὶ
1468 5407 1654 5480 Σάρρα
1684 5410 1875 5477 ἐνενή-

283 5530 463 5568 κοντα
511 5510 648 5564 ἑτῶν
681 5506 817 5562 οὖσα
867 5499 1280 5572 τέξεται;Εἶπε
1310 5504 1367 5558 δὲ
1420 5503 1672 5574 Ἀϐραάμ
1736 5504 1873 5573 πρὸς

280 5603 378 5658 τὸν
413 5598 560 5655 Θεόν
586 5616 599 5630 ⁸
643 5598 869 5671 Ἰσμαὴλ
888 5594 1046 5661 οὗτος
1068 5596 1294 5667 ζήσεται
1322 5595 1564 5650 ἐναντίον
1593 5612 1707 5649 σου.
1737 5590 1873 5651 Είπε

283 5695 344 5747 δὲ
392 5696 423 5747 6
458 5689 600 5754 Θεὸς
654 5692 732 5763 τῷ
776 5691 1028 5762 Ἀϐραάμ
1058 5706 1072 5720 ⁶
1130 5689 1263 5743 Ἰδοὺ
1323 5688 1509 5761 Σάρρα
1535 5690 1568 5759 ἡ
1596 5690 1733 5761 γυνή
1778 5706 1873 5743 σου

285 5783 521 5855 τέξεταί
541 5802 618 5840 σοι
649 5785 782 5854 υἱὸν,
810 5784 905 5839 καὶ
927 5782 1173 5848 καλέσεις
1190 5784 1249 5837 τὸ
1268 5782 1439 5853 ὄνομα
1463 5784 1629 5840 αὑτοῦ
1665 5786 1869 5843 Ἰσαάκ.

2043 2741 2277 2797 Ibid.—
2297 2742 2572 2812 Quoniam
2611 2742 2865 2801 diabolus
2895 2744 3097 2802 defecit
3123 2744 3543 2819 rebellavitque,

1972 2848 2035 2891 ac
2067 2849 2191 2891 cum
2217 2834 2339 2905 Dei,
2367 2846 2481 2892 tum
2507 2839 2668 2893 etiam
2695 2837 2999 2906 hominnrn,
3023 2838 3117 2910 qui
3149 2837 3217 2893 ad
3250 2838 3542 2912 imaginem

1977 2926 2067 2983 Dei
2093 2928 2303 2984 conditi
2337 2937 2488 2998 sunt,
2525 2930 2734 2986 hostem
2766 2946 2825 2987 se
2856 2930 3148 3002 professus
3182 2939 3287 2998 est,
3316 2931 3388 2987 ob
3422 2946 3545 2988 eam

1973 3034 2196 3076 causam
2219 3022 2472 3079 homines
2498 3023 2638 3089 odit,
2673 3026 2804 3094 quia
2838 3023 2932 3081 Dei
2961 3039 3186 3097 quoque
3212 3034 3299 3082 est
3327 3025 3542 3095 hostis;

1973 3125 2187 3183 nosque
2212 3127 2314 3170 ceu
2345 3111 2563 3171 Domini
2600 3123 2911 3185 creaturas,
2940 3117 3103 3189 cujus
3140 3127 3195 3175 et
3220 3118 3535 3176 similitudi-

1974 3220 2096 3259 nem
2121 3219 2401 3276 geramus,
2432 3205 2633 3264 infesto
2670 3208 2799 3264 odio
2826 3209 3155 3267 insectatur.
3191 3209 3335 3269 Deus
3356 3228 3545 3284 porro,

1973 3297 2144 3369 utqui
2169 3299 2449 3369 sapienter
2470 3309 2524 3357 et
2547 3302 2773 3373 provide
2796 3318 2886 3360 res
2914 3302 3187 3361 humanas
3207 3303 3543 3375 moderetur,

1971 3389 2039 3445 ad
2090 3389 2407 3447 animorum
2479 3401 2796 3451 nostrorum
2851 3394 3305 3453 exercitationem
3373 3396 3546 3469 ipsius

1973 3480 2252 3552 impietate
2291 3498 2426 3540 usus
2453 3491 2561 3550 est,
2619 3485 2848 3556 perinde
2869 3494 3035 3557 atque
3076 3486 3323 3545 medicus
3343 3489 3547 3562 viperae

1970 3587 2181 3628 veneno
2206 3573 2274 3630 ad
2306 3574 2632 3632 salutarium
2684 3576 3209 3634 medicamentorum
3243 3581 3546 3637 coniectio-

1972 3677 2094 3718 nem
2124 3662 2277 3719 abuti
2312 3664 2472 3723 solet.
2517 3663 2684 3721 Satan
2731 3681 2864 3723 vero
2913 3666 3127 3725 idcirco
3170 3679 3545 3743 nuncupatur,

1970 3751 2118 3824 quod
2150 3753 2294 3810 bono
2321 3756 2639 3813 contrarius
2668 3756 2763 3815 sit.

2039 3867 2099 3927 S.
2126 3867 2341 3944 Gregor.
2377 3870 2520 3928 Naz.
2548 3882 2689 3930 erat.
2716 3874 2794 3931 De
2831 3893 2981 3944 pace.
3013 3908 3081 3920 —
3111 3876 3189 3933 Ex
3222 3881 3542 3953 angelorum

1970 3969 2116 4018 cmtu
2163 3962 2211 4020 is
2259 3962 2350 4035 qui
2381 3965 2714 4022 seditionem
2756 3982 2979 4025 movere
3008 3984 3180 4027 ausus
3218 3969 3340 4039 fuit,
3377 3988 3547 4046 seque

1972 4070 2138 4127 supra
2179 4055 2501 4128 dignitatem
2547 4072 2705 4113 suam
2764 4058 2979 4123 eﬂ‘erre,
3027 4061 3102 4116 ita
3163 4070 3222 4118 ut
3276 4065 3546 4121 adversus

1969 4148 2402 4218 omnipotentem
2454 4146 2747 4204 Dominum
2782 4150 3117 4227 superbiret,
3150 4162 3204 4209 et
3232 4170 3399 4226 supra
3444 4173 3548 4212 nu-

1972 4239 2090 4308 bes,
2123 4249 2181 4296 ut
2230 4239 2310 4295 ait
2352 4238 2661 4312 Scriptura,
2704 4256 2910 4312 ponere
2952 4242 3212 4299 thronum
3254 4247 3544 4318 cogitaret,

1974 4348 2165 4405 poenas
2212 4334 2528 4406 arrogantia
2569 4347 2668 4390 sua
2703 4334 2897 4406 dignas
2927 4334 3109 4403 dedit;
3152 4335 3254 4393 hoc
3287 4340 3545 4397 nimirum

1975 4426 2252 4498 supplicio
2286 4428 2577 4497 multatus,
2601 4424 2663 4483 ut
2694 4443 2793 4499 pro
2825 4428 2946 4485 luce
2972 4429 3152 4503 caligo
3176 4430 3349 4489 ﬁeret.

1974 4585 2337 4661 'l‘l'_l‘._XXVl.
2369 4573 2438 4629 ξ-
2474 4586 2557 4661 De
2579 4588 2991 4661 incredu!ilale;
3029 4596 3079 4643 et
3137 4591 3275 4661 quod
3303 4592 3395 4661 qui
3424 4608 3545 4661 pro.

2050 4658 2213 4712 habili
2246 4673 2310 4713 ex
2339 4674 2502 4713 causa
2526 4658 2636 4715 Deo
2668 4676 2773 4715 non
2804 4658 2987 4714 statim
3045 4658 3234 4727 credit,
3269 4658 3543 4719 ist-eniam

2046 4740 2409 4800 consequatur.

2050 4860 2179 4919 Gen.
2212 4877 2345 4927 xm,
2391 4860 2580 4920 45-19.
2615 4891 2683 4903 —-
2721 4880 2742 4915 ι
2785 4862 2933 4918 Dixit
2972 4861 3241 4921 Dominus
3272 4864 3339 4922 ad
3369 4866 3544 4921 Abra~

1975 4953 2101 5009 ham
2144 4970 2159 5008 :
2196 4952 2331 5009 Sara
2369 4969 2510 5010 uxor
2567 4962 2659 5009 tua
2692 4971 2805 5011 non
2862 4957 3155 5014 vocabitur
3201 4973 3400 5015 nomen
3425 4960 3549 5030 ejus

1976 5044 2136 5111 Sara,
2195 5045 2289 5103 sed
2323 5046 2491 5101 Sarra
2527 5047 2634 5103 erit
2684 5063 2884 5105 nomen
2948 5049 3147 5119 ipsius.
3181 5032 3334 5106 lianc
3360 5062 3545 5108 autem

1974 5137 2316 5204 benedicam,
2351 5146 2405 5195 et
2435 5139 2579 5196 dabo
2616 5140 2713 5196 tibi
2745 5156 2810 5196 ex
2836 5156 2899 5198 ea
2921 5140 3115 5209 lilium,
3147 5149 3200 5197 ct
3231 5141 3546 5200 benedicatu

1978 5230 2160 5297 illum,
2189 5239 2242 5288 et
2270 5232 2375 5287 erit
2405 5231 2460 5288 in
2502 5243 2741 5305 gentem,
2772 5244 2827 5289 et
2860 5248 3019 5306 reges
3073 5250 3139 5291 ex
3189 5234 3311 5307 ipso
3362 5246 3543 5293 erunt.

1977 5322 2043 5377 Et
2096 5323 2299 5380 cecidit
2331 5325 2605 5381 Abraham
2636 5326 2802 5400 552
2831 5328 2887 5383 in
2940 5327 3138 5384 faciem
3171 5344 3353 5397 suam,
3386 5340 3441 5387 et
3469 5332 3550 5389 ait

1978 5415 2033 5472 in
2069 5425 2255 5473 mente
2280 5432 2377 5474 sua
2400 5417 2595 5476 dicens
2623 5439 2637 5475 :
2672 5419 2728 5475 Si
2766 5421 3107 5489 centenario,
3139 5422 3185 5478 si
3220 5423 3382 5480 Sarra
3405 5440 3546 5496 quo-

1976 5525 2085 5583 que
2113 5513 2484 5583 nonagenaria
2518 5515 2737 5583 pariet?
2774 5514 2918 5571 Dixit
2958 5530 3126 5586 porro
3171 5516 3445 5573 Abraham
3478 5520 3545 5574 ad

1980 5601 2149 5657 Deum
2179 5600 2413 5659 :lsmael
2442 5604 2547 5659 iste
2578 5606 2725 5660 vivat
2752 5621 2938 5661 coram
2971 5616 3045 5663 te.
3095 5605 3161 5660 Et
3185 5606 3271 5691 .ait
3302 5606 3449 5663 Deus
3478 5610 3546 5664 ad

1977 5694 2255 5749 Abraham
2289 5710 2303 5747 :
2348 5696 2486 5753 Ecce
2524 5694 2689 5752 Sarra
2721 5713 2862 5753 uxor
2889 5706 2981 5754 tua
3019 5701 3194 5771 pariet
3216 5699 3311 5772 tibi
3347 5699 3543 5764 filium,

1980 5795 2034 5845 et
2062 5788 2287 5845 vocabis
2319 5804 2516 5847 nomen
2548 5791 2667 5861 ejus
2699 5790 2871 5848 Isaac.
2910 5790 2973 5847 Et
3018 5799 3256 5849 statuam
3320 5801 3543 5861 pactum
