4020 6262
512 310 649 381 tua
1130 304 1133 305 ί
1676 316 1738 378 s.
1770 315 2087 379 JOANNIS
2118 287 2550 385 DAMASCENI
3604 316 3713 393 ius

580 432 646 490 11
706 431 847 488 Petr.
902 448 962 497 ιι,
997 432 1049 488 5.
1077 461 1145 471 —
1177 448 1193 482 ι
1230 427 1391 487 Novit
1444 430 1588 486 Deus
1648 432 1767 503 pios
1790 432 1858 488 de
1902 444 2079 489 tcuta-
2108 442 2155 499 Α

2121 442 2155 499 Α
2268 458 2285 491 ι
2327 437 2448 493 Οἵδε
2485 439 2688 513 Κύριος
2713 438 2959 507 εὐσεϐεῖς
2987 440 3051 495 ὲκ
3086 438 3402 516 πειρασμοῦ
3438 440 3656 515 ῥύεσθαι,
3694 465 3708 499 ι

511 528 660 581 tione
689 526 924 596 eripere.
960 544 979 577 ›

582 617 821 690 Didymi.
847 616 1068 674 --—Justi
1091 633 1313 688 quoque
1347 617 1400 672 in
1446 618 1651 676 multas
1682 619 2080 677 tribulationes

2261 622 2370 677 Καὶ
2413 621 2612 677 δίκαιοι
2680 623 2897 690 πολλοῖς
2953 626 3368 699 περιστατικοῖς
3401 625 3715 699 περιπίπτου-

511 713 776 769 incidunt.
802 709 997 766 Verum
1026 728 1085 767 ea
1106 711 1312 783 ﬂagella
1336 727 1441 768 nou
1465 720 1594 768 sunt
1626 730 1641 768 :
1665 712 1791 783 quia
1822 728 1929 768 non
1952 729 2084 785 pro—

2182 728 2301 767 σιν·
2370 712 2507 767 ἀλλὰ
2562 714 2733 769 ταῦτα
2781 716 3049 788 μάστιγες
3097 718 3199 775 οὐκ
3245 718 3421 773 είσίν·
3449 720 3509 774 τὸ
3550 719 3618 793 μή
3663 722 3718 777 δι’

511 816 630 877 pter
666 815 890 877 peccata
924 806 1044 861 illas
1074 805 1287 868 tolerat,
1334 806 1425 877 qui
1464 805 1646 861 virtuti
1676 807 1769 860 dat
1832 820 2079 876 operam.

1676 807 1769 860 dat
1832 820 2079 876 operam.
2183 806 2460 877 ἁμαρτίας
2490 807 2783 880 ὑπομεῖναι
2811 809 2905 865 τὸν
2935 810 3245 868 σπουδαῖον.

705 897 839 983 TiT.
898 896 1472 984 XXlX_.—:De_justis
1505 896 1684 980 :quod
1717 898 1954 969 pretiosa
2005 906 2083 953 est

2182 898 2365 954 TITA.
2410 897 3031 984 ΚΘἏ--ΠρρίριξιᾳΙων
3062 917 3079 933 ⁸
3108 901 3199 984 ὅτι
3222 902 3413 984 τίμιος
3451 903 3600 974 παρὰ
3623 907 3722 959 Iit»

760 972 811 1025 iu
839 980 1117 1040 conspectu
1147 968 1357 1024 Domini
1390 985 1529 1023 mors
1563 969 1830 1038 ipsorum.

1733 986 1830 1023 tm.
2613 968 2727 1040 ρίῳ
2751 973 2784 1026 ὀ
2822 971 3078 1040 θάνατος
3104 968 3320 1029 αὐτῶὶρ.

584 1062 919 1129 Num.xxur,
947 1059 1099 1115 lO.—
1128 1079 1146 1111 ι
1170 1058 1431 1115 Moriatur
1455 1059 1637 1115 anima
1655 1073 1775 1115 mea
1807 1057 1863 1115 in
1896 1058 2082 1115 taber-

2257 1079 2277 1115 ι
2312 1062 2596 1119 Ἀποθὰνοι
2631 1065 2666 1136 ή
2699 1063 2848 1137 ψυχή
2900 1081 3004 1137 μου
3047 1066 3105 1121 ἐν
3138 1068 3364 1139 σκηναῖς
3420 1065 3688 1122 Baetim.)

513 1155 725 1211 tumulis
767 1154 1067 1226 justorum.
1115 1172 1134 1205 ι

586 1249 731 1305 Paul.
762 1264 884 1313 ων,
936 1248 989 1303 5.
1013 1280 1081 1289 —-
1112 1268 1131 1300 ι
1160 1246 1407 1304 Pretiosa
1449 1245 1508 1302 iu
1534 1253 1832 1317 conspectu
1863 1244 2079 1303 Domini

2263 1250 2486 1323 «Τίμιος
2514 1250 2752 1306 ἐναντίον
2781 1249 2990 1324 Κυρίου
3017 1252 3046 1306 ὁ
3068 1250 3299 1317 θάνατος
3322 1251 3433 1308 τῶν
3460 1251 3611 1307 ὁσίων
3643 1256 3733 1310 ati-

510 1360 662 1400 mors
688 1354 1007 1400 sanctorum
1042 1342 1183 1413 ejus.
1226 1362 1244 1395 ι

768 1354 1007 1400 ictorum
1042 1342 1183 1413 ejus.
1226 1362 1244 1395 ι
2182 1343 2301 1399 τοῦ.
2335 1362 2355 1398 ι

573 1436 732 1494 Prov.
762 1455 816 1504 τ,
838 1437 893 1493 7.
922 1468 992 1479 -—
1021 1456 1038 1490 ι
1088 1437 1344 1493 lllemoria
1379 1436 1517 1507 justi
1557 1452 1682 1493 cum
1734 1437 2014 1495 laudibus.
2056 1458 2077 1492 ι

1734 1437 2014 1495 laudibus.
2056 1458 2077 1492 ι
2260 1459 2280 1492 ι
2313 1439 2522 1512 Μνήμή
2552 1438 2778 1495 δικαίων
2808 1440 2927 1511 μετ’
2961 1439 3279 1513 ἐγκωμίων.

582 1531 743 1590 Prov.
772 1548 848 1596 xi,
876 1531 961 1587 lO.
985 1562 1051 1574 —-
1086 1550 1106 1584 ι
1140 1530 1197 1587 ιιι
1222 1531 1691 1604 laudationejusti
1713 1520 2080 1590 delectabun-

2263 1553 2281 1586 ι
2322 1531 2837 1606 Ἐγκωμιαζομένου
2863 1531 3100 1602 δικαίου,
3127 1533 3591 1607 εὐφρανθήσονται
3629 1531 3734 1587 λαοὶ

510 1634 600 1682 tur
630 1626 836 1698 populi.
863 1645 882 1679 ι

863 1645 882 1679 ι
2184 1627 2389 1681 πολλοί.
2416 1646 2436 1680 ι

566 1718 683 1775 Isa.
738 1735 869 1788 LVII,
903 1717 959 1774 2.
999 1747 1071 1761 --
1105 1737 1125 1772 ι
1156 1720 1200 1773 Α
1229 1718 1370 1775 facie
1425 1718 1622 1790 iniusti
1683 1717 1942 1775 sublatus
1995 1725 2082 1775 est

2263 1740 2281 1773 ι
2316 1720 2451 1775 Ἀπὸ
2480 1719 2777 1791 προσώπου
2804 1718 3121 1785 ἀδικοῦντος
3159 1713 3331 1794 ἦρται
3355 1722 3384 1774 δ
3415 1720 3634 1787 δίκαιος,
3652 1718 3735 1775 καὶ

507 1816 731 1885 justus;
767 1823 820 1870 et
848 1812 958 1868 erit
992 1812 1046 1867 in
1078 1827 1214 1883 pace
1241 1812 1523 1883 sepultura
1560 1813 1702 1883 ejus.
1732 1830 1750 1864 ι

1560 1813 1702 1883 ejus.
1732 1830 1750 1864 ι
2115 1808 2162 1872 Β
2189 1810 2339 1867 ἔσται
2363 1812 2420 1866 ὲν
2450 1813 2641 1885 είρήνῃ
2670 1814 2705 1886 ή
2740 1814 2887 1885 ταφὴ
2906 1811 3092 1870 αὐτοῦ.
3124 1832 3142 1867 ι

565 1908 757 1980 Cyritl.
800 1908 894 1963 tib.
927 1922 979 1963 vt
1011 1916 1181 1961 contr.
1227 1904 1345 1961 Jul.
1395 1936 1467 1946 —
1507 1904 1832 1961 Sanctorum
1884 1904 2093 1961 loculos

2261 1905 2524 1975 Τιμῶμεν
2572 1910 2675 1971 τὰς
2732 1906 2844 1961 τῶν
2896 1905 3071 1977 ἁγίων
3132 1907 3328 1980 θήκας,
3372 1906 3471 1962 καὶ
3500 1906 3597 1976 τῆς
3616 1904 3742 1961 οὕτω

511 2006 874 2071 lionoranius,
943 2018 1007 2059 ac
1058 2004 1210 2059 velut
1259 2002 1317 2058 in
1347 2002 1797 2074 praeclarissimas
1857 2001 2089 2060 virtutis

2188 1999 2447 2074 λαμπρᾶς
2474 1998 2652 2054 αὐτῶν
2674 1999 3016 2071 εὐανδρείας,
3046 2001 3300 2075 καθάπερ
3317 2000 3377 2055 ὲν
3402 2000 3555 2069 τάξει
3581 2000 3744 2074 γερῶν

511 2096 1302 2170 ipsorum,magnitudinisque
1332 2095 1498 2151 animi
1532 2095 1820 2165 praemium
1851 2104 1908 2151 et
1936 2108 2087 2151 mer-

2188 2091 2284 2147 καὶ
2316 2092 2686 2165 ἀντιμισθίας,
2734 2092 2836 2164 τήν
2876 2094 3193 2167 ἀμάραντον
3247 2093 3437 2158 αὐτοῖς
3475 2091 3745 2148 κατατιοέο

510 2191 725 2257 cedem,
834 2204 1117 2261 nunquam
1201 2188 1669 2245 intermorientem
1769 2186 2094 2243 memoriam

2192 2200 2344 2256 μενοι
2377 2184 2619 2258 μνήμην.
2659 2184 2925 2258 Τιμῶμεν
2985 2185 3186 2259 ἄνδρας
3244 2185 3438 2257 ἁγίους
3492 2184 3748 2258 τιμῶντας

512 2283 648 2354 ipsis
682 2282 1058 2353 rependimus.
1100 2279 1261 2338 Viros
1286 2289 1511 2337 sanctos
1530 2279 1627 2350 qui
1678 2278 1837 2334 ﬁdem
1891 2291 2083 2333 serva-

2188 2276 2286 2350 τήν
2318 2276 2523 2344 πίστιν,
2557 2276 2653 2332 καὶ
2684 2280 2798 2343 τοῖς
2828 2278 2931 2350 τῆς
2978 2277 3299 2351 εὐανδρείας
3357 2277 3667 2351 αὐχήμασιν
3693 2270 3746 2329 τῦ

510 2383 641 2432 runt
669 2376 1025 2441 bonoramus,
1079 2382 1134 2429 et
1168 2388 1266 2430 eos
1299 2372 1394 2445 qui
1450 2370 1798 2428 fortitudinis
1834 2369 2080 2437 dotibus,

2195 2368 2342 2442 μάλα
2402 2367 2880 2442 κατεστεμμένους
2922 2368 3370 2442 ἀγωνισαμένους
3390 2384 3449 2422 τε
3479 2367 3639 2440 μέχρι
3664 2365 3751 2437 ψυ-

512 2469 659 2525 vclut
687 2468 909 2525 coronis
945 2466 1279 2539 quibusdam
1312 2464 1563 2522 redemiti
1596 2474 1750 2531 sunt,
1774 2464 1981 2537 quique
2012 2462 2083 2520 ad

2186 2461 2287 2534 χῆς
2316 2462 2409 2516 καὶ
2463 2460 2716 2534 αἵματος,
2748 2460 2844 2516 καὶ
2907 2462 3370 2536 μαρτυρήσαντας
3397 2463 3467 2533 τῇ
3489 2460 3625 2533 δόξῃ
3664 2459 3750 2513 τοῦ

507 2573 817 2619 extremum
869 2576 1045 2633 usque
1078 2559 1337 2632 spiritum
1369 2569 1424 2616 et
1459 2557 1780 2629 sanguinem
1848 2555 2083 2611 dimica-

2186 2554 2451 2627 Χριστοῦ,
2515 2554 2609 2609 καὶ
2670 2556 2782 2622 τοῖς
2809 2554 2910 2627 τῆς
2950 2553 3235 2619 εὐσεϐείας
3280 2552 3751 2628 ἀνδραγαθήμασιν

509 2664 673 2723 ruut,
709 2665 765 2712 et
817 2655 1023 2712 Christi
1060 2654 1246 2726 gloriae
1279 2651 1654 2710 testimonium
1690 2650 2071 2717 reddiderunt,

1175 2654 1246 2709 'iae
1279 2651 1654 2710 testimonium
1690 2650 2071 2717 reddiderunt,
2181 2647 2762 2721 ἐκλαμπρυνομένους.

508 2767 779 2823 suumque
804 2765 1000 2807 nomen
1040 2749 1318 2820 praeclaris
1366 2763 1466 2820 pro
1535 2746 1736 2819 pietate
1789 2746 2129 2804 facinoribus
2181 2745 2552 2803 illustrarunt.

574 2846 637 2904 S.
666 2843 835 2902 Basil.
864 2843 919 2897 iu
943 2842 1095 2897 Psal.
1117 2856 1265 2897 xxix.
1299 2870 1367 2882 —
1390 2839 1493 2905 Qui
1524 2838 1785 2912 martyris
1807 2854 1935 2897 ossa
1962 2849 2085 2894 tan-

2265 2862 2325 2918 '0
2358 2862 2635 2935 ἁψάμενος
2696 2862 2898 2917 ὀστέων
2960 2862 3259 2935 μάρτυρος,
3316 2861 3590 2935 λαμϐάνει
3645 2862 3755 2919 τινά

507 2946 608 3018 git,
642 2944 688 2999 is
706 2958 772 2999 ex
802 2956 866 2997 ea
896 2954 1017 3012 qua:
1045 2936 1264 3009 corpori
1298 2936 1501 2993 insidet
1531 2935 1729 3006 gratia,
1762 2933 2078 2991 sanctitatis

2192 2933 2486 3027 μετουσίαν
2520 2953 2792 3026 ἀγιασμοῦ
2820 2957 2885 3009 ὲκ
2918 2933 3018 3027 τῆς
3044 2933 3131 3026 'qu
3147 2933 3375 3027 σώματι
3391 2933 3754 3028 παρεδρευού-

508 3036 798 3109 cujusdam
830 3033 1108 3106 particeps
1138 3029 1401 3087 redditur.
1436 3028 1679 3084 Pretiosa
1703 3039 1778 3083 est
1810 3027 1994 3099 itaque
2028 3027 2081 3081 in

2189 3064 2289 3118 σης
2342 3047 2581 3118 χάριτος.
2631 3047 2826 3117 Τίμιος
2887 3041 2982 3101 οῦν
3013 3045 3295 3101 ἐναντίον
3331 3027 3563 3118 Κυρίου
3583 3027 3633 3104 Ῠό
3664 3045 3756 3105 ϐό·

507 3138 785 3201 conspectu
804 3126 1015 3183 Domini
1038 3140 1180 3197 more
1202 3132 1506 3178 sanctorum
1529 3122 1641 3193 ejus
1660 3121 1833 3193 (Prol.
1851 3135 1976 3186 ειν,
2002 3118 2078 3186 5).

1805 3121 1833 3176 ῐ-
1851 3135 1976 3186 ειν,
2002 3118 2078 3186 5)·
2112 3181 2157 3242 c
2185 3156 2367 3207 γητος
2394 3139 2516 3196 τῶν
2547 3141 2735 3197 ὁσίων
2754 3139 2965 3196 αὐτοῦ.

508 3244 642 3300 ΤΙΤ.
663 3241 841 3323 XXX._
858 3271 932 3282 -—
949 3239 1027 3322 De
1048 3229 1354 3323 discrimine
1384 3236 1478 3323 Dei
1504 3247 1551 3292 et
1564 3237 1841 3323 hominum
1858 3250 1880 3300 ;
1900 3232 2080 3323 quod-

2188 3233 2368 3323 TITA'.
2488 3262 2559 3323 -ξ-
2591 3230 3045 3323 gemetgemet?
3076 3232 3362 3323 Qeoii‘xnl
3384 3234 3759 3323 Λὰδςθρὼπωνς

573 3332 674 3385 que
730 3315 957 3368 multum
988 3312 1199 3367 interest
1242 3318 1478 3379 pedcetne
1522 3307 1718 3380 aliquis
1768 3309 1825 3361 in
1889 3303 2079 3372 Deum,
2262 3305 2361 3386 καὶ
2383 3303 2471 3391 ὅτι
2496 3303 2655 3359 πολὺ
2685 3304 2752 3359 τὸ
2766 3305 2962 3374 μέσον
2985 3304 3134 3360 Θεοῦ
3158 3308 3255 3363 καὶ
3296 3303 3648 3375 ἀνθρώπων,
3670 3304 3759 3360 και

576 3403 646 3441 an
677 3386 731 3442 in
759 3384 1017 3439 homines.
2255 3392 2363 3430 του
2395 3373 2758 3445 αμαρτὰνειν
2775 3377 2864 3443 εις
2898 3374 3070 3444 Θεὸν,
3118 3377 3221 3433 καί
3266 3380 3352 3444 εις
3390 3377 3761 3447 ἀνθρώπους.

578 3506 607 3563 Ι
624 3507 748 3580 Reg.
768 3523 828 3573 ιι,
843 3504 1105 3560 22-25.—
1128 3522 1145 3556 ι
1165 3503 1283 3560 Heli
1308 3511 1489 3558 autem
1513 3516 1679 3559 senex
1696 3509 1815 3557 erat
1837 3500 2014 3564 valde,
2033 3506 2089 3555 et

2260 3508 2279 3542 ι
2318 3488 2437 3544 Ἠλὶ
2462 3488 2833 3562 πρεσϐύτερος
2852 3490 3078 3564 σφόδραο
3112 3490 3212 3547 καὶ
3230 3490 3473 3565 ήκουσεν
3496 3491 3535 3547 ἁ
3553 3489 3762 3547 ἐποίουν

510 3578 723 3655 audivit
781 3612 904 3669 quae
941 3593 1415 3653 facerentliliisui
1451 3593 1577 3650 [iliis
1625 3591 1814 3658 Israel,
1839 3600 1895 3647 et
1949 3591 2087 3647 dixit

2186 3583 2235 3636 oi
2264 3582 2371 3635 υἱοὶ
2397 3580 2584 3649 αὐτοῦ,
2612 3585 2726 3648 τοῖς
2744 3583 2883 3648 υἱοῖς
2916 3582 3139 3658 Ἰσραήλ
3157 3599 3174 3617 ⁸
3213 3584 3310 3639 καὶ
3342 3578 3504 3639 εἶπεν
3562 3585 3761 3648 αὐτοῖς·

507 3696 630 3752 eis:
663 3692 844 3761 Quare
891 3688 1072 3745 facitis
1130 3687 1431 3745 secundum
1509 3685 1734 3741 verbum
1776 3684 1905 3747 hoc,
1940 3682 2086 3754 quod

2189 3675 2310 3731 Ἵνα
2329 3674 2381 3730 τί
2406 3678 2612 3731 ποιεῖτε
2657 3675 2801 3732 κατά
2826 3676 2887 3731 τὸ
2916 3678 3066 3750 ῥῆμα
3094 3677 3276 3744 τοῦτο,
3301 3677 3330 3733 ὃ
3364 3678 3479 3749 ἐγὼ
3501 3678 3688 3734 ἀκούω
3703 3680 3762 3733 ὲκ

506 3801 610 3858 ego
649 3786 813 3842 audio
872 3799 939 3840 ex
973 3797 1068 3838 ore
1124 3780 1306 3837 omnis
1338 3779 1524 3851 populi
1573 3775 1827 3835 Domini?
1874 3773 2083 3846 Nequa-

2186 3766 2454 3839 στόματος
2472 3767 2674 3833 παντὸς
2702 3767 2798 3823 τοῦ
2844 3768 2977 3825 λαοῦ
3003 3770 3215 3845 Κυρίου
3252 3786 3268 3839 ;
3297 3772 3412 3844 Μή,
3449 3772 3627 3827 τέκνα
3649 3787 3665 3802 °
3686 3772 3761 3826 ὅτι

507 3896 699 3953 quam,
732 3878 825 3933 lilii
866 3878 1034 3949 :quia
1082 3890 1192 3930 non
1234 3882 1319 3931 est
1342 3874 1523 3929 bonus
1554 3886 1745 3927 rumor
1780 3884 1940 3940 quem
1982 3882 2081 3940 ego

2183 3861 2282 3953 οὐκ
2311 3860 2489 3933 ἀγαθή
2521 3862 2553 3932 ή
2584 3860 2745 3934 ἀκοή,
2766 3861 2833 3935 ήν
2872 3860 2983 3932 ἐγὼ
3003 3863 3208 3933 ἀκούω,
3245 3864 3340 3920 τοῦ
3370 3864 3448 3937 μὴ
3484 3864 3758 3920 δουλεύειν

507 3952 697 4036 audio,
730 3967 877 4040 quod
918 3984 1025 4024 non
1061 3965 1263 4022 serviat
1288 3964 1525 4036 populus
1546 3962 1673 4017 Deo.
1711 3959 1768 4016 Si
1792 3959 2070 4032 peccando

2182 3952 2311 4009 λαὸν
2340 3953 2476 4026 Θεῷ.
2523 3954 2648 4008 Ἐὰν
2686 3953 3016 4028 ἁμαρτάνων
3048 3955 3348 4031 ἁμαρτήσῃ
3374 3956 3523 4030 ἀνὴρ
3558 3959 3642 4024 είς
3668 3958 3759 4013 ἀνι

509 4064 820 4138 peccaverit
874 4062 960 4118 vir
1008 4063 1064 4117 in
1115 4063 1317 4126 virum,
1364 4068 1419 4116 et
1469 4056 1914 4129 deprecabuntur
1980 4069 2080 4125 pro

2181 4044 2304 4116 δρα,
2332 4043 2430 4097 καὶ
2461 4043 2813 4117 προσεύξεται
2844 4044 2972 4118 περὶ
2997 4044 3165 4101 αὐτοῦ
3189 4044 3328 4120 πρὸς
3382 4047 3599 4122 Κύριον
3636 4066 3651 4082 ο
3670 4050 3761 4104 ἐὰν

511 4158 631 4229 ipso
694 4155 760 4211 ad
798 4155 1011 4209 Deum:
1050 4151 1135 4207 sin
1180 4160 1363 4207 autem
1431 4147 1666 4203 Domino
1739 4143 2082 4218 peccaverit,

2181 4141 2240 4195 δὲ
2265 4141 2342 4215 τῷ
2363 4143 2556 4216 Κυρίῳ
2608 4143 2928 4218 ἁμαρτήσῃ,
2957 4143 3042 4209 τίς
3075 4143 3445 4218 προσεύξεται
3502 4147 3643 4222 περὶ
3666 4146 3758 4203 αὐ-

508 4249 635 4322 quis
660 4248 839 4304 orabit
860 4262 960 4319 pro
994 4245 1131 4301 illo?
1168 4264 1187 4297 ι

784 4248 839 4304 tit
860 4262 960 4319 pro
994 4245 1131 4301 illo?
1168 4264 1187 4297 ι
2181 4233 2317 4303 τοῦ;
2352 4256 2371 4290 ι

579 4338 699 4395 Ιεα.
730 4355 818 4402 ιν,
862 4337 979 4393 6-9.
1012 4368 1083 4379 —
1119 4355 1140 4389 ι
1171 4336 1407 4403 Quaerite
1446 4333 1637 4399 Deum,
1668 4340 1722 4389 et
1773 4345 1897 4388 cum
1929 4328 2084 4386 inve-

2257 4349 2275 4382 ι
2316 4330 2598 4403 Ζητήσατε
2625 4332 2717 4389 τὸν
2737 4332 2888 4403 Θεὸν,
2941 4335 3035 4391 καὶ
3080 4334 3141 4391 ἐν
3162 4334 3238 4408 τῷ
3264 4335 3551 4410 εὑρίσκειν
3574 4336 3756 4404 αὐτὸν,

506 4433 702 4489 ueritis
730 4447 879 4499 eum,
916 4431 1185 4487 invocate.
1213 4420 1515 4501 Postquam
1557 4437 1739 4483 autem
1779 4423 2081 4496 apprOpin-

2180 4425 2601 4481 ἒπικαλέσασθε.
2647 4425 2842 4484 Ἦνίκα
2863 4429 2910 4483 δ’
2950 4428 3015 4484 ἂν
3072 4429 3267 4503 ὲγγίξῃ
3316 4430 3485 4504 ύμῖν,
3537 4432 3758 4489 ἀπολει-

507 4524 757 4596 quaverit
783 4523 963 4587 vobis,
1000 4522 1277 4593 relinquat
1328 4521 1537 4590 impius
1566 4521 1691 4577 vias
1719 4535 1869 4583 suas,
1908 4526 1963 4573 et
1994 4516 2077 4571 vir

2184 4520 2603 4591 πέτωὸἁσεὸής
2638 4523 2737 4589 τὰς
2780 4522 2936 4589 ὁδοὺς
2971 4522 3161 4590 αὐτοῦ,
3217 4523 3314 4580 καὶ
3358 4524 3505 4599 ἀνὴρ
3565 4526 3758 4597 ἄνομος

506 4619 738 4690 iniquus.
771 4617 1003 4673 consilia
1038 4631 1161 4682 sua,
1180 4624 1235 4673 et
1270 4623 1625 4671 convertatur
1662 4614 1727 4672 ad
1762 4612 2053 4669 Dominum

2190 4616 2288 4679 τὰς
2310 4614 2504 4687 βουλὰς
2525 4614 2688 4670 αὐτοῦ
2708 4634 2722 4648 ·
2756 4618 2849 4670 καὶ
2879 4618 3270 4691 ἐπιστραφήτω
3291 4618 3385 4673 ἐπὶ
3408 4609 3643 4694 Κύριον,
3672 4620 3759 4674 καὶ

506 4724 560 4770 et
593 4706 1032 4779 misericordiam
1052 4720 1443 4782 consequetur,
1472 4704 1601 4781 quia
1636 4710 1869 4766 multum
1900 4708 2079 4764 dimit-

2188 4707 2559 4781 ἐλεηθήσεται,
2607 4708 2688 4763 ὄτι
2746 4708 2840 4763 ἐπὶ
2886 4708 3021 4764 πολὺ
3076 4708 3282 4782 ἀφήσει
3334 4710 3437 4777 τὰς
3481 4711 3758 4785 ἁμαρτίας

508 4816 583 4863 tet
611 4814 834 4877 peccata
870 4811 1073 4860 vestra.
1123 4802 1311 4873 Neque
1340 4803 1485 4860 enim
1513 4810 1641 4859 sunt
1690 4804 1833 4859 sicut
1860 4802 1963 4857 via:
1989 4817 2074 4859 ve-

2189 4801 2363 4871 ὑμῶν.
2388 4802 2521 4854 Οὐδὲ
2552 4800 2742 4873 ὥσπερ
2764 4804 2820 4858 αἱ
2848 4802 2956 4857 ὁδοὶ
2983 4800 3160 4874 ὑμῶν,
3190 4804 3247 4858 al
3281 4803 3387 4857 ὁδοί
3437 4820 3547 4874 μου
3567 4831 3591 4871 ,λ
3616 4803 3757 4873 λέγει

508 4909 639 4955 stra:
665 4914 767 4955 νισι
806 4914 959 4964 meae,
989 4898 1128 4953 dicit
1150 4897 1438 4953 Dominus.
1467 4895 1574 4951 Sed
1594 4904 1857 4967 quantum
1898 4896 2072 4951 distat

2188 4892 2414 4966 Κύριος.
2462 4894 2601 4947 Ἀλλ’
2625 4896 2748 4948 ὅσον
2789 4896 2982 4967 ἀπέχει
3010 4898 3038 4951 ὁ
3065 4897 3295 4970 οὐρανὸς
3333 4897 3444 4951 ἀπὸ
3474 4884 3581 4970 τῆς
3634 4896 3754 4969 γῆς.

505 4993 706 5048 cmlum
732 5008 759 5045 a
789 5001 956 5056 terra,
986 4999 1197 5047 tantum
1248 4989 1420 5045 distat
1462 4989 1542 5044 via
1610 5004 1732 5044 mea
1773 5005 1804 5043 a
1841 4990 1944 5044 viis
1984 5004 2077 5044 ve-

2185 4986 2359 5053 οῦτως
2414 4988 2608 5060 ἀπέχει
2638 4989 2805 5061 ήὸδός
2839 5008 2940 5062 μου
2994 4991 3103 5047 ἀπὸ
3149 4990 3258 5045 τῶν
3286 4990 3420 5047 ὁδῶν
3451 4991 3635 5063 ὑμῶν,
3668 4989 3756 5043 καὶ

505 5086 659 5151 stris,
688 5095 741 5141 et
769 5086 1136 5157 cogitationes
1160 5099 1292 5141 mea:
1315 5098 1344 5138 a
1364 5083 1793 5155 cogitationibus
1813 5082 2031 5141 vestris.
2049 5101 2067 5135 ι

1881 5082 2031 5141 stris.
2049 5101 2067 5135 ι
2183 5083 2251 5137 τὰ
2278 5082 2614 5155 διανοήματα
2642 5084 2796 5155 ὑμῶν
2820 5083 2928 5137 ἀπὸ
2952 5082 3049 5154 τῆς
3072 5083 3312 5147 διανοίας
3346 5101 3468 5156 μου.

566 5178 803 5233 Tantum
864 5178 1009 5232 inter
1065 5175 1238 5230 Deum
1294 5185 1350 5231 et
1403 5175 1682 5231 hominem
1718 5174 2070 5230 intervallum

2252 5176 2518 5231 Τοσοῦτον
2548 5177 2609 5231 τὸ
2642 5177 2807 5249 μέσον
2858 5176 2993 5232 Θεοῦ
3027 5177 3121 5233 καὶ
3148 5176 3459 5249 ἀνθρώπου,
3483 5179 3613 5233 ὅσον
3640 5175 3756 5231 οὐδὲ

505 5277 589 5325 est
644 5278 907 5339 quantum
940 5267 1089 5323 nulla
1131 5266 1383 5323 oratione
1404 5265 1639 5337 exprimi
1669 5276 1853 5339 queat.

1528 5265 1639 5323 'imi
1669 5276 1853 5339 queat.
2182 5270 2211 5321 ὸ
2242 5267 2401 5337 λόγος
2427 5272 2774 5343 παραστῆσαι
2805 5270 3115 5337 δυνήσεται.

1104 5423 1420 5512 ΙιζΤΤΙΞΒΛ
1449 5423 1514 5479 Ε.
1871 5461 1875 5466 -

1871 5461 1875 5466 -
2727 5431 2770 5483 Σ
2782 5428 3124 5484 ΊὈΙΧΕῚΟΝ
3146 5430 3208 5485 Ε.

506 5563 641 5620 ἸΙΤ.
679 5564 720 5619 1.
756 5564 827 5619 De
857 5563 1121 5619 mandatis
1175 5563 1289 5629 Dei,
1321 5574 1370 5621 et
1404 5566 1469 5619 iis
1500 5566 1587 5636 qui
1618 5580 1683 5619 ea
1726 5565 2074 5623 custodiunt.

2182 5566 2467 5620 ’l‘ITA.A'.
2509 5564 2742 5634 -Περὶ
2790 5563 3055 5621 ἐντολῶν
3119 5564 3286 5636 Θεοῦ,
3322 5566 3420 5621 καὶ
3474 5563 3598 5620 τῶν
3656 5581 3752 5636 9v-

2655 5640 2997 5691 λαττόντων
3020 5634 3231 5704 αὐτάς.

575 5722 750 5781 Exod.
782 5740 893 5793 xix,
924 5725 977 5782 5.
1000 5728 1051 5781 ϐ.
1096 5757 1161 5768 --
1201 5744 1221 5777 ι
1251 5723 1396 5781 Dixit
1444 5724 1707 5783 Dominus
1737 5743 1753 5784 :
1793 5725 1849 5782 Si
1881 5728 2069 5783 auditu

2266 5748 2285 5781 ι
2324 5724 2457 5781 Eius
2490 5727 2693 5801 Κύριος
2715 5745 2731 5761 ·
2768 5729 2893 5784 Ἐὰν
2924 5730 3063 5801 ἀκοῇ
3110 5728 3401 5800 ἀκούσητε
3424 5728 3527 5799 τῆς
3568 5729 3748 5799 φωνῆς

507 5818 790 5877 audieritis
844 5834 1033 5879 vocem
1090 5836 1299 5888 meam,
1350 5832 1404 5879 et
1436 5821 1814 5880 custodieritis
1844 5830 2067 5893 pactum

2183 5822 2410 5898 Κυρίου,
2438 5823 2529 5879 καὶ
2596 5823 2927 5899 φυλὰξιιισθε⁴
2952 5822 3053 5897 τήν
3096 5822 3372 5899 ’διαθήκην
3399 5821 3747 5898 μουιέσεσθέ
