4020 6262
329 269 464 338 141⁸1

1588 221 1852 346 ΒΑΕΒΑ⁸
1865 277 2211 342 PARALLE
2221 277 2311 338 LA

3460 286 3599 353 1418

327 403 419 458 μοι
473 384 598 450 λαὸς
643 384 959 460 περιούσιος
994 385 1107 441 ἀπὸ
1165 387 1386 441 πάντων
1409 385 1520 442 τῶν
1540 389 1734 447 ἐθνῶν.
1765 393 1885 463 Ἐμὲ

2015 408 2222 459 meum,
2257 391 2415 448 eritis
2452 389 2589 447 milii
2623 391 2860 465 populus
2891 394 3195 467 peculiaris
3240 413 3302 455 ex
3334 403 3595 457 omnibus

319 480 428 550 γάρ
465 479 588 534 ἐστι
616 479 768 534 πᾶσα
791 478 826 551 ἡ
847 480 920 550 γῆ
953 491 969 509 '
1001 477 1161 553 ὑμεῖς
1188 478 1247 532 δὲ
1266 478 1462 533 ἔσεσθέ
1497 496 1590 551 μοι
1628 479 1907 551 βασίλειον

318 573 640 646 ίεράτευμα,
673 571 771 627 καὶ
794 571 950 636 εθνος
984 569 1162 642 ἅγιον.
1202 589 1223 622 ι

386 682 407 718 ε
456 664 585 719 Ἐὰν
615 664 754 736 ἀκοῇ
800 662 1015 738 ἀκούσῃ
1040 663 1141 734 τῆς
1182 662 1370 735 φωνῆς
1401 681 1530 736 μου,
1590 664 1687 720 καὶ
1741 665 1907 738 ποιή-

316 773 418 829 σῃς
445 758 624 811 πάντα
653 755 754 812 ὅσα
781 755 847 811 ἂν
877 757 933 810 εί
939 774 1020 810 πω
1051 773 1135 810 σοι
1159 794 1176 822 ,
1205 755 1490 828 ὲχθρεύσω
1517 759 1634 821 τοῖς
1685 757 1905 831 ἑχθροῐς

316 865 436 918 σου,
466 848 564 904 καὶ
581 847 967 920 ἁντικείσομαι
985 850 1102 914 τοῖς
1120 848 1552 922 ἀντικειμένοις.
1593 867 1617 906 δ

390 1051 412 1086 ι
455 1034 584 1091 Ἐὰν
620 1034 680 1090 ιν
707 1036 822 1100 τοῖς
855 1031 1249 1108 προστάγμασί
1291 1051 1397 1106 μου
1439 1034 1773 1110 πορεύησθε,
1807 1037 1904 1091 καὶ

309 1128 414 1195 τὰς
470 1128 696 1196 ἂντολάς
733 1146 840 1201 μου
894 1129 1271 1203 φυλάσσησθε,
1309 1127 1406 1184 καὶ
1435 1131 1703 1204 ποιήσητε
1736 1132 1898 1198 αὐτὰ,

312 1222 474 1279 δώσω
494 1223 589 1280 τὸν
618 1223 777 1280 ὑετόν
812 1240 918 1295 μου
946 1224 1005 1278 ἑν
1032 1223 1215 1298 καιρῷ
1250 1223 1418 1278 αὐτοῦ
1448 1224 1612 1297 ὑμῖν,
1644 1226 1740 1281 καὶ
1765 1224 1900 1298 ἡ-γῆ

308 1316 475 1371 δώσει
509 1316 578 1371 τὰ
615 1318 936 1389 γεννήματα
951 1315 1148 1388 αὐτῆς,
1184 1317 1280 1371 καὶ
1309 1316 1381 1372 τὰ
1402 1316 1538 1387 ξύλα
1565 1317 1677 1374 τῶν
1700 1318 1900 1374 πεδίων

307 1408 584 1465 ἀποδώσει
603 1409 695 1465 τὸν
711 1408 926 1482 καρπὸν
938 1407 1144 1464 αὐτῶν.
1167 1407 1280 1464 Καὶ
1299 1409 1684 1482 καταλήψεται
1717 1411 1847 1484 ὑμῖν
1871 1413 1900 1466 ὁ

309 1503 541 1574 ἀλοητδς
568 1502 661 1557 τὸν
691 1502 918 1576 σπόρον,
947 1502 1046 1559 καὶ
1070 1501 1314 1574 φάγεσθε
1338 1502 1431 1559 τὸν
1448 1504 1615 1576 ἄρτον
1635 1505 1665 1559 ὑ
1673 1504 1794 1576 μῶν
1817 1505 1898 1570 είς

311 1596 663 1670 πλησμονὴν,
724 1595 1086 1669 κατοικήσετε
1137 1595 1280 1668 μετὰ
1306 1595 1609 1666 ἀσφαλείας
1647 1597 1742 1651 ἐπὶ
1795 1602 1898 1672 τῆς

313 1690 420 1761 γῆς
449 1690 628 1761 ὑμῶν,
693 1688 790 1743 καὶ
834 1687 1380 1761 κοιμηθήσεσθε,καὶ
1418 1688 1520 1744 οὐκ
1545 1688 1703 1745 ἔσται
1749 1690 1896 1762 ὑμᾶς

2013 481 2300 554 gentibus.
2344 480 2463 538 Hea
2496 489 2585 540 est
2631 485 2780 540 enim
2815 487 3000 545 omnis
3026 494 3197 545 terra.
3239 489 3346 549 'c'os
3404 505 3594 551 autem

2010 574 2169 632 eritis
2202 575 2337 631 mihi
2383 577 2570 649 regale
2603 577 3005 645 sacerdotium,
3056 590 3112 638 et
3142 598 3278 654 gens
3307 599 3527 644 sancta.
3568 609 3589 644 ο

2078 667 2256 725 Exod.
2325 686 2486 736 nm,
2517 669 2610 726 22.
2643 702 2713 716 -ι
2745 691 2762 725 ι
2793 671 2850 729 Si
2885 675 3077 730 auditu
3113 677 3357 736 audieris
3401 697 3594 740 vocem

2009 778 2208 830 meam,
2257 771 2313 820 et
2363 762 2565 822 feceris
2603 765 2794 820 omnia
2843 782 3196 842 quaecunque
3226 772 3425 831 dixero
3465 777 3593 845 tibi,

2007 853 2269 911 inimicus
2321 870 2420 912 ero
2473 857 2717 915 inimicis
2741 859 2876 928 tuis,
2911 872 2966 917 et
2994 863 3349 926 adversarius
3375 885 3472 926 cro
3499 872 3596 926 ad-

2006 945 2266 1003 versariis
2291 947 2420 1006 tuis.
2454 968 2475 1002 ι

2073 1038 2239 1113 455
2269 1039 2439 1098 Leuit.
2464 1058 2620 1111 xxvt,
2644 1045 2805 1105 3-12.
2825 1080 2894 1092 —-
2914 1068 2933 1104 ι
2961 1051 3019 1107 Si
3055 1051 3107 1108 in
3136 1057 3425 1128 praeceptis
3452 1063 3590 1116 meis

2006 1133 2458 1204 ambulaveritis,
2502 1146 2559 1195 et
2593 1141 2855 1198 mandata
2905 1161 3025 1203 mea
3065 1150 3483 1221 eustodieritis,
3534 1168 3588 1211 et

2005 1223 2251 1284 feceritis
2284 1242 2384 1296 ea,
2416 1229 2562 1288 dabo
2596 1234 2753 1291 vobis
2785 1235 3000 1307 pluvias
3031 1254 3182 1297 meas
3219 1243 3273 1296 in
3325 1248 3588 1317 tempori-

2004 1320 2107 1376 bus
2165 1322 2317 1389 suis,
2360 1332 2417 1379 et
2459 1334 2607 1381 terra
2649 1328 2803 1384 dabit
2853 1332 3101 1402 germina
3147 1350 3248 1390 sua
3276 1377 3292 1400 ,
3337 1347 3393 1393 et
3443 1339 3586 1411 ligna

2001 1428 2259 1487 agrorum
2313 1417 2544 1474 reddent
2595 1419 2833 1478 fructum
2871 1441 3057 1481 suum.
3108 1427 3175 1482 Et
3215 1433 3589 1503 apprcltetnlet

2000 1509 2157 1566 vobis
2190 1511 2388 1566 tritura
2419 1524 2762 1586 sementem,
2805 1529 2859 1575 et
2901 1523 3203 1580 comedetis
3245 1542 3440 1598 panem
3493 1547 3587 1587 ve—

1999 1610 2178 1660 strum
2214 1605 2268 1662 in
2295 1608 2616 1677 saturitate,
2651 1621 2707 1667 ct
2736 1613 3062 1673 habitabilis
3093 1635 3214 1674 cum
3249 1622 3584 1690 securitate,

1999 1713 2165 1770 super
2193 1709 2398 1757 terram
2435 1715 2721 1774 vestram;
2753 1716 2808 1765 et
2838 1708 3126 1771 dormietis
3150 1756 3165 1780 ,
3217 1723 3272 1772 et
3322 1733 3432 1775 non
3478 1721 3584 1776 erit

304 1781 584 1852 ἐκφοϐῶν.
629 1781 743 1837 Καὶ
794 1780 984 1836 ἁπολῶ
1032 1780 1201 1853 θηρία
1254 1782 1469 1853 πονηρὰ
1523 1780 1591 1835 ἐκ
1643 1781 1748 1854 τῆς
1791 1782 1885 1854 γῆς

2001 1792 2091 1863 qui
2119 1801 2413 1852 exterreat.
2437 1795 2505 1852 Et
2532 1798 2757 1870 perdam
2785 1804 2962 1861 malas
2995 1809 3198 1866 bestias
3226 1814 3292 1866 de
3319 1822 3462 1868 terra
3493 1830 3586 1871 ve-

307 1874 486 1947 ὐμῶν,
516 1874 612 1929 καὶ
632 1873 929 1928 πεσοῦνται
958 1871 1032 1948 [οἱ
1063 1872 1248 1945 ἐχθροὶ
1281 1871 1456 1948 ὑμῶν]
1480 1873 1714 1930 ἐνώπιον
1738 1873 1893 1946 ὑμῶν

305 1969 477 2040 ιρόνῳ,
533 1967 626 2023 καὶ
677 1964 959 2033 διώξονται
1017 1966 1174 2040 ὑμῶν
1208 1965 1372 2022 πέντε
1397 1967 1615 2036 ἑκατὸν,
1639 1966 1736 2024 καὶ
1764 1967 1892 2023 exa-

300 2063 398 2117 τὸν
443 2061 596 2134 ὑμῶν
648 2057 898 2126 διώξουσι
957 2059 1188 2133 μυρίους
1218 2075 1233 2093 ο
1262 2061 1360 2114 καὶ
1392 2059 1686 2115 πεσοῦνται
1721 2063 1772 2116 oi
1799 2062 1892 2133 ἑχ-

301 2155 425 2229 θροὶ
454 2154 608 2227 ὑμῶν
637 2154 872 2210 ἐνώπιον
919 2153 1076 2226 ὑμῶν
1146 2153 1413 2228 μαχαίρᾳ.
1450 2155 1561 2209 Καὶ
1582 2155 1890 2225 ,ἑπισλέψω

300 2248 473 2322 ὑμᾶς,
527 2248 623 2304 καὶ
662 2246 886 2320 αὐξήσω
923 2247 1089 2320 ὑμᾶς,
1150 2248 1250 2302 καὶ
1319 2248 1505 2319 στήσω
1541 2244 1645 2316 τὴν
1695 2247 1888 2322 διαθή-

298 2359 408 2416 κην
434 2359 538 2414 μου
593 2341 712 2414 μεθ’
751 2341 930 2415 ὑμῶν.
986 2339 1379 2412 Καὶ-φάγεσθε
1413 2340 1622 2398 παλαιὰ
1650 2343 1746 2397 καὶ⁵
1783 2359 1890 2399 πα-

297 2433 432 2487 λαιὰ
468 2431 736 2503 παλαιῶν,
792 2432 888 2488 καὶ
926 2431 1137 2489 παλαιὰ
1174 2435 1240 2487 ἐκ
1279 2431 1574 2506 προσώπου
1622 2434 1760 2492 νέων
1796 2433 1886 2501 ἐξ·

295 2526 501 2583 τίσετε.
541 2527 650 2583 Καὶ
680 2527 836 2600 θήσω
871 2526 968 2599 τὴν
1013 2526 1282 2600 διαθήκην
1337 2544 1438 2599 μου
1493 2528 1553 2583 ἐν
1583 2527 1736 2600 ὑμῖν,
1790 2528 1886 2584 καὶ

294 2619 362 2674 οὐ
399 2618 707 2691 βᾱλύξεται
741 2623 777 2694 ή
801 2620 947 2694 ψυχή
979 2637 1082 2695 μου
1110 2621 1278 2694 ὑμᾶς.
1313 2621 1422 2676 Καὶ
1449 2621 1888 2696 ὲμπεριπατήσω

293 2715 361 2766 ὲν
387 2714 651 2784 ὐμῖν,καὶ
676 2714 871 2786 ἔσομαι
910 2714 1065 2786 ὑμῶν
1097 2714 1251 2780 Θεός.
1288 2733 1310 2767 ι

375 2826 396 2860 ι
433 2808 676 2880 Πρόσεχε
722 2808 956 2881 σεαυτῷ,
990 2807 1088 2865 καὶ
1116 2808 1357 2880 φύλαξον
1415 2811 1517 2883 τήν
1569 2812 1755 2887 ψυχήν
1785 2831 1882 2871 σου

295 2901 526 2976 σφόδρα.
556 2903 650 2974 Μὴ
708 2902 946 2978 ἐπιλάθῃ
997 2904 1213 2971 πάντας
1252 2905 1382 2971 τοὺς
1413 2905 1631 2978 λόγους,
1659 2908 1754 2975 ob;
1785 2909 1887 2965 lm-

296 2995 536 3066 ράκασιν
578 2994 850 3067 ὀφθαλμοί
908 3012 1030 3064 σου,
1083 3001 1179 3053 καὶ
1210 2998 1289 3072 μή
1308 2999 1708 3071 ἀποστήτωσαν
1772 3003 1884 3058 ἀπὸ

290 3087 397 3160 τῆς
430 3087 660 3160 καρδίας
689 3103 806 3143 σου.
832 3105 852 3141 ι

2002 1892 2153 1952 stra,
2188 1896 2245 1943 et
2276 1887 2475 1946 cadent
2511 1907 2697 1948 coram
2746 1897 2904 1953 vobis
2947 1897 3161 1957 inimici
3216 1908 3381 1962 vestri
3430 1909 3584 1963 occi-

2001 1976 2194 2044 sione,
2243 1987 2298 2036 ct
2342 1993 2745 2054 persequentur
2788 1989 3034 2062 quinque
3063 1993 3130 2048 de
3160 1996 3366 2054 vestris
3394 2012 3582 2056 cente-

2000 2085 2126 2133 nos,
2146 2079 2202 2128 et
2228 2083 2449 2132 centum
2467 2092 2534 2133 ex
2552 2080 2709 2137 vobis
2734 2095 3142 2156 persequentur
3157 2088 3342 2147 decem
3372 2096 3542 2150 millia
3560 2115 3577 2166 ;

1998 2173 2054 2220 et
2079 2168 2272 2224 cadent
2301 2169 2515 2228 inimici
2545 2175 2713 2231 vestri
2743 2191 2928 2234 coram
2961 2180 3121 2239 vobis
3148 2184 3350 2256 gladio.
3403 2189 3466 2244 Et
3494 2207 3583 2248 re-

1999 2259 2229 2330 spiciam
2254 2279 2374 2331 vos,
2395 2273 2450 2322 et
2469 2281 2720 2326 crescere
2751 2268 2950 2330 iaciam
2976 2291 2992 2344 ;
3022 2286 3076 2333 et
3097 2285 3334 2338 statuam
3357 2296 3578 2358 paetum

1999 2368 2179 2410 meum
2205 2358 2514 2419 vobiscum.
2542 2360 2610 2416 Et
2637 2365 2942 2425 comedetis
2963 2378 3207 2444 vetusta,
3234 2386 3289 2434 et
3318 2384 3579 2440 vetustis-

1996 2447 2138 2503 sima
2173 2458 2423 2508 veterum
2446 2491 2463 2521 ,
2497 2464 2551 2511 et
2581 2464 2769 2513 vetera
2793 2474 2825 2516 a
2854 2460 2994 2518 facie
3019 2479 3287 2523 novorum
3316 2470 3576 2542 ejicietis.

1997 2539 2062 2596 Et
2091 2558 2293 2615 ponam
2329 2555 2546 2618 pactum
2581 2566 2764 2608 meum
2796 2554 2851 2610 in
2887 2556 3072 2625 vobis,
3113 2572 3167 2617 et
3211 2579 3322 2620 non
3346 2539 3576 2625 abomi-

1945 2676 1953 2682 ς
1995 2637 2218 2693 nabitur
2250 2653 2350 2696 vos
2381 2641 2569 2698 anima
2599 2659 2743 2703 mea.
2778 2644 2843 2704 Et
2877 2650 3172 2711 ambulabo
3203 2656 3259 2712 in
3293 2659 3451 2717 vobis
3473 2704 3488 2731 ,
3520 2673 3576 2718 et

1990 2744 2090 2787 ero
2114 2729 2257 2787 Deus
2286 2741 2519 2790 vester.»

2067 2822 2225 2879 Deut.
2258 2841 2338 2891 tv,
2362 2826 2502 2884 9.—
2524 2846 2544 2881 ι
2568 2829 2806 2890 Attende
2833 2833 2931 2892 tibi
2954 2876 2972 2902 ,
3005 2846 3061 2895 et
3088 2842 3306 2899 custodi
3332 2845 3571 2904 animam

1992 2925 2141 2975 tuam
2190 2919 2450 2978 sollicite.
2498 2921 2575 2979 Ne
2619 2923 2968 2984 obliviscaris
2994 2933 3238 2991 omnium
3276 2938 3571 2998 verborum

1990 3027 2112 3083 qua:
2133 3013 2389 3071 viderunt
2410 3016 2556 3072 oculi
2579 3017 2694 3088 tui,
2721 3027 2775 3075 et
2802 3036 2870 3076 ne
2893 3025 3154 3082 excidant
3175 3043 3205 3085 e
3227 3029 3396 3089 corde
3417 3042 3566 3090 tuo.»

373 3200 392 3233 ι
421 3180 710 3237 1Ινυλάττιιιν
731 3181 970 3252 φύλαξαι
999 3181 1099 3248 τὰς
1120 3182 1348 3250 ἐντολὰς
1373 3184 1582 3260 Κυρίου
1613 3185 1710 3243 τοῦ
1737 3187 1876 3244 Θεοῦ

2060 3201 2218 3258 Deut.
2254 3217 2338 3270 vi,
2370 3203 2459 3260 17.
2482 3233 2548 3245 --
2582 3223 2600 3258 ι
2635 3205 3015 3266 Custodiendo
3047 3214 3263 3270 custodi
3298 3171 3569 3293 praecepta

291 3291 425 3343 σου,
455 3274 525 3330 τὰ
561 3273 841 3347 μαρτύρια
895 3275 990 3330 καὶ
1032 3274 1105 3330 τὰ
1140 3276 1488 3350 δικαιώματα
1537 3279 1638 3335 ὅσα
1680 3282 1886 3338 ἐνετεί-

289 3366 428 3422 λατὸ
455 3383 540 3421 σοι

371 3479 393 3515 ι
421 3462 534 3517 Οὐκ
581 3459 854 3527 ἔκκλινείς
906 3459 1078 3534 δεξιᾷ,
1111 3464 1232 3519 ουδὲ
1267 3465 1557 3538 ἀριστερᾷ,
1620 3466 1761 3522 κατὰ
1780 3469 1885 3526 πᾶα

293 3573 398 3612 σαν
419 3556 516 3629 τὶν
535 3554 678 3625 ὁδὸν,
707 3555 776 3628 ἢν
795 3555 1103 3611 ἐνετείλατό
1139 3573 1220 3611 σοι
1245 3559 1274 3611 ὁ
1301 3556 1528 3630 Κύριος.
1553 3577 1575 3611 ι

369 3761 391 3798 ι
438 3744 565 3800 Ἐὰν
592 3743 866 3818 ἀκούσητε
887 3741 1333 3817 τὰ-δικαιὼματά
1383 3763 1486 3818 μου
1537 3745 1732 3814 ταῦτα,
1787 3748 1883 3804 xui.

289 3837 589 3910 φυλάξητε,
621 3839 719 3894 καὶ
750 3839 1044 3911 ποιήσητε,
1103 3840 1422 3914 διαφυλάξει
1455 3842 1665 3917 Κύριος
1695 3847 1724 3898 ὁ
1746 3844 1880 3910 Θεὸς

289 3930 426 4003 ὑμῖν
478 3933 579 4004 τὴν
608 3931 898 4007 διαθήκην,
925 3933 1023 3991 καὶ
1053 3934 1117 3988 τὸ
1165 3934 1336 4004 ἔλεος,
1370 3935 1400 3992 ὃ
1432 3936 1603 4008 ὥρισε
1632 3941 1744 4003 τοῖς
1774 3957 1879 3993 πα·

287 4023 488 4093 τράσιν
515 4021 692 4094 ὑμῶν,
724 4029 820 4078 καὶ
868 4023 1150 4096 ἀγαπήσει
1181 4041 1241 4078 σε
1267 4025 1492 4098 Κύριος,
1523 4027 1618 4082 καὶ
1647 4029 1874 4100 εὐλογή-

291 4134 380 4171 σει
423 4117 496 4172 τὰ
541 4117 740 4187 ἔγγονα
795 4117 897 4191 τῆς
943 4116 1157 4183 κοιλίας
1198 4134 1315 4183 σου,
1348 4119 1456 4184 ,καὶ
1508 4119 1603 4174 τὸν
1659 4120 1876 4193 καρπὸν

285 4208 393 4279 τῆς
418 4209 522 4279 γῆς
549 4225 664 4278 σου,
691 4209 786 4263 καὶ
813 4208 906 4266 τὸν
950 4209 1102 4265 σῖτόν
1132 4225 1251 4276 σου,
1295 4211 1388 4264 καὶ
1443 4210 1534 4265 τὸν
1579 4210 1723 4266 οἶνόν
1755 4230 1874 4280 σου,

291 4306 389 4358 καὶ
412 4306 472 4358 τὸ
498 4303 682 4359 ἰλαιᾶν
706 4321 802 4358 σου
832 4320 845 4333 ·
877 4305 976 4359 καὶ
1005 4303 1300 4376 εὐλογητὸς
1356 4305 1454 4376 ἔσῃ
1515 4305 1668 4379 παρὰ
1698 4307 1874 4362 πάντα

288 4400 360 4452 τὰ
399 4398 549 4469 ἔθνη.
584 4417 604 4452 ι

1989 3291 2207 3348 Domini
2234 3293 2327 3351 Dei
2358 3296 2439 3352 tui
2466 3337 2484 3364 ,
2513 3299 2833 3357 testimonia
2861 3311 2914 3358 et
2937 3302 3399 3379 iustiﬁcationes,
3422 3291 3571 3383 qna!-

1984 3398 2204 3456 cunque
2235 3387 2515 3445 mandavit
2542 3389 2662 3446 tibi.
2694 3410 2716 3445 ι

2055 3475 2217 3533 Deut.
2245 3494 2357 3536 xvu
2379 3522 2396 3549 ,
2425 3481 2596 3537 ιι.-
2621 3503 2640 3536 ι
2671 3482 2788 3541 Non
2814 3485 3120 3547 declinabis
3148 3493 3214 3550 ad
3245 3496 3526 3555 dexteram
3549 3541 3566 3566 ,

1985 3582 2163 3642 neque
2188 3571 2256 3628 ad
2289 3572 2598 3642 sinistram,
2617 3577 2925 3634 secundum
2949 3595 3168 3640 omnem
3199 3586 3369 3655 viam,
3399 3606 3566 3662 quam

1945 3691 1950 3698 -
1985 3666 2232 3739 pmcipit
2261 3666 2360 3724 tibi
2390 3666 2677 3728 Dominus.
2707 3691 2728 3724 ο

2053 3758 2211 3815 Deut.
2245 3777 2353 3828 vtt,
2392 3761 2480 3818 ιι.
2511 3793 2583 3804 -
2616 3780 2636 3817 t
2679 3765 2740 3822 Si
2789 3766 3081 3830 audieritis
3135 3772 3564 3846 justiiicationes

1982 3869 2134 3912 meas
2165 3855 2298 3923 has,
2333 3865 2388 3914 et
2431 3857 2810 3919 custodieritis
2831 3903 2849 3931 ,
2885 3873 2942 3923 et
2971 3865 3254 3938 feceritis,
3287 3875 3562 3932 custodiet

1982 3949 2138 4006 vobis
2158 3948 2426 4008 Dominus
2445 3951 2592 4012 Deus
2611 3966 2834 4028 pactum
2858 3967 2914 4017 et
2935 3959 3374 4022 misericordiam
3396 3983 3561 4039 quam

1982 4045 2316 4116 praescripsit
2361 4048 2611 4118 patribus
2661 4052 2898 4120 vestris,
2944 4055 3218 4128 etdiliget
3265 4067 3321 4114 te
3372 4059 3555 4117 Domi-

1980 4154 2123 4204 nus,
2171 4149 2226 4195 et
2270 4139 2556 4199 benedicet
2603 4142 2752 4202 fetus
2806 4148 3019 4204 ventris
3064 4151 3142 4205 tui
3172 4189 3188 4215 ,
3234 4160 3288 4207 et
3342 4153 3556 4218 fruetus

1981 4243 2138 4289 terrae
2171 4243 2310 4297 tuas,
2339 4245 2394 4290 et
2427 4234 2764 4295 irumentum
2805 4251 2958 4296 tuum
2983 4282 2998 4304 .
3047 4252 3101 4299 et
3146 4245 3333 4300 vinum
3376 4255 3556 4310 tuum.

1975 4335 2028 4381 et
2076 4329 2255 4384 oleum
2311 4337 2508 4386 tuum:
2541 4341 2596 4386 et
2640 4332 2968 4390 benedictus
2999 4335 3114 4392 eris
3161 4353 3326 4410 super
3362 4355 3552 4400 omnes

1976 4429 2184 4492 gentes.
2216 4440 2234 4474 ι

367 4519 388 4553 ι
412 4501 538 4556 Ἐὰν
553 4502 690 4572 ἀκοῇ
708 4498 919 4576 ἀκούσῃ
936 4500 1036 4572 τῆς
1057 4497 1243 4571 φωνῆς
1259 4499 1487 4574 Κυρίου,
1511 4499 1876 4574 εὐλογημένος

2047 4511 2205 4567 Deut.
2242 4529 2434 4582 xxvttt,
2457 4514 2588 4582 3-6,
2614 4517 2668 4584 8,
2698 4517 2791 4586 12,
2819 4520 2988 4577 I5.—
3007 4540 3025 4574 ι
3051 4520 3110 4576 Si
3140 4523 3331 4579 auditu
3362 4528 3550 4584 audie-

289 4594 357 4649 σὺ
387 4595 446 4649 ὲν
465 4591 643 4664 ἀγρῷ.
695 4592 792 4648 καὶ
816 4592 1164 4665 εὐλογημένη
1185 4593 1222 4664 ἡ
1249 4592 1504 4667 ἀποθήκη
1533 4610 1652 4664 σου,
1679 4590 1873 4652 καὶτὰ

289 4686 782 4760 ὲγκαταλείμματά
823 4704 944 4744 σου.
975 4687 1352 4759 Εὐλογημένος
1378 4687 1443 4740 σὺ
1483 4688 1542 4742 ὲν
1576 4688 1655 4760 τῷ
1684 4690 1874 4744 εἰσπο-

289 4775 545 4848 ρεύεσθαι
581 4793 640 4831 σε
660 4792 675 4807 ο
717 4777 1020 4850 ἀποστείλῃ
1038 4776 1244 4850 Κύριος
1273 4777 1367 4832 ἐπὶ
1390 4778 1451 4834 σε
1472 4779 1571 4854 τὴν
1594 4781 1870 4852 εὐλογίαν,

284 4863 348 4923 οὐ
373 4869 467 4923 ἑὰν
504 4869 802 4942 ἐπιϐάλλῃς
832 4870 933 4944 τὴν
961 4871 1122 4942 χεῖρά
1153 4888 1272 4939 σου,
1303 4872 1399 4926 καὶ
1425 4872 1710 4947 εὐλογήσει
1743 4876 1873 4930 πᾶν·

285 4981 355 5018 τα
386 4963 453 5018 τὰ
485 4963 622 5034 ἔργα
679 4964 788 5018 τῶν
841 4964 1046 5036 χειρῶν
1106 4981 1225 5030 σου,
1279 4966 1376 5020 καὶ
1421 4965 1629 5032 δανιεῖς
1689 4967 1868 5024 ἔθνεσι

285 5055 522 5121 πολλοῖς,
555 5058 622 5112 σύ
655 5057 716 5111 δὲ
730 5057 794 5111 οὐ
820 5055 1009 5129 δανιῇ’
1030 5055 1125 5110 καὶ
1166 5057 1353 5129 ἄρξεις
1407 5058 1580 5113 ἐθνῶν
1627 5059 1862 5115 πολλῶν.

282 5152 395 5206 Καὶ
426 5151 760 5224 καταστήσει
777 5167 838 5204 σε
866 5150 1073 5223 Κύριος
1106 5151 1189 5216 είς
1217 5151 1488 5226 κεφαλὴν,
1544 5153 1640 5208 καὶ
1670 5151 1751 5226 μὴ
1786 5155 1866 5219 εἰς

280 5245 471 5318 οὐρὰν,
517 5245 610 5300 καὶ
654 5244 816 5300 δώσει
852 5244 946 5300 τὸν
979 5244 1134 5299 ὑετὸν
1184 5244 1287 5319 τῆς
1323 5246 1428 5320 γῆς
1478 5263 1571 5302 σου
1622 5247 1726 5314 ἕως
1751 5266 1867 5305 και-

281 5338 404 5412 ροῦ.
430 5357 450 5392 ο

359 5463 378 5497 ι
412 5436 550 5499 E‘t'm
581 5441 839 5514 Σαμουὴλ
858 5454 873 5471 ⁸
898 5442 961 5496 Εί
987 5442 1212 5514 θελητδν
1242 5443 1321 5516 τῷ
1345 5445 1536 5518 Κυρίῳ
1567 5446 1864 5503 ὁλοκαυτώ-

279 5552 431 5610 ματα
479 5535 575 5590 καὶ
623 5534 832 5602 θυσίαι,
867 5537 943 5602 ὼς
968 5537 1032 5591 τὸ
1065 5536 1300 5592 ἀκοῦσαι
1368 5539 1554 5612 φωνῆς
1611 5542 1859 5614 κυρίους

289 5630 424 5685 ’1δού
457 5627 596 5702 ἀκοὴ
627 5629 767 5701 ὑπὲρ
797 5629 1012 5686 θυσίαν.
1058 5649 1079 5684 ο

355 5741 380 5780 ι
427 5722 491 5778 Ἦ
525 5723 741 5796 ὑπακοή
783 5739 879 5776 σου
925 5723 1196 5794 ἐπλήθυνε
1243 5743 1309 5797 με
1337 5728 1418 5793 είς
1457 5727 1795 5803 πλατυσμόν.
1831 5751 1852 5785 ι

599 5891 876 5958 Ριτιιοι.
924 5893 1043 5955 Gtt.
1095 5893 1275 5955 XCV.

1975 4606 2053 4662 ris
2088 4621 2274 4663 vocem
2306 4605 2561 4679 Domini,
2591 4610 2918 4669 benedictus
2945 4621 3002 4668 tu
3037 4614 3092 4669 in
3119 4629 3280 4688 agro,
3305 4628 3362 4674 et
3390 4619 3554 4677 bene-

1974 4697 2181 4753 dictum
2214 4700 2468 4757 ltorreutn
2502 4711 2658 4758 tuum
2679 4743 2695 4768 .
2726 4713 2781 4760 et
2808 4705 3112 4764 benedicta:
3145 4708 3394 4780 reliquiae
3425 4719 3559 4778 tute.

1974 4788 2302 4847 Benedictus
2333 4802 2389 4848 tu
2423 4792 2475 4849 in
2519 4794 2894 4866 egrediendo;
2929 4797 3110 4854 mittat
3154 4797 3419 4858 Dominus
3462 4786 3553 4859 sn-

1973 4896 2069 4951 per
2102 4891 2157 4940 te
2183 4884 2623 4943 benedictionem
2644 4927 2660 4954 ,
2697 4888 3014 4961 ubicunque
3044 4891 3301 4962 inieceris
3331 4908 3548 4951 manum

1972 4987 2121 5032 tuam
2151 4995 2165 5047 ;
2195 4987 2253 5035 et
2284 4979 2577 5037 benedicat
2607 4983 2792 5037 omnia
2826 4997 2993 5056 opera
3015 4999 3277 5041 manuum
3308 4995 3556 5043 tuarum.

1970 5081 2023 5126 et
2047 5069 2327 5130 fencrabis
2349 5075 2605 5146 gentibus
2635 5076 2824 5134 multis
2850 5119 2868 5152 ,
2908 5087 2964 5134 et
2996 5079 3112 5150 ipse
3142 5095 3172 5133 a
3205 5081 3358 5135 nullo
3391 5082 3555 5139 fenus

1971 5168 2211 5238 accipies
2238 5187 2253 5238 ;
2283 5179 2340 5225 et
2371 5169 2748 5228 dominaberis
2777 5173 3034 5246 gentibus
3062 5176 3274 5232 multis.
3321 5176 3386 5230 Et
3417 5194 3561 5236 con-

1968 5264 2163 5320 stituet
2199 5272 2252 5320 te
2285 5264 2553 5322 Dominus
2592 5267 2646 5322 in
2683 5281 2886 5339 caput,
2936 5277 2991 5325 et
3023 5286 3133 5326 non
3187 5271 3240 5326 in
3290 5273 3556 5328 caudaru-

1967 5357 2031 5413 Et
2060 5358 2216 5415 dabit
2245 5359 2475 5415 imbrem
2505 5367 2665 5416 terrae
2689 5364 2744 5417 in
2780 5372 3024 5435 tempore
3065 5378 3189 5420 suo.
3225 5383 3245 5417 ι
3282 5425 3284 5427 _

2036 5450 2066 5508 1
2094 5451 2222 5525 Reg.
2255 5469 2342 5518 xv,
2370 5453 2546 5508 21—
2570 5475 2589 5508 ι
2621 5454 2767 5512 Dixit
2791 5458 3043 5516 Samuel:
3070 5457 3327 5531 hunqnid
3357 5460 3544 5520 Domto

1964 5562 2071 5602 nus
2101 5547 2221 5602 vult
2254 5546 2579 5605 holocausta
2608 5560 2664 5606 et
2696 5549 2986 5620 victimas,
3029 5553 3174 5607 sicut
3208 5556 3402 5610 audire
3441 5568 3537 5610 vo-

1961 5656 2080 5701 cem
2108 5644 2323 5701 Domini
2344 5644 2367 5700 ?
2389 5643 2518 5701 Ecce
2555 5647 2865 5705 obedientia
2891 5663 3058 5719 supra
3087 5648 3364 5704 victimam
3398 5657 3534 5706 061.:

2034 5731 2098 5790 ΙΙ
2132 5733 2261 5804 Reg.
2295 5752 2405 5792 χιιι
2429 5775 2443 5800 ,
2474 5736 2575 5791 θον
2606 5767 2672 5778 --
2699 5758 2719 5791 ι
2750 5736 3074 5796 Obedientia
3122 5747 3218 5795 tua
3268 5738 3537 5813 multiplio

1961 5831 2106 5888 cavit
2134 5847 2219 5886 tne
2254 5832 2309 5888 in
2340 5832 2707 5891 latitudinem.
2737 5854 2756 5888 ι

3135 5907 3209 5970 45
