  <div class='ocr_page' id='page_1' title='image "/cluster/home/n/w/nwhite01/storage/ocr_20150623/95/hvd.32044073502106/715.png"; bbox 0 0 4020 6262; ppageno 0'>
   <div class='ocr_carea' id='block_1_1' title="bbox 515 292 644 360">
    <p class='ocr_par' dir='ltr' id='par_1_1' title="bbox 515 292 644 360">
     <span class='ocr_line' id='line_1_1' title="bbox 515 292 644 360; baseline -0.023 0"><span class='ocrx_word' id='word_1_1' title='bbox 515 292 644 360; x_wconf 74' lang='grc' dir='ltr'><strong>ιιιο</strong></span> 
     </span>
    </p>
   </div>
   <div class='ocr_carea' id='block_1_2' title="bbox 1686 288 2573 354">
    <p class='ocr_par' dir='ltr' id='par_1_2' title="bbox 1686 288 2573 354">
     <span class='ocr_line' id='line_1_2' title="bbox 1686 288 2573 354; baseline 0 -2"><span class='ocrx_word' id='word_1_2' title='bbox 1686 289 1748 353; x_wconf 82' lang='grc'><strong>8.</strong></span> <span class='ocrx_word' id='word_1_3' title='bbox 1787 289 2104 354; x_wconf 79' lang='lat' dir='ltr'><strong>JOA&#39;NNIS</strong></span> <span class='ocrx_word' id='word_1_4' title='bbox 2139 288 2573 354; x_wconf 75' lang='lat' dir='ltr'><strong>DAMASCENI</strong></span> 
     </span>
    </p>
   </div>
   <div class='ocr_carea' id='block_1_3' title="bbox 3618 293 3729 361">
    <p class='ocr_par' dir='ltr' id='par_1_3' title="bbox 3618 293 3729 361">
     <span class='ocr_line' id='line_1_3' title="bbox 3618 293 3729 361; baseline -0.018 -1"><span class='ocrx_word' id='word_1_5' title='bbox 3618 293 3729 361; x_wconf 71' lang='grc'><strong>1420</strong></span> 
     </span>
    </p>
   </div>
   <div class='ocr_carea' id='block_1_4' title="bbox 577 401 2074 481">
    <p class='ocr_par' dir='ltr' id='par_1_4' title="bbox 577 401 2074 474">
     <span class='ocr_line' id='line_1_4' title="bbox 577 401 2074 474; baseline -0.005 -9"><span class='ocrx_word' id='word_1_6' title='bbox 577 406 676 465; x_wconf 80' lang='lat' dir='ltr'><strong>Job</strong></span> <span class='ocrx_word' id='word_1_7' title='bbox 713 418 888 471; x_wconf 79' lang='lat' dir='ltr'><strong>mn,</strong></span> <span class='ocrx_word' id='word_1_8' title='bbox 929 401 1108 460; x_wconf 77' lang='lat' dir='ltr'><strong>H.~-—</strong></span> <span class='ocrx_word' id='word_1_9' title='bbox 1156 422 1175 457; x_wconf 81' lang='grc' dir='ltr'><strong>ι</strong></span> <span class='ocrx_word' id='word_1_10' title='bbox 1205 402 1335 460; x_wconf 81' lang='lat' dir='ltr'><strong>Vias</strong></span> <span class='ocrx_word' id='word_1_11' title='bbox 1386 402 1503 474; x_wconf 79' lang='lat' dir='ltr'><strong>ejus</strong></span> <span class='ocrx_word' id='word_1_12' title='bbox 1545 403 1852 469; x_wconf 80' lang='lat' dir='ltr'><strong>custodiri,</strong></span> <span class='ocrx_word' id='word_1_13' title='bbox 1884 410 1938 460; x_wconf 88' lang='lat' dir='ltr'><strong>et</strong></span> <span class='ocrx_word' id='word_1_14' title='bbox 1972 418 2074 459; x_wconf 88' lang='lat' dir='ltr'><strong>non</strong></span> 
     </span>
    </p>
   </div>
   <div class='ocr_carea' id='block_1_5' title="bbox 2188 401 3729 481">
    <p class='ocr_par' dir='ltr' id='par_1_5' title="bbox 2259 401 3729 481">
     <span class='ocr_line' id='line_1_5' title="bbox 2259 401 3729 481; baseline 0.006 -25"><span class='ocrx_word' id='word_1_15' title='bbox 2259 420 2279 456; x_wconf 76' lang='grc' dir='ltr'><strong>ε</strong></span> <span class='ocrx_word' id='word_1_16' title='bbox 2328 402 2514 468; x_wconf 80' lang='grc' dir='ltr'><strong>Ὁδοὺς</strong></span> <span class='ocrx_word' id='word_1_17' title='bbox 2557 401 2723 459; x_wconf 70' lang='grc' dir='ltr'>αὑτοῦ</span> <span class='ocrx_word' id='word_1_18' title='bbox 2774 402 3041 475; x_wconf 73' lang='grc' dir='ltr'>ἐφύλαξα,</span> <span class='ocrx_word' id='word_1_19' title='bbox 3066 410 3170 463; x_wconf 79' lang='grc' dir='ltr'>καὶ</span> <span class='ocrx_word' id='word_1_20' title='bbox 3195 405 3259 460; x_wconf 87' lang='grc' dir='ltr'>ού</span> <span class='ocrx_word' id='word_1_21' title='bbox 3289 404 3368 481; x_wconf 75' lang='grc' dir='ltr'><strong>μὴ</strong></span> <span class='ocrx_word' id='word_1_22' title='bbox 3389 406 3607 465; x_wconf 74' lang='grc' dir='ltr'>ἐκκλίνω</span> <span class='ocrx_word' id='word_1_23' title='bbox 3642 411 3729 465; x_wconf 74' lang='grc' dir='ltr'><strong>ἀπὸ</strong></span> 
     </span>
    </p>
   </div>
   <div class='ocr_carea' id='block_1_6' title="bbox 507 496 1774 568">
    <p class='ocr_par' dir='ltr' id='par_1_6' title="bbox 507 496 1774 568">
     <span class='ocr_line' id='line_1_6' title="bbox 507 496 1774 568; baseline -0.008 -10"><span class='ocrx_word' id='word_1_24' title='bbox 507 498 794 558; x_wconf 65' lang='lat' dir='ltr'><strong>declinatio</strong></span> <span class='ocrx_word' id='word_1_25' title='bbox 824 510 855 551; x_wconf 90' lang='lat' dir='ltr'><strong>a</strong></span> <span class='ocrx_word' id='word_1_26' title='bbox 887 496 1166 553; x_wconf 97' lang='lat' dir='ltr'><strong>mandatis</strong></span> <span class='ocrx_word' id='word_1_27' title='bbox 1197 496 1321 568; x_wconf 84' lang='lat' dir='ltr'><strong>ejus</strong></span> <span class='ocrx_word' id='word_1_28' title='bbox 1341 538 1356 564; x_wconf 92' lang='lat'><strong>,</strong></span> <span class='ocrx_word' id='word_1_29' title='bbox 1396 512 1464 553; x_wconf 92' lang='lat' dir='ltr'><strong>ne</strong></span> <span class='ocrx_word' id='word_1_30' title='bbox 1494 496 1721 552; x_wconf 88' lang='lat' dir='ltr'><strong>moriar.</strong></span> <span class='ocrx_word' id='word_1_31' title='bbox 1756 516 1774 548; x_wconf 75' lang='grc' dir='ltr'><strong>ι</strong></span> 
     </span>
    </p>
   </div>
   <div class='ocr_carea' id='block_1_7' title="bbox 567 587 2076 655">
    <p class='ocr_par' dir='ltr' id='par_1_7' title="bbox 567 587 2076 655">
     <span class='ocr_line' id='line_1_7' title="bbox 567 587 2076 655; baseline -0.005 -9"><span class='ocrx_word' id='word_1_32' title='bbox 567 591 670 647; x_wconf 79' lang='lat' dir='ltr'><strong>Job</strong></span> <span class='ocrx_word' id='word_1_33' title='bbox 707 606 909 655; x_wconf 77' lang='lat' dir='ltr'><strong>xxxvi,</strong></span> <span class='ocrx_word' id='word_1_34' title='bbox 944 589 1032 645; x_wconf 79' lang='lat' dir='ltr'><strong>ll.</strong></span> <span class='ocrx_word' id='word_1_35' title='bbox 1069 619 1136 631; x_wconf 85' lang='lat'><strong>-—</strong></span> <span class='ocrx_word' id='word_1_36' title='bbox 1176 608 1197 643; x_wconf 82' lang='lat' dir='ltr'><strong>r</strong></span> <span class='ocrx_word' id='word_1_37' title='bbox 1226 589 1284 645; x_wconf 87' lang='lat' dir='ltr'><strong>Si</strong></span> <span class='ocrx_word' id='word_1_38' title='bbox 1321 587 1635 653; x_wconf 87' lang='lat' dir='ltr'><strong>audierint,</strong></span> <span class='ocrx_word' id='word_1_39' title='bbox 1666 596 1718 645; x_wconf 87' lang='lat' dir='ltr'><strong>et</strong></span> <span class='ocrx_word' id='word_1_40' title='bbox 1751 587 2076 650; x_wconf 75' lang='lat' dir='ltr'><strong>servierint,</strong></span> 
     </span>
    </p>
   </div>
   <div class='ocr_carea' id='block_1_8' title="bbox 505 678 2079 755">
    <p class='ocr_par' dir='ltr' id='par_1_8' title="bbox 505 678 2079 755">
     <span class='ocr_line' id='line_1_8' title="bbox 505 678 2079 755; baseline -0.004 -16"><span class='ocrx_word' id='word_1_41' title='bbox 505 681 789 755; x_wconf 81' lang='lat' dir='ltr'><strong>perficient</strong></span> <span class='ocrx_word' id='word_1_42' title='bbox 817 680 935 738; x_wconf 90' lang='lat' dir='ltr'><strong>dies</strong></span> <span class='ocrx_word' id='word_1_43' title='bbox 966 694 1098 737; x_wconf 86' lang='lat' dir='ltr'><strong>suos</strong></span> <span class='ocrx_word' id='word_1_44' title='bbox 1126 679 1182 735; x_wconf 89' lang='lat' dir='ltr'><strong>in</strong></span> <span class='ocrx_word' id='word_1_45' title='bbox 1208 680 1370 737; x_wconf 85' lang='lat' dir='ltr'><strong>bonis</strong></span> <span class='ocrx_word' id='word_1_46' title='bbox 1392 721 1405 747; x_wconf 94' lang='lat'><strong>,</strong></span> <span class='ocrx_word' id='word_1_47' title='bbox 1439 687 1493 734; x_wconf 90' lang='lat' dir='ltr'><strong>et</strong></span> <span class='ocrx_word' id='word_1_48' title='bbox 1527 694 1703 736; x_wconf 87' lang='lat' dir='ltr'><strong>annos</strong></span> <span class='ocrx_word' id='word_1_49' title='bbox 1736 694 1868 736; x_wconf 87' lang='lat' dir='ltr'><strong>suos</strong></span> <span class='ocrx_word' id='word_1_50' title='bbox 1898 678 1951 734; x_wconf 91' lang='lat' dir='ltr'><strong>in</strong></span> <span class='ocrx_word' id='word_1_51' title='bbox 1987 678 2079 735; x_wconf 78' lang='lat' dir='ltr'><strong>de-</strong></span> 
     </span>
    </p>
   </div>
   <div class='ocr_carea' id='block_1_9' title="bbox 505 786 703 828">
    <p class='ocr_par' dir='ltr' id='par_1_9' title="bbox 505 786 703 828">
     <span class='ocr_line' id='line_1_9' title="bbox 505 786 703 828; baseline -0.015 0"><span class='ocrx_word' id='word_1_52' title='bbox 505 786 647 828; x_wconf 87' lang='lat' dir='ltr'><strong>core.</strong></span> <span class='ocrx_word' id='word_1_53' title='bbox 682 789 703 825; x_wconf 72' lang='grc' dir='ltr'><strong>ι</strong></span> 
     </span>
    </p>
   </div>
   <div class='ocr_carea' id='block_1_10' title="bbox 570 868 2065 942">
    <p class='ocr_par' dir='ltr' id='par_1_10' title="bbox 570 868 2065 942">
     <span class='ocr_line' id='line_1_10' title="bbox 570 868 2065 942; baseline -0.005 -12"><span class='ocrx_word' id='word_1_54' title='bbox 570 874 722 930; x_wconf 83' lang='lat' dir='ltr'><strong>Psal.</strong></span> <span class='ocrx_word' id='word_1_55' title='bbox 757 890 889 930; x_wconf 80' lang='grc' dir='ltr'><strong>ινιιι</strong></span> <span class='ocrx_word' id='word_1_56' title='bbox 913 915 926 941; x_wconf 89' lang='grc'><strong>,</strong></span> <span class='ocrx_word' id='word_1_57' title='bbox 956 873 1011 929; x_wconf 86' lang='lat'><strong>9.</strong></span> <span class='ocrx_word' id='word_1_58' title='bbox 1037 902 1095 913; x_wconf 92' lang='lat'><strong>—-</strong></span> <span class='ocrx_word' id='word_1_59' title='bbox 1135 890 1153 925; x_wconf 86' lang='grc' dir='ltr'><strong>ι</strong></span> <span class='ocrx_word' id='word_1_60' title='bbox 1183 869 1521 942; x_wconf 70' lang='lat' dir='ltr'><strong>Praeceptum</strong></span> <span class='ocrx_word' id='word_1_61' title='bbox 1553 868 1768 925; x_wconf 85' lang='lat' dir='ltr'><strong>Domini</strong></span> <span class='ocrx_word' id='word_1_62' title='bbox 1802 868 2065 937; x_wconf 83' lang='lat' dir='ltr'><strong>lucidum,</strong></span> 
     </span>
    </p>
   </div>
   <div class='ocr_carea' id='block_1_11' title="bbox 500 966 1200 1023">
    <p class='ocr_par' dir='ltr' id='par_1_11' title="bbox 500 966 1200 1023">
     <span class='ocr_line' id='line_1_11' title="bbox 500 966 1200 1023; baseline -0.007 -1"><span class='ocrx_word' id='word_1_63' title='bbox 500 973 554 1022; x_wconf 88' lang='lat' dir='ltr'><strong>ct</strong></span> <span class='ocrx_word' id='word_1_64' title='bbox 582 967 903 1023; x_wconf 88' lang='lat' dir='ltr'><strong>illuminans</strong></span> <span class='ocrx_word' id='word_1_65' title='bbox 932 966 1147 1021; x_wconf 88' lang='lat' dir='ltr'><strong>oculos.</strong></span> <span class='ocrx_word' id='word_1_66' title='bbox 1181 984 1200 1017; x_wconf 75' lang='grc' dir='ltr'><strong>ι</strong></span> 
     </span>
    </p>
   </div>
   <div class='ocr_carea' id='block_1_12' title="bbox 575 1055 2079 1129">
    <p class='ocr_par' dir='ltr' id='par_1_12' title="bbox 575 1055 2079 1129">
     <span class='ocr_line' id='line_1_12' title="bbox 575 1055 2079 1129; baseline -0.003 -15"><span class='ocrx_word' id='word_1_67' title='bbox 575 1059 726 1117; x_wconf 71' lang='lat' dir='ltr'><strong>Prol.</strong></span> <span class='ocrx_word' id='word_1_68' title='bbox 755 1074 867 1126; x_wconf 87' lang='lat' dir='ltr'><strong>cn,</strong></span> <span class='ocrx_word' id='word_1_69' title='bbox 901 1059 986 1115; x_wconf 86' lang='lat' dir='ltr'><strong>l7.</strong></span> <span class='ocrx_word' id='word_1_70' title='bbox 1016 1088 1085 1098; x_wconf 94' lang='lat'>—</span> <span class='ocrx_word' id='word_1_71' title='bbox 1122 1077 1139 1110; x_wconf 80' lang='grc' dir='ltr'><strong>ι</strong></span> <span class='ocrx_word' id='word_1_72' title='bbox 1170 1057 1233 1113; x_wconf 83' lang='lat' dir='ltr'><strong>Et</strong></span> <span class='ocrx_word' id='word_1_73' title='bbox 1275 1056 1491 1129; x_wconf 69' lang='lat' dir='ltr'><strong>Justitta</strong></span> <span class='ocrx_word' id='word_1_74' title='bbox 1543 1056 1692 1113; x_wconf 85' lang='lat' dir='ltr'><strong>illius</strong></span> <span class='ocrx_word' id='word_1_75' title='bbox 1722 1056 1777 1112; x_wconf 89' lang='lat' dir='ltr'><strong>in</strong></span> <span class='ocrx_word' id='word_1_76' title='bbox 1811 1055 1951 1112; x_wconf 79' lang='lat' dir='ltr'><strong>filios</strong></span> <span class='ocrx_word' id='word_1_77' title='bbox 1980 1056 2079 1111; x_wconf 89' lang='lat' dir='ltr'><strong>ho-</strong></span> 
     </span>
    </p>
   </div>
   <div class='ocr_carea' id='block_1_13' title="bbox 503 1149 1895 1223">
    <p class='ocr_par' dir='ltr' id='par_1_13' title="bbox 503 1149 1895 1223">
     <span class='ocr_line' id='line_1_13' title="bbox 503 1149 1895 1223; baseline -0.007 -12"><span class='ocrx_word' id='word_1_78' title='bbox 503 1152 749 1221; x_wconf 81' lang='lat' dir='ltr'><strong>minum,</strong></span> <span class='ocrx_word' id='word_1_79' title='bbox 778 1152 867 1208; x_wconf 85' lang='lat' dir='ltr'><strong>his</strong></span> <span class='ocrx_word' id='word_1_80' title='bbox 897 1153 989 1223; x_wconf 94' lang='lat' dir='ltr'><strong>qui</strong></span> <span class='ocrx_word' id='word_1_81' title='bbox 1023 1162 1243 1208; x_wconf 88' lang='lat' dir='ltr'><strong>servant</strong></span> <span class='ocrx_word' id='word_1_82' title='bbox 1272 1157 1665 1208; x_wconf 69' lang='lat' dir='ltr'><strong>testamentum</strong></span> <span class='ocrx_word' id='word_1_83' title='bbox 1696 1149 1842 1221; x_wconf 84' lang='lat' dir='ltr'><strong>ejus.</strong></span> <span class='ocrx_word' id='word_1_84' title='bbox 1875 1168 1895 1201; x_wconf 73' lang='grc' dir='ltr'><strong>ι</strong></span> 
     </span>
    </p>
   </div>
   <div class='ocr_carea' id='block_1_14' title="bbox 560 1242 2075 1316">
    <p class='ocr_par' dir='ltr' id='par_1_14' title="bbox 560 1242 2075 1316">
     <span class='ocr_line' id='line_1_14' title="bbox 560 1242 2075 1316; baseline -0.003 -15"><span class='ocrx_word' id='word_1_85' title='bbox 560 1245 712 1302; x_wconf 81' lang='lat' dir='ltr'><strong>Psal.</strong></span> <span class='ocrx_word' id='word_1_86' title='bbox 743 1259 905 1303; x_wconf 80' lang='lat' dir='ltr'><strong>cxvnt</strong></span> <span class='ocrx_word' id='word_1_87' title='bbox 929 1285 943 1310; x_wconf 91' lang='lat'><strong>,</strong></span> <span class='ocrx_word' id='word_1_88' title='bbox 974 1243 1027 1299; x_wconf 85' lang='lat'><strong>5.</strong></span> <span class='ocrx_word' id='word_1_89' title='bbox 1048 1273 1117 1285; x_wconf 92' lang='lat'><em>-</em></span> <span class='ocrx_word' id='word_1_90' title='bbox 1138 1262 1158 1296; x_wconf 78' lang='grc' dir='ltr'><strong>ι</strong></span> <span class='ocrx_word' id='word_1_91' title='bbox 1184 1242 1403 1302; x_wconf 82' lang='lat' dir='ltr'><strong>Utinam</strong></span> <span class='ocrx_word' id='word_1_92' title='bbox 1434 1243 1743 1316; x_wconf 77' lang='lat' dir='ltr'><strong>dirigantur</strong></span> <span class='ocrx_word' id='word_1_93' title='bbox 1776 1243 1875 1299; x_wconf 74' lang='lat' dir='ltr'><strong>vite</strong></span> <span class='ocrx_word' id='word_1_94' title='bbox 1906 1256 2038 1298; x_wconf 66' lang='lat' dir='ltr'><strong>meae</strong></span> <span class='ocrx_word' id='word_1_95' title='bbox 2061 1283 2075 1307; x_wconf 89' lang='lat'><strong>,</strong></span> 
     </span>
    </p>
   </div>
   <div class='ocr_carea' id='block_1_15' title="bbox 500 1336 1207 1403">
    <p class='ocr_par' dir='ltr' id='par_1_15' title="bbox 500 1336 1207 1403">
     <span class='ocr_line' id='line_1_15' title="bbox 500 1336 1207 1403; baseline -0.001 -10"><span class='ocrx_word' id='word_1_96' title='bbox 500 1338 564 1394; x_wconf 81' lang='lat' dir='ltr'><strong>ad</strong></span> <span class='ocrx_word' id='word_1_97' title='bbox 600 1336 1019 1403; x_wconf 86' lang='lat' dir='ltr'><strong>custodiendas,</strong></span> <span class='ocrx_word' id='word_1_98' title='bbox 1048 1356 1066 1390; x_wconf 81' lang='grc' dir='ltr'><strong>ι</strong></span> <span class='ocrx_word' id='word_1_99' title='bbox 1096 1345 1207 1395; x_wconf 83' lang='lat' dir='ltr'><strong>etc.</strong></span> 
     </span>
    </p>
   </div>
   <div class='ocr_carea' id='block_1_16' title="bbox 568 1427 1580 1485">
    <p class='ocr_par' dir='ltr' id='par_1_16' title="bbox 568 1427 1580 1485">
     <span class='ocr_line' id='line_1_16' title="bbox 568 1427 1580 1485; baseline -0.004 -1"><span class='ocrx_word' id='word_1_100' title='bbox 568 1427 713 1485; x_wconf 81' lang='lat' dir='ltr'><strong>Ibid.</strong></span> <span class='ocrx_word' id='word_1_101' title='bbox 743 1428 868 1485; x_wconf 66' lang='grc'><strong>162.</strong></span> <span class='ocrx_word' id='word_1_102' title='bbox 893 1457 963 1471; x_wconf 89' lang='grc'><strong><em>-</em></strong></span> <span class='ocrx_word' id='word_1_103' title='bbox 988 1448 1005 1482; x_wconf 81' lang='grc' dir='ltr'><strong>ι</strong></span> <span class='ocrx_word' id='word_1_104' title='bbox 1037 1430 1146 1484; x_wconf 82' lang='lat' dir='ltr'><strong>Lex</strong></span> <span class='ocrx_word' id='word_1_105' title='bbox 1182 1438 1271 1484; x_wconf 88' lang='lat' dir='ltr'><strong>tua</strong></span> <span class='ocrx_word' id='word_1_106' title='bbox 1303 1427 1527 1485; x_wconf 86' lang='lat' dir='ltr'><strong>veritas.</strong></span> <span class='ocrx_word' id='word_1_107' title='bbox 1563 1446 1580 1480; x_wconf 81' lang='grc' dir='ltr'><strong>ι</strong></span> 
     </span>
    </p>
   </div>
   <div class='ocr_carea' id='block_1_17' title="bbox 579 1514 2076 1583">
    <p class='ocr_par' dir='ltr' id='par_1_17' title="bbox 579 1514 2076 1583">
     <span class='ocr_line' id='line_1_17' title="bbox 579 1514 2076 1583; baseline -0.001 -11"><span class='ocrx_word' id='word_1_108' title='bbox 579 1516 738 1574; x_wconf 81' lang='lat' dir='ltr'><strong>Prov.</strong></span> <span class='ocrx_word' id='word_1_109' title='bbox 797 1534 903 1574; x_wconf 91' lang='grc' dir='ltr'><strong>ιιι</strong></span> <span class='ocrx_word' id='word_1_110' title='bbox 929 1557 944 1583; x_wconf 83' lang='grc'><strong>,</strong></span> <span class='ocrx_word' id='word_1_111' title='bbox 1007 1518 1065 1573; x_wconf 82' lang='lat'><strong>5.</strong></span> <span class='ocrx_word' id='word_1_112' title='bbox 1102 1547 1170 1559; x_wconf 90' lang='lat'><strong>-—</strong></span> <span class='ocrx_word' id='word_1_113' title='bbox 1208 1537 1227 1571; x_wconf 88' lang='grc' dir='ltr'><strong>ι</strong></span> <span class='ocrx_word' id='word_1_114' title='bbox 1264 1514 1468 1573; x_wconf 89' lang='lat' dir='ltr'><strong>Omnes</strong></span> <span class='ocrx_word' id='word_1_115' title='bbox 1517 1530 1801 1572; x_wconf 78' lang='lat' dir='ltr'><strong>sermones</strong></span> <span class='ocrx_word' id='word_1_116' title='bbox 1857 1514 2076 1572; x_wconf 86' lang='lat' dir='ltr'><strong>Domini</strong></span> 
     </span>
    </p>
   </div>
   <div class='ocr_carea' id='block_1_18' title="bbox 496 1608 2071 1684">
    <p class='ocr_par' dir='ltr' id='par_1_18' title="bbox 496 1608 2071 1684">
     <span class='ocr_line' id='line_1_18' title="bbox 496 1608 2071 1684; baseline -0.006 -15"><span class='ocrx_word' id='word_1_117' title='bbox 496 1612 679 1684; x_wconf 76' lang='lat' dir='ltr'><strong>igniti.</strong></span> <span class='ocrx_word' id='word_1_118' title='bbox 716 1610 997 1668; x_wconf 86' lang='lat' dir='ltr'><strong>Protector</strong></span> <span class='ocrx_word' id='word_1_119' title='bbox 1020 1620 1203 1667; x_wconf 90' lang='lat' dir='ltr'><strong>autem</strong></span> <span class='ocrx_word' id='word_1_120' title='bbox 1231 1618 1316 1667; x_wconf 89' lang='lat' dir='ltr'><strong>est</strong></span> <span class='ocrx_word' id='word_1_121' title='bbox 1343 1609 1590 1666; x_wconf 86' lang='lat' dir='ltr'><strong>omnium</strong></span> <span class='ocrx_word' id='word_1_122' title='bbox 1620 1608 1928 1664; x_wconf 79' lang='lat' dir='ltr'><strong>timentium</strong></span> <span class='ocrx_word' id='word_1_123' title='bbox 1956 1624 2071 1665; x_wconf 59' lang='lat' dir='ltr'><strong>se.»</strong></span> 
     </span>
    </p>
   </div>
   <div class='ocr_carea' id='block_1_19' title="bbox 574 1699 2072 1773">
    <p class='ocr_par' dir='ltr' id='par_1_19' title="bbox 574 1699 2072 1773">
     <span class='ocr_line' id='line_1_19' title="bbox 574 1699 2072 1773; baseline 0.001 -17"><span class='ocrx_word' id='word_1_124' title='bbox 574 1702 747 1758; x_wconf 80' lang='lat' dir='ltr'><strong>Eccle.</strong></span> <span class='ocrx_word' id='word_1_125' title='bbox 781 1718 889 1768; x_wconf 81' lang='grc' dir='ltr'><strong>ιιι,</strong></span> <span class='ocrx_word' id='word_1_126' title='bbox 919 1703 1102 1758; x_wconf 76' lang='lat' dir='ltr'><strong>l3.—r</strong></span> <span class='ocrx_word' id='word_1_127' title='bbox 1124 1701 1276 1759; x_wconf 82' lang='lat' dir='ltr'><strong>Finis</strong></span> <span class='ocrx_word' id='word_1_128' title='bbox 1314 1700 1605 1765; x_wconf 87' lang='lat' dir='ltr'><strong>sermonis,</strong></span> <span class='ocrx_word' id='word_1_129' title='bbox 1639 1699 1767 1756; x_wconf 86' lang='lat' dir='ltr'><strong>audi</strong></span> <span class='ocrx_word' id='word_1_130' title='bbox 1806 1714 2072 1773; x_wconf 86' lang='lat' dir='ltr'><strong>prorsus:</strong></span> 
     </span>
    </p>
   </div>
   <div class='ocr_carea' id='block_1_20' title="bbox 499 1792 1725 1863">
    <p class='ocr_par' dir='ltr' id='par_1_20' title="bbox 499 1792 1725 1863">
     <span class='ocr_line' id='line_1_20' title="bbox 499 1792 1725 1863; baseline -0.003 -14"><span class='ocrx_word' id='word_1_131' title='bbox 499 1792 668 1850; x_wconf 87' lang='lat' dir='ltr'><strong>Deum</strong></span> <span class='ocrx_word' id='word_1_132' title='bbox 698 1794 862 1857; x_wconf 87' lang='lat' dir='ltr'><strong>time,</strong></span> <span class='ocrx_word' id='word_1_133' title='bbox 898 1803 951 1850; x_wconf 88' lang='lat' dir='ltr'><strong>et</strong></span> <span class='ocrx_word' id='word_1_134' title='bbox 988 1794 1245 1849; x_wconf 87' lang='lat' dir='ltr'><strong>mandata</strong></span> <span class='ocrx_word' id='word_1_135' title='bbox 1277 1793 1403 1863; x_wconf 85' lang='lat' dir='ltr'><strong>ejus</strong></span> <span class='ocrx_word' id='word_1_136' title='bbox 1433 1793 1675 1849; x_wconf 90' lang='lat' dir='ltr'><strong>custodi.</strong></span> <span class='ocrx_word' id='word_1_137' title='bbox 1705 1811 1725 1845; x_wconf 77' lang='grc' dir='ltr'><strong>ι</strong></span> 
     </span>
    </p>
   </div>
   <div class='ocr_carea' id='block_1_21' title="bbox 566 1883 2071 1961">
    <p class='ocr_par' dir='ltr' id='par_1_21' title="bbox 566 1883 2071 1961">
     <span class='ocr_line' id='line_1_21' title="bbox 566 1883 2071 1961; baseline 0.001 -23"><span class='ocrx_word' id='word_1_138' title='bbox 566 1884 732 1961; x_wconf 60' lang='lat'><strong>5,56</strong></span> <span class='ocrx_word' id='word_1_139' title='bbox 780 1886 935 1941; x_wconf 84' lang='lat' dir='ltr'><strong>Prov.</strong></span> <span class='ocrx_word' id='word_1_140' title='bbox 994 1901 1120 1951; x_wconf 77' lang='lat' dir='ltr'><strong>nr,</strong></span> <span class='ocrx_word' id='word_1_141' title='bbox 1171 1886 1261 1941; x_wconf 70' lang='grc'><strong>27.</strong></span> <span class='ocrx_word' id='word_1_142' title='bbox 1294 1915 1361 1927; x_wconf 85' lang='lat'><strong>-—</strong></span> <span class='ocrx_word' id='word_1_143' title='bbox 1397 1904 1416 1937; x_wconf 79' lang='grc' dir='ltr'><strong>ε</strong></span> <span class='ocrx_word' id='word_1_144' title='bbox 1455 1883 1793 1957; x_wconf 81' lang='lat' dir='ltr'><strong>Praeceptum</strong></span> <span class='ocrx_word' id='word_1_145' title='bbox 1852 1884 2071 1942; x_wconf 83' lang='lat' dir='ltr'><strong>Domini</strong></span> 
     </span>
    </p>
   </div>
   <div class='ocr_carea' id='block_1_22' title="bbox 497 1977 862 2037">
    <p class='ocr_par' dir='ltr' id='par_1_22' title="bbox 497 1977 862 2037">
     <span class='ocr_line' id='line_1_22' title="bbox 497 1977 862 2037; baseline -0.005 -4"><span class='ocrx_word' id='word_1_146' title='bbox 497 1977 621 2035; x_wconf 89' lang='lat' dir='ltr'><strong>fons</strong></span> <span class='ocrx_word' id='word_1_147' title='bbox 661 1979 808 2037; x_wconf 72' lang='lat' dir='ltr'><strong>vitae.</strong></span> <span class='ocrx_word' id='word_1_148' title='bbox 841 1997 862 2031; x_wconf 76' lang='grc' dir='ltr'><strong>ι</strong></span> 
     </span>
    </p>
   </div>
   <div class='ocr_carea' id='block_1_23' title="bbox 573 2070 2066 2147">
    <p class='ocr_par' dir='ltr' id='par_1_23' title="bbox 573 2070 2066 2147">
     <span class='ocr_line' id='line_1_23' title="bbox 573 2070 2066 2147; baseline 0 -21"><span class='ocrx_word' id='word_1_149' title='bbox 573 2092 592 2126; x_wconf 82' lang='grc' dir='ltr'><strong>ε</strong></span> <span class='ocrx_word' id='word_1_150' title='bbox 619 2070 721 2141; x_wconf 85' lang='lat' dir='ltr'><strong>Qui</strong></span> <span class='ocrx_word' id='word_1_151' title='bbox 759 2070 999 2145; x_wconf 71' lang='lat' dir='ltr'><strong>diligunt</strong></span> <span class='ocrx_word' id='word_1_152' title='bbox 1029 2073 1238 2145; x_wconf 76' lang='lat' dir='ltr'><strong>legem,</strong></span> <span class='ocrx_word' id='word_1_153' title='bbox 1270 2088 1428 2128; x_wconf 89' lang='lat' dir='ltr'><strong>muro</strong></span> <span class='ocrx_word' id='word_1_154' title='bbox 1458 2088 1519 2129; x_wconf 88' lang='lat' dir='ltr'><strong>se</strong></span> <span class='ocrx_word' id='word_1_155' title='bbox 1546 2074 1998 2147; x_wconf 72' lang='lat' dir='ltr'><strong>circumcingunt</strong></span> <span class='ocrx_word' id='word_1_156' title='bbox 2048 2093 2066 2126; x_wconf 75' lang='grc' dir='ltr'><strong>ι</strong></span> 
     </span>
    </p>
   </div>
   <div class='ocr_carea' id='block_1_24' title="bbox 561 2257 2075 2331">
    <p class='ocr_par' dir='ltr' id='par_1_24' title="bbox 561 2257 2075 2331">
     <span class='ocr_line' id='line_1_24' title="bbox 561 2257 2075 2331; baseline -0.003 -11"><span class='ocrx_word' id='word_1_157' title='bbox 561 2261 724 2322; x_wconf 77' lang='grc' dir='ltr'>Ζαείι.</span> <span class='ocrx_word' id='word_1_158' title='bbox 760 2280 858 2331; x_wconf 89' lang='grc' dir='ltr'><strong>ιιι,</strong></span> <span class='ocrx_word' id='word_1_159' title='bbox 897 2265 948 2320; x_wconf 89' lang='lat'><strong>7.</strong></span> <span class='ocrx_word' id='word_1_160' title='bbox 984 2290 1051 2303; x_wconf 90' lang='lat'><strong>-</strong></span> <span class='ocrx_word' id='word_1_161' title='bbox 1086 2278 1105 2312; x_wconf 78' lang='grc' dir='ltr'><strong>ι</strong></span> <span class='ocrx_word' id='word_1_162' title='bbox 1135 2258 1264 2317; x_wconf 65' lang='lat' dir='ltr'><strong>Hac</strong></span> <span class='ocrx_word' id='word_1_163' title='bbox 1290 2258 1428 2316; x_wconf 88' lang='lat' dir='ltr'><strong>dicit</strong></span> <span class='ocrx_word' id='word_1_164' title='bbox 1454 2257 1763 2316; x_wconf 78' lang='lat' dir='ltr'><strong>Dominus:</strong></span> <span class='ocrx_word' id='word_1_165' title='bbox 1797 2258 1856 2315; x_wconf 87' lang='lat' dir='ltr'><strong>Si</strong></span> <span class='ocrx_word' id='word_1_166' title='bbox 1886 2258 1942 2315; x_wconf 89' lang='lat' dir='ltr'><strong>in</strong></span> <span class='ocrx_word' id='word_1_167' title='bbox 1971 2260 2075 2316; x_wconf 87' lang='lat' dir='ltr'><strong>viis</strong></span> 
     </span>
    </p>
   </div>
   <div class='ocr_carea' id='block_1_25' title="bbox 497 2351 2072 2426">
    <p class='ocr_par' dir='ltr' id='par_1_25' title="bbox 497 2351 2072 2426">
     <span class='ocr_line' id='line_1_25' title="bbox 497 2351 2072 2426; baseline -0.001 -14"><span class='ocrx_word' id='word_1_168' title='bbox 497 2358 633 2415; x_wconf 87' lang='lat' dir='ltr'><strong>meis</strong></span> <span class='ocrx_word' id='word_1_169' title='bbox 664 2356 1069 2423; x_wconf 80' lang='lat' dir='ltr'><strong>ambulaveris,</strong></span> <span class='ocrx_word' id='word_1_170' title='bbox 1104 2362 1161 2412; x_wconf 88' lang='lat' dir='ltr'><strong>et</strong></span> <span class='ocrx_word' id='word_1_171' title='bbox 1197 2360 1473 2426; x_wconf 84' lang='lat' dir='ltr'><strong>praecepta</strong></span> <span class='ocrx_word' id='word_1_172' title='bbox 1530 2366 1652 2411; x_wconf 90' lang='lat' dir='ltr'><strong>mea</strong></span> <span class='ocrx_word' id='word_1_173' title='bbox 1702 2351 2072 2416; x_wconf 82' lang='lat' dir='ltr'><strong>custodieris,</strong></span> 
     </span>
    </p>
   </div>
   <div class='ocr_carea' id='block_1_26' title="bbox 496 2449 1449 2524">
    <p class='ocr_par' dir='ltr' id='par_1_26' title="bbox 496 2449 1449 2524">
     <span class='ocr_line' id='line_1_26' title="bbox 496 2449 1449 2524; baseline -0.006 -18"><span class='ocrx_word' id='word_1_174' title='bbox 496 2462 551 2508; x_wconf 91' lang='lat' dir='ltr'><strong>tu</strong></span> <span class='ocrx_word' id='word_1_175' title='bbox 584 2450 917 2524; x_wconf 69' lang='lat' dir='ltr'><strong>diiudicabis</strong></span> <span class='ocrx_word' id='word_1_176' title='bbox 945 2449 1172 2507; x_wconf 87' lang='lat' dir='ltr'><strong>domum</strong></span> <span class='ocrx_word' id='word_1_177' title='bbox 1200 2462 1399 2506; x_wconf 81' lang='lat' dir='ltr'><strong>meam.</strong></span> <span class='ocrx_word' id='word_1_178' title='bbox 1430 2465 1449 2500; x_wconf 75' lang='grc' dir='ltr'><strong>ι</strong></span> 
     </span>
    </p>
   </div>
   <div class='ocr_carea' id='block_1_27' title="bbox 565 2538 2073 2611">
    <p class='ocr_par' dir='ltr' id='par_1_27' title="bbox 565 2538 2073 2611">
     <span class='ocr_line' id='line_1_27' title="bbox 565 2538 2073 2611; baseline -0.003 -12"><span class='ocrx_word' id='word_1_179' title='bbox 565 2543 679 2601; x_wconf 80' lang='lat' dir='ltr'><strong>Isa.</strong></span> <span class='ocrx_word' id='word_1_180' title='bbox 715 2559 803 2611; x_wconf 80' lang='grc' dir='ltr'>ιν,</span> <span class='ocrx_word' id='word_1_181' title='bbox 866 2542 923 2599; x_wconf 73' lang='lat'><strong>2.</strong></span> <span class='ocrx_word' id='word_1_182' title='bbox 952 2572 1023 2585; x_wconf 87' lang='lat'><strong>-—</strong></span> <span class='ocrx_word' id='word_1_183' title='bbox 1049 2560 1068 2595; x_wconf 78' lang='grc' dir='ltr'><strong>ι</strong></span> <span class='ocrx_word' id='word_1_184' title='bbox 1096 2540 1297 2598; x_wconf 83' lang='lat' dir='ltr'><strong>Audite</strong></span> <span class='ocrx_word' id='word_1_185' title='bbox 1327 2555 1415 2596; x_wconf 89' lang='lat' dir='ltr'><strong>me</strong></span> <span class='ocrx_word' id='word_1_186' title='bbox 1436 2580 1452 2607; x_wconf 91' lang='lat'><strong>,</strong></span> <span class='ocrx_word' id='word_1_187' title='bbox 1481 2548 1539 2596; x_wconf 89' lang='lat' dir='ltr'><strong>et</strong></span> <span class='ocrx_word' id='word_1_188' title='bbox 1571 2538 1849 2597; x_wconf 87' lang='lat' dir='ltr'><strong>comedite</strong></span> <span class='ocrx_word' id='word_1_189' title='bbox 1897 2538 2038 2598; x_wconf 83' lang='lat' dir='ltr'><strong>bona</strong></span> <span class='ocrx_word' id='word_1_190' title='bbox 2058 2580 2073 2606; x_wconf 93' lang='lat'><strong>,</strong></span> 
     </span>
    </p>
   </div>
   <div class='ocr_carea' id='block_1_28' title="bbox 494 2634 1654 2694">
    <p class='ocr_par' dir='ltr' id='par_1_28' title="bbox 494 2634 1654 2694">
     <span class='ocr_line' id='line_1_28' title="bbox 494 2634 1654 2694; baseline -0.003 -3"><span class='ocrx_word' id='word_1_191' title='bbox 494 2645 545 2692; x_wconf 73' lang='lat' dir='ltr'><strong>et</strong></span> <span class='ocrx_word' id='word_1_192' title='bbox 576 2638 880 2694; x_wconf 87' lang='lat' dir='ltr'><strong>delectetur</strong></span> <span class='ocrx_word' id='word_1_193' title='bbox 909 2636 963 2692; x_wconf 92' lang='lat' dir='ltr'><strong>in</strong></span> <span class='ocrx_word' id='word_1_194' title='bbox 994 2636 1151 2692; x_wconf 88' lang='lat' dir='ltr'><strong>bonis</strong></span> <span class='ocrx_word' id='word_1_195' title='bbox 1184 2634 1364 2691; x_wconf 81' lang='lat' dir='ltr'><strong>anima</strong></span> <span class='ocrx_word' id='word_1_196' title='bbox 1398 2640 1602 2691; x_wconf 80' lang='lat' dir='ltr'><strong>vestra.</strong></span> <span class='ocrx_word' id='word_1_197' title='bbox 1635 2654 1654 2687; x_wconf 74' lang='grc' dir='ltr'><strong>ι</strong></span> 
     </span>
    </p>
   </div>
   <div class='ocr_carea' id='block_1_29' title="bbox 565 2724 2077 2799">
    <p class='ocr_par' dir='ltr' id='par_1_29' title="bbox 565 2724 2077 2799">
     <span class='ocr_line' id='line_1_29' title="bbox 565 2724 2077 2799; baseline 0.001 -18"><span class='ocrx_word' id='word_1_198' title='bbox 565 2725 731 2783; x_wconf 82' lang='lat' dir='ltr'><strong>Eccli.</strong></span> <span class='ocrx_word' id='word_1_199' title='bbox 763 2743 857 2783; x_wconf 82' lang='grc' dir='ltr'><strong>ιιι</strong></span> <span class='ocrx_word' id='word_1_200' title='bbox 878 2767 894 2793; x_wconf 88' lang='grc'><strong>,</strong></span> <span class='ocrx_word' id='word_1_201' title='bbox 931 2725 1025 2784; x_wconf 73' lang='lat'><strong>2|.</strong></span> <span class='ocrx_word' id='word_1_202' title='bbox 1054 2756 1125 2768; x_wconf 89' lang='lat'><strong>-—</strong></span> <span class='ocrx_word' id='word_1_203' title='bbox 1162 2743 1182 2778; x_wconf 78' lang='grc' dir='ltr'><strong>ι</strong></span> <span class='ocrx_word' id='word_1_204' title='bbox 1216 2724 1408 2783; x_wconf 75' lang='lat' dir='ltr'><strong>Melior</strong></span> <span class='ocrx_word' id='word_1_205' title='bbox 1438 2733 1524 2781; x_wconf 91' lang='lat' dir='ltr'><strong>est</strong></span> <span class='ocrx_word' id='word_1_206' title='bbox 1558 2725 1722 2784; x_wconf 89' lang='lat' dir='ltr'><strong>homo</strong></span> <span class='ocrx_word' id='word_1_207' title='bbox 1748 2742 1841 2799; x_wconf 80' lang='lat' dir='ltr'><strong>qur</strong></span> <span class='ocrx_word' id='word_1_208' title='bbox 1874 2724 2077 2784; x_wconf 83' lang='lat' dir='ltr'><strong>minui-</strong></span> 
     </span>
    </p>
   </div>
   <div class='ocr_carea' id='block_1_30' title="bbox 494 2817 2077 2893">
    <p class='ocr_par' dir='ltr' id='par_1_30' title="bbox 494 2817 2077 2893">
     <span class='ocr_line' id='line_1_30' title="bbox 494 2817 2077 2893; baseline -0.002 -16"><span class='ocrx_word' id='word_1_209' title='bbox 494 2833 585 2877; x_wconf 86' lang='lat' dir='ltr'><strong>tur</strong></span> <span class='ocrx_word' id='word_1_210' title='bbox 609 2819 881 2893; x_wconf 83' lang='lat' dir='ltr'><strong>sapientia</strong></span> <span class='ocrx_word' id='word_1_211' title='bbox 914 2833 1042 2875; x_wconf 89' lang='lat' dir='ltr'><strong>cum</strong></span> <span class='ocrx_word' id='word_1_212' title='bbox 1070 2819 1305 2884; x_wconf 88' lang='lat' dir='ltr'><strong>timore,</strong></span> <span class='ocrx_word' id='word_1_213' title='bbox 1345 2832 1508 2890; x_wconf 91' lang='lat' dir='ltr'><strong>quam</strong></span> <span class='ocrx_word' id='word_1_214' title='bbox 1542 2817 1635 2889; x_wconf 90' lang='lat' dir='ltr'><strong>qui</strong></span> <span class='ocrx_word' id='word_1_215' title='bbox 1665 2817 1911 2875; x_wconf 81' lang='lat' dir='ltr'><strong>abundat</strong></span> <span class='ocrx_word' id='word_1_216' title='bbox 1947 2832 2077 2876; x_wconf 86' lang='lat' dir='ltr'><strong>sen-</strong></span> 
     </span>
    </p>
   </div>
   <div class='ocr_carea' id='block_1_31' title="bbox 494 2909 1398 2983">
    <p class='ocr_par' dir='ltr' id='par_1_31' title="bbox 494 2909 1398 2983">
     <span class='ocr_line' id='line_1_31' title="bbox 494 2909 1398 2983; baseline -0.007 -14"><span class='ocrx_word' id='word_1_217' title='bbox 494 2927 559 2969; x_wconf 89' lang='lat' dir='ltr'><strong>su</strong></span> <span class='ocrx_word' id='word_1_218' title='bbox 582 2953 598 2976; x_wconf 90' lang='lat'><strong>,</strong></span> <span class='ocrx_word' id='word_1_219' title='bbox 629 2921 684 2968; x_wconf 91' lang='lat' dir='ltr'><strong>et</strong></span> <span class='ocrx_word' id='word_1_220' title='bbox 716 2909 1124 2982; x_wconf 77' lang='lat' dir='ltr'><strong>transgreditur</strong></span> <span class='ocrx_word' id='word_1_221' title='bbox 1157 2909 1353 2983; x_wconf 76' lang='lat' dir='ltr'><strong>legem.</strong></span> <span class='ocrx_word' id='word_1_222' title='bbox 1380 2927 1398 2962; x_wconf 77' lang='grc' dir='ltr'><strong>ι</strong></span> 
     </span>
    </p>
   </div>
   <div class='ocr_carea' id='block_1_32' title="bbox 482 2998 2075 3073">
    <p class='ocr_par' dir='ltr' id='par_1_32' title="bbox 482 2998 2075 3073">
     <span class='ocr_line' id='line_1_32' title="bbox 482 2998 2075 3073; baseline -0.003 -16"><span class='ocrx_word' id='word_1_223' title='bbox 482 3062 485 3065; x_wconf 92' lang='lat'><em>_</em></span> <span class='ocrx_word' id='word_1_224' title='bbox 562 3000 729 3058; x_wconf 81' lang='lat' dir='ltr'><strong>Ecrlr&#39;.</strong></span> <span class='ocrx_word' id='word_1_225' title='bbox 768 3016 939 3069; x_wconf 86' lang='grc' dir='ltr'><strong>ιιιιι,</strong></span> <span class='ocrx_word' id='word_1_226' title='bbox 970 3001 1026 3056; x_wconf 78' lang='grc'>5.</span> <span class='ocrx_word' id='word_1_227' title='bbox 1060 3028 1130 3043; x_wconf 83' lang='lat'><strong>-~</strong></span> <span class='ocrx_word' id='word_1_228' title='bbox 1164 3017 1183 3053; x_wconf 83' lang='grc' dir='ltr'><strong>ι</strong></span> <span class='ocrx_word' id='word_1_229' title='bbox 1222 2998 1370 3055; x_wconf 81' lang='lat' dir='ltr'><strong>Nihil</strong></span> <span class='ocrx_word' id='word_1_230' title='bbox 1406 2999 1626 3057; x_wconf 83' lang='lat' dir='ltr'><strong>dulcius</strong></span> <span class='ocrx_word' id='word_1_231' title='bbox 1649 3042 1663 3069; x_wconf 96' lang='lat'><strong>,</strong></span> <span class='ocrx_word' id='word_1_232' title='bbox 1699 3016 1867 3072; x_wconf 87' lang='lat' dir='ltr'><strong>quatn</strong></span> <span class='ocrx_word' id='word_1_233' title='bbox 1896 3000 2075 3073; x_wconf 86' lang='lat' dir='ltr'><strong>respi-</strong></span> 
     </span>
    </p>
   </div>
   <div class='ocr_carea' id='block_1_33' title="bbox 475 5002 490 5072">
    <p class='ocr_par' dir='ltr' id='par_1_33' title="bbox 475 5002 490 5072">
     <span class='ocr_line' id='line_1_33' title="bbox 475 5002 490 5072; baseline 0 0"><span class='ocrx_word' id='word_1_234' title='bbox 475 5002 490 5072; x_wconf 65' lang='grc' dir='ltr'><strong>ἱ</strong></span> 
     </span>
    </p>
   </div>
   <div class='ocr_carea' id='block_1_34' title="bbox 492 3091 1332 3152">
    <p class='ocr_par' dir='ltr' id='par_1_34' title="bbox 492 3091 1332 3152">
     <span class='ocr_line' id='line_1_34' title="bbox 492 3091 1332 3152; baseline -0.008 0"><span class='ocrx_word' id='word_1_235' title='bbox 492 3110 619 3152; x_wconf 84' lang='lat' dir='ltr'><strong>cere</strong></span> <span class='ocrx_word' id='word_1_236' title='bbox 647 3092 1013 3151; x_wconf 82' lang='lat' dir='ltr'><strong>inmandatis</strong></span> <span class='ocrx_word' id='word_1_237' title='bbox 1045 3091 1285 3149; x_wconf 88' lang='lat' dir='ltr'><strong>Domini.</strong></span> <span class='ocrx_word' id='word_1_238' title='bbox 1315 3111 1332 3145; x_wconf 78' lang='grc' dir='ltr'><strong>ι</strong></span> 
     </span>
    </p>
   </div>
   <div class='ocr_carea' id='block_1_35' title="bbox 568 3182 2074 3255">
    <p class='ocr_par' dir='ltr' id='par_1_35' title="bbox 568 3182 2074 3255">
     <span class='ocr_line' id='line_1_35' title="bbox 568 3182 2074 3255; baseline -0.001 -15"><span class='ocrx_word' id='word_1_239' title='bbox 568 3184 735 3241; x_wconf 82' lang='lat' dir='ltr'><strong>Ecclr&#39;.</strong></span> <span class='ocrx_word' id='word_1_240' title='bbox 768 3200 917 3240; x_wconf 82' lang='grc' dir='ltr'><strong>ιιιιι</strong></span> <span class='ocrx_word' id='word_1_241' title='bbox 941 3222 957 3250; x_wconf 89' lang='grc'><strong>,</strong></span> <span class='ocrx_word' id='word_1_242' title='bbox 994 3182 1082 3240; x_wconf 80' lang='lat' dir='ltr'><strong>l9.</strong></span> <span class='ocrx_word' id='word_1_243' title='bbox 1116 3212 1185 3224; x_wconf 92' lang='lat'>-</span> <span class='ocrx_word' id='word_1_244' title='bbox 1224 3204 1243 3234; x_wconf 70' lang='grc' dir='ltr'><strong>ι</strong></span> <span class='ocrx_word' id='word_1_245' title='bbox 1275 3182 1379 3251; x_wconf 87' lang='lat' dir='ltr'><strong>Qui</strong></span> <span class='ocrx_word' id='word_1_246' title='bbox 1415 3183 1611 3254; x_wconf 79' lang='lat' dir='ltr'><strong>quaerit</strong></span> <span class='ocrx_word' id='word_1_247' title='bbox 1641 3183 1818 3255; x_wconf 78' lang='lat' dir='ltr'><strong>legem</strong></span> <span class='ocrx_word' id='word_1_248' title='bbox 1842 3224 1857 3250; x_wconf 90' lang='lat'><strong>,</strong></span> <span class='ocrx_word' id='word_1_249' title='bbox 1893 3182 2074 3254; x_wconf 81' lang='lat' dir='ltr'><strong>reple-</strong></span> 
     </span>
    </p>
   </div>
   <div class='ocr_carea' id='block_1_36' title="bbox 494 3280 820 3337">
    <p class='ocr_par' dir='ltr' id='par_1_36' title="bbox 494 3280 820 3337">
     <span class='ocr_line' id='line_1_36' title="bbox 494 3280 820 3337; baseline -0.015 0"><span class='ocrx_word' id='word_1_250' title='bbox 494 3280 647 3337; x_wconf 80' lang='lat' dir='ltr'><strong>bitur</strong></span> <span class='ocrx_word' id='word_1_251' title='bbox 678 3294 763 3334; x_wconf 89' lang='lat' dir='ltr'><strong>ea.</strong></span> <span class='ocrx_word' id='word_1_252' title='bbox 802 3298 820 3332; x_wconf 82' lang='grc' dir='ltr'><strong>ι</strong></span> 
     </span>
    </p>
   </div>
   <div class='ocr_carea' id='block_1_37' title="bbox 563 3367 2076 3436">
    <p class='ocr_par' dir='ltr' id='par_1_37' title="bbox 563 3367 2076 3436">
     <span class='ocr_line' id='line_1_37' title="bbox 563 3367 2076 3436; baseline -0.004 -9"><span class='ocrx_word' id='word_1_253' title='bbox 563 3370 737 3433; x_wconf 78' lang='grc' dir='ltr'>Εεείὶ.</span> <span class='ocrx_word' id='word_1_254' title='bbox 770 3386 897 3426; x_wconf 82' lang='grc' dir='ltr'><strong>ιιιι</strong></span> <span class='ocrx_word' id='word_1_255' title='bbox 924 3410 939 3436; x_wconf 87' lang='grc'><strong>,</strong></span> <span class='ocrx_word' id='word_1_256' title='bbox 968 3369 1057 3424; x_wconf 72' lang='grc'><strong>14.</strong></span> <span class='ocrx_word' id='word_1_257' title='bbox 1090 3397 1159 3409; x_wconf 81' lang='grc'><strong><em>-</em></strong></span> <span class='ocrx_word' id='word_1_258' title='bbox 1191 3386 1210 3420; x_wconf 81' lang='grc' dir='ltr'><strong>ε</strong></span> <span class='ocrx_word' id='word_1_259' title='bbox 1242 3367 1391 3424; x_wconf 84' lang='lat' dir='ltr'><strong>Pone</strong></span> <span class='ocrx_word' id='word_1_260' title='bbox 1441 3367 1764 3424; x_wconf 86' lang='lat' dir='ltr'><strong>thesaurum</strong></span> <span class='ocrx_word' id='word_1_261' title='bbox 1815 3375 1969 3423; x_wconf 86' lang='lat' dir='ltr'><strong>tuum</strong></span> <span class='ocrx_word' id='word_1_262' title='bbox 2021 3367 2076 3421; x_wconf 91' lang='lat' dir='ltr'><strong>in</strong></span> 
     </span>
    </p>
   </div>
   <div class='ocr_carea' id='block_1_38' title="bbox 496 3460 2074 3539">
    <p class='ocr_par' dir='ltr' id='par_1_38' title="bbox 496 3460 2074 3539">
     <span class='ocr_line' id='line_1_38' title="bbox 496 3460 2074 3539; baseline -0.003 -18"><span class='ocrx_word' id='word_1_263' title='bbox 496 3464 783 3539; x_wconf 65' lang='lat' dir='ltr'><strong>prmeeptis</strong></span> <span class='ocrx_word' id='word_1_264' title='bbox 820 3462 1091 3518; x_wconf 81' lang='lat' dir='ltr'><strong>Altissimi</strong></span> <span class='ocrx_word' id='word_1_265' title='bbox 1116 3501 1130 3529; x_wconf 95' lang='lat'><strong>,</strong></span> <span class='ocrx_word' id='word_1_266' title='bbox 1168 3472 1221 3518; x_wconf 91' lang='lat' dir='ltr'><strong>et</strong></span> <span class='ocrx_word' id='word_1_267' title='bbox 1255 3461 1499 3533; x_wconf 82' lang='lat' dir='ltr'><strong>proderit</strong></span> <span class='ocrx_word' id='word_1_268' title='bbox 1530 3461 1630 3517; x_wconf 85' lang='lat' dir='ltr'><strong>tibi</strong></span> <span class='ocrx_word' id='word_1_269' title='bbox 1684 3460 1862 3532; x_wconf 77' lang='lat' dir='ltr'><strong>magis</strong></span> <span class='ocrx_word' id='word_1_270' title='bbox 1910 3476 2074 3532; x_wconf 84' lang='lat' dir='ltr'><strong>quam</strong></span> 
     </span>
    </p>
   </div>
   <div class='ocr_carea' id='block_1_39' title="bbox 500 3574 781 3617">
    <p class='ocr_par' dir='ltr' id='par_1_39' title="bbox 500 3574 781 3617">
     <span class='ocr_line' id='line_1_39' title="bbox 500 3574 781 3617; baseline -0.021 0"><span class='ocrx_word' id='word_1_271' title='bbox 500 3574 722 3617; x_wconf 87' lang='lat' dir='ltr'><strong>aurum.</strong></span> <span class='ocrx_word' id='word_1_272' title='bbox 761 3576 781 3611; x_wconf 73' lang='grc' dir='ltr'>ι</span> 
     </span>
    </p>
   </div>
   <div class='ocr_carea' id='block_1_40' title="bbox 566 3649 2074 3723">
    <p class='ocr_par' dir='ltr' id='par_1_40' title="bbox 566 3649 2074 3723">
     <span class='ocr_line' id='line_1_40' title="bbox 566 3649 2074 3723; baseline -0.006 -11"><span class='ocrx_word' id='word_1_273' title='bbox 566 3656 763 3712; x_wconf 77' lang='lat' dir='ltr'><strong>Matth.</strong></span> <span class='ocrx_word' id='word_1_274' title='bbox 792 3672 864 3711; x_wconf 85' lang='lat' dir='ltr'><strong>vn</strong></span> <span class='ocrx_word' id='word_1_275' title='bbox 886 3696 901 3723; x_wconf 93' lang='lat'><strong>,</strong></span> <span class='ocrx_word' id='word_1_276' title='bbox 928 3652 1120 3709; x_wconf 70' lang='lat'><strong>21-24.</strong></span> <span class='ocrx_word' id='word_1_277' title='bbox 1140 3682 1210 3695; x_wconf 91' lang='lat'><strong>—-</strong></span> <span class='ocrx_word' id='word_1_278' title='bbox 1234 3671 1252 3705; x_wconf 83' lang='grc' dir='ltr'><strong>ι</strong></span> <span class='ocrx_word' id='word_1_279' title='bbox 1278 3650 1394 3709; x_wconf 86' lang='lat' dir='ltr'><strong>Non</strong></span> <span class='ocrx_word' id='word_1_280' title='bbox 1422 3651 1605 3709; x_wconf 86' lang='lat' dir='ltr'><strong>omnis</strong></span> <span class='ocrx_word' id='word_1_281' title='bbox 1635 3651 1730 3723; x_wconf 86' lang='lat' dir='ltr'><strong>qui</strong></span> <span class='ocrx_word' id='word_1_282' title='bbox 1758 3650 1893 3705; x_wconf 86' lang='lat' dir='ltr'><strong>dicit</strong></span> <span class='ocrx_word' id='word_1_283' title='bbox 1918 3649 2074 3716; x_wconf 91' lang='lat' dir='ltr'><strong>mihi,</strong></span> 
     </span>
    </p>
   </div>
   <div class='ocr_carea' id='block_1_41' title="bbox 497 3744 2073 3819">
    <p class='ocr_par' dir='ltr' id='par_1_41' title="bbox 497 3744 2073 3819">
     <span class='ocr_line' id='line_1_41' title="bbox 497 3744 2073 3819; baseline -0.007 -10"><span class='ocrx_word' id='word_1_284' title='bbox 497 3750 763 3818; x_wconf 84' lang='lat' dir='ltr'><strong>Domine,</strong></span> <span class='ocrx_word' id='word_1_285' title='bbox 797 3750 1059 3815; x_wconf 85' lang='lat' dir='ltr'><strong>Domine,</strong></span> <span class='ocrx_word' id='word_1_286' title='bbox 1090 3748 1326 3806; x_wconf 87' lang='lat' dir='ltr'><strong>intrabit</strong></span> <span class='ocrx_word' id='word_1_287' title='bbox 1375 3746 1427 3803; x_wconf 84' lang='lat' dir='ltr'><strong>in</strong></span> <span class='ocrx_word' id='word_1_288' title='bbox 1482 3761 1713 3819; x_wconf 73' lang='lat' dir='ltr'><strong>regnum</strong></span> <span class='ocrx_word' id='word_1_289' title='bbox 1762 3744 2073 3810; x_wconf 79' lang='lat' dir='ltr'><strong>caelorum;</strong></span> 
     </span>
    </p>
   </div>
   <div class='ocr_carea' id='block_1_42' title="bbox 494 3837 2074 3917">
    <p class='ocr_par' dir='ltr' id='par_1_42' title="bbox 494 3837 2074 3917">
     <span class='ocr_line' id='line_1_42' title="bbox 494 3837 2074 3917; baseline -0.008 -13"><span class='ocrx_word' id='word_1_290' title='bbox 494 3846 587 3903; x_wconf 86' lang='lat' dir='ltr'><strong>sed</strong></span> <span class='ocrx_word' id='word_1_291' title='bbox 612 3844 706 3917; x_wconf 88' lang='lat' dir='ltr'><strong>qui</strong></span> <span class='ocrx_word' id='word_1_292' title='bbox 738 3844 871 3901; x_wconf 83' lang='lat' dir='ltr'><strong>facit</strong></span> <span class='ocrx_word' id='word_1_293' title='bbox 889 3844 1229 3902; x_wconf 80' lang='lat' dir='ltr'><strong>voluntatem</strong></span> <span class='ocrx_word' id='word_1_294' title='bbox 1259 3840 1445 3897; x_wconf 85' lang='lat' dir='ltr'><strong>Patris</strong></span> <span class='ocrx_word' id='word_1_295' title='bbox 1466 3841 1571 3897; x_wconf 92' lang='lat' dir='ltr'><strong>mei</strong></span> <span class='ocrx_word' id='word_1_296' title='bbox 1598 3838 1766 3910; x_wconf 91' lang='lat' dir='ltr'><strong>quiin</strong></span> <span class='ocrx_word' id='word_1_297' title='bbox 1790 3837 1945 3894; x_wconf 72' lang='lat' dir='ltr'><strong>cretis</strong></span> <span class='ocrx_word' id='word_1_298' title='bbox 1972 3846 2074 3894; x_wconf 90' lang='lat' dir='ltr'><strong>est.</strong></span> 
     </span>
    </p>
   </div>
   <div class='ocr_carea' id='block_1_43' title="bbox 494 3930 2079 4011">
    <p class='ocr_par' dir='ltr' id='par_1_43' title="bbox 494 3930 2079 4011">
     <span class='ocr_line' id='line_1_43' title="bbox 494 3930 2079 4011; baseline -0.008 -13"><span class='ocrx_word' id='word_1_299' title='bbox 494 3939 687 3998; x_wconf 84' lang='lat' dir='ltr'><strong>Omnis</strong></span> <span class='ocrx_word' id='word_1_300' title='bbox 714 3938 808 4011; x_wconf 90' lang='lat' dir='ltr'><strong>qui</strong></span> <span class='ocrx_word' id='word_1_301' title='bbox 836 3937 990 3993; x_wconf 83' lang='lat' dir='ltr'><strong>audit</strong></span> <span class='ocrx_word' id='word_1_302' title='bbox 1018 3936 1184 3993; x_wconf 88' lang='lat' dir='ltr'><strong>verba</strong></span> <span class='ocrx_word' id='word_1_303' title='bbox 1217 3950 1334 3991; x_wconf 86' lang='lat' dir='ltr'><strong>mea</strong></span> <span class='ocrx_word' id='word_1_304' title='bbox 1356 3975 1369 4000; x_wconf 91' lang='lat'><strong>,</strong></span> <span class='ocrx_word' id='word_1_305' title='bbox 1394 3942 1449 3990; x_wconf 88' lang='lat' dir='ltr'><strong>et</strong></span> <span class='ocrx_word' id='word_1_306' title='bbox 1479 3933 1609 3991; x_wconf 84' lang='lat' dir='ltr'><strong>facit</strong></span> <span class='ocrx_word' id='word_1_307' title='bbox 1636 3948 1699 3989; x_wconf 87' lang='lat' dir='ltr'><strong>ea</strong></span> <span class='ocrx_word' id='word_1_308' title='bbox 1724 3971 1738 3999; x_wconf 92' lang='lat'><strong>,</strong></span> <span class='ocrx_word' id='word_1_309' title='bbox 1762 3930 2079 3987; x_wconf 80' lang='lat' dir='ltr'><strong>assimilabo</strong></span> 
     </span>
    </p>
   </div>
   <div class='ocr_carea' id='block_1_44' title="bbox 494 4026 2077 4104">
    <p class='ocr_par' dir='ltr' id='par_1_44' title="bbox 494 4026 2077 4104">
     <span class='ocr_line' id='line_1_44' title="bbox 494 4026 2077 4104; baseline -0.008 -13"><span class='ocrx_word' id='word_1_310' title='bbox 494 4035 653 4091; x_wconf 89' lang='lat' dir='ltr'><strong>illum</strong></span> <span class='ocrx_word' id='word_1_311' title='bbox 689 4033 810 4089; x_wconf 79' lang='lat' dir='ltr'><strong>viro</strong></span> <span class='ocrx_word' id='word_1_312' title='bbox 842 4030 1120 4104; x_wconf 86' lang='lat' dir='ltr'><strong>sapienti,</strong></span> <span class='ocrx_word' id='word_1_313' title='bbox 1171 4029 1263 4101; x_wconf 89' lang='lat' dir='ltr'><strong>qui</strong></span> <span class='ocrx_word' id='word_1_314' title='bbox 1314 4026 1610 4084; x_wconf 68' lang='lat' dir='ltr'><strong>aedificavit</strong></span> <span class='ocrx_word' id='word_1_315' title='bbox 1652 4029 1873 4083; x_wconf 87' lang='lat' dir='ltr'><strong>domum</strong></span> <span class='ocrx_word' id='word_1_316' title='bbox 1922 4039 2077 4081; x_wconf 88' lang='lat' dir='ltr'><strong>suam</strong></span> 
     </span>
    </p>
   </div>
   <div class='ocr_carea' id='block_1_45' title="bbox 496 4116 2079 4200">
    <p class='ocr_par' dir='ltr' id='par_1_45' title="bbox 496 4116 2079 4200">
     <span class='ocr_line' id='line_1_45' title="bbox 496 4116 2079 4200; baseline -0.008 -15"><span class='ocrx_word' id='word_1_317' title='bbox 496 4142 661 4199; x_wconf 83' lang='lat' dir='ltr'><strong>supra</strong></span> <span class='ocrx_word' id='word_1_318' title='bbox 691 4135 922 4200; x_wconf 88' lang='lat' dir='ltr'><strong>petram.</strong></span> <span class='ocrx_word' id='word_1_319' title='bbox 953 4123 1015 4178; x_wconf 86' lang='lat' dir='ltr'><strong>Et</strong></span> <span class='ocrx_word' id='word_1_320' title='bbox 1040 4122 1324 4179; x_wconf 84' lang='lat' dir='ltr'><strong>descendit</strong></span> <span class='ocrx_word' id='word_1_321' title='bbox 1348 4121 1530 4193; x_wconf 75' lang='lat' dir='ltr'><strong>pluvia</strong></span> <span class='ocrx_word' id='word_1_322' title='bbox 1551 4160 1566 4184; x_wconf 89' lang='lat'><strong>,</strong></span> <span class='ocrx_word' id='word_1_323' title='bbox 1592 4128 1649 4175; x_wconf 91' lang='lat' dir='ltr'><strong>et</strong></span> <span class='ocrx_word' id='word_1_324' title='bbox 1678 4125 1951 4175; x_wconf 89' lang='lat' dir='ltr'><strong>venerunt</strong></span> <span class='ocrx_word' id='word_1_325' title='bbox 1974 4116 2079 4173; x_wconf 82' lang='lat' dir='ltr'><strong>ﬂu-</strong></span> 
     </span>
    </p>
   </div>
   <div class='ocr_carea' id='block_1_46' title="bbox 497 4211 2073 4287">
    <p class='ocr_par' dir='ltr' id='par_1_46' title="bbox 497 4211 2073 4287">
     <span class='ocr_line' id='line_1_46' title="bbox 497 4211 2073 4287; baseline -0.008 -11"><span class='ocrx_word' id='word_1_326' title='bbox 497 4222 680 4287; x_wconf 70' lang='lat' dir='ltr'><strong>mina,</strong></span> <span class='ocrx_word' id='word_1_327' title='bbox 715 4229 769 4275; x_wconf 87' lang='lat' dir='ltr'><strong>et</strong></span> <span class='ocrx_word' id='word_1_328' title='bbox 802 4218 1073 4274; x_wconf 70' lang='lat' dir='ltr'><strong>{laverunt</strong></span> <span class='ocrx_word' id='word_1_329' title='bbox 1107 4217 1292 4281; x_wconf 85' lang='lat' dir='ltr'><strong>venti,</strong></span> <span class='ocrx_word' id='word_1_330' title='bbox 1330 4224 1383 4270; x_wconf 92' lang='lat' dir='ltr'><strong>et</strong></span> <span class='ocrx_word' id='word_1_331' title='bbox 1417 4215 1704 4270; x_wconf 82' lang='lat' dir='ltr'><strong>irruerunt</strong></span> <span class='ocrx_word' id='word_1_332' title='bbox 1754 4212 1809 4267; x_wconf 91' lang='lat' dir='ltr'><strong>in</strong></span> <span class='ocrx_word' id='word_1_333' title='bbox 1847 4211 2073 4265; x_wconf 87' lang='lat' dir='ltr'><strong>domum</strong></span> 
     </span>
    </p>
   </div>
   <div class='ocr_carea' id='block_1_47' title="bbox 497 4308 2075 4381">
    <p class='ocr_par' dir='ltr' id='par_1_47' title="bbox 497 4308 2075 4381">
     <span class='ocr_line' id='line_1_47' title="bbox 497 4308 2075 4381; baseline -0.007 -11"><span class='ocrx_word' id='word_1_334' title='bbox 497 4316 684 4381; x_wconf 89' lang='lat' dir='ltr'><strong>illam,</strong></span> <span class='ocrx_word' id='word_1_335' title='bbox 711 4321 766 4371; x_wconf 89' lang='lat' dir='ltr'><strong>et</strong></span> <span class='ocrx_word' id='word_1_336' title='bbox 796 4327 902 4368; x_wconf 89' lang='lat' dir='ltr'><strong>non</strong></span> <span class='ocrx_word' id='word_1_337' title='bbox 934 4311 1153 4367; x_wconf 82' lang='lat' dir='ltr'><strong>cecidit.</strong></span> <span class='ocrx_word' id='word_1_338' title='bbox 1182 4308 1434 4365; x_wconf 84' lang='lat' dir='ltr'><strong>Fundata</strong></span> <span class='ocrx_word' id='word_1_339' title='bbox 1461 4308 1605 4365; x_wconf 84' lang='lat' dir='ltr'><strong>enim</strong></span> <span class='ocrx_word' id='word_1_340' title='bbox 1630 4312 1747 4363; x_wconf 84' lang='lat' dir='ltr'><strong>erat</strong></span> <span class='ocrx_word' id='word_1_341' title='bbox 1780 4319 1946 4375; x_wconf 89' lang='lat' dir='ltr'><strong>supra</strong></span> <span class='ocrx_word' id='word_1_342' title='bbox 1982 4318 2075 4376; x_wconf 86' lang='lat' dir='ltr'><strong>pc-</strong></span> 
     </span>
    </p>
   </div>
   <div class='ocr_carea' id='block_1_48' title="bbox 498 4418 711 4463">
    <p class='ocr_par' dir='ltr' id='par_1_48' title="bbox 498 4418 711 4463">
     <span class='ocr_line' id='line_1_48' title="bbox 498 4418 711 4463; baseline -0.014 0"><span class='ocrx_word' id='word_1_343' title='bbox 498 4418 659 4463; x_wconf 88' lang='lat' dir='ltr'><strong>tram.</strong></span> <span class='ocrx_word' id='word_1_344' title='bbox 692 4426 711 4459; x_wconf 75' lang='grc' dir='ltr'><strong>ι</strong></span> 
     </span>
    </p>
   </div>
   <div class='ocr_carea' id='block_1_49' title="bbox 2181 493 3371 570">
    <p class='ocr_par' dir='ltr' id='par_1_49' title="bbox 2181 493 3371 570">
     <span class='ocr_line' id='line_1_49' title="bbox 2181 493 3371 570; baseline 0.007 -22"><span class='ocrx_word' id='word_1_345' title='bbox 2181 493 2289 549; x_wconf 84' lang='grc' dir='ltr'><strong>τῶν</strong></span> <span class='ocrx_word' id='word_1_346' title='bbox 2315 494 2552 551; x_wconf 69' lang='grc' dir='ltr'>ἐντολῶν</span> <span class='ocrx_word' id='word_1_347' title='bbox 2581 496 2771 563; x_wconf 76' lang='grc' dir='ltr'>αὐτοῦ,</span> <span class='ocrx_word' id='word_1_348' title='bbox 2810 498 2895 552; x_wconf 77' lang='grc' dir='ltr'>ἵνα</span> <span class='ocrx_word' id='word_1_349' title='bbox 2926 498 3002 570; x_wconf 79' lang='grc' dir='ltr'><strong>μὴ</strong></span> <span class='ocrx_word' id='word_1_350' title='bbox 3033 498 3317 557; x_wconf 82' lang='grc' dir='ltr'><strong>ἀποθάνω.</strong></span> <span class='ocrx_word' id='word_1_351' title='bbox 3349 520 3371 556; x_wconf 72' lang='lat' dir='ltr'><strong>r</strong></span> 
     </span>
    </p>
   </div>
   <div class='ocr_carea' id='block_1_50' title="bbox 2265 587 3732 662">
    <p class='ocr_par' dir='ltr' id='par_1_50' title="bbox 2265 587 3732 662">
     <span class='ocr_line' id='line_1_50' title="bbox 2265 587 3732 662; baseline 0.006 -19"><span class='ocrx_word' id='word_1_352' title='bbox 2265 608 2283 643; x_wconf 81' lang='grc' dir='ltr'><strong>ι</strong></span> <span class='ocrx_word' id='word_1_353' title='bbox 2317 590 2445 646; x_wconf 76' lang='grc' dir='ltr'>Ἐὰν</span> <span class='ocrx_word' id='word_1_354' title='bbox 2501 591 2778 647; x_wconf 79' lang='grc' dir='ltr'><strong>ἀκούσωσι</strong></span> <span class='ocrx_word' id='word_1_355' title='bbox 2836 594 2931 648; x_wconf 69' lang='grc' dir='ltr'>καὶ</span> <span class='ocrx_word' id='word_1_356' title='bbox 2986 592 3340 662; x_wconf 77' lang='grc' dir='ltr'>δουλεύσωσι,</span> <span class='ocrx_word' id='word_1_357' title='bbox 3388 587 3732 652; x_wconf 63' lang='grc' dir='ltr'>συντελέσωσι</span> 
     </span>
    </p>
   </div>
   <div class='ocr_carea' id='block_1_51' title="bbox 2180 682 3732 757">
    <p class='ocr_par' dir='ltr' id='par_1_51' title="bbox 2180 682 3732 757">
     <span class='ocr_line' id='line_1_51' title="bbox 2180 682 3732 757; baseline 0.005 -22"><span class='ocrx_word' id='word_1_358' title='bbox 2180 682 2281 748; x_wconf 77' lang='grc' dir='ltr'>τὰς</span> <span class='ocrx_word' id='word_1_359' title='bbox 2309 682 2521 755; x_wconf 80' lang='grc' dir='ltr'>ήμέρας</span> <span class='ocrx_word' id='word_1_360' title='bbox 2561 684 2743 739; x_wconf 84' lang='grc' dir='ltr'>αὐτῶν</span> <span class='ocrx_word' id='word_1_361' title='bbox 2773 685 2832 738; x_wconf 82' lang='grc' dir='ltr'>ὲν</span> <span class='ocrx_word' id='word_1_362' title='bbox 2856 684 3109 754; x_wconf 77' lang='grc' dir='ltr'>ἀγαθοῖς,</span> <span class='ocrx_word' id='word_1_363' title='bbox 3139 686 3324 740; x_wconf 75' lang='grc' dir='ltr'>καὶτὰ</span> <span class='ocrx_word' id='word_1_364' title='bbox 3369 683 3467 757; x_wconf 63' lang='grc' dir='ltr'><strong>ἐτη</strong></span> <span class='ocrx_word' id='word_1_365' title='bbox 3496 686 3659 743; x_wconf 76' lang='grc' dir='ltr'>αὐτῶν</span> <span class='ocrx_word' id='word_1_366' title='bbox 3685 690 3732 743; x_wconf 77' lang='grc' dir='ltr'>ἐν</span> 
     </span>
    </p>
   </div>
   <div class='ocr_carea' id='block_1_52' title="bbox 2182 775 2613 847">
    <p class='ocr_par' dir='ltr' id='par_1_52' title="bbox 2182 775 2613 847">
     <span class='ocr_line' id='line_1_52' title="bbox 2182 775 2613 847; baseline 0.007 -19"><span class='ocrx_word' id='word_1_367' title='bbox 2182 775 2567 847; x_wconf 82' lang='grc' dir='ltr'>εύπρεπείαις.</span> <span class='ocrx_word' id='word_1_368' title='bbox 2594 795 2613 831; x_wconf 78' lang='lat' dir='ltr'><strong>r</strong></span> 
     </span>
    </p>
   </div>
   <div class='ocr_carea' id='block_1_53' title="bbox 2264 867 3734 943">
    <p class='ocr_par' dir='ltr' id='par_1_53' title="bbox 2264 867 3734 943">
     <span class='ocr_line' id='line_1_53' title="bbox 2264 867 3734 943; baseline 0.003 -22"><span class='ocrx_word' id='word_1_369' title='bbox 2264 886 2283 921; x_wconf 82' lang='grc' dir='ltr'><strong>ι</strong></span> <span class='ocrx_word' id='word_1_370' title='bbox 2334 867 2400 922; x_wconf 83' lang='grc' dir='ltr'><strong>Ἦ</strong></span> <span class='ocrx_word' id='word_1_371' title='bbox 2440 869 2628 942; x_wconf 66' lang='grc' dir='ltr'>ἐντολὴ</span> <span class='ocrx_word' id='word_1_372' title='bbox 2684 868 2780 923; x_wconf 78' lang='grc' dir='ltr'><strong>τοῦ</strong></span> <span class='ocrx_word' id='word_1_373' title='bbox 2832 868 3038 941; x_wconf 82' lang='grc' dir='ltr'>Κυρίου</span> <span class='ocrx_word' id='word_1_374' title='bbox 3097 868 3402 942; x_wconf 66' lang='grc' dir='ltr'>τηλαυγὴς,</span> <span class='ocrx_word' id='word_1_375' title='bbox 3458 872 3734 943; x_wconf 71' lang='grc' dir='ltr'>φωτίζουσα</span> 
     </span>
    </p>
   </div>
   <div class='ocr_carea' id='block_1_54' title="bbox 2181 958 2566 1032">
    <p class='ocr_par' dir='ltr' id='par_1_54' title="bbox 2181 958 2566 1032">
     <span class='ocr_line' id='line_1_54' title="bbox 2181 958 2566 1032; baseline -0.008 -18"><span class='ocrx_word' id='word_1_376' title='bbox 2181 958 2516 1032; x_wconf 74' lang='grc' dir='ltr'>ὀφθαλμούς.</span> <span class='ocrx_word' id='word_1_377' title='bbox 2545 977 2566 1011; x_wconf 88' lang='grc'><strong>›</strong></span> 
     </span>
    </p>
   </div>
   <div class='ocr_carea' id='block_1_55' title="bbox 2255 1051 3735 1126">
    <p class='ocr_par' dir='ltr' id='par_1_55' title="bbox 2255 1051 3735 1126">
     <span class='ocr_line' id='line_1_55' title="bbox 2255 1051 3735 1126; baseline -0.001 -20"><span class='ocrx_word' id='word_1_378' title='bbox 2255 1070 2275 1106; x_wconf 76' lang='grc' dir='ltr'><strong>ι</strong></span> <span class='ocrx_word' id='word_1_379' title='bbox 2318 1051 2381 1106; x_wconf 85' lang='grc' dir='ltr'><strong><em>Ἥ</em></strong></span> <span class='ocrx_word' id='word_1_380' title='bbox 2411 1051 2732 1126; x_wconf 79' lang='grc' dir='ltr'><strong>δικαιοσύνη</strong></span> <span class='ocrx_word' id='word_1_381' title='bbox 2775 1053 2944 1109; x_wconf 82' lang='grc' dir='ltr'>αὑτοῦ</span> <span class='ocrx_word' id='word_1_382' title='bbox 2975 1055 3069 1109; x_wconf 70' lang='grc' dir='ltr'><strong>ἐπὶ</strong></span> <span class='ocrx_word' id='word_1_383' title='bbox 3097 1054 3251 1121; x_wconf 77' lang='grc' dir='ltr'>υἱοὺς</span> <span class='ocrx_word' id='word_1_384' title='bbox 3295 1053 3433 1109; x_wconf 75' lang='grc' dir='ltr'>υἱῶν</span> <span class='ocrx_word' id='word_1_385' title='bbox 3515 1053 3619 1116; x_wconf 75' lang='grc' dir='ltr'>τοῖς</span> <span class='ocrx_word' id='word_1_386' title='bbox 3649 1071 3735 1122; x_wconf 66' lang='grc' dir='ltr'>ςυ-</span> 
     </span>
    </p>
   </div>
   <div class='ocr_carea' id='block_1_56' title="bbox 2180 1145 3107 1220">
    <p class='ocr_par' dir='ltr' id='par_1_56' title="bbox 2180 1145 3107 1220">
     <span class='ocr_line' id='line_1_56' title="bbox 2180 1145 3107 1220; baseline 0.001 -20"><span class='ocrx_word' id='word_1_387' title='bbox 2180 1145 2441 1201; x_wconf 77' lang='grc' dir='ltr'>λάσσουσι</span> <span class='ocrx_word' id='word_1_388' title='bbox 2468 1145 2568 1219; x_wconf 83' lang='grc' dir='ltr'>τὴν</span> <span class='ocrx_word' id='word_1_389' title='bbox 2590 1146 2861 1220; x_wconf 76' lang='grc' dir='ltr'><strong>διαθήκην</strong></span> <span class='ocrx_word' id='word_1_390' title='bbox 2878 1147 3064 1204; x_wconf 80' lang='grc' dir='ltr'>αὐτοῦ.</span> <span class='ocrx_word' id='word_1_391' title='bbox 3088 1167 3107 1201; x_wconf 75' lang='grc' dir='ltr'><strong>ι</strong></span> 
     </span>
    </p>
   </div>
   <div class='ocr_carea' id='block_1_57' title="bbox 2253 1235 3739 1310">
    <p class='ocr_par' dir='ltr' id='par_1_57' title="bbox 2253 1235 3739 1310">
     <span class='ocr_line' id='line_1_57' title="bbox 2253 1235 3739 1310; baseline 0 -21"><span class='ocrx_word' id='word_1_392' title='bbox 2253 1254 2274 1289; x_wconf 79' lang='grc' dir='ltr'><strong>ι</strong></span> <span class='ocrx_word' id='word_1_393' title='bbox 2299 1235 2532 1306; x_wconf 79' lang='grc' dir='ltr'>Ὄφελον</span> <span class='ocrx_word' id='word_1_394' title='bbox 2566 1236 3073 1309; x_wconf 81' lang='grc' dir='ltr'>κατευθυνθείησαν</span> <span class='ocrx_word' id='word_1_395' title='bbox 3103 1237 3161 1292; x_wconf 88' lang='grc' dir='ltr'><strong>αί</strong></span> <span class='ocrx_word' id='word_1_396' title='bbox 3190 1237 3303 1293; x_wconf 78' lang='grc' dir='ltr'><strong>ὁδοί</strong></span> <span class='ocrx_word' id='word_1_397' title='bbox 3360 1254 3489 1310; x_wconf 75' lang='grc' dir='ltr'>μου,</span> <span class='ocrx_word' id='word_1_398' title='bbox 3540 1237 3627 1293; x_wconf 81' lang='grc' dir='ltr'>τοῦ</span> <span class='ocrx_word' id='word_1_399' title='bbox 3654 1257 3739 1309; x_wconf 76' lang='grc' dir='ltr'><strong>φυ-</strong></span> 
     </span>
    </p>
   </div>
   <div class='ocr_carea' id='block_1_58' title="bbox 2179 1328 2514 1398">
    <p class='ocr_par' dir='ltr' id='par_1_58' title="bbox 2179 1328 2514 1398">
     <span class='ocr_line' id='line_1_58' title="bbox 2179 1328 2514 1398; baseline 0 -15"><span class='ocrx_word' id='word_1_400' title='bbox 2179 1328 2466 1398; x_wconf 77' lang='grc' dir='ltr'>λάξασθαι.</span> <span class='ocrx_word' id='word_1_401' title='bbox 2494 1346 2514 1383; x_wconf 72' lang='grc' dir='ltr'><strong>ι</strong></span> 
     </span>
    </p>
   </div>
   <div class='ocr_carea' id='block_1_59' title="bbox 2230 1419 3026 1494">
    <p class='ocr_par' dir='ltr' id='par_1_59' title="bbox 2230 1419 3026 1494">
     <span class='ocr_line' id='line_1_59' title="bbox 2230 1419 3026 1494; baseline -0.001 -19"><span class='ocrx_word' id='word_1_402' title='bbox 2230 1440 2274 1474; x_wconf 38' lang='lat' dir='ltr'><strong>vr</strong></span> <span class='ocrx_word' id='word_1_403' title='bbox 2304 1422 2363 1476; x_wconf 86' lang='lat'><strong>&#39;0</strong></span> <span class='ocrx_word' id='word_1_404' title='bbox 2396 1423 2559 1494; x_wconf 86' lang='grc' dir='ltr'>νόμος</span> <span class='ocrx_word' id='word_1_405' title='bbox 2593 1438 2688 1477; x_wconf 87' lang='grc' dir='ltr'><strong>σου</strong></span> <span class='ocrx_word' id='word_1_406' title='bbox 2715 1419 2964 1494; x_wconf 80' lang='grc' dir='ltr'>ἀλήθεια.</span> <span class='ocrx_word' id='word_1_407' title='bbox 3004 1441 3026 1474; x_wconf 73' lang='grc' dir='ltr'><strong>ι</strong></span> 
     </span>
    </p>
   </div>
   <div class='ocr_carea' id='block_1_60' title="bbox 2259 1510 3744 1587">
    <p class='ocr_par' dir='ltr' id='par_1_60' title="bbox 2259 1510 3744 1587">
     <span class='ocr_line' id='line_1_60' title="bbox 2259 1510 3744 1587; baseline 0.002 -22"><span class='ocrx_word' id='word_1_408' title='bbox 2259 1531 2277 1565; x_wconf 78' lang='grc' dir='ltr'><strong>ι</strong></span> <span class='ocrx_word' id='word_1_409' title='bbox 2325 1512 2535 1577; x_wconf 81' lang='grc' dir='ltr'><strong>Πάντες</strong></span> <span class='ocrx_word' id='word_1_410' title='bbox 2562 1513 2614 1567; x_wconf 79' lang='grc' dir='ltr'><strong>οἱ</strong></span> <span class='ocrx_word' id='word_1_411' title='bbox 2645 1510 2800 1583; x_wconf 83' lang='grc' dir='ltr'>λόγοι</span> <span class='ocrx_word' id='word_1_412' title='bbox 2833 1514 3044 1585; x_wconf 80' lang='grc' dir='ltr'>Κυρίου</span> <span class='ocrx_word' id='word_1_413' title='bbox 3108 1512 3523 1587; x_wconf 73' lang='grc' dir='ltr'>πεπυρωμένοι.</span> <span class='ocrx_word' id='word_1_414' title='bbox 3564 1513 3744 1587; x_wconf 66' lang='grc' dir='ltr'>Ὑπέρη</span> 
     </span>
    </p>
   </div>
   <div class='ocr_carea' id='block_1_61' title="bbox 2181 1605 3341 1679">
    <p class='ocr_par' dir='ltr' id='par_1_61' title="bbox 2181 1605 3341 1679">
     <span class='ocr_line' id='line_1_61' title="bbox 2181 1605 3341 1679; baseline -0.001 -17"><span class='ocrx_word' id='word_1_415' title='bbox 2181 1605 2401 1670; x_wconf 76' lang='grc' dir='ltr'>ασπίςει</span> <span class='ocrx_word' id='word_1_416' title='bbox 2431 1606 2490 1660; x_wconf 74' lang='grc' dir='ltr'><strong>δὲ</strong></span> <span class='ocrx_word' id='word_1_417' title='bbox 2519 1605 2630 1661; x_wconf 83' lang='grc' dir='ltr'><strong>τῶν</strong></span> <span class='ocrx_word' id='word_1_418' title='bbox 2661 1605 3082 1679; x_wconf 77' lang='grc' dir='ltr'>εὐλαϐουμένων</span> <span class='ocrx_word' id='word_1_419' title='bbox 3108 1608 3293 1663; x_wconf 76' lang='grc' dir='ltr'>αὐτόν.</span> <span class='ocrx_word' id='word_1_420' title='bbox 3321 1627 3341 1661; x_wconf 75' lang='grc' dir='ltr'><strong>ι</strong></span> 
     </span>
    </p>
   </div>
   <div class='ocr_carea' id='block_1_62' title="bbox 2253 1697 3746 1774">
    <p class='ocr_par' dir='ltr' id='par_1_62' title="bbox 2253 1697 3746 1774">
     <span class='ocr_line' id='line_1_62' title="bbox 2253 1697 3746 1774; baseline 0.003 -21"><span class='ocrx_word' id='word_1_421' title='bbox 2253 1719 2273 1753; x_wconf 77' lang='grc' dir='ltr'><strong>ι</strong></span> <span class='ocrx_word' id='word_1_422' title='bbox 2298 1697 2482 1765; x_wconf 63' lang='grc' dir='ltr'><strong>’Τέλος</strong></span> <span class='ocrx_word' id='word_1_423' title='bbox 2510 1700 2698 1771; x_wconf 84' lang='grc' dir='ltr'>λόγου,</span> <span class='ocrx_word' id='word_1_424' title='bbox 2723 1699 2785 1754; x_wconf 65' lang='grc' dir='ltr'><strong>τὸ</strong></span> <span class='ocrx_word' id='word_1_425' title='bbox 2816 1702 2929 1756; x_wconf 78' lang='grc' dir='ltr'>πᾶν</span> <span class='ocrx_word' id='word_1_426' title='bbox 2953 1701 3121 1757; x_wconf 83' lang='grc' dir='ltr'>ἀκουε</span> <span class='ocrx_word' id='word_1_427' title='bbox 3140 1716 3154 1732; x_wconf 83' lang='lat'><strong><em>°</em></strong></span> <span class='ocrx_word' id='word_1_428' title='bbox 3185 1702 3280 1756; x_wconf 81' lang='grc' dir='ltr'>τὸν</span> <span class='ocrx_word' id='word_1_429' title='bbox 3299 1701 3433 1758; x_wconf 75' lang='grc' dir='ltr'>Θεὸν</span> <span class='ocrx_word' id='word_1_430' title='bbox 3450 1701 3636 1774; x_wconf 79' lang='grc' dir='ltr'>φοϐοῦ,</span> <span class='ocrx_word' id='word_1_431' title='bbox 3662 1705 3746 1758; x_wconf 79' lang='grc' dir='ltr'>καὶ</span> 
     </span>
    </p>
   </div>
   <div class='ocr_carea' id='block_1_63' title="bbox 2172 1791 3057 1866">
    <p class='ocr_par' dir='ltr' id='par_1_63' title="bbox 2172 1791 3057 1866">
     <span class='ocr_line' id='line_1_63' title="bbox 2172 1791 3057 1866; baseline 0.001 -20"><span class='ocrx_word' id='word_1_432' title='bbox 2172 1791 2271 1859; x_wconf 83' lang='grc' dir='ltr'><strong>τὰς</strong></span> <span class='ocrx_word' id='word_1_433' title='bbox 2297 1793 2522 1859; x_wconf 68' lang='grc' dir='ltr'>ἐντολὰς</span> <span class='ocrx_word' id='word_1_434' title='bbox 2552 1792 2719 1849; x_wconf 78' lang='grc' dir='ltr'>αὐτοῦ</span> <span class='ocrx_word' id='word_1_435' title='bbox 2743 1794 3006 1866; x_wconf 76' lang='grc' dir='ltr'>φύλασσε.</span> <span class='ocrx_word' id='word_1_436' title='bbox 3035 1813 3057 1847; x_wconf 73' lang='grc' dir='ltr'><strong>ι</strong></span> 
     </span>
    </p>
   </div>
   <div class='ocr_carea' id='block_1_64' title="bbox 2259 1884 3327 1960">
    <p class='ocr_par' dir='ltr' id='par_1_64' title="bbox 2259 1884 3327 1960">
     <span class='ocr_line' id='line_1_64' title="bbox 2259 1884 3327 1960; baseline 0.001 -22"><span class='ocrx_word' id='word_1_437' title='bbox 2259 1902 2278 1938; x_wconf 81' lang='grc' dir='ltr'><strong>ι</strong></span> <span class='ocrx_word' id='word_1_438' title='bbox 2314 1884 2658 1957; x_wconf 73' lang='grc' dir='ltr'>Πρόστατμα</span> <span class='ocrx_word' id='word_1_439' title='bbox 2681 1885 2891 1960; x_wconf 77' lang='grc' dir='ltr'>Κυρίου</span> <span class='ocrx_word' id='word_1_440' title='bbox 2925 1886 3079 1959; x_wconf 80' lang='grc' dir='ltr'><strong>πηγὴ</strong></span> <span class='ocrx_word' id='word_1_441' title='bbox 3104 1885 3275 1958; x_wconf 79' lang='grc' dir='ltr'>ζωῆς.</span> <span class='ocrx_word' id='word_1_442' title='bbox 3307 1906 3327 1939; x_wconf 78' lang='grc' dir='ltr'><strong>ι</strong></span> 
     </span>
    </p>
   </div>
   <div class='ocr_carea' id='block_1_65' title="bbox 2227 2069 3747 2146">
    <p class='ocr_par' dir='ltr' id='par_1_65' title="bbox 2227 2069 3747 2146">
     <span class='ocr_line' id='line_1_65' title="bbox 2227 2069 3747 2146; baseline 0.001 -21"><span class='ocrx_word' id='word_1_443' title='bbox 2227 2087 2249 2125; x_wconf 81' lang='grc' dir='ltr'><strong>ι</strong></span> <span class='ocrx_word' id='word_1_444' title='bbox 2271 2072 2336 2125; x_wconf 82' lang='grc' dir='ltr'><strong>οι</strong></span> <span class='ocrx_word' id='word_1_445' title='bbox 2361 2069 2689 2140; x_wconf 78' lang='grc' dir='ltr'><strong>ἀγαπῶντες</strong></span> <span class='ocrx_word' id='word_1_446' title='bbox 2742 2069 2835 2127; x_wconf 84' lang='grc' dir='ltr'>τδν</span> <span class='ocrx_word' id='word_1_447' title='bbox 2882 2071 3067 2145; x_wconf 79' lang='grc' dir='ltr'>νόμον,</span> <span class='ocrx_word' id='word_1_448' title='bbox 3122 2070 3517 2146; x_wconf 69' lang='grc' dir='ltr'>περιϐαλοῦσιν</span> <span class='ocrx_word' id='word_1_449' title='bbox 3554 2072 3747 2136; x_wconf 74' lang='grc' dir='ltr'>ἑαυτοῖς</span> 
     </span>
    </p>
   </div>
   <div class='ocr_carea' id='block_1_66' title="bbox 2188 2166 2431 2222">
    <p class='ocr_par' dir='ltr' id='par_1_66' title="bbox 2188 2166 2431 2222">
     <span class='ocr_line' id='line_1_66' title="bbox 2188 2166 2431 2222; baseline -0.016 -2"><span class='ocrx_word' id='word_1_450' title='bbox 2188 2166 2387 2222; x_wconf 62' lang='lat' dir='ltr'><strong>uiroc.</strong></span> <span class='ocrx_word' id='word_1_451' title='bbox 2413 2182 2431 2216; x_wconf 81' lang='grc' dir='ltr'><strong>ι</strong></span> 
     </span>
    </p>
   </div>
   <div class='ocr_carea' id='block_1_67' title="bbox 2247 2181 3751 2330">
    <p class='ocr_par' dir='ltr' id='par_1_67' title="bbox 2247 2181 3751 2330">
     <span class='ocr_line' id='line_1_67' title="bbox 2253 2181 2431 2222; baseline -0.006 -5"><span class='ocrx_word' id='word_1_452' title='bbox 2253 2181 2269 2217; x_wconf 91' lang='grc' dir='ltr'><strong>ι</strong></span> <span class='ocrx_word' id='word_1_453' title='bbox 2307 2181 2335 2218; x_wconf 91' lang='grc' dir='ltr'><strong>ο</strong></span> <span class='ocrx_word' id='word_1_454' title='bbox 2373 2206 2387 2222; x_wconf 91' lang='grc'><strong>.</strong></span> <span class='ocrx_word' id='word_1_455' title='bbox 2413 2182 2431 2216; x_wconf 80' lang='grc' dir='ltr'><strong>ι</strong></span> 
     </span>
     <span class='ocr_line' id='line_1_68' title="bbox 2247 2181 3751 2330; baseline 0.003 -20"><span class='ocrx_word' id='word_1_456' title='bbox 2247 2181 2429 2314; x_wconf 43' lang='lat' dir='ltr'><strong>frias</strong></span> <span class='ocrx_word' id='word_1_457' title='bbox 2476 2256 2626 2328; x_wconf 72' lang='grc' dir='ltr'>λέγει</span> <span class='ocrx_word' id='word_1_458' title='bbox 2674 2255 2882 2330; x_wconf 75' lang='grc' dir='ltr'>Κύριος</span> <span class='ocrx_word' id='word_1_459' title='bbox 2917 2274 2934 2291; x_wconf 78' lang='grc' dir='ltr'>ο</span> <span class='ocrx_word' id='word_1_460' title='bbox 2981 2257 3108 2314; x_wconf 80' lang='grc' dir='ltr'>Ἐἀν</span> <span class='ocrx_word' id='word_1_461' title='bbox 3136 2258 3195 2312; x_wconf 67' lang='grc' dir='ltr'>ἂν</span> <span class='ocrx_word' id='word_1_462' title='bbox 3227 2260 3339 2324; x_wconf 76' lang='grc' dir='ltr'>τοῖς</span> <span class='ocrx_word' id='word_1_463' title='bbox 3367 2259 3517 2324; x_wconf 71' lang='grc' dir='ltr'>ὁδοῖς</span> <span class='ocrx_word' id='word_1_464' title='bbox 3541 2276 3638 2330; x_wconf 84' lang='grc' dir='ltr'>μου</span> <span class='ocrx_word' id='word_1_465' title='bbox 3664 2274 3751 2313; x_wconf 83' lang='grc' dir='ltr'><strong>πο-</strong></span> 
     </span>
    </p>
   </div>
   <div class='ocr_carea' id='block_1_68' title="bbox 2176 2350 3747 2426">
    <p class='ocr_par' dir='ltr' id='par_1_68' title="bbox 2176 2350 3747 2426">
     <span class='ocr_line' id='line_1_69' title="bbox 2176 2350 3747 2426; baseline 0.002 -20"><span class='ocrx_word' id='word_1_466' title='bbox 2176 2350 2334 2425; x_wconf 80' lang='grc' dir='ltr'>ρεύῃ,</span> <span class='ocrx_word' id='word_1_467' title='bbox 2393 2350 2490 2406; x_wconf 72' lang='grc' dir='ltr'>καὶ</span> <span class='ocrx_word' id='word_1_468' title='bbox 2522 2352 2582 2407; x_wconf 63' lang='grc' dir='ltr'>ἐν</span> <span class='ocrx_word' id='word_1_469' title='bbox 2614 2353 2730 2417; x_wconf 83' lang='grc' dir='ltr'>τοῖς</span> <span class='ocrx_word' id='word_1_470' title='bbox 2783 2352 3178 2424; x_wconf 79' lang='grc' dir='ltr'>προστάγμασί</span> <span class='ocrx_word' id='word_1_471' title='bbox 3229 2369 3332 2425; x_wconf 87' lang='grc' dir='ltr'>μου</span> <span class='ocrx_word' id='word_1_472' title='bbox 3380 2352 3747 2426; x_wconf 71' lang='grc' dir='ltr'>φυλάσσῃ,σὺ</span> 
     </span>
    </p>
   </div>
   <div class='ocr_carea' id='block_1_69' title="bbox 2172 2440 2964 2518">
    <p class='ocr_par' dir='ltr' id='par_1_69' title="bbox 2172 2440 2964 2518">
     <span class='ocr_line' id='line_1_70' title="bbox 2172 2440 2964 2518; baseline 0 -19"><span class='ocrx_word' id='word_1_473' title='bbox 2172 2444 2474 2517; x_wconf 83' lang='grc' dir='ltr'>διακρινεῐς</span> <span class='ocrx_word' id='word_1_474' title='bbox 2502 2443 2595 2500; x_wconf 78' lang='grc' dir='ltr'>τὸν</span> <span class='ocrx_word' id='word_1_475' title='bbox 2616 2440 2766 2500; x_wconf 72' lang='grc' dir='ltr'>οἶκόν</span> <span class='ocrx_word' id='word_1_476' title='bbox 2791 2462 2916 2518; x_wconf 80' lang='grc' dir='ltr'>μου.</span> <span class='ocrx_word' id='word_1_477' title='bbox 2942 2462 2964 2499; x_wconf 76' lang='grc' dir='ltr'><strong>ι</strong></span> 
     </span>
    </p>
   </div>
   <div class='ocr_carea' id='block_1_70' title="bbox 2253 2537 3751 2611">
    <p class='ocr_par' dir='ltr' id='par_1_70' title="bbox 2253 2537 3751 2611">
     <span class='ocr_line' id='line_1_71' title="bbox 2253 2537 3751 2611; baseline 0.003 -21"><span class='ocrx_word' id='word_1_478' title='bbox 2253 2556 2272 2590; x_wconf 82' lang='grc' dir='ltr'><strong>ι</strong></span> <span class='ocrx_word' id='word_1_479' title='bbox 2310 2538 2611 2595; x_wconf 80' lang='grc' dir='ltr'>Ἀκούσατέ</span> <span class='ocrx_word' id='word_1_480' title='bbox 2646 2554 2777 2610; x_wconf 79' lang='grc' dir='ltr'>μου,</span> <span class='ocrx_word' id='word_1_481' title='bbox 2804 2537 2901 2592; x_wconf 80' lang='grc' dir='ltr'>καὶ</span> <span class='ocrx_word' id='word_1_482' title='bbox 2927 2537 3172 2610; x_wconf 81' lang='grc' dir='ltr'>φάγεσθε</span> <span class='ocrx_word' id='word_1_483' title='bbox 3211 2538 3419 2609; x_wconf 81' lang='grc' dir='ltr'>ἀγαθά,</span> <span class='ocrx_word' id='word_1_484' title='bbox 3447 2541 3546 2596; x_wconf 83' lang='grc' dir='ltr'>καὶ</span> <span class='ocrx_word' id='word_1_485' title='bbox 3573 2540 3751 2611; x_wconf 56' lang='lat' dir='ltr'><strong>turpit-</strong></span> 
     </span>
    </p>
   </div>
   <div class='ocr_carea' id='block_1_71' title="bbox 2177 2626 3193 2702">
    <p class='ocr_par' dir='ltr' id='par_1_71' title="bbox 2177 2626 3193 2702">
     <span class='ocr_line' id='line_1_72' title="bbox 2177 2626 3193 2702; baseline 0.001 -21"><span class='ocrx_word' id='word_1_486' title='bbox 2177 2626 2372 2701; x_wconf 78' lang='grc' dir='ltr'>φηθείη</span> <span class='ocrx_word' id='word_1_487' title='bbox 2404 2630 2462 2683; x_wconf 69' lang='grc' dir='ltr'>ἐν</span> <span class='ocrx_word' id='word_1_488' title='bbox 2485 2627 2712 2696; x_wconf 78' lang='grc' dir='ltr'><strong>ἀγαθοῖς</strong></span> <span class='ocrx_word' id='word_1_489' title='bbox 2743 2630 2776 2701; x_wconf 89' lang='grc' dir='ltr'><strong>ή</strong></span> <span class='ocrx_word' id='word_1_490' title='bbox 2799 2627 2947 2702; x_wconf 78' lang='grc' dir='ltr'>ψυχὴ</span> <span class='ocrx_word' id='word_1_491' title='bbox 2972 2628 3149 2701; x_wconf 82' lang='grc' dir='ltr'>ὑμῶν.</span> <span class='ocrx_word' id='word_1_492' title='bbox 3172 2647 3193 2682; x_wconf 71' lang='grc' dir='ltr'><strong>ι</strong></span> 
     </span>
    </p>
   </div>
   <div class='ocr_carea' id='block_1_72' title="bbox 2247 2719 3757 2797">
    <p class='ocr_par' dir='ltr' id='par_1_72' title="bbox 2247 2719 3757 2797">
     <span class='ocr_line' id='line_1_73' title="bbox 2247 2719 3757 2797; baseline 0.001 -20"><span class='ocrx_word' id='word_1_493' title='bbox 2247 2721 2579 2793; x_wconf 74' lang='grc' dir='ltr'>«Κρείττων</span> <span class='ocrx_word' id='word_1_494' title='bbox 2638 2720 2959 2795; x_wconf 70' lang='grc' dir='ltr'><strong>ἡττώμενος</strong></span> <span class='ocrx_word' id='word_1_495' title='bbox 3010 2721 3073 2777; x_wconf 70' lang='grc' dir='ltr'>ἐν</span> <span class='ocrx_word' id='word_1_496' title='bbox 3131 2719 3347 2779; x_wconf 75' lang='grc' dir='ltr'><strong>συνέσει</strong></span> <span class='ocrx_word' id='word_1_497' title='bbox 3405 2722 3757 2797; x_wconf 44' lang='lat' dir='ltr'><strong>Emungi</strong></span> 
     </span>
    </p>
   </div>
   <div class='ocr_carea' id='block_1_73' title="bbox 2179 2814 3627 2890">
    <p class='ocr_par' dir='ltr' id='par_1_73' title="bbox 2179 2814 3627 2890">
     <span class='ocr_line' id='line_1_74' title="bbox 2179 2814 3627 2890; baseline 0.002 -21"><span class='ocrx_word' id='word_1_498' title='bbox 2179 2814 2521 2890; x_wconf 81' lang='grc' dir='ltr'>περισσεύων</span> <span class='ocrx_word' id='word_1_499' title='bbox 2562 2814 2846 2890; x_wconf 74' lang='grc' dir='ltr'>φρονήσει,</span> <span class='ocrx_word' id='word_1_500' title='bbox 2877 2814 2975 2870; x_wconf 80' lang='grc' dir='ltr'>καὶ</span> <span class='ocrx_word' id='word_1_501' title='bbox 3004 2814 3364 2886; x_wconf 75' lang='grc' dir='ltr'>παραϐαίνων</span> <span class='ocrx_word' id='word_1_502' title='bbox 3391 2816 3582 2888; x_wconf 79' lang='grc' dir='ltr'>νόμον.</span> <span class='ocrx_word' id='word_1_503' title='bbox 3606 2837 3627 2872; x_wconf 77' lang='grc' dir='ltr'><strong>ι</strong></span> 
     </span>
    </p>
   </div>
   <div class='ocr_carea' id='block_1_74' title="bbox 2267 2995 3759 3072">
    <p class='ocr_par' dir='ltr' id='par_1_74' title="bbox 2267 2995 3759 3072">
     <span class='ocr_line' id='line_1_75' title="bbox 2267 2995 3759 3072; baseline 0.002 -20"><span class='ocrx_word' id='word_1_504' title='bbox 2267 3017 2287 3052; x_wconf 84' lang='grc' dir='ltr'><strong>ι</strong></span> <span class='ocrx_word' id='word_1_505' title='bbox 2328 2997 2498 3053; x_wconf 74' lang='grc' dir='ltr'>Ούδὶν</span> <span class='ocrx_word' id='word_1_506' title='bbox 2536 2996 2875 3071; x_wconf 72' lang='grc' dir='ltr'><strong>γλυκύτερον</strong></span> <span class='ocrx_word' id='word_1_507' title='bbox 2906 2995 3005 3056; x_wconf 75' lang='grc' dir='ltr'><strong>τοῦ</strong></span> <span class='ocrx_word' id='word_1_508' title='bbox 3041 2998 3331 3072; x_wconf 72' lang='grc' dir='ltr'>προσέχειν</span> <span class='ocrx_word' id='word_1_509' title='bbox 3375 3000 3627 3065; x_wconf 68' lang='grc' dir='ltr'>δντολαίς</span> <span class='ocrx_word' id='word_1_510' title='bbox 3655 2999 3759 3055; x_wconf 67' lang='grc' dir='ltr'><strong>Κυ-</strong></span> 
     </span>
    </p>
   </div>
   <div class='ocr_carea' id='block_1_75' title="bbox 2106 3095 2371 3183">
    <p class='ocr_par' dir='ltr' id='par_1_75' title="bbox 2106 3095 2371 3183">
     <span class='ocr_line' id='line_1_76' title="bbox 2106 3095 2371 3183; baseline -0.008 -35"><span class='ocrx_word' id='word_1_511' title='bbox 2106 3125 2151 3183; x_wconf 74' lang='lat' dir='ltr'><strong><em>C</em></strong></span> <span class='ocrx_word' id='word_1_512' title='bbox 2183 3095 2324 3168; x_wconf 80' lang='grc' dir='ltr'>ρίου.</span> <span class='ocrx_word' id='word_1_513' title='bbox 2352 3113 2371 3146; x_wconf 75' lang='grc' dir='ltr'><strong>ι</strong></span> 
     </span>
    </p>
   </div>
   <div class='ocr_carea' id='block_1_76' title="bbox 2252 3184 3564 3261">
    <p class='ocr_par' dir='ltr' id='par_1_76' title="bbox 2252 3184 3564 3261">
     <span class='ocr_line' id='line_1_77' title="bbox 2252 3184 3564 3261; baseline -0.002 -20"><span class='ocrx_word' id='word_1_514' title='bbox 2252 3207 2271 3241; x_wconf 83' lang='grc' dir='ltr'><strong>ι</strong></span> <span class='ocrx_word' id='word_1_515' title='bbox 2322 3188 2380 3242; x_wconf 92' lang='lat'><strong>&#39;0</strong></span> <span class='ocrx_word' id='word_1_516' title='bbox 2403 3184 2585 3259; x_wconf 78' lang='grc' dir='ltr'>ζητῶν</span> <span class='ocrx_word' id='word_1_517' title='bbox 2612 3186 2799 3259; x_wconf 82' lang='grc' dir='ltr'>νόμον,</span> <span class='ocrx_word' id='word_1_518' title='bbox 2831 3186 3290 3261; x_wconf 72' lang='grc' dir='ltr'><strong>ἐμπλησθήσεται</strong></span> <span class='ocrx_word' id='word_1_519' title='bbox 3316 3188 3506 3245; x_wconf 79' lang='grc' dir='ltr'>αὑτοῦ.</span> <span class='ocrx_word' id='word_1_520' title='bbox 3547 3208 3564 3239; x_wconf 70' lang='grc' dir='ltr'><strong>ι</strong></span> 
     </span>
    </p>
   </div>
   <div class='ocr_carea' id='block_1_77' title="bbox 2256 3374 3762 3455">
    <p class='ocr_par' dir='ltr' id='par_1_77' title="bbox 2256 3374 3762 3455">
     <span class='ocr_line' id='line_1_78' title="bbox 2256 3374 3762 3455; baseline 0.007 -29"><span class='ocrx_word' id='word_1_521' title='bbox 2256 3392 2274 3426; x_wconf 79' lang='grc' dir='ltr'><strong>ι</strong></span> <span class='ocrx_word' id='word_1_522' title='bbox 2314 3374 2417 3439; x_wconf 78' lang='grc' dir='ltr'><strong>Θὲς</strong></span> <span class='ocrx_word' id='word_1_523' title='bbox 2446 3376 2537 3428; x_wconf 77' lang='grc' dir='ltr'>τὸν</span> <span class='ocrx_word' id='word_1_524' title='bbox 2564 3374 2838 3448; x_wconf 75' lang='grc' dir='ltr'>θησαυρόν</span> <span class='ocrx_word' id='word_1_525' title='bbox 2895 3393 2992 3432; x_wconf 75' lang='grc' dir='ltr'>σου</span> <span class='ocrx_word' id='word_1_526' title='bbox 3052 3380 3176 3434; x_wconf 75' lang='grc' dir='ltr'>κατ’</span> <span class='ocrx_word' id='word_1_527' title='bbox 3223 3378 3448 3447; x_wconf 72' lang='grc' dir='ltr'>ἐντολὰς</span> <span class='ocrx_word' id='word_1_528' title='bbox 3483 3379 3762 3455; x_wconf 73' lang='grc' dir='ltr'>Ὑψίστου,</span> 
     </span>
    </p>
   </div>
   <div class='ocr_carea' id='block_1_78' title="bbox 2179 3467 3460 3545">
    <p class='ocr_par' dir='ltr' id='par_1_78' title="bbox 2179 3467 3460 3545">
     <span class='ocr_line' id='line_1_79' title="bbox 2179 3467 3460 3545; baseline 0.005 -25"><span class='ocrx_word' id='word_1_529' title='bbox 2179 3468 2273 3521; x_wconf 77' lang='grc' dir='ltr'>καὶ</span> <span class='ocrx_word' id='word_1_530' title='bbox 2298 3467 2631 3522; x_wconf 78' lang='grc' dir='ltr'>λυσιτελέσει</span> <span class='ocrx_word' id='word_1_531' title='bbox 2657 3487 2739 3523; x_wconf 88' lang='grc' dir='ltr'><strong>σοι</strong></span> <span class='ocrx_word' id='word_1_532' title='bbox 2772 3470 2985 3542; x_wconf 77' lang='grc' dir='ltr'>μᾶλλον</span> <span class='ocrx_word' id='word_1_533' title='bbox 3016 3471 3050 3543; x_wconf 73' lang='grc' dir='ltr'>ἢ</span> <span class='ocrx_word' id='word_1_534' title='bbox 3080 3472 3141 3526; x_wconf 85' lang='grc' dir='ltr'><strong>τὺ</strong></span> <span class='ocrx_word' id='word_1_535' title='bbox 3170 3473 3415 3545; x_wconf 83' lang='grc' dir='ltr'>χρυσίον.</span> <span class='ocrx_word' id='word_1_536' title='bbox 3439 3492 3460 3526; x_wconf 76' lang='grc' dir='ltr'><strong>ι</strong></span> 
     </span>
    </p>
   </div>
   <div class='ocr_carea' id='block_1_79' title="bbox 2251 3654 3757 3730">
    <p class='ocr_par' dir='ltr' id='par_1_79' title="bbox 2251 3654 3757 3730">
     <span class='ocr_line' id='line_1_80' title="bbox 2251 3654 3757 3730; baseline 0.005 -23"><span class='ocrx_word' id='word_1_537' title='bbox 2251 3672 2270 3707; x_wconf 80' lang='grc' dir='ltr'><strong>ι</strong></span> <span class='ocrx_word' id='word_1_538' title='bbox 2294 3655 2370 3708; x_wconf 77' lang='grc' dir='ltr'><strong>Οὐ</strong></span> <span class='ocrx_word' id='word_1_539' title='bbox 2398 3655 2504 3719; x_wconf 77' lang='grc' dir='ltr'>πᾶς</span> <span class='ocrx_word' id='word_1_540' title='bbox 2530 3655 2559 3707; x_wconf 88' lang='grc' dir='ltr'>ὀ</span> <span class='ocrx_word' id='word_1_541' title='bbox 2582 3654 2759 3724; x_wconf 78' lang='grc' dir='ltr'>λέγων</span> <span class='ocrx_word' id='word_1_542' title='bbox 2788 3673 2900 3727; x_wconf 83' lang='grc' dir='ltr'>μοι,</span> <span class='ocrx_word' id='word_1_543' title='bbox 2928 3654 3126 3727; x_wconf 78' lang='grc' dir='ltr'>Κύριε,</span> <span class='ocrx_word' id='word_1_544' title='bbox 3162 3657 3358 3730; x_wconf 82' lang='grc' dir='ltr'>Κύριε,</span> <span class='ocrx_word' id='word_1_545' title='bbox 3388 3657 3757 3715; x_wconf 71' lang='grc' dir='ltr'>εἰσελεύσεται</span> 
     </span>
    </p>
   </div>
   <div class='ocr_carea' id='block_1_80' title="bbox 2179 3746 3763 3821">
    <p class='ocr_par' dir='ltr' id='par_1_80' title="bbox 2179 3746 3763 3821">
     <span class='ocr_line' id='line_1_81' title="bbox 2179 3746 3763 3821; baseline 0.003 -21"><span class='ocrx_word' id='word_1_546' title='bbox 2179 3748 2258 3810; x_wconf 79' lang='grc' dir='ltr'><strong>είς</strong></span> <span class='ocrx_word' id='word_1_547' title='bbox 2308 3748 2407 3819; x_wconf 79' lang='grc' dir='ltr'>τὴν</span> <span class='ocrx_word' id='word_1_548' title='bbox 2459 3746 2743 3819; x_wconf 83' lang='grc' dir='ltr'>βασιλείαν</span> <span class='ocrx_word' id='word_1_549' title='bbox 2790 3748 2899 3804; x_wconf 87' lang='grc' dir='ltr'><strong>τῶν</strong></span> <span class='ocrx_word' id='word_1_550' title='bbox 2956 3748 3231 3821; x_wconf 80' lang='grc' dir='ltr'>οὐρανῶν,</span> <span class='ocrx_word' id='word_1_551' title='bbox 3289 3748 3408 3804; x_wconf 79' lang='grc' dir='ltr'><strong>ἀλλ’</strong></span> <span class='ocrx_word' id='word_1_552' title='bbox 3445 3752 3477 3804; x_wconf 84' lang='grc' dir='ltr'><em>ὁ</em></span> <span class='ocrx_word' id='word_1_553' title='bbox 3508 3749 3684 3807; x_wconf 83' lang='grc' dir='ltr'>ποιῶν</span> <span class='ocrx_word' id='word_1_554' title='bbox 3708 3752 3763 3805; x_wconf 80' lang='grc' dir='ltr'><strong>τὺ</strong></span> 
     </span>
    </p>
   </div>
   <div class='ocr_carea' id='block_1_81' title="bbox 2180 3840 3755 3914">
    <p class='ocr_par' dir='ltr' id='par_1_81' title="bbox 2180 3840 3755 3914">
     <span class='ocr_line' id='line_1_82' title="bbox 2180 3840 3755 3914; baseline 0.003 -19"><span class='ocrx_word' id='word_1_555' title='bbox 2180 3840 2391 3912; x_wconf 78' lang='grc' dir='ltr'><strong>θέλημα</strong></span> <span class='ocrx_word' id='word_1_556' title='bbox 2422 3840 2514 3895; x_wconf 79' lang='grc' dir='ltr'><strong>τοῦ</strong></span> <span class='ocrx_word' id='word_1_557' title='bbox 2546 3840 2764 3914; x_wconf 81' lang='grc' dir='ltr'>Πατρός</span> <span class='ocrx_word' id='word_1_558' title='bbox 2804 3859 2907 3913; x_wconf 83' lang='grc' dir='ltr'>μου</span> <span class='ocrx_word' id='word_1_559' title='bbox 2934 3841 3032 3896; x_wconf 82' lang='grc' dir='ltr'><strong>τοῦ</strong></span> <span class='ocrx_word' id='word_1_560' title='bbox 3063 3843 3121 3897; x_wconf 78' lang='grc' dir='ltr'>ὲν</span> <span class='ocrx_word' id='word_1_561' title='bbox 3144 3842 3417 3914; x_wconf 63' lang='grc' dir='ltr'>οὐρανοῖς.</span> <span class='ocrx_word' id='word_1_562' title='bbox 3452 3842 3575 3909; x_wconf 79' lang='grc' dir='ltr'><strong>Πᾶς</strong></span> <span class='ocrx_word' id='word_1_563' title='bbox 3623 3847 3755 3908; x_wconf 80' lang='grc' dir='ltr'>ὅστις</span> 
     </span>
    </p>
   </div>
   <div class='ocr_carea' id='block_1_82' title="bbox 2181 3933 3772 4015">
    <p class='ocr_par' dir='ltr' id='par_1_82' title="bbox 2181 3933 3772 4015">
     <span class='ocr_line' id='line_1_83' title="bbox 2181 3933 3772 4015; baseline 0.001 -22"><span class='ocrx_word' id='word_1_564' title='bbox 2181 3938 2370 3993; x_wconf 84' lang='grc' dir='ltr'>ἀκούει</span> <span class='ocrx_word' id='word_1_565' title='bbox 2408 3957 2512 4012; x_wconf 81' lang='grc' dir='ltr'>μου</span> <span class='ocrx_word' id='word_1_566' title='bbox 2538 3942 2667 4006; x_wconf 78' lang='grc' dir='ltr'>τοὺς</span> <span class='ocrx_word' id='word_1_567' title='bbox 2702 3940 2920 4011; x_wconf 84' lang='grc' dir='ltr'>λόγους,</span> <span class='ocrx_word' id='word_1_568' title='bbox 2955 3941 3049 3997; x_wconf 75' lang='grc' dir='ltr'>καὶ</span> <span class='ocrx_word' id='word_1_569' title='bbox 3102 3943 3249 3996; x_wconf 81' lang='grc' dir='ltr'>ποιεῖ</span> <span class='ocrx_word' id='word_1_570' title='bbox 3267 3941 3489 4009; x_wconf 78' lang='grc' dir='ltr'>αὐτοὺς,</span> <span class='ocrx_word' id='word_1_571' title='bbox 3517 3933 3772 4015; x_wconf 78' lang='grc' dir='ltr'><strong>ὁμοιώσω</strong></span> 
     </span>
    </p>
   </div>
   <div class='ocr_carea' id='block_1_83' title="bbox 2180 4034 3762 4110">
    <p class='ocr_par' dir='ltr' id='par_1_83' title="bbox 2180 4034 3762 4110">
     <span class='ocr_line' id='line_1_84' title="bbox 2180 4034 3762 4110; baseline 0 -23"><span class='ocrx_word' id='word_1_572' title='bbox 2180 4034 2342 4088; x_wconf 77' lang='grc' dir='ltr'>αὑτὸν</span> <span class='ocrx_word' id='word_1_573' title='bbox 2376 4034 2532 4107; x_wconf 76' lang='grc' dir='ltr'>ἀνδρὶ</span> <span class='ocrx_word' id='word_1_574' title='bbox 2576 4034 2847 4108; x_wconf 79' lang='grc' dir='ltr'>φρονίμῳ,</span> <span class='ocrx_word' id='word_1_575' title='bbox 2882 4036 3035 4102; x_wconf 81' lang='grc' dir='ltr'>ὅστις</span> <span class='ocrx_word' id='word_1_576' title='bbox 3072 4035 3396 4107; x_wconf 76' lang='grc' dir='ltr'>ᾠκοδόμησε</span> <span class='ocrx_word' id='word_1_577' title='bbox 3422 4036 3528 4110; x_wconf 80' lang='grc' dir='ltr'><strong>τήν</strong></span> <span class='ocrx_word' id='word_1_578' title='bbox 3592 4036 3762 4091; x_wconf 70' lang='grc' dir='ltr'>οἰκίαν</span> 
     </span>
    </p>
   </div>
   <div class='ocr_carea' id='block_1_84' title="bbox 2181 4126 3758 4203">
    <p class='ocr_par' dir='ltr' id='par_1_84' title="bbox 2181 4126 3758 4203">
     <span class='ocr_line' id='line_1_85' title="bbox 2181 4126 3758 4203; baseline 0 -22"><span class='ocrx_word' id='word_1_579' title='bbox 2181 4126 2347 4183; x_wconf 82' lang='grc' dir='ltr'>αὐτοῦ</span> <span class='ocrx_word' id='word_1_580' title='bbox 2397 4128 2489 4181; x_wconf 69' lang='grc' dir='ltr'><strong>ἐπὶ</strong></span> <span class='ocrx_word' id='word_1_581' title='bbox 2518 4129 2619 4201; x_wconf 80' lang='grc' dir='ltr'>τὴν</span> <span class='ocrx_word' id='word_1_582' title='bbox 2673 4130 2882 4203; x_wconf 83' lang='grc' dir='ltr'>πέτραν</span> <span class='ocrx_word' id='word_1_583' title='bbox 2922 4144 2938 4161; x_wconf 70' lang='grc' dir='ltr'><strong>ο</strong></span> <span class='ocrx_word' id='word_1_584' title='bbox 2987 4131 3083 4185; x_wconf 76' lang='grc' dir='ltr'>καὶ</span> <span class='ocrx_word' id='word_1_585' title='bbox 3116 4130 3382 4201; x_wconf 72' lang='grc' dir='ltr'>κατέὸήή</span> <span class='ocrx_word' id='word_1_586' title='bbox 3416 4130 3615 4203; x_wconf 76' lang='grc' dir='ltr'>βροχὴ,</span> <span class='ocrx_word' id='word_1_587' title='bbox 3673 4130 3758 4183; x_wconf 68' lang='grc' dir='ltr'>καὶ</span> 
     </span>
    </p>
   </div>
   <div class='ocr_carea' id='block_1_85' title="bbox 2179 4215 3756 4296">
    <p class='ocr_par' dir='ltr' id='par_1_85' title="bbox 2179 4215 3756 4296">
     <span class='ocr_line' id='line_1_86' title="bbox 2179 4215 3756 4296; baseline 0.001 -23"><span class='ocrx_word' id='word_1_588' title='bbox 2179 4215 2343 4293; x_wconf 74' lang='grc' dir='ltr'>ἦλθον</span> <span class='ocrx_word' id='word_1_589' title='bbox 2367 4223 2415 4274; x_wconf 86' lang='grc' dir='ltr'><strong>οί</strong></span> <span class='ocrx_word' id='word_1_590' title='bbox 2448 4223 2708 4295; x_wconf 77' lang='grc' dir='ltr'>ποταμοὶ,</span> <span class='ocrx_word' id='word_1_591' title='bbox 2735 4224 2832 4278; x_wconf 76' lang='grc' dir='ltr'><strong>καὶ</strong></span> <span class='ocrx_word' id='word_1_592' title='bbox 2856 4221 3131 4277; x_wconf 76' lang='grc' dir='ltr'>ἔπνευσαν</span> <span class='ocrx_word' id='word_1_593' title='bbox 3152 4224 3202 4276; x_wconf 82' lang='grc' dir='ltr'><strong>οἱ</strong></span> <span class='ocrx_word' id='word_1_594' title='bbox 3226 4224 3446 4296; x_wconf 78' lang='grc' dir='ltr'>ἄνεμοι,</span> <span class='ocrx_word' id='word_1_595' title='bbox 3467 4226 3565 4279; x_wconf 77' lang='grc' dir='ltr'>καὶ</span> <span class='ocrx_word' id='word_1_596' title='bbox 3598 4238 3756 4295; x_wconf 86' lang='grc' dir='ltr'>προσ·</span> 
     </span>
    </p>
   </div>
   <div class='ocr_carea' id='block_1_86' title="bbox 2182 4312 3754 4391">
    <p class='ocr_par' dir='ltr' id='par_1_86' title="bbox 2182 4312 3754 4391">
     <span class='ocr_line' id='line_1_87' title="bbox 2182 4312 3754 4391; baseline 0.003 -23"><span class='ocrx_word' id='word_1_597' title='bbox 2182 4312 2383 4368; x_wconf 68' lang='grc' dir='ltr'>ἔπεσαν</span> <span class='ocrx_word' id='word_1_598' title='bbox 2416 4316 2483 4386; x_wconf 80' lang='grc' dir='ltr'><strong>τῇ</strong></span> <span class='ocrx_word' id='word_1_599' title='bbox 2514 4315 2661 4388; x_wconf 77' lang='grc' dir='ltr'>οἰκίᾳ</span> <span class='ocrx_word' id='word_1_600' title='bbox 2712 4315 2921 4390; x_wconf 66' lang='grc' dir='ltr'>ἐκείνῃ,</span> <span class='ocrx_word' id='word_1_601' title='bbox 2973 4317 3069 4372; x_wconf 75' lang='grc' dir='ltr'>καὶ</span> <span class='ocrx_word' id='word_1_602' title='bbox 3109 4317 3211 4372; x_wconf 78' lang='grc' dir='ltr'><strong>οὐκ</strong></span> <span class='ocrx_word' id='word_1_603' title='bbox 3260 4317 3480 4375; x_wconf 71' lang='grc' dir='ltr'>ἔπεσεν.</span> <span class='ocrx_word' id='word_1_604' title='bbox 3528 4317 3754 4391; x_wconf 83' lang='grc' dir='ltr'>Τεθεμε·</span> 
     </span>
    </p>
   </div>
   <div class='ocr_carea' id='block_1_87' title="bbox 2180 4403 2910 4479">
    <p class='ocr_par' dir='ltr' id='par_1_87' title="bbox 2180 4403 2910 4479">
     <span class='ocr_line' id='line_1_88' title="bbox 2180 4403 2910 4479; baseline 0.007 -22"><span class='ocrx_word' id='word_1_605' title='bbox 2180 4403 2342 4458; x_wconf 78' lang='grc' dir='ltr'>λίωτο</span> <span class='ocrx_word' id='word_1_606' title='bbox 2379 4403 2488 4475; x_wconf 79' lang='grc' dir='ltr'><strong>γὰρ</strong></span> <span class='ocrx_word' id='word_1_607' title='bbox 2518 4407 2611 4460; x_wconf 75' lang='grc' dir='ltr'>ἐπὶ</span> <span class='ocrx_word' id='word_1_608' title='bbox 2634 4406 2860 4479; x_wconf 81' lang='grc' dir='ltr'>πέτραν.</span> <span class='ocrx_word' id='word_1_609' title='bbox 2892 4426 2910 4461; x_wconf 74' lang='grc' dir='ltr'><strong>ι</strong></span> 
     </span>
    </p>
   </div>
   <div class='ocr_carea' id='block_1_88' title="bbox 569 4490 2074 4572">
    <p class='ocr_par' dir='ltr' id='par_1_88' title="bbox 569 4490 2073 4568">
     <span class='ocr_line' id='line_1_89' title="bbox 569 4490 2073 4568; baseline -0.006 -11"><span class='ocrx_word' id='word_1_610' title='bbox 569 4501 765 4557; x_wconf 74' lang='lat' dir='ltr'><strong>Matth.</strong></span> <span class='ocrx_word' id='word_1_611' title='bbox 800 4517 913 4566; x_wconf 87' lang='grc' dir='ltr'><strong>ιιι,</strong></span> <span class='ocrx_word' id='word_1_612' title='bbox 948 4498 1035 4555; x_wconf 87' lang='lat'><strong>50.</strong></span> <span class='ocrx_word' id='word_1_613' title='bbox 1066 4528 1137 4541; x_wconf 88' lang='lat'><strong>--</strong></span> <span class='ocrx_word' id='word_1_614' title='bbox 1172 4517 1191 4552; x_wconf 73' lang='grc' dir='ltr'><strong>ι</strong></span> <span class='ocrx_word' id='word_1_615' title='bbox 1230 4498 1557 4568; x_wconf 87' lang='lat' dir='ltr'><strong>Quicunque</strong></span> <span class='ocrx_word' id='word_1_616' title='bbox 1599 4490 1791 4549; x_wconf 79' lang='lat' dir='ltr'><strong>fecerit</strong></span> <span class='ocrx_word' id='word_1_617' title='bbox 1824 4492 2073 4549; x_wconf 67' lang='lat' dir='ltr'><strong>volunta-</strong></span> 
     </span>
    </p>
   </div>
   <div class='ocr_carea' id='block_1_89' title="bbox 2188 4490 3752 4572">
    <p class='ocr_par' dir='ltr' id='par_1_89' title="bbox 2261 4497 3752 4572">
     <span class='ocr_line' id='line_1_90' title="bbox 2261 4497 3752 4572; baseline 0.001 -21"><span class='ocrx_word' id='word_1_618' title='bbox 2261 4516 2280 4551; x_wconf 84' lang='grc' dir='ltr'><strong>ι</strong></span> <span class='ocrx_word' id='word_1_619' title='bbox 2321 4498 2417 4563; x_wconf 82' lang='grc' dir='ltr'>’ος</span> <span class='ocrx_word' id='word_1_620' title='bbox 2446 4498 2511 4551; x_wconf 85' lang='grc' dir='ltr'>ἂν</span> <span class='ocrx_word' id='word_1_621' title='bbox 2538 4500 2737 4572; x_wconf 80' lang='grc' dir='ltr'><strong>ποιήσῃ</strong></span> <span class='ocrx_word' id='word_1_622' title='bbox 2766 4501 2827 4554; x_wconf 84' lang='grc' dir='ltr'>τὸ</span> <span class='ocrx_word' id='word_1_623' title='bbox 2864 4499 3080 4572; x_wconf 76' lang='grc' dir='ltr'><strong>θέλημα</strong></span> <span class='ocrx_word' id='word_1_624' title='bbox 3108 4499 3200 4557; x_wconf 79' lang='grc' dir='ltr'><strong>τοῦ</strong></span> <span class='ocrx_word' id='word_1_625' title='bbox 3232 4499 3395 4569; x_wconf 82' lang='grc' dir='ltr'>Θεοῦ,</span> <span class='ocrx_word' id='word_1_626' title='bbox 3421 4497 3582 4567; x_wconf 78' lang='grc' dir='ltr'>οὗτος</span> <span class='ocrx_word' id='word_1_627' title='bbox 3611 4501 3752 4556; x_wconf 64' lang='grc' dir='ltr'>ἀδελ-</span> 
     </span>
    </p>
   </div>
   <div class='ocr_carea' id='block_1_90' title="bbox 495 4588 2073 4663">
    <p class='ocr_par' dir='ltr' id='par_1_90' title="bbox 495 4588 2073 4663">
     <span class='ocr_line' id='line_1_91' title="bbox 495 4588 2073 4663; baseline -0.004 -9"><span class='ocrx_word' id='word_1_628' title='bbox 495 4609 604 4654; x_wconf 88' lang='lat' dir='ltr'><strong>tem</strong></span> <span class='ocrx_word' id='word_1_629' title='bbox 633 4595 816 4651; x_wconf 87' lang='lat' dir='ltr'><strong>Patris</strong></span> <span class='ocrx_word' id='word_1_630' title='bbox 844 4594 948 4650; x_wconf 88' lang='lat' dir='ltr'><strong>mei</strong></span> <span class='ocrx_word' id='word_1_631' title='bbox 978 4594 1071 4663; x_wconf 91' lang='lat' dir='ltr'><strong>qui</strong></span> <span class='ocrx_word' id='word_1_632' title='bbox 1115 4596 1168 4648; x_wconf 90' lang='lat' dir='ltr'><strong>in</strong></span> <span class='ocrx_word' id='word_1_633' title='bbox 1197 4592 1353 4648; x_wconf 69' lang='lat' dir='ltr'><strong>oculis</strong></span> <span class='ocrx_word' id='word_1_634' title='bbox 1388 4600 1469 4647; x_wconf 76' lang='lat' dir='ltr'><strong>est</strong></span> <span class='ocrx_word' id='word_1_635' title='bbox 1488 4631 1501 4657; x_wconf 92' lang='lat'><strong>,</strong></span> <span class='ocrx_word' id='word_1_636' title='bbox 1540 4590 1626 4645; x_wconf 82' lang='lat' dir='ltr'><strong>hic</strong></span> <span class='ocrx_word' id='word_1_637' title='bbox 1655 4588 1827 4645; x_wconf 87' lang='lat' dir='ltr'><strong>frater</strong></span> <span class='ocrx_word' id='word_1_638' title='bbox 1875 4603 2031 4647; x_wconf 86' lang='lat' dir='ltr'><strong>meus</strong></span> <span class='ocrx_word' id='word_1_639' title='bbox 2056 4629 2073 4657; x_wconf 92' lang='lat'><strong>,</strong></span> 
     </span>
    </p>
   </div>
   <div class='ocr_carea' id='block_1_91' title="bbox 494 4695 1237 4755">
    <p class='ocr_par' dir='ltr' id='par_1_91' title="bbox 494 4695 1237 4755">
     <span class='ocr_line' id='line_1_92' title="bbox 494 4695 1237 4755; baseline -0.016 -6"><span class='ocrx_word' id='word_1_640' title='bbox 494 4698 552 4749; x_wconf 82' lang='lat' dir='ltr'><strong>et</strong></span> <span class='ocrx_word' id='word_1_641' title='bbox 578 4706 758 4755; x_wconf 89' lang='lat' dir='ltr'><strong>soror,</strong></span> <span class='ocrx_word' id='word_1_642' title='bbox 789 4697 843 4745; x_wconf 91' lang='lat' dir='ltr'><strong>et</strong></span> <span class='ocrx_word' id='word_1_643' title='bbox 872 4696 1046 4743; x_wconf 88' lang='lat' dir='ltr'><strong>mater</strong></span> <span class='ocrx_word' id='word_1_644' title='bbox 1075 4695 1178 4742; x_wconf 89' lang='lat' dir='ltr'><strong>est.</strong></span> <span class='ocrx_word' id='word_1_645' title='bbox 1218 4705 1237 4737; x_wconf 78' lang='grc' dir='ltr'><strong>ι</strong></span> 
     </span>
    </p>
   </div>
   <div class='ocr_carea' id='block_1_92' title="bbox 562 4778 2074 4851">
    <p class='ocr_par' dir='ltr' id='par_1_92' title="bbox 562 4778 2074 4851">
     <span class='ocr_line' id='line_1_93' title="bbox 562 4778 2074 4851; baseline -0.005 -11"><span class='ocrx_word' id='word_1_646' title='bbox 562 4785 725 4841; x_wconf 84' lang='lat' dir='ltr'><strong>Joan.</strong></span> <span class='ocrx_word' id='word_1_647' title='bbox 762 4800 854 4839; x_wconf 87' lang='lat' dir='ltr'><strong>vm</strong></span> <span class='ocrx_word' id='word_1_648' title='bbox 879 4825 893 4851; x_wconf 90' lang='lat'><strong>,</strong></span> <span class='ocrx_word' id='word_1_649' title='bbox 923 4782 1009 4837; x_wconf 69' lang='lat' dir='ltr'><strong>t7.</strong></span> <span class='ocrx_word' id='word_1_650' title='bbox 1039 4812 1106 4822; x_wconf 95' lang='lat'><strong>—</strong></span> <span class='ocrx_word' id='word_1_651' title='bbox 1141 4799 1159 4832; x_wconf 82' lang='grc' dir='ltr'><strong>ε</strong></span> <span class='ocrx_word' id='word_1_652' title='bbox 1196 4778 1300 4846; x_wconf 85' lang='lat' dir='ltr'><strong>Qui</strong></span> <span class='ocrx_word' id='word_1_653' title='bbox 1350 4795 1417 4834; x_wconf 84' lang='lat' dir='ltr'><strong>cx</strong></span> <span class='ocrx_word' id='word_1_654' title='bbox 1466 4779 1573 4835; x_wconf 78' lang='lat' dir='ltr'><strong>Deo</strong></span> <span class='ocrx_word' id='word_1_655' title='bbox 1618 4789 1737 4850; x_wconf 87' lang='lat' dir='ltr'><strong>est,</strong></span> <span class='ocrx_word' id='word_1_656' title='bbox 1772 4778 1937 4836; x_wconf 82' lang='lat' dir='ltr'><strong>verba</strong></span> <span class='ocrx_word' id='word_1_657' title='bbox 1984 4778 2074 4834; x_wconf 85' lang='lat' dir='ltr'><strong>Dei</strong></span> 
     </span>
    </p>
   </div>
   <div class='ocr_carea' id='block_1_93' title="bbox 496 4879 720 4934">
    <p class='ocr_par' dir='ltr' id='par_1_93' title="bbox 496 4879 720 4934">
     <span class='ocr_line' id='line_1_94' title="bbox 496 4879 720 4934; baseline -0.022 0"><span class='ocrx_word' id='word_1_658' title='bbox 496 4879 665 4934; x_wconf 88' lang='lat' dir='ltr'><strong>audit.</strong></span> <span class='ocrx_word' id='word_1_659' title='bbox 702 4895 720 4929; x_wconf 72' lang='grc' dir='ltr'><strong>ι</strong></span> 
     </span>
    </p>
   </div>
   <div class='ocr_carea' id='block_1_94' title="bbox 481 4966 2072 5038">
    <p class='ocr_par' dir='ltr' id='par_1_94' title="bbox 481 4966 2072 5038">
     <span class='ocr_line' id='line_1_95' title="bbox 481 4966 2072 5038; baseline -0.003 -13"><span class='ocrx_word' id='word_1_660' title='bbox 481 4982 490 5038; x_wconf 72' lang='grc' dir='ltr'>ξ</span> <span class='ocrx_word' id='word_1_661' title='bbox 565 4969 727 5026; x_wconf 82' lang='lat' dir='ltr'><strong>Joan.</strong></span> <span class='ocrx_word' id='word_1_662' title='bbox 762 4986 882 5035; x_wconf 75' lang='lat' dir='ltr'><strong>xiv,</strong></span> <span class='ocrx_word' id='word_1_663' title='bbox 920 4970 1008 5024; x_wconf 70' lang='grc'>15.</span> <span class='ocrx_word' id='word_1_664' title='bbox 1037 4998 1099 5009; x_wconf 88' lang='grc'><strong><em>--</em></strong></span> <span class='ocrx_word' id='word_1_665' title='bbox 1129 4988 1144 5020; x_wconf 80' lang='grc' dir='ltr'><strong>ι</strong></span> <span class='ocrx_word' id='word_1_666' title='bbox 1179 4967 1236 5023; x_wconf 88' lang='lat' dir='ltr'><strong>Si</strong></span> <span class='ocrx_word' id='word_1_667' title='bbox 1266 4966 1493 5038; x_wconf 80' lang='lat' dir='ltr'><strong>diligitis</strong></span> <span class='ocrx_word' id='word_1_668' title='bbox 1526 4982 1633 5034; x_wconf 86' lang='lat' dir='ltr'><strong>me,</strong></span> <span class='ocrx_word' id='word_1_669' title='bbox 1665 4967 1922 5022; x_wconf 82' lang='lat' dir='ltr'><strong>mandata</strong></span> <span class='ocrx_word' id='word_1_670' title='bbox 1956 4982 2072 5022; x_wconf 87' lang='lat' dir='ltr'><strong>mea</strong></span> 
     </span>
    </p>
   </div>
   <div class='ocr_carea' id='block_1_95' title="bbox 495 5061 2072 5135">
    <p class='ocr_par' dir='ltr' id='par_1_95' title="bbox 495 5061 2072 5135">
     <span class='ocr_line' id='line_1_96' title="bbox 495 5061 2072 5135; baseline -0.004 -14"><span class='ocrx_word' id='word_1_671' title='bbox 495 5074 733 5121; x_wconf 80' lang='lat' dir='ltr'><strong>servate.</strong></span> <span class='ocrx_word' id='word_1_672' title='bbox 758 5064 814 5119; x_wconf 90' lang='lat' dir='ltr'><strong>Si</strong></span> <span class='ocrx_word' id='word_1_673' title='bbox 847 5064 973 5135; x_wconf 84' lang='lat' dir='ltr'><strong>quis</strong></span> <span class='ocrx_word' id='word_1_674' title='bbox 1000 5061 1175 5133; x_wconf 81' lang='lat' dir='ltr'><strong>diligit</strong></span> <span class='ocrx_word' id='word_1_675' title='bbox 1194 5077 1303 5129; x_wconf 89' lang='lat' dir='ltr'><strong>me,</strong></span> <span class='ocrx_word' id='word_1_676' title='bbox 1332 5075 1638 5117; x_wconf 87' lang='lat' dir='ltr'><strong>sermonem</strong></span> <span class='ocrx_word' id='word_1_677' title='bbox 1666 5075 1847 5116; x_wconf 89' lang='lat' dir='ltr'><strong>meum</strong></span> <span class='ocrx_word' id='word_1_678' title='bbox 1880 5074 2072 5117; x_wconf 87' lang='lat' dir='ltr'><strong>serva-</strong></span> 
     </span>
    </p>
   </div>
   <div class='ocr_carea' id='block_1_96' title="bbox 498 5154 2074 5227">
    <p class='ocr_par' dir='ltr' id='par_1_96' title="bbox 498 5154 2074 5227">
     <span class='ocr_line' id='line_1_97' title="bbox 498 5154 2074 5227; baseline -0.003 -13"><span class='ocrx_word' id='word_1_679' title='bbox 498 5159 595 5226; x_wconf 88' lang='lat' dir='ltr'><strong>bit,</strong></span> <span class='ocrx_word' id='word_1_680' title='bbox 620 5168 671 5217; x_wconf 89' lang='lat' dir='ltr'><strong>ct</strong></span> <span class='ocrx_word' id='word_1_681' title='bbox 699 5157 857 5212; x_wconf 82' lang='lat' dir='ltr'><strong>Pater</strong></span> <span class='ocrx_word' id='word_1_682' title='bbox 884 5172 1039 5213; x_wconf 83' lang='lat' dir='ltr'><strong>meus</strong></span> <span class='ocrx_word' id='word_1_683' title='bbox 1062 5156 1249 5227; x_wconf 79' lang='lat' dir='ltr'><strong>diliget</strong></span> <span class='ocrx_word' id='word_1_684' title='bbox 1278 5164 1497 5221; x_wconf 87' lang='lat' dir='ltr'><strong>eum,et</strong></span> <span class='ocrx_word' id='word_1_685' title='bbox 1520 5154 1587 5208; x_wconf 88' lang='lat' dir='ltr'><strong>ad</strong></span> <span class='ocrx_word' id='word_1_686' title='bbox 1616 5170 1739 5209; x_wconf 94' lang='lat' dir='ltr'><strong>eum</strong></span> <span class='ocrx_word' id='word_1_687' title='bbox 1765 5155 2074 5222; x_wconf 85' lang='lat' dir='ltr'><strong>veniemus,</strong></span> 
     </span>
    </p>
   </div>
   <div class='ocr_carea' id='block_1_97' title="bbox 498 5249 1711 5322">
    <p class='ocr_par' dir='ltr' id='par_1_97' title="bbox 498 5249 1711 5322">
     <span class='ocr_line' id='line_1_98' title="bbox 498 5249 1711 5322; baseline -0.007 -12"><span class='ocrx_word' id='word_1_688' title='bbox 498 5262 549 5310; x_wconf 87' lang='lat' dir='ltr'><strong>et</strong></span> <span class='ocrx_word' id='word_1_689' title='bbox 607 5253 949 5308; x_wconf 83' lang='lat' dir='ltr'><strong>mansionem</strong></span> <span class='ocrx_word' id='word_1_690' title='bbox 1010 5250 1150 5322; x_wconf 86' lang='lat' dir='ltr'><strong>apud</strong></span> <span class='ocrx_word' id='word_1_691' title='bbox 1208 5265 1335 5307; x_wconf 87' lang='lat' dir='ltr'><strong>eum</strong></span> <span class='ocrx_word' id='word_1_692' title='bbox 1367 5249 1657 5307; x_wconf 84' lang='lat' dir='ltr'><strong>faciemus.</strong></span> <span class='ocrx_word' id='word_1_693' title='bbox 1694 5269 1711 5302; x_wconf 76' lang='grc' dir='ltr'><strong>ι</strong></span> 
     </span>
    </p>
   </div>
   <div class='ocr_carea' id='block_1_98' title="bbox 569 5342 2075 5414">
    <p class='ocr_par' dir='ltr' id='par_1_98' title="bbox 569 5342 2075 5414">
     <span class='ocr_line' id='line_1_99' title="bbox 569 5342 2075 5414; baseline -0.002 -13"><span class='ocrx_word' id='word_1_694' title='bbox 569 5346 597 5401; x_wconf 83' lang='grc' dir='ltr'><strong><em>Ι</em></strong></span> <span class='ocrx_word' id='word_1_695' title='bbox 630 5345 754 5402; x_wconf 86' lang='lat' dir='ltr'><strong>Cor.</strong></span> <span class='ocrx_word' id='word_1_696' title='bbox 782 5362 856 5403; x_wconf 67' lang='grc' dir='ltr'><strong>νιι</strong></span> <span class='ocrx_word' id='word_1_697' title='bbox 882 5387 895 5411; x_wconf 91' lang='grc'><strong>,</strong></span> <span class='ocrx_word' id='word_1_698' title='bbox 928 5346 1016 5401; x_wconf 80' lang='lat' dir='ltr'><strong>l9.</strong></span> <span class='ocrx_word' id='word_1_699' title='bbox 1039 5373 1109 5384; x_wconf 67' lang='grc' dir='ltr'><strong><em>η·-</em></strong></span> <span class='ocrx_word' id='word_1_700' title='bbox 1132 5364 1149 5397; x_wconf 79' lang='grc' dir='ltr'><strong>ι</strong></span> <span class='ocrx_word' id='word_1_701' title='bbox 1180 5342 1550 5399; x_wconf 87' lang='lat' dir='ltr'><strong>Circumcisio</strong></span> <span class='ocrx_word' id='word_1_702' title='bbox 1575 5342 1712 5397; x_wconf 87' lang='lat' dir='ltr'><strong>nihil</strong></span> <span class='ocrx_word' id='word_1_703' title='bbox 1744 5350 1864 5409; x_wconf 88' lang='lat' dir='ltr'><strong>est,</strong></span> <span class='ocrx_word' id='word_1_704' title='bbox 1897 5359 2075 5414; x_wconf 86' lang='lat' dir='ltr'><strong>neque</strong></span> 
     </span>
    </p>
   </div>
   <div class='ocr_carea' id='block_1_99' title="bbox 496 5434 1963 5510">
    <p class='ocr_par' dir='ltr' id='par_1_99' title="bbox 496 5434 1963 5510">
     <span class='ocr_line' id='line_1_100' title="bbox 496 5434 1963 5510; baseline -0.004 -17"><span class='ocrx_word' id='word_1_705' title='bbox 496 5442 821 5510; x_wconf 65' lang='lat' dir='ltr'><strong>prteputium</strong></span> <span class='ocrx_word' id='word_1_706' title='bbox 844 5480 859 5506; x_wconf 91' lang='lat'><strong>,</strong></span> <span class='ocrx_word' id='word_1_707' title='bbox 892 5437 993 5497; x_wconf 69' lang='lat' dir='ltr'><strong>sed</strong></span> <span class='ocrx_word' id='word_1_708' title='bbox 1020 5438 1338 5495; x_wconf 87' lang='lat' dir='ltr'><strong>observatio</strong></span> <span class='ocrx_word' id='word_1_709' title='bbox 1374 5436 1763 5491; x_wconf 86' lang='lat' dir='ltr'><strong>mandatorum</strong></span> <span class='ocrx_word' id='word_1_710' title='bbox 1793 5434 1910 5492; x_wconf 89' lang='lat' dir='ltr'><strong>Dei.</strong></span> <span class='ocrx_word' id='word_1_711' title='bbox 1942 5455 1963 5487; x_wconf 77' lang='grc' dir='ltr'><strong>ι</strong></span> 
     </span>
    </p>
   </div>
   <div class='ocr_carea' id='block_1_100' title="bbox 573 5529 2071 5601">
    <p class='ocr_par' dir='ltr' id='par_1_100' title="bbox 573 5529 2071 5601">
     <span class='ocr_line' id='line_1_101' title="bbox 573 5529 2071 5601; baseline -0.001 -15"><span class='ocrx_word' id='word_1_712' title='bbox 573 5532 597 5586; x_wconf 83' lang='grc' dir='ltr'><em>Ι</em></span> <span class='ocrx_word' id='word_1_713' title='bbox 629 5531 789 5588; x_wconf 82' lang='lat' dir='ltr'><strong>Joan.</strong></span> <span class='ocrx_word' id='word_1_714' title='bbox 820 5548 908 5599; x_wconf 86' lang='grc' dir='ltr'><strong>ιιι,</strong></span> <span class='ocrx_word' id='word_1_715' title='bbox 935 5533 1025 5588; x_wconf 75' lang='grc' dir='ltr'>Η.</span> <span class='ocrx_word' id='word_1_716' title='bbox 1058 5563 1124 5576; x_wconf 86' lang='grc'><strong><em>--</em></strong></span> <span class='ocrx_word' id='word_1_717' title='bbox 1153 5550 1171 5585; x_wconf 89' lang='grc'>‹</span> <span class='ocrx_word' id='word_1_718' title='bbox 1208 5531 1312 5599; x_wconf 84' lang='lat' dir='ltr'><strong>Qui</strong></span> <span class='ocrx_word' id='word_1_719' title='bbox 1341 5538 1524 5588; x_wconf 84' lang='lat' dir='ltr'><strong>servat</strong></span> <span class='ocrx_word' id='word_1_720' title='bbox 1560 5529 1817 5586; x_wconf 87' lang='lat' dir='ltr'><strong>mandata</strong></span> <span class='ocrx_word' id='word_1_721' title='bbox 1847 5530 1989 5601; x_wconf 78' lang='lat' dir='ltr'><strong>ejus,</strong></span> <span class='ocrx_word' id='word_1_722' title='bbox 2018 5532 2071 5585; x_wconf 91' lang='lat' dir='ltr'><strong>in</strong></span> 
     </span>
    </p>
   </div>
   <div class='ocr_carea' id='block_1_101' title="bbox 498 5628 1335 5700">
    <p class='ocr_par' dir='ltr' id='par_1_101' title="bbox 498 5628 1335 5700">
     <span class='ocr_line' id='line_1_102' title="bbox 498 5628 1335 5700; baseline -0.006 -16"><span class='ocrx_word' id='word_1_723' title='bbox 498 5628 592 5684; x_wconf 88' lang='lat' dir='ltr'><strong>illo</strong></span> <span class='ocrx_word' id='word_1_724' title='bbox 626 5634 837 5695; x_wconf 84' lang='lat' dir='ltr'><strong>manet,</strong></span> <span class='ocrx_word' id='word_1_725' title='bbox 870 5638 924 5684; x_wconf 92' lang='lat' dir='ltr'><strong>et</strong></span> <span class='ocrx_word' id='word_1_726' title='bbox 952 5628 1071 5700; x_wconf 87' lang='lat' dir='ltr'><strong>ipse</strong></span> <span class='ocrx_word' id='word_1_727' title='bbox 1109 5628 1163 5683; x_wconf 72' lang='lat' dir='ltr'><strong>in</strong></span> <span class='ocrx_word' id='word_1_728' title='bbox 1191 5642 1278 5682; x_wconf 84' lang='lat' dir='ltr'><strong>eo.</strong></span> <span class='ocrx_word' id='word_1_729' title='bbox 1317 5645 1335 5678; x_wconf 78' lang='grc' dir='ltr'><strong>ι</strong></span> 
     </span>
    </p>
   </div>
   <div class='ocr_carea' id='block_1_102' title="bbox 570 5719 2072 5796">
    <p class='ocr_par' dir='ltr' id='par_1_102' title="bbox 570 5719 2072 5796">
     <span class='ocr_line' id='line_1_103' title="bbox 570 5719 2072 5796; baseline -0.003 -16"><span class='ocrx_word' id='word_1_730' title='bbox 570 5722 632 5780; x_wconf 85' lang='lat' dir='ltr'><strong>S.</strong></span> <span class='ocrx_word' id='word_1_731' title='bbox 665 5721 939 5796; x_wconf 79' lang='lat' dir='ltr'><strong>Cltrysost.</strong></span> <span class='ocrx_word' id='word_1_732' title='bbox 966 5754 1037 5765; x_wconf 88' lang='lat'><strong>—</strong></span> <span class='ocrx_word' id='word_1_733' title='bbox 1064 5722 1223 5791; x_wconf 89' lang='lat' dir='ltr'><strong>Quod</strong></span> <span class='ocrx_word' id='word_1_734' title='bbox 1258 5738 1350 5779; x_wconf 88' lang='lat' dir='ltr'><strong>ars</strong></span> <span class='ocrx_word' id='word_1_735' title='bbox 1380 5722 1435 5778; x_wconf 91' lang='lat' dir='ltr'><strong>in</strong></span> <span class='ocrx_word' id='word_1_736' title='bbox 1465 5719 1694 5777; x_wconf 65' lang='lat' dir='ltr'><strong>citharae</strong></span> <span class='ocrx_word' id='word_1_737' title='bbox 1727 5730 1893 5776; x_wconf 86' lang='lat' dir='ltr'><strong>cantu</strong></span> <span class='ocrx_word' id='word_1_738' title='bbox 1919 5758 1936 5789; x_wconf 93' lang='lat'><strong>,</strong></span> <span class='ocrx_word' id='word_1_739' title='bbox 1970 5720 2072 5777; x_wconf 86' lang='lat' dir='ltr'><strong>hoc</strong></span> 
     </span>
    </p>
   </div>
   <div class='ocr_carea' id='block_1_103' title="bbox 498 5815 1749 5892">
    <p class='ocr_par' dir='ltr' id='par_1_103' title="bbox 498 5815 1749 5892">
     <span class='ocr_line' id='line_1_104' title="bbox 498 5815 1749 5892; baseline -0.003 -19"><span class='ocrx_word' id='word_1_740' title='bbox 498 5817 551 5875; x_wconf 91' lang='lat' dir='ltr'><strong>in</strong></span> <span class='ocrx_word' id='word_1_741' title='bbox 587 5815 680 5876; x_wconf 87' lang='lat' dir='ltr'><strong>Dei</strong></span> <span class='ocrx_word' id='word_1_742' title='bbox 718 5817 929 5892; x_wconf 79' lang='lat' dir='ltr'><strong>legibus</strong></span> <span class='ocrx_word' id='word_1_743' title='bbox 959 5827 1043 5876; x_wconf 89' lang='lat' dir='ltr'><strong>est</strong></span> <span class='ocrx_word' id='word_1_744' title='bbox 1068 5817 1463 5874; x_wconf 85' lang='lat' dir='ltr'><strong>demonstratio</strong></span> <span class='ocrx_word' id='word_1_745' title='bbox 1493 5828 1749 5885; x_wconf 89' lang='lat' dir='ltr'><strong>operum.</strong></span> 
     </span>
    </p>
   </div>
   <div class='ocr_carea' id='block_1_104' title="bbox 2180 4595 3401 4669">
    <p class='ocr_par' dir='ltr' id='par_1_104' title="bbox 2180 4595 3401 4669">
     <span class='ocr_line' id='line_1_105' title="bbox 2180 4595 3401 4669; baseline 0.001 -20"><span class='ocrx_word' id='word_1_746' title='bbox 2180 4595 2277 4667; x_wconf 76' lang='grc' dir='ltr'><strong>φύς</strong></span> <span class='ocrx_word' id='word_1_747' title='bbox 2308 4616 2431 4669; x_wconf 83' lang='grc' dir='ltr'>μου,</span> <span class='ocrx_word' id='word_1_748' title='bbox 2464 4601 2557 4652; x_wconf 82' lang='grc' dir='ltr'>καὶ</span> <span class='ocrx_word' id='word_1_749' title='bbox 2580 4595 2808 4669; x_wconf 74' lang='grc' dir='ltr'>ἀδελφὴ,</span> <span class='ocrx_word' id='word_1_750' title='bbox 2840 4595 2934 4651; x_wconf 79' lang='grc' dir='ltr'>καὶ</span> <span class='ocrx_word' id='word_1_751' title='bbox 2967 4597 3158 4669; x_wconf 77' lang='grc' dir='ltr'>μήτηρ</span> <span class='ocrx_word' id='word_1_752' title='bbox 3181 4598 3351 4652; x_wconf 77' lang='grc' dir='ltr'>ἐστίν.</span> <span class='ocrx_word' id='word_1_753' title='bbox 3382 4618 3401 4650; x_wconf 77' lang='grc' dir='ltr'><strong>ι</strong></span> 
     </span>
    </p>
   </div>
   <div class='ocr_carea' id='block_1_105' title="bbox 2248 4781 3563 4855">
    <p class='ocr_par' dir='ltr' id='par_1_105' title="bbox 2248 4781 3563 4855">
     <span class='ocr_line' id='line_1_106' title="bbox 2248 4781 3563 4855; baseline 0.001 -19"><span class='ocrx_word' id='word_1_754' title='bbox 2248 4801 2267 4835; x_wconf 81' lang='grc' dir='ltr'><strong>ι</strong></span> <span class='ocrx_word' id='word_1_755' title='bbox 2311 4782 2367 4838; x_wconf 86' lang='grc' dir='ltr'>Ὀ</span> <span class='ocrx_word' id='word_1_756' title='bbox 2400 4782 2474 4837; x_wconf 76' lang='grc' dir='ltr'>ὢν</span> <span class='ocrx_word' id='word_1_757' title='bbox 2506 4784 2569 4839; x_wconf 79' lang='grc' dir='ltr'>ὲκ</span> <span class='ocrx_word' id='word_1_758' title='bbox 2594 4782 2754 4851; x_wconf 73' lang='grc' dir='ltr'>Θεοῦ,</span> <span class='ocrx_word' id='word_1_759' title='bbox 2784 4781 2855 4836; x_wconf 78' lang='grc' dir='ltr'>τὰ</span> <span class='ocrx_word' id='word_1_760' title='bbox 2877 4782 3101 4855; x_wconf 78' lang='grc' dir='ltr'>ῥήματα</span> <span class='ocrx_word' id='word_1_761' title='bbox 3132 4782 3269 4838; x_wconf 77' lang='grc' dir='ltr'>Θεοῦ</span> <span class='ocrx_word' id='word_1_762' title='bbox 3298 4783 3508 4839; x_wconf 78' lang='grc' dir='ltr'>ἀκούει.</span> <span class='ocrx_word' id='word_1_763' title='bbox 3539 4802 3563 4837; x_wconf 74' lang='grc' dir='ltr'><strong>ι</strong></span> 
     </span>
    </p>
   </div>
   <div class='ocr_carea' id='block_1_106' title="bbox 2254 4964 3755 5040">
    <p class='ocr_par' dir='ltr' id='par_1_106' title="bbox 2254 4964 3755 5040">
     <span class='ocr_line' id='line_1_107' title="bbox 2254 4964 3755 5040; baseline -0.003 -20"><span class='ocrx_word' id='word_1_764' title='bbox 2254 4986 2273 5020; x_wconf 87' lang='grc'><strong>‹</strong></span> <span class='ocrx_word' id='word_1_765' title='bbox 2325 4968 2449 5024; x_wconf 84' lang='grc' dir='ltr'><strong>Ἐάν</strong></span> <span class='ocrx_word' id='word_1_766' title='bbox 2480 4985 2565 5032; x_wconf 81' lang='grc' dir='ltr'>τις</span> <span class='ocrx_word' id='word_1_767' title='bbox 2594 4969 2783 5039; x_wconf 76' lang='grc' dir='ltr'>ἀγαπᾷ</span> <span class='ocrx_word' id='word_1_768' title='bbox 2814 4984 2903 5040; x_wconf 84' lang='grc' dir='ltr'>με,</span> <span class='ocrx_word' id='word_1_769' title='bbox 2936 4967 3027 5021; x_wconf 80' lang='grc' dir='ltr'>τὸν</span> <span class='ocrx_word' id='word_1_770' title='bbox 3071 4965 3232 5036; x_wconf 70' lang='grc' dir='ltr'>λόγον</span> <span class='ocrx_word' id='word_1_771' title='bbox 3262 4982 3361 5038; x_wconf 81' lang='grc' dir='ltr'><strong>μου</strong></span> <span class='ocrx_word' id='word_1_772' title='bbox 3386 4966 3639 5037; x_wconf 73' lang='grc' dir='ltr'>τηρήσει,</span> <span class='ocrx_word' id='word_1_773' title='bbox 3666 4964 3755 5018; x_wconf 64' lang='grc' dir='ltr'>καὶ</span> 
     </span>
    </p>
   </div>
   <div class='ocr_carea' id='block_1_107' title="bbox 2175 5059 3742 5135">
    <p class='ocr_par' dir='ltr' id='par_1_107' title="bbox 2175 5059 3742 5135">
     <span class='ocr_line' id='line_1_108' title="bbox 2175 5059 3742 5135; baseline -0.004 -18"><span class='ocrx_word' id='word_1_774' title='bbox 2175 5065 2204 5117; x_wconf 85' lang='grc' dir='ltr'>ὁ</span> <span class='ocrx_word' id='word_1_775' title='bbox 2232 5066 2421 5135; x_wconf 82' lang='grc' dir='ltr'>Πατήρ</span> <span class='ocrx_word' id='word_1_776' title='bbox 2460 5080 2560 5134; x_wconf 87' lang='grc' dir='ltr'>μου</span> <span class='ocrx_word' id='word_1_777' title='bbox 2592 5064 2869 5134; x_wconf 78' lang='grc' dir='ltr'><strong>ἀγαπήσει</strong></span> <span class='ocrx_word' id='word_1_778' title='bbox 2892 5062 3075 5124; x_wconf 81' lang='grc' dir='ltr'>αὑτὸν,</span> <span class='ocrx_word' id='word_1_779' title='bbox 3119 5064 3217 5116; x_wconf 80' lang='grc' dir='ltr'>καὶ</span> <span class='ocrx_word' id='word_1_780' title='bbox 3255 5061 3390 5133; x_wconf 78' lang='grc' dir='ltr'>πρὸς</span> <span class='ocrx_word' id='word_1_781' title='bbox 3423 5059 3588 5113; x_wconf 81' lang='grc' dir='ltr'>αὐτὸν</span> <span class='ocrx_word' id='word_1_782' title='bbox 3613 5059 3742 5112; x_wconf 59' lang='lat' dir='ltr'><strong>slsu-</strong></span> 
     </span>
    </p>
   </div>
   <div class='ocr_carea' id='block_1_108' title="bbox 2178 5151 3481 5227">
    <p class='ocr_par' dir='ltr' id='par_1_108' title="bbox 2178 5151 3481 5227">
     <span class='ocr_line' id='line_1_109' title="bbox 2178 5151 3481 5227; baseline -0.004 -18"><span class='ocrx_word' id='word_1_783' title='bbox 2178 5154 2406 5227; x_wconf 78' lang='grc' dir='ltr'>σόμεῢα,</span> <span class='ocrx_word' id='word_1_784' title='bbox 2437 5154 2533 5209; x_wconf 68' lang='grc' dir='ltr'>καὶ</span> <span class='ocrx_word' id='word_1_785' title='bbox 2562 5153 2731 5225; x_wconf 76' lang='grc' dir='ltr'>μονὴν</span> <span class='ocrx_word' id='word_1_786' title='bbox 2759 5153 2892 5225; x_wconf 84' lang='grc' dir='ltr'>παρ’</span> <span class='ocrx_word' id='word_1_787' title='bbox 2925 5151 3075 5225; x_wconf 84' lang='grc' dir='ltr'><strong>αύτῷ</strong></span> <span class='ocrx_word' id='word_1_788' title='bbox 3107 5152 3432 5224; x_wconf 78' lang='grc' dir='ltr'>ποιήσομεν.</span> <span class='ocrx_word' id='word_1_789' title='bbox 3461 5169 3481 5204; x_wconf 77' lang='grc' dir='ltr'><strong>ι</strong></span> 
     </span>
    </p>
   </div>
   <div class='ocr_carea' id='block_1_109' title="bbox 2255 5332 3752 5413">
    <p class='ocr_par' dir='ltr' id='par_1_109' title="bbox 2255 5332 3752 5413">
     <span class='ocr_line' id='line_1_110' title="bbox 2255 5332 3752 5413; baseline -0.006 -18"><span class='ocrx_word' id='word_1_790' title='bbox 2255 5340 2583 5413; x_wconf 64' lang='grc' dir='ltr'>αΠεριτομὴ</span> <span class='ocrx_word' id='word_1_791' title='bbox 2644 5339 2798 5395; x_wconf 80' lang='grc' dir='ltr'>οὐδέν</span> <span class='ocrx_word' id='word_1_792' title='bbox 2862 5340 3000 5408; x_wconf 79' lang='grc' dir='ltr'>ἐστι,</span> <span class='ocrx_word' id='word_1_793' title='bbox 3048 5339 3142 5394; x_wconf 77' lang='grc' dir='ltr'>καὶ</span> <span class='ocrx_word' id='word_1_794' title='bbox 3195 5336 3552 5412; x_wconf 72' lang='grc' dir='ltr'>ἀκροΰυστία,</span> <span class='ocrx_word' id='word_1_795' title='bbox 3622 5332 3752 5391; x_wconf 75' lang='grc' dir='ltr'><strong>ἀλλᾶ</strong></span> 
     </span>
    </p>
   </div>
   <div class='ocr_carea' id='block_1_110' title="bbox 2176 5432 2888 5507">
    <p class='ocr_par' dir='ltr' id='par_1_110' title="bbox 2176 5432 2888 5507">
     <span class='ocr_line' id='line_1_111' title="bbox 2176 5432 2888 5507; baseline 0.004 -19"><span class='ocrx_word' id='word_1_796' title='bbox 2176 5435 2409 5507; x_wconf 82' lang='grc' dir='ltr'><strong>τήρησις</strong></span> <span class='ocrx_word' id='word_1_797' title='bbox 2432 5434 2660 5490; x_wconf 78' lang='grc' dir='ltr'>ἐντολῶν</span> <span class='ocrx_word' id='word_1_798' title='bbox 2683 5432 2840 5490; x_wconf 80' lang='grc' dir='ltr'>Θεοῦ.</span> <span class='ocrx_word' id='word_1_799' title='bbox 2866 5452 2888 5491; x_wconf 73' lang='grc' dir='ltr'><strong>ι</strong></span> 
     </span>
    </p>
   </div>
   <div class='ocr_carea' id='block_1_111' title="bbox 2254 5521 3747 5600">
    <p class='ocr_par' dir='ltr' id='par_1_111' title="bbox 2254 5521 3747 5600">
     <span class='ocr_line' id='line_1_112' title="bbox 2254 5521 3747 5600; baseline -0.003 -21"><span class='ocrx_word' id='word_1_800' title='bbox 2254 5546 2272 5579; x_wconf 82' lang='grc' dir='ltr'><strong>ι</strong></span> <span class='ocrx_word' id='word_1_801' title='bbox 2317 5528 2374 5581; x_wconf 85' lang='lat' dir='ltr'><strong>&#39;U</strong></span> <span class='ocrx_word' id='word_1_802' title='bbox 2408 5528 2591 5598; x_wconf 78' lang='grc' dir='ltr'>τηρῶν</span> <span class='ocrx_word' id='word_1_803' title='bbox 2651 5526 2751 5600; x_wconf 78' lang='grc' dir='ltr'>τὴν</span> <span class='ocrx_word' id='word_1_804' title='bbox 2818 5527 3042 5598; x_wconf 74' lang='grc' dir='ltr'>ἐντολὴν</span> <span class='ocrx_word' id='word_1_805' title='bbox 3084 5524 3277 5592; x_wconf 73' lang='grc' dir='ltr'>αὑτοῦ,</span> <span class='ocrx_word' id='word_1_806' title='bbox 3307 5525 3365 5579; x_wconf 78' lang='grc' dir='ltr'>ὲν</span> <span class='ocrx_word' id='word_1_807' title='bbox 3398 5521 3544 5594; x_wconf 77' lang='grc' dir='ltr'>αὐτῷ</span> <span class='ocrx_word' id='word_1_808' title='bbox 3578 5522 3747 5593; x_wconf 79' lang='grc' dir='ltr'>μένει,</span> 
     </span>
    </p>
   </div>
   <div class='ocr_carea' id='block_1_112' title="bbox 2177 5620 2781 5684">
    <p class='ocr_par' dir='ltr' id='par_1_112' title="bbox 2177 5620 2781 5684">
     <span class='ocr_line' id='line_1_113' title="bbox 2177 5620 2781 5684; baseline -0.002 -9"><span class='ocrx_word' id='word_1_809' title='bbox 2177 5621 2270 5675; x_wconf 67' lang='grc' dir='ltr'>καὶ</span> <span class='ocrx_word' id='word_1_810' title='bbox 2298 5620 2459 5684; x_wconf 79' lang='grc' dir='ltr'>αὐτὸς</span> <span class='ocrx_word' id='word_1_811' title='bbox 2487 5622 2541 5673; x_wconf 80' lang='grc' dir='ltr'>ὲν</span> <span class='ocrx_word' id='word_1_812' title='bbox 2567 5622 2735 5676; x_wconf 76' lang='grc' dir='ltr'>αὑτῶ.</span> <span class='ocrx_word' id='word_1_813' title='bbox 2762 5642 2781 5674; x_wconf 78' lang='grc' dir='ltr'><strong>ι</strong></span> 
     </span>
    </p>
   </div>
   <div class='ocr_carea' id='block_1_113' title="bbox 2251 5705 3747 5789">
    <p class='ocr_par' dir='ltr' id='par_1_113' title="bbox 2251 5705 3747 5789">
     <span class='ocr_line' id='line_1_114' title="bbox 2251 5705 3747 5789; baseline -0.003 -20"><span class='ocrx_word' id='word_1_814' title='bbox 2251 5716 2429 5788; x_wconf 87' lang='grc' dir='ltr'>Ὅπερ</span> <span class='ocrx_word' id='word_1_815' title='bbox 2476 5716 2567 5770; x_wconf 74' lang='grc' dir='ltr'><strong>ἐπὶ</strong></span> <span class='ocrx_word' id='word_1_816' title='bbox 2613 5716 2715 5786; x_wconf 75' lang='grc' dir='ltr'>τῆς</span> <span class='ocrx_word' id='word_1_817' title='bbox 2762 5715 3097 5789; x_wconf 75' lang='grc' dir='ltr'>κιθαρῳδίας</span> <span class='ocrx_word' id='word_1_818' title='bbox 3130 5716 3163 5786; x_wconf 88' lang='grc' dir='ltr'><strong>ή</strong></span> <span class='ocrx_word' id='word_1_819' title='bbox 3191 5713 3393 5786; x_wconf 80' lang='grc' dir='ltr'>τέχνη,</span> <span class='ocrx_word' id='word_1_820' title='bbox 3448 5709 3607 5764; x_wconf 67' lang='grc' dir='ltr'>τοῦτο</span> <span class='ocrx_word' id='word_1_821' title='bbox 3658 5705 3747 5764; x_wconf 72' lang='grc' dir='ltr'><strong>ἐπὶ</strong></span> 
     </span>
    </p>
   </div>
   <div class='ocr_carea' id='block_1_114' title="bbox 2177 5802 3617 5882">
    <p class='ocr_par' dir='ltr' id='par_1_114' title="bbox 2177 5802 3617 5882">
     <span class='ocr_line' id='line_1_115' title="bbox 2177 5802 3617 5882; baseline -0.003 -18"><span class='ocrx_word' id='word_1_822' title='bbox 2177 5810 2283 5865; x_wconf 80' lang='grc' dir='ltr'><strong>τῶν</strong></span> <span class='ocrx_word' id='word_1_823' title='bbox 2320 5809 2415 5864; x_wconf 79' lang='grc' dir='ltr'><strong>τοῦ</strong></span> <span class='ocrx_word' id='word_1_824' title='bbox 2446 5808 2581 5863; x_wconf 76' lang='grc' dir='ltr'><strong>Θεοῦ</strong></span> <span class='ocrx_word' id='word_1_825' title='bbox 2611 5810 2792 5881; x_wconf 80' lang='grc' dir='ltr'>νόμων</span> <span class='ocrx_word' id='word_1_826' title='bbox 2818 5812 2849 5882; x_wconf 88' lang='grc' dir='ltr'><strong>ή</strong></span> <span class='ocrx_word' id='word_1_827' title='bbox 2881 5810 2969 5865; x_wconf 69' lang='grc' dir='ltr'><strong>διὰ</strong></span> <span class='ocrx_word' id='word_1_828' title='bbox 3002 5808 3107 5865; x_wconf 84' lang='grc' dir='ltr'><strong>τῶν</strong></span> <span class='ocrx_word' id='word_1_829' title='bbox 3135 5808 3314 5878; x_wconf 77' lang='grc' dir='ltr'>ἔργων</span> <span class='ocrx_word' id='word_1_830' title='bbox 3339 5802 3617 5869; x_wconf 71' lang='grc' dir='ltr'>ἐπίδειξις.</span> 
     </span>
    </p>
   </div>
  </div>
