4020 6262
509 322 700 392 1423-

1616 323 1682 388 S.
1725 321 2050 386 JOANNIS
2087 320 2525 385 DAMASCENI

3625 319 3738 387 ιιιι

502 440 571 500 Et
608 456 782 517 quare
819 455 931 499 non
974 438 1182 498 audisti
1222 452 1418 497 vocem
1459 436 1724 507 Domini,
1758 438 1857 497 sed
1897 448 2094 495 verm

2207 435 2419 501 αὐτούς.
2452 432 2564 491 Καὶ
2592 435 2678 492 ἶνα
2711 433 2768 494 τι
2792 436 2898 491 ούκ
2918 433 3170 509 ’ἤκουσας
3190 435 3372 508 φωνῆς
3395 434 3613 507 Κυρίου,
3642 437 3739 492 ἀλλ’

503 535 572 593 ad
603 534 842 608 pmdam
869 549 962 598 es,
987 540 1053 603 ,et
1078 531 1264 588 fecisti
1289 530 1492 587 malum
1525 529 1582 586 in
1611 530 1791 588 oculis
1828 523 2094 588 Domini?

503 628 572 685 Et
606 626 750 684 dixit
777 624 910 682 Saul
941 644 955 683 :
995 625 1134 693 Quia
1166 623 1354 680 audivi
1389 622 1674 696 populum.
1709 642 1730 678 ι

581 807 746 868 laeti.
779 827 897 878 vit,
932 812 1017 868 l3.
1044 839 1111 854 —
1147 828 1167 864 ι
1199 808 1320 867 Erit
1353 810 1500 866 sicut
1528 807 1672 865 dixit
1705 806 2008 876 Dominus,
2039 817 2094 864 et

510 920 618 962 nou
643 903 945 962 audierunt
973 918 1143 969 eum;
1179 901 1262 958 sic
1293 900 1651 967 clamabunt,
1689 908 1743 956 et
1772 915 1882 957 non
1919 916 2094 957 exau-

511 996 661 1055 diam
694 1012 793 1056 eos
812 1037 826 1062 .
853 996 991 1053 dicit
1017 995 1310 1053 Dominus.
1344 1012 1366 1048 ι

587 1110 608 1146 ι
634 1087 866 1148 Factum
898 1097 989 1147 est
1024 1103 1216 1147 semen
1246 1086 1684 1146 inobedicutium
1733 1086 1789 1141 in
1830 1085 2094 1160 perditio-

510 1199 664 1242 nem.
697 1203 717 1238 ι

579 1273 699 1332 Ira.
749 1289 913 1331 sum
934 1315 950 1339 ,
986 1272 1075 1333 i2.
1100 1303 1171 1316 --
1197 1292 1216 1326 ι
1247 1271 1308 1329 Si
1334 1272 1611 1330 audiisses
1644 1273 1900 1330 mandata
1933 1287 2054 1330 mea
2078 1317 2093 1342 ,

510 1366 658 1424 facta
695 1366 895 1424 fuisset
926 1366 1028 1423 tibi
1060 1367 1202 1424 sicut
1234 1364 1389 1422 fluvii
1443 1382 1548 1438 pax
1591 1374 1718 1434 tua,
1773 1375 1831 1423 et
1875 1366 2094 1439 iustitia

512 1467 604 1518 tua
639 1461 787 1519 sicut
817 1460 1020 1518 ﬂuctus
1052 1459 1246 1516 maris.
1281 1476 1301 1512 ι

592 1549 709 1609 In.
741 1568 905 1619 utv,
943 1551 1032 1607 16.
1080 1581 1153 1592 -
1186 1570 1206 1604 ι
1241 1549 1435 1608 Dicent
1466 1569 1481 1607 :
1519 1548 1613 1607 Vas
1643 1549 2096 1623 praevaricatori-

512 1647 653 1704 bus:
680 1645 776 1718 qui
806 1644 1245 1716 prsevaricamini
1271 1645 1482 1719 legem;
1511 1645 1702 1710 timor,
1728 1654 1784 1703 et
1811 1645 1968 1703 fovea
2040 1655 2096 1703 et

511 1741 745 1809 laqueus
773 1753 944 1810 super
973 1751 1096 1794 vos.
1127 1757 1149 1792 ι

2193 527 2463 601 ὥρμησας
2506 526 2601 583 tati.
2627 526 2698 584 τὰ
2725 527 2921 596 σκύλα,
2970 528 3069 584 καὶ
3119 527 3384 601 ἐποίησας
3435 528 3496 582 τὸ
3538 528 3746 600 πονηρὸν

2191 621 2443 678 ἀναντίον
2471 622 2720 696 κυρίους
2754 621 2868 678 Καὶ
2904 617 3030 677 εἶπε
3074 620 3283 678 Σαούλ·
3324 618 3426 677 Διά
3460 620 3520 675 τὸ
3540 618 3750 677 ἀκοῦσαί

2195 733 2265 791 με
2287 716 2382 771 τὸν
2403 715 2558 773 λαόν.
2601 733 2622 768 ι

2269 828 2291 864 s
2335 809 2531 865 Ἔσται
2587 809 2648 864 δν
2694 807 2903 880 τρόπον
2940 801 3065 863 εἷπε
3106 806 3347 881 Κύριος,
3383 806 3481 861 καὶ
3526 806 3622 862 οὐκ
3653 811 3752 863 eic-

2194 901 2439 967 ἡκουσαν
2477 900 2668 968 αὑτοῦ,
2705 899 2882 966 οὕτως
2921 899 3308 973 κεκράξονται,
3344 901 3438 955 καὶ
3464 901 3525 955 ού
3562 899 3633 972 μὴ
3655 902 3752 954 είσ-

2195 993 2505 1066 ακούσομαι
2531 993 2735 1058 αὐτῶν.
2763 993 2913 1062 λέγει
2938 992 3164 1065 Κύριος.
3196 1009 3216 1044 ι

2270 1104 2290 1139 ι
2333 1083 2605 1159 Ἐγενήθη
2627 1084 2691 1142 to
2724 1087 2950 1158 σπέρμα
2991 1085 3102 1142 τῶν
3139 1082 3515 1140 ἀπειθούντων
3557 1085 3632 1148 εἰς
3672 1084 3758 1138 ἀπ·

2193 1177 2414 1234 ὡλειαν.
2451 1197 2471 1233 ›

2269 1295 2292 1330 ‹
2334 1277 2397 1331 Εί
2423 1275 2665 1349 ἦκουσας
2706 1275 2818 1330 τῶν
2869 1273 3102 1329 ἱντολῶν
3154 1290 3282 1346 μου,
3328 1271 3550 1342 ἐγένετο
3597 1273 3660 1326 ἂν
3696 1271 3762 1335 ὡς

2195 1368 2435 1440 ποταμοὶ
2456 1371 2491 1441 ἠ
2509 1370 2700 1442 είρήνη
2730 1384 2848 1426 σου.
2883 1367 3031 1441 καὶὴ
3053 1364 3371 1438 δικαιοσύνη
3405 1381 3501 1419 σου
3529 1365 3602 1430 ὡς
3628 1363 3760 1436 κῦμα

2197 1459 2496 1532 θαλάσσης.
2549 1476 2568 1512 ι

2273 1571 2293 1607 ι
2340 1552 2625 1626 Ἐροῦσιν,
2680 1549 2822 1607 οὐαὶ
2872 1552 2988 1615 τοῖς
3058 1549 3378 1606 ἀθετοῦσιν·
3431 1550 3484 1604 oi
3528 1547 3762 1604 ἀθετοῦν-

2196 1663 2289 1712 τες
2328 1646 2422 1702 τδν
2465 1646 2663 1718 νόμον,
2719 1643 2888 1716 φόϐος
2936 1643 3031 1699 καὶ
3086 1643 3310 1716 βόθυνος
3348 1645 3444 1698 καὶ
3496 1644 3658 1712 παγὶς
3691 1643 3768 1712 ἐφ’

2201 1738 2231 1792 ὑ
2239 1736 2382 1812 μῶν.
2422 1755 2443 1790 ι

580 1800 780 1889 iuuit.
811 1800 887 1889 vit
906 1871 925 1897 ,
953 1829 1057 1898 '26,
1082 1831 1176 1889 27.
1198 1856 1270 1872 --
1291 1849 1312 1884 ι
1345 1829 1539 1887 Omnis
1572 1833 1666 1902 qui
1703 1830 1857 1887 audit
1889 1831 2056 1888 verba
2082 1873 2099 1900 ,

2240 1800 2297 1887 ’.ι
2331 1834 2448 1898 Πᾶς
2494 1834 2525 1888 s
2567 1831 2784 1888 ἀκούων
2820 1847 2923 1902 μου
2970 1829 3099 1896 τοὺς
3141 1828 3488 1900 λόγους,’καὶ
3516 1827 3591 1900 μὴ
3620 1825 3772 1882 ποιῶν

513 1929 569 1978 et
600 1936 711 1977 non
749 1919 886 1976 facit
915 1934 982 1976 ea
1003 1960 1024 1989 ,
1060 1920 1265 1976 similis
1298 1920 1407 1976 erit
1446 1919 1566 1975 viro
1601 1923 1809 1990 stulto,
1842 1923 1937 1993 qui
1968 1924 2102 1980 sedi-

491 2014 701 2072 ‘iicavit
743 2014 965 2069 domum
1000 2027 1157 2069 suam
1189 2029 1357 2084 super
1386 2029 1612 2069 arenam
1641 2031 1657 2083 ;
1711 2024 1767 2071 et
1816 2016 2103 2074 descendit

516 2108 697 2182 pluvia
723 2127 740 2177 ;
773 2116 832 2164 et
858 2109 1124 2163 venerunt
1151 2106 1379 2162 flumina
1401 2149 1417 2174 ,
1447 2116 1503 2163 et
1533 2107 1804 2164 ﬂaveruut
1830 2116 1978 2166 venti
2005 2151 2019 2176 ,
2047 2120 2104 2166 et

514 2200 803 2256 irrueruut
851 2198 908 2255 in
957 2199 1183 2255 domum
1237 2197 1428 2269 illam,
1484 2209 1540 2257 et
1596 2200 1846 2272 cecidit;
1892 2210 1946 2260 et
1999 2202 2104 2260 fuit

517 2290 677 2346 ruina
709 2288 863 2347 illius
889 2304 1114 2362 magna.
1143 2307 1166 2343 ι

585 2378 742 2435 Rom.
783 2392 824 2435 tt
845 2421 860 2449 ,
899 2377 959 2436 ll
985 2419 1003 2444 ,
1045 2379 1134 2436 η.
1159 2409 1232 2422 -ο
1263 2399 1284 2435 ι
1318 2381 1648 2456 Quicunque
1677 2385 1798 2442 sine
1826 2386 1950 2460 lege
1977 2402 2103 2461 peo-

515 2478 818 2538 caveruut,
875 2472 996 2528 sine
1042 2472 1164 2546 lege
1210 2475 1512 2546 peribunt;
1565 2486 1619 2535 et
1670 2480 1992 2554 quicunque
2044 2483 2101 2538 in

519 2565 637 2638 lege
690 2573 1099 2638 peccaverunt,
1133 2582 1232 2640 per
1281 2568 1458 2642 legem
1507 2570 1936 2642 iudicabuntur.
1981 2577 2103 2634 Non

517 2657 666 2713 enim
720 2656 1006 2716 auditores
1055 2659 1195 2731 legis
1222 2659 1364 2734 justi
1405 2674 1538 2721 sunt
1577 2667 1721 2736 apud
1753 2667 1927 2725 Deum
1952 2708 1968 2736 .
2005 2670 2103 2728 sed

518 2749 762 2806 factores
791 2751 931 2822 tegis
959 2751 1438 2822 iustiﬁcabuntur.
1475 2774 1498 2809 ι

588 2839 715 2897 Jac.
745 2859 794 2909 ι,
819 2842 1014 2902 Ξὶοὲι.
1039 2872 1114 2885 -—
1139 2863 1158 2898 ι
1187 2843 1378 2903 Estote
1406 2847 1650 2907 factores
1676 2852 1870 2920 verbi,
1903 2861 1960 2910 et
1993 2870 2102 2913 non

519 2932 805 2990 auditores
847 2943 1094 3003 tantum,
1135 2935 1394 2995 fallentes
1432 2943 1847 3016 vosmetipsos:
1885 2947 2016 3018 quia
2050 2949 2102 3005 si

519 3026 646 3098 quis
683 3028 905 3084 auditor
933 3037 1022 3086 est
1051 3029 1224 3102 legis,
1258 3039 1314 3087 et
1353 3047 1463 3088 non
1502 3031 1705 3104 factor,
1760 3037 1853 3094 hic
1900 3039 2102 3098 similis

2200 1927 2420 1994 αὐτοὺς,
2449 1926 2846 1999 ὁμοιωθήσεται
2877 1923 3034 1997 ἀνδρὶ
3065 1922 3252 1999 μωρῷ,
3289 1924 3438 1988 ὅστις
3470 1921 3769 1995 ᾠκοδόμησε

2199 2020 2301 2092 τὴν
2351 2020 2528 2074 οἰκίαν
2587 2017 2752 2074 αὑτοῦ
2802 2017 2896 2072 ἐπὶ
2946 2017 3045 2090 τὴν
3091 2015 3299 2088 ἄμμον.
3349 2015 3462 2070 Καὶ
3512 2014 3772 2087 κατέσηή

2203 2109 2392 2184 βροχὴ,
2427 2111 2523 2166 καὶ
2548 2106 2713 2184 ἦλθον
2746 2110 2796 2164 οι
2829 2108 3095 2181 παταμοὶ,
3129 2108 3228 2163 καὶ
3257 2108 3534 2165 ἔπνευσαν
3572 2108 3621 2163 ot
3663 2109 3775 2164 ἀνε-

2204 2221 2315 2277 μοι,
2349 2203 2445 2257 καὶ
2487 2200 2836 2275 προσέκοψαν
2885 2201 2953 2272 τῇ
3000 2199 3152 2272 οἰκία
3197 2199 3408 2272 ἐκείνῃ,
3442 2199 3541 2254 καὶ
3574 2199 3776 2253 ἔπεσεν

2214 2298 2311 2351 καὶ
2330 2291 2399 2369 ἦν
2429 2298 2463 2369 ή
2494 2294 2702 2359 πτῶσις
2725 2294 2897 2366 αὐτῆς
2920 2292 3160 2366 μεγάλη.
3200 2312 3220 2346 ι

2281 2407 2300 2442 ι
2340 2389 2496 2443 Ὅσοι
2551 2387 2771 2460 ἀνόμως
2825 2386 3098 2460 ἥμαρτον,
3155 2385 3378 2458 ἀνόμως
3421 2385 3777 2442 ἀπολοῦνται⁹

2201 2481 2298 2537 καὶ
2337 2482 2454 2536 ὅσοι
2500 2483 2559 2535 ὲν
2600 2480 2753 2553 νόμῳ
2783 2481 3060 2552 ἥμαρτον,
3090 2477 3178 2533 διὰ
3206 2479 3376 2551 νόμου
3411 2481 3779 2554 κριθήσονται.

2203 2572 2280 2625 Οὐ
2330 2571 2442 2643 γὰρ
2479 2572 2528 2625 oi
2581 2570 2851 2644 ἀκροαταὶ
2896 2567 2993 2625 τού
3039 2569 3207 2641 νόμου
3257 2570 3462 2625 δίκαιοι
3515 2570 3670 2645 παρά
3709 2570 3784 2642 τῷ

2201 2661 2342 2735 Θεῷ,
2388 2661 2507 2718 ἀλλ’
2549 2664 2600 2718 oi
2648 2661 2872 2736 ποιηταὶ
2901 2660 2996 2718 τοῦ
3038 2662 3209 2736 νόμου
3249 2661 3726 2737 δικαιωθήσονται.
3759 2684 3779 2717 ι

2277 2864 2298 2899 ι
2337 2845 2558 2901 Γίνεσθε
2587 2846 2814 2920 ποιηταὶ
2839 2847 3029 2919 νόμου,
3064 2847 3159 2902 καὶ
3203 2848 3280 2920 μὴ
3309 2847 3480 2920 μόνον
3503 2847 3784 2921 ἀκροαταὶ,

2204 2940 2700 3013 παραλογιζόμενοι
2745 2939 3006 3006 ἑαυτούς’
3043 2940 3124 2995 ὅτι
3165 2940 3220 2994 εῐ
3256 2958 3342 3005 τις
3389 2941 3674 3014 ἀκροατὴς
3705 2939 3786 2993 νύ-

2206 3050 2308 3105 μου
2359 3033 2502 3098 ὲστὶ,
2533 3034 2630 3087 καὶ
2653 3033 2716 3086 ού
2743 3033 2996 3106 ποιητὴς,
3031 3027 3187 3098 οὗτος
3225 3033 3401 3087 ἔοικεν
3436 3033 3602 3107 ἀνδρὶ
3627 3051 3787 3090 κατα·

516 3128 604 3176 est
654 3119 774 3177 viro
826 3120 1207 3178 consideranti
1261 3124 1477 3179 vultum
1529 3127 1841 3185 nativitatis
1893 3146 2009 3188 sua:
2045 3133 2097 3186 in

2207 3123 2411 3178 νοοῦντι
2438 3124 2502 3177 τὸ
2526 3123 2817 3196 πρόσωπον
2840 3124 2939 3197 τῆς
2957 3124 3230 3196 γενέσεως
3244 3124 3410 3181 αὐτού
3434 3127 3496 3181 ὲν
3520 3127 3788 3201 ἐσόπτρῳ,

517 3213 766 3282 speculo.
792 3212 1184 3272 Consideravit
1217 3217 1368 3272 enim
1401 3232 1495 3287 se,
1529 3227 1583 3275 et
1619 3221 1788 3285 abiit,
1821 3231 1878 3281 et
1911 3225 2099 3282 statim

2208 3219 2302 3272 καὶ
2332 3216 2534 3284 εὐθέως
2569 3216 2869 3274 ἐπελάθετο
2900 3219 3083 3284 ὁποῖός
3104 3219 3242 3274 ἐστι.
3283 3237 3304 3269 ι

521 3304 725 3364 oblitus
757 3317 839 3364 est
869 3308 1052 3381 qualis
1080 3309 1173 3366 sit.
1204 3326 1221 3364 ι

590 3398 651 3457 S.
681 3399 858 3456 Basil.
901 3401 1041 3458 hom.
1085 3404 1116 3458 7
1156 3405 1208 3457 in
1254 3403 1515 3461 ﬂexum.
1541 3435 1611 3448 -—
1640 3407 1765 3467 Vidi
1813 3408 1930 3468 haec
1963 3427 2102 3483 ego,

521 3489 731 3564 Deique
779 3492 833 3547 in
887 3495 1149 3550 omnibus
1205 3493 1534 3567 sapientiam
1577 3495 1745 3570 558
1794 3499 2102 3558 admiratus

522 3601 668 3641 sum.
705 3586 893 3658 Atqui,
916 3601 1042 3642 cum
1078 3587 1240 3643 bruta
1268 3603 1334 3644 ea
1372 3587 1638 3646 facultate
1671 3591 1903 3662 prazdita
1945 3594 2097 3659 sint,

524 3695 631 3750 qua
672 3680 776 3736 sibi
817 3681 1150 3750 consulant,
1203 3695 1477 3754 suamque
1523 3682 1762 3739 salutem
1812 3692 2101 3753 tueantur,

525 3788 589 3830 ac
620 3773 791 3845 piscis
823 3772 994 3831 etiam
1027 3775 1273 3843 noverit,
1305 3773 1437 3847 quid
1472 3775 1814 3848 amplexari,
1844 3778 1978 3849 quid
2011 3778 2098 3836 fu-

523 3881 654 3939 gere
688 3865 922 3923 debeat:
957 3865 1091 3939 quid
1121 3867 1373 3926 dicemus
1408 3885 1510 3924 nos
1534 3913 1548 3936 ,
1584 3871 1719 3942 qui,
1753 3887 1880 3927 cum
1921 3873 2101 3932 ornati

523 3960 771 4027 ratione,
805 3974 871 4016 ac
907 3960 1078 4034 legem
1114 3961 1300 4018 edocti
1327 4005 1341 4030 ,
1381 3963 1712 4037 incitatique
1745 3966 2104 4038 pollicitatio-

524 4053 723 4122 nibus,
750 4061 806 4109 et
832 4067 864 4108 a
895 4052 1104 4126 Spiritu
1133 4054 1337 4111 eruditi
1375 4071 1554 4114 simus
1574 4098 1591 4127 ,
1637 4058 1886 4128 piscibus
1915 4068 2100 4116 tamen

523 4150 755 4206 rationis
782 4151 1099 4221 expertibus
1126 4151 1354 4208 stultius
1381 4169 1467 4209 res
1494 4165 1718 4212 nostras
1744 4155 2102 4215 administra-

526 4242 697 4301 mus?
731 4243 962 4311 Quando
1000 4243 1078 4300 illi
1115 4243 1334 4316 quidem
1378 4245 1552 4300 futuri
1590 4250 1886 4318 quamdam
1925 4253 2104 4308 ratio-

524 4353 648 4394 nem
675 4336 911 4402 habent,
941 4353 1041 4394 nos
1070 4346 1256 4394 autem
1289 4355 1385 4410 per
1415 4341 1750 4411 voluptatem
1782 4343 1947 4398 vitam
1983 4361 2107 4416 quae

525 4429 832 4502 pecudibus
858 4439 1126 4503 congruat
1154 4446 1573 4489 cousumamus.
1604 4433 1782 4491 Piscis
1819 4444 1899 4491 tot
1930 4439 2104 4494 maria

2277 3400 2432 3458 Εἶδον
2471 3401 2646 3458 ταῦτα
2690 3401 2834 3472 ιγὼ,
2896 3403 2990 3458 καὶ
3037 3400 3137 3475 τὴν
3185 3403 3282 3458 ὶπὶ
3333 3404 3475 3459 πᾶσι
3517 3404 3618 3460 τοῦ
3662 3406 3790 3461 Θεοῦ

2207 3499 2398 3567 σοφίαν
2431 3496 2741 3567 ἐθαύμασα.
2777 3496 2842 3550 Εί
2885 3496 2955 3550 τὰ
2996 3495 3170 3565 ἄλογα
3209 3498 3543 3570 ἐπινοητικά
3573 3503 3672 3553 καὶ
3699 3517 3790 3570 φυ-

2205 3589 2439 3644 λακτικά
2470 3589 2570 3660 τῆς
2625 3587 2762 3654 ιδίας
2806 3587 3316 3659 αύτῶνσωτηρίας
3365 3590 3507 3654 ἐστὶ,
3552 3592 3654 3646 καὶ
3691 3587 3791 3645 οἶδε

2202 3679 2266 3732 τὸ
2302 3677 2523 3750 αἱρετὸν
2553 3677 2718 3733 αύτοῦ
2755 3679 2847 3733 καὶ
2874 3677 2934 3732 τδ
2961 3678 3194 3750 φευκτὸν
3242 3680 3416 3752 ἰχθὺς,
3461 3681 3519 3735 τι
3563 3682 3793 3754 ἐροῦμεν

2203 3773 2384 3846 ἡμεῖς,
2429 3774 2478 3828 oi
2527 3772 2673 3844 λόγῳ
2730 3773 3111 3846 τετιμημένοι,
3158 3773 3251 3828 καὶ
3294 3773 3445 3846 νόμῳ
3504 3777 3792 3831 πεπαιδενο

2206 3868 2380 3939 μένοι,
2441 3867 2777 3938 ἐπαγγελίας
2840 3867 3278 3940 προτραπέντες,
3337 3868 3626 3942 πνεύματι
3708 3888 3789 3924 σο·

2204 3961 2509 4030 φισθέντες,
2553 3962 2600 4016 oi
2660 3960 2770 4014 τῶν
2809 3961 3020 4030 ἀλόγων
3092 3960 3295 4032 ἰχθύων
3342 3960 3696 4036 ἀλογώτερον
3737 3962 3793 4016 τὸ

2202 4054 2324 4110 κατ’
2366 4055 2594 4119 ἑαυτοὺς
2647 4054 3056 4128 διατιθέμενοις
3103 4054 3361 4126 Ἐπείπερ
3402 4055 3453 4108 οἱ
3510 4057 3616 4128 μὲν
3655 4058 3790 4110 ἴσασι

2201 4147 2294 4202 τοῦ
2353 4147 2642 4218 μέλλοντός
2693 4165 2817 4202 τινα
2882 4147 3156 4202 ποιεῖσθαι
3202 4147 3486 4218 πρόνοιαν,
3540 4152 3707 4221 ἡμεῖς
3742 4150 3793 4204 δὲ

2201 4240 2268 4294 δι’
2308 4241 2506 4313 ἡδονῆς
2548 4240 3004 4312 βοσκηματὼδους
3065 4238 3162 4312 τὴν
3208 4240 3352 4314 ζωὴν
3405 4242 3789 4314 ἀναλίσκομεν.

2217 4334 2389 4404 ’ἰχθὺς
2412 4333 2632 4387 τοιαῦτα
2665 4333 2933 4406 διαμείϐει
2965 4333 3176 4405 πελάγη
3208 4334 3347 4407 ὑπὲρ
3383 4333 3481 4387 τοῦ
3529 4334 3792 4407 εὕρασθαί

2203 4445 2324 4482 τινα
2350 4427 2638 4496 ὠφέλειαν.
2664 4427 2728 4481 Τί
2750 4429 2894 4500 ἐρεῖς
2926 4428 2991 4481 σὺ
3021 4429 3049 4481 ὁ
3079 4431 3145 4500 τῇ
3181 4429 3351 4501 ἀργίᾳ
3379 4429 3604 4496 συζῶν;
3634 4428 3792 4499 ἀργία

527 4535 820 4596 peragrat,
860 4533 919 4579 ut
951 4524 1205 4580 nonnihil
1241 4525 1499 4582 utilitatis
1529 4526 1891 4584 nanciscatur
1927 4547 1940 4585 :
1974 4530 2101 4600 quid

2211 4523 2319 4594 γὰρ
2361 4521 2702 4595 κακουργίας
2752 4524 2917 4595 ἀρχή.
2971 4523 3181 4594 Μηδεὶς
3231 4523 3453 4593 ἄγνοιαν
3518 4542 3792 4597 προφασι-

523 4625 584 4672 tu
614 4617 870 4674 dicturus
903 4632 996 4680 es,
1031 4617 1125 4690 qui
1163 4617 1336 4672 vitam
1389 4619 1504 4674 otio
1552 4619 1866 4692 transigts?
1916 4622 2102 4680 Otium

527 4707 670 4769 enim
710 4709 897 4780 ﬂagitii
934 4709 1153 4764 initium
1183 4718 1291 4766 est.
1328 4708 1442 4767 Nec
1481 4725 1612 4767 vero
1643 4719 1731 4768 est
1763 4717 1914 4786 quod
1950 4717 2106 4786 quis-

2213 4614 2408 4680 ζέσθω.
2436 4614 2665 4680 «suam;
2704 4613 2862 4684 λόγος
2892 4614 3166 4670 οἰκείωσιν
3194 4618 3326 4688 ἡμῖν
3349 4617 3444 4671 τοῦ
3479 4618 3676 4683 καλοῦ,
3705 4617 3791 4671 καὶ

2211 4709 2565 4784 ἀλλοτρίωσιν
2625 4709 2733 4764 ἀπὸ
2793 4708 2903 4764 τῶν
2967 4707 3246 4781 βλαϐερῶν
3318 4711 3648 4777 ὑποδεικνὺς
3703 4711 3790 4780 ὲγ-

500 4795 694 4873 ἠιιίιιιι
728 4801 1024 4856 amentiam
1066 4809 1348 4856 causetur.
1384 4798 1674 4860 Naturalis
1714 4804 1924 4876 quippe
1962 4808 2107 4862 ratio

528 4895 690 4952 nobis
722 4896 889 4952 insita
920 4902 1037 4961 est,
1068 4908 1190 4965 qua
1220 4903 1336 4950 tum
1367 4874 1827 4966 coniunctionem
1849 4913 1979 4954 cum
2009 4898 2101 4955 bo-

2213 4896 2308 4950 καὶ
2349 4892 2625 4964 ἅνθρωποι
2676 4892 2966 4965 σωτηρίων
3007 4892 3397 4965 διαταγμάτων
3435 4896 3540 4949 οὐκ
3572 4874 3790 4966 ἀνεχό-

530 5005 635 5057 no,
667 4998 783 5045 tum
818 4987 1167 5043 aversionem
1209 4988 1277 5043 ab
1317 4987 1386 5044 iis
1423 5005 1546 5059 quae
1585 4990 1901 5059 perniciosa
1935 5001 2101 5061 sunt,

2219 4987 2378 5059 μεθα.
2402 4985 2492 5056 Μὴ
2528 4986 2862 5057 καταφρόνει
2891 4986 3001 5053 τῷν
3032 4987 3252 5057 ἰχθύων,
3283 4987 3471 5059 ἐπειδὴ
3498 4987 3679 5058 ἄλογα
3705 4988 3791 5040 καὶ

525 5081 788 5139 ostendit.
838 5079 1024 5136 Pisces
1077 5079 1184 5152 legi
1235 5080 1325 5136 Dei
1381 5081 1606 5136 minime
1640 5084 2013 5152 reluctantur,
2045 5099 2101 5142 ac

2216 5084 2406 5153 ἄφωνα
2442 5080 2756 5145 παντελῶς·
2805 5079 2941 5134 ἀλλὰ
2981 5081 3076 5134 καὶ
3115 5081 3322 5136 τούτων
3355 5081 3698 5154 ἀλογώτερος
3725 5073 3792 5142 εἰ,

529 5189 630 5231 nos
662 5173 915 5228 homines
942 5171 1210 5228 salutaria
1234 5171 1564 5228 documenta
1593 5187 1706 5229 non
1735 5174 2101 5234 sustinemus.

2218 5177 2285 5248 τῇ
2312 5172 2552 5238 διατάξει
2573 5171 2666 5226 τοῦ
2699 5173 3001 5236 Κτίσαντος
3022 5173 3438 5245 ἀνθιστάμενος.

527 5273 607 5329 Nc
639 5288 702 5327 ec
738 5270 960 5325 nomine
1000 5267 1177 5340 pisces
1218 5279 1584 5336 contemnas,
1634 5270 1783 5341 quod
1829 5271 2094 5344 ratione,
2128 5270 2272 5340 quod
2311 5285 2446 5326 voce
2477 5274 2726 5324 careant.
2771 5265 2853 5322 Tu
2887 5267 3036 5323 enim
3094 5267 3179 5325 bis
3227 5285 3446 5342 quoque
3493 5269 3787 5325 irrationa-

528 5369 696 5429 bilior
731 5379 826 5427 es.
863 5361 958 5434 qui
994 5361 1276 5419 Creatoris
1311 5361 1491 5420 edicto
1524 5361 1857 5420 adverseris.

601 5458 837 5531 lmpium
894 5465 981 5514 est
1032 5456 1281 5527 proﬁteri
1337 5457 1707 5528 impossibilia
1763 5473 1925 5528 esse,
1985 5475 2111 5531 quae

533 5554 779 5626 Spiritus
814 5551 1086 5626 prmcipit.

2215 5554 2386 5626 αγγέλ
2394 5572 2558 5626 ματα.

601 5646 661 5704 S.
705 5644 859 5717 Greg.
901 5643 1066 5716 Nysa.
1094 5673 1167 5688 -
1193 5642 1508 5700 Admistum
1538 5651 1751 5699 naturae
1785 5644 1990 5701 malum
2026 5654 2101 5703 est

2299 5649 2693 5720 Ἀνακέκραται
2723 5645 2786 5700 τὸ
2827 5645 2996 5701 κακὸν
3053 5644 3190 5718 πρὸς
3228 5645 3327 5720 τὴν
3369 5648 3530 5716 φύσιν
3561 5644 3655 5699 διὰ
3686 5643 3790 5697 τῶν

535 5759 633 5817 per
659 5757 755 5797 eos
780 5741 874 5814 qui
903 5741 971 5796 ab
1005 5739 1166 5795 initio
1202 5737 1397 5794 vitium
1433 5739 1814 5808 admiserunt,
1844 5741 1976 5799 dum
2014 5757 2101 5815 pet

2217 5743 2277 5811 ἐξ
2300 5743 2476 5816 ἀρχῆς
2502 5739 2967 5813 παραδεξαμένων
2991 5739 3052 5792 τὸ
3070 5738 3266 5805 πάθος,
3286 5738 3396 5794 τῶν
3417 5739 3503 5794 διὰ
3523 5737 3622 5810 τῆς
3657 5752 3790 5804 παρ-

521 5834 1004 5907 .inobsequeutiam
1047 5832 1256 5889 aditum
1291 5830 1484 5890 morbo
1520 5842 1878 5906 aperuerunt.

2219 5833 2389 5906 ακοῆς
2413 5833 2859 5906 είσοικισαμένων
2899 5832 2995 5904 τὴν
3018 5832 3192 5888 νόσον.

2212 4800 2612 4872 κατέσπαρται.
2653 4799 2871 4870 Ἰχθύεςξ
2902 4801 3004 4854 οὐκ
3047 4800 3392 4870 ἀντιλέγουσι
3443 4803 3600 4876 νόμῳ
3639 4802 3788 4863 Θεοῦ,

2300 5456 2521 5518 Ἀσεθὲς
2552 5454 2612 5509 τὸ
2637 5453 2815 5525 λέγειν
2841 5451 3078 5508 ἀδύνατα
3101 5452 3170 5508 τά
3201 5452 3295 5508 τοῦ
3316 5453 3636 5526 Πνεύματος
3660 5469 3793 5525 παρ-
