3930 6248
262 349 388 421 M33

1510 349 1749 412 SACRA
1789 347 2254 412 PABALLELA.
2324 379 2329 385 -

3355 340 3495 409 1434

318 484 338 519 ι
370 462 700 536 Εύφράνθην
730 463 825 519 ἐπὶ
851 464 966 529 τοῖς
983 463 1233 541 εἰρηκόσι
1274 482 1389 538 μοι,
1417 465 1510 530 Εἰς
1529 458 1679 520 οῐκον
1705 465 1820 520 Κυ-

1995 461 2151 519 Psal.
2186 477 2337 532 cm,
2387 467 2443 522 1.
2511 492 2584 509 -ο
2636 485 2657 524 t
2695 466 2939 524 Lanatus
2994 476 3116 519 sum
3173 461 3228 518 in
3259 461 3329 521 iis
3371 478 3494 534 quat

256 556 364 625 ρίου
394 554 792 628 πορευσόμεθα.
827 575 849 611 ι

316 666 340 702 ι
371 646 570 719 Κύριος
588 647 648 703 ἐν
660 645 774 720 ναῷ
800 647 942 721 ἀγεῳ
965 647 1153 717 αὐτοῦ,
1175 646 1511 704 εὐλαϐεῖσθω
1527 645 1638 703 ἀπὸ
1651 661 1823 720 προσ-

248 742 390 796 ώπου
419 737 584 795 αὐτοῦ
602 741 752 795 πᾶσα
780 741 814 814 ἡ
838 742 930 813 γῆ.
959 759 980 796 t
1793 795 1801 804 ,

317 849 338 884 ι
399 831 633 904 Μεγάλη
699 833 856 889 ἔσται
908 835 944 905 ή
1007 833 1136 902 δόξα
1180 832 1371 890 τούτου
1424 830 1520 888 τοῦ
1580 834 1732 888 οῐκου
1784 832 1820 903 ἡ

251 923 449 994 ισχάτη
505 922 646 996 ὑπὲρ
697 921 801 996 τὴν
832 922 1078 998 πρώτην,
1131 923 1284 994 λέγει
1327 922 1535 997 Κύριος
1559 916 1822 980 octavu-

249 1014 486 1088 κράτωρ.
518 1034 563 1069 ιι

318 1124 338 1160 ι
369 1105 533 1162 Δεῦτε
560 1148 575 1172 ,
639 1108 932 1182 ἀναδῶμεν
995 1111 1077 1176 εἰς
1143 1109 1207 1165 τὸ
1254 1109 1382 1183 ὅρος
1419 1109 1677 1186 Κυρίου,
1719 1109 1819 1164 καὶ

247 1202 324 1269 εἰς
352 1201 444 1257 τὸν
475 1199 625 1258 οἶκον
684 1201 781 1256 τοῦ
814 1203 955 1259 Θεοῦ
1006 1204 1224 1261 Ἰακώϐ.
1266 1204 1517 1277 ’Δγγελεῐ
1552 1205 1684 1277 ἡμῖν
1720 1205 1819 1279 τὴν

243 1295 359 1351 ὁδὸν
378 1295 565 1352 αὐτοῦ.
597 1316 616 1351 ι

317 1410 340 1445 ‹
385 1392 445 1446 '0
469 1387 620 1458 οἶκός
654 1410 754 1465 μου
795 1388 948 1459 οἶκος
981 1391 1293 1465 προσευχῆς
1318 1391 1656 1466 κληθήσεται
1686 1394 1822 1448 πᾶσι

243 1485 351 1547 τοῖς
378 1484 612 1539 ἔθνεσιν.
648 1503 669 1536 ι

315 1593 335 1628 ι
384 1575 474 1639 Ὠς
535 1576 712 1646 μέγας
743 1577 772 1631 ὁ
803 1571 954 1642 οἶκος
983 1577 1078 1632 τοῦ
1133 1575 1296 1645 Θεοῦ,
1353 1577 1450 1633 καὶ
1492 1578 1743 1651 εὐμήκης
1787 1581 1818 1634 6

241 1671 401 1733 τόπος
439 1669 541 1740 τῆς
577 1669 809 1735 κτίσεως
837 1669 1036 1726 αὐτοῦι
1087 1671 1304 1742 Μέγας,
1326 1669 1426 1727 καὶ
1457 1671 1560 1726 οὐκ
1581 1670 1697 1744 ἔχει
1725 1688 1820 1726 τε·-

240 1760 434 1832 λευτήν
453 1777 466 1790 ·
496 1760 702 1834 ὑψηλὸς
727 1763 821 1817 καὶ
841 1761 1174 1836 ἀμέτρητος.
1209 1783 1231 1816 ι

1922 557 2184 615 dixerunt
2209 559 2343 615 mihi
2371 576 2387 615 :
2430 558 2487 614 in
2520 558 2746 615 domum
2770 557 2987 614 Domini
3024 557 3247 613 ibimus.
3275 575 3296 610 ι

1992 651 2407 719 Habac.tt,10.
2445 683 2516 696 -—
2540 670 2561 706 ι
2593 651 2867 709 Dominus
2925 652 2983 707 in
3040 649 3245 722 templo
3300 658 3497 707 saneto

1921 761 2048 813 suo,
2078 747 2269 803 timeat
2296 762 2328 802 ει
2361 746 2502 804 faeie
2533 745 2656 819 eius
2692 745 2873 803 omnis
2908 752 3078 802 terra.
3117 762 3138 797 ι

1997 837 2161 911 5,62
2187 838 2318 909 Agg.
2377 852 2440 903 tt,
2465 839 2521 893 9.
2545 867 2614 878 —
2645 855 2664 889 ι
2699 835 2889 908 Magna
2941 843 3027 891 est
3077 834 3249 906 gloria
3299 835 3498 893 domus

1921 930 2085 989 istius
2102 931 2410 989 novissima
2445 945 2612 1002 super
2639 930 2899 1004 primam,
2934 927 3072 985 dicit
3094 927 3359 987 Dominus
3379 945 3498 986 om-

1920 1025 2203 1097 nipotens.
2245 1042 2266 1076 ι

1994 1116 2129 1173 Ιεαῑ.
2163 1115 2299 1185 ti,2.
2322 1146 2393 1159 --
2416 1131 2437 1167 ι
2476 1113 2694 1182 Venite,
2742 1115 3110 1174 accendamus
3164 1115 3217 1171 in
3249 1122 3496 1173 montem

1919 1210 2161 1279 Domini,
2194 1221 2250 1268 et
2271 1211 2339 1268 ad
2368 1211 2595 1268 domum
2649 1208 2746 1268 Dei
2782 1207 2976 1269 Iacob.
3013 1208 3282 1266 indicabit
3335 1211 3495 1268 nobis

1917 1303 2065 1361 viam
2095 1319 2274 1362 suam.
2310 1322 2332 1357 ι
3512 1291 3517 1296 ’

1991 1397 2190 1456 larem.
2221 1415 2321 1465 vn,
2355 1399 2442 1454 11.
2468 1429 2536 1441 -
2573 1417 2593 1452 ι
2624 1398 2835 1457 Domus
2875 1411 3020 1457 mea.
3065 1397 3265 1455 domus
3289 1397 3495 1454 oratio»

1925 1491 2015 1548 nis
2039 1489 2330 1546 vocabitur
2363 1488 2586 1547 cunctis
2609 1488 2889 1561 gentibus.
2921 1507 2943 1544 ι

1991 1582 2206 1640 Βαγαδὴ
2237 1585 2336 1654 mf,
2386 1583 2480 1641 24.
2512 1613 2582 1626 -
2620 1602 2640 1637 ι
2681 1583 2858 1651 Quam
2917 1598 3116 1656 magna
3175 1596 3260 1640 εει
3301 1583 3497 1641 domus

1923 1679 2044 1746 Dei,
2067 1685 2124 1736 et
2159 1679 2356 1752 ingens
2414 1679 2572 1735 locus
2637 1676 3013 1750 possessionis
3043 1677 3198 1750 eius!
3243 1677 3495 1751 Magnus,

1917 1780 1975 1829 et
2001 1786 2113 1829 non
2140 1771 2312 1830 habet
2339 1771 2529 1842 linem,
2567 1772 2828 1830 excelsus
2857 1780 2911 1829 et
2945 1772 3298 1830 immensus.-

309 1873 331 1908 ι
367 1820 442 1908 lib
478 1820 783 1928 si'ﬂ'é'rpoc,
834 1820 930 1910 κᾶι
1086 1820 1264 1930 ταύτῃ
1290 1859 1358 1930 τῇ
1401 1855 1580 1930 πέτρᾳ
1608 1856 1817 1910 οἰκοδο-

1991 1863 2187 1922 Matth.
2235 1881 2350 1932 xvt,
2395 1865 2482 1922 l7.
2511 1820 2594 1906 ν-
2651 1885 2670 1918 ι
2712 1865 2792 1922 ’l'u
2834 1881 2894 1922 es
2949 1865 3172 1934 Petrus,
3226 1876 3280 1924 et
3329 1882 3499 1938 super

240 1948 399 2021 μήσω
433 1964 537 2017 μου
571 1947 672 2020 τὴν
708 1947 1062 2019 Ἐκκλησίαν,
1116 1947 1211 2003 καὶ
1237 1947 1401 2004 πύλαι
1430 1947 1558 2022 ᾅδου
1597 1947 1660 2004 ού
1688 1965 1818 2005 κατ-

239 2041 557 2113 ισχύσουσιν
584 2040 785 2112 αὐτῆς.

330 2133 632 2206 ιΕζσῆλθεν
686 2136 714 2189 ὁ
776 2135 988 2208 Ἰησοῦς
1037 2134 1118 2200 εἰς
1171 2133 1234 2190 τὸ
1262 2133 1428 2206 ἱερὸν,
1465 2133 1562 2190 καὶ
1590 2131 1816 2199 ὲξέϐαλε

234 2228 441 2292 πάντας
461 2232 590 2292 τοὺς
608 2226 924 2293 πωλοῦντας
940 2228 1032 2284 καὶ
1063 2227 1434 2302 ἀγοράζοντας
1472 2227 1531 2283 ἒν
1554 2226 1635 2298 τῷ
1664 2225 1814 2301 ἱερῷ,

232 2325 325 2378 καὶ
359 2322 462 2387 τάς
484 2321 771 2395 τραπέζας
798 2320 910 2376 τῶν
960 2321 1328 2377 κολλυϐιστῶν
1368 2319 1686 2393 ἀνέτρεψεν,
1720 2321 1820 2374 καὶ

230 2418 324 2483 τάς
347 2418 636 2490 καθέδρας
667 2415 777 2472 τῶν
792 2415 1117 2471 πωλούντων
1169 2414 1273 2481 τὰς
1318 2416 1672 2488 περιστεράς.
1709 2414 1818 2469 Καὶ

226 2512 371 2582 λέγει
401 2513 596 2576 αὐτοῖς
616 2530 632 2547 ο
658 2511 1000 2583 Γέγραπται,
1057 2509 1116 2566 ’0
1144 2505 1294 2574 οἶκός
1329 2527 1432 2581 μου
1473 2505 1623 2575 οἶκος
1650 2527 1821 2582 προσ-

223 2605 390 2678 ευχῆς
453 2603 831 2676 κληθήσεταιο
888 2603 1049 2675 ὑμεῖς
1109 2602 1165 2658 δὲ
1209 2603 1506 2676 ἐποιήσατε
1550 2603 1818 2676 σπήλαιον

222 2704 459 2777 λῃστῶν.
508 2723 528 2758 ι

293 2817 314 2852 ι
346 2799 443 2868 Μὴ
489 2796 676 2863 οἰκίας
711 2798 814 2854 οὐκ
861 2797 1018 2868 ἔχετε
1048 2797 1128 2862 τις
1151 2797 1212 2852 τὸ
1258 2794 1461 2851 ἐσθίειν
1491 2795 1585 2851 καὶ
1610 2796 1818 2862 πίνεινς

217 2892 252 2966 ἢ
279 2892 378 2962 τῆς
427 2890 767 2961 Ἐκκλησίας
780 2890 874 2946 τοῦ
891 2889 1026 2946 Θεοῦ
1045 2888 1442 2962 καταφρονεῖτε
1461 2906 1478 2951 :
1515 2888 1821 2945 Ἐπαινέσω

219 2988 402 3059 ῠμᾶςς
441 2988 513 3042 ὲν
538 2985 751 3051 τούτοις
773 2985 875 3040 ούκ
893 2985 1125 3042 ἐπαινῶ.
1165 3005 1185 3039 ι

289 3081 609 3146 Εὑσεϐείας
661 3083 910 3154 σημεῖον,
948 3081 1011 3136 τὸ
1060 3081 1262 3152 συνεχῆ
1300 3082 1523 3156 μνήμην
1548 3079 1822 3139 ποιεῖσθαι

1920 1958 2066 2015 hanc
2099 1966 2313 2031 petram
2346 1958 2634 2015 aediﬁcabo
2670 1956 2975 2015 Ecclesiam
3003 1973 3212 2028 meam;
3247 1970 3299 2015 et
3327 1969 3498 2031 porta:

1920 2051 2083 2109 inferi
2120 2067 2230 2107 non
2271 2051 2648 2123 praevalebunt
2681 2051 2952 2107 adversus
2977 2065 3120 2107 eam.
3165 2070 3186 2105 ι

1990 2147 2186 2205 Matth.
2208 2164 2322 2218 ut,
2366 2147 2630 2209 15.14.--
2653 2166 2670 2198 ι
2699 2145 2988 2219 Ingressus
3011 2155 3092 2203 est
3108 2144 3271 2204 Jesus
3289 2144 3340 2201 in
3361 2157 3500 2203 tem-

1920 2242 2096 2314 plum,
2125 2249 2182 2296 et
2214 2240 2375 2311 ejecit
2405 2255 2601 2297 omnes
2624 2237 2924 2297 vendentes
2937 2247 2990 2297 et
3009 2247 3256 2296 ementes
3286 2240 3340 2295 in
3361 2247 3500 2297 tem-

1923 2335 2013 2406 plo
2043 2348 2058 2386 :
2087 2340 2142 2388 et
2181 2347 2400 2389 mensas
2441 2329 2942 2387 nummulariorum
2970 2330 3188 2397 evertit,
3227 2339 3284 2387 et
3311 2330 3502 2388 cathe-

1920 2428 2050 2484 dras
2079 2425 2436 2484 vendentium
2469 2424 2777 2482 columbas.
2806 2422 3029 2480 Etdixit
3061 2423 3143 2481 eis
3171 2442 3186 2480 :
3219 2422 3500 2495 Scriptum

1921 2525 2008 2575 est
2037 2537 2055 2574 :
2089 2516 2297 2574 Domus
2317 2532 2461 2584 utea,
2496 2516 2697 2577 domus
2733 2515 3004 2572 orationis
3049 2513 3355 2570 vocabitur.
3391 2511 3504 2572 Vos

1920 2620 2103 2669 autem
2131 2609 2344 2669 fecistis
2366 2625 2490 2668 eam
2519 2609 2841 2682 speluncam
2864 2608 3160 2664 latronum.
3196 2626 3216 2662 ι

1993 2704 2022 2761 1
2054 2704 2179 2763 Cor.
2212 2720 2274 2768 tt,
2299 2703 2392 2759 ΞΩ.
2418 2735 2487 2747 -
2526 2721 2546 2756 ι
2581 2700 2844 2774 Nunquid
2903 2700 3096 2768 domos
3141 2715 3250 2755 non
3285 2699 3503 2756 habetis

1923 2799 1990 2856 ad
2038 2798 2484 2856 manducandum
2534 2804 2592 2854 et
2650 2793 3008 2852 bibendum?
3045 2800 3142 2848 aut
3192 2791 3500 2849 Ecclesium

1922 2893 2018 2953 Dei
2043 2889 2442 2951 contemnitis?
2467 2888 2728 2946 Laudabo
2751 2888 2887 2946 vos?
2911 2887 2968 2944 in
2999 2887 3106 2944 hoc
3139 2903 3249 2944 non
3278 2887 3497 2942 laudo.»

1995 3079 2056 3137 S.
2090 3079 2367 3152 Chrysost.
2400 3108 2468 3119 --
2498 3075 2730 3134 Pietatis
2753 3083 3135 3149 argumentum
3154 3081 3259 3141 est,
3283 3071 3504 3130 assidue

216 3177 327 3233 τῶν
383 3175 692 3250 θειοτέρων
747 3175 956 3241 τόπων,
1001 3175 1098 3228 καὶ
1139 3172 1200 3227 τδ
1238 3177 1476 3239 πυκναῖς
1503 3173 1814 3242 ὲντεύξεσιν

1949 3181 2108 3231 aucta
2154 3173 2277 3230 loca
2309 3172 2573 3229 memoria
2622 3184 2871 3236 versare,
2904 3177 2960 3225 et
2990 3165 3203 3224 crebris
3245 3165 3504 3240 precibus

219 3271 581 3340 ὲξιλεοῦσθαι
628 3270 719 3325 τὸν
775 3268 931 3324 Θεόν.
993 3266 1255 3322 Βούλεται
1291 3267 1400 3338 γάρ
1435 3268 1564 3332 τοὺς
1606 3265 1822 3338 ἀνθρώο

217 3384 357 3431 πους
405 3367 438 3421 ὀ
499 3362 634 3428 Θεὸς
684 3361 816 3436 περὶ
862 3361 992 3424 τοὺς
1033 3359 1145 3416 τῶν
1206 3358 1377 3430 ἁγίων
1404 3359 1570 3414 οἴκων
1593 3357 1823 3430 λιμένας

217 3454 698 3532 καθορμίςεσθαι.

287 3553 368 3608 Τὸ
404 3549 810 3622 θυσιαστήριον
837 3542 1091 3620 οὐράνιός
1125 3548 1243 3602 ἔστι
1279 3545 1554 3621 τράπεζα,
1611 3547 1682 3604 τὰ
1713 3545 1824 3603 ἀπὸ

217 3641 325 3712 γῆς
355 3640 688 3714 δεχόμενον,
747 3637 848 3694 καὶ
895 3636 1116 3712 οὐρανῷ
1159 3635 1549 3710 παραπέμπων
1573 3651 1590 3668 ·
1629 3634 1692 3693 τὸ
1726 3633 1823 3689 ἀπ’

213 3734 481 3808 οὐρανῶν
511 3731 828 3806 δεχόμενον,
893 3732 990 3786 καὶ
1035 3733 1104 3805 τῇ
1149 3733 1219 3803 γῇ
1243 3729 1548 3803 χορηγοῦν·
1589 3729 1684 3784 ἐπὶ
1719 3727 1828 3798 γῆς

215 3825 667 3903 ὲρηρεισμὲνον,
698 3823 796 3881 καὶ
814 3822 892 3895 τῷ
919 3824 1031 3881 ἄνω
1065 3821 1473 3897 παρακείμενον
1493 3820 1693 3895 θρόνῳ.
1714 3819 1825 3874 Θυ-

216 3918 568 3992 σιαστήριον
597 3915 709 3990 γάρ
759 3914 948 3981 αὐτοῖς
1005 3913 1238 3986 φοϐερὸν
1271 3915 1383 3978 τοίς
1410 3911 1688 3982 ἀγγέλοις,
1712 3912 1826 3977 τοῖς

214 4013 321 4087 τὴν
347 4011 620 4087 οὖράνιον
658 4007 1132 4082 ύπερπετομένοις
1156 4006 1342 4078 autem.

305 4106 455 4161 Ἀπὸ
485 4103 588 4174 τῆς
612 4102 857 4174 πλευρᾶς
883 4099 995 4174 ἄρα
1027 4100 1129 4172 τὴν
1169 4095 1503 4170 Ἐκκλησίαν
1533 4095 1826 4168 ἐδημιούρ-

1923 3267 2094 3324 Deum
2127 3266 2369 3337 placare.
2401 3263 2533 3319 Vult
2571 3263 2718 3319 enim
2774 3261 2921 3319 Deus
2966 3260 3223 3318 homines
3269 3258 3337 3316 ad
3368 3265 3506 3316 tem-

1922 3362 2143 3436 plorum
2189 3367 2386 3434 portus
2421 3358 2774 3416 continenter
2805 3355 3104 3430 appellere.

1995 3545 2275 3617 Ejusdem.
2299 3576 2369 3588 --
2401 3546 2592 3601 Altare
2640 3543 2892 3601 omlestis
2920 3549 3006 3600 est
3058 3555 3277 3608 mensa,
3309 3541 3366 3598 in
3395 3557 3504 3615 quo

1925 3649 2144 3697 terrena
2169 3640 2312 3696 dona
2365 3637 2732 3710 recipiuntur,
2790 3643 2845 3693 et
2882 3636 2939 3692 in
2978 3633 3181 3693 emittm
3214 3635 3506 3691 transmit-

1927 3738 2121 3790 tuntur
2145 3751 2160 3802 ;
2187 3731 2440 3789 cmlestia
2471 3745 2714 3804 superne
2742 3729 3080 3806 suscipiens.
3104 3735 3162 3786 et
3191 3737 3351 3785 terra:
3372 3727 3506 3785 sub-

1926 3826 2256 3884 ministrans
2289 3842 2304 3879 :
2336 3826 2391 3882 in
2431 3834 2582 3882 terra
2614 3825 2807 3892 fixum,
2839 3833 2894 3882 et
2933 3823 3148 3881 etelesti
3189 3824 3392 3880 throno
3414 3823 3508 3877 ad-

1924 3917 2143 3991 jacens.
2170 3917 2360 3975 Altare
2386 3917 2530 3975 enim
2587 3917 2795 3990 angelis
2834 3916 2992 3989 ipsis,
3053 3917 3147 3988 qui
3184 3931 3350 3987 supra
3383 3913 3508 3971 coeli

1927 4026 2087 4067 axem
2118 4011 2332 4078 volant,
2357 4009 2712 4067 formidabile
2743 4017 2851 4066 est.

1999 4102 2283 4174 Ejusdem,
2309 4103 2495 4158 Itomil.
2528 4102 2598 4158 ad
2655 4102 2983 4175 πυρῆνι-ο
3016 4100 3274 4157 Christus
3312 4099 3380 4156 de
3407 4113 3509 4154 suo

215 4216 402 4270 γησεν
439 4199 472 4250 6
506 4195 765 4268 Χριστὸς,
817 4193 1076 4263 καθάπερ
1133 4190 1247 4244 ἀπὸ
1296 4191 1399 4261 τῆς
1452 4187 1694 4260 πλευρᾶς
1731 4186 1820 4242 τοῦ

1951 4205 2104 4253 atere
2146 4193 2450 4251 Ecelcsiam
2493 4192 2766 4259 condidit,
2821 4191 3286 4264 quemadmodum
3343 4189 3509 4244 Evam

231 4294 418 4364 Ἀδάμ
445 4292 552 4364 τὴν
587 4284 731 4345 Εὕαν
761 4287 1044 4357 ἐποίησεν.
1065 4283 1167 4338 Διά
1194 4282 1356 4338 τοῦτο
1378 4280 1594 4345 nemo;
1623 4296 1789 4351 φησιν
1808 4294 1820 4310 ·

1949 4305 1994 4346 sx
2048 4289 2222 4344 latere
2261 4286 2436 4343 Adam
2489 4285 2881 4343 fabricaverat.
2916 4283 3070 4340 Unde
3114 4285 3278 4340 etiam
3309 4282 3510 4338 Paulus

231 4387 340 4441 Ἐκ
373 4381 500 4453 τῆς
524 4381 756 4451 σαρκὸς
784 4377 993 4444 αὐτοῦ,
1023 4374 1122 4432 καὶ
1147 4374 1217 4430 ἐκ
1241 4372 1360 4429 τῶν
1385 4370 1614 4428 ὀστέων
1642 4368 1820 4426 αὐτοῦ

1949 4382 2008 4437 tit
2042 4398 2058 4437 :
2096 4379 2180 4435 Ex
2213 4396 2375 4436 carm
2403 4380 2542 4449 eius,
2564 4390 2614 4435 et
2637 4395 2702 4436 ex
2724 4379 2930 4436 ossibus
2945 4378 3060 4447 eius
3081 4395 3264 4434 sumus
3294 4375 3509 4448 (Ep/tes.

217 4479 450 4548 ἐσμεν,
476 4475 580 4546 τὴν
607 4471 854 4543 πλευράν
883 4467 1276 4539 αἰνιττόμενος.
1312 4465 1532 4537 ’Ὠσπερ
1565 4464 1674 4535 γὰρ
1707 4461 1820 4516 τότε

1949 4490 1991 4542 r,
2053 4474 2171 4546 '50),
2219 4472 2366 4531 latus
2416 4471 2675 4530 videlicet
2728 4471 3117 4529 subindicans.
3173 4469 3306 4524 Nam
3365 4468 3513 4525 velut

219 4571 396 4626 ἔλαϐε
434 4567 542 4640 τὴν
566 4564 809 4639 πλευράν
854 4564 881 4617 ὁ
909 4561 1065 4626 Θεὸς,
1088 4561 1187 4615 καλ
1211 4558 1416 4614 ἔπλασε
1449 4557 1549 4629 τὴν
1572 4557 1820 4625 γυναῖκα,

1949 4583 2068 4624 ;unc
2102 4566 2244 4625 Deus
2303 4575 2514 4623 costam
2569 4564 2827 4638 sumpsit,
2856 4579 2922 4621 ac
2966 4563 3225 4619 feminam
3262 4561 3510 4629 efﬂuxit;

214 4667 411 4732 οὕτως
470 4662 677 4717 ἔδωκεν
727 4659 862 4730 ἡμῖν
927 4651 1070 4727 αἷμα
1113 4656 1210 4708 καὶ⁵
1237 4651 1383 4725 ὕδωρ
1409 4653 1476 4706 ὲκ
1514 4650 1614 4722 τῆς
1658 4648 1820 4703 αὐτοῦ

1949 4663 2016 4721 sic
2042 4662 2206 4719 nobis
2239 4661 2567 4734 sanguinem
2600 4667 2655 4717 et
2686 4673 2885 4729 aquam
2905 4656 3056 4712 dedit
3086 4672 3152 4713 ex
3193 4657 3363 4712 latere
3386 4669 3509 4722 suo,

215 4761 515 4834 πλευρᾶς,
554 4757 652 4812 καὶ
681 4755 960 4812 ἀνέπλασε
983 4752 1086 4823 τὴν
1131 4749 1484 4821 Ἐκκλησίαν.
1509 4747 1619 4802 Καὶ
1641 4745 1820 4818 ὥσπερ

1949 4764 1988 4814 :t
2039 4756 2348 4813 Ecclesiam
2402 4752 2687 4811 formavit.
2742 4752 2809 4807 Et
2855 4749 3319 4824 quemadmodqu
3381 4759 3512 4807 tunc

217 4857 352 4912 τότε
393 4856 461 4908 ὲν
513 4849 772 4905 ἐκστάσει
825 4846 985 4902 ἔλαϐε
1032 4844 1134 4917 τὴν
1182 4842 1426 4914 πλευράν
1476 4839 1820 4903 καθεύδοντος

1949 4857 2148 4908 :ostam
2200 4849 2259 4906 in
2314 4849 2407 4906 illo
2442 4862 2644 4920 sapore
2682 4845 3011 4904 dormientis
3041 4845 3216 4902 Adam
3243 4846 3458 4917 accepit
3495 4863 3510 4900 :

212 4950 321 5006 τοῦ
367 4946 580 5018 Ἀδάμ,
611 4943 755 4997 οὕτω
790 4943 882 4996 καὶ
909 4939 1008 4994 νῦν
1056 4935 1197 5010 μετὰ
1223 4934 1451 4990 θάνατον
1477 4935 1538 4988 τὸ
1567 4928 1707 5007 αἷμα
1737 4932 1820 4987 καλ

1949 4953 2011 5000 ta
2033 4958 2182 5000 nunc
2213 4957 2437 5016 quoque
2463 4949 2591 5014 post
2613 4947 2841 4997 mortem
2865 4938 3192 5012 sanguinem
3222 4947 3276 4995 et
3316 4953 3511 5010 aquam

214 5045 282 5100 τὸ
317 5043 488 5113 ὕδωρ
524 5039 782 5104 δέδωκεν,
813 5034 909 5089 καὶ
937 5034 1077 5105 ὅπερ
1105 5031 1229 5086 τότε
1257 5029 1514 5094 ἔκστασις
1551 5023 1641 5099 ἦν,
1673 5027 1820 5083 τοῦτι

1949 5037 2106 5094 ledit.
2155 5036 2291 5094 Nam
2335 5035 2482 5109 quod
2507 5043 2645 5092 tunc
2674 5048 2842 5106 sopor
2864 5041 3008 5101 erat,
3043 5031 3148 5090 hoc
3172 5032 3226 5089 in
3255 5032 3512 5105 presenti

214 5140 323 5196 νῦν
348 5137 622 5198 Θάνατος.

1949 5144 2088 5186 mors
2116 5136 2225 5186 εει.

295 5228 591 5301 Καθάπερ
618 5226 846 5300 λιμένας
896 5226 956 5279 ὲν
998 5224 1253 5293 πελάγει,
1298 5222 1441 5277 οὕτω
1488 5221 1586 5286 τὰς
1638 5222 1820 5294 ἐκκλη·

2008 5221 2288 5292 Ejusdem.
2327 5250 2400 5262 —
2427 5217 2903 5288 Quemadmodum
2945 5217 3314 5292 portusjuxta
3341 5230 3512 5284 mare,

218 5329 358 5391 σίας
401 5325 473 5380 ὲν
526 5323 750 5378 πόλεσιν
798 5320 1001 5392 ἔπηξεν
1033 5321 1061 5375 ὁ
1087 5318 1243 5384 Θεὸς,
1274 5318 1361 5372 ἵνα
1399 5316 1510 5372 ἀπὸ
1537 5319 1637 5389 τῆς
1665 5314 1820 5387 ζάλης

1949 5315 2101 5374 sicin
2149 5314 2380 5372 urbibus
2431 5313 2713 5372 Ecclesias
2751 5314 2947 5371 statuit
2993 5316 3163 5380 Deus,
3195 5320 3316 5369 uta
3352 5329 3519 5386 nego.

217 5420 344 5477 τῶν
377 5414 665 5490 β.ωτικῶν
694 5416 1039 5488 πραγμάτων
1061 5411 1299 5469 ἐνταῦθα
1323 5412 1640 5483 φεύγοντες,
1668 5407 1820 5481 γαλή-

1949 5409 2144 5466 Liorum
2170 5409 2403 5481 hujusce
2455 5407 2582 5463 vitae
2631 5405 2894 5463 fluctibus
2958 5406 3068 5463 huc
3111 5406 3516 5480 confugientes,

216 5529 329 5583 νης
358 5506 767 5579 ἀπολαύωμεν.
797 5505 933 5561 Ούδὲ
961 5504 1073 5577 γάρ
1105 5506 1369 5577 κυμάτων
1414 5503 1565 5558 ἐστιν
1603 5498 1820 5557 ἐνταῦθα

1949 5505 2348 5577 tranquillitate
2402 5506 2774 5580 perfruamur.
2834 5506 3026 5582 Neque
3083 5507 3227 5566 enim
3293 5506 3362 5563 iis
3423 5505 3518 5578 qui

219 5599 667 5672 καταφυγόντες
719 5599 895 5655 δεῖσαι
937 5597 1324 5672 καταδρομὴν,
1390 5597 1452 5652 οὐ
1511 5595 1820 5670 κακουργῶι

1949 5601 2079 5657 illuc
2114 5601 2497 5673 confugerint,
2539 5601 2802 5661 fluctuum
2844 5605 3086 5676 impetus
3119 5604 3518 5677 pertimescen-

221 5698 465 5770 ἔφοδον,
516 5694 576 5750 ού
629 5693 961 5766 πνευμάτων
1018 5692 1162 5765 βίας,
1208 5692 1268 5747 ού
1310 5689 1518 5764 θηρίων
1554 5690 1817 5755 ἐπιϐολάς

1949 5693 2046 5754 dus
2101 5705 2209 5763 est,
2257 5710 2365 5752 non
2413 5697 2737 5768 praedonum
2776 5699 3044 5763 assultus,
3076 5712 3183 5753 non
3207 5697 3292 5754 vis
3327 5705 3518 5753 vento-

221 5793 432 5865 Λιμὴν
459 5790 572 5862 γάρ
596 5791 712 5844 ἐστι
754 5789 960 5844 τούτων
1002 5788 1220 5843 πάντων
1261 5786 1705 5859 ἀπηλλαγμένος.
1747 5784 1814 5838 At

1949 5802 2089 5855 rum,
2113 5803 2224 5844 non
2261 5787 2598 5844 belluarum.
2622 5787 2822 5846 Portus
2854 5789 3055 5860 quippe
3085 5797 3169 5847 est
3195 5788 3379 5844 abhis
3403 5803 3520 5842 om-

230 5887 350 5960 μὴν
385 5883 512 5954 ἄρα
558 5884 677 5938 ἐστὶ
737 5881 925 5957 ψυχῶν
980 5885 1010 5954 ἡ
1061 5880 1591 5970 Ἐκκλησία-Πάντα
1619 5881 1728 5955 γὰρ
1755 5880 1820 5936 διε

1949 5881 2110 5947 nibus
2145 5873 2424 5943 immunis.
2481 5882 2619 5940 Nam
2667 5891 2862 5954 portus
2913 5883 3224 5942 animorum
3269 5879 3520 5941 Ecclesia
3611 5924 3621 5932 ..
