3930 6248
456 337 590 409 1439

1664 345 1726 407 S.
1762 340 2088 408 JOANNIS
2127 336 2566 402 DAMASCENI

3542 321 3660 393 lilii

454 458 704 516 tristitia.
735 459 806 517 Et
836 459 914 517 ait
939 460 1049 518 illis
1088 459 1317 530 :Orate,
1370 475 1441 518 ue
1496 458 1716 517 intretis
1758 459 1818 516 in
1848 466 2028 516 teuta-
2069 519 2071 524 ,

2176 455 2325 520 ,ὐτοῖς
2349 472 2368 489 ο
2431 448 2828 528 Προσεύχεσθε,
2883 447 2972 503 ἵνα
3019 445 3098 520 μὴ
3151 441 3428 515 εἰσέλθητε
3463 441 3537 504 εἰς
3563 455 3659 493 πει·

458 547 687 604 tionem.
726 568 749 602 ι

529 638 705 696 Marc.
735 657 812 710 ιι,
842 642 1036 700 23-25.
1056 674 1127 685 —
1155 662 1177 697 ι
1203 642 1379 702 Amen
1403 643 1526 701 dico
1550 643 1732 708 vobis,
1756 643 1851 715 qui
1882 642 2037 700 dixe-

459 731 536 786 rit
556 732 689 790 huic
716 736 891 791 monti
927 755 940 792 :
974 735 1219 806 Tollere,
1262 745 1318 794 et
1380 735 1530 808 iacta
1578 744 1632 793 te
1669 737 1727 792 in
1768 751 1941 802 mare,
1976 742 2040 792 et

462 839 572 879 non
596 823 932 884 hasitaverit
967 829 1023 885 in
1055 830 1221 887 corde
1268 844 1390 897 suo,
1429 829 1521 886 ﬁet
1554 829 1602 885 ei
1631 829 1776 900 quod
1808 826 2034 885 dixerit.

462 916 600 972 Cum
631 920 856 977 stabitis
879 921 949 978 ad
975 923 1266 989 orandum,
1288 922 1550 979 dimittite
1577 923 1624 978 si
1653 920 1788 994 quid
1820 921 2039 978 habetis

465 1010 732 1069 adversus
759 1013 1022 1086 aliquem,
1057 1025 1116 1071 ut
1154 1025 1209 1072 et
1238 1013 1401 1072 Pater
1427 1024 1632 1081 vester,
1665 1014 1758 1087 qui
1792 1014 1848 1071 in
1879 1012 2039 1071 cmlis

465 1111 569 1166 est.
602 1102 844 1160 dimittat
871 1106 1032 1163 vobis
1055 1108 1254 1164 delicta
1287 1115 1500 1164 vestra.
1539 1123 1562 1160 ι

537 1197 655 1252 Act.
709 1212 752 1264 ι,
789 1197 877 1254 η.
906 1230 975 1243 -
1013 1218 1032 1253 ι
1067 1199 1238 1256 Erant
1285 1200 1339 1256 Ιιὶ
1381 1215 1577 1256 omnes
1623 1203 2042 1271 perseverantes

471 1290 806 1348 unanimiter
839 1292 894 1349 in
929 1293 1182 1351 oratione
1210 1300 1266 1349 et
1292 1291 1702 1350 obsecratione.
1749 1309 1769 1344 ι

541 1381 660 1438 Act.
719 1399 797 1451 xl,
835 1384 1056 1442 2-4.--
1125 1404 1145 1439 ι
1206 1383 1274 1440 Et
1315 1392 1690 1441 convocantcs
1750 1381 2042 1440 duodecim

473 1474 885 1534 multitudinem
941 1477 1366 1550 discipulorum,
1420 1476 1680 1534 dixerunt
1723 1493 1740 1531 :
1786 1475 1909 1532 Non
1959 1482 2050 1532 est

472 1583 694 1639 aequum
753 1570 1145 1642 derelinquere
1187 1573 1417 1629 verbum
1475 1571 1592 1638 Dei,
1624 1577 1676 1627 et
1727 1569 2049 1626 ministrare

473 1661 703 1719 mensis.
728 1663 1092 1721 Considerate
1143 1679 1301 1737 ergo,
1332 1663 1561 1730 fratres,
1603 1664 1753 1719 viros
1782 1679 1850 1719 ex
1891 1662 2049 1719 vobis

2134 560 2453 713 μῗμξέμὶῖν
2514 635 2659 705 λέγω
2706 633 2855 704 ύμῖν,
2884 630 2943 695 ὃς
2969 628 3036 684 ἀν
3076 629 3204 700 εἴπῃ
3238 623 3314 697 τῷ
3345 623 3453 697 θρει
3478 623 3660 693 10'3th-

2136 733 2394 807 ’Δρθητι,
2423 729 2515 787 καὶ
2540 726 2767 800 βλήθητι
2791 724 2872 788 εἰς
2900 722 3001 792 τὴν
3030 718 3328 783 θάλασσαν,
3364 716 3454 770 καὶ
3478 715 3547 787 μή
3565 713 3664 769 δια·

2135 828 2302 903 κριθῇ
2326 827 2385 880 ἐν
2417 826 2484 897 τῇ
2504 820 2700 895 καρδίᾳ
2753 815 2941 880 αὐτοῦ,
2996 814 3151 869 ἔσται
3179 810 3333 883 αὐτῷ
3358 811 3387 864 δ
3419 810 3508 864 ἐὰν
3536 810 3664 884 sing.

2136 921 2308 976 Ὅταν
2333 917 2568 988 στὴκητε
2620 908 3069 985 προσευχόμενοι,
3133 905 3324 976 ἀφίετε
3375 905 3426 958 εἰ
3462 922 3513 958 τι
3539 905 3667 976 ἔχετε

2137 1008 2282 1066 κατά
2301 1023 2466 1072 τινος,
2490 1006 2576 1059 ἵνα
2606 1003 2703 1057 καὶ
2733 1003 2762 1057 ό
2791 999 2981 1072 Πατήρ
3011 996 3165 1070 ὑμῶν
3186 999 3214 1051 ὁ
3244 999 3301 1051 ὲν
3329 999 3441 1061 τοῖς
3461 996 3676 1070 οὐρανοῖς

2139 1101 2252 1173 ἀφῇ
2279 1099 2408 1170 ύμῖν
2430 1097 2500 1151 τά
2525 1092 2954 1168 παραπτώματα
2985 1091 3158 1162 ὐμῶν.
3181 1108 3200 1142 ι

2216 1211 2238 1245 ε
2273 1185 2436 1246 Οῦτοι
2467 1189 2670 1252 πάντες
2691 1181 2835 1260 ἦσαν
2859 1181 3402 1257 προσκαρτεροῦντες
3435 1181 3678 1253 ὁμοθυμα-

2142 1287 2235 1344 δὸν
2256 1289 2321 1359 τῇ
2348 1286 2622 1356 προσευχῇ
2649 1281 2743 1336 καὶ
2762 1282 2828 1353 τῇ
2853 1280 3058 1351 δεήσει.
3108 1297 3126 1329 ι

2226 1396 2247 1432 ι
2282 1376 2396 1432 Καὶ
2417 1370 2927 1446 προσκαλεσάμενοι
2959 1369 3010 1422 οἰ
3053 1367 3264 1422 δώδεκα
3291 1367 3353 1420 τὸ
3384 1364 3576 1433 πλῆθος
3600 1363 3692 1416 τῶν

2149 1470 2408 1546 μαθητῶν
2454 1463 2638 1522 εἷπον·
2686 1466 2800 1520 Οὐκ
2858 1464 3088 1540 ἀρεστόν
3125 1464 3243 1518 ἐστι
3290 1459 3694 1519 καταλείποντας

2149 1566 2300 1639 ἡμᾶς
2319 1563 2413 1618 τὸν
2441 1562 2601 1632 λόγον
2624 1558 2720 1614 τοῦ
2735 1559 2896 1626 Θεοῦ,
2926 1558 3193 1613 διακονεῖν
3222 1555 3540 1628 τραπέζαις.
3568 1554 3691 1606 Ἐπι-¹

2152 1655 2426 1728 σκέψασθε
2452 1654 2569 1724 οῦν,
2602 1653 2841 1724 ἀδελφοὶ,
2890 1651 3090 1723 ἄνδρας
3120 1650 3180 1716 ἐξ
3211 1648 3365 1720 ὐμῶν
3413 1663 3683 1718 μαρτυρου·

477 1749 604 1807 boni
645 1753 951 1810 testimonii
1001 1763 1238 1826 septem,
1289 1755 1483 1827 plenos
1521 1753 1733 1827 Spiritu
1765 1763 1962 1812 sancto
1994 1761 2052 1812 et

2176 1752 2350 1815 ιένους
2385 1750 2548 1811 ἑπτὰ,
2601 1747 2838 1820 πλήρεις
2881 1743 3199 1816 ιῐνεύματος
3243 1743 3342 1796 καὶ
3385 1741 3594 1809 σοφίας,
3621 1739 3697 1806 οὒς

475 1845 763 1916 sapientia,
804 1863 946 1920 quos
1004 1825 1407 1907 constituamus
1454 1825 1621 1919 supet'
1661 1847 1766 1903 hoc
1802 1848 2047 1919 negotio.

2176 1843 2570 1913 ιαταστήσομεν
2617 1841 2712 1894 ἰπὶ
2758 1839 2858 1906 τῆς
2904 1837 3095 1910 χρείας
3141 1834 3371 1905 ταύτης.
3440 1835 3621 1904 Ἡμεῖς
3648 1832 3705 1892 ,δὲ

476 1933 586 1991 Nos
615 1945 798 1996 autem
822 1940 1065 1999 orationi
1125 1949 1180 2000 et
1212 1939 1528 2000 ministerio
1571 1940 1730 1998 verbi
1781 1940 2054 1999 instantes

474 2043 711 2087 ετιιιιυε.
725 2051 744 2084 ι

549 2120 710 2193 465
758 2127 877 2180 Act.
939 2140 997 2191 ς,
1051 2125 1274 2182 Ι·4.--
1310 2144 1330 2181 ι
1382 2126 1479 2184 Vir
1530 2127 1761 2199 quidam
1817 2135 1940 2185 erat
1995 2128 2055 2186 in

479 2214 731 2273 Casarea
785 2219 1012 2276 nomine
1056 2219 1378 2288 Cornelius,
1415 2221 1675 2278 centurio
1723 2237 1789 2278 ex
1825 2221 2055 2278 cohorte

479 2325 606 2379 quae
663 2310 870 2366 dicitur
921 2310 1133 2381 Italica,
1183 2314 1484 2387 religiosus
1508 2328 1578 2372 ac
1625 2314 1831 2372 timens
1886 2313 2056 2370 Deum

482 2417 612 2459 cum
647 2403 800 2459 omni
829 2403 998 2462 domo
1029 2421 1151 2475 sua,
1189 2405 1401 2464 faciens
1432 2407 1817 2481 eleemosynas
1854 2407 2059 2464 multas

483 2492 749 2568 in‘plebe,
803 2503 860 2554 et
919 2497 1224 2570 deprecans
1280 2495 1750 2571 Deum'semper.
1798 2497 1954 2554 Vidit
2002 2498 2059 2555 in

485 2591 609 2647 visu
643 2588 940 2650 manifeste
974 2591 1122 2648 circa
1166 2593 1359 2650 horam
1395 2591 1505 2649 diei
1552 2607 1754 2650 nonam
1803 2592 2061 2666 angelum

488 2684 585 2741 Dei
623 2687 997 2745 introeuntem
1029 2685 1100 2742 ad
1137 2702 1221 2753 se,
1250 2694 1309 2744 et
1337 2686 1618 2744 dicentem
1642 2686 1749 2743 sibi
1778 2706 1792 2741 :
1818 2685 2062 2743 Corneli.

487 2780 560 2838 At,
590 2778 683 2834 ille
706 2777 930 2836 intuens
959 2780 1014 2836 in
1047 2795 1198 2844 eum,
1230 2785 1285 2835 et
1319 2779 1516 2837 timore
1545 2787 1860 2851 correptus,
1899 2778 2063 2835 dixit:

489 2871 632 2939 Quid
665 2881 773 2942 est,
808 2874 1076 2930 Domine!
1113 2873 1259 2931 Dixit
1291 2881 1475 2930 autem
1507 2871 1561 2930 ei
1590 2891 1606 2928 :
1637 2871 1933 2928 Orationes
1961 2881 2070 2927 tua:

487 2973 548 3023 et
606 2965 974 3041 eleemosyna
1040 2975 1154 3025 tua:
1199 2965 1578 3024 ascenderunt
1641 2964 1699 3023 in
1763 2972 2068 3038 conspectu

492 3057 612 3115 Dei.
654 3076 675 3112 ι

567 3148 760 3219 ΕρΙιεε.
793 3166 872 3223 vr,
920 3151 1007 3209 l8.
1060 3183 1125 3198 -ο
1173 3171 1192 3206 ι
1239 3151 1344 3208 Per
1402 3165 1622 3207 omnem
1660 3149 1973 3206 orationem
2013 3156 2068 3204 et
2095 3179 2140 3239 ο

493 3245 936 3303 obsecrationem
991 3253 1218 3304 orantes
1268 3243 1420 3303 omni
1463 3253 1712 3316 tempore
1757 3242 1816 3297 in
1847 3241 2071 3313 spiritu,

495 3338 628 3394 etin
660 3339 781 3410 ipso
816 3338 1109 3411 vigilantes
1141 3340 1196 3394 in
1235 3338 1388 3394 omni
1425 3336 1689 3395 instantia
1721 3345 1776 3393 et
1807 3335 2074 3394 obsecra-

499 3433 652 3487 tione
678 3445 780 3502 pro
810 3431 1070 3488 omnibus
1101 3429 1338 3498 sanctis,
1367 3437 1422 3486 et
1449 3443 1552 3501 pro
1585 3443 1696 3485 me.
1729 3445 1750 3481 ι

570 3521 600 3577 1
627 3519 765 3577 Tim.
804 3522 968 3587 n.1,
1001 3521 1055 3578 8.
1082 3551 1152 3564 —-
1177 3538 1198 3574 ι
1256 3518 1502 3578 Obsecro
1531 3520 1775 3591 primum
1828 3519 2076 3577 omnium

503 3613 622 3669 ﬁeri
646 3612 1087 3680 obsecrationes,
1135 3612 1444 3679 orationes,
1476 3610 1909 3682 postulationes,
1948 3626 2077 3683 grav

503 3707 706 3760 tiarum
739 3703 989 3762 actiones
1039 3720 1139 3776 pro
1167 3704 1430 3762 omnibus
1458 3703 1817 3773 hominibus;
1852 3719 1953 3776 pro
1993 3719 2082 3760 re-

506 3801 761 3871 gibus,et
788 3798 1049 3855 omnibus
1080 3798 1176 3870 qui
1208 3798 1264 3854 in
1296 3796 1641 3854 sublimitate
1669 3805 1803 3856 sunt
1830 3806 1890 3854 ut
1920 3796 2080 3868 quie-

509 3903 621 3947 tam
651 3901 706 3948 et
735 3892 1087 3964 tranquillam
1117 3893 1287 3948 vitam
1319 3905 1550 3961 agamus
1594 3890 1649 3946 in
1681 3890 1835 3948 omni
1876 3891 2083 3964 pietate

508 3995 564 4042 et
592 3985 871 4042 castitate.
894 3984 1012 4041 Hoc
1040 3985 1186 4043 enim
1216 3983 1422 4041 bonum
1442 3993 1529 4041 est
1558 3998 1746 4040 coram
1776 3983 1910 4041 Deo.
1948 3982 2082 4040 Volo

510 4079 665 4135 viros
713 4093 878 4135 orare
931 4079 988 4136 in
1034 4078 1183 4135 omni
1214 4078 1362 4144 loco,
1395 4075 1645 4133 levantes
1680 4091 1850 4148 puras
1881 4091 2082 4133 manus

511 4171 636 4227 sine
659 4171 743 4227 ira
770 4177 827 4230 et
854 4170 1286 4244 disceptatione.
1318 4166 1609 4236 Similiter,
1649 4175 1704 4226 et
1733 4157 2014 4235 mulieres,
2059 4187 2078 4223 ι

512 4273 620 4322 etc.

583 4355 709 4414 Jac.
741 4373 796 4424 v,
831 4357 917 4426 l5,
951 4355 1038 4423 ll,
1067 4355 1155 4412 l5.
1183 4386 1254 4397 —
1285 4374 1304 4409 ι
1336 4354 1618 4413 Tristatur
1638 4355 1762 4426 quis
1797 4354 1852 4411 in
1891 4353 2087 4411 vobis’

516 4463 660 4508 oret.
699 4449 887 4522 Equo
926 4451 1111 4506 animo
1158 4450 1294 4507 est?
1333 4450 1551 4521 psallat.
1606 4448 1925 4506 Inﬂrmatur
1963 4448 2090 4518 quis

2152 1937 2439 2010 προσευχῇ
2474 1933 2569 1988 καὶ
2596 1935 2663 2006 τῇ
2693 1930 2942 2002 διακονίᾳ
2965 1928 3060 1985 τοῦ
3094 1929 3255 1999 λόγου
3283 1926 3528 1999 ἐσόμεθα
3551 1941 3700 1996 προσ-

2153 2025 2572 2100 καρτεροῦντες.
2612 2043 2635 2079 ι

2233 2141 2253 2176 ι
2295 2120 2465 2192 ’Δνήρ
2487 2137 2571 2184 τις
2602 2113 2671 2190 ἦν
2700 2117 2757 2171 ἐν
2788 2111 3100 2186 Καισαρείᾳ
3119 2155 3133 2178 ,
3157 2111 3387 2182 ὀνόματι
3411 2106 3710 2180 Κορνήλιος⁹

2155 2213 2584 2285 ἑκατοντάρχης,
2605 2211 2668 2265 ὲκ
2689 2208 2921 2281 σπείρης
2949 2207 3049 2278 τῆς
3073 2203 3424 2275 καλουμένης
3449 2199 3713 2268 Ἰταλικῆς.

2158 2306 2413 2379 εὐσεϐής,
2451 2305 2546 2358 καὶ
2586 2302 2925 2374 φοϐούμενος
2965 2298 3102 2354 θεὸν
3133 2297 3232 2352 οὐν
3279 2296 3446 2351 παντὶ
3494 2292 3569 2364 τῷ
3599 2291 3716 2355 οἴκῳ

2158 2397 2349 2465 αὐτοῦ,
2392 2396 2565 2453 ποιῶν
2614 2392 2988 2467 ἐλεημοσύνας
3015 2390 3223 2454 πολλὰς
3264 2391 3322 2443 ἐν
3352 2388 3436 2460 τῷ
3476 2385 3609 2458 λαῷ,
3637 2385 3717 2438 καὶ

2159 2493 2414 2565 δεόμενος
2445 2489 2580 2545 Θεοῦ
2620 2489 2710 2544 διὰ
2750 2484 2976 2551 παντός.
3012 2480 3165 2539 Εἷδεν
3197 2485 3255 2537 ἐν
3293 2483 3536 2555 ὁράματι
3576 2495 3720 2549 eave-

2165 2587 2298 2663 ρῶς,
2331 2587 2409 2650 ὡς
2439 2583 2570 2655 περὶ
2614 2582 2766 2654 ὥραν
2811 2580 3042 2652 εννάτην
3085 2578 3188 2650 τῆς
3227 2575 3470 2649 ἡμέρας,
3514 2567 3724 2642 ἄγγελον

2162 2678 2258 2738 τοῦ
2283 2679 2420 2735 Θεοῦ
2447 2674 2762 2732 εἰσελθόντα
2797 2673 2939 2746 πρὸς
2963 2671 3150 2739 αὐτὸν,
3187 2669 3285 2726 καί
3311 2669 3542 2724 εἰπόντα
3569 2664 3714 2734 αὐτῷ.

2165 2771 2454 2845 Κορνήλιε.
2493 2769 2553 2826 '0
2595 2768 2656 2822 δὲ
2697 2765 2953 2828 ἀτενίσας
2989 2763 3161 2836 αὐτῷ,
3189 2762 3287 2818 καὶ
3322 2759 3566 2832 ἔμφοϐος
3589 2756 3724 2828 γενὸο

2169 2881 2360 2940 μενος,
2408 2859 2567 2918 εἶπε·
2598 2861 2665 2916 Τί
2716 2857 3086 2929 ἔστι,κύριε;
3133 2852 3268 2910 Eius
3315 2853 3377 2909 δὲ
3433 2851 3616 2926 αὐτῷ’
3669 2845 3728 2906 Δὶ

2169 2957 2473 3030 προσευχαί
2510 2975 2606 3012 σου
2655 2955 2752 3012 καὶ
2789 2951 3153 3026 ἐλεημοσύναι
3204 2966 3300 3006 σου
3351 2947 3624 3021 ἀνέϐησαν
3657 2945 3732 3002 ἔνο

2166 3051 2342 3108 ὠπιον
2368 3050 2465 3107 τοῦ
2494 3049 2652 3108 Θεοῦ.
2682 3068 2702 3103 ι

2246 3161 2268 3198 s
2299 3141 2401 3197 Διά
2437 3141 2619 3212 πάσης
2647 3139 2816 3213 εὐχῆς
2840 3139 2935 3195 καί
2971 3136 3210 3211 δεήσεως
3237 3133 3661 3210 προσευχόμενοι
3681 3131 3726 3186 ἰν

2175 3235 2339 3292 παντὶ
2362 3232 2541 3307 καιρῷ
2570 3235 2629 3288 ὲν
2647 3231 2942 3304 πνεύματι,
2966 3232 3061 3285 καὶ
3081 3231 3163 3295 εἰς
3186 3227 3320 3283 αὐτδ
3340 3227 3730 3302 ἀγρυπνοῦντες

2175 3327 2233 3381 ὲν
2278 3325 2430 3401 πάσῃ
2478 3324 2979 3398 προσκαρτερήσει,
3013 3322 3108 3376 καὶ
3139 3321 3321 3395 δεήσει
3372 3320 3507 3394 περὶ
3537 3318 3731 3374 πάντων

2176 3416 2285 3471 τῶν
2315 3416 2510 3486 ἁγίων,
2534 3417 2627 3470 καί
2657 3414 2799 3486 ὑπὲρ
2829 3413 2989 3486 ἐμοῦ.
3021 3430 3041 3466 ι

2258 3529 2278 3560 ε
2318 3506 2630 3580 Παρακαλῶ
2684 3506 2792 3578 πρὸ
2855 3505 3074 3560 πάντων
3105 3542 3121 3572 ,
3170 3503 3450 3558 ποιεῖσθαι
3507 3501 3732 3574 δεήσεις,

2179 3598 2513 3672 προσευχὰς,
2547 3597 2844 3663 ἐντεύξεις,
2873 3595 3226 3670 εὐχαριστίας
3245 3596 3387 3666 ὑπὲρ
3414 3596 3629 3651 πάντων
3654 3595 3731 3649 ἀν⁸

2181 3690 2436 3765 θρώπων,
2455 3690 2597 3765 ὑπὲρ
2624 3689 2911 3762 βασιλέων,
2930 3690 3024 3744 καὶ
3047 3689 3268 3745 πάντων
3289 3688 3401 3743 τῶν
3427 3689 3487 3742 ἐν
3515 3685 3732 3760 ὑπεροχῇ

2181 3785 2373 3852 ὄντων,
2404 3784 2474 3840 ἶν’
2525 3784 2737 3856 ἦρεμον
2789 3785 2884 3839 καὶ
2937 3782 3161 3854 ἡσύχιον
3194 3781 3311 3853 βίον
3363 3781 3642 3853 διάγωμεν
3686 3779 3738 3832 ὲν

2183 3878 2333 3951 πάσῃ
2380 3875 2635 3949 εὐσεϐείᾳ
2695 3874 2794 3931 καὶ
2851 3874 3167 3951 σεμνότητι.
3217 3872 3391 3929 Τοῦτο
3439 3873 3553 3945 γὰρ
3594 3870 3735 3927 καλὴν

2185 3969 2418 4027 ινὼπιον
2443 3969 2537 4025 τοῦ
2582 3969 2742 4024 Θεοῦ.
2775 3967 3051 4040 Βούλομαι
3081 3966 3491 4041 προσεύχεσθαι
3521 3967 3644 4032 τοὺς
3661 3965 3731 4020 ἄν·

2183 4064 2317 4140 δρας
2353 4046 2410 4119 εν
2431 4063 2600 4119 παντὶ
2621 4062 2793 4136 τόπῳ,
2825 4061 3146 4133 ἐπαίροντες
3174 4060 3328 4124 ὁσίας
3352 4061 3568 4134 χεῖρας,
3592 4057 3731 4131 χωρὶς

2186 4155 2359 4230 ὀργῆς
2388 4155 2483 4212 καὶ
2513 4153 2889 4228 διαλογισμοῦ.
2923 4151 3200 4218 Ὤσαύτως
3221 4153 3316 4207 καὶ
3346 4155 3633 4222 γυναῖκας.
3657 4169 3674 4204 ι

2266 4360 2285 4395 ι
2313 4340 2634 4398 Κακοπαθεῖ
2657 4358 2743 4406 τις
2780 4341 2842 4395 ἓν
2872 4338 3038 4412 ὐμῖν;
3072 4337 3489 4412 προσευχέσθω.
3526 4335 3738 4404 Εὐθυμιί

2189 4449 2308 4500 τιςς
2331 4431 2603 4504 ψαλλέτω.
2639 4432 2885 4487 Ἀσθενεῖ
2909 4449 2993 4496 τις
3017 4431 3075 4484 ὲν
3108 4430 3272 4503 ύμῖν;
3295 4425 3736 4503 προσκαλεσάσθω

517 4544 577 4599 in
606 4519 809 4601 vobisi
844 4543 1071 4600 inducat
1121 4519 1475 4614 presbyteros
1516 4541 1804 4607 Ecclesiae,
1842 4550 1898 4597 et
1927 4551 2071 4596 orem

2193 4526 2315 4589 τοὺς
2347 4525 2756 4598 πρεσϐυτέρους
2792 4524 2897 4596 τῆς
2927 4522 3290 4595 Ἐκκλησίας,
3323 4524 3420 4578 καὶ
3466 4519 3732 4595 «9066955-

519 4649 688 4706 super
717 4650 868 4701 eum,
913 4641 1185 4704 ungentes
1231 4648 1358 4689 eum
1386 4633 1508 4691 oleo
1547 4640 1743 4690 sancto
1776 4631 1830 4688 in
1867 4632 2094 4688 nomine

521 4725 737 4783 Domini
764 4744 782 4797 ;
809 4733 865 4783 et
904 4726 1084 4784 oratio
1116 4725 1244 4783 ﬁdei
1290 4726 1524 4784 salvabit
1575 4725 1877 4793 infirmum,
1924 4745 1945 4782 ι
1979 4733 2091 4783 etc.

595 4911 624 4968 ι
653 4911 799 4969 Pslr.
853 4930 929 4982 tv,
956 4915 1008 4970 7.
1039 4944 1110 4955 —
1143 4932 1160 4966 ι
1201 4912 1393 4970 Estote
1424 4912 1745 4985 prudentes,
1791 4919 1846 4970 et
1875 4911 2097 4984 vigilate

525 5005 582 5062 in
606 5009 978 5066 orationibus.
1019 5027 1038 5061 ι

595 5100 654 5157 S.
690 5097 912 5172 (ἓτερον.
946 5100 1091 5159 Nu.
1117 5131 1190 5144 -ο
1237 5101 1317 5160 Ne
1376 5100 1558 5175 exigui
1591 5101 1800 5174 ingenii
1824 5110 2097 5167 taxemur,

530 5210 694 5266 parva
728 5194 983 5251 videlicet
1009 5193 1367 5266 postulando,
1402 5208 1467 5250 ac
1496 5193 1742 5249 donante
1778 5191 2027 5263 indigna.

602 5287 660 5344 S.
693 5287 919 5359 (ἕτερον.
971 5287 1144 5360 Nyu.
1168 5319 1240 5330 -
1269 5286 1484 5344 Souora
1510 5296 1598 5344 est
1632 5301 1696 5343 ea
1735 5302 1843 5343 vox
1877 5301 2000 5358 quae
2030 5285 2097 5341 ad

532 5380 749 5437 divinas
778 5394 943 5436 aures
992 5379 1240 5435 ascendit
1274 5397 1289 5436 :
1328 5393 1434 5436 non
1466 5378 1675 5434 clamor
1715 5377 1804 5432 ille
1837 5377 1933 5450 qui
1972 5391 2100 5432 cum

535 5476 716 5546 aliqua
768 5475 1121 5530 contentione
1185 5473 1390 5541 editur,
1445 5471 1544 5528 sed
1590 5470 1854 5542 cogitatio
1905 5485 2027 5541 qua:
2074 5484 2103 5525 a

537 5584 672 5640 pura
703 5566 1044 5625 conscientia
1085 5565 1387 5622 emittitur.

612 5661 806 5731 Ejusd.
839 5669 980 5714 orat.
1022 5658 1044 5715 ἰ
1081 5661 1137 5714 in
1171 5660 1327 5714 Orat.
1385 5655 1602 5713 Domin.
1653 5684 1720 5699 -ο
1785 5651 2110 5726 Sejungitur

543 5772 571 5810 a
606 5754 716 5809 Deo
739 5754 832 5825 qni
863 5753 1104 5824 scipsum
1156 5752 1206 5808 ei
1249 5766 1348 5823 per
1392 5748 1708 5810 orationem
1754 5747 1981 5807 minime
2012 5761 2110 5803 co-

547 5849 722 5918 pulat.
767 5847 955 5917 itaque
989 5846 1123 5902 illud
1151 5846 1385 5918 primum
1413 5859 1476 5901 ex
1515 5837 1805 5911 Scriptura
1832 5841 2109 5900 discamus

2198 4617 2417 4672 σθωσαν
2456 4618 2544 4670 ἐπ’
2584 4617 2770 4686 αὐτὸν,
2801 4615 3123 4688 ἀλείψαντες
3158 4616 3318 4671 αὐτὸν
3350 4615 3520 4686 ἐλαίῳ
3562 4616 3615 4668 ἑν
3643 4610 3724 4666 όνό

2199 4726 2335 4784 ματι
2375 4708 2472 4764 τοῦ
2508 4709 2755 4781 Κυρίοψ
2797 4708 2894 4764 καὶ
2942 4710 2977 4780 ή
3014 4706 3150 4781 εὐχή
3182 4708 3282 4778 τῆς
3315 4706 3556 4768 πίστεως
3600 4702 3738 4757 σώσει

2195 4803 2288 4857 τὸν
2308 4801 2380 4857 κά
2387 4817 2609 4873 μνοντα.
2649 4818 2669 4853 ι

2275 4916 2294 4948 ι
2326 4893 2746 4966 Σωφρονήσατε,
2783 4893 2879 4947 καὶ
2904 4889 3111 4964 νήψατε
3135 4889 3219 4954 εἰς
3244 4882 3572 4960 προσευχάς.
3600 4903 3619 4940 ι

2276 5082 2370 5157 Μὴ
2419 5078 2779 5155 μικρολογίαν
2834 5073 3347 5147 καταγνωσθῶμέν,
3381 5076 3440 5130 ἑν
3487 5073 3564 5148 τῷ
3596 5072 3738 5147 μικρὰ

2204 5182 2380 5236 αἰτεῖν
2416 5178 2588 5251 ἡμᾶς,
2620 5175 2715 5232 καί
2743 5173 2838 5230 τοῦ
2871 5172 3104 5238 διδόντος
3136 5169 3353 5237 ἀνάξια.

2275 5271 2485 5342 Εὖηχός
2543 5269 2693 5322 ἔστιν
2756 5264 2940 5337 εκείνη
2990 5265 3026 5336 ή
3071 5263 3259 5335 φωνὴ.
3317 5261 3411 5318 καὶ
3465 5261 3618 5333 μέχρι
3660 5254 3745 5322 τῆς

2207 5367 2361 5430 θείας
2393 5361 2765 5418 ἀναϐαίνουσα
2819 5356 3011 5430 ἀκοῆς,
3040 5355 3139 5428 οὐχ
3165 5356 3200 5426 ή
3233 5353 3372 5427 μετά
3412 5367 3552 5416 τινος
3579 5344 3741 5403 sua.

2207 5476 2346 5523 σεως
2372 5456 2636 5528 γινομένη
2685 5451 2923 5525 κραυγὴ,
2951 5447 3064 5507 ἀλλ’
3094 5449 3127 5520 ἡ
3166 5449 3274 5503 ἀπὸ
3319 5445 3563 5518 καθαρᾶς
3593 5454 3732 5496 συνειο

2205 5553 2416 5625 δήσεως
2444 5544 2888 5620 ἀναπεμπομένη
2919 5542 3236 5614 ὲνθύμησις.

2283 5644 2600 5716 Χωρίζεται
2629 5637 2790 5704 Θεοῦ,
2812 5639 2841 5692 ὀ
2872 5634 2949 5708 μὴ
2977 5635 3263 5690 συνάπτων
3287 5629 3478 5686 ἑαυτὸν
3504 5626 3580 5682 διὰ

2212 5711 2484 5808 εὐχῆς-τῷ
2519 5727 2662 5803 Bst}.
2699 5725 2914 5786 Οὐκοῦν
2952 5721 3112 5780 τοῦτο
3161 5724 3267 5796 χρὴ
3322 5721 3577 5794 πρότερον
3619 5711 3739 5784 ἡμᾶς

2213 5828 2526 5906 διδαχθῆναί
2564 5825 2830 5902 τῷλόγῳ,
2856 5823 2939 5881 ὅτι
2982 5827 3066 5887 δεῖ
3099 5824 3327 5882 πάντοτε
3364 5807 3733 5892 προσεύχεσθαι,
