4020 6262
337 296 468 367 1441

1593 295 1834 357 SACRA
1879 295 2346 359 PARALLELA.

3440 297 3583 367 1442

338 413 423 470 οιαὶ
453 412 532 488 μὴ
573 410 856 468 ἑκκακεῖν.
890 409 988 464 Ἐκ
1027 408 1137 481 γὰρ
1171 406 1266 462 τοῦ
1309 409 1711 484 προσεύχεσθαι
1752 428 1911 483 περι.

2034 421 2274 482 iportere
2337 427 2560 484 semper
2616 428 2810 480 orare,
2877 428 2980 472 nec
3037 430 3282 489 unquam
3350 418 3587 476 deﬁcere

339 511 540 581 γίνεται
587 508 650 562 τὸ
693 505 834 578 μετά
884 505 977 560 τοῦ
1025 503 1164 558 Θεοῦ
1198 498 1373 559 εἶναι·
1406 505 1438 558 ὸ
1467 502 1525 560 δὲ
1578 505 1718 576 μετά
1763 505 1904 560 Θεοῦ

337 604 428 669 ὢν,
459 600 557 656 τοῦ
586 598 974 671 ἀντικειμένου
1007 596 1368 670 κεχώρισται.

402 786 690 860 Προσευχὴ
721 784 800 857 τῷ
835 784 936 856 μιν
965 784 1128 857 Ἰωνᾷ
1156 781 1220 838 τὸ
1256 783 1424 856 κῆτος
1451 777 1602 839 οἶκον
1625 782 1906 858 ἐποίησεν,

337 883 422 938 τὸν
450 882 509 935 δὲ
550 879 800 952 Ἐζεκίαν
845 879 912 934 tu
953 877 1068 933 τῶν
1101 875 1288 932 πυλῶν
1347 875 1444 934 τοῦ
1487 875 1723 940 θανάτου
1769 875 1910 950 πρὸς

336 972 479 1047 ζωὴν
509 973 850 1044 ἐπανήγαγε,
906 973 1022 1035 τοῖς
1072 969 1132 1024 δὲ
1173 969 1327 1044 τρισὶ
1378 969 1520 1035 νέοις
1567 969 1650 1036 είς
1690 968 1910 1041 πνεῦμα

335 1067 603 1148 δροσῶδες
631 1065 730 1136 τὴν
760 1064 935 1134 φλόγα
965 1062 1215 1136 ἔτρεψεν.

412 1159 475 1213 ’0
505 1158 563 1212 ἐν
590 1155 771 1228 καιρῷ
802 1153 1110 1227 προσευχῆς
1141 1153 1218 1225 μὴ
1252 1151 1393 1224 πρὸς
1426 1150 1495 1206 τὰ
1524 1151 1912 1208 λυσιτελοῦντα

332 1255 401 1326 τῇ
422 1251 568 1324 ψυχῇ
591 1250 906 1322 τεταμένος,
932 1246 1068 1302 ἀλλά
1091 1244 1228 1320 πρὸς
1250 1246 1351 1308 τὰς
1381 1244 1650 1316 ἐμπαθεῖς
1672 1245 1772 1317 τῆς
1797 1245 1915 1302 δια-

335 1344 484 1408 νοίας
516 1342 760 1414 κινήσεις
786 1337 1224 1394 συνδιατίθεσθαι
1245 1334 1338 1390 τὸν
1367 1333 1503 1389 Θεὸν
1529 1334 1720 1403 ἀξιῶν,
1746 1335 1915 1408 λῆρός

332 1435 420 1500 τίς
439 1435 590 1488 ἐστιν
611 1434 685 1498 ὡς
707 1429 950 1502 ἀληθῶς,
968 1429 1066 1483 καὶ
1096 1425 1446 1500 βαττολόγος,
1474 1425 1571 1480 καὶ
1600 1424 1913 1496 φληνάφης,

336 1529 433 1584 καὶ
461 1525 723 1600 φλυαρὺς,
749 1525 845 1579 καὶ
870 1525 924 1576 εἴ
950 1540 1001 1576 τι
1045 1519 1175 1575 ἄλλο
1199 1518 1302 1591 τῆς
1339 1516 1599 1589 τοιαύτης
1634 1516 1913 1590 σημασίας

335 1618 475 1675 ἐστί.
509 1616 669 1689 Παρά
700 1615 794 1669 σοῦ
830 1630 920 1686 μοι
954 1612 1090 1684 ζωὴ,
1126 1610 1278 1683 παρά
1333 1609 1429 1664 σοῦ
1460 1609 1708 1680 γενέσθω
1745 1610 1846 1665 καὶ
1879 1610 1915 1682 ἡ

334 1710 476 1785 πρὸς
501 1710 562 1764 τὸ
587 1708 687 1780 ζῇν
711 1706 961 1778 ἀφορμήο

2006 503 2170 574 (Luc.
2207 521 2364 570 xvnr,
2398 505 2489 577 ι).
2524 504 2810 577 Siquidem
2842 522 2942 578 per
2970 509 3281 565 orationem
3326 510 3430 568 hoc
3459 516 3587 582 quis

2009 596 2399 669 consequitur,
2437 606 2498 652 ut
2525 614 2657 654 cum
2688 599 2796 655 Deo
2824 599 2935 668 sit;
2970 601 3067 672 qui
3094 610 3278 657 autem
3314 618 3440 658 cum
3477 604 3588 662 Deo

2007 698 2115 758 est,
2153 689 2221 744 ab
2252 688 2578 747 adversario
2607 691 2835 747 avulsus
2862 699 2970 748 est.

2081 779 2230 838 Ibid.
2260 783 2539 839 —0ratlo
2567 780 2723 840 Jonae
2751 783 2973 856 quidem
3003 795 3186 842 cetum
3211 786 3437 844 domum
3463 804 3598 847 esse

2009 873 2188 945 ipsius
2235 875 2488 946 paravit;
2551 874 2844 932 Ezecbiam
2899 892 3032 934 vero
3075 894 3140 935 ex
3181 881 3359 950 portis
3389 883 3589 938 mortis

2010 966 2084 1023 ad
2117 968 2287 1024 vitam
2319 966 2573 1038 reduxit;
2607 969 2791 1027 tribus
2829 969 3281 1030 adolescentibus
3307 969 3588 1030 ﬂammant

2013 1060 2068 1117 in
2100 1062 2378 1118 roscidam
2411 1077 2602 1117 auram
2630 1063 2930 1120 convertit.

2087 1150 2229 1207 Ibid.
2254 1183 2325 1194 -—
2356 1152 2463 1220 Qui
2487 1152 2546 1209 in
2569 1162 2816 1224 tempore
2849 1153 3122 1210 orationis
3153 1170 3261 1210 non
3286 1156 3354 1211 ad
3377 1171 3440 1212 ea
3470 1173 3592 1226 quae

2015 1246 2212 1301 animae
2257 1246 2600 1312 conducunt,
2643 1256 2880 1302 mentem
2938 1247 3199 1314 attendit,
3234 1248 3330 1303 sed
3373 1249 3592 1305 vitiosis

2013 1338 2374 1410 cogitationis
2408 1354 2526 1396 suae
2560 1339 2799 1396 motibus
2833 1339 3003 1397 Deum
3048 1341 3277 1412 obsequi
3321 1344 3591 1412 postulat,

2016 1429 2107 1487 hic
2167 1439 2406 1503 nugator
2453 1431 2614 1504 plane
2662 1441 2716 1487 et
2769 1432 3074 1488 blaterator
3114 1443 3225 1500 est,
3257 1448 3320 1489 ac
3350 1435 3594 1489 multilo-

2015 1537 2184 1594 quus,
2232 1529 2288 1578 et
2323 1521 2369 1579 si
2418 1523 2556 1594 quid
2618 1523 2767 1578 aliud
2827 1523 3076 1580 eamdem
3128 1523 3591 1596 signiﬁcationem

2019 1611 2205 1668 habet.
2243 1613 2356 1670 Abs
2387 1622 2441 1669 te
2485 1614 2618 1670 mihi
2671 1615 2786 1670 vita
2818 1623 2946 1673 est:
2991 1614 3090 1671 abs
3119 1624 3172 1672 te
3201 1631 3425 1688 quoque
3460 1617 3594 1672 mihi

2018 1705 2092 1762 sit
2118 1704 2245 1761 vitae
2271 1705 2601 1764 subsidium.

425 1802 654 1874 Ἐπειδὴ
679 1801 780 1872 τῆς
809 1799 904 1853 τοῦ
934 1795 1145 1868 ἀγαθοῦ
1174 1795 1413 1870 κρίσεως
1438 1794 1799 1868 ἀπεπλανήθη
1827 1794 1916 1850 διὰ

2092 1795 2286 1867 Ejusd.
2319 1810 2461 1853 orat.
2492 1801 2548 1855 3.
2581 1830 2652 1840 --
2674 1798 2948 1867 Quoniam
2985 1816 3082 1872 per
3111 1801 3314 1858 diaboli
3348 1801 3596 1859 fraudem

336 1901 439 1972 τῆς
465 1897 684 1969 ἀπάτης
707 1898 740 1969 ἡ
777 1891 1094 1966 ἀνθρωπίνη
1122 1891 1310 1963 φύσις,
1351 1890 1448 1946 καὶ
1479 1889 1618 1962 πρὸς
1646 1889 1708 1944 τδ
1736 1890 1919 1962 χεῖρον

336 1994 370 2065 ἡ
424 1990 544 2062 ζωὴ
589 1988 701 2043 τῶν
735 1984 1041 2060 ἀνθρώπων
1089 1982 1503 2056 κατεκρατήθη,
1535 1982 1716 2048 καλῶς
1763 1980 1919 2054 εύχό-

335 2083 483 2154 μεθα
517 2080 612 2135 τοῦ
652 2077 789 2133 Θεοῦ
833 2076 931 2143 τὴν
965 2074 1248 2147 βασιλείαν
1283 2074 1484 2130 ἐλθεῖν.
1527 2076 1603 2131 ού
1634 2075 1744 2149 γὰρ
1769 2074 1921 2130 ἐστιν

332 2175 519 2238 ἄλλως
548 2171 768 2226 ἐκδῦναι
809 2167 908 2241 τὴν
937 2166 1184 2242 πονηρὰν
1205 2168 1306 2240 τῆς
1339 2167 1546 2241 φθορᾶς
1579 2167 1917 2233 δυναστείαν,

334 2267 415 2340 μὴ
446 2267 552 2338 τῆς
581 2261 846 2330 ζωοποιοῦ
884 2260 1171 2332 δυνάμεως
1210 2259 1296 2336 ζφ⁹
1332 2260 1490 2334 ἡμῶν
1519 2259 1922 2332 ἀντιλαόούσης

328 2358 395 2411 τὸ
434 2356 663 2428 κράτος.
710 2353 836 2408 Ἐὰν
864 2347 960 2407 οὖν
988 2350 1444 2425 προσευξώμεθα,
1474 2353 1650 2426 ταύτῃ
1677 2355 1744 2424 τῇ
1768 2351 1925 2407 δυνά⁴

333 2467 431 2523 μει
456 2448 555 2504 τὸν
580 2445 713 2502 Θεὸν
737 2445 1094 2518 ίκετεύωμεν·
1140 2444 1536 2518 ’Δπαλλαγείην
1565 2447 1667 2518 τῆς
1691 2445 1921 2518 φθορᾶς·

331 2539 774 2613 ἑλευθερωθείην
792 2538 889 2594 τοῦ
915 2538 1147 2594 θανάτου
1170 2554 1186 2569 ·
1212 2538 1428 2610 ,μηκέτι
1460 2536 1584 2592 κατ’
1614 2537 1751 2610 ἐμοῦ
1775 2538 1926 2610 βασις

328 2636 553 2690 λευέτω
589 2635 660 2688 τά
725 2633 820 2690 νῦν
873 2629 1280 2703 ἐπικρατοῦντα
1329 2629 1510 2701 πάθη,
1553 2630 1688 2703 μηδὲ
1743 2632 1925 2702 ἀγέτω

331 2745 403 2802 με
432 2729 464 2783 ὁ
505 2727 762 2798 πολέμιος
808 2725 894 2780 διὰ
926 2725 1029 2807 τῆς
1071 2721 1348 2796 ἁμαρτίας
1396 2721 1777 2794 αἰχμάλωτονο
1805 2722 1924 2777 ἀλλ’

327 2820 546 2875 ἐλθέτω
577 2818 664 2872 ἐπ’
697 2817 796 2889 ἐμὲ
847 2817 879 2890 ἡ
931 2814 1178 2888 βασιλεία
1225 2831 1343 2882 σου,
1377 2815 1465 2869 ἵνα
1509 2816 1848 2890 ἀποχωρήσῃ
1890 2817 1923 2888 ἡ

329 2913 433 2967 τοῦ
473 2891 722 2966 ἐναντίου
755 2908 1036 2980 τυραννίς.
1076 2907 1153 2961 Ού
1189 2908 1299 2979 γὰρ
1330 2907 1592 2980 ὑπομένει
1623 2909 1682 2963 τὸ
1732 2909 1928 2973 σκότος

330 3003 438 3078 τὴν
480 3001 580 3057 τοῦ
623 3000 800 3071 φωτὸς
837 2997 1169 3068 παρουσίαν,
1209 2998 1272 3053 οὐ
1305 2997 1460 3063 νόσος
1509 2997 1700 3068 ὑγείας
1743 2997 1927 3052 ἐπιλα-

2019 1903 2051 1945 a
2079 1888 2207 1944 boni
2254 1890 2619 1949 aestimatione
2652 1892 2899 1948 humana
2935 1902 3138 1950 natura
3171 1895 3470 1961 aberravit,
3507 1905 3598 1951 at-

2022 1995 2130 2054 que
2161 1996 2190 2036 a
2225 1981 2360 2038 vitio
2393 1981 2501 2038 vita
2535 1990 2724 2040 nostra
2769 1993 3031 2056 superata
3077 1992 3186 2050 est,
3227 1993 3378 2042 recte
3405 2001 3601 2056 preca-

2022 2089 2148 2130 mur
2183 2082 2244 2130 ut
2292 2090 2524 2148 regnum
2575 2076 2668 2133 Dei
2728 2077 2934 2134 veniat.
2969 2075 3164 2149 Neque
3191 2077 3344 2134 enim
3372 2080 3481 2135 alia
3514 2095 3604 2135 ra-

2023 2166 2176 2224 tione
2239 2181 2270 2223 a
2322 2182 2491 2238 prava
2557 2168 2940 2240 corruptionis
2993 2168 3374 2225 dominatione
3434 2170 3602 2227 eximi

2024 2271 2346 2329 possumus,
2387 2257 2492 2315 nisi
2547 2259 2762 2315 viviﬁca
2800 2259 3050 2332 potentia
3094 2260 3471 2332 imperiumin
3502 2279 3606 2321 nos

2023 2351 2346 2424 arripiente.
2387 2351 2661 2418 Quocirca
2711 2367 2839 2408 cum
2887 2352 3195 2420 orabimus,
3251 2353 3356 2410 bac
3406 2355 3607 2411 verbo-

2024 2457 2148 2498 rum
2184 2443 2237 2498 vi
2284 2441 2455 2500 Deum
2502 2459 2808 2516 rogemus:
2862 2443 3113 2513 Eximar,
3165 2460 3378 2516 quaeso,
3412 2463 3442 2503 ιι
3487 2463 3610 2504 cor-

2025 2536 2315 2606 ruptione;
2349 2536 2556 2592 liberer
2589 2534 2756 2609 466
2794 2551 2823 2590 a
2856 2543 3065 2604 morte;
3102 2552 3209 2595 non
3242 2537 3299 2595 in
3336 2554 3424 2595 me
3449 2539 3608 2597 dein—

2026 2642 2154 2699 ceps
2213 2635 2446 2699 regnent
2497 2628 2629 2683 vitia
2659 2643 2786 2699 qua:
2836 2627 3002 2684 modo
3055 2628 3188 2685 milii
3222 2631 3602 2698 dominantur,

2029 2738 2131 2778 nec
2156 2738 2243 2779 me
2274 2723 2454 2780 hostis
2485 2739 2579 2793 per
2616 2733 2903 2795 peccatum
2955 2723 3009 2778 in
3055 2723 3444 2795 captivitatem
3493 2735 3610 2782 tra-

2027 2813 2154 2880 bat;
2186 2829 2380 2871 verum
2427 2815 2615 2871 veniat
2666 2816 2724 2870 in
2768 2829 2855 2872 me
2887 2831 3118 2886 regnum
3166 2824 3346 2884 tuum,
3379 2833 3490 2888 quo
3523 2818 3615 2875 ad-

2027 2907 2257 2963 versarii
2307 2907 2558 2981 tyrannis
2610 2909 2894 2966 abscedat.
2938 2907 3058 2965 Non
3111 2910 3258 2965 enim
3301 2910 3445 2969 lucis
3482 2928 3614 2985 pra:-

2029 3001 2266 3056 sentiam
2315 3000 2492 3073 caligo
2545 3002 2832 3063 sustinet;
2885 3017 2996 3058 non
3048 3001 3278 3059 morbus
3330 3003 3616 3062 oboriente

332 3096 550 3165 δούσης
580 3093 818 3157 ἵσταται,
850 3092 954 3144 οὐκ
982 3091 1196 3160 ἐνεργεῖ
1222 3087 1291 3143 τὰ
1325 3088 1495 3158 πάθη,
1531 3087 1633 3158 τῆς
1654 3087 1924 3154 ἀπαθείας

2034 3094 2267 3150 sanitate
2307 3095 2607 3164 consistit;
2674 3111 2785 3152 non
2833 3095 2978 3154 vires
3008 3110 3145 3152 suas
3196 3107 3461 3152 exserunt
3489 3114 3615 3170 per-

331 3187 658 3261 παρούσης.
685 3182 919 3256 Φροῦδος
942 3184 971 3238 ὁ
1004 3181 1256 3247 θάνατος,
1273 3180 1487 3253 ἀφανὴς
1511 3183 1543 3252 ἡ
1574 3179 1770 3252 φθορὰ,
1803 3183 1930 3236 ὅταν

2037 3186 2414 3255 turbationes,
2452 3188 2582 3244 dum
2617 3189 3000 3261 tranquillitas
3034 3187 3216 3246 adest.
3248 3187 3395 3246 Mors
3429 3167 3615 3249 inanis

333 3286 397 3336 ὲν
431 3284 576 3354 ἡμῖν
607 3277 866 3350 βασιλεύῃ
891 3278 926 3348 ὴ
963 3275 1099 3348 ζωὴ,
1131 3275 1228 3330 καὶ
1258 3277 1293 3347 ἡ
1321 3276 1604 3347 ἀφθαρσία
1639 3276 1702 3331 τὸ
1729 3275 1930 3347 κράτος

2034 3290 2138 3346 est,
2172 3281 2463 3352 corruptio
2494 3283 2674 3339 oculis
2723 3299 2837 3340 non
2879 3282 3205 3355 percipitur,
3250 3283 3473 3354 quando
3504 3287 3616 3340 vita

332 3379 469 3452 ἔχῃ.
2037 3383 2230 3442 regnat
2260 3374 2314 3430 in
2346 3375 2533 3443 nobis,
2571 3383 2625 3432 et
2664 3377 3016 3448 incorruptio
3041 3377 3337 3448 imperium
3372 3385 3543 3446 tenet,

415 3470 722 3543 Γενηθήτω
747 3471 806 3524 ὲν
835 3470 960 3544 ἔμοι
993 3472 1054 3525 τὸ
1084 3466 1300 3541 θέλημά
1335 3483 1452 3530 σου,
1482 3464 1570 3520 ἵνα
1605 3461 1810 3536 σϐεσθῇ
1835 3462 1930 3517 τοῦ

2109 3469 2302 3538 Ejusd.
2351 3483 2493 3525 orat.
2534 3470 2590 3527 4.
2654 3469 2841 3525 ~Fiat
2885 3469 2938 3525 in
2984 3485 3074 3528 me
3103 3471 3362 3528 voluntas
3399 3480 3514 3539 tua,
3557 3483 3618 3529 nt

329 3566 604 3624 διαϐόλου
623 3566 683 3619 τὸ
709 3561 1159 3635 θέλημα.”Ωσπερ
1179 3560 1288 3632 γὰρ
1320 3561 1378 3615 ὲν
1396 3561 1508 3622 τοῖς
1540 3555 1808 3629 ζοφὼδεσι
1827 3556 1930 3611 τῶν

2039 3559 2241 3616 diaboli
2286 3562 2542 3620 voluntas
2573 3566 2980 3635 exstinguatur.
3015 3561 3176 3630 Nam,
3210 3566 3356 3621 sicut
3388 3566 3443 3621 in
3476 3567 3614 3622 cali-

332 3661 646 3735 σπηλαίων
684 3658 858 3728 φωτδς
881 3654 1323 3728 εἰσκομισθέντος
1350 3653 1378 3707 ὁ
1403 3651 1566 3723 ζόφος
1588 3649 1930 3721 ἀφανίζεται,

2039 3648 2254 3720 ginosis
2309 3652 2485 3708 antris
2537 3653 2689 3707 illata
2755 3654 2878 3708 luce
2932 3654 3178 3710 tenebrae
3219 3655 3616 3728 dispelluntur,

329 3757 494 3813 οὕτω
522 3751 621 3809 τοῦ
654 3752 748 3807 σοῦ
777 3752 1082 3823 θελήματος
1115 3749 1173 3803 ὲν
1200 3748 1326 3818 ἐμοὶ
1358 3745 1678 3817 γενομένου,
1719 3745 1869 3798 πᾶσα
1903 3744 1930 3815 ἡ

2042 3741 2139 3808 ita,
2172 3743 2218 3798 si
2271 3744 2531 3802 voluntas
2574 3755 2668 3802 tua
2704 3746 2757 3801 in
2792 3762 2879 3802 me
2926 3747 3072 3802 facta
3105 3749 3199 3816 sit,
3239 3752 3421 3806 omnis
3452 3766 3619 3821 prava

331 3849 578 3923 πονηρά
603 3848 699 3902 καὶ
744 3848 946 3910 ἄτοπος
975 3845 1075 3915 τῆς
1112 3841 1489 3915 προαιρέσεως
1515 3837 1733 3908 κίνησις
1761 3839 1843 3901 είς
1875 3835 1930 3890 τὸ

2044 3844 2099 3893 et
2128 3845 2464 3909 prmpostera
2503 3840 2808 3896 voluntatis
2842 3840 3070 3912 agitatio
3102 3841 3154 3896 in
3199 3843 3432 3898 nihilum
3475 3846 3622 3900 redi-

333 3947 420 4022 μὴ
446 3945 517 4001 ὃν
549 3942 923 4016 περιΐσταται.
955 3939 1181 4011 Θέλημα
1220 3937 1327 4008 γάρ
1366 3952 1460 3990 σου
1489 3935 1524 4007 ή
1558 3933 1804 4005 σωτηρία
1830 3930 1930 3987 τῶι

2043 3928 2214 4000 gitur.
2278 3929 2392 3985 Tua
2453 3929 2726 4003 siquidem
2790 3931 3045 3990 voluntas
3097 3937 3411 3992 mortalium
3471 3938 3621 3995 salus

331 4038 671 4112 ἀνθρώπων
699 4036 872 4090 ἐστίν.

421 4138 492 4191 ‘0
522 4131 625 4186 τοῦ
652 4127 894 4201 πονηροῦ
922 4125 1187 4202 ρυσθῆναι
1216 4121 1531 4195 εὐχόμενος,
1562 4119 1668 4186 ἔξω
1691 4118 1800 4174 τῶν
1831 4135 1945 4173 πει-

333 4223 597 4300 ρασμῶν
633 4218 886 4290 γενέσθαι
921 4215 1255 4290 παρακαλεῖ.

411 4317 610 4369 Ὅταν
639 4311 707 4366 δι’
748 4311 912 4381 εὐχῆς
954 4306 1312 4381 αίτησὼμεθά
1342 4323 1396 4359 τι
1426 4304 1518 4359 τδν
1541 4302 1838 4376 Δεσπότην,
1868 4301 1946 4376 μὴ

329 4406 578 4479 ταχέως
613 4403 1059 4472 ὲξατονήσωμεν,
1096 4397 1236 4455 ἀλλὰ
1267 4397 1328 4451 τὸ
1370 4396 1592 4467 συνεχὲς
1626 4394 1725 4467 τῆς
1751 4395 1948 4450 ἀποτυ-

332 4505 474 4578 χίας
511 4501 589 4573 τῇ
624 4497 878 4570 συνεχείᾳ
907 4497 1001 4568 τῆς
1029 4493 1303 4566 αίτήσεως
1334 4492 1733 4563 ὲκνικήσωμεν.
1759 4546 1762 4548 ,

426 4691 534 4746 Ἑν
568 4688 691 4752 ταῖς
739 4682 1027 4747 ἀναϐολαῖς
1060 4681 1155 4738 καὶ
1191 4682 1311 4744 ταῖς
1342 4677 1678 4750 ὑπερθέσεσι
1717 4674 1826 4730 τῶν
1853 4674 1953 4729 δω-

336 4785 502 4859 ρεῶν
551 4780 653 4835 τοῦ
700 4779 836 4833 Θεοῦ
886 4776 963 4849 μὴ
1016 4774 1420 4848 προκάμωμεν,
1461 4771 1597 4843 μηδὲ
1653 4767 1954 4843 προαναπί-

333 4892 617 4948 πτωμεν.
665 4870 932 4934 Πολλάκις
981 4869 1090 4940 γὰρ
1129 4870 1156 4920 ὁ
1202 4865 1478 4937 Δεσπότης
1520 4863 1621 4935 τὴν
1681 4861 1950 4917 δοκοῦσαν

333 4969 642 5041 ἀναϐολὴν
663 4971 742 5031 εἰς
783 4966 1017 5030 πίστεως
1045 4961 1352 5035 γυμνασίαν
1382 4960 1666 5031 παρέλκει.

417 5066 627 5125 Καλὺν
654 5064 884 5122 πάντοτε
912 5061 1000 5113 διὰ
1030 5058 1338 5132 προσευχῆς
1370 5057 1580 5128 ὁμιλεῖν
1607 5054 1684 5126 ’ιῷ
1711 5054 1851 5124 Θεῷ.
1891 5055 1954 5109 Εἰ

334 5170 464 5239 γὰρ
498 5157 775 5230 συντυχία
817 5153 1008 5228 ἀνδρὸς
1032 5153 1238 5222 ἀγαθοῦ
1283 5151 1483 5223 βελτιοῖ
1513 5149 1604 5203 τὸν
1655 5150 1958 5220 συντυγχὰ·

335 5273 554 5318 νοντα,
608 5251 757 5321 πόσῳ
811 5248 1013 5321 μᾶλλον
1050 5246 1158 5316 ὁκοιλ.
1213 5246 1271 5298 ἐν
1319 5245 1500 5315 ἡμέρᾳ
1548 5242 1642 5297 καὶ
1690 5242 1748 5295 ἐν
1800 5242 1952 5296 νυκτὶ

334 5345 738 5428 προσομιλεῖν
758 5342 837 5415 τῷ
865 5341 1005 5414 Θεῷ.

411 5539 613 5609 Μέγα.
642 5533 845 5604 ἀγαθὸν
879 5536 1036 5603 εὐχὴ,
1067 5529 1161 5584 ἐὰν
1195 5529 1333 5600 μετά
1365 5527 1601 5593 διανοίας
1639 5527 1960 5600 εὐχαρίστου

336 5635 634 5706 γένηται,
670 5626 766 5680 ea»
801 5624 1185 5694 παιδεύσωμεν
1219 5621 1471 5685 ἑαυτοὺς,
1504 5619 1580 5692 μὴ
1617 5619 1776 5692 μόνον
1817 5618 1949 5688 λαμ-

2041 4032 2148 4080 est.

2117 4112 2178 4170 S.
2211 4113 2490 4187 Clirysost.
2523 4145 2591 4155 —
2618 4112 2722 4183 Qui
2771 4123 3034 4188 precatur
3081 4125 3142 4170 ut
3176 4131 3206 4170 a
3243 4117 3388 4171 man
3420 4117 3626 4176 libere-

2047 4217 2156 4276 tur,
2196 4208 2300 4263 hoc
2332 4207 2608 4278 postulat,
2641 4218 2700 4263 ut
2729 4223 2758 4263 a
2792 4207 3191 4264 tentationibus
3219 4208 3519 4265 eximatur.

2123 4296 2402 4370 Ejusdem.
2427 4328 2500 4340 —
2525 4297 2761 4366 Quando
2801 4299 3087 4371 quidpiam
3139 4300 3350 4354 orando
3400 4302 3627 4372 petieri-

2048 4408 2173 4450 mus
2212 4409 2244 4448 a
2310 4391 2568 4460 Domino,
2627 4408 2696 4450 ne
2751 4393 2936 4450 statim
2991 4393 3480 4463 elangueseamns;
3533 4397 3627 4451 sed

1974 4529 2022 4587 Β
2051 4487 2287 4558 repulsa:
2327 4487 2733 4554 assiduitatem,
2786 4485 3114 4544 assiduitate
3149 4487 3437 4559 petitionis
3470 4505 3630 4561 snpe-

2056 4599 2263 4641 remus.

2131 4677 2407 4748 Ejusdem.
2440 4708 2509 4720 -—
2534 4675 2670 4733 Cum
2719 4678 2863 4734 Deus
2913 4676 3178 4733 beneﬁcia
3213 4675 3419 4742 ἀίσσει.
3465 4685 3634 4750 atque

2059 4773 2112 4828 in
2145 4772 2364 4842 longius
2401 4771 2694 4844 protrahit,
2725 4787 2796 4827 ne
2826 4769 3152 4841 frangantur
3196 4771 3418 4836 animis,
3455 4787 3637 4841 neque

2059 4867 2437 4924 concidamus.
2468 4865 2624 4936 Saepe
2664 4867 2809 4922 enim
2863 4863 3133 4919 Dominus
3172 4863 3497 4920 dilationem
3530 4864 3563 4918 ιι
3579 4883 3638 4920 n-

2056 4959 2299 5032 jusmodi
2340 4957 2407 5012 ad
2444 4957 2764 5013 exercitium
2803 4957 2927 5012 ﬁdei
2963 4957 3244 5028 producit.

2141 5051 2416 5122 Ejusdem.
2447 5082 2517 5092 --
2553 5051 2887 5107 Praeclarum
2932 5061 3017 5108 est
3061 5067 3188 5107 cum
3246 5049 3358 5106 Deo
3420 5066 3639 5122 semper

2063 5167 2148 5222 per
2210 5147 2513 5204 orationem
2569 5143 3032 5200 consuetudinem
3097 5143 3326 5200 habere.
3390 5141 3529 5198 Nam
3593 5145 3638 5198 si

2064 5256 2404 5316 congressus
2442 5254 2568 5296 cum
2601 5238 2722 5293 viro
2758 5237 2904 5293 bono
2937 5236 3216 5293 meliorem
3271 5236 3452 5292 reddit
3486 5236 3640 5291 illum

2064 5338 2159 5409 qui
2197 5352 2320 5392 cum
2379 5350 2443 5390 eo
2494 5331 2870 5404 congreditur,
2905 5337 3116 5399 quanto
3169 5329 3344 5400 magis
3394 5327 3540 5385 idem
3590 5328 3639 5385 ei

2066 5431 2411 5498 usuvencrit,
2467 5428 2560 5500 qui
2607 5426 2702 5484 diu
2749 5435 3022 5497 noctuque
3052 5439 3178 5480 cum
3214 5421 3324 5480 Deo
3353 5425 3637 5480 versatur!

2139 5524 2415 5596 Ejusdem.
2436 5504 2505 5565 -ί-
2526 5519 2779 5592 Magnum
2810 5519 3018 5574 bonum
3059 5526 3145 5572 est
3179 5516 3380 5581 oratio,
3413 5517 3460 5572 si
3487 5527 3644 5589 grato

2069 5622 2256 5676 animo
2292 5620 2405 5686 ﬁat,
2447 5631 2663 5690 nosque
2709 5615 2863 5686 ipsos
2911 5614 2986 5668 ita
3033 5610 3378 5675 erndiamus,
3430 5619 3492 5665 ut
3527 5610 3643 5666 sive

337 5703 672 5787 έάνοντας,
704 5719 840 5775 ἀλλά
877 5719 971 5772 καὶ
1001 5715 1477 5786 ἀποτυγχάνοντας
1514 5713 1858 5785 εὐχαριστεῖν
1888 5714 1930 5766 τι

2070 5724 2321 5771 votorum
2352 5721 2638 5784 compotes
2685 5709 2881 5774 simus,
2916 5706 3030 5763 sive
3058 5704 3337 5777 repulsam
3379 5703 3644 5771 feramus,

333 5820 499 5890 Θεῷ.
545 5819 670 5876 Καὶ
700 5819 803 5890 γὰρ
839 5817 970 5872 ποτὲ
1017 5817 1109 5888 μὲν
1152 5815 1356 5884 δίδωσι,
1388 5810 1516 5866 ποτέ
1549 5811 1605 5866 δὲ
1631 5810 1693 5864 ού
1724 5810 1961 5880 δίδωσιν,

2076 5809 2187 5868 Deo
2242 5809 2448 5883 gratias
2497 5825 2751 5882 agamus.
2800 5801 3012 5860 Etenim
3048 5802 3384 5872 quandoque
3413 5799 3649 5875 largitur
