4020 6262
274 304 409 369 1445
1520 310 1605 372 SA
1614 308 1759 381 CBA
1796 308 1830 370 Ρ

1933 310 2258 374 lALLELA.
3401 310 3544 378 1446

268 422 665 495 προσέρχομαι.
702 424 803 477 Διὰ
840 422 1002 481 τοῦτο
1050 424 1253 498 κατέϐη
1276 465 1290 490 ,
1341 424 1430 481 διὰ
1462 427 1623 501 τοῦτο
1668 426 1830 499 σαρκο

1953 428 2216 497 pervasit.
2250 424 2397 494 Non,
2451 424 2655 499 inquit,
2702 423 2970 481 mediator
3014 423 3150 480 mihi
3182 433 3304 494 est;
3342 442 3534 483 verum

266 515 545 587 ἀνέλαϐεν,
583 515 670 569 ῐνα
698 515 807 584 ἐγὼ
838 516 986 587 αὐτῷ
1010 516 1300 591 διαλεχθῶ.
1345 519 1494 573 Ἀνω
1544 520 1611 574 τὰ
1642 521 1830 591 Χερου

1950 529 2241 591 patronam
2304 520 2687 593 penitentiam
2746 531 2929 585 nacta,
2970 519 3037 573 ad
3089 519 3296 574 fontem
3352 520 3533 589 ipsum

264 610 367 683 δὶμ
398 609 563 665 αὐτὸν
593 612 887 683 τρέμουσι,
914 613 1009 667 καὶ
1037 611 1188 668 κάτω
1212 612 1363 685 αὖτῷ
1405 615 1578 686 πόρνη
1607 614 1830 683 διαλέγε⁴

1951 615 2177 679 accedo.
2236 612 2538 685 Propterea
2590 612 2903 679 descendit,
2959 620 3254 682 propterea
3308 628 3533 667 carnem

262 719 373 757 ται.
410 700 703 771 Ἐλέησόν
724 721 803 774 με
823 719 838 735 ·
867 703 1025 774 ψιλὸν
1054 705 1229 777 ῥῆμα,
1267 708 1362 761 καὶ
1386 707 1626 776 πέλαγος
1650 707 1830 778 ἀχανὲς

1950 704 2273 776 assumpsit,
2307 715 2365 759 ut
2400 719 2503 774 ego
2539 701 2722 774 ipsum
2759 701 3089 772 alloquerer.
3123 700 3362 756 Sursum
3388 701 3536 755 Clie-

264 796 562 868 σωτηρίας.
607 794 901 865 Ἐλέησόν
924 815 1002 868 με
1024 813 1037 829 °
1072 798 1161 854 διὰ
1200 797 1363 862 τοῦτο
1400 800 1726 873 παρεγένου,
1759 801 1830 856 διὲ

1949 799 2127 854 rubim
2190 814 2313 855 eum
2367 804 2778 870 expavescunt;
2839 794 2983 852 inira
3040 796 3301 852 meretrix
3354 794 3535 866 ipsum

260 886 421 942 τοῦτο
456 888 638 961 σάρκα
665 889 953 953 ἁνέλαϐες,
984 888 1073 945 διὰ
1117 889 1278 945 τοῦτο
1306 892 1495 961 ἐγένου
1525 891 1663 963 ὅπερ
1707 892 1824 965 εἰμί

1946 890 2225 947 convenit.
2289 888 2548 944 Miserere
2599 888 2701 943 mei
2744 902 2763 941 :
2801 887 3038 957 simplex
3074 888 3324 952 verbum,
3368 886 3536 958 idque

264 981 414 1034 ’Λνω
443 980 672 1053 τρόμος,
713 982 809 1036 καὶ
856 981 1009 1035 κάτω
1055 982 1364 1056 παρρησία.
1408 983 1701 1053 Ἐλέησόν
1724 1001 1803 1055 με
1827 1000 1843 1015 ο

258 1071 312 1126 τί
340 1070 518 1143 ἐχειςς
552 1071 743 1128 Ἔλεον
767 1072 933 1146 ζητῶ.
963 1073 1029 1126 Τί
1052 1076 1314 1147 πάσχειςς
1352 1075 1422 1133 Ἦ
1440 1076 1703 1149 θυγάτηρ
1723 1096 1844 1148 μου

259 1161 458 1230 κακῶς
487 1162 903 1237 δαιμονίζεται.
961 1166 1027 1220 Ἦ
1070 1164 1388 1239 συμπάθεια
1416 1171 1776 1241 γυμνάζεται,
1806 1174 1839 1245 η

1945 983 2276 1039 immensum
2325 982 2522 1038 salutis
2565 982 2815 1052 pelagus.
2852 980 3105 1035 Miserere
3137 982 3257 1035 mei.
3294 980 3425 1035 Eam
3460 980 3534 1034 oh

1944 1092 2169 1133 causam
2192 1075 2505 1140 accessisti,
2538 1074 2748 1130 idcirco
2785 1088 3009 1129 carnem
3036 1074 3289 1139 induisti,
3324 1074 3533 1129 idcirco

1945 1170 2123 1227 factus
2174 1185 2233 1227 es
2276 1169 2329 1225 id
2362 1167 2514 1241 quod
2559 1184 2705 1224 sum.
2768 1166 2861 1224 Sic
2909 1167 3161 1223 videlicet
3212 1174 3425 1223 tremor
3474 1167 3528 1221 iu

259 1254 423 1326 φύσις
476 1254 847 1327 βασανίζεται.
908 1256 1131 1330 Ἐξῆλθι
1182 1259 1481 1331 συνήγορος
1529 1260 1624 1316 τοῦ
1675 1262 1842 1333 θυγα-

256 1349 439 1421 τρίουο
460 1348 520 1403 οὗ
552 1348 711 1422 φέρει
737 1348 838 1422 τὴν
868 1350 1153 1415 νοσοῦσαν,
1172 1350 1309 1407 ἀλλὰ
1337 1352 1607 1424 φέρειτὴν
1634 1354 1837 1410 πίστιν.

256 1442 391 1507 Θεός
423 1443 541 1497 ἐστι
574 1443 767 1497 καὶτὰ
812 1442 992 1497 πάντα
1044 1444 1257 1517 βλέπει.
1308 1445 1371 1502 Ἡ
1421 1446 1687 1519 θυγάτηρ
1716 1466 1830 1518 μου

1941 1445 2119 1503 teris?
2158 1444 2312 1502 Filia
2355 1462 2472 1501 mea
2503 1462 2537 1500 (ι
2581 1442 2846 1499 daemonio
2880 1442 3022 1498 male
3054 1452 3276 1497 vexatur
3305 1438 3522 1514 (1ὺὶιί.).

253 1534 456 1603 κακῶς
481 1535 897 1607 δαιμονίζεται.
935 1536 1140 1603 Πένθος
1194 1538 1433 1609 χαλεπὸν
1459 1580 1473 1605 ,
1518 1540 1579 1593 τὸ
1612 1543 1830 1614 κέντρον

1938 1535 2453 1594 tlommiserationis
2480 1536 2540 1595 ﬁt
2574 1536 2933 1602 exercitatio;
2962 1546 3185 1589 natura
3234 1535 3528 1590 excrucia-

254 1629 353 1702 τῆς
386 1629 627 1697 φύσεως,
668 1630 769 1703 τὴν
807 1634 1024 1703 μήτραν
1067 1631 1358 1702 διασχίζει,
1402 1631 1693 1688 κλυδώνιον
1721 1635 1830 1698 τοῖς

1936 1637 2050 1686 tur.
2078 1628 2227 1685 Exiit
2257 1629 2383 1685 ﬁlize
2410 1636 2643 1701 patrona
2679 1648 2693 1683 :
2740 1642 2850 1683 non
2884 1624 3107 1697 quidem
3166 1631 3526 1696 aegrotantem

1943 1262 2199 1333 supernis
2233 1269 2341 1327 est,
2367 1261 2424 1317 in
2451 1259 2807 1317 inferioribus
2846 1260 2986 1317 locis
3023 1259 3244 1317 ﬁducia.
3277 1257 3528 1315 Miserere

1939 1357 2060 1412 mei.
2092 1356 2233 1423 Quid
2264 1354 2480 1412 habes?
2523 1353 2965 1425 misericordiam
2998 1368 3201 1424 qumro.
3234 1351 3377 1419 Quid
3431 1369 3528 1423 pa-

257 1724 591 1795 σπλάγχνοις
614 1723 937 1796 εἰργάσατο.
973 1723 1039 1777 Τί
1061 1723 1301 1796 nomen);
1340 1725 1693 1797 ’Λπόλλυμαι.
1724 1726 1830 1780 Καὶ

1940 1730 2147 1798 gestat,
2173 1723 2270 1780 sed
2303 1722 2486 1780 ﬁdem.
2512 1721 2654 1778 Deus
2675 1730 2781 1789 est,
2813 1729 2975 1791 atque
3000 1721 3187 1775 omnia
3212 1728 3523 1777 contuetur.

252 1816 339 1871 διὰ
368 1816 423 1871 τί
457 1816 560 1871 οὐκ
584 1811 760 1884 εἶπεν,
806 1815 1058 1887 Ἐλέησον
1077 1816 1176 1888 τὴν
1206 1816 1483 1891 θυγατέρα
1513 1835 1639 1891 μου,
1669 1818 1829 1885 ἀλλὰ,

1939 1817 2089 1873 Filia
2118 1832 2234 1872 mea
2265 1832 2296 1871 a
2322 1817 2587 1872 demonio
2613 1816 2751 1869 male
2787 1822 3027 1869 vexatur.
3066 1813 3275 1869 Luctus
3312 1812 3518 1883 gravis,

265 1904 692 1981 ’Elénadrps;
721 1908 903 1981 ἐκείνη
926 1910 1035 1982 γὰρ
1053 1910 1110 1964 ἐν
1134 1909 1388 1983 ἀσθενείᾳ
1408 1909 1522 1983 ἔχει
1547 1910 1607 1967 τὺ
1640 1912 1832 1977 πάθος.

253 2003 367 2058 Οὐκ
388 1997 500 2057 οἵδε
526 2000 577 2057 τί
619 2002 843 2074 πάσχει,
875 2004 972 2056 καὶ
1001 2002 1103 2058 οὐκ
1142 2002 1464 2059 αίσθάνεται
1486 2004 1586 2079 τῆς
1617 2005 1832 2077 ἡδονῆς,

252 2092 679 2166 παραπέτασμα
714 2094 813 2164 τῆς
869 2094 1163 2165 συμφορᾶς
1217 2093 1415 2166 ἔχουσα
1445 2095 1509 2150 τὸ
1558 2096 1831 2164 ἀνόδυνον,

254 2186 459 2258 μᾶλλον
490 2186 546 2241 δὲ
574 2186 636 2240 τὸ
668 2184 1015 2259 ἀναίσθητον.
1054 2187 1183 2259 Ἐμὲ
1210 2187 1267 2242 δὲ
1300 2188 1542 2261 ἐλέησον,
1562 2190 1667 2262 τὴν
1697 2189 1835 2245 θεω-

253 2280 346 2355 ρὸν
369 2280 483 2335 τῶν
508 2279 895 2355 καθημερινῶν
918 2281 1126 2335 κακῶν.
1149 2280 1391 2354 Θέατρον
1413 2282 1521 2355 ἔχω
1548 2286 1836 2356 συμφορᾶς

251 2374 309 2427 ἐν
341 2375 408 2445 τῇ
440 2372 611 2445 οίκίᾳ.
646 2372 757 2428 Ποῦ
802 2371 1058 2441 auctam;
1083 2374 1163 2438 είς
1194 2375 1296 2446 τὴν
1330 2374 1576 2447 ἔρημον;
1618 2375 1736 2430 ἀλλ’
1770 2376 1831 2430 οὐ

248 2465 433 2538 τολμῶ
469 2464 641 2537 αὐτὴν
686 2465 1010 2521 καταλιπεῖν
1051 2468 1240 2538 μόνην.
1296 2468 1439 2521 Ἀλλ’
1477 2470 1560 2533 είς
1610 2468 1709 2543 τὴν
1749 2472 1833 2524 oi-

250 2556 411 2625 κίαν;
442 2555 561 2610 ἀλλ’
588 2556 828 2628 εὑρίσκω
856 2556 950 2612 τὸν
970 2558 1207 2629 πόλεμον
1235 2557 1405 2626 ἔνδον,
1438 2560 1506 2614 τὰ
1532 2559 1751 2633 κύματα
1776 2563 1835 2617 ἐν

249 2646 324 2719 τῷ
348 2645 558 2718 λιμένι.
576 2647 643 2703 Τί
673 2648 845 2722 αὐτὴν
866 2648 1118 2717 καλέσω;
1148 2652 1350 2724 νεκράν
1373 2669 1389 2719 ;
1416 2650 1553 2705 ἀλλὰ
1580 2656 1831 2710 κινεῖται.

261 2740 420 2795 Ἀλλὰ
471 2741 691 2811 (dicar;
742 2742 860 2797 ἀλλ’
907 2746 1006 2797 οὐκ
1044 2740 1153 2797 οἶδε
1198 2743 1250 2797 τί
1290 2746 1512 2815 πάσχει.
1547 2745 1660 2800 οὐκ
1717 2742 1835 2803 οἶδα

250 2833 429 2907 εὑρεῖν
461 2834 632 2907 ὄνομα
686 2835 989 2909 ἐρμηνεῦον
1022 2837 1082 2889 τὸ
1130 2836 1323 2900 πάθος.
1369 2836 1500 2908 Ἐμὲ
1549 2839 1831 2907 ἐλέησον.

252 2926 315 2981 Ei
338 2926 598 3001 τεθνήκει
630 2927 693 2983 τὸ
719 2927 1015 3000 θυγάτριόν
1044 2946 1167 3000 μου,
1204 2931 1304 2984 οὐκ
1338 2929 1405 2986 ἂν
1433 2930 1660 2986 τοιαῦτα
1697 2932 1834 2987 ἐπα-

254 3018 362 3076 θον.
395 3020 700 3094 Παρέδωκα
733 3020 800 3076 ἂν
832 3022 893 3075 τὸ
938 3021 1101 3094 σῶμα
1143 3025 1259 3088 τοῖς
1303 3024 1528 3090 κόλποις
1575 3027 1676 3098 τῆς
1709 3027 1832 3097 γῆς,

254 3113 344 3166 καὶ
370 3114 449 3186 τῷ
480 3114 664 3188 χρόνῳ
692 3113 789 3188 τὴν
811 3114 1003 3188 ⁵λήθην
1044 3116 1361 3189 εἰσήγαγον,
1392 3119 1489 3173 καὶ⁷
1527 3119 1828 3192 διεφόρησα

251 3208 311 3263 τὸ
336 3208 520 3275 ἕλκος.
567 3208 682 3265 Νῦν
714 3209 770 3265 δὲ
808 3208 1001 3285 νεκρὸν
1043 3210 1154 3281 ἔχω
1192 3210 1419 3283 διηνεκῆ
1468 3230 1562 3284 μοι
1594 3213 1830 3288 θεωρίαν

253 3306 641 3381 ἐργαζόμενον,
674 3305 971 3377 ὑφαίνοντα
1001 3322 1092 3379 μοι
1134 3304 1203 3361 τὰ
1240 3306 1557 3380 τραύματα,
1600 3308 1829 3366 πλεονά-

254 3398 411 3464 ζοντα
445 3417 540 3472 μοι
586 3399 647 3454 τὸ
679 3398 859 3463 ἕλκος.
894 3398 1021 3463 Πῶς
1051 3394 1192 3453 εἶδον
1233 3400 1551 3471 ὀφθαλμοὺς
1575 3401 1829 3474 διαστρε-

254 3494 543 3565 φομένους,
571 3496 759 3566 χεῖρας
791 3491 1334 3564 στραγγαλουμένας,
1368 3493 1683 3567 πλοκάμους
1706 3496 1831 3552 λυο-

258 3586 469 3658 μένους,
508 3588 683 3661 ἀφρὸν
726 3587 1084 3661 προϊεμένην,
1116 3586 1208 3640 τὸν
1244 3587 1434 3658 δήμιον
1487 3588 1635 3645 ἔνδον
1679 3590 1829 3659 ὅντα,

255 3682 345 3736 καὶ
405 3682 481 3755 μὴ
543 3680 911 3753 φαινόμενον,
969 3679 1072 3745 τὰς
1135 3680 1409 3753 μάστιγας
1463 3682 1828 3755 φαινομέναςς

255 3774 502 3849 Ἐστηκα
534 3776 739 3850 θεωρὸς
766 3774 876 3830 τῶν
902 3774 1204 3845 ἀλλοτρίων
1248 3775 1459 3843 κακῶν,
1487 3775 1589 3847 τῆς
1617 3776 1830 3847 φύσεώς

260 3884 325 3939 με
370 3868 789 3939 κεντριζούσης.
847 3866 1145 3935 Ἐλέησόν
1172 3882 1266 3936 με.
1311 3866 1563 3922 Χαλεπὸν
1598 3870 1657 3922 τὸ
1702 3877 1831 3923 κλυ-

255 3959 460 4030 δώνιον,
501 3960 673 4025 πάθος
709 3959 803 4014 καὶ
843 3958 1027 4030 φόϐος.
1064 3958 1244 4023 Πάθος
1274 3958 1511 4028 φύσεως,
1544 3961 1637 4014 κα¹ι
1669 3961 1831 4030 φόϐος

255 4051 527 4125 δαίμονος.
558 4050 901 4126 Προσελθείν·
949 4050 1011 4105 οὑ
1060 4049 1321 4121 δύναμαι,
1363 4050 1483 4104 οὐδὲ
1515 4054 1827 4123 κατασχεῖν.

269 4145 410 4202 Ὠθεῖ
467 4164 535 4219 με
587 4146 649 4200 τὸ
705 4143 899 4211 πάθος,
945 4143 1039 4197 καὶ
1085 4141 1437 4214 διακρούεταί
1474 4161 1541 4213 με
1572 4146 1600 4199 ὀ
1643 4144 1828 4214 φόϐος.

268 4242 568 4315 Ἐλέησόν
593 4262 687 4316 με.
728 4243 871 4297 ’Λλλ’
902 4244 1157 4311 ἐννόησον
1196 4241 1454 4311 γυναικὸς
1488 4241 1825 4312 φιλοσοφίαν.

259 4338 369 4393 οὐκ
405 4338 618 4413 ἀπῆλθε
654 4337 791 4410 πρὸς
835 4337 1079 4409 μάντεις·
1110 4336 1169 4389 οὐ
1219 4335 1501 4407 περίαπτα
1538 4337 1827 4407 ἐποίησενο

258 4430 319 4489 οὐ
355 4432 790 4505 μαγγανιστρίας
821 4432 1088 4501 γυναῖκας
1118 4428 1484 4502 ἐμισθώσατο,
1510 4430 1709 4494 ταύτας
1735 4430 1831 4494 τὰς

1935 1906 2201 1963 atimulus
2243 1914 2458 1962 naturae
2513 1913 2825 1961 maternum
2858 1912 3074 1958 uterum
3124 1902 3523 1965 diverberavit.

1938 2008 2101 2078 inque
2126 2002 2433 2060 visceribus
2468 2000 2644 2072 ipsius
2672 2005 3050 2070 tempestatem
3070 1996 3353 2053 excitavit.
3382 1995 3523 2063 Quid

1938 2100 2176 2160 faciam?
2209 2098 2403 2154 Pereo.
2446 2095 2559 2151 Cur
2607 2108 2740 2149 vero
2790 2109 2901 2149 non
2954 2092 3054 2157 ait,
3090 2092 3356 2149 Miserere
3401 2091 3525 2147 ﬁliae

1936 2209 2090 2249 meae.
2127 2191 2247 2258 sed,
2280 2188 2533 2245 Miserere
2563 2188 2664 2241 mei
2682 2190 2707 2244 ?
2737 2183 3034 2253 Quoniam,
3070 2184 3271 2255 inquit,
3295 2182 3524 2239 morbus

1935 2286 2108 2359 ipsam
2145 2284 2202 2339 in
2234 2282 2556 2339 inﬁrmitate
2602 2279 2834 2337 detinet.
2886 2275 3076 2335 Nescit
3107 2276 3236 2349 quid
3274 2277 3523 2348 patitur;

1935 2394 2047 2434 non
2093 2377 2263 2433 sentit
2312 2393 2424 2447 quo
2475 2374 2529 2429 in
2583 2372 2779 2429 dolore
2810 2381 3092 2440 versetur;
3127 2378 3189 2427 ut
3224 2386 3347 2441 quae
3376 2372 3525 2428 velut

1934 2471 2211 2545 quoddam
2269 2469 2605 2525 calamitatis
2653 2466 2836 2521 velum
2886 2465 3249 2521 indolentiam
3303 2465 3521 2531 habeat,

1938 2568 2017 2624 vel
2077 2566 2264 2637 potius
2300 2572 2608 2634 stuporem.
2640 2560 2717 2616 Te
2754 2574 2888 2614 vero
2931 2560 3033 2615 mei
3066 2558 3520 2629 quotidianorum

1936 2662 2202 2719 malorum
2245 2656 2597 2731 spectatricis
2623 2656 2903 2712 misereat.
2935 2652 3326 2724 Spectaculum
3368 2653 3515 2709 cala-

1935 2757 2144 2814 mitatis
2169 2755 2316 2811 domi
2351 2753 2546 2809 habeo.
2576 2751 2697 2819 Quo
2738 2766 2826 2807 me
2875 2747 3204 2805 conferam?
3233 2748 3288 2802 in
3317 2747 3520 2803 solitu-

1935 2849 2165 2905 dinem?
2210 2858 2264 2904 at
2294 2863 2412 2904 eam
2465 2846 2641 2903 solam
2702 2844 3017 2913 relinquere
3073 2857 3180 2897 non
3242 2843 3517 2899 sustineo.

1936 2942 2281 2999 Domumne?
2325 2948 2381 2995 at
2420 2940 2574 2996 intus
2608 2938 2809 2994 bellum
2854 2937 3105 3002 invenio,
3143 2945 3197 2995 et
3221 2935 3423 2993 fluctus
3460 2938 3516 2992 in

1936 3047 2117 3110 portu.
2147 3035 2422 3103 Quidnam
2464 3048 2592 3089 vero
2630 3047 2749 3088 eam
2806 3031 3028 3087 dicam?
3083 3028 3398 3087 mortuam?
3447 3030 3517 3087 At

1936 3135 2086 3182 motu
2119 3126 2380 3198 agitatur.
2412 3123 2643 3178 Vivam?
2682 3120 2815 3193 quid
2852 3120 3019 3194 568
3067 3135 3199 3176 vero
3250 3122 3514 3191 patiatur,

1939 3220 2285 3291 exploratum
2337 3232 2446 3271 non
2492 3214 2678 3270 habet.
2740 3214 2950 3269 Nomen
3008 3213 3256 3269 invenire
3296 3226 3515 3283 nequeo

1938 3313 2081 3385 quod
2112 3309 2430 3383 huiusmodi
2455 3310 2825 3364 calamitatem
2842 3307 3100 3378 explicet.
3122 3305 3227 3362 Mei
3242 3306 3511 3363 miserere.

1935 3406 1992 3462 Si
2033 3405 2142 3461 ﬁlia
2173 3418 2292 3460 mea
2330 3418 2360 3459 e
2400 3402 2512 3457 vita
2546 3401 2900 3466 excessisset,
2936 3415 3061 3455 cum
3107 3401 3275 3456 tantis
3305 3398 3516 3457 dolori-

1932 3504 2037 3559 bus
2070 3514 2177 3558 non
2217 3496 2587 3555 conﬁictarer.
2643 3494 2777 3549 Nam
2827 3509 3033 3565 corpus
3086 3502 3248 3550 terrae
3298 3494 3513 3565 gremio

1932 3592 2305 3656 tradidissem,
2343 3604 2408 3645 ac
2456 3603 2550 3659 per
2600 3586 2861 3657 temporis
2913 3586 3332 3643 diuturnitatem
3369 3587 3513 3644 obli-

1932 3685 2093 3740 vione
2127 3690 2437 3748 contracta,
2487 3680 2647 3736 ulcus
2708 3678 3121 3735 discussissem.
3177 3677 3337 3734 Nunc
3378 3694 3511 3735 vero

1930 3778 2165 3833 cadaver
2198 3776 2395 3840 habeo,
2421 3772 2566 3846 quod
2599 3781 2917 3846 perpetuum
2963 3772 3098 3828 milii
3131 3773 3508 3845 spectaculum

1929 3871 2160 3945 praebet,
2210 3869 2355 3942 quod
2407 3869 2636 3924 vulnera
2688 3866 2822 3922 mihi
2880 3866 3102 3938 inﬂigit,
3148 3867 3509 3939 doloremque

1932 3964 2168 4023 subinde
2206 3979 2386 4019 meum
2442 3963 2745 4019 exulcerat.
2801 3959 3047 4028 Quonam
3110 3970 3268 4031 pacto
3325 3960 3509 4017 videre

1930 4074 2125 4133 queam
2165 4067 2505 4113 transversos
2540 4057 2761 4121 oculos,
2808 4054 3074 4111 distortas
3104 4070 3321 4115 manus.
3354 4053 3507 4109 solu-

1932 4164 2019 4211 tos
2078 4153 2330 4223 capillos,
2391 4166 2639 4222 spumam
2700 4166 2794 4204 ore
2844 4150 3127 4216 emissam,
3183 4148 3507 4203 intestinum

1932 4248 2268 4313 carniﬁcem,
2299 4261 2395 4302 uec
2422 4245 2802 4315 conspicuum,
2848 4244 3137 4313 perspicua
3170 4252 3350 4295 autem
3383 4256 3507 4296 ver-

1933 4339 2104 4397 bera?
2136 4340 2270 4394 Asto
2320 4337 2588 4391 malorum
2631 4336 2933 4391 alienorum
2966 4333 3292 4403 spectatrix,
3331 4333 3506 4388 lanei-

1933 4447 2100 4489 name
2136 4447 2221 4487 me
2251 4440 2298 4487 et
2338 4437 2615 4502 pungente
2646 4426 3148 4483 natura.‘Miserere
3184 4428 3303 4482 mei.
3336 4425 3501 4483 Tem-

260 4526 642 4597 γυμναζούσας
666 4527 791 4589 τοὺς
819 4524 1099 4597 δαίμονας,
1129 4527 1224 4579 καὶ
1254 4523 1524 4590 αὐξούσας
1551 4524 1612 4579 τὸ
1650 4524 1827 4590 ἕλκος,

1933 4538 2115 4599 pestas
2153 4526 2363 4596 gravis,
2394 4520 2610 4577 affectio
2638 4531 2691 4577 et
2740 4521 2923 4577 timor.
2966 4520 3193 4601 Ail‘cctio
3236 4520 3501 4577 nimirum

260 4619 373 4675 ἀλλ’
406 4624 585 4696 ἀφῆκε
626 4619 720 4677 τοῦ
751 4620 998 4676 διαδόλου
1023 4620 1083 4674 τὸ
1118 4619 1502 4691 ἐργαστήριον.
1540 4618 1827 4687 Ἐλέησόν

257 4729 354 4781 με’
405 4717 443 4787 ἠ
491 4715 753 4786 θυγάτηρ
805 4732 923 4785 μου
971 4711 1169 4780 κακῶς
1215 4712 1626 4783 δαιμονίζεται.
1677 4712 1829 4768 Ὅσοι

264 4807 492 4879 πατέρες
536 4806 788 4877 ἐγένεσθε
814 4847 828 4872 ,
880 4804 1179 4877 βοηθήσατε
1221 4804 1298 4877 τῷ
1348 4804 1528 4874 λόγῳ,
1566 4804 1659 4857 καὶ
1706 4804 1826 4858 ὅσαι

268 4899 496 4969 μητέρες
530 4898 1027 4969 κατεσκευάσθη-τε.
1073 4898 1146 4951 Οὐ
1200 4898 1437 4968 δύναμαι
1485 4895 1826 4967 ἑρμηνεῦσαι

264 4989 349 5043 τὸν
370 4996 614 5066 χειμῶνα
646 4994 704 5049 δν
736 4993 1000 5065 ὑπέμεινε
1031 4991 1092 5045 τὸ
1117 4995 1357 5061 γυναῖον.
1382 4988 1532 5054 Εἶδες
1560 4993 1657 5063 τὴν
1692 5009 1828 5061 κοιρ-

263 5082 472 5152 τερίαν,
529 5088 626 5159 τὴν
691 5085 978 5158 ἀνδρείαν,
1014 5084 1114 5156 τὴν
1164 5085 1459 5155 ὑπομονήν.
1498 5083 1559 5136 Ὀ
1601 5082 1668 5136 δὲ
1714 5085 1826 5137 οὐκ

265 5170 547 5245 ἀπεκρίθη
574 5175 727 5246 αὐτῇ
768 5176 974 5246 λόγον.
1007 5173 1183 5229 Καινὰ
1226 5174 1293 5226 τὰ
1337 5171 1679 5247 πράγματαῑ
1715 5173 1827 5226 Ποι-

270 5268 512 5336 ρακαλεῖ,
546 5272 747 5336 δέεται,
797 5269 974 5324 κλαίει
1017 5268 1115 5342 τὴν
1160 5269 1477 5339 συμφοράν
1527 5267 1683 5335 αὔξει
1730 5268 1828 5339 τὴν

268 5363 563 5433 τραγῳδίαν
586 5380 599 5395 ·
635 5366 905 5434 διηγεῖται
940 5362 1002 5416 τὸ
1034 5361 1225 5425 πάθος,
1262 5364 1353 5416 καὶ
1385 5364 1411 5415 ὁ
1449 5360 1829 5432 φιλάνθρωπος

268 5449 365 5503 οὐκ
398 5455 775 5531 ἀποκρίνεται,
804 5458 833 5510 δ
860 5455 1029 5527 Λόγος
1080 5457 1227 5527 σιγᾷ,
1276 5458 1308 5527 ἡ
1346 5458 1493 5527 πηγὴ
1539 5456 1828 5509 ἀποκλείε-

270 5555 377 5609 τοι,
400 5547 428 5600 ὁ
468 5550 648 5623 ἰατρὸς
679 5551 747 5604 τὰ
786 5550 1051 5623 φάρμακα
1084 5550 1384 5607 συστέλλει.
1424 5551 1487 5605 Ti
1518 5551 1578 5605 τὸ
1602 5552 1785 5605 καινόν
1812 5568 1825 5617 ;

269 5638 319 5685 τί
358 5638 416 5689 τὸ
466 5643 804 5716 παράδοξον;
838 5646 1052 5709 ’Δλλοις
1105 5645 1439 5717 ἐπιτρέχεις,
1484 5650 1579 5701 καὶ
1625 5649 1829 5719 ταύτην

274 5726 652 5808 ίπιτρέχουσαν
690 5739 1035 5803 ἀπελαύνεις.
1066 5740 1203 5794 Ἀλλ’
1243 5741 1495 5811 ἐννόησον
1522 5741 1612 5795 τοῦ
1645 5742 1827 5815 ίατροῦ

277 5824 366 5895 τὴν
393 5833 596 5893 σοφίαν.
652 5829 712 5891 '0
742 5835 812 5891 δὲ
849 5838 959 5893 οὐκ
996 5836 1362 5906 ἀπεκρίνατο
1418 5836 1571 5907 αὐτῇ
1618 5838 1823 5910 λόγον.

1930 4630 2157 4685 naturae,
2187 4628 2241 4675 et
2268 4619 2436 4673 timor
2466 4615 2750 4673 daemonis.
2796 4614 3073 4670 Accedere
3102 4630 3208 4669 non
3251 4630 3500 4685 possum,

1928 4730 2031 4772 nec
2076 4730 2161 4771 me
2193 4713 2495 4770 continere.
2540 4710 2703 4782 Urget
2738 4724 2824 4765 me
2871 4708 3124 4776 aﬂ'ectio;
3160 4718 3214 4763 at
3246 4708 3501 4779 propellit

1930 4810 2114 4864 timor.
2151 4807 2401 4861 Miserere
2428 4804 2549 4859 mei.
2588 4803 2787 4859 Verum
2840 4804 2929 4859 hic
2969 4803 3380 4858 animadvertas
3408 4818 3499 4858 νος

1930 4907 2022 4961 lim
2044 4902 2289 4958 mulieris
2318 4899 2743 4972 pbilosoiibiam.
2764 4896 2880 4954 Non
2898 4898 2963 4953 ad
2989 4897 3205 4953 divinos
3233 4896 3495 4966 perrexit;

1929 5014 2037 5053 non
2083 4996 2320 5050 amuleta
2371 4993 2629 5066 appendit
2674 4992 2835 5057 ﬁliae,
2888 5007 2997 5046 non
3054 4989 3498 5060 prwstigiatriccs

1929 5090 2281 5147 mulierculas
2325 5088 2633 5155 conduxit;
2673 5100 2787 5151 eas,
2836 5084 3085 5154 inquam,
3142 5097 3263 5153 quae
3297 5082 3499 5136 deamo-

1929 5201 2026 5241 nes
2055 5191 2335 5248 exercent,
2394 5191 2447 5236 et
2496 5180 2694 5235 vulnus
2727 5178 3106 5248 amplilicant:
3151 5172 3247 5229 sed
3289 5173 3495 5229 diaboli

1928 5275 2199 5331 ofﬁcinam
2239 5274 2417 5329 valere
2447 5271 2639 5345 jussit.
2693 5268 2945 5324 Miserere
2994 5268 3114 5329 mei.
3151 5265 3267 5337 [ilia
3318 5282 3431 5320 mea
3463 5282 3497 5319 α

1927 5372 2183 5425 dccmonio
2216 5369 2353 5423 male
2398 5379 2634 5422 vexatur.
2668 5364 2993 5435 Quicunque
3040 5368 3295 5432 parentes
3323 5357 3496 5413 exsti-

1930 5466 2102 5531 tistis,
2130 5480 2284 5536 opem
2325 5464 2461 5519 meis
2494 5462 2838 5518 sermonibus
2872 5458 3061 5515 alierte
3097 5474 3111 5512 :
3150 5466 3496 5527 quaecunque

1932 5559 2056 5613 item
2090 5565 2315 5613 matres.
2343 5553 2531 5625 Neque
2560 5555 2704 5608 enim
2736 5554 2861 5608 huic
2892 5550 3161 5625 procellae,
3190 5562 3352 5619 quam
3379 5562 3495 5602 mu-

1931 5653 2029 5707 lier
2057 5664 2313 5723 perpessa
2352 5658 2456 5715 est,
2490 5647 2829 5718 explicanda:
2864 5662 2959 5717 par
2986 5662 3130 5702 sum.
3160 5642 3321 5699 Vides
3370 5657 3496 5714 per-

1931 5741 2335 5808 severantiam,
2398 5738 2829 5810 magnitudinem
2881 5738 3091 5803 animi,
3150 5732 3492 5809 patientiam.

1933 5836 2033 5892 Ille
2074 5845 2247 5891 autem
2306 5849 2408 5891 non
2450 5833 2717 5903 respondit
2767 5835 2813 5888 ei
2872 5831 3084 5888 rerbum
3143 5828 3321 5903 (Ibid.
3366 5824 3486 5900 23),
