3930 6248
472 289 609 358 1m

1659 295 1720 357 S.
1757 293 2079 358 JOANNIS
2109 291 2545 357 DAMASCENI
3573 291 3674 359 1448

462 405 512 463 0
541 422 656 462 rem
699 409 925 463 novam!
960 405 1137 480 Rogat
1184 406 1298 472 illa,
1337 407 1634 474 obsecrat,
1674 409 2048 464 calamitatem

2156 405 2218 460 Ti
2250 400 2378 473 οὖν;
2410 402 2602 474 ἐπειδὴ
2641 401 2744 456 ούκ
2790 399 3088 472 Ἐπέτυχεν
3133 399 3502 471 ἀποκρίσεως,
3531 418 3675 472 προσ·

466 507 624 551 suam
673 495 956 568 deplorat,
1013 498 1339 569 tragoediam
1393 505 1730 569 exaggerat,
1785 497 2044 554 morbum

464 588 758 657 edisserit;
797 600 850 647 et
881 591 1120 648 Verbum
1151 597 1319 656 tacet,
1355 590 1482 648 fons
1515 591 1872 658 occ-luditur;
1933 604 2048 646 me-

464 681 630 737 dicus
655 683 953 752 pltarmaca
1000 699 1100 739 sua
1134 681 1436 738 contrahit.
1468 682 1613 750 Quid
1645 682 1754 739 sibi
1790 681 1907 739 vult
1931 681 2050 738 haec

467 788 611 828 nova
653 789 766 842 res,
806 785 973 848 atque
1009 772 1102 833 “ab
1157 775 1403 831 humano
1462 791 1629 832 sensu
1692 774 1913 831 aliena?
1965 773 2048 830 Ad

466 867 607 923 alios
638 869 916 933 accurris.
971 868 1227 940 hancque
1281 877 1662 925 accurrentem
1711 866 2054 924 submoves?

471 953 674 1011 Verum
715 957 915 1014 medici
967 958 1298 1029 sapientiam
1354 956 1674 1013 considera.
1717 955 1823 1012 Ille
1871 966 2050 1012 autem

471 1064 573 1105 uoa
604 1049 876 1120 respondit
893 1051 942 1105 ei
962 1049 1196 1106 verbum.
1217 1048 1360 1117 Quid
1385 1047 1587 1120 igitur?
1603 1047 2053 1120 quandoquidem

473 1153 808 1211 responsum
849 1157 912 1198 ea
969 1157 1080 1197 non
1117 1142 1460 1214 impetravit,
1488 1141 1746 1196 accedunt
1778 1139 2052 1210 discipuli,

469 1245 522 1291 et
547 1236 729 1288 dicunt
765 1234 851 1289 illi
884 1250 902 1290 :
935 1233 1158 1290 Dimitte
1193 1251 1310 1291 eam
1332 1275 1349 1302 ,
1391 1236 1520 1307 quia
1564 1234 1767 1304 clamat
1808 1243 1927 1306 post
1958 1250 2054 1290 nos

475 1325 694 1398 (Matth.
726 1343 829 1393 xv,
861 1327 974 1400 25).
1013 1326 1096 1384 Tu
1123 1334 1412 1384 externum
1462 1327 1761 1383 clamorem
1813 1335 2053 1399 spectas,

473 1434 576 1491 ego
613 1431 793 1475 autem
849 1422 1150 1479 internum.
1181 1420 1378 1492 Magna
1426 1434 1533 1477 vox
1561 1419 1680 1476 oris
1720 1437 1738 1475 :
1789 1428 1844 1475 at
1882 1419 2058 1491 major

475 1520 559 1568 est
587 1513 780 1567 animi.
813 1511 1035 1569 Dimitte
1061 1529 1202 1582 eam,
1233 1513 1360 1586 quia
1387 1514 1585 1569 clamat
1609 1521 1727 1582 post
1753 1529 1872 1569 nos.
1898 1513 2055 1570 Alius

475 1603 810 1674 evangelista
833 1604 988 1671 dicit,
1017 1616 1141 1661 ante
1170 1621 1283 1661 nos.
1320 1604 1572 1677 Pugnant
1604 1605 1721 1660 haec
1752 1603 1922 1671 dicta,
1957 1603 2052 1662 sed

477 1702 661 1749 tamen
695 1692 832 1749 falsa
852 1709 960 1750 non
988 1703 1140 1750 sunt.
1172 1693 1481 1766 Utrumque
1507 1693 1654 1750 enim
1683 1693 1777 1749 illa
1801 1692 2053 1750 faciebat.

2148 500 2428 565 ελθόντες
2455 500 2510 551 ol
2533 495 2793 568 μαθηταὶ
2825 495 3038 559 αὐτοῦ,
3055 492 3351 564 λέγουσιν
3369 491 3532 559 αὐτῷ,
3548 494 3675 548 Ἀπό-

2148 594 2350 647 λυσον
2395 587 2615 657 αὐτὴν,
2647 587 2738 642 ὅτι
2765 587 2962 657 κράζει
3014 586 3275 643 ὄπισθεν
3304 583 3485 656 ἡμῶν.
3530 587 3680 654 Ἀλλης

2151 682 2552 756 εύαγγελιστὴς
2584 681 2760 752 λέγει,
2781 681 3133 752 ἔμπροσθεν
3161 679 3354 749 ἡμῶν.
3397 680 3614 734 Ἐναντία
3634 682 3682 735 τὰ

2152 779 2446 851 είρημινα,
2487 776 2627 832 ἀλλά
2683 776 2745 833 ού
2792 776 2990 848 ψευδῆ.
3033 773 3350 847 ’Δμφότερα
3383 773 3486 846 γὰρ
3529 774 3682 830 ἐποίει.

2153 873 2269 945 Πρὸ
2313 871 2515 926 τούτου
2551 870 2782 925 ὄπισθεν
2812 868 3072 942 ἔκραζεν.
3120 869 3254 924 Ὀτι
3299 869 3401 923 ούκ
3440 868 3686 941 ἀπεκρίθη,

2152 965 2470 1038 ἔμπροσθεν
2513 959 2709 1036 ἦλθεν,
2754 964 3014 1036 καθάπερ
3051 960 3203 1018 κύων
3252 961 3560 1033 περιλείχων
3592 962 3688 1028 τοὺς

2155 1055 2327 1120 πόδας
2367 1052 2467 1110 τού
2511 1051 2800 1108 δεσπότου.
2845 1052 3192 1108 Ἀπόλυσον
3240 1049 3456 1118 αὑτήν.
3491 1051 3691 1122 Θέατρον

2156 1146 2531 1222 περιέσεισεν,
2560 1145 2735 1217 δῆμον
2770 1145 3106 1217 συνήγαγεν.
3159 1143 3495 1199 Ἀπόλυσον
3515 1143 3691 1214 αὐτὴν,

2156 1236 2246 1292 ὅτι
2276 1233 2473 1307 κράζει
2502 1236 2757 1292 ὄπισθεν
2785 1234 2976 1306 ἡμῶν.
2999 1235 3068 1290 Τί
3093 1230 3190 1291 οὖν
3241 1236 3441 1302 αύτός;
3476 1237 3582 1291 Οὐκ
3605 1237 3695 1291 ἀπ·

2155 1328 2449 1398 οστάλην,
2481 1329 2536 1382 εί
2565 1325 2654 1399 μὴ
2701 1329 2792 1394 εις
2822 1327 2898 1383 τὰ
2949 1328 3219 1397 πρόϐατα
3259 1326 3336 1383 τὰ
3383 1325 3696 1384 ἀπολωλότα

2157 1422 2331 1476 οἴκου
2393 1417 2665 1490 Ἰσραήλ.
2711 1417 2840 1472 Ὅτε
2895 1415 3210 1488 ἀπεκρίθη,
3257 1418 3440 1488 χεῖρον
3485 1414 3699 1486 ὶτωίησεν

2159 1511 2332 1584 αὐτῆς
2357 1510 2419 1565 τὸ
2441 1510 2625 1573 ἕλκος.
2651 1507 2720 1562 Τί
2741 1502 2838 1562 οὖν
2857 1525 2876 1576 ;
2896 1505 2987 1562 διὰ
3017 1504 3179 1560 τοῦτο
3211 1505 3496 1578 ἄνθρωπος
3524 1505 3698 1576 ἐγένου.

2161 1606 2343 1678 σάρκα
2374 1603 2658 1669 ἀνέλαϐες,
2691 1599 3009 1673 οἰκονομίας
3038 1598 3309 1664 τοσαύτας
3350 1599 3606 1672 εἰργάσω,
3633 1601 3702 1653 ἵνα

2163 1701 2294 1771 μίαν
2322 1697 2528 1770 γωνίαν
2571 1696 2790 1770 «hanc;
2834 1693 3227 1766 ’Δπειρημένοι
3275 1693 3581 1757 Χαναναῖοι,
3607 1692 3694 1762 βδε-

476 1785 616 1842 Ante
643 1787 747 1842 hoc
773 1786 920 1842 enim
953 1803 983 1842 a
1017 1796 1172 1860 tergo
1203 1788 1520 1844 clamabat:
1557 1801 1681 1843 cum
1717 1799 1900 1844 autem
1919 1787 2054 1843 nihil

2158 1791 2345 1846 λυκτοὶ
2388 1793 2488 1862 τῆς
2516 1788 2794 1853 ἀσεϐείας,
2848 1788 3101 1858 ἰναγεῖς,
3158 1786 3371 1858 μιαροὶ,
3419 1785 3705 1856 ἀκάθαρτοι,

474 1879 523 1935 ei
574 1879 821 1950 responsi
855 1878 1110 1936 Christus
1168 1879 1346 1945 dedit,
1405 1895 1435 1934 a
1497 1877 1680 1936 fronte
1728 1880 1903 1945 venit,
1945 1894 2052 1936 non

477 1987 638 2028 secus
692 1986 756 2026 ac
804 1971 959 2028 canis
1013 1970 1232 2028 domini
1278 1973 1447 2043 pedes
1499 1970 1778 2030 lambens.
1836 1973 2056 2029 Dimitte

476 2083 616 2119 eam.
676 2065 976 2121 Theatrum
1039 2065 1093 2121 in
1162 2065 1353 2122 orbem
1429 2066 1696 2124 excitavit
1751 2085 1766 2124 :
1838 2067 2053 2123 turbam

478 2158 719 2228 colli-git.
763 2157 984 2213 Dimitte
1006 2159 1177 2221 illam.
1205 2160 1333 2230 quia
1364 2159 1565 2214 clamat
1600 2168 1718 2230 post
1759 2175 1874 2214 nos.
1912 2157 2054 2226 Quid

477 2263 608 2320 ergo
631 2249 764 2304 ille?
794 2248 918 2304 Non
942 2266 1058 2305 sum
1089 2251 1310 2317 missus,
1351 2251 1456 2306 nisi
1488 2250 1557 2305 ad
1597 2268 1712 2307 ores
1743 2268 1861 2324 quae
1885 2254 2058 2323 perie-

479 2351 601 2395 runt
635 2340 824 2397 domus
870 2340 1040 2397 Israel
1073 2341 1240 2415 (Ibid.
1279 2342 1394 2415 24).
1443 2341 1734 2415 Responso
1780 2344 2058 2399 acerbita-

478 2443 588 2488 tem
639 2435 812 2507 magis
861 2434 1014 2491 auxit
1052 2434 1317 2492 vulneris.
1359 2435 1504 2504 Quid
1562 2435 1774 2508 igitur?
1827 2434 2058 2490 hoccine

482 2529 704 2584 nomina
733 2528 916 2586 Iactus
937 2544 998 2586 es
1022 2529 1208 2596 homo,
1244 2545 1470 2587 carnem
1499 2530 1806 2601 sumpsisti.
1851 2537 1930 2585 tot
1965 2543 2057 2585 res

480 2627 723 2696 gessisti,
748 2637 808 2683 ut
840 2625 933 2682 uni
967 2625 1241 2682 duntaxat
1274 2627 1480 2698 angulo
1519 2626 1758 2682 salutem
1790 2622 2059 2680 atl'errcs!

481 2717 751 2776 Nimirum
783 2718 1076 2793 proscripti
1128 2717 1424 2774 Cbanamei
1482 2727 1661 2781 erant,
1703 2718 1774 2772 ob
1805 2715 2057 2786 impieta-

482 2821 592 2869 tem
622 2811 972 2879 exsecrandi,
1008 2811 1292 2878 scelerati,
1335 2809 1554 2877 nefarii,
1583 2808 1785 2879 impuri
1822 2825 1836 2862 :
1867 2805 2059 2876 nequi-

480 2908 604 2963 dem
638 2906 830 2962 audire
863 2920 960 2961 eos
992 2904 1345 2960 sustinebant
1394 2899 1590 2967 Judaei,
1629 2899 1726 2972 qui
1757 2899 1928 2970 legem
1959 2899 2062 2955 ob-

482 3008 768 3058 servarent
804 3005 860 3056 et
912 2999 1225 3070 implerent.
1282 2995 1480 3052 Mulier
1531 3009 1699 3068 porro
1745 2992 2058 3050 Chananaea

481 3102 620 3160 erat,
650 3093 717 3149 de
739 3092 958 3164 regione
990 3092 1092 3147 hac
1119 3088 1438 3156 interdicta,
1481 3088 1541 3144 in
1573 3101 1679 3160 qua
1706 3096 1760 3144 et
1789 3085 1962 3152 furor,
2004 3090 2060 3140 et

482 3186 688 3250 rabies,
743 3192 798 3241 et
843 3183 1096 3254 impietas
1146 3191 1538 3254 grassaretur;
1599 3179 1654 3234 in
1696 3193 1805 3252 qua
1855 3176 2060 3233 diaboli

482 3279 734 3352 tyrannis
762 3277 992 3350 vigeret,
1021 3285 1077 3332 et
1100 3276 1410 3332 daemonum
1437 3274 1774 3331 bacchantes
1802 3278 2060 3343 agerent;

485 3373 538 3426 in
578 3387 688 3443 qua
735 3381 927 3425 natura
983 3369 1302 3441 proculcata
1338 3378 1508 3438 esset,
1569 3376 1733 3439 atque
1776 3367 1832 3421 ln
1867 3378 2060 3420 amen-

485 3465 616 3520 tiam
647 3465 961 3528 brutorum,
993 3464 1104 3518 imo
1130 3461 1183 3516 in
1209 3460 1510 3532 nequitiam
1545 3458 1855 3514 daemonum
1893 3455 2061 3510 devo-

486 3558 614 3612 luta.
657 3556 768 3612 Lex
806 3571 968 3628 porro
999 3561 1380 3628 praeceperat:
1414 3551 1570 3608 Nihil
1611 3551 1777 3625 469
1817 3550 1916 3604 tibi
1938 3565 2058 3603 cum

483 3649 801 3706 Chanaateis
832 3649 1130 3704 commercii
1170 3649 1239 3703 sit
1271 3663 1290 3703 :
1329 3663 1393 3702 ne
1422 3645 1547 3719 quid
1577 3646 1652 3702 eis
1687 3644 1919 3709 dederis,
1966 3657 2061 3697 nec

483 3743 548 3797 ab
597 3742 723 3810 ipsis
768 3741 1055 3814 quidquam
1091 3741 1394 3811 acceperis;
1438 3757 1544 3794 non
1605 3738 1902 3800 mulierem,
1954 3751 2058 3790 non

480 3844 779 3907 pactorum,
806 3852 908 3890 non
928 3843 1298 3890 contractuum
1329 3842 1555 3889 tesseras
1579 3831 1760 3905 (Deut.
1779 3846 1875 3892 vn,
1901 3830 1957 3894 2,
1978 3828 2054 3901 ὅ).

481 3929 852 3997 Quamobrem
890 3943 1074 3999 sepem
1111 3928 1409 4000 interiecit.
1443 3926 1521 3982 Ne
1550 3941 1683 3998 ergo
1706 3923 1876 3980 Jtnltiei
1909 3924 2058 3979 dice-

483 4029 645 4077 rent:
684 4020 822 4088 Quia
859 4023 1018 4077 nobis
1041 4021 1253 4077 relictis
1285 4021 1436 4077 foras
1468 4018 1811 4085 abscessisti,
1847 4017 2058 4074 idcirco

483 4114 585 4171 tibi
629 4131 738 4170 non
787 4114 1150 4181 credidimus,
1209 4115 1390 4181 Ecce,
1435 4113 1633 4186 inquit,
1682 4128 1749 4170 ex
1800 4111 2057 4184 gentibus

482 4209 710 4264 veniunt
737 4207 803 4262 ad
837 4224 946 4275 me,
979 4217 1033 4265 et
1063 4223 1159 4264 eos
1190 4206 1416 4278 repudio
1453 4223 1467 4260 :
1497 4221 1593 4262 vos
1619 4220 1749 4261 vero
1784 4203 2056 4274 fugientes

484 4314 622 4355 voco
657 4317 671 4354 :
726 4299 902 4356 Venite
931 4300 999 4356 ad
1031 4317 1132 4366 me,
1166 4317 1344 4356 omnes
1371 4299 1460 4369 qui
1484 4299 1743 4356 laboratis
1769 4307 1818 4352 et
1854 4305 2055 4351 onerati

481 4395 630 4458 estis,
673 4404 725 4448 et
761 4410 851 4466 ego
887 4395 1125 4466 reﬁciam
1157 4411 1246 4450 vos
1290 4393 1508 4466 (.llattlt.
1545 4408 1623 4458 ιι,
1673 4391 1802 4465 28);
1837 4405 1938 4447 nec
1967 4399 2052 4444 ta-

485 4500 608 4541 men
643 4488 929 4544 acceditis.
980 4487 1135 4544 llanc
1169 4496 1350 4543 autem
1390 4485 1712 4548 submoveo,
1760 4492 1814 4541 et
1868 4491 2050 4539 tamen

484 4598 750 4641 remanet.
812 4581 993 4637 Palam
1041 4581 1273 4653 apparui
1323 4581 1407 4637 eis
1445 4580 1540 4652 qui
1579 4594 1665 4634 me
1701 4593 1810 4633 non
1839 4592 2055 4649 quaere-

484 4680 636 4735 bant.
669 4677 881 4731 Dimitte
907 4693 1048 4742 eam,
1079 4675 1206 4748 quia
1237 4675 1433 4730 clamat
1469 4683 1586 4744 post
1609 4689 1723 4728 nos.
1757 4670 2054 4728 Videamus

484 4774 671 4844 itaque
702 4771 831 4843 quid
866 4779 1099 4843 regerat.
1128 4768 1250 4824 Non
1277 4785 1392 4824 sum
1424 4767 1640 4832 missus,
1689 4766 1793 4820 nisi
1830 4763 1899 4818 ad
1939 4781 2053 4820 oves

480 4883 597 4936 qua:
623 4867 891 4935 perierunt
922 4864 1107 4918 domus
1138 4861 1331 4917 Israel.
1366 4859 1462 4916 llis
1502 4859 1592 4914 illa
1626 4859 1852 4922 auditis,
1894 4858 2051 4923 venit,

481 4972 528 5017 et
556 4959 822 5023 adoravit,
854 4958 1031 5013 dicens
1051 4974 1070 5011 :
1099 4955 1304 5022 Etiam,
1330 4954 1554 5010 Domine
1578 4951 1796 5024 (Matth.
1825 4967 1914 5016 xv,
1935 4950 2051 5022 25).

483 5056 589 5120 Qui
618 5053 881 5123 respondit
908 5069 925 5107 :
948 5053 1069 5108 Non
1107 5060 1185 5107 est
1223 5051 1410 5105 bonum
1444 5065 1648 5104 sumere
1690 5063 1875 5116 panem
1909 5047 2054 5117 ﬁlio-

481 5167 622 5214 rum,
672 5157 721 5204 et
779 5148 983 5204 mittere
1012 5147 1232 5202 canibus
1277 5142 1444 5217 (Ibid.
1491 5140 1619 5212 26).
1659 5140 1803 5209 Quid
1852 5139 2055 5212 igitur?

483 5244 684 5312 Etiam,
728 5242 976 5308 Domine,
1030 5240 1210 5310 inquit
1241 5256 1259 5297 :
1293 5253 1379 5295 me
1411 5252 1602 5293 canem
1647 5251 1836 5300 vocas,
1870 5251 1971 5304 ego
2003 5245 2055 5291 te

482 5338 771 5393 Dominum
809 5335 1060 5408 appello;
1089 5341 1145 5389 tu
1171 5350 1256 5391 me
1286 5331 1618 5389 contumelia
1646 5329 1838 5391 amcis.
1872 5345 1973 5400 ego
2001 5337 2054 5386 tc

479 5431 666 5486 laudo.
702 5428 902 5495 Etiam,
925 5427 1145 5482 Domine
1172 5441 1192 5482 :
1229 5442 1355 5480 nam
1391 5433 1440 5480 et
1481 5425 1658 5480 catelli
1691 5424 1966 5477 comedunt
1993 5424 2056 5477 de

480 5525 628 5580 micis
646 5541 762 5596 qua:
782 5523 976 5580 cadunt
995 5521 1059 5578 de
1078 5537 1258 5576 mensa
1286 5519 1619 5588 dominorum
1638 5533 1855 5573 suorum
1883 5515 2049 5586 (Ibid.

477 5617 593 5686 9.7).
625 5615 668 5670 Ο
709 5615 1032 5685 sapientiam
1059 5611 1349 5667 mulierisl
1385 5610 1586 5666 Canem
1618 5623 1704 5664 me
1735 5607 1941 5664 vocas?
1971 5620 2055 5660 me

480 5715 627 5768 sicut
660 5725 853 5767 canem
897 5711 1005 5765 ale.
1041 5707 1311 5765 Probrum
1355 5707 1461 5764 hoc
1511 5719 1625 5761 non
1681 5717 1898 5760 recuso.
1944 5699 2054 5758 Fac

482 5805 650 5874 igitur
679 5803 833 5859 canis
885 5802 1195 5859 alimoniam
1235 5799 1543 5876 accipiam.
1593 5798 1798 5854 Canem
1836 5810 1921 5850 me
1955 5809 2050 5850 vo-

2085 3133 2131 3196 C

2155 1869 2280 1938 οἶτε
2301 1881 2537 1938 ἀκοῦσαι
2569 1879 2751 1935 αὐτῶν
2771 1878 3054 1950 ἠνείχοντο
3075 1877 3125 1932 oi
3162 1876 3433 1945 Ἰουδαῖοι,
3459 1877 3548 1930 τὸν
3572 1878 3706 1946 νόμον

2153 1974 2458 2041 τελοῦντες,
2478 1973 2574 2028 καὶ
2589 1971 2929 2043 πληροῦντες
2952 1969 3138 2025 αὐτόν.
3166 1969 3387 2042 Ἐπειδὴ
3413 1971 3452 2041 ἡ
3481 1968 3608 2040 γυνὴ
3619 1968 3710 2021 Xa.-

2157 2069 2352 2124 ναναία
2373 2063 2464 2141 ἦν,
2517 2066 2615 2121 καὶ
2643 2062 2740 2119 τοῦ
2768 2064 2923 2136 ὁρίου
2955 2062 3173 2117 ἐκείνου
3214 2061 3313 2116 τού
3342 2059 3708 2133 ἀπειρημένου.

2157 2163 2286 2218 ἔνθα
2307 2161 2405 2217 καὶ
2434 2160 2630 2226 λύσσα,
2660 2157 2757 2214 καὶ
2782 2156 3084 2230 μανία,καὶ
3109 2157 3335 2211 ἀσέϐεια
3353 2157 3619 2218 ἐπέκειτο,
3636 2155 3712 2209 καί

2155 2255 2404 2310 διαϐόλου
2441 2252 2722 2325 τυραννὶς,
2747 2252 2844 2305 καὶ
2882 2250 3155 2322 δαιμόνων
3197 2248 3429 2320 βάκχαι,
3461 2248 3553 2302 καὶ
3577 2247 3714 2317 φύσις

2157 2349 2496 2421 πατουμένη,
2535 2347 2632 2402 καὶ
2677 2347 2758 2410 είς
2803 2344 3014 2415 ἀλόγων
3057 2341 3286 2412 ἀλογίαν
3329 2341 3713 2413 κατενεχθεῖσα,

2158 2445 2238 2509 είς
2271 2442 2542 2514 δαιμόνων
2573 2439 2795 2497 κακίαν.
2816 2437 3164 2511 Προσέτασσε
3189 2435 3248 2490 δὲ
3272 2437 3301 2490 ό
3327 2435 3512 2508 νόμος,
3537 2433 3718 2501 Μηδέν

2155 2552 2256 2590 σοι
2279 2535 2379 2589 καὶ
2408 2531 2797 2596 Χαναναίοις·
2817 2528 2904 2601 μὴ
2935 2527 3074 2596 δῷς,
3103 2527 3193 2598 μὴ
3223 2526 3418 2596 λάϐῃς
3437 2529 3563 2598 μετ’
3588 2527 3719 2580 ἑκεί-

2156 2646 2299 2686 νων.
2324 2627 2421 2697 Μὴ
2443 2624 2703 2698 γυναῖκα
2722 2622 2937 2694 λάϐῃς,
2964 2620 3054 2694 μὴ
3093 2619 3462 2691 συμϐόλαια,
3487 2619 3570 2691 μὴ
3594 2635 3720 2674 συν·

2156 2720 2534 2793 continuata.
2586 2717 2690 2773 Διά
2726 2713 2888 2770 τοῦτο
2930 2712 3188 2788 φραγμὸν
3218 2711 3578 2784 περιέθηκεν.
3624 2711 3721 2764 Ἵνα

2157 2813 2252 2874 οὖν
2285 2815 2362 2889 μὴ
2384 2814 2620 2884 λέγωσιν
2645 2812 2698 2866 oi
2746 2809 3013 2875 Ἰουδαῖοι,
3050 2810 3174 2864 Ὅτι
3199 2807 3428 2880 ἀφῆκας
3459 2810 3623 2881 ἡμᾶς,
3646 2809 3724 2861 καὶ

2159 2907 2405 2982 ἀπῆλθες
2429 2906 2560 2972 ἔξω,
2589 2904 2682 2959 διὰ
2707 2901 2866 2958 τοῦτο
2899 2902 3004 2958 οὐκ
3030 2900 3446 2970 ῑπιστεύσαμέν
3478 2918 3580 2953 σοι.
3612 2901 3722 2954 Ἰδοὺ

2159 3002 2268 3057 ἀπὸ
2298 3000 2470 3057 ἐθνῶν
2522 2998 2801 3072 ἔρχονται,
2849 2996 2944 3051 καὶ
2982 2993 3045 3049 ού
3072 2993 3305 3068 δέχομαι
3332 2995 3562 3059 αὐτοὺς,
3603 2996 3725 3066 ὑμᾶς

2159 3096 2217 3150 δὲ
2272 3092 2575 3165 φεύγοντας
2609 3088 2794 3145 καλῶο
2829 3086 3009 3143 Δεῦτε
3072 3087 3225 3157 πρός
3275 3103 3378 3156 με,
3437 3087 3656 3154 πάντες
3683 3090 3726 3141 ei

2161 3185 2489 3253 κοπιῶντες
2525 3182 2626 3238 καὶ
2662 3177 3158 3251 πεφορτισμένοι,
3207 3175 3370 3249 κάγὼ
3415 3178 3729 3233 ἀναπαύσω

2159 3278 2336 3352 ὑμᾶς,
2370 3277 2466 3333 καὶ⁵
2499 3277 2601 3332 οὐκ
2633 3273 2883 3349 ἔρχεσθε.
2930 3270 3152 3345 Ταύτην
3177 3271 3235 3325 δὲ
3270 3271 3626 3345 ἀπορῤίπτω,
3652 3269 3730 3323 καὶ

2161 3375 2494 3449 παραμένει.
2542 3371 2825 3445 Ἑμφανὴς
2859 3369 3134 3442 ἐγενόμην
3163 3370 3278 3433 τοῖς
3305 3369 3410 3440 ἐμὲ
3444 3371 3526 3442 μὴ
3563 3367 3732 3440 ζητού-

2161 3488 2268 3525 σιν.
2322 3468 2668 3526 Ἀπόλυσον
2691 3464 2910 3534 αὐτὴν,
2942 3463 3033 3518 ὅτι
3055 3461 3246 3532 κράζει
3273 3461 3538 3517 ὄπισθεν
3561 3459 3728 3529 ἡμῶν.

2162 3564 2394 3635 Ἴδωμεν
2423 3557 2518 3617 οὖν
2546 3560 2599 3615 τί
2637 3559 2828 3630 λέγει·
2863 3560 2984 3614 Οὐκ
3037 3555 3422 3625 ἀπεστάλην,
3452 3559 3506 3610 εὶ
3532 3556 3617 3626 μὴ
3661 3558 3733 3619 εις

2157 3657 2231 3712 τὰ
2257 3655 2521 3726 πρόϐατα
2555 3654 2629 3709 τὰ
2675 3651 3031 3709 ἀπολωλότα
3072 3649 3245 3705 οἴκου
3285 3649 3557 3718 Ἰσραήλ.
3599 3648 3661 3701 Ἦ
3686 3647 3731 3700 δὲ

2158 3751 2461 3818 ἀκούσασα,
2495 3744 2664 3818 ἦλθε,
2700 3745 2802 3801 καὶ
2834 3745 3263 3815 προσεκύνησε
3287 3741 3572 3813 λέγουσα
3593 3761 3606 3772 ·
3638 3743 3733 3797 Ναί

2157 3845 2356 3913 Κύριε.
2395 3843 2453 3897 '0
2496 3841 2563 3898 δέ
2593 3857 2804 3912 φησιν,
2837 3840 2957 3894 οὐκ
2995 3839 3129 3894 ἐστι
3152 3837 3348 3893 καλὸν
3377 3837 3600 3893 λαϐεῖν
3642 3835 3732 3890 τὸν

2157 3937 2340 4006 ἄρτον
2363 3936 2484 3991 τῶν
2504 3935 2748 3999 τέκνων,
2773 3931 2870 3988 καί
2884 3931 3152 4000 βάλλειν
3172 3929 3300 3996 τοῖς
3326 3933 3659 4003 κυναρίοις.
3681 3929 3732 3982 Τί

2156 4029 2281 4094 οὖνς
2311 4027 2442 4094 Ναί,
2473 4027 2671 4097 Κύριε.
2725 4024 2878 4081 Κύνα
2923 4041 2992 4096 με
3024 4023 3229 4094 λέγεις,
3278 4022 3393 4093 ἐγὼ
3429 4041 3493 4076 σε
3548 4023 3730 4092 Κύριον

2159 4120 2339 4176 καλῶ*
2375 4118 2440 4174 σύ
2472 4135 2540 4192 με
2590 4118 2855 4192 ὑϐρίζεις,
2889 4115 3001 4186 ἐγώ
3031 4134 3091 4171 σε
3124 4117 3284 4172 αίνῶ.
3352 4117 3497 4184 Nai,
3537 4119 3730 4185 Κύρων

2155 4216 2253 4271 καί
2283 4214 2394 4286 γὰρ
2434 4213 2506 4268 τὰ
2529 4213 2787 4282 κυνάρια
2811 4212 3000 4268 ἐσθίει
3036 4211 3158 4266 ἀπὸ
3197 4211 3320 4267 τῶν
3359 4212 3593 4281 ψιχίων
3630 4207 3732 4262 τῶν

2155 4308 2495 4362 πιπτόντων
2521 4305 2638 4362 ἀπὸ
2656 4303 2763 4374 τῆς
2806 4303 3098 4375 τραπέζης
3115 4303 3236 4358 τῶν
3258 4304 3494 4373 κυρίων
3520 4302 3728 4359 αὐτῶν.

2084 4432 2130 4491 D
2156 4399 2225 4456 Ὦ
2278 4401 2444 4471 σοφία
2478 4400 2774 4470 γυναικόςί
2807 4397 2965 4453 Κύνα
2994 4414 3063 4469 με
3110 4397 3298 4468 λέγεις
3324 4415 3340 4466 ;
3371 4398 3453 4463 ὡς
3498 4399 3636 4452 κύνα
3671 4413 3728 4467 με

2161 4494 2381 4569 θρέψον.
2411 4491 2486 4547 Οὐ
2532 4490 2914 4564 παραιτοῦμαι
2943 4489 3005 4545 τὸ
3051 4489 3256 4553 ὄνειδος
3276 4506 3291 4522 ·
3319 4491 3476 4546 λάϐω
3521 4486 3616 4545 οὖν
3644 4490 3731 4560 τὴν

2153 4589 2360 4663 τροφὴν
2375 4586 2469 4642 τοῦ
2499 4585 2682 4650 κυνός.
2703 4583 2859 4640 Κύνα
2883 4601 2952 4656 με
2981 4583 3251 4649 ἐκάλεσας
3274 4601 3290 4652 ;
3311 4583 3401 4648 δός
3428 4602 3524 4654 μοι
3543 4584 3729 4655 ψιχὶον.

2154 4680 2460 4751 Συνὴγορος
2487 4676 2678 4748 ἐγένου
2711 4693 2800 4748 μοι
2833 4679 2900 4748 τῇ
2931 4676 3166 4747 αἰτήσει,
3201 4677 3260 4730 ἐν
3290 4680 3358 4749 τῇ
3393 4679 3618 4749 παροχῇ
3648 4677 3732 4744 τὴν

2157 4771 2562 4844 συγκατάθεσιν
2616 4770 2910 4838 ἐπίδειξον.
2952 4770 3087 4835 Ναὶ,
3127 4770 3332 4841 Κύριε’
3387 4770 3493 4824 καί
3529 4770 3636 4841 γὰρ
3669 4769 3728 4820 τὰ

2153 4867 2406 4938 κυνάρια
2447 4867 2633 4922 ἐσθίει
2667 4865 2787 4920 ἀπὸ
2833 4863 2951 4919 τῶν
2982 4867 3204 4934 ψιχίων
3236 4863 3357 4918 τῶν
3397 4865 3730 4920 πιπτόντων

2153 4961 2271 5018 ἀπὸ
2327 4958 2436 5027 τῆς
2475 4956 2764 5028 τραπέζης
2811 4955 2928 5012 τῶν
2972 4957 3191 5026 κυρίων
3227 4955 3452 5012 αὐτῶν.
3491 4956 3559 5011 Τί
3592 4952 3728 5010 οὖνὸ

2156 5051 2614 5123 παραιτούμενος,
2640 5051 2668 5102 ὁ
2687 5047 2921 5112 διώκων,
2943 5048 2971 5101 ὁ
2992 5047 3170 5116 λέγων
3195 5061 3211 5076 ·
3235 5048 3360 5100 Οὐκ
3387 5045 3526 5099 ἔστι
3550 5042 3729 5098 καλὸν

2153 5146 2362 5205 λασεῖν
2398 5145 2506 5200 τὸν
2538 5143 2722 5212 ὒρτον
2769 5139 2888 5195 τῶν
2945 5139 3191 5206 τέκνων,
3227 5138 3328 5192 καί
3359 5136 3576 5192 δοῦναι
3620 5132 3729 5197 τοῖς

2155 5236 2457 5306 κυναρίοις
2469 5251 2488 5300 ;
2514 5236 2543 5288 ό
2575 5233 2770 5302 λέγων·
2809 5233 2931 5287 Οὐκ
2967 5229 3326 5297 ἀπεστάλην
3348 5231 3397 5283 εί
3415 5226 3511 5298 μὴ
3553 5228 3637 5293 εις
3669 5224 3729 5278 ra

2155 5330 2418 5398 πρόϐατα
2444 5327 2516 5381 τὰ
2547 5324 2904 5381 ἀπολωλότα
2923 5320 3095 5378 οἴκου
3128 5318 3415 5390 Ἰσραήλ;
3443 5320 3514 5373 Τί
3542 5335 3725 5389 φησιν,

2153 5417 2229 5476 Ὦ
2254 5419 2451 5493 γύναι,
2479 5415 2769 5486 ἐπαινέτης
2815 5415 3037 5485 ὲγένου;
3071 5412 3474 5484 ἀνακηρύττεις
3508 5411 3609 5483 τὴν
3640 5426 3726 5476 γυ-

2156 5516 2347 5579 ναῖκα,
2374 5509 2474 5565 οὐκ
2503 5507 2735 5581 ᾔσχυνες
2765 5506 2972 5578 αύτήνς
3006 5505 3109 5559 ούκ
3154 5503 3414 5567 ὲδιώκεςς
3451 5501 3545 5555 διά
3579 5499 3724 5552 τοῦτο

2155 5608 2396 5662 ἐδίωκον.
2432 5603 2495 5657 El
2526 5601 2633 5672 γὰρ
2678 5600 2738 5669 ἐξ
2772 5596 2951 5671 ἀρχῆς
2986 5597 3158 5671 αὐτὴν
3208 5596 3482 5659 ἀπέλυσα,
3530 5593 3628 5648 οὐκ
3665 5590 3720 5644 ἂν

2155 5697 2357 5772 ἔμαθες
2385 5695 2556 5767 αὐτῆς
2583 5692 2684 5765 τὴν
2709 5691 2914 5747 πίστιν.
2950 5693 3011 5746 Ei
3055 5691 3118 5746 ὲκ
3157 5688 3460 5762 προοιμίων
3513 5683 3736 5746 ἐλαϐεν..

2154 5791 2442 5866 ἀνεχώρει,
2478 5789 2574 5843 καὶ
2622 5787 2716 5843 τὴν
2750 5786 3028 5861 θτσαυρδν
3077 5785 3250 5857 αὐτῆς
3289 5784 3390 5838 ούκ
3433 5780 3700 5854 ἠπίστατο

3859 5579 3865 5612 l
