3930 6248
264 356 382 425 1449

1502 360 1745 424 SACRA
1784 358 2253 422 PARALLELA.

3365 372 3504 440 H50

251 480 338 534 Διὰ
390 475 550 533 τοῦτο
584 475 931 549 ἀνεῦαλόμην
966 477 1066 549 τὴν
1114 477 1285 545 δόσιν,
1318 478 1407 536 ἵνα
1435 480 1597 547 δείξω
1624 483 1810 547 αὐτοῖς

1914 474 2100 532 casti?
2131 475 2329 532 micam
2359 476 2495 534 mibi
2544 480 2750 540 tribue.
2788 484 3048 544 Petitioni
3081 504 3213 547 meae
3236 497 3352 551 tute
3384 496 3505 567 ipse

252 573 336 647 τὴν
358 569 561 626 πίστιν.
580 564 655 625 Ὦ
682 570 879 641 γύναι.
904 570 1036 635 Θεὸς
1052 570 1222 643 λέγει,
1245 566 1323 628 Ὦ
1347 574 1557 645 rurae!
1594 574 1813 631 'Axoué~

254 684 414 723 τωσαν
442 667 493 719 οί
547 665 837 737 εὐχόμενοι
884 665 1027 737 μετὰ
1071 664 1396 736 βαναυσίας.
1428 664 1615 723 ’Ὅταν
1644 670 1811 737 εῖπω,

250 760 624 834 Παρακάλεσον
682 758 777 814 τὸν
815 757 974 824 Θεὸν,
1029 758 1250 831 δεήθητι
1292 758 1484 825 αὐτοῦ,
1530 761 1814 819 ἱκέτευσον

252 853 431 908 αὐτόν’
469 852 640 923 λέγει,
674 850 1038 925 Παρεκάλεσα
1075 850 1227 918 ἅπαξ
1255 852 1349 907 καὶ
1377 851 1654 926 δεύτερον,
1689 853 1813 926 τρία

249 963 350 1011 τον,
378 945 628 1014 δέκατον,
658 945 755 999 καὶ
784 946 888 1000 οὐκ
908 943 1122 999 ἔλαϐον.
1148 943 1241 1017 Μὴ
1280 945 1547 1018 ἀποστῇς,
1579 948 1685 1013 ἕως
1716 948 1814 1005 ἐὰν

248 1036 426 1112 λάϐῃς.
453 1037 591 1092 Τότε
630 1037 906 1111 ἀπόστηθι
933 1038 1063 1092 ὅταν
1093 1037 1295 1111 λάϐῃςο
1325 1038 1527 1109 μᾶλλον
1561 1040 1619 1093 δὲ
1650 1040 1809 1095 τότεο

247 1132 370 1187 ἀλλὰ
402 1131 498 1187 καὶ
526 1128 649 1186 τότε
679 1130 987 1203 παράμενε.
1015 1130 1135 1185 Κᾶν
1166 1130 1363 1205 λάϐῃς,
1391 1132 1533 1187 αἴτει
1552 1150 1566 1165 ο
1597 1134 1727 1189 ὅταν
1754 1134 1816 1189 δὲ

246 1226 423 1300 λάϐῃς,
473 1225 895 1299 εὐχαρίστησον,
927 1226 1011 1280 ὃτι
1046 1225 1260 1290 ἔλαϐες.
1293 1225 1652 1300 Εὶσέρχονται
1682 1228 1817 1283 πολο-

247 1320 322 1376 λοὶ
343 1321 422 1383 είς
466 1318 565 1391 τὴν
606 1318 955 1391 Ἐκκλησίαν,
1015 1318 1113 1374 καὶ
1166 1317 1537 1392 ἀπαρτίζουσι
1583 1320 1814 1393 μυρίους

246 1414 450 1485 στίχους
506 1413 693 1485 εὐχῆς,
744 1414 840 1467 καὶ
890 1409 1230 1485 ἐξέρχονται.
1286 1410 1378 1484 Μὴ
1431 1411 1541 1483 γὰρ
1599 1412 1813 1467 πολλῶν

232 1494 420 1577 ’χρείαν
446 1504 559 1577 ἔχει
585 1506 613 1559 ό
641 1503 774 1568 Θεὸς
798 1503 1010 1573 λόγωνς
1037 1503 1138 1574 τῆς
1167 1503 1336 1575 εὐχῆς
1365 1520 1461 1557 σου
1499 1503 1659 1575 μόνον
1684 1504 1815 1577 χρῄ-

244 1597 338 1663 ζει.
379 1598 489 1653 Καὶ
530 1608 607 1661 τι,
642 1596 811 1669 φησί·
850 1596 1061 1662 ἐκλινα,
1100 1596 1196 1651 καὶ⁵
1219 1594 1479 1669 ηὐξάμην
1506 1613 1521 1664 ;
1553 1596 1814 1663 Ἐκλινας

242 1689 305 1743 τὰ
336 1688 557 1758 γόνατα,
583 1687 698 1744 ἀλλ’
722 1686 986 1760 ήδιάνοιά
1018 1705 1113 1741 σου
1139 1686 1245 1755 ἔξω
1274 1688 1529 1743 ὲπέτατο.
1556 1688 1628 1741 Τὸ
1652 1686 1816 1759 σῶμά

244 1800 329 1837 σου
362 1780 491 1845 ἔσω,
517 1782 665 1853 καὶὴ
694 1782 838 1854 ψυχή
872 1798 966 1835 σου
994 1779 1120 1846 ἔξω.
1157 1780 1232 1834 Τὸ
1263 1780 1442 1854 στόμα
1477 1796 1570 1835 σου
1602 1780 1809 1851 ἔλεγεν,

241 1872 330 1929 καὶ
363 1873 627 1945 ήδιάνοιά
656 1889 751 1926 σου
782 1872 1012 1945 ἠρίθμει
1052 1869 1181 1935 τοὺς
1220 1870 1441 1939 τόκους,
1478 1871 1810 1942 συμϐόλαια,
1848 1875 1889 1929 Β

241 1966 677 2036 συναλλάγματα,
708 1966 912 2037 χωρία,
970 1965 1250 2036 κτήματα.
1299 1964 1361 2019 '0
1418 1963 1528 2037 γὰρ
1567 1962 1814 2027 διάϐολος

239 2061 467 2133 πονηρὸς
511 2059 609 2128 ὢν,
639 2060 732 2114 καὶ
762 2058 921 2124 εἰδὼς
952 2059 1036 2114 ὅτι
1067 2061 1126 2112 ὲν
1170 2057 1351 2131 καιρῷ
1385 2057 1554 2131 εὐχῆς
1597 2056 1815 2129 μεγάλα

237 2152 486 2225 ἀνύομεν,
518 2153 639 2206 τότε
671 2152 986 2223 ἐπέρχεται.
1022 2148 1292 2213 Πολλάκις
1332 2148 1569 2220 κείμεθα
1600 2148 1814 2216 ὕπτιοι,

118 2266 131 2275 ·
238 2247 330 2301 καὶ
355 2246 505 2301 οὐδὲν
537 2244 890 2317 λογιζόμεθα,
931 2243 1029 2299 καὶ
1056 2246 1083 2297 ὁ
1126 2242 1251 2306 νοῦς
1285 2243 1504 2314 ἠρεμεῖ.
1534 2240 1815 2312 Ἤλθομεν

236 2339 510 2406 εὔξασθαι,
536 2340 629 2395 καὶ
655 2339 838 2413 μυρίοι
870 2335 1128 2407 λογισμοὶ
1154 2335 1507 2409 ἐπέρχονται,
1538 2334 1628 2389 ἵνα.
1660 2334 1814 2406 ἡμᾶς

234 2432 434 2504 ἐκϐάλῃ
468 2430 682 2495 κενούς.
702 2428 891 2485 Ταῦτα
924 2427 1081 2495 είδὼς
1112 2431 1170 2482 ἐν
1194 2431 1314 2492 ταῖς
1338 2428 1549 2500 εὐχαῖς,
1574 2427 1813 2498 γίνωσκε

234 2526 331 2595 τὴν
359 2523 695 2581 Χαναναίαν.
758 2520 896 2577 Ἀλλ’
928 2519 1031 2575 οὐκ
1074 2517 1221 2590 ἔχεις
1255 2517 1532 2590 θυγατέρα
1562 2517 1813 2589 δαιμονι-

232 2617 486 2691 ζομένην.
540 2617 605 2670 Τί
639 2609 793 2673 εἶπεν
840 2611 1221 2687 ἡΧαναναία;
1278 2609 1576 2681 Ἐλέησόν
1611 2626 1689 2681 με
1714 2628 1727 2641 '
1773 2613 1812 2681 ἠ

231 2710 493 2781 θυγάτηρ
522 2728 643 2783 μου
672 2708 873 2777 κακῶς
907 2704 1327 2779 δαιμονίζεται.
1384 2705 1580 2776 Μέγας
1628 2706 1656 2759 ό
1704 2704 1814 2759 δαί-

234 2822 372 2878 μων,
407 2803 693 2879 ἁμαρτία·
718 2805 747 2858 ὁ
801 2801 1100 2875 δαιμονιῶν
1131 2800 1385 2863 ὲλεεῖται,
1413 2801 1443 2854 ό
1480 2798 1812 2873 ἁμαρτάνων

231 2901 494 2971 μισεῖται.
530 2899 770 2962 Ἐκεῖνος
788 2894 1126 2971 συγγνώμην
1158 2893 1296 2967 ἔχει,
1326 2887 1485 2959 οὗτος
1510 2892 1814 2963 ἀπολογίας

226 2993 546 3066 ἐστέρηται.
591 2989 887 3060 Ἐλέησόν
924 3006 1001 3067 με
1028 2988 1245 3062 ’βραχὺ
1279 2986 1340 3041 τὸ
1383 2987 1556 3059 ῥῆμα,
1587 2985 1685 3041 καὶ
1718 2986 1814 3040 πέ-

223 3086 398 3156 λαγος
458 3083 893 3157 φιλανθρωπίας.
932 3085 1108 3141 Ὅπου
1148 3082 1260 3154 γὰρ
1291 3080 1462 3146 ἔλεος,
1516 3081 1697 3133 πάντα
1744 3078 1813 3133 τὰ

224 3178 434 3250 ἀγαθά.
470 3177 591 3233 Κᾶν
622 3174 729 3243 ἔξω
764 3173 851 3251 ᾗς,
881 3176 1055 3248 κράζε
1096 3176 1193 3231 καὶ
1224 3174 1375 3244 λέγε,
1420 3171 1682 3244 Ἐλέησόν
1706 3189 1770 3243 με
1793 3188 1806 3201 '

224 3240 306 3346 ei)
343 3273 511 3328 κινῶν
532 3271 601 3326 τὰ
624 3240 978 3343 χὲιλτᾶἶελιά
1002 3240 1070 3344 τῇ
1111 3240 1325 3341 διανοεᾲ
1355 3266 1526 3340 βοῶν’
1557 3240 1651 3320 και
1686 3240 1814 3321 ai..-
1840 3240 1884 3299 ο

219 3368 459 3423 πώντων
482 3365 675 3421 ἀκούει
696 3367 723 3420 ὀ
742 3364 896 3429 Θεός.
923 3363 997 3419 Οὐ
1029 3362 1278 3435 ζητεῖται
1300 3362 1485 3427 τόπος,
1511 3360 1627 3415 ἀλλ’
1653 3361 1821 3432 ἀρκεῖ

216 3462 450 3535 τρόπος.
492 3459 551 3516 Ὀ
598 3458 874 3531 Ἱερεμίας
925 3458 984 3511 ὲν
1044 3454 1293 3529 βορϐόρῳ
1319 3450 1411 3528 ἦν,
1446 3453 1657 3510 καὶτὸν
1683 3453 1818 3508 Θεὸν

216 3555 603 3610 ἐπεσπάσατο.
647 3552 707 3606 'O
740 3549 941 3623 Δανιὴλ
971 3552 1030 3604 ἐν
1061 3549 1252 3621 λάκκῳ
1295 3546 1555 3613 λεόντων,
1585 3546 1683 3601 καὶ
1724 3546 1815 3601 τὸν

213 3647 363 3703 Θεὸν
411 3646 834 3720 ἑξευμενίσατον
866 3645 916 3698 οἱ
964 3645 1116 3717 τρεῖς
1145 3628 1338 3705 παῖδες
1385 3642 1444 3697 ὲν
1496 3642 1562 3713 τῇ
1597 3640 1815 3711 καμίνῳ

215 3744 392 3822 ἦσαν,
428 3744 636 3799 καὶτὸν
663 3743 799 3798 Θεὸν
842 3739 1230 3811 ἐδυσώπησαν.
1273 3738 1333 3792 '0
1357 3737 1564 3811 λῃστὴς
1611 3737 1814 3790 ἐσταυ-

213 3838 404 3912 ρώθη,
435 3838 530 3893 καὶ
554 3840 583 3892 ό
608 3835 841 3908 σταυρὸς
868 3835 970 3889 οὐκ
988 3832 1289 3895 ἐκώλυσεν,
1315 3830 1451 3886 ἀλλά
1478 3828 1813 3901 παράδεισον

209 3932 461 4006 ἤνοιξεν.
521 3929 579 3985 '0
622 3929 741 3984 Ἰὼϐ
791 3931 849 3982 ὲν
900 3926 1105 3999 κοπρίᾳ
1131 3921 1221 3998 ῆν,
1261 3925 1356 3978 καὶ
1388 3922 1481 3980 τὸν
1504 3921 1637 3977 Θεὸν
1669 3922 1812 3976 ἵλεον

206 4027 653 4085 κατεσκεύασεν.
695 4026 871 4080 Ὅπου
907 4024 1005 4079 ἐὰν
1046 4018 1136 4099 ᾗς,
1187 4019 1371 4094 εὔχου.
1425 4020 1547 4075 Κᾶν
1579 4018 1811 4091 δικαστῇ

205 4125 544 4195 παραστῇς,
602 4119 785 4193 εὐχου.
842 4118 1012 4174 Ὅταν
1055 4114 1348 4190 όργίζηταί
1398 4130 1483 4169 σοι
1521 4111 1809 4186 δικαστὴς,

202 4218 409 4289 εὔχου.
442 4215 702 4269 Θάλασσα
728 4208 793 4284 ῆν
816 4209 1149 4283 ἔμπροσθεν,
1175 4206 1402 4262 ὄπισθεν
1426 4206 1477 4261 οἱ
1520 4204 1809 4276 Αἰγύπτιοι

199 4309 471 4374 ἐδίωκον,
504 4306 669 4379 μέσος
696 4307 725 4360 ὁ
757 4304 984 4374 Μωσῆς.
1016 4301 1197 4372 Πολλὴ
1241 4300 1375 4373 εὐχὴ
1411 4302 1470 4355 ὲν
1516 4302 1583 4373 τῇ
1630 4318 1811 4355 στενο-

198 4402 424 4479 ΧωρίΨ
451 4400 589 4456 ἀλλά
629 4401 776 4473 μέγα
804 4398 866 4452 τδ
916 4396 1156 4465 πέλαγος
1192 4394 1293 4465 τῆς
1333 4393 1809 4467 εὖχῆς.’οπισθεν

192 4501 261 4555 oi.
296 4496 594 4567 Αἰγύπτιοι
631 4494 879 4560 ἐδίωκον,
922 4491 1016 4547 καὶ
1059 4490 1200 4563 μέση
1230 4491 1264 4562 ἡ
1297 4489 1454 4562 εὐχή.
1488 4490 1598 4544 Καὶ
1654 4489 1808 4551 οὐδὲν

191 4592 405 4651 ἐλάλει
424 4592 661 4665 Μωσῆς·
688 4589 783 4644 καὶ
805 4586 955 4654 λέγει
984 4584 1134 4660 αὐτῷ
1152 4586 1181 4640 ό
1214 4584 1367 4650 Θεὸς,
1400 4583 1460 4639 Τί
1476 4581 1634 4653 ,βοᾷς
1654 4586 1805 4654 πρός
1839 4605 1883 4660 ι)

182 4706 321 4763 ys;
357 4689 480 4743 Κᾶν
514 4687 573 4741 τὸ
626 4685 806 4756 στόμα
857 4699 951 4736 σου
1018 4680 1178 4754 σιγᾷ,
1229 4678 1409 4750 ἀλλ’ἢ
1463 4678 1664 4751 καρδία
1709 4695 1801 4735 σου

195 4787 344 4861 βοᾷ.
385 4787 500 4843 Καὶ
536 4785 600 4839 σὺ
626 4785 757 4839 ὅταν
810 4780 1102 4852 παραστῇς
1131 4778 1361 4848 δικαστῇ
1401 4774 1674 4848 μεμηνότι
1712 4774 1805 4829 καὶ

188 4879 601 4954 τυραννοῦντι,
633 4877 727 4934 καὶ
764 4875 851 4931 ἐπ’
881 4872 1061 4929 αὐτῶν
1098 4871 1210 4926 τῶν
1257 4870 1487 4941 δημίων,
1523 4868 1684 4939 εὐχου
1728 4867 1805 4939 τῷ

186 4974 362 5047 Θεῷ.
393 4971 702 5046 Εὐχομένου
736 4969 795 5025 δέ
826 4987 946 5033 σου,
980 4966 1051 5023 τὰ
1096 4965 1319 5036 κύματα
1351 4961 1802 5015 καταστέλλεται.

202 5073 280 5125 '0
309 5070 580 5139 δικαστὴς
604 5066 699 5120 ἐπὶ
726 5062 785 5119 σέ
809 5081 824 5132 ;
847 5062 985 5135 πρὸς
1008 5062 1100 5115 τὸν
1122 5059 1257 5114 Θεὸν
1286 5056 1458 5129 φεῦγε
1479 5060 1492 5074 ⁶
1537 5055 1594 5109 'O
1620 5055 1802 5127 ἅρχων

179 5162 457 5233 ’πλησίον
495 5178 620 5229 σονς
677 5158 742 5213 σὺ
776 5159 867 5213 τὸν
914 5153 1191 5223 Δεσπότην
1247 5146 1658 5222 παρακάλεσον.
1711 5149 1803 5216 Μὴ

174 5258 326 5331 γὰρ
363 5253 654 5327 ἄνθρωπός
675 5253 863 5321 tactv;
896 5250 984 5305 del
1009 5244 1181 5319 ὲγγύς
1212 5246 1355 5310 ἐστι,
1388 5242 1485 5297 καὶ
1519 5239 1802 5311 πανταχοῦ

178 5354 358 5416 ἐστι,
389 5350 489 5403 καὶ
533 5347 715 5403 πάντα
756 5344 974 5417 πληροῖ.
1024 5339 1153 5395 Ἐὰν
1206 5336 1369 5409 θέλῃς
1416 5333 1803 5408 παρακαλέσαι

172 5443 534 5516 ἄνθρωπον,
566 5441 660 5496 καὶ
710 5439 907 5512 μαθεῖν
939 5434 993 5490 τί
1022 5434 1187 5500 ποιεῖ,
1228 5426 1494 5484 διακονῶν
1525 5426 1626 5481 οὐκ
1668 5427 1803 5481 ἀπο-

174 5543 492 5613 κρίνεται.
534 5535 661 5590 Ἐπὶ
708 5533 765 5588 δὲ
796 5530 888 5587 τοῦ
938 5527 1074 5584 Θεοῦ
1128 5525 1281 5581 οὐδὲν
1325 5521 1590 5577 τοιοῦτον.
1625 5521 1805 5575 Ὅπου

169 5635 236 5692 δ’
282 5633 365 5687 ἂν
394 5628 637 5703 ἀπέλθῃς
668 5628 765 5684 καὶ
800 5626 994 5698 καλῇς,
1041 5619 1255 5679 ἀκούει.
1278 5617 1363 5701 .οὐ
1398 5614 1665 5689 θυρωρὸς,
1701 5613 1802 5669 οὐκ

168 5730 526 5795 οίκονόμος,
581 5724 645 5779 οὐ
679 5722 929 5795 μεσίτης,
959 5717 1022 5772 οὐ
1070 5715 1342 5779 διάκονος,
1374 5709 1529 5764 οὐδὲν
1569 5708 1798 5763 τούτων.

172 5821 380 5877 Εἰπέ·
418 5817 715 5889 Ἐλέησόν
746 5825 837 5884 με,
884 5814 980 5869 καὶ
1028 5812 1057 5866 ὁ
1094 5809 1228 5873 Θεὸς
1259 5802 1646 5881 παραγίνεται.
1679 5800 1801 5856 Ἔτι

172 5910 515 5979 λαλοῦντός
563 5927 658 5965 σου
706 5910 855 5980 ἐρεῖ⁸
910 5904 1043 5959 Ἰδοὺ
1084 5902 1338 5974 πάρειμι.
1373 5893 1444 5951 Ὦ
1486 5896 1636 5969 ῥῆμα
1664 5896 1801 5966 ἡμε-

546 5992 819 6068 Panos.
870 6000 985 6061 Gn.
1035 5996 1222 6060 XCV.

1918 568 2305 638 patrocinatus
2334 586 2431 641 es;
2486 572 2575 629 fac
2631 576 2688 631 in
2742 576 3033 652 largiendo
3075 594 3408 643 annuentem
3452 596 3506 644 te

1922 660 2188 731 pmbeas.
2218 660 2425 730 Etiam,
2467 664 2695 723 Domine
2725 686 2747 725 :
2779 687 2905 726 nam
2939 682 2990 729 et
3017 677 3199 733 catelli
3231 678 3509 736 comedunt

1920 752 1986 809 de
2017 753 2171 811 micis
2203 771 2322 827 quas
2351 756 2550 813 cadunt
2580 759 2645 816 de
2673 778 2855 818 mensa
2890 764 3227 824 dominorum
3262 789 3505 829 suarum.

1920 847 2065 915 Quid
2102 850 2274 922 igitur
2304 851 2397 908 ille
2438 852 2535 925 qui
2597 857 2917 925 recusabat,
2958 860 3052 931 qui
3104 863 3381 937 abigebat,
3413 870 3508 940 qui

1922 944 2143 1004 dicebat
2171 964 2188 1004 :
2225 945 2352 1004 Non
2380 958 2458 1005 est
2485 948 2680 1007 bonum
2712 969 2918 1011 sumere
2943 973 3133 1028 panem
3162 961 3420 1031 ﬁliorum,
3456 975 3509 1019 et

1920 1038 2052 1093 dare
2079 1040 2299 1095 canibus
2321 1043 2348 1098 2
2386 1043 2482 1113 qui
2521 1044 2743 1101 dicebat
2774 1065 2789 1102 :
2828 1046 2953 1104 Non
2989 1066 3106 1105 sum
3150 1054 3368 1124 missus,
3403 1057 3509 1113 nisi

1921 1128 1992 1182 ad
2039 1145 2158 1185 oves
2209 1147 2327 1202 qua:
2379 1134 2649 1202 perierunt
2688 1136 2876 1193 domus
2931 1139 3150 1198 Israel?
3199 1145 3343 1212 Quid
3378 1149 3504 1204 ait:

1923 1218 1969 1276 ο
2002 1220 2193 1275 mulier
2224 1222 2393 1292 (Ibid.
2412 1222 2505 1297 28)
2529 1226 2541 1279 !
2571 1225 2714 1292 Quid
2742 1236 2828 1285 est
2848 1230 2986 1287 hoc?
3008 1232 3261 1290 laudator
3280 1237 3509 1294 elleetus

1920 1312 2026 1367 es?
2066 1314 2356 1372 mulierem
2384 1319 2695 1388 praedicas?
2726 1338 2798 1377 an
2847 1339 2958 1380 non
3006 1342 3127 1383 eam
3167 1331 3385 1401 probris
3420 1334 3508 1388 in-

1920 1403 2226 1460 cessebas?
2259 1423 2330 1463 an
2374 1424 2485 1465 non
2537 1410 2952 1472 insectabaris?
3005 1419 3245 1489 idcirco,
3304 1424 3506 1496 inquit.

1921 1498 2257 1555 insectabar.
2296 1500 2432 1559 Nam
2472 1504 2519 1560 si
2559 1508 2750 1563 statim
2796 1524 2918 1565 eam
2953 1514 3180 1571 missam
3229 1519 3503 1588 fecissem,

1921 1591 2095 1662 ipsius
2154 1594 2314 1651 tidem
2376 1597 2605 1659 minime
2666 1612 3015 1674 perspectam
3072 1608 3391 1671 habuisses.
3447 1613 3506 1671 Si

1918 1684 2105 1738 statim
2133 1686 2461 1756 accepisset,
2491 1690 2685 1759 pedem
2710 1695 3012 1764 retulisset,
3052 1715 3152 1757 nec
3182 1701 3505 1762 thesaurum

1920 1772 2093 1844 ipsius
2143 1778 2518 1847 cogno‘visses.
2573 1781 2703 1840 ldeo
2756 1785 2890 1844 dare
2941 1788 3171 1859 distuli,
3230 1805 3287 1850 ut
3346 1798 3504 1855 ﬁdem

1918 1864 2093 1937 ipsius
2163 1878 2530 1929 oetentarem.
2582 1873 2627 1931 Ο
2662 1878 2887 1937 mulier!
2929 1880 3071 1940 Deus
3105 1885 3237 1941 dicit
3271 1907 3285 1942 :
3320 1890 3365 1947 Ο
3390 1908 3507 1945 mu-

1919 1956 2054 2013 tier.’
2078 1960 2309 2017 audiant
2334 1965 2427 2035 qui
2467 1966 2730 2025 illiberali
2777 1971 2963 2029 animo
3011 1989 3326 2045 precantur.
3368 1984 3503 2041 Cum

1918 2050 2129 2150 dixero,
2162 2054 2333 2111 Deum
2368 2073 2522 2131 roga,
2556 2076 2653 2118 ora
2683 2077 2837 2132 eum,
2869 2071 3120 2140 supplice
3151 2074 3239 2144 ei;
3275 2092 3507 2150 respon-

1915 2144 2007 2201 det
2032 2147 2164 2206 ille:
2206 2147 2388 2208 Semel
2431 2162 2596 2225 atque
2647 2157 2871 2227 iterum,
2914 2166 3193 2237 tertioque
3232 2183 3298 2225 ac
3324 2144 3507 2231 decies

1916 2238 2130 2309 rogavi,
2182 2255 2286 2297 nec
2342 2246 2549 2315 accepi.
2585 2246 2656 2301 At
2711 2249 2871 2305 velim
2936 2268 3004 2309 ne
3039 2255 3286 2325 desinas,
3331 2261 3509 2318 donec

1915 2334 2218 2405 acceperis.
2268 2334 2427 2395 Tunc
2464 2339 2685 2395 demum
2724 2343 2960 2415 absiste,
3010 2361 3137 2403 cum
3181 2353 3508 2424 acceperis;

1916 2425 2027 2480 imo
2068 2442 2137 2483 ne
2171 2435 2285 2484 tum
2346 2431 2596 2502 quidem,
2648 2435 2743 2490 sed
2791 2438 2968 2510 magis
3026 2442 3193 2497 etiam
3241 2445 3508 2515 persiste.

1917 2517 2044 2575 Sive
2074 2536 2185 2577 non
2220 2524 2483 2595 accipias,
2516 2535 2671 2597 pete;
2704 2528 2823 2585 sive
2862 2532 3135 2603 accipias,
3171 2536 3380 2606 gratias
3407 2553 3510 2609 age

1915 2610 2062 2681 quod
2091 2614 2394 2685 acceperis.
2427 2614 2693 2672 Permulti
2742 2616 3044 2678 Ecclesium
3091 2623 3504 2695 ingrediuntur,

1913 2709 1970 2759 et
2034 2703 2359 2763 innumeros
2417 2711 2801 2780 precationum
2860 2714 3172 2773 versiculos
3223 2720 3505 2784 evolvunt,

1913 2802 2080 2866 atque
2110 2795 2187 2851 ita
2215 2798 2515 2857 excedunt.
2568 2799 2829 2874 Nunquid
2870 2803 3019 2863 Deus
3050 2808 3347 2873 verborum
3378 2828 3505 2882 prn-

1915 2889 2128 2946 lixitate
2175 2905 2318 2963 opus
2368 2893 2583 2951 habet?
2621 2899 2997 2969 precationem
3034 2910 3183 2958 tuam
3235 2904 3507 2966 duntaxat

1916 2984 2129 3051 quaerit.
2161 2986 2397 3061 Ecquid,
2428 2990 2527 3055 ait,
2570 2990 2833 3048 inclinavi
2865 3008 2973 3060 me,
3002 3002 3059 3051 et
3082 2996 3277 3052 oravi?
3315 2997 3509 3056 Genua

1913 3075 2158 3146 ﬂexisti;
2194 3095 2352 3136 mens
2376 3096 2504 3137 vero
2532 3090 2627 3137 tua
2652 3092 2810 3141 extra
2841 3087 3068 3145 volavit.
3103 3088 3318 3161 Corpus
3351 3100 3505 3148 tuum

1916 3167 2067 3225 intus
2088 3172 2467 3236 erat,animus
2492 3171 2743 3231 luris.Os
2773 3184 2927 3232 tuum
2965 3178 3327 3249 loquebatur;
3352 3196 3510 3238 mens

1922 3276 2054 3318 vero
2114 3262 2344 3330 lenora,
2404 3275 2765 3336 contractus,
2826 3274 3199 3339 commercia,
3276 3275 3507 3346 praedia,

1922 3354 2188 3425 pecunias
2223 3358 2570 3415 numerabat.
2598 3358 2861 3416 Diabolus
2894 3361 3195 3433 siquidem,
3224 3365 3351 3435 quia
3388 3380 3508 3421 ma-

1921 3446 2104 3516 lignus
2133 3457 2240 3517 est,
2298 3466 2513 3523 nosque
2541 3453 2685 3510 inter
2726 3454 3001 3510 orandum
3033 3456 3209 3512 multa
3242 3458 3508 3528 perlicere

1920 3540 2092 3607 novit,
2138 3550 2271 3598 tunc
2315 3544 2369 3599 in
2407 3560 2507 3601 nos
2559 3545 2791 3605 invadit.
2822 3547 3021 3620 Supini
3060 3564 3205 3621 saepe
3228 3550 3504 3622 jacemus,

1917 3644 1973 3689 et
2010 3636 2147 3691 nihil
2190 3639 2505 3710 cogitando,
2546 3642 2844 3713 tranquilla
2894 3652 3077 3700 mente
3116 3644 3501 3702 consistimus.

1915 3729 2271 3787 Accessimus
2298 3734 2533 3797 oraturi,
2570 3736 2869 3806 statimque
2905 3747 3177 3793 sexcenta:
3209 3738 3505 3810 cegitatio-

1915 3834 2015 3874 nes
2046 3820 2331 3894 ingruunt,
2369 3832 2430 3878 ut
2458 3838 2560 3880 nos
2583 3825 2675 3879 ille
2702 3840 2907 3887 vacuos
2931 3828 3191 3898 expellat.
3224 3828 3353 3886 llaec
3373 3845 3501 3886 cum

1917 3910 2027 3967 tuis
2069 3910 2122 3965 in
2152 3913 2494 3970 orationibus
2545 3915 2777 3981 sentias,
2839 3918 3058 3975 intuere
3104 3919 3499 3977 Chananaeam.

1911 4006 2015 4061 Ast
2061 4006 2224 4064 filiam
2266 4024 2294 4063 a
2345 4008 2598 4066 dannone
2649 4020 2906 4067 vexatam
2946 4027 3057 4068 non
3109 4013 3301 4070 babes.
3358 4013 3499 4079 Quid

1910 4100 2423 4160 dixitCltanana’a?
2461 4103 2715 4161 Miserere
2762 4108 2863 4161 mei
2903 4122 2923 4164 .'
2972 4108 3091 4176 ﬁlia
3143 4124 3258 4162 mea
3304 4109 3499 4163 malea

1912 4197 2174 4253 daemonio
2205 4196 2371 4271 470
2400 4208 2692 4271 torquetur.
2715 4199 2946 4272 Magnus
2969 4200 3179 4256 daemon
3204 4208 3286 4257 est.
3311 4216 3500 4273 pecca-

1911 4298 2050 4345 tum.
2087 4289 2191 4357 Qui
2238 4291 2531 4347 obsidetur
2581 4307 2611 4346 a
2660 4293 2933 4358 daemone,
2992 4294 3339 4351 miserationi
3388 4304 3499 4361 est,

1911 4385 2059 4453 odio,
2094 4383 2188 4458 qui
2226 4394 2435 4456 peccat.
2478 4389 2573 4445 llle
2606 4389 2822 4444 veniam
2856 4390 3093 4453 obtinet,
3135 4389 3227 4445 hic
3272 4405 3501 4448 excusa-

1911 4480 2061 4535 tione
2108 4487 2283 4536 caret.
2337 4479 2593 4537 Miserere
2640 4482 2760 4537 mei.
2808 4482 3076 4555 Exiguum
3120 4483 3390 4549 verbum;
3440 4494 3498 4541 at

1912 4573 2271 4646 benignitatis
2323 4585 2406 4629 est
2438 4576 2685 4647 pelagus.
2738 4574 2840 4631 Ubi
2887 4578 3032 4632 enim
3091 4577 3493 4647 misericordia,

1913 4665 2024 4720 illic
2044 4664 2228 4719 omnia
2258 4664 2401 4720 bona
2435 4674 2585 4721 sunt.
2609 4666 2719 4723 Etsi
2746 4676 2900 4723 extra
2936 4666 3201 4739 templum
3230 4669 3492 4731 versaris,

1910 4759 2274 4831 nihilominus
2293 4760 2490 4828 clama,
2508 4770 2562 4815 et
2584 4760 2673 4817 dic
2704 4780 2718 4817 :
2751 4760 3009 4818 Miserere
3032 4762 3167 4830 mei;
3205 4777 3313 4816 non
3344 4761 3493 4816 labra

1908 4870 2157 4917 movens,
2195 4856 2291 4911 sed
2340 4864 2527 4911 mente
2575 4855 2872 4913 clamitans
2908 4874 2921 4913 :
2963 4871 3089 4911 nam
3142 4868 3196 4912 et
3247 4864 3493 4912 tacentes

1908 4949 2062 5006 audit
2116 4949 2282 5007 Deus.
2328 4948 2449 5005 Non
2498 4951 2762 5021 quaeritur
2816 4950 2992 5017 locus,
3038 4947 3232 5005 modus
3268 4948 3491 5005 sullicit.

1906 5041 2176 5100 .lercmias
2226 5059 2282 5097 in
2332 5058 2494 5099 coeno
2542 5054 2679 5107 erat,
2723 5055 2775 5099 et
2810 5042 2957 5099 Deus
3015 5042 3192 5113 ipsum
3230 5041 3491 5099 extraxit.

1907 5136 2101 5193 Daniel
2132 5136 2186 5191 in
2220 5137 2340 5192 lacu
2379 5138 2625 5200 leonum,
2683 5147 2736 5192 et
2794 5135 2967 5191 Deum
3018 5134 3257 5208 placavit
3312 5151 3326 5189 :
3377 5144 3495 5192 tres

1906 5230 2065 5303 pueri
2124 5230 2180 5285 in
2240 5228 2465 5284 fornace
2521 5236 2702 5295 erant,
2754 5236 2809 5284 et
2868 5227 3037 5284 Deum
3093 5232 3489 5282 exoraverunt.

1905 5323 2074 5379 Latro
2111 5322 2165 5377 in
2197 5335 2423 5376 crucem
2464 5329 2623 5376 actus
2675 5330 2816 5386 erat,
2850 5334 2949 5375 nec
2990 5326 3173 5374 tamen
3216 5332 3351 5373 crux
3389 5315 3493 5370 im-

1906 5416 2222 5487 pedimento
2244 5414 2369 5481 fuit,
2390 5414 2523 5485 quin
2552 5413 2732 5484 petius
2774 5411 3093 5483 paradisum
3130 5410 3369 5483 aperuit.
3389 5406 3492 5463 Job

1907 5509 1963 5563 in
1998 5505 2343 5580 sterquilinio
2386 5504 2647 5571 sedebat,
2700 5503 2983 5573 Deumque
3022 5502 3127 5558 sibi
3185 5501 3488 5572 propitium

1906 5602 2166 5661 reddidit.
2204 5599 2531 5671 Ubicunque
2558 5596 2755 5659 tueris,
2796 5612 2913 5652 ora.
2948 5594 3063 5651 Etsi
3096 5610 3281 5650 coram
3303 5593 3492 5665 judice

1903 5698 2139 5763 sisteris,
2176 5708 2295 5750 ora.
2330 5691 2450 5747 Etsi
2492 5690 2660 5763 judex
2700 5690 2983 5753 irascitur,
3032 5703 3151 5743 ora.
3208 5686 3253 5741 Δ
3309 5686 3490 5740 fronte

1904 5798 2024 5849 erat
2055 5801 2224 5851 mare,
2255 5799 2283 5840 a
2320 5792 2474 5855 tergo
2504 5780 2752 5854 Egyptii
2794 5780 3230 5853 insequebantur
3265 5796 3279 5833 :
3313 5776 3489 5832 inter-

1909 5884 2121 5944 medius
2153 5878 2368 5951 Moyses
2400 5883 2539 5937 erat.
2568 5876 2748 5935 Multae
2774 5890 2966 5949 preces
2998 5874 3052 5931 in
3085 5871 3360 5945 angustia,
3392 5867 3485 5927 sed

3092 5966 3165 6030 46
