3930 6248
255 341 396 412 1153

1513 354 1753 422 SACRA
1793 360 2268 425 PARALLELA.

3379 358 3519 430 1454

317 465 382 520 Ei
425 461 720 529 πλεονάκις
773 463 1138 540 ὼφελήθημεν
1193 466 1350 541 ἀνδρὶ
1399 468 1592 542 ἀγαθῷ
1621 487 1824 526 συντυ-

2001 471 2061 531 Sl
2098 489 2166 530 ex
2207 473 2369 546 probi
2413 473 2516 532 viri
2558 489 2863 549 congressu
2918 489 3167 548 persaepe
3220 474 3519 534 utilitatem

247 559 456 630 χόντες,
479 556 687 631 πηλίκα
702 558 1076 631 κερδανοῦμεν
1103 560 1228 619 καθ’
1255 560 1469 636 ἡμέραν
1488 564 1586 619 καὶ
1606 563 1838 637 νύκτωρ

245 650 766 724 προσδιαλεγόμενοι
797 652 865 708 δι’
904 653 1098 726 εὐχῆς,
1129 653 1582 731 καὶ’ψαλμῳδίας
1617 656 1698 731 τῷ
1727 660 1825 714 As-

245 745 420 816 σπότῃ
441 743 551 799 τῶν
581 745 722 809 ὅλων
742 747 756 802 l

316 838 392 892 Οὐ
422 839 485 892 τὸ
510 839 675 912 τυχὸν
703 841 932 912 ἀγαθὸν,
961 843 1098 899 ἀλλὰ
1127 844 1221 899 καὶ
1245 844 1388 916 ἄγαν
1425 845 1572 918 μέγα
1595 847 1657 903 τὸ
1686 849 1825 904 πάν-

241 948 366 986 τοτε
388 931 480 988 διὰ
504 932 606 1005 τῆς
633 933 870 1002 ἱκετείας
899 937 1127 1004 ἑαυτοὺς
1166 938 1245 1011 τῷ
1277 939 1554 1014 κρείττονι
1585 944 1828 1017 παρατί-

243 1023 456 1083 θεσθαι.

316 1119 393 1176 υύ
423 1120 621 1195 μικρὸν
665 1123 780 1188 τοῖς
826 1121 1131 1197 ἐλαχίστοις
1185 1127 1280 1183 καὶ
1307 1126 1371 1182 τὸ
1417 1129 1551 1202 μίαν
1586 1129 1828 1204 βαθμίδα

243 1212 345 1287 τῆς
377 1213 494 1271 τῶν
520 1214 734 1288 ἀρετῶν
767 1215 1038 1291 κλίμακος
1069 1219 1357 1294 ἀναθῆναι,
1394 1223 1491 1278 καὶ
1520 1223 1657 1291 τέως
1713 1226 1827 1282 ἄνω

243 1307 503 1378 γενέσθαι
535 1307 637 1380 τῆς
663 1309 789 1381 γῆς.

311 1401 601 1475 Τόλμησον
630 1402 954 1476 προσελθεῖν
990 1405 1134 1478 μετὰ
1176 1407 1461 1482 κλαυθμοῦ
1484 1410 1562 1484 τῷ
1586 1412 1829 1487 οὐρανίῳ

242 1495 528 1569 ἀρχιάτρῳ
570 1493 767 1570 Ἰησοῦ,
796 1499 892 1554 καὶ
936 1499 1116 1555 πάντα
1146 1502 1244 1574 τῆς
1282 1501 1462 1576 ψυχῆς
1494 1503 1830 1578 ἀπογυμνῶ-

246 1603 340 1642 σαι
365 1586 436 1642 τὰ
457 1586 770 1662 τραύματα.
799 1588 966 1646 Οὐδὲν
997 1591 1109 1667 γαρ
1146 1591 1213 1647 ἃν
1239 1595 1326 1666 εἴη
1358 1595 1552 1664 πάθος,
1577 1597 1716 1671 ὅπερ
1750 1598 1828 1672 μὴ

246 1677 425 1750 ίσχύει
445 1678 787 1754 θεραπεῦσαι
811 1682 1048 1755 Χριστὸς
1078 1685 1106 1738 6
1147 1685 1687 1756 φιλανθρωπότατος.

1929 568 2272 645 accepimus,
2316 563 2586 641 quantum
2626 569 2850 626 tandem
2897 579 3176 642 quaestum
3231 571 3518 652 iaciemus,

1930 669 2100 718 noctu
2132 661 2339 735 diuque
2369 677 2468 736 per
2500 662 2812 722 orationem
2865 674 2923 723 et
2975 665 3347 750 psalmodiam
3394 681 3522 723 cum

1931 751 2045 810 Deo
2080 754 2495 831 colloquentes!
3482 752 3484 755 ’

1997 843 2120 904 Non
2163 847 2409 921 vulgare,
2461 847 2563 907 sed
2615 864 2975 928 permagnum
3039 851 3243 908 bonum
3298 859 3384 910 est
3428 866 3526 923 per

1929 941 2236 999 orationem
2263 941 2378 1000 Deo
2403 956 2622 1016 semper
2653 956 2714 1000 se
2749 943 3162 1001 commendare.

2002 1113 2120 1172 Non
2177 1132 2407 1189 parvum
2462 1125 2551 1174 est
2599 1116 2804 1176 inﬂatis
2856 1118 3177 1176 hominibus
3228 1119 3313 1176 vel
3353 1135 3520 1176 unum

1931 1211 2124 1270 Saltem
2155 1212 2384 1285 gradum
2439 1211 2600 1270 scala:
2643 1212 2915 1270 virtutum
2967 1212 3312 1280 ascendisse,
3356 1224 3524 1286 atque

1931 1306 2008 1361 ita
2040 1320 2206 1382 supra
2238 1314 2440 1364 terram
2472 1323 2533 1365 se
2560 1307 2881 1366 sustulisse.

2001 1399 2142 1456 Cum
2175 1400 2328 1458 luctu
2373 1410 2429 1458 et
2462 1401 2727 1475 lacrymis
2759 1403 2828 1459 ad
2868 1404 3154 1462 cmlestem
3191 1405 3343 1461 illum
3369 1419 3522 1462 sum-

1932 1505 2196 1564 mumque
2248 1494 2526 1550 medicum
2588 1490 2778 1550 Iesum
2833 1509 2904 1550 ne
2950 1493 3168 1553 dubites
3221 1494 3522 1559 accedere,

1933 1588 2229 1662 omniaque
2261 1591 2369 1664 ipsi
2397 1591 2598 1649 anima:
2628 1586 2738 1650 tuae
2783 1593 3016 1649 vulnera
3061 1592 3302 1666 aperire.
3338 1592 3524 1665 Neque

1932 1677 2078 1733 enim
2107 1681 2334 1737 morbus
2366 1681 2512 1738 ullus
2540 1696 2665 1739 esse
2682 1691 2871 1755 queat,
2895 1696 3057 1755 quem
3085 1683 3523 1742 humanissimus

1935 1769 2027 1826 ille
2055 1769 2310 1830 Christus
2345 1788 2456 1830 non
2488 1773 2770 1848 dispellat.

318 1862 460 1929 Τοὺς
487 1860 775 1934 σκώληκας
800 1863 900 1937 τῆς
936 1863 1177 1931 διανοίας
1229 1867 1577 1937 ἐξαφανίζων
1629 1869 1830 1926 σπεῦδε

2010 1860 2242 1924 Vermes
2272 1866 2441 1922 animi
2473 1847 2916 1939 perorationem
2944 1877 2999 1926 et.
3033 1868 3309 1942 jejunium
3338 1869 3524 1927 inten-

243 1952 316 2007 δι’
345 1952 536 2025 εὐχῆς,
563 1951 660 2013 καὶ
682 1952 962 2026 νηστείας,
990 1955 1084 2010 καὶ
1113 1955 1428 2028 ἀγρυπνίας
1457 1960 1698 2018 εὐτόνου.

316 2045 395 2102 Εὖ
432 2045 568 2115 ἴσθι,
597 2046 697 2102 καὶ
719 2048 800 2113 είς
828 2046 890 2102 τὸ
923 2050 1104 2120 γῆρας
1134 2050 1266 2105 αὐτὸ
1302 2051 1644 2127 ἐληλακότας
1677 2059 1832 2126 τινὰς

243 2137 516 2213 ἔγνωμεν,
545 2140 616 2196 δι’
641 2130 807 2216 εὐχῆς
830 2145 926 2200 καὶ
957 2143 1176 2211 ἐλπίδος
1209 2144 1471 2219 μέγιστον
1498 2147 1832 2222 λελογχότας

242 2233 578 2307 ιπουρανίου
606 2235 976 2311 χαρίσματος.

321 2328 490 2384 Οὐδὲν
515 2329 800 2397 παντελῶς
830 2331 1226 2399 ἀντιτάξασθαι
1259 2333 1486 2392 δύναται
1511 2337 1589 2416 τῷ
1616 2339 1831 2416 Κυρίῳ,

241 2424 307 2479 ού
340 2422 554 2500 χρόνος,
585 2423 648 2481 οὐ
679 2423 869 2495 τόπος,
915 2428 975 2482 οὐ
1006 2429 1268 2501 πρᾶγμα,
1314 2429 1377 2484 ού
1419 2429 1669 2501 διάϐολος
1705 2435 1836 2511 βρέ-

245 2535 390 2590 μων,
416 2517 480 2574 ob
503 2517 761 2593 δαίμονες
791 2519 1185 2596 πολεμοῦντες,
1209 2523 1312 2578 οὐκ
1348 2525 1602 2582 ἀσθένεια
1624 2528 1834 2607 ψυχικὴ

241 2615 277 2686 ἢ
307 2614 620 2688 σωματικὴ,
647 2616 712 2670 οὗ
750 2617 1029 2690 λογισμῶν
1052 2616 1398 2692 στειρὼσεις,
1424 2621 1488 2677 οὐ
1517 2623 1687 2696 νόμος
1732 2643 1833 2698 με-

239 2708 355 2764 λῶν
385 2710 587 2783 σαρκός
613 2727 675 2766 τε
700 2712 797 2766 καὶ
818 2705 1178 2785 αἴματος,“ὧν
1224 2719 1648 2791 κατακαυχᾶται
1673 2720 1703 2774 ti
1726 2722 1835 2777 Σα-

238 2801 413 2866 τανᾶς
433 2801 530 2856 καὶ
562 2800 801 2874 δράκων,
827 2801 857 2856 ὁ
885 2803 986 2875 τὴν
1032 2803 1190 2876 ίσχῦν
1247 2801 1337 2858 ἐπ’
1387 2805 1592 2877 ὀσφύος
1625 2825 1830 2883 κεκτη-

241 2894 434 2967 μένος,
465 2891 565 2968 τὴν
593 2895 650 2949 δὲ
675 2893 907 2968 δύναμιν
932 2895 1100 2952 αὐτοῦ
1117 2898 1217 2969 τὴν
1241 2898 1451 2973 μεστὴν
1475 2899 1830 2974 βδελυγμίας,

239 2990 335 3046 ἐπ’
381 2990 632 3063 ὀμφαλοῦ
668 2989 768 3061 τῆς
797 2991 1038 3063 γαστρός
1058 3009 1074 3024 ο
1107 2994 1208 3072 οὐχ
1251 2991 1370 3060 ἕξις
1396 2996 1633 3074 κακίστη
1667 2998 1836 3056 πολυ-

238 3079 428 3154 παθής
453 3097 469 3114 ·
497 3081 561 3138 οὐ
593 3084 855 3158 συνήθεια
884 3085 1157 3159 πολυετὴς
1191 3103 1254 3148 τε
1286 3089 1381 3148 καὶ
1412 3087 1652 3165 χρόνιος.

1939 1962 2160 2030 tamque
2191 1959 2436 2032 vigiliam
2469 1961 2664 2019 tollere
2692 1962 2763 2018 de
2802 1962 2986 2019 medio
3019 1961 3276 2020 festines.

2007 2049 2124 2109 Hoc
2168 2053 2376 2111 rescias
2408 2054 2595 2121 velim,
2632 2070 2721 2112 me
2766 2055 3036 2128 quosdam
3070 2057 3140 2114 ad
3181 2063 3525 2114 senectutem

1937 2163 2114 2219 usque
2146 2156 2440 2220 provectos
2471 2164 2657 2215 nosse,
2687 2149 2780 2223 qui
2817 2165 2914 2223 per
2949 2152 3261 2210 orationem
3293 2159 3349 2210 et
3372 2166 3526 2224 spem

1935 2240 2106 2297 robur
2135 2241 2432 2299 maximum
2470 2242 2738 2300 divinitus
2771 2245 3055 2302 consecuti
3086 2254 3238 2304 sunt.
3445 2263 3458 2286 '-

2007 2333 2153 2391 Niltil
2198 2349 2428 2407 prorsus
2454 2335 2568 2393 Deo
2615 2337 2882 2422 reluctari
2913 2347 3112 2411 potest,
3143 2354 3254 2395 non
3285 2345 3524 2412 tempus,

1939 2438 2047 2480 non
2083 2425 2260 2490 locus,
2294 2439 2406 2482 non
2444 2428 2724 2500 negotium
2763 2429 2962 2498 ttllum,
2990 2445 3101 2486 non
3143 2430 3384 2489 fremens
3405 2432 3528 2489 dia-

1937 2516 2116 2584 belus,
2162 2531 2271 2574 non
2310 2519 2698 2592 belligerantes
2739 2521 3043 2589 daemones,
3079 2536 3192 2579 non
3233 2522 3531 2586 inﬁrmitas

1923 2611 2110 2676 animi
2140 2612 2226 2670 vel
2265 2615 2541 2687 corporis,
2574 2631 2685 2673 non
2721 2616 2954 2676 rationis
2985 2617 3247 2690 privatio,
3302 2613 3412 2675 neu
3443 2617 3530 2675 lex

1938 2707 2122 2767 carnis
2151 2715 2208 2766 et
2239 2709 2634 2777 membrorum,
2691 2711 2893 2783 quibus
2941 2712 3168 2786 gloriari
3198 2713 3338 2770 solet
3372 2712 3533 2771 Sata-

1939 2815 2040 2858 nas
2071 2810 2126 2858 et
2170 2801 2359 2872 draco,
2410 2804 2568 2877 cujus
2599 2805 2748 2864 vires
2783 2805 2840 2862 in
2887 2806 3097 2866 lumbis
3140 2806 3263 2865 sitat
3290 2806 3430 2875 sint,
3474 2817 3531 2866 et

1939 2897 2112 2956 robur
2150 2898 2560 2956 abominatioue
2597 2899 2827 2978 plenum
2867 2900 2924 2962 in
2973 2898 3238 2964 umbilico
3275 2900 3531 2970 ventris;

1940 3008 2052 3049 non
2086 3008 2308 3056 rursum
2341 2994 2579 3052 vitiosus
2615 2994 3010 3068 multiplicium
3046 2995 3402 3056 all'ectionum
3433 2995 3533 3053 ba-

1942 3089 2114 3155 bitus,
2146 3102 2255 3146 non
2290 3087 2552 3152 diuturna
2588 3097 2759 3169 atque
2807 3087 3113 3146 inveterata
3162 3088 3531 3147 consuetudo.

314 3175 393 3230 οὔ
430 3177 818 3250 περιποιητέον
841 3178 973 3252 ἡμίν
994 3179 1120 3244 τοὺς
1144 3179 1480 3253 ἀρέσκοντας
1499 3181 1577 3255 τῷ
1598 3183 1830 3260 διαϐόλῳ

2012 3179 2203 3252 Ejusd.
2227 3212 2286 3224 --ι
2327 3179 2686 3254 Nequaquam
2709 3181 2870 3241 nobis
2901 3181 3148 3240 fovendae
3169 3181 3535 3260 cogitationes

236 3269 561 3344 λογισμοὺς,
589 3271 728 3328 ἀλλὰ
761 3272 1083 3345 ἀναιρετέον
1115 3276 1181 3349 τῇ
1213 3275 1310 3330 τοῦ
1339 3274 1489 3333 θείου
1513 3275 1683 3348 λόγου
1727 3296 1830 3334 πα-

1945 3284 2072 3333 sunt
2102 3290 2226 3349 quae
2253 3274 2477 3332 diabolo
2503 3275 2779 3349 placeant,
2813 3276 2907 3333 sed
2935 3274 3109 3334 divini
3150 3277 3305 3333 verbi
3346 3275 3534 3364 gladio

240 3363 510 3439 ραξιφίδι.

328 3463 387 3518 Ἠ
415 3461 587 3541 ψυχὴ
627 3461 818 3533 ἡμῶν,
864 3463 1055 3535 φησὶν,
1083 3463 1166 3532 ὡς
1211 3465 1542 3534 στρουθίον
1566 3465 1832 3539 ἐρῤὐσθη

236 3555 313 3638 ἐκ
336 3553 460 3627 τῆς,
478 3557 733 3638 παγίδος
764 3556 886 3613 τῶν
903 3558 1283 3630 mam-my
1303 3557 1596 3633 δαιμόνων.
1624 3561 1834 3638 Ὠσπερ

239 3635 356 3723 γὰρ
375 3648 444 3706 τὰ
473 3635 738 3724 στρουθία
765 3648 856 3706 διὰ
881 3650 981 3725 τῆς
1000 3650 1114 3707 τῶν
1140 3651 1362 3725 πτερῶν
1401 3652 1672 3728 κινήσεως
1701 3635 1832 3729 usr-

239 3742 416 3816 ἀρσια
444 3740 658 3820 γίνεται
706 3741 823 3806 ἄνω
855 3741 959 3817 τῆς
1009 3742 1134 3818 γῆς.
1186 3743 1333 3801 οὕτω
1366 3746 1461 3802 καὶ
1499 3745 1529 3801 ὁ
1572 3745 1834 3821 θεοσεϐὴς

239 3835 538 3911 ἄνθρωπος
580 3835 689 3897 ἀπὸ
717 3835 829 3893 τῶν
861 3837 1124 3910 ἐπιγείων
1153 3839 1294 3912 πρὸς
1319 3839 1390 3896 τὰ
1414 3840 1716 3915 ἐπουράνια
1744 3842 1834 3899 διὰ

241 3929 567 4006 προσευχῶν
593 3930 954 4007 μετατίθησιν
981 3933 1197 3992 ἑαυτὸν.

317 4026 363 4078 Τ
366 4025 430 4096 ὴν
457 4025 690 4098 δύναμιν
719 4026 992 4100 πληροῦτε
1022 4027 1125 4100 τῆς
1161 4031 1499 4104 προσευχῆς.
1552 4033 1693 4091 Ειτε
1723 4034 1834 4108 γὰρ

238 4120 497 4199 ἐσθίετε,
526 4121 714 4195 φησὶν,
738 4120 860 4177 εἶτε
879 4123 1107 4191 πίνετε,
1135 4123 1255 4178 εἴτε
1280 4126 1334 4180 τί
1362 4126 1604 4199 ποιεῖτε,
1637 4127 1837 4186 πάντα

237 4197 338 4286 ek;
355 4215 546 4283 δόξαν
563 4215 712 4273 Θεοῦ
734 4217 977 4275 ποιεῖτε.
993 4217 1383 4291 Καθεζόμενος
1406 4221 1501 4275 ἐπὶ
1524 4197 1834 4294 τραπέζης,

240 4309 584 4385 προσεύχου·
616 4311 1067 4386 προσφερόμενος
1099 4312 1194 4368 τὸν
1240 4313 1431 4385 ἄρτον,
1464 4315 1546 4389 τῷ
1575 4315 1830 4383 δεδωκότι

238 4404 348 4477 τὴν
371 4405 533 4478 χάριν
560 4403 908 4479 ἀποκλήρου.
941 4406 1229 4486 Παρῆλθεν
1275 4408 1310 4480 ἠ
1339 4408 1502 4482 χρεία
1531 4409 1641 4466 τῶν
1666 4407 1833 4486 ’βρωά

244 4497 438 4572 μάτων
465 4518 480 4564 ;
514 4499 547 4570 ἡ
575 4500 770 4572 μέντοι
810 4493 1008 4576 μνήμη
1036 4500 1130 4583 τοῦ
1183 4503 1482 4578 εὐεργέτου
1513 4503 1593 4578 μὴ
1617 4521 1822 4580 παρερ·

1936 3365 2309 3438 amputanda.

2009 3457 2200 3530 Ejusd.
2225 3489 2297 3506 --
2333 3461 2528 3523 Anima
2558 3470 2750 3526 nostra
2801 3461 2941 3520 sicut
2973 3477 3164 3534 passer
3206 3471 3391 3535 erepto
3428 3471 3529 3530 est,

1937 3555 2136 3627 inquit,
2171 3554 2236 3613 de
2267 3555 2457 3630 laqueo
2506 3555 2810 3614 venantium
2841 3553 3019 3628 (Paul.
3060 3568 3258 3624 cum,
3297 3555 3349 3630 7)
3374 3597 3390 3624 ,
3421 3554 3535 3613 dte-

1935 3662 2159 3704 monum
2194 3633 2428 3708 scilicet.
2454 3641 2613 3706 Velut
2650 3647 2798 3709 enitn
2838 3661 3096 3722 passeres
3125 3647 3244 3722 alas
3271 3648 3535 3720 agitando

1935 3756 2104 3814 supra
2137 3748 2345 3800 terram
2382 3757 2444 3800 se
2493 3741 2767 3807 eﬂerunt;
2831 3741 2914 3798 sic
2971 3755 3196 3816 quoque
3235 3740 3532 3814 religiosus

1938 3834 2099 3892 homo
2132 3835 2225 3908 qui
2261 3833 2354 3892 Dei
2390 3835 2574 3893 cultor
2611 3845 2716 3901 est,
2750 3849 2850 3907 per
2896 3834 3179 3892 orationes
3214 3850 3245 3890 a
3295 3836 3530 3893 terrenis

1935 3926 2003 3984 ad
2034 3930 2282 3987 coelestia
2315 3944 2377 3987 se
2409 3927 2699 3993 transfert.

2008 4023 2068 4082 S.
2107 4023 2282 4081 Basil.
2311 4023 2500 4082 Itomil.
2527 4024 2586 4081 in
2629 4023 2688 4082 S.
2721 4021 2884 4081 Julit.
2908 4023 3104 4080 —Vim
3134 4022 3402 4080 orationis
3429 4038 3530 4081 ex—

1936 4115 2104 4190 plete.
2139 4116 2262 4174 Siue
2290 4117 2438 4176 enim
2463 4117 2768 4184 comeditis,
2799 4117 3001 4190 inquit,
3042 4117 3148 4173 sive
3173 4116 3379 4186 bibitis,
3423 4119 3531 4182 sive

1935 4204 2062 4281 quid
2099 4209 2253 4265 aliud
2284 4209 2493 4281 facitis,
2524 4212 2707 4267 omnia
2733 4210 2899 4295 472
2930 4211 2985 4268 in
3028 4209 3260 4284 gloriam
3303 4211 3413 4295 Dei
3443 4211 3532 4281 fa-

1937 4299 2040 4356 cile
2073 4299 2128 4381 (1
2159 4299 2359 4370 Cor.x,
2389 4303 2502 4376 5i).
2534 4303 2671 4361 Cum
2703 4292 2951 4370 sedesin
2983 4319 3201 4372 mensa,
3231 4320 3368 4374 ora;
3399 4292 3527 4362 cum

1937 4412 2136 4471 panem
2167 4397 2361 4469 sumis,
2407 4399 2615 4472 gratias
2645 4416 2745 4474 age
2775 4401 2853 4462 illi
2881 4401 2974 4472 qui
3008 4401 3252 4479 largitus
3281 4409 3387 4460 est.
3416 4398 3528 4458 Ne-

1937 4491 2171 4556 cessitas
2201 4491 2453 4560 ciborum
2471 4489 2752 4555 transiit?
2781 4501 2838 4557 at
2867 4494 3124 4554 beneﬁcii
3158 4496 3234 4558 tui
3261 4497 3529 4561 memoria

237 4591 442 4666 χέσθω.
473 4590 581 4646 Τὸν
615 4590 823 4669 χιτῶνα
860 4592 1202 4666 ἐνδυόμενος,
1268 4593 1588 4668 εὐχαρίστει
1629 4594 1708 4672 τῷ
1751 4595 1830 4652 δε-

1945 4603 2052 4654 non
2079 4596 2348 4654 transeat.
2372 4589 2508 4655 Cum
2543 4590 2786 4654 tunicam
2827 4591 3035 4658 induis,
3060 4590 3312 4654 donatori
3344 4605 3531 4671 grates

235 4685 459 4742 ὂωκότι.
488 4685 562 4739 Τδ
585 4685 802 4757 ἱμάτιον
831 4678 1317 4759 περιϐαλλόμενος,
1341 4687 1582 4762 αὔξησον
1610 4690 1712 4762 τὴν
1743 4691 1826 4758 si;

237 4782 377 4837 Θεὸν
403 4779 650 4853 ἀγάπην,
677 4779 738 4850 ὃς
783 4781 880 4836 καὶ
917 4781 1171 4855 χειμῶνι,
1206 4784 1302 4839 καὶ
1335 4783 1487 4858 θέρει
1539 4786 1828 4860 ἐπιτήδεια

238 4877 378 4952 ⁴ἡμῖν
422 4869 791 4950 σκεπάσματα
836 4876 1154 4951 ἐχαρίσατο,
1213 4879 1314 4949 τήν
1369 4895 1429 4934 τε
1464 4878 1612 4949 ζωὴν
1668 4880 1825 4953 ἡμῶν

238 4971 643 5047 συντηροῦντα,
663 4974 758 5026 καὶ
780 4973 850 5026 τὸ.
864 4971 1113 5044 ἄσχημον
1133 4971 1582 5045 περιστέλλοντα.
1626 4974 1828 5048 Ἐπλη-

236 5069 399 5148 ρώθη
427 5071 460 5141 ὴ
495 5066 713 5143 ἡμέρας
739 5067 1055 5140 εὐχαρίστει
1086 5066 1165 5140 τῷ
1200 5067 1292 5124 τὸν
1326 5067 1481 5140 ἥλιον
1508 5069 1592 5135 είς
1616 5070 1831 5145 ὑπηρε-

232 5157 370 5224 σίαν
393 5165 504 5227 τῶν
523 5162 800 5238 ἡμερινῶν
825 5162 1003 5234 ἔργων
1033 5163 1389 5236 χαρισαμένῳ
1427 5165 1585 5238 ἡμῖν,
1618 5163 1730 5238 πῦρ
1768 5165 1828 5220 δὲ

233 5257 653 5334 πρασχομένῳ
677 5255 772 5312 τοῦ
807 5248 1067 5328 φωτίζειν
1095 5255 1195 5330 τὴν
1225 5255 1422 5323 νύκτα,
1447 5257 1544 5316 καὶ
1579 5259 1702 5322 ταῖς
1722 5255 1832 5314 λοι-

232 5355 376 5418 παῖς
407 5350 619 5426 χρείαις
662 5353 784 5416 ταῖς
815 5349 960 5419 κατὰ
991 5349 1084 5406 τὸν
1134 5348 1250 5422 βίον
1303 5349 1621 5423 ὑπηρετεῖν.
1657 5350 1828 5408 Ὅταν

234 5437 555 5516 ἀνασλέψῃς
586 5443 724 5516 πρὸς
751 5441 1004 5515 οὐρανὸν,
1032 5441 1130 5498 καὶ
1155 5441 1296 5515 πρὸς
1327 5440 1396 5496 τὰ
1429 5441 1540 5496 τῶν
1577 5441 1828 5514 ἀστέρων

235 5540 563 5612 ενατενίσῃς
590 5537 787 5610 κάλλη,
818 5520 1128 5610 ⁴ιίροσεύχου
1163 5535 1243 5610 τῷ
1270 5537 1522 5611 Δεσπὸτη
1541 5535 1656 5593 τῶν
1687 5539 1830 5610 ὁρω-

242 5636 446 5712 μένων,
479 5634 579 5694 καὶ
620 5619 920 5711 προσκύγει
957 5630 1051 5686 τὸν
1106 5630 1499 5705 ἁριστοτέχνην
1545 5630 1656 5713 τῶν
1685 5631 1826 5686 ὅλων

236 5730 398 5800 θεὸν,
435 5729 496 5797 ὃς
521 5731 580 5787 ὲν
603 5726 766 5803 σοφίᾳ
791 5727 860 5784 τὰ
888 5726 1064 5783 πάντα
1084 5725 1362 5798 ἐποίησεν.

313 5924 486 5980 Ὅταν
523 5920 653 5996 περί
677 5934 819 5988 τινος
849 5869 1057 5986 ἀγαθοῦ
1103 5909 1493 5992 παρακαλέσῃς
1527 5905 1616 5965 τὸν
1664 5904 1822 5978 Θεὸν,

1930 4681 2094 4740 habe.
2121 4682 2256 4741 Cum
2288 4694 2340 4742 te
2369 4693 2523 4743 veste
2567 4683 2803 4760 obtegis,
2853 4685 2940 4743 l'ac
2986 4696 3113 4744 tuus
3159 4703 3290 4761 erga
3341 4687 3512 4746 Deum

1930 4790 2086 4838 amor
2116 4784 2365 4845 crescat,
2403 4781 2496 4854 qui
2533 4779 2859 4837 indumenta
2917 4789 2974 4838 et
3005 4781 3210 4853 aestati,
3250 4789 3307 4841 et
3352 4782 3516 4843 hiemi

1929 4875 2344 4939 accommodata
2365 4875 2528 4939 nobis
2544 4874 2802 4948 praebuit,
2828 4876 3034 4948 quibus
3054 4891 3181 4935 cum
3203 4877 3314 4935 vita
3331 4885 3516 4934 nostra

1930 4976 2308 5034 conservatur,
2353 4977 2470 5032 tum
2517 4969 2832 5029 obscenitas
2892 4980 3086 5035 nostra
3140 4970 3362 5042 tegitur.
3396 4966 3527 5024 Dies

1932 5077 2071 5135 pene
2113 5061 2338 5124 illuxit?
2373 5061 2423 5118 ei
2457 5062 2692 5135 gratiam
2729 5062 2875 5120 habe
2901 5062 3001 5135 qui
3039 5062 3224 5130 nobis,
3253 5067 3308 5118 et
3354 5061 3525 5118 solem

1929 5156 1998 5210 ad
2036 5154 2360 5215 diurnorum
2393 5170 2622 5228 operum
2647 5155 3044 5221 ministerium,
3070 5162 3128 5212 et
3166 5155 3370 5234 ignem.
3405 5161 3524 5210 tum

1931 5248 1998 5310 ad
2029 5247 2414 5309 illustrandam
2450 5256 2695 5318 noctem,
2721 5255 2840 5305 tum
2879 5249 2948 5306 ad
2997 5247 3241 5318 reliquas
3271 5247 3399 5304 vitae
3428 5263 3526 5303 ne-

1930 5343 2221 5401 cessitates
2273 5341 2581 5414 explendas
2619 5342 2921 5400 concessit.
2974 5340 3095 5398 Nox
3131 5357 3328 5399 rursus
3383 5340 3528 5403 alias

1920 5434 2192 5508 precandi
2226 5436 2490 5492 materias
2518 5435 2850 5517 suppeditet.
2881 5434 3017 5494 Cum
3052 5435 3108 5491 in
3144 5435 3346 5493 omium
3387 5449 3523 5492 ocuv

1934 5531 2017 5587 los
2047 5530 2276 5600 attollis,
2320 5544 2385 5594 ac
2413 5530 2658 5590 siderum
2687 5527 3156 5604 pulchritudinem
3192 5527 3398 5597 cernis,
3423 5543 3526 5586 ora

1932 5622 2225 5684 Dominum
2271 5639 2464 5688 eorum
2513 5640 2638 5697 qua:
2688 5623 2989 5691 contuleris,
3023 5633 3077 5688 et
3130 5623 3516 5700 praestantissi.

1934 5730 2082 5772 mum
2134 5716 2379 5776 omnium
2435 5727 2617 5773 rerum
2655 5716 2920 5775 artiﬁcem
2955 5715 3152 5783 Deum,
3204 5714 3298 5790 qui
3333 5713 3521 5774 omnia

1935 5810 2211 5882 sapienter
2246 5807 2510 5876 condidit,
2553 5811 2760 5884 adora,

2008 5901 2067 5969 δ.
2100 5900 2238 5965 Nili.
2275 5933 2344 5947 -
2383 5901 2522 5962 Cum
2567 5903 2700 5962 boni
2751 5900 3060 5976 cuiuspiam
3121 5915 3289 5960 causa
3344 5903 3516 5958 Deum
