4020 6262
479 338 616 405 1455

1665 335 1728 397 S.
1755 333 2077 401 IOANNIS
2115 333 2550 397 DAMASCENI

3602 329 3721 394 1456

471 457 757 519 obsecras,
792 466 894 508 nec
927 459 980 507 te
1031 449 1122 506 ille
1156 450 1340 507 statim
1373 449 1617 517 exaudit,
1664 466 1737 510 ne
1764 456 2058 522 pr0pterea

2179 449 2257 504 ιαὶ
2289 449 2366 522 μὴ
2397 449 2700 524 είσακούσῃ
2730 466 2824 504 σου
2859 450 3199 522 παραυτίκα,
3249 449 3328 523 μὴ
3375 449 3721 526 ὀλιγωρήσῃς,

474 550 716 617 fatiscas,
764 555 860 602 aut
903 545 1103 619 pusillo
1159 543 1489 614 abjectoque
1541 542 1729 598 animo
1773 543 1872 600 sis.
1922 540 2061 598 Fre-

469 652 706 712 quenter
727 637 872 695 enim
903 637 957 694 id
990 636 1135 709 quod
1160 635 1427 707 postulas,
1455 634 1512 690 itt
1547 649 1791 706 praesens
1817 634 1918 689 tibi
1949 649 2059 691 non

471 732 752 791 conducit.
783 730 992 798 Omnis,
1017 728 1216 801 inquit,
1240 727 1332 797 qui
1358 728 1484 796 petit
1508 727 1697 796 accipit
1719 724 1938 798 (Matth.
1963 741 2057 795 vn,

471 828 547 897 8).
576 828 650 882 ita
678 827 898 882 demum
934 831 1116 879 autem
1150 821 1376 892 accipit,
1405 820 1455 876 si
1486 819 1576 876 illa
1604 828 1758 891 petat
1787 835 1910 893 quae
1943 819 2062 876 ani-

471 934 576 973 ma:
611 932 725 972 suae
759 912 1127 971 conducibilia
1167 912 1303 967 sint.

544 1009 735 1082 Ejusd.
769 1039 838 1050 —
865 1007 1013 1063 inter
1039 1006 1333 1070 orandum,
1368 1020 1471 1064 nec
1505 1021 1660 1078 opes,
1689 1019 1791 1061 nec
1831 1019 2063 1076 prospe-

472 1121 588 1162 ram
616 1101 1005 1167 valetudinem,
1034 1115 1136 1157 nec
1166 1099 1408 1156 hostium
1444 1099 1708 1155 ultionem
1746 1106 1937 1170 petas;
1968 1095 2061 1152 sed

471 1215 535 1253 ea
576 1198 844 1254 duntaxat
892 1209 1017 1266 qua:
1075 1192 1144 1248 ad
1207 1194 1404 1248 animae
1446 1193 1682 1249 salutem
1740 1191 2064 1261 adiumento

473 1292 607 1346 sint.

544 1385 680 1439 Cum
720 1381 862 1436 male
886 1388 940 1436 et
968 1380 1133 1434 noxie
1166 1376 1371 1448 aliquid
1399 1375 1563 1446 petis,
1602 1373 1801 1429 similis
1833 1369 2064 1429 eﬂiceris

475 1477 685 1534 homini
719 1475 868 1530 febre
919 1473 1219 1537 laboranti,
1260 1471 1360 1542 qui
1397 1469 1557 1524 enixe
1591 1467 1794 1538 rogitet
1842 1475 1899 1522 ut
1957 1466 2064 1524 sibi

475 1575 664 1628 vinum
735 1569 1071 1642 porrigatur.
1120 1565 1264 1622 Deus
1295 1581 1444 1626 vero,
1483 1563 1574 1635 qui
1637 1563 2064 1634 futuna'prospi-

478 1667 572 1732 cit,
609 1663 889 1735 cupiditati
949 1669 1055 1716 tum
1111 1673 1319 1714 morem
1355 1674 1460 1713 non
1524 1656 1694 1728 gerit,
1755 1669 1860 1710 nec
1916 1652 2066 1726 quod

476 1759 642 1813 stulte
671 1754 940 1826 postulas,
967 1753 1213 1824 largitur.

2162 543 2300 614 μηδὲ
2331 542 3073 617 μικροψυχήσῃςρῐῖολλάκις
3101 545 3211 617 γάρ
3237 544 3371 615 πρὸς
3397 543 3458 598 τὸ
3478 546 3649 617 παρὸν
3669 548 3723 602 οὐ

2162 636 2434 711 συμφέρει
2465 654 2547 695 σοι
2575 637 2639 692 τδ
2688 636 2916 709 αἴτημα.
2961 635 3088 705 Πᾶς
3123 639 3156 692 ό
3205 636 3392 693 (λιτῶν
3432 638 3724 710 λαμϐάνει,

2163 731 2318 803 φησί.
2354 729 2640 804 Λαμῦἀνει
2671 729 2749 798 δὲ,
2786 731 2946 805 εἴπερ
2975 729 3166 804 ζητοίη
3190 729 3259 786 τά
3291 732 3638 804 συμφέροντα
3669 735 3728 805 τῇ

2161 823 2330 897 ψυχῇ·

2233 1005 2326 1080 Μὴ
2357 1005 2589 1062 πλοῦτον
2623 1008 2683 1062 ὲν
2712 1009 2989 1080 προσευχῇ
3022 1005 3287 1080 ζητήσῃς,
3326 1007 3400 1081 μὴ
3432 1007 3638 1078 ὑγείαν,
3668 1009 3734 1081 μὴ

2163 1099 2272 1157 τῶν
2303 1098 2514 1172 ὲχθρῶν
2562 1100 2800 1172 ἄμυναν,
2855 1100 2932 1184 μὴ
2981 1101 3143 1169 δόξαν
3192 1101 3576 1172 ἀνθρωπίνην,
3615 1102 3740 1157 ἀλλά

2168 1193 2328 1265 μόνον
2358 1192 2426 1248 τὰ
2449 1193 2810 1249 συντελοῦντα
2839 1194 2979 1267 πρὸς
3032 1194 3312 1266 σωτηρίαν
3339 1194 3545 1268 ψυχῆς.

2248 1370 2377 1428 Ἐὰν
2432 1371 2619 1436 κακῶς
2651 1371 2748 1426 καὶ
2798 1370 3137 1444 ἀξυμφὸρως
3184 1373 3381 1438 αίτεῖς,
3437 1372 3686 1447 καθάπερ
3715 1374 3741 1423 ὁ

2176 1465 2468 1537 πυρέττων
2519 1465 2810 1537 ἄνθρωπος
2853 1466 3166 1538 παρακαλεῖ
3230 1469 3543 1540 παρασχεῖν
3605 1467 3743 1538 αὑτῷ

2165 1551 2333 1624 οἶνον,
2364 1557 2730 1631 προσόλέπων
2762 1559 2790 1612 ὁ
2833 1557 2966 1624 Θεὸς
2991 1557 3060 1612 τὰ
3097 1557 3385 1628 μέλλοντα,
3415 1559 3479 1614 ού
3526 1561 3668 1614 ποιεῖ
3690 1559 3746 1612 τὸ

2168 1651 2384 1726 θέλημά
2411 1669 2505 1706 σου
2532 1667 2545 1681 ·
2578 1651 2640 1707 οὐ
2664 1650 2895 1724 παρέχει
2931 1650 3031 1724 τὴν
3062 1651 3349 1722 ἀλόγιστον
3381 1654 3624 1726 αἴτησιν.

545 1849 607 1906 S.
641 1847 834 1903 Euseb.
862 1877 932 1891 --
951 1847 1253 1902 Proditoris
1283 1845 1434 1899 Judae
1466 1844 1841 1907 recordemur,
1865 1850 1924 1897 ut
1956 1856 2064 1896 non

2242 1833 2588 1906 Μνησθῶμεν
2616 1833 2712 1888 τοῦ
2748 1832 3013 1904 προδότου
3073 1832 3268 1898 Ἰούδα,
3301 1833 3396 1887 καὶ
3420 1833 3500 1905 μὴ
3533 1833 3749 1899 ἐξέλθω-

472 1959 536 1997 cx
562 1943 794 1997 ecclesia
831 1941 1023 2016 pedem
1075 1939 1403 1997 referamus.
1438 1938 1555 1992 lloc
1605 1937 1750 1992 enim
1784 1936 1862 1994 illi
1890 1937 2066 1993 ruina:

473 2035 687 2090 initium
721 2035 844 2098 fuit,
867 2033 1011 2105 quod
1046 2035 1102 2088 in
1134 2031 1386 2087 oratione
1419 2045 1529 2087 non
1564 2028 1903 2102 perstiterit.
1929 2028 2064 2082 Nam

474 2143 600 2183 cum
632 2127 846 2198 primus
876 2125 1123 2183 omnium
1152 2140 1346 2196 panem
1398 2124 1729 2194 accepisset,
1765 2120 2022 2177 discessit
2049 2138 2064 2190 ;

463 2217 774 2295 statimque
803 2219 1035 2274 Satanas
1061 2219 1117 2273 in
1155 2231 1279 2270 eum
1309 2214 1553 2278 intravit.
1588 2214 1749 2285 isque
1783 2214 1848 2269 ad
1879 2210 2068 2282 prodi-

475 2313 679 2368 tionem
725 2310 1061 2385 properavit.
1117 2306 1413 2376 Quocirca,
1474 2306 1522 2362 si
1579 2306 1730 2377 quis,
1774 2313 2068 2376 antequam

475 2404 709 2463 abeundi
741 2411 991 2479 potestas
1045 2402 1164 2467 fiat,
1209 2401 1427 2469 abierit,
1481 2400 1726 2468 easdem,
1783 2414 1848 2456 ac
1897 2397 2068 2456 Judas

476 2515 666 2574 pmnas
701 2499 998 2571 persolvet.
1051 2494 1130 2554 Ne
1170 2495 1338 2568 igitur
1374 2493 1790 2550 committamus
1829 2499 1889 2547 ut
1940 2505 2070 2563 pro-

475 2605 600 2665 pter
629 2606 794 2646 unam
834 2592 1026 2646 horam
1068 2603 1198 2643 cum
1245 2585 1383 2640 Juda
1424 2585 1884 2642 condemnemur.
1922 2583 2069 2639 Nihil

475 2678 638 2736 nobis
695 2678 964 2735 molestiae
1007 2675 1416 2750 permansionis
1468 2689 1620 2730 mora
1675 2675 1911 2730 allatura
1959 2682 2092 2731 est.“

473 2771 590 2828 Non
619 2778 921 2844 tempestas
949 2770 1099 2826 intus
1133 2779 1240 2834 est,
1287 2783 1400 2824 non
1431 2767 1600 2838 ignis,
1633 2782 1746 2822 non
1790 2767 1895 2822 alia
1933 2782 2066 2840 sup-

477 2857 662 2938 plicia.

544 2955 603 3012 S.
641 2951 1039 3011 Nili.-Cum
1085 2951 1350 3009 Dominus
1401 2951 1457 3007 in
1499 2949 1813 3023 Evangeliis
1853 2950 2068 3010 homini

474 3047 663 3104 dicat:
700 3043 860 3102 Omni
906 3044 1102 3115 petenti
1137 3053 1186 3099 te
1228 3043 1302 3098 da
1351 3041 1737 3112 eleemosynam
1770 3039 1937 3112 (Luc.
1987 3056 2063 3106 vr,

2171 1947 2269 2003 μεν
2298 1930 2396 2001 τῆς
2449 1927 2772 1996 ἐκκλησίας.
2833 1927 3061 1998 Ἐκαίνῳ
3113 1927 3225 1998 γὰρ
3281 1927 3426 2000 ἀρχὴ
3475 1928 3750 1992 ἀπωλείας

2167 2024 2379 2093 γέγονε,
2417 2021 2476 2076 τὺ
2509 2021 2584 2092 μὴ
2615 2020 2962 2093 παραμένειν
2993 2023 3060 2093 τῇ
3104 2020 3257 2093 εὐχῇ.
3302 2020 3500 2076 Λαϐὼν
3525 2022 3636 2093 γὰρ
3666 2021 3751 2075 τὸν

2169 2116 2335 2190 ἄρτον
2369 2118 2591 2185 πρῶτος
2617 2113 2726 2168 τῶν
2762 2111 2968 2170 λοιπῶν
3004 2112 3221 2184 ἐξῆλθε,
3253 2113 3352 2168 καὶ
3380 2113 3593 2178 εὐθέως
3622 2113 3753 2185 ἐχώ-

2173 2219 2340 2284 ρησεν
2374 2213 2454 2275 είς
2483 2209 2647 2264 αὑτὸν
2680 2209 2710 2262 ὁ
2752 2209 3023 2275 Σατανᾶς,
3070 2210 3168 2266 καὶ
3200 2211 3279 2273 είς
3328 2208 3430 2279 τὴν
3463 2205 3753 2280 προδοσίαν

2168 2303 2524 2361 ἐσπούδασεν.
2565 2302 2692 2356 Ἐὰν
2720 2300 2815 2358 οὖν
2833 2318 2916 2367 τις
2940 2300 3047 2374 πρὸ
3070 2303 3168 2373 τῆς
3195 2299 3520 2363 ἀπολύσεως
3543 2297 3753 2372 ἐξέλθῃ,

2167 2399 2267 2463 τάς
2295 2397 2391 2452 τοῦ
2437 2396 2608 2452 Ἰούδα
2649 2395 2883 2459 εὐθύνας
2927 2392 3199 2452 ἀποτίσει.
3233 2392 3326 2464 Μὴ
3368 2386 3462 2447 οὖν
3497 2391 3591 2446 διὰ
3634 2390 3757 2461 μίαν

2167 2492 2319 2565 ὥραν
2351 2491 2638 2563 μέλλωμεν
2680 2489 2821 2561 μετά
2885 2487 3060 2542 ’ἰούδα
3096 2484 3552 2558 κατακρίνεσθαι.
3595 2483 3758 2538 Οὐδὲν

2167 2589 2316 2659 ἡμᾶς
2345 2586 2580 2660 βαρήσει
2605 2587 2640 2656 ἡ
2672 2584 2966 2658 παραμονή
2988 2599 3005 2616 ’
3039 2581 3102 2636 οὗ
3135 2579 3416 2660 χειμῶνας
3447 2577 3603 2636 ῑνδον
3627 2576 3754 2652 ἔχει,

2167 2683 2229 2738 ού
2266 2681 2403 2755 πῦρ,
2437 2681 2536 2753 οὐχ
2563 2681 2728 2752 ἔτερα
2756 2676 3114 2750 κολαστήρια.
3187 2732 3190 2736 ,

2239 2939 2301 2996 Ei
2321 2937 2570 3010 λέγειτῷ
2593 2937 2691 2993 ἀνθ
2701 2937 2869 3010 ρώπῳ
2891 2937 2918 2991 ὁ
2934 2935 3141 3008 Κύριος
3161 2934 3218 2990 ἐν
3233 2935 3348 3000 τοῖς
3374 2932 3757 3005 Εὐαγγελίοις,

2168 3036 2272 3098 ὅτι,
2300 3032 2484 3089 Παντὶ
2508 3029 2588 3097 τῷ
2606 3029 2876 3087 αἰτοῦντι
2892 3047 2967 3085 σε
2980 3029 3153 3085 δίδου
3175 3029 3291 3098 τὴν
3308 3030 3760 3100 ἐλοτυιοσύνην,

474 3138 619 3211 30);
653 3147 861 3210 quanto
895 3136 1071 3209 magis
1125 3134 1395 3193 Dominus
1447 3135 1567 3208 ipse
1603 3135 1834 3192 cuilibet
1887 3132 2066 3191 oranti

2179 3128 2352 3199 πολλῷ
2408 3125 2610 3198 μᾶλλον
2667 3125 2831 3190 αὐτὸς
2885 3126 2915 3180 ὁ
2947 3123 3154 3197 Κύριος
3191 3123 3358 3178 παντὶ
3393 3123 3476 3195 τῷ
3520 3124 3762 3195 δεομένῳ

475 3231 849 3304 amplissimas
881 3226 1320 3292 misericordias,
1343 3234 1400 3282 et
1440 3237 1795 3300 peccatorum
1826 3228 2066 3292 veniam,

476 3325 965 3396 molestiarumque
1011 3320 1417 3394 depulsionem,
1468 3321 1579 3377 imo
1619 3329 1886 3377 sexcenta
1921 3322 2067 3378 bona

475 3421 712 3474 daturus
738 3425 826 3474 est
851 3417 868 3472 ί
1899 3477 1905 3483 ,

540 3508 802 3568 Christus
826 3506 1072 3564 omnium
1097 3506 1215 3564 Rex
1241 3513 1297 3566 et
1320 3503 1486 3573 Deus,
1513 3506 1582 3564 iis
1607 3507 1701 3577 qui
1735 3521 1802 3563 ex
1827 3521 1932 3579 ope
1968 3521 2067 3563 sua

475 3603 736 3678 pendent.
773 3612 823 3658 et
859 3602 1052 3656 intimo
1080 3608 1306 3672 pectore
1336 3600 1732 3672 ingemiscunt,
1763 3599 2070 3673 quamlibet

479 3693 667 3751 multis
713 3699 1064 3765 peccatorum
1129 3692 1363 3749 sarcinis
1412 3693 1599 3749 onusti
1650 3691 1784 3760 sint,
1840 3691 2068 3746 minime

481 3796 664 3842 tamen
697 3784 1069 3843 adversatur:
1099 3783 1236 3856 quin
1281 3785 1465 3856 potius
1515 3785 1752 3856 benigne
1807 3792 2067 3853 acceptos

480 3888 696 3956 purgat,
720 3879 1035 3951 adoptionis
1064 3878 1270 3934 donum
1296 3879 1375 3933 eis
1406 3879 1656 3948 largitur,
1680 3884 1736 3934 et
1766 3891 2065 3950 progressu

482 3974 749 4048 temporis
772 3974 1040 4030 virtutum
1070 3973 1296 4046 Opifices
1337 3973 1537 4029 reddit.

476 4165 641 4244 473
681 4165 977 4228 “LVIII.
1007 4165 1182 4252 --.Dc
1235 4168 1588 4239 clcemosyna,
1637 4176 1687 4222 et
1729 4164 2068 4236 beneﬁcentia

1069 4257 1121 4295 tu
1157 4255 1435 4311 pauperes.

551 4329 711 4386 Deut.
750 4346 842 4397 xv,
902 4330 991 4386 Η.
1021 4359 1094 4371 -—
1124 4348 1142 4382 ι
1181 4328 1303 4385 Non
1336 4329 1514 4386 deerit
1567 4345 1775 4402 pauper
1804 4331 1859 4386 in
1892 4337 2064 4388 terra.

480 4423 776 4496 PrOpterea
809 4437 911 4495 ego
968 4421 1235 4495 praecipio
1278 4421 1380 4478 tibi
1417 4423 1597 4482 facere
1627 4422 1854 4479 verbum
1897 4423 2068 4491 istud,

2171 3222 2329 3276 δώσει
2362 3219 2599 3273 πλούσια
2627 3216 2698 3274 τὰ
2744 3217 2896 3289 ιλέη,
2928 3218 3025 3273 καὶ
3060 3218 3170 3272 τῶν
3208 3218 3638 3292 ἁμαρτημάτων
3669 3217 3765 3288 τὴν

2170 3315 2388 3386 ἄφεσιν,
2418 3311 2646 3367 καὶτῶν
2668 3309 2932 3384 λυπηρῶν
2955 3309 3060 3382 τὴν
3098 3308 3276 3377 λύσιν,
3297 3310 3365 3366 τὰ
3395 3309 3575 3383 μυρία
3601 3309 3759 3372 καλά,

2241 3492 2478 3566 Χριστὸς
2514 3494 2544 3548 ὁ
2601 3490 2983 3565 παμϐασιλεὺς
3015 3489 3151 3556 Θεὸς
3189 3489 3449 3563 οὐδαμῶς
3489 3489 3764 3560 ἁποστρέσ

2171 3606 2331 3661 φεται
2363 3589 2490 3652 τοὺς
2533 3587 2676 3659 πρὸς
2720 3587 2884 3642 αὑτὸν
2914 3587 3236 3658 κεχηνότας,
3269 3585 3368 3640 καὶ
3406 3585 3521 3641 ἀπὸ
3563 3583 3764 3657 βάθους

2169 3683 2399 3755 καρδίας
2429 3681 2812 3746 στενάζοντας,
2865 3679 2973 3734 κᾶν
3017 3678 3238 3743 πολλοῖς
3261 3680 3638 3751 ἁμαρτήμασι
3663 3696 3761 3732 πε-

2169 3775 2525 3848 φορτισμένοι
2567 3775 2936 3845 τυγχάνωσιν,
2983 3772 3122 3827 ἀλλά
3165 3771 3264 3826 καὶ
3313 3772 3634 3842 προσίεται,
3669 3769 3763 3826 καὶ

2169 3868 2458 3941 καθαρίζει
2483 3865 2731 3933 τούτους,
2756 3866 2858 3937 τῆς
2885 3864 3161 3928 υίοθεσίας
3190 3863 3448 3937 δωρεῖται
3479 3862 3758 3939 χάρισμα,

2169 3964 2264 4016 καὶ
2336 3960 2552 4034 ἀρετῶν
2624 3960 2867 4033 ἐργάτας
2919 3957 3216 4029 ἀποφαίνει
3290 3953 3588 4028 προϊόντος
3667 3952 3761 4009 τοῦ

2168 4055 2385 4128 χρόνου.

2169 4171 2354 4229 ΤΙΤΔ.
2382 4171 2464 4225 Ην.
2497 4197 2571 4211 -
2590 4166 2731 4239 Περὶ
2756 4165 3199 4293 digamma
3223 4163 3322 4218 καί
3341 4163 3622 4232 σύποιΐας
3647 4159 3763 4220 τῶν

2878 4255 2954 4292 τω
2961 4254 3083 4293 νων
3087 4276 3103 4292 ο

2878 4254 3103 4308 τωχων.

2246 4354 2267 4390 ι
2297 4335 2372 4390 Οὐ
2433 4335 2511 4408 μὴ
2566 4331 2796 4404 ἔκλείπῃ
2840 4330 3028 4403 ἐνδεὴς
3054 4329 3164 4386 ἀπὸ
3187 4329 3289 4404 τῆς
3317 4330 3444 4402 γῆς.
3474 4329 3581 4385 Διά
3607 4328 3762 4385 τοῦτο

2171 4428 2284 4497 ἐγώ
2317 4445 2400 4482 σοι
2417 4427 2736 4500 ἐντέλλομαι
2763 4427 2942 4481 ποιεῖν
2973 4425 3034 4481 τὸ
3091 4426 3246 4498 ῥῆμα
3296 4425 3482 4492 τοῦτο,
3536 4425 3714 4498 λέγων
3741 4438 3757 4455 ’

481 4519 719 4574 dicens:
761 4517 1031 4589 Aperiens
1068 4515 1285 4588 aperies
1334 4532 1532 4572 manus
1590 4525 1714 4572 tuas
1763 4515 1922 4572 fratri
1972 4525 2067 4573 tuo

2185 4521 2445 4592 Ἀνοίγων
2497 4521 2736 4586 ἀνοίξεις
2785 4519 2886 4584 τάς
2937 4520 3130 4592 χεῖράς
3161 4537 3254 4573 σου
3283 4517 3363 4590 τῷ
3393 4517 3615 4589 ἀδελφῷ
3645 4534 3757 4579 σου.

480 4609 708 4682 pauperi
767 4621 824 4666 et
870 4609 1163 4680 indigenti.
1212 4628 1230 4662 ι
1260 4639 1329 4650 -—
1368 4609 1418 4664 7.
1459 4627 1478 4662 ι
1520 4606 1641 4665 Non
1676 4617 1897 4666 avertes
1949 4625 2070 4666 ma-

481 4719 614 4760 rmm
650 4711 798 4758 tuam
827 4717 858 4756 a
895 4700 1066 4757 fratre
1094 4711 1210 4756 tuo.
1246 4719 1272 4755 ·›

553 4795 713 4852 Deut.
746 4809 804 4861 ι,
839 4794 926 4850 19.
958 4823 1031 4837 -—-
1061 4813 1080 4846 ι
1120 4792 1232 4864 Ego
1257 4793 1358 4848 tibi
1393 4791 1656 4865 praecipio
1684 4809 1874 4850 amare
1905 4793 2072 4852 adve-

484 4906 636 4956 nam,
663 4899 720 4945 et
751 4890 882 4944 dare
913 4888 962 4944 ei
996 4903 1192 4960 panem
1220 4897 1274 4941 et
1307 4889 1728 4945 vestimentum.
1759 4910 1784 4938 ι

554 4983 658 5037 'Job
711 4997 866 5045 xm,
901 4982 970 5036 52
1001 4989 1056 5036 et
1092 4979 1288 5048 i6-20;
1326 4996 1484 5050 unt,
1515 4981 1603 5037 i5.
1645 5012 1716 5023 --
1740 4980 1914 5038 Janua
1950 4997 2070 5040 mea

487 5077 641 5133 omni
679 5076 927 5131 venienti
960 5082 1155 5144 aperta
1186 5084 1326 5128 erat.
1358 5074 1670 5132 imbecilles
1699 5091 1766 5131 eo
1799 5091 1910 5148 quo
1935 5092 2074 5147 opus

491 5168 787 5233 habebant,
828 5166 1084 5222 frustrati
1137 5181 1246 5221 non
1283 5173 1458 5222 sunt:
1506 5166 1690 5223 vidua:
1722 5177 1908 5223 autem
1940 5183 2074 5224 ocu-

491 5264 603 5318 lum
640 5278 745 5317 non
777 5255 1044 5316 tabefe'ci-
1069 5258 1125 5313 Si
1156 5265 1211 5314 ct
1244 5274 1442 5330 panem
1493 5274 1676 5314 meum
1720 5259 1939 5317 comedi
1967 5261 2076 5330 iso-

491 5355 601 5417 ius,
628 5360 682 5408 et
713 5367 822 5407 non
872 5351 1147 5424 pupillum
1180 5350 1508 5423 participem
1562 5351 1685 5424 ejus
1716 5350 1869 5408 feci?
1899 5363 1994 5410 aut
2025 5354 2074 5411 si

494 5447 719 5518 despexi
772 5445 981 5501 nudum
1029 5456 1374 5517 pereuntem,
1410 5453 1472 5502 et
1506 5461 1617 5502 non
1660 5447 1857 5504 vestivi
1910 5448 2075 5505 eum?

494 5543 824 5614 impotentes
859 5549 1044 5598 autem
1077 5543 1124 5597 si
1164 5556 1280 5598 non
1328 5540 1743 5598 ‘benedixernnt
1793 5541 1970 5599 mihi?
2006 5543 2075 5600 de

495 5647 724 5693 tonsura
752 5636 935 5692 ovium
971 5649 1220 5691 mearum
1254 5635 1517 5692 calefacti
1567 5643 1701 5692 sunt
1731 5635 1948 5691 humeri
1980 5651 2075 5692 eo-

493 5735 638 5783 rum.
671 5723 876 5786 Oculus
928 5742 1080 5785 eram
1133 5740 1444 5803 caecorum,
1490 5735 1546 5785 et
1584 5743 1682 5803 pes
1719 5726 2068 5787 claudorum.

487 5819 653 5880 Pater
684 5836 835 5882 eram
863 5819 1234 5880 inﬁrmorum.
1266 5839 1288 5876 ι

2169 4613 2250 4687 τῷ
2280 4617 2474 4685 πένητι
2507 4611 2585 4684 τῷ
2617 4610 2976 4682 ἐπιδεομένῳ,
3024 4629 3044 4663 ι
3077 4640 3148 4654 --
3182 4629 3200 4663 ι
3239 4611 3355 4666 Ούκ
3392 4609 3760 4690 ἀποστρέψεις

2168 4707 2268 4780 τὴν
2289 4705 2450 4779 χεῖρά
2485 4719 2579 4758 σου
2615 4701 2845 4759 ἐνώπιον
2874 4702 2970 4758 τοῦ
3005 4701 3258 4772 ἀδελφοῦ.
3300 4722 3322 4756 ι

2247 4819 2268 4853 ι
2305 4798 2447 4869 Ἐγώ
2473 4815 2556 4852 σοι
2597 4796 2921 4868 ἐντέλλομαι
2971 4796 3193 4868 ἀγαπᾷν
3239 4795 3334 4850 τδν
3391 4794 3756 4868 προσήλυτον,

2169 4893 2352 4952 δοῦναι
2385 4894 2451 4947 αὖ
2465 4893 2533 4963 τῷ
2559 4893 2722 4963 ἄρτον
2747 4893 2842 4946 καὶ
2873 4890 3106 4962 ἱμάτιον.
3136 4909 3156 4945 ι

2247 5007 2265 5042 ι
2306 4988 2372 5042 Ἥ
2407 4986 2549 5058 θύρα
2572 5004 2672 5057 μου
2717 4986 2881 5040 παντὶ
2913 4984 3124 5040 ἐλθόντι
3171 4983 3441 5058 ἡνέῳκτο.
3479 4980 3756 5038 Ἀδύνατοι

2172 5082 2362 5155 χρείαν
2391 5083 2458 5154 ἦν
2490 5098 2620 5134 ποτε
2639 5077 2806 5151 εἶχον,
2843 5080 2944 5133 οὐκ
2974 5078 3250 5151 ἀπέτυχον
3274 5095 3289 5108 ·
3331 5080 3511 5149 χήρας
3564 5077 3622 5131 δὲ
3670 5075 3758 5132 τὸν

2173 5177 2452 5249 ὀφθαλμὸν
2475 5176 2577 5230 οὐκ
2601 5173 2853 5246 ὲξέτηξα.
2875 5172 2938 5226 Et
2970 5169 3028 5226 δὲ
3047 5170 3146 5226 καὶ
3173 5171 3266 5224 τὸν
3297 5170 3465 5242 ἄρτον
3495 5187 3598 5241 μου
3630 5168 3758 5237 ξφα.

2172 5287 2272 5341 γον
2296 5270 2479 5343 μόνος,
2509 5271 2607 5322 καὶ
2635 5266 2757 5337 οὐχὶ
2772 5265 2870 5320 καὶ
2902 5261 3128 5336 ὀρφανῷ
3148 5261 3468 5338 μετέδωκας
3505 5263 3552 5316 εί
3584 5260 3643 5314 δὲ
3666 5259 3756 5315 καὶ

2175 5363 2434 5435 παρεῖδον
2461 5363 2672 5435 γυμνὸν
2716 5358 3113 5429 ἀπολλύμενον,
3169 5358 3266 5412 καὶ
3322 5358 3426 5411 οὐκ
3471 5355 3753 5426 impiam;

2175 5456 2430 5510 ἀδύνατοι
2474 5454 2532 5508 δὲ
2592 5455 2641 5508 εί
2696 5452 2772 5525 μὴ
2825 5449 3140 5524 ηύλὸγησάν
3167 5466 3268 5522 με,
3314 5448 3424 5503 ἀπὸ
3467 5449 3523 5502 δὲ
3556 5446 3755 5518 κουρᾶς

2176 5547 2365 5618 ἀμνῶν
2395 5547 2498 5616 μού
2531 5545 2946 5618 ἑθερμάνθησαν
2999 5544 3050 5596 οἱ
3102 5536 3245 5614 ὦμοι
3279 5540 3482 5600 αὐτῶν.
3522 5537 3751 5608 Ὀφθαλι

2177 5640 2275 5712 po;
2296 5641 2445 5712 ήμην
2465 5640 2706 5711 τυφλῶν,
2736 5638 2870 5706 πούς
2897 5637 2950 5692 δὲ
2974 5635 3198 5711 χωλῶν’
3233 5634 3346 5706 ἐγὼ
3387 5634 3536 5709 ῇμην
3564 5631 3751 5703 Πατὴρ

2177 5733 2472 5792 ἀδυνάτων.
2514 5752 2535 5787 ι
