3930 6248
381 201 402 264 l
422 201 516 266 163

1569 203 1633 263 S.
1664 201 1984 264 JOANNIS
2023 201 2459 263 DAMASCENI

3510 196 3629 261 1464

375 315 648 383 Quoniam
695 314 970 370 bonorum
1019 329 1247 387 operum
1293 314 1485 386 gratiae
1533 315 1603 370 ad
1660 315 1992 385 largitores.

2102 315 2510 388 ναπρέφουσιν.
2537 314 2783 380 Ἐδωκας
2804 312 2883 386 τῷ
2901 309 3176 377 πεινῶντι,
3199 309 3290 366 καὶ
3321 309 3411 365 σὺν
3438 312 3633 381 γίνεται

377 410 633 467 redeunt.
664 407 870 465 Dedisti
903 407 1193 474 esurienti,
1232 407 1480 479 illudque
1512 418 1666 463 tuum
1699 408 1955 474 efﬁcitur,

378 502 447 559 ad
498 511 554 561 te
595 519 725 559 cum
771 502 964 559 fenore
1008 503 1250 560 rediens.
1294 499 1365 559 Ut
1416 502 1565 559 enim
1620 502 1957 558 frumentum

380 597 436 651 in
490 606 699 652 terram
739 595 951 667 lapsum
984 597 1032 651 ei
1067 612 1096 652 a
1129 611 1239 666 quo
1286 597 1596 667 projectum
1628 607 1714 653 est
1744 595 1961 651 emolu-

379 699 626 745 mentum
674 689 852 756 all‘ert,
884 690 1074 747 eodem
1123 689 1290 746 modo
1322 688 1480 763 panis
1529 688 1584 743 in
1624 690 1958 745 esurientem

378 781 651 851 deiectus,
688 783 909 838 uberem
941 781 995 837 in
1039 790 1323 854 posterum
1375 782 1674 838 utilitatem
1715 787 1960 852 praestat.

379 877 458 931 Ac
491 874 722 947 proinde
756 875 825 930 da
849 889 1077 946 Operam
1122 884 1181 930 ut
1211 872 1566 945 agriculturae
1595 871 1759 937 finis,
1793 885 1966 943 egen-

381 971 534 1026 tibus
577 967 1067 1032 communicando,
1114 967 1188 1023 sit
1242 965 1339 1022 tibi
1389 965 1636 1024 caelestis
1695 965 1966 1022 sementis

380 1063 626 1120 initium.
667 1061 939 1118 Sentinate
973 1060 1122 1116 enim
1161 1058 1329 1126 vobis,
1351 1058 1532 1130 inquit
1560 1056 1678 1124 ille,
1715 1058 1784 1112 ad
1806 1057 1970 1127 justi-

387 1157 520 1212 tiam
545 1155 703 1227 (Osee
749 1172 806 1221 ι,
836 1155 954 1226 42).
985 1152 1100 1210 Cur
1126 1167 1262 1224 ergo
1291 1153 1478 1208 animo
1506 1150 1737 1208 deficis?
1757 1166 1859 1208 cur
1888 1154 1985 1206 te-'

385 1251 567 1320 ipsum
608 1248 814 1316 tundis,
845 1247 975 1303 dum
1007 1261 1141 1319 opes
1174 1245 1293 1302 luto
1313 1255 1371 1302 et
1391 1242 1662 1301 lateribus
1689 1243 1972 1299 includere

388 1342 616 1399 studes?
664 1340 855 1396 Metius
902 1349 982 1396 εει
1034 1355 1225 1396 nomen
1281 1338 1508 1405 bonum,
1559 1352 1719 1410 quam
1764 1335 1972 1393 divitia'

387 1438 573 1493 multa
600 1433 786 1507 (Prov.
816 1451 932 1490 nu
952 1475 968 1498 ,
997 1433 1072 1505 l).
1102 1432 1262 1501 Quod
1298 1432 1346 1490 si
1383 1430 1649 1503 pecunias
1678 1428 1751 1485 ob
1778 1443 1970 1487 earum

390 1527 628 1602 pretium
675 1526 845 1600 476
877 1526 1141 1598 suspicis,
1201 1526 1332 1582 vide
1376 1533 1585 1596 quanto
1616 1523 1685 1580 ad
1739 1525 1970 1595 gloriam

390 1618 586 1675 utilius
613 1618 688 1675 sit
728 1627 1116 1675 sescentorum
1155 1617 1395 1673 filiorum
1433 1624 1644 1689 patrem
1684 1613 1970 1687 appellari,

2063 410 2125 464 τὸ
2157 408 2313 464 δοθὲν
2349 409 2488 481 μετὰ
2524 406 2846 481 προσθήκης
2879 405 3200 462 ὲπανελθόν.
3247 405 3457 476 Ὠσπερ
3485 407 3587 475 γὰρ
3610 408 3636 460 6

2067 505 2215 567 σῖτος
2243 502 2428 558 πεσὼν
2469 502 2550 567 είς
2583 501 2681 574 τὴν
2707 502 2836 574 γῆν,
2869 499 3062 577 κέρδος
3110 499 3193 573 τῷ
3224 498 3531 572 προιεμένῳ
3558 499 3638 567 γί-

2069 615 2238 664 νεται,
2259 596 2434 662 οὕτως
2473 599 2506 651 6
2535 597 2696 669 ἄρτος
2723 597 2805 661 είς
2838 594 2931 650 τὸν
2962 594 3239 649 πεινῶντα
3267 592 3639 663 καταϐληθεὶς,

2068 688 2338 761 πολύχουν
2367 687 2469 762 τὴν
2489 686 2760 758 ὠφέλειαν
2777 687 2856 752 εἰς
2879 685 3107 758 ὕστερον
3126 682 3465 739 ἀναδίδωσιν.
3475 682 3646 736 Ἔστω

2068 779 2165 840 οῦν
2197 802 2279 839 σοι
2305 782 2367 838 τὸ
2392 782 2569 855 πέρας
2587 782 2693 854 τῆς
2716 782 2994 854 γεωργίας
3011 777 3104 834 διὰ
3128 779 3229 850 τῆς
3259 776 3364 832 τῶν
3386 775 3647 845 δεομένων

2075 870 2432 948 μεταλήψεως
2463 869 2608 946 ἀρχὴ
2632 871 2734 942 τῆς
2752 867 3076 940 ἐπουρανίου
3110 866 3342 940 σπορᾶς.
3371 864 3650 935 Σπείρατε

2071 965 2183 1039 γὰρ
2207 963 2470 1032 ἑαυτοῖς,
2501 962 2688 1036 φησὶν,
2716 963 2805 1030 εις
2834 960 3256 1028 δικαιοσύνην.
3315 958 3382 1012 Τί
3408 951 3504 1012 οὖν
3532 958 3655 1026 ἀδη-

2077 1059 2295 1133 μονεῐς;
2323 1055 2380 1113 τί
2417 1057 2641 1120 κόπτεις
2683 1054 2931 1121 σεαυτὸν,
2958 1051 3119 1126 πηλῷ
3148 1052 3244 1107 καὶ
3288 1049 3534 1113 πλίνθοις
3578 1050 3657 1104 τὸν

2076 1148 2306 1206 πλοῦτον
2334 1148 2658 1204 ἀποκλεῖσαι
2699 1144 3061 1220 φιλονεικῶνς
3123 1142 3429 1216 Κρεῗσσον
3478 1141 3659 1211 ὄνομα

2077 1245 2274 1302 καλὸν
2304 1243 2458 1313 ὑπὲρ
2482 1241 2758 1298 πλοῦτον
2801 1241 3026 1297 πολύν.
3058 1238 3127 1293 Εἰ
3167 1237 3225 1293 δὲ
3267 1235 3571 1309 θαυμάζεις
3603 1235 3662 1285 τὰ

2077 1340 2344 1414 χρήματα
2379 1337 2469 1394 διὰ
2497 1335 2600 1410 τὴν
2631 1333 2815 1392 αὐτῶν
2855 1333 3048 1410 τιμὴν,
3093 1330 3289 1387 σκόπει
3333 1331 3505 1386 πόσον
3533 1327 3663 1402 πρὸς

2077 1430 2237 1500 δόξαν
2263 1428 2703 1501 λυσιτελέστερον
2749 1426 2961 1499 μυρίων
2990 1423 3197 1480 παίδων
3227 1422 3446 1495 πατέρα
3496 1438 3659 1492 προσ-

2080 1524 2520 1599 αγορεύεσθαι,ῆ
2554 1524 2784 1598 μυρίους
2810 1519 3088 1591 στατῆρας
3117 1517 3261 1593 ἔχειν
3285 1517 3346 1572 ὲν
3374 1516 3656 1590 βαλαντίφ.

2080 1620 2166 1676 Τὰ
2192 1621 2294 1694 μὲν
2351 1619 2464 1693 γὰρ
2492 1620 2754 1694 χρήματα
2783 1619 3136 1690 καταλείψεις
3188 1616 3430 1674 ινταῦθα
3469 1616 3571 1672 καὶ
3593 1617 3662 1687 μὴ

390 1726 557 1789 quam
583 1719 876 1769 sexcentos
903 1719 1141 1769 statores
1167 1709 1222 1766 in
1254 1724 1516 1766 crumena
1539 1708 1765 1763 habere.
1797 1706 1978 1763 Pecu-

2102 1713 2427 1786 ίουλόμενος,
2458 1713 2558 1786 τὴν
2592 1714 2649 1768 δὲ
2679 1713 2773 1768 ἰπὶ
2817 1715 2931 1780 τοῖς
2959 1711 3190 1782 ἀγαθοῖς
3245 1710 3434 1783 ἔργοις
3467 1709 3663 1782 φιλοτι-

393 1807 518 1864 nias
546 1805 821 1878 siquidem
861 1805 1069 1863 invitus
1105 1805 1272 1861 etiam
1317 1803 1410 1860 hic
1435 1801 1737 1859 relicturus
1777 1814 1838 1857 es
1869 1816 1886 1853 :
1918 1806 1978 1853 at

2102 1810 2218 1881 μίαν
2247 1807 2610 1881 ἀποκομίσεις
2659 1807 2796 1880 πρὸς
2842 1805 2936 1862 τὸν
2961 1805 3284 1880 Δεσπότην,
3328 1805 3460 1860 ὅταν
3506 1805 3668 1875 δῆμος

393 1897 618 1955 laudem
655 1913 719 1956 ex
756 1899 920 1959 bonis
971 1899 1232 1972 operibus
1265 1898 1552 1954 collectam
1583 1894 1651 1952 ad
1681 1891 1976 1949 Dominum

2102 1905 2205 1971 ἰλος
2233 1903 2325 1959 ἐπὶ
2339 1903 2433 1959 τοῦ
2461 1902 2644 1959 κοινοῦ
2669 1902 2859 1974 κριτοῦ
2883 1901 3244 1974 περιστάντες
3269 1917 3330 1954 σε
3355 1900 3565 1972 τροφέα
3582 1898 3667 1954 καὶ

396 1993 659 2053 deferes:
701 2009 828 2050 cum
863 1993 1131 2050 nimirum
1155 1993 1364 2065 ingenti
1401 1991 1565 2048 turba
1614 2002 1803 2045 coram
1828 2000 1982 2042 eom-

397 2088 554 2144 muni
593 2084 781 2158 judice
814 2086 1214 2155 circumfusus,
1264 2086 1332 2143 ab
1366 2085 1470 2154 eis,
1518 2093 1575 2141 et
1624 2084 1888 2151 nutritor,
1927 2092 1983 2140 et

398 2178 741 2246 benefactor,
766 2190 823 2239 et
855 2179 1056 2254 quovis
1085 2178 1307 2236 tandem
1336 2179 1445 2236 alio
1474 2179 1844 2238 humanitatis
1877 2197 1981 2238 no-

399 2272 553 2329 mine
584 2272 969 2352 appellaberis.
1007 2273 1152 2330 Deus
1191 2272 1452 2331 virtutem
1504 2281 1656 2331 tuam
1707 2275 1983 2348 probabit,

401 2364 714 2425 laudabunt
759 2367 980 2439 angeli;
1029 2366 1284 2424 homines
1329 2382 1547 2434 omnes,
1596 2367 1691 2438 qui
1733 2372 1808 2426 ab
1856 2371 1992 2427 orbe

2085 1997 2402 2070 εὐεργέτην,
2431 1997 2527 2053 καὶ
2555 1994 2734 2052 πάντα
2763 1995 2836 2050 τὰ
2884 1996 2986 2064 τῆς
3011 1993 3432 2067 φιλανθρωπίας
3466 1994 3668 2048 ἀποκα-

2086 2088 2254 2144 λῶσιν
2277 2087 2539 2160 ὀνόματα.
2566 2087 2700 2152 Θεός
2737 2087 2886 2142 ἔστιν
2914 2089 2944 2143 6
2980 2085 3379 2158 ἀποδεχόμενος
3404 2101 3426 2118 ο
3459 2083 3671 2154 ἄγγελοι

2086 2181 2486 2254 εὐφημοῦντες,
2517 2182 2568 2237 oi
2616 2182 2727 2239 ἀπὸ
2773 2181 3005 2246 κτίσεως
3036 2179 3318 2252 ἄνθρωποι
3346 2177 3675 2252 μακαρίζον-

2088 2291 2204 2340 τεςο
2230 2274 2360 2341 δόξα
2383 2272 2639 2341 αἰώνιος,
2693 2274 2951 2348 στέφανοι
3001 2273 3378 2349 δικαιοσύνης,
3435 2273 3678 2349 βασιλεία

2094 2367 2206 2422 τῶν
2235 2365 2484 2440 οὐρανῶν
2505 2361 2646 2422 ἆθλα
2671 2383 2758 2422 σοι
2789 2365 2966 2424 ἔσται.

401 2460 634 2520 condito
690 2461 1065 2530 exstiterunt,
1128 2461 1354 2519 beatum
1423 2468 1477 2519 te
1549 2463 1938 2538 praedicabunt
1977 2480 1991 2520 :
2017 2460 2196 2535 gloria
2243 2461 2606 2534 sempiterna,
2671 2475 2878 2520 corona
2953 2460 3207 2535 iustitia,
3260 2460 3534 2518 calorum
3595 2474 3681 2517 re.

400 2568 573 2632 gnum
594 2553 653 2612 in
686 2555 968 2626 praemium
1004 2557 1106 2614 tibi
1141 2547 1378 2615 cessura
1402 2565 1557 2616 sunt.

473 2642 727 2701 8.80m.
746 2642 1112 2703 ibid.-—Putei
1156 2662 1279 2703 cum
1304 2646 1732 2716 exhauriuntur,
1757 2650 1989 2708 uberius

404 2737 622 2805 fluunt;
669 2738 800 2795 dum
835 2748 1022 2797 autem
1065 2740 1448 2816 negliguntur,
1477 2752 1830 2818 putrescunt.
1883 2745 1992 2802 Εοο

404 2833 533 2888 dem
565 2830 734 2887 modo
774 2831 1006 2889 stabiles
1045 2848 1271 2905 quoque
1308 2834 1518 2892 divitiae
1548 2836 1772 2899 inutiles
1803 2840 1940 2901 fiunt
1972 2859 1991 2898 :

407 2941 530 3000 quae
556 2939 688 2982 vero
718 2932 1015 2982 moventur
1048 2934 1103 2983 et
1133 2927 1246 2987 alio
1290 2929 1554 3000 migrant,
1589 2933 1645 2991 in
1695 2948 1995 2993 commune

407 3015 727 3074 conducunt
781 3024 836 3074 et
880 3015 1189 3076 fructiferae
1241 3031 1397 3079 sunt.
1452 3022 1678 3083 Gratias
1744 3042 1844 3099 age
1878 3028 1993 3086 Deo

2162 2651 2247 2707 Τὰ
2267 2651 2482 2724 φρέατα
2507 2647 2933 2722 ἐξαντλούμενα,
2981 2646 3294 2721 εὐροὼτερα
3328 2647 3576 2718 γίνεται·
3600 2648 3684 2703 ἱν-

2092 2751 2367 2822 αφιέμενα
2393 2749 2450 2804 δὲ
2478 2750 2881 2822 κατασήπεται,
2915 2748 3012 2802 καὶ
3045 2744 3300 2812 πλούτου,
3331 2743 3395 2799 τὸ
3425 2739 3531 2816 μὲν
3566 2741 3687 2796 στά-

2097 2860 2258 2916 σιμον
2288 2843 2583 2915 ἄχρηστον,
2613 2841 2676 2895 τὸ
2707 2841 2764 2896 δὲ
2795 2837 3118 2912 κινούμενόν
3141 2854 3201 2898 τε
3234 2839 3333 2894 καὶ
3364 2837 3685 2908 μεταδαίνσν

2097 2935 2426 3006 κοινωφελὲς
2467 2935 2560 2990 καὶ
2588 2933 2889 3004 εὔκαρπον.
2916 2932 3019 2998 Δὸς
3065 2932 3229 3004 χάριν
3276 2929 3356 3001 τῷ
3386 2928 3684 3001 εὐεργέτῃ,

2096 3031 2179 3086 ὅτι
2201 3029 2324 3101 οὐχὶ
2351 3026 2520 3092 αὐτὸς
2546 3026 2776 3098 διοχλεϊς
2815 3024 2988 3097 θύρας
3021 3026 3247 3098 ἑτέρων,
3293 3022 3446 3094 ἀλλὰ,
3465 3021 3565 3087 τὰς
3598 3021 3688 3084 σὰς

407 3108 559 3183 quod
592 3116 652 3164 tu
682 3107 830 3167 fores
854 3108 1088 3167 aliorum
1131 3127 1241 3168 non
1269 3114 1479 3185 pulses,
1511 3118 1606 3174 sed
1639 3119 1707 3174 ad
1736 3127 1860 3177 tuas
1898 3119 1992 3177 alii

2102 3125 2250 3181 ἄλλοι
2274 3121 2810 3194 καταλαμϐάνουσιν.

410 3216 472 3261 ιε
501 3199 814 3266 conferant.

480 3293 677 3368 Ejurd,
706 3298 892 3357 Ιιοιιιὶι.
921 3302 993 3358 ad
1012 3302 1220 3362 divites.
1243 3334 1311 3345 --
1335 3301 1570 3378 Pauperi
1604 3305 1760 3366 dives
1790 3310 1996 3368 fenera.

411 3388 699 3452 Concrede
730 3392 868 3462 Deo,
915 3394 1011 3468 qui
1057 3395 1326 3455 beneﬁcia
1371 3399 1462 3456 illa
1515 3416 1643 3472 qua:
1686 3401 1742 3458 in
1776 3420 2002 3477 oppres-

415 3497 539 3541 sum
567 3483 958 3554 conferuntur,
983 3492 1133 3546 velut
1160 3491 1217 3546 in
1258 3493 1505 3564 seipsum
1541 3493 1739 3551 collata
1779 3498 2001 3570 accipit,

416 3584 586 3649 atque
609 3577 724 3650 ipse
754 3581 985 3652 gratiam
1015 3585 1290 3656 rependit.
1336 3583 1613 3659 Locuples
1635 3599 1722 3645 est
1743 3605 2002 3663 sponsor.

415 3669 511 3745 qui
547 3670 752 3746 ubique
811 3681 1085 3735 terrarum
1127 3693 1193 3734 ac
1254 3679 1489 3736 marium
1552 3696 1831 3753 expansos
1883 3684 2004 3741 the-

416 3779 617 3822 sauros
650 3765 873 3825 habeat.

488 3857 634 3922 Ibid.
664 3861 996 3933 --Diviti:e,
1038 3881 1150 3935 quo
1205 3875 1364 3938 pacto
1401 3866 1671 3927 Dominus
1718 3869 2005 3944 praecipit",

417 3952 703 4030 ἀὶερετειβ,
767 3971 1095 4027 permanere
1144 3961 1324 4018 solent
1376 3979 1394 4020 ε
1447 3969 1676 4019 retentae
1723 3974 1905 4021 autem
1951 3975 2007 4022 et

419 4048 674 4106 coercitas
725 4051 1066 4108 alienantur.
1109 4053 1167 4109 Si
1207 4069 1302 4111 eas
1362 4057 1663 4121 custodias,
1716 4058 1833 4129 jam
1897 4076 2006 4115 non

422 4141 596 4198 habes
636 4159 651 4197 :
688 4143 737 4199 si
785 4159 1038 4221 spargas,
1087 4163 1196 4204 non
1228 4150 1474 4206 amittes.
1513 4149 1808 4223 Disponit,
1862 4151 2008 4209 dedit

419 4231 1026 4398 pzupfribusgfuuitfa
1053 4237 1171 4309 ejus
1208 4249 1389 4297 manet
1436 4242 1493 4298 in
1532 4244 1788 4300 saeculum
1821 4246 2009 4303 εωειιιί

498 4337 560 4378 δα
589 4360 604 4376 .
627 4337 737 4388 cxi,
815 4364 832 4380 .

498 4337 604 4378 sat.
627 4337 832 4388 una).

496 4417 639 4474 Ibid.
672 4450 742 4464 —-
799 4417 864 4479 In
919 4421 1183 4484 nundinis
1228 4439 1391 4482 nemo
1434 4425 1665 4482 moleste
1704 4425 1829 4494 fert,
1876 4425 2007 4484 dum

2173 3309 2432 3366 Δάνεισον
2460 3309 2489 3363 ὁ
2518 3305 2776 3376 πλούσιος
2796 3305 2875 3378 τῷ
2906 3305 3117 3378 ἀπύρῳ.
3153 3299 3273 3374 Θεῷ
3302 3301 3598 3357 πίστευσον
3619 3295 3690 3368 τῷ

2104 3402 2193 3458 ἀεὶ
2225 3403 2308 3467 είς
2329 3401 2624 3473 πρόσωπον
2651 3400 2782 3456 ίδιον
2820 3398 2960 3470 ὑπὲρ
2991 3395 3093 3453 τοῦ
3131 3394 3458 3467 θλιϐομένου
3482 3390 3690 3464 λαμϐά-

2105 3513 2273 3561 νοντι,
2292 3494 2386 3550 καὶ
2415 3493 2627 3549 οἴκοθεν
2667 3491 2970 3548 ἀποδιδόντι
3004 3489 3104 3563 τὴν
3129 3490 3309 3562 χάριν.
3357 3486 3693 3554 ’Δξιόπιστος

2105 3586 2402 3661 ἐγγυητὴς,
2443 3584 2720 3656 πανταχοῦ
2758 3585 2864 3657 γῆς
2889 3583 2983 3638 καὶ
3019 3582 3301 3658 θαλάσσης
3337 3579 3692 3655 ηπλωμένους

2106 3683 2245 3756 ἔχων
2268 3682 2396 3747 τούς
2428 3679 2763 3754 θησαυρούς.

2179 3874 2615 3948 Σκορπιζόμενος
2637 3873 2666 3926 6
2708 3871 2956 3936 πλοῦτος,
2985 3869 3109 3924 καθ’
3137 3870 3199 3924 ὃν
3227 3870 3256 3926 6
3285 3868 3492 3940 Κύριος
3517 3864 3693 3923 ὐποτίο

2110 3970 2260 4024 θεται
2286 3969 2490 4040 τρόπον
2508 4011 2523 4036 ,
2559 3966 2774 4037 πέφυκε
2804 3965 3145 4037 παραμένειν
3172 3977 3188 3995 ⁸
3235 3962 3597 4034 συνεχόμενος
3620 3959 3688 4036 δὲ.

2111 4063 2512 4133 ἀλλοτριοῦται.
2560 4061 2688 4116 Ἐὰν
2719 4060 3020 4132 φυλάσσῃς,
3056 4058 3158 4114 οὐκ
3186 4055 3332 4129 ἔχεις
3358 4072 3379 4089 ⁸
3404 4055 3505 4111 εὰν
3540 4071 3690 4125 σκορ-

2111 4160 2297 4231 πίσῃς,
2319 4159 2420 4213 οὐκ
2455 4155 2768 4220 ἀπολέσεις.
2829 4155 3281 4224 Ἐσκόρπισεν,
3335 4149 3527 4208 ἔδωκε
3578 4147 3694 4211 τοῖς

2110 4250 2396 4321 πένησιν,
2421 4251 2459 4320 ἠ
2481 4249 2842 4321 δικαιοσύνη
2875 4246 3062 4305 αὐτοῦ
3080 4246 3252 4320 μένει
3277 4248 3368 4315 είς
3391 4245 3499 4301 τὸν
3518 4242 3692 4300 αιῶνα

2109 4342 2218 4400 τοῦ
2245 4342 2482 4412 αἰῶνος.

2040 4479 2088 4538 D
2198 4439 2285 4493 Ἐν
2320 4437 2627 4512 πανηγύρει
2654 4436 2829 4503 οὐδεὶς
2865 4435 3116 4491 λυπεῖται
3149 4435 3476 4507 προϊέμενος
3500 4430 3566 4486 τὰ
3592 4446 3685 4538 πῖ-

428 4527 553 4592 qua:
589 4515 649 4572 in
696 4516 952 4578 manibus
991 4524 1124 4574 sunt
1178 4517 1350 4575 veluti
1409 4518 1651 4591 projicit,
1705 4531 1762 4575 et
1813 4533 1992 4577 earum

2116 4531 2296 4602 ρὸντα,
2321 4528 2420 4585 καὶ
2447 4529 2849 4600 ἀντικτώμενος
2879 4526 2951 4580 τὰ
2981 4525 3190 4586 δέοντα,
3222 4523 3340 4578 ἀλλ’
3369 4524 3586 4594 ὅσῳπερ
3629 4519 3687 4572 ἂν

435 4609 558 4668 loco
585 4623 649 4665 ea
691 4609 800 4667 sibi
833 4617 1119 4681 comparat
1165 4610 1368 4680 quibus
1398 4626 1539 4682 opus
1577 4611 1743 4670 habet
1775 4631 1788 4668 :
1822 4627 2013 4670 verum

439 4719 550 4773 quo
579 4704 784 4763 minori
819 4705 994 4778 pretio
1032 4718 1098 4759 ea
1132 4719 1255 4775 quae
1282 4705 1465 4776 magni
1501 4706 1762 4772 aestimat,
1799 4709 2012 4775 emerit,

429 4810 499 4854 eo
553 4795 763 4863 majore
823 4796 1104 4869 voluptate
1153 4794 1409 4862 adicitur,
1459 4806 1722 4868 tauquam
1764 4799 2020 4859 videlicet

434 4889 702 4960 praeclara
733 4889 838 4944 sibi
874 4886 1170 4962 negotiatio
1206 4889 1513 4946 exstiterit.
1561 4890 1642 4946 Tu
1675 4905 1810 4947 vero
1844 4889 2019 4949 mole-

433 4981 596 5042 stiam
630 4980 907 5052 concipis,
947 4995 1071 5037 cum
1101 4995 1298 5044 aurum
1345 4989 1399 5038 et
1446 4994 1759 5055 argentum,
1797 4985 1903 5041 hoc
1931 4993 2016 5043 est

432 5073 716 5147 pulverem
752 5073 986 5146 praebes,
1021 5082 1080 5129 ut
1107 5075 1325 5129 beatam
1363 5075 1531 5132 vitam
1565 5078 1848 5149 acquiras.

505 5163 652 5221 Ibid.
683 5191 752 5207 ο·-
784 5163 973 5228 Funus
1007 5173 1162 5218 tuum
1197 5179 1484 5236 praeverte.
1531 5168 1807 5234 Eximium
1850 5170 2020 5229 funus

437 5267 522 5320 est
550 5259 745 5329 pietas.
804 5257 897 5314 Sic
938 5258 1198 5325 abscede,
1240 5272 1303 5314 ut
1337 5260 1524 5316 omnia
1567 5270 1751 5318 tecum
1792 5262 2017 5322 eﬂ‘eras.

440 5350 550 5415 Fac
583 5358 640 5404 ut
669 5365 801 5424 opes
845 5358 950 5406 tua:
997 5351 1096 5406 tibi
1140 5363 1471 5411 ornamento
1503 5354 1632 5412 sint.
1695 5356 1804 5412 Eas
1837 5366 2018 5413 tecum

440 5444 604 5509 habe.
642 5443 794 5500 Bono
842 5445 1186 5511 consiliario,
1245 5446 1351 5502 hoc
1411 5455 1495 5503 est
1553 5447 1800 5515 Christo,
1860 5449 2021 5513 fidem

440 5537 833 5608 accommoda;
860 5539 951 5611 qui
978 5538 1170 5595 dilexit
1209 5549 1282 5607 te,
1313 5549 1368 5597 et
1393 5548 1585 5598 nostra
1614 5558 1780 5600 causa
1819 5561 2024 5616 egenus

441 5628 742 5713 (actusest,
770 5639 831 5686 ut
853 5630 1032 5712 ipsius
1057 5641 1300 5711 egestate
1333 5633 1733 5695 ditesceremus
1769 5636 1856 5719 (11
1891 5639 2017 5701 Cor.

2115 4624 2398 4688 ἐλάττονος
2448 4621 2618 4696 τιμῆς
2650 4620 2720 4678 τὰ
2756 4619 3102 4693 πολυτίμητα
3149 4617 3407 4691 πρίηται,
3463 4612 3685 4682 τοσούτῳ

2115 4717 2322 4790 χαίρει,
2354 4716 2428 4780 ὡς
2453 4713 2716 4788 λαμπροῦ
2755 4710 2923 4770 αὐτοῦ
2952 4710 3048 4767 τοῦ
3077 4708 3530 4781 συναλλάγματος
3559 4721 3686 4777 γενο-

2121 4806 2307 4880 μένου.
2339 4807 2414 4862 Σύ
2437 4803 2496 4861 δὲ
2514 4805 2662 4878 λυπῇ
2690 4803 2915 4876 χρυσίον
2930 4804 3024 4859 καὶ
3040 4800 3304 4876 ἀργύριον
3328 4802 3522 4869 διδοὺς,
3545 4815 3686 4855 τουτ-

2119 4899 2233 4954 έστι
2265 4897 2395 4970 χοῦν
2444 4895 2844 4971 παρεχόμενος,
2895 4895 2984 4955 ἵνα
3055 4895 3233 4968 κτήσῃ
3277 4895 3379 4967 τὴν
3430 4890 3685 4965 μακαρίαν

2121 4991 2292 5066 ζωήν.

2193 5172 2492 5246 Προλαὸὼν
2521 5174 2843 5246 ὲνταφίασον
2873 5173 3121 5228 σεαυτόν.
3161 5172 3344 5230 Καλὸν
3381 5171 3620 5239 ἐντάφιον
3652 5165 3680 5234 ἡ

2123 5267 2396 5328 εὐσέϐεια.
2454 5268 2638 5322 Πάντα
2681 5264 3149 5339 περιϐαλλόμενος
3208 5263 3442 5320 ἄπελθε.
3494 5261 3684 5314 υξκεῖον

2130 5361 2335 5432 κόσμον
2362 5360 2452 5415 τὸν
2479 5360 2706 5416 πλοῦτον
2737 5360 2984 5432 ποίησον.
3021 5360 3152 5432 Ἔχε
3180 5355 3350 5413 αὐτὸν
3374 5357 3509 5430 μετὰ
3543 5370 3683 5409 σεαυο

2129 5455 2248 5513 τοῦ.
2296 5453 2556 5527 Πείσθητι
2604 5454 2758 5527 καλῷ
2788 5452 3100 5530 συμϐούλῳ,
3128 5453 3206 5528 τῷ
3257 5449 3594 5528 ἀγαπήσαντί
3633 5460 3680 5500 σε

2129 5550 2376 5622 Χριστῷ,
2397 5550 2768 5634 speet-ima;
2794 5549 3189 5624 πτωχεύσαντι,
3221 5549 3311 5605 ἵνα
3359 5547 3457 5623 τὴν
3499 5542 3677 5611 ἐκείνω

2130 5645 2404 5711 πτωχείαν
2427 5637 2844 5720 πλουτῆσῖυμεν.
