4020 6262
261 335 388 402 1465

1531 323 1782 388 SACRA
1817 321 2280 384 PARALLELA.

3373 303 3509 370 1466

321 449 484 501 Ὅταν
518 442 718 514 πτωχῷ
754 439 1018 513 παρέχειν
1075 437 1274 514 μέλλῃς
1321 433 1414 493 διὰ
1459 434 1554 493 τὸν
1604 435 1831 508 Κύριον.

2009 433 2074 490 S.
2101 433 2279 490 Basil.
2308 431 2449 487 hom.
2482 429 2538 486 in
2580 430 2881 500 feuerat.-—-
2897 420 3036 481 Cum
3067 418 3518 514 propterpbomi.

254 538 402 596 τοῦτο
421 538 513 592 καὶ
543 536 716 608 δῶρόν
737 538 876 599 ἐστι,
906 533 1002 587 καὶ
1030 532 1298 600 δάνεισμα
1324 546 1338 560 ·
1369 528 1544 602 δῶρον
1579 526 1702 600 μὲν,
1746 527 1838 581 διὰ

250 630 345 704 τὴν
369 627 718 684 ἀνελπιστίαν
743 627 844 696 τῆς
894 622 1250 688 ἀπολαύσεως
1283 637 1297 652 ο
1334 619 1602 690 δάνεισμα
1642 619 1698 674 δὲ
1745 618 1839 674 διὰ

250 722 344 796 τὴν
374 720 787 795 μεγαλοδωρεὰν
815 717 911 773 τοῦ
949 715 1336 780 ἁποτιννύντος
1364 714 1505 791 ὑπὲρ
1536 713 1727 776 αὑτοῦ,
1777 713 1836 778 ὃς

253 817 419 890 μικρὰ
463 812 648 869 λαϐὼν
673 812 760 868 διὰ
789 811 884 867 τοῦ
914 811 1171 884 πένητος,
1228 809 1450 880 μεγάλα
1491 807 1634 878 ὑπὲρ
1667 805 1836 862 αὐτοῦ

249 907 515 965 ἀποδώσει
541 922 558 941 ⁶
597 907 656 963 '0
687 906 798 979 γὰρ
829 904 992 962 ἐλεῶν
1022 903 1260 976 πτωχὸν,
1289 901 1410 975 Θεῷ
1431 900 1689 970 δανείζει,
1731 918 1838 974 φη-

249 1001 352 1056 σίν.

319 1176 378 1230 Ὀ
399 1175 661 1250 χρήματα
706 1173 902 1240 διδοὺς,
941 1174 1313 1248 ἐλεημοσύνην
1343 1177 1487 1230 αίτετ
1535 1173 1685 1246 παρὰ
1738 1171 1834 1228 σοῦ

240 1269 326 1323 διὰ
367 1271 467 1340 τῆς
497 1267 682 1340 χειρὸς
701 1266 813 1321 τῶν
839 1269 1115 1339 πενήτων,
1171 1269 1279 1322 κᾶν
1305 1267 1447 1336 λάϐῃ
1502 1267 1570 1320 τὰ
1616 1263 1835 1331 ἑαυτοῦ,

243 1361 507 1434 ἀκεραίαν
533 1377 618 1416 σοι
645 1359 745 1433 τὴν
770 1362 932 1432 χάριν
974 1359 1050 1424 ὡς
1071 1360 1282 1416 οἰκείαν
1306 1360 1637 1433 ἀποπληροῖ.

310 1560 330 1596 ι
378 1542 439 1597 '0
463 1541 724 1608 πλούσιος
752 1541 908 1598 οὔπω
937 1541 1181 1614 ζηλωτός
1210 1544 1326 1597 ἐστι
1356 1542 1447 1598 διὰ
1468 1541 1558 1597 τὸν
1580 1540 1829 1597 πλοῦτον·

232 1637 339 1710 οὐχ
391 1638 421 1691 6
450 1635 722 1709 δυνάστης
751 1636 839 1691 διὰ
868 1636 962 1692 τὸν
1005 1638 1172 1708 δγκον
1199 1637 1294 1691 τοῦ
1327 1636 1661 1707 ἀξιώματος.
1701 1638 1836 1709 Ὅρα

237 1744 376 1797 γανα
403 1727 514 1800 γάρ
550 1730 671 1783 ἑστι
701 1727 878 1784 ταῦτα
907 1729 1008 1800 τῆς
1033 1728 1228 1800 λοιπῆς
1259 1730 1463 1801 ἀρετῆς
1490 1733 1603 1793 τοῖς
1647 1727 1832 1792 καλῶς

237 1823 623 1893 κεχρημένοις,
677 1821 783 1876 οὒκ
812 1820 954 1876 αὐτὰ
996 1822 1054 1874 ἐν
1084 1822 1299 1886 ἑαυτοῖς
1330 1821 1522 1894 ἔχοντα
1543 1821 1604 1875 τὺ
1647 1821 1827 1894 μακά·
1861 1804 1903 1860 Β

237 1932 373 1986 ριον.
401 1914 464 1967 ’0
499 1915 598 1985 μὲν
622 1913 718 1969 οὖν
751 1912 943 1978 κακῶς
972 1913 1160 1977 αὐτοῖς
1196 1911 1541 1984 κεχρημένος
1575 1913 1826 1980 ἐλεεινὸς,

224 2006 308 2085 ,ὡς
335 2007 365 2060 6
384 2005 465 2077 τῷ
497 2005 640 2078 ξίφει
673 2005 702 2060 ὃ
724 2002 918 2061 ἔλασεν
941 2005 1081 2078 πρδς
1119 2005 1220 2078 τὴν
1253 2004 1361 2061 τῶν
1383 2004 1660 2078 πολεμίων
1685 2005 1830 2078 ἄμυ-

232 2115 349 2164 ναν,
387 2097 566 2170 τούτῳ
596 2097 860 2164 ἑκουσίως
901 2098 1094 2152 ἑαυτὸν
1141 2096 1625 2168 κατατιτρώσκων.
1672 2099 1736 2152 Εί
1773 2098 1830 2153 δὲ

233 2190 437 2255 καλῶς,
471 2192 565 2245 καλ.
586 2189 728 2246 κατὰ
751 2188 843 2245 τὸν
873 2189 1033 2262 ὀρθὸν
1061 2190 1238 2260 λόγον,
1269 2191 1360 2244 τὸν
1393 2190 1637 2262 παρόντα
1665 2207 1831 2262 μετα-

230 2282 559 2356 χειρίζεται,
589 2282 688 2337 καὶ
716 2281 997 2354 οίκονόμος
1027 2282 1146 2335 ἐστὶ
1167 2281 1277 2335 τῶν
1309 2280 1459 2354 παρὰ
1484 2280 1619 2335 Θεοῦ
1645 2281 1827 2335 δοθέν.

228 2393 358 2440 των,
390 2374 738 2431 ἐπαινεῖσθαι
769 2374 865 2429 καὶ
910 2371 1229 2444 ἀγαπᾶσθαι
1285 2374 1315 2428 6
1343 2372 1586 2438 τοιοῦτος
1618 2372 1832 2441 δίκαιός

229 2470 347 2525 ἐστι
375 2469 470 2525 διὰ
495 2469 556 2525 τὺ
577 2468 904 2540 φιλάδελφον
934 2468 1028 2524 καὶ
1063 2467 1384 2524 κοινωνικὸν
1406 2466 1498 2522 τοῦ
1528 2466 1762 2543 τρόπου.

295 2647 492 2717 Γενοῦ,
530 2649 809 2721 ἄνθρωπε,
869 2650 1004 2704 ὡσεὶ
1058 2649 1216 2706 ἐλαία
1261 2649 1621 2724 κατάκαρπος
1669 2651 1728 2704 ὲν
1753 2649 1832 2723 τῷ

226 2739 361 2809 οἴκῳ
389 2740 490 2793 τοῦ
523 2739 682 2804 Θεοῦ,
718 2741 988 2813 μηδέποτε
1020 2739 1402 2814 γυμνούμενος
1429 2743 1533 2810 τῆς
1587 2740 1828 2810 ἐλπίδος,

226 2830 343 2884 ἀλλ’
374 2831 463 2884 ἀεὶ
498 2829 800 2885 θάλλουσαν
852 2831 994 2902 ἔχων
1042 2832 1169 2905 περὶ
1229 2836 1455 2888 σεαυτὸν
1487 2837 1586 2907 τὴν
1623 2835 1709 2889 διὰ
1740 2834 1831 2888 πί·-

230 2940 404 2986 στεως
436 2924 736 2996 σωτηρίαν,
769 2923 915 2978 οὕτω
951 2924 1047 2981 καὶ
1093 2925 1153 2978 τὸ
1179 2925 1464 2991 ἀειθαλλὲς
1492 2927 1588 2982 τοῦ
1628 2925 1828 2999 φύλλου

230 3019 474 3091 μιμήσῃ,
535 3018 632 3070 καλ⁸
684 3017 746 3071 τὸ
807 3017 1165 3090 πολύκαρπον
1210 3019 1268 3074 δὲ
1328 3019 1494 3076 αὐτοῦ
1540 3021 1828 3092 ζηλώσεις,

225 3106 465 3178 ἄφθονον
492 3105 594 3181 τὴν
624 3106 996 3182 ἐλεημοσύνην
1026 3111 1188 3164 παντὶ
1226 3109 1405 3182 καιρῷ
1433 3112 1826 3184 παρεχόμενος.

287 3287 408 3343 οὐκ
428 3277 613 3358 οἶμαι,
638 3283 716 3359 τῷ
744 3284 898 3358 πόσῳ
921 3287 1020 3358 τῆς
1042 3288 1328 3359 διδομένης
1353 3288 1484 3364 ὕλης
1508 3287 1676 3362 ούσης
1701 3291 1832 3360 ἔξω.

225 3378 342 3448 θεν,
394 3382 529 3444 ταῖς
556 3379 616 3436 δὲ
668 3381 1114 3455 προσφερούσαις
1167 3382 1417 3454 γνώμαις
1474 3385 1684 3456 μᾶλλον,
1735 3385 1832 3442 καὶ

218 3474 593 3548 ¹προαιρέσεσι
618 3470 719 3545 τὴν
752 3471 1063 3545 φιλοτιμίαν
1093 3475 1190 3529 καὶ
1216 3475 1316 3547 τὴν
1348 3477 1830 3551 μεγαλοπρέπειαν

216 3560 248 3620 ό
271 3565 421 3640 ἱερὸς
457 3565 621 3636 λόγος
643 3564 1034 3638 ἱσταθμίσατο.

292 3750 493 3807 Οὐδενὶ
520 3748 629 3804 τῶν
649 3749 868 3804 πάντων
898 3747 1070 3814 οὕτως
1102 3750 1178 3817 ὡς
1211 3750 1347 3820 ὲλέῳ
1374 3751 1504 3816 Θεὸς
1528 3752 1833 3825 Θεραπεύε-

216 3861 331 3907 ται,
363 3844 453 3898 ὃτι
491 3843 626 3915 μηδὲ
655 3845 984 3916 οἰκειότερον
1013 3844 1142 3900 ἄλλο
1189 3844 1381 3899 τούτου
1407 3846 1546 3917 Θεῷ,
1573 3841 1634 3900 οὗ
1681 3847 1831 3912 ἔλεος

217 3936 310 3991 καὶ
345 3935 586 4008 ἀλήθεια
649 3935 1105 4008 προπορεύονται.
1167 3938 1259 3991 καὶ
1285 3932 1331 4006 ᾧ
1356 3939 1708 4007 προσοιστέον
1740 3940 1831 3993 τὸν

216 4029 369 4083 ἔλεον
400 4029 517 4101 πρὸ
541 4029 641 4099 τῆς
674 4029 927 4100 κρίσεως.
950 4028 1084 4081 Οὐδὲ
1106 4030 1215 4098 γὰρ
1240 4030 1385 4102 ἄλλῳ
1412 4033 1518 4085 τινὶ
1540 4033 1615 4096 ὡς
1641 4031 1832 4101 φιλαν-

218 4119 446 4195 Θρωπίᾳ
471 4120 537 4174 τὸ
585 4121 968 4192 φιλάνθρωπον
1028 4120 1354 4176 ἀντιδίδοται
1409 4123 1560 4193 παρὰ
1598 4123 1694 4178 τοῦ
1749 4123 1830 4177 δι-

217 4214 397 4279 καίως
455 4212 916 4288 ἀντιμετροῦντος
976 4214 1035 4268 ὲν
1094 4212 1247 4286 ζυγῷ
1304 4216 1401 4270 καὶ
1449 4215 1674 4289 σταθμῷ
1737 4217 1830 4272 τὸν

218 4304 398 4362 ἔλεον.

1939 540 2071 582 num
2120 523 2355 596 pauperi
2407 521 2599 593 largiri
2630 531 2815 591 paras,
2849 518 2957 572 hoc
2986 513 3153 572 simul
3195 520 3250 567 et
3291 512 3519 574 donum,

1937 630 1992 677 et
2023 620 2186 675 lenus
2234 625 2368 674 est:
2421 615 2654 679 donum,
2712 612 2965 682 inquam,
3032 605 3166 679 quia
3223 601 3522 673 recipiendi

1939 711 2091 768 nulla
2143 726 2270 781 spes
2308 707 2562 779 aﬂulget;
2609 706 2785 760 feuus'
2815 710 3024 767 autem,
3066 700 3137 755 ob
3179 696 3304 768 ejus
3331 695 3424 766 qui
3457 695 3523 748 il-

1937 803 2048 859 lius
2075 799 2298 856 nomine
2327 796 2632 870 persolvit,
2660 792 3135 859 muniﬁcentiam;
3162 789 3398 861 quicum
3424 802 3521 857 per

1937 906 2236 966 pauperem
2269 889 2528 961 exiguum
2561 885 2696 959 quid
2731 885 3030 956 acceperit,
3070 881 3311 954 ingentia
3337 895 3436 951 pro
3455 896 3522 934 eo

1936 984 2224 1058 rependat.
2276 981 2412 1038 Nam
2470 980 2565 1054 qui
2640 980 2939 1035 miseretur
3001 977 3283 1048 pauperis,
3347 975 3523 1046 inquit

1935 1078 2051 1142 ille,
2091 1077 2380 1132 leneratur
2409 1072 2643 1129 Domino
2669 1070 2857 1144 (Prov.
2894 1086 3015 1133 nx,
3040 1069 3152 1138 17).

2007 1165 2292 1240 Ejusdem.
2317 1195 2388 1207 —-
2419 1163 2526 1232 Qui
2572 1163 2670 1219 tibi
2718 1178 2852 1234 opes
2886 1160 3060 1226 dedit,
3101 1159 3216 1230 ipse
3250 1173 3349 1228 per
3390 1172 3523 1227 pau-

1935 1275 2129 1333 perum
2161 1274 2360 1314 manus
2388 1258 2794 1328 eleetnosynam
2835 1254 2934 1310 abs
2967 1260 3020 1307 te
3045 1253 3244 1323 poscit.
3292 1247 3448 1314 Quod
3475 1250 3520 1302 si

1934 1368 2061 1425 quae
2091 1365 2190 1407 sua
2242 1356 2373 1406 sunt
2419 1348 2679 1420 accipiat,
2715 1345 2983 1418 integram
3036 1343 3290 1415 gratiam,
3322 1356 3384 1398 ac
3410 1341 3457 1397 si
3489 1356 3522 1396 a

1934 1455 1991 1506 te
2011 1445 2286 1503 benelicio
2321 1449 2523 1498 auctus
2547 1449 2715 1503 esset,
2747 1434 3036 1509 persolvit.

2007 1537 2202 1612 Ejusd.
2242 1538 2388 1591 hom.
2419 1535 2484 1589 de
2513 1531 2678 1588 iuvid.
2714 1561 2784 1574 -ο
2808 1529 2914 1598 Qui
2943 1529 3096 1585 dives
3125 1537 3230 1594 est,
3253 1545 3362 1584 non
3391 1544 3521 1600 pro-

1934 1635 2083 1693 tinus
2123 1633 2196 1688 ob
2227 1629 2451 1688 divitias
2478 1622 2822 1683 aemulandus
2851 1631 2937 1680 est
2966 1639 2984 1679 :
3027 1638 3143 1680 non
3183 1623 3313 1678 item
3339 1622 3410 1678 ob
3436 1623 3522 1677 di-

1931 1725 2164 1800 gnitatis
2201 1720 2620 1794 amplitudinem
2652 1717 2701 1772 is
2748 1716 2844 1786 qui
2875 1715 3124 1787 potentia
3178 1714 3353 1772 ﬂoret.
3393 1712 3521 1770 Haac

1931 1819 2082 1876 enim
2144 1815 2376 1886 reliquae
2426 1809 2650 1868 virtutis
2708 1809 3084 1865 instrumenta
3127 1815 3258 1864 sunt
3309 1808 3377 1862 iis
3423 1805 3521 1876 qui

1931 1913 2077 1968 bene
2102 1917 2360 1974 utuntur,
2395 1921 2505 1962 non
2540 1912 2723 1977 autem
2749 1904 2867 1974 ipsa
2900 1903 2958 1958 in
2981 1918 3042 1960 se
3067 1901 3385 1959 felicitatem
3421 1901 3521 1956 ba-

1929 2007 2085 2065 bent.
2129 2001 2321 2075 itaque
2356 2000 2526 2057 miser
2557 2008 2642 2054 est
2691 1998 2786 2070 qui
2819 1995 2908 2053 his
2939 1995 3083 2052 male
3132 1994 3332 2057 utitur,
3373 1992 3517 2048 haud

1929 2114 2091 2157 secus
2132 2113 2215 2172 ac
2267 2096 2360 2156 ille
2388 2096 2482 2167 qui
2535 2094 2743 2167 gladio,
2779 2107 2944 2165 quem
2996 2092 3066 2148 ad
3115 2087 3522 2162 propulsandos

1929 2194 2115 2250 hostes
2143 2190 2383 2262 accepit,
2426 2188 2674 2260 seipsum
2726 2188 3112 2246 convulnerat.
3148 2185 3222 2240 At
3267 2184 3312 2238 si
3347 2190 3520 2248 recte,

1929 2295 2095 2360 atque
2141 2296 2204 2342 ιιι
2256 2283 2457 2342 rationi
2508 2290 2945 2339 consentaneum
3000 2286 3129 2340 est.
3173 2276 3338 2350 4⁸17
3388 2290 3523 2346 opes

1928 2379 2303 2446 administrat,
2347 2383 2403 2434 et
2445 2391 2511 2432 ea
2537 2391 2662 2447 qua:
2695 2374 2840 2430 Deus
2877 2372 2983 2429 sibi
3023 2370 3260 2437 dederit,
3292 2368 3522 2438 dispen-

1929 2478 2037 2538 sat,
2068 2470 2114 2526 is
2141 2470 2304 2541 plane
2356 2476 2584 2540 propter
2632 2465 2963 2521 charitatem
3008 2471 3064 2520 et
3097 2460 3518 2528 liberalitatem,

1929 2562 2092 2619 laude
2121 2571 2174 2618 et
2204 2559 2590 2617 benevolentia
2621 2556 2824 2628 dignus
2866 2563 2976 2613 est.

2000 2652 2275 2723 Ejusdem.
2297 2683 2366 2694 —
2393 2651 2470 2706 Da
2492 2665 2741 2722 operam,
2773 2664 2807 2704 o
2835 2649 3023 2715 homo,
3057 2653 3116 2702 ut
3142 2645 3222 2703 sis
3253 2657 3519 2716 tanquam

1929 2746 2076 2803 oliva
2147 2743 2440 2801 fructifera
2485 2741 2543 2798 in
2586 2741 2754 2798 domo
2802 2738 2932 2806 Dei;
2967 2737 3232 2793 nimirum
3261 2746 3321 2793 ut
3364 2750 3520 2807 spem

1930 2838 2261 2910 neutiquam
2289 2835 2550 2907 obiicias,
2578 2833 2674 2893 sed
2705 2831 2966 2896 salutem,
2997 2845 3122 2901 qua:
3152 2828 3261 2884 ﬁde
3291 2842 3525 2898 compa-

1928 2942 2106 2997 ratur,
2136 2930 2285 2985 circa
2326 2937 2384 2986 te
2417 2943 2638 3000 semper
2673 2925 2948 2982 virentem
2983 2923 3215 2978 habeas.
3245 2919 3338 2976 Sic
3364 2933 3525 2976 nem-

1931 3041 1998 3096 pe
2024 3032 2080 3080 et
2113 3032 2380 3095 perpetuo
2414 3022 2655 3080 virorem
2685 3021 2853 3092 olivae
2919 3012 3226 3071 imitaberis
3253 3029 3271 3084 ;
3298 3013 3433 3084 quin
3465 3020 3524 3070 et

1931 3119 2278 3177 feracitatem
2336 3115 2716 3185 aemulaberis,
2764 3120 2990 3171 uberem
3060 3109 3214 3169 omni
3280 3117 3530 3180 tempore

1933 3213 2186 3288 praebens
2211 3211 2644 3282 eleemosynam.

2004 3303 2065 3360 S.
2118 3301 2278 3376 (ἔτερ.
2336 3301 2566 3358 Thaum.
2617 3300 2696 3356 De
2738 3297 2944 3358 (auditu
2998 3296 3316 3370 Origen.--
3351 3293 3524 3351 Sacra

1932 3397 2211 3464 doctrina,
2236 3403 2297 3452 ut
2337 3397 2471 3451 mihi
2518 3395 2742 3468 quidem
2782 3392 3023 3460 videtur,
3064 3407 3177 3448 non
3205 3398 3319 3446 tam
3347 3396 3526 3444 mate-

1932 3491 2031 3546 ria:
2054 3491 2196 3546 datae
2225 3491 2563 3561 quantitate,
2596 3494 2656 3544 ut
2679 3503 2802 3558 quae
2833 3493 3060 3544 externa
3089 3483 3184 3549 sit,
3204 3496 3369 3553 quam
3391 3479 3524 3536 offe-

1932 3583 2180 3638 rentium
2244 3582 2530 3636 voluntate
2553 3587 2610 3634 et
2672 3579 2964 3643 instituto,
3011 3572 3406 3632 liberalitatem
3465 3578 3523 3628 et

1931 3673 2373 3727 munificentiam
2410 3671 2755 3742 ponderavit.

2003 3763 2062 3819 S.
2093 3763 2311 3834 Gregor.
2331 3761 2598 3818 Nazianz.
2631 3772 2776 3819 orat.
2803 3761 2890 3817 l5.
2926 3793 2996 3807 —-
3020 3759 3183 3819 Nulla
3212 3777 3273 3817 re
3292 3759 3520 3816 omnino

1931 3854 2159 3926 perinde
2189 3869 2252 3910 ac
2280 3853 2668 3910 misericordia
2700 3853 2845 3910 Deus
2872 3853 3232 3920 conciliatur,
3266 3852 3522 3924 quando-

1931 3948 2153 4020 quidem
2188 3964 2290 4004 uec
2323 3949 2474 4003 aliud
2524 3949 2825 4021 quidquam
2879 3948 2991 4005 Deo
3019 3950 3194 4020 magis
3231 3950 3517 4020 prOprium

1931 4050 2018 4096 est
2061 4043 2321 4112 :quippe
2383 4058 2552 4113 quem
2601 4043 2986 4100 misericordia
3028 4050 3084 4100 et
3127 4045 3336 4099 veritas
3378 4058 3520 4113 pra:-

1931 4133 2166 4201 cedunt,
2193 4147 2246 4192 et
2275 4136 2365 4191 cui
2409 4136 2800 4197 misericordia
2842 4147 2968 4193 ante
3033 4135 3311 4208 judicium
3357 4135 3520 4191 debet

1930 4227 2138 4284 olIerri.
2169 4229 2356 4300 Neque
2384 4230 2530 4285 enim
2565 4231 2674 4285 ulla
2713 4247 2775 4286 re
2801 4231 2927 4297 alia,
2960 4231 3067 4288 nisi
3106 4228 3516 4294 misericordia,

1941 4322 2335 4379 misericordia
2393 4324 2462 4378 ab
2497 4339 2563 4378 eo
2600 4324 2947 4394 rependitur,
3008 4322 3104 4400 qui
3165 4323 3344 4394 juste,
3374 4330 3428 4378 et
3461 4322 3520 4378 in

1932 4416 2198 4486 pondere,
2225 4423 2280 4472 ct
2299 4432 2564 4472 mensura
2624 4415 3069 4474 misericordiam
3096 4417 3412 4472 remetitur.

285 4501 390 4566 Δός
413 4519 474 4556 τι
506 4498 626 4573 Θεῷ
676 4501 1055 4574 χαριστήριον,
1079 4503 1162 4557 ὅτι
1192 4502 1301 4558 τῶν
1325 4503 1570 4558 εύποιετν
1597 4503 1830 4576 δυναμέ-

2015 4506 2157 4563 Ibid.
2197 4538 2270 4549 ——
2296 4507 2466 4564 Grato
2494 4508 2686 4565 animo
2722 4509 2930 4581 aliquid
2986 4507 3101 4566 Deo
3135 4510 3343 4578 tribue,
3387 4512 3519 4584 quia

214 4613 326 4651 νων
358 4595 580 4666 ἐγένου,
626 4594 742 4650 ἀλλ’
774 4593 837 4650 ού
864 4595 973 4650 τῶν
1003 4597 1262 4653 εὐπαθεῖν
1302 4596 1595 4668 δεομένων,
1625 4600 1705 4653 ὅτι
1760 4597 1835 4672 μὴ

219 4688 452 4761 βλέπεις
478 4689 562 4752 είς
591 4687 879 4760 ἀλλοτρίας
906 4692 1117 4763 χεῖρας,
1141 4691 1256 4745 ἀλλ’
1279 4693 1358 4755 είς
1388 4690 1486 4755 τὰς
1506 4691 1604 4756 σὰς
1633 4692 1831 4765 ἕτεροι.

214 4783 545 4854 Πλούτησον
567 4781 641 4854 μὴ
671 4782 991 4855 περιουσίαν
1023 4785 1208 4856 μόνον,
1244 4785 1494 4841 ἀλλὰκαὶ
1524 4787 1832 4842 εὐσέϐειαν·

217 4875 296 4950 μὴ
336 4876 510 4950 μόνον
537 4875 600 4930 τδ
644 4876 888 4947 χρυσίον,
933 4877 1072 4932 ἀλλὰ
1126 4881 1221 4934 καὶ
1264 4882 1366 4953 τὴν
1397 4884 1622 4958 ἀρετήν.
1669 4885 1832 4940 Γενοῦ

213 4969 313 5023 τοῦ
348 4966 592 5039 πλησίον
620 4967 968 5041 τιμιώτερος,
998 4971 1056 5024 ὲν
1074 4972 1150 5043 τῷ
1182 4975 1415 5044 φανῆναι
1439 4977 1707 5049 χρηστότε
1720 4973 1833 5048 ροςξ

213 5057 394 5114 Γενοῦ
417 5057 502 5131 τῷ
533 5058 823 5130 ἀτυχοῦντι
863 5059 1018 5127 Θεὸς,
1051 5061 1143 5117 τὸν
1189 5063 1340 5120 ἔλεον
1390 5067 1526 5122 Θεοῦ
1556 5067 1835 5140 μιμούμε-

215 5170 332 5217 νος.
370 5151 549 5209 Οὐδὲν
582 5153 690 5225 γὰρ
723 5150 897 5218 οὕτως
923 5153 1001 5218 ὡς
1034 5153 1094 5208 τὸ
1114 5154 1358 5213 εύποιεῖν
1402 5158 1692 5234 ἄνθρωπος
1719 5163 1834 5235 ἔχει

214 5245 385 5303 Θεοῦ.

286 5508 419 5569 Οἴει
449 5505 528 5582 μὴ
551 5507 800 5582 ἀνάγκην
847 5504 989 5567 εἷναί
1017 5529 1104 5570 σοι
1128 5513 1233 5589 τῆς
1287 5517 1637 5591 εὐεργεσίας,
1695 5524 1832 5584 ἀλλὰ

217 5601 598 5676 προαίρεσινς
632 5602 848 5674 Σφόδρα
875 5605 973 5661 καὶ
1025 5605 1197 5671 ἀὐτὸς
1227 5608 1555 5686 ἐϐουλόμην,
1601 5619 1693 5672 καὶ
1729 5621 1831 5674 ὑπ-

217 5693 547 5768 ελάμσανον
619 5693 756 5750 ἀλλὰ
789 5697 948 5767 φοδεῖ
1000 5716 1068 5771 με
1098 5703 1132 5772 ἡ
1191 5706 1461 5780 ἀριστερὰ
1501 5709 1624 5782 χεὶρ
1657 5714 1751 5767 καὶ
1782 5717 1829 5769 οί

218 5789 435 5870 εριφοιι
468 5787 566 5845 καὶ
594 5787 631 5848 ἃ
662 5790 814 5862 παρὰ
843 5792 935 5847 τοῦ
964 5795 1262 5865 στήσαντος
1314 5799 1685 5873 ὀνειδίζονται,
1733 5807 1830 5880 οὐχ

1937 4611 1997 4657 ιιι
2032 4618 2097 4657 ex
2128 4617 2322 4659 eorum
2388 4617 2628 4658 numero
2658 4617 2721 4659 es
2752 4602 2849 4675 qui
2878 4603 3018 4659 bene
3041 4604 3110 4661 de
3138 4604 3265 4662 aliis
3316 4607 3518 4662 mereri

1938 4697 2179 4767 possint,
2215 4711 2327 4751 non
2375 4695 2472 4767 qui
2502 4695 2787 4751 beneﬁciis
2814 4695 3048 4751 aliorum
3076 4712 3218 4768 opus
3250 4697 3517 4754 habeam:

1936 4805 2062 4844 cum
2091 4790 2143 4844 in
2184 4790 2395 4846 alienas
2430 4805 2633 4845 manus
2683 4804 2791 4844 non
2844 4789 3137 4854 intuearis,
3168 4791 3264 4847 sed
3292 4791 3348 4846 in
3396 4799 3520 4848 tuas

1937 4883 2050 4937 alii.
2083 4882 2174 4938 Sis
2223 4899 2334 4938 non
2369 4884 2569 4953 opibus
2593 4891 2647 4938 et
2679 4881 3039 4939 facultatibus
3080 4883 3267 4950 modo,
3330 4901 3519 4940 verum

1935 4987 1992 5030 et
2037 4975 2238 5046 pietate
2267 4975 2424 5030 dives
2459 4990 2610 5030 :non
2653 4985 2863 5030 tantum
2906 4991 3068 5040 auro,
3095 4975 3190 5031 sed
3213 4976 3376 5031 etiam
3411 4979 3521 5031 vir-

1938 5076 2078 5124 tute.
2135 5066 2228 5123 Sis
2280 5067 2532 5140 proximo
2582 5076 2680 5123 tuo
2726 5069 2832 5124 hoc
2870 5071 3092 5125 nomine
3141 5073 3518 5140 praestantior,

1937 5160 2081 5232 quod
2115 5161 2381 5231 majorem
2403 5161 2799 5231 benignitatem
2833 5161 3116 5230 praeferas.
3149 5163 3238 5218 Sis
3289 5164 3519 5219 calami-

1934 5261 2056 5308 toso
2086 5250 2254 5317 Deus,
2281 5250 2377 5307 Dei
2411 5251 2847 5308 misericordiam
2885 5253 3175 5308 imitando.
3202 5253 3346 5310 Nihil
3372 5256 3516 5312 enim

1935 5353 2047 5400 tam
2086 5344 2336 5400 divinum
2380 5344 2549 5400 habet
2581 5346 2766 5416 homo,
2795 5363 2962 5420 quam
2996 5348 3137 5406 bene
3161 5349 3228 5405 de
3253 5348 3381 5404 aliis
3401 5364 3519 5404 me-

1933 5437 2096 5493 rendi
2137 5436 2484 5495 facultatem.

2009 5530 2289 5600 Ejusdem.
2351 5560 2422 5572 -—
2479 5532 2563 5588 An
2599 5539 2657 5586 tu
2695 5532 3129 5589 beneﬁcentiam
3182 5532 3400 5589 arbitrii
3438 5535 3519 5590 tui

1934 5638 2060 5678 esse
2091 5632 2277 5694 putas,
2312 5638 2425 5678 non
2456 5626 2822 5682 necessitatis
2854 5627 2877 5679 ’Ξ
2917 5625 3098 5694 Quam
3128 5627 3246 5696 ipse
3299 5643 3522 5700 quoque

1933 5719 2129 5772 vellem
2169 5717 2247 5771 ita
2300 5725 2471 5785 esset,
2516 5728 2683 5790 atque
2743 5721 2912 5774 etiam
2968 5721 3372 5777 existimarem.
3411 5720 3518 5780 Sed

1933 5811 2068 5869 mihi
2098 5819 2302 5869 metum
2339 5812 2570 5876 sinistra
2608 5813 2701 5874 illa
2737 5814 2968 5883 incutit,
3000 5823 3054 5873 et
3079 5816 3251 5886 haedi,
3294 5823 3350 5873 ct
3384 5831 3518 5888 pro.
