  <div class='ocr_page' id='page_1' title='image "/cluster/home/n/w/nwhite01/storage/ocr_20150623/95/hvd.32044073502106/740.png"; bbox 0 0 4020 6262; ppageno 0'>
   <div class='ocr_carea' id='block_1_1' title="bbox 269 372 398 438">
    <p class='ocr_par' dir='ltr' id='par_1_1' title="bbox 269 372 398 438">
     <span class='ocr_line' id='line_1_1' title="bbox 269 372 398 438; baseline -0.016 0"><span class='ocrx_word' id='word_1_1' title='bbox 269 372 398 438; x_wconf 74' lang='grc'><strong>1469</strong></span> 
     </span>
    </p>
   </div>
   <div class='ocr_carea' id='block_1_2' title="bbox 1521 368 2287 436">
    <p class='ocr_par' dir='ltr' id='par_1_2' title="bbox 1521 368 2287 436">
     <span class='ocr_line' id='line_1_2' title="bbox 1521 368 2287 436; baseline -0.003 0"><span class='ocrx_word' id='word_1_2' title='bbox 1521 372 1777 436; x_wconf 70' lang='grc' dir='ltr'><strong>ίΞΑΕΡιΑ</strong></span> <span class='ocrx_word' id='word_1_3' title='bbox 1813 368 2014 431; x_wconf 78' lang='grc' dir='ltr'><strong>ΡΑΒΑ</strong></span> <span class='ocrx_word' id='word_1_4' title='bbox 2025 370 2287 434; x_wconf 75' lang='lat' dir='ltr'><strong>LLELA.</strong></span> 
     </span>
    </p>
   </div>
   <div class='ocr_carea' id='block_1_3' title="bbox 3400 366 3537 433">
    <p class='ocr_par' dir='ltr' id='par_1_3' title="bbox 3400 366 3537 433">
     <span class='ocr_line' id='line_1_3' title="bbox 3400 366 3537 433; baseline 0 -1"><span class='ocrx_word' id='word_1_5' title='bbox 3400 366 3537 433; x_wconf 76' lang='lat' dir='ltr'><strong>M70</strong></span> 
     </span>
    </p>
   </div>
   <div class='ocr_carea' id='block_1_4' title="bbox 269 478 1830 557">
    <p class='ocr_par' dir='ltr' id='par_1_4' title="bbox 269 481 1830 557">
     <span class='ocr_line' id='line_1_4' title="bbox 269 481 1830 557; baseline 0.001 -20"><span class='ocrx_word' id='word_1_6' title='bbox 269 481 595 557; x_wconf 85' lang='grc' dir='ltr'>ραχαράττει</span> <span class='ocrx_word' id='word_1_7' title='bbox 621 484 750 547; x_wconf 81' lang='grc' dir='ltr'>τοὺς</span> <span class='ocrx_word' id='word_1_8' title='bbox 785 482 1009 552; x_wconf 79' lang='grc' dir='ltr'>νόμους.</span> <span class='ocrx_word' id='word_1_9' title='bbox 1054 483 1303 557; x_wconf 79' lang='grc' dir='ltr'><strong>Δέχεται,</strong></span> <span class='ocrx_word' id='word_1_10' title='bbox 1357 486 1450 540; x_wconf 74' lang='grc' dir='ltr'>καὶ</span> <span class='ocrx_word' id='word_1_11' title='bbox 1474 485 1597 540; x_wconf 70' lang='grc' dir='ltr'>ἀντὶ</span> <span class='ocrx_word' id='word_1_12' title='bbox 1644 484 1830 539; x_wconf 64' lang='grc' dir='ltr'>δικαίοτ</span> 
     </span>
    </p>
   </div>
   <div class='ocr_carea' id='block_1_5' title="bbox 1934 478 3537 557">
    <p class='ocr_par' dir='ltr' id='par_1_5' title="bbox 1959 478 3537 555">
     <span class='ocr_line' id='line_1_5' title="bbox 1959 478 3537 555; baseline 0.001 -18"><span class='ocrx_word' id='word_1_13' title='bbox 1959 481 2053 540; x_wconf 91' lang='lat' dir='ltr'><strong>ille</strong></span> <span class='ocrx_word' id='word_1_14' title='bbox 2084 498 2318 541; x_wconf 90' lang='lat' dir='ltr'><strong>munera</strong></span> <span class='ocrx_word' id='word_1_15' title='bbox 2353 488 2448 539; x_wconf 86' lang='lat' dir='ltr'><strong>tua</strong></span> <span class='ocrx_word' id='word_1_16' title='bbox 2478 497 2578 555; x_wconf 89' lang='lat' dir='ltr'><strong>per</strong></span> <span class='ocrx_word' id='word_1_17' title='bbox 2607 496 2731 539; x_wconf 89' lang='lat' dir='ltr'><strong>eum</strong></span> <span class='ocrx_word' id='word_1_18' title='bbox 2765 478 2988 553; x_wconf 86' lang='lat' dir='ltr'><strong>accipit,</strong></span> <span class='ocrx_word' id='word_1_19' title='bbox 3023 487 3080 538; x_wconf 88' lang='lat' dir='ltr'><strong>et</strong></span> <span class='ocrx_word' id='word_1_20' title='bbox 3118 481 3269 554; x_wconf 80' lang='lat' dir='ltr'><strong>leges</strong></span> <span class='ocrx_word' id='word_1_21' title='bbox 3322 483 3537 539; x_wconf 76' lang='lat' dir='ltr'><strong>adulte—</strong></span> 
     </span>
    </p>
   </div>
   <div class='ocr_carea' id='block_1_6' title="bbox 264 575 1830 653">
    <p class='ocr_par' dir='ltr' id='par_1_6' title="bbox 264 577 1830 653">
     <span class='ocr_line' id='line_1_6' title="bbox 264 577 1830 653; baseline 0.001 -22"><span class='ocrx_word' id='word_1_22' title='bbox 264 577 640 648; x_wconf 78' lang='grc' dir='ltr'>φιλάνθρωπος</span> <span class='ocrx_word' id='word_1_23' title='bbox 671 579 902 648; x_wconf 85' lang='grc' dir='ltr'>γίνεται.</span> <span class='ocrx_word' id='word_1_24' title='bbox 929 578 1177 650; x_wconf 80' lang='grc' dir='ltr'><strong>Δέχεται,</strong></span> <span class='ocrx_word' id='word_1_25' title='bbox 1207 584 1305 634; x_wconf 67' lang='grc' dir='ltr'>καὶ</span> <span class='ocrx_word' id='word_1_26' title='bbox 1322 581 1423 652; x_wconf 82' lang='grc' dir='ltr'>τῆς</span> <span class='ocrx_word' id='word_1_27' title='bbox 1441 579 1699 650; x_wconf 79' lang='grc' dir='ltr'><strong>ἀληθείας</strong></span> <span class='ocrx_word' id='word_1_28' title='bbox 1721 598 1830 653; x_wconf 89' lang='grc' dir='ltr'><strong>προ</strong></span> 
     </span>
    </p>
   </div>
   <div class='ocr_carea' id='block_1_7' title="bbox 1934 575 3540 653">
    <p class='ocr_par' dir='ltr' id='par_1_7' title="bbox 1957 575 3540 649">
     <span class='ocr_line' id='line_1_7' title="bbox 1957 575 3540 649; baseline -0.002 -16"><span class='ocrx_word' id='word_1_29' title='bbox 1957 585 2045 633; x_wconf 90' lang='lat' dir='ltr'><strong>rat</strong></span> <span class='ocrx_word' id='word_1_30' title='bbox 2071 593 2229 635; x_wconf 89' lang='lat' dir='ltr'><strong>suas.</strong></span> <span class='ocrx_word' id='word_1_31' title='bbox 2275 577 2519 649; x_wconf 78' lang='lat' dir='ltr'><strong>Accipit,</strong></span> <span class='ocrx_word' id='word_1_32' title='bbox 2566 577 2815 648; x_wconf 85' lang='lat' dir='ltr'><strong>inquam,</strong></span> <span class='ocrx_word' id='word_1_33' title='bbox 2869 585 3035 648; x_wconf 90' lang='lat' dir='ltr'><strong>atque</strong></span> <span class='ocrx_word' id='word_1_34' title='bbox 3065 591 3131 632; x_wconf 81' lang='lat' dir='ltr'><strong>ex</strong></span> <span class='ocrx_word' id='word_1_35' title='bbox 3180 575 3331 647; x_wconf 86' lang='lat' dir='ltr'><strong>justo</strong></span> <span class='ocrx_word' id='word_1_36' title='bbox 3375 575 3540 632; x_wconf 88' lang='lat' dir='ltr'><strong>beni-</strong></span> 
     </span>
    </p>
   </div>
   <div class='ocr_carea' id='block_1_8' title="bbox 261 668 1851 743">
    <p class='ocr_par' dir='ltr' id='par_1_8' title="bbox 261 668 1851 743">
     <span class='ocr_line' id='line_1_8' title="bbox 261 668 1851 743; baseline 0.003 -21"><span class='ocrx_word' id='word_1_37' title='bbox 261 668 439 722; x_wconf 81' lang='grc' dir='ltr'>τάττει</span> <span class='ocrx_word' id='word_1_38' title='bbox 468 668 558 722; x_wconf 66' lang='grc' dir='ltr'>τὶν</span> <span class='ocrx_word' id='word_1_39' title='bbox 591 669 758 733; x_wconf 80' lang='grc' dir='ltr'>ἔλεον,</span> <span class='ocrx_word' id='word_1_40' title='bbox 791 669 887 723; x_wconf 80' lang='grc' dir='ltr'>καὶ</span> <span class='ocrx_word' id='word_1_41' title='bbox 918 671 982 740; x_wconf 82' lang='grc' dir='ltr'><strong>τῇ</strong></span> <span class='ocrx_word' id='word_1_42' title='bbox 1035 669 1336 739; x_wconf 77' lang='grc' dir='ltr'><strong>πλάστιγγι</strong></span> <span class='ocrx_word' id='word_1_43' title='bbox 1360 670 1471 725; x_wconf 83' lang='grc' dir='ltr'>τῶν</span> <span class='ocrx_word' id='word_1_44' title='bbox 1511 671 1851 743; x_wconf 85' lang='grc' dir='ltr'>ἁμαρτημά-</span> 
     </span>
    </p>
   </div>
   <div class='ocr_carea' id='block_1_9' title="bbox 261 761 1851 834">
    <p class='ocr_par' dir='ltr' id='par_1_9' title="bbox 261 761 1851 834">
     <span class='ocr_line' id='line_1_9' title="bbox 261 761 1851 834; baseline 0.004 -21"><span class='ocrx_word' id='word_1_45' title='bbox 261 777 361 813; x_wconf 87' lang='grc' dir='ltr'><strong>των</strong></span> <span class='ocrx_word' id='word_1_46' title='bbox 385 761 694 834; x_wconf 74' lang='grc' dir='ltr'>ἀντιπρεμᾲ</span> <span class='ocrx_word' id='word_1_47' title='bbox 729 761 829 833; x_wconf 69' lang='grc' dir='ltr'>τὴν</span> <span class='ocrx_word' id='word_1_48' title='bbox 850 763 1010 832; x_wconf 79' lang='grc' dir='ltr'>χεῖρα</span> <span class='ocrx_word' id='word_1_49' title='bbox 1040 761 1134 816; x_wconf 81' lang='grc' dir='ltr'>τοῦ</span> <span class='ocrx_word' id='word_1_50' title='bbox 1166 763 1420 834; x_wconf 82' lang='grc' dir='ltr'><strong>πένητος.</strong></span> <span class='ocrx_word' id='word_1_51' title='bbox 1442 794 1512 804; x_wconf 88' lang='lat'><strong>--</strong></span> <span class='ocrx_word' id='word_1_52' title='bbox 1541 765 1710 818; x_wconf 83' lang='grc' dir='ltr'><strong>Ὅταν</strong></span> <span class='ocrx_word' id='word_1_53' title='bbox 1737 765 1851 820; x_wconf 81' lang='grc' dir='ltr'>δια-</span> 
     </span>
    </p>
   </div>
   <div class='ocr_carea' id='block_1_10' title="bbox 260 852 1847 934">
    <p class='ocr_par' dir='ltr' id='par_1_10' title="bbox 260 852 1847 934">
     <span class='ocr_line' id='line_1_10' title="bbox 260 852 1847 934; baseline 0.007 -30"><span class='ocrx_word' id='word_1_54' title='bbox 260 852 286 905; x_wconf 86' lang='grc'><strong>0</strong></span> <span class='ocrx_word' id='word_1_55' title='bbox 294 852 458 926; x_wconf 55' lang='lat' dir='ltr'><strong>ped/nc</strong></span> <span class='ocrx_word' id='word_1_56' title='bbox 475 853 566 907; x_wconf 75' lang='grc' dir='ltr'>τὸν</span> <span class='ocrx_word' id='word_1_57' title='bbox 582 854 813 926; x_wconf 81' lang='grc' dir='ltr'>πένητα,</span> <span class='ocrx_word' id='word_1_58' title='bbox 832 856 1032 910; x_wconf 82' lang='grc' dir='ltr'>σαυτὸν</span> <span class='ocrx_word' id='word_1_59' title='bbox 1055 856 1246 930; x_wconf 82' lang='grc' dir='ltr'>νόμιζε</span> <span class='ocrx_word' id='word_1_60' title='bbox 1273 859 1847 934; x_wconf 69' lang='grc' dir='ltr'>διατρέφειν.Τοιαύτη</span> 
     </span>
    </p>
   </div>
   <div class='ocr_carea' id='block_1_11' title="bbox 258 945 1850 1025">
    <p class='ocr_par' dir='ltr' id='par_1_11' title="bbox 258 945 1850 1025">
     <span class='ocr_line' id='line_1_11' title="bbox 258 945 1850 1025; baseline 0.006 -26"><span class='ocrx_word' id='word_1_61' title='bbox 258 945 361 1017; x_wconf 81' lang='grc' dir='ltr'><strong>γὰρ</strong></span> <span class='ocrx_word' id='word_1_62' title='bbox 395 947 430 1017; x_wconf 74' lang='grc' dir='ltr'>ἡ</span> <span class='ocrx_word' id='word_1_63' title='bbox 460 945 556 1000; x_wconf 77' lang='grc' dir='ltr'><strong>τοῦ</strong></span> <span class='ocrx_word' id='word_1_64' title='bbox 611 949 939 1020; x_wconf 83' lang='grc' dir='ltr'>πράγματος</span> <span class='ocrx_word' id='word_1_65' title='bbox 993 949 1176 1020; x_wconf 83' lang='grc' dir='ltr'><strong>φύσις.</strong></span> <span class='ocrx_word' id='word_1_66' title='bbox 1245 950 1338 1018; x_wconf 80' lang='grc' dir='ltr'><strong>Ἐξ</strong></span> <span class='ocrx_word' id='word_1_67' title='bbox 1381 953 1540 1025; x_wconf 75' lang='grc' dir='ltr'>ἡμῶν</span> <span class='ocrx_word' id='word_1_68' title='bbox 1570 953 1654 1017; x_wconf 81' lang='grc' dir='ltr'><strong>είς</strong></span> <span class='ocrx_word' id='word_1_69' title='bbox 1702 955 1850 1025; x_wconf 80' lang='grc' dir='ltr'><strong>ἡμᾶς</strong></span> 
     </span>
    </p>
   </div>
   <div class='ocr_carea' id='block_1_12' title="bbox 259 1038 1847 1117">
    <p class='ocr_par' dir='ltr' id='par_1_12' title="bbox 259 1038 1847 1117">
     <span class='ocr_line' id='line_1_12' title="bbox 259 1038 1847 1117; baseline 0.005 -25"><span class='ocrx_word' id='word_1_70' title='bbox 259 1039 568 1111; x_wconf 79' lang='grc' dir='ltr'>μεταχωρεῖ</span> <span class='ocrx_word' id='word_1_71' title='bbox 596 1038 667 1094; x_wconf 80' lang='grc' dir='ltr'><strong>τά</strong></span> <span class='ocrx_word' id='word_1_72' title='bbox 707 1039 984 1111; x_wconf 86' lang='grc' dir='ltr'>διδόμενα.</span> <span class='ocrx_word' id='word_1_73' title='bbox 1020 1043 1082 1096; x_wconf 84' lang='lat'><strong>&#39;0</strong></span> <span class='ocrx_word' id='word_1_74' title='bbox 1122 1042 1232 1117; x_wconf 79' lang='grc' dir='ltr'>γὰρ</span> <span class='ocrx_word' id='word_1_75' title='bbox 1261 1044 1646 1117; x_wconf 85' lang='grc' dir='ltr'>φιλάνθρωπος</span> <span class='ocrx_word' id='word_1_76' title='bbox 1689 1045 1847 1117; x_wconf 78' lang='grc' dir='ltr'>ἡμῶν</span> 
     </span>
    </p>
   </div>
   <div class='ocr_carea' id='block_1_13' title="bbox 254 1129 1844 1212">
    <p class='ocr_par' dir='ltr' id='par_1_13' title="bbox 254 1129 1844 1212">
     <span class='ocr_line' id='line_1_13' title="bbox 254 1129 1844 1212; baseline 0.006 -29"><span class='ocrx_word' id='word_1_77' title='bbox 254 1129 518 1204; x_wconf 74' lang='grc' dir='ltr'><strong>δεσπότης</strong></span> <span class='ocrx_word' id='word_1_78' title='bbox 541 1131 603 1187; x_wconf 83' lang='grc' dir='ltr'>τὸ</span> <span class='ocrx_word' id='word_1_79' title='bbox 637 1133 908 1206; x_wconf 74' lang='grc' dir='ltr'>ἡμέτερον</span> <span class='ocrx_word' id='word_1_80' title='bbox 948 1135 1151 1190; x_wconf 82' lang='grc' dir='ltr'>ἐπιδὼν</span> <span class='ocrx_word' id='word_1_81' title='bbox 1182 1136 1540 1209; x_wconf 79' lang='grc' dir='ltr'><strong>μικρόψυχον,</strong></span> <span class='ocrx_word' id='word_1_82' title='bbox 1566 1139 1645 1202; x_wconf 85' lang='grc' dir='ltr'>εἰς</span> <span class='ocrx_word' id='word_1_83' title='bbox 1669 1140 1844 1212; x_wconf 86' lang='grc' dir='ltr'>ὑπερ-</span> 
     </span>
    </p>
   </div>
   <div class='ocr_carea' id='block_1_14' title="bbox 253 1222 1847 1306">
    <p class='ocr_par' dir='ltr' id='par_1_14' title="bbox 253 1222 1847 1306">
     <span class='ocr_line' id='line_1_14' title="bbox 253 1222 1847 1306; baseline 0.008 -30"><span class='ocrx_word' id='word_1_84' title='bbox 253 1222 416 1296; x_wconf 75' lang='grc' dir='ltr'>ϐολὴν</span> <span class='ocrx_word' id='word_1_85' title='bbox 434 1226 673 1299; x_wconf 77' lang='grc' dir='ltr'>ἄμετρον</span> <span class='ocrx_word' id='word_1_86' title='bbox 698 1225 1020 1298; x_wconf 75' lang='grc' dir='ltr'><strong>ἀναπέμπει</strong></span> <span class='ocrx_word' id='word_1_87' title='bbox 1043 1229 1106 1284; x_wconf 80' lang='grc' dir='ltr'>τὸ</span> <span class='ocrx_word' id='word_1_88' title='bbox 1133 1228 1316 1302; x_wconf 77' lang='grc' dir='ltr'>ἔργον,</span> <span class='ocrx_word' id='word_1_89' title='bbox 1343 1230 1439 1286; x_wconf 85' lang='grc' dir='ltr'>καὶ</span> <span class='ocrx_word' id='word_1_90' title='bbox 1465 1232 1660 1286; x_wconf 72' lang='grc' dir='ltr'>ἑαυτὸν</span> <span class='ocrx_word' id='word_1_91' title='bbox 1677 1233 1847 1306; x_wconf 82' lang='grc' dir='ltr'>χρεώ-</span> 
     </span>
    </p>
   </div>
   <div class='ocr_carea' id='block_1_15' title="bbox 254 1308 1843 1399">
    <p class='ocr_par' dir='ltr' id='par_1_15' title="bbox 254 1308 1843 1399">
     <span class='ocr_line' id='line_1_15' title="bbox 254 1308 1843 1399; baseline 0.008 -29"><span class='ocrx_word' id='word_1_92' title='bbox 254 1308 384 1388; x_wconf 60' lang='grc' dir='ltr'>σττίν</span> <span class='ocrx_word' id='word_1_93' title='bbox 414 1317 516 1389; x_wconf 81' lang='grc' dir='ltr'><strong>τῆς</strong></span> <span class='ocrx_word' id='word_1_94' title='bbox 535 1319 912 1395; x_wconf 81' lang='grc' dir='ltr'>ἐλεημοσύνης</span> <span class='ocrx_word' id='word_1_95' title='bbox 940 1322 1116 1377; x_wconf 76' lang='grc' dir='ltr'>καλείο</span> <span class='ocrx_word' id='word_1_96' title='bbox 1145 1323 1282 1378; x_wconf 87' lang='grc' dir='ltr'><strong>Θεοῦ</strong></span> <span class='ocrx_word' id='word_1_97' title='bbox 1306 1324 1574 1397; x_wconf 80' lang='grc' dir='ltr'><strong>δάνεισμα</strong></span> <span class='ocrx_word' id='word_1_98' title='bbox 1607 1325 1706 1399; x_wconf 78' lang='grc' dir='ltr'>τὴν</span> <span class='ocrx_word' id='word_1_99' title='bbox 1752 1329 1843 1382; x_wconf 81' lang='grc' dir='ltr'><strong>εὑ-</strong></span> 
     </span>
    </p>
   </div>
   <div class='ocr_carea' id='block_1_16' title="bbox 252 1408 1837 1492">
    <p class='ocr_par' dir='ltr' id='par_1_16' title="bbox 252 1408 1837 1492">
     <span class='ocr_line' id='line_1_16' title="bbox 252 1408 1837 1492; baseline 0.009 -31"><span class='ocrx_word' id='word_1_100' title='bbox 252 1408 435 1462; x_wconf 78' lang='grc' dir='ltr'>ποιῖαν</span> <span class='ocrx_word' id='word_1_101' title='bbox 473 1412 896 1484; x_wconf 82' lang='grc' dir='ltr'>προσαγορεύει.</span> <span class='ocrx_word' id='word_1_102' title='bbox 948 1409 1020 1469; x_wconf 80' lang='grc' dir='ltr'><strong><em>Ὦ</em></strong></span> <span class='ocrx_word' id='word_1_103' title='bbox 1050 1414 1191 1487; x_wconf 81' lang='grc' dir='ltr'>πόση</span> <span class='ocrx_word' id='word_1_104' title='bbox 1246 1413 1349 1487; x_wconf 80' lang='grc' dir='ltr'><strong>τῆς</strong></span> <span class='ocrx_word' id='word_1_105' title='bbox 1395 1416 1766 1492; x_wconf 79' lang='grc' dir='ltr'>ἐλεημοσύνης</span> <span class='ocrx_word' id='word_1_106' title='bbox 1804 1421 1837 1490; x_wconf 78' lang='grc' dir='ltr'>ἡ</span> 
     </span>
    </p>
   </div>
   <div class='ocr_carea' id='block_1_17' title="bbox 249 1500 1834 1586">
    <p class='ocr_par' dir='ltr' id='par_1_17' title="bbox 249 1500 1834 1586">
     <span class='ocr_line' id='line_1_17' title="bbox 249 1500 1834 1586; baseline 0.008 -30"><span class='ocrx_word' id='word_1_107' title='bbox 249 1500 516 1574; x_wconf 77' lang='grc' dir='ltr'>δύναμιςῐ</span> <span class='ocrx_word' id='word_1_108' title='bbox 562 1505 698 1578; x_wconf 84' lang='grc' dir='ltr'>μόνη</span> <span class='ocrx_word' id='word_1_109' title='bbox 728 1507 788 1560; x_wconf 79' lang='grc' dir='ltr'>τὸ</span> <span class='ocrx_word' id='word_1_110' title='bbox 844 1508 991 1562; x_wconf 79' lang='grc' dir='ltr'>θετον</span> <span class='ocrx_word' id='word_1_111' title='bbox 1042 1509 1431 1582; x_wconf 77' lang='grc' dir='ltr'><strong>ὑπεισέρχεται</strong></span> <span class='ocrx_word' id='word_1_112' title='bbox 1461 1511 1834 1586; x_wconf 80' lang='grc' dir='ltr'>δικαστήριον.</span> 
     </span>
    </p>
   </div>
   <div class='ocr_carea' id='block_1_18' title="bbox 247 1598 1838 1682">
    <p class='ocr_par' dir='ltr' id='par_1_18' title="bbox 247 1598 1838 1682">
     <span class='ocr_line' id='line_1_18' title="bbox 247 1598 1838 1682; baseline 0.008 -31"><span class='ocrx_word' id='word_1_113' title='bbox 247 1598 335 1668; x_wconf 76' lang='grc' dir='ltr'><strong>Μὴ</strong></span> <span class='ocrx_word' id='word_1_114' title='bbox 369 1598 699 1670; x_wconf 80' lang='grc' dir='ltr'>φοϐηθῶμεν</span> <span class='ocrx_word' id='word_1_115' title='bbox 735 1599 1001 1674; x_wconf 82' lang='grc' dir='ltr'>δικαστὴν</span> <span class='ocrx_word' id='word_1_116' title='bbox 1055 1602 1162 1674; x_wconf 81' lang='grc' dir='ltr'>πρὸ</span> <span class='ocrx_word' id='word_1_117' title='bbox 1212 1603 1305 1659; x_wconf 83' lang='grc' dir='ltr'>τοῦ</span> <span class='ocrx_word' id='word_1_118' title='bbox 1351 1604 1705 1679; x_wconf 77' lang='grc' dir='ltr'><strong>δικαστηρίου</strong></span> <span class='ocrx_word' id='word_1_119' title='bbox 1736 1609 1838 1682; x_wconf 80' lang='grc' dir='ltr'>τὴν</span> 
     </span>
    </p>
   </div>
   <div class='ocr_carea' id='block_1_19' title="bbox 244 1692 1839 1773">
    <p class='ocr_par' dir='ltr' id='par_1_19' title="bbox 244 1692 1839 1773">
     <span class='ocr_line' id='line_1_19' title="bbox 244 1692 1839 1773; baseline 0.009 -30"><span class='ocrx_word' id='word_1_120' title='bbox 244 1693 399 1763; x_wconf 86' lang='grc' dir='ltr'>χεῖρα</span> <span class='ocrx_word' id='word_1_121' title='bbox 462 1692 839 1762; x_wconf 88' lang='grc' dir='ltr'>προτείνοντα.</span> <span class='ocrx_word' id='word_1_122' title='bbox 885 1694 978 1766; x_wconf 78' lang='grc' dir='ltr'><strong>Μὴ</strong></span> <span class='ocrx_word' id='word_1_123' title='bbox 1021 1696 1359 1768; x_wconf 78' lang='grc' dir='ltr'>φοϐηθῶμεν</span> <span class='ocrx_word' id='word_1_124' title='bbox 1405 1699 1675 1773; x_wconf 80' lang='grc' dir='ltr'>δικαστὴν</span> <span class='ocrx_word' id='word_1_125' title='bbox 1735 1704 1839 1758; x_wconf 80' lang='grc' dir='ltr'><strong>οὐκ</strong></span> 
     </span>
    </p>
   </div>
   <div class='ocr_carea' id='block_1_20' title="bbox 243 1783 1835 1863">
    <p class='ocr_par' dir='ltr' id='par_1_20' title="bbox 243 1783 1835 1863">
     <span class='ocr_line' id='line_1_20' title="bbox 243 1783 1835 1863; baseline 0.006 -25"><span class='ocrx_word' id='word_1_126' title='bbox 243 1783 574 1858; x_wconf 72' lang='grc' dir='ltr'>ἀρνούμενον</span> <span class='ocrx_word' id='word_1_127' title='bbox 597 1786 692 1840; x_wconf 81' lang='grc' dir='ltr'><strong>τοῦ</strong></span> <span class='ocrx_word' id='word_1_128' title='bbox 717 1786 1006 1844; x_wconf 81' lang='grc' dir='ltr'>).α6εῖν.-</span> <span class='ocrx_word' id='word_1_129' title='bbox 1022 1787 1272 1854; x_wconf 76' lang='grc' dir='ltr'>Καθίσας</span> <span class='ocrx_word' id='word_1_130' title='bbox 1298 1791 1327 1844; x_wconf 86' lang='grc' dir='ltr'><strong>δ</strong></span> <span class='ocrx_word' id='word_1_131' title='bbox 1353 1791 1560 1863; x_wconf 79' lang='grc' dir='ltr'><strong>Ἰησοῦς</strong></span> <span class='ocrx_word' id='word_1_132' title='bbox 1577 1793 1835 1849; x_wconf 75' lang='grc' dir='ltr'>ἀπέναντι</span> 
     </span>
    </p>
   </div>
   <div class='ocr_carea' id='block_1_21' title="bbox 240 1878 1834 1960">
    <p class='ocr_par' dir='ltr' id='par_1_21' title="bbox 240 1878 1834 1960">
     <span class='ocr_line' id='line_1_21' title="bbox 240 1878 1834 1960; baseline 0.007 -28"><span class='ocrx_word' id='word_1_133' title='bbox 240 1879 329 1932; x_wconf 76' lang='grc' dir='ltr'>τοῦ</span> <span class='ocrx_word' id='word_1_134' title='bbox 358 1878 781 1950; x_wconf 75' lang='grc' dir='ltr'>γαζοφυλακίου,</span> <span class='ocrx_word' id='word_1_135' title='bbox 841 1880 1069 1956; x_wconf 82' lang='grc' dir='ltr'>ἐθεώρει</span> <span class='ocrx_word' id='word_1_136' title='bbox 1106 1883 1224 1948; x_wconf 84' lang='grc' dir='ltr'>πῶς</span> <span class='ocrx_word' id='word_1_137' title='bbox 1250 1886 1301 1939; x_wconf 72' lang='lat' dir='ltr'><strong>oi</strong></span> <span class='ocrx_word' id='word_1_138' title='bbox 1389 1886 1534 1960; x_wconf 80' lang='grc' dir='ltr'>ὄχλοι</span> <span class='ocrx_word' id='word_1_139' title='bbox 1575 1886 1834 1958; x_wconf 85' lang='grc' dir='ltr'>βάλλουσι</span> 
     </span>
    </p>
   </div>
   <div class='ocr_carea' id='block_1_22' title="bbox 240 1971 1836 2054">
    <p class='ocr_par' dir='ltr' id='par_1_22' title="bbox 240 1971 1836 2054">
     <span class='ocr_line' id='line_1_22' title="bbox 240 1971 1836 2054; baseline 0.007 -29"><span class='ocrx_word' id='word_1_140' title='bbox 240 1971 459 2049; x_wconf 83' lang='grc' dir='ltr'>χαλκόν.</span> <span class='ocrx_word' id='word_1_141' title='bbox 532 1971 919 2049; x_wconf 84' lang='grc' dir='ltr'>Παραδραμὼν</span> <span class='ocrx_word' id='word_1_142' title='bbox 947 1976 1008 2031; x_wconf 82' lang='grc' dir='ltr'>τὸ</span> <span class='ocrx_word' id='word_1_143' title='bbox 1042 1977 1431 2050; x_wconf 74' lang='grc' dir='ltr'>θυσιαστήριον</span> <span class='ocrx_word' id='word_1_144' title='bbox 1483 1979 1562 2052; x_wconf 80' lang='grc' dir='ltr'>τῷ</span> <span class='ocrx_word' id='word_1_145' title='bbox 1595 1981 1836 2054; x_wconf 78' lang='grc' dir='ltr'>γαζοφυ-</span> 
     </span>
    </p>
   </div>
   <div class='ocr_carea' id='block_1_23' title="bbox 237 2061 1834 2141">
    <p class='ocr_par' dir='ltr' id='par_1_23' title="bbox 237 2061 1834 2141">
     <span class='ocr_line' id='line_1_23' title="bbox 237 2061 1834 2141; baseline 0.006 -24"><span class='ocrx_word' id='word_1_146' title='bbox 237 2063 407 2138; x_wconf 76' lang='grc' dir='ltr'>λακίῳ</span> <span class='ocrx_word' id='word_1_147' title='bbox 440 2066 790 2138; x_wconf 81' lang='grc' dir='ltr'>προστρέχει.</span> <span class='ocrx_word' id='word_1_148' title='bbox 827 2061 1216 2141; x_wconf 85' lang='grc' dir='ltr'>Παραδραμὼν</span> <span class='ocrx_word' id='word_1_149' title='bbox 1245 2072 1376 2135; x_wconf 72' lang='grc' dir='ltr'>τοὺς</span> <span class='ocrx_word' id='word_1_150' title='bbox 1404 2068 1632 2136; x_wconf 81' lang='grc' dir='ltr'>θύοντας</span> <span class='ocrx_word' id='word_1_151' title='bbox 1653 2073 1746 2126; x_wconf 72' lang='grc' dir='ltr'>ἐπὶ</span> <span class='ocrx_word' id='word_1_152' title='bbox 1773 2074 1834 2127; x_wconf 81' lang='grc' dir='ltr'>τὸ</span> 
     </span>
    </p>
   </div>
   <div class='ocr_carea' id='block_1_24' title="bbox 236 2159 1833 2239">
    <p class='ocr_par' dir='ltr' id='par_1_24' title="bbox 236 2159 1833 2239">
     <span class='ocr_line' id='line_1_24' title="bbox 236 2159 1833 2239; baseline 0.006 -28"><span class='ocrx_word' id='word_1_153' title='bbox 236 2159 598 2230; x_wconf 60' lang='grc' dir='ltr'>ῆςεύποιῖάς</span> <span class='ocrx_word' id='word_1_154' title='bbox 628 2161 933 2230; x_wconf 86' lang='grc' dir='ltr'>ἐπιγίνεται</span> <span class='ocrx_word' id='word_1_155' title='bbox 959 2162 1187 2236; x_wconf 86' lang='grc' dir='ltr'>θέατρον</span> <span class='ocrx_word' id='word_1_156' title='bbox 1213 2179 1227 2195; x_wconf 79' lang='grc'><em>’</em></span> <span class='ocrx_word' id='word_1_157' title='bbox 1254 2163 1474 2228; x_wconf 79' lang='grc' dir='ltr'>δεικνὺς</span> <span class='ocrx_word' id='word_1_158' title='bbox 1492 2165 1581 2219; x_wconf 86' lang='grc' dir='ltr'><strong>διά</strong></span> <span class='ocrx_word' id='word_1_159' title='bbox 1609 2165 1717 2220; x_wconf 84' lang='grc' dir='ltr'><strong>τῶν</strong></span> <span class='ocrx_word' id='word_1_160' title='bbox 1739 2166 1833 2239; x_wconf 81' lang='grc' dir='ltr'><strong>ἕρ-</strong></span> 
     </span>
    </p>
   </div>
   <div class='ocr_carea' id='block_1_25' title="bbox 236 2249 1833 2330">
    <p class='ocr_par' dir='ltr' id='par_1_25' title="bbox 236 2249 1833 2330">
     <span class='ocr_line' id='line_1_25' title="bbox 236 2249 1833 2330; baseline 0.006 -27"><span class='ocrx_word' id='word_1_161' title='bbox 236 2265 344 2318; x_wconf 86' lang='grc' dir='ltr'><strong>γων</strong></span> <span class='ocrx_word' id='word_1_162' title='bbox 391 2249 578 2304; x_wconf 84' lang='grc' dir='ltr'>αὐτῶν</span> <span class='ocrx_word' id='word_1_163' title='bbox 637 2251 720 2304; x_wconf 81' lang='grc' dir='ltr'>ὅτι</span> <span class='ocrx_word' id='word_1_164' title='bbox 754 2251 900 2325; x_wconf 83' lang='grc' dir='ltr'>μόνῳ</span> <span class='ocrx_word' id='word_1_165' title='bbox 951 2253 1084 2319; x_wconf 84' lang='grc' dir='ltr'>Θεὸς</span> <span class='ocrx_word' id='word_1_166' title='bbox 1134 2253 1313 2327; x_wconf 83' lang='grc' dir='ltr'>τούτῳ</span> <span class='ocrx_word' id='word_1_167' title='bbox 1352 2255 1708 2329; x_wconf 77' lang='grc' dir='ltr'>ἐπιτέρπεται</span> <span class='ocrx_word' id='word_1_168' title='bbox 1754 2257 1833 2330; x_wconf 84' lang='grc' dir='ltr'>τῷ</span> 
     </span>
    </p>
   </div>
   <div class='ocr_carea' id='block_1_26' title="bbox 237 2338 1833 2422">
    <p class='ocr_par' dir='ltr' id='par_1_26' title="bbox 237 2338 1833 2422">
     <span class='ocr_line' id='line_1_26' title="bbox 237 2338 1833 2422; baseline 0.008 -30"><span class='ocrx_word' id='word_1_169' title='bbox 237 2338 473 2411; x_wconf 76' lang='grc' dir='ltr'>θεάματι</span> <span class='ocrx_word' id='word_1_170' title='bbox 503 2358 516 2373; x_wconf 88' lang='grc'><strong>·</strong></span> <span class='ocrx_word' id='word_1_171' title='bbox 543 2342 762 2407; x_wconf 81' lang='grc' dir='ltr'>δεικνὺς</span> <span class='ocrx_word' id='word_1_172' title='bbox 786 2344 868 2398; x_wconf 81' lang='grc' dir='ltr'>ὅτι</span> <span class='ocrx_word' id='word_1_173' title='bbox 897 2344 989 2398; x_wconf 78' lang='grc' dir='ltr'>τὸν</span> <span class='ocrx_word' id='word_1_174' title='bbox 1014 2344 1161 2398; x_wconf 79' lang='grc' dir='ltr'>θετον</span> <span class='ocrx_word' id='word_1_175' title='bbox 1191 2343 1475 2418; x_wconf 75' lang='grc' dir='ltr'>ὀφθαλμὸν</span> <span class='ocrx_word' id='word_1_176' title='bbox 1507 2348 1697 2403; x_wconf 83' lang='grc' dir='ltr'>τούτου</span> <span class='ocrx_word' id='word_1_177' title='bbox 1735 2350 1833 2422; x_wconf 84' lang='grc' dir='ltr'>μό-</span> 
     </span>
    </p>
   </div>
   <div class='ocr_carea' id='block_1_27' title="bbox 233 2433 1831 2511">
    <p class='ocr_par' dir='ltr' id='par_1_27' title="bbox 233 2433 1831 2511">
     <span class='ocr_line' id='line_1_27' title="bbox 233 2433 1831 2511; baseline 0.009 -24"><span class='ocrx_word' id='word_1_178' title='bbox 233 2450 321 2488; x_wconf 88' lang='grc' dir='ltr'><strong>νου</strong></span> <span class='ocrx_word' id='word_1_179' title='bbox 349 2433 578 2490; x_wconf 82' lang='grc' dir='ltr'>δυνατὸν</span> <span class='ocrx_word' id='word_1_180' title='bbox 612 2437 1013 2510; x_wconf 76' lang='grc' dir='ltr'>ἀφομοιοῦσθαι</span> <span class='ocrx_word' id='word_1_181' title='bbox 1044 2439 1124 2511; x_wconf 81' lang='grc' dir='ltr'>τῷ</span> <span class='ocrx_word' id='word_1_182' title='bbox 1172 2439 1462 2496; x_wconf 79' lang='grc' dir='ltr'>πλάσαντι⁴</span> <span class='ocrx_word' id='word_1_183' title='bbox 1485 2442 1700 2510; x_wconf 75' lang='grc' dir='ltr'>δεικνὺς</span> <span class='ocrx_word' id='word_1_184' title='bbox 1748 2447 1831 2501; x_wconf 80' lang='grc' dir='ltr'><strong>ὅτι</strong></span> 
     </span>
    </p>
   </div>
   <div class='ocr_carea' id='block_1_28' title="bbox 230 2525 1829 2606">
    <p class='ocr_par' dir='ltr' id='par_1_28' title="bbox 230 2525 1829 2606">
     <span class='ocr_line' id='line_1_28' title="bbox 230 2525 1829 2606; baseline 0.007 -25"><span class='ocrx_word' id='word_1_185' title='bbox 230 2525 386 2583; x_wconf 81' lang='grc' dir='ltr'>τοῦτο</span> <span class='ocrx_word' id='word_1_186' title='bbox 444 2529 606 2600; x_wconf 86' lang='grc' dir='ltr'>μόνον</span> <span class='ocrx_word' id='word_1_187' title='bbox 641 2529 933 2602; x_wconf 81' lang='grc' dir='ltr'>ἄνθρωπον</span> <span class='ocrx_word' id='word_1_188' title='bbox 980 2530 1248 2587; x_wconf 75' lang='grc' dir='ltr'>’συνάπτει</span> <span class='ocrx_word' id='word_1_189' title='bbox 1289 2532 1412 2606; x_wconf 80' lang='grc' dir='ltr'><strong>Θεῷ</strong></span> <span class='ocrx_word' id='word_1_190' title='bbox 1438 2550 1451 2564; x_wconf 78' lang='grc' dir='ltr'><strong>ο</strong></span> <span class='ocrx_word' id='word_1_191' title='bbox 1489 2535 1703 2601; x_wconf 82' lang='grc' dir='ltr'>δεικνὺς</span> <span class='ocrx_word' id='word_1_192' title='bbox 1747 2538 1829 2593; x_wconf 83' lang='grc' dir='ltr'><strong>ὅτι</strong></span> 
     </span>
    </p>
   </div>
   <div class='ocr_carea' id='block_1_29' title="bbox 229 2621 1824 2704">
    <p class='ocr_par' dir='ltr' id='par_1_29' title="bbox 229 2621 1824 2704">
     <span class='ocr_line' id='line_1_29' title="bbox 229 2621 1824 2704; baseline 0.006 -27"><span class='ocrx_word' id='word_1_193' title='bbox 229 2621 383 2677; x_wconf 79' lang='grc' dir='ltr'>τοῦτο</span> <span class='ocrx_word' id='word_1_194' title='bbox 443 2624 603 2694; x_wconf 82' lang='grc' dir='ltr'>μόνον</span> <span class='ocrx_word' id='word_1_195' title='bbox 647 2624 739 2679; x_wconf 76' lang='grc' dir='ltr'><strong>τόν</strong></span> <span class='ocrx_word' id='word_1_196' title='bbox 807 2625 977 2697; x_wconf 78' lang='grc' dir='ltr'>πηλὸν</span> <span class='ocrx_word' id='word_1_197' title='bbox 1027 2624 1398 2700; x_wconf 81' lang='grc' dir='ltr'>προσπελάζει</span> <span class='ocrx_word' id='word_1_198' title='bbox 1455 2628 1532 2701; x_wconf 79' lang='grc' dir='ltr'><strong>τῷ</strong></span> <span class='ocrx_word' id='word_1_199' title='bbox 1590 2629 1824 2704; x_wconf 77' lang='grc' dir='ltr'>πλάστῃ.</span> 
     </span>
    </p>
   </div>
   <div class='ocr_carea' id='block_1_30' title="bbox 228 2717 1828 2795">
    <p class='ocr_par' dir='ltr' id='par_1_30' title="bbox 228 2717 1828 2795">
     <span class='ocr_line' id='line_1_30' title="bbox 228 2717 1828 2795; baseline 0.003 -25"><span class='ocrx_word' id='word_1_200' title='bbox 228 2717 484 2772; x_wconf 76' lang='grc' dir='ltr'>Γίνεσθε</span> <span class='ocrx_word' id='word_1_201' title='bbox 511 2717 640 2791; x_wconf 77' lang='grc' dir='ltr'>γὰρ,</span> <span class='ocrx_word' id='word_1_202' title='bbox 674 2720 831 2790; x_wconf 72' lang='grc' dir='ltr'>φησὶ,</span> <span class='ocrx_word' id='word_1_203' title='bbox 863 2720 1258 2789; x_wconf 71' lang='grc' dir='ltr'>οἰκτίρμονες,</span> <span class='ocrx_word' id='word_1_204' title='bbox 1277 2721 1359 2789; x_wconf 77' lang='grc' dir='ltr'><strong>ὡς</strong></span> <span class='ocrx_word' id='word_1_205' title='bbox 1383 2725 1415 2778; x_wconf 85' lang='grc' dir='ltr'><strong>ό</strong></span> <span class='ocrx_word' id='word_1_206' title='bbox 1432 2721 1636 2792; x_wconf 81' lang='grc' dir='ltr'>Πατὴρ</span> <span class='ocrx_word' id='word_1_207' title='bbox 1659 2726 1828 2795; x_wconf 78' lang='grc' dir='ltr'>ὑμῶν</span> 
     </span>
    </p>
   </div>
   <div class='ocr_carea' id='block_1_31' title="bbox 226 2810 1828 2888">
    <p class='ocr_par' dir='ltr' id='par_1_31' title="bbox 226 2810 1828 2888">
     <span class='ocr_line' id='line_1_31' title="bbox 226 2810 1828 2888; baseline 0.004 -24"><span class='ocrx_word' id='word_1_208' title='bbox 226 2810 566 2880; x_wconf 75' lang='grc' dir='ltr'>όοὺρὰνιος</span> <span class='ocrx_word' id='word_1_209' title='bbox 605 2812 921 2883; x_wconf 51' lang='grc' dir='ltr'>οἰκτίρμων·</span> <span class='ocrx_word' id='word_1_210' title='bbox 958 2812 1153 2869; x_wconf 69' lang='grc' dir='ltr'>ἐστίν.</span> <span class='ocrx_word' id='word_1_211' title='bbox 1217 2814 1334 2870; x_wconf 84' lang='grc' dir='ltr'>Μία</span> <span class='ocrx_word' id='word_1_212' title='bbox 1392 2815 1501 2888; x_wconf 88' lang='grc' dir='ltr'><strong>γάρ</strong></span> <span class='ocrx_word' id='word_1_213' title='bbox 1558 2819 1674 2871; x_wconf 81' lang='grc' dir='ltr'>ἐστι</span> <span class='ocrx_word' id='word_1_214' title='bbox 1726 2818 1828 2887; x_wconf 79' lang='grc' dir='ltr'><strong>τῆς</strong></span> 
     </span>
    </p>
   </div>
   <div class='ocr_carea' id='block_1_32' title="bbox 1956 668 3535 744">
    <p class='ocr_par' dir='ltr' id='par_1_32' title="bbox 1956 668 3535 744">
     <span class='ocr_line' id='line_1_32' title="bbox 1956 668 3535 744; baseline -0.002 -18"><span class='ocrx_word' id='word_1_215' title='bbox 1956 686 2100 744; x_wconf 85' lang='lat' dir='ltr'><strong>gnus</strong></span> <span class='ocrx_word' id='word_1_216' title='bbox 2139 671 2398 729; x_wconf 69' lang='lat' dir='ltr'><strong>edicitur.</strong></span> <span class='ocrx_word' id='word_1_217' title='bbox 2458 671 2696 742; x_wconf 77' lang='lat' dir='ltr'><strong>Accipit,</strong></span> <span class='ocrx_word' id='word_1_218' title='bbox 2735 678 2789 725; x_wconf 83' lang='lat' dir='ltr'><strong>et</strong></span> <span class='ocrx_word' id='word_1_219' title='bbox 2820 669 3043 727; x_wconf 83' lang='lat' dir='ltr'><strong>veritati</strong></span> <span class='ocrx_word' id='word_1_220' title='bbox 3093 668 3535 725; x_wconf 81' lang='lat' dir='ltr'><strong>misericordiam</strong></span> 
     </span>
    </p>
   </div>
   <div class='ocr_carea' id='block_1_33' title="bbox 1954 762 3531 836">
    <p class='ocr_par' dir='ltr' id='par_1_33' title="bbox 1954 762 3531 836">
     <span class='ocr_line' id='line_1_33' title="bbox 1954 762 3531 836; baseline -0.002 -17"><span class='ocrx_word' id='word_1_221' title='bbox 1954 765 2268 836; x_wconf 86' lang='lat' dir='ltr'><strong>anteponit,</strong></span> <span class='ocrx_word' id='word_1_222' title='bbox 2299 774 2354 822; x_wconf 91' lang='lat' dir='ltr'><strong>et</strong></span> <span class='ocrx_word' id='word_1_223' title='bbox 2385 781 2515 821; x_wconf 87' lang='lat' dir='ltr'><strong>cum</strong></span> <span class='ocrx_word' id='word_1_224' title='bbox 2551 770 2916 836; x_wconf 83' lang='lat' dir='ltr'><strong>peccatorum</strong></span> <span class='ocrx_word' id='word_1_225' title='bbox 2945 763 3104 817; x_wconf 86' lang='lat' dir='ltr'><strong>lance</strong></span> <span class='ocrx_word' id='word_1_226' title='bbox 3128 762 3394 834; x_wconf 83' lang='lat' dir='ltr'><strong>pauperis</strong></span> <span class='ocrx_word' id='word_1_227' title='bbox 3424 778 3531 816; x_wconf 36' lang='lat' dir='ltr'><strong>mas</strong></span> 
     </span>
    </p>
   </div>
   <div class='ocr_carea' id='block_1_34' title="bbox 1953 854 3537 929">
    <p class='ocr_par' dir='ltr' id='par_1_34' title="bbox 1953 854 3537 929">
     <span class='ocr_line' id='line_1_34' title="bbox 1953 854 3537 929; baseline 0 -20"><span class='ocrx_word' id='word_1_228' title='bbox 1953 871 2085 910; x_wconf 88' lang='lat' dir='ltr'><strong>num</strong></span> <span class='ocrx_word' id='word_1_229' title='bbox 2123 865 2317 916; x_wconf 82' lang='lat' dir='ltr'><strong>contra</strong></span> <span class='ocrx_word' id='word_1_230' title='bbox 2350 857 2668 929; x_wconf 82' lang='lat' dir='ltr'><strong>perpendit.</strong></span> <span class='ocrx_word' id='word_1_231' title='bbox 2692 883 2765 898; x_wconf 77' lang='grc'><strong><em>--</em></strong></span> <span class='ocrx_word' id='word_1_232' title='bbox 2792 854 2932 910; x_wconf 88' lang='lat' dir='ltr'><strong>Cum</strong></span> <span class='ocrx_word' id='word_1_233' title='bbox 2962 868 3268 926; x_wconf 86' lang='lat' dir='ltr'><strong>pauperem</strong></span> <span class='ocrx_word' id='word_1_234' title='bbox 3307 854 3537 921; x_wconf 85' lang='lat' dir='ltr'><strong>alis,sie</strong></span> 
     </span>
    </p>
   </div>
   <div class='ocr_carea' id='block_1_35' title="bbox 1952 947 3537 1021">
    <p class='ocr_par' dir='ltr' id='par_1_35' title="bbox 1952 947 3537 1021">
     <span class='ocr_line' id='line_1_35' title="bbox 1952 947 3537 1021; baseline -0.002 -15"><span class='ocrx_word' id='word_1_235' title='bbox 1952 949 2218 1006; x_wconf 82' lang='lat' dir='ltr'><strong>existima</strong></span> <span class='ocrx_word' id='word_1_236' title='bbox 2253 951 2493 1021; x_wconf 87' lang='lat' dir='ltr'><strong>teipsum</strong></span> <span class='ocrx_word' id='word_1_237' title='bbox 2525 950 2620 1018; x_wconf 73' lang='lat' dir='ltr'><strong>aii.</strong></span> <span class='ocrx_word' id='word_1_238' title='bbox 2656 947 2735 1004; x_wconf 90' lang='lat' dir='ltr'><strong>Ea</strong></span> <span class='ocrx_word' id='word_1_239' title='bbox 2761 949 2908 1004; x_wconf 87' lang='lat' dir='ltr'><strong>enim</strong></span> <span class='ocrx_word' id='word_1_240' title='bbox 2945 955 3032 1004; x_wconf 91' lang='lat' dir='ltr'><strong>est</strong></span> <span class='ocrx_word' id='word_1_241' title='bbox 3071 947 3306 1020; x_wconf 87' lang='lat' dir='ltr'><strong>hujusce</strong></span> <span class='ocrx_word' id='word_1_242' title='bbox 3333 949 3411 1006; x_wconf 89' lang='lat' dir='ltr'><strong>rei</strong></span> <span class='ocrx_word' id='word_1_243' title='bbox 3437 964 3537 1003; x_wconf 84' lang='lat' dir='ltr'><strong>na-</strong></span> 
     </span>
    </p>
   </div>
   <div class='ocr_carea' id='block_1_36' title="bbox 1951 1040 3532 1114">
    <p class='ocr_par' dir='ltr' id='par_1_36' title="bbox 1951 1040 3532 1114">
     <span class='ocr_line' id='line_1_36' title="bbox 1951 1040 3532 1114; baseline 0.001 -17"><span class='ocrx_word' id='word_1_244' title='bbox 1951 1051 2100 1106; x_wconf 86' lang='lat' dir='ltr'><strong>tura,</strong></span> <span class='ocrx_word' id='word_1_245' title='bbox 2144 1050 2203 1098; x_wconf 94' lang='lat' dir='ltr'><strong>ut</strong></span> <span class='ocrx_word' id='word_1_246' title='bbox 2240 1058 2367 1114; x_wconf 61' lang='lat' dir='ltr'><strong>quis</strong></span> <span class='ocrx_word' id='word_1_247' title='bbox 2401 1042 2624 1108; x_wconf 85' lang='lat' dir='ltr'><strong>damus,</strong></span> <span class='ocrx_word' id='word_1_248' title='bbox 2659 1059 2689 1099; x_wconf 87' lang='lat' dir='ltr'><strong>a</strong></span> <span class='ocrx_word' id='word_1_249' title='bbox 2723 1041 2885 1100; x_wconf 88' lang='lat' dir='ltr'><strong>nobis</strong></span> <span class='ocrx_word' id='word_1_250' title='bbox 2917 1040 2984 1096; x_wconf 87' lang='lat' dir='ltr'><strong>ad</strong></span> <span class='ocrx_word' id='word_1_251' title='bbox 3016 1056 3123 1096; x_wconf 89' lang='lat' dir='ltr'><strong>nos</strong></span> <span class='ocrx_word' id='word_1_252' title='bbox 3147 1042 3397 1100; x_wconf 85' lang='lat' dir='ltr'><strong>redeant.</strong></span> <span class='ocrx_word' id='word_1_253' title='bbox 3442 1041 3532 1098; x_wconf 85' lang='lat' dir='ltr'><strong>Si-</strong></span> 
     </span>
    </p>
   </div>
   <div class='ocr_carea' id='block_1_37' title="bbox 1948 1135 3532 1207">
    <p class='ocr_par' dir='ltr' id='par_1_37' title="bbox 1948 1135 3532 1207">
     <span class='ocr_line' id='line_1_37' title="bbox 1948 1135 3532 1207; baseline 0.001 -18"><span class='ocrx_word' id='word_1_254' title='bbox 1948 1136 2172 1207; x_wconf 84' lang='lat' dir='ltr'><strong>quidem</strong></span> <span class='ocrx_word' id='word_1_255' title='bbox 2205 1137 2485 1194; x_wconf 87' lang='lat' dir='ltr'><strong>bumanus</strong></span> <span class='ocrx_word' id='word_1_256' title='bbox 2511 1147 2564 1193; x_wconf 87' lang='lat' dir='ltr'><strong>et</strong></span> <span class='ocrx_word' id='word_1_257' title='bbox 2600 1135 2781 1195; x_wconf 78' lang='lat' dir='ltr'><strong>facilis</strong></span> <span class='ocrx_word' id='word_1_258' title='bbox 2828 1145 3025 1195; x_wconf 89' lang='lat' dir='ltr'><strong>noster</strong></span> <span class='ocrx_word' id='word_1_259' title='bbox 3080 1137 3372 1204; x_wconf 88' lang='lat' dir='ltr'><strong>Dominus,</strong></span> <span class='ocrx_word' id='word_1_260' title='bbox 3403 1151 3532 1192; x_wconf 86' lang='lat' dir='ltr'><strong>cum</strong></span> 
     </span>
    </p>
   </div>
   <div class='ocr_carea' id='block_1_38' title="bbox 1953 1227 3528 1302">
    <p class='ocr_par' dir='ltr' id='par_1_38' title="bbox 1953 1227 3528 1302">
     <span class='ocr_line' id='line_1_38' title="bbox 1953 1227 3528 1302; baseline 0.001 -19"><span class='ocrx_word' id='word_1_261' title='bbox 1953 1227 2142 1284; x_wconf 85' lang='lat' dir='ltr'><strong>animi</strong></span> <span class='ocrx_word' id='word_1_262' title='bbox 2174 1229 2353 1286; x_wconf 86' lang='lat' dir='ltr'><strong>nostri</strong></span> <span class='ocrx_word' id='word_1_263' title='bbox 2407 1240 2764 1302; x_wconf 82' lang='lat' dir='ltr'><strong>perspectam</strong></span> <span class='ocrx_word' id='word_1_264' title='bbox 2819 1230 3260 1287; x_wconf 84' lang='lat' dir='ltr'><strong>imbecillitatem</strong></span> <span class='ocrx_word' id='word_1_265' title='bbox 3307 1230 3528 1296; x_wconf 78' lang='lat' dir='ltr'><strong>habeat,</strong></span> 
     </span>
    </p>
   </div>
   <div class='ocr_carea' id='block_1_39' title="bbox 1946 1321 3531 1393">
    <p class='ocr_par' dir='ltr' id='par_1_39' title="bbox 1946 1321 3531 1393">
     <span class='ocr_line' id='line_1_39' title="bbox 1946 1321 3531 1393; baseline 0.001 -18"><span class='ocrx_word' id='word_1_266' title='bbox 1946 1321 2013 1376; x_wconf 89' lang='lat' dir='ltr'><strong>ad</strong></span> <span class='ocrx_word' id='word_1_267' title='bbox 2039 1321 2369 1378; x_wconf 88' lang='lat' dir='ltr'><strong>immensam</strong></span> <span class='ocrx_word' id='word_1_268' title='bbox 2399 1321 2824 1393; x_wconf 87' lang='lat' dir='ltr'><strong>amplitudinem</strong></span> <span class='ocrx_word' id='word_1_269' title='bbox 2855 1335 2971 1379; x_wconf 85' lang='lat' dir='ltr'><strong>rem</strong></span> <span class='ocrx_word' id='word_1_270' title='bbox 3008 1323 3150 1379; x_wconf 89' lang='lat' dir='ltr'><strong>hanc</strong></span> <span class='ocrx_word' id='word_1_271' title='bbox 3201 1322 3441 1388; x_wconf 81' lang='lat' dir='ltr'><strong>extollit,</strong></span> <span class='ocrx_word' id='word_1_272' title='bbox 3474 1331 3531 1378; x_wconf 90' lang='lat' dir='ltr'><strong>et</strong></span> 
     </span>
    </p>
   </div>
   <div class='ocr_carea' id='block_1_40' title="bbox 1943 1415 3529 1490">
    <p class='ocr_par' dir='ltr' id='par_1_40' title="bbox 1943 1415 3529 1490">
     <span class='ocr_line' id='line_1_40' title="bbox 1943 1415 3529 1490; baseline 0.001 -19"><span class='ocrx_word' id='word_1_273' title='bbox 1943 1415 2188 1486; x_wconf 87' lang='lat' dir='ltr'><strong>seipsum</strong></span> <span class='ocrx_word' id='word_1_274' title='bbox 2228 1416 2597 1490; x_wconf 69' lang='lat' dir='ltr'><strong>eleemosynaa</strong></span> <span class='ocrx_word' id='word_1_275' title='bbox 2631 1416 2938 1473; x_wconf 82' lang='lat' dir='ltr'><strong>debitorem</strong></span> <span class='ocrx_word' id='word_1_276' title='bbox 2987 1427 3147 1473; x_wconf 79' lang='lat' dir='ltr'><strong>vocat</strong></span> <span class='ocrx_word' id='word_1_277' title='bbox 3182 1436 3198 1472; x_wconf 87' lang='lat'><strong>:</strong></span> <span class='ocrx_word' id='word_1_278' title='bbox 3240 1415 3336 1471; x_wconf 89' lang='lat' dir='ltr'><strong>Dei</strong></span> <span class='ocrx_word' id='word_1_279' title='bbox 3367 1415 3529 1473; x_wconf 82' lang='lat' dir='ltr'><strong>fenus</strong></span> 
     </span>
    </p>
   </div>
   <div class='ocr_carea' id='block_1_41' title="bbox 1941 1505 3528 1580">
    <p class='ocr_par' dir='ltr' id='par_1_41' title="bbox 1941 1505 3528 1580">
     <span class='ocr_line' id='line_1_41' title="bbox 1941 1505 3528 1580; baseline 0 -17"><span class='ocrx_word' id='word_1_280' title='bbox 1941 1505 2362 1565; x_wconf 83' lang='lat' dir='ltr'><strong>beneﬁcentiam</strong></span> <span class='ocrx_word' id='word_1_281' title='bbox 2393 1509 2657 1579; x_wconf 83' lang='lat' dir='ltr'><strong>appellat.</strong></span> <span class='ocrx_word' id='word_1_282' title='bbox 2689 1510 2736 1565; x_wconf 88' lang='lat'><strong>0</strong></span> <span class='ocrx_word' id='word_1_283' title='bbox 2781 1508 3122 1580; x_wconf 72' lang='lat' dir='ltr'><strong>singularem</strong></span> <span class='ocrx_word' id='word_1_284' title='bbox 3156 1510 3268 1564; x_wconf 81' lang='lat' dir='ltr'><strong>vim</strong></span> <span class='ocrx_word' id='word_1_285' title='bbox 3299 1508 3528 1565; x_wconf 86' lang='lat' dir='ltr'><strong>eleemo-</strong></span> 
     </span>
    </p>
   </div>
   <div class='ocr_carea' id='block_1_42' title="bbox 1943 1601 3527 1675">
    <p class='ocr_par' dir='ltr' id='par_1_42' title="bbox 1943 1601 3527 1675">
     <span class='ocr_line' id='line_1_42' title="bbox 1943 1601 3527 1675; baseline -0.001 -17"><span class='ocrx_word' id='word_1_286' title='bbox 1943 1615 2092 1674; x_wconf 85' lang='lat' dir='ltr'><strong>synae</strong></span> <span class='ocrx_word' id='word_1_287' title='bbox 2127 1603 2139 1657; x_wconf 83' lang='lat' dir='ltr'><strong>i</strong></span> <span class='ocrx_word' id='word_1_288' title='bbox 2170 1602 2289 1659; x_wconf 87' lang='lat' dir='ltr'><strong>sola</strong></span> <span class='ocrx_word' id='word_1_289' title='bbox 2321 1602 2390 1658; x_wconf 90' lang='lat' dir='ltr'><strong>ad</strong></span> <span class='ocrx_word' id='word_1_290' title='bbox 2419 1603 2681 1658; x_wconf 83' lang='lat' dir='ltr'><strong>divinum</strong></span> <span class='ocrx_word' id='word_1_291' title='bbox 2713 1602 2963 1659; x_wconf 85' lang='lat' dir='ltr'><strong>tribunal</strong></span> <span class='ocrx_word' id='word_1_292' title='bbox 2995 1601 3220 1674; x_wconf 87' lang='lat' dir='ltr'><strong>irrepit.</strong></span> <span class='ocrx_word' id='word_1_293' title='bbox 3247 1602 3325 1660; x_wconf 81' lang='lat' dir='ltr'><strong>Ne</strong></span> <span class='ocrx_word' id='word_1_294' title='bbox 3371 1602 3527 1675; x_wconf 80' lang='lat' dir='ltr'><strong>judi-</strong></span> 
     </span>
    </p>
   </div>
   <div class='ocr_carea' id='block_1_43' title="bbox 1940 1695 3527 1766">
    <p class='ocr_par' dir='ltr' id='par_1_43' title="bbox 1940 1695 3527 1766">
     <span class='ocr_line' id='line_1_43' title="bbox 1940 1695 3527 1766; baseline 0.001 -16"><span class='ocrx_word' id='word_1_295' title='bbox 1940 1710 2061 1750; x_wconf 91' lang='lat' dir='ltr'><strong>cem</strong></span> <span class='ocrx_word' id='word_1_296' title='bbox 2097 1703 2430 1760; x_wconf 78' lang='lat' dir='ltr'><strong>metuamus,</strong></span> <span class='ocrx_word' id='word_1_297' title='bbox 2461 1695 2556 1765; x_wconf 89' lang='lat' dir='ltr'><strong>qui</strong></span> <span class='ocrx_word' id='word_1_298' title='bbox 2598 1702 2730 1752; x_wconf 90' lang='lat' dir='ltr'><strong>ante</strong></span> <span class='ocrx_word' id='word_1_299' title='bbox 2774 1695 3057 1766; x_wconf 86' lang='lat' dir='ltr'><strong>protendit</strong></span> <span class='ocrx_word' id='word_1_300' title='bbox 3094 1710 3315 1762; x_wconf 90' lang='lat' dir='ltr'><strong>manus,</strong></span> <span class='ocrx_word' id='word_1_301' title='bbox 3359 1709 3527 1766; x_wconf 88' lang='lat' dir='ltr'><strong>quam</strong></span> 
     </span>
    </p>
   </div>
   <div class='ocr_carea' id='block_1_44' title="bbox 1937 1787 3526 1861">
    <p class='ocr_par' dir='ltr' id='par_1_44' title="bbox 1937 1787 3526 1861">
     <span class='ocr_line' id='line_1_44' title="bbox 1937 1787 3526 1861; baseline 0.001 -17"><span class='ocrx_word' id='word_1_302' title='bbox 1937 1789 2104 1861; x_wconf 88' lang='lat' dir='ltr'><strong>judex</strong></span> <span class='ocrx_word' id='word_1_303' title='bbox 2130 1791 2333 1847; x_wconf 86' lang='lat' dir='ltr'><strong>sedeat.</strong></span> <span class='ocrx_word' id='word_1_304' title='bbox 2377 1787 2458 1846; x_wconf 88' lang='lat' dir='ltr'><strong>Ne</strong></span> <span class='ocrx_word' id='word_1_305' title='bbox 2493 1789 2737 1861; x_wconf 76' lang='lat' dir='ltr'><strong>iudicem</strong></span> <span class='ocrx_word' id='word_1_306' title='bbox 2782 1803 3097 1856; x_wconf 82' lang='lat' dir='ltr'><strong>vereamur,</strong></span> <span class='ocrx_word' id='word_1_307' title='bbox 3141 1789 3236 1860; x_wconf 86' lang='lat' dir='ltr'><strong>qui</strong></span> <span class='ocrx_word' id='word_1_308' title='bbox 3284 1803 3345 1846; x_wconf 89' lang='lat' dir='ltr'><strong>se</strong></span> <span class='ocrx_word' id='word_1_309' title='bbox 3365 1804 3526 1846; x_wconf 81' lang='lat' dir='ltr'><strong>acce-</strong></span> 
     </span>
    </p>
   </div>
   <div class='ocr_carea' id='block_1_45' title="bbox 1943 1881 3524 1956">
    <p class='ocr_par' dir='ltr' id='par_1_45' title="bbox 1943 1881 3524 1956">
     <span class='ocr_line' id='line_1_45' title="bbox 1943 1881 3524 1956; baseline -0.001 -16"><span class='ocrx_word' id='word_1_310' title='bbox 1943 1885 2094 1956; x_wconf 87' lang='lat' dir='ltr'><strong>pisse</strong></span> <span class='ocrx_word' id='word_1_311' title='bbox 2127 1885 2361 1940; x_wconf 90' lang='lat' dir='ltr'><strong>minime</strong></span> <span class='ocrx_word' id='word_1_312' title='bbox 2389 1883 2693 1941; x_wconf 89' lang='lat' dir='ltr'><strong>inliciatur.</strong></span> <span class='ocrx_word' id='word_1_313' title='bbox 2725 1915 2796 1925; x_wconf 91' lang='lat'><strong>—-</strong></span> <span class='ocrx_word' id='word_1_314' title='bbox 2814 1881 2885 1938; x_wconf 89' lang='lat' dir='ltr'><strong>Et</strong></span> <span class='ocrx_word' id='word_1_315' title='bbox 2909 1883 3110 1939; x_wconf 87' lang='lat' dir='ltr'><strong>sedens</strong></span> <span class='ocrx_word' id='word_1_316' title='bbox 3137 1881 3300 1939; x_wconf 83' lang='lat' dir='ltr'><strong>Jesus</strong></span> <span class='ocrx_word' id='word_1_317' title='bbox 3327 1891 3524 1940; x_wconf 85' lang='lat' dir='ltr'><strong>contra</strong></span> 
     </span>
    </p>
   </div>
   <div class='ocr_carea' id='block_1_46' title="bbox 1939 1973 3528 2047">
    <p class='ocr_par' dir='ltr' id='par_1_46' title="bbox 1939 1973 3528 2047">
     <span class='ocr_line' id='line_1_46' title="bbox 1939 1973 3528 2047; baseline -0.001 -16"><span class='ocrx_word' id='word_1_318' title='bbox 1939 1974 2423 2047; x_wconf 79' lang='lat' dir='ltr'><strong>gazophylacium,</strong></span> <span class='ocrx_word' id='word_1_319' title='bbox 2456 1973 2766 2046; x_wconf 84' lang='lat' dir='ltr'><strong>aspiciebat</strong></span> <span class='ocrx_word' id='word_1_320' title='bbox 2813 1974 3091 2044; x_wconf 88' lang='lat' dir='ltr'><strong>quomodo</strong></span> <span class='ocrx_word' id='word_1_321' title='bbox 3145 1974 3323 2031; x_wconf 61' lang='lat' dir='ltr'><strong>turba:</strong></span> <span class='ocrx_word' id='word_1_322' title='bbox 3352 1973 3528 2046; x_wconf 86' lang='lat' dir='ltr'><strong>jacie—</strong></span> 
     </span>
    </p>
   </div>
   <div class='ocr_carea' id='block_1_47' title="bbox 1936 2065 3527 2140">
    <p class='ocr_par' dir='ltr' id='par_1_47' title="bbox 1936 2065 3527 2140">
     <span class='ocr_line' id='line_1_47' title="bbox 1936 2065 3527 2140; baseline -0.002 -15"><span class='ocrx_word' id='word_1_323' title='bbox 1936 2069 2074 2125; x_wconf 79' lang='lat' dir='ltr'><strong>bant</strong></span> <span class='ocrx_word' id='word_1_324' title='bbox 2100 2085 2196 2124; x_wconf 83' lang='lat' dir='ltr'><strong>aes.</strong></span> <span class='ocrx_word' id='word_1_325' title='bbox 2226 2066 2517 2123; x_wconf 66' lang='lat' dir='ltr'><strong>Praeterito</strong></span> <span class='ocrx_word' id='word_1_326' title='bbox 2550 2066 2715 2122; x_wconf 83' lang='lat' dir='ltr'><strong>altari</strong></span> <span class='ocrx_word' id='word_1_327' title='bbox 2745 2065 2814 2121; x_wconf 89' lang='lat' dir='ltr'><strong>ad</strong></span> <span class='ocrx_word' id='word_1_328' title='bbox 2843 2067 3310 2140; x_wconf 74' lang='lat' dir='ltr'><strong>gazophylacium</strong></span> <span class='ocrx_word' id='word_1_329' title='bbox 3331 2083 3527 2124; x_wconf 89' lang='lat' dir='ltr'><strong>accur-</strong></span> 
     </span>
    </p>
   </div>
   <div class='ocr_carea' id='block_1_48' title="bbox 1935 2156 3521 2216">
    <p class='ocr_par' dir='ltr' id='par_1_48' title="bbox 1935 2156 3521 2216">
     <span class='ocr_line' id='line_1_48' title="bbox 1935 2156 3521 2216; baseline 0.001 -1"><span class='ocrx_word' id='word_1_330' title='bbox 1935 2160 2028 2216; x_wconf 86' lang='lat' dir='ltr'><strong>rit.</strong></span> <span class='ocrx_word' id='word_1_331' title='bbox 2091 2158 2400 2216; x_wconf 65' lang='lat' dir='ltr'><strong>Prmteritis</strong></span> <span class='ocrx_word' id='word_1_332' title='bbox 2484 2156 2941 2215; x_wconf 72' lang='lat' dir='ltr'><strong>sacrificantibus</strong></span> <span class='ocrx_word' id='word_1_333' title='bbox 3002 2157 3068 2213; x_wconf 90' lang='lat' dir='ltr'><strong>ad</strong></span> <span class='ocrx_word' id='word_1_334' title='bbox 3142 2159 3521 2216; x_wconf 78' lang='lat' dir='ltr'><strong>beneﬁcentiae</strong></span> 
     </span>
    </p>
   </div>
   <div class='ocr_carea' id='block_1_49' title="bbox 1933 2251 3520 2324">
    <p class='ocr_par' dir='ltr' id='par_1_49' title="bbox 1933 2251 3520 2324">
     <span class='ocr_line' id='line_1_49' title="bbox 1933 2251 3520 2324; baseline 0 -15"><span class='ocrx_word' id='word_1_335' title='bbox 1933 2255 2211 2312; x_wconf 80' lang='lat' dir='ltr'><strong>theatrum</strong></span> <span class='ocrx_word' id='word_1_336' title='bbox 2285 2251 2497 2324; x_wconf 82' lang='lat' dir='ltr'><strong>pergit,</strong></span> <span class='ocrx_word' id='word_1_337' title='bbox 2551 2251 2721 2322; x_wconf 78' lang='lat' dir='ltr'><strong>gestis</strong></span> <span class='ocrx_word' id='word_1_338' title='bbox 2788 2252 2906 2310; x_wconf 83' lang='lat' dir='ltr'><strong>suis</strong></span> <span class='ocrx_word' id='word_1_339' title='bbox 2973 2252 3270 2308; x_wconf 82' lang='lat' dir='ltr'><strong>ostendens</strong></span> <span class='ocrx_word' id='word_1_340' title='bbox 3348 2252 3520 2310; x_wconf 88' lang='lat' dir='ltr'><strong>Deum</strong></span> 
     </span>
    </p>
   </div>
   <div class='ocr_carea' id='block_1_50' title="bbox 1933 2345 3524 2419">
    <p class='ocr_par' dir='ltr' id='par_1_50' title="bbox 1933 2345 3524 2419">
     <span class='ocr_line' id='line_1_50' title="bbox 1933 2345 3524 2419; baseline -0.001 -16"><span class='ocrx_word' id='word_1_341' title='bbox 1933 2348 2040 2404; x_wconf 89' lang='lat' dir='ltr'><strong>hoc</strong></span> <span class='ocrx_word' id='word_1_342' title='bbox 2117 2348 2238 2405; x_wconf 85' lang='lat' dir='ltr'><strong>solo</strong></span> <span class='ocrx_word' id='word_1_343' title='bbox 2299 2346 2620 2419; x_wconf 87' lang='lat' dir='ltr'><strong>spectaculo</strong></span> <span class='ocrx_word' id='word_1_344' title='bbox 2673 2345 2933 2402; x_wconf 87' lang='lat' dir='ltr'><strong>delectari</strong></span> <span class='ocrx_word' id='word_1_345' title='bbox 2984 2364 2999 2402; x_wconf 81' lang='grc' dir='ltr'><strong>ι</strong></span> <span class='ocrx_word' id='word_1_346' title='bbox 3047 2347 3342 2404; x_wconf 87' lang='lat' dir='ltr'><strong>ostendens</strong></span> <span class='ocrx_word' id='word_1_347' title='bbox 3373 2390 3388 2415; x_wconf 94' lang='lat'><strong>,</strong></span> <span class='ocrx_word' id='word_1_348' title='bbox 3437 2348 3524 2402; x_wconf 83' lang='lat' dir='ltr'><strong>in-</strong></span> 
     </span>
    </p>
   </div>
   <div class='ocr_carea' id='block_1_51' title="bbox 1932 2438 3524 2515">
    <p class='ocr_par' dir='ltr' id='par_1_51' title="bbox 1932 2438 3524 2515">
     <span class='ocr_line' id='line_1_51' title="bbox 1932 2438 3524 2515; baseline 0 -17"><span class='ocrx_word' id='word_1_349' title='bbox 1932 2457 2121 2515; x_wconf 87' lang='lat' dir='ltr'><strong>quam,</strong></span> <span class='ocrx_word' id='word_1_350' title='bbox 2148 2441 2398 2496; x_wconf 77' lang='lat' dir='ltr'><strong>divinum</strong></span> <span class='ocrx_word' id='word_1_351' title='bbox 2459 2439 2685 2495; x_wconf 89' lang='lat' dir='ltr'><strong>oculum</strong></span> <span class='ocrx_word' id='word_1_352' title='bbox 2722 2438 2826 2494; x_wconf 86' lang='lat' dir='ltr'><strong>hac</strong></span> <span class='ocrx_word' id='word_1_353' title='bbox 2878 2439 3157 2494; x_wconf 81' lang='lat' dir='ltr'><strong>duntaxat</strong></span> <span class='ocrx_word' id='word_1_354' title='bbox 3205 2440 3427 2498; x_wconf 87' lang='lat' dir='ltr'><strong>ratione</strong></span> <span class='ocrx_word' id='word_1_355' title='bbox 3453 2441 3524 2498; x_wconf 89' lang='lat' dir='ltr'><strong>ad</strong></span> 
     </span>
    </p>
   </div>
   <div class='ocr_carea' id='block_1_52' title="bbox 1932 2533 3518 2604">
    <p class='ocr_par' dir='ltr' id='par_1_52' title="bbox 1932 2533 3518 2604">
     <span class='ocr_line' id='line_1_52' title="bbox 1932 2533 3518 2604; baseline -0.001 -10"><span class='ocrx_word' id='word_1_356' title='bbox 1932 2536 2143 2595; x_wconf 77' lang='lat' dir='ltr'><strong>lictoris</strong></span> <span class='ocrx_word' id='word_1_357' title='bbox 2173 2535 2261 2594; x_wconf 89' lang='lat' dir='ltr'><strong>sui</strong></span> <span class='ocrx_word' id='word_1_358' title='bbox 2287 2533 2718 2592; x_wconf 84' lang='lat' dir='ltr'><strong>similitudinem</strong></span> <span class='ocrx_word' id='word_1_359' title='bbox 2787 2547 2954 2604; x_wconf 86' lang='lat' dir='ltr'><strong>posse</strong></span> <span class='ocrx_word' id='word_1_360' title='bbox 2981 2534 3248 2590; x_wconf 85' lang='lat' dir='ltr'><strong>accedere</strong></span> <span class='ocrx_word' id='word_1_361' title='bbox 3282 2549 3299 2590; x_wconf 89' lang='lat'><strong>:</strong></span> <span class='ocrx_word' id='word_1_362' title='bbox 3325 2546 3518 2592; x_wconf 87' lang='lat' dir='ltr'><strong>osten-</strong></span> 
     </span>
    </p>
   </div>
   <div class='ocr_carea' id='block_1_53' title="bbox 1931 2623 3518 2694">
    <p class='ocr_par' dir='ltr' id='par_1_53' title="bbox 1931 2623 3518 2694">
     <span class='ocr_line' id='line_1_53' title="bbox 1931 2623 3518 2694; baseline -0.003 -7"><span class='ocrx_word' id='word_1_363' title='bbox 1931 2632 2069 2687; x_wconf 87' lang='lat' dir='ltr'><strong>dens</strong></span> <span class='ocrx_word' id='word_1_364' title='bbox 2108 2628 2277 2686; x_wconf 87' lang='lat' dir='ltr'><strong>etiam</strong></span> <span class='ocrx_word' id='word_1_365' title='bbox 2311 2641 2483 2682; x_wconf 90' lang='lat' dir='ltr'><strong>unum</strong></span> <span class='ocrx_word' id='word_1_366' title='bbox 2546 2625 2653 2679; x_wconf 89' lang='lat' dir='ltr'><strong>hoc</strong></span> <span class='ocrx_word' id='word_1_367' title='bbox 2690 2638 2818 2682; x_wconf 87' lang='lat' dir='ltr'><strong>esse</strong></span> <span class='ocrx_word' id='word_1_368' title='bbox 2861 2623 3008 2694; x_wconf 90' lang='lat' dir='ltr'><strong>quod</strong></span> <span class='ocrx_word' id='word_1_369' title='bbox 3067 2623 3345 2679; x_wconf 86' lang='lat' dir='ltr'><strong>hominem</strong></span> <span class='ocrx_word' id='word_1_370' title='bbox 3390 2641 3518 2682; x_wconf 92' lang='lat' dir='ltr'><strong>cum</strong></span> 
     </span>
    </p>
   </div>
   <div class='ocr_carea' id='block_1_54' title="bbox 1931 2716 3516 2794">
    <p class='ocr_par' dir='ltr' id='par_1_54' title="bbox 1931 2716 3516 2794">
     <span class='ocr_line' id='line_1_54' title="bbox 1931 2716 3516 2794; baseline -0.001 -15"><span class='ocrx_word' id='word_1_371' title='bbox 1931 2724 2044 2782; x_wconf 88' lang='lat' dir='ltr'><strong>Deo</strong></span> <span class='ocrx_word' id='word_1_372' title='bbox 2083 2721 2357 2794; x_wconf 86' lang='lat' dir='ltr'><strong>copulet:</strong></span> <span class='ocrx_word' id='word_1_373' title='bbox 2409 2717 2717 2776; x_wconf 83' lang='lat' dir='ltr'><strong>ostendens</strong></span> <span class='ocrx_word' id='word_1_374' title='bbox 2772 2716 3016 2788; x_wconf 85' lang='lat' dir='ltr'><strong>denique</strong></span> <span class='ocrx_word' id='word_1_375' title='bbox 3049 2717 3104 2774; x_wconf 90' lang='lat' dir='ltr'><strong>id</strong></span> <span class='ocrx_word' id='word_1_376' title='bbox 3159 2721 3340 2775; x_wconf 90' lang='lat' dir='ltr'><strong>solum</strong></span> <span class='ocrx_word' id='word_1_377' title='bbox 3389 2734 3516 2778; x_wconf 87' lang='lat' dir='ltr'><strong>esse</strong></span> 
     </span>
    </p>
   </div>
   <div class='ocr_carea' id='block_1_55' title="bbox 1927 2811 3516 2891">
    <p class='ocr_par' dir='ltr' id='par_1_55' title="bbox 1927 2811 3516 2891">
     <span class='ocr_line' id='line_1_55' title="bbox 1927 2811 3516 2891; baseline -0.009 -14"><span class='ocrx_word' id='word_1_378' title='bbox 1927 2818 2077 2891; x_wconf 90' lang='lat' dir='ltr'><strong>quod</strong></span> <span class='ocrx_word' id='word_1_379' title='bbox 2123 2816 2350 2888; x_wconf 75' lang='lat' dir='ltr'><strong>(ignium</strong></span> <span class='ocrx_word' id='word_1_380' title='bbox 2406 2814 2523 2869; x_wconf 88' lang='lat' dir='ltr'><strong>luto</strong></span> <span class='ocrx_word' id='word_1_381' title='bbox 2568 2812 2794 2884; x_wconf 89' lang='lat' dir='ltr'><strong>propius</strong></span> <span class='ocrx_word' id='word_1_382' title='bbox 2839 2811 3053 2884; x_wconf 85' lang='lat' dir='ltr'><strong>jungat.</strong></span> <span class='ocrx_word' id='word_1_383' title='bbox 3116 2811 3284 2886; x_wconf 66' lang='grc'>479</span> <span class='ocrx_word' id='word_1_384' title='bbox 3329 2816 3516 2872; x_wconf 60' lang='lat' dir='ltr'><strong>Euam</strong></span> 
     </span>
    </p>
   </div>
   <div class='ocr_carea' id='block_1_56' title="bbox 228 2902 1830 2982">
    <p class='ocr_par' dir='ltr' id='par_1_56' title="bbox 228 2902 1825 2982">
     <span class='ocr_line' id='line_1_56' title="bbox 228 2902 1825 2982; baseline 0.003 -26"><span class='ocrx_word' id='word_1_385' title='bbox 228 2902 374 2969; x_wconf 80' lang='grc' dir='ltr'>θείας</span> <span class='ocrx_word' id='word_1_386' title='bbox 399 2905 723 2974; x_wconf 79' lang='grc' dir='ltr'>συγγενείας</span> <span class='ocrx_word' id='word_1_387' title='bbox 752 2906 957 2971; x_wconf 76' lang='grc' dir='ltr'>εἴσοδος</span> <span class='ocrx_word' id='word_1_388' title='bbox 982 2909 1015 2977; x_wconf 78' lang='grc' dir='ltr'>ἡ</span> <span class='ocrx_word' id='word_1_389' title='bbox 1044 2907 1284 2965; x_wconf 80' lang='grc' dir='ltr'>εὐποιῖα.</span> <span class='ocrx_word' id='word_1_390' title='bbox 1319 2936 1379 2947; x_wconf 84' lang='lat'><strong>--</strong></span> <span class='ocrx_word' id='word_1_391' title='bbox 1409 2910 1476 2961; x_wconf 87' lang='grc' dir='ltr'><strong>’Ὠ</strong></span> <span class='ocrx_word' id='word_1_392' title='bbox 1507 2909 1605 2982; x_wconf 84' lang='grc' dir='ltr'><strong>τῆς</strong></span> <span class='ocrx_word' id='word_1_393' title='bbox 1643 2907 1825 2980; x_wconf 74' lang='grc' dir='ltr'>φιλαν-</span> 
     </span>
    </p>
   </div>
   <div class='ocr_carea' id='block_1_57' title="bbox 1934 2902 3515 2982">
    <p class='ocr_par' dir='ltr' id='par_1_57' title="bbox 1934 2905 3515 2978">
     <span class='ocr_line' id='line_1_57' title="bbox 1934 2905 3515 2978; baseline -0.003 -10"><span class='ocrx_word' id='word_1_394' title='bbox 1934 2914 2074 2968; x_wconf 80' lang='lat' dir='ltr'><strong>enim</strong></span> <span class='ocrx_word' id='word_1_395' title='bbox 2115 2906 2511 2974; x_wconf 79' lang='lat' dir='ltr'><strong>misericordes,</strong></span> <span class='ocrx_word' id='word_1_396' title='bbox 2551 2905 2752 2978; x_wconf 87' lang='lat' dir='ltr'><strong>inquit,</strong></span> <span class='ocrx_word' id='word_1_397' title='bbox 2782 2905 2919 2960; x_wconf 78' lang='lat' dir='ltr'><strong>sicut</strong></span> <span class='ocrx_word' id='word_1_398' title='bbox 2952 2915 3002 2960; x_wconf 90' lang='lat' dir='ltr'><strong>et</strong></span> <span class='ocrx_word' id='word_1_399' title='bbox 3033 2905 3198 2962; x_wconf 89' lang='lat' dir='ltr'><strong>Pater</strong></span> <span class='ocrx_word' id='word_1_400' title='bbox 3215 2916 3384 2963; x_wconf 79' lang='lat' dir='ltr'><strong>uester</strong></span> <span class='ocrx_word' id='word_1_401' title='bbox 3408 2925 3515 2964; x_wconf 76' lang='lat' dir='ltr'><strong>cm-</strong></span> 
     </span>
    </p>
   </div>
   <div class='ocr_carea' id='block_1_58' title="bbox 228 2993 1830 3075">
    <p class='ocr_par' dir='ltr' id='par_1_58' title="bbox 228 2993 1825 3073">
     <span class='ocr_line' id='line_1_58' title="bbox 228 2993 1825 3073; baseline 0.006 -26"><span class='ocrx_word' id='word_1_402' title='bbox 228 2993 441 3068; x_wconf 83' lang='grc' dir='ltr'>θρώπου</span> <span class='ocrx_word' id='word_1_403' title='bbox 464 2996 647 3069; x_wconf 72' lang='grc' dir='ltr'>ψυχῆς</span> <span class='ocrx_word' id='word_1_404' title='bbox 673 2998 687 3052; x_wconf 85' lang='lat' dir='ltr'><strong>i</strong></span> <span class='ocrx_word' id='word_1_405' title='bbox 713 2997 758 3052; x_wconf 83' lang='grc' dir='ltr'><strong>ὢ</strong></span> <span class='ocrx_word' id='word_1_406' title='bbox 778 2998 880 3069; x_wconf 81' lang='grc' dir='ltr'><strong>τῆς</strong></span> <span class='ocrx_word' id='word_1_407' title='bbox 911 2999 1205 3070; x_wconf 82' lang='grc' dir='ltr'>ἐλεήμονος</span> <span class='ocrx_word' id='word_1_408' title='bbox 1231 2997 1491 3073; x_wconf 78' lang='grc' dir='ltr'>γνώμηςί</span> <span class='ocrx_word' id='word_1_409' title='bbox 1529 3005 1627 3056; x_wconf 78' lang='grc' dir='ltr'>οὐκ</span> <span class='ocrx_word' id='word_1_410' title='bbox 1653 3003 1825 3068; x_wconf 75' lang='grc' dir='ltr'>ἐξέτε-</span> 
     </span>
    </p>
   </div>
   <div class='ocr_carea' id='block_1_59' title="bbox 1934 2993 3507 3075">
    <p class='ocr_par' dir='ltr' id='par_1_59' title="bbox 1939 2997 3507 3075">
     <span class='ocr_line' id='line_1_59' title="bbox 1939 2997 3507 3075; baseline 0.002 -18"><span class='ocrx_word' id='word_1_411' title='bbox 1939 3007 2088 3062; x_wconf 77' lang='lat' dir='ltr'><strong>testis</strong></span> <span class='ocrx_word' id='word_1_412' title='bbox 2113 3004 2415 3059; x_wconf 78' lang='lat' dir='ltr'><strong>misericors</strong></span> <span class='ocrx_word' id='word_1_413' title='bbox 2471 3011 2572 3057; x_wconf 79' lang='lat' dir='ltr'><strong>est.</strong></span> <span class='ocrx_word' id='word_1_414' title='bbox 2600 3003 2618 3071; x_wconf 96' lang='lat'><strong>(</strong></span> <span class='ocrx_word' id='word_1_415' title='bbox 2651 2997 2783 3056; x_wconf 75' lang='lat' dir='ltr'><strong>Luc.</strong></span> <span class='ocrx_word' id='word_1_416' title='bbox 2825 3014 2900 3064; x_wconf 73' lang='grc' dir='ltr'><strong>γι,</strong></span> <span class='ocrx_word' id='word_1_417' title='bbox 2936 2999 3064 3072; x_wconf 78' lang='grc'><strong>56).</strong></span> <span class='ocrx_word' id='word_1_418' title='bbox 3123 2999 3254 3056; x_wconf 88' lang='lat' dir='ltr'><strong>Sola</strong></span> <span class='ocrx_word' id='word_1_419' title='bbox 3303 3005 3507 3075; x_wconf 81' lang='lat' dir='ltr'><strong>quippe</strong></span> 
     </span>
    </p>
   </div>
   <div class='ocr_carea' id='block_1_60' title="bbox 229 3090 1830 3168">
    <p class='ocr_par' dir='ltr' id='par_1_60' title="bbox 229 3090 1819 3167">
     <span class='ocr_line' id='line_1_60' title="bbox 229 3090 1819 3167; baseline 0.006 -25"><span class='ocrx_word' id='word_1_420' title='bbox 229 3104 323 3158; x_wconf 88' lang='grc' dir='ltr'><strong>μεν</strong></span> <span class='ocrx_word' id='word_1_421' title='bbox 361 3090 394 3163; x_wconf 81' lang='grc' dir='ltr'><strong>ή</strong></span> <span class='ocrx_word' id='word_1_422' title='bbox 425 3093 671 3162; x_wconf 85' lang='grc' dir='ltr'>πτωχεία</span> <span class='ocrx_word' id='word_1_423' title='bbox 702 3091 764 3145; x_wconf 75' lang='grc' dir='ltr'>τὸ</span> <span class='ocrx_word' id='word_1_424' title='bbox 797 3091 898 3164; x_wconf 79' lang='grc' dir='ltr'>τῆς</span> <span class='ocrx_word' id='word_1_425' title='bbox 934 3095 1315 3165; x_wconf 83' lang='grc' dir='ltr'>προαιρέσεως</span> <span class='ocrx_word' id='word_1_426' title='bbox 1341 3095 1650 3167; x_wconf 79' lang='grc' dir='ltr'>συμπαθές.</span> <span class='ocrx_word' id='word_1_427' title='bbox 1704 3098 1819 3151; x_wconf 74' lang='grc' dir='ltr'><strong>Οὐκ</strong></span> 
     </span>
    </p>
   </div>
   <div class='ocr_carea' id='block_1_61' title="bbox 1934 3090 3514 3168">
    <p class='ocr_par' dir='ltr' id='par_1_61' title="bbox 1934 3093 3514 3168">
     <span class='ocr_line' id='line_1_61' title="bbox 1934 3093 3514 3168; baseline -0.004 -10"><span class='ocrx_word' id='word_1_428' title='bbox 1934 3098 2314 3164; x_wconf 79' lang='lat' dir='ltr'><strong>beneﬁcentia,</strong></span> <span class='ocrx_word' id='word_1_429' title='bbox 2344 3095 2530 3152; x_wconf 89' lang='lat' dir='ltr'><strong>aditus</strong></span> <span class='ocrx_word' id='word_1_430' title='bbox 2557 3093 2624 3149; x_wconf 88' lang='lat' dir='ltr'><strong>ad</strong></span> <span class='ocrx_word' id='word_1_431' title='bbox 2651 3093 2898 3148; x_wconf 81' lang='lat' dir='ltr'><strong>divinam</strong></span> <span class='ocrx_word' id='word_1_432' title='bbox 2925 3094 3313 3165; x_wconf 73' lang='lat' dir='ltr'><strong>cognationem</strong></span> <span class='ocrx_word' id='word_1_433' title='bbox 3345 3112 3514 3168; x_wconf 87' lang='lat' dir='ltr'><strong>para-</strong></span> 
     </span>
    </p>
   </div>
   <div class='ocr_carea' id='block_1_62' title="bbox 224 3182 1830 3273">
    <p class='ocr_par' dir='ltr' id='par_1_62' title="bbox 224 3182 1813 3261">
     <span class='ocr_line' id='line_1_62' title="bbox 224 3182 1813 3261; baseline 0.006 -26"><span class='ocrx_word' id='word_1_434' title='bbox 224 3182 512 3255; x_wconf 77' lang='grc' dir='ltr'>ὲξήλεγξεν</span> <span class='ocrx_word' id='word_1_435' title='bbox 539 3185 572 3256; x_wconf 81' lang='grc' dir='ltr'>ἡ</span> <span class='ocrx_word' id='word_1_436' title='bbox 602 3185 843 3256; x_wconf 81' lang='grc' dir='ltr'>πτωχεία</span> <span class='ocrx_word' id='word_1_437' title='bbox 885 3185 947 3239; x_wconf 75' lang='grc' dir='ltr'>τὸ</span> <span class='ocrx_word' id='word_1_438' title='bbox 988 3186 1088 3256; x_wconf 78' lang='grc' dir='ltr'>τῆς</span> <span class='ocrx_word' id='word_1_439' title='bbox 1121 3186 1350 3258; x_wconf 78' lang='grc' dir='ltr'>γνώμης</span> <span class='ocrx_word' id='word_1_440' title='bbox 1395 3189 1697 3261; x_wconf 67' lang='grc' dir='ltr'>φιλότιμον.</span> <span class='ocrx_word' id='word_1_441' title='bbox 1740 3192 1813 3245; x_wconf 75' lang='grc' dir='ltr'>υὺ</span> 
     </span>
    </p>
   </div>
   <div class='ocr_carea' id='block_1_63' title="bbox 1934 3182 3519 3273">
    <p class='ocr_par' dir='ltr' id='par_1_63' title="bbox 1934 3186 3519 3260">
     <span class='ocr_line' id='line_1_63' title="bbox 1934 3186 3519 3260; baseline -0.003 -9"><span class='ocrx_word' id='word_1_442' title='bbox 1934 3204 2034 3252; x_wconf 79' lang='lat' dir='ltr'><strong>Lur.</strong></span> <span class='ocrx_word' id='word_1_443' title='bbox 2067 3223 2138 3236; x_wconf 90' lang='lat'><strong>-—-</strong></span> <span class='ocrx_word' id='word_1_444' title='bbox 2183 3190 2228 3249; x_wconf 92' lang='grc' dir='ltr'><strong>Ο</strong></span> <span class='ocrx_word' id='word_1_445' title='bbox 2265 3190 2562 3260; x_wconf 78' lang='lat' dir='ltr'><strong>benignam</strong></span> <span class='ocrx_word' id='word_1_446' title='bbox 2592 3186 2831 3242; x_wconf 91' lang='lat' dir='ltr'><strong>animam</strong></span> <span class='ocrx_word' id='word_1_447' title='bbox 2865 3187 2880 3241; x_wconf 72' lang='grc' dir='ltr'><strong>ί</strong></span> <span class='ocrx_word' id='word_1_448' title='bbox 2914 3202 2948 3241; x_wconf 92' lang='lat' dir='ltr'><strong>o</strong></span> <span class='ocrx_word' id='word_1_449' title='bbox 2974 3196 3211 3244; x_wconf 87' lang='lat' dir='ltr'><strong>mentem</strong></span> <span class='ocrx_word' id='word_1_450' title='bbox 3246 3188 3314 3245; x_wconf 87' lang='lat' dir='ltr'><strong>ad</strong></span> <span class='ocrx_word' id='word_1_451' title='bbox 3347 3191 3519 3248; x_wconf 87' lang='lat' dir='ltr'><strong>mise-</strong></span> 
     </span>
    </p>
   </div>
   <div class='ocr_carea' id='block_1_64' title="bbox 224 3276 1830 3354">
    <p class='ocr_par' dir='ltr' id='par_1_64' title="bbox 224 3276 1506 3354">
     <span class='ocr_line' id='line_1_64' title="bbox 224 3276 1506 3354; baseline 0.009 -24"><span class='ocrx_word' id='word_1_452' title='bbox 224 3276 560 3332; x_wconf 80' lang='grc' dir='ltr'>συνέστειλεν</span> <span class='ocrx_word' id='word_1_453' title='bbox 580 3280 614 3351; x_wconf 80' lang='grc' dir='ltr'><strong>ἡ</strong></span> <span class='ocrx_word' id='word_1_454' title='bbox 643 3278 822 3333; x_wconf 72' lang='grc' dir='ltr'>ἔνδεια</span> <span class='ocrx_word' id='word_1_455' title='bbox 846 3279 908 3334; x_wconf 81' lang='grc' dir='ltr'>τὸ</span> <span class='ocrx_word' id='word_1_456' title='bbox 929 3279 1027 3352; x_wconf 75' lang='grc' dir='ltr'><strong>τῆς</strong></span> <span class='ocrx_word' id='word_1_457' title='bbox 1048 3280 1231 3353; x_wconf 76' lang='grc' dir='ltr'>ψυχῆς</span> <span class='ocrx_word' id='word_1_458' title='bbox 1263 3282 1506 3354; x_wconf 67' lang='grc' dir='ltr'>δαψιλές.</span> 
     </span>
    </p>
   </div>
   <div class='ocr_carea' id='block_1_65' title="bbox 1934 3276 3516 3354">
    <p class='ocr_par' dir='ltr' id='par_1_65' title="bbox 1934 3278 3516 3354">
     <span class='ocr_line' id='line_1_65' title="bbox 1934 3278 3516 3354; baseline -0.003 -11"><span class='ocrx_word' id='word_1_459' title='bbox 1934 3284 2230 3344; x_wconf 89' lang='lat' dir='ltr'><strong>ricordiam</strong></span> <span class='ocrx_word' id='word_1_460' title='bbox 2293 3282 2598 3354; x_wconf 84' lang='lat' dir='ltr'><strong>proclivem</strong></span> <span class='ocrx_word' id='word_1_461' title='bbox 2657 3280 2671 3334; x_wconf 78' lang='grc' dir='ltr'><strong>ί</strong></span> <span class='ocrx_word' id='word_1_462' title='bbox 2729 3278 2905 3334; x_wconf 89' lang='lat' dir='ltr'><strong>animi</strong></span> <span class='ocrx_word' id='word_1_463' title='bbox 2970 3281 3516 3340; x_wconf 86' lang='lat' dir='ltr'><strong>commiserationem</strong></span> 
     </span>
    </p>
   </div>
   <div class='ocr_carea' id='block_1_66' title="bbox 221 3373 3504 3458">
    <p class='ocr_par' dir='ltr' id='par_1_66' title="bbox 221 3373 3504 3458">
     <span class='ocr_line' id='line_1_66' title="bbox 221 3373 3504 3458; baseline 0.002 -30"><span class='ocrx_word' id='word_1_464' title='bbox 221 3385 512 3445; x_wconf 84' lang='lat' dir='ltr'><strong>paupertas</strong></span> <span class='ocrx_word' id='word_1_465' title='bbox 547 3391 656 3431; x_wconf 90' lang='lat' dir='ltr'><strong>non</strong></span> <span class='ocrx_word' id='word_1_466' title='bbox 685 3373 914 3433; x_wconf 78' lang='lat' dir='ltr'><strong>excidit.</strong></span> <span class='ocrx_word' id='word_1_467' title='bbox 974 3376 1290 3435; x_wconf 77' lang='lat' dir='ltr'><strong>Muniiicam</strong></span> <span class='ocrx_word' id='word_1_468' title='bbox 1325 3381 1661 3439; x_wconf 67' lang='lat' dir='ltr'><strong>voluntatem</strong></span> <span class='ocrx_word' id='word_1_469' title='bbox 1691 3395 1914 3458; x_wconf 79' lang='lat' dir='ltr'><strong>egestas</strong></span> <span class='ocrx_word' id='word_1_470' title='bbox 1941 3399 2053 3444; x_wconf 90' lang='lat' dir='ltr'><strong>non</strong></span> <span class='ocrx_word' id='word_1_471' title='bbox 2081 3378 2430 3452; x_wconf 81' lang='lat' dir='ltr'><strong>compressit.</strong></span> <span class='ocrx_word' id='word_1_472' title='bbox 2506 3375 2694 3432; x_wconf 80' lang='lat' dir='ltr'><strong>Animi</strong></span> <span class='ocrx_word' id='word_1_473' title='bbox 2717 3373 3100 3432; x_wconf 88' lang='lat' dir='ltr'><strong>liberalitatem</strong></span> <span class='ocrx_word' id='word_1_474' title='bbox 3128 3377 3359 3448; x_wconf 84' lang='lat' dir='ltr'><strong>penuria</strong></span> <span class='ocrx_word' id='word_1_475' title='bbox 3390 3395 3504 3435; x_wconf 89' lang='lat' dir='ltr'><strong>non</strong></span> 
     </span>
    </p>
   </div>
   <div class='ocr_carea' id='block_1_67' title="bbox 221 3469 527 3527">
    <p class='ocr_par' dir='ltr' id='par_1_67' title="bbox 221 3469 527 3527">
     <span class='ocr_line' id='line_1_67' title="bbox 221 3469 527 3527; baseline 0.003 -5"><span class='ocrx_word' id='word_1_476' title='bbox 221 3469 527 3527; x_wconf 81' lang='lat' dir='ltr'><strong>restrinxit.</strong></span> 
     </span>
    </p>
   </div>
   <div class='ocr_carea' id='block_1_68' title="bbox 285 3566 1802 3651">
    <p class='ocr_par' dir='ltr' id='par_1_68' title="bbox 285 3566 1802 3651">
     <span class='ocr_line' id='line_1_68' title="bbox 285 3566 1802 3651; baseline 0.008 -29"><span class='ocrx_word' id='word_1_477' title='bbox 285 3567 362 3638; x_wconf 78' lang='grc' dir='ltr'>(ί)</span> <span class='ocrx_word' id='word_1_478' title='bbox 398 3566 475 3621; x_wconf 78' lang='grc' dir='ltr'>Τὸ</span> <span class='ocrx_word' id='word_1_479' title='bbox 505 3567 607 3638; x_wconf 85' lang='grc' dir='ltr'>τῆς</span> <span class='ocrx_word' id='word_1_480' title='bbox 633 3566 1015 3641; x_wconf 81' lang='grc' dir='ltr'>ἐλεημοσύνης</span> <span class='ocrx_word' id='word_1_481' title='bbox 1048 3572 1246 3645; x_wconf 80' lang='grc' dir='ltr'>χρῆμα</span> <span class='ocrx_word' id='word_1_482' title='bbox 1279 3574 1576 3648; x_wconf 81' lang='grc' dir='ltr'>διασμήχει</span> <span class='ocrx_word' id='word_1_483' title='bbox 1619 3578 1802 3651; x_wconf 84' lang='grc' dir='ltr'>ἀμαρ-</span> 
     </span>
    </p>
   </div>
   <div class='ocr_carea' id='block_1_69' title="bbox 215 3657 1808 3742">
    <p class='ocr_par' dir='ltr' id='par_1_69' title="bbox 215 3657 1808 3742">
     <span class='ocr_line' id='line_1_69' title="bbox 215 3657 1808 3742; baseline 0.011 -32"><span class='ocrx_word' id='word_1_484' title='bbox 215 3657 352 3725; x_wconf 83' lang='grc' dir='ltr'>τίας,</span> <span class='ocrx_word' id='word_1_485' title='bbox 375 3663 807 3732; x_wconf 78' lang='grc' dir='ltr'>κατακαυχᾶται</span> <span class='ocrx_word' id='word_1_486' title='bbox 837 3663 1096 3734; x_wconf 78' lang='grc' dir='ltr'>κρίσεως,</span> <span class='ocrx_word' id='word_1_487' title='bbox 1134 3669 1340 3740; x_wconf 82' lang='grc' dir='ltr'>ἡμεροῖ</span> <span class='ocrx_word' id='word_1_488' title='bbox 1373 3669 1472 3741; x_wconf 82' lang='grc' dir='ltr'>τὴν</span> <span class='ocrx_word' id='word_1_489' title='bbox 1499 3669 1598 3742; x_wconf 84' lang='grc' dir='ltr'><strong>τῆς</strong></span> <span class='ocrx_word' id='word_1_490' title='bbox 1644 3671 1808 3726; x_wconf 86' lang='grc' dir='ltr'>κολά-</span> 
     </span>
    </p>
   </div>
   <div class='ocr_carea' id='block_1_70' title="bbox 1980 3565 3519 3646">
    <p class='ocr_par' dir='ltr' id='par_1_70' title="bbox 1980 3565 3519 3646">
     <span class='ocr_line' id='line_1_70' title="bbox 1980 3565 3519 3646; baseline -0.006 -15"><span class='ocrx_word' id='word_1_491' title='bbox 1980 3573 2042 3634; x_wconf 83' lang='grc'><strong>3.</strong></span> <span class='ocrx_word' id='word_1_492' title='bbox 2078 3571 2297 3646; x_wconf 77' lang='lat' dir='ltr'><strong>Cyriui.</strong></span> <span class='ocrx_word' id='word_1_493' title='bbox 2330 3595 2403 3610; x_wconf 87' lang='lat'><strong>--</strong></span> <span class='ocrx_word' id='word_1_494' title='bbox 2427 3565 2806 3635; x_wconf 68' lang='lat' dir='ltr'><strong>Eleemosyna:</strong></span> <span class='ocrx_word' id='word_1_495' title='bbox 2865 3574 3062 3622; x_wconf 87' lang='lat' dir='ltr'><strong>natura</strong></span> <span class='ocrx_word' id='word_1_496' title='bbox 3092 3577 3177 3623; x_wconf 89' lang='lat' dir='ltr'><strong>est</strong></span> <span class='ocrx_word' id='word_1_497' title='bbox 3208 3574 3269 3622; x_wconf 91' lang='lat' dir='ltr'><strong>ut</strong></span> <span class='ocrx_word' id='word_1_498' title='bbox 3316 3581 3519 3639; x_wconf 79' lang='lat' dir='ltr'><strong>expur-</strong></span> 
     </span>
    </p>
   </div>
   <div class='ocr_carea' id='block_1_71' title="bbox 1907 3659 3511 3741">
    <p class='ocr_par' dir='ltr' id='par_1_71' title="bbox 1907 3659 3511 3741">
     <span class='ocr_line' id='line_1_71' title="bbox 1907 3659 3511 3741; baseline -0.006 -14"><span class='ocrx_word' id='word_1_499' title='bbox 1907 3680 2002 3741; x_wconf 90' lang='lat' dir='ltr'><strong>get</strong></span> <span class='ocrx_word' id='word_1_500' title='bbox 2064 3673 2294 3740; x_wconf 87' lang='lat' dir='ltr'><strong>peccata</strong></span> <span class='ocrx_word' id='word_1_501' title='bbox 2375 3681 2391 3719; x_wconf 90' lang='lat'><strong>:</strong></span> <span class='ocrx_word' id='word_1_502' title='bbox 2447 3661 2829 3733; x_wconf 84' lang='lat' dir='ltr'><strong>superexaltat</strong></span> <span class='ocrx_word' id='word_1_503' title='bbox 2893 3659 3196 3732; x_wconf 85' lang='lat' dir='ltr'><strong>judicium,</strong></span> <span class='ocrx_word' id='word_1_504' title='bbox 3252 3663 3511 3734; x_wconf 83' lang='lat' dir='ltr'><strong>supplicii</strong></span> 
     </span>
    </p>
   </div>
   <div class='ocr_carea' id='block_1_72' title="bbox 219 3753 1830 3832">
    <p class='ocr_par' dir='ltr' id='par_1_72' title="bbox 219 3754 1808 3832">
     <span class='ocr_line' id='line_1_72' title="bbox 219 3754 1808 3832; baseline 0.01 -29"><span class='ocrx_word' id='word_1_505' title='bbox 219 3769 351 3818; x_wconf 78' lang='grc' dir='ltr'>σεως</span> <span class='ocrx_word' id='word_1_506' title='bbox 373 3754 576 3824; x_wconf 78' lang='grc' dir='ltr'>φλόγα,</span> <span class='ocrx_word' id='word_1_507' title='bbox 602 3754 849 3809; x_wconf 81' lang='grc' dir='ltr'>δυσωπεῖ</span> <span class='ocrx_word' id='word_1_508' title='bbox 873 3756 967 3812; x_wconf 83' lang='grc' dir='ltr'>τὸν</span> <span class='ocrx_word' id='word_1_509' title='bbox 1007 3757 1324 3826; x_wconf 79' lang='grc' dir='ltr'>δικάζοντα,</span> <span class='ocrx_word' id='word_1_510' title='bbox 1366 3762 1568 3832; x_wconf 78' lang='grc' dir='ltr'>μᾶλλον</span> <span class='ocrx_word' id='word_1_511' title='bbox 1593 3764 1647 3819; x_wconf 81' lang='grc' dir='ltr'>δὲ</span> <span class='ocrx_word' id='word_1_512' title='bbox 1679 3767 1808 3818; x_wconf 86' lang='grc' dir='ltr'>συν-</span> 
     </span>
    </p>
   </div>
   <div class='ocr_carea' id='block_1_73' title="bbox 1934 3753 3511 3832">
    <p class='ocr_par' dir='ltr' id='par_1_73' title="bbox 1934 3753 3511 3829">
     <span class='ocr_line' id='line_1_73' title="bbox 1934 3753 3511 3829; baseline -0.003 -13"><span class='ocrx_word' id='word_1_513' title='bbox 1934 3762 2197 3818; x_wconf 86' lang='lat' dir='ltr'><strong>iammam</strong></span> <span class='ocrx_word' id='word_1_514' title='bbox 2263 3756 2502 3829; x_wconf 84' lang='lat' dir='ltr'><strong>mitigat,</strong></span> <span class='ocrx_word' id='word_1_515' title='bbox 2531 3753 2774 3825; x_wconf 88' lang='lat' dir='ltr'><strong>judicem</strong></span> <span class='ocrx_word' id='word_1_516' title='bbox 2820 3754 3030 3821; x_wconf 84' lang='lat' dir='ltr'><strong>ﬂectit;</strong></span> <span class='ocrx_word' id='word_1_517' title='bbox 3075 3756 3272 3822; x_wconf 86' lang='lat' dir='ltr'><strong>vel,ut</strong></span> <span class='ocrx_word' id='word_1_518' title='bbox 3299 3757 3511 3813; x_wconf 86' lang='lat' dir='ltr'><strong>rectius</strong></span> 
     </span>
    </p>
   </div>
   <div class='ocr_carea' id='block_1_74' title="bbox 215 3846 1830 3932">
    <p class='ocr_par' dir='ltr' id='par_1_74' title="bbox 215 3846 1808 3932">
     <span class='ocr_line' id='line_1_74' title="bbox 215 3846 1808 3932; baseline 0.011 -35"><span class='ocrx_word' id='word_1_519' title='bbox 215 3846 369 3900; x_wconf 86' lang='grc' dir='ltr'>άπτει</span> <span class='ocrx_word' id='word_1_520' title='bbox 402 3847 548 3919; x_wconf 84' lang='grc' dir='ltr'>Θεῷ,</span> <span class='ocrx_word' id='word_1_521' title='bbox 573 3851 687 3913; x_wconf 78' lang='grc' dir='ltr'>τοῖς</span> <span class='ocrx_word' id='word_1_522' title='bbox 721 3847 831 3905; x_wconf 86' lang='grc' dir='ltr'>τῶν</span> <span class='ocrx_word' id='word_1_523' title='bbox 866 3851 1040 3922; x_wconf 82' lang='grc' dir='ltr'>ἁγίων</span> <span class='ocrx_word' id='word_1_524' title='bbox 1064 3855 1251 3926; x_wconf 78' lang='grc' dir='ltr'>χοροῖς</span> <span class='ocrx_word' id='word_1_525' title='bbox 1280 3856 1604 3930; x_wconf 73' lang='grc' dir='ltr'>ἐναρίθμιον</span> <span class='ocrx_word' id='word_1_526' title='bbox 1632 3860 1808 3932; x_wconf 82' lang='grc' dir='ltr'>ἁπερ-</span> 
     </span>
    </p>
   </div>
   <div class='ocr_carea' id='block_1_75' title="bbox 1934 3846 3511 3932">
    <p class='ocr_par' dir='ltr' id='par_1_75' title="bbox 1937 3847 3511 3926">
     <span class='ocr_line' id='line_1_75' title="bbox 1937 3847 3511 3926; baseline -0.003 -17"><span class='ocrx_word' id='word_1_527' title='bbox 1937 3868 2139 3926; x_wconf 88' lang='lat' dir='ltr'><strong>oquar,</strong></span> <span class='ocrx_word' id='word_1_528' title='bbox 2203 3865 2332 3907; x_wconf 91' lang='lat' dir='ltr'><strong>cum</strong></span> <span class='ocrx_word' id='word_1_529' title='bbox 2369 3847 2481 3904; x_wconf 87' lang='lat' dir='ltr'><strong>Deo</strong></span> <span class='ocrx_word' id='word_1_530' title='bbox 2518 3847 2768 3917; x_wconf 87' lang='lat' dir='ltr'><strong>copulat,</strong></span> <span class='ocrx_word' id='word_1_531' title='bbox 2796 3849 2860 3903; x_wconf 86' lang='lat' dir='ltr'><strong>.in</strong></span> <span class='ocrx_word' id='word_1_532' title='bbox 2897 3857 3218 3906; x_wconf 88' lang='lat' dir='ltr'><strong>sanctorum</strong></span> <span class='ocrx_word' id='word_1_533' title='bbox 3278 3849 3511 3905; x_wconf 85' lang='lat' dir='ltr'><strong>ascribit</strong></span> 
     </span>
    </p>
   </div>
   <div class='ocr_carea' id='block_1_76' title="bbox 213 3934 1830 4025">
    <p class='ocr_par' dir='ltr' id='par_1_76' title="bbox 213 3934 1809 4025">
     <span class='ocr_line' id='line_1_76' title="bbox 213 3934 1809 4025; baseline 0.011 -35"><span class='ocrx_word' id='word_1_534' title='bbox 213 3934 438 4005; x_wconf 74' lang='grc' dir='ltr'>γάζεται</span> <span class='ocrx_word' id='word_1_535' title='bbox 462 3955 480 3971; x_wconf 76' lang='grc' dir='ltr'><strong>ο</strong></span> <span class='ocrx_word' id='word_1_536' title='bbox 513 3939 784 4012; x_wconf 78' lang='grc' dir='ltr'>ἀποφέρει</span> <span class='ocrx_word' id='word_1_537' title='bbox 827 3941 884 3998; x_wconf 82' lang='grc' dir='ltr'>δὲ</span> <span class='ocrx_word' id='word_1_538' title='bbox 926 3943 1020 4020; x_wconf 72' lang='grc' dir='ltr'>καὶ</span> <span class='ocrx_word' id='word_1_539' title='bbox 1052 3947 1131 4011; x_wconf 76' lang='grc' dir='ltr'>εἰς</span> <span class='ocrx_word' id='word_1_540' title='bbox 1157 3947 1262 4020; x_wconf 79' lang='grc' dir='ltr'>τὴν</span> <span class='ocrx_word' id='word_1_541' title='bbox 1289 3948 1405 4004; x_wconf 85' lang='grc' dir='ltr'><strong>άνω</strong></span> <span class='ocrx_word' id='word_1_542' title='bbox 1435 3951 1614 4018; x_wconf 86' lang='grc' dir='ltr'>πόλιν,</span> <span class='ocrx_word' id='word_1_543' title='bbox 1657 3953 1809 4025; x_wconf 88' lang='grc' dir='ltr'>βασι-</span> 
     </span>
    </p>
   </div>
   <div class='ocr_carea' id='block_1_77' title="bbox 1934 3934 3508 4025">
    <p class='ocr_par' dir='ltr' id='par_1_77' title="bbox 1934 3941 3508 4011">
     <span class='ocr_line' id='line_1_77' title="bbox 1934 3941 3508 4011; baseline -0.006 -8"><span class='ocrx_word' id='word_1_544' title='bbox 1934 3947 2144 4011; x_wconf 88' lang='lat' dir='ltr'><strong>:horos,</strong></span> <span class='ocrx_word' id='word_1_545' title='bbox 2178 3945 2237 3999; x_wconf 86' lang='lat' dir='ltr'><strong>in</strong></span> <span class='ocrx_word' id='word_1_546' title='bbox 2294 3954 2598 4010; x_wconf 84' lang='lat' dir='ltr'><strong>supernam</strong></span> <span class='ocrx_word' id='word_1_547' title='bbox 2636 3941 2920 3998; x_wconf 88' lang='lat' dir='ltr'><strong>civitatem</strong></span> <span class='ocrx_word' id='word_1_548' title='bbox 2977 3941 3203 4006; x_wconf 86' lang='lat' dir='ltr'><strong>attollit,</strong></span> <span class='ocrx_word' id='word_1_549' title='bbox 3236 3941 3508 3997; x_wconf 79' lang='lat' dir='ltr'><strong>caelorum</strong></span> 
     </span>
    </p>
   </div>
   <div class='ocr_carea' id='block_1_78' title="bbox 210 4030 1830 4116">
    <p class='ocr_par' dir='ltr' id='par_1_78' title="bbox 210 4030 1804 4116">
     <span class='ocr_line' id='line_1_78' title="bbox 210 4030 1804 4116; baseline 0.011 -31"><span class='ocrx_word' id='word_1_550' title='bbox 210 4030 359 4088; x_wconf 81' lang='grc' dir='ltr'>λείαν</span> <span class='ocrx_word' id='word_1_551' title='bbox 397 4034 652 4107; x_wconf 74' lang='grc' dir='ltr'>οὐρανῶν</span> <span class='ocrx_word' id='word_1_552' title='bbox 688 4035 970 4110; x_wconf 74' lang='grc' dir='ltr'>προξενεῖ,</span> <span class='ocrx_word' id='word_1_553' title='bbox 1016 4038 1176 4106; x_wconf 84' lang='grc' dir='ltr'>δόξαν</span> <span class='ocrx_word' id='word_1_554' title='bbox 1217 4042 1559 4116; x_wconf 78' lang='grc' dir='ltr'>ἀμάραντον,</span> <span class='ocrx_word' id='word_1_555' title='bbox 1612 4047 1804 4102; x_wconf 82' lang='grc' dir='ltr'>ἐλπίδα</span> 
     </span>
    </p>
   </div>
   <div class='ocr_carea' id='block_1_79' title="bbox 1934 4030 3502 4116">
    <p class='ocr_par' dir='ltr' id='par_1_79' title="bbox 1934 4037 3502 4113">
     <span class='ocr_line' id='line_1_79' title="bbox 1934 4037 3502 4113; baseline -0.004 -17"><span class='ocrx_word' id='word_1_556' title='bbox 1934 4055 2148 4113; x_wconf 71' lang='lat' dir='ltr'><strong>&#39;egnum</strong></span> <span class='ocrx_word' id='word_1_557' title='bbox 2185 4039 2470 4106; x_wconf 83' lang='lat' dir='ltr'><strong>conciliat,</strong></span> <span class='ocrx_word' id='word_1_558' title='bbox 2500 4039 2733 4112; x_wconf 85' lang='lat' dir='ltr'><strong>gloriam</strong></span> <span class='ocrx_word' id='word_1_559' title='bbox 2770 4037 3314 4100; x_wconf 72' lang='lat' dir='ltr'><strong>immarcescibilcm,</strong></span> <span class='ocrx_word' id='word_1_560' title='bbox 3347 4049 3502 4106; x_wconf 88' lang='lat' dir='ltr'><strong>spem</strong></span> 
     </span>
    </p>
   </div>
   <div class='ocr_carea' id='block_1_80' title="bbox 213 4124 1830 4212">
    <p class='ocr_par' dir='ltr' id='par_1_80' title="bbox 213 4124 1801 4212">
     <span class='ocr_line' id='line_1_80' title="bbox 213 4124 1801 4212; baseline 0.011 -34"><span class='ocrx_word' id='word_1_561' title='bbox 213 4124 434 4194; x_wconf 76' lang='grc' dir='ltr'>βεϐαίαν</span> <span class='ocrx_word' id='word_1_562' title='bbox 492 4129 590 4183; x_wconf 77' lang='grc' dir='ltr'>καὶ</span> <span class='ocrx_word' id='word_1_563' title='bbox 643 4130 1014 4205; x_wconf 80' lang='grc' dir='ltr'>ἐρηρειμένην</span> <span class='ocrx_word' id='word_1_564' title='bbox 1043 4151 1057 4167; x_wconf 76' lang='grc' dir='ltr'><strong><em>ο</em></strong></span> <span class='ocrx_word' id='word_1_565' title='bbox 1098 4135 1194 4189; x_wconf 69' lang='grc' dir='ltr'>καὶ</span> <span class='ocrx_word' id='word_1_566' title='bbox 1234 4137 1288 4190; x_wconf 83' lang='grc' dir='ltr'><strong>τί</strong></span> <span class='ocrx_word' id='word_1_567' title='bbox 1342 4139 1481 4210; x_wconf 81' lang='grc' dir='ltr'><strong>γάρ;</strong></span> <span class='ocrx_word' id='word_1_568' title='bbox 1524 4141 1644 4212; x_wconf 69' lang='grc' dir='ltr'>οὐχὶ</span> <span class='ocrx_word' id='word_1_569' title='bbox 1689 4141 1801 4196; x_wconf 82' lang='grc' dir='ltr'><strong>τῶν</strong></span> 
     </span>
    </p>
   </div>
   <div class='ocr_carea' id='block_1_81' title="bbox 1934 4124 3505 4212">
    <p class='ocr_par' dir='ltr' id='par_1_81' title="bbox 1934 4129 3505 4202">
     <span class='ocr_line' id='line_1_81' title="bbox 1934 4129 3505 4202; baseline -0.003 -12"><span class='ocrx_word' id='word_1_570' title='bbox 1934 4140 2120 4190; x_wconf 85' lang='lat' dir='ltr'><strong>irmam</strong></span> <span class='ocrx_word' id='word_1_571' title='bbox 2160 4141 2214 4190; x_wconf 89' lang='lat' dir='ltr'><strong>et</strong></span> <span class='ocrx_word' id='word_1_572' title='bbox 2255 4133 2518 4189; x_wconf 85' lang='lat' dir='ltr'><strong>stabilem</strong></span> <span class='ocrx_word' id='word_1_573' title='bbox 2557 4148 2571 4186; x_wconf 88' lang='lat'><strong>:</strong></span> <span class='ocrx_word' id='word_1_574' title='bbox 2606 4147 2672 4188; x_wconf 86' lang='lat' dir='ltr'><strong>ac</strong></span> <span class='ocrx_word' id='word_1_575' title='bbox 2699 4132 2833 4202; x_wconf 92' lang='lat' dir='ltr'><strong>quid</strong></span> <span class='ocrx_word' id='word_1_576' title='bbox 2861 4145 2970 4187; x_wconf 89' lang='lat' dir='ltr'><strong>non</strong></span> <span class='ocrx_word' id='word_1_577' title='bbox 2997 4129 3258 4185; x_wconf 79' lang='lat' dir='ltr'><strong>demum?</strong></span> <span class='ocrx_word' id='word_1_578' title='bbox 3286 4143 3353 4184; x_wconf 87' lang='lat' dir='ltr'><strong>an</strong></span> <span class='ocrx_word' id='word_1_579' title='bbox 3398 4145 3505 4186; x_wconf 81' lang='lat' dir='ltr'><strong>non</strong></span> 
     </span>
    </p>
   </div>
   <div class='ocr_carea' id='block_1_82' title="bbox 209 4218 1830 4300">
    <p class='ocr_par' dir='ltr' id='par_1_82' title="bbox 209 4218 1797 4300">
     <span class='ocr_line' id='line_1_82' title="bbox 209 4218 1797 4300; baseline 0.011 -27"><span class='ocrx_word' id='word_1_580' title='bbox 209 4218 562 4276; x_wconf 81' lang='grc' dir='ltr'>τελειούντων</span> <span class='ocrx_word' id='word_1_581' title='bbox 601 4222 682 4288; x_wconf 86' lang='grc' dir='ltr'><strong>είς</strong></span> <span class='ocrx_word' id='word_1_582' title='bbox 731 4223 1032 4298; x_wconf 84' lang='grc' dir='ltr'>ἀκλόνητον</span> <span class='ocrx_word' id='word_1_583' title='bbox 1061 4228 1360 4300; x_wconf 73' lang='grc' dir='ltr'>εὐθυμίανς</span> <span class='ocrx_word' id='word_1_584' title='bbox 1389 4258 1460 4275; x_wconf 65' lang='grc' dir='ltr'><strong>-ο</strong></span> <span class='ocrx_word' id='word_1_585' title='bbox 1503 4231 1560 4288; x_wconf 83' lang='lat'><strong>&#39;0</strong></span> <span class='ocrx_word' id='word_1_586' title='bbox 1593 4236 1703 4300; x_wconf 86' lang='grc' dir='ltr'>τοῖς</span> <span class='ocrx_word' id='word_1_587' title='bbox 1737 4237 1797 4291; x_wconf 81' lang='grc' dir='ltr'>ὲν</span> 
     </span>
    </p>
   </div>
   <div class='ocr_carea' id='block_1_83' title="bbox 1934 4218 3508 4300">
    <p class='ocr_par' dir='ltr' id='par_1_83' title="bbox 1934 4219 3508 4298">
     <span class='ocr_line' id='line_1_83' title="bbox 1934 4219 3508 4298; baseline -0.004 -16"><span class='ocrx_word' id='word_1_588' title='bbox 1934 4241 1961 4282; x_wconf 87' lang='lat' dir='ltr'><strong>a</strong></span> <span class='ocrx_word' id='word_1_589' title='bbox 2002 4242 2126 4298; x_wconf 76' lang='lat' dir='ltr'><strong>quae</strong></span> <span class='ocrx_word' id='word_1_590' title='bbox 2159 4234 2506 4281; x_wconf 88' lang='lat' dir='ltr'><strong>constantem</strong></span> <span class='ocrx_word' id='word_1_591' title='bbox 2536 4224 2870 4281; x_wconf 88' lang='lat' dir='ltr'><strong>hilaritatem</strong></span> <span class='ocrx_word' id='word_1_592' title='bbox 2904 4222 3206 4294; x_wconf 80' lang='lat' dir='ltr'><strong>praestent?</strong></span> <span class='ocrx_word' id='word_1_593' title='bbox 3236 4250 3305 4261; x_wconf 93' lang='lat'><em>-</em></span> <span class='ocrx_word' id='word_1_594' title='bbox 3340 4219 3508 4289; x_wconf 77' lang='lat' dir='ltr'><strong>Quis-</strong></span> 
     </span>
    </p>
   </div>
   <div class='ocr_carea' id='block_1_84' title="bbox 209 4316 1830 4395">
    <p class='ocr_par' dir='ltr' id='par_1_84' title="bbox 209 4316 1790 4395">
     <span class='ocr_line' id='line_1_84' title="bbox 209 4316 1790 4395; baseline 0.009 -29"><span class='ocrx_word' id='word_1_595' title='bbox 209 4316 382 4388; x_wconf 78' lang='grc' dir='ltr'>ἐνδείᾳ</span> <span class='ocrx_word' id='word_1_596' title='bbox 413 4317 513 4373; x_wconf 73' lang='grc' dir='ltr'><strong>καὶ</strong></span> <span class='ocrx_word' id='word_1_597' title='bbox 552 4319 991 4391; x_wconf 83' lang='grc' dir='ltr'>πτωχευομὲνοις</span> <span class='ocrx_word' id='word_1_598' title='bbox 1020 4323 1113 4376; x_wconf 82' lang='grc' dir='ltr'>τὸν</span> <span class='ocrx_word' id='word_1_599' title='bbox 1157 4322 1288 4376; x_wconf 85' lang='grc' dir='ltr'>ίδιον</span> <span class='ocrx_word' id='word_1_600' title='bbox 1317 4322 1588 4395; x_wconf 78' lang='grc' dir='ltr'>διανέμων</span> <span class='ocrx_word' id='word_1_601' title='bbox 1623 4326 1790 4380; x_wconf 79' lang='grc' dir='ltr'>πλοῦ-</span> 
     </span>
    </p>
   </div>
   <div class='ocr_carea' id='block_1_85' title="bbox 1934 4316 3503 4395">
    <p class='ocr_par' dir='ltr' id='par_1_85' title="bbox 1936 4316 3503 4392">
     <span class='ocr_line' id='line_1_85' title="bbox 1936 4316 3503 4392; baseline -0.003 -17"><span class='ocrx_word' id='word_1_602' title='bbox 1936 4320 2022 4376; x_wconf 90' lang='lat' dir='ltr'><strong>uis</strong></span> <span class='ocrx_word' id='word_1_603' title='bbox 2103 4327 2430 4392; x_wconf 87' lang='lat' dir='ltr'><strong>paupertate</strong></span> <span class='ocrx_word' id='word_1_604' title='bbox 2468 4327 2522 4374; x_wconf 88' lang='lat' dir='ltr'><strong>et</strong></span> <span class='ocrx_word' id='word_1_605' title='bbox 2580 4318 2767 4389; x_wconf 90' lang='lat' dir='ltr'><strong>inopia</strong></span> <span class='ocrx_word' id='word_1_606' title='bbox 2820 4317 3203 4373; x_wconf 86' lang='lat' dir='ltr'><strong>laborantibus</strong></span> <span class='ocrx_word' id='word_1_607' title='bbox 3233 4332 3363 4387; x_wconf 87' lang='lat' dir='ltr'><strong>opes</strong></span> <span class='ocrx_word' id='word_1_608' title='bbox 3395 4316 3503 4371; x_wconf 89' lang='lat' dir='ltr'><strong>im-</strong></span> 
     </span>
    </p>
   </div>
   <div class='ocr_carea' id='block_1_86' title="bbox 208 4410 1830 4492">
    <p class='ocr_par' dir='ltr' id='par_1_86' title="bbox 208 4410 1792 4492">
     <span class='ocr_line' id='line_1_86' title="bbox 208 4410 1792 4492; baseline 0.008 -32"><span class='ocrx_word' id='word_1_609' title='bbox 208 4426 313 4475; x_wconf 78' lang='grc' dir='ltr'>τον,</span> <span class='ocrx_word' id='word_1_610' title='bbox 345 4410 408 4465; x_wconf 78' lang='grc' dir='ltr'>οὐ</span> <span class='ocrx_word' id='word_1_611' title='bbox 456 4411 729 4482; x_wconf 83' lang='grc' dir='ltr'>πτωχεύει</span> <span class='ocrx_word' id='word_1_612' title='bbox 762 4413 916 4469; x_wconf 85' lang='grc' dir='ltr'>ποτέ.</span> <span class='ocrx_word' id='word_1_613' title='bbox 961 4415 1020 4467; x_wconf 88' lang='lat'><strong>&#39;0</strong></span> <span class='ocrx_word' id='word_1_614' title='bbox 1067 4415 1179 4486; x_wconf 76' lang='grc' dir='ltr'>γὰρ</span> <span class='ocrx_word' id='word_1_615' title='bbox 1212 4416 1381 4470; x_wconf 83' lang='grc' dir='ltr'>ἐλεῶν</span> <span class='ocrx_word' id='word_1_616' title='bbox 1428 4419 1645 4490; x_wconf 74' lang='grc' dir='ltr'>πτωχὸν</span> <span class='ocrx_word' id='word_1_617' title='bbox 1674 4419 1792 4492; x_wconf 82' lang='grc' dir='ltr'><strong>Θεῷ</strong></span> 
     </span>
    </p>
   </div>
   <div class='ocr_carea' id='block_1_87' title="bbox 1934 4410 3500 4492">
    <p class='ocr_par' dir='ltr' id='par_1_87' title="bbox 1934 4410 3500 4484">
     <span class='ocr_line' id='line_1_87' title="bbox 1934 4410 3500 4484; baseline -0.002 -15"><span class='ocrx_word' id='word_1_618' title='bbox 1934 4415 2064 4470; x_wconf 87' lang='lat' dir='ltr'><strong>ertit</strong></span> <span class='ocrx_word' id='word_1_619' title='bbox 2107 4430 2264 4481; x_wconf 84' lang='lat' dir='ltr'><strong>snas,</strong></span> <span class='ocrx_word' id='word_1_620' title='bbox 2334 4426 2620 4484; x_wconf 84' lang='lat' dir='ltr'><strong>nunquam</strong></span> <span class='ocrx_word' id='word_1_621' title='bbox 2693 4426 2903 4482; x_wconf 88' lang='lat' dir='ltr'><strong>pauper</strong></span> <span class='ocrx_word' id='word_1_622' title='bbox 2959 4413 3088 4467; x_wconf 89' lang='lat' dir='ltr'><strong>erit.</strong></span> <span class='ocrx_word' id='word_1_623' title='bbox 3144 4410 3359 4466; x_wconf 82' lang='lat' dir='ltr'><strong>Etenim</strong></span> <span class='ocrx_word' id='word_1_624' title='bbox 3402 4412 3500 4482; x_wconf 87' lang='lat' dir='ltr'><strong>qui</strong></span> 
     </span>
    </p>
   </div>
   <div class='ocr_carea' id='block_1_88' title="bbox 1888 4505 3500 4580">
    <p class='ocr_par' dir='ltr' id='par_1_88' title="bbox 1888 4505 3500 4580">
     <span class='ocr_line' id='line_1_88' title="bbox 1888 4505 3500 4580; baseline -0.002 -16"><span class='ocrx_word' id='word_1_625' title='bbox 1888 4524 2194 4580; x_wconf 79' lang='lat' dir='ltr'><strong>pauperum</strong></span> <span class='ocrx_word' id='word_1_626' title='bbox 2259 4507 2592 4574; x_wconf 90' lang='lat' dir='ltr'><strong>miseretur,</strong></span> <span class='ocrx_word' id='word_1_627' title='bbox 2653 4505 2868 4562; x_wconf 82' lang='lat' dir='ltr'><strong>fenerat</strong></span> <span class='ocrx_word' id='word_1_628' title='bbox 2915 4506 3060 4572; x_wconf 90' lang='lat' dir='ltr'><strong>Deo,</strong></span> <span class='ocrx_word' id='word_1_629' title='bbox 3107 4507 3289 4577; x_wconf 87' lang='lat' dir='ltr'><strong>inquit</strong></span> <span class='ocrx_word' id='word_1_630' title='bbox 3339 4505 3500 4562; x_wconf 80' lang='lat' dir='ltr'><strong>Scri-</strong></span> 
     </span>
    </p>
   </div>
   <div class='ocr_carea' id='block_1_89' title="bbox 1883 4599 3493 4673">
    <p class='ocr_par' dir='ltr' id='par_1_89' title="bbox 1883 4599 3493 4673">
     <span class='ocr_line' id='line_1_89' title="bbox 1883 4599 3493 4673; baseline 0.001 -17"><span class='ocrx_word' id='word_1_631' title='bbox 1883 4601 2407 4673; x_wconf 74' lang='lat' dir='ltr'><strong>ptura(Prov.xIx,</strong></span> <span class='ocrx_word' id='word_1_632' title='bbox 2442 4600 2563 4668; x_wconf 79' lang='lat' dir='ltr'><strong>l7).</strong></span> <span class='ocrx_word' id='word_1_633' title='bbox 2620 4600 2894 4656; x_wconf 85' lang='lat' dir='ltr'><strong>Solvendo</strong></span> <span class='ocrx_word' id='word_1_634' title='bbox 2962 4609 3046 4658; x_wconf 87' lang='lat' dir='ltr'><strong>est</strong></span> <span class='ocrx_word' id='word_1_635' title='bbox 3105 4599 3195 4656; x_wconf 88' lang='lat' dir='ltr'><strong>hic</strong></span> <span class='ocrx_word' id='word_1_636' title='bbox 3246 4600 3493 4657; x_wconf 84' lang='lat' dir='ltr'><strong>debitor.</strong></span> 
     </span>
    </p>
   </div>
   <div class='ocr_carea' id='block_1_90' title="bbox 1884 4691 3495 4764">
    <p class='ocr_par' dir='ltr' id='par_1_90' title="bbox 1884 4691 3495 4764">
     <span class='ocr_line' id='line_1_90' title="bbox 1884 4691 3495 4764; baseline 0 -16"><span class='ocrx_word' id='word_1_637' title='bbox 1884 4694 2089 4750; x_wconf 76' lang='lat' dir='ltr'><strong>Fidelis</strong></span> <span class='ocrx_word' id='word_1_638' title='bbox 2111 4701 2196 4750; x_wconf 89' lang='lat' dir='ltr'><strong>cst</strong></span> <span class='ocrx_word' id='word_1_639' title='bbox 2240 4693 2335 4764; x_wconf 90' lang='lat' dir='ltr'><strong>qui</strong></span> <span class='ocrx_word' id='word_1_640' title='bbox 2363 4691 2587 4763; x_wconf 85' lang='lat' dir='ltr'><strong>accipit.</strong></span> <span class='ocrx_word' id='word_1_641' title='bbox 2618 4691 2782 4748; x_wconf 80' lang='lat' dir='ltr'><strong>Novit</strong></span> <span class='ocrx_word' id='word_1_642' title='bbox 2844 4693 2992 4748; x_wconf 88' lang='lat' dir='ltr'><strong>enim</strong></span> <span class='ocrx_word' id='word_1_643' title='bbox 3035 4692 3089 4747; x_wconf 88' lang='lat' dir='ltr'><strong>id</strong></span> <span class='ocrx_word' id='word_1_644' title='bbox 3124 4691 3272 4763; x_wconf 88' lang='lat' dir='ltr'><strong>quod</strong></span> <span class='ocrx_word' id='word_1_645' title='bbox 3305 4691 3495 4748; x_wconf 89' lang='lat' dir='ltr'><strong>datum</strong></span> 
     </span>
    </p>
   </div>
   <div class='ocr_carea' id='block_1_91' title="bbox 1819 4784 3494 4861">
    <p class='ocr_par' dir='ltr' id='par_1_91' title="bbox 1819 4784 3494 4861">
     <span class='ocr_line' id='line_1_91' title="bbox 1819 4784 3494 4861; baseline -0.002 -17"><span class='ocrx_word' id='word_1_646' title='bbox 1819 4795 1981 4861; x_wconf 79' lang='lat' dir='ltr'><strong>Dest</strong></span> <span class='ocrx_word' id='word_1_647' title='bbox 2035 4803 2162 4844; x_wconf 90' lang='lat' dir='ltr'><strong>cum</strong></span> <span class='ocrx_word' id='word_1_648' title='bbox 2233 4785 2431 4841; x_wconf 77' lang='lat' dir='ltr'><strong>icnore</strong></span> <span class='ocrx_word' id='word_1_649' title='bbox 2491 4787 2821 4842; x_wconf 80' lang='lat' dir='ltr'><strong>dissolvere.</strong></span> <span class='ocrx_word' id='word_1_650' title='bbox 2898 4785 3063 4841; x_wconf 83' lang='lat' dir='ltr'><strong>Dives</strong></span> <span class='ocrx_word' id='word_1_651' title='bbox 3124 4784 3494 4856; x_wconf 88' lang='lat' dir='ltr'><strong>liberalisque</strong></span> 
     </span>
    </p>
   </div>
   <div class='ocr_carea' id='block_1_92' title="bbox 1896 4878 3484 4951">
    <p class='ocr_par' dir='ltr' id='par_1_92' title="bbox 1896 4878 3484 4951">
     <span class='ocr_line' id='line_1_92' title="bbox 1896 4878 3484 4951; baseline -0.002 -15"><span class='ocrx_word' id='word_1_652' title='bbox 1896 4888 1999 4948; x_wconf 85' lang='lat' dir='ltr'><strong>est,</strong></span> <span class='ocrx_word' id='word_1_653' title='bbox 2019 4879 2111 4951; x_wconf 85' lang='lat' dir='ltr'><strong>qui</strong></span> <span class='ocrx_word' id='word_1_654' title='bbox 2137 4880 2384 4935; x_wconf 86' lang='lat' dir='ltr'><strong>hominis</strong></span> <span class='ocrx_word' id='word_1_655' title='bbox 2417 4880 2486 4934; x_wconf 86' lang='lat' dir='ltr'><strong>ad</strong></span> <span class='ocrx_word' id='word_1_656' title='bbox 2531 4878 2978 4936; x_wconf 86' lang='lat' dir='ltr'><strong>misericordiam</strong></span> <span class='ocrx_word' id='word_1_657' title='bbox 3011 4880 3272 4951; x_wconf 87' lang='lat' dir='ltr'><strong>pr0pensi</strong></span> <span class='ocrx_word' id='word_1_658' title='bbox 3306 4879 3484 4948; x_wconf 82' lang='lat' dir='ltr'><strong>depo-</strong></span> 
     </span>
    </p>
   </div>
   <div class='ocr_carea' id='block_1_93' title="bbox 1895 4970 2345 5039">
    <p class='ocr_par' dir='ltr' id='par_1_93' title="bbox 1895 4970 2345 5039">
     <span class='ocr_line' id='line_1_93' title="bbox 1895 4970 2345 5039; baseline -0.009 -13"><span class='ocrx_word' id='word_1_659' title='bbox 1895 4970 2066 5026; x_wconf 88' lang='lat' dir='ltr'><strong>situm</strong></span> <span class='ocrx_word' id='word_1_660' title='bbox 2107 4971 2345 5039; x_wconf 87' lang='lat' dir='ltr'><strong>accepit.</strong></span> 
     </span>
    </p>
   </div>
   <div class='ocr_carea' id='block_1_94' title="bbox 264 5043 1830 5133">
    <p class='ocr_par' dir='ltr' id='par_1_94' title="bbox 264 5043 1780 5128">
     <span class='ocr_line' id='line_1_94' title="bbox 264 5043 1780 5128; baseline 0.009 -30"><span class='ocrx_word' id='word_1_661' title='bbox 264 5043 354 5118; x_wconf 75' lang='grc' dir='ltr'><strong>Μὴ</strong></span> <span class='ocrx_word' id='word_1_662' title='bbox 385 5047 688 5125; x_wconf 73' lang='grc' dir='ltr'>άναμείνῃς</span> <span class='ocrx_word' id='word_1_663' title='bbox 715 5050 970 5119; x_wconf 79' lang='grc' dir='ltr'>γενέσθαι</span> <span class='ocrx_word' id='word_1_664' title='bbox 1003 5054 1259 5126; x_wconf 80' lang='grc' dir='ltr'>χρηστὸς,</span> <span class='ocrx_word' id='word_1_665' title='bbox 1291 5054 1411 5109; x_wconf 83' lang='grc' dir='ltr'>ἀλλ’</span> <span class='ocrx_word' id='word_1_666' title='bbox 1451 5056 1552 5128; x_wconf 71' lang='grc' dir='ltr'><strong>ἤδη</strong></span> <span class='ocrx_word' id='word_1_667' title='bbox 1597 5057 1780 5124; x_wconf 82' lang='grc' dir='ltr'>γενοῦ.</span> 
     </span>
    </p>
   </div>
   <div class='ocr_carea' id='block_1_95' title="bbox 1934 5043 3494 5133">
    <p class='ocr_par' dir='ltr' id='par_1_95' title="bbox 1961 5060 3494 5133">
     <span class='ocr_line' id='line_1_95' title="bbox 1961 5060 3494 5133; baseline -0.001 -16"><span class='ocrx_word' id='word_1_668' title='bbox 1961 5061 2021 5117; x_wconf 87' lang='lat' dir='ltr'><strong>S.</strong></span> <span class='ocrx_word' id='word_1_669' title='bbox 2042 5060 2196 5133; x_wconf 81' lang='lat' dir='ltr'><strong>Greg.</strong></span> <span class='ocrx_word' id='word_1_670' title='bbox 2227 5060 2373 5118; x_wconf 76' lang='lat' dir='ltr'><strong>Naz.</strong></span> <span class='ocrx_word' id='word_1_671' title='bbox 2405 5071 2551 5117; x_wconf 83' lang='lat' dir='ltr'><strong>orat.</strong></span> <span class='ocrx_word' id='word_1_672' title='bbox 2576 5061 2635 5116; x_wconf 88' lang='lat'><strong>9.</strong></span> <span class='ocrx_word' id='word_1_673' title='bbox 2660 5092 2732 5103; x_wconf 93' lang='lat'><strong>—</strong></span> <span class='ocrx_word' id='word_1_674' title='bbox 2760 5061 2835 5116; x_wconf 82' lang='lat' dir='ltr'><strong>Ne</strong></span> <span class='ocrx_word' id='word_1_675' title='bbox 2868 5061 3052 5118; x_wconf 90' lang='lat' dir='ltr'><strong>bonus</strong></span> <span class='ocrx_word' id='word_1_676' title='bbox 3089 5076 3214 5118; x_wconf 86' lang='lat' dir='ltr'><strong>esse</strong></span> <span class='ocrx_word' id='word_1_677' title='bbox 3237 5061 3494 5131; x_wconf 71' lang='lat' dir='ltr'><strong>diii‘eras,</strong></span> 
     </span>
    </p>
   </div>
   <div class='ocr_carea' id='block_1_96' title="bbox 194 5137 1830 5227">
    <p class='ocr_par' dir='ltr' id='par_1_96' title="bbox 194 5137 1779 5227">
     <span class='ocr_line' id='line_1_96' title="bbox 194 5137 1779 5227; baseline 0.009 -36"><span class='ocrx_word' id='word_1_678' title='bbox 194 5137 313 5227; x_wconf 61' lang='grc' dir='ltr'><strong>ρὺκ</strong></span> <span class='ocrx_word' id='word_1_679' title='bbox 344 5141 609 5212; x_wconf 64' lang='grc' dir='ltr'>ὀρθήσῃ,</span> <span class='ocrx_word' id='word_1_680' title='bbox 659 5145 817 5216; x_wconf 61' lang='grc' dir='ltr'>φησι,</span> <span class='ocrx_word' id='word_1_681' title='bbox 865 5147 1041 5213; x_wconf 73' lang='grc' dir='ltr'>κενὸς</span> <span class='ocrx_word' id='word_1_682' title='bbox 1082 5147 1345 5202; x_wconf 73' lang='grc' dir='ltr'><strong>ἐνώπιόν</strong></span> <span class='ocrx_word' id='word_1_683' title='bbox 1383 5167 1524 5219; x_wconf 80' lang='grc' dir='ltr'>μου.</span> <span class='ocrx_word' id='word_1_684' title='bbox 1572 5150 1779 5221; x_wconf 69' lang='grc' dir='ltr'>Μηδεὶς</span> 
     </span>
    </p>
   </div>
   <div class='ocr_carea' id='block_1_97' title="bbox 1934 5137 3485 5227">
    <p class='ocr_par' dir='ltr' id='par_1_97' title="bbox 1934 5152 3485 5227">
     <span class='ocr_line' id='line_1_97' title="bbox 1934 5152 3485 5227; baseline 0.003 -21"><span class='ocrx_word' id='word_1_685' title='bbox 1934 5152 1982 5206; x_wconf 63' lang='grc' dir='ltr'>τό</span> <span class='ocrx_word' id='word_1_686' title='bbox 2009 5153 2122 5225; x_wconf 84' lang='lat' dir='ltr'><strong>jam</strong></span> <span class='ocrx_word' id='word_1_687' title='bbox 2146 5154 2381 5211; x_wconf 67' lang='lat' dir='ltr'><strong>edicere.</strong></span> <span class='ocrx_word' id='word_1_688' title='bbox 2423 5153 2550 5211; x_wconf 86' lang='lat' dir='ltr'><strong>Non</strong></span> <span class='ocrx_word' id='word_1_689' title='bbox 2574 5155 2873 5225; x_wconf 74' lang='lat' dir='ltr'><strong>apparebi‘s,</strong></span> <span class='ocrx_word' id='word_1_690' title='bbox 2895 5156 3097 5227; x_wconf 89' lang='lat' dir='ltr'><strong>inquit,</strong></span> <span class='ocrx_word' id='word_1_691' title='bbox 3123 5156 3175 5210; x_wconf 83' lang='lat' dir='ltr'><strong>in</strong></span> <span class='ocrx_word' id='word_1_692' title='bbox 3202 5168 3485 5225; x_wconf 78' lang='lat' dir='ltr'><strong>conspectu</strong></span> 
     </span>
    </p>
   </div>
   <div class='ocr_carea' id='block_1_98' title="bbox 197 5225 1830 5320">
    <p class='ocr_par' dir='ltr' id='par_1_98' title="bbox 197 5225 1779 5320">
     <span class='ocr_line' id='line_1_98' title="bbox 197 5225 1779 5320; baseline 0.023 -42"><span class='ocrx_word' id='word_1_693' title='bbox 197 5225 336 5320; x_wconf 71' lang='grc' dir='ltr'>ἔστω</span> <span class='ocrx_word' id='word_1_694' title='bbox 364 5230 544 5297; x_wconf 80' lang='grc' dir='ltr'>κενὸς,</span> <span class='ocrx_word' id='word_1_695' title='bbox 573 5233 709 5304; x_wconf 81' lang='grc' dir='ltr'>μηδὲ</span> <span class='ocrx_word' id='word_1_696' title='bbox 733 5236 762 5286; x_wconf 89' lang='grc' dir='ltr'><strong>ό</strong></span> <span class='ocrx_word' id='word_1_697' title='bbox 794 5233 1068 5308; x_wconf 76' lang='grc' dir='ltr'>ἄκαρπος,</span> <span class='ocrx_word' id='word_1_698' title='bbox 1099 5238 1238 5309; x_wconf 77' lang='grc' dir='ltr'>μηδέ</span> <span class='ocrx_word' id='word_1_699' title='bbox 1289 5257 1372 5304; x_wconf 81' lang='grc' dir='ltr'><strong>τις</strong></span> <span class='ocrx_word' id='word_1_700' title='bbox 1406 5244 1595 5316; x_wconf 80' lang='grc' dir='ltr'>στεῖρα</span> <span class='ocrx_word' id='word_1_701' title='bbox 1629 5244 1779 5316; x_wconf 75' lang='grc' dir='ltr'>ψυχὴ</span> 
     </span>
    </p>
   </div>
   <div class='ocr_carea' id='block_1_99' title="bbox 1934 5225 3483 5320">
    <p class='ocr_par' dir='ltr' id='par_1_99' title="bbox 1937 5246 3483 5320">
     <span class='ocr_line' id='line_1_99' title="bbox 1937 5246 3483 5320; baseline 0.003 -18"><span class='ocrx_word' id='word_1_702' title='bbox 1937 5263 2000 5304; x_wconf 85' lang='lat' dir='ltr'><strong>eo</strong></span> <span class='ocrx_word' id='word_1_703' title='bbox 2050 5265 2248 5304; x_wconf 81' lang='lat' dir='ltr'><strong>vacuus</strong></span> <span class='ocrx_word' id='word_1_704' title='bbox 2284 5250 2303 5318; x_wconf 88' lang='lat'><strong>(</strong></span> <span class='ocrx_word' id='word_1_705' title='bbox 2330 5248 2506 5305; x_wconf 69' lang='lat' dir='ltr'><strong>Exod.</strong></span> <span class='ocrx_word' id='word_1_706' title='bbox 2529 5265 2690 5316; x_wconf 73' lang='grc' dir='ltr'>χχιιι,</span> <span class='ocrx_word' id='word_1_707' title='bbox 2725 5246 2792 5304; x_wconf 72' lang='grc' dir='ltr'>ίό</span> <span class='ocrx_word' id='word_1_708' title='bbox 2815 5249 2856 5320; x_wconf 86' lang='grc'><strong>).</strong></span> <span class='ocrx_word' id='word_1_709' title='bbox 2884 5248 3082 5305; x_wconf 82' lang='lat' dir='ltr'><strong>Nullus</strong></span> <span class='ocrx_word' id='word_1_710' title='bbox 3105 5264 3236 5320; x_wconf 84' lang='lat' dir='ltr'><strong>ergo</strong></span> <span class='ocrx_word' id='word_1_711' title='bbox 3271 5265 3483 5307; x_wconf 83' lang='lat' dir='ltr'><strong>vacuus</strong></span> 
     </span>
    </p>
   </div>
   <div class='ocr_carea' id='block_1_100' title="bbox 199 5318 1830 5422">
    <p class='ocr_par' dir='ltr' id='par_1_100' title="bbox 199 5318 1782 5405">
     <span class='ocr_line' id='line_1_100' title="bbox 199 5318 1782 5405; baseline 0.013 -37"><span class='ocrx_word' id='word_1_712' title='bbox 199 5318 290 5372; x_wconf 75' lang='grc' dir='ltr'><strong>καὶ</strong></span> <span class='ocrx_word' id='word_1_713' title='bbox 328 5321 544 5390; x_wconf 79' lang='grc' dir='ltr'>ἄγονος.</span> <span class='ocrx_word' id='word_1_714' title='bbox 579 5324 853 5391; x_wconf 83' lang='grc' dir='ltr'>Ἕκαστος</span> <span class='ocrx_word' id='word_1_715' title='bbox 883 5328 949 5381; x_wconf 82' lang='grc' dir='ltr'>ὲκ</span> <span class='ocrx_word' id='word_1_716' title='bbox 979 5327 1088 5383; x_wconf 84' lang='grc' dir='ltr'><strong>τῶν</strong></span> <span class='ocrx_word' id='word_1_717' title='bbox 1117 5330 1404 5402; x_wconf 85' lang='grc' dir='ltr'>παρόντων</span> <span class='ocrx_word' id='word_1_718' title='bbox 1434 5337 1782 5405; x_wconf 67' lang='grc' dir='ltr'>καρποφορεῖ</span> 
     </span>
    </p>
   </div>
   <div class='ocr_carea' id='block_1_101' title="bbox 1934 5318 3484 5422">
    <p class='ocr_par' dir='ltr' id='par_1_101' title="bbox 1934 5318 3484 5410">
     <span class='ocr_line' id='line_1_101' title="bbox 1934 5318 3484 5410; baseline 0.001 -12"><span class='ocrx_word' id='word_1_719' title='bbox 1934 5351 1952 5398; x_wconf 82' lang='grc' dir='ltr'><strong>ι</strong></span> <span class='ocrx_word' id='word_1_720' title='bbox 1999 5351 2056 5398; x_wconf 91' lang='lat' dir='ltr'><strong>et</strong></span> <span class='ocrx_word' id='word_1_721' title='bbox 2110 5341 2517 5400; x_wconf 78' lang='lat' dir='ltr'><strong>infructuosus.</strong></span> <span class='ocrx_word' id='word_1_722' title='bbox 2575 5341 2736 5398; x_wconf 84' lang='lat' dir='ltr'><strong>Nulla</strong></span> <span class='ocrx_word' id='word_1_723' title='bbox 2790 5318 2974 5398; x_wconf 85' lang='lat' dir='ltr'><strong>anima</strong></span> <span class='ocrx_word' id='word_1_724' title='bbox 3026 5318 3235 5399; x_wconf 81' lang='lat' dir='ltr'><strong>sterilis</strong></span> <span class='ocrx_word' id='word_1_725' title='bbox 3302 5342 3395 5410; x_wconf 85' lang='lat' dir='ltr'><strong>sit,</strong></span> <span class='ocrx_word' id='word_1_726' title='bbox 3427 5353 3484 5400; x_wconf 87' lang='lat' dir='ltr'><strong>et</strong></span> 
     </span>
    </p>
   </div>
   <div class='ocr_carea' id='block_1_102' title="bbox 197 5407 1830 5516">
    <p class='ocr_par' dir='ltr' id='par_1_102' title="bbox 197 5407 1778 5516">
     <span class='ocr_line' id='line_1_102' title="bbox 197 5407 1778 5516; baseline 0.01 -54"><span class='ocrx_word' id='word_1_727' title='bbox 197 5407 271 5516; x_wconf 58' lang='grc' dir='ltr'><strong>ξῷ</strong></span> <span class='ocrx_word' id='word_1_728' title='bbox 288 5407 453 5516; x_wconf 46' lang='lat'><strong>“8511):</strong></span> <span class='ocrx_word' id='word_1_729' title='bbox 490 5413 585 5468; x_wconf 72' lang='lat' dir='ltr'><strong>xci.</strong></span> <span class='ocrx_word' id='word_1_730' title='bbox 629 5413 740 5469; x_wconf 85' lang='grc' dir='ltr'>τῶν</span> <span class='ocrx_word' id='word_1_731' title='bbox 788 5417 1023 5474; x_wconf 78' lang='grc' dir='ltr'>οἰκείων.</span> <span class='ocrx_word' id='word_1_732' title='bbox 1051 5450 1123 5462; x_wconf 85' lang='lat'><strong>-—-</strong></span> <span class='ocrx_word' id='word_1_733' title='bbox 1162 5420 1637 5496; x_wconf 81' lang='grc' dir='ltr'>Μεταποιηθῶμεν</span> <span class='ocrx_word' id='word_1_734' title='bbox 1675 5426 1778 5498; x_wconf 81' lang='grc' dir='ltr'><strong>τῆς</strong></span> 
     </span>
    </p>
   </div>
   <div class='ocr_carea' id='block_1_103' title="bbox 1934 5407 3486 5516">
    <p class='ocr_par' dir='ltr' id='par_1_103' title="bbox 1934 5436 3486 5510">
     <span class='ocr_line' id='line_1_103' title="bbox 1934 5436 3486 5510; baseline 0.003 -19"><span class='ocrx_word' id='word_1_735' title='bbox 1934 5436 2039 5493; x_wconf 77' lang='grc' dir='ltr'>ὀίθ</span> <span class='ocrx_word' id='word_1_736' title='bbox 2074 5445 2282 5494; x_wconf 86' lang='lat' dir='ltr'><strong>careat.</strong></span> <span class='ocrx_word' id='word_1_737' title='bbox 2337 5436 2736 5510; x_wconf 85' lang='lat' dir='ltr'><strong>Unusquisque</strong></span> <span class='ocrx_word' id='word_1_738' title='bbox 2764 5454 2832 5496; x_wconf 89' lang='lat' dir='ltr'><strong>ex</strong></span> <span class='ocrx_word' id='word_1_739' title='bbox 2867 5439 3230 5510; x_wconf 79' lang='lat' dir='ltr'><strong>praesentibus</strong></span> <span class='ocrx_word' id='word_1_740' title='bbox 3290 5437 3486 5506; x_wconf 35' lang='lat' dir='ltr'><strong>bonisa</strong></span> 
     </span>
    </p>
   </div>
   <div class='ocr_carea' id='block_1_104' title="bbox 196 5492 1830 5614">
    <p class='ocr_par' dir='ltr' id='par_1_104' title="bbox 196 5492 1772 5614">
     <span class='ocr_line' id='line_1_104' title="bbox 196 5492 1772 5614; baseline 0.016 -67"><span class='ocrx_word' id='word_1_741' title='bbox 196 5492 401 5614; x_wconf 51' lang='grc' dir='ltr'>ἐκεῖθεν</span> <span class='ocrx_word' id='word_1_742' title='bbox 425 5501 847 5579; x_wconf 80' lang='grc' dir='ltr'>λαμπρότητος·</span> <span class='ocrx_word' id='word_1_743' title='bbox 871 5509 1200 5578; x_wconf 83' lang='grc' dir='ltr'>ἐν’κόλποις</span> <span class='ocrx_word' id='word_1_744' title='bbox 1233 5492 1488 5586; x_wconf 60' lang='grc' dir='ltr'>Ἀϐραάμ</span> <span class='ocrx_word' id='word_1_745' title='bbox 1521 5492 1642 5570; x_wconf 74' lang='grc' dir='ltr'>άντὶ</span> <span class='ocrx_word' id='word_1_746' title='bbox 1681 5492 1772 5589; x_wconf 57' lang='grc' dir='ltr'><strong>τῆς</strong></span> 
     </span>
    </p>
   </div>
   <div class='ocr_carea' id='block_1_105' title="bbox 1934 5492 3478 5614">
    <p class='ocr_par' dir='ltr' id='par_1_105' title="bbox 1959 5492 3478 5610">
     <span class='ocr_line' id='line_1_105' title="bbox 1959 5492 3478 5610; baseline 0.003 -27"><span class='ocrx_word' id='word_1_747' title='bbox 1959 5492 2210 5600; x_wconf 66' lang='grc' dir='ltr'>(μικεὶΒί</span> <span class='ocrx_word' id='word_1_748' title='bbox 2253 5492 2489 5603; x_wconf 41' lang='lat' dir='ltr'><strong>proba;</strong></span> <span class='ocrx_word' id='word_1_749' title='bbox 2509 5492 2831 5610; x_wconf 54' lang='lat' dir='ltr'><strong>satis;</strong></span> <span class='ocrx_word' id='word_1_750' title='bbox 2858 5492 3178 5588; x_wconf 41' lang='lat' dir='ltr'><strong>gas};</strong></span> <span class='ocrx_word' id='word_1_751' title='bbox 3204 5492 3478 5603; x_wconf 46' lang='lat' dir='ltr'><strong>spread;</strong></span> 
     </span>
    </p>
   </div>
   <div class='ocr_carea' id='block_1_106' title="bbox 197 5586 1830 5698">
    <p class='ocr_par' dir='ltr' id='par_1_106' title="bbox 197 5586 1770 5680">
     <span class='ocr_line' id='line_1_106' title="bbox 197 5586 1770 5680; baseline 0.013 -35"><span class='ocrx_word' id='word_1_752' title='bbox 197 5586 443 5650; x_wconf 59' lang='lat' dir='ltr'><strong>timuere</strong></span> <span class='ocrx_word' id='word_1_753' title='bbox 476 5598 885 5673; x_wconf 80' lang='grc' dir='ltr'>εὐσπλαγχνίας</span> <span class='ocrx_word' id='word_1_754' title='bbox 931 5603 1382 5679; x_wconf 80' lang='grc' dir='ltr'>ἀναπαυσὼμεθα</span> <span class='ocrx_word' id='word_1_755' title='bbox 1402 5625 1416 5639; x_wconf 77' lang='grc' dir='ltr'><strong><em>ο</em></strong></span> <span class='ocrx_word' id='word_1_756' title='bbox 1464 5609 1654 5680; x_wconf 84' lang='grc' dir='ltr'>Κρῖμα</span> <span class='ocrx_word' id='word_1_757' title='bbox 1687 5586 1770 5664; x_wconf 77' lang='grc' dir='ltr'>δί-</span> 
     </span>
    </p>
   </div>
   <div class='ocr_carea' id='block_1_107' title="bbox 1934 5586 3480 5698">
    <p class='ocr_par' dir='ltr' id='par_1_107' title="bbox 1934 5607 3480 5698">
     <span class='ocr_line' id='line_1_107' title="bbox 1934 5607 3480 5698; baseline 0.007 -25"><span class='ocrx_word' id='word_1_758' title='bbox 1934 5634 1997 5674; x_wconf 74' lang='lat' dir='ltr'><strong>:m</strong></span> <span class='ocrx_word' id='word_1_759' title='bbox 2066 5621 2348 5679; x_wconf 65' lang='lat' dir='ltr'><strong>caelestem</strong></span> <span class='ocrx_word' id='word_1_760' title='bbox 2401 5607 2752 5690; x_wconf 83' lang='lat' dir='ltr'><strong>ambiamus;</strong></span> <span class='ocrx_word' id='word_1_761' title='bbox 2800 5625 2857 5680; x_wconf 92' lang='lat' dir='ltr'><strong>in</strong></span> <span class='ocrx_word' id='word_1_762' title='bbox 2910 5625 3035 5680; x_wconf 85' lang='lat' dir='ltr'><strong>sinu</strong></span> <span class='ocrx_word' id='word_1_763' title='bbox 3079 5624 3316 5682; x_wconf 67' lang='lat' dir='ltr'><strong>Abrahae</strong></span> <span class='ocrx_word' id='word_1_764' title='bbox 3368 5642 3480 5698; x_wconf 81' lang='lat' dir='ltr'><strong>pro</strong></span> 
     </span>
    </p>
   </div>
   <div class='ocr_carea' id='block_1_108' title="bbox 1705 5723 1940 5786">
    <p class='ocr_par' dir='ltr' id='par_1_108' title="bbox 1705 5723 1940 5786">
     <span class='ocr_line' id='line_1_108' title="bbox 1705 5723 1940 5786; baseline 0.03 -7"><span class='ocrx_word' id='word_1_765' title='bbox 1705 5723 1940 5786; x_wconf 72' lang='lat' dir='ltr'><strong>NOTAE.</strong></span> 
     </span>
    </p>
   </div>
   <div class='ocr_carea' id='block_1_109' title="bbox 254 5798 3477 5903">
    <p class='ocr_par' dir='ltr' id='par_1_109' title="bbox 254 5798 3477 5903">
     <span class='ocr_line' id='line_1_109' title="bbox 254 5798 3477 5903; baseline 0.005 -24"><span class='ocrx_word' id='word_1_766' title='bbox 254 5798 1419 5903; x_wconf 33' lang='lat' dir='ltr'><strong>ﬁliif-§Ym1lqianha§c|.inscr‘ibitpr,</strong></span> <span class='ocrx_word' id='word_1_767' title='bbox 1452 5818 1546 5872; x_wconf 74' lang='grc' dir='ltr'>τοῦ</span> <span class='ocrx_word' id='word_1_768' title='bbox 1578 5821 1734 5891; x_wconf 73' lang='grc' dir='ltr'>ἁγίου</span> <span class='ocrx_word' id='word_1_769' title='bbox 1767 5825 2066 5899; x_wconf 75' lang='grc' dir='ltr'>Κορίλλου,</span> <span class='ocrx_word' id='word_1_770' title='bbox 2100 5829 2163 5886; x_wconf 80' lang='grc' dir='ltr'><strong>ἐκ</strong></span> <span class='ocrx_word' id='word_1_771' title='bbox 2212 5831 2306 5887; x_wconf 82' lang='grc' dir='ltr'>τοῦ</span> <span class='ocrx_word' id='word_1_772' title='bbox 2363 5830 2405 5888; x_wconf 86' lang='grc' dir='ltr'>ε’</span> <span class='ocrx_word' id='word_1_773' title='bbox 2459 5833 2621 5903; x_wconf 86' lang='grc' dir='ltr'>λογου</span> <span class='ocrx_word' id='word_1_774' title='bbox 2662 5832 2769 5888; x_wconf 82' lang='grc' dir='ltr'><strong>τῶν</strong></span> <span class='ocrx_word' id='word_1_775' title='bbox 2806 5831 2944 5890; x_wconf 68' lang='grc' dir='ltr'>κατά</span> <span class='ocrx_word' id='word_1_776' title='bbox 2983 5833 3294 5891; x_wconf 83' lang='grc' dir='ltr'>Ἰουλιανοῦ.</span> <span class='ocrx_word' id='word_1_777' title='bbox 3350 5833 3477 5896; x_wconf 74' lang='lat' dir='ltr'><strong>Sed.</strong></span> 
     </span>
    </p>
   </div>
   <div class='ocr_carea' id='block_1_110' title="bbox 196 5883 1614 5959">
    <p class='ocr_par' dir='ltr' id='par_1_110' title="bbox 196 5883 1614 5959">
     <span class='ocr_line' id='line_1_110' title="bbox 196 5883 1614 5959; baseline 0.016 -31"><span class='ocrx_word' id='word_1_778' title='bbox 196 5883 568 5936; x_wconf 78' lang='lat' dir='ltr'><strong>nonoccurrit</strong></span> <span class='ocrx_word' id='word_1_779' title='bbox 605 5883 660 5938; x_wconf 84' lang='lat' dir='ltr'><strong>in</strong></span> <span class='ocrx_word' id='word_1_780' title='bbox 687 5883 848 5941; x_wconf 80' lang='lat' dir='ltr'><strong>libris</strong></span> <span class='ocrx_word' id='word_1_781' title='bbox 872 5885 1061 5959; x_wconf 83' lang='lat' dir='ltr'><strong>Cyrilli</strong></span> <span class='ocrx_word' id='word_1_782' title='bbox 1094 5899 1286 5946; x_wconf 85' lang='lat' dir='ltr'><strong>contra</strong></span> <span class='ocrx_word' id='word_1_783' title='bbox 1316 5889 1614 5951; x_wconf 74' lang='lat' dir='ltr'><strong>lulianum.</strong></span> 
     </span>
    </p>
   </div>
   <div class='ocr_carea' id='block_1_111' title="bbox 208 4502 1790 4583">
    <p class='ocr_par' dir='ltr' id='par_1_111' title="bbox 208 4502 1790 4583">
     <span class='ocr_line' id='line_1_111' title="bbox 208 4502 1790 4583; baseline 0.008 -27"><span class='ocrx_word' id='word_1_784' title='bbox 208 4502 461 4572; x_wconf 76' lang='grc' dir='ltr'>δανείζει,</span> <span class='ocrx_word' id='word_1_785' title='bbox 492 4505 680 4577; x_wconf 79' lang='grc' dir='ltr'>φησίν.</span> <span class='ocrx_word' id='word_1_786' title='bbox 733 4507 1062 4578; x_wconf 81' lang='grc' dir='ltr'>Ἀξιόχρεως</span> <span class='ocrx_word' id='word_1_787' title='bbox 1091 4510 1119 4561; x_wconf 88' lang='grc' dir='ltr'><strong>ό</strong></span> <span class='ocrx_word' id='word_1_788' title='bbox 1164 4509 1566 4583; x_wconf 73' lang='grc' dir='ltr'>δανειζόμενος,</span> <span class='ocrx_word' id='word_1_789' title='bbox 1600 4515 1790 4580; x_wconf 82' lang='grc' dir='ltr'>πιστὸς</span> 
     </span>
    </p>
   </div>
   <div class='ocr_carea' id='block_1_112' title="bbox 207 4593 1788 4676">
    <p class='ocr_par' dir='ltr' id='par_1_112' title="bbox 207 4593 1788 4676">
     <span class='ocr_line' id='line_1_112' title="bbox 207 4593 1788 4676; baseline 0.009 -29"><span class='ocrx_word' id='word_1_790' title='bbox 207 4598 230 4646; x_wconf 85' lang='grc' dir='ltr'>ὀ</span> <span class='ocrx_word' id='word_1_791' title='bbox 261 4596 575 4669; x_wconf 84' lang='grc' dir='ltr'>δεχόμενος.</span> <span class='ocrx_word' id='word_1_792' title='bbox 602 4593 759 4652; x_wconf 78' lang='grc' dir='ltr'>Οἶδεν</span> <span class='ocrx_word' id='word_1_793' title='bbox 792 4601 1006 4657; x_wconf 80' lang='grc' dir='ltr'>ἐκτῖσαι</span> <span class='ocrx_word' id='word_1_794' title='bbox 1039 4603 1135 4658; x_wconf 73' lang='grc' dir='ltr'>σὺν</span> <span class='ocrx_word' id='word_1_795' title='bbox 1167 4605 1312 4676; x_wconf 81' lang='grc' dir='ltr'>τόκῳ</span> <span class='ocrx_word' id='word_1_796' title='bbox 1336 4603 1396 4659; x_wconf 78' lang='grc' dir='ltr'>τὸ</span> <span class='ocrx_word' id='word_1_797' title='bbox 1417 4604 1590 4661; x_wconf 81' lang='grc' dir='ltr'>δοθέν.</span> <span class='ocrx_word' id='word_1_798' title='bbox 1619 4607 1788 4662; x_wconf 82' lang='grc' dir='ltr'>Πλού-</span> 
     </span>
    </p>
   </div>
   <div class='ocr_carea' id='block_1_113' title="bbox 207 4689 1784 4772">
    <p class='ocr_par' dir='ltr' id='par_1_113' title="bbox 207 4689 1784 4772">
     <span class='ocr_line' id='line_1_113' title="bbox 207 4689 1784 4772; baseline 0.009 -34"><span class='ocrx_word' id='word_1_799' title='bbox 207 4703 314 4753; x_wconf 87' lang='grc' dir='ltr'>σιος</span> <span class='ocrx_word' id='word_1_800' title='bbox 351 4692 444 4745; x_wconf 71' lang='grc' dir='ltr'>καὶ</span> <span class='ocrx_word' id='word_1_801' title='bbox 480 4689 786 4762; x_wconf 82' lang='grc' dir='ltr'>φιλότιμος,</span> <span class='ocrx_word' id='word_1_802' title='bbox 818 4696 845 4747; x_wconf 89' lang='grc' dir='ltr'><strong>ό</strong></span> <span class='ocrx_word' id='word_1_803' title='bbox 870 4693 969 4766; x_wconf 76' lang='grc' dir='ltr'>τὴν</span> <span class='ocrx_word' id='word_1_804' title='bbox 1002 4693 1096 4749; x_wconf 80' lang='grc' dir='ltr'>τοῦ</span> <span class='ocrx_word' id='word_1_805' title='bbox 1126 4695 1568 4770; x_wconf 75' lang='grc' dir='ltr'>φιλοικτίρμονος</span> <span class='ocrx_word' id='word_1_806' title='bbox 1601 4715 1784 4772; x_wconf 54' lang='grc' dir='ltr'>παρα-</span> 
     </span>
    </p>
   </div>
   <div class='ocr_carea' id='block_1_114' title="bbox 204 4781 760 4856">
    <p class='ocr_par' dir='ltr' id='par_1_114' title="bbox 204 4781 760 4856">
     <span class='ocr_line' id='line_1_114' title="bbox 204 4781 760 4856; baseline 0.013 -23"><span class='ocrx_word' id='word_1_807' title='bbox 204 4781 525 4856; x_wconf 79' lang='grc' dir='ltr'>καταθήκην</span> <span class='ocrx_word' id='word_1_808' title='bbox 559 4784 760 4840; x_wconf 76' lang='grc' dir='ltr'>λαδών.</span> 
     </span>
    </p>
   </div>
  </div>
