4020 6262
419 340 552 407 1471

1578 340 1642 404 S.
1683 340 1718 404 Ι
1722 339 1923 403 ΟΑΝΝ
1931 341 2005 402 IS
2041 339 2476 402 DAMASCENI

3557 321 3681 391 14⁵72

418 457 806 515 misericordia
859 456 987 514 istic
1010 455 1263 513 exhibita
1295 453 1757 526 requiescamus;
1791 455 2005 526 justum
2037 511 2039 518 ,

2150 471 2268 511 αιον
2314 455 2631 528 κρίνωμενο
2669 449 2987 525 έξελώμεθα
3037 447 3248 521 πένητα
3294 443 3393 502 καὶ
3444 447 3683 516 πτωχόν⁸

416 543 690 623 iudieiuih
725 550 1087 622 iudicemus;
1139 549 1447 619 eripiamus
1485 563 1786 620 pauperem
1802 556 1856 605 et
1873 562 2004 621 ege-

421 659 578 714 num;
603 643 785 700 vidua:
798 651 852 699 et
873 644 1070 715 pupilli
1093 659 1197 700 nos
1220 642 1520 708 misereat;
1547 640 1890 700 redimamus
1911 656 2010 698 eos

420 739 516 806 qui
538 738 700 793 morti
720 737 1052 804 traduntur;
1085 752 1154 794 ne
1176 736 1524 808 negligamus
1539 749 1640 793 eos
1665 735 1759 806 qui
1776 748 1884 805 ope
1913 748 2014 790 no-

423 838 541 888 stra
574 831 850 904 indigent;
881 847 951 888 ne
1005 839 1399 902 praetereamus
1434 844 1562 885 eum
1594 829 1690 901 qui
1728 827 2018 884 ulceribus

425 933 638 993 scatet;
659 939 728 980 ne
743 922 965 980 deliciis
985 923 1396 996 indulgeamus,
1416 920 1546 979 aliis
1568 923 1625 979 in
1641 935 1888 978 aerumna
1905 935 2021 977 ver-

427 1018 712 1087 santibus;
731 1033 798 1074 ne
813 1031 1143 1074 conservum
1159 1023 1409 1073 nostrum
1423 1011 2020 1085 exsecremur.Nequa-

429 1124 629 1181 quam,
658 1126 693 1167 ο
728 1109 892 1166 amici
925 1116 984 1166 et
1007 1107 1232 1175 fratres,
1253 1122 1289 1163 a
1321 1107 1511 1165 divitis
1536 1106 1789 1179 partibus
1813 1106 2016 1174 simus,

433 1219 504 1260 ne
571 1203 628 1259 in
687 1202 920 1260 ﬂammis
973 1201 1385 1268 excruciemur,
1440 1211 1712 1272 vastoque
1764 1198 1925 1255 hiatu
1984 1212 2017 1253 a

433 1298 646 1354 sanctis
677 1296 1029 1353 dirimamur.
1085 1296 1281 1368 Neque
1329 1295 1556 1352 tandem
1604 1293 1879 1352 Lazarum
1919 1308 2019 1350 ex-

434 1403 598 1444 orare
612 1403 900 1459 cogamur,
924 1395 987 1443 ut
1007 1387 1262 1444 adustam
1289 1387 1533 1456 linguam
1563 1394 1812 1443 extremo
1847 1384 2023 1456 digito

435 1480 747 1553 refrigeret.
792 1480 1090 1554 Benignos,
1128 1479 1322 1536 faciles
1374 1489 1430 1536 et
1459 1477 1850 1537 misericordes
1920 1492 2026 1536 nos

439 1575 808 1642 praebeamus.
882 1572 1106 1629 Domini
1136 1571 1534 1642 benignitatem
1585 1571 1894 1637 imitemur,
1921 1563 2019 1642 qui

439 1663 574 1719 oriri
637 1665 812 1720 solem
879 1679 1043 1721 suum
1099 1663 1235 1720 facit
1290 1679 1456 1734 super
1507 1663 1686 1720 bonos
1733 1672 1790 1721 et
1848 1662 2024 1718 malos

443 1755 676 1828 (Matth.
762 1772 817 1824 ν,
870 1755 994 1829 45),
1043 1771 1340 1830 omnesque
1392 1756 1574 1829 pluvia
1635 1772 1734 1814 sua
1799 1755 2027 1829 perinde

444 1851 563 1907 alit.

518 1941 578 2000 S.
604 1942 756 2015 Greg.
777 1942 919 1998 Naz.
942 1951 1086 1999 orat.
1109 1942 1578 2000 lG.-—~leestem
1601 1943 1750 1998 illam
1783 1939 2031 2013 requiem

450 2051 799 2110 quaeramus;
838 2035 1007 2106 hujus
1039 2035 1165 2092 vitae
1198 2034 1500 2092 facultates
1521 2044 1576 2092 et
1603 2051 1738 2108 opes
1768 2034 2030 2106 proiicia—

451 2146 611 2196 mus;
639 2129 786 2200 quod
819 2129 875 2184 in
898 2128 970 2186 iis
997 2128 1202 2185 bonum
1224 2136 1330 2194 est,
1362 2129 1530 2200 hujus
1577 2129 1848 2185 duntaxat
1889 2143 2038 2200 quae.

455 2233 606 2281 stum
643 2221 947 2291 faciamus;
973 2221 1189 2278 animas
1216 2232 1437 2280 nostras
1453 2221 1818 2294 eleemosynis
1839 2219 2039 2293 acqui-

454 2328 651 2370 ramus
684 2318 740 2369 et
765 2327 1051 2380 emamus;
1075 2311 1218 2368 bona
1246 2321 1442 2370 nostra
1467 2311 1811 2385 pauperibus
1833 2311 2038 2383 imper-

452 2407 687 2472 tiamur,
713 2415 773 2461 ut
799 2407 1064 2475 supernis
1091 2405 1208 2464 illis
1240 2407 1443 2478 opibus
1487 2405 1799 2461 aﬂiuamus.
1821 2404 2038 2461 Animas

455 2499 645 2566 etiam,
671 2514 784 2555 non
811 2498 914 2558 soli
936 2497 1198 2564 carni,da
1223 2507 1471 2569 partem;
1491 2499 1560 2553 da
1588 2506 1800 2570 partem
1823 2504 1878 2553 et
1901 2495 2039 2566 Deo,

457 2606 561 2647 nec
589 2592 695 2649 soli
754 2589 997 2660 mundo;
1033 2589 1217 2647 ventri
1268 2590 1530 2662 quiddam
1573 2590 1860 2654 subtrahe,
1893 2589 2041 2662 quod

461 2683 699 2756 Spiritui
757 2699 1096 2749 consecres;
1138 2699 1206 2740 ex
1254 2683 1381 2756 igne
1445 2683 1729 2755 quidpiam
1764 2683 1942 2754 eripe,
1988 2690 2044 2738 et

459 2777 734 2849 tantisper
765 2792 792 2833 a
827 2777 1161 2849 depascente
1195 2777 1414 2833 ﬂamma
1474 2791 1743 2846 remove;
1775 2786 2045 2848 extorque

460 2887 492 2926 a
534 2879 794 2944 tyranno,
849 2878 911 2927 et
955 2868 1193 2925 Domino
1245 2867 1554 2928 committe.
1598 2868 1673 2924 Da
1702 2884 1898 2940 parum
1931 2869 1979 2925 ei
2013 2884 2044 2925 a

461 2979 576 3035 quo
640 2963 882 3035 amplius
938 2961 1222 3034 acceperis
1260 2980 1273 3018 :
1305 2962 1418 3018 imo
1452 2960 1623 3018 etiam
1655 2962 1705 3018 ei
1733 2962 1829 3033 qui
1861 2963 2045 3018 omnia

462 3043 733 3129 elargitus
759 3066 864 3120 est.
903 3057 1195 3112 universas
1229 3070 1364 3127 opes
1393 3054 1549 3110 dato.
1578 3054 1883 3125 Nunquam
1916 3055 2047 3110 vin-

462 3163 558 3206 ces
621 3146 1062 3204 munificentiam
1101 3145 1234 3213 Dei;
1277 3145 1643 3218 quantumvis
1697 3145 2043 3217 erogaveris,

2066 1850 2112 1910 Β

2109 549 2289 622 χήραν
2317 548 2412 604 καὶ⁸
2437 545 2677 621 ὀρφανόν
2706 547 3025 617 ἐλεήσωμεν
3042 558 3057 576 ο
3089 537 3454 615 ἐκπριώμεθα
3486 554 3688 593 κτεινομ-

2117 640 2352 714 μένουςο
2391 640 2469 714 μὴ
2493 639 2816 712 παρίδωμεν
2847 638 2939 696 τὸν
2965 635 3223 709 δεόμενον
3254 631 3415 706 ἡμῶν
3435 649 3453 667 ο
3487 631 3562 704 μὴ
3594 647 3692 686 πα-

2123 729 2499 801 ραδράμωμεν
2519 727 2614 783 τὸν
2641 726 2962 801 ἡλκωμένον
2978 741 2994 757 ·
3030 725 3106 798 μὴ
3131 723 3503 796 τρυφησωμεν
3524 720 3693 777 ἄλλων

2118 819 2615 877 κακοπαθούντων*
2643 822 2720 893 μὴ
2751 817 3136 892 βδελυξώμεθα
3161 821 3255 874 τὸν
3279 814 3599 888 ὁμόδουλον·
3624 814 3694 886 μὴ

2122 915 2268 984 φίλοι
2297 915 2392 970 καὶ
2424 913 2648 986 ἀδελφοὶ
2676 913 2968 986 γενώμεθα
2997 912 3101 984 τῆς
3122 910 3218 967 τοῦ
3251 909 3511 965 πλουσίου
3547 907 3698 982 μερί-

2119 1008 2233 1075 δος,
2267 1007 2403 1082 μηδὲ
2427 1005 2782 1080 όδυνηθῶμεν
2805 1008 2863 1062 ὲν
2893 1009 2962 1080 τῇ
2991 1006 3186 1079 φλογί’
3224 1003 3365 1077 μηδι
3418 1002 3500 1074 τῷ
3544 1000 3700 1074 χαρί-

2125 1117 2298 1173 σματι
2327 1098 2643 1173 διαστῶμεν
2693 1098 2806 1156 ἀπὸ
2856 1097 2967 1154 τῶν
2995 1098 3199 1153 όσίων·
3243 1094 3382 1169 μηδὲ
3425 1092 3704 1166 δεηθῶμεν

2122 1193 2381 1267 Λαζάρου
2407 1191 2504 1249 τοῦ
2536 1192 2770 1265 πένητος
2791 1190 2950 1264 ἄκρῳ
2979 1189 3234 1262 δακτύλῳ
3266 1185 3582 1260 καταψύξαι
3613 1186 3706 1254 τὴν

2125 1288 2380 1360 γλῶσσαν
2407 1286 2570 1360 ἡμῶν
2599 1284 2967 1358 φλεγομένην.
3001 1284 3040 1338 Γ
3043 1280 3299 1356 ενώμεθα
3326 1279 3582 1354 χρηστοὶ,
3619 1277 3707 1332 εὖ·

2128 1380 2454 1452 σπλαγχνοι,
2487 1379 2821 1453 συμπαθεῖς.
2862 1376 3257 1452 Μιμησώμεθα
3297 1375 3394 1432 τοῦ
3433 1371 3706 1430 Δεσπότου

2129 1475 2227 1547 τὴν
2257 1475 2593 1546 ἀγαθότητα,
2629 1473 2690 1538 ὃς
2723 1471 3008 1529 ἀνατέλλει
3039 1471 3133 1525 τὸν
3163 1469 3318 1542 ἥλιον
3347 1467 3579 1540 ἀγαθοῖς
3619 1465 3712 1521 καὶ

2128 1568 2412 1643 πονηροῖς,
2446 1567 2543 1623 καὶ
2572 1567 2766 1656 τρέφει
2790 1567 2860 1639 τῇ
2892 1565 3065 1641 βροχῇ
3095 1563 3306 1629 πάντας
3333 1560 3566 1635 ὁμοίως.

2214 1927 2552 2000 Ζητήσωμεν
2577 1921 2678 1995 τὴν
2708 1920 2923 1976 ἐκεῖθεν
2960 1917 3308 1975 ἀνάπαυσιν⁹
3343 1913 3596 1987 ῥίψωμεν
3632 1912 3726 1985 τὴν

2143 2020 2392 2078 ἐντεῦθεν
2439 2015 2799 2092 περιουσίανο
2841 2012 2871 2068 δ
2917 2010 3085 2085 καλόν
3133 2010 3251 2064 ἔστι
3297 2007 3528 2077 ταύτης,
3576 2005 3732 2060 τοῦτο

2149 2117 2307 2189 μόνον
2340 2112 2694 2185 κερδάνωμεν
2715 2125 2733 2141 ο
2773 2102 3108 2178 κτησώμεθα
3144 2101 3246 2166 τὰς
3287 2100 3507 2157 ἑαυτῶν
3556 2096 3732 2170 ψυχὰς

2144 2211 2204 2264 ἐν
2234 2203 2632 2278 ὲλεημοσύναις
2654 2218 2669 2238 ο
2708 2199 3032 2273 μεταθῶμεν
3063 2193 3176 2266 ζτῶν
3209 2193 3383 2249 ὄντων
3416 2194 3533 2257 τοῖς
3572 2190 3739 2263 πένη-

2147 2320 2253 2370 σιν,
2297 2301 2386 2356 ἵνα
2412 2299 2482 2354 τὰ
2543 2293 2758 2350 ἐκεῖθεν
2805 2290 3244 2361 πλουτήσωμενο
3277 2284 3368 2350 δὸς
3409 2284 3610 2357 μερίδα
3643 2282 3737 2337 καὶ

2145 2398 2214 2469 τῇ
2243 2393 2412 2467 ψυχῇ,
2459 2391 2536 2463 μὴ
2577 2392 2645 2463 τῇ
2698 2385 2870 2457 σαρκὶ
2915 2382 3112 2455 μόνον’
3141 2380 3231 2447 δὸς
3289 2376 3490 2452 μερίδα
3533 2375 3635 2432 καὶ
3662 2374 3738 2447 τῷ

2147 2487 2290 2562 Θεῷ,
2322 2487 2398 2561 μὴ
2441 2485 2522 2556 τῷ
2563 2483 2758 2556 κόσμῳ
2808 2479 2972 2551 μόνον
2993 2494 3007 2510 ο
3041 2473 3209 2546 ὕφελὲ
3239 2491 3295 2528 τι
3340 2471 3443 2544 τῆς
3471 2469 3737 2541 γαστρὸς,

2148 2583 2227 2655 τῷ
2257 2579 2535 2652 πνεύματι
2577 2573 2959 2646 καθιέρωσονο
3006 2566 3254 2642 ἀρπασόν
3300 2583 3354 2621 τι
3381 2563 3481 2620 τοῦ
3523 2563 3736 2638 πυρός’

2150 2673 2356 2732 ἀπόθου
2396 2667 2595 2744 μικρὸν
2633 2667 2743 2723 ἀπὸ
2763 2667 2866 2741 τῆς
2888 2661 3200 2735 νεμομένης
3229 2658 3432 2731 φλογός
3448 2675 3464 2691 ο
3488 2656 3745 2744 ἅρπασον

2150 2763 2246 2821 τοῦ
2271 2742 2570 2835 τυράννου,
2593 2756 2690 2814 καὶ
2715 2753 3011 2810 πίστευσον
3034 2749 3113 2821 τῷ
3138 2746 3409 2821 Δεσπότη.
3438 2744 3544 2809 Δὸς
3565 2742 3746 2808 ὀλίγον

2156 2857 2288 2930 παρ’
2315 2849 2376 2912 οὗ
2400 2853 2464 2908 τδ
2514 2849 2681 2906 πλέον
2731 2847 2877 2919 ἔχεις
2899 2863 2915 2880 ·
2945 2843 3035 2909 δὺς
3079 2841 3174 2896 καὶ
3211 2839 3274 2895 τὸ
3305 2840 3419 2894 πᾶν
3446 2837 3532 2909 τῷ
3567 2835 3749 2930 πάντα

2155 2926 2545 3023 χαρισαμένῳ.
2563 2942 2840 2998 Οὐδέποτε
2871 2939 3121 3010 νικήσεις
3145 2932 3571 3023 μεγαλώωρεάν
3587 2926 3748 3023 Θεοῦ,

2155 3021 2280 3097 ὅσον
2316 3039 2414 3094 ἐὰν
2446 3035 2785 3106 εἰσενέγκῃς,
2825 3027 3011 3084 πλεῖον
3040 3025 3131 3082 ἀεὶ
3167 3022 3230 3080 τδ
3260 3022 3626 3096 λειπόμενον
3658 3021 3753 3076 καὶ

2159 3138 2318 3193 οὐδὲν
2362 3132 2557 3198 δώσεις
2609 3131 2765 3195 ῑδιον,
2813 3128 2897 3184 δτι
2928 3125 2999 3181 τά
3039 3123 3221 3179 πάντα
3249 3119 3403 3190 παρά
3433 3117 3604 3174 Θεοῦ.
3643 3116 3764 3186 Καὶ,

463 3255 685 3312 semper
728 3241 797 3297 ab
836 3255 899 3297 ea
931 3239 1130 3312 procul
1183 3207 1386 3295 abet-‘is.
1418 3237 1567 3306 Quin
1617 3253 1720 3308 nec
1749 3207 2039 3310 qtiidquarr

2161 3228 2354 3300 ῶσπερ
2383 3225 2487 3281 οὐκ
2519 3224 2671 3279 ἐστιν
2711 3219 3020 3292 ὑπερϐῆναι
3047 3215 3147 3288 τὴν
3178 3211 3378 3269 ἑαυτοῦ
3417 3207 3755 3312 cutim-066k

466 3332 618 3403 quod
651 3341 806 3387 tuum
857 3330 957 3397 sit,
996 3329 1234 3386 daturus
1284 3345 1346 3387 es
1380 3343 1400 3383 :
1428 3327 1879 3401 quandoquidem
1911 3343 2054 3386 cun-

467 3435 557 3483 cta
579 3441 647 3483 ex
677 3425 789 3481 Deo
817 3433 971 3482 sunt.
1005 3423 1073 3479 Et
1107 3422 1577 3495 quemadmodum
1611 3421 1730 3479 ﬂeri
1765 3422 1959 3495 nequit
1995 3430 2056 3477 ut

471 3521 728 3577 umbram
750 3519 918 3594 480
944 3527 1194 3576 nostram
1223 3516 1768 3591 praetergrediamur,
1810 3526 1904 3577 aut
1934 3533 2058 3573 mo-

469 3611 554 3668 ics
586 3611 843 3680 corporis
880 3623 1049 3679 supra
1088 3615 1259 3680 caput
1299 3618 1576 3679 assurgat,
1617 3607 1699 3664 sic
1728 3622 1833 3663 nec
1861 3623 2060 3663 mune-

473 3703 629 3759 ribus
658 3701 871 3758 nostris
925 3699 1073 3756 Deus
1102 3699 1254 3755 vinci
1319 3707 1523 3771 potest.
1553 3697 1743 3771 Neque
1794 3700 1945 3757 enim
2004 3698 2058 3754 ei

475 3793 779 3865 quidquam
810 3789 1007 3847 damus
1039 3791 1190 3862 quod
1218 3800 1370 3847 extra
1397 3790 1541 3845 bona
1575 3791 1752 3860 ipsius
1782 3790 1875 3846 sit.
1899 3789 2063 3847 Unde

476 3891 573 3946 tibi
607 3889 800 3946 istltaec
828 3889 1034 3952 omnia,
1057 3898 1109 3944 et
1133 3903 1161 3941 a
1195 3885 1471 3958 quonam?
1499 3887 1636 3953 Quis
1659 3887 1825 3942 donis
1840 3886 2064 3942 vincere

476 3983 650 4040 Deum
687 3981 1055 4053 queat‘iQuis
1099 3979 1200 4036 tibi
1240 3981 1348 4035 hoc
1380 3979 1555 4046 dedit,
1600 3980 1747 4052 quod
1775 3980 1899 4036 coeli
1937 3980 2063 4050 pub~

479 4075 854 4131 chritudinem
883 4073 1119 4128 cernas?
1141 4072 1287 4143 quod
1322 4071 1460 4128 solis
1483 4087 1736 4136 cursum,
1772 4072 1920 4142 quod
1953 4072 2068 4126 cir-

483 4167 697 4222 cuitum
750 4166 917 4232 lunae,
960 4164 1111 4236 quod
1169 4163 1412 4220 siderum
1451 4165 1887 4228 multitudinem,
1914 4178 2068 4218 eam-

482 4274 613 4329 que,
673 4272 796 4329 quae
859 4257 916 4313 in
959 4257 1048 4313 his
1093 4256 1355 4313 omnibus
1406 4255 1558 4311 velut
1619 4259 1672 4310 in
1706 4256 1830 4327 lyra
1862 4255 2065 4323 elucet,

485 4351 941 4418 concinnitatem,
999 4361 1162 4420 atque
1196 4348 1449 4405 ordinem
1506 4364 1726 4420 semper
1758 4365 1818 4405 se
1874 4347 2069 4404 eodem

2163 3320 2306 3393 ὑπὲρ
2336 3318 2436 3393 τὴν
2461 3315 2708 3388 κεφαλὴν
2730 3311 2993 3384 γενέσθαι
3015 3307 3268 3381 σώματος
3298 3303 3561 3379 μέγεθος,
3583 3301 3757 3364 οὕτως

2164 3416 2286 3472 οὐδὲ
2337 3408 2418 3478 οἷς
2446 3412 2661 3483 δίδομεν
2696 3407 2922 3479 νικῆσαι
2950 3403 3107 3460 Θεόν.
3139 3401 3218 3457 Οὐ
3267 3399 3378 3471 γὰρ
3406 3397 3517 3464 ἔξω
3558 3413 3620 3452 τι
3647 3394 3757 3450 τῶν

2165 3504 2332 3563 αὑτοῦ
2363 3504 2620 3574 δίδωμεν.
2669 3497 2846 3553 Πόθεν
2882 3511 2969 3550 σοι
3005 3492 3188 3547 ταῦτα
3211 3490 3416 3555 πάντα,
3445 3487 3550 3542 καὶ
3604 3484 3759 3557 παρὰ

2165 3615 2352 3666 nvos;
2383 3597 2481 3662 Τίς
2512 3593 2740 3648 δύναται
2768 3587 2996 3660 νικῆσαι
3038 3585 3176 3640 Θεδν
3202 3586 3320 3648 τοῖς
3371 3581 3762 3654 χαρίσμασιν;

2168 3695 2265 3760 Τίς
2297 3691 2495 3748 ἔδωκέν
2531 3705 2615 3744 σοι
2662 3685 2862 3751 κάλλος
2899 3679 3132 3758 ούρανοῦ
3165 3679 3409 3752 βλέπειν,
3441 3674 3602 3748 ἡλίου
3636 3673 3762 3745 δρό-

2175 3803 2294 3859 μον,
2332 3782 2562 3854 σελήνης
2598 3777 2819 3842 κύκλον,
2855 3773 3104 3846 ἀστέρων
3143 3769 3373 3842 πλῆθος,
3407 3765 3506 3821 καὶ
3541 3768 3603 3819 έν
3636 3762 3764 3859 τού-

2170 3857 2288 3942 τοις
2321 3879 2509 3938 πᾶσιν,
2539 3873 2734 3943 ὥσπερ
2773 3870 2830 3923 ὲν
2860 3866 3025 3940 λύρᾳ,
3069 3861 3443 3936 εὐαρμοστίαν
3473 3860 3579 3915 καὶ
3609 3857 3764 3924 τάξιν

2172 3969 2436 4034 ὡσαύτως
2474 3967 2732 4038 ἔχουσαν,
2771 3961 2934 4034 ὡρῶν
2977 3957 3251 4029 ἀλλαγὰς,
3284 3953 3603 4029 μεταϐολὰς
3643 3969 3765 4008 και·

2177 4063 2309 4136 ρῶν,
2345 4057 2613 4117 ἐνιαυτῶν
2643 4055 2963 4128 περιόδους,
3002 4052 3220 4126 ἡμέρας
3262 4049 3359 4105 καὶ
3389 4047 3593 4112 νυκτὸς
3651 4048 3764 4101 ίσο-

2178 4153 2419 4228 μοιρίαν,
2449 4152 2554 4224 γῆς
2578 4149 2860 4221 ἐκφύσεις,
2883 4147 3046 4220 ἀέρος
3076 4144 3256 4218 χύσιν,
3279 4142 3463 4212 πλάτη
3486 4139 3766 4210 θαλάσσης

2175 4249 2481 4322 λελυμένης
2511 4246 2607 4302 καὶ
2655 4242 2980 4315 ίσταμένης,
3022 4238 3163 4312 βάθη
3191 4234 3492 4308 ποταμῶν,
3547 4233 3768 4306 ἀνέμων

2179 4340 2464 4415 ρεύματας
2519 4336 2618 4400 Τίς
2665 4333 2879 4398 ὑετοὺς,
2913 4329 3219 4403 γεωργίαν,
3267 4323 3508 4401 τροφὰς,
3541 4324 3767 4397 τέχνας,

487 4445 651 4502 modo
691 4445 1005 4511 habentem,
1037 4418 1434 4517 tempestatum
1466 4418 1911 4507 vicissitudines,
1933 4451 2039 4498 tem

2177 4437 2460 4507 οἰκήσεις,
2498 4431 2664 4485 πόθεν
2697 4445 2781 4484 σοι
2826 4425 2937 4484 τῶν
2983 4423 3161 4492 ζώων,
3216 4420 3285 4476 τὰ
3320 4419 3420 4492 μὲν
3476 4418 3767 4492 ἡμέρωται

487 4554 687 4612 porum
755 4538 1116 4600 mutationes.
1175 4537 1576 4593 conversiones
1625 4550 1926 4599 annorum,
1961 4534 2039 4591 die

2179 4532 2276 4589 καὶ
2313 4527 2674 4593 ὑπέζευκται,
2705 4524 2776 4580 τὰ
2830 4522 2887 4578 δὲ
2935 4519 3115 4592 τροφὴ
3144 4516 3537 4590 παραδίδοται;
3576 4512 3768 4612 Τίς-σε

489 4634 784 4704 noctisque
819 4633 1060 4703 aequales
1079 4632 1440 4702 partitiones,
1464 4638 1628 4686 terra:
1650 4627 2039 4701 productiones

2176 4624 2384 4700 Κύριον
2403 4623 2499 4679 καὶ
2528 4619 2755 4692 βασιλέα
2781 4617 3000 4672 πάντων
3020 4611 3359 4704 κατέστησεν
3383 4608 3479 4662 ἐπὶ
3505 4604 3764 4704 τῆς-γῆς

490 4727 894 4798 expansionem
952 4726 1122 4791 aeris,
1160 4724 1561 4796 amplitudines
1617 4722 1793 4778 maris
1819 4720 1951 4776 ﬂuxi
1991 4719 2039 4777 si

2182 4695 2303 4773 εἶτα
2333 4715 2435 4770 οὐκ
2491 4710 2867 4784 αἰσχυνόμεθα
2915 4710 2966 4762 ei
3001 4702 3246 4762 τοσαῦτα
3285 4703 3421 4774 παρ’
3464 4698 3659 4762 αὐτοῦ,
3704 4695 3768 4748 τὰ

494 4790 608 4877 mni
638 4829 694 4877 et
716 4820 957 4885 stabilis,
991 4790 1304 4888 profundos
1334 4817 1624 4871 ﬂuminum
1651 4816 1918 4888 gurgites,
1944 4829 2039 4870 ven

2185 4810 2283 4882 μὲν
2312 4808 2594 4871 λαϐόντες,
2621 4806 2693 4859 τὰ
2721 4804 2779 4858 δὲ
2806 4800 3145 4867 ἐλπίζοντες,
3179 4796 3316 4870 μηδὲ
3357 4794 3418 4850 ἓν
3455 4791 3623 4847 τοῦτο
3658 4790 3767 4844 εἰσ-

493 4922 612 4969 tum
644 4916 902 4986 impetus.
948 4911 1087 4980 Quis
1118 4911 1337 4982 pluvias
1391 4909 1634 4980 praebet?
1665 4923 1924 4980 agrorum
1951 4908 2039 4964 cui

2179 4902 2402 4970 οίσομεν
2428 4897 2506 4972 τῷ
2538 4897 2811 4968 Δεσπότῃ,
2841 4892 2905 4949 τδ
2930 4891 3315 4963 φιλάνθρωπον
3339 4905 3356 4956 ;

495 4984 935 5077 ιιιιεαωξθεςεε,
997 5013 1168 5072 artes,
1221 5003 1460 5061 domos?
1495 5003 1638 5059 unde
1696 5002 1868 5060 habes
1930 5001 2078 5074 quod
2118 4996 2424 5055 animantia
2458 4993 2661 5067 partim
2715 4991 2818 5046 tibi
2890 4989 3159 5052 cicurata,
3200 4985 3568 5055 subiectaque
3619 4984 3769 5044 sunt,

496 5105 774 5173 partimin
801 5105 1125 5158 alimentum
1161 5101 1401 5158 cedunt?
1430 5100 1567 5169 Quis
1599 5108 1653 5157 te
1683 5099 1968 5157 dominum
2022 5108 2077 5156 et
2142 5110 2324 5168 regem
2376 5092 2627 5149 omnium
2687 5089 2744 5144 in
2797 5095 2949 5143 terra
2997 5081 3332 5141 constituit?
3366 5080 3447 5133 An
3482 5093 3594 5133 non
3642 5089 3769 5173 vero

499 5172 601 5252 nos
628 5200 875 5268 pudebit,
905 5212 1030 5251 cum
1068 5205 1150 5251 tot
1200 5211 1266 5251 ac
1320 5203 1471 5252 tanta
1528 5196 1598 5252 ab
1662 5212 1728 5253 eo
1785 5198 1986 5268 partim
2044 5192 2452 5263 acceperimus,
2507 5186 2711 5259 partim
2772 5195 3107 5256 speremus,
3155 5178 3206 5236 si
3268 5193 3335 5237 ne
3368 5176 3497 5246 .hoc
3548 5172 3767 5240 quidem

502 5309 674 5351 unum
765 5292 875 5347 Deo
934 5291 1171 5347 Domino
1238 5291 1617 5358 conferamus,
1680 5285 2367 5347 bumanitatemscilicet?

576 5448 719 5507 Ibid.
749 5481 819 5493 —
848 5449 1003 5518 Quod
1042 5450 1086 5506 si
1122 5450 1169 5507 is
1190 5466 1486 5522 pauperem
1511 5449 1716 5521 probro
1743 5449 1930 5515 aliicit,
1955 5464 2039 5504 eun

2262 5447 2327 5502 Et
2357 5446 2385 5501 ὁ
2423 5443 2710 5516 ἀτιμάζων
2755 5429 2985 5512 πένητα,
3020 5430 3311 5511 παροξύνει
3344 5420 3436 5488 τὸν
3468 5427 3768 5502 ποιήσαντα

503 5545 597 5615 qui
657 5544 811 5598 illum
864 5543 1111 5599 condidit
1144 5544 1212 5600 ad
1269 5542 1619 5600 iracundiam
1670 5551 1954 5615 provocat,
1995 5542 2039 5596 il

2192 5540 2378 5605 αὑτὸν,
2414 5540 2552 5612 τιμᾷ
2583 5536 2676 5592 τὸν
2704 5535 2934 5606 ποιητὴν
2969 5535 2997 5589 ό
3022 5531 3301 5602 περιέπων
3329 5527 3392 5581 τὸ
3416 5526 3632 5597 ποίημα
3651 5540 3666 5556 ⁸
3703 5523 3771 5608 ’Ὀ

505 5635 753 5707 profecto
788 5636 1057 5693 factorem
1087 5637 1352 5706 honorat,
1398 5636 1492 5710 qui
1530 5653 1669 5709 opus
1695 5636 1876 5708 ipsius
1912 5635 2037 5691 fove

2193 5631 2385 5688 ἐλεῶν
2410 5631 2674 5701 πτωχόν,
2711 5627 2834 5695 Θεῷ
2871 5622 3145 5690 δανείζει,
3184 5620 3369 5696 φησίν.
3409 5619 3505 5683 Τίς
3531 5617 3594 5672 ού
3625 5615 3766 5685 δέχε-

508 5727 740 5789 Fenerat
803 5728 1031 5784 Domino
1082 5730 1174 5801 qui
1231 5730 1514 5784 miseretur
1572 5728 1816 5798 pauperis
1847 5769 1863 5794 ,
1909 5728 2039 5799 inqu

2194 5745 2285 5783 ται
2322 5726 2609 5798 χρεώστην
2651 5723 3005 5778 ἀποδώσοντα
3037 5721 3096 5773 ἐν
3128 5717 3308 5789 καιρῷ
3341 5714 3481 5788 μετὰ
3523 5712 3622 5780 τῆς
3652 5711 3766 5763 έπε-

511 5818 799 5892 Scriptura
836 5818 1046 5892 (Prov.
1107 5836 1216 5889 xxx,
1280 5818 1407 5891 Π).
1439 5818 1576 5889 Quis
1635 5817 1940 5877 debitorem
2004 5834 2039 5873 rt

2203 5818 2449 5888 καρπίας
2503 5817 2562 5872 τὸ
2609 5815 2836 5872 δάνειον.
2893 5808 3322 5884 Ἔλεημοσύναις
3373 5805 3472 5862 καὶ
3524 5801 3769 5857 πίστεσιν
