3930 6248
249 342 369 408 M73
1491 323 1732 391 SACRA
1761 322 2239 385 PARALLELA.‘
3360 324 3495 391 ΗΜ

243 434 698 522 άτωκαθαίρονται
742 440 1036 517 ἁμαρτίαι.
1080 438 1470 514 Καθαρθῶμεν
1511 435 1604 496 οὖν
1654 438 1795 512 ἑλεὴ

1949 433 2132 500 udiet,
2187 433 2455 490 creditam
2489 416 2799 506 pecuniam
2846 450 2952 493 suo
2979 445 3229 509 tempore
3257 440 3501 496 redditu-

246 561 448 610 σαντες.
1915 526 2082 580 rum?
2112 523 2499 599 Eleemosynis
2552 536 2610 582 et
2639 527 2746 584 fide
2773 538 3080 601 purgantur
3112 539 3363 602 peccata.
3397 533 3502 590 De-

1915 631 2041 675 mus
2092 617 2266 689 igitur
2339 634 2567 692 operam
2625 629 2689 676 ut
2743 622 3128 683 misericordia
3184 635 3502 685 contractas

1913 707 2084 767 labes“
2117 711 2397 768 eluamus.

306 819 538 883 Δυνατδς
579 811 647 890 ἦν
698 816 729 872 ό
782 815 975 890 Πατὴρ
1025 813 1253 886 ποιῆσαι
1313 810 1519 884 μηδένα
1563 808 1810 880 πένητα·

1985 803 2045 860 S.
2075 804 2245 864 Clem.
2281 807 2438 863 Alex.
2473 837 2544 849 —
2566 808 2789 866 Poterat
2834 809 3059 882 quidem
3110 826 3367 870 summus
3410 814 3503 873 ille

237 915 348 973 ἀλλ’
378 917 426 970 εἰ
453 915 514 969 τὸ
548 913 794 968 εὐποιεῖν
835 909 1180 983 περιῃρεῖτο,
1227 910 1577 978 συμπάσχειν
1632 902 1789 958 οὐδεὶς

1951 901 2130 954 'arens
2161 898 2348 956 facere
2382 909 2442 955 ut
2468 917 2635 958 nemo
2659 918 2870 975 pauper
2899 913 3049 962 esset
3077 924 3092 960 :
3119 917 3175 964 at
3206 908 3251 964 si
3272 910 3503 980 praecisa

237 1011 387 1080 ἠξίου
422 1007 518 1063 νῦν
546 1005 795 1078 ἀλλήλων
818 1004 1006 1059 ἕνεκα.
1039 1003 1152 1058 Καὶ
1172 998 1540 1072 εὐποροῦμεν,
1570 998 1664 1054 καὶ
1687 998 1789 1053 ἀπο

1950 999 2067 1047 sset
2118 991 2431 1062 cpitulandi
2497 993 2762 1061 facultas,
2825 998 3022 1056 nullus
3069 1015 3220 1056 nunc
3268 1001 3502 1058 alterius

237 1101 462 1176 ροῦμεν,
498 1098 587 1153 ἵνα
611 1097 778 1164 τόπος
802 1093 1095 1168 γενώμεθα
1123 1097 1189 1167 τῇ
1221 1091 1462 1165 εὐποιτᾳ.

1952 1084 2234 1142 alamitate
2271 1094 2614 1160 tangeretur.
2669 1089 2944 1157 Quocirca
2987 1094 3192 1164 partim
3225 1093 3503 1150 amuimus

1916 1179 2140 1249 opibus,
2193 1179 2398 1251 partim
2433 1180 2746 1254 indigentes
2775 1199 2992 1251 sumus,
3038 1194 3098 1241 ut
3130 1185 3507 1244 beneficentia:

1919 1274 2074 1330 locus
2111 1274 2208 1329 sit.

303 1373 407 1428 Τδν
438 1368 685 1426 ἐναντίον
711 1368 827 1432 τοῖς
851 1363 1034 1428 ἄλλοις
1054 1361 1367 1436 ἀνθρώποις
1399 1357 1611 1431 σεαυτῷ
1641 1358 1819 1413 κατά-

1988 1365 2158 1438 Ejud.
2212 1365 2345 1434 Qui:
2377 1365 2523 1422 dives
2575 1369 2711 1423 satu.
2737 1397 2810 1410 -ο
2840 1367 2949 1424 Fac
2973 1378 3171 1426 contra
3205 1380 3372 1444 atque
3407 1373 3503 1428 alii

233 1465 385 1530 λεξον
418 1462 673 1536 στρατὸν,
707 1460 930 1528 ἄοπλον,
961 1457 1263 1526 ἀπόλεμον,
1292 1452 1655 1524 ἀναίμακτον,
1687 1451 1785 1523 ἀόρ

1951 1461 2156 1531 oleant,
2214 1463 2525 1518 exercitum
2568 1463 2666 1518 tibi
2709 1461 2828 1534 ipse
2857 1468 3182 1532 contrahas,
3232 1466 3501 1523 inermem

235 1576 428 1630 γητον,
455 1556 750 1626 ἀμίαντον·
781 1553 1048 1625 γέροντας
1081 1548 1377 1613 θεοσεϐεῖς,
1403 1547 1675 1620 ὀρφανοὺς
1703 1543 1787 1598 Θεο

1954 1557 2170 1622 cilicet,
2230 1556 2533 1623 imbellem,
2589 1558 2968 1627 incruentum,
3025 1559 3095 1614 ab
3131 1559 3215 1616 ira
3247 1561 3506 1626 alienum,

237 1651 438 1723 φιλεῖς,
469 1650 651 1722 χήρας
681 1645 954 1720 πραότητι
987 1641 1366 1713 ὡπλισμένας,
1397 1640 1600 1712 ἄνδρας
1627 1637 1789 1708 ἀγάπη

1958 1658 2202 1721 spei-tem
2267 1649 2561 1718 sordium;
2631 1667 2798 1708 senes
2860 1652 3006 1722 pios.
3067 1656 3353 1726 orphanos
3414 1654 3510 1709 Dei

235 1743 715 1815 κεκοσμημένους,
765 1737 1054 1804 Τοιούτους
1093 1737 1295 1807 κτῆσαι
1348 1733 1427 1807 τῷ
1458 1732 1537 1803 σῷ
1581 1730 1787 1802 πλούτῳ

1962 1749 2200 1808 mantes,
2256 1743 2456 1803 viduas
2485 1743 2731 1800 lenitatis
2764 1747 2938 1800 armis
2989 1747 3321 1813 instructas,
3359 1747 3511 1804 viros

461 1794 720 1907 στόματι,
751 1831 944 1906 καὶ-τῇ
973 1794 1122 1912 ψυχῇ
1150 1794 1521 1902 δορυφόρους,
1541 1817 1616 1884 ὧν
1651 1794 1783 1899 στρα

1934 1838 2198 1893 eliaritate
2237 1836 2559 1895 adornatos.
2623 1837 2758 1904 Hos,
2798 1839 3055 1911 inquam,
3117 1841 3319 1911 Opibus
3373 1843 3486 1899 tuis

229 1932 394 2005 τηγεϊ
419 1929 452 1982 ό
486 1928 641 1993 Θεός.

1958 1947 2046 1987 um
2113 1931 2390 2001 corporis,
2421 1940 2534 1988 tum
2571 1933 2738 1987 animi
2779 1935 3047 1992 satellites
3095 1938 3342 2009 acquire,
3371 1951 3510 2008 quo-

1927 2036 2050 2076 rum
2085 2019 2197 2075 dux
2227 2028 2283 2076 et
2322 2020 2626 2096 imperator
2665 2021 2812 2081 Deus
2846 2032 2954 2080 est.

314 2135 659 2207 Ἔλεήμονας
697 2123 853 2188 εἶναι.
887 2129 1163 2203 βούλεται,
1204 2129 1267 2184 οὗ
1313 2126 1475 2200 μόνον
1519 2127 1647 2190 τοὺς
1677 2125 1826 2180 ἔλεον

1991 2134 2190 2206 Ejusd.
2249 2136 2342 2192 tib.
2408 2153 2465 2195 Iv
2520 2122 2882 2196 Stromat.;:
2923 2136 3317 2202 Misericordes
3382 2161 3511 2204 esse

229 2229 558 2295 ποιοῦντας,
587 2223 726 2280 ἀλλὰ
759 2224 855 2280 καὶ
881 2224 1012 2288 τοὺς
1039 2223 1296 2287 Θέλοντος
1325 2221 1588 2285 εὐποιεῖν,
1613 2219 1718 2273 κᾶν
1751 2236 1781 2289 μ

1964 2239 2072 2286 ιουε
2105 2230 2254 2297 "vult,
2287 2245 2398 2286 non
2433 2247 2541 2298 eos
2570 2241 2789 2289 tantum
2835 2235 2931 2306 qui
2964 2237 3364 2294 misericordia:
3395 2256 3516 2294 mu-

228 2323 530 2388 δὺνωνται,
555 2314 639 2386 οἷς
679 2319 823 2374 κατὰ
851 2316 1176 2391 προαίρεσιν
1205 2314 1267 2372 τὸ
1296 2316 1540 2385 ἐνεργεῖν
1569 2313 1778 2382 πάρεστ

1969 2320 2156 2376 eribus
2218 2320 2550 2393 fungantur.
2589 2324 2688 2386 sed
2740 2341 2836 2382 eos
2889 2326 3056 2382 etiam
3106 2328 3201 2397 qui
3242 2329 3386 2387 bene
3449 2331 3517 2388 de

227 2419 346 2492 Τῆς
389 2416 572 2489 αὐτῆς
614 2411 708 2470 οὖν
759 2412 1041 2486 μεθέξουσι
1087 2411 1256 2482 τιμῆς
1282 2412 1397 2473 τοῖς
1439 2407 1779 2480 δυνηθεῖσινι

1966 2413 2052 2469 liis
2114 2414 2317 2470 mereri
2381 2416 2661 2482 studeant,
2714 2418 2934 2475 tametsi
2993 2419 3050 2475 id
3099 2429 3366 2492 praestare
3419 2438 3518 2480 nec

229 2513 586 2585 βουλόμενοι,
618 2505 693 2566 ὧν
727 2511 762 2581 ὴ
796 2506 1120 2581 προαίρεσις
1149 2506 1262 2576 ἴση,
1295 2503 1399 2560 κᾶν
1429 2500 1775 2558 πλεονεκτῶσ

1967 2515 2165 2576 ueant;
2195 2509 2288 2580 qui
2312 2510 2532 2576 saltem,
2562 2519 2827 2582 quantum
2852 2513 2919 2568 ad
2943 2514 3316 2571 inductionem
3347 2517 3517 2573 animi

225 2609 414 2680 ἕτεροι
447 2608 521 2678 ’τῇ
563 2601 878 2677 περιουσίᾳ.
908 2633 979 2643 -
1019 2597 1429 2670 Ἐλεημοσὺνας
1457 2596 1542 2651 δεῖ
1572 2597 1768 2659 ποιεῖν,

1967 2602 2147 2668 ttinet,
2185 2604 2364 2674 ipsum
2407 2619 2550 2674 opus
2582 2614 2977 2676 exsequantur.
3023 2607 3287 2679 Ejusdem
3323 2610 3517 2682 itaque

227 2699 393 2770 λόγος
431 2697 629 2770 φησὶν,
665 2694 805 2752 ἀλλά
845 2692 986 2765 μετὰ
1031 2693 1292 2765 κρίσεως.
1333 2690 1431 2750 καὶ
1468 2690 1582 2753 τοῖς
1629 2687 1779 2755 ἀξίοιλ

1967 2697 2158 2753 onoris
2213 2697 2313 2768 qui
2347 2697 2626 2753 voluerint
2673 2699 2976 2771 participes
3028 2710 3213 2766 erunt,
3249 2718 3358 2773 quo
3423 2704 3518 2775 qui

225 2791 342 2855 Καὶ
373 2789 580 2862 ὥσπερ
612 2789 643 2843 ό
683 2788 933 2860 γεωργὸς
979 2785 1196 2858 σπείρει
1243 2784 1348 2839 οὐκ
1391 2785 1472 2847 εις
1500 2782 1689 2848 ἁπλῶς
1727 2781 1777 2836 τί

1969 2790 2251 2858 otuerint;
2288 2789 2391 2856 illi,
2423 2790 2674 2862 inquam,
2708 2807 2947 2861 quorum
2982 2808 3082 2864 par
3115 2795 3374 2852 voluntas
3398 2795 3521 2852 fue-

224 2885 354 2955 γῆν,
390 2883 525 2945 ἀλλ’
572 2884 654 2948 είς
694 2881 932 2954 ἀγαθὴν,
970 2880 1060 2935 ἴνα
1098 2875 1249 2951 αὐτῷ
1295 2877 1548 2949 καρποὺς
1598 2874 1776 2948 κομίσε

1968 2883 2024 2950 it,
2056 2882 2160 2939 etsi
2197 2882 2401 2953 opibus
2427 2882 2520 2937 alii
2574 2882 2892 2954 superiores
2927 2893 3079 2940 sunt.
3106 2914 3181 2927 -—
3201 2885 3520 2960 Eleemosy-

222 2973 377 3032 οὓτω
399 2975 496 3030 δεῖ
517 2973 766 3047 σπείρειν
790 2974 892 3044 τὴν
931 2971 1185 3026 εὐποιΐαν
1211 2970 1292 3033 εἰς
1320 2969 1524 3042 χήρας,
1554 2968 1637 3032 εἰς
1660 2968 1774 3039 ὀρφ‹

1971 2990 2032 3032 as
2092 2974 2311 3046 quidem
2364 2974 2647 3030 faciendas
2685 2991 2811 3032 esse
2864 2974 3153 3049 Scriptura
3186 2979 3370 3045 docet,
3420 2979 3521 3036 sed

223 3071 376 3136 νοὺς,
439 3069 530 3136 είς
580 3067 709 3132 τοὺς
760 3065 1186 3139 ἀπεριστὰτους.
1226 3063 1316 3119 ἵνα
1365 3060 1466 3133 τῆς
1510 3062 1607 3120 ἀπ’
1646 3061 1775 3122 αὐτὰ

1971 3083 2057 3123 um
2103 3065 2333 3136 judicio,
2367 3073 2534 3138 atque
2572 3067 2640 3122 iis
2673 3067 2768 3139 qui
2802 3068 2955 3140 digni
2979 3069 3202 3126 fuerint.
3236 3067 3303 3124 Et
3329 3087 3523 3142 quem-

222 3159 557 3236 εὐκαρπίας
585 3157 677 3212 διὰ
707 3157 820 3213 τῶν
849 3157 1024 3228 εὐχῶν
1057 3155 1363 3235 ἐπιτύχῃς..

1977 3158 2241 3216 dmodum
2298 3159 2546 3231 agricola
2594 3173 2709 3215 non
2739 3174 2961 3217 omnem
2984 3163 3306 3234 promiscue
3331 3179 3523 3234 agrum

222 3244 431 3322 serit,~
470 3252 569 3318 sed
621 3253 827 3308 bonum
873 3261 928 3307 et
967 3250 1226 3317 feracem,
1269 3257 1330 3304 ut
1379 3263 1447 3305 ex
1486 3263 1554 3305 eo
1607 3247 1828 3307 fructus
1859 3248 2398 3322 percipiatzeodem
2463 3248 2627 3305 modo
2683 3251 2979 3308 serendum
3047 3251 3371 3308 beneficium
3440 3262 3529 3310 est

219 3351 280 3408 in
313 3330 558 3420 viduas,
590 3346 643 3401 in
683 3344 946 3417 pupillos,
974 3344 1031 3399 in
1072 3343 1466 3411 calamitosos;
1506 3351 1567 3398 ut
1587 3359 1688 3415 per
1713 3359 1906 3402 eorum
1934 3345 2219 3402 orationes
2257 3343 2501 3399 fructum
2553 3342 2780 3401 uberem
2823 3359 2890 3402 ex
2928 3343 3064 3416 ipsis
3095 3361 3525 3420 consequamur.

309 3466 410 3524 Ἑν
443 3459 499 3536 ᾦ
527 3465 593 3526 ἄν
621 3481 706 3530 τις
737 3463 961 3517 δύναται
1001 3462 1242 3516 εὐποιεῖν
1264 3459 1344 3533 τῷ
1371 3460 1623 3533 πλησίον,
1655 3461 1725 3534 ἦν
1755 3462 1833 3536 μὴ

2015 3461 2076 3517 S.
2112 3459 2331 3526 Iremri,
2367 3475 2433 3515 ex
2491 3457 2739 3530 Epirtola
2765 3459 2839 3515 ad
2873 3458 3010 3519 Vict.
3034 3491 3101 3506 -—
3128 3461 3189 3518 In
3222 3478 3336 3535 quo
3367 3464 3527 3534 quis-

223 3564 388 3635 ποιῇ,
429 3558 728 3631 ἀλλότριος
760 3558 858 3628 τῆς
909 3555 1134 3629 ἀγάπης
1183 3554 1280 3610 τοῦ
1317 3553 1530 3629 Κυρίου
1575 3553 1770 3627 νομισθ

1977 3556 2087 3610 iam
2143 3555 2284 3610 bene
2343 3552 2410 3609 de
2434 3555 2692 3624 proximo
2746 3554 3001 3611 misereri
3046 3564 3253 3629 potest,
3319 3557 3430 3613 nisi
3471 3558 3529 3615 id

225 3673 423 3711 σεται.
1941 3657 2184 3718 praestet,
2221 3645 2437 3701 alienus
2467 3660 2499 3700 a
2529 3645 2620 3701 Dei
2645 3644 2942 3703 dilectione
2969 3647 3309 3703 censebitur.

295 3749 418 3804 Τοῦ
481 3745 655 3800 ἐλεεῖν
700 3745 796 3799 καὶ
841 3744 1172 3816 εὐεργετεῖν,
1210 3742 1337 3796 οὔτε
1393 3739 1832 3816 προτιμὼτερον,

2013 3739 2073 3796 S.
2130 3738 2358 3808 Dionys.
2392 3738 2546 3793 Alex.
2576 3768 2650 3781 --
2671 3737 2820 3794 Nihil
2846 3743 3203 3812 praestantius
3254 3751 3363 3808 est,
3389 3741 3528 3798 nihil

222 3843 358 3898 οὔτε
424 3838 949 3912 φιλανθρωπότερόν
984 3839 1133 3891 ἐστιν
1171 3838 1306 3910 ἡμῖν
1353 3853 1409 3892 τι
1467 3837 1676 3909 ἓτερον,
1710 3837 1774 3891 ἐπ

1982 3833 2263 3900 umanius,
2298 3847 2462 3903 quam
2498 3832 2751 3889 misereri
2781 3840 2836 3889 et
2870 3831 3198 3890 benefacere
3231 3851 3245 3888 :
3277 3837 3531 3906 quando-

225 3937 378 4011 μηδὲ
406 3933 498 4006 τῷ
528 3933 668 4006 Θεῷ.

1934 3927 2158 3999 quidem
2191 3940 2293 3980 nec
2318 3925 2624 3997 quidquam
2663 3924 2771 3981 Deo
2789 3939 2853 3981 ea
2890 3941 2952 3982 re
2989 3927 3172 3999 potius
3207 3936 3312 3984 est.

301 4028 616 4100 Μακάριόν
673 4028 822 4082 ἑστιν
851 4024 1092 4097 ἀληθῶς,
1139 4024 1221 4091 είς
1268 4024 1450 4080 πάντα
1493 4024 1708 4096 πτωχὸν
1743 4023 1840 4080 καὶ

2002 4019 2164 4093 481
2198 4018 2439 4089 Didymi.
2470 4048 2542 4060 -
2565 4019 2789 4075 Beatum
2827 4034 2963 4076 sane
2990 4030 3074 4075 est
3103 4036 3272 4094 super
3305 4036 3528 4080 omnem

224 4127 464 4198 πένητα
491 4121 754 4185 συνιέναι,
788 4121 877 4174 ἵνα
909 4137 996 4184 τις
1024 4119 1170 4174 κατὰ
1217 4118 1436 4174 σύνεσιν
1473 4119 1542 4173 τὰ
1578 4121 1679 4191 τῆς
1723 4135 1776 4173 κε

1979 4127 2165 4196 genum
2192 4119 2249 4168 et
2279 4127 2577 4183 pauperem
2604 4111 2915 4185 intelligere
2937 4151 2951 4178 ,
2983 4129 3094 4183 quo
3127 4114 3254 4183 quis
3282 4115 3531 4186 pruden-

223 4219 453 4283 νωνίας
485 4215 691 4287 πτωχῷ
721 4215 819 4270 xci.
859 4215 1055 4288 πένητι
1101 4213 1425 4287 ποιήσηται,
1479 4212 1702 4284 μείζονα
1743 4229 1775 4266 κ

1981 4225 2021 4268 :r
2056 4222 2230 4279 egeno
2260 4215 2317 4263 et
2357 4205 2570 4279 pupillo
2610 4207 2848 4272 tribuat,
2901 4207 3114 4277 majore
3166 4208 3426 4264 videlicet
3478 4218 3533 4265 et

226 4311 680 4381 σπουδαιότερον
722 4309 826 4378 τὴν
875 4308 1198 4379 ὲπιμέλειαν
1233 4305 1565 4378 ποιούμενος
1600 4306 1680 4371 είς
1709 4322 1771 4360 το

1984 4301 2277 4376 illgentiori
2311 4315 2450 4356 cura
2491 4299 2601 4355 illis
2642 4300 2992 4370 prospiciens
3052 4301 3148 4372 qui
3183 4302 3404 4358 virtutis
3439 4313 3536 4358 aut

223 4407 301 4462 δι’
359 4402 582 4477 ἀρετὴν
624 4401 657 4474 ἦ
698 4401 1014 4462 θεοσέσειαν
1046 4399 1475 4472 πτωχεύσαντας
1523 4399 1558 4472 ἢ
1606 4416 1775 4470 πενομ

1983 4395 2238 4467 eligionis
2274 4408 2444 4450 causa
2471 4393 2525 4447 in
2564 4400 2952 4463 paupertatem
2987 4394 3347 4464 penuriamve
3396 4395 3535 4450 inci-

222 4517 370 4565 νους
392 4515 410 4532 ο
448 4495 629 4560 ἄλλως
649 4496 730 4558 εἰς
751 4494 879 4559 τοὺς
909 4495 974 4548 ἑκ
997 4494 1168 4548 νόσων
1191 4493 1227 4566 ἢ
1253 4493 1680 4564 συμπτωμάτων
1707 4493 1774 4546 ἀπ

1989 4493 2188 4550 erunt,
2227 4493 2322 4540 aut
2355 4484 2518 4539 etiam
2551 4483 2609 4536 in
2660 4498 2757 4539 eos
2813 4497 2956 4554 quos
3017 4484 3193 4542 morbi
3238 4484 3326 4539 vel
3371 4499 3537 4542 casus

229 4593 516 4669 ροῦντας,
537 4587 692 4662 παρὰ
717 4586 846 4653 τοὺς
870 4587 937 4643 ex
962 4585 1347 4658 κακοπραγίας
1370 4586 1402 4658 ἢ
1434 4585 1672 4650 ἀσωτίας
1701 4602 1781 4640 πτι

1989 4580 2124 4650 liqui
2168 4579 2222 4635 in
2254 4586 2557 4650 egestatem
2593 4575 2987 4646 coniecerunt,
3025 4591 3190 4648 quam
3223 4577 3279 4631 in
3312 4592 3411 4634 eos
3443 4579 3535 4649 qui

223 4668 588 4762 χευσαντας.
1951 4674 2024 4729 ob
2060 4671 2267 4743 ﬂagitia
2293 4672 2379 4727 vel
2416 4668 2681 4741 profusos
2709 4678 2966 4741 sumptus
2995 4670 3151 4742 egeni
3184 4669 3313 4726 facti
3345 4679 3499 4727 sunt.

310 4780 496 4842 Ξένος
531 4775 629 4831 καὶ
667 4753 834 4846 πένης
879 4773 1015 4829 Θεοῦ
1061 4773 1385 4846 κωλλὺριον.
1428 4771 1487 4825 Ὀ
1548 4771 1848 4844 δεξάμενος

2024 4765 2264 4838 Evagm‘i.
2283 4795 2352 4807 --
2374 4762 2584 4834 llospes
2614 4772 2669 4818 et
2699 4779 2906 4834 egenus
2938 4764 3231 4836 collyrium
3259 4761 3354 4819 Dei
3383 4772 3533 4820 sunt.

226 4873 487 4938 αὐτοὺς,
520 4871 675 4941 ταχέ’
713 4893 732 4933 ς
785 4867 1103 4940 ἀναϐλέψει.
1132 4901 1202 4909 —-
1239 4869 1373 4922 Λεία
1402 4868 1522 4931 ὁδὸς
1553 4867 1658 4922 ὑπὸ
1688 4866 1774 4920 ὲλε

1985 4859 2055 4926 ξιιὶ
2090 4873 2186 4914 eos
2223 4856 2539 4928 exceperit,
2569 4856 2861 4910 oculorum
2900 4856 3195 4912 confestim
3240 4872 3402 4913 usum
3454 4872 3537 4913 re-

233 4969 515 5041 μοσύνης
537 4964 773 5024 γίνεται.

1993 4952 2267 5024 uperabit.
2299 4981 2372 4993 --
2397 4948 2624 5006 Pianam
2658 4956 2710 5004 et
2745 4947 2964 5004 facilem
3001 4949 3146 5004 viam
3180 4950 3362 5004 munit
3391 4948 3536 5004 elec-

233 5047 252 5058 ’
1956 5063 2209 5120 mnsyna.

309 5143 464 5208 Οἵδε
493 5146 796 5220 τρέφεσθαι
823 5148 850 5201 ὁ
876 5147 1152 5217 Δεσπότης
1180 5145 1289 5199 τῶν
1330 5134 1467 5200 sum
1498 5136 1587 5200 διὰ
1621 5133 1850 5214 μεταδόξ-

2028 5139 2090 5197 S.
2129 5136 2580 5196 Mhi-dierum
2616 5135 2862 5192 omnium
2899 5133 3166 5192 Dominus
3200 5135 3273 5189 ita
3315 5132 3533 5190 demum

229 5263 403 5311 σεως
434 5243 542 5314 τῆς
571 5242 710 5313 πρὸς
730 5242 855 5304 τοὺς
885 5240 1648 5310 εὐποιουμένους.-Ί-1νπερ
1678 5256 1781 5293 ποιε

1981 5254 1987 5289 ι
2020 5242 2074 5289 te
2104 5233 2292 5296 alitur,
2321 5247 2447 5288 cum
2478 5229 2689 5302 aliquid
2726 5229 2780 5284 in
2817 5243 3088 5299 pauperes
3119 5224 3342 5284 confers
3372 5225 3533 5281 bene—

229 5336 594 5409 εὐεργεσίαν
622 5333 1000 5404 ὲλεημοσύνης
1029 5334 1110 5398 είς
1151 5332 1357 5397 πάντας
1381 5333 1508 5397 τοὺς
1538 5331 1781 5402 δεομένω

1985 5327 2093 5383 icii.
2117 5325 2481 5398 —Quidquid
2516 5321 2767 5379 beneficii
2799 5331 2854 5379 et
2884 5322 3251 5393 eleemosyna:
3278 5319 3537 5391 pauperi-

228 5435 263 5489 ὁ
295 5427 566 5502 Χριστος
596 5427 996 5498 σφετερίζεται.
1026 5425 1368 5481 Πεπεὶνακα
1394 5426 1523 5496 γὰρ,
1557 5425 1713 5495 φησὶ,
1750 5443 1780 5479 κ

1985 5436 2063 5475 ius
2112 5419 2402 5492 impertis,
2439 5416 2492 5474 id
2546 5416 2807 5472 Christus
2854 5415 2960 5470 sibi
3014 5413 3280 5470 vindicat.
3324 5409 3537 5468 Esurivi

228 5520 572 5584 δεδώκατέ
592 5538 696 5592 μοι
746 5520 991 5592 φαγεῖν
1025 5519 1315 5590 ἐδίψησα,
1351 5517 1453 5573 καὶ
1493 5519 1780 5574 πεποτίκα

1983 5515 2107 5570 enim
2138 5553 2154 5576 ,
2193 5513 2406 5583 inquit,
2445 5521 2492 5566 et
2530 5509 2751 5565 dedistis
2787 5509 2918 5565 mihi
2951 5509 3274 5564 manducare
3309 5522 3330 5564 :
3359 5506 3535 5574 sitiet,

223 5636 345 5693 με.
1955 5619 2007 5666 et
2045 5606 2268 5662 dedistis
2304 5606 2432 5661 mihi
2465 5607 2637 5662 bibere
2670 5602 2908 5674 (Matth.
2949 5619 3083 5668 xxv,
3119 5602 3189 5660 35
3213 5601 3255 5671 ).

321 5707 591 5769 Πλούτου
621 5708 683 5765 τὸ
716 5707 915 5774 κάλλος
953 5709 1056 5765 οὐκ
1089 5709 1147 5765 ἑν
1174 5703 1502 5780 βαλαντῖοις,
1545 5705 1662 5762 ἀλλ’
1700 5706 1759 5763 ἐν
1784 5707 1851 5783 τῇ

2035 5698 2309 5756 Philonis.
2353 5725 2426 5740 -ο-
2482 5697 2807 5754 Divitiarum
2865 5694 3258 5768 pulchritudo,
3318 5707 3427 5750 non
3483 5691 3538 5748 in

231 5827 369 5874 των
415 5806 742 5882 χρῃζόντων
777 5805 1088 5882 ἐπικουρίᾳ.
1179 5785 1186 5792 ”

1991 5789 2283 5859 rumenis,
2331 5789 2428 5849 sed
2478 5790 2532 5852 in
2561 5787 2900 5846 sublevanda
2945 5801 3251 5860 pauperum
3299 5793 3543 5858 egestate

572 5897 577 5901 '
1966 5885 2070 5944 sita
2107 5892 2212 5944 est.
