3930 6248
412 300 549 368 1475

1598 303 1660 366 S.
1698 301 2020 368 IOANNIS
2078 301 2516 369 DAMASCENI

3553 297 3694 368 1476

405 419 570 494 ’Ῑ“ΙἹ’.Δ
590 417 684 474 IX.
710 415 876 494 -ΑΒε
900 419 1088 489 iis-qui
1113 420 1479 494 eleemosynas
1510 423 1725 478 minime
1751 424 1980 492 faciunt,

2114 426 2286 483 ΙΊΤΛ.
2328 426 2371 479 Θ
2391 469 2406 480 .
2441 454 2508 466 -
2537 423 2675 493 Περί
2707 422 2824 479 τῶν
2853 419 3284 494 ἐλεημοσύνην
3319 421 3406 491 μὴ
3439 421 3698 494 ποιούν-

479 488 570 565 sed
615 490 940 565 tenacitate,
991 488 1047 565 et
1082 488 1362 561 avaritia;
1399 505 1450 550 et
1492 488 1822 565 pecuniane
1855 488 1995 551 divi;

480 563 682 617 tiaram
711 561 1009 632 cupiditate
1031 563 1306 620 laborant.

472 701 574 759 Job
607 719 667 760 ιιι
688 742 704 768 ,
737 702 826 758 16.
851 733 922 745 —-
949 721 967 754 ι
1000 701 1198 774 lnjusti
1233 719 1298 761 os
1331 705 1691 762 obstructum
1718 718 1824 763 est.
1858 706 1992 774 Quae

400 799 481 855 illi
513 805 907 862 messuerunt,
956 797 1096 868 justi
1152 799 1484 858 comedent:
1541 799 1651 872 ipsi
1696 807 1878 857 autem
1925 816 1990 857 ex

399 889 565 946 malis
593 905 704 947 non
735 889 1062 960 eripientur.
1091 907 1111 943 ι

467 982 572 1041 Job
601 1000 751 1048 niv,
782 985 818 1038 2
837 1024 852 1048 ,
890 983 945 1038 5.
975 1014 1048 1025 -
1076 1002 1096 1037 ι
1126 982 1283 1055 lmpii
1313 983 1611 1040 terminum
1649 985 1992 1058 transgressi

401 1084 558 1131 sunt.
597 1073 834 1148 Gregem
877 1089 1004 1131 cum
1047 1082 1272 1146 pastore
1307 1075 1634 1148 diripient‘es
1674 1078 1939 1134 abierunt
1974 1097 1986 1133 :

396 1169 708 1241 iumentum
750 1171 1094 1241 pupillorum
1136 1170 1447 1241 abegerunt
1468 1211 1483 1237 ,
1511 1179 1566 1226 et
1597 1171 1789 1228 bovem
1816 1171 1994 1227 vidum

399 1262 946 1332 Oppigneraverunt.
977 1263 1321 1318 Averterunt
1350 1262 1684 1334 impotentes
1717 1278 1749 1318 a
1782 1263 1868 1319 via
1899 1265 1992 1335 ju-

398 1363 506 1411 sta.
535 1353 880 1411 Unanimiter
903 1355 1395 1412 circumdederunt
1417 1368 1744 1414 mansuetos
1766 1365 1986 1415 terram

469 1446 575 1503 Job
613 1463 688 1516 Iv,
718 1447 773 1504 8.
803 1477 878 1490 -—
909 1468 927 1502 ι
958 1448 1064 1516 Qui
1101 1465 1228 1506 cum
1269 1453 1514 1522 pessima
1555 1450 1987 1518 seminaverim,

395 1540 620 1600 dolores
671 1550 877 1598 metent
928 1541 1074 1610 sibi,
1122 1543 1388 1600 mandato
1441 1544 1538 1599 Dei
1591 1545 1898 1614 peribunt,
1935 1553 1990 1601 et

399 1634 609 1706 spiritu
645 1635 739 1692 irae
770 1635 895 1706 ejus
925 1636 1470 1692 exterminabuntur.
1502 1657 1522 1688 ι

460 1727 566 1783 Job
598 1744 688 1796 ιι,
723 1730 810 1786 ii.
837 1759 906 1772 -ο
937 1747 956 1783 ι
993 1729 1114 1800 lpse
1163 1732 1317 1785 novit
1365 1745 1536 1802 opera
1563 1730 1901 1802 impiorum,
1936 1739 1990 1787 et

395 1820 591 1879 videns
626 1821 938 1879 indecentia
965 1861 979 1888 ,
1012 1837 1124 1878 non
1159 1822 1556 1878 dissimulabit.
1597 1842 1617 1876 ι

463 1913 566 1972 Job
605 1931 792 1981 uxrv,
828 1917 919 1972 22.
945 1948 1014 1958 --
1043 1936 1062 1970 ι
1090 1915 1212 1972 Non
1244 1926 1328 1973 est
1359 1917 1513 1976 locus
1543 1925 1604 1974 ut
1631 1917 1987 1980 abscondan-

395 2015 490 2064 tur
529 2007 797 2063 facientes
828 2007 1042 2080 iniqua.
1081 2026 1101 2062 ι
1619 2026 1634 2043 ·
1677 2008 1681 2011 ’

462 2100 565 2158 Job
597 2118 702 2168 xx.
739 2101 928 2158 18-20.
964 2130 1025 2142 -
1055 2120 1074 2154 t
1110 2101 1167 2158 In
1203 2117 1341 2158 vana
1385 2111 1441 2158 et
1476 2102 1667 2159 inania
1704 2104 1981 2167 laboravit

394 2194 656 2261 divitias,
689 2193 757 2251 de
783 2195 987 2265 quibus
1020 2209 1128 2252 non
1165 2195 1434 2267 gustabit.
1467 2195 1764 2254 Multorum
1805 2197 1984 2269 impo-

396 2297 608 2345 tentum
642 2287 841 2344 domos
871 2287 1168 2361 confregit.
1211 2287 1604 2346 Habitaculum
1645 2292 1986 2364 pupillorum

394 2382 616 2455 rapuit,
650 2397 751 2439 nec
785 2384 1143 2441 instauravit.
1172 2382 1290 2439 Non
1323 2392 1409 2440 est
1442 2385 1597 2444 salus
1632 2385 1986 2446 facultatibus

387 2475 556 2547 ejus:
595 2475 650 2532 in
682 2476 968 2533 desiderio
1005 2492 1108 2534 suo
1145 2492 1257 2533 non
1297 2478 1627 2536 salvabitur.
1659 2478 1783 2536 Non
1819 2480 1984 2539 flore-

393 2567 528 2626 bunt
564 2570 688 2642 ejus
721 2569 886 2626 bona.
925 2570 1064 2627 Cum
1096 2570 1383 2642 putaverit
1417 2587 1478 2631 se
1511 2572 1782 2644 repletum
1823 2589 1983 2642 esse,

392 2666 814 2738 exstinguetur.
842 2663 1039 2730 Omnis
1063 2675 1246 2723 autem
1272 2667 1580 2725 necessitas
1609 2683 1776 2740 super
1800 2669 1981 2742 ipsum

389 2758 595 2816 veniet.
627 2777 647 2814 ι
679 2787 754 2800 -—
789 2776 809 2810 (
841 2756 986 2815 Cave
1011 2774 1084 2816 ne
1114 2757 1288 2816 facias
1318 2760 1546 2834 injusta.
1575 2778 1596 2814 ι

459 2851 563 2908 Job
595 2866 750 2918 nu,
785 2850 854 2918 6,
890 2851 946 2906 7.
971 2881 1044 2900 --
1070 2870 1090 2905 ι
1125 2849 1337 2926 Pignus
1373 2853 1550 2910 tulisti
1586 2853 1823 2912 fratrum
1862 2865 1984 2912 tuo-

390 2961 513 3001 rum
561 2944 686 3001 sine
734 2959 952 3001 causa:
1001 2945 1394 3002 vestimentum
1449 2955 1638 3003 autem
1698 2948 1979 3005 nudorum

390 3038 690 3096 abstulisti.
725 3038 920 3109 Neque
950 3052 1095 3106 aqua
1126 3039 1388 3099 sitientes
1420 3043 1631 3113 potasti
1667 3059 1682 3098 :
1720 3043 1815 3101 sed
1845 3060 1980 3100 esu-

397 3133 666 3188 rientium
703 3133 1036 3189 subtraxisti
1071 3133 1316 3191 frustum
1357 3136 1537 3205 panis.
1571 3135 1782 3194 Viduas
1818 3138 1980 3193 dimi-

387 3224 510 3283 sisti
558 3239 764 3293 vanas,
820 3225 1061 3296 pupillos
1115 3235 1302 3285 autem
1345 3227 1616 3287 atilixisti.
1653 3227 1830 3300 Igitur
1864 3230 1976 3286 cir-

388 3320 788 3376 cumdederunt
818 3327 871 3374 te
895 3319 1080 3391 laquei
1101 3363 1116 3388 ,
1143 3327 1206 3376 et
1236 3321 1376 3375 ttrsit
1407 3329 1462 3377 te
1487 3321 1692 3381 bellum
1724 3323 1970 3396 ingens.»

456 3410 560 3467 Job
608 3427 761 3477 sxw,
809 3411 875 3480 9,
927 3411 1166 3468 ιο.--‹
1197 3408 1526 3484 Rapuerunt
1585 3413 1855 3484 pupillum
1907 3414 1976 3470 ab

388 3506 562 3562 ubere
593 3523 606 3559 :
639 3521 764 3561 eum
801 3514 982 3561 autem
1019 3507 1113 3578 qui
1151 3505 1474 3572 ceciderat,
1516 3505 1973 3564 bumiliaverunt.

388 3601 456 3656 Et
486 3599 664 3658 nudos
719 3599 1008 3671 ejecerunt
1049 3599 1263 3670 injuste
1303 3616 1317 3654 :
1369 3599 1739 3658 esurientium
1791 3609 1973 3657 autem

390 3696 626 3751 frustum
659 3695 822 3765 panis
851 3693 1230 3749 abstulerunt.
1266 3690 1418 3748 Viam
1450 3692 1690 3765 justitiae
1716 3709 1826 3748 non
1860 3708 1977 3748 am-

387 3790 759 3856 bulaverunt,
793 3801 896 3846 nec
951 3787 1008 3842 in
1049 3785 1268 3851 semitis
1316 3787 1440 3859 ejus
1486 3787 1768 3858 progressi
1821 3796 1972 3845 sunt.

386 3882 523 3936 Cum
574 3880 838 3955 cognovit
891 3896 1060 3953 opera
1116 3897 1346 3948 eorum,
1400 3881 1627 3939 tradidit
1671 3897 1767 3941 eos
1799 3881 1854 3938 in
1891 3889 1975 3938 te-

385 3975 610 4032 nebras.
650 3991 669 4028 ι

374 4061 396 4076 ”
449 4066 554 4124 Job
589 4083 749 4136 xm,
784 4067 839 4124 5.
867 4098 938 4110 -
973 4086 993 4121 ι
1034 4065 1124 4124 Vae
1155 4074 1210 4124 et
1241 4065 1479 4140 perditio
1513 4065 1747 4136 injusto.
1787 4084 1807 4119 ι

450 4160 554 4218 Job
611 4177 760 4227 xxiv,
815 4160 906 4216 20.
940 4189 1014 4206 -
1051 4179 1069 4212 ι
1104 4158 1440 4215 Conteratur
1497 4159 1681 4213 omnis
1735 4157 1967 4228 iniquus

382 4265 646 4328 tanquam
673 4255 885 4328 lignum
925 4253 1256 4311 insanabile.
1291 4272 1312 4306 ι

450 4351 614 4423 482
652 4348 753 4405 Job
787 4365 856 4404 xx
877 4391 892 4417 ,
923 4347 977 4404 5.
1007 4377 1078 4390 ο·-
1106 4367 1126 4401 ι
1160 4346 1372 4403 Divitiae
1405 4346 1595 4422 inique
1622 4355 1974 4417 congregatae

379 4456 727 4502 evomentur.
761 4462 782 4497 ι

447 4537 552 4593 Job
594 4553 779 4604 xxvii,
824 4536 924 4604 16,
966 4535 1051 4594 17.
1087 4566 1156 4576 -
1195 4553 1214 4588 ι
1253 4533 1310 4590 Si
1353 4531 1774 4610 congregaverit
1815 4531 1966 4587 sicut
2007 4572 2052 4629 Β

382 4635 609 4690 humum
663 4643 986 4705 argentum,
1046 4649 1111 4690 ac
1160 4633 1306 4692 sicut
1353 4631 1529 4687 lutum
1569 4645 1768 4690 aurum
1833 4645 1972 4702 pra:-

376 4724 672 4796 paraverit.
707 4723 832 4780 llaec
862 4725 1047 4782 omnia
1081 4725 1219 4796 justi
1261 4721 1668 4790 vindicabunt;
1711 4730 1766 4776 at
1804 4737 1968 4794 pecu-

375 4820 500 4873 nias
532 4818 651 4890 ejus
684 4833 919 4875 veraces
953 4818 1261 4876 habebunt.
1305 4816 1474 4874 Facta
1515 4823 1600 4871 est
1643 4824 1826 4870 autem
1870 4815 1970 4870 do-

2175 515 2316 564 των,
2348 495 2513 552 ἀλλὰ
2553 492 3116 559 πλεονεκτούντων,
3160 493 3261 548 καί
3299 494 3428 562 περὶ
3472 492 3697 564 φειδὼ-

2171 573 2298 624 λωι·
2325 568 2907 639 φιλοπλουτούγτων
2940 566 3035 622 καί
3062 564 3466 636 φιλαργύρων.

2177 723 2197 758 ι
2243 705 2456 759 Ἀδίκου
2505 705 2683 776 στόμα
2711 703 2987 776 ὲφρὰχθη.
3039 703 3106 756 Ἀ
3161 702 3359 755 ἐκεῖνοι
3404 699 3698 771 ἐθέρισαν,

2099 800 2303 856 δίκαιοι
2349 800 2590 855 ἔδονταιυ
2624 799 2779 854 αὐτοὶ
2818 798 2876 852 δὲ
2926 799 2990 852 ὲκ
3031 795 3221 850 κακῶν
3246 793 3347 849 οὐκ
3390 792 3702 865 ἐξαιρεθή-

2102 911 2306 950 σονται.
2351 913 2374 946 ὶ

2178 1006 2198 1040 ι
2239 984 2489 1050 Ἀσεσεϊς
2520 983 2673 1056 δριον
2718 981 3094 1055 ὑπερέϐησαν,
3129 981 3380 1052 ποίμικιον
3414 983 3517 1035 σὺν
3567 996 3705 1034 ποι·

2104 1080 2228 1152 μένι
2259 1075 2895 1152 ἁρπάσαπεςάπῆλθον,
2933 1075 3234 1145 ὑποζύγιον
3283 1075 3547 1147 ὀρφανῶν
3574 1077 3704 1129 ἀπ-

2101 1175 2333 1245 ήγαγον,
2371 1170 2500 1243 βοῦν
2518 1173 2692 1242 χήρας
2722 1168 3101 1241 ὲνεχυρίασαν.
3132 1168 3438 1236 Ἐξέκλιναν
3468 1169 3528 1222 δὲ
3554 1167 3705 1222 ἁδυ-

2099 1267 2293 1331 νάτους
2335 1267 2394 1334 ἐξ
2439 1265 2561 1320 ὁδοῦ
2592 1264 2832 1331 δικαίας,
2876 1261 3224 1336 ὁμοθυμαδὸν
3266 1263 3324 1316 δὲ
3355 1261 3705 1317 ἐκύκλωσαν

2100 1361 2300 1432 πραεῖς
2337 1359 2461 1430 γῆς.
2499 1376 2517 1410 ι

2175 1467 2193 1502 ι
2225 1449 2288 1502 Οί
2325 1448 2646 1521 σπείροντες
2674 1447 2742 1501 τὰ
2776 1447 2975 1511 ἄτοπα,
3010 1445 3207 1511 ὀδύνας
3245 1447 3524 1518 θεριοῦσιν
3551 1448 3705 1500 sau-

2097 1545 2230 1610 τοῖς,
2267 1542 2379 1597 ἀπὸ
2411 1542 2839 1613 προστάγματος
2867 1541 3073 1614 Κυρίου
3109 1539 3458 1607 ἀπολοῦνται,
3485 1542 3606 1597 ἀπὸ
3646 1540 3707 1595 δὲ

2098 1637 2412 1710 πνεύματος
2443 1636 2614 1709 ὀργῆς
2648 1635 2816 1690 αὐτοῦ
2849 1634 3338 1708 ἀφανισθήσονται.
3370 1654 3389 1688 ι

2174 1750 2194 1784 t
2231 1730 2405 1795 Αὐτὸς
2455 1726 2598 1785 οἶδεν
2642 1729 2782 1803 ἔργα
2833 1731 3088 1802 ἀνόμωνδ
3122 1726 3247 1782 ἰδὼν
3299 1730 3354 1782 δὲ
3397 1727 3580 1783 ἄτοπα
3631 1728 3706 1782 οὐ

2024 1817 2066 1873 Β
2096 1823 2426 1896 παρόψεται.
2461 1841 2481 1874 ι

2172 1938 2190 1970 ι
2225 1918 2340 1971 Οὐκ
2362 1915 2480 1970 ἔστι
2507 1915 2675 1982 τόπος
2701 1914 2797 1969 τοῦ
2826 1913 3100 1987 κρυϐῆναι
3135 1913 3266 1980 τοὺς
3293 1913 3597 1979 ποιοῦντας
3623 1913 3706 1969 τὰ

2091 2013 2291 2084 ἄνομα.

2166 2127 2186 2161 ι
2223 2109 2318 2172 Et;
2349 2104 2485 2160 κενὰ
2514 2102 2609 2159 καὶ
2638 2102 2848 2172 μάταια
2865 2101 3128 2158 ἐκοπίασα
3151 2101 3401 2170 πλοῦτον,
3434 2102 3501 2170 ἐξ
3522 2093 3590 2157 οὗ
3626 2102 3700 2157 οὐ

2090 2203 2374 2273 γεύσεται.
2403 2197 2622 2255 Πολλῶν
2659 2195 2772 2269 γὰρ
2805 2197 3091 2253 ἀδυνάτων
3117 2199 3305 2262 οῐκους
3338 2196 3552 2257 ἔθλασε.
3593 2198 3708 2253 AE-

2089 2312 2247 2350 αιταν
2273 2294 2331 2348 δὲ
2386 2288 2640 2365 ὀρφανῶν
2675 2289 2921 2361 ἥρπασε,
2973 2289 3071 2349 καὶ
3111 2291 3213 2348 οὐκ
3256 2290 3510 2362 εστησεν.
3554 2290 3705 2346 Οὐκ

2088 2389 2239 2443 ἔστιν
2264 2385 2430 2441 αὑτοῦ
2471 2387 2716 2457 σωτηρία
2753 2390 2865 2452 toi;
2898 2385 3274 2458 ὑπάρχουσιν·
3309 2386 3365 2439 ὲν
3402 2383 3704 2458 ἐπιθυμίᾳ

2089 2481 2255 2538 αὐτοῦ
2283 2483 2345 2536 οὺ
2377 2480 2712 2552 σωθήσεται.
2749 2483 2866 2536 Οὐκ
2893 2479 3120 2553 ἀνθήσει
3144 2478 3313 2537 αὑτοῦ
3347 2478 3416 2533 τὰ
3464 2478 3699 2548 ἀγαθά.

2089 2579 2261 2632 Ὅταν
2291 2575 2423 2648 δοκῇ
2470 2575 2572 2648 ἤδη
2629 2574 3054 2649 πεπληρῶσθαι,
3093 2573 3483 2646 σδεσθήσεται,
3519 2575 3701 2634 πᾶσα

2086 2672 2144 2727 δὲ
2184 2671 2400 2742 ἀνάγκη
2432 2671 2520 2726 ἐπ’
2553 2670 2719 2727 αὐτὸν
2752 2667 3132 2726 ἐπελεύσεται.
3174 2687 3192 2722 ι
3221 2701 3295 2727 -τ
3342 2686 3362 2721 ‹
3394 2667 3698 2725 Φυλάττου

2089 2765 2165 2838 μὴ
2197 2765 2406 2837 πρᾶξαι
2435 2766 2621 2823 ἄδικα.
2659 2784 2678 2818 ›

2161 2881 2179 2913 ι
2215 2859 2598 2934 Ἐνεχυρίαζες
2628 2861 2754 2925 τοὺς
2796 2858 3067 2930 ἀδελφούς
3115 2875 3212 2914 σου
3247 2858 3525 2928 διακενῆς,
3553 2860 3696 2928 ἀμ-

2085 2956 2272 3026 φίασιν
2301 2956 2357 3010 δὲ
2387 2956 2617 3026 γυμνῶν
2653 2955 2878 3026 ἀφέλου.
2909 2955 3051 3010 -υύδὲ
3080 2953 3228 3027 ὕδωρ
3252 2954 3528 3024 διψῶντας
3553 2956 3698 3009 ἑπό-

2084 3066 2262 3115 τισας,
2304 3048 2442 3104 ἀλλὰ
2480 3047 2798 3104 πεινώντων
2829 3047 3137 3120 ὶστέρησας
3154 3047 3367 3120 ψωμόν.
3399 3048 3600 3118 Χήρας
3625 3048 3692 3101 δὲ

2083 3141 2471 3210 ἐξαπέστειλας
2499 3143 2683 3210 κενὰς,
2724 3142 2996 3216 ὀρφανοὺς
3017 3141 3073 3197 δὲ
3093 3141 3404 3205 ὲκάκωσας.
3432 3143 3692 3212 Τοιγαρ-

2081 3237 2178 3292 οῦν
2216 3237 2542 3292 ὶιούκλωσὰν
2581 3255 2643 3291 σε
2689 3235 2944 3307 παγίδες,
2973 3235 3072 3291 καὶ
3121 3235 3427 3290 eameam
3460 3253 3521 3289 σε
3571 3237 3688 3290 πός

2084 3333 2142 3387 λε
2151 3350 2252 3404 μος
2285 3333 2546 3400 ἐξαίσιος.
2585 3351 2604 3384 ι

2160 3447 2180 3482 ι
2217 3427 2522 3501 Ἥρπασαν
2560 3427 2798 3501 ὀρφανὸν
2817 3427 2926 3483 ἀπὸ
2964 3426 3203 3499 μαστοῦ,
3238 3427 3576 3486 πεπτωκότα
3618 3428 3685 3484 δὲ

2083 3521 2493 3588 ἐταπείνωσαν,
2527 3523 2620 3578 καὶ
2660 3521 2906 3592 γυμνοὺς
2937 3518 3194 3588 ἐξέϐαλον
3240 3520 3478 3586 ἀδίκως,
3541 3539 3682 3576 πειν-

2083 3615 2299 3668 νώντων
2331 3613 2388 3668 δὲ
2417 3616 2508 3668 τὸν
2553 3613 2750 3684 ψωμὸν
2779 3612 3091 3682 ἀφείλαντο.
3129 3611 3277 3666 Ὀδὸν
3317 3612 3678 3686 δικαιοσύνης

2081 3709 2180 3780 οὐχ
2221 3707 2498 3772 ὥδευσαν,
2532 3708 2653 3762 οὐδὲ
2701 3707 2988 3780 ἀτραποὺς
3040 3706 3211 3778 αὐτῆς
3255 3705 3674 3780 ἐπορεύθησαν.

2084 3804 2249 3874 Γνοὺς
2301 3805 2359 3859 δὲ
2415 3803 2597 3860 αὐτῶν
2646 3801 2719 3856 τὰ
2763 3801 2926 3872 ἔργα,
2974 3800 3295 3873 παρέδωκεν
3340 3802 3539 3869 αὐτοὺς
3588 3805 3676 3868 εἰς

2086 3897 2298 3961 σκότος.
2336 3915 2354 3948 ι

2157 4097 2177 4134 ι
2205 4078 2342 4134 Οὐαὶ
2370 4076 2463 4135 καὶ
2489 4074 2739 4134 ἀπώλεια
2772 4073 2848 4144 τῷ
2873 4074 3064 4146 ἀδίκῳ.
3095 4093 3115 4128 ι

2160 4187 2178 4222 ι
2217 4166 2542 4242 Συντριόείη
2581 4167 2691 4233 πᾶς
2723 4165 2908 4230 ἄδικος
2940 4165 3032 4223 ῐσα
3059 4164 3202 4238 ξύλῳ
3239 4165 3467 4239 ἀνιάτω.
3502 4184 3521 4218 ι

2157 4368 2176 4401 ι
2215 4347 2451 4412 Πλοῦτος
2474 4345 2675 4414 ἀδίκως
2705 4345 3078 4420 συναγόμενος
3125 4345 3544 4420 ὲξεμεθήσεται.
3566 4366 3585 4402 ι

2157 4551 2176 4586 ι
2225 4530 2351 4586 Ἐὰν
2407 4530 2689 4603 συναγάγῃ
2738 4530 2928 4603 ὥσπερ
2973 4531 3078 4602 γῆν
3117 4530 3404 4604 ἀργύριον,
3461 4528 3548 4585 ἴσα
3607 4531 3660 4584 δὲ

2082 4625 2241 4700 πηλῷ
2275 4627 2498 4698 χρυσίον
2535 4625 2797 4696 ὲτοιμάσῃ
2819 4667 2833 4691 ,
2865 4622 3041 4678 ταῦτα
3075 4625 3253 4680 πάντα
3304 4626 3658 4697 περιποιηθή-

2082 4735 2292 4784 σονται,
2323 4718 2390 4770 τὰ.
2419 4716 2473 4770 δὲ
2505 4718 2762 4788 χρήματα
2811 4713 2978 4769 αὐτοῦ
3035 4714 3283 4788 ἀληθινοὶ
3316 4715 3652 4781 καθέξουσιν.

2086 4811 2293 4884 Ἀπέϐη
2345 4810 2401 4865 δὲ
2445 4812 2473 4864 6
2530 4805 2683 4874 οἶκος
2737 4809 2906 4864 αὐτοῦ
2967 4811 3157 4881 ὥσπερ
3194 4810 3378 4879 σῆτες,
3434 4812 3524 4863 καὶ
3580 4811 3653 4875 ὡς

376 4928 501 4968 mus
528 4912 646 4983 ejus
672 4913 814 4967 sicut
839 4914 1009 4980 tinea,
1035 4920 1087 4967 et
1117 4913 1261 4968 sicut
1290 4926 1490 4966 aranea
1519 4908 1728 4964 divitia:
1753 4907 1964 4964 illius.»

2114 4907 2288 4980 ράχνη
2319 4908 2346 4960 6
2379 4903 2612 4970 πλοῦτος
2643 4903 2831 4970 αὐτοῦ,
2863 4924 2880 4956 ι

459 5004 610 5061 Ptol.
651 5022 859 5068 χχχιιι,
897 5005 982 5058 t7.
1014 5035 1087 5048 ον-
1121 5024 1138 5058 ι
1173 5004 1374 5060 Vultus
1409 5009 1592 5057 autem
1629 5000 1841 5057 Domini
1880 5017 1972 5057 su-

377 5121 474 5176 per
506 5102 772 5158 facientcs
805 5101 948 5155 mala
970 5142 986 5167 ,
1018 5106 1079 5155 ut
1113 5099 1326 5170 perdat,
1364 5117 1382 5149 ›
1420 5108 1527 5153 etc.

450 5193 604 5268 Paul.
642 5207 842 5258 ιινιιι,
886 5191 972 5246 17.
999 5222 1070 5233 --
1097 5209 1116 5243 ι
1146 5189 1225 5247 Ne
1252 5189 1510 5245 timueris
1537 5203 1663 5244 cum
1703 5187 1855 5255 dives
1889 5186 1968 5243 fa-

375 5299 497 5345 ctus
521 5285 687 5346 fuerit
713 5287 899 5350 homo,
925 5292 1170 5342 autcum
1203 5282 1566 5354 multiplicata
1593 5281 1784 5347 fuerit,
1815 5302 1833 5336 ι
1853 5293 1964 5339 etc.

451 5381 598 5438 Psal.
631 5396 833 5436 cum:
857 5425 871 5448 ,
911 5380 998 5434 12.
1025 5410 1097 5422 —
1125 5398 1144 5432 ι
1175 5377 1368 5434 Virum
1397 5377 1669 5451 injustum
1700 5378 1842 5432 mala
1874 5393 1966 5433 ca-

375 5477 525 5549 pient
559 5475 613 5536 in
642 5475 894 5534 interitu.
923 5493 940 5525 ι

445 5566 530 5626 ιγ
572 5569 697 5638 Reg.
732 5585 785 5635 v,
821 5567 1012 5624 θεῖ-27.
1037 5595 1108 5607 --
1142 5587 1160 5620 ι
1200 5565 1348 5622 Dixit
1398 5564 1616 5621 Eliseus
1657 5564 1724 5620 ad
1765 5563 1961 5621 Giezi:

377 5663 533 5720 Unde
564 5662 762 5720 Giezi?
791 5659 857 5717 Et
889 5662 965 5716 ait
997 5660 1184 5717 Giezi:
1220 5659 1339 5715 Non
1383 5659 1481 5714 ivit
1516 5673 1800 5730 quoquam
1842 5674 1961 5714 scr-

374 5771 477 5810 vus
521 5763 674 5811 tuus.
708 5757 775 5810 Et
805 5757 944 5812 dixit
979 5755 1195 5812 liiiseus
1244 5753 1310 5810 ad
1363 5755 1516 5809 illum
1561 5771 1574 5808 :
1624 5751 1820 5810 Nonne
1866 5767 1964 5814 cor

2150 5021 2168 5054 ι
2200 5001 2504 5073 Πρόσωπον
2535 4999 2742 5070 Κυρίου
2774 4999 2869 5054 ἐπὶ
2901 4997 3192 5061 ποιοῦντας
3219 4999 3386 5064 κακὰ,
3422 4998 3513 5052 τοῦ
3541 4998 3649 5064 ἐξο-

2072 5093 2364 5167 λοθρεῦσαι
2401 5113 2420 5146 ι
2451 5093 2544 5146 καὶ
2571 5093 2639 5147 τὰ
2669 5091 2858 5146 λοιπά.

2150 5141 2289 5261 trMi;
2316 5186 2487 5261 φοϐοῦ
2511 5187 2638 5241 ὅταν
2668 5187 2952 5258 πλουτήσῃ
2980 5141 3285 5259 ἄνθρωπος,
3309 5185 3342 5258 ἦ
3375 5186 3500 5240 ὅταν
3527 5181 3640 5254 τιλινλ⁸

2074 5279 2429 5354 θυνθήσεται.
2462 5300 2481 5332 ι

2147 5397 2166 5430 t
2201 5377 2409 5448 Ἀνδρα
2432 5375 2620 5432 ἄδικον
2653 5374 2800 5430 κακὰ
2821 5372 3081 5447 θηρεύσει
3109 5375 3192 5438 είς
3220 5372 3530 5447 διαφθοράν.
3550 5391 3570 5424 ι

2146 5575 2164 5608 ι
2195 5553 2364 5610 Εἶπεν
2401 5556 2676 5612 Ἐλισσαιὲ
2706 5556 2844 5631 πρὸς
2883 5556 3077 5623 Γιεζὲο
3118 5559 3289 5614 Πόθεν
3328 5558 3506 5623 Γιεζές
3537 5555 3629 5609 Kal

2068 5647 2225 5704 εἶπεν
2259 5651 2443 5714 Γιεζέ’
2479 5649 2552 5706 06
2576 5649 2915 5722 πεπόρευται
2941 5653 2970 5706 6
2998 5651 3185 5716 δοῦλός
3226 5669 3342 5707 σου.
3368 5651 3473 5705 Καὶ
3494 5647 3626 5702 εἶπεν

2087 5744 2361 5799 Ἐλισσαιὲ
2392 5745 2528 5816 πρὸς
2557 5743 2720 5798 αὐτόν
2743 5761 2757 5775 ·
2784 5745 2896 5816 Οὐχ
2927 5746 2958 5816 ὴ
3012 5744 3208 5817 καρδία
3242 5763 3344 5817 μου
3383 5742 3511 5816 μετᾶ
3544 5740 3622 5794 σοῦ

383 5864 568 5904 meum
622 5849 721 5906 ivit
769 5858 988 5920 tecum,
1038 5849 1261 5924 quando
1313 5863 1574 5909 rcversus
1620 5855 1706 5906 est
1755 5848 1842 5904 vir
1888 5850 1955 5906 de

2114 5838 2367 5913 πορεύθη,
2396 5839 2485 5894 ὅτε
2531 5837 2870 5914 ἐπέστρεψεν
2899 5841 2925 5894 6
2953 5840 3095 5913 ἀνὴρ
3132 5839 3240 5895 ἀπὸ
3281 5839 3375 5894 τοῦ
3403 5837 3619 5910 bonum

3915 5177 3917 5303 ί

3909 6083 3911 6197 l
