4020 6262
323 365 464 436 2477

1586 371 1825 434 saeua
1855 353 2323 433 multum.

3453 358 3604 443 1478‘

320 490 403 554 είς
434 481 764 557 συνάντησιν
796 502 892 541 σου
915 501 931 555 ;
955 484 1070 541 Καὶ
1086 464 1188 540 νῦν
1201 468 1398 549 ἔλαϐες
1428 484 1489 539 τὸ
1512 484 1775 559 ἀργύριον
1801 482 1893 538 καὶ

2006 495 2172 538 curru
2204 496 2308 539 suo
2338 480 2406 543 in
2442 492 2741 537 occursum
2782 485 2939 535 tuum
2969 477 2996 534 ἲ
3032 485 3089 536 et
3129 490 3283 535 nunc
3324 477 3595 551 accepisti

317 581 388 636 τὰ
422 579 636 653 ίμὰτια,
666 581 764 635 καὶ
789 578 891 637 νῦν
915 577 1068 658 λήψῃ
1101 575 1284 651 ἐαυτῷ
1316 578 1547 652 κήπους,
1579 579 1674 633 καὶ
1705 576 1901 633 ἐλαιῶ-

317 689 435 739 νας,
459 673 561 729 καὶ
595 671 953 747 ἀμπελῶνας,
980 672 1083 729 καὶ
1114 671 1390 745 πρόϐατα,
1423 671 1520 726 καὶ
1552 670 1773 735 παῖδας.
1804 672 1901 726 καὶ⁸

317 766 632 833 παιδίσκας.
666 766 778 843 Καὶ
815 767 853 839 ή
889 766 1071 841 λέπρα
1107 763 1331 836 Νεεμὰν
1356 763 1753 837 κολληθήσεται
1787 781 1897 833 σοι,

316 858 515 926 καὶτῷ
545 858 825 933 σπέρματί
852 876 947 914 σου
978 860 1060 925 εἰς
1087 859 1215 924 τοὺς
1247 857 1474 921 αίῶνας.
1494 877 1531 911 .r

393 973 413 1007 ι
440 952 645 1025 Δώρων
670 954 699 1007 ὁ
718 951 1068 1025 φειδόμενος,
1090 951 1265 1022 θυμὸν
1286 951 1490 1025 ἐγείρει
1522 950 1762 1023 ἰσχυρόν.
1782 969 1803 1005 ι
1829 980 1901 991 -

318 1065 341 1101 ι
380 1046 617 1111 Πλοῦτος
645 1045 979 1118 προστίθησι
1013 1044 1209 1117 φίλους
1236 1043 1493 1110 πολλούς.
1524 1062 1544 1097 ι
1569 1075 1641 1087 —
1677 1063 1696 1098 (
1729 1042 1899 1099 Πλού-

310 1155 422 1213 σιοι
447 1137 681 1210 πτωχῶν
704 1136 957 1211 ἄρξουσι.
982 1156 1005 1192 ι
1028 1168 1100 1183 --
1118 1137 1334 1208 (Σοφδς
1361 1136 1493 1210 παρ’
1514 1135 1701 1209 ἐαυτῷ
1730 1136 1900 1191 πλού-

315 1249 453 1298 σιος.
485 1250 505 1286 ι
546 1262 619 1277 σ-
651 1251 671 1287 ι
696 1231 984 1305 ’Υπαρξις
1030 1229 1548 1303 ὲπισπουδαζομένη
1595 1231 1734 1302 μετὰ
1772 1231 1899 1285 divo-

316 1325 467 1398 μίας,
501 1324 748 1381 ἐλάσσων
785 1324 1020 1395 γίνεται.
1053 1342 1073 1377 ι
1106 1356 1179 1367 -—
1210 1344 1233 1379 ι
1268 1326 1384 1379 Οὐκ
1423 1324 1767 1398 ὠφελήσουσι
1799 1324 1899 1397 θη-

313 1416 509 1489 σαυροὶ
537 1416 796 1491 ἀνόμους.
823 1435 844 1470 ι
867 1447 941 1458 --
969 1435 989 1470 ι
1022 1418 1121 1483 ⁸ος
1146 1416 1485 1490 ἀποστρέψει
1504 1417 1568 1472 τὸ
1602 1416 1898 1490 πρόσωπον

312 1510 486 1568 αὐτοῦ
531 1512 641 1567 ἀπὸ
690 1510 950 1584 πτωχοῦ,
1000 1512 1057 1566 ὲν
1090 1509 1262 1584 πολλῇ
1313 1508 1526 1584 ἀπορίᾳ
1565 1508 1749 1566 lerat.
1784 1531 1803 1562 ›
1828 1543 1895 1554 -

318 1624 338 1659 ι
375 1603 647 1673 Ἐξολλύει
678 1605 741 1660 τὸ
771 1602 965 1659 ἑαυτοῦ
998 1603 1163 1675 σῶμα
1184 1605 1216 1659 ὑ
1247 1601 1587 1677 ἁνελεήμων.
1615 1622 1636 1655 ι
1665 1633 1737 1645 -ο
1764 1623 1785 1657 ι
1813 1605 1899 1660 Τὰ

312 1698 603 1770 σπλάγχνα
630 1698 739 1753 τῶν
770 1697 988 1753 ἀσεόῶν
1016 1695 1384 1770 ἀνελεήμονα.
1416 1714 1437 1751 ι

387 1990 407 2026 ι
453 1973 515 2029 Ὀ
556 1970 795 2043 ἀγαπῶν
839 1972 1130 2047 ἀργύριον,
1180 1970 1243 2026 οὐ
1298 1970 1674 2045 πλησθήσεται
1720 1968 1898 2044 ἀργυ-

351 2067 454 2123 ίου.
489 2084 508 2120 ι
924 2104 925 2107 η
1668 2071 1674 2077 ’

313 2085 553 2211 “crudos
590 2155 861 2229 ἀργυρίου
907 2155 1285 2213 ὑπακούσεται
1315 2154 1385 2214 τὰ
1411 2155 1735 2231 σύμπαντα.
1776 2175 1795 2211 ι
1825 2189 1894 2199 —-

314 2269 335 2303 ι
360 2246 526 2305 ’Ἔστι
579 2249 819 2323 πονηρία
847 2252 915 2323 ἢν
955 2243 1097 2304 siam:
1124 2249 1234 2305 ὑπὸ
1276 2249 1370 2307 τὸν
1413 2250 1614 2324 ἧλιον·
1664 2251 1805 2325 ἀνὴρ
1849 2245 1897 2323 ᾧ

306 2340 475 2397 δώσει
507 2341 659 2415 αὐτῷ
710 2344 741 2399 ὁ
776 2341 912 2409 Θεὸς
966 2341 1236 2410 πλοῦτον,
1270 2341 1367 2399 καὶ
1409 2343 1747 2417 ὑπάρχοντα,
1799 2346 1895 2402 καὶ

307 2434 490 2503 δόξαν,
526 2434 623 2491 καὶ
672 2436 777 2490 οὐκ
816 2434 967 2491 εστιν
995 2434 1242 2508 ὑστερῶν
1268 2438 1337 2509 τῇ
1381 2435 1530 2509 ψυχῇ
1571 2434 1741 2493 αὑτοῦ
1783 2434 1896 2490 ἀπὸ

307 2528 530 2584 πάντων
553 2519 633 2585 ὧν
667 2527 960 2600 ὶπιθυμεϊ·
1004 2527 1101 2583 καὶ
1142 2528 1227 2583 ὃτι
1256 2529 1423 2601 ἀνὴρ
1445 2529 1601 2597 ξένος
1654 2529 1896 2603 φάγεται

306 2620 495 2678 αὐτόν.
540 2641 562 2677 ι
1628 2638 1631 2639 ⁷

379 2730 401 2766 ι
429 2712 680 2783 Χαναὰν,
712 2716 772 2770 εν
798 2714 991 2789 χερσὶν
1026 2714 1197 2771 αὑτοῦ
1227 2715 1397 2788 ζυγὸς
1428 2714 1650 2782 ἀδικίας
1670 2732 1688 2749 ·
1720 2733 1898 2774 κατα-

303 2803 653 2861 δυναστεύειν
676 2808 987 2881 ἠγάπησεν,
1022 2827 1042 2862 ι

380 2916 401 2951 ι
439 2898 580 2954 οὑαὶ
626 2901 657 2955 ὑ
686 2900 979 2973 πληθύνων
1025 2901 1309 2976 ἑαυτῷοτὰ
1346 2903 1452 2958 οὑκ
1500 2901 1638 2958 ὄντα
1670 2903 1893 2971 ἑαυτοῦ,

304 2992 405 3047 καὶ
436 2990 688 3065 βαρύνων
707 2992 800 3048 τὸν
845 2992 1027 3049 κλοιὸν
1060 2992 1235 3049 αὑτοῦ
1282 2993 1589 3069 στιϐαρῶς,
1627 2994 1713 3051 ὅτι
1738 2995 1897 3063 ἐξαί-

303 3101 445 3158 φνης
462 3084 864 3155 ἀναστήσονται
891 3086 1183 3153 δάκνοντες
1202 3086 1392 3156 αὑτὸν,
1413 3089 1511 3142 καὶ
1540 3087 1894 3160 ὲκνήψουσιν.

315 3171 375 3228 Ὀ
394 3172 737 3229 πλεονεκτῶν
759 3174 1078 3245 πλεονεξίαν
1106 3175 1288 3253 κακὴν
1311 3178 1389 3251 τῷ
1420 3176 1557 3251 οἴκῳ
1584 3177 1775 3246 αὐτοῦ,
1799 3180 1894 3235 καὶ

298 3263 397 3320 τοῦ
429 3265 588 3334 τάξαι
613 3266 834 3322 νοσσιὰν
862 3268 1048 3325 αὑτοῦ.
1087 3288 1107 3323 ι
1256 3332 1259 3333 ν

378 3377 400 3410 ι
433 3358 571 3415 Οὐαὶ
602 3360 653 3413 oi
710 3360 1078 3427 συνάπτοντες
1125 3362 1312 3419 οίκίαν
1365 3363 1505 3437 πρὸς
1539 3364 1753 3433 οίκίαν,
1793 3365 1893 3421 καὶ

299 3451 471 3525 ἀγρὸν
500 3451 637 3525 πρὸς
665 3452 836 3526 ἀγρὸν
864 3453 1198 3527 ἐγγίζοντες,
1229 3455 1321 3512 ῐνα
1364 3454 1461 3510 τοῦ
1498 3456 1728 3531 πλησίον
1779 3457 1887 3529 ἁφ-

303 3545 531 3601 ἑλωνταί
553 3563 626 3602 τι.
659 3564 678 3599 ι
1746 3550 1749 3551 ⁷

376 3679 398 3715 ι
444 3661 510 3715 Ἥ
536 3659 763 3735 ἁρπαγή
790 3660 885 3717 τοῦ
916 3660 1145 3736 πτωχοῦ
1174 3664 1233 3718 ὲν
1266 3664 1381 3729 τοῖς
1406 3663 1580 3730 οἴκοις
1608 3664 1789 3737 ὑμῶν.
1819 3666 1890 3722 Τί

302 3753 464 3827 ὑμεῖς
500 3754 744 3809 ἀδικεῖτε
774 3754 868 3811 τὸν
900 3755 1030 3811 λαόν
1067 3773 1195 3829 μου,
1237 3756 1421 3812 καὶτὸ
1452 3758 1749 3832 πρόσωπον
1776 3760 1891 3816 τῶν

300 3846 537 3921 πτωχῶν
582 3850 1008 3923 καταισχύνετε,
1050 3851 1189 3924 φησι
1239 3850 1483 3924 Κύριοςς
1515 3871 1535 3905 ι
1570 3884 1645 3897 —
1687 3873 1709 3910 ι
1746 3853 1891 3925 Ἐγὼ

299 3940 480 3997 ιδωκα
505 3943 589 4010 είς
616 3942 720 4015 τὴν
748 3944 907 4018 χεῖρά
953 3960 1086 4001 σου’
1122 3947 1188 4001 σὺ
1221 3945 1279 4001 δὲ
1308 3947 1369 4001 οὐ
1410 3946 1655 4014 δέδωκας
1699 3948 1890 4017 αὑτοϊς

300 4036 470 4102 ἔλεος.
494 4053 515 4091 a
546 4068 619 4080 --
642 4055 663 4092 ι
691 4038 863 4094 Ὅταν
890 4038 1172 4113 ὲκτείνητε
1206 4040 1307 4105 τὰς
1329 4043 1524 4115 χεῖρας
1548 4042 1725 4115 ὑμῶν,
1756 4045 1891 4100 ἁπο-

299 4129 519 4204 στρὲψω
544 4130 675 4197 τοὺς
698 4130 1015 4206 ὀφθαλμούς
1050 4150 1155 4205 μου
1186 4134 1284 4206 ἀφ’
1314 4132 1493 4207 ὑμῶν.
1526 4135 1593 4189 Ai
1626 4135 1737 4210 γὰρ
1783 4139 1892 4209 χεῖ-

303 4241 394 4299 ρες
423 4223 580 4297 ὑμῶν
609 4224 841 4298 αἵματος
868 4225 1120 4300 πλήρεις.
1149 4245 1170 4280 ι
1197 4255 1269 4267 -
1302 4246 1323 4281 ι
1351 4227 1435 4283 Δι’
1463 4228 1609 4301 ὑμᾶς
1628 4228 1692 4284 τὸ
1712 4228 1891 4303 ὄνομά

302 4334 407 4390 μου
440 4315 851 4391 βλασφημεῖται
881 4320 939 4374 δν
970 4321 1084 4385 τοῖς
1118 4318 1351 4377 ἔθνεσιν.
1388 4339 1409 4374 ι
1454 4354 1523 4364 -
1564 4342 1583 4376 ι
1612 4325 1677 4379 Oi
1708 4324 1891 4381 ἄδικοι

297 4413 379 4478 ὡς
424 4409 674 4467 θάλασσα
717 4410 1203 4486 ἀναϐρασσομένη,
1229 4412 1401 4479 οὕτως
1431 4413 1891 4483 κλυδωνισθήσον-

295 4524 412 4574 ται,
445 4506 543 4562 καὶ
569 4506 988 4563 ἀναπαύσασθαι
1016 4507 1076 4563 οὐ
1101 4506 1177 4582 μὴ
1196 4508 1479 4566 δύνανται.
1512 4529 1532 4563 ι
1562 4540 1633 4551 --
1669 4531 1690 4566 ι
1746 4513 1889 4566 Ἀπ-

2001 582 2290 646 argentunt
2342 583 2398 632 et
2451 574 2831 633 vestimenta:
2879 584 2934 632 et
2981 572 3149 630 modo
3199 572 3444 647 accipies
3495 573 3596 632 tibi

1994 666 2218 736 hortos,
2246 675 2304 725 et
2333 668 2555 733 oliveta,
2586 675 2645 724 et
2676 666 2890 735 vineas,
2924 676 2979 723 et
3003 683 3161 734 ores,
3190 675 3248 723 et
3278 683 3472 725 servos
3491 706 3510 737 ,
3538 675 3597 724 et

1991 760 2259 816 ancillas.
2295 759 2363 816 Et
2404 761 2555 833 lepra
2589 760 2840 818 Naarnan
2879 758 3183 818 adhaerebit
3219 760 3358 829 tibi,
3393 768 3454 818 et
3500 778 3594 822 se-

2002 854 2136 911 mini
2170 864 2270 911 tuo
2296 854 2355 910 in
2388 862 2684 912 atternum.
2717 874 2741 909 ι

2071 942 2235 1001 Prov.
2267 961 2359 1001 xxi
2382 984 2399 1012 ,
2428 945 2521 1002 24.
2554 976 2628 987 -
2659 964 2681 999 ‹
2714 943 2821 1014 Qui
2870 959 3079 1018 parcus
3135 956 3223 1005 est
3280 945 3336 1003 in
3390 944 3595 1013 donis.

1998 1036 2138 1092 iram
2170 1030 2398 1094 multam
2429 1037 2655 1095 excitat.
2690 1057 2710 1092 ι
2738 1069 2812 1081 -
2835 1039 2962 1111 xui,
2997 1038 3052 1093 4.
3082 1058 3102 1092 ι
3132 1037 3347 1095 Divitis:
3379 1038 3597 1096 addunt

1998 1127 2211 1185 amicos
2262 1128 2485 1186 multos.
2520 1148 2541 1182 ι
2573 1146 2779 1187 -οιιιιι
2802 1171 2816 1198 ,
2849 1130 2903 1185 7.
2948 1150 2973 1183 ιη
2998 1130 3205 1187 Divites
3255 1131 3594 1202 pauperibus

1995 1220 2369 1293 imperabunt.
2402 1240 2422 1274 ι
2459 1252 2526 1263 --
2548 1238 2720 1279 xxvm
2748 1264 2764 1291 ,
2802 1222 2889 1277 11.
2923 1242 2941 1275 ι
2977 1220 3210 1293 Sapiens
3238 1224 3344 1280 sibi
3376 1224 3595 1281 videtur

1995 1312 2084 1368 vir
2110 1313 2289 1372 dives.
2321 1333 2341 1370 ι
2364 1345 2436 1357 --
2458 1330 2555 1371 xm
2579 1355 2594 1381 ,
2629 1315 2717 1371 11.
2751 1334 2770 1368 ι
2802 1315 3131 1373 Snbstantia
3163 1315 3423 1374 festinata
3456 1334 3591 1375 om
3647 1388 3653 1395 _

1998 1407 2293 1479 iniquitate
2340 1410 2628 1466 minuitur.
2668 1427 2689 1463 ι
2728 1440 2806 1452 --
2843 1426 2913 1481 ι,
2954 1410 3015 1468 2.
3065 1431 3087 1465 ι
3124 1411 3245 1468 Non
3288 1414 3599 1485 proderunt

1994 1500 2247 1558 thesauri
2296 1502 2527 1575 iniquis.
2563 1521 2581 1555 ι
2624 1532 2698 1545 -
2736 1519 2949 1573 xxvui,
2980 1507 3077 1562 27.
3140 1526 3159 1558 ‹
3192 1506 3297 1574 Qui
3328 1509 3599 1565 averteris

1994 1593 2197 1652 faciem
2228 1610 2385 1653 suam
2419 1612 2449 1651 a
2481 1613 2761 1669 paupere,
2790 1597 2848 1653 in
2880 1600 3116 1670 penuria
3150 1616 3346 1674 magna
3397 1602 3530 1659 erit.
3563 1621 3593 1655 δ

1994 1720 2068 1735 --
2094 1709 2147 1748 xi
2171 1733 2186 1758 .
2210 1692 2304 1750 17.
2336 1712 2356 1745 ι
2391 1693 2633 1749 Exilium
2682 1692 2843 1750 affert
2882 1698 3109 1767 corpori
3151 1712 3253 1753 suo
3279 1697 3376 1769 qui
3408 1698 3594 1754 immi—

2002 1785 2243 1843 sericors
2270 1795 2377 1841 est.
2407 1803 2427 1838 ι
2453 1814 2524 1826 -
2551 1801 2629 1840 xu
2653 1827 2669 1851 ,
2700 1785 2790 1842 10.
2822 1804 2843 1839 ι
2871 1784 3101 1844 Viscera
3131 1787 3429 1861 impiorum
3460 1804 3588 1846 cru-

1930 1852 1975 1910 Β
2002 1879 2171 1937 delia.
2206 1898 2226 1933 ι

2066 1969 2242 2028 Eccle.
2275 1986 2330 2037 ν,
2363 1970 2418 2028 9.
2442 2001 2512 2012 —-
2540 1988 2560 2025 ι
2587 1971 2806 2031 Avarus
2832 1986 2945 2030 non
2973 1972 3237 2046 impletur
3270 1974 3529 2045 pecunia.
3561 1994 3585 2029 ι

1996 2177 2066 2191 -—
2089 2164 2123 2203 κ
2146 2188 2162 2215 ,
2190 2147 2280 2205 19.
2310 2168 2332 2202 ι
2361 2149 2616 2207 Pecunia:
2644 2149 2908 2207 obedient
2947 2153 3158 2211 omnia.
3193 2171 3212 2206 ι
3248 2184 3316 2197 --
3339 2169 3389 2211 VI
3410 2196 3427 2222 ,
3454 2152 3587 2222 1,2.

2002 2259 2024 2295 ι
2060 2240 2156 2297 Est
2186 2241 2393 2299 malum
2425 2242 2577 2315 quod
2610 2243 2723 2299 vidi
2755 2243 2863 2301 sub
2894 2246 3011 2303 sole
3044 2263 3061 2300 :
3099 2245 3186 2302 vir
3228 2248 3324 2302 eui
3376 2246 3592 2304 dederit

1998 2333 2144 2391 Deus
2173 2333 2399 2392 divitias
2418 2379 2435 2403 ,
2468 2344 2523 2394 et
2551 2336 2918 2397 substantiam
2940 2380 2954 2405 ,
2984 2348 3038 2395 et
3064 2339 3297 2413 gloriam
3319 2383 3333 2408 ,
3368 2352 3423 2397 et
3449 2341 3591 2397 nihil

1996 2426 2157 2485 deest
2195 2427 2394 2485 animae
2444 2429 2569 2501 ejus
2606 2445 2674 2487 ex
2710 2431 2974 2489 omnibus
3009 2448 3136 2506 qua
3173 2432 3499 2494 desiderat:
3533 2443 3591 2493 et

1995 2521 2086 2579 vir
2116 2520 2337 2580 alienus
2364 2522 2605 2583 comedit
2633 2539 2787 2582 eum.
2816 2544 2841 2580 ι
3554 2524 3557 2527 ’

2069 2702 2202 2763 Osee
2225 2720 2307 2763 τιι
2328 2746 2344 2773 ,
2376 2707 2429 2763 7.
2453 2737 2530 2752 --
2553 2725 2580 2762 ε
2618 2706 2883 2766 Chanaan
2901 2748 2919 2776 ,
2952 2708 3008 2766 in
3032 2724 3200 2767 manu
3223 2710 3352 2784 ejus
3378 2718 3587 2772 statera
3630 2730 3631 2733 ‘

1994 2798 2311 2873 iniquitatis
2339 2819 2355 2859 :
2388 2802 2708 2876 apprimere
2735 2803 2953 2861 dilexit.
2989 2822 3010 2857 ι

2068 2893 2276 2953 Habac.
2304 2911 2383 2965 ιι,
2409 2896 2442 2953 6
2464 2935 2480 2963 ,
2510 2896 2564 2953 7.
2582 2927 2657 2942 --
2678 2915 2699 2950 ι
2729 2895 2823 2954 ναι
2846 2896 2944 2971 qui
2971 2886 3308 2971 multiplicat
3328 2916 3453 2973 quae
3475 2916 3594 2958 non

1995 3002 2096 3045 sua
2128 2997 2282 3055 sunt,
2306 2997 2364 3046 et
2387 2998 2655 3062 aggravet
2681 2997 2932 3063 torquem
2962 3006 3126 3048 suum
3152 2992 3425 3065 graviter:
3453 2993 3589 3067 quia

1996 3081 2186 3139 subito
2234 3091 2577 3157 consurgent
2614 3083 2935 3142 mordentes
2965 3100 3093 3141 eum
3115 3126 3131 3153 ,
3167 3094 3223 3143 et
3251 3087 3585 3161 vigilabunt.

1996 3173 2101 3242 Qui
2135 3176 2464 3248 multiplicat
2511 3176 2802 3234 avaritiam
2850 3178 3056 3233 malam
3101 3180 3290 3239 domui
3334 3190 3588 3253 suae,nt

1992 3278 2166 3345 ponat
2194 3268 2391 3326 nidum
2421 3286 2618 3337 suum,
2640 3289 2657 3323 ι
2689 3280 2802 3328 etc.

2064 3360 2183 3421 Ira.
2230 3378 2288 3431 τ,
2342 3362 2533 3421 8.-ι
2582 3364 2673 3421 Vae
2720 3363 2815 3436 qui
2841 3362 3201 3437 Tconjungitis
3244 3366 3467 3423 domum
3513 3366 3583 3425 ad

1997 3454 2223 3513 domum
2246 3496 2264 3523 ,
2302 3465 2358 3514 et
2392 3472 2586 3531 agrum
2636 3458 2706 3514 ad
2743 3474 2935 3533 agrum
2964 3458 3342 3531 copulatis,ut
3374 3461 3586 3533 aliquid

1991 3551 2247 3623 proximo
2280 3550 2573 3610 auferetis.
2603 3570 2624 3606 ι

2062 3663 2181 3722 Isa.
2210 3682 2298 3731 ut,
2330 3666 2421 3735 H,
2452 3667 2542 3724 15.
2564 3698 2638 3709 -
2668 3685 2687 3720 ι
2712 3664 2924 3740 Rapina
2974 3669 3235 3741 pauperis
3262 3677 3348 3729 est
3389 3670 3446 3729 in
3474 3668 3580 3729 do-

2002 3760 2188 3818 mibus
2216 3761 2431 3818 vestris.
2462 3760 2604 3830 Quid
2630 3776 2731 3819 vos
2759 3761 2961 3834 injuria
2985 3760 3201 3822 efﬁcitis
3223 3765 3505 3837 populum,
3525 3774 3583 3824 et

1992 3853 2191 3912 faciem
2218 3871 2521 3929 pauperum
2551 3854 2933 3915 confunditis?
2967 3856 3104 3915 dicit
3124 3856 3418 3920 Dominus.
3465 3878 3487 3915 ι
3507 3888 3585 3903 --

1990 3962 2177 4015 mm,
2209 3948 2264 4006 6.
2301 3967 2321 4002 ι
2352 3948 2470 4022 Ego
2494 3949 2623 4007 dedi
2652 3965 2747 4009 eos
2777 3951 2837 4007 in
2863 3965 3090 4008 manum
3120 3960 3274 4009 tuam
3308 3972 3322 4010 :
3355 3961 3414 4010 tu
3447 3950 3578 4012 vero

1993 4056 2108 4098 non
2161 4041 2364 4098 dedisti
2412 4042 2498 4101 eis
2542 4043 3011 4121 misericordiam.
3049 4064 3069 4099 ι
3091 4029 3242 4113 -ιζ
3275 4046 3362 4102 15.
3392 4064 3413 4099 ι
3439 4046 3579 4104 Cum

1991 4135 2359 4193 extenderitis
2386 4151 2588 4194 manus
2609 4143 2847 4202 vestras.
2878 4148 3125 4194 avertam
3151 4138 3347 4195 oculos
3371 4154 3520 4197 meos
3546 4156 3579 4197 a

1990 4228 2173 4285 vobis.
2204 4227 2349 4285 Nam
2384 4244 2583 4288 manus
2615 4217 2813 4287 vestrm
2846 4231 3117 4302 sanguine
3149 4230 3327 4303 plenre
3356 4240 3511 4289 sunt.
3554 4250 3577 4287 ι

1989 4351 2060 4365 -
2087 4337 2162 4380 ιιι
2182 4362 2198 4389 ,
2229 4323 2288 4379 5.
2325 4341 2344 4375 ι
2379 4322 2615 4397 Propter
2647 4339 2745 4381 vos
2775 4338 2977 4381 nomen
3010 4339 3193 4381 meum
3228 4324 3581 4397 blasphema-

1990 4421 2085 4471 tur
2118 4417 2175 4472 in
2210 4416 2488 4490 gentibus.
2522 4436 2544 4470 ι
2570 4447 2641 4459 -
2664 4431 2806 4483 Lvu,
2845 4415 2941 4472 20.
2969 4434 2990 4470 ι
3028 4416 3188 4489 impii
3228 4418 3389 4490 quasi
3428 4434 3580 4477 mare

1989 4510 2246 4575 fervens,
2279 4511 2361 4567 sic
2390 4510 2781 4581 ﬂuctuabunt,
2811 4518 2867 4569 et
2892 4511 3251 4583 requiescere
3282 4527 3390 4568 non
3422 4518 3580 4584 pote-

299 4601 426 4673 έχου
468 4600 579 4656 ἀπὸ
615 4601 827 4670 ἀδίκου,
863 4602 960 4657 καὶ
1005 4602 1068 4657 οὐ
1101 4601 1179 4677 μη
1220 4604 1535 4680 φοϐηθήσῃ,
1571 4606 1670 4663 καὶ
1687 4606 1888 4680 τρόμος

2006 4613 2186 4659 runt.)
2210 4602 2377 4681 5.83
2399 4635 2472 4647 —-
2493 4618 2606 4673 LIV,
2631 4604 2725 4662 14.
2757 4622 2777 4659 ι
2800 4602 3019 4662 Recede
3048 4604 3118 4661 ab
3143 4604 3355 4677 iniquo.
3382 4612 3437 4663 et
3464 4620 3577 4662 non

297 4697 403 4751 οὐκ
439 4697 622 4769 ὲγγιεϊ
648 4714 754 4754 σοι.
792 4716 812 4751 r

378 4829 397 4865 ι
437 4810 609 4867 Τοῦτο
630 4811 690 4866 τὺ
724 4812 987 4885 ἀνόμημα
1018 4813 1287 4887 Σοδόμων,
1304 4814 1387 4869 ὅτι
1424 4817 1483 4871 ὲν
1504 4816 1883 4891 ὑπερηφανίᾳ,

300 4906 399 4962 καὶ
432 4906 718 4981 πλησμονῇ
736 4908 941 4982 ἄρτων,
962 4908 1056 4964 καὶ
1079 4910 1135 4964 ἐν
1165 4908 1395 4984 εὑθηνίᾳ
1410 4910 1557 4968 οῐνου
1584 4912 1885 4977 ὲσπατάλα,

299 4998 441 5071 αὕτη
470 5000 562 5055 καὶ
585 5000 880 5073 θυγατέρες
903 5001 1094 5073 αὐτῆς,
1124 5001 1219 5056 καὶ
1240 5004 1399 5076 χεῖρα
1424 5002 1641 5074 πτωχοῦ
1663 5006 1759 5061 καὶ
1788 5006 1889 5059 πέ-

299 5107 463 5163 νητος
518 5091 621 5147 οὐκ
671 5091 1034 5147 ἀντιλάϐοντο
1055 5132 1073 5161 ,
1128 5094 1226 5148 καὶ
1280 5093 1696 5169 ὲμεγαλαύχουν
1718 5134 1736 5164 ,
1790 5096 1890 5152 καὶ

299 5184 567 5259 ἐποίησαν
586 5186 848 5259 ἁνόμημα
870 5184 1101 5243 ἐνώπιόν
1126 5204 1262 5261 μου.
1294 5205 1314 5241 ι

379 5408 401 5445 ι
435 5389 580 5456 Aab:
612 5389 961 5457 ἑκπιέζοντες
988 5389 1228 5457 ἀδικίαν,
1276 5390 1372 5449 καὶ
1414 5388 1752 5462 ἁρπάζοντες
1784 5389 1884 5463 ἆρ-

302 5501 522 5558 παγμα,
544 5484 773 5558 πτωχὸν
800 5486 896 5541 καὶ
924 5484 1133 5559 πένητα
1156 5484 1726 5546 καταδυναστεύοντες
1744 5525 1759 5548 ,
1792 5482 1885 5538 καὶ

301 5581 439 5656 πρὸς
466 5582 558 5637 τὸν
585 5580 925 5656 προσήλυτον
952 5581 1052 5637 οὑκ
1083 5578 1553 5653 ἀναστρεφόμενοι
1590 5577 1730 5650 μετά
1762 5576 1884 5650 κρί-

301 5691 498 5747 ματος.
536 5691 558 5729 ι

376 5808 397 5846 ι
436 5789 511 5846 Ἦ
538 5789 725 5865 μήτηρ
740 5807 832 5845 σου
850 5788 1091 5864 σκύμνος
1112 5788 1367 5859 λεόντων,
1396 5787 1630 5862 ἐγενήθη
1655 5789 1717 5843 ἐν
1732 5788 1885 5860 μέσῳ

298 5884 563 5945 λεόντων*
601 5886 873 5963 ἐπλήθυνε
906 5884 1180 5959 σκύμνους
1213 5883 1520 5973 αὑτῆς,λκαὶ
1542 5884 1885 5959 ἀνεπήδησεν

1992 4696 2211 4754 timebis
2232 4739 2248 4765 ,
2279 4704 2336 4755 et
2362 4704 2574 4755 tremor
2604 4713 2715 4755 non
2751 4697 3219 4772 appropinquabit
3250 4697 3372 4756 tibi.
3407 4718 3428 4753 ι

2061 4809 2255 4867 Ezech.
2294 4826 2405 4879 xvr,
2435 4811 2526 4880 49,
2567 4811 2657 4868 50.
2686 4841 2760 4853 —
2801 4831 2821 4866 ι
2860 4810 2988 4870 Haec
3020 4811 3127 4869 fuit
3167 4811 3439 4885 iniquitas
3480 4812 3581 4869 So-

1990 4902 2167 4963 doma:
2196 4905 2407 4962 sororis
2434 4912 2543 4960 tuae
2573 4922 2587 4959 :
2624 4905 2755 4981 quia
2788 4904 2845 4960 in
2876 4906 3157 4983 superbia,
3199 4913 3253 4963 et
3279 4908 3575 4966 saturitate

1989 5011 2215 5071 panum,
2243 5008 2298 5054 et
2333 4998 2390 5055 in
2421 4997 2780 5067 abundantia,
2810 4997 3023 5055 deliciis
3070 4999 3327 5056 aliiuebat
3372 5002 3484 5071 ipsa
3518 5010 3575 5057 ct

1991 5092 2116 5150 filia:
2144 5093 2289 5167 ejus,
2325 5100 2381 5150 et
2410 5108 2631 5153 manum
2676 5095 2939 5166 pauperis
2967 5101 3022 5149 et
3058 5093 3216 5166 egeni
3250 5108 3363 5150 non
3391 5096 3572 5151 suat-i-

1988 5187 2232 5262 piebant,
2262 5196 2318 5243 et
2341 5186 2724 5259 gloriabantur
2744 5186 3063 5260 magniﬁce;
3092 5195 3147 5244 et
3175 5186 3431 5243 fecerunt
3462 5188 3575 5243 iui-

1987 5280 2226 5353 quitates
2254 5294 2438 5338 coram
2471 5295 2577 5337 me.
2620 5298 2642 5334 ι

2056 5394 2253 5451 Ezech.
2284 5410 2421 5462 nu,
2454 5394 2546 5450 2'7.
2591 5424 2660 5436 —
2704 5411 2725 5447 ι
2762 5393 3007 5467 Populus
3050 5392 3425 5466 exprimentes
3462 5391 3601 5449 ini-r

1988 5487 2277 5558 quitatem,
2312 5497 2368 5549 et
2397 5488 2674 5561 rapientes
2706 5487 2933 5561 rapinas
2963 5501 2980 5545 :
3016 5502 3313 5559 pauperem
3349 5494 3405 5544 et
3441 5502 3571 5560 egeo

1985 5594 2119 5634 num
2149 5572 2472 5652 amigentes,
2506 5586 2560 5635 et
2598 5593 2723 5634 cum
2775 5579 2986 5637 advena
3030 5593 3139 5633 non
3176 5584 3401 5650 agentes
3439 5592 3570 5635 cum

1982 5670 2213 5744 judicio.
2244 5691 2264 5725 ι

2057 5786 2253 5845 Ezech.
2306 5806 2421 5859 xix,
2468 5789 2525 5851 2.
2549 5822 2624 5833 -
2659 5811 2680 5846 ι
2712 5789 2885 5849 Mater
2914 5799 3007 5848 tua
3046 5790 3268 5853 catulus
3320 5791 3562 5860 leonum,

1987 5881 2129 5943 facta
2170 5891 2253 5941 est
2291 5884 2347 5941 in
2382 5885 2566 5947 medio
2617 5888 2838 5947 leonum
2869 5906 2882 5944 :
2920 5886 3302 5960 multiplicavit
3353 5887 3567 5944 catulus
