4020 6262
478 343 494 407 l
509 340 615 405 479

1671 334 1735 399 S.
1770 332 2094 398 IOANNIS
2132 328 2564 394 DAMASCENI

3619 329 3736 397 1480

474 470 625 512 suos.
653 454 719 508 Et
751 450 996 509 exsilivit
1032 465 1177 508 unus
1206 450 1275 508 de
1306 434 1514 509 catulis
1542 464 1664 520 ejus
1698 471 1713 507 :
1748 458 1834 509 leo
1886 448 2067 506 factus

2175 447 2252 511 είς
2280 447 2372 501 τὸν
2397 447 2644 516 σκύμνον
2663 445 2856 518 αὐτῆς,
2882 444 3020 501 λέων
3046 445 3270 517 ἐγένετο
3290 462 3304 475 ·
3339 443 3542 517 ἔμαθεν
3568 444 3626 499 τὸ
3655 447 3739 517 ἀρα

474 553 584 614 est,
621 551 677 601 et
713 543 909 600 didicit
940 556 1137 613 rapere
1164 540 1408 612 rapinas.
1444 558 1468 593 ι

548 638 744 696 Ezech.
780 653 919 703 nu,
943 636 1037 693 24.
1070 665 1143 677 --
1175 655 1196 689 ι
1235 633 1361 691 Haec
1392 633 1526 691 dicit
1555 632 1859 691 Domtnus':
1895 631 1978 689 Tu
2008 645 2070 689 es

476 743 625 790 terra
657 747 779 802 qua:
809 746 920 786 non
944 728 1171 800 irrigata
1196 743 1277 793 es,
1302 741 1404 782 nec
1431 725 1617 798 pluvia
1646 726 1793 781 venit
1820 740 1987 795 super
2014 731 2070 781 te

477 826 535 881 in
575 822 665 880 die
694 821 918 879 furoris.
950 819 1218 876 Ductores
1248 820 1305 874 in
1341 819 1526 875 medio
1548 817 1671 887 ejus
1701 818 1854 873 velut
1881 817 2071 872 leones

476 918 784 992 rugientes,
819 914 1146 986 diripientes
1178 911 1420 985 praedas,
1471 912 1692 969 animas
1737 909 2069 967 devorantes

479 1012 535 1069 in
568 1009 836 1082 potentia.
883 1026 905 1061 ι

552 1104 724 1160 Enati.
779 1118 894 1171 xxv,
931 1102 988 1159 9.
1032 1132 1108 1146 -—-
1148 1121 1167 1154 ι
1206 1100 1372 1156 Avari
1414 1100 1608 1156 oculus
1649 1113 1759 1154 non
1809 1096 2070 1168 impletur

478 1208 658 1269 parte.
693 1215 711 1249 ι
751 1225 821 1237 --
844 1210 1014 1261 xxxv,
1054 1193 1144 1249 16.
1204 1212 1223 1245 ι
1263 1192 1522 1249 Conterct
1554 1189 1818 1246 Dominus
1851 1189 2071 1245 lumbos

479 1288 1026 1349 immisericordium.
1070 1304 1091 1340 ι
1136 1316 1206 1328 —-
1241 1302 1295 1351 ν,
1353 1287 1408 1344 1.
1468 1303 1487 1337 ι
1536 1282 1656 1339 Noli
1704 1282 1948 1357 gaudere
1994 1280 2070 1337 ob

482 1383 745 1457 pecunias
775 1381 1020 1454 iniquas.
1065 1378 1184 1435 Non
1224 1378 1371 1435 enim
1409 1376 1714 1449 proderunt
1755 1374 1857 1430 tibi
1895 1374 1952 1429 in
1981 1372 2071 1430 die

480 1474 840 1532 inductionis.
877 1486 899 1527 ι
932 1502 1004 1517 —-
1030 1488 1145 1538 xvi,
1176 1471 1265 1527 15.
1305 1491 1323 1524 ι
1358 1468 1481 1526 Non
1516 1469 1745 1541 effugiet
1790 1470 1846 1524 in
1879 1468 2069 1541 rapina

481 1576 760 1641 peccator.
796 1584 816 1619 ι
844 1596 909 1609 --
947 1581 1062 1629 χιιι,
1104 1564 1160 1621 9.
1198 1583 1217 1617 ι
1258 1562 1363 1631 Qui
1391 1561 1628 1617 mditicat
1652 1562 1878 1617 domum
1912 1574 2069 1617 suam

482 1664 536 1717 in
574 1659 828 1735 pecuniis
856 1658 1053 1714 alienis
1084 1656 1241 1729 quasi
1273 1655 1367 1728 qui
1426 1652 1640 1725 colligit
1692 1653 1902 1724 lapides
1936 1667 2069 1709 suos

479 1758 537 1812 in
569 1762 835 1812 torrente.
872 1772 891 1806 ι
920 1779 995 1793 --
1018 1766 1193 1816 xxvn,
1228 1750 1316 1806 10.
1346 1767 1364 1800 ι
1397 1747 1507 1803 Leo
1536 1747 1811 1803 venationi
1844 1746 2072 1803 insidia-

2166 539 2280 605 πάξ
2284 558 2367 595 ειν
2402 540 2701 612 ἅρπαγμα.
2731 558 2753 593 ι

2240 653 2260 687 ι
2294 633 2434 689 Τάδε
2466 633 2615 705 λέγει
2649 634 2857 706 Κύριος
2879 649 2895 663 ·
2928 632 3000 687 Σὺ
3034 627 3085 687 εἴ
3116 633 3151 705 ἠ
3190 630 3263 705 γῆ
3287 631 3321 704 ή
3344 630 3404 685 οὐ
3435 630 3742 703 βρεχομένη,

2165 731 2289 786 οὐδὲ
2321 729 2474 794 ὑετὸς
2497 730 2715 800 ἐγένετο
2763 727 2858 785 ἐπὶ
2888 727 2950 783 σι
2981 729 3039 783 ἐν
3073 728 3259 802 ἡμέρα
3292 726 3488 800 ὀργῆς,
3528 706 3593 781 0t
3618 725 3745 796 ἀφη-

2166 822 2428 893 γούμενοι
2459 825 2518 877 ἐν
2550 822 2701 894 μέσῳ
2726 820 2903 893 αὐτῆς
2920 818 2996 886 ὡς
3022 820 3241 885 λέοντες
3275 819 3582 892 ὠρυόμενοι
3604 859 3621 887 ,
3662 820 3749 891 ἀρ-

2169 917 2436 983 τιάζοντες
2463 918 2823 989 ἁρπάγματα,
2861 914 3043 989 ψυχάς
3085 913 3471 980 κατεσθίοντες
3507 915 3566 969 ἐν
3605 913 3747 968 δυνα-

2172 1010 2348 1065 στεία.
2390 1030 2409 1062 ι

2246 1121 2265 1155 ι
2307 1102 2642 1157 Πλεονέκτου
2667 1099 2949 1173 ὀφθαλμὸς
2982 1101 3083 1157 οὐκ
3114 1100 3465 1173 ἐμπίπλαται
3501 1098 3693 1172 μερίδι.
3726 1118 3745 1153 ι

2168 1227 2240 1239 -—
2274 1215 2292 1249 ι
2331 1196 2620 1269 Συντρέψει
2643 1196 2850 1268 Κύριος
2872 1195 3046 1265 ὀσφὺν
3064 1195 3469 1266 άνελεημόνων.
3494 1212 3517 1246 ι
3542 1224 3610 1234 -
3635 1195 3752 1266 «Μὴ

2171 1288 2425 1361 ὲπίχαιρε
2456 1291 2549 1343 ἐπὶ
2580 1289 2860 1360 χρήμασιν
2913 1289 3145 1354 ἀδίκοις.
3188 1288 3358 1343 Οὐδὲν
3406 1287 3521 1359 γάρ
3556 1288 3753 1361 ὠφελή-

2173 1400 2357 1438 σουσιν
2380 1384 2437 1437 ἐν
2472 1384 2660 1455 ἡμέρᾳ
2691 1381 3014 1454 ἐπαγωγῆς.
3055 1401 3074 1435 ι
3095 1414 3155 1424 --
3174 1401 3191 1434 ι
3212 1382 3324 1438 Οὔκ
3355 1379 3677 1452 ἐκφεύξεται
3704 1383 3753 1434 ἐν

2168 1474 2499 1548 άρπάγματι
2552 1475 2901 1547 ἁμαρτωλός.
2945 1494 2965 1528 ι
3009 1506 3080 1516 --
3113 1491 3133 1525 ι
3200 1474 3263 1528 '0
3314 1474 3619 1545 οἰκοδομῶν
3665 1473 3755 1545 τὴν

2170 1568 2352 1622 οἰκίαν
2385 1564 2550 1620 αὑτοῦ
2586 1566 2645 1619 ὲν
2682 1567 2967 1639 χρήμασιν
2993 1566 3303 1639 ἀλλοτρίου,
3346 1566 3424 1632 ὼς
3462 1567 3493 1621 ό
3524 1567 3756 1635 συνάγων

2170 1659 2298 1723 τοὺς
2328 1657 2511 1722 λίθους
2533 1658 2698 1713 αὐτοῦ
2742 1659 2825 1724 εἰς
2864 1660 2960 1713 τὸν
3005 1659 3372 1732 χειμάρρουν.
3411 1679 3429 1712 ι
3458 1690 3533 1702 -—
3560 1679 3579 1715 ι
3617 1661 3759 1718 Λέων

2172 1753 2346 1823 θήραν
2380 1751 2675 1823 ἐνεδρεύει,
2701 1751 2874 1816 οὕτως
2899 1752 3151 1823 ἁμαρτία
3193 1753 3324 1815 τοὺς
3363 1752 3757 1826 ἐργαζομένους

480 1857 592 1913 tur,
636 1846 721 1902 sic
778 1852 1067 1916 peccatum
1124 1839 1486 1913 operantibus
1552 1838 1899 1909 iniquitates.
1938 1858 1958 1893 ι
2004 1869 2067 1880 -

2178 1844 2360 1898 ἄδικα.
2398 1861 2416 1895 ι
2440 1871 2510 1885 -ν
2547 1864 2564 1895 ι
2595 1840 2882 1908 Θυσιάζων
2906 1844 2964 1905 ἐξ
2991 1842 3218 1908 ἀδίκων,
3251 1842 3416 1898 θυσία
3453 1844 3757 1915 μεμιασμέ-

480 1955 671 2006 xxxrv,
697 1938 789 1994 20.
821 1955 838 1988 ι
876 1935 1172 1992 lmmolans
1202 1950 1271 1989 ex
1320 1932 1635 2002 iniquitate,
1669 1929 1847 1986 hostia
1880 1945 2067 1983 maeu-

2174 1953 2261 2005 νη.
2300 1954 2317 1987 ι
2349 1964 2418 1975 —-
2454 1954 2471 1988 ι
2520 1936 2799 2007 Χρήματα
2830 1934 3053 1999 ἀδίκων,
3108 1934 3187 2000 ὡς
3224 1936 3469 2008 ποταμοὶ
3493 1936 3757 2011 mmet-

482 2034 616 2088 lata.
653 2048 673 2084 ›
707 2059 778 2072 --
804 2044 896 2095 xL,
935 2027 1022 2084 l5.
1069 2046 1087 2079 ι
1126 2025 1380 2082 Pecuniae
1412 2024 1747 2095 injustorum
1783 2021 1926 2078 sicut
1956 2030 2067 2076 tor-

2175 2046 2350 2094 σεται,
2380 2030 2475 2085 καὶ
2504 2031 2580 2093 ὡς
2621 2028 2820 2100 βροντὴ
2853 2029 3063 2101 μεγάλη
3096 2028 3155 2084 ἐν
3189 2030 3332 2102 ὐετῷ
3357 2030 3643 2103 ἐξηχήσει.
3672 2050 3738 2084 ι·-

482 2132 666 2182 rentes
702 2122 1084 2187 siccabuntur,
1104 2127 1161 2176 et
1189 2118 1336 2175 sicut
1375 2119 1677 2174 tonitruum
1720 2131 1977 2187 magnum
2008 2114 2065 2170 in

2178 2141 2197 2175 ι
2222 2121 2377 2176 Θύων
2398 2121 2516 2176 υἱὸν
2541 2121 2722 2177 ἔναντι
2751 2121 2961 2194 πατρὸς
2978 2121 3171 2189 αὐτοῦ,
3200 2125 3227 2177 ό
3250 2122 3553 2195 προσάγων
3580 2123 3756 2177 Θυσίαν

482 2216 665 2289 pluvia
697 2217 1091 2288 personabunt.
1134 2232 1156 2268 ι
1192 2242 1267 2255 --
1294 2227 1482 2277 xxxw,
1524 2210 1616 2266 29..
1653 2229 1673 2263 ι
1709 2209 1816 2278 Qui
1858 2218 2066 2265 mactat

2174 2214 2235 2270 ἐκ
2270 2216 2572 2288 χρημάτων
2608 2215 2887 2287 πενήτων.
2924 2233 2944 2268 ι
2972 2246 3042 2258 -
3066 2234 3087 2269 ι
3120 2216 3234 2271 Οὐκ
3273 2217 3433 2271 ἔσται
3484 2216 3665 2286 ἀγαθὰ
3689 2216 3760 2288 τῷ

482 2305 651 2365 ﬁlium
678 2309 731 2365 in
758 2317 1056 2379 conspectu
1089 2306 1262 2379 patris
1285 2306 1392 2371 sui,
1417 2304 1511 2375 qui
1542 2302 1701 2361 oﬂ'ert
1728 2302 2062 2361 sacriﬁcium

2174 2307 2557 2379 ὲνδελεχίζοντι
2591 2306 2669 2374 εἰς
2704 2306 2873 2379 κακὰ,
2908 2307 3111 2380 καὶίτῷ
3144 2309 3530 2383 ἐλεημοσύνην
3564 2310 3639 2383 μὴ
3667 2326 3761 2381 χα-

482 2421 550 2461 ex
589 2405 838 2477 pecuniis
893 2417 1222 2475 pauperum.
1254 2418 1277 2453 ι
1314 2429 1385 2442 --
1423 2414 1523 2463 ιιι,
1558 2396 1615 2453 3.
1655 2415 1675 2449 ι
1714 2394 1834 2452 Non
1870 2396 1977 2451 erit
2011 2394 2064 2451 ei

2174 2399 2465 2473 ριζομένῳ.
2506 2418 2525 2452 ι
2564 2432 2635 2445 --
2663 2420 2682 2454 ι
2724 2402 2926 2474 Ἀρτος
2950 2401 3326 2474 ἐπιδεομένων
3360 2403 3481 2475 ζωὴ
3512 2401 3760 2474 πτωχῶνι

482 2501 641 2569 bene,
669 2499 761 2572 qui
784 2497 1045 2555 assiduus
1077 2502 1163 2552 est
1196 2494 1251 2550 in
1281 2492 1463 2558 malis,
1495 2505 1597 2547 nec
1620 2489 1672 2548 ei
1701 2489 1796 2562 qui
1828 2489 2063 2546 eleemo-

2174 2492 2538 2566 δάποστερῶν
2563 2494 2757 2567 αὐτὴν,
2792 2494 3083 2567 ἄνθρωπος
3114 2496 3395 2568 αἱμάτων.
3443 2512 3467 2549 ι
3500 2525 3575 2539 ο-
3609 2496 3764 2566 ’Δγα-

482 2608 678 2666 synam
707 2608 815 2650 non
838 2590 1094 2662 largitur.
1132 2608 1153 2643 ι
1185 2617 1258 2631 —-
1283 2602 1473 2653 xntv,
1511 2584 1603 2641 25.
1638 2604 1661 2638 ι
1696 2582 1864 2639 Panis
1896 2598 2064 2656 egen-

2174 2585 2256 2650 θὸς
2283 2585 2514 2652 πλοῦτος
2536 2582 2582 2659 ᾧ
2615 2588 2693 2662 μὴ
2721 2586 2871 2644 ἐστιν
2901 2588 3170 2664 ἁμαρτία.
3206 2608 3227 2644 ι

483 2689 623 2743 tium
662 2686 774 2742 vita
806 2698 1112 2757 pauperum
1145 2690 1233 2738 est
1262 2698 1279 2736 :
1308 2680 1401 2751 qui
1421 2675 1716 2735 defraudat
1737 2690 1882 2743 eam,
1915 2673 2081 2733 homo
2108 2679 2437 2751 sanguiuum
2468 2688 2574 2737 est.
2608 2697 2628 2734 ι
2654 2709 2725 2723 --
2756 2696 2853 2738 xm
2878 2722 2894 2753 ,
2935 2681 3029 2741 30.
3091 2701 3110 2736 ι
3153 2681 3318 2740 Bona:
3376 2682 3591 2741 divitia
3643 2691 3765 2741 sunt

482 2783 539 2838 in
566 2778 774 2851 quibus
802 2793 913 2832 non
944 2786 1032 2833 est
1068 2782 1381 2847 peccatum.
1412 2790 1434 2826 ι

554 2869 729 2926 Eccli.
760 2883 914 2936 xm,
947 2865 1061 2922 1-6.
1084 2893 1155 2907 -
1183 2883 1202 2917 ι
1238 2862 1432 2934 Vigilia
1460 2860 1781 2917 divitiarum
1808 2858 2067 2917 tabefecit

2242 2878 2262 2913 ι
2294 2859 2604 2933 ’Δγρυπνία
2635 2860 2870 2917 πλούτου
2900 2861 3128 2934 ἐκτήκει
3163 2863 3396 2937 σάρκας,
3424 2866 3524 2920 καὶ
3550 2867 3584 2939 ἡ
3612 2866 3757 2937 μέρι-

481 2976 706 3030 carnes,
743 2969 798 3017 et
849 2957 1125 3029 cogitatus
1177 2955 1327 3009 illius
1385 2951 1568 3008 aufert
1618 2966 1900 3008 somnum.
1958 2948 2067 3017 Qui

2174 2971 2283 3025 μνα
2303 2954 2468 3009 αὐτοῦ
2491 2956 2698 3027 άφιστᾷ
2728 2955 2923 3012 ὕπνον.
2967 2955 3025 3009 ’0
3048 2956 3278 3027 ἀγαπῶν
3306 2959 3557 3031 χρυσίον,
3593 2959 3656 3013 οὗ
3686 2961 3762 3014 δι-

484 3063 632 3111 amat
659 3067 878 3120 aurum,
911 3066 1021 3107 non
1058 3046 1474 3121 iustiﬁcabitur.
1510 3043 1670 3101 Multi
1692 3043 1806 3099 dati
1849 3051 1978 3101 sunt
2011 3043 2066 3097 in

2174 3051 2566 3123 καιωθησεται.
2598 3050 2789 3106 Πολλοὶ
2825 3050 3090 3123 ἐδόθησαν
3139 3053 3223 3117 εἰς
3274 3053 3481 3127 πτῶμα
3513 3056 3759 3129 χρυσίου,

485 3163 676 3206 casum
714 3145 857 3209 auri,
892 3153 945 3201 et
978 3144 1120 3198 facta
1158 3149 1243 3199 est
1283 3138 1519 3212 perditio
1559 3152 1752 3195 eorum
1782 3138 1840 3193 in
1870 3135 2065 3193 faciem

2175 3143 2269 3195 mi.
2307 3144 2543 3233 ἐγενήθη
2590 3146 2626 3214 ἡ
2656 3142 2908 3199 ἀπώλεια
2941 3142 3123 3199 αὐτῶν
3148 3144 3308 3215 ίκατὰ
3347 3147 3647 3220 πρόσωπον
3673 3148 3765 3202 αὖ·

486 3246 754 3315 ipsorum.
788 3239 1019 3310 Lignum
1059 3233 1387 3292 oﬂ‘eusionis
1426 3241 1513 3289 est
1560 3247 1758 3287 aurum
1806 3230 1918 3287 illis
1976 3230 2067 3303 qui

2174 3234 2305 3290 τῶν.
2335 3232 2506 3291 Ξύλον
2530 3236 2963 3309 προσκόμματός
2994 3238 3113 3292 ἐστι
3144 3240 3257 3302 τοῖς
3287 3238 3644 3307 θυσιάζουσιν
3668 3242 3763 3297 αὑ-

485 3337 802 3393 sacriﬁcant
831 3333 881 3391 ei
914 3350 932 3389 :
968 3338 1023 3389 et
1051 3329 1237 3387 omnis
1274 3325 1601 3400 imprudens
1630 3321 2067 3397 deprehendetur

2174 3327 2271 3402 τῷ,
2308 3329 2406 3383 καὶ
2435 3330 2545 3395 πᾶς
2575 3329 2764 3402 ἄφρων
2793 3328 3067 3387 ἁλώσεται
3094 3332 3152 3386 ἐν
3182 3330 3350 3403 αὐτῷ.
3384 3352 3404 3386 ι

486 3435 540 3489 in
578 3448 665 3487 eo.
707 3450 726 3484 ι

557 3520 728 3578 Εεοιί.
771 3538 891 3589 xm,
914 3519 1109 3578 25-26.
1136 3548 1210 3564 -—-
1261 3536 1282 3572 ι
1317 3515 1559 3573 Venator
1588 3512 1833 3581 leonum,
1880 3510 2076 3583 onagri

484 3615 541 3670 in
573 3614 814 3678 deserto,
849 3614 931 3667 sic
980 3618 1037 3666 et
1079 3621 1286 3681 pascua
1312 3605 1543 3661 divitum
1597 3609 1730 3660 sunt
1779 3612 2071 3672 pauperes.

485 3706 685 3763 Divitis
735 3703 984 3761 cadentis
1040 3702 1201 3757 multi
1236 3706 1365 3757 sunt
1410 3703 1872 3769 recuperatores:
1903 3692 2072 3748 locuti

483 3809 613 3856 sunt
642 3811 865 3862 arcana.
891 3793 1414 3865 etiustiﬁcaveruut
1445 3789 1624 3844 illum.
1655 3784 1818 3841 Dives
1850 3784 2072 3840 locutus

482 3902 589 3961 est,
615 3900 670 3950 et
706 3905 900 3947 omnes
928 3896 1242 3954 tacuerunt,
1265 3894 1318 3941 et
1344 3882 1575 3940 verbum
1610 3878 1760 3936 illius
1790 3891 1969 3949 usque
2002 3874 2072 3931 ad

484 3989 657 4045 nubes
687 3985 1025 4043 extulerunt.
1063 4000 1087 4035 ι

556 4081 727 4138 Eccli.
756 4093 952 4146 xxvm,
988 4077 1076 4131 11.
1106 4104 1176 4116 -
1235 4091 1255 4126 ι
1297 4068 1611 4129 Secundum
1670 4064 1930 4122 virtutem
1970 4062 2073 4119 lto-

485 4177 651 4235 minis
690 4172 973 4231 iracundia
1027 4170 1177 4228 illius
1207 4167 1334 4231 erit,
1378 4174 1435 4220 et
1466 4161 1773 4221 secundum
1809 4159 2070 4215 substan-

486 4271 616 4325 tiam
643 4278 796 4323 suam
828 4264 1091 4321 exaltabit
1120 4263 1260 4318 iram
1297 4273 1477 4315 suam.
1517 4274 1537 4309 ι

557 4362 727 4419 Eccli.
760 4377 914 4427 XXXI,
936 4360 1089 4415 8-10.
1117 4386 1189 4399 υ·-
1221 4375 1239 4409 ι
1269 4353 1472 4410 Beatus
1496 4349 1649 4406 dives
1682 4346 1771 4420 qui
1808 4346 2067 4403 inventus

2244 3533 2263 3567 ι
2296 3513 2554 3587 Κυνηγδς
2571 3513 2828 3584 λεόντων,
2860 3516 3088 3591 ὅναγροι
3116 3520 3175 3575 ἐν
3201 3520 3420 3595 ἐρήμῳ,
3453 3521 3635 3588 οὕτως
3680 3540 3764 3579 νου

2176 3607 2277 3677 μαὶ
2316 3607 2588 3663 πλουσίων
2619 3610 2669 3663 oi
2702 3609 2932 3681 πτωχοί.
2974 3612 3241 3667 Πλουσίου
3288 3613 3595 3685 σφαλέντος
3634 3618 3762 3671 πολ-

2173 3699 2259 3753 λοὶ
2284 3700 2684 3774 άντιλήπτορες
2703 3714 2719 3732 ⁸
2757 3700 3029 3774 ἐλάλησαν
3049 3706 3362 3779 ἀπόρρητα,
3387 3709 3484 3763 καὶ
3513 3706 3761 3763 ἐδικαίω-

2176 3807 2277 3846 σαν
2304 3791 2486 3847 αὐτόν.
2515 3792 2779 3859 Πλούσιος
2802 3793 3036 3867 ἐλάλησε
3056 3837 3073 3864 ,
3116 3798 3212 3851 καὶ
3237 3800 3437 3863 πάντες
3471 3800 3758 3873 ἐσίγησαν,

2172 3883 2381 3939 καὶτὸν
2409 3884 2567 3958 λόγον
2589 3887 2756 3941 αὑτοῦ
2790 3888 3087 3959 άνύψωσαν
3110 3890 3215 3955 ἕως
3253 3892 3363 3946 τῶν
3393 3895 3660 3965 νεφελῶν.
3701 3913 3720 3948 ι

2248 3996 2268 4031 ι
2306 3978 2464 4033 Κατὰ
2492 3978 2594 4053 τὴν
2636 3979 2791 4053 ίσχίιν
2812 3981 2908 4036 τοῦ
2939 3981 3254 4055 ἀνθρώπου,
3280 3984 3454 4051 οὕτως
3483 3990 3581 4043 καὶ
3612 3991 3641 4043 ό
3668 3989 3751 4043 θυ-

2171 4070 2274 4175 tuo;
2301 4070 2492 4175 αὑτοῦ,
2543 4073 2641 4128 καὶ
2674 4072 2819 4130 κατὰ
2853 4073 2947 4129 τὸν
2980 4072 3210 4131 πλοῦτον
3255 4074 3536 4148 ἀνυψώσει
3592 4079 3757 4152 ὀργὴν

2169 4180 2358 4221 αυτου.
2397 4182 2417 4217 ι

2245 4367 2265 4400 ι
2297 4348 2590 4421 Μακάριος
2622 4350 2901 4418 πλούσιος,
2926 4351 2989 4417 δς
3035 4351 3241 4426 εὖρόθη
3281 4353 3541 4426 ἄμωμος,
3575 4355 3669 4410 καὶ
3700 4354 3753 4419 ὃς

485 4468 570 4517 est
604 4458 727 4514 sine
755 4454 991 4520 macula,
1024 4461 1079 4509 et
1099 4451 1192 4523 qui
1221 4457 1347 4521 post
1386 4459 1583 4502 aurum
1612 4458 1723 4498 non
1748 4440 1903 4497 abiit.
1932 4438 2067 4508 Quis

2174 4439 2347 4544 orti-stu
2376 4444 2602 4513 χρυσίου
2638 4444 2739 4497 οὐκ
2780 4442 3079 4517 ἐπορεύθη.
3135 4445 3231 4508 Τίς
3259 4442 3414 4511 ἐστι;
3449 4445 3547 4499 καὶ
3576 4463 3753 4517 μακα-

484 4563 571 4611 est
596 4552 723 4608 hic?
752 4550 816 4605 Et
850 4547 1199 4603 laudabimus
1230 4557 1376 4598 eum.
1408 4538 1561 4594 Fecit
1606 4536 1756 4593 enim
1788 4533 2065 4590 mirabilia

488 4646 543 4701 in
582 4642 785 4717 populo
814 4655 937 4698 suo.
984 4636 1121 4704 Quis
1162 4634 1427 4705 probatus
1450 4638 1535 4687 est
1576 4625 1633 4683 in
1684 4627 1800 4693 illo,
1854 4631 1910 4683 et
1938 4637 2066 4696 per-

486 4741 663 4797 fectus
704 4736 827 4795 est?
878 4742 933 4791 et
978 4732 1051 4789 sit
1082 4731 1138 4785 in
1171 4727 1552 4802 gloriationcm
1596 4730 1885 4779 aeternam.
1925 4717 2063 4786 Quis

484 4836 662 4900 potuit
694 4826 1029 4900 transgredi,
1059 4835 1113 4880 et
1162 4839 1272 4879 non
1309 4829 1391 4878 est
1421 4828 1828 4890 transgressus,
1880 4812 2065 4869 facere

484 4931 647 4997 mala,
697 4933 751 4983 et
786 4939 897 4981 non
958 4920 1115 4977 fecit?
1165 4916 1533 4971 Stabilientur
1590 4915 1736 4969 bona
1791 4908 1963 4975 illius,
2011 4914 2065 4963 et

482 5024 857 5093 eleemosynas
886 5017 1033 5072 illius
1062 5010 1342 5067 euarrabit
1379 5007 1649 5063 Ecclesia.
1678 5024 1698 5059 ι

557 5116 722 5189 484
755 5112 924 5168 Eccli.
949 5127 1027 5175 χι,
1072 5108 1160 5163 17.
1196 5136 1265 5148 -
1289 5121 1307 5156 ι
1343 5102 1441 5158 Est
1468 5101 1563 5174 qui
1596 5100 1961 5173 locupletatur
1992 5115 2061 5157 ex

483 5211 785 5267 attentione
813 5214 868 5261 et
909 5198 1325 5274 compressione
1369 5209 1469 5253 sua
1507 5210 1528 5251 :
1567 5200 1626 5252 et
1680 5194 1954 5267 relinquet
1997 5204 2061 5250 ea

482 5306 626 5366 aliis,
658 5311 711 5359 ct
743 5298 1028 5355 morietur.
1060 5313 1081 5348 ι

552 5396 720 5452 Eccli.
754 5410 866 5454 xxv.
898 5390 1055 5449 4-11.
1078 5405 1188 5441 -ι
1224 5384 1328 5454 Qui
1361 5390 1582 5441 acervat
1626 5398 1691 5439 ex
1734 5382 1923 5438 animo
1960 5396 2062 5438 suo

482 5492 704 5561 injuste,
738 5488 863 5544 aliis
891 5491 1208 5557 congregat,
1240 5491 1293 5537 et
1340 5480 1392 5534 in
1439 5477 1597 5534 bonis
1646 5476 1767 5547 ejus
1811 5476 2062 5531 luxuria—

481 5584 686 5639 buntur
715 5581 829 5637 alii.
872 5578 977 5646 Qui
1027 5575 1133 5634 sibi
1176 5586 1412 5645 nequam
1451 5580 1556 5636 est,
1590 5569 1682 5625 cui
1717 5570 1896 5625 bonus
1928 5568 2059 5625 erit.

480 5677 603 5742 Fili,
633 5682 899 5749 quantum
930 5672 1123 5736 habes,
1158 5665 1391 5725 benefac
1422 5664 1544 5722 tibi.
1572 5681 1592 5717 ι

549 5768 744 5827 Matth.
796 5785 910 5834 nx,
966 5764 1255 5823 25-26.—
1291 5780 1310 5813 ι
1342 5759 1491 5815 Dixit
1543 5756 1711 5815 Jesus
1761 5756 2054 5829 discipulis

478 5865 591 5924 suis
618 5882 636 5926 :
667 5867 839 5924 Amen
869 5863 994 5922 dico
1017 5860 1194 5927 vobis,
1226 5853 1356 5930 quia
1378 5852 1599 5913 difﬁcile
1627 5851 1783 5910 dives
1822 5851 2054 5910 intrabit

2173 4532 2398 4607 ριοῢμεν
2427 4534 2615 4591 αὐτόν.
2656 4535 2913 4609 Ἐποίησε
2951 4536 3065 4608 γὰρ
3096 4536 3382 4608 θαυμάσια
3420 4540 3480 4593 ἐν
3519 4537 3637 4610 λαῷ
3660 4537 3749 4593 aa.

2168 4625 2286 4681 τοῦ.
2335 4626 2433 4692 Τίς
2469 4626 2806 4701 ἐδοκιμάσθη
2839 4630 2897 4683 ἐν
2932 4627 3116 4699 αὐτῷ,
3154 4630 3253 4684 καὶ
3305 4630 3631 4702 ἐτελειὼθης
3664 4630 3751 4684 καὶ

2166 4718 2309 4774 ἔστω
2336 4722 2417 4786 είς
2446 4719 2737 4793 καύχησιν.
2775 4721 2872 4787 Τίς
2897 4721 3131 4793 ἠδύνατο
3163 4723 3502 4798 παραϐῆναι,
3555 4725 3650 4778 καὶ
3690 4722 3748 4777 οὐ

2167 4811 2408 4885 παρέϐη,
2438 4814 2665 4886 ποιῆσαι
2696 4814 2865 4882 κακὰ,
2890 4815 2988 4869 καὶ
3016 4815 3119 4871 οὐκ
3140 4815 3400 4888 ὲποίησε;
3437 4814 3748 4888 Στερεωθή-

2169 4923 2321 4961 σεται
2341 4907 2413 4962 τὰ
2441 4908 2623 4978 ἀγαθὰ
2646 4910 2835 4978 αὐτοῦ,
2874 4910 2969 4966 καὶ
3002 4909 3374 4982 ἐλεημοσύνας
3402 4909 3569 4964 αὑτοῦ
3605 4908 3745 4965 ἐκδι-

2163 5004 2495 5077 ηγήσεταιή
2541 5005 2860 5076 Ἐκκλησία.
2898 5025 2918 5058 ι

2239 5114 2259 5148 ι
2308 5097 2463 5152 Ἐστι
2491 5098 2739 5154 πλουτῶν
2776 5100 2884 5154 ἀπὸ
2920 5099 3197 5172 προσοχῆς
3220 5099 3315 5155 καὶ
3359 5099 3623 5170 σφιγγίας
3651 5096 3745 5152 αὑ-

2164 5188 2281 5256 τοῦ,
2329 5192 2426 5245 καὶ
2464 5192 2787 5265 καταλείψει
2840 5192 2984 5249 αὐτὰ
3035 5193 3281 5266 ἑτέροις,
3332 5194 3428 5247 καὶ
3460 5192 3742 5248 ἀποθανεῖ-

2160 5302 2275 5340 ται.
2315 5304 2334 5339 ι

2240 5399 2261 5431 ι
2318 5380 2377 5433 ὐ
2408 5379 2659 5450 συνάγων
2690 5381 2797 5436 ἀπὸ
2818 5380 2922 5451 τῆς
2944 5379 3123 5453 ψυχῆς
3160 5380 3327 5436 αὐτοῦ
3348 5422 3364 5449 ,
3397 5380 3620 5450 συνάγει
3646 5378 3738 5435 άλ-

2161 5470 2297 5537 λοις,
2328 5474 2423 5527 καὶ
2448 5475 2506 5526 ἐν
2536 5475 2649 5538 τοίς
2668 5472 2835 5527 αὑτοῦ
2858 5476 3229 5546 τρυφήσουσιν
3254 5474 3454 5545 ἕτεροι.
3500 5474 3556 5527 '0
3577 5488 3734 5541 πονη-

2163 5564 2257 5633 ρὸς
2280 5563 2481 5637 ἐαυτῷ,
2510 5564 2617 5619 τίνι
2641 5564 2879 5635 άγαθός;
2917 5564 3129 5630 τέκνον,
3170 5562 3403 5620 καθόσον
3452 5563 3617 5635 ἔχεις,
3647 5561 3732 5614 εὐ-

2161 5658 2305 5712 ποίει
2337 5656 2567 5729 σεαυτῷ.
2596 5676 2616 5710 ι
3112 5704 3115 5705 ν

2237 5770 2258 5804 ι
2288 5746 2455 5805 Εἶπεν
2508 5751 2537 5804 ό
2596 5750 2806 5822 Ἰησοῦς
2859 5753 2973 5815 τοῖς
3002 5749 3277 5822 μαθηταῖς
3326 5746 3526 5804 αὐτοῦ’
3569 5743 3730 5818 ’Δμὴν

2161 5846 2304 5917 λέγω
2334 5846 2480 5921 ὑμῖν,
2508 5846 2590 5901 ὅτι
2620 5845 2893 5914 δυσκόλως
2948 5846 3206 5914 πλούσιος
3249 5843 3616 5903 εἰσελεύσεται
3656 5838 3728 5900 εἷς
