3930 6248
249 290 381 364 1481

1505 302 1741 364 SACRA
1781 302 1873 364 ΡΑ
1884 302 2247 366 RALLELA.

3383 308 3518 376 Ηῦέ

244 417 343 488 τὴν
371 413 651 486 βασιλείαν
702 422 814 472 τῶν
872 418 1139 492 οὐρανῶν.
1195 414 1365 471 Πάλιν
1382 415 1438 469 δὲ
1475 414 1620 484 λέγω
1661 415 1789 485 ὑμῖν

1935 428 1989 469 m
2024 429 2253 485 regnum
2303 412 2596 476 caelorum.
2648 414 2714 472 Et
2764 415 2966 475 iterum
3010 417 3138 476 dico
3168 421 3325 482 vobis
3360 443 3373 480 :
3408 426 3519 481 Fa-

243 507 638 580 Εύκοπώτερόν
664 510 781 566 ἐστι
803 512 1054 585 κάμηλον
1098 509 1188 565 διά
1218 510 1576 583 τρυπήματος
1605 508 1829 580 ῥαφίδος

237 599 493 668 διελθεῖν,
527 602 563 674 ἢ
586 601 842 659 πλούσιον
863 606 948 670 είς
978 605 1081 677 τὴν
1108 603 1388 675 βασιλείαν
1414 600 1509 657 τοῦ
1535 599 1671 656 Θεοῦ
1710 603 1826 655 εἰσ-

237 692 441 753 ελθεῖν.
479 696 839 764 Ἀκούσαντες
884 698 944 753 δὲ
978 697 1029 753 οί
1071 697 1314 770 μαθηταὶ
1340 695 1530 760 αὑτοῦ,
1561 694 1829 767 ἐξεπλήσ-

237 803 398 843 σοντο
428 788 661 863 σφόδρα,
688 788 979 860 λέγοντεςο
1007 791 1106 856 Τίς
1142 789 1253 863 ἄρα
1284 790 1508 847 δύναται
1549 787 1824 860 σωθῆναι;

235 880 525 955 ἐμϐλέψας
543 883 602 939 δὲ
629 885 660 937 6
698 881 931 955 Ἰησοῦς,
972 877 1131 939 εἶπεν
1153 885 1341 949 αὐτοῖς
1366 900 1382 918 ο
1417 882 1577 955 Παρὰ
1617 876 1829 953 ἀνθρὼ-

233 991 361 1042 ⁴ποις
388 976 552 1031 τοῦτο
573 973 840 1032 ἀδύνατόν
875 977 1025 1046 ἔστι,
1074 975 1226 1049 παρὰ
1250 975 1308 1031 δὲ
1342 973 1464 1049 Θεῷ
1511 974 1692 1030 πάντα
1731 973 1828 1028 δυ-

233 1068 392 1123 νατά.
436 1088 457 1121 ι

310 1178 330 1214 ι
388 1158 710 1234 Ἀνθρώπου
745 1159 896 1228 τινὸς
916 1160 1175 1219 πλουσίου
1198 1162 1503 1236 εὐφόρησεν
1531 1164 1565 1219 ἡ
1599 1163 1773 1235 χώρα.
1798 1179 1818 1213 ι

232 1255 330 1312 καὶ
356 1255 429 1311 τὰ
453 1254 641 1317 λοιπά.

307 1369 327 1403 ι
365 1349 508 1404 υύαὶ
534 1350 664 1423 ὑμῖν
691 1353 805 1417 τοῖς
827 1351 1128 1418 πλουσίοις,
1160 1353 1240 1407 ὃτι
1272 1353 1504 1424 ἀπέχετε
1529 1350 1629 1424 τὴν
1648 1350 1826 1424 παρά-

230 1439 429 1513 κλησιν
458 1440 632 1514 ὑμῶν.
662 1443 802 1498 Οὐαὶ
826 1444 956 1516 ὑμῖν
977 1446 1029 1499 oi
1061 1444 1544 1518 ἐμπεπλησμένοι,
1593 1445 1675 1499 ὅτι
1703 1461 1825 1500 πει-

230 1533 449 1591 νάσετε.
493 1532 630 1588 οὐαὶ
659 1534 787 1606 ὑμῖν
827 1537 879 1589 oi.
925 1535 1214 1606 γελῶντες,
1259 1536 1344 1591 ὃτι
1389 1533 1691 1609 πενθήσετε
1724 1535 1823 1591 καὶ

228 1624 521 1680 κλαύσετε.

306 1739 327 1775 ι
364 1706 670 1793 Ἀπόστητε
701 1722 798 1778 ἀπ’
827 1722 985 1793 ιμοῦ,
1017 1725 1218 1789 πάντες
1237 1724 1287 1780 oi
1321 1723 1552 1798 ἐργάται
1575 1726 1676 1798 τῆς
1702 1725 1818 1780 ἀδιο

1928 506 2092 563 cilins
2109 516 2196 564 est
2217 508 2487 567 camelum
2514 525 2612 583 per
2637 508 2886 568 foramen
2922 527 3057 571 acus
3088 514 3322 585 intrare,
3348 534 3516 591 quam

1928 597 2154 655 divitem
2187 599 2395 657 intrare
2431 600 2485 657 in
2518 617 2748 673 regnum
2776 603 3065 660 cmlorum.
3096 606 3398 666 Audientes
3420 627 3517 667 au-

1927 694 2040 745 tem
2067 688 2327 760 discipuli
2349 686 2475 761 ejus
2504 691 2852 749 mirabantur
2877 694 3052 761 valde,
3071 695 3355 757 dicentes:
3381 699 3517 767 Quis

1928 782 2135 854 poterit
2164 782 2353 840 salvus
2383 782 2545 840 fieri?
2588 783 2880 855 Aspiciens
2923 797 3113 846 autem
3138 789 3325 859 Iesus,
3376 792 3516 850 dixit

1927 873 2043 933 illis
2078 892 2096 932 :
2134 875 2294 948 Apud
2341 875 2598 935 homines
2644 879 2748 935 hoc
2796 880 3142 952 impossibile
3179 896 3267 944 cst
3306 904 3320 941 :
3368 890 3515 961 apud

1928 964 2103 1025 Deum
2137 978 2325 1024 autem
2358 968 2543 1025 omnia
2588 971 2879 1042 possibilia
2908 983 3061 1031 sunt.
3099 994 3120 1031 ι

1998 1154 2132 1215 Luc.
2192 1165 2293 1224 ιιι,
2340 1158 2429 1215 16.
2482 1190 2552 1201 --
2590 1179 2609 1214 ι
2661 1161 2913 1221 Hominis
2974 1166 3266 1238 cujusdam
3324 1170 3514 1228 divitis

1927 1249 2128 1308 uberes
2156 1250 2373 1309 fructus
2404 1268 2536 1326 ager
2570 1256 2781 1324 attulit,
2814 1276 2832 1309 ι
2870 1266 2980 1313 etc.

1995 1340 2127 1398 Luc.
2171 1360 2248 1410 vt,
2309 1344 2403 1402 25.
2436 1375 2509 1388 —
2538 1366 2559 1401 ς
2596 1345 2692 1404 Vae
2727 1352 2883 1407 vobis
2920 1351 3208 1421 divitibus,
3251 1360 3510 1428 quoniam

1925 1433 2146 1493 habetis
2180 1438 2612 1496 consolationem
2660 1451 2927 1499 vestram.
2974 1442 3068 1501 Va:
3099 1449 3259 1505 vobis
3289 1453 3382 1520 qui
3424 1468 3501 1508 sa-

1924 1525 2094 1581 turati
2147 1527 2304 1598 estis,
2344 1530 2475 1601 quia
2523 1533 2807 1591 esurietis.
2856 1533 2950 1592 Vae
3002 1539 3157 1599 vobis
3185 1544 3281 1614 qui
3318 1545 3513 1604 ridetis

1924 1630 2093 1685 nunc,
2122 1618 2255 1691 quia
2288 1620 2548 1693 lugebitis
2578 1632 2634 1681 et
2663 1624 2887 1684 flebitis.
2922 1647 2942 1682 ο

1992 1709 2127 1767 Luc.
2158 1728 2277 1782 χιιι,
2305 1712 2481 1770 27.-
2504 1735 2523 1770 ι
2548 1716 2820 1777 Discedite
2849 1738 2879 1777 ει
2910 1737 3017 1792 me,
3049 1739 3242 1783 omnes
3271 1729 3511 1800 operarii

232 1814 381 1879 κίας.
416 1813 568 1868 Ἐκεῖ
596 1814 751 1870 ἔσται
790 1817 821 1871 6
864 1816 1144 1892 κλαυθμὸς
1186 1819 1286 1874 καὶ
1325 1796 1364 1873 6V
1394 1796 1644 1892 βρυγμὸς
1671 1820 1811 1874 666v-

1933 1801 2251 1875 niquitatis.
2281 1802 2359 1861 lbi
2385 1807 2492 1863 erit
2520 1806 2682 1868 ﬂetus
2708 1821 2764 1867 et
2797 1813 3007 1871 stridor
3035 1796 3360 1878 dentiumf:

228 1920 411 1960 των.ι

307 2016 329 2051 ι
362 1996 466 2055 Διὰ
494 1997 551 2053 τί
580 2000 708 2071 οὐχὶ
743 1999 950 2073 μᾶλλον
967 2000 1285 2068 ἀδικεῖσθες
1316 1998 1417 2055 Διὰ
1448 1999 1503 2053 τί
1535 1999 1659 2072 οὐχὶ
1682 2000 1823 2073 μᾶλ-

225 2092 319 2147 λον
350 2094 781 2168 ἀποστερεῖσθες
826 2095 942 2151 ἀλλ’
978 2096 1141 2167 ὑμεῖς
1172 2093 1414 2150 ἀδικεῖτε
1452 2092 1548 2147 καὶ
1584 2093 1823 2148 ἀποστεα

225 2187 395 2257 ρεῖτε,
428 2188 528 2241 καὶ
556 2185 737 2242 ταῦτα
762 2184 1050 2257 ἀδελφούς.
1074 2185 1148 2238 Ἦ
1179 2183 1280 2238 οὐκ
1299 2181 1505 2250 οἴδατε,
1532 2182 1619 2236 ὅτι
1647 2180 1822 2237 ἄδικοι

226 2274 512 2346 βασιλείαν
531 2279 668 2336 Θεοῦ
696 2280 758 2336 οὐ
784 2281 1327 2353 κληρονομήσουσινς
1361 2296 1381 2333 ι

296 2477 318 2515 ι
360 2461 423 2515 '0
460 2459 665 2517 ἀδικῶν
720 2461 1001 2534 κομιεῖται
1047 2459 1078 2514 6
1104 2460 1355 2535 ἠδίκησε.
1410 2456 1525 2515 Καὶ
1574 2453 1677 2510 οὐκ
1702 2454 1819 2511 ἔστι

222 2550 665 2625 προσωποληψία
690 2550 844 2621 παρὰ
873 2549 954 2623 τῷ
987 2549 1131 2624 Θεῷ.
1174 2571 1195 2605 ι

296 2764 317 2798 ι
344 2744 450 2817 Μὴ
474 2743 577 2799 ῦπε
586 2740 828 2816 ρδαίνειν
848 2742 944 2798 κα)⁵
967 2740 1312 2797 πλεονεκτεῖν
1332 2740 1391 2797 ἐν
1414 2738 1704 2815 πράγματι
1724 2738 1819 2796 τὸν

221 2838 457 2909 ἀδελφὸν
486 2835 655 2892 αὑτοῦ
680 2851 697 2871 ο
750 2836 890 2892 διότι
943 2834 1157 2901 ἔκδικος
1200 2835 1230 2889 6
1257 2834 1389 2901 Θεὸς
1438 2835 1570 2906 περὶ
1595 2835 1817 2892 πάντων

218 2930 456 2986 τούτων.
492 2948 511 2983 ι

293 3042 313 3077 ι
345 3022 682 3096 ’Δποστητω
704 3020 815 3078 ἀπὸ
840 3020 1057 3084 ἀδικίας
1089 3019 1199 3085 πᾶς
1230 3021 1259 3075 6
1281 3018 1567 3093 ὀνομάζων
1593 3017 1659 3074 τὸ
1690 3018 1811 3074 δνο-

223 3130 297 3184 μα
322 3114 421 3170 τοῦ
463 3114 625 3173 Θεοῦ.
666 3133 689 3169 ι

291 3231 310 3265 ι
343 3213 409 3266 Oi
444 3210 762 3283 βουλόμενοι
788 3209 1066 3275 πλουτεῖν,
1092 3205 1469 3279 ἐμπίπτουσιν
1496 3206 1583 3270 είς
1613 3222 1810 3277 πειρα-

220 3305 374 3376 σμδν,
392 3305 499 3359 καὶ
520 3304 602 3369 είς
627 3302 853 3373 παγίδα,
876 3299 973 3355 καὶ
998 3301 1080 3364 είς
1100 3296 1400 3370 ἐπιθυμίας
1428 3296 1628 3362 πολλὰς
1651 3298 1813 3369 ἀνοή-

217 3413 341 3464 τους
396 3397 501 3453 καὶ
542 3394 839 3468 βλαϐερὰς,
874 3392 1080 3457 αἵτινες
1115 3389 1400 3463 βυθίζουσι
1436 3391 1568 3454 τοὺς
1593 3388 1807 3461 ἀνθρώ-

219 3512 351 3561 πους
384 3495 475 3558 είς
495 3492 718 3567 ὄλεθρον
762 3491 860 3547 καὶ
890 3488 1192 3545 ἀπώλειαν.
1252 3485 1407 3553 Ῥίζα
1446 3485 1558 3559 γὰρ
1591 3485 1811 3541 πάντων

219 3588 324 3643 τῶν
345 3588 540 3643 κακῶν
575 3586 728 3640 ἐστιν
755 3586 791 3653 ἡ
815 3582 1156 3655 φιλαργυρία
1176 3619 1193 3645 ,
1218 3573 1288 3653 ἦς
1311 3596 1465 3644 τινες
1487 3578 1811 3650 ὀρεγόμενοι

218 3679 658 3753 ἁπεπλανήθησα
717 3676 828 3731 άπὸ
859 3675 961 3746 τῆς
988 3673 1248 3743 πίστεως,
1279 3671 1375 3727 καὶ
1396 3672 1623 3737 ἑαυτοὺς
1650 3688 1809 3744 περι-

220 3773 449 3844 έπειραν
475 3770 692 3833 ὀδύναις
716 3766 961 3830 πολλαῖς.
1005 3783 1025 3818 ι

294 3884 314 3918 ι
350 3865 417 3919 Ol
449 3862 720 3927 πλούσιοι,
755 3857 1033 3916 κλαύσατε
1058 3855 1409 3923 ὀλολύζοντες
1440 3855 1536 3911 ἐπὶ
1562 3858 1684 3919 ταῖς
1707 3872 1823 3910 τα·-

226 3960 553 4034 Ααιπωρίαις
587 3956 742 4029 ὑμῶν
794 3959 917 4020 ταῖς
979 3953 1403 4026 ἐπερχομέναις.
1462 3953 1523 4005 '0
1577 3949 1809 4016 πλοῦτος

225 4055 375 4126 ῢμῶν
406 4054 639 4125 σέσηπε,
684 4053 779 4106 καὶ
803 4048 872 4104 τὰ
898 4048 1092 4121 ἱμάτια
1135 4046 1291 4118 ὑμῶν
1331 4044 1652 4117 σητόϐρωτα
1683 4045 1807 4115 ἐγέ-

214 4136 357 4222 ξνετο.
406 4148 467 4203 '0
490 4145 691 4220 χρυσὸς
714 4144 892 4217 ὑμῶν,
915 4142 1013 4197 καὶ
1035 4143 1065 4195 6
1098 4142 1340 4214 ἄργυρος
1371 4140 1659 4204 κατίωται,
1712 4139 1809 4193 καὶ

216 4227 250 4300 ⁸ὁ
273 4242 350 4308 ίὸς
369 4241 553 4296 αὐτῶν
580 4242 660 4305 είς
687 4237 991 4311 μαρτύριον
1024 4237 1155 4308 ὑμῖν
1194 4233 1352 4291 ἔσται
1372 4272 1389 4299 ,
1433 4233 1532 4287 καὶ
1571 4231 1807 4303 φάγεται

214 4313 315 4399 τὰς
367 4333 582 4406 σάρκας
630 4330 789 4403 ὑμῶν
838 4332 867 4385 6
901 4330 997 4394 ίός.
1040 4329 1129 4393 Ὠς
1156 4326 1270 4399 πῦρ
1322 4326 1721 4399 ἐθησαυρίσατε
1748 4327 1805 4382 ἐν

220 4427 425 4500 ἐσχάτη
452 4426 662 4500 ἡμιρᾳ.
702 4443 722 4479 ι

1997 1984 2041 2079 1,
2060 1985 2186 2045 Cor.
2214 2005 2294 2056 vt,
2324 1990 2378 2061 7,
2412 1991 2557 2061 8,-
2592 2015 2610 2051 ι
2649 1995 2832 2065 Quare
2860 2014 2969 2056 non
3010 2004 3194 2073 potius
3246 2006 3510 2079 injuriam

1925 2077 2220 2150 accipitis?
2249 2080 2432 2150 Quare
2461 2102 2573 2144 non
2610 2091 2786 2161 magis
2820 2091 3068 2151 fraudem
3102 2077 3388 2168 patimini?
3410 2106 3508 2161 sed

1923 2183 2023 2228 vos
2047 2168 2229 2229 facitis
2258 2174 2546 2247 injuriam,
2569 2188 2623 2237 et
2654 2180 2925 2243 fraudatis
2949 2205 2964 2254 ;
2997 2195 3052 2243 et
3075 2188 3189 2246 haec
3207 2191 3507 2253 fratribus:

1802 2342 1803 2345 η
1922 2260 2004 2358 λη
2035 2266 2265 2325 nescitis
2293 2270 2427 2341 quia
2459 2270 2639 2345 iniqui
2681 2290 2911 2349 regnum
2964 2278 3062 2338 Dei
3112 2298 3220 2340 non
3253 2288 3511 2358 posside-

1924 2353 2106 2413 bunt?
2135 2377 2156 2413 ι

1994 2445 2204 2508 Colon.
2240 2467 2322 2520 In,
2350 2453 2444 2512 25.
2470 2485 2537 2498 -—
2571 2477 2591 2513 ι
2629 2458 2733 2529 Qui
2764 2460 3024 2533 iniuriam
3072 2463 3229 2534 facit,
3272 2470 3510 2544 recipiet

1922 2539 1976 2598 id
1998 2545 2143 2640 quod
2186 2547 2374 2621 inique
2396 2551 2534 2625 egit.
2578 2552 2698 2613 Non
2728 2564 2815 2613 est
2851 2572 3221 2630 personarum
3259 2539 3509 2640 acceptio

1922 2636 2067 2707 apud
2103 2636 2296 2699 Deum.
2325 2660 2347 2697 ι

1991 2746 2024 2806 I
2057 2751 2242 2809 Tum.
2275 2770 2351 2822 tv,
2392 2754 2447 2812 Β.
2495 2787 2566 2798 —
2616 2757 2734 2816 Non
2783 2763 3143 2836 supergredi,
3185 2778 3362 2840 neque
3397 2774 3505 2828 cir-

1919 2844 2237 2903 cumvenire
2267 2846 2323 2903 in
2358 2849 2581 2921 negotio
2628 2850 2855 2910 fratrem
2896 2870 3099 2912 suum:
3144 2858 3277 2933 quia
3302 2864 3504 2921 vindex

1916 2945 2001 2994 est
2032 2937 2178 2997 Deus
2199 2940 2269 2997 de
2291 2942 2549 3001 omnibus
2578 2944 2687 3001 bis.
2728 2964 2748 2999 ι

1991 3026 2055 3083 II
2084 3028 2222 3085 Tim.
2242 3047 2303 3097 ιι,
2336 3031 2425 3088 19.
2456 3062 2526 3074 -
2554 3053 2575 3086 ι
2612 3033 2869 3095 Discedat
2900 3037 2973 3096 ab
2999 3040 3294 3116 iniquitate
3318 3048 3502 3105 omnis

1837 3152 1888 3217 ο
1915 3120 2017 3217 qui
2040 3122 2289 3217 nominat
2316 3138 2517 3217 nomen
2551 3124 2663 3187 Dei.

1987 3211 2017 3267 ι
2041 3211 2179 3269 Tim.
2215 3230 2289 3282 vr,
2324 3216 2380 3285 9,
2415 3215 2502 3273 10.
2534 3249 2604 3261 —
2654 3240 2675 3275 ι
2710 3222 2814 3290 Qui
2862 3224 3060 3283 volunt
3101 3227 3302 3288 divites
3356 3232 3496 3303 fieri,

1913 3304 2166 3362 incidunt
2189 3307 2245 3363 in
2268 3311 2655 3380 tentationem,
2689 3322 2744 3371 et
2775 3316 2833 3372 in
2873 3316 3157 3389 laqueum,
3187 3323 3323 3382 etin
3352 3324 3498 3383 desi-

1909 3400 2064 3456 deria
2098 3401 2269 3457 multa
2292 3401 2489 3461 insana
2505 3414 2563 3461 et
2586 3407 2809 3476 nociva,
2829 3425 2956 3481 qua:
2972 3426 3227 3485 mergunt
3243 3415 3497 3478 homines

1910 3489 1966 3546 in
2000 3490 2281 3549 interitum
2307 3502 2365 3550 et
2398 3494 2789 3565 perditionem.
2841 3498 3023 3558 Radix
3067 3505 3216 3561 enim
3247 3508 3496 3569 omnium

1910 3583 2181 3639 malorum
2198 3592 2283 3642 est
2302 3588 2598 3658 cupiditas,
2616 3605 2779 3662 quam
2793 3593 3017 3664 quidam
3041 3606 3385 3672 appetentes,
3408 3620 3498 3662 ero

1909 3686 2171 3735 raverunt
2198 3695 2228 3736 a
2250 3679 2443 3751 ﬁde,et
2463 3681 2819 3743 inseruerunt
2834 3703 2896 3744 se
2911 3687 3204 3750 doloribus
3223 3695 3434 3755 multis.
3468 3718 3488 3752 ο

1977 3859 2103 3919 Jac.
2131 3877 2187 3929 ν,
2221 3863 2271 3930 l,
2298 3863 2454 3920 3.—t
2483 3863 2710 3934 Divitcs,
2740 3868 2953 3941 plorata
2990 3871 3272 3933 ululantes
3307 3876 3361 3932 in
3387 3878 3494 3933 mi-

1908 3955 2075 4011 seriis
2094 3971 2217 4028 quae
2238 3959 2493 4015 accident
2513 3960 2693 4018 vobis.
2716 3961 2933 4020 Divitiae
2959 3976 3155 4023 vestra
3172 3969 3494 4040 putrefacta:

1907 4055 2060 4113 sunt,
2091 4058 2146 4103 et
2193 4049 2522 4107 vestimenta
2549 4061 2734 4109 vestra
2785 4069 2817 4109 a
2847 4057 3016 4114 tineis
3060 4069 3307 4117 comesta
3341 4075 3489 4120 sunt.

1905 4139 2114 4195 Aurum
2138 4150 2383 4199 vestrum
2411 4154 2469 4225 et
2513 4155 2800 4217 argentum
2842 4150 3189 4221 terugiuavit,
3220 4161 3276 4209 et
3307 4168 3492 4227 aerugo

1906 4248 2096 4287 eorum
2133 4233 2189 4289 in
2233 4234 2611 4292 testimonium
2646 4238 2804 4294 vobis
2848 4239 2955 4295 erit
2995 4250 3095 4297 :et
3138 4246 3491 4302 manducabit

1907 4339 2104 4381 carnes
2136 4336 2353 4383 vestras
2386 4344 2595 4402 aerugo.
2658 4327 2816 4388 Sicut
2843 4331 3027 4404 ignem
3064 4335 3490 4396 tbesaurizastis

1908 4418 1960 4473 in
1988 4419 2304 4477 novissimo
2342 4420 2456 4477 die.
2483 4440 2505 4475 ι

294 4542 312 4575 ι
353 4521 421 4576 Ἦ
455 4520 639 4593 κρίσις
660 4518 879 4583 ἀνέλεος
906 4514 983 4587 τῷ
1006 4516 1083 4589 μὴ
1112 4513 1590 4592 ποιήσαντι¹ἕλεος.
1628 4515 1752 4569 Ἐὰν
1773 4519 1802 4568 6

1974 4509 2097 4567 Jac.
2133 4528 2193 4577 ιι,
2247 4515 2337 4580 l5,
2374 4516 2461 4571 l6.
2492 4546 2559 4557 --
2597 4535 2616 4570 ι
2648 4514 2921 4575 Iudicium
2969 4520 3089 4579 sine
3113 4522 3487 4584 misericordia

222 4615 448 4686 ἀδελφὸς
466 4658 482 4681 ,
511 4613 545 4686 ἢ
575 4611 782 4684 ἀδελφὴ
805 4611 1007 4683 γυμνοὶ
1044 4610 1379 4681 ὑπάρχουσι,
1410 4609 1508 4662 καὶ
1539 4608 1801 4679 λειπόμε-

223 4726 302 4762 νοι
349 4709 450 4779 τῆς
500 4706 782 4778 ἐφημέρου
828 4704 1061 4777 τροφῆς,
1121 4704 1252 4774 εἴπῃ
1295 4700 1355 4755 δέ
1398 4716 1483 4763 τις
1528 4698 1592 4765 ἐξ
1621 4697 1797 4769 ὐμῶν,

234 4801 506 4870 Ὑπάγετε
548 4802 608 4854 ὲν
663 4799 853 4870 εἰρήνῃ
879 4839 896 4864 ,
958 4796 1355 4871 θερμαίνεσθε,
1396 4792 1493 4848 καὶ
1534 4792 1799 4866 χορτάζε-

226 4893 318 4947 σθε
338 4911 353 4925 ·
404 4894 479 4966 μὴ
508 4890 645 4946 δῶτε
668 4890 725 4946 δὲ
755 4892 938 4954 αὐτοῖς
964 4889 1035 4943 τὰ.
1061 4887 1343 4959 ἐπιτήδεια
1385 4886 1481 4941 τοῦ
1522 4886 1796 4958 σώματος,

223 4986 274 5038 τί
304 4986 492 5056 δφελος
514 5004 527 5052 ;
567 5004 585 5037 ι

296 5098 314 5130 ι
352 5074 475 5132 Οἵδε
492 5078 695 5149 Κύριος
720 5076 964 5139 εὐσεϐεῖς
986 5075 1051 5128 ἐκ
1067 5074 1177 5128 τῶν
1198 5074 1523 5146 πειρασμῶν
1548 5071 1793 5145 ῥύεσθαι,

222 5167 437 5234 ἀδίκους
466 5170 525 5224 δὲ
577 5172 657 5233 εἱς
700 5168 914 5240 ἡμέραν
970 5166 1206 5237 κρίσεως
1263 5165 1662 5238 κολαζομένους
1706 5183 1797 5234 τη-

290 5280 357 5316 ιν.
400 5280 419 5311 ι

224 5278 531 5418 ΡΞἰνιίίιῐτις
555 5351 668 5424 ἔχει
695 5350 789 5405 τὸν
815 5350 932 5423 βίον
950 5350 1047 5404 τοῦ
1072 5350 1280 5421 κόσμου
1302 5350 1515 5415 τούτου,
1536 5352 1634 5406 καὶ
1658 5352 1795 5408 θεωο

225 5447 307 5515 psi
341 5445 431 5499 τὸν
449 5444 679 5516 ἀδελφὸν
700 5441 866 5499 αὐτοῦ
898 5442 1091 5514 χρείαν
1120 5442 1334 5514 ἔχοντα,
1357 5444 1452 5498 καὶ
1484 5443 1693 5499 κλείσει
1724 5446 1796 5500 τὰ

226 5537 524 5610 σπλάγχνα,
546 5537 665 5604 πῶς
688 5540 723 5610 ἡ
748 5538 937 5608 ἀγάπη
965 5535 1062 5591 τοῦ
1093 5535 1229 5591 Θεοῦ
1259 5537 1415 5606 μένει
1442 5540 1500 5593 ἐν
1533 5539 1683 5594 αὐτῶ
1705 5556 1721 5607 ;
1766 5561 1787 5594 ι

216 5797 218 5800 ν
295 5723 551 5778 Ἀκουσαι
632 5721 925 5795 ἄνθρωπε,
982 5722 1364 5794 Σολομῶντος’
1394 5722 1514 5791 ηΜὴ
1578 5723 1787 5792 εἴπῃς,

218 5829 221 5833 ‘
252 5815 607 5872 Επανελθὼν
633 5816 925 5885 ἐπάνηκε,
944 5816 1042 5869 καί
1074 5818 1285 5889 αὔριον
1331 5815 1523 5873 δώσω.
1560 5819 1644 5871 Οὐ
1676 5816 1790 5886 γὰρ

442 5914 723 5995 ⁹Ρηιιοι..
770 5914 886 5977 (in.
938 5912 1114 5976 XCV.

1901 4603 1983 4659 illi
2008 4606 2103 4675 qui
2128 4620 2238 4660 non
2269 4605 2397 4662 fecit
2430 4608 2887 4668 misericordiam.
2923 4611 2982 4669 Si
3014 4612 3184 4670 frater
3210 4625 3306 4671 aut
3326 4633 3489 4674 soror

1902 4699 2033 4755 nudi
2062 4698 2194 4767 sint,
2228 4709 2282 4756 et
2314 4701 2598 4775 indigeant
2634 4704 2783 4760 victu
2818 4708 3173 4778 quotidiano,
3213 4710 3358 4767 dicat
3387 4728 3485 4769 au-

1903 4802 2009 4848 tem
2049 4794 2251 4865 aliquis
2276 4812 2341 4852 ex
2374 4796 2531 4853 vobis
2559 4816 2574 4853 :
2613 4799 2687 4855 Ite
2720 4800 2775 4855 in
2815 4817 2970 4872 pace,
3005 4802 3398 4872 calefacimini,
3432 4818 3488 4864 et

1900 4886 2228 4941 saturamiui
2253 4904 2266 4940 :
2296 4902 2405 4943 nou
2432 4888 2695 4947 dederitis
2718 4900 2903 4947 autem
2924 4892 3008 4949 eis
3025 4908 3149 4966 quae
3176 4899 3485 4953 necessaria

1900 4989 2028 5036 sunt
2061 4982 2300 5051 corpori.
2332 4982 2467 5053 quid
2500 4984 2786 5053 proderit?
2818 5006 2837 5040 ι

1970 5072 2033 5127 II
2064 5072 2207 5129 Petr.
2255 5092 2314 5141 ιι,
2342 5078 2390 5129 ιι.
2416 5106 2485 5115 ο-
2508 5095 2526 5128 ι
2565 5075 2727 5132 Novit
2761 5077 2905 5134 Deus
2929 5081 3049 5149 pios
3067 5096 3133 5137 ex
3165 5083 3482 5139 tentationi-

1898 5165 2001 5222 bus
2029 5168 2240 5240 eripere
2270 5186 2287 5223 :
2321 5170 2560 5241 injustas
2590 5180 2771 5228 autem
2802 5174 2857 5228 in
2890 5174 3033 5229 diem
3055 5175 3248 5247 judicii
3281 5192 3481 5233 excru-

1897 5260 2126 5318 ciandos
2160 5276 2465 5319 reservare.

1971 5351 1999 5406 ι
2031 5350 2197 5409 Joan.
2248 5370 2329 5421 ιιι,
2367 5355 2456 5413 l7.
2489 5387 2555 5399 -—
2592 5377 2612 5413 ι
2646 5356 2748 5425 Qui
2802 5359 3061 5417 habuerit
3110 5363 3477 5420 substantiam

1896 5446 2063 5518 hujus
2091 5448 2304 5514 mundi,
2330 5457 2383 5504 et
2415 5449 2609 5507 viderit
2647 5450 2870 5508 fratrem
2897 5470 3058 5509 suum
3093 5458 3477 5515 necessitatem

1899 5539 2121 5607 habere,
2154 5549 2209 5599 et
2237 5542 2499 5598 clauserit
2534 5544 2749 5599 viscera
2797 5561 2899 5602 sua
2944 5546 3015 5602 ab
3058 5562 3145 5613 eo,
3201 5550 3479 5621 quomodo

1895 5632 2139 5688 cltaritas
2162 5632 2259 5689 Dei
2301 5644 2484 5690 manet
2517 5635 2573 5691 in
2600 5637 2703 5692 eo?
2735 5656 2755 5691 ι

1965 5724 2025 5780 'S.
2053 5724 2227 5781 Basil.
2260 5729 2402 5783 hour.
2438 5728 2494 5782 in
2525 5729 2660 5783 illud
2688 5746 2708 5787 :
2739 5751 2758 5783 ι
2793 5730 3079 5787 Destruam
3112 5732 3322 5790 horrea.
3354 5754 3375 5789 ι
3406 5764 3477 5779 -

1893 5814 2053 5890 485
2096 5818 2244 5875 Audi.
2301 5836 2499 5892 quaeso.
2546 5820 2894 5881 Salomonem
2938 5841 2950 5878 :
2988 5822 3071 5878 Ne
3118 5826 3293 5891 dicar,
3337 5825 3477 5884 Vade

2980 5917 3049 5982 47
