3930 6248
459 272 597 338 1483

1627 273 1686 332 S.
1728 268 2051 334 JOANNIS
2091 269 2522 335 DAMASCENI

3578 273 3692 341 ιιδι

451 401 502 447 et
531 397 806 452 retulere,
829 398 877 442 et
905 381 1026 443 cm
1053 388 1190 445 dabo
1221 388 1320 443 tibi
1344 387 1526 462 (Prov.
1572 403 1656 453 ιιι,
1700 387 1814 460 28).
1847 384 2041 444 Nescis

2154 382 2332 454 οἶδας,
2363 387 2420 441 τί
2449 384 2680 452 τέξεται
2701 385 2742 456 ἡ
2772 385 3214 452 ἐπιοῦσα.οῗων
3249 387 3696 460 παραγγελμάτων

451 483 599 538 enim
629 481 755 554 quid
789 492 1165 552 superuentura
1195 483 1363 551 pariet
1390 482 1502 538 dies
1531 481 1717 555 (Prov.
1767 497 1936 547 xxv",
1964 480 2039 554 l).

451 579 496 630 0
535 591 658 649 qua:
686 588 953 648 praecepta
982 576 1326 632 Contemnis!
1359 574 1561 633 Tristis
1589 591 1672 644 es,
1697 585 1865 648 atque
1887 576 2042 648 ejus-

455 671 606 726 modi
650 685 812 741 quem
849 669 937 724 vix
991 669 1286 726 convenire
1339 669 1654 742 quisquam
1684 669 1894 740 possit;
1946 667 2041 741 qui

453 777 750 820 occursum
785 761 1070 818 hominum
1103 761 1305 833 fugias,
1349 777 1419 818 ne
1449 763 1533 818 vel
1571 762 1846 819 tantulum
1879 761 2042 836 quid-

451 856 596 927 piam
622 872 652 911 e
676 854 928 912 manibus
947 855 1198 911 emittere
1223 855 1462 928 cogaris.
1487 853 1660 913 Unam
1686 856 1829 912 hanc
1854 870 2040 911 vocem

458 949 599 1005 nosti
635 967 648 1004 :
680 947 796 1004 Non
832 947 1030 1014 habeo,
1080 964 1182 1005 nec
1227 949 1372 1006 dabo
1404 968 1420 1006 :
1459 965 1672 1023 pauper
1714 950 1860 1006 enim
1893 965 2039 1006 sum.

466 1044 529 1098 ιο
577 1059 711 1100 sane
760 1057 966 1115 pauper
998 1057 1081 1109 es,
1113 1044 1405 1116 omnisque
1433 1059 1630 1116 expers
1669 1044 1800 1100 boni
1836 1063 1849 1098 :
1884 1045 2043 1115 inops

455 1144 743 1209 charitatc,
787 1142 947 1213 inops
984 1141 1346 1206 humanitate,
1382 1138 1541 1210 inops
1587 1139 1691 1194 title
1739 1138 1794 1194 in
1850 1139 2038 1206 Deum,

457 1239 614 1310 inops
644 1253 740 1308 spe
772 1244 1000 1292 aeterna.
1047 1233 1154 1289 Fac
1191 1233 1409 1297 saltem,
1447 1232 1649 1289 fratres
1683 1234 1758 1288 tui
1815 1233 1868 1287 in
1916 1245 2038 1303 par-

456 1341 564 1388 tem
593 1347 716 1387 cum
749 1328 911 1386 tineis
945 1330 1192 1384 veniant.
1235 1328 1392 1396 Quod
1441 1325 1712 1399 postridie
1744 1325 2045 1381 labefacta-

457 1423 625 1488 hitur,
669 1421 958 1494 egentibus
1010 1419 1174 1477 hodie
1223 1421 1424 1476 tribue.
1483 1418 1753 1476 Extremas
1799 1417 2047 1474 avaritia:

453 1522 562 1582 est,
596 1529 665 1569 ne
686 1528 750 1570 ea
775 1510 997 1584 quidem
1025 1526 1147 1584 qua:
1173 1518 1636 1583 corrumpuntur,
1675 1525 1800 1567 cum
1830 1509 2044 1583 egenti-

447 1608 563 1666 bus
587 1605 1020 1664 communicare.
1059 1605 1230 1673 Quem
1262 1604 1510 1671 tandem,
1541 1604 1720 1677 inquit
1747 1601 1858 1670 iile,
1900 1605 2046 1674 inju-

455 1702 540 1758 ria
573 1700 770 1767 adicio,
795 1699 924 1756 dum
946 1715 1070 1773 quas
1103 1714 1220 1757 mea
1251 1709 1404 1767 sunt,
1434 1699 1738 1756 contineo?
1780 1699 2044 1768 Quaenam

453 1806 662 1863 tamen,
695 1809 905 1868 quaeso,
940 1772 1032 1849 tua
1068 1791 1237 1851 sunt?
1273 1794 1358 1849 An
1411 1808 1518 1848 non
1568 1791 1749 1851 nudus
1788 1772 2122 1849 excidistiB

456 1902 524 1944 ex
558 1897 809 1967 m_aterno
843 1885 1039 1957 utero]?
1077 1901 1146 1942 an
1184 1901 1292 1940 non
1329 1884 1516 1941 nudus
1563 1898 1783 1941 rursum
1830 1883 1884 1939 in
1938 1892 2051 1940 ter-

453 1991 576 2032 ram
620 1973 953 2033 reverteris?
999 1973 1131 2041 Quae
1159 1987 1292 2030 vero
1331 1987 1479 2029 nunc
1536 1972 1724 2041 habes,
1766 1971 2049 2030 unde-tibi

457 2066 847 2141 contigerunt!
877 2067 937 2122 Si
979 2083 1009 2122 a
1045 2066 1266 2124 fortuna
1314 2064 1546 2133 dixeris,
1604 2065 1808 2138 impius
1842 2082 1922 2130 es.
1951 2065 2047 2138 qui

451 2177 560 2220 nec
579 2163 900 2220 Creatorem
936 2175 1232 2234 agnoscas,
1279 2175 1378 2217 nec
1415 2159 1583 2216 ullam
1615 2163 1664 2217 ei
1686 2160 1783 2233 qui
1815 2161 2050 2233 largitus

456 2263 561 2319 est,
593 2251 826 2326 gratiam
856 2251 1082 2308 habeas.
1110 2249 1208 2307 Sin
1243 2265 1272 2306 a
1313 2250 1422 2306 Deo
1445 2266 1475 2306 a
1506 2259 1558 2307 te
1590 2251 1796 2308 habere
1823 2251 2052 2310 confite-

456 2349 557 2416 ris,
604 2347 739 2404 alter
787 2362 1012 2404 causam
1059 2362 1161 2402 cur
1185 2345 1486 2417 acceperis.
1539 2342 1678 2400 Num
1710 2346 1936 2419 iniquus
1967 2354 2051 2404 est

461 2444 623 2506 Deus,
659 2441 754 2515 qui
785 2440 928 2496 haud
963 2455 1117 2511 asque
1152 2437 1314 2496 nobis
1333 2437 1660 2494 distribuit?
1683 2437 1890 2512 Ecquid
1914 2439 2050 2497 illud

458 2541 544 2592 est
575 2551 674 2592 cur
705 2542 764 2590 tu
817 2533 1018 2604 opibus
1052 2531 1325 2598 abundes,
1361 2529 1456 2588 ille
1509 2541 1702 2589 contra
1736 2533 1933 2604 egeat?
1977 2549 2049 2592 an

459 2644 566 2684 non
601 2626 850 2693 omnino,
881 2634 941 2682 ut
975 2633 1029 2682 et
1066 2632 1124 2681 tu
1154 2624 1516 2698 benignitatis
1551 2623 1840 2698 fidelisque
1873 2627 2051 2682 admi-

456 2721 810 2778 nistrationis
848 2718 1154 2776 mercedem
1205 2717 1438 2782 referas,
1488 2725 1544 2774 et
1595 2719 1686 2775 ille
1725 2719 2048 2791 ingentibus

459 2815 735 2885 patientia:
768 2813 1010 2886 praemiis
1057 2811 1330 2869 ornetur?
1393 2811 1621 2870 Siccine
1653 2828 1807 2877 vero.
1847 2817 2050 2873 vastis-

457 2911 598 2966 simo
637 2916 694 2966 et
738 2905 1057 2980 inexplebili
1103 2907 1352 2962 avaritia
1388 2906 1514 2962 sinu
1545 2906 1731 2963 omnia
1761 2922 2044 2976 coercens,

456 3001 665 3059 nemini
705 3010 760 3058 te
791 2999 997 3058 inferre
1033 2998 1294 3070 iniuriam
1325 3005 1511 3069 putas,
1539 3013 1665 3054 cum
1690 3007 1767 3055 tot
1796 2999 2048 3057 homines

456 3109 646 3150 eorum
687 3108 787 3151 usu
846 3091 1096 3165 spolias?
1133 3089 1271 3159 Quis
1303 3092 1546 3148 avarus?
1597 3107 1667 3148 an
1709 3108 1821 3148 non
1870 3094 1917 3150 is
1950 3091 2044 3165 qui

457 3199 525 3241 eo
551 3185 696 3257 quod
728 3186 868 3242 satis
897 3183 993 3253 sit,
1023 3191 1320 3241 contentus
1352 3199 1464 3241 non
1495 3184 1622 3242 est?
1650 3183 1788 3252 Quis
1839 3188 2048 3258 spolia-

393 3287 395 3289 ‘
460 3278 582 3336 tor!
612 3280 660 3334 is
693 3276 790 3351 qui
812 3291 914 3334 sua
937 3278 1140 3350 cuique
1171 3276 1360 3349 eripit.
1395 3274 1477 3332 Tu
1501 3276 1674 3349 igitur
1694 3292 1906 3336 avarus
1929 3279 2043 3344 ille,

460 3381 518 3426 tu
555 3369 845 3442 spoliator,
881 3368 976 3442 qui
1007 3382 1073 3424 ea
1125 3383 1250 3440 quas
1284 3367 1642 3440 dispensandi
1674 3383 1844 3426 causa
1888 3384 2047 3426 acce-

463 3462 617 3535 pisti,
647 3462 746 3518 tibi
770 3460 875 3534 ipsi
910 3460 1182 3520 vindicas.
1218 3459 1280 3516 Si
1319 3459 1415 3532 qui
1465 3459 1678 3517 homini
1709 3471 1915 3519 vestem
1951 3461 2047 3520 de—

460 3546 649 3625 trahit,
677 3558 818 3612 citra
858 3553 1296 3614 controversiam
1320 3553 1410 3610 fur
1441 3561 1559 3621 est,
1593 3553 1686 3610 ille
1713 3554 1808 3625 qui
1836 3555 2043 3612 nudum

460 3665 568 3705 non
591 3647 791 3713 induit,
825 3661 949 3703 cum
975 3645 1033 3702 id
1067 3644 1251 3702 facere
1289 3643 1484 3716 possit,
1523 3644 1772 3718 nunquid
1804 3641 1916 3702 alio
1949 3660 2048 3702 no-

462 3745 612 3799 mine
636 3741 794 3799 debet
819 3737 1124 3812 appellari?
1153 3735 1416 3794 Famelici
1452 3745 1538 3794 est
1566 3737 1658 3794 ille
1689 3736 1849 3810 panis
1881 3754 2046 3811 quem

2145 480 2446 554 ύπερορᾷςί
2483 481 2590 534 Καὶ
2620 480 2873 554 κατηφὴς
2893 477 2967 549 ei,
2995 484 3093 537 καὶ
3116 481 3694 547 δυσέντευπτοςάκκλῦ

2142 593 2248 632 νων
2275 576 2373 640 τάς
2411 576 2770 646 ἀπαντήσεις,
2814 575 3000 648 μήπου
3024 592 3099 642 τι,
3135 575 3230 629 καὶ
3259 573 3450 647 μικρὶν
3478 573 3696 640 ἀναγκαη

2145 674 2279 747 σθῇς
2311 674 2422 729 τῶν
2450 673 2652 747 χειρῶν
2682 673 2955 730 ἐκϐαλεῖν.
2997 673 3144 729 Μίαν
3189 669 3338 736 οἶδας
3368 669 3577 741 φωνήν·
3605 670 3699 722 Οὐκ

2145 766 2274 840 ἔχω,
2305 765 2429 822 οὐδὲ
2459 767 2642 822 δώσω·
2677 767 2843 837 πένης
2872 767 2982 838 γάρ
3029 767 3167 838 εἰμι.
3199 765 3374 836 Πένης
3406 760 3457 819 ei
3485 763 3558 834 τῷ
3583 765 3699 827 δντι,

2145 863 2242 916 καὶ
2294 860 2479 934 mea;
2529 862 2733 926 παντὸς
2780 843 3023 929 ἀγαθοῦο
3061 861 3230 932 πένης
3274 858 3512 927 ἀγάπης,
3557 857 3701 926 πένης

2147 950 2584 1025 φιλανθρωπίας,
2615 951 2788 1022 πένης
2821 952 3060 1015 πίστεως
3087 951 3168 1014 είς
3192 948 3348 1013 Θεὸν,
3386 949 3549 1020 πένης
3574 947 3703 1003 ἑλπί-

2143 1045 2233 1109 δος
2269 1047 2368 1116 τῆς
2414 1043 2659 1099 αίωνίου.
2717 1043 3106 1117 Συμμεριστὰς
3151 1041 3379 1113 ποίησον
3415 1040 3522 1095 τῶν
3550 1040 3705 1112 σητῶν

2144 1135 2272 1200 τοὺς
2300 1134 2564 1205 ἀδελφούς
2603 1151 2721 1188 σου.
2754 1134 2828 1188 Τὸ
2863 1132 3057 1206 αὔριον
3089 1133 3403 1204 σηπόμενον
3427 1172 3442 1198 ,
3490 1132 3703 1202 σήμερον

2149 1230 2377 1305 μετάδος
2402 1233 2512 1295 τοῖς
2538 1229 2836 1300 δεομένοις.
2870 1226 3192 1294 Πλεονεξίας
3221 1221 3360 1289 εἶδος
3385 1225 3449 1279 τὸ
3478 1223 3706 1295 χαλεπὼ-

2145 1342 2327 1393 τατον,
2364 1322 2532 1396 μηδὲν
2560 1321 2668 1377 τῶν
2701 1320 3083 1394 φθειρομένων
3107 1322 3222 1384 τοῖς
3255 1318 3462 1373 ἑνδεέσι
3497 1333 3708 1387 καταμει

2146 1418 2318 1490 ρίσαι.
2353 1414 2510 1481 Τίνα,
2559 1417 2750 1488 φησὶν,
2799 1413 2992 1478 ἀδικῶ,
3044 1414 3286 1485 συνέχων
3338 1412 3409 1466 τὰ
3455 1409 3712 1484 ἐμαυτοῦς

2146 1510 2298 1575 ποτα,
2332 1505 2456 1562 sine
2493 1525 2607 1579 μοι,
2633 1505 2868 1574 σαυτοῦ;
2904 1505 3042 1577 Οὐχὶ
3079 1504 3290 1577 γυμνὸς
3325 1504 3588 1571 eam“;
3628 1504 3713 1573 τῆς

2145 1601 2426 1674 γαστρός;
2474 1601 2598 1675 οὐχὶ
2629 1601 2836 1674 γυμνὸς
2883 1600 3048 1655 πάλιν
3082 1601 3162 1661 εἰς
3201 1599 3298 1672 τὴν
3324 1599 3428 1670 γῆν
3470 1597 3717 1670 m9:-

2147 1714 2268 1771 φεις
2294 1715 2310 1765 ;
2339 1697 2410 1752 τά
2448 1696 2505 1752 δὲ
2545 1697 2794 1770 παρόντα
2821 1712 2906 1750 σοι
2925 1694 3127 1763 πόθιν;
3161 1695 3226 1748 Ei
3272 1693 3374 1766 μὶν
3397 1692 3513 1747 ἀπὸ
3543 1709 3718 1746 ταυτο-

2152 1790 2324 1864 μάτοο
2350 1789 2553 1862 λέγεις,
2585 1789 2742 1857 ἄθεος
2772 1783 2844 1858 si,
2875 1788 2956 1860 μὴ
2973 1786 3265 1860 γνωρίζων
3309 1787 3404 1842 τὸν
3435 1785 3715 1853 κτίσαντα,

2152 1880 2292 1961 μηδὲ
2314 1882 2479 1955 χάριν
2517 1882 2659 1954 ἔχων
2677 1880 2757 1954 τῷ
2782 1874 3062 1937 δεδωκότι.
3081 1880 3147 1936 Ei
3184 1880 3244 1935 δὲ
3277 1880 3560 1952 ὁμολογεῖς
3594 1873 3718 1934 εἶναι

2150 1976 2304 2049 παρά
2325 1974 2487 2043 Θεοῦ,
2536 1976 2659 2031 εἰπὲ
2683 1976 2775 2031 τὸν
2806 1975 2968 2046 λόγον
2993 1974 3060 2030 δι’
3103 1973 3164 2031 δν
3190 1973 3403 2039 ἔλαϐες.
3429 1973 3526 2045 Μὴ
3556 1972 3722 2037 ἄδικος

2150 2071 2180 2126 6
2205 2070 2361 2138 Θεὸς,
2391 2073 2421 2125 6
2441 2070 2644 2136 ἀνίσως
2663 2071 2796 2143 ἡμῖν
2823 2068 3048 2143 διαιρῶν
3077 2069 3146 2126 τὰ
3163 2069 3262 2126 τοῦ
3291 2069 3449 2142 βίους
3474 2070 3568 2124 διὰ
3590 2067 3637 2123 τί
3665 2069 3721 2123 σὺ

2155 2165 2258 2238 μὲν
2278 2163 2551 2231 πλουτεῖς,
2589 2162 2880 2230 ὲκεῑνοςδὶ
2906 2164 3211 2237 πένεται,ῆ
3247 2165 3471 2230 πάντως
3509 2162 3595 2218 ῑνα
3639 2161 3724 2217 καὶ

2153 2257 2220 2312 σὺ
2241 2257 2620 2329 χρηστότητος
2656 2256 2754 2312 καὶ
2782 2258 2983 2330 πιστῆς
3013 2256 3331 2328 οίκονομίας
3373 2255 3570 2330 μισθὸν
3605 2255 3722 2310 ὑπο-

2151 2348 2300 2422 δέξῃ,
2351 2351 2606 2413 κάκεῖνος
2642 2351 2758 2414 τοῖς
2809 2350 3070 2422 μεγάλοις
3109 2348 3295 2414 ἄθλοις
3331 2351 3436 2422 τῆς
3463 2346 3724 2420 ὑπομονῆς

2149 2440 2388 2515 «mea;
2421 2442 2493 2497 Σὺ
2542 2441 2602 2497 δὲ
2634 2443 2815 2498 πάντα
2863 2444 2978 2507 τοῖς
3023 2439 3375 2514 ἀπληρῶτοις
3419 2442 3524 2512 τῆς
3551 2439 3728 2494 πλεον·

2151 2534 2304 2600 εξίας
2355 2535 2580 2600 κόλποις
2632 2534 3082 2609 περιλαμϐάνων,
3131 2533 3328 2590 οὐδένα
3374 2533 3484 2589 οἴει
3538 2533 3730 2588 ἀδικεῖν

2151 2628 2426 2693 τοσούτοις
2475 2629 2839 2703 ἀποστερῶν;
2897 2629 2982 2694 τίς
3015 2630 3164 2683 ἐστιν
3215 2629 3244 2682 6
3275 2627 3646 2698 πλεονέκτηςς
3679 2625 3729 2680 '0

2155 2719 2233 2794 μὴ
2260 2713 2518 2793 ἐμμένων
2546 2723 2614 2793 τῇ
2641 2721 2966 2796 αὐταρκείᾳ.
2990 2722 3090 2786 Τίς
3119 2721 3176 2776 δὲ
3206 2723 3235 2778 6
3263 2721 3680 2794 ἀποστερητής;
3706 2720 3730 2774 6

2151 2814 2558 2888 ἀφαιρούμενος
2609 2817 2681 2871 τά
2726 2817 2994 2871 ἑκάστων.
3025 2816 3098 2872 Σὺ
3139 2811 3200 2870 st
3230 2816 3258 2870 6
3290 2813 3648 2885 πλεονέκτης,
3673 2812 3730 2867 σὺ

2150 2909 2208 2964 δὲ
2249 2911 2652 2984 ἀποστερητὴς,
2709 2910 2746 2965 ἀ
2792 2911 2928 2984 πρὸς
2970 2909 3284 2982 οίκονομίαν
3331 2908 3524 2975 ἐδέξω,
3571 2905 3732 2961 ταῦτα

2153 3003 2260 3060 ίδια
2282 3002 2520 3059 σεαυτοῦ
2546 3002 2892 3076 ποιούμενος.
2928 3005 2992 3059 Εί
3021 3007 3052 3059 6
3092 3004 3191 3077 μὲν
3213 3001 3582 3074 ,ἐνδεδυμένον
3606 3001 3732 3054 ἀπο·

2150 3097 2398 3169 γυμνῶν,
2426 3095 2746 3171 λωποδύτης
2770 3096 3259 3171 ὁμολογηθήσεται,
3290 3097 3319 3150 6
3347 3093 3407 3150 δὶ
3427 3093 3640 3167 γυμνὸν
3667 3093 3732 3166 μὴ

2149 3189 2369 3256 ὲνδύων,
2397 3192 2698 3264 δυνάμενος
2732 3191 2893 3248 τοῦτο
2920 3193 3116 3260 ποιεῖν,
3161 3189 3329 3263 ἄλλης
3365 3187 3733 3262 προσηγορίας

2150 3285 2268 3340 ἐστὶ
2288 3284 2472 3354 ἄξιος;
2503 3285 2614 3341 Τοῦ
2647 3272 2941 3350 πεινῶν-τός
2972 3287 3124 3341 ἐστιν
3150 3286 3180 3348 6
3201 3283 3391 3357 ἄρτος,
3424 3283 3490 3338 ὃν
3529 3283 3595 3337 σὺ
3621 3297 3733 3336 κστ-

2137 3377 2298 3450 ,ἐχεις
2319 3393 2333 3409 ο
2367 3377 2946 3450 τοῦθγυμνητεύοντος,
2986 3377 3048 3432 τὸ
3095 3378 3335 3448 ἱμάτιον,
3379 3376 3410 3431 δ
3436 3376 3508 3431 σύ
3543 3373 3735 3445 φυλάτ-

2149 3485 2267 3533 τεις
2299 3469 2359 3522 ὲν
2397 3468 2710 3543 άποθήκαις
2730 3485 2746 3502 ο
2781 3470 2877 3526 τοῦ
2909 3468 3271 3542 ἀνυποδήτου,
3305 3469 3368 3524 τὺ
3407 3471 3686 3540 ὑπόδημα,
3709 3465 3736 3520 δ

2151 3562 2304 3633 παρά
2331 3565 2415 3617 σοὶ
2444 3563 2846 3637 κατασήπεται.
2876 3563 2985 3618 Τοῦ
3024 3563 3320 3638 χρῄζοντος
3346 3562 3408 3618 τὺ
3453 3561 3731 3636 ἀργύριον,

2149 3653 2178 3709 δ
2223 3657 2546 3731 κατῶρυξας
2600 3657 2746 3732 ἔχεις
2784 3676 2799 3691 ·
2837 3658 2979 3715 ὥστε
3025 3659 3302 3724 τοσούτοις
3351 3658 3588 3724 ἀδικεῖς,
3621 3658 3736 3712 ὅσον

2153 3752 2420 3824 παρέχειν
2448 3751 2702 3825 ὴδύνασο.

465 3839 707 3896 retines:
736 3837 870 3893 nudi
897 3843 984 3895 est
1008 3834 1392 3894 vestimentum
1411 3833 1632 3906 quodin
1659 3848 1788 3891 arca
1812 3848 2040 3908 servas;
2071 3847 2375 3905 excalceati
2407 3857 2539 3905 sunt
2575 3848 2654 3904 illi
2686 3847 2857 3905 calcei
2904 3847 3000 3920 qui
3066 3847 3211 3919 apud
3264 3854 3318 3904 te
3379 3859 3734 3917 corrumpun-

461 3945 585 4002 tur;
625 3932 837 4005 egentis
875 3931 1110 4003 denique
1154 3943 1351 3985 aurum
1402 3927 1541 3984 illud
1594 3927 1746 4000 quod
1781 3929 1935 3986 humi
1995 3933 2275 3998 defossum
2351 3942 2543 4000 habes.
2631 3944 2711 3999 Ac
2791 3941 3024 4015 proinde
3083 3950 3164 3998 tot
3226 3940 3487 3998 homines
3543 3936 3732 4010 injuria

460 4027 654 4093 amcis,
683 4035 820 4097 quot
851 4033 982 4082 sunt
1010 4023 1212 4096 quibus
1236 4023 1353 4079 haec
1370 4023 1618 4094 praebere
1653 4033 1898 4095 poteras.

537 4121 677 4178 Ibid.
705 4151 776 4161 —
826 4118 969 4188 Quid
1001 4121 1222 4175 tandem
1269 4126 1375 4182 est,
1407 4133 1440 4172 ο
1476 4117 1639 4180 bone,
1675 4121 1822 4188 quod
1859 4123 2056 4194 prohi-°

2229 4127 2297 4182 Τί
2321 4127 2383 4182 τὸ
2416 4126 2644 4192 κωλύον,
2675 4121 2722 4183 ὦ
2749 4128 3030 4202 ἄνθρωπε,
3064 4127 3202 4200 πρὸς
3240 4129 3342 4199 τὴν
3369 4130 3734 4202 μετάδοσιν;6

465 4216 905 4290 beatquominus
935 4213 1039 4288 pia:
1069 4209 1349 4284 largitioni
1382 4211 1646 4267 studeas?
1681 4213 1896 4286 Egerius
1927 4217 2044 4274 tabe

2159 4219 2358 4274 πεινῶν
2398 4221 2656 4294 τήκεταιο
2705 4223 2735 4276 6
2783 4223 3141 4296 γυμνητεύων
3175 4226 3475 4298 πήγνυται,
3514 4227 3544 4281 6
3575 4227 3732 4281 ἀπαιο

467 4309 834 4374 cousumitur,
867 4308 1047 4362 nudus
1080 4304 1284 4377 frigore
1327 4305 1573 4378 rigescit,
1612 4307 1902 4364 mendicus
1933 4309 2051 4364 suf-

2156 4311 2417 4383 τούμενος
2448 4314 2699 4386 ἄγχεται,
2737 4318 2828 4371 καὶ
2855 4316 2920 4372 σὺ
2965 4316 3066 4386 τὴν
3099 4316 3482 4390 ἐλεημοσύνην
3527 4319 3610 4386 είς
3643 4318 3731 4390 τὴν

470 4411 712 4465 iocatur;
777 4410 831 4457 ct
886 4409 944 4456 tu
997 4401 1406 4470 eleemosynam
1462 4400 1515 4455 in
1579 4408 1860 4471 posteram
1901 4402 2044 4459 dicat

2155 4407 2345 4478 αῦριον
2376 4407 2702 4475 ἀναϐάλλεις
2722 4427 2737 4478 ;

462 4498 691 4570 rejieisl

536 4589 727 4654 Eiusd.
757 4572 896 4643 Ῑιοιιι.
928 4587 1008 4643 Ad
1040 4587 1193 4643 divit.
1226 4619 1293 4630 —
1318 4589 1515 4646 Omnia
1551 4589 1605 4644 in
1643 4591 1762 4643 auri
1792 4595 2044 4644 naturam

463 4683 666 4739 mutari
691 4691 870 4752 Optas.
911 4680 1053 4748 Quid
1081 4682 1230 4738 enim
1273 4690 1359 4737 est
1399 4681 1548 4752 quod
1585 4680 1704 4736 auri
1737 4697 1904 4738 causa
1937 4698 2044 4737 non

465 4776 716 4832 moveas?
747 4773 1087 4830 frumentum
1119 4774 1216 4830 tibi
1253 4775 1306 4829 in
1343 4789 1539 4830 aurum
1570 4774 1823 4839 eﬂicitur,
1856 4777 2044 4831 vinum

463 4871 522 4924 in
573 4884 769 4924 aurum
829 4869 1158 4935 concrescit,
1221 4870 1359 4925 lana:
1407 4869 1461 4925 in
1498 4884 1694 4924 aurum
1731 4879 2040 4926 vertuntur.

467 4960 745 5030 Quidquid
810 4961 1284 5024 comminiscaris,
1346 4976 1542 5017 aurum
1607 4961 1702 5017 tibi
1760 4964 2040 5018 conciliat.

463 5056 760 5125 tpsummet
795 5069 993 5110 aurum
1021 5055 1265 5127 seipsum
1297 5067 1541 5124 generat,
1604 5055 1892 5112 fenoribus
1933 5060 2045 5112 sci.

462 5150 592 5204 licet
635 5146 784 5203 varie
823 5148 1268 5221 multiplicatum.
1317 5147 1476 5205 Nulla
1535 5151 1764 5206 satietas
1820 5150 2041 5220 accidit,

463 5242 610 5296 nulla
651 5242 924 5313 reperitur
955 5251 1099 5299 meta
1134 5243 1477 5314 cupiditatis.

533 5332 678 5390 Ibid.
707 5361 778 5375 --
810 5334 1028 5401 Quanto
1080 5337 1276 5408 opibus
1307 5337 1551 5409 augeris,
1601 5353 1666 5392 eo
1703 5339 1880 5410 magis
1909 5338 2042 5393 cha-

466 5431 626 5485 titate
648 5429 932 5485 minueris.
973 5427 1112 5498 Quid
1142 5446 1365 5497 maeres,
1397 5448 1429 5486 ο
1463 5430 1649 5498 homo,
1677 5431 1883 5487 caduca
1921 5446 2046 5502 pro-

454 5522 676 5592 jiciens,
708 5531 760 5578 et
788 5524 1057 5579 cmlorum
1087 5537 1316 5595 regnum
1347 5525 1664 5595 recipiens?
1689 5524 1801 5579 Cur
1841 5524 2042 5595 petenti

459 5631 648 5685 negas,
688 5625 742 5671 et
788 5618 920 5673 dare
961 5632 1205 5682 recusas,
1265 5633 1391 5674 cum
1442 5617 1661 5673 interim
1719 5618 2042 5673 innumeras

460 5717 772 5774 sumptuum
845 5708 1166 5764 occasiones
1249 5708 1577 5765 meditaris?
1641 5707 1783 5775 Quid
1867 5707 2039 5777 iudici

462 5800 840 5868 respondebis,
879 5802 971 5871 qui
1006 5804 1238 5870 parietes
1265 5803 1456 5868 vestis,
1491 5818 1589 5858 nec
1625 5802 1902 5858 hominem
1955 5802 2036 5856 in-

2076 4476 2127 4535 D

2223 4585 2371 4662 Εῦχῃ
2399 4585 2466 4641 τά
2503 4586 2685 4644 πάντα
2714 4587 2851 4660 πρὸς
2880 4587 2979 4660 τὴν
3010 4587 3103 4644 τοῦ
3128 4590 3333 4662 χρυσοῦ
3372 4593 3544 4661 φύσιν
3576 4605 3728 4663 μετα-

2156 4681 2442 4752 ϐληθῆναι,
2478 4681 2646 4736 Ποίαν
2678 4681 2736 4738 δὲ
2776 4682 3023 4754 μηχανὴν
3053 4681 3144 4737 διά
3167 4681 3260 4737 τὸν
3291 4683 3498 4756 χρυσὸν
3531 4683 3629 4737 οὐκ
3656 4684 3720 4736 ἐν

2155 4778 2326 4841 νοεῐς;
2358 4778 2386 4830 6
2414 4777 2560 4840 σῖτος
2598 4773 2798 4846 χρυσός
2820 4792 2904 4830 σοι
2927 4774 3160 4844 γίνεται,
3199 4777 3229 4829 6
3255 4770 3400 4840 οἶνος
3417 4778 3501 4842 είς
3536 4774 3720 4848 χρυσὸν

2157 4869 2592 4939 μεταπήγνυται,
2617 4869 2686 4923 τὰ
2706 4867 2828 4940 ἔριά
2855 4885 2937 4923 σοι
2962 4868 3375 4940 ἀποχρυσοῦται
3395 4886 3410 4902 ·
3432 4871 3581 4924 πᾶσα
3605 4867 3714 4923 ἐπί-

2155 4979 2272 5015 νοια
2324 4962 2524 5032 χρυσόν
2570 4978 2650 5014 σοι
2697 4960 2984 5032 προσάγει.
3041 4961 3214 5026 Αὐτὸς
3256 4962 3450 5016 ἑαυτὸν
3479 4962 3508 5013 6
3537 4959 3722 5034 χρυσὸς

2154 5057 2428 5125 ἀπογεννᾷ
2486 5053 3068 5126 πολυπλασιαζόμενον
3120 5056 3179 5109 ὲν
3229 5054 3575 5127 δανείσμασι,
3637 5052 3718 5107 καὶ

2155 5149 2312 5218 κόρος
2348 5149 2452 5202 οὐκ
2500 5146 2635 5211 ἔστι,
2682 5148 2778 5202 καὶ
2833 5147 3085 5219 τὸτέλος
3129 5147 3228 5219 τῆς
3281 5147 3579 5220 meum“
3628 5145 3718 5201 οὐκ

2152 5242 2548 5314 ἐξευρίσκεται.

2226 5338 2379 5408 Ὀσῳ
2413 5333 2732 5400 πλεονάζεις
2765 5334 2846 5408 τῷ
2874 5335 3098 5405 πλούτῳ
3119 5375 3136 5400 ,
3180 5333 3434 5388 τοσοῦτον
3466 5331 3712 5392 ἐλλείπεις

2150 5435 2216 5504 τῇ
2268 5433 2480 5503 ἀγάπῃ.
2525 5429 2622 5484 Διά
2678 5431 2728 5484 τί
2781 5429 3034 5501 ἀθυμεῖς,
3092 5421 3138 5482 ὦ
3190 5426 3470 5500 ἄνθρωπε,
3514 5422 3711 5496 φθαρτά

2154 5523 2498 5597 προϊέμενος,
2524 5523 2618 5576 καὶ
2668 5521 2948 5593 βασιλείαν
2981 5520 3231 5592 οὐρανῶν
3275 5518 3708 5589 ἀντιλαμϐάνων;

2153 5619 2250 5670 Διά
2272 5617 2323 5668 τί
2349 5618 2487 5688 ἀρνῇ
2517 5616 2610 5670 τὸν
2647 5615 2904 5669 αἰτοῦντα
2927 5658 2941 5682 ,
2989 5615 3085 5668 καὶ
3123 5611 3398 5684 ἀπαναίνῃ
3431 5612 3525 5683 τὴν
3555 5609 3704 5671 δόσιν,

2154 5712 2356 5781 μυρίας
2392 5708 2692 5780 προςάσεις
2715 5708 3090 5779 ἀναλωμάτων
3109 5705 3377 5771 ὲπινοῶν;
3411 5703 3476 5759 Τί
3496 5703 3702 5772 ἀποκριο

2151 5803 2290 5873 θήσῃ
2327 5801 2402 5872 τῷ
2434 5803 2616 5873 κριτῇ,
2648 5804 2676 5855 ὁ
2704 5802 2830 5866 τοὺς
2861 5800 3076 5872 τοίχους
3104 5797 3473 5872 ἀμφιεννύων,
3505 5795 3700 5866 ἄνθρω-
