3930 6248
424 327 564 428 ιιιέτ

1633 354 1694 414 S.
1734 348 2053 413 JOANNIS
2091 347 2524 411 DAMASCENI

3549 346 3668 414 1488

427 471 737 549 patrocinio
768 471 1066 538 subnixus,
1093 467 1241 527 omni
1270 473 1631 525 excusatione
1655 479 1877 530 carens,
1911 479 2010 534 pu-

2137 459 2331 526 είκόνας
2353 478 2368 496 ·
2402 460 2554 517 ἐνθεν
2589 458 2683 515 τοῦ
2708 459 2943 534 ούρανοῦ
2968 473 3038 515 τα
3069 461 3304 533 δάκρυα,
3336 461 3541 517 ἐκεῖθεν
3583 467 3670 536 τῆς

429 575 563 626 dore
589 568 835 625 suﬂ'usus
859 567 1214 639 relinqueris,
1249 563 1449 630 tristis,
1481 569 1740 626 maestus,
1759 558 2014 615 desertus

428 667 498 720 ab
523 663 803 728 omnibus,
837 669 984 718 metu
1023 657 1361 733 proﬂigatus.
1385 655 1617 726 Quoquo
1655 653 1804 710 enim
1827 651 2017 707 oculo.

430 776 554 814 rum
586 758 762 813 aciem
798 755 1164 822 converteris,
1217 752 1538 825 perspicuas
1573 747 1840 804 malorum
1871 745 2014 800 ima-

430 855 588 927 gines
619 867 855 910 cernes:
889 849 1020 906 hinc
1053 847 1250 920 pupilli
1294 847 1589 917 lacrymas,
1635 841 1788 896 illinc
1835 837 2017 894 viduae

429 950 700 1020 gemitus;
745 945 969 1002 aliunde
997 956 1270 1016 pauperes
1302 955 1445 1012 quos
1473 936 1671 1010 pugnis
1711 931 2017 992 contunde-

430 1044 556 1107 has,
590 1039 820 1096 famulos
839 1052 979 1111 quos
1008 1036 1198 1109 ﬂagris
1229 1033 1538 1096 lacerabas,
1573 1029 1785 1085 vicinos
1816 1026 2018 1098 quibus

429 1134 782 1192 stomachum
813 1131 1092 1188 movebas.
1125 1128 1288 1202 487
1307 1124 1503 1183 Omnia
1536 1123 1590 1178 in
1620 1131 1670 1177 te
1690 1121 2013 1189 insurgent:

426 1230 611 1285 malus
640 1237 694 1284 te
729 1226 1066 1299 ﬂagitiorum
1099 1233 1322 1280 tuorum
1348 1219 1550 1276 chorus
1572 1210 2015 1270 circumsidebit.

437 1321 595 1376 Velut
641 1321 786 1376 enim
838 1318 1033 1374 umbra
1089 1331 1327 1388 corpus,
1386 1313 1468 1368 sic
1527 1308 1743 1364 animas
1795 1312 2018 1378 peccata

430 1415 788 1481 comitantur,
819 1410 1022 1484 quibus
1051 1425 1140 1466 res
1176 1415 1344 1482 gestas
1377 1402 1674 1477 perspicue
1720 1413 2021 1471 repraesen-

433 1520 640 1564 tantur.
680 1505 1048 1574 Quamobrem
1077 1503 1265 1559 nullus
1311 1500 1427 1555 illic
1461 1493 1792 1554 inliciationi
1839 1492 2015 1557 locus,

434 1603 529 1660 sed
577 1619 640 1659 os
688 1600 981 1674 impudens
1013 1597 1324 1654 obturatur.
1384 1592 1520 1665 Ipsa:
1572 1589 1721 1647 enim
1774 1586 2020 1641 actiones

434 1697 698 1752 adversus
727 1703 1178 1763 unumquemque
1216 1683 1591 1743 testimonium
1645 1679 1880 1736 dicunt:
1911 1690 2017 1731 non

436 1799 497 1844 ut
527 1801 719 1842 vocem
745 1784 1020 1845 emittant,
1062 1778 1160 1836 sed
1193 1783 1253 1833 ut
1302 1776 1439 1832 tales
1479 1778 1799 1844 appareant,
1829 1767 2019 1839 quales

428 1895 467 1935 ι
501 1878 662 1935 nobis
696 1881 1021 1949 perpetratae
1045 1877 1197 1929 sunt.
1227 1869 1480 1938 Quonam
1516 1838 1704 1935 porro
1739 1838 1901 1915 modo
1928 1873 2018 1914 res
2051 1838 2092 1894 Β

436 1989 614 2046 usque
636 1971 772 2028 adeo
806 1967 1112 2025 horrendas
1150 1964 1224 2021 ob
1248 1962 1443 2018 oculos
1471 1973 1666 2030 queam
1708 1951 2020 2026 subjicere?

428 2069 500 2125 'Si
523 2081 656 2139 ergo
682 2064 943 2129 audieris,
984 2062 1030 2119 si
1063 2068 1305 2117 mentem
1345 2053 1698 2117 submiseris,
1724 2047 1829 2106 diei
1871 2046 2022 2103 illius

439 2171 739 2227 memento,
773 2159 826 2215 in
878 2173 989 2230 qua
1043 2154 1280 2213 illustris
1323 2160 1380 2208 et
1415 2147 1694 2222 gloriosus
1751 2140 2022 2198 adventus

437 2257 648 2314 Christi
705 2252 1059 2311 revelabitur.
1118 2246 1277 2302 Tunc
1316 2237 1689 2301 resurrecturi
1740 2242 1893 2300 sunt,
1943 2231 2024 2288 illi

430 2351 663 2420 quidem
701 2348 793 2419 qui
825 2345 969 2402 bona
1001 2348 1261 2415 egerunt,
1291 2337 1346 2393 in
1371 2331 1832 2391 resurrectionem
1866 2324 2022 2391 vitar;

441 2446 534 2517 qui
583 2458 713 2499 vero
766 2441 929 2506 mala,
990 2437 1047 2493 in
1097 2430 1554 2492 resurrectionem
1609 2421 1826 2496 judicii.
1868 2417 2024 2474 Tunc

443 2540 782 2612 sempiterna
861 2530 1250 2606 peccatoribus
1345 2520 1646 2598 ignominia
1721 2517 1873 2581 erit,
1972 2521 2027 2570 et

446 2609 591 2706 ignis
617 2628 897 2688 aemulatio
931 2640 1052 2698 qua:
1082 2629 1373 2680 consumat
1416 2611 1786 2672 adversarios.
1819 2609 1918 2663 llla
1974 2615 2028 2663 te

443 2703 683 2783 maerore
715 2720 970 2788 alliciant,
989 2733 1100 2774 non
1125 2724 1307 2772 autem
1343 2711 1524 2784 ipsum
1559 2706 1654 2763 Dei
1683 2703 2023 2762 mandatum.

437 2823 695 2889 Quanam
748 2827 802 2876 te
859 2815 1072 2872 ratione
1132 2803 1548 2868 commovebo?
1612 2800 1743 2872 quid
1801 2795 2030 2870 loquar?

441 2915 618 2989 Regni
655 2924 708 2972 te
745 2910 894 2968 nulla
941 2904 1219 2980 cupiditas
1275 2909 1424 2958 tenet
1468 2914 1484 2953 :
1537 2896 1722 2953 nullus
1763 2896 2031 2967 gehennae

445 2988 648 3068 metus.
709 3006 996 3064 Undenam
1050 2999 1248 3056 animas
1304 3003 1411 3052 tuas
1467 2991 1701 3065 reperiri
1755 2988 2030 3045 medicina

446 3098 811 3178 queat?Nam
845 3095 915 3162 si,
956 3108 1061 3152 nec
1091 3107 1156 3150 ea
1183 3105 1309 3164 qua:
1342 3088 1633 3144 horrorem
1673 3083 1899 3148 habent,
1933 3080 2030 3137 tibi

2115 554 2291 626 χήρας
2337 555 2431 609 τὸν
2479 553 2821 625 στεναγμὸν,
2869 553 3140 626 ἑτέρωθεν
3172 557 3303 620 τοὺς
3358 559 3671 612 κατακονδυο

2114 645 2400 712 λισθέντας
2447 645 2556 701 ἀπὸ
2602 645 2698 701 σοῦ
2736 646 2978 719 πένητας
2998 687 3014 712 ,
3045 647 3173 711 τοὺς
3201 647 3418 713 οίκέτας
3441 646 3532 715 οὓς
3559 667 3676 704 κατ·-

2116 738 2346 806 έξαινες,
2377 741 2629 810 γείτονας
2658 739 2751 805 οὓς
2785 739 3163 812 παρώργιζες,
3185 741 3362 795 πάντα
3388 759 3472 795 σοι
3498 744 3678 799 ἐπανα-

2117 835 2400 906 στήσεται·
2450 832 2690 906 πονηρὸς
2726 833 2886 906 χορὸς
2929 833 3040 887 τῶν
3095 834 3285 889 κακῶν
3319 852 3413 888 σου
3445 836 3682 907 πράξεων

2117 926 2599 998 περιστοιχήσεταί
2647 942 2750 980 σοι.
2794 926 3007 999 ’Ὠσπερ
3051 927 3161 999 γὰρ
3218 929 3253 999 ὴ
3306 928 3440 982 σκιά
3477 928 3553 1000 τῷ
3589 929 3683 984 adl-

2122 1036 2276 1090 ματι,
2306 1019 2452 1074 οὕτω
2481 1020 2601 1085 ταῖς
2629 1019 2832 1091 ψυχαῖς
2871 1020 3143 1092 ἁμαρτίαι
3165 1023 3528 1092 παρέπονται,
3553 1022 3688 1094 ἐναρ-

2117 1108 2230 1180 γῶς
2263 1109 2363 1174 τὰς
2395 1108 2626 1181 πράξεις
2659 1109 3043 1177 είκονίζουσαι.
3090 1111 3193 1166 Διά
3222 1111 3384 1166 τοῦτο
3424 1113 3526 1167 ούκ
3559 1113 3690 1169 ἔστιν

2117 1203 2348 1276 ἄρνησις
2401 1205 2540 1270 ἐκεῖ,
2580 1203 2717 1258 ἀλλά
2763 1205 3068 1277 φράσσεται
3117 1206 3297 1277 στόμα
3326 1205 3688 1278 ἀναίσχυντον.

2117 1296 2266 1351 Αύτά
2303 1295 2411 1370 γὰρ
2438 1297 2674 1352 ἑκάστου
2700 1301 3119 1372 καταμαρτυρεῖ
3163 1300 3235 1354 τά
3275 1300 3605 1373 πράγματα,
3639 1301 3694 1354 ού

2119 1388 2303 1463 φωνὴν
2356 1391 2608 1460 ἀφιέντα,
2662 1390 2799 1446 ἀλλά
2843 1391 3072 1447 τοιαῦτα
3124 1396 3455 1464 φαινόμενα,
3488 1386 3576 1447 οἷα
3615 1391 3694 1463 ὑφ’

2117 1483 2279 1556 ἡμῶν
2325 1484 2789 1541 κατεσκεύασται.
2846 1485 2973 1551 Πῶς
3025 1503 3110 1539 σοι
3163 1484 3382 1556 δυνηθῶ
3439 1485 3532 1539 ὑπ’
3586 1484 3696 1555 ὄψιν

2121 1576 2352 1646 ἀγαγεῖν
2384 1576 2452 1630 τὰ
2505 1577 2746 1649 φρικτάς
2804 1577 2930 1633 Ἐὰν
2975 1578 3086 1650 ἄρα
3134 1577 3403 1652 ἀκούσῃς,
3457 1577 3556 1632 ἐὰν
3601 1579 3699 1649 ἄρα

2121 1670 2309 1741 ἐνδῷς,
2345 1670 2615 1743 μνήσθητι
2660 1672 2760 1743 τῆς
2801 1670 3016 1744 ἡμέρας
3051 1669 3292 1743 ἐκείνης,
3329 1673 3390 1726 ἐν
3503 1672 3701 1726 ἀποκα-

2120 1763 2385 1818 λύπτεται
2418 1762 2628 1830 ἔνδοξος
2669 1763 2762 1818 τοῦ
2794 1764 3035 1837 Χριστοῦ
3079 1765 3375 1836 παρουσία.
3411 1764 3546 1818 Τότε
3579 1765 3699 1819 ἀνα-

2123 1857 2431 1927 στήσονται,
2465 1856 2515 1909 οἱ
2551 1856 2651 1928 μὲν
2697 1854 2767 1910 τά
2809 1855 2992 1925 ἀγαθά
3022 1857 3331 1929 πράξαντες
3366 1857 3449 1921 είς
3482 1858 3705 1912 ἀνάστα-

2124 1967 2210 2006 σιν
2249 1950 2417 2017 ζωῆς,
2464 1950 2513 2005 οἱ
2555 1950 2613 2004 δέ
2657 1950 2729 2004 τά
2767 1948 2966 2020 φαῦλα,
3005 1951 3086 2015 είς
3113 1951 3412 2006 ἀνάστασιν
3456 1950 3702 2022 κρίσεως.

2124 2044 2261 2099 Τότε
2307 2042 2537 2115 αἰσχύνη
2584 2042 2803 2107 αἰώνιος
2839 2045 2954 2108 τοῖς
2991 2043 3363 2116 ἁμαρτωλοῖς,
3397 2044 3503 2098 καὶ
3548 2045 3706 2116 πυρὸς

2125 2137 2287 2209 ζῆλος
2320 2135 2524 2191 ἐσθίειν
2554 2134 2766 2208 μέλλων
2793 2136 2921 2200 τοὺς
2951 2134 3328 2201 ὑπεναντίους.
3367 2137 3595 2191 Ἐκεῖνα
3619 2136 3707 2190 λυ-

2126 2232 2295 2286 πείτω
2321 2248 2404 2298 σε,
2431 2231 2527 2285 καὶ
2565 2230 2640 2303 μὴ
2670 2229 2910 2283 λυπείτω
2953 2245 3012 2284 σε
3044 2229 3079 2301 ἡ
3102 2229 3312 2304 ἐντολή.
3355 2229 3492 2295 Πῶς
3527 2247 3588 2285 σε
3623 2230 3707 2286 δυ·

2127 2326 2402 2396 σωπήσως
2437 2323 2489 2378 τί
2523 2323 2866 2395 φθέγξομαις
2907 2323 3199 2388 Βασιλείας
3242 2324 3344 2378 ούκ
3387 2324 3708 2395 ἐπιθυμεῖς·

2125 2418 2354 2486 γέενναν
2379 2418 2439 2470 ού
2473 2415 2638 2488 φοϐῇ.
2669 2414 2843 2470 Πόθεν
2877 2413 3079 2486 εὐρεθῇ
3120 2414 3265 2480 ῐασις
3292 2417 3362 2487 τῇ
3391 2414 3547 2487 ψυχῇ
3591 2431 3710 2480 σονς

2127 2514 2189 2568 Ei
2218 2510 2287 2567 τὰ
2322 2510 2528 2584 φρικτὰ
2561 2509 2622 2564 ού
2658 2512 2836 2576 πτοεῖ,
2868 2508 2935 2563 τὰ
2965 2507 3168 2580 φαιδρὰ
3218 2509 3280 2563 οὐ
3322 2509 3713 2582 προτρέπεται,

2125 2603 2304 2676 λιθίνῃ
2353 2602 2554 2676 καρδίᾳ
2607 2600 2990 2673 διαλεγόμεθα.
3046 2599 3368 2670 Διάῦλεψον,
3445 2600 3714 2674 ἄνθρωπε,

2131 2697 2266 2772 πρὸς
2305 2697 2407 2770 τὴν
2440 2696 2604 2770 φύσιν
2630 2695 2727 2750 τοῦ
2767 2694 3021 2750 πλούτου.
3055 2694 3122 2748 Τί
3157 2692 3414 2749 τοσοῦτον
3457 2695 3718 2768 ἐπτόησαι

2129 2795 2260 2865 περὶ
2294 2792 2387 2847 τὸν
2415 2792 2654 2864 χρυσόν;
2684 2789 2835 2854 λίθος
2865 2788 3016 2844 ἐστὶν
3043 2790 3074 2844 6
3105 2788 3310 2860 χρυσός
3331 2804 3346 2821 ο
3378 2785 3538 2853 λίθος
3573 2791 3602 2842 6
3627 2787 3720 2860 ἄρο

2131 2901 2331 2960 γυροςο
2379 2885 2527 2949 λίθος
2555 2886 2583 2939 6
2618 2882 3004 2956 μαργαρίτηςο
3037 2880 3187 2946 λίθος
3225 2880 3336 2934 τῶν
3377 2878 3552 2934 λίθων
3596 2879 3722 2934 ἐκα-

2134 2998 2281 3047 στος,
2327 2979 2668 3053 χρυσόλιθον,
2717 2977 2813 3034 καὶ
2865 2975 3178 3051 βηρύλλιον,
3211 2974 3310 3030 καὶ
3347 2974 3590 3047 ἀχάτης,
3637 2974 3724 3028 καὶ

2133 3071 2411 3139 ὑάκινθος,
2461 3071 2557 3125 καὶ
2588 3069 2886 3142 ἀμέθυσος,
2928 3068 3024 3123 καὶ
3054 3068 3261 3131 ῖασπις.
3291 3066 3491 3122 Ταῦτα
3542 3066 3608 3139 δὴ
3633 3063 3723 3120 τοῦ

447 3157 713 3256 terrorem
739 3191 1038 3254 incutiunt,
1070 3202 1175 3244 nec
1204 3195 1256 3242 te
1275 3197 1401 3256 quae
1431 3181 1551 3237 lteta
1589 3184 1722 3235 sunt
1777 3175 2030 3238 incitant,

2137 3165 2370 3221 πλούτου
2414 3164 2484 3220 τὰ
2532 3163 2692 3236 ἄνθη,
2724 3157 2802 3220 ὧν
2833 3164 2920 3230 σὺ,
2954 3161 3023 3218 τὰ
3055 3162 3154 3234 μὲν
3184 3159 3418 3233 ἀποτιθῇ
3454 3161 3728 3233 κατακρύ·

450 3291 516 3349 ad
547 3302 773 3346 saxeum
800 3291 989 3358 pectus
1016 3278 1174 3335 nobis
1200 3285 1284 3333 est
1309 3271 1512 3330 oratio.
1534 3268 1762 3338 Oculos,
1785 3281 1818 3322 ο
1842 3266 2033 3329 homo,

451 3387 518 3441 ad
550 3396 713 3455 opum
759 3353 1016 3435 naturam
1045 3369 1285 3440 conjice.
1331 3364 1472 3435 Quid
1524 3375 1720 3417 aurum
1780 3357 1918 3414 adeo
1965 3353 2034 3410 ad

449 3492 732 3552 stuporem
784 3485 959 3544 usque
990 3463 1325 3524 admiraris!
1360 3458 1528 3531 Lapis
1556 3463 1643 3513 est
1692 3466 1913 3518 aurum,
1946 3466 2038 3506 ar-

449 3545 673 3648 gentum
726 3568 903 3641 lapis,
965 3558 1264 3634 margarita
1323 3554 1486 3626 lapis.
1540 3549 1734 3618 Quivis
1791 3545 2034 3619 lapidum

450 3639 592 3740 lapis
620 3673 705 3722 est
737 3681 750 3719 :
786 3639 1186 3731 chrysolithos,
1218 3648 1487 3721 beryllus,
1525 3645 1775 3707 achates,
1810 3639 2040 3712 hyacin-

449 3733 604 3826 th-us,
629 3753 975 3824 amethystus
993 3744 1257 3818 etjaspis.
1285 3739 1453 3811 Atqui
1480 3739 1532 3794 bi
1565 3747 1694 3793 sunt
1719 3733 2039 3790 divitiarum

443 3825 640 3916 liores,
671 3862 814 3922 quos
845 3853 903 3900 tu
930 3841 1129 3915 partim
1157 3834 1477 3892 reconditos
1511 3830 1706 3892 habes,
1735 3829 1808 3883 ita
1837 3833 1896 3880 ut
1926 3825 2040 3896 pel-

453 3945 668 4004 lucidos
689 3919 902 4014 lapides
933 3933 1179 3993 tenebris
1219 3926 1489 3995 mandes;
1527 3926 1730 3997 partim
1784 3921 1905 3992 ipse
1930 3919 2042 3973 cir-

454 4037 715 4103 cumfers,
747 4010 986 4089 eximios
1026 4024 1244 4084 scilicet
1293 4021 1418 4076 illos
1460 4030 1697 4090 quorum
1747 4010 2043 4084 splendore

455 4129 738 4207 gloriaris.
799 4123 976 4181 Velim
1033 4119 1189 4176 dicas
1239 4113 1374 4188 quid
1424 4111 1521 4168 tibi
1588 4106 1809 4163 tandem
1863 4103 2044 4174 prosit

457 4193 842 4282 coruscantem
865 4212 1072 4287 lapillis
1102 4223 1327 4265 manum
1363 4204 1606 4275 undique
1635 4193 2045 4269 contorquere?

458 4319 581 4378 Non
608 4328 660 4374 te
695 4313 863 4388 pudet
890 4323 1002 4380 pm
1037 4304 1263 4362 fastidio
1292 4299 1505 4372 lapides
1544 4301 1824 4388 appetere,
1864 4287 2046 4362 gravi-

460 4413 655 4466 darum
688 4382 1020 4462 feminarum
1054 4411 1228 4455 more.
1256 4391 1327 4448 Ut
1356 4390 1504 4447 enim
1549 4387 1656 4442 illa:
1703 4382 1915 4455 lapides
1949 4394 2044 4434 ro-

460 4505 622 4569 dunt,
659 4501 740 4556 sic
769 4505 833 4552 tu
857 4505 1077 4566 quoque
1104 4485 1337 4545 eximios
1376 4492 1628 4553 quosque
1677 4475 1886 4548 lapides
1923 4483 2044 4524 ma-

2136 3281 2309 3329 πτων,
2347 3263 2443 3318 καὶ
2486 3261 2612 3327 τοὺς
2643 3262 2929 3331 διαφανεῖς
2965 3259 3073 3314 τῶν
3113 3257 3280 3313 λίθων
3313 3257 3391 3331 τῷ
3421 3259 3615 3314 σκότει
3640 3276 3729 3312 κα-

2136 3355 2505 3429 τακρύπτεις·
2560 3353 2691 3418 τοὺς
2747 3352 2804 3406 δὲ
2856 3351 3181 3424 περιφέρεις
3221 3348 3332 3404 τῶν
3386 3349 3726 3423 βαρυτίμων,

2138 3449 2572 3522 ἐναδρυνόμενος
2620 3446 2802 3502 αὐτῶν
2831 3448 2899 3518 τῇ
2925 3447 3090 3516 αὐγῇ.
3133 3443 3293 3510 Εἰπὲ,
3324 3444 3380 3498 τί
3422 3461 3514 3498 σοι
3546 3443 3729 3515 θφελος

2139 3547 2308 3611 λίθοις
2354 3543 2721 3616 λαμπομένην
2763 3541 3155 3613 περιστρέφειν
3210 3537 3311 3610 τὴν
3365 3541 3569 3612 χεῖρας
3625 3539 3732 3594 Οὐκ

2141 3641 2402 3715 ἐρυθριᾷς
2443 3637 2684 3692 λιθιδίων
2717 3635 2945 3699 κισσῶν,
2984 3633 3061 3700 ὡς
3116 3635 3378 3704 γυναῖκες
3419 3634 3556 3687 ὅταν
3599 3633 3732 3687 κύω-

2145 3755 2229 3792 σιν
2250 3753 2265 3802 ;
2290 3736 2384 3791 καὶ
2415 3733 2526 3806 γὰρ
2555 3733 2764 3787 ἐκεῖναι
2807 3729 3008 3783 λιθίδια
3047 3725 3515 3799 περιτρώγουσιν,
3550 3727 3647 3782 καὶ
3673 3727 3733 3782 σὺ

2141 3830 2341 3902 λίχνως
2373 3827 2522 3899 ἔχεις
2559 3825 2690 3895 περὶ
2727 3823 2796 3879 τὰ
2833 3822 2970 3894 ἄνθη
3002 3820 3112 3876 τῶν
3139 3819 3328 3885 λίθων,
3375 3821 3731 3893 σαρδόνυχας,

2148 3924 2425 3986 ἱάσπιδας,
2473 3919 2569 3974 καὶ
2616 3916 2928 3990 ἀμεθύσους
2968 3913 3269 3985 ἐπιζητῶν.
3307 3913 3405 3977 Τίς
3454 3913 3732 3967 καλλωπι-

2147 4017 2318 4082 σθεὶς,
2340 4016 2467 4088 μίαν
2484 4011 2697 4086 ἡμέραν
2719 4008 2960 4082 ἠδυνήθη
2983 4007 3060 4080 τῷ
3084 4005 3184 4079 βίῳ
3214 4005 3575 4078 προσθεῖναι;
3598 4004 3732 4067 τίνος

2146 4111 2406 4183 ἐφείσατο
2453 4108 2685 4171 θάνατος
2735 4104 2825 4159 διά
2858 4101 2949 4156 τὸν
2979 4099 3239 4166 πλούτον;
3281 4099 3426 4163 τίνος
3465 4097 3734 4169 ἀπέσχετο

2147 4203 2299 4269 νόσος
2336 4202 2423 4256 διὰ
2468 4198 2538 4254 τὰ
2568 4198 2829 4271 χρήματα
2858 4213 2875 4262 ;
2907 4193 3054 4256 Ἕως
3082 4189 3212 4245 πότε
3252 4189 3479 4262 χρυσὸς,
3502 4190 3616 4242 τῶν
3641 4189 3734 4257 ψυ·

2147 4295 2260 4369 χῶν
2299 4298 2333 4368 ἠ
2368 4293 2599 4364 ἀγχόνη,
2634 4290 2729 4344 τοῦ
2766 4287 3002 4343 θανάτου
3052 4283 3113 4338 τὸ
3159 4283 3482 4354 ἄγκιστρον,
3534 4280 3597 4336 τὸ
3641 4279 3733 4350 τῆς

2148 4387 2426 4458 ἁμαρτίας
2473 4383 2706 4454 δέλεαρ;
2733 4380 2842 4444 ’έως
2893 4377 3023 4432 πότε
3078 4373 3330 4439 πλοῦτος,
3359 4376 3394 4446 ἡ
3429 4373 3546 4428 τῶν
3581 4371 3733 4427 πολέ-

2155 4500 2270 4554 μων
2305 4480 2584 4544 ὑπόθεσις,
2621 4476 2690 4530 δι’
2729 4467 2806 4530 ὢν
2861 4469 3190 4545 χαλκεύεται
3223 4469 3364 4524 ὅπλα
3385 4484 3402 4533 ;
3427 4467 3513 4522 διδ
3544 4465 3733 4522 ἀκονᾶν

459 4561 637 4668 jorem
674 4594 730 4647 in
790 4561 1014 4644 modum
1064 4579 1297 4653 appetis,
1342 4570 1745 4644 sardonyches,
1775 4564 2034 4638 jaspides,

2149 4593 2238 4628 ται
2273 4573 2438 4642 ξίφης
2471 4569 2560 4625 διὰ
2589 4566 2748 4623 τοῦτο
2795 4567 3078 4635 συγγενεῖς
3118 4562 3375 4633 ἀγνοοῦσι
3417 4561 3522 4633 τὴν
3557 4561 3730 4631 φύσιν.

467 4657 521 4746 et
553 4686 890 4756 amethystos
929 4670 1315 4751 perquirendo.
1345 4667 1550 4739 Ecquis
1586 4669 1786 4719 ornatu
1828 4657 2046 4714 adhibi-

469 4798 546 4850 to,
588 4782 673 4839 vel
711 4793 822 4835 uno
857 4775 945 4832 die
982 4782 1275 4844 prorogare
1311 4763 1418 4819 sibi
1465 4762 1632 4815 vitam
1678 4753 1897 4828 potuit?
1926 4751 2046 4807 cui-

468 4894 594 4934 nam
630 4889 778 4931 mors
807 4871 878 4928 ob
898 4867 1120 4924 divitias
1149 4871 1204 4917 et
1239 4874 1371 4930 opes
1396 4851 1675 4927 pepercit?
1699 4865 1726 4903 a
1760 4862 1869 4918 quo
1899 4859 2048 4899 mor-

470 4979 571 5028 bus
592 4975 811 5042 propter
827 4961 1187 5035 pecuniarum
1216 4953 1406 5023 copias
1430 4942 1736 5002 abstinuit?
1752 4940 2050 5008 QuouSque

469 5037 710 5121 tandem
744 5073 940 5115 aurum
1006 5053 1318 5109 animarum
1379 5046 1608 5115 laqueus
1661 5039 1797 5103 erit,
1855 5037 2051 5088 hamus

473 5158 685 5220 mortis,
735 5149 942 5224 peccati
993 5141 1284 5200 ilicet-bra?
1342 5147 1633 5209 quousque
1667 5129 1894 5194 divitiae,
1934 5138 2053 5194 quae

473 5253 739 5309 bellorqu
771 5252 1029 5317 parentes
1061 5244 1213 5304 sunt,
1256 5234 1325 5291 ob
1363 5245 1502 5304 quas
1552 5226 1826 5284 cudcntur
1876 5233 2051 5281 arma,

473 5358 636 5401 enses
682 5335 993 5397 acuuntur?
1045 5333 1118 5412 ob
1183 5344 1277 5386 eas
1344 5322 1564 5397 cognati
1629 5326 1880 5375 naturam
1942 5325 2053 5367 non

466 5443 806 5511 agnoscunt,
839 5430 1038 5485 fratres
1068 5419 1428 5494 sanguinario
1457 5429 1579 5474 sese
1609 5411 1770 5468 oculo
1786 5414 2056 5466 contuen-

476 5500 587 5589 ιιῖτ.
632 5527 859 5598 Propter
907 5536 1042 5593 opes
1099 5518 1316 5573 deserta
1374 5513 1492 5568 loca
1541 5507 1829 5580 praedones
1881 5500 2057 5562 alunt,

480 5640 630 5680 mare
673 5623 902 5692 piratas,
939 5592 1102 5670 urbes
1165 5607 1564 5682 syc0phantas.
1616 5599 1754 5667 Quis
1789 5592 2059 5654 mendacii

483 5726 639 5790 pater
663 5684 774 5769 est?
809 5710 934 5782 quis
977 5706 1126 5761 falsa
1165 5695 1596 5769 conscriptionis
1636 5689 1884 5747 artifex?
1932 5684 2061 5761 quis

486 5809 714 5884 periurii
749 5801 1106 5878 procreatur?
1135 5799 1220 5853 An
1269 5811 1377 5850 non
1410 5790 1579 5865 Opes?
1605 5805 1672 5843 an
1706 5801 1813 5842 non
1843 5796 2062 5841 earum-

489 5873 612 5960 dem
668 5873 1108 5963 stu-diuumquid
1163 5889 1340 5955 vobis,
1401 5903 1432 5943 ο
1487 5882 1773 5949 mortales,
1827 5873 2064 5934 accidit?

2153 4667 2374 4736 ἀδελφοὶ
2425 4661 2547 4718 κατ’
2595 4661 2844 4734 ἀλλήλων
2891 4657 3115 4730 φονικὸν
3169 4655 3488 4728 βλέπουσιν.
3523 4653 3624 4709 Διά
3651 4651 3733 4706 τὸν

2155 4757 2384 4812 πλοῦτον
2415 4757 2470 4810 at
2496 4754 2724 4826 ἐρημίαι
2748 4753 2876 4816 τοὺς
2900 4747 3166 4821 φονευτάς
3187 4748 3471 4820 τρέφουσι,
3498 4747 3731 4802 θάλασσα

2153 4854 2281 4916 τοὺς
2327 4849 2789 4912 καταποντιστὰς,
2839 4846 2894 4899 αί
2952 4844 3139 4908 πόλεις
3186 4843 3314 4906 τοὺς
3376 4839 3726 4909 συκοφάντας.

2157 4945 2253 5008 Τίς
2290 4944 2439 4996 ἐστιν
2488 4942 2516 4994 6
2556 4938 2789 5009 ψεύδους
2824 4936 3050 5008 πατήρ;
3102 4934 3186 4998 τίς
3229 4936 3258 4988 6
3290 4930 3730 5002 πλαπογραφέας

2158 5032 2524 5103 ὃημιουργὸςς
2555 5031 2638 5094 τίς
2690 5030 2719 5082 ό
2765 5028 2865 5101 τὴν
2914 5025 3204 5099 ἐπιορκίαν
3239 5027 3537 5096 γεννήσας
3576 5020 3730 5092 Οὺχό

2161 5127 2420 5194 πλοῦτος;
2455 5126 2553 5196 οὐχ
2599 5127 2632 5195 ἡ
2665 5124 2795 5195 περὶ
2849 5120 3041 5176 τοῦτον
3093 5119 3337 5190 σπουδῆς
3373 5119 3428 5172 τί
3473 5117 3726 5186 πάσχετε,

2160 5219 2476 5291 ἀνθρωποι;
2508 5217 2592 5281 τίς
2622 5217 2750 5287 ύμῖν
2787 5217 2855 5270 τά
2911 5213 3154 5288 ὑμέτερα
3185 5215 3268 5279 εἰς
3306 5211 3406 5282 τὴν
3437 5209 3561 5265 καθ’
3591 5205 3729 5278 ὑμῶν

2163 5312 2456 5383 ἐπιῦουλὴν
2493 5308 2841 5383 περιέτρεψε,
2874 5307 3116 5378 συνεργά
3159 5305 3300 5378 πρὸς
3350 5303 3413 5359 τὸ
3459 5303 3591 5376 (illi;
3648 5299 3727 5366 Μὴ

2163 5409 2272 5481 γὰρ
2319 5405 2544 5479 ἀφορμὴ
2590 5403 2889 5470 ἀπωλείας,
2943 5402 3059 5458 ἀλλ’
3093 5402 3394 5471 ἀναγκαῖος
3438 5401 3466 5453 6
3515 5395 3728 5457 πλοῦτος

2164 5503 2252 5558 διὰ
2311 5501 2437 5565 τοῦς
2471 5499 2688 5564 παῖδας.
2730 5496 3103 5570 Εύπρόσωπος
3156 5492 3384 5567 ἀφορμὴ
3432 5489 3728 5556 πλεονεξίας

2167 5595 2339 5667 αὓτη·
2369 5596 2498 5659 τοὺς
2516 5593 2624 5665 γὰρ
2657 5591 2852 5656 παῖδας
2873 5586 3266 5662 προδάλλεσθε,
3301 5585 3400 5658 τὴν
3433 5584 3485 5640 δὶ
3516 5581 3726 5655 καρδίαν

2169 5689 2590 5762 πληροφορεῖτε.
2637 5686 2730 5760 Μὴ
2780 5683 2946 5739 αἰτιῶ
2989 5681 3082 5737 τδν
3129 5679 3406 5736 ἀναίτιον*
3454 5676 3582 5732 [διον
3627 5674 3724 5743 ἔχει

2170 5782 2459 5853 δεσπότην,
2507 5781 2638 5836 ίδιον
2693 5779 2998 5851 οἰκονόμον.
3049 5772 3189 5847 11αρ’
3237 5771 3401 5827 ἄλλου
3456 5769 3549 5841 τὴν
3596 5766 3724 5837 ζωὴν

2171 5876 2408 5944 ἐδέξατο,
2445 5874 2538 5931 καὶ
2571 5874 2700 5946 παρ’
2729 5872 2896 5928 αὐτοῦ
2924 5869 3024 5935 τὰς
3050 5865 3304 5940 ἀφορμὰς
3345 5864 3600 5939 ἀναμένει
3637 5856 3720 5912 τοῦ
