4020 6262
351 311 482 379 1489

1632 309 1873 372 saeua
1913 290 2385 369 PARALLELA.

3476 297 3613 364 1490

347 427 478 493 βίου.
506 424 599 499 Μὴ
628 425 745 490 τοῖς
787 425 1164 498 γεγαμηκόσιν
1195 424 1298 481 οὐκ
1337 423 1558 498 ὶγράφη
1583 423 1653 480 τὰ
1682 423 1926 495 Εὐαγγὲ-
1955 470 1961 486 ι

2066 423 2153 479 uis
2179 421 2335 483 vobis
2363 434 2427 477 ea
2473 431 2597 491 quae
2628 431 2808 474 vestra
2843 421 2998 482 sunt,
3050 414 3105 470 in
3141 422 3377 471 vestram
3434 419 3617 487 perui-

342 519 462 587 λιας
508 520 576 576 ει
631 517 827 588 θέλεις
869 515 1026 576 εἶναι
1071 518 1321 588 τέλειος,
1354 516 1649 589 πώλησόν
1697 535 1816 576 σου
1850 519 1924 575 τὰ

343 612 708 686 ὑπάρχοντα,
754 614 854 671 καί
886 613 994 685 δὸς
1033 613 1316 685 πτωχοῖς.
1379 614 1508 668 Ὅτε
1564 598 1719 686 ᾔτεις
1768 613 1923 686 παρὰ

345 709 543 783 Κυρίου
578 708 679 783 τὴν
714 708 1021 777 εὐπαιδίαν,
1050 708 1179 764 ὅταν
1210 707 1398 780 ἠξίους
1424 708 1687 778 γενέσθαι
1716 706 1926 763 τέκνων

345 802 544 875 πατὴρ,
586 796 699 875 ἆρα
741 801 1096 874 προσέθηκας
1132 799 1323 856 τοῦτο·
1364 800 1466 866 Δός
1492 817 1583 872 μοι
1616 800 1805 866 τέκνα,
1835 802 1926 857 ἵνα

344 891 669 963 πλεονέκτης
721 890 1015 962 γενόμενος
1050 892 1118 963 τῇ
1151 888 1428 962 προφάσει
1469 887 1580 943 τῶν
1610 885 1819 942 παίδων
1854 889 1924 961 τῇ

343 988 535 1062 γείννη
564 985 857 1060 παραδοθῶ
876 1000 893 1017 ·
928 984 1018 1051 δός
1055 1002 1146 1058 μοι
1190 984 1409 1051 παῖδας,
1434 982 1530 1037 τνα
1550 979 1647 1037 τοῦ
1676 980 1927 1053 Εὐαγγε-

341 1081 454 1137 λίου
488 1080 887 1154 καταφρονήσω
920 1097 937 1148 ;

2026 516 2168 574 ciem
2193 512 2487 580 convertit,
2513 526 2604 578 ea,
2632 509 2882 582 inquam,
2912 523 3038 580 quae
3060 506 3125 563 ad
3154 508 3278 563 vita:
3302 507 3613 564 subsidium

2028 608 2157 667 data
2191 608 2362 666 sunt?
2395 606 2585 678 Neque
2622 603 2775 662 enim
2805 618 2939 674 opes
2970 610 3030 658 ut
3078 600 3226 658 vitiis
3282 600 3618 659 inservirent

2030 720 2314 763 concessae
2347 703 2594 770 fuerunt,
2620 702 2826 776 quibus
2854 698 3145 757 redimitur
3174 698 3379 753 anima.
3401 695 3619 767 Nequa-

2030 815 2201 872 quam
2227 799 2386 856 exitii
2418 798 2642 856 occasio
2689 812 2815 853 esse
2848 796 3073 864 debent,
3097 809 3221 866 qum
3264 790 3455 848 liberis
3482 788 3621 845 edu-

2041 891 2236 948 candis
2265 891 2591 949 necessariae
2629 899 2781 947 sunt.
2808 889 2975 960 Atqui
3018 887 3308 960 speciosus
3349 884 3439 940 hic
3469 882 3627 940 color

2033 981 2424 1039 avaritite'est.
2478 980 2713 1038 Liberos
2767 982 2915 1037 enim
2948 977 3291 1051 praetexitis;
3327 975 3461 1048 quid
3491 990 3622 1031 vero

2031 1076 2185 1134 intus
2227 1075 2287 1133 in
2332 1074 2502 1133 corde
2527 1075 2623 1139 sit,
2648 1074 2998 1146 apertissime
3032 1071 3287 1145 proditis.
3318 1068 3397 1127 Ne
3428 1069 3621 1125 inson-

345 1191 453 1239 tem
484 1175 717 1249 culpes:
747 1172 1032 1230 dominum
1075 1185 1238 1230 suum
1266 1170 1455 1239 habet,
1492 1170 1932 1242 dispensatorem
1982 1187 2168 1229 suum.
2200 1169 2285 1227 Ab
2323 1170 2433 1226 alio
2475 1169 2642 1226 vitam
2675 1168 2909 1240 accepit,
2940 1174 2997 1223 et
3036 1163 3249 1236 abipso
3300 1163 3426 1219 vitae
3482 1164 3620 1221 sub-

345 1272 482 1332 sidia
512 1268 880 1344 praestolatur.
914 1270 997 1324 An
1033 1282 1144 1323 non
1194 1267 1262 1324 iis
1293 1266 1388 1337 qui
1420 1265 1779 1323 matrimonio
1802 1282 1927 1325 sese
1977 1267 2386 1339 manciparent,
2418 1265 2713 1339 Evangelia
2742 1265 2949 1336 scripta
2970 1262 3140 1337 488
3175 1262 3349 1319 sunt?
3412 1259 3473 1319 Si
3535 1263 3612 1318 vis

347 1365 609 1439 perfectus
634 1379 771 1430 esse,
798 1361 958 1419 renda
986 1360 1172 1416 omnia
1197 1376 1316 1430 quis
1344 1357 1529 1422 habes,
1559 1367 1609 1414 et
1643 1357 1714 1412 da
1743 1359 2065 1429 pauperibus
2100 1358 2326 1432 (Matth.
2406 1375 2496 1416 xIx
2519 1353 2546 1427 ,’
2590 1359 2706 1432 21).
2788 1356 2926 1415 Cum
2981 1357 3229 1414 sobolem
3295 1370 3325 1410 a
3389 1353 3624 1411 Domino

347 1459 706 1534 postulabas.
739 1472 866 1514 cum
889 1456 959 1512 ab
989 1471 1058 1512 eo
1090 1455 1320 1527 petebas
1343 1454 1423 1510 uti
1457 1461 1617 1527 pater
1654 1453 1835 1522 ﬁeres,
1867 1469 1937 1509 an
1984 1454 2121 1511 illud
2150 1470 2371 1527 quoque
2400 1452 2707 1526 adiunxisti
2744 1470 2761 1509 :
2795 1450 2871 1506 Da
2908 1450 3045 1507 mihi
3086 1450 3317 1516 liberos,
3380 1459 3440 1505 ut
3500 1464 3630 1503 ava-

346 1556 489 1613 ritize
542 1551 832 1623 studeam,
882 1557 943 1606 ut
995 1563 1189 1608 eorum
1221 1563 1391 1605 causa
1431 1557 1488 1606 et
1549 1557 1819 1620 praetextu
1877 1551 1934 1606 in
1990 1550 2299 1623 gehennam
2336 1547 2645 1621 eonjiciar?
2686 1547 2765 1603 Da
2816 1546 2950 1603 mihi
2991 1545 3219 1613 liberos,
3273 1550 3335 1601 ut
3385 1542 3630 1616 Evange-

347 1650 479 1708 liutn
508 1642 899 1703 contemnam?

419 1739 605 1805 Δεῖξον
644 1739 713 1793 τὰ
741 1736 900 1808 ἔργα,
933 1733 1030 1789 καὶ
1074 1734 1299 1789 ἀπαίτει
1330 1731 1430 1798 τὰς
1471 1735 1791 1800 ἀντιδόσεις.
1827 1734 1934 1789 Οὐ-

2109 1730 2251 1787 Ibid.
2276 1728 2613 1786 --Ostende
2648 1742 2842 1800 Opera,
2893 1734 2948 1785 et
2976 1739 3142 1798 posce
3180 1722 3426 1796 praemia.
3458 1721 3635 1782 Nemo.

348 1833 459 1900 δεὶς
491 1831 632 1906 μετά
655 1829 717 1886 τὸ
747 1828 979 1901 λυθῆναι
1004 1828 1106 1901 τὴν
1127 1827 1436 1901 πανήγυριν
1460 1827 1937 1902 πραγματεύεται,

349 1928 470 1983 οὐδὲ
511 1924 653 1998 μετά
700 1923 828 1989 τούς
868 1922 1090 1993 ἀγῶνας
1124 1920 1371 1977 ἐπελθὼν
1411 1924 1794 1993 στεφανοῦται,
1820 1923 1941 1980 οὐδὲ

353 2021 494 2093 μετὰ
513 2020 642 2083 τοὺς
666 2016 939 2087 πολέμους
971 2014 1305 2087 ἀνδραγαθεῖ
1325 2030 1340 2045 ο
1372 2015 1435 2069 οὐ
1459 2016 1641 2072 τοίνυν
1677 2014 1818 2089 μετὰ
1842 2016 1944 2088 τὴν

351 2110 498 2184 ζωὴν
564 2108 779 2164 εὐσεϐεῖ
816 2106 1082 2180 δηλονότι.
1126 2104 1217 2162 Ἐν
1267 2106 1459 2179 μέλανι
1500 2107 1597 2163 καὶ
1644 2107 1943 2181 γράμμασι

353 2202 775 2274 κατεπαγγέλλῃ
806 2201 905 2265 τάς
944 2199 1217 2265 εὐποιίας.
1244 2199 1343 2265 Τίς
1386 2194 1482 2255 οὐν
1536 2200 1834 2271 ἀναγγελεῖ
1862 2218 1946 2257 σοι

352 2299 445 2355 τὸν
466 2297 659 2368 καιρὸν
682 2296 785 2368 τῆς
810 2294 1015 2362 ἐξόδου,
1035 2293 1122 2359 τίς
1145 2293 1422 2366 ἐγγυητὴς
1444 2292 1598 2349 ἔσται
1620 2292 1716 2349 τοῦ
1739 2294 1943 2367 τρόπου

353 2392 451 2461 τῆς
480 2390 775 2461 τελευτῆςς
806 2387 973 2443 Πόσοι
1025 2385 1137 2443 ἀπὸ
1179 2386 1374 2457 βιαίων
1401 2386 1769 2460 ἡρπάσθησαν
1800 2405 1945 2460 συμ-

353 2480 688 2555 πτωμάτων,
723 2477 850 2532 οὐδὲ
900 2476 1088 2550 φωνὴν
1127 2476 1288 2549 ῥῆξαι
1337 2476 1787 2550 συγχωρηθέντες
1839 2477 1947 2533 ὑπὸ

356 2576 452 2630 τοῦ
483 2572 728 2638 πάθους;
760 2571 963 2635 πόσους
984 2570 1222 2644 πυρετος
1259 2570 1517 2641 ἐποίησεν
1543 2569 1850 2644 ἐκφρονας;
1880 2572 1947 2627 Τί

358 2659 455 2721 οὖν
503 2663 795 2735 ἀναμένεις
845 2661 1060 2736 καιρὸν,
1120 2660 1181 2714 ἐν
1235 2653 1281 2729 ᾧ
1336 2659 1601 2725 πολλάκις
1665 2660 1789 2716 οὐδὲ
1837 2662 1948 2717 τῶν

358 2755 594 2814 σεαυτοῦ
623 2755 903 2828 λογισμῶν
932 2754 1064 2827 ian;
1101 2752 1220 2820 Νὺξ
1271 2752 1487 2826 βαθεῖα,
1525 2753 1622 2808 καὶ
1659 2754 1815 2820 νόσος
1850 2755 1950 2828 βα-

358 2851 508 2924 ρεῖα,
542 2848 638 2904 καὶ
675 2850 706 2904 ὁ
752 2846 966 2920 βοηθῶν
994 2845 1257 2918 οὐδαμοῦ,
1302 2848 1401 2902 καὶ
1452 2847 1482 2900 ό
1519 2848 1828 2922 ἐφεδρεύων
1871 2850 1951 2923 τῷ

359 2941 551 3017 κλήρῳ
574 2942 815 3014 ἕτοιμος.
845 2940 1033 2996 Πάντα
1054 2939 1192 3013 πρὸς
1225 2940 1287 2995 τὸ
1323 2939 1521 2996 ἑαυτοῦ
1555 2941 1779 3015 δόκιμον
1808 2961 1947 3016 χρηο

296 3052 303 3058 ‘
360 3036 600 3109 «άμενος
644 3034 909 3109 ἀπρακτά
951 3052 1044 3090 σου
1087 3033 1160 3089 τά
1200 3033 1547 3107 βουλεύματα
1585 3035 1773 3093 ποιῶν.
1816 3033 1951 3092 Εἶτα

2042 1824 2241 1879 solutis
2268 1822 2535 1879 nundinis
2563 1820 2893 1894 negotiatur,
2923 1834 3025 1875 nec
3051 1817 3147 1890 qui
3171 1826 3295 1890 post
3328 1815 3627 1873 certamina

2043 1914 2304 1980 advenit,
2362 1928 2571 1970 corona
2626 1914 2898 1976 donatur,
2955 1925 3134 1984 neque
3183 1918 3405 1983 patrato
3449 1907 3637 1969 bello,

2042 2007 2328 2079 egregium
2361 2006 2490 2076 quis
2522 2004 2738 2062 facinus
2776 2004 2925 2070 edit;
2968 2018 3076 2060 nec
3103 2003 3338 2075 proinde
3376 2001 3643 2058 confecto

2042 2098 2171 2155 vitae
2199 2096 2506 2165 curriculo,
2541 2095 2733 2167 pietati
2756 2095 2848 2150 dat
2888 2110 3138 2164 Operam.
3163 2093 3221 2149 in
3252 2099 3558 2150 atramento
3581 2104 3635 2148 ct

2043 2192 2238 2248 charta
2268 2190 2535 2249 beneﬁcia
2562 2188 2870 2264 polliceris.
2905 2188 3042 2258 Quis
3076 2196 3131 2247 te
3168 2186 3239 2246 de
3280 2187 3466 2245 exitus
3506 2195 3640 2244 tem-

2043 2303 2183 2360 pore
2232 2286 2530 2344 certiorem
2563 2284 2762 2343 faciet?
2805 2284 2935 2356 quis
2965 2284 3164 2342 mortis
3213 2282 3312 2339 tibi
3349 2282 3648 2355 spondebir

2045 2381 2319 2438 modum?
2342 2380 2488 2450 Quot
2520 2381 2773 2438 homines
2798 2381 3059 2439 violentis
3092 2378 3321 2437 casibus
3353 2378 3423 2434 de
3455 2377 3639 2436 medio

2047 2477 2260 2549 abrepti
2305 2489 2457 2544 sunt,
2509 2484 2569 2534 ut
2622 2493 2736 2550 pra:
2785 2477 2963 2535 morbi
2997 2475 3304 2534 acerbitate
3330 2489 3403 2531 ne
3436 2486 3637 2530 vocem

2046 2568 2271 2642 quidem
2302 2567 2441 2642 ipsis
2464 2568 2685 2627 mittere
2706 2569 2971 2627 licuerit?
2996 2569 3144 2639 Quot
3174 2567 3431 2625 homines
3466 2564 3638 2622 febris

2047 2670 2297 2720 amentes
2352 2662 2531 2720 fecit?
2577 2664 2714 2736 quid
2764 2674 2987 2736 tempus
3036 2660 3177 2720 illud
3225 2666 3543 2732 exspectas,
3580 2658 3636 2713 in

2048 2768 2161 2827 quo
2190 2770 2335 2829 stepe
2366 2772 2438 2813 ne
2478 2756 2715 2816 rationis
2753 2756 2979 2830 quidem
3012 2769 3245 2829 compos
3296 2752 3518 2810 futurus
3542 2764 3647 2819 es}

2046 2850 2168 2907 Nox
2200 2849 2494 2923 profunda,
2557 2848 2793 2907 morbus
2829 2849 3036 2923 gravis,
3087 2856 3143 2906 et
3177 2847 3273 2919 qui
3320 2845 3422 2902 tibi
3482 2859 3643 2915 opem

2050 2939 2218 3008 ferat,
2268 2955 2546 3012 nusquam
2571 2947 2698 3010 est;
2736 2941 2832 3013 qui
2863 2948 3049 2997 autem
3100 2937 3407 2995 luereditati
3461 2935 3647 2992 immi-

2053 3042 2180 3091 neat
2206 3044 2410 3105 praasto
2437 3043 2545 3105 est,
2578 3035 2791 3108 quique
2831 3035 3018 3092 omnia
3049 3034 3117 3091 ad
3151 3033 3447 3091 utilitatem
3488 3045 3647 3087 suam

360 3126 838 3201 περιϐλεψάμενος
859 3120 963 3183 ὧδε
992 3127 1091 3183 καὶ
1108 3118 1235 3194 ὧδε,
1261 3128 1360 3183 καὶ
1385 3126 1508 3183 ίδὼν
1528 3134 1627 3199 τὴν
1653 3131 1954 3201 περιεστῶ-

2065 3126 2433 3197 administret,
2465 3137 2521 3186 et
2570 3130 2731 3186 irrita
2768 3128 3006 3186 consilia
3039 3137 3133 3185 tua
3166 3126 3380 3184 reddat.
3416 3126 3497 3181 Ac
3530 3132 3648 3180 tum

363 3220 467 3277 σάν
501 3236 563 3273 σε
601 3218 862 3291 ἐρημίαν,
890 3219 1013 3273 τότε
1049 3216 1288 3291 αἰσθήσῃ
1339 3217 1443 3290 τῆς
1502 3218 1787 3283 ἀϐουλίας,
1828 3220 1952 3277 τότε

2065 3219 2167 3275 huc
2198 3219 2445 3292 illucque
2474 3221 2956 3294 circumspiciens,
2983 3236 3207 3294 quaque
3237 3221 3295 3277 in
3345 3216 3650 3276 solitudine

364 3306 651 3375 στενάξεις
678 3307 782 3381 τὴν
815 3307 1023 3372 ἄνοιαν,
1053 3308 1134 3373 είς
1162 3303 1274 3362 οἷον
1304 3308 1497 3381 καιρὸν
1527 3308 1822 3381 ὲταμιεύου
1855 3310 1959 3383 τὴν

2065 3311 2305 3370 verseris
2329 3312 2576 3380 intuens,
2618 3329 2785 3386 quam
2817 3314 2962 3370 male
2994 3312 3092 3370 tibi
3145 3310 3497 3369 consulueris
3523 3324 3651 3367 sen-

363 3398 627 3472 ὲντολήνο
671 3399 762 3455 ὅτε
807 3400 841 3471 ἡ
889 3400 988 3472 μὲν
1034 3398 1260 3469 γλῶσσα
1324 3402 1608 3471 παρεῖται,
1640 3403 1673 3471 ἡ
1721 3402 1779 3456 δὲ
1834 3403 1960 3475 χεὶρ

2065 3402 2192 3471 ties,
2216 3411 2381 3474 atque
2414 3404 2714 3460 amentiam
2747 3411 2895 3463 tuam
2927 3404 3273 3477 deplorabis,
3299 3402 3395 3475 qui
3440 3402 3492 3458 in
3544 3403 3653 3458 talo

364 3488 682 3561 ὑπότρομος
716 3489 818 3562 ήδη
855 3489 1188 3563 κλονουμένη
1215 3493 1337 3556 ταῖς
1370 3490 1681 3560 συνολκαῖς,
1707 3494 1785 3558 ὠς
1819 3498 1960 3569 μήτε

2065 3502 2283 3566 tempus
2309 3494 2561 3550 divinum
2586 3494 2910 3552 mandatum
2945 3496 3320 3559 reservaveris
3342 3514 3360 3565 ;
3384 3510 3511 3551 cum
3534 3492 3651 3566 jam

365 3583 551 3653 φωνῇ,
571 3581 711 3655 μήτε
726 3582 1019 3656 γράμμασι
1035 3583 1371 3655 διασημᾶναι
1386 3582 1485 3656 τὴν
1501 3584 1750 3657 γνώμην.
1769 3586 1961 3643 Καίτοι

2065 3593 2119 3641 et
2138 3585 2326 3659 lingua
2345 3584 2545 3653 fracta,
2569 3594 2625 3643 et
2647 3585 2927 3660 languida,
2943 3596 2998 3645 et
3020 3602 3217 3645 manus
3239 3587 3476 3645 tremula
3507 3586 3611 3642 erit
3637 3604 3658 3640 εΔ

366 3674 421 3729 εί
462 3672 562 3729 καὶ
587 3674 765 3731 πάντα
800 3675 1053 3748 φανερῶς
1102 3674 1442 3748 ἐγέγραπτο,
1481 3676 1580 3730 καὶ
1617 3679 1770 3732 πᾶσα
1810 3679 1965 3752 φωνὴ

366 3765 676 3840 διαρρήδην
710 3769 1046 3843 κεκήρυκτο,
1090 3767 1150 3823 ἓν
1194 3769 1433 3841 γράμμα
1476 3769 1806 3843 παρεντεθὲν
1850 3771 1967 3826 ίκα-

372 3860 469 3916 νὺν
495 3856 563 3935 ἦν
598 3862 780 3918 πᾶσαν
812 3863 1180 3935 μεταποιῆσαι
1205 3863 1314 3948 τὴν.
1328 3861 1575 3935 γνώμην.

2068 3688 2261 3750 utpote
2295 3680 2505 3737 crebris
2542 3679 3027 3738 contractionibus
3072 3680 3305 3753 agitata,
3336 3682 3417 3736 ita
3459 3687 3519 3735 ut
3550 3692 3655 3732 nec

2066 3786 2226 3837 voce,
2261 3785 2365 3827 nec
2388 3772 2600 3842 scripto
2632 3770 2976 3829 voluntatem
3011 3785 3167 3829 tuam
3217 3770 3415 3829 eﬂerre
3458 3785 3654 3842 queas.

2068 3865 2398 3936 Quanquam
2427 3856 2649 3922 etiamsi
2677 3865 2866 3921 omnia
2893 3866 3189 3940 perspicue
3210 3867 3417 3938 scripta
3446 3872 3657 3929 essent,

374 3966 444 4008 ac
486 3968 648 4011 voces
687 3969 883 4011 omnes
935 3962 1123 4027 aperte
1169 3956 1561 4028 pronuntiata,
1601 3964 1843 4015 attamen
1880 3958 1967 4015 vei
2014 3957 2181 4016 unius
2215 3959 2414 4015 litterae
2446 3959 2764 4031 interjectio
2784 3960 2889 4018 toti
2939 3960 3235 4020 sententiae
3299 3968 3408 4017 tua:
3458 3961 3661 4016 immu-

374 4043 561 4101 tandze
592 4042 870 4103 sumciens
888 4044 1050 4102 foret.

449 4134 587 4195 Οἶδα
630 4138 859 4204 πολλοὺς
887 4141 1267 4214 νηστεύοντας,
1300 4145 1795 4218 προσευχομένους,
1838 4164 1964 4201 στε-
2003 4121 2089 4140 ω’

372 4238 671 4303 νάζοντας,
696 4235 877 4290 πᾶσαν
896 4235 998 4307 τὴν
1029 4235 1305 4293 ἀδάπανον
1338 4237 1628 4294 εὐλάϐειαν
1658 4240 1966 4295 ἐπιδεικνυ-

376 4331 602 4404 μένους,
627 4326 823 4397 ξύόολὺν
849 4326 907 4380 δὲ
935 4326 1030 4383 ἕνα
1061 4329 1138 4401 μὴ
1174 4330 1536 4402 προϊεμένους
1556 4332 1669 4395 τοῖς
1711 4330 1966 4403 θλιὸομέο

2143 4140 2286 4198 Ibid.
2306 4176 2369 4187 ---
2407 4142 2607 4202 Multos
2637 4144 2762 4202 novi
2791 4142 3132 4218 jejunantes.
3158 4152 3402 4212 orantes,
3434 4159 3661 4217 gemen-

2072 4240 2178 4298 tes,
2207 4247 2373 4291 omne
2404 4233 2645 4307 denique
2693 4243 2918 4307 sumptu
2951 4249 3184 4291 vacuum
3215 4250 3393 4308 genus
3436 4237 3660 4306 pietatis

2074 4340 2187 4397 pra:
2217 4341 2277 4383 se
2306 4326 2551 4385 ferentes
2574 4350 2589 4395 ς
2616 4329 2713 4401 qui
2743 4344 2815 4385 ne
2841 4342 3011 4385 unum
3045 4328 3269 4401 quidem
3306 4329 3529 4384 obolum
3559 4346 3661 4401 op-

379 4438 514 4487 IOtC.
565 4419 631 4474 Τί
668 4417 861 4490 ὄφελος
890 4422 1101 4488 τούτοις
1134 4422 1236 4494 τῆς
1277 4422 1471 4494 λοιπῆς
1506 4424 1709 4497 ἀρετῆς
1721 4441 1741 4491 ;
1770 4425 1832 4480 οὐ
1859 4424 1961 4498 γὰρ

2076 4421 2286 4490 pressis
2316 4422 2673 4495 projicerent.
2697 4421 2795 4480 His
2818 4438 2985 4495 porro
3006 4422 3139 4495 quid
3162 4423 3381 4479 tandem
3405 4423 3663 4482 utilitatis

376 4513 758 4588 παραδέχεται
790 4513 989 4579 αὐτοὺς
1019 4516 1054 4587 ὴ
1089 4514 1341 4586 βασιλεία
1370 4517 1480 4573 τῶν
1513 4518 1784 4590 οὐρανῶν.

459 4689 717 4760 Πώλησόν
750 4708 843 4745 σου
872 4691 939 4745 τὰ
972 4691 1305 4765 ὑπάρχοντα,
1336 4693 1431 4748 καὶ
1456 4693 1547 4759 δὸς
1589 4695 1847 4765 πτωχοῖς,
1890 4693 1978 4748 ἵνα

384 4781 521 4857 ἔχῃς
552 4784 763 4854 ἑφόδιον
817 4785 953 4857 πρὸς
985 4787 1211 4842 αἰωνίαν
1248 4788 1569 4843 ἀπόλαυσιν.
1608 4788 1851 4861 Ἀπέρχη
1884 4788 1977 4843 λυ-

389 4876 704 4947 πούμενοςς
760 4878 885 4932 Ἐὰν
932 4879 987 4932 δὲ
1029 4878 1291 4952 ἀκούσῃς,
1320 4880 1419 4945 Δὸς
1457 4882 1719 4952 χρήματα
1764 4882 1979 4952 γυναιξὶ

390 4966 705 5041 χλιδώσαις,
750 4969 839 5034 δὸς
875 4969 1160 5037 λιθοξόοις,
1201 4973 1441 5037 τέκτοσι,
1480 4971 1843 5043 ψηφοθέταις,
1874 4974 1979 5039 ζω-

390 5063 646 5136 γράφοις,
676 5062 885 5136 χαίρεις
915 5064 991 5128 ὡς
1018 5064 1082 5135 δή
1114 5082 1165 5118 τι
1192 5066 1495 5137 χρημάτων
1526 5064 1851 5139 τιμιώτερον
1884 5084 1982 5121 κα-

389 5153 762 5227 τακτὼμενος.
789 5153 902 5227 Οὐχ
916 5156 1048 5226 ὁρᾷς
1076 5153 1200 5220 τοὺς
1224 5154 1437 5227 τοίχους
1464 5155 1706 5226 τούτους,
1722 5158 1851 5221 τούς
1878 5155 1985 5211 ὑπὸ

392 5245 495 5301 τοῦ
549 5247 743 5319 χρόνου
775 5246 1213 5321 καταρῤυέντας,
1271 5241 1347 5303 ὧν
1395 5249 1466 5302 τά
1510 5247 1739 5319 λείψανα
1790 5246 1983 5320 ὥσπερ

398 5339 659 5394 σκόπελοί
682 5356 829 5404 τινες
861 5340 951 5398 διὰ
965 5342 1064 5413 τῆς
1096 5341 1304 5405 πόλεως
1332 5340 1515 5416 πάσης
1541 5340 1837 5414 ἀνέχουσι;
1877 5340 1985 5395 Πό-

399 5452 487 5491 σοι
516 5432 660 5505 ἦσαν
689 5435 834 5491 κατὰ
872 5437 972 5508 την
1024 5436 1181 5491 πόλιν
1234 5435 1467 5509 πένητες
1516 5436 1726 5492 τούτων
1775 5437 1987 5508 ἐγειρο-

403 5528 606 5602 μένων,
639 5529 691 5584 οἳ
725 5529 813 5585 διά
841 5529 941 5603 τὴν
963 5530 1093 5599 περὶ
1118 5529 1291 5585 ταῦτα
1318 5530 1572 5603 σπουδὴν,
1603 5530 1712 5585 ὐπὸ
1730 5530 1839 5585 τῶν
1866 5530 1988 5585 τότε

400 5620 681 5677 πλουσίων
714 5624 1118 5697 παρεωρῶντο;
1163 5624 1273 5679 Ποῦ
1318 5623 1499 5678 τοίνυν
1530 5625 1564 5698 ἠ
1610 5623 1843 5697 λαμπρά
1878 5623 1987 5678 τῶν

406 5720 587 5792 ἔργων
612 5722 964 5795 κατασκευή;
993 5721 1096 5776 ποῦ
1122 5721 1179 5775 δὲ
1210 5722 1239 5778 δ
1263 5720 1357 5776 ἐπὶ
1377 5720 1582 5775 τούτων
1616 5719 1989 5793 μεγαλουργίᾳ

406 5814 776 5891 ζηλούμενοςς
819 5819 895 5874 Οὐ
940 5817 1005 5874 τὰ
1052 5819 1153 5891 μὲν
1183 5818 1514 5891 συγκέχυται
1547 5819 1640 5875 καὶ
1674 5818 1988 5892 ἠφάνισται.

2080 4510 2280 4567 afferre
2329 4512 2558 4584 reliqua:
2602 4512 2839 4570 virtutes
2887 4522 3120 4584 queant,
3149 4528 3275 4570 cum
3304 4528 3400 4569 eos
3431 4529 3675 4587 regnum.

2079 4602 2346 4660 caelorum
2387 4604 2811 4677 haudquaquam
2851 4605 3139 4663 admittat?

2155 4695 2300 4752 Ibid.
2330 4728 2403 4741 —-
2434 4699 2621 4757 Vende
2655 4715 2779 4771 quae
2815 4699 3007 4764 babes,
3035 4707 3090 4755 et
3120 4697 3189 4755 da
3221 4700 3577 4773 pauperibus,
3604 4710 3671 4756 ut

2086 4787 2153 4843 ad
2182 4797 2442 4847 aeternam
2476 4789 2812 4862 voluptatem
2848 4773 3111 4846 viaticum
3150 4801 3529 4863 comparatum
3568 4791 3667 4846 ba-

2084 4885 2241 4941 beas.’
2274 4883 2505 4941 Mtestus
2542 4883 2833 4940 abscedis?
2865 4882 2924 4940 Si
2958 4893 3142 4940 autem
3172 4885 3439 4949 audieris,
3465 4884 3533 4939 da
3572 4900 3667 4955 pe-

2085 4977 2285 5034 cunias
2346 4976 2673 5033 mulieribus
2728 4975 2783 5031 in
2839 4975 3028 5031 luxum
3060 4974 3276 5042 effusis,
3304 4975 3373 5031 da
3422 4976 3685 5043 latomis,.

2089 5068 2283 5137 fabris,
2317 5066 2656 5135 calculariis,
2682 5068 3027 5140 pictoribus;
3077 5067 3310 5140 gaudes,
3344 5067 3574 5140 perinde
3601 5082 3667 5122 ar.

2089 5159 2137 5218 si
2191 5159 2544 5233 praestantius
2599 5161 2851 5232 pecuniis
2898 5159 3197 5233 quidquam
3254 5158 3669 5233 aequius.“-

2092 5253 2259 5311 desne
2318 5254 2559 5327 parietes
2599 5253 2738 5311 istos
2775 5262 3050 5311 vetustate
3090 5255 3393 5328 collapsos,
3430 5271 3669 5327 quorum

2093 5348 2361 5420 reliquiar,
2398 5356 2664 5420 tanquam
2721 5348 2936 5419 scopuli
2982 5348 3247 5421 quidam,
3296 5351 3505 5421 passim
3558 5357 3672 5406 tota

2092 5442 2232 5498 urbe
2264 5439 2617 5513 prominent?
2653 5438 2930 5507 Quotnam
2971 5440 3027 5496 in
3063 5440 3224 5511 urbe,
3270 5456 3396 5498 cum
3428 5438 3469 5496 ii
3498 5441 3674 5513 erige-

2093 5533 2319 5602 bantur,
2374 5548 2644 5606 pauperes
2677 5541 2859 5601 erant,
2919 5549 3063 5607 quos
3114 5535 3464 5607 tempestatis
3524 5534 3676 5591 illius

2092 5627 2295 5683 divites
2326 5625 2400 5682 ob
2439 5624 2758 5698 bujusmudi
2792 5640 2978 5682 rerum
3021 5626 3267 5684 studium
3302 5626 3677 5699 aspernaban-

2096 5722 2225 5778 tur?
2251 5720 2489 5777 Ubinam
2530 5719 2701 5792 igitur
2738 5727 2824 5777 est
2853 5720 3115 5793 praclara
3146 5720 3236 5777 illa
3268 5736 3497 5794 operum
3527 5732 3679 5777 sirit-

2099 5816 2293 5873 clura?
2329 5815 2423 5874 ubi
2455 5815 2568 5879 illc.
2606 5815 2698 5891 qui
2748 5827 2968 5890 propter
3000 5832 3121 5880 eam
3150 5832 3378 5901 operum
3420 5817 3674 5891 magnifi-
