4020 6262
549 331 684 401 1495

1734 324 1795 386 S.
1815 320 2138 387 JOANNIS
2174 316 2610 383 DAMASCENI

3660 304 3769 371 1496

544 445 775 504 consilia
790 446 974 510 erant,
993 449 1048 498 et
1076 436 1349 512 ejusmodi
1382 450 1549 501 eum,
1585 443 1648 492 ut
1669 436 1823 492 nulla
1847 450 1909 493 se
1934 449 2004 492 ex
2032 433 2123 491 his

2248 429 2511 505 ταρόντων
2558 426 2806 499 ἀγαθῶν,
2853 421 3218 495 ἐλεεινότερος
3255 418 3366 475 τῶν
3418 417 3775 490 προσδοκωμέ-

543 536 858 611 explicandi
888 535 1124 591 l‘acultas
1149 539 1317 591 esset.
1358 528 1503 599 Quid
1545 527 1786 585 faciam?
1812 543 1975 601 quem
2011 540 2124 582 non

544 633 805 689 misereat
834 627 1079 685 hominis
1108 641 1238 683 vere
1285 624 1508 681 miseria
1535 623 1930 680 circumsessi?
1960 620 2128 678 Miser

546 732 631 782 est
665 724 813 781 enim
842 722 1071 779 nomine
1122 715 1468 784 fertilitatis;
1530 715 1865 772 miserabilis
1900 724 2129 788 propter

549 818 876 891 praesentia,
938 816 1037 873 sed
1088 811 1459 871 miserabilior
1507 821 1732 883 propter
1785 817 2123 882 exspectata.

547 913 740 971 Nullos
768 913 914 969 enim
938 910 989 967 ei
1024 909 1188 965 tellus
1209 906 1425 964 reditus
1452 920 1586 963 suos
1615 902 1843 976 profert,
1875 911 1931 959 at
1955 902 2129 976 gemi-

548 1016 639 1064 tus
700 1002 935 1078 proinde
990 1002 1169 1059 eidem
1228 1000 1534 1073 ingenerat.
1609 999 1731 1057 Non
1789 998 2127 1056 uberrimam

550 1098 771 1169 lrugum
815 1093 1029 1167 copiam
1080 1091 1315 1163 colligit,
1366 1101 1424 1146 at
1455 1090 1617 1162 plane
1661 1090 1883 1162 quidem
1937 1103 2128 1155 curas,

547 1190 859 1255 molestias,
892 1202 1225 1261 gravemque
1277 1184 1449 1241 animi
1513 1186 1868 1241 anxietatem.
1923 1181 2131 1239 Eodem

548 1301 661 1358 quo
721 1298 993 1357 pauperes
1050 1280 1216 1337 modo
1277 1279 1632 1336 lamentatur.
1695 1278 1779 1333 An
1824 1294 1935 1333 non
1984 1276 2130 1334 enim

549 1378 800 1437 eamdem
853 1392 1077 1449 quoque
1114 1376 1205 1430 ille
1236 1389 1425 1431 vocem
1484 1371 1706 1439 emittit,
1742 1371 1840 1444 qui
1892 1377 2134 1443 egestate

552 1472 858 1546 premitur?
885 1469 1026 1539 Quid
1060 1468 1301 1527 faciam?
1330 1466 1480 1524 unde
1527 1467 1811 1534 alimenta,
1847 1465 1994 1522 unde
2046 1465 2134 1520 in-

552 1567 812 1622 dumenta
861 1562 1193 1635 suppetent!
1251 1559 1452 1618 Iisdem
1500 1575 1724 1631 quoque
1759 1558 1915 1615 dives
1949 1557 2135 1614 verbis

552 1656 748 1723 utitur,
773 1656 942 1713 corde
981 1654 1376 1719 discruciatur,
1410 1668 1611 1709 exesus
1645 1667 1675 1707 a
1712 1664 1845 1707 cura
1885 1658 1939 1706 et
1985 1650 2139 1707 solli-

556 1746 825 1805 eitudiue.
852 1746 989 1803 Nam
1044 1745 1191 1819 quod
1244 1746 1370 1801 aliis
1399 1744 1740 1815 voluptatem
1792 1740 1974 1805 aﬂ‘ert,
2032 1740 2140 1797 hoc

554 1856 784 1898 avarum
832 1805 1078 1899 coniicit:
1127 1838 1248 1895 Non
1314 1836 1461 1893 enim
1520 1805 1612 1892 hic
1650 1836 1839 1892 latitia
1884 1834 2139 1898 abicitur,
2169 1805 2213 1862 Β

555 1934 705 2005 quod
730 1934 880 1991 intus
915 1932 1113 1990 domus
1138 1938 1253 1987 tota
1282 1931 1442 2003 plena
1486 1929 1588 1994 sit;
1618 1929 1713 1985 sed
1763 1936 1991 2001 propter
2025 1927 2140 1982 cir-

557 2024 995 2090 cumcﬂluentes,
1046 2033 1102 2080 et
1149 2024 1290 2080 ultra
1339 2036 1503 2095 quam
1542 2021 1742 2077 horrea
1806 2021 2009 2085 ferant,
2050 2032 2141 2075 re-

560 2122 903 2195 gurgitantes
933 2135 1066 2192 opes
1091 2121 1308 2177 animus
1339 2118 1517 2191 ipsius
1544 2118 1823 2187 laniatur;
1847 2117 1901 2173 id
1931 2116 2145 2173 scilicet

560 2214 721 2288 49],
768 2221 1046 2279 metuens,
1097 2228 1166 2269 ne
1223 2210 1293 2267 ad
1353 2219 1615 2267 externos
1653 2209 1936 2266 interdum
1984 2222 2141 2264 ema-

562 2316 785 2374 nantes,
836 2306 1140 2362 utilitatem
1177 2304 1471 2378 egentibus
1517 2301 1762 2377 aliquam
1809 2299 2139 2359 concilient.

561 2404 643 2455 Ac
672 2398 811 2456 mihi
849 2400 1050 2454 animae
1083 2398 1207 2469 ejus
1252 2396 1510 2461 allectus,
1564 2395 1881 2453 helluonum
1918 2392 2141 2449 illorum

564 2492 786 2551 aﬂ‘ectul
835 2492 1112 2549 absimilis
1156 2505 1284 2549 esse
1328 2507 1440 2547 non
1490 2488 1739 2557 videtur,
1768 2486 1862 2559 qui
1898 2485 2144 2558 ingluvie

562 2584 837 2658 disrumpi
871 2583 1111 2652 malunt,
1142 2599 1310 2657 quam
1344 2582 1711 2656 reliquiarum
1740 2580 1953 2653 aliquid
1982 2594 2146 2651 egen-

563 2679 712 2735 tibus
742 2691 995 2749 erogare.
1032 2674 1174 2732 Eum
1227 2676 1434 2748 cogita,
1483 2690 1517 2731 ο
1569 2675 1758 2739 ίιοιηο,
1794 2672 1889 2744 qui
1945 2686 2010 2728 ea
2040 2668 2143 2727 tibi

563 2770 763 2841 dedit;
801 2766 1107 2827 recordare
1159 2767 1421 2840 quisnam
1455 2766 1576 2838 ipse
1610 2766 1712 2834 sis,
1742 2763 1876 2837 quid
1908 2760 2148 2820 admini‘

564 2877 728 2933 stres,
753 2877 1051 2936 aquonam
1096 2860 1404 2932 acceperis,
1439 2874 1603 2931 quam
1636 2859 1708 2915 ob
1736 2872 1964 2915 causam
2002 2852 2149 2911 mul-

564 2958 640 3015 tis
663 2955 743 3014 sis
774 2955 1058 3028 prtelatus.
1095 2953 1192 3010 Dei
1228 2952 1487 3009 minister
1517 2948 1745 3007 eﬂectus
1792 2963 1875 3017 es,
1912 2963 2146 3005 conser-

544 3054 763 3105 vorum
800 3046 1156 3103 administer.
1186 3044 1312 3101 Noli
1353 3050 1557 3116 putare
1603 3043 1793 3099 omnia
1828 3041 2011 3098 ventri
2049 3048 2147 3098 tuo

2225 545 2352 584 νων.
2375 525 2470 599 Μὴ
2492 523 2600 597 γὰρ
2624 520 2920 595 προσόδους
2940 516 3090 589 αύτῷ
3110 516 3270 589 φέρει
3297 515 3331 587 ἡ
3356 513 3453 585 ﬁ;
3471 514 3777 583 στεναγμοὺς

2227 618 2378 691 αύτῷ
2406 618 2553 689 φύει.
2575 614 2669 687 Μὴ
2685 615 2796 687 γὰρ
2820 609 3054 684 καρπῶν
3071 607 3333 680 εὐφορίαν
3356 603 3613 673 συνάγεις
3636 618 3777 673 φρον-

2227 713 2402 777 τίδας,
2432 711 2530 764 καὶ
2576 706 2780 771 λύπας,
2829 702 2926 759 καὶ
2976 698 3291 771 ἀμηχανίαν
3343 697 3547 767 δεινήν.
3603 694 3783 765 Ὅμοια

2231 807 2342 871 τοῖς
2375 800 2696 875 πενομένοις
2742 795 3018 869 ὀδύρεται.
3050 793 3125 847 Ἦ
3177 788 3301 862 οὐχὶ
3353 787 3563 853 ταύτην
3610 783 3785 857 ἀφίησι

2227 899 2330 973 τὴν
2380 895 2566 968 φωνὴν
2592 894 2688 949 καὶ
2730 892 2762 947 6
2812 891 2903 945 διὰ
2933 886 3128 943 πενίαν
3170 880 3673 973 στενοχωρούμενος
3696 878 3787 947 ςτί

2230 970 2480 1062 ποιήσως
2504 986 2671 1042 πόθεν
2694 981 2928 1057 τροφαῖς
2960 977 3128 1035 πόθεν
3156 974 3432 1047 ἐνδύματα
3456 988 3473 1040 ;
3506 970 3686 1026 Ταῦτα
3709 970 3790 1023 καὶ

2229 1086 2259 1142 6
2295 1082 2554 1146 πλούσιος
2583 1078 2904 1149 φθέγγεται.
2965 1071 3255 1128 Ὀδυνᾶται
3298 1068 3403 1141 τὴν
3447 1064 3673 1136 καρδίαν
3701 1062 3791 1117 {me

2231 1179 2333 1249 τῆς
2384 1174 2663 1249 μερίμνης
2706 1166 3101 1239 διεσθιόμενος.
3146 1159 3217 1219 '0
3276 1160 3388 1233 γὰρ
3436 1158 3567 1249 τοὺς
3621 1155 3792 1219 ἄλλους

2232 1247 2537 1340 εύφραίνει,
2559 1261 2719 1318 τοῦτο
2736 1260 2892 1333 τήκει
2908 1257 2998 1313 τὸν
3027 1252 3379 1323 πλεονέκτην.
3404 1248 3483 1304 Ού
3508 1247 3620 1319 γὰρ
3638 1248 3797 1319 χαίρει

2236 1339 2456 1418 πάντων
2516 1355 2665 1429 αύτῷ
2738 1349 3192 1425 πεπληρωμένων
3262 1344 3376 1399 τῶν
3448 1341 3621 1407 ἔνδον,
3679 1339 3797 1393 ἀλλά

2236 1456 2427 1512 νύσσει
2476 1452 2575 1525 τὴν
2625 1447 2806 1522 ψυχὴν
2868 1443 3035 1501 αὑτοῦ
3104 1438 3413 1513 περιρρέων
3472 1437 3501 1491 6
3570 1431 3799 1496 πλοῦτος,

2239 1549 2337 1606 καὶ
2393 1546 2502 1601 τῶν
2539 1542 2807 1616 ταμιείων
2854 1536 3284 1611 ύπερχεόμενος,
3315 1532 3501 1605 μήπου
3549 1528 3643 1583 καὶ
3682 1526 3801 1595 πρὸς

2236 1643 2365 1699 τοὺς
2398 1638 2597 1705 ἔξωθεν
2630 1632 2969 1707 παρακύψας
3025 1625 3235 1691 ἀγαθοῦ
3285 1638 3432 1686 τινος
3457 1619 3685 1694 ἀφορμὴ
3706 1620 3805 1681 τοῖς

2240 1736 2447 1792 ἒνδεὲσι
2498 1731 2751 1803 γένηται.
2790 1730 2902 1783 Και
2937 1743 3029 1797 μοι
3062 1724 3214 1779 δοκεῖ
3242 1718 3304 1775 τὸ
3336 1717 3513 1782 πάθος
3538 1712 3700 1771 αὐτοῦ
3722 1712 3809 1783 τῆς

2239 1830 2422 1905 ψυχῆς
2449 1828 2528 1901 τῷ
2557 1827 2667 1881 τῶν
2700 1822 3133 1895 γαστριμάργων
3164 1813 3574 1890 προσεοικέναι,
3603 1812 3653 1865 οἳ
3671 1810 3810 1905 διαρ-

2244 1900 2720 1997 ραγῆναιμᾶλλον
2763 1915 2869 1971 ὑπὸ
2918 1911 3256 1985 λαιμαργίας
3318 1902 3691 1997 αἱροῦνται,ῗῆ
3719 1900 3813 1953 τῶν

2240 1996 2515 2089 λειψάνων
2550 2008 2877 2086 μεταδοῦναι
2906 2008 3022 2073 τοῖς
3048 2003 3279 2060 ὲνδεόσι.
3319 1999 3523 2089 Σύνες,
3548 1996 3812 2068 ἄνθρωπε,

2240 2088 2349 2167 τοῦ
2383 2108 2680 2173 δεδωκότος
2710 2123 2726 2140 ·
2764 2102 3040 2178 μνήσθητι
3086 2094 3319 2156 σεαυτοῦ
3366 2094 3452 2160 τίς
3477 2088 3535 2149 εἰ
3560 2108 3577 2124 °
3609 2091 3663 2146 τί
3688 2092 3817 2145 οἱκο-

2242 2206 2469 2275 νομεϊςο
2528 2200 2682 2273 παρά
2739 2197 2891 2261 τίνος
2942 2194 3174 2257 ιλαὸεςο
3213 2191 3302 2246 διὰ
3331 2190 3384 2244 τί
3445 2187 3565 2242 τῶν
3623 2182 3819 2240 πολλῶν

2244 2297 2608 2375 προεκρίθης.
2647 2290 2885 2363 Ἀγαθοῦ
2933 2286 3074 2344 Θεοῦ
3115 2284 3351 2357 γέγονας
3409 2278 3719 2353 ὑπηρέτης,
3750 2279 3819 2375 el:

2244 2368 2476 2465 κονόμος
2504 2389 2613 2445 τῶν
2644 2385 2975 2461 ὁμοδούλων.
3018 2382 3113 2453 Μὴ
3142 2380 3323 2436 πάντα
3381 2376 3496 2431 οίου
3535 2376 3606 2446 τῇ
3632 2368 3819 2443 γαστρὶ

2242 2490 2310 2560 τῇ
2352 2490 2419 2560 σῇ
2455 2481 2931 2558 παρεσκευάσθαι.
2972 2477 3189 2548 Ὠσπερ
3229 2470 3531 2545 ἀλλοτρίων
3579 2464 3821 2560 βουλεύου

2243 2555 2354 2638 τῶν
2393 2555 2453 2636 iv
2496 2555 2679 2652 χερσί.
2732 2572 2955 2647 Μικρὸν
3010 2567 3297 2642 εὐφραίνει
3340 2582 3405 2621 σε
3440 2562 3669 2638 χρόνον,
3716 2555 3824 2615 εἶτα

2244 2673 2580 2750 διαρῤυέντα
2644 2670 2933 2742 οίχήσεται
2962 2707 2980 2735 ,
3039 2663 3135 2719 τὸν
3187 2661 3245 2716 at
3292 2658 3383 2714 ἔπ’
3431 2658 3628 2750 αύτοίς

2245 2742 2604 2837 ἀπαιτηθήσῃ
2637 2750 2781 2833 μετά
2829 2754 3148 2830 ἀκριϐείας.
3183 2754 3258 2808 Σὺ
3285 2750 3345 2806 δὲ
3374 2750 3561 2805 πάντα
3580 2744 3720 2821 ὁμοῦ
3738 2742 3824 2797 θύε-

2249 2878 2374 2936 ραις
2406 2859 2503 2914 καὶ
2530 2854 2753 2928 μοχλοῖς
2779 2850 3183 2914 ὲναποκλείσας
3210 2847 3381 2920 ἔχεις,
3400 2842 3497 2900 καὶ
3521 2840 3826 2936 καταδησας

2249 2929 2547 3028 σφραγῖσιν
2581 2948 2951 3021 ὲναγρυπνεϊς
2977 2946 3099 3010 ταῖς
3135 2940 3451 3014 μερίμναις,
3483 2936 3589 2992 καὶ
3610 2929 3827 3007 βουλεύῃ

2249 3027 2398 3106 κατὰ
2428 3045 2647 3112 σαυτὸν,
2666 3042 2864 3117 ἄφρονι
2898 3036 3196 3112 συμδούλῳ
3225 3030 3440 3105 σεαυτῷ
3472 3027 3825 3117 κεχρημένος.

564 3152 760 3215 parata
818 3156 968 3199 esse.
1021 3139 1098 3198 De
1146 3139 1220 3197 iis
1265 3152 1391 3211 quae
1442 3137 1499 3194 in
1541 3136 1803 3193 manibus
1836 3135 1947 3192 tuis
1986 3141 2145 3201 sunt,

2250 3142 2316 3199 Τί
2344 3142 2585 3213 eretriam;
2647 3115 2872 3208 ἕτοιμον
2918 3127 2989 3205 ἦν
3011 3132 3210 3196 είπεῖν,
3267 3127 3350 3183 ὅτι
3385 3122 3697 3220 Ἐμπλήσω
3742 3115 3830 3220 τὰς

565 3245 829 3306 tanquam
884 3232 954 3291 de
1000 3231 1200 3290 alienis
1247 3229 1553 3295 consilium
1589 3229 1752 3287 habe.
1783 3227 2145 3301 Aliquantum

566 3326 839 3400 temporis
890 3334 947 3384 te
1002 3325 1311 3390 oblectant,
1360 3331 1417 3380 et
1457 3322 1689 3394 posthac
1730 3319 2049 3378 dilabentur
2093 3326 2150 3375 et

568 3422 927 3479 interibunt:
975 3435 1171 3478 eorum
1211 3430 1395 3477 autem
1431 3417 1576 3475 ratio
1614 3416 1716 3473 abs
1757 3423 1809 3472 te
1852 3414 2150 3488 diligenter

569 3516 844 3591 exigetur.
880 3516 948 3573 At
971 3522 1033 3572 tu
1062 3514 1250 3571 omnia
1279 3513 1468 3586 ianuis
1518 3521 1575 3569 et
1613 3510 1898 3585 repagulis
1930 3510 2149 3569 inclusa

570 3620 749 3679 tenes,
798 3610 979 3683 iisque
1011 3609 1197 3683 sigillo
1223 3624 1323 3667 seu
1368 3608 1594 3665 vinculo
1632 3608 1875 3680 quodam
1903 3606 2154 3681 constri-

571 3708 701 3775 ctis,
752 3705 909 3764 curis
958 3704 1242 3778 invigiles,
1291 3718 1358 3761 ac
1427 3711 1615 3761 tecum
1664 3702 1788 3774 ipse
1841 3700 2149 3769 deliberas,

569 3800 804 3859 stultum
850 3797 1237 3856 consiliarium
1291 3795 1535 3868 teipsum
1585 3796 1800 3853 scilicet
1853 3794 2152 3851 adhibens.

550 3889 715 3961 Quid
740 3889 984 3947 faciant?
1015 3897 1331 3962 promptum
1370 3895 1492 3945 erat
1522 3887 1747 3945 dicere:
1773 3885 2003 3943 Animas
2028 3901 2155 3942 esu-

569 3985 837 4043 rientium
871 3982 1137 4056 implebo,
1173 3984 1376 4039 horrea
1403 3980 1734 4055 patefaciam
1768 3995 1913 4049 mea,
1952 3986 2008 4036 et
2033 3994 2156 4036 om-

570 4095 672 4137 nes
706 4076 890 4150 inapia
927 4075 1261 4132 laborantes
1306 4089 1620 4141 accersam;
1656 4071 1960 4144 Josephum
1993 4071 2156 4128 beni—

570 4174 801 4248 gnitatis
848 4169 1128 4244 praeconio
1179 4169 1464 4226 imitabor.
1526 4165 1736 4224 Vocem
1800 4166 2153 4239 magniﬁcam

574 4268 927 4339 proloquar:
1007 4262 1206 4321 Venite
1256 4263 1325 4319 ad
1375 4277 1468 4318 me
1518 4277 1710 4318 omnes
1763 4262 1857 4332 qui
1915 4260 2159 4333 panibus

575 4361 862 4433 indigetis,
896 4358 1151 4416 beneﬁcii
1184 4358 1333 4429 quod
1363 4355 1632 4412 divinitus
1656 4354 1790 4411 milii
1824 4369 2157 4411 concessum

2252 3234 2433 3308 ψυχὰς
2453 3209 2567 3287 τῶν
2595 3227 2912 3287 πεινώντων
2939 3240 2956 3257 ⁸
2996 3222 3196 3291 ὰνοίξω
3235 3220 3337 3285 τὰς
3385 3215 3703 3289 ἀποθήκας,
3734 3209 3832 3308 Δκαὶ

2252 3305 2468 3391 πάντας
2528 3323 2748 3381 καλέσω
2806 3322 2937 3386 τοὺς
2979 3313 3571 3386 ἐνδεεῖς.Μιμὴσομαι
3603 3308 3697 3363 τδν
3732 3305 3833 3359 Ἰω-
3932 3366 3939 3375 ο

2254 3422 2368 3497 σὴφ
2401 3420 2482 3494 τῷ
2509 3419 2612 3491 τῆς
2653 3412 3069 3489 φιλανθρωπίας
3126 3407 3473 3497 κηρύγματι.
3530 3400 3830 3497 “effatu!

2253 3490 2845 3586 vahvvpefaldtluxov
2862 3522 2877 3538 ι
2905 3504 3064 3558 Ὅσοι
3090 3497 3409 3572 ύστερεῖσθε
3433 3495 3647 3568 ἄρτων,
3665 3490 3831 3586 ῐλθετε

2255 3582 2406 3682 πρός
2428 3582 2520 3679 με,
2552 3604 2653 3676 τῆς
2683 3600 2838 3671 παρά
2885 3594 3025 3653 Θεοῦ
3064 3592 3359 3666 δεδομένης
3403 3588 3638 3682 χάριτος
3651 3584 3719 3682 τὸ
3742 3582 3833 3653 ἀρ·

2256 3678 2389 3759 κοῦν
2417 3678 2671 3762 ἕκαστος,
2696 3690 2811 3750 οἷον
2841 3694 2907 3748 ὲκ
2924 3689 3125 3748 κοινῶν
3145 3684 3362 3760 πηγῶν,
3382 3700 3487 3754 cup
3501 3678 3832 3755 μεθέξοντες.

2270 3791 2410 3848 Ἀλλ’
2442 3791 2505 3846 ού
2535 3787 2778 3852 τοιοῦτος
2802 3784 2869 3839 σύ
2890 3802 2906 3818 ο
2942 3782 3109 3839 πόθεν
3155 3779 3233 3843 ῶς
3276 3792 3343 3847 γε
3366 3772 3691 3849 βασκαίνεις
3734 3768 3836 3829 τοῖς

2257 3887 2575 3963 ἀνθρώποις
2622 3884 2722 3956 τῆς
2765 3877 3148 3942 ἀπολαύσεως,
3200 3867 3442 3963 πονηρὸν
3468 3866 3527 3921 δὲ
3561 3859 3837 3963 βῆυλξυτῆ·

2262 3955 2381 4056 ριον
2410 3984 2472 4035 ὲν
2500 3981 2569 4053 τῇ
2596 3955 2745 4050 ψυχῇ
2786 3970 3193 4044 συγκροτήσας,
3226 3958 3676 4056 φροντίζεις
3702 3955 3836 4056 οπως

2263 4048 2513 4150 μεταδῷς
2542 4048 2767 4142 iam
2796 4068 2869 4123 τὰ
2918 4064 3059 4140 πρὸς
3105 4060 3207 4135 τὴν
3260 4056 3479 4150 χρείαν,
3510 4051 3657 4150 ’ἀλλ’
3702 4048 3837 4150 όπως

2260 4142 2903 4235 πάντανύποδεξάμενος,
2950 4158 3162 4222 πάντας
3215 4153 3317 4225 τῆς
3344 4149 3440 4208 ἀπ’
3464 4145 3652 4203 αὐτῶν
3704 4142 3837 4212 ὡφε-

2259 4263 2412 4327 λείας
2433 4260 2820 4331 ἀποστερήσῃς
2842 4272 2858 4322 ;
2880 4250 3235 4324 παρέστησαν
3266 4245 3317 4300 οί
3342 4243 3445 4314 τὴν
3471 4238 3657 4312 ψυχὴν
3680 4237 3838 4331 Αὰπαιο

2262 4355 2512 4421 τοῦντες,
2543 4329 2797 4414 κάκεῖνος
2825 4346 2958 4420 περὶ
2986 4340 3296 4417 βρωμάτων
3333 4339 3405 4410 τῇ
3430 4336 3584 4406 ψυχῇ
3608 4329 3833 4421 ἐλέγετο.

576 4465 684 4521 est,
714 4463 987 4528 quantum
1038 4452 1243 4524 cuique
1277 4450 1415 4507 satis
1450 4450 1543 4516 sit,
1574 4449 1723 4505 velut
1756 4464 1824 4505 ex
1869 4449 2148 4505 communi

2262 4448 2450 4521 Ταύτῃ
2471 4418 2548 4520 *τῇ
2573 4444 2735 4502 νυκτί⁵
2764 4418 3245 4513 παρελαμϐἀνετο,
3282 4431 3379 4487 καὶ
3418 4430 3503 4495 είς
3532 4428 3631 4528 ἐτη
3676 4418 3836 4528 πολλά

579 4516 748 4606 fonte.
784 4547 1089 4620 participes
1144 4544 1340 4601 futuri.
1394 4544 1463 4599 At
1498 4552 1553 4597 tu
1585 4558 1696 4599 non
1734 4541 1839 4597 hoc
1876 4557 1938 4599 es
1968 4543 2148 4601 animo

2262 4546 2365 4618 τὴν
2388 4516 2691 4600 ἀπόλαυσιν
2722 4532 3077 4608 ὲφαντάζετο.
3106 4525 3476 4620 Συνεχωρήθη
3723 4516 3835 4589 βου-

576 4640 860 4711 praeditus.
904 4636 1007 4704 Qui
1042 4635 1224 4692 enim?
1259 4650 1383 4691 cum
1443 4649 1636 4690 eorum
1695 4630 1937 4688 fructum
1975 4633 2159 4690 homi-

578 4737 745 4792 nibus
776 4734 1067 4790 invideas:
1100 4747 1289 4787 verum
1327 4726 1645 4801 improbum
1678 4728 1866 4784 animo
1899 4737 1994 4784 tuo
2021 4743 2160 4785 cono

577 4830 766 4885 cilium
802 4828 1043 4901 agitans,
1075 4826 1129 4881 id
1160 4840 1346 4890 curas,
1385 4840 1496 4880 non
1533 4833 1594 4879 ut
1622 4822 1825 4895 cuique
1862 4837 1927 4879 ea
1960 4823 2162 4894 quibus

578 4922 791 4993 indiget
847 4920 1084 4985 tribuas,
1134 4916 1232 4974 sed
1291 4924 1354 4971 ut
1396 4915 1557 4971 bonis
1604 4915 1864 4971 omnibus
1912 4914 2063 4986 apud
2103 4922 2161 4971 te

578 5013 887 5088 congestis,
941 5026 1137 5069 omnes
1182 5025 1374 5066 eorum
1418 5008 1658 5065 utilitate
1696 5014 1750 5065 et
1778 5008 2160 5064 emolumento

578 5111 793 5183 privos.
824 5107 1030 5163 Praesto
1059 5105 1292 5163 aderant
1321 5104 1416 5177 qui
1445 5104 1686 5159 animam
1718 5104 1869 5161 illius
1897 5118 2161 5175 reposce-

581 5214 751 5271 rent;
794 5203 881 5259 illi
914 5210 1099 5258 autem
1152 5200 1220 5257 de
1252 5200 1397 5256 cibis
1436 5214 1563 5255 cum
1597 5198 1780 5254 anima
1821 5214 1923 5256 sua
1975 5197 2162 5256 sermo

579 5281 717 5353 erat.
743 5297 857 5352 Hac
888 5304 1050 5351 nocte
1077 5294 1491 5358 assumebatur,
1520 5302 1688 5364 atque
1718 5292 1773 5347 in
1806 5307 1983 5349 annos
2016 5292 2164 5347 mul-

582 5400 672 5446 tos
704 5390 938 5446 delicias
979 5386 1083 5446 sibi
1117 5388 1301 5442 animo
1348 5386 1611 5459 ﬁngebat.
1648 5386 1757 5457 ipsi
1804 5387 2035 5441 omnino
2066 5385 2163 5442 de-

583 5484 878 5551 liberandi,
936 5493 993 5541 et
1047 5481 1378 5539 sententiam
1444 5496 1605 5537 suam
1668 5480 1960 5552 promendi
2015 5478 2160 5535 facta

2262 4610 2583 4698 humabat,
2605 4631 2700 4684 καὶ
2720 4626 2967 4700 φανερὰν
2990 4621 3187 4680 ἑαυτοῦ
3215 4619 3444 4690 ποιῆσαι
3467 4614 3568 4687 τὴν
3597 4610 3834 4682 γνώμην,

2265 4730 2353 4786 ἵνα
2384 4727 2541 4794 ἀξίαν
2576 4726 2672 4797 τῆς
2724 4719 3104 4795 προαιρέσεως
3139 4713 3361 4787 δέξηται
3387 4711 3491 4781 τὴν
3547 4707 3834 4797 ἀπόφασιν.

2267 4821 2437 4891 Ἀξια
2491 4820 2600 4892 γὰρ
2629 4793 3023 4886 *καθαιρέσεως
3060 4808 3129 4864 τὰ
3174 4806 3402 4880 ταμιεῖα
3462 4793 3829 4892 τῆςᾲδῶικίας.

2265 4886 2641 4969 Κατάσκαπτε
2667 4910 2789 4972 ταῖς
2839 4901 3037 4960 ἑαυτοῦ
3070 4898 3263 4973 χερσὶν
3288 4896 3326 4952 ἃ
3354 4892 3544 4956 κακῶς
3564 4886 3832 4963 ᾡκοδόμη·

2269 5024 2390 5072 σας.
2422 5005 2533 5061 Δύε
2554 5002 2624 5057 τά
2652 5000 2976 5071 σιτώοχεία,
3041 4995 3166 5049 ὅθεν
3218 4988 3397 5052 οὐδεὶς
3442 4980 3660 5072 ἀπῆλθέ
3697 4989 3832 5072 Amr:

2268 5069 2627 5172 παραμυθίας
2671 5069 2870 5165 τυχὼν.
2913 5087 3207 5160 ’Δφάνισον
3257 5082 3436 5138 πάντα
3478 5069 3829 5172 οἷκον-πλεονο

2267 5157 2442 5262 sane.
2468 5157 2707 5263 φύλακα.
2732 5157 3143 5241 ᾖποσκεύασον
3180 5176 3436 5249 ὀρόφους,
3472 5165 3699 5263 περίελε
3736 5157 3832 5215 τοί·

2266 5256 2421 5361 κύνες.
2443 5256 2614 5351 δεῖξον
2644 5280 2783 5352 ἡλίῳ
2810 5278 2903 5333 τὸν
2958 5272 3313 5348 εὑρωτιῶντα
3369 5269 3534 5361 σῖτον.
3560 5256 3831 5361 ⁸ἰτιξιίιγαγε

2368 5379 2618 5451 φυλακῆς
2668 5374 2762 5431 τὸν
2799 5373 3021 5444 δέσμιον
3073 5365 3329 5429 πλοῦτον,
3373 5355 3738 5433 θριάμὸευσον
3770 5355 3830 5399 τα

2270 5473 2525 5530 σκοτεινά
2551 5470 2645 5526 τοῦ
2680 5466 2920 5542 μαμωνᾶ
2938 5459 3284 5531 καταγώγια.

582 5586 828 5649 pomus
856 5577 983 5645 mi"
1016 5587 1079 5633 ιη
1105 5576 1329 5650 (1³8³³⁸1³
1359 5577 1641 5649 Proposito
1668 5536 1778 5632 ‘suo
1821 5574 2153 5632 sententiam
2194 5572 2492 5642 acciperet.
2532 5568 2705 5639 Digna
2765 5564 2973 5635 quippe
3026 5555 3319 5650 eversione
3381 5557 3512 5605 sunt
3564 5536 3829 5615 iniustitia:

584 5671 987 5742 promptuaria.
1024 5668 1300 5726 Demolire
1330 5644 1591 5724 manibus
1622 5667 1858 5739 ipsemet
1888 5668 1999 5724 tuis
2033 5680 2156 5737 qua:
2192 5662 2335 5720 male
2360 5658 2746 5720 construxisti.
2778 5657 2907 5713 Dele
2930 5655 3129 5709 horrea
3180 5645 3327 5703 unde
3382 5655 3541 5699 nemo
3584 5644 3823 5742 umquam

588 5764 888 5820 solaminis
927 5762 1210 5837 quidpiam
1240 5770 1443 5818 nactus
1475 5760 1769 5818 abscessit.
1813 5759 2043 5815 Domum
2075 5775 2296 5814 omnem
2331 5756 2577 5814 avaritiae
2608 5750 2898 5808 custodem
2940 5746 3074 5802 tolle
3100 5759 3132 5799 e
3158 5740 3361 5797 medio.
3391 5731 3649 5792 Disturba
3680 5734 3821 5837 ιαξξξιι

589 5858 769 5929 dejice
812 5858 1078 5931 parietes.
1112 5856 1473 5913 Frumentum
1509 5856 1624 5912 situ
1654 5854 1937 5910 cariosum
1968 5854 2073 5911 soli
2098 5852 2348 5909 ostende.
2394 5850 2617 5907 \‘inclas
2646 5860 2779 5919 epes
2806 5862 2837 5900 ε
2874 5853 3094 5898 carcere
3130 5832 3389 5902 extrahe;
3418 5826 3699 5889 tenebrosa
3744 5817 3820 5872 illa

594 5967 928 6011 mammonae
964 5953 1281 6011 diversoria
1312 5952 1460 6007 velut
1497 5952 1551 6007 in
1588 5951 1923 6021 triumphum
1956 5964 2192 6017 expone.
