3930 6248
360 356 498 424 1497

1643 353 1883 415 SACRA
1918 355 2383 421 PARALLELA.

3498 350 3521 413 1
3534 350 3631 414 £98

425 470 527 526 Διά
552 468 612 524 es
646 468 744 525 καὶ
770 464 873 538 τὴν
918 466 1208 540 συμφορὰν
1263 461 1639 528 κατεδίκασεν,
1670 464 1756 518 δτι
1797 465 1933 534 ἔχων

2117 463 2305 535 Ejusd.
2362 464 2552 521 homii.
2584 464 2640 522 in
2695 466 2949 539 temporis
3005 465 3275 521 siccitate.
3298 494 3366 506 -υ
3400 463 3632 536 Propter

355 566 455 620 οὐκ
503 562 690 627 ἔδίδως
721 578 739 595 ο
782 561 977 633 ἐπειδὴ
1023 558 1369 632 παρέτρεχες
1412 558 1541 621 τοὺς
1599 555 1937 623 πεινῶντας·

354 655 540 728 ίπειδὴ
604 655 746 728 πρὸς
796 652 927 719 τοὺς
982 652 1349 724 ὀδυρομένους
1410 651 1513 705 οὐκ
1556 650 1935 725 ἐπεστρέφου·

353 748 540 822 ὶπειδὴ
582 747 1069 819 προσκυνούμενος
1098 746 1200 800 οὐκ
1219 745 1423 818 ἠλέεις.
1453 743 1718 817 Ἔρχεται
1746 744 1841 798 καὶ
1868 744 1942 799 δι’

350 839 568 909 ὀλίγους
597 838 694 894 ἐπὶ
720 838 899 909 δῆμον
940 836 1109 905 κακά,
1142 837 1239 892 καὶ
1274 835 1582 909 μοχθηρίας
1612 836 1732 900 ἑνὸς
1792 852 1936 908 παρ-

350 932 643 1007 απήλαυσε
664 931 861 1003 δῆμος.
878 929 1012 1003 ’Δχά
1018 949 1052 1004 ρ
1076 930 1449 1003 ίεροσύλησεν,
1464 930 1561 984 καὶ
1581 928 1681 1001 ὅλη
1702 930 1735 1002 ἡ
1760 929 1941 1001 παρά⁶

348 1020 505 1087 ταξις
532 1021 888 1094 ὲμαστίζετο.
931 1021 990 1076 '0
1019 1020 1240 1093 Ζαμὸρὶ
1289 1018 1456 1075 πάλιν
1490 1020 1571 1084 είς
1602 1019 1704 1083 τὰς
1725 1018 1937 1075 Μαδιαο

349 1113 555 1179 νίτιδας
623 1113 989 1187 ἑξεπόρνευσε
1026 1154 1042 1180 ,
1097 1114 1193 1170 καὶ
1234 1114 1265 1169 ὀ
1311 1112 1533 1185 Ἰσραὴλ
1578 1113 1808 1168 ἔπιπτεν
1856 1114 1942 1179 είς

348 1206 527 1277 δίκην.
558 1206 773 1273 Πάντες
799 1208 1004 1275 τοίνυν,
1037 1208 1133 1263 καὶ
1163 1206 1296 1279 ίδίᾳ,
1315 1208 1410 1261 καὶ
1435 1208 1594 1280 κοινῇ
1623 1206 1752 1273 τοὺς
1786 1207 1940 1279 βίους

346 1297 561 1353 ἑαυτῶν
590 1297 962 1371 ἑξετάσωμεν.

2041 568 2098 616 te
2132 560 2235 615 hac
2273 574 2493 631 quoque
2519 574 2621 615 nos
2648 558 2795 615 Deus
2826 558 3144 614 calamitate
3177 558 3464 612 multam:
3494 559 3627 627 quia

2041 667 2167 709 cum
2204 652 2462 720 haberes,
2496 667 2607 707 non
2658 651 2869 717 dabas;
2917 650 3051 723 quia
3091 665 3190 707 eos
3224 649 3321 720 qui
3370 647 3512 705 fame
3551 649 3626 705 la-

2040 745 2330 811 borabant,
2369 745 2732 817 praeteribas;
2787 745 2920 817 quia
2969 744 3040 801 ad
3082 750 3370 816 gementes
3406 743 3632 797 minime

2043 847 2097 895 te
2149 839 2561 911 convertebas;
2611 840 2744 910 quia
2793 851 3147 909 nequaquam
3211 845 3266 891 te
3328 835 3632 891 miserebat

2015 946 2233 989 .eorum
2274 945 2305 986 a
2343 932 2553 1004 quibus
2589 931 2946 987 adorabaris.
2992 928 3303 985 Paucorum
3353 926 3518 998 culpa
3571 925 3632 980 lit

2041 1034 2099 1078 ut
2128 1023 2288 1090 plebs
2322 1025 2581 1081 universa
2633 1023 3057 1080 calamitatibus
3092 1022 3411 1094 aﬂligatur;
3464 1030 3633 1090 atque

2042 1114 2207 1171 unius
2238 1114 2653 1186 improbitatem
2695 1121 2812 1171 tota
2844 1114 3002 1185 plebs
3050 1113 3173 1168 luit.
3221 1112 3417 1167 Achan
3457 1110 3631 1167 sacri-

2040 1206 2242 1277 legium
2276 1185 2648 1278 perpetrarat,
2680 1217 2736 1263 et
2788 1215 2940 1263 totus
2986 1205 3266 1262 exercitus
3306 1219 3500 1275 pinnas
3529 1185 3632 1258 de:

2041 1296 2146 1352 dit.
2190 1297 2412 1354 Zambri
2445 1315 2570 1355 cum
2611 1300 2942 1356 mulieribus
2992 1299 3311 1377 Madianitis
3343 1305 3628 1355 scortatu:

345 1403 488 1462 erat,
542 1403 599 1451 et
655 1394 825 1451 Israel
861 1404 1155 1467 propterea
1216 1398 1272 1456 in
1321 1400 1662 1474 supplicium
1713 1397 1887 1457 incidi
1967 1394 2102 1462 Quae
2159 1412 2289 1455 cum
2343 1398 2421 1454 ita
2458 1399 2590 1465 sint,
2643 1412 2840 1454 omnes
2870 1406 2925 1453 et
2975 1395 3234 1469 privatim
3292 1402 3350 1452 et
3408 1393 3626 1465 publice

344 1488 516 1542 vitam
551 1494 801 1544 nostram
830 1489 1205 1548 excutiamus.

411 1576 553 1635 Δαοὶ
581 1577 859 1635 ἀκούσατε
888 1594 906 1611 '
930 1581 1255 1654 Χριστιανοὶ
1284 1586 1618 1643 ἐνωτίσασθε
1638 1630 1653 1656 ,
1688 1589 1771 1642 ὅτι
1800 1587 1930 1643 τάδε

345 1672 495 1741 λέγει
524 1670 752 1744 Κύριος,
781 1672 843 1726 οὐ
872 1672 1206 1747 δημηγορῶν
1236 1678 1589 1749 αὑτοφώνως,
1611 1685 1725 1746 τοῖς
1745 1682 1801 1735 δὲ
1822 1683 1931 1735 τῶν

2112 1582 2257 1638 Ibid.
2288 1612 2358 1623 -—
2395 1581 2616 1647 Audite,
2653 1582 2843 1655 pepuli
2872 1600 2886 1649 ;
2920 1580 3251 1648 auscultate,
3277 1577 3580 1636 Christiani
3611 1598 3627 1647 ;

2038 1679 2303 1749 quoniam
2368 1677 2486 1733 haec
2536 1676 2669 1732 dicit
2728 1675 3020 1741 Dominus,
3075 1690 3185 1730 non
3235 1673 3353 1744 ipse
3401 1673 3625 1743 quidem

345 1765 553 1820 δούλων
587 1765 859 1838 στόμασιν
887 1766 1104 1839 ὲνηχῶν
1134 1769 1211 1834 ὡς
1234 1773 1487 1842 ὀργάνοις
1506 1787 1521 1804 ο
1556 1774 1632 1847 μὴ
1668 1776 1930 1845 φανῶμεν

2040 1777 2259 1820 suamet
2294 1778 2432 1820 voce
2469 1766 2837 1832 concionans,
2898 1763 2996 1819 sed
3051 1777 3341 1820 servorum
3395 1777 3627 1817 suorum

343 1859 394 1911 οί
418 1857 633 1929 λογικοὶ
663 1857 776 1913 τῶν
814 1857 1027 1932 ἀλόγων
1082 1860 1378 1936 ὠμότεροι.
1424 1866 1643 1921 Ἐκεῖνα
1685 1868 1798 1940 γὰρ
1826 1869 1939 1932 τοῖς

343 1954 413 2008 ἐκ
432 1952 533 2026 τῆς
554 1952 659 2024 γῆς
721 1953 1020 2025 φυομένοις
1077 1956 1227 2029 παρά
1279 1958 1380 2029 τῆς
1428 1959 1649 2029 φύσεως
1673 1958 1749 2024 ὡς
1777 1961 1936 2030 κοινῇ

343 2046 647 2120 κέχρηται,
700 2047 799 2102 καὶ
846 2047 1144 2119 προϐάτων
1199 2050 1397 2121 ἀγέλαι
1452 2052 1513 2107 ἓν
1560 2052 1656 2108 καὶ
1701 2053 1767 2107 τὸ
1806 2054 1940 2107 αὐτὸ

344 2143 781 2200 καταϐόσκονται
812 2144 964 2217 ὀρος.
990 2146 1183 2203 Ἶπποι
1209 2148 1267 2203 δὲ
1296 2149 1655 2221 παμπληθεῖς
1684 2150 1813 2222 μίαν
1842 2152 1939 2206 καὶ

342 2237 445 2310 τὴν
467 2236 641 2309 αὐτὴν
666 2238 1074 2309 κατανέμονται
1099 2241 1347 2310 πεδιάδα,
1393 2245 1490 2299 καὶ
1520 2244 1702 2299 πάντα
1720 2245 1793 2299 τὰ
1812 2244 1938 2299 καθ’

344 2330 583 2386 ἕκαστον
613 2328 791 2396 οὕτως
837 2331 1096 2404 ἀλλήλοις
1125 2334 1581 2408 ἀντιπαραχωρεί
1608 2337 1712 2409 τῆς
1767 2338 1939 2407 ἀναγ-

349 2424 517 2487 καίας
540 2425 651 2479 τῶν
682 2424 887 2497 χρειῶν
918 2424 1298 2493 ἀπολαύσεως.
1340 2428 1532 2500 Ἡμεῖς
1562 2429 1619 2485 δὲ
1647 2430 1939 2499 ἔγκολπτια-

347 2515 558 2588 ξομεθα
584 2515 652 2572 τά
678 2517 854 2573 κοινάν
875 2516 943 2574 τά
971 2517 1081 2573 τῶν
1107 2518 1320 2574 πολλῶν
1345 2522 1496 2593 μόνοι
1531 2522 1750 2595 ἔχομεν.
1780 2524 1947 2578 Αίδε-

349 2610 571 2683 σθῶμεν
610 2611 886 2686 Ἐλλήνων
944 2612 1311 2686 φιλάνθρωπα
1372 2614 1710 2688 διηγήματα.
1776 2617 1945 2689 Παρά⁵

347 2721 495 2759 τισιν
523 2704 756 2759 ἐκείνων
814 2705 983 2777 νόμος
1036 2704 1444 2778 φιλάνθρωπος,
1504 2707 1605 2781 μία
1663 2708 1933 2782 τράπεζα,

348 2796 448 2851 καὶ
469 2796 627 2852 κοινά
658 2796 729 2855 τὰ
759 2796 927 2864 σιτία,
958 2797 1056 2871 μία
1106 2798 1265 2854 ἑστία
1308 2800 1497 2873 σχεδὸν
1548 2800 1643 2856 τὸν
1697 2802 1935 2858 πολυάν-

346 2888 573 2964 θρωπον
619 2889 794 2963 δῆμον
863 2891 1264 2963 ἀπεργάζεται.
1318 2893 1757 2967 Καταλείψωμεν
1807 2897 1936 2962 τοὺς

346 2980 573 3047 ἔξωθεν,
609 2982 708 3037 καὶ
733 2981 1062 3056 ἀπέλθωμεν
1089 2985 1172 3050 εἰς
1194 2984 1257 3040 τὸ
1277 2986 1390 3041 τῶν
1431 2987 1753 3060 τρισχιλίων
1799 2988 1932 3042 611:6-

343 3074 577 3147 δειγμα·
602 3074 665 3130 τὸ
691 3074 911 3148 πρῶτον
932 3076 1044 3133 τῶν
1072 3078 1423 3150 Χριστιανῶν
1438 3078 1777 3154 ζηλώσωμεν
1806 3081 1933 3135 σύν-

2041 1855 2236 1912 oribus
2273 1865 2536 1926 tanquam
2572 1856 2802 1929 organis
2837 1855 3170 1925 quibusdam
3202 1854 3509 1911 insonans:
3546 1851 3627 1907 Ne

2041 1961 2144 2004 nos
2186 1945 2476 2017 ipsos,qui
2511 1945 2728 2002 ratione
2773 1945 2990 2016 praediti
3032 1944 3246 2013 sumus,
3278 1942 3626 2000 crudeliores

2039 2040 2220 2099 brutis
2257 2040 2622 2111 praebeamus.
2652 2036 2747 2094 llla
2778 2038 3054 2106 siquidem
3081 2038 3168 2095 his
3199 2052 3322 2108 quae
3353 2052 3421 2093 ex
3452 2037 3626 2092 humo

2038 2142 2235 2189 natura
2288 2132 2574 2205 producit,
2627 2133 2686 2189 in
2738 2124 3039 2190 commune
3094 2139 3351 2187 utuntur.
3402 2129 3537 2185 Nam
3570 2138 3623 2184 et

2038 2228 2221 2283 ovium
2283 2242 2482 2298 greges
2522 2242 2697 2283 unum
2742 2226 3109 2296 eumdemque
3158 2232 3405 2280 montem
3451 2223 3621 2293 ilepao

2039 2332 2223 2390 scunt,
2278 2321 2444 2394 492
2489 2331 2545 2379 et
2595 2320 2880 2378 numerosi
2924 2321 3051 2393 equi
3086 2321 3143 2377 in
3174 2334 3288 2375 uno
3317 2327 3371 2375 et
3425 2318 3620 2375 eodem

2037 2432 2233 2488 campo
2267 2416 2608 2488 pabulantur
2637 2433 2655 2485 ;
2695 2431 2762 2472 ac
2800 2416 3043 2487 denique
3069 2414 3401 2486 singulatim
3434 2413 3624 2470 omnia

2037 2511 2423 2567 necessarium
2458 2523 2651 2567 eorum
2688 2508 2894 2579 quibus
2929 2506 3197 2577 indigent,
3234 2520 3401 2561 usum
3430 2516 3623 2567 mutuo

2037 2602 2145 2660 sibi
2183 2602 2303 2674 ipsa
2341 2600 2681 2658 concedunt.
2728 2599 2800 2653 At
2845 2613 2949 2654 nos
2984 2613 3107 2668 quae
3142 2596 3456 2653 communia
3492 2604 3624 2649 simt

2038 2697 2165 2753 sinu
2220 2704 2418 2753 nostro
2468 2707 2819 2757 coercemus,
2854 2700 2911 2747 et
2941 2705 3066 2761 qua:
3115 2690 3456 2755 multorum,
3506 2687 3623 2742 haec

2036 2789 2144 2846 soli
2174 2798 2457 2847 tenemus.
2489 2786 2711 2858 Pudere
2756 2800 2862 2842 nos
2917 2784 3155 2839 alliciant
3188 2797 3311 2854 quae
3340 2784 3409 2839 de
3442 2781 3624 2854 genti-

2036 2883 2171 2939 lium
2232 2880 2582 2937 humanitate
2633 2886 3039 2935 memorantur.
3077 2876 3213 2931 Nam
3259 2876 3406 2948 apud
3449 2889 3621 2948 quos-

2035 2976 2164 3034 dam
2195 2990 2388 3033 eorum
2424 2975 2511 3031 lex
2538 2971 2905 3029 humanitatis
2930 2972 3093 3044 plena
3121 2978 3228 3037 est,
3264 2986 3372 3026 una
3402 2971 3621 3026 eadem-

2038 3084 2146 3143 que
2198 3083 2412 3131 mensa,
2458 3081 2790 3124 communes
2838 3065 2975 3131 cibi,
3039 3063 3185 3122 idem
3235 3063 3352 3120 fere
3422 3062 3621 3129 focus,

344 3184 557 3239 ταγμα,
588 3168 739 3235 ὅπως
766 3164 847 3241 ἦν
872 3170 1079 3239 αὐτοῖς
1138 3170 1377 3229 ἅπαντα
1437 3172 1642 3229 κοινά⁸
1678 3177 1707 3229 ὀ
1731 3173 1869 3248 βίος,
1896 3176 1930 3248 ἡ

2038 3162 2559 3219 numerosissimum
2596 3161 2803 3235 alioqui
2847 3162 3113 3234 populum
3166 3173 3338 3217 unum
3384 3172 3508 3213 esse
3541 3155 3623 3211 fa-

343 3260 530 3334 ψυχὴ,
562 3261 598 3335 ἡ
655 3263 947 3335 συμφωνία
968 3301 985 3329 ,
1034 3265 1069 3334 ἡ
1102 3264 1358 3338 τράπεζα
1408 3267 1564 3338 κοινή
1587 3283 1601 3298 ·
1627 3267 1934 3340 ἀδιαίρετος

344 3351 669 3426 ἀδελφότης,
709 3355 906 3426 ἀγάπη
969 3358 1450 3429 ἀνυπόκριτος,τά
1477 3358 1650 3413 πολλά
1703 3359 1934 3431 σώματα

345 3443 408 3497 ἓν
430 3444 800 3516 ὶργαζόμινα,
831 3445 933 3510 τάς
975 3446 1272 3519 διαφόρους
1319 3447 1501 3520 ψυχὰς
1526 3451 1608 3514 είς
1641 3450 1771 3522 μίαν
1797 3452 1929 3522 ὀμό-

343 3551 500 3590 νοιαν
529 3535 909 3610 συναρμοῦσα.
949 3536 1128 3592 Πολλὰ
1155 3537 1260 3609 τῆς
1294 3538 1652 3609 φιλαδελφίας
1700 3539 1847 3611 ἔχεις
1868 3541 1933 3595 ὲκ

346 3626 598 3693 Παλαιᾶς
622 3630 903 3701 Διαθήκης
934 3630 1033 3685 καὶ
1057 3632 1123 3685 ἐκ
1150 3635 1251 3703 τῆς
1280 3631 1428 3696 Νέας
1449 3632 1519 3686 τὰ
1533 3632 1928 3705 ὑποδείγματα.

344 3718 670 3792 Πρεσϐύτην
682 3720 777 3775 te»
792 3721 907 3795 ίδῃς
929 3720 1286 3793 λιμώττοντα,
1313 3723 1663 3795 μετάστειλαι
1692 3728 1785 3779 καὶ
1806 3725 1933 3799 θρέ-

340 3813 445 3885 ψον
455 3813 529 3880 ὡς
545 3812 743 3885 Ἰωσὴφ
765 3814 856 3869 τὸν
871 3812 1088 3872 Ἰακώϐ.
1104 3815 1329 3889 Ἐχθρὸν
1345 3815 1442 3871 ἐὰν
1455 3816 1627 3891 εὕρῃς
1643 3818 1934 3891 στενούμε-

340 3924 456 3972 νον,
478 3907 555 3979 μὴ
571 3908 873 3981 ἐπιϐάλλῃς
887 3912 954 3981 τῇ
975 3908 1113 3982 ὀργῇ
1132 3912 1198 3983 τῇ
1221 3910 1530 3985 κατεχούσῃ
1544 3910 1644 3983 τὴν
1693 3911 1929 3984 ἄμυναν,

342 3999 483 4056 ἀλλά
504 4000 708 4073 θρέψον
757 4000 923 4056 αὐτὸν
939 4001 1018 4067 ὼς
1048 4003 1259 4067 ἐκεῖνος
1309 4004 1437 4069 τοὺς
1497 4003 1759 4074 ἀδελφοὺς
1804 4006 1932 4070 τοὺς

343 4094 501 4167 πωλή
510 4111 731 4160 σαντας.
766 4095 895 4149 Ἐάν
918 4094 1150 4169 ἒντύχῃς
1169 4096 1425 4168 νεωτέρῳ
1443 4100 1930 4171 καταπονουμένῳ,

339 4188 519 4253 οὕτως
564 4187 839 4259 δάκρυσον
866 4188 944 4253 ὡς
977 4189 1183 4253 ἐκεῖνος
1247 4188 1339 4242 τὸν
1400 4190 1661 4261 Βενιαμὶν
1712 4191 1806 4245 τὸν
1833 4189 1929 4245 τοῦ

339 4283 528 4350 γήρως
557 4281 705 4336 υἱόνο
731 4281 991 4351 πειράζει
1023 4280 1118 4336 καὶ
1152 4282 1212 4335 σὲ
1245 4283 1409 4354 τυχὺν
1435 4284 1467 4340 ἡ
1503 4282 1816 4348 πλεονεξία,
1852 4284 1930 4350 ὡς

338 4375 432 4426 τὸν
473 4370 673 4444 Ἰωσὴφ
705 4373 739 4444 ἡ
767 4374 1030 4428 δέσποινα
1072 4374 1292 4428 εἵλκυσε
1339 4374 1449 4428 τῶν
1517 4376 1771 4447 ἱματίων,
1838 4378 1924 4432 ἵνα

339 4464 439 4533 τῆς
490 4464 713 4534 ἐντολῆς
758 4468 1220 4538 καταφρονήσῃς;
1254 4467 1560 4539 πρόσριὼον
1588 4470 1656 4524 τά
1706 4470 1923 4540 ἱμάτια’

2034 3256 2209 3313 ciunt.
2264 3253 2377 3313 Sed
2432 3264 2695 3312 externos
2756 3256 3067 3321 mittamus,
3116 3261 3282 3324 atque
3316 3250 3383 3307 ad
3446 3250 3619 3305 trium

2033 3350 2254 3407 illorum
2285 3350 2433 3405 mille
2459 3348 2743 3405 hominum
2775 3346 3091 3420 exemplum
3113 3362 3217 3404 nos
3242 3343 3617 3401 conferamus:

2032 3444 2272 3516 primum
2332 3443 2462 3499 istic
2510 3432 2961 3499 Christianorum
3020 3454 3220 3511 agmen
3285 3438 3618 3494 imitemur:

2030 3533 2507 3607 quemadmodum
2549 3532 2731 3588 omnia
2766 3530 2881 3586 illis
2936 3529 3239 3585 communia
3269 3536 3425 3608 erant
3461 3526 3617 3600 (Act.

2031 3643 2093 3695 ll,
2124 3627 2232 3697 δὴ
2280 3643 2357 3695 ιν,
2388 3626 2504 3697 52),
2545 3626 2681 3690 vita,
2719 3625 2961 3691 animus,
3007 3621 3329 3690 concordia,
3367 3636 3622 3677 commu-

2031 3723 2119 3778 nis
2149 3736 2366 3787 mensa,
2399 3718 2680 3776 indivulsa
2713 3715 3060 3786 fraternitas,
3102 3715 3356 3772 charitas
3407 3730 3519 3769 non
3555 3716 3619 3767 fi-

2030 3826 2144 3884 cta,
2176 3831 2301 3888 quae
2330 3830 2395 3872 ex
2430 3812 2621 3871 multis
2675 3811 3008 3884 corporibus
3044 3826 3217 3866 unum
3258 3809 3519 3871 efficeret,
3558 3815 3614 3864 et

2031 3909 2282 3965 diversas
2312 3906 2532 3963 animas
2558 3906 2874 3963 concordiis
2908 3920 3055 3961 nexu
3099 3912 3407 3975 coaptaret.
3444 3901 3614 3957 Multa

2034 4001 2129 4057 tibi
2165 4007 2367 4073 praesto
2396 4009 2532 4055 sunt
2568 3999 2821 4071 exempla
2865 3997 3187 4061 charitatis,
3248 4006 3361 4052 tum
3394 4012 3461 4052 ex
3506 3994 3616 4050 Ve-

2036 4094 2160 4159 teri,
2198 4102 2315 4148 tum
2374 4108 2440 4150 ex
2494 4090 2648 4149 Novo
2699 4090 3081 4148 Testamento.
3130 4089 3187 4145 Si
3240 4104 3428 4145 senem
3471 4086 3616 4142 fame

2032 4186 2346 4245 confectum
2393 4186 2626 4254 videris,
2662 4186 2812 4242 hunc
2861 4200 3087 4242 accerse
3115 4191 3169 4240 et
3204 4183 3312 4248 ale,
3348 4182 3616 4254 quemad-

2032 4281 2255 4337 modum
2306 4279 2513 4353 Joseph
2560 4280 2757 4337 Jacob.
2813 4278 2871 4335 Si
2908 4279 3194 4334 inimicum
3235 4278 3293 4333 in
3323 4277 3615 4349 angustias

2032 4378 2319 4435 redactum
2369 4378 2675 4443 inveneris,
2737 4393 2808 4433 ne
2860 4374 3165 4432 iracundiae
3200 4392 3311 4448 qua
3371 4374 3615 4446 percitus

2033 4482 2140 4538 est,
2196 4472 2462 4529 ultionem
2498 4472 2812 4544 adjungas;
2870 4468 2970 4526 sed
3022 4469 3200 4541 ipsum
3253 4469 3360 4535 ale,
3424 4479 3484 4523 ut
3524 4467 3615 4523 ille

339 4553 581 4623 φύλαξον
611 4554 689 4627 τῷ
719 4557 911 4629 Κυρίῳ
939 4556 1039 4631 τὴν
1095 4559 1303 4627 πίστιν,
1336 4564 1415 4623 ὼς
1462 4559 1674 4625 ἐκεῖνος
1704 4560 1780 4630 τῷ
1809 4564 1917 4616 ﬂ:-

2038 4562 2231 4620 fratres
2292 4531 2862 4636 aquibus'venditus
2917 4531 3117 4616 fuerat.
3167 4558 3227 4613 Si
3262 4531 3613 4630 iii-juvenem

338 4647 538 4719 τεφρή.
581 4647 671 4702 Ἐν
698 4648 932 4721 ἐνιαυτῷ
992 4651 1092 4723 τὴν
1128 4651 1340 4708 ἔνδειαν
1394 4655 1781 4727 οἱκονόμησον,
1842 4657 1920 4721 ὡς

2038 4673 2277 4714 aerumna
2320 4667 2375 4713 et
2430 4657 2617 4713 labore
2657 4670 2917 4728 pressum
2969 4651 3263 4716 incideris,
3307 4651 3391 4708 sic
3439 4652 3614 4707 colla-

339 4740 549 4805 ἐκεῖνος
576 4741 635 4796 ἐν
657 4745 771 4808 τοῖς
798 4742 958 4800 ἑπτά.

2038 4766 2241 4825 cryma.
2280 4762 2340 4808 ut
2367 4752 2461 4807 ille
2486 4752 2558 4808 ob
2586 4751 2873 4823 Beniamin
2904 4763 3068 4823 quem
3110 4763 3280 4804 senex
3307 4754 3464 4818 pater
3493 4746 3613 4801 edi-

339 4832 519 4892 derat.
555 4835 702 4905 Quin
755 4846 809 4895 te
852 4838 1116 4898 fortassis
1160 4857 1383 4917 quoque
1433 4852 1608 4902 tentat
1640 4847 1916 4904 avaritia?
1947 4851 2027 4905 uti
2068 4850 2375 4922 Josephum
2409 4850 2539 4905 hera
2584 4856 2640 4906 te
2687 4848 2938 4906 vestibus
2998 4845 3191 4911 trahit,
3245 4853 3306 4899 ut
3378 4844 3611 4900 manda-

340 4939 461 4986 tum
495 4932 587 4989 Dei
620 4950 722 5005 pro
771 4937 949 4994 nihilo
988 4938 1203 4997 ducas?
1248 4941 1459 5013 projiee
1491 4951 1711 5009 vestes,
1736 4945 1912 5003 iratus
1966 4946 2244 5014 abscede,
2302 4945 2462 5001 fidem
2497 4960 2655 5002 serva
2694 4942 2969 5012 Domino,
3011 4952 3073 4999 ut
3111 4942 3203 4997 ille
3277 4938 3565 5013 Putiphari
3590 4956 3609 4995 :

341 5027 400 5084 in
430 5045 545 5087 uno
573 5046 719 5089 anno
745 5042 1096 5107 grassantem
1141 5046 1444 5109 egestatem
1476 5040 1829 5109 administra,
1860 5052 1920 5098 ut
1964 5043 2057 5100 ille
2093 5054 2305 5114 septem
2337 5044 2526 5099 annis.

411 5126 479 5181 Τί
510 5125 743 5199 ὀποτίθῃ
766 5129 1022 5201 ἀφορμὴν
1081 5129 1441 5203 εὐπρόσωπον
1473 5136 1555 5199 είς
1580 5136 1699 5208 -τὴν
1730 5139 1920 5209 ἀμαρ-

2098 5134 2375 5207 Ejusdem.
2407 5166 2477 5178 —-
2506 5135 2652 5205 Quid
2691 5136 3045 5208 plausibilem
3098 5148 3325 5190 causam
3378 5122 3445 5189 ad
3482 5148 3611 5204 pec-

338 5221 498 5291 τίαν;
524 5221 555 5276 ὀ
578 5220 669 5274 τὸν
701 5222 865 5275 παῖδα
894 5223 1150 5295 ποιήσας,
1204 5226 1301 5279 καὶ
1334 5227 1393 5280 σὲ
1422 5228 1700 5299 ἐποίησεν.
1736 5231 1805 5284 ’Ὀ
1837 5248 1921 5286 σοι

2038 5230 2270 5286 tandum
2301 5229 2506 5302 fingis?
2529 5230 2635 5298 Qui
2668 5238 2721 5287 te
2747 5231 2981 5295 creavit,
3010 5229 3154 5285 idem
3185 5227 3356 5282 tilium
3386 5242 3611 5298 quoque

337 5316 441 5382 τάς
470 5313 727 5389 ἀφορμὰς
750 5316 1149 5389 παρεχόμενος,
1169 5321 1267 5374 καὶ
1286 5320 1363 5393 τῷ
1392 5321 1545 5375 παιδὶ
1565 5322 1796 5396 παρέξει
1821 5325 1923 5392 τὰς

2038 5328 2186 5376 tuum
2244 5320 2475 5375 creavit.
2522 5318 2627 5386 Qui
2685 5320 2811 5376 vitae
2868 5318 3134 5390 degendae
3196 5317 3447 5374 subsidia
3506 5317 3607 5373 tibi

336 5412 436 5469 τοῦ
469 5411 587 5483 βίου
617 5407 982 5481 διεξαγωγάς.

2038 5413 2287 5485 praebuit,
2324 5412 2471 5470 idem
2504 5429 2729 5485 quoque
2760 5414 3143 5471 instrumenta
3172 5412 3287 5468 lilio
3322 5412 3608 5479 pnebebit,

2025 5506 2231 5579 quibus
2266 5507 2438 5562 vitam
2465 5507 2739 5579 transigat

2100 5598 2299 5669 Ejusd.
2333 5631 2405 5643 —--
2433 5600 2514 5657 Ne
2550 5601 2763 5658 liberos
2805 5615 3080 5665 causeris,
3110 5616 3144 5657 ο
3196 5617 3380 5658 avare.
3421 5600 3605 5679 Liberi

2024 5692 2123 5747 tibi
2168 5695 2348 5749 sunt?
2388 5692 2791 5767 sempiternum
2839 5697 2978 5766 ipsis
3026 5696 3349 5752 thesaurum
3382 5699 3607 5767 aggere.

2024 5784 2346 5844 Thesaurus
2380 5796 2566 5846 autem
2600 5792 2963 5863 pecuniarum
3008 5791 3205 5864 plenus
3236 5800 3291 5848 et
3321 5806 3486 5864 opum
3520 5799 3607 5846 est

2026 5880 2218 5952 pielas.
2283 5882 2438 5942 Filiis
2497 5888 2610 5944 tuis
2663 5888 2867 5945 bonum
2903 5887 3094 5960 potius
3160 5902 3382 5955 nomen,
3441 5900 3604 5961 quam

410 5590 509 5661 Μὴ
542 5591 883 5664 προφασίζου
928 5592 1058 5657 τοὺς
1089 5594 1304 5661 παῖδας,
1326 5598 1355 5652 ὀ
1383 5596 1734 5675 πλεονέκτης.
1784 5604 1921 5658 Παῖ-

339 5686 431 5750 δές
486 5686 675 5754 slew;
730 5685 1032 5758 θησαύριξε
1091 5688 1290 5763 αὐτοῖῄ
1341 5691 1619 5765 θησαυρὸν
1676 5694 1916 5751 αἰώνιον.

341 5776 629 5850 Θησαυρὸς
656 5777 715 5833 δέ
764 5780 912 5834 ἐστιν
938 5779 1195 5836 εὐσέϐεια
1251 5785 1572 5855 χρημάτων.
1607 5789 1921 5845 Κατάλειπε

346 5869 535 5925 παισὶν
562 5868 775 5945 ἀγαθὴν
811 5872 1066 5944 μνήμην,
1098 5872 1130 5945 ἢ
1160 5874 1391 5931 πλοῦτον
1455 5877 1645 5936 πολύν.
1705 5880 1923 5948 Πάντας
