4020 6262
556 328 695 396 1503

1756 316 1820 378 S.
1848 309 2169 377 JOANNIS
2200 308 2636 373 DAMASCENI

3671 295 3774 364 15οί

556 446 878 513 comparata
909 444 1018 503 est,
1056 442 1118 493 ut
1152 434 1295 491 alios
1330 439 1499 503 atque
1538 428 1682 487 alios
1711 426 1948 485 subinde
1982 439 2130 480 com-

2267 424 2397 479 ιόλει
2427 424 2629 492 οίκίας,
2654 422 2797 478 πόσα
2851 422 2959 496 ἤδη
2987 418 3084 493 ἀφ’
3110 411 3177 475 οὗ
3248 413 3537 513 γεγόνασιν
3576 413 3773 513 ὀνόματα

557 539 757 587 mutet.
781 527 959 586 Hodie
990 528 1081 583 hic
1114 541 1245 599 ager
1281 524 1452 594 hujus
1482 528 1608 588 est;
1640 518 1889 575 crastino
1925 515 2019 572 die
2050 514 2138 570 al-

2245 514 2662 587 μετειλήφασιν,
2733 512 2927 569 ἄλλοτε
2966 512 3055 567 ἃπ*
3083 510 3249 567 ἀλλου
3306 506 3418 562 τῶν
3466 505 3778 576 κεκτημένων

558 623 757 686 terius,
808 632 863 679 et
919 622 1089 694 paulo
1134 626 1263 690 post
1318 615 1511 672 itidem
1564 612 1731 668 alius.
1778 609 1947 667 Urbis
1990 607 2138 665 aedes

2267 608 2673 683 ινομαζόμεναι,
2731 608 2829 664 καὶ
2849 606 3056 681 χρυσὸς
3092 605 3184 661 ἀεὶ
3210 604 3310 668 τὰς
3342 601 3439 658 τοῦ
3470 600 3671 694 ἔχοντος
3695 600 3780 694 χεί-

559 714 840 784 conspiee.
869 715 1015 781 Quot
1040 714 1156 785 jam
1194 711 1443 775 nomina,
1474 722 1539 763 ex
1564 720 1677 778 quo
1712 711 1960 775 tempore
1989 710 2140 759 stru-

2245 720 2345 777 ρας
2366 704 2633 775 διαρρέων
2663 702 2748 772 ἐφ’
2781 702 2975 774 ἓτερον
3027 698 3316 756 διαϐαίνει.
3363 694 3461 750 καὶ
3482 693 3578 748 ἀπ’
3606 692 3783 748 ἐκείνου

560 821 659 866 ειαι
695 817 827 866 sunt
855 849 869 872 ,
902 809 1300 870 immutavere,
1342 808 1536 873 utpote
1580 800 1718 855 alias
1771 799 1840 855 ab
1881 798 2010 855 aliis
2040 798 2141 852 do-

2267 796 2383 868 τρδς
2436 795 2619 851 ἀλλον.
2681 794 2903 850 Μᾶλλον
2944 791 3177 847 δύνασαι
3232 789 3378 861 ὕδωρ
3407 790 3475 860 τῇ
3498 787 3637 858 χειρὶ
3657 802 3784 855 περι-

562 902 727 957 minis
785 899 1157 971 nuncupatas!
1215 894 1419 953 Eodem
1469 891 1635 949 modo
1679 906 1883 947 aurum
1920 904 2147 962 quoque

563 1007 660 1063 per
717 991 931 1047 domini
976 1003 1176 1045 manus
1237 1001 1455 1057 semper
1509 983 1727 1048 ﬂuens,
1785 981 1852 1037 ad
1908 980 2147 1037 alterum

2249 889 2431 945 ϐαλὼν
2454 891 2777 960 κατασχεῖν,
2813 887 2849 959 ἢ
2878 884 3111 941 πλοῦτον
3162 882 3378 955 σεαυτῷ
3423 878 3655 953 διαρκῶς
3683 894 3785 932 συν-

2246 998 2517 1056 τηρησαι.

564 1088 996 1158 transit,atque
1031 1084 1224 1141 abillo
1256 1098 1455 1139 rursus
1509 1079 1581 1136 ad
1627 1078 1894 1135 alterum.
1954 1075 2199 1138 Facilius
2234 1093 2400 1135 manu
2469 1075 2937 1150 comprehensam
3002 1073 3245 1131 retinere
3326 1083 3526 1143 aquam
3592 1069 3785 1140 possls,

564 1200 725 1253 quam
754 1182 977 1238 divitias
1012 1190 1279 1253 perpetuo
1314 1178 1413 1235 tibi
1446 1190 1811 1234 conservare.

633 1274 692 1331 S.
748 1273 907 1346 (ἶνες.
958 1270 1551 1329 Nazianz.-——Omnis
1617 1271 1712 1343 qui
1765 1270 1959 1342 inique
2000 1269 2113 1343 agit

565 1374 769 1439 praesto
801 1374 887 1421 est
917 1365 987 1421 ad
1022 1381 1081 1422 se
1111 1364 1546 1421 defendendum.

704 1460 942 1514 Accessit
977 1458 1044 1512 ad
1073 1475 1154 1514 me
1178 1474 1381 1529 pauper
1410 1477 1424 1513 :
1467 1467 1520 1511 at
1552 1456 1763 1527 [rustra
1794 1466 1992 1512 tamen.

708 1530 939 1597 Christe,
965 1532 1252 1584 extimesco
1284 1546 1347 1583 ne
1391 1537 1539 1582 tuam
1572 1545 1815 1598 quaerens
1849 1543 2024 1594 opem,

708 1602 931 1671 Abram,
960 1602 1192 1655 vicissim
1222 1617 1442 1671 prorsus
1477 1599 1568 1654 abs
1607 1599 1762 1671 lenit
1788 1600 1984 1668 ferens.

713 1670 858 1726 Nam
889 1672 1028 1742 quod
1052 1669 1357 1743 uegatLquis
1398 1670 1576 1743 atteri,
1613 1669 1670 1723 id
1701 1669 1910 1743 frustra
1939 1669 2089 1737 petit.

1165 1739 1261 1815 (εξ
1290 1740 1443 1811 Greg.
1489 1739 1633 1795 Naz.
1668 1750 1737 1794 tr.
1767 1740 1897 1809 51.)

2318 1266 2437 1331 Πᾶς
2458 1267 2486 1319 ό
2512 1264 2739 1330 ἀδικῶν,
2772 1263 2854 1329 είς
2882 1262 3185 1335 ἀπολογίαν
3217 1260 3461 1331 ἕτοιμος.

2356 1452 2550 1531 Herm-
2572 1450 2943 1531 προσῆλθεν,
2962 1446 3086 1531 sit:
3114 1447 3351 1531 ἀπῆέθε
3375 1448 3465 1531 ιίὴ
3492 1447 3697 1531 τυχῴν.

2359 1518 2630 1585 egeam;
2657 1518 2888 1591 xpme,
2905 1521 2990 1590 μὴ
3016 1520 3179 1589 κάγὼ
3202 1518 3468 1591 τῆςᾲσῆς
3498 1518 3682 1588 χερὸς,

2358 1593 2593 1663 Χρῄζων
2624 1589 2937 1661 ἀπέλθοιμ’
2965 1590 3184 1663 ἐνδεὴς
3209 1589 3601 1663 ῥμοῒςγόμοις

2362 1659 2422 1718 '0
2446 1659 2558 1735 Mp
2578 1682 2669 1730 τις
2682 1667 2755 1720 οὐ
2784 1659 3025 1730 δέδωκε,
3050 1661 3191 1733 μηδ’
3219 1659 3521 1721 ἐλπιζέτω.

645 1836 836 1909 Ejusd.
881 1845 1023 1892 orat.
1086 1836 1172 1891 15.
1208 1835 1453 1890 -—Alias
1513 1832 1739 1889 divitias
1797 1848 1908 1889 non
1961 1846 2148 1899 ames,

2326 1826 2421 1900 Μὴ
2448 1826 2748 1899 ἀγαπήσῃς
2802 1826 2895 1881 τδν
2950 1824 3207 1889 πλοῦτον,
3261 1822 3312 1877 εί
3358 1821 3435 1896 μὴ
3475 1820 3684 1895 βοηθεῖν
3725 1823 3800 1877 πέ-

569 1926 677 1983 nisi
708 1927 971 1999 pauperis
1004 1926 1292 1997 opitulari.

644 2019 837 2091 Ejusd.
871 2051 940 2063 --
964 2017 1044 2075 Ne
1078 2018 1305 2073 divitias
1363 2024 1587 2073 nostras
1630 2016 1833 2073 alienis
1890 2014 2153 2089 lacrymis

571 2115 1021 2179 adrnisceamus,
1076 2128 1107 2169 a
1142 2112 1348 2182 quibus
1404 2120 1669 2182 tanquam
1711 2125 1741 2164 a
1791 2110 2049 2182 rubigine
2098 2120 2156 2168 et

572 2206 736 2262 tineis
802 2213 1222 2267 consumentur,
1277 2203 1400 2268 vel,
1457 2214 1520 2259 ut
1585 2202 1895 2275 Scriptura:
1960 2219 2152 2261 vocem

572 2312 862 2369 usurpem,
890 2306 1244 2352 evomentur.

644 2387 838 2460 Ejuad.
896 2399 1039 2445 arat.
1095 2387 1187 2446 l5.
1212 2418 1283 2431 --
1308 2387 1415 2456 Qui
1464 2388 1641 2444 multa
1679 2388 1829 2445 forte
1856 2396 1913 2445 et
1952 2397 2156 2462 praeter

572 2496 731 2553 spem
789 2493 1129 2538 consecutus
1162 2488 1273 2538 est
1326 2482 1463 2554 (hoc
1521 2483 1675 2539 enim
1739 2484 2153 2555 iniquissimum

572 2571 723 2642 est),
767 2579 823 2628 et
896 2570 1059 2642 cujus
1131 2572 1419 2643 apothecae
1486 2574 1745 2646 plurima:
1804 2575 2157 2647 angustiores

574 2674 742 2730 sunt,
774 2664 852 2720 ita
900 2672 963 2721 ut
1000 2664 1104 2721 has
1155 2654 1384 2737 quidem
1433 2667 1687 2738 repleat,
1733 2667 1861 2725 illas
1896 2683 2027 2724 vero
2056 2668 2157 2724 de-

574 2766 800 2826 struat,
858 2766 921 2814 ut
972 2757 1301 2833 obventuris
1387 2759 1492 2816 sibi
1545 2758 1796 2829 frugibus
1853 2761 2159 2819 condendis

579 2851 882 2923 ampliores
918 2850 1191 2917 aediﬁcet.
1225 2838 1449 2923 ignorat
1490 2853 1606 2908 fore
1647 2859 1707 2909 ut
1744 2861 1875 2910 ante
1905 2855 2161 2927 rapiatur

576 2958 745 3013 quam
782 2952 1129 3016 speratarum
1168 2945 1369 3001 evadat
1417 2959 1682 3018 compos;
1726 2946 1995 3004 rationem
2026 2964 2160 3006 vero

576 3034 938 3093 abundantiae
983 3037 1137 3093 illius
1187 3037 1423 3104 reddet,
1473 3047 1530 3094 et
1574 3038 2014 3106 ostentationis,
2061 3041 2159 3111 qui

579 3129 888 3184 alienorum
943 3129 1217 3186 bonorum
1264 3129 1545 3202 pessimus
1581 3131 1937 3204 dispensator
1985 3134 2159 3189 exsti-

577 3229 797 3349 miiid.
824 3325 892 3335 —
916 3292 1043 3349 Mali
1090 3292 1325 3365 hujusce
1358 3309 1583 3351 causam
1617 3309 1988 3368 agnoscamus
2020 3311 2034 3349 :
2062 3311 2167 3353 cur

584 3393 801 3455 segetes
828 3386 1151 3443 exarueriut
1175 3428 1189 3453 ,
1211 3403 1313 3443 cur
1342 3386 1546 3443 horrea
1572 3387 1807 3445 confusa
1835 3429 1851 3453 .
1880 3396 1936 3446 et
1960 3404 2165 3461 pascua

585 3476 772 3533 ovium
808 3478 1138 3543 defecerint,
1180 3496 1282 3536 cur
1317 3488 1614 3537 extenuata
1667 3483 1916 3552 speciosa
1974 3490 2164 3549 terrm,

584 3572 765 3643 campi
796 3586 906 3628 non
946 3571 1308 3644 pinguedine,
1335 3572 1435 3630 sed
1478 3590 1720 3633 mterore
1769 3574 1980 3648 perfusi
2012 3577 2165 3647 sint;

585 3679 684 3719 cur
706 3664 875 3720 valles
903 3678 1010 3719 non
1035 3664 1441 3722 abundaverint
1461 3668 1764 3733 frumento,
1796 3668 1894 3725 sed
1925 3671 2169 3739 complo—

586 3762 722 3813 rata
758 3755 920 3830 ωε
975 3755 1225 3827 fuerint;
1311 3774 1413 3815 cur
1488 3769 1705 3818 montes
1749 3761 1943 3829 nobis,
1972 3777 2169 3833 quem-

586 3850 883 3907 admodum
910 3851 1080 3922 justls
1123 3853 1286 3923 viris,
1331 3854 1681 3912 dulcedinem
1724 3872 1836 3913 non
1881 3857 2169 3926 stillarint,

586 3959 656 3999 ac
712 3946 981 4002 montium
1047 3948 1255 4004 Gelboe
1314 3949 1763 4007 maledictionem
1831 3953 2167 4025 acceperint.

586 4035 749 4095 Tales
772 4038 1035 4097 nimirum
1064 4040 1362 4113 impiorum
1395 4042 1608 4099 divitia:
1652 4054 1819 4113 sunt;
1854 4046 1995 4103 tales
2028 4047 2171 4104 male

588 4132 988 4189 seminantium
1016 4150 1249 4192 messes.
1295 4134 1449 4193 Unde
1469 4137 1695 4193 tandem
1723 4139 1878 4193 haec?
1914 4156 2038 4210 qua:
2071 4156 2171 4195 no-

588 4222 673 4278 bis
696 4239 865 4281 causa
898 4225 1271 4282 calamitatem
1295 4226 1440 4283 lianc
1464 4228 1676 4284 invexit
1696 4231 1719 4284 ?
1737 4230 1895 4287 Alius
1918 4240 2167 4288 nostrum

588 4332 883 4387 pauperem
947 4322 1252 4391 oppressit,
1316 4331 1371 4377 et
1426 4331 1591 4377 terrae
1650 4330 1863 4393 partem
1925 4324 2168 4393 aliquam

588 4409 926 4474 intervertit,
990 4428 1055 4467 ac
1089 4412 1322 4470 limitem
1375 4416 1673 4482 scelerate,
1728 4416 1814 4470 vel
1867 4414 2038 4483 furto,
2080 4415 2167 4472 vel

590 4511 778 4573 aperta
812 4503 865 4558 vi
894 4510 1287 4576 transgressus
1327 4514 1436 4573 est,
1482 4506 1823 4577 domumque
1862 4506 2075 4573 domui,
2110 4517 2167 4565 et

591 4608 780 4665 agrum
809 4611 945 4669 agro
982 4597 1269 4669 adjunxit,
1308 4608 1367 4653 ut
1395 4600 1651 4670 proximo
1707 4600 1925 4670 aliquid
1981 4609 2170 4659 extor-

589 4696 825 4758 queret;
882 4692 1269 4763 pertinactque
1322 4693 1508 4749 animo
1550 4694 1758 4749 studuit
1815 4702 1876 4749 ut
1920 4693 2169 4751 vicinum

591 4779 801 4835 nullum
830 4781 1078 4847 haberet,
1120 4800 1217 4840 ceu
1249 4784 1403 4840 solus
1461 4784 1514 4839 in
1551 4792 1697 4840 terra
1753 4797 1903 4842 esset
1952 4786 2169 4843 habita-

595 4882 777 4931 turus.
803 4874 1001 4931 Usuris
1031 4877 1177 4933 alius
1203 4886 1258 4933 et
1313 4880 1629 4949 augmentis
1664 4889 1869 4936 terram
1916 4880 2168 4948 foedavit,

592 4967 863 5039 colligens
894 4970 989 5024 ubi
1027 4980 1329 5026 sementem
1380 4987 1491 5027 non
1535 4971 1684 5038 fecit,
1716 4982 1771 5028 et
1810 4983 2025 5031 metens
2074 4974 2170 5030 ubi

595 5077 705 5117 non
729 5065 943 5135 sparsit
975 5084 990 5121 :
1028 5080 1135 5121 non
1176 5082 1241 5122 ex
1280 5066 1430 5123 cultu
1484 5082 1769 5138 agrorum,
1808 5069 1903 5124 sed
1931 5083 1995 5125 ex
2033 5084 2173 5141 pau-

590 5170 786 5224 perum
824 5166 1065 5229 egestate
1093 5165 1149 5213 et
1198 5157 1428 5228 penuria
1499 5157 1791 5214 facultates
1814 5174 2045 5231 augens.
2078 5159 2174 5214 Al-

592 5259 679 5306 ter
710 5266 852 5307 areae
884 5260 939 5307 et
968 5250 1266 5308 torcularis
1299 5250 1562 5323 primitiis
1609 5250 1804 5317 Deum,
1846 5252 2011 5322 cujus
2041 5270 2169 5309 mu-

594 5358 727 5398 nere
785 5344 971 5397 omnia
1034 5342 1737 5409 habuerat,defraudavit,
1789 5344 2067 5416 simulque
2112 5364 2174 5404 se

594 5435 870 5501 ingratum
927 5434 1085 5505 juxta
1140 5451 1204 5491 ac
1275 5436 1509 5492 stultum
1554 5434 1798 5493 ostendit
1852 5454 1960 5493 non
2009 5440 2172 5497 modo

598 5542 694 5596 pro
723 5528 787 5582 iis
820 5528 1024 5599 quibus
1076 5528 1369 5584 fruebatur
1402 5529 1585 5586 nullas
1615 5540 1798 5602 grates
1840 5547 2031 5603 agens,
2072 5549 2174 5590 nec

598 5636 802 5675 sumus
856 5637 1087 5692 prorsus
1140 5638 1251 5694 quo
1304 5623 1357 5679 in
1406 5622 1650 5680 futurum
1696 5640 1792 5696 per
1832 5626 1971 5695 grati
2002 5626 2173 5683 animi

598 5713 925 5784 obsequium
977 5715 1365 5772 liberalitatem
1432 5716 1524 5773 Dei
1570 5718 1969 5788 negotiaretur.
2012 5719 2169 5776 Alter

603 5824 701 5865 nec
729 5806 949 5865 viduam
990 5825 1089 5867 nec
1114 5810 1421 5883 orphanum
1458 5811 1756 5869 miseratus
1804 5821 1907 5880 cst,
1942 5828 2041 5870 ncc
2074 5830 2171 5887 μου

2187 3178 2235 3242 C

2200 4549 2247 4607 D

2254 1941 2419 2088 νηῧῆ
2474 2014 2722 2087 μίξωμεν
2774 2014 2867 2070 τὸν
2932 2015 3200 2087 ἡμέτερον
3249 2013 3485 2069 πλοῦτον
3539 2009 3809 2083 ἀλλοτρίοις

2253 2105 2544 2177 δάκρυσιν,
2575 2106 2664 2176 ὑφ’
2702 2100 2778 2160 ὧν
2822 2107 2900 2172 ὡς
2931 2105 3011 2161 ίοῦ
3041 2107 3136 2161 καὶ
3172 2106 3339 2177 σητὺς
3364 2105 3810 2177 δαπανηθήσεται,

2253 2201 2314 2272 ἢ,
2342 2201 2404 2256 τὸ
2430 2202 2529 2274 τῆς
2557 2202 2789 2274 Γραφῆς
2811 2204 3011 2269 εἰπεῖν,
3042 2202 3471 2272 ἒξεμεθήσεται.

2337 2379 2397 2437 Ὀ
2418 2380 2487 2437 τά
2518 2380 2689 2437 πολλά
2710 2381 2872 2453 ἔχων,
2932 2380 3064 2446 ἴσως
3116 2381 3211 2437 καὶ
3262 2382 3394 2452 παρ’
3419 2377 3645 2435 ἐλπίδα⁹
3678 2375 3815 2431 τοῦτο

2256 2474 2367 2547 γὰρ
2396 2474 2501 2547 ήδη
2530 2472 2592 2529 τδ
2618 2472 2956 2529 ἀδικώτατον
2979 2491 2995 2506 ·
3027 2474 3127 2529 καὶ
3172 2475 3297 2537 ταῖς
3349 2472 3578 2537 πολλαῖς
3629 2470 3815 2539 ἀποθή-

2258 2584 2385 2631 καις
2416 2566 2942 2639 στενοχωρούμενος,
2967 2568 3065 2621 καὶ
3092 2565 3191 2631 τὰς
3227 2564 3331 2637 μὲν
3377 2562 3627 2636 πληρῶν,
3656 2560 3749 2626 τάς
3770 2560 3816 2616 δὲ

2261 2657 2568 2732 καθαιρῶν,
2594 2659 2689 2715 ἵνα
2738 2661 2856 2725 τοῖς
2907 2658 3169 2733 μέλλουσι
3219 2659 3458 2729 καρποῐς
3508 2654 3819 2727 οἰκοδομήσει

2263 2751 2539 2825 μείζονας,
2586 2748 2800 2821 ἀγνοιῖιν
2818 2749 3037 2806 ὅτιτῶν
3066 2749 3304 2805 ἐλπίδων
3332 2745 3818 2820 προαναρπάζεται,

2259 2846 2355 2900 καὶ
2394 2841 2555 2914 λόγον
2599 2842 2792 2914 ὑφέξει
2832 2842 2934 2914 τῆς
2984 2841 3250 2914 εὐπορίας
3270 2840 3365 2895 καὶ
3393 2839 3495 2911 τῆς
3523 2836 3819 2909 φαντασίας,

2260 2935 2433 3003 κακὸς
2463 2936 2751 3007 οἰκονόμος
2797 2934 3025 3008 ἀγαθῶν
3074 2932 3376 3007 ἀλλοτρίων
3428 2934 3738 3004 γενόμενος.

2351 3297 2697 3369 Ἐπιγνῶμεν
2744 3294 2841 3351 τοῦ
2896 3296 3069 3352 κακοῦ
3142 3299 3245 3370 τὴν
3299 3296 3565 3352 ὑπόθεσιν
3615 3288 3643 3329 ’⁷
3680 3295 3823 3349 πόθεν

2268 3391 2649 3463 ὲξηράνθησαν
2727 3389 3051 3462 γεωργίαι,
3101 3389 3457 3463 ᾐσχύνθησαν
3517 3389 3783 3462 ἀποθῆκαι
3808 3426 3822 3450 .

2270 3485 2364 3540 καὶ
2411 3484 2552 3557 νομὴ
2610 3483 2880 3555 ποιμνίων
2932 3484 3201 3552 ἐξέλιπεν
3234 3482 3499 3556 ὠλιγώθη
3553 3483 3624 3538 τά
3671 3481 3824 3553 ὡραία

2268 3580 2368 3648 τῆς
2422 3578 2525 3648 γῆς
2573 3593 2589 3610 ⁸
2654 3576 2755 3631 οὐκ
2820 3576 3069 3649 ἐπλήσθη
3136 3575 3208 3631 τά
3275 3576 3438 3632 πεδία
3532 3574 3821 3645 πιότητος.

2270 3664 2408 3719 ἀλλά
2472 3666 2779 3738 κατηφείας
2837 3682 2852 3699 ·
2913 3666 3017 3721 οὐκ
3092 3665 3403 3738 ἐπλήθυναν
3475 3668 3535 3722 αί
3609 3663 3825 3724 κοιλάδες

2272 3761 2438 3826 σῖτον,
2464 3758 2579 3813 ἀλλ’
2597 3757 2978 3831 ἑκλαύσθησαν
2997 3776 3011 3789 ⁸
3037 3759 3142 3813 οὐκ
3169 3759 3479 3823 ὲστάλαξαν
3504 3758 3573 3815 τά
3600 3758 3698 3831 ὅρη
3717 3755 3826 3825 γλυ-

2272 3854 2481 3924 κασμδν
2517 3852 2592 3917 ὡς
2620 3852 2846 3925 ὕστερον
2869 3855 2986 3917 τοῖς
3024 3852 3281 3920 δικαίοις,
3316 3851 3455 3907 ἀλλά
3483 3853 3586 3924 τὴν
3619 3847 3824 3906 Γελϐουδ

2270 3947 2518 4019 κατάραν
2549 3949 2613 4001 ὲκ
2638 3946 2747 4001 τῶν
2781 3947 3043 4001 ἐναντίων
3072 3945 3311 4012 ἐδέξατο.
3345 3945 3605 4010 Τοιοῦτος
3638 3938 3825 4000 όπλοῦο

2270 4059 2361 4104 τος
2388 4040 2498 4095 τῶν
2559 4039 2796 4096 ἀσεϐῶν.
2862 4040 3104 4095 Τοιαῦτα
3131 4040 3245 4095 τῶν
3282 4039 3471 4105 κακῶς
3513 4039 3826 4111 σπειρόντων

2270 4135 2339 4189 τὰ
2368 4134 2635 4208 γεώργια.
2677 4130 2738 4190 Ὀ
2784 4135 2972 4207 μέντοι
3022 4134 3185 4209 ἡμῶν
3210 4133 3461 4205 aesone:
3500 4134 3725 4205 πένητα,
3748 4130 3828 4183 καὶ

2275 4232 2471 4302 μοῖραν
2493 4230 2598 4302 γῆς
2624 4230 3042 4301 παρεσπάσατο,
3078 4228 3175 4283 καὶ
3193 4230 3343 4301 ὃριον
3372 4228 3616 4300 ὑπερέϐη
3644 4224 3825 4287 κακῶς.

2270 4322 2304 4391 ἢ
2337 4323 2561 4394 κλέψας,
2591 4323 2624 4395 ἢ
2654 4323 3021 4396 τυραννήσας,
3070 4322 3165 4376 καὶ
3225 4320 3464 4392 συνῆψεν
3502 4318 3679 4375 οἰκίαν
3708 4316 3825 4388 πρὸς

2269 4412 2470 4476 οἰκίαν,
2512 4414 2606 4467 καὶ
2624 4414 2795 4483 ἀγρὸν
2830 4414 2965 4484 πρὸς
2992 4412 3185 4484 ἀγρὸν,
3220 4412 3309 4468 ἵνα
3336 4411 3433 4467 τοῦ
3466 4413 3694 4484 πλησίον
3740 4410 3825 4476 ἀφ’

2274 4504 2463 4577 έληταί
2484 4522 2560 4571 τι,
2590 4505 2685 4559 καὶ
2714 4505 2918 4577 μηδένα
2946 4505 3092 4577 ἔχειν
3125 4506 3532 4577 ἐφιλονείκησε,
3560 4507 3634 4570 ὡς
3670 4503 3824 4575 μόνως

2273 4598 2517 4670 οίκήσων
2548 4597 2641 4651 ἐπὶ
2663 4598 2764 4671 τῆς
2792 4599 2919 4669 γῆς.
2956 4599 3016 4652 '0
3040 4599 3098 4654 δὲ
3129 4599 3331 4665 τόκοις,
3369 4600 3468 4654 καὶ
3494 4595 3824 4665 πλεονασμοῖς

2273 4686 2373 4760 τὴν
2394 4688 2501 4759 γῆν
2526 4689 2740 4757 ὲμίανε,
2765 4690 3013 4758 συνάγων
3044 4690 3167 4745 ὅθεν
3196 4691 3298 4745 οὐκ
3330 4688 3611 4762 ἔσπειρεν,
3640 4688 3726 4742 καί
3752 4685 3821 4739 θε-

2274 4782 2441 4855 ρίζων
2475 4782 2608 4837 ὅπου
2641 4783 2765 4854 μηδ’
2813 4784 3141 4855 ἐσκόρπισε’
3175 4783 3459 4856 γεωργῶν,
3509 4783 3571 4837 οὐ
3595 4782 3686 4853 τὴν
3715 4779 3818 4849 γῆν.

2273 4876 2412 4932 ἀλλὰ
2434 4877 2533 4949 τὴν
2560 4878 2752 4949 χρείαν
2779 4879 2890 4931 τῶν
2921 4878 3193 4949 δεομένων
3214 4894 3227 4909 ο
3272 4878 3301 4931 ὁ
3328 4877 3385 4933 δὲ
3419 4876 3668 4949 ἀπαρχὰς
3700 4873 3818 4929 ἄλω-

2274 4989 2365 5037 νος
2386 4973 2480 5026 καὶ
2512 4970 2676 5043 ληνοῦ
2695 4971 2784 5026 τὸν
2816 4972 2994 5027 πάντα
3021 4972 3291 5028 δεδωκότα
3319 4970 3453 5026 Θεὸν
3484 4968 3817 5039 ἀπεστέρησεν

2274 5067 2370 5120 καὶ
2397 5066 2621 5135 γέγονεν
2665 5065 2963 5139 ἀχάριστός
3014 5084 3075 5121 τε
3130 5065 3268 5137 ὁμοῦ
3301 5066 3395 5120 καὶ
3431 5064 3676 5135 ἀνόητος,
3702 5060 3819 5131 μήτε

2274 5158 2416 5228 ὑπὲρ
2445 5150 2521 5213 ὧν
2544 5158 2701 5231 ἔσχεν
2722 5159 3146 5233 εὐχαριστήσας,
3176 5160 3300 5214 οὐδὲ
3324 5160 3387 5214 τδ
3420 5158 3611 5231 μέλλον
3642 5152 3813 5220 διὰτῆς

2274 5252 2699 5324 εὐγνωμοσύνης
2730 5252 3319 5325 πραγματευσάμενος.
3363 5253 3421 5308 '0
3452 5253 3511 5309 δὲ
3543 5253 3710 5325 χήραν
3734 5244 3811 5303 καὶ

2273 5346 2513 5417 ὀρφανὸν
2576 5346 2676 5401 οὐκ
2728 5347 2984 5419 ἠλέησεν,
3020 5348 3143 5401 οὐδὲ
3198 5348 3504 5421 μετέδωκεν
3556 5347 3713 5419 ἄρτου
3733 5341 3809 5399 καὶ

2274 5436 2482 5509 τροφῆς
2514 5437 2699 5509 ὀλίγης
2741 5439 2820 5511 τῷ
2869 5440 3133 5511 δεομένῳ,
3176 5440 3379 5513 μᾶλλον
3420 5441 3476 5495 δὲ
3524 5437 3730 5511 Χριστῷ
3751 5434 3814 5505 τῷ

2275 5532 2599 5605 τρεφομένῳ
2631 5532 2720 5587 διὰ
2743 5532 2855 5587 τῶν
2881 5533 3095 5606 μικρῶν
3119 5534 3492 5606 τρεφομένων.
3542 5535 3601 5589 Ὀ
3627 5534 3679 5587 δὲ
3717 5530 3812 5583 όδδν

2276 5625 2549 5679 ταπεινῶν
2610 5625 2875 5693 ἐξέκλινε,
2927 5626 3023 5680 καὶ
3054 5625 3394 5697 ὲπλαγίασεν
3438 5629 3496 5682 ὲν
3532 5628 3724 5688 ἀδίκοις
3746 5620 3809 5674 δίο

2278 5736 2453 5773 καιον.
2516 5718 2575 5772 Ὀ
2637 5718 2693 5773 δὲ
2751 5718 2910 5773 ἔθυσε
2951 5723 3015 5794 τῇ
3051 5720 3247 5775 ἑαυτοῦ
3278 5724 3491 5796 σαγήνῃ
3526 5719 3683 5775 πολλὰ
3710 5732 3809 5770 συν-

2278 5812 2508 5885 αγούσῃ,
2553 5812 2646 5868 καὶ
2670 5812 2766 5885 τὴν
2798 5812 3054 5886 ἁρπαγὴν
3079 5812 3171 5870 τοῦ
3201 5816 3414 5885 πτωχοῦ
3454 5817 3508 5871 ὲν
3541 5816 3641 5879 τοῖς
3666 5812 3806 5869 οἴκοις
