3930 6248
283 277 423 348 1505

1522 276 1759 338 SACRA
1801 274 2266 340 PARALLELA.

3416 285 3558 352 1506

279 393 441 462 ἔχων,
468 390 501 463 ἢ
534 391 634 444 οὑκ
694 388 946 464 ἐμνήσθη
976 387 1135 455 Θεοῦ,
1168 387 1201 461 ἢ
1230 386 1418 453 κακῶς
1452 385 1726 459 ἑμνήσθηζ
1760 380 1866 440 Εὑ-

1973 403 2097 444 nem
2150 406 2253 447 nec
2309 389 2574 464 exiguum
2627 393 2815 450 cibum
2868 392 3161 464 indigenti,
3215 410 3312 451 seu
3371 410 3557 468 potius

278 485 509 557 λογητδς
555 485 782 558 Κύριος,
835 482 1028 548 εἰπὼν,
1075 482 1159 536 ὅτι
1213 481 1718 553 πεπλουτηκαμεν·
1773 479 1869 533 καὶ

277 578 554 632 ὑπέλαϐεν
566 578 796 650 ἀνομίαν
824 577 900 642 ὡς
938 578 1067 649 παρ’
1105 574 1273 628 αὑτοῦ
1301 573 1482 631 πάντα
1519 572 1680 644 ἔχων,
1708 571 1769 639 ἐξ
1790 565 1868 628 ὧν

277 671 698 742 κολασθήσεται.
737 668 836 724 Διά
853 667 1030 723 ταῦτα
1060 667 1172 739 γὰρ
1224 665 1463 736 ἔρχεται
1493 665 1533 735 ἡ
1579 663 1727 736 ὀργὴ
1757 663 1867 720 τοῦ

277 764 432 820 Θεοῦ
454 763 552 818 ἐπὶ
585 763 730 830 τοὺς
776 762 946 829 υἱοὺς
988 761 1100 829 τῆς
1133 759 1462 825 ἀπειθείας.
1499 756 1600 812 Διά
1625 757 1800 812 ταῦτα
1832 757 1866 829 ἢ

275 861 526 915 κλείεται
576 861 606 913 δ
654 857 906 931 ούρανδς,
968 855 1003 927 ἢ
1052 853 1244 918 κακῶς
1301 852 1601 922 ἀνοίγεται.
1632 851 1699 904 Τί
1730 851 1868 924 πρὸς

271 955 450 1012 ταῦτα
481 956 530 1009 οί
558 953 996 1026 προσκυνοῦντες
1018 950 1111 1003 τὸν
1143 949 1348 1021 χρυσὸν
1383 946 1481 1001 καὶ
1506 945 1598 1001 τὸν
1626 946 1869 1017 ἄργυρον

272 1051 350 1114 ὡς
390 1048 490 1119 τὴν
530 1045 717 1114 Βαάλ;
754 1045 820 1099 Oi
845 1044 1210 1114 περιέποντες
1236 1040 1347 1093 τῶν
1383 1038 1548 1092 λίθων
1579 1037 1676 1101 τὰς
1700 1037 1870 1091 πολυ-

275 1140 491 1205 τελείας
530 1140 626 1195 καὶ
654 1138 962 1205 διαυγείας,
1001 1134 1099 1191 καὶ
1126 1133 1225 1207 τὴν
1243 1132 1453 1202 ἐσθῆτα
1483 1131 1584 1204 τὴν
1615 1131 1870 1204 μαλακήν

277 1252 330 1288 τε
380 1235 478 1288 καὶ
538 1233 970 1306 περιρρέουσαν,
1005 1227 1184 1302 σητῶν
1213 1226 1462 1299 δαπάνην
1500 1226 1597 1280 καὶ
1629 1225 1865 1298 λῃστῶν,

278 1330 372 1382 καὶ
399 1328 703 1400 τυράννων,
739 1326 838 1380 καὶ
862 1324 1114 1380 κλεπτῶν
1158 1321 1621 1395 θησαυρίσματα;
1647 1321 1695 1374 οἱ
1724 1319 1867 1391 πλη·
1897 1384 1899 1387 ι

275 1422 356 1474 list
390 1421 734 1494 γαυριῶντες
765 1417 1116 1490 ἀνδραπόδων
1145 1417 1242 1470 καὶ
1271 1414 1659 1486 τετραπόδων;
1689 1414 1738 1467 οί
1753 1413 1868 1477 τοῖς

276 1515 486 1580 πεδίοις
519 1513 1014 1586 ὲμπλατυνόμενοι,
1050 1511 1289 1574 καὶτοῖς
1319 1510 1495 1582 ὄρεσι,
1526 1508 1624 1562 καί⁵
1657 1507 1728 1562 τὰ
1765 1505 1868 1578 μὲν

273 1603 516 1675 ἔχοντες,
551 1601 620 1656 τὰ
648 1601 706 1655 δὲ
737 1599 1295 1673 προσλαμϐάνοντεςς
1324 1599 1389 1652 Τί
1417 1599 1477 1653 δὲ
1501 1601 1550 1652 οἱ
1571 1599 1689 1661 τοῖς
1724 1596 1867 1668 ὑψη-

274 1696 391 1761 λοῖς
421 1695 640 1768 θρόνοις
676 1693 1160 1767 ὲπικαθεζόμενοι,
1196 1694 1292 1748 καὶ
1333 1693 1436 1766 τὴν
1462 1691 1699 1764 ἀρχικὴν
1732 1707 1870 1762 σκη-

1967 484 2217 552 Christo,
2249 485 2342 558 qui
2377 502 2474 556 per
2496 490 2756 560 parvulos
2785 489 2914 546 illos
2931 504 3070 560 quos
3101 490 3327 559 alimus,
3360 492 3554 548 alitur.

1967 579 2127 636 Alius
2170 595 2391 637 rursum
2433 581 2578 640 viam
2623 583 2918 637 humilium
2967 582 3217 650 deﬂexit,
3253 591 3308 638 et
3341 584 3554 655 justum

1967 671 2194 742 injustis
2223 674 2538 732 rationibus
2572 683 2951 733 transversum
2970 678 3103 747 egit.
3131 677 3185 731 lu
3211 680 3388 749 portis
3427 695 3556 736 cor-

1973 765 2264 836 ripientem
2293 766 2442 823 alius
2477 767 2605 822 odio
2628 768 2844 823 habuit.
2873 768 3028 824 Alius
3053 769 3290 840 denique
3316 770 3418 825 reti
3455 787 3558 825 suo

1969 859 2144 913 multa
2172 859 2464 932 colligenti
2525 861 2859 925 immolavit,
2909 862 3285 933 pauperisque
3317 865 3556 934 praedam

1969 949 2120 1006 domi
2153 951 2372 1019 habuit,
2405 960 2500 1007 aut
2533 950 2625 1007 Dei
2661 953 2981 1008 memoriam
3031 969 3098 1008 ex
3133 956 3320 1011 animo
3353 957 3556 1027 eiecit;

1969 1053 2060 1099 aut
2085 1056 2236 1101 certe
2267 1045 2419 1101 illius
2449 1045 2592 1102 male
2616 1047 2941 1103 recordatus
2977 1056 3086 1112 est,
3111 1047 3301 1105 dicens
3339 1066 3356 1102 :
3383 1049 3557 1106 Bcue~

1969 1137 2150 1193 dictus
2186 1135 2479 1206 Dominus,
2502 1139 2634 1211 quia
2659 1140 2861 1197 divites
2911 1141 3044 1197 facti
3083 1157 3277 1198 sumus
3299 1160 3317 1209 ;
3339 1144 3474 1215 quin
3504 1154 3560 1200 ct

1970 1230 2324 1302 iniquitatem
2353 1233 2639 1302 c0gitavit,
2676 1248 2740 1289 ac
2761 1234 2807 1289 si
2841 1249 2940 1305 per
2969 1250 3093 1292 sese
3122 1251 3186 1292 ea
3217 1248 3559 1295 consecutus

1968 1329 2140 1384 esset,
2181 1335 2247 1376 ex
2282 1321 2486 1392 quibus
2517 1323 2856 1394 supplicium
2882 1327 3149 1396 patiatur.
3185 1325 3417 1396 PrOpter
3443 1329 3560 1384 huic

1969 1415 2108 1470 venit
2134 1414 2216 1468 ira
2245 1413 2343 1469 Dei
2362 1415 2417 1468 in
2445 1414 2590 1485 ﬁlios
2621 1416 2930 1488 diffidentia:
2956 1417 3176 1490 (Epltes.
3216 1435 3273 1487 ν,
3311 1421 3387 1493 6).
3422 1422 3560 1476 Pro-

1971 1515 2091 1577 pter
2134 1508 2270 1572 haec,
2333 1508 2416 1562 vel
2443 1507 2726 1564 clauditur
2771 1511 2996 1576 omium,
3034 1513 3118 1568 vel
3162 1513 3216 1568 iu
3252 1514 3559 1585 perniciem

1970 1607 2223 1656 nostram
2250 1601 2514 1672 aperitur.
2540 1600 2682 1666 Quid
2715 1602 2783 1657 ad
2803 1604 2918 1659 hate
2944 1603 3324 1677 dicemus,qui
3362 1623 3559 1662 aurum

1971 1700 2025 1747 et
2054 1701 2371 1762 argentum,
2425 1693 2574 1750 haud
2643 1711 2809 1752 secus
2854 1711 2920 1752 ac
2973 1697 3050 1752 illi
3084 1700 3367 1770 quondam
3403 1700 3559 1765 Baal,

274 1787 375 1858 νὴν
398 1789 669 1858 αἴροντες,
702 1786 796 1840 καίΙ
830 1784 906 1858 μὴ
933 1783 1281 1857 λογιζόμενοι
1307 1783 1400 1838 τὸν
1417 1785 1508 1838 ἐπὶ
1539 1785 1674 1838 πᾶσι
1707 1781 1863 1849 Θεὸν,

1973 1783 2299 1841 adoramus?
2323 1785 2416 1856 qui
2479 1802 2826 1858 gemmarum
2877 1789 3070 1844 luxum
3115 1800 3171 1847 et
3207 1792 3561 1860 splendorem

273 1882 456 1937 καὶτὸ
488 1880 784 1952 ἀπρόσιτον
809 1878 944 1951 ὑψος
995 1879 1098 1950 τῆς
1127 1876 1392 1948 ἀληθινῆς
1436 1875 1742 1948 βασιλείας,
1778 1875 1870 1931 ἵνα

269 1977 353 2041 ὼς
388 1975 696 2048 ὁμοδούλων
756 1973 864 2028 τῶν
911 1972 1173 2044 ὑπηκόων
1217 1972 1486 2043 ἄρχωσιν,
1520 1971 1572 2024 ol
1603 1969 1708 2040 τῆς
1742 1967 1868 2038 ἴσης

270 2069 524 2142 δεόμενοι
583 2067 1033 2141 φιλανθρωπίας;
1088 2065 1284 2120 σκόπει
1347 2065 1403 2119 δέ
1471 2081 1564 2136 μοι
1598 2063 1869 2130 καὶτοὺς

271 2158 876 2224 κατασπατωιῶντας
927 2159 1027 2214 ἐπὶ
1054 2158 1284 2215 κλινῶν
1327 2157 1758 2227 ἐλεφαντίνων,
1790 2148 1866 2210 ὧν

272 2254 460 2319 καλῶς
487 2254 683 2318 όθεῖος
729 2251 914 2323 Ἀμὼς
969 2252 1338 2321 καθάπτεται,
1384 2251 1486 2306 καὶ
1543 2249 1616 2305 τὰ
1663 2247 1868 2320 πρῶτα

262 2349 433 2419 μύρα
455 2350 833 2420 χρωμένους.

1970 1876 2381 1947 persequimur,
2419 1885 2711 1951 vestesque
2761 1882 2953 1939 molles
2981 1892 3033 1939 et
3075 1884 3409 1954 dililuentes,
3439 1902 3562 1958 quae

1970 1985 2000 2025 a
2039 1970 2206 2026 tineis
2233 1971 2627 2036 absumuntur,
2652 1982 2707 2028 et
2732 1972 3045 2031 latronibus
3077 1978 3461 2051 tyrannisque.
3497 1993 3562 2036 ac

1970 2061 2188 2118 furibus
2215 2063 2642 2120 reconduntur?
2680 2066 2774 2138 qui
2835 2083 3124 2126 servorum
3159 2083 3212 2126 et
3245 2073 3562 2146 quadrupe-

1971 2155 2100 2211 dum
2134 2157 2400 2228 gregibus
2448 2159 2766 2229 gestimus?
2813 2162 2912 2232 qui
2971 2162 3286 2221 latifundiis
3309 2173 3363 2221 et
3399 2181 3561 2222 mon—

1975 2249 2124 2305 tibus
2156 2250 2479 2318 dilatamur,
2515 2260 2680 2323 atque
2699 2253 2806 2308 alia
2848 2254 2961 2324 jam
3001 2256 3295 2324 habemus,
3327 2259 3434 2314 alia
3460 2261 3562 2315 ad-

1969 2338 2292 2410 jungimus?
2322 2339 2465 2407 Quid
2529 2358 2662 2398 vero
2719 2343 2924 2400 dicturi
2983 2357 3136 2414 sunt,
3179 2349 3272 2420 qui
3306 2350 3563 2406 sublimi-

271 2443 384 2496 bus
420 2441 646 2498 thronis
675 2441 942 2507 insident,
969 2439 1303 2515 imperiique
1326 2441 1535 2499 larvam
1565 2438 1864 2496 attollunt?
1889 2436 1988 2508 qui
2016 2448 2118 2491 nec
2158 2435 2411 2489 omnium
2461 2436 2765 2508 principem
2809 2436 3011 2504 Deum,
3056 2455 3158 2497 nec
3213 2443 3562 2501 inaccessum

267 2537 394 2591 veri
451 2537 611 2609 regni
678 2536 957 2609 fastigium
1013 2547 1294 2610 reputant,
1325 2547 1389 2593 ut
1447 2537 1737 2594 conservis

1815 2542 2080 2604 tanquam
2129 2529 2372 2586 subditis
2445 2530 2756 2602 imperent,
2827 2533 3017 2588 eadem
3082 2534 3189 2606 ipsi
3270 2536 3562 2592 clementia

266 2630 633 2703 indigentes?
665 2629 787 2687 Jam
820 2644 916 2688 eos
944 2646 1170 2702 quoque
1214 2633 1349 2688 mihi
1390 2630 1689 2688 considera
1744 2642 1888 2700 quos
1941 2627 2164 2683 divinus
2227 2625 2400 2681 Amos
2463 2626 2680 2698 egregie
2726 2626 3072 2699 perstringit,
3124 2628 3224 2699 qui
3287 2629 3343 2684 in
3410 2631 3561 2687 lectis

261 2724 521 2780 eburneis
546 2723 890 2790 deliciamur,
917 2724 1205 2796 primisque
1221 2725 1510 2794 unguentis
1532 2721 1928 2795 perfunduntur
1951 2719 2136 2792 (Amos
2171 2734 2245 2784 rt,
2279 2717 2383 2788 4.).

351 2817 537 2883 Ἀξιόν
558 2832 641 2870 σοι
655 2815 758 2886 τῆς
783 2817 990 2888 σπορᾶς
1017 2815 1079 2869 τὸ
1107 2816 1266 2888 θέρος
1289 2832 1304 2847 ·
1327 2815 1559 2888 Πικρίαν
1577 2815 1867 2886 ἐσπειραςς

264 2909 481 2981 δρέπον
534 2906 605 2961 τὰ
652 2906 986 2979 δράγματαο
1033 2906 1094 2960 τὸ
1154 2906 1374 2971 ἁνελιὲς
1427 2906 1736 2979 ἐτίμησαςς
1779 2903 1870 2976 ἔχε

264 3005 414 3076 ὅπερ
435 3003 756 3073 ἠγάπησας.
793 3001 1038 3070 Ἐφυγες
1067 3001 1160 3055 τὸν
1211 2999 1394 3066 ἐλεονς
1429 3000 1690 3070 φεύξεταί
1717 3016 1776 3054 σε
1806 2999 1870 3053 τὸ

267 3095 447 3157 ἔλεος.
490 3092 795 3158 Ἐσδελύξω
831 3093 924 3148 τὸν
950 3092 1173 3166 πτωχόν
1202 3108 1219 3162 ;
1264 3092 1620 3165 βδελύσσεταί
1649 3109 1709 3147 σε
1738 3093 1767 3146 ὁ
1793 3090 1864 3146 δι’

275 3191 310 3260 ὴ
320 3189 428 3262 μᾶς
452 3186 800 3258 πτωχεύσεις.

349 3448 547 3518 Οὑδείς
605 3467 743 3505 ποτε
796 3449 1105 3522 κερδαίνειν
1151 3447 1364 3519 γίνεται
1412 3448 1600 3519 κόρος,
1638 3447 1775 3502 ἀλλὰ
1808 3449 1868 3502 τὸ

267 3546 367 3601 ἀεὶ
433 3543 874 3616 λαμϐανόμενον,
920 3542 1022 3613 ὕλη
1079 3543 1177 3596 καὶ
1227 3541 1562 3612 ὑπέκκαυμα
1618 3541 1722 3615 τῆς
1770 3540 1866 3595 τοῦ

269 3638 526 3702 πλείονος
548 3637 850 3709 ἐπιθυμίας
877 3636 1228 3692 καθίσταται.

347 3732 442 3804 Μὴ
471 3732 667 3805 ἀπόρει
697 3732 827 3796 τοὺς
852 3731 1118 3804 πένητας.
1150 3729 1476 3802 Είσέρχεται
1517 3730 1545 3784 ό
1576 3731 1747 3802 πένης
1786 3731 1867 3795 είς

269 3825 378 3895 τὴν
410 3824 580 3896 αὑλήν
618 3840 712 3877 σου
765 3822 947 3895 ζητῶν
1016 3822 1260 3895 ἐντολὴν,
1310 3824 1405 3878 καὶ
1436 3822 1719 3878 ἀναλίσκει
1773 3823 1868 3878 δύο

269 3916 428 3988 ὧρας
460 3915 629 3988 μηδὲν
654 3915 857 3972 λαϐὼν.
889 3917 1000 3972 Καὶ
1031 3917 1203 3972 ἐνίοτε
1243 3917 1558 3983 ἐπιτάττεις
1592 3917 1671 3989 τῷ
1694 3918 1867 3989 δούλῳ

273 4027 376 4064 σου
410 4011 594 4081 βαλεῖν
645 4011 808 4064 αὑτὸν
857 4010 982 4076 ἔξω.
1042 4011 1157 4065 Οὑκ
1203 4012 1446 4083 ¹ἡκούσας
1488 4010 1584 4066 τοῦ
1621 4012 1864 4084 Χριστοῦ

270 4104 532 4174 λέγοντος
548 4120 562 4136 ·
585 4105 690 4171 Είς
709 4102 790 4172 ἣν
819 4103 871 4158 δ’
901 4105 979 4159 ἂν
999 4106 1183 4160 πόλιν
1201 4104 1551 4174 είσέρχεσθε
1581 4106 1618 4175 ἢ
1643 4107 1862 4173 οὶκίαν,

269 4198 483 4254 εἴπατε
511 4195 591 4264 τῷ
619 4199 763 4266 οῑκῳ
789 4183 1016 4266 ἐξείνῳο
1049 4199 1277 4268 Εἰρήνη
1305 4199 1466 4269 ὑμῖν.
1500 4199 1609 4254 Kal
1639 4201 1717 4254 ἂν
1751 4201 1866 4270 μὲν

270 4287 369 4364 ᾖή
397 4291 555 4346 οὶκία
584 4291 725 4357 ἀξία
756 4289 1023 4360 εἰρήνης,
1054 4290 1092 4359 ἡ
1119 4291 1329 4360 εἰρήνη
1354 4291 1521 4362 ὑμῶν
1535 4293 1860 4356 ἐπάὺτήνο

271 4387 326 4439 ει
345 4383 414 4437 δὲ
439 4381 548 4454 μὴ,
569 4380 920 4446 ἐκτινάξατε
938 4382 1034 4435 καί
1054 4381 1163 4435 τὸν
1189 4383 1504 4450 κονιορτὸν
1526 4381 1645 4438 τῶν
1660 4381 1864 4437 ποδῶν

2051 2813 2111 2866 8.
2151 2807 2270 2863 Nili
2325 2809 2404 2864 vel
2469 2807 2529 2866 S.
2569 2808 2726 2883 Creg.
2768 2809 3026 2881 Nysseni,
3060 2811 3196 2868 'vide
3235 2823 3375 2870 orat.
3406 2813 3459 2881 6,
3485 2814 3562 2871 De

1978 2903 2118 2958 beat.
2148 2932 2219 2945 ——
2244 2902 2473 2974 Dignam
2540 2913 2793 2960 semente
2847 2920 3086 2962 messem
3143 2904 3305 2964 facis.
3332 2908 3562 2964 Acerbi-

1978 3002 2146 3052 tatem
2183 2996 2520 3052 setninasti?
2572 2997 2888 3069 manipulos
2919 2999 3139 3071 collige.
3174 3000 3561 3058 Inhumanita-

1977 3086 2326 3143 temcoluisti
2359 3086 2550 3144 lhabe
2614 3089 2765 3159 quod
2836 3090 3062 3146 amasti.
3114 3089 3559 3149 Misericordiatu

1982 3138 2326 3143 --μην-η---
2364 3138 2548 3144 ---η-ν
2619 3138 2765 3159 τ---
2837 3138 3062 3146 _---_----
3114 3138 3559 3149 ._----.-v.-......

1897 3138 1940 3199 ς’
1977 3179 2166 3250 fugisti
2194 3180 2217 3234 ‘l
2242 3180 2629 3236 misericordia
2654 3187 2707 3237 te
2739 3180 2934 3253 fugiet.
2967 3181 3274 3254 Pauperem
3301 3199 3562 3242 exsecra-

1971 3281 2061 3329 tus
2093 3273 2190 3330 cs?
2223 3273 2612 3330 exsecrabitur
2666 3281 2722 3332 te
2753 3274 2849 3330 ille
2887 3276 2982 3347 qui
3018 3277 3197 3332 nostri
3219 3292 3385 3334 causa
3423 3295 3562 3350 pau-

1970 3373 2241 3435 pertatem
2271 3365 2467 3420 subiit.

2044 3456 2207 3513 Nulla
2242 3474 2485 3530 unquam
2538 3458 2771 3515 satietas
2817 3459 3001 3515 oritur
3033 3475 3048 3513 :
3077 3475 3272 3518 verum
3325 3461 3378 3519 id
3409 3463 3560 3535 quod

1972 3567 2192 3624 semper
2224 3553 2553 3620 assumitur,
2603 3553 2763 3626 plura
2816 3557 3254 3628 concupisceudi
3299 3563 3559 3617 materies

1969 3654 2023 3701 et
2059 3645 2236 3701 fomes
2269 3643 2523 3701 ellicitur.

2039 3737 2100 3794 8.
2153 3738 2540 3811 Chrysostomi.
2581 3769 2651 3779 —
2705 3738 2990 3811 Paupcres
3052 3760 3122 3802 ne
3182 3745 3555 3803 abdicavcris.

1970 3828 2283 3902 Ingreditur
2336 3832 2392 3887 in
2426 3840 2553 3888 tuas
2584 3831 2730 3889 aedes
2762 3849 2972 3906 pauper
3018 3837 3222 3908 stipem
3277 3855 3556 3909 quwrens,

1968 3931 2022 3980 et
2058 3924 2198 3981 duas
2226 3925 2389 3980 horas
2418 3924 2625 3982 frustra
2676 3928 2931 3982 insumit.
2964 3928 3112 3996 Quin
3143 3933 3313 3986 etiam
3349 3932 3557 3989 {annulo

1970 4015 2246 4072 interdum
2277 4018 2518 4088 imperas
2553 4030 2648 4076 tuo
2686 4028 2745 4074 ut
2775 4037 2902 4077 eum
2930 4025 3188 4079 extrudat
3218 4026 3400 4082 domo.
3433 4025 3554 4082 Non

1967 4110 2250 4166 Christum
2290 4111 2567 4167 dicentem
2613 4111 2781 4185 496
2815 4115 3060 4170 audisti?
3108 4116 3172 4171 In
3191 4135 3557 4189 quamcunque

1967 4202 2182 4257 domum
2227 4204 2574 4270 intraveritis,
2624 4207 2782 4260 dicite
2822 4208 2943 4261 huic
2980 4212 3164 4264 domui
3196 4228 3214 4266 .'
3246 4211 3366 4266 Pax
3385 4211 3552 4270 vobis.

1968 4292 2037 4348 Et
2068 4298 2114 4348 si
2138 4295 2299 4364 fuerit
2329 4296 2428 4349 illa
2457 4297 2648 4351 domus
2699 4299 2862 4369 digna
2899 4315 3048 4368 pare,
3090 4304 3376 4372 requiescet
3399 4322 3556 4376 super

1965 4406 2082 4444 eam
2109 4407 2216 4460 pax
2236 4401 2411 4444 vestra
2441 4407 2459 4444 :
2489 4391 2573 4445 sin
2595 4401 2791 4455 autem,
2821 4395 3051 4449 excutite
3087 4398 3247 4452 etiam
3287 4398 3554 4466 pulverem

273 4478 465 4551 ὑμῶν.
496 4476 686 4548 Ἀμὴν
730 4476 888 4547 λέγω
935 4474 1110 4546 ὑμῖν
1142 4477 1539 4546 ἀνεκτότερον
1581 4478 1755 4533 ἔσται
1784 4477 1863 4548 γῇ

1973 4482 2156 4550 pedum
2184 4492 2500 4537 vestrorum.
2533 4485 2701 4538 Amen
2739 4485 2859 4539 dico
2887 4487 3054 4553 vobis,
3092 4488 3430 4546 tolerabilius
3452 4494 3554 4547 erit

273 4571 557 4640 Σοδόμων
583 4569 683 4623 καὶ
731 4569 1056 4638 Γομόρῤων
1094 4568 1166 4622 ἐν
1199 4567 1275 4636 τῇ
1337 4569 1530 4638 ἡμέρᾳ
1561 4569 1790 4638 ἐκείνῃ,
1823 4569 1861 4638 ἢ

273 4662 356 4730 τῷ
385 4663 529 4730 οἴκῳ
554 4662 783 4729 ἐκείνῳ.
840 4660 1161 4731 Είσέρχεται
1209 4660 1381 4732 πένης
1436 4662 1517 4725 είς
1557 4662 1656 4734 τὴν
1691 4662 1864 4731 αὐλήν

273 4775 394 4819 σου,
425 4757 522 4811 καὶ
559 4756 868 4819 ἐπιτάττεις
890 4754 970 4826 τῷ
1002 4753 1174 4826 δούλῳ
1210 4772 1303 4807 σου
1329 4754 1514 4825 βαλεῖν
1547 4755 1712 4809 αὑτὸν
1735 4756 1859 4821 ἔξω.

287 4846 429 4900 Ἀλλ’
464 4847 564 4899 οὐκ
592 4840 763 4913 οἶδας,
795 4846 877 4898 ὅτι
909 4845 1004 4898 ἐὰν
1041 4844 1209 4916 βάλῃς
1235 4844 1325 4899 τὸν
1356 4845 1569 4917 πένητα.
1602 4845 1726 4914 ἔξω,
1770 4848 1862 4900 τὸν

273 4940 510 5014 Χριστὸν
533 4939 781 5007 ἐδίωξας;
813 4939 986 5003 Δὺτὸς
1011 4940 1119 5010 γὰρ
1148 4934 1322 4993 είπεν*
1345 4939 1417 4992 ’Ὀ
1446 4956 1499 4993 τι
1520 4939 1610 4994 ἐνὶ
1636 4941 1864 4995 τούτων

273 5034 396 5089 τῶν
427 5031 712 5102 ἀδελφῶν
739 5050 857 5101 μου
903 5032 1253 5099 ἐποιήσατε,
1319 5032 1452 5102 ἐμοὶ
1507 5032 1859 5103 ἐποιήσατε.

287 5127 472 5199 Ὁρᾷς,
524 5127 608 5181 ὅτι
659 5125 756 5179 ἐὰν
795 5125 1027 5198 ὑϐρίσῃς
1069 5124 1162 5178 τὸν
1218 5127 1453 5196 πένητα,
1501 5126 1590 5180 τὸν
1623 5128 1862 5201 Χριστὸν

276 5222 551 5294 ἡτίμασας
583 5237 599 5288 ;
632 5220 820 5273 Ταῦτα
849 5218 1016 5287 λέγω,
1076 5216 1172 5272 καὶ
1194 5217 1370 5287 λέγων
1419 5219 1480 5272 οὑ
1538 5218 1821 5291 παύσομαι
1844 5236 1860 5250 ο

275 5314 398 5385 ἐμοὶ
442 5313 542 5384 μὲν
563 5315 625 5367 τὸ
673 5311 856 5381 λέγειν
909 5312 1010 5364 οὑκ
1047 5311 1301 5383 ὀκνηρὸν,
1338 5313 1467 5384 ὑμῖν
1510 5312 1568 5367 δὲ
1598 5312 1860 5380 ἀσφαλές.

271 5407 350 5462 Οὑ
381 5405 663 5480 παύσομαι
720 5406 864 5477 ὑμᾶς
916 5403 1210 5470 παιδεύων,
1243 5405 1347 5468 ἕως
1386 5398 1448 5459 οὑ
1485 5405 1734 5476 βελτίους
1761 5405 1863 5475 ⁴γί-

277 5499 452 5557 νεσθε.
486 5494 715 5563 Βλέπεις
749 5499 977 5568 πένητα,
1002 5498 1099 5553 καὶ
1131 5498 1230 5553 οὑκ
1253 5498 1422 5562 ἐλεεῖς
1447 5515 1460 5565 ;
1487 5499 1611 5563 Πῶς
1639 5499 1863 5572 είσέρχῃ

275 5593 355 5657 είς
393 5590 491 5662 τὴν
538 5591 856 5662 ἐκκλησίαν,
920 5593 1014 5646 καὶ
1075 5590 1248 5665 alim;
1301 5593 1422 5655 πῶς
1446 5593 1506 5646 τὸ
1543 5594 1720 5664 στόμα
1769 5612 1862 5649 σου

273 5683 531 5752 ἀνοίγεις.
585 5685 681 5738 καὶ
736 5683 968 5756 ἐπικαλῇ
1034 5683 1124 5737 τὸν
1177 5683 1310 5738 Θεόν
1384 5701 1516 5752 σου;
1571 5686 1644 5740 Οὐ
1686 5687 1862 5757 (poem

274 5777 338 5835 οὐ
367 5777 624 5851 τρέμεις;
648 5778 708 5832 οὑ
734 5777 1001 5845 δέδοικας;
1034 5774 1269 5850 Εἰσὲρχῃ
1304 5778 1382 5843 εἰς
1423 5779 1522 5851 τὴν
1562 5779 1862 5853 ἐκκλησίαν

1968 4584 2126 4629 teme
2153 4573 2509 4631 Sodomorum
2557 4586 2607 4631 et
2655 4575 3072 4635 Gomorrliorum
3122 4582 3177 4637 in
3226 4583 3551 4655 diejudirii,

1966 4685 2125 4739 quam
2158 4669 2339 4723 domui
2383 4669 2467 4724 illi
2527 4669 2737 4739 (Matth.
2772 4688 2828 4737 x,
2867 4672 3080 4744 12-15).
3107 4675 3423 4745 Ingreditur
3457 4676 3556 4732 do-

1969 4776 2116 4815 mum
2158 4772 2306 4816 tuam
2331 4777 2558 4832 pauper,
2590 4773 2640 4819 et
2675 4779 2838 4820 servo
2863 4767 3122 4838 praecipis
3153 4776 3213 4824 ut
3247 4784 3373 4824 eum
3403 4769 3553 4826 foras

1967 4853 2175 4924 eiiciat.
2242 4854 2324 4908 An
2392 4854 2640 4925 ignoras,
2674 4855 2720 4912 si
2762 4871 3060 4930 pauperem
3116 4861 3445 4925 excluseris.
3499 4875 3554 4921 te

1966 4944 2253 5002 Christum
2300 4945 2618 5016 pepulisse?
2679 4947 2859 5018 Ipsius
2897 4951 3045 5006 enim
3097 4968 3200 5008 vox
3229 4964 3361 5011 est:
3399 4955 3552 5023 Quod

1966 5040 2059 5094 uni
2104 5055 2167 5093 ea:
2223 5040 2305 5094 his
2336 5040 2597 5109 fratribus
2657 5045 2784 5098 meis
2830 5045 3069 5114 fecistis,
3128 5049 3260 5103 mihi
3322 5051 3548 5120 fecistis.

1967 5131 2184 5202 (Matth.
2222 5149 2352 5200 xxv,
2378 5133 2491 5204 40).
2528 5133 2768 5192 Videsne
2819 5141 3304 5211 quemadmodum,
3341 5145 3385 5200 si
3419 5161 3551 5215 erga

1965 5241 2260 5296 pauperem
2290 5228 2732 5284 contumeliosus
2764 5229 2866 5295 sis,
2904 5230 3129 5288 Christo
3171 5235 3437 5305 injuriam
3469 5238 3550 5292 l'c-

1966 5318 2092 5373 cisti
2125 5317 2296 5374 ?Haec
2338 5320 2484 5387 dico,
2514 5337 2618 5378 nec
2640 5323 2824 5380 dicere
2854 5324 3127 5380 desinam.
3162 5325 3295 5381 Mihi
3326 5328 3549 5398 quidem

1965 5411 2117 5482 loqui
2144 5428 2255 5468 non
2289 5413 2527 5485 pigrum,
2555 5417 2712 5471 vobis
2741 5427 2928 5472 autem
2965 5426 3166 5474 tutum.
3207 5417 3396 5476 Finem
3424 5437 3549 5479 eru-

1966 5504 2152 5559 diendi
2187 5520 2284 5560 vos
2333 5521 2445 5561 non
2495 5516 2628 5563 ante
2683 5507 2905 5576 faciam,
2931 5525 3096 5582 quam
3126 5513 3389 5570 meliores
3423 5530 3549 5573 esse

1969 5597 2142 5654 factos
2207 5614 2569 5671 conspexero.
2623 5600 2926 5674 Pauperem
2983 5603 3159 5672 vides,
3202 5621 3302 5661 nec
3333 5605 3454 5678 ejus
3495 5618 3548 5667 te

1968 5692 2180 5748 miserit
2202 5694 2225 5745 ἶ)
2247 5691 2368 5760 Qua
2407 5693 2587 5750 fronte
2617 5695 2910 5752 ecclesiam
2957 5699 3285 5768 ingrederis,
3335 5712 3388 5757 et
3418 5712 3547 5763 vota

1972 5783 2144 5843 facis?
2174 5802 2281 5858 qua
2321 5787 2500 5844 fronte
2526 5805 2589 5845 os
2618 5791 2829 5862 aperis,
2859 5801 2910 5846 et
2943 5792 3035 5849 Dei
3065 5808 3224 5867 opem
3249 5796 3545 5871 imploras?
