3930 6248
203 276 205 278 ’
222 273 351 340 i509
1510 281 1743 344 SAGRA

1858 282 2064 344 iRALI
2085 283 2253 344 ELA.
3055 298 3059 300 '
3147 305 3150 310 λ
3349 277 3491 345 1510

217 392 322 461 Τὴν
343 389 446 460 γὰρ
473 388 700 460 καρδίαν
731 391 921 463 ἐξερεν
932 392 990 464 ,μᾷ
1010 390 1104 447 καὶ
1131 387 1293 448 οἶδεν.
1327 394 1673 465 Ἀνθρωπος
1690 393 1743 466 γὲ

1858 416 1873 460 ι
1908 410 2084 453 necne
2128 388 2416 468 Siquidem
2469 407 2737 470 scriptum
2780 405 2902 453 est:
2941 397 3192 477 Loquere
3227 395 3282 450 in
3316 404 3485 450 aures

217 480 417 550 ὄψεται
437 482 524 547 εις
547 481 895 550 πρόσωπον,
933 483 1077 552 θεὸς
1105 484 1175 540 δὲ
1197 489 1284 554 είς
1311 487 1588 557 καρδίαν.

1905 489 2271 547 audientium.
2305 491 2732 564 luobscquentia
2788 501 3020 552 mortem
3052 492 3220 564 parit.
3246 491 3484 546 Viduam

215 572 361 628 illam
409 573 750 630 aemulamini
808 591 932 648 qua
992 578 1135 635 duos
1164 578 1362 638 obolos
1402 581 1556 638 dedit
1589 580 1792 654 (Marc.
1822 599 1922 649 xu,
1955 582 2072 656 42).
2105 584 2299 642 Videte
2351 601 2461 659 qua
2521 588 2737 644 ratione
2788 587 3026 657 justitiae
3068 586 3288 642 Iaudem
3349 599 3485 641 con-

213 671 398 719 secuta
425 673 535 721 est.
594 663 741 722 Duos
785 667 981 725 obolos
1006 684 1118 725 non
1161 671 1566 730 babesiuuum
1595 674 1685 729 da.
1725 674 1783 730 Si
1811 691 1882 732 ne
1919 692 2089 732 uirum
2124 680 2386 748 quidem,
2437 679 2507 736 da
2565 680 2710 752 quod
2766 680 2958 736 ltabes.
3006 680 3083 734 Da
3145 680 3228 734 vel
3285 666 3485 751 panem

210 773 398 814 unum.
433 759 746 831 lngemisce
799 761 1013 832 saltem,
1051 778 1179 820 cum
1217 781 1514 838 pauperem
1563 767 1983 842 vidisti;atque
2035 777 2217 830 oratio
2275 782 2367 829 tua
2419 783 2577 848 grata
2634 783 2689 832 et
2744 783 2970 846 accepta
3025 774 3155 831 erit.
3192 772 3296 840 Qui
3333 771 3484 828 enim

207 850 390 908 cordis
425 853 865 928 uniuscujusque
895 871 1105 914 arcana
1137 862 1314 929 novit,
1339 862 1434 933 qui
1470 863 1578 920 scit
1601 866 1794 921 omnia
1829 874 2126 940 antequam
2180 871 2455 940 oriantur,
2525 874 2874 944 exploratum
2917 871 3080 927 habet
3127 869 3383 925 daturum
3427 876 3483 937 te

208 944 401 1009 fuisse,
468 946 514 1002 si
577 947 833 1006 haberes.
892 947 1028 1006 Nam
1068 966 1168 1010 cor
1195 963 1477 1012 scrutatur
1517 966 1576 1014 et
1609 956 1787 1015 novit.
1817 957 1991 1016 Homo
2016 963 2164 1018 enim
2222 963 2361 1021 videt
2420 965 2475 1020 in
2525 966 2740 1038 faciem,
2793 966 2936 1022 Deus
3003 974 3182 1021 autem
3245 965 3484 1019 intuetur

187 1054 292 1093 τον
317 1037 375 1112 (1
391 1036 525 1113 Reg.
554 1056 666 1108 xvr,
701 1041 780 1115 7).

251 1157 319 1212 τί
364 1151 777 1227 ματαιπονείς,
828 1155 874 1217 ὦ
926 1161 1174 1234 πλούσιε,
1196 1165 1265 1222 τὰ
1301 1166 1412 1224 τῶν
1443 1171 1696 1240 πενήτων
1731 1170 1743 1224 l

1964 1165 2159 1241 Ejusd.
2186 1166 2369 1224 homil.
2397 1169 2454 1224 in
2484 1168 2637 1224 Psal.
2671 1184 2901 1225 xxxvm.
2930 1198 3000 1211 --
3034 1165 3176 1235 Quid
3199 1168 3479 1223 incassum

197 1247 307 1308 τοῖς
353 1248 471 1312 σοῖς
522 1248 932 1323 άποκρύπτωνς
971 1256 1028 1310 τί
1055 1257 1378 1332 αἰτούμενος
1418 1259 1548 1335 παρ’
1581 1262 1743 1318 αὐτῶε

1896 1263 2148 1330 laboras,
2190 1278 2224 1318 ο
2261 1263 2441 1328 dives,
2477 1274 2534 1319 ut
2577 1278 2702 1334 quae
2750 1268 3056 1335 pauperum
3096 1269 3250 1330 sunt,
3279 1261 3391 1318 tuis
3421 1264 3478 1315 in

197 1338 531 1430 άγανακτεῐς
585 1345 662 1410 ὡς
709 1349 923 1402 οἴκοθεν
990 1351 1338 1423 ἁναλίσκων;
1399 1355 1470 1411 τά
1554 1356 1743 1430 πατρῷ

1889 1357 2171 1414 thesauris
2197 1357 2478 1414 occultes?
2539 1357 2674 1429 quid
2728 1372 2855 1413 cum
2909 1356 3015 1429 ipsi
3051 1356 3149 1411 abs
3182 1365 3232 1411 te
3263 1363 3476 1427 petunt,

197 1429 465 1498 Θέλουσιν,
498 1435 562 1490 οὐ
589 1437 659 1491 τὰ
681 1439 751 1494 σά
773 1455 788 1469 ·
818 1441 889 1495 τὰ
911 1443 1329 1517 ὲγχειρισθέντα
1370 1465 1453 1502 σοι
1479 1447 1546 1503 δι’
1566 1429 1743 1509 αὐτοϋ.

1888 1449 2295 1515 stomacharis,
2327 1457 2589 1521 tanquam
2641 1451 2709 1507 de
2750 1458 2848 1505 tuo
2884 1449 3136 1504 insumus
3161 1447 3184 1501 τ
3211 1449 3352 1503 bona
3385 1461 3482 1516 pa-

194 1522 254 1617 οδ
288 1523 431 1596 μετὰ
458 1526 558 1582 σοῦ
590 1532 926 1604 γεννηθέντα
956 1534 1171 1604 ἔλαϐες.
1200 1540 1303 1605 Δὸς
1332 1541 1537 1614 καὶτὴν
1555 1544 1743 1617 χρῆσιν

1888 1549 2044 1598 terna
2080 1543 2294 1607 volunt,
2329 1557 2440 1598 non
2466 1551 2563 1598 tua
2589 1557 2606 1596 :
2631 1558 2695 1599 ea
2728 1558 2852 1617 quae
2883 1542 2983 1598 tibi
3012 1557 3113 1598 sua
3143 1555 3315 1597 causa
3343 1556 3479 1596 con-

198 1616 483 1689 κέρδανον,
516 1624 610 1678 καὶ
639 1622 804 1706 ἀρκεῖ
858 1643 964 1696 σοι,
1006 1630 1090 1686 ὅτι
1133 1630 1337 1690 διδόναι
1376 1635 1439 1689 οὐ
1481 1616 1743 1709 λαμϐάνει

1887 1645 2043 1689 cessa
2069 1640 2224 1700 sunt,
2264 1649 2375 1691 non
2405 1649 2529 1707 qua:
2555 1616 2760 1692 tecum,
2793 1643 2920 1691 nata
2954 1641 3106 1692 sunt.
3149 1630 3482 1706 Accepistii

197 1714 597 1791 προσετάχθης.

1886 1723 2072 1780 tribue
2105 1741 2119 1778 :
2155 1740 2221 1782 ex
2254 1740 2358 1802 usu
2417 1733 2693 1799 quaestum
2731 1727 2841 1784 iac.
2897 1725 3048 1784 Satis
3081 1726 3182 1783 tibi
3210 1733 3300 1783 est
3328 1723 3478 1797 quod

1883 1833 1996 1875 non
2027 1819 2304 1891 accipere,
2334 1819 2432 1877 sed
2459 1821 2592 1878 dare
2609 1821 2802 1894 jussus
2838 1822 2941 1880 sis.

265 1919 437 1974 Αὐτοῦ
469 1921 528 1975 ai
555 1922 809 1995 ἁρπαγαὶ
833 1927 929 1980 καὶ
956 1924 1132 1982 ἄλλων
1161 1929 1220 1983 αἱ
1267 1927 1472 2003 ἡδοναί.
1513 1928 1691 1986 Αὐτοῦ
1723 1949 1743 1988 ο

1957 1929 2251 2002 Ejusd.'—
2283 1930 2463 2005 Hujus
2497 1941 2630 1990 sunt
2662 1935 2892 2007 rapinae,
2931 1933 3164 1990 aliorum
3201 1934 3476 2006 'volupta-

195 2010 452 2083 κατάραι,
491 2013 586 2068 καὶ
627 2013 804 2070 ἄλλων
851 2017 908 2071 αἱ
968 2017 1284 2090 θεραπεῖαι.
1337 2019 1474 2077 Κατ’
1519 2021 1688 2078 αὑτοῦ
1727 2040 1743 2077 ι

1882 2032 1988 2081 tes.
2019 2025 2199 2097 Hujus
2234 2027 2683 2098 maledictioues,
2725 2027 2954 2086 aliorum
3005 2028 3189 2086 cultus
3221 2035 3277 2087 et
3306 2029 3475 2085 Obse~

195 2104 513 2196 στεναγμοὶ,
549 2107 645 2161 καὶ
707 2109 841 2182 παρ’
893 2111 1107 2184 ἑτέροις
1153 2115 1203 2169 οἱ
1243 2114 1595 2187 πλεονασμοί.
1639 2118 1743 2172 Κατ

1881 2118 2031 2188 quia.
2089 2119 2380 2196 Adversus
2425 2134 2552 2176 eum
2607 2121 2871 2192 gemitus,
2925 2120 3070 2193 apud
3114 2121 3258 2178 alios
3303 2121 3476 2178 incre-

192 2194 352 2249 αὐτοῦ
373 2197 444 2251 τὰ
479 2198 714 2271 δάκρυα,
746 2202 841 2256 καὶ
872 2205 1002 2277 παρ’
1027 2205 1240 2278 ἑτέροις
1269 2206 1338 2262 τὰ
1358 2211 1641 2282 χρήματα.
1672 2211 1743 2264 Αὐ

1881 2218 2084 2267 menta.
2118 2194 2405 2270 Adversus
2434 2221 2560 2270 eum
2585 2214 2862 2286 lacrymze,
2894 2214 3041 2286 apud
3072 2215 3214 2272 alios
3243 2213 3472 2270 divitiae.

191 2289 278 2356 τὸς
303 2292 361 2346 ἐν
382 2292 493 2368 ᾄδῃ
521 2293 836 2364 κολάζεται,
865 2299 970 2353 καὶ
991 2293 1140 2355 ἄλλοι
1172 2299 1434 2366 πολλάκις
1459 2303 1521 2359 ὲν
1537 2305 1652 2370 τοῖς
1679 2304 1743 2360 αὐ

1879 2301 2002 2374 Ipse
2041 2303 2099 2360 in
2125 2301 2344 2360 inferno
2396 2306 2781 2372 ercruciatur,
2816 2312 2870 2360 et
2898 2307 2992 2362 alii
3032 2314 3180 2379 Saepe
3210 2306 3267 2362 in
3311 2305 3476 2364 bonis

189 2387 279 2442 τοῦ
313 2391 636 2462 τρυφῶντες
654 2390 974 2464 ψάλλουσιν.
1031 2385 1034 2389 ’

1878 2394 2057 2467 ipsius
2092 2395 2245 2452 luxui
2272 2396 2645 2469 cantibusque
2678 2397 2988 2471 indulgent.
3108 2422 3112 2426 ι

252 2506 488 2574 Λέοντες
550 2507 674 2582 μὲν,
699 2510 797 2566 καὶ
829 2497 1046 2585 ἄρκτοι,
1081 2512 1178 2567 καὶ
1215 2512 1533 2585 παρδάλεις,
1562 2515 1623 2570 ἐν
1679 2516 1743 2590 μέ

1944 2511 2138 2584 Ejusd.
2165 2512 2399 2581 --Quid
2434 2513 2656 2571 tandem
2692 2522 2778 2572 est
2803 2514 2951 2587 quod
2993 2517 3204 2583 leones,
3245 2525 3300 2572 et
3332 2518 3471 2585 ursi,

191 2615 307 2664 σαις
329 2601 449 2666 ταῖς
474 2600 691 2668 πόλεσι,
728 2602 875 2669 τίνος
925 2603 1088 2678 χάριν
1124 2605 1426 2678 φιλοτίμως
1453 2604 1743 2674 σιτξζονται

1876 2614 1928 2664 et
1951 2607 2107 2678 pardi
2132 2607 2188 2663 iu
2216 2606 2416 2664 mediis
2446 2607 2680 2664 urbibus
2712 2608 3007 2681 magniﬁce
3053 2609 3302 2676 aluntur,
3332 2625 3472 2683 pau-

187 2694 214 2746 ὁ
238 2693 294 2748 δὲ
329 2693 554 2766 πτωχὸς
610 2694 708 2750 ἐπὶ
756 2696 855 2752 τοῦ
908 2697 1142 2770 ἐδάφορς
1182 2699 1342 2771 ἕρπει
1391 2701 1740 2774 συντετηκὼς

1877 2713 1976 2770 per
2029 2707 2216 2755 autem
2273 2700 2496 2758 tabidus
2549 2701 2709 2756 humi
2740 2700 2933 2772 repit?
2992 2702 3070 2757 Ac
3122 2701 3210 2760 leo
3234 2702 3468 2775 quidem

191 2786 295 2843 Kal.
353 2789 383 2841 δ
426 2786 576 2842 λέων
628 2787 970 2865 θαλπόμενος
1011 2791 1120 2847 τῶν
1145 2792 1422 2864 δημοσίων
1462 2793 1642 2868 κρεῶν
1672 2796 1740 2868 τὴ

1875 2791 2078 2850 blande
2122 2792 2365 2861 fovetur,
2423 2800 2481 2850 et
2524 2792 2873 2874 publicarum
2929 2794 3180 2850 carnium
3249 2803 3472 2851 eructat

187 2878 409 2937 κνίσσαν
431 2880 745 2952 ἐρεύγεται.
787 2877 1015 2950 Οὖτινος
1038 2885 1134 2958 τὴν
1163 2886 1355 2958 χρείαν
1373 2888 1470 2941 ἐὰν
1485 2888 1743 2962 ἐρωτήσω

1875 2884 2169 2950 nidorem;
2209 2899 2419 2956 pauper
2466 2893 2656 2941 autem
2705 2883 2852 2940 fame
2875 2883 3192 2940 coniicitur.
3228 2883 3390 2952 Quod
3416 2884 3470 2940 si

186 2973 382 3044 μᾶλλον
429 2976 946 3050 ὲγκαλυφθήσομαι.
992 2978 1212 3053 Θηρίων
1241 2979 1350 3051 γὰρ
1388 2981 1610 3049 ὀδόντας
1640 2983 1743 3039 dats

1875 2977 2105 3048 hujusce
2144 2993 2366 3050 quoque
2393 2977 2474 3034 rei
2504 2993 2733 3036 causam
2761 2977 3044 3044 scisciter,
3082 2979 3322 3056 amplius
3346 2994 3471 3035 eru-

183 3064 341 3122 νῶσιν
378 3070 426 3123 οί
454 3067 745 3142 ἄνθρωποι.
764 3071 907 3127 κατὰ
936 3071 1263 3145 ἀνθρώπων.

1876 3071 2120 3128 bescam.
2161 3067 2298 3126 Nam
2335 3070 2640 3129 bestiarum
2670 3070 2866 3128 dentes
2901 3088 3025 3142 nos,
3066 3072 3182 3142 quit
3208 3071 3466 3130 homines

1875 3177 2092 3233 sumus,
2130 3163 2185 3218 in
2219 3163 2506 3219 hominum
2540 3163 2839 3234 perniciem
2870 3163 3221 3220 exacuimus.

1936 3274 2131 3346 Ejusd.
2159 3306 2230 3317 —-
2265 3274 2346 3333 Ne
2395 3276 2530 3332 mihi
2597 3276 2704 3331 hoc
2746 3275 2956 3333 dixeris
3004 3295 3018 3332 :
3071 3276 3464 3350 Paupertatem

181 3366 574 3439 καὶάμαρτίαν
623 3367 686 3422 οὐ
743 3367 913 3441 φοϐῇς
966 3367 1168 3424 Πενίαν
1199 3368 1276 3442 μὴ
1325 3369 1595 3443 φοϐηθῇς,
1645 3370 1743 3427 ἀλλ

1870 3380 2079 3426 metuo.
2144 3367 2537 3441 Paupertatem
2589 3368 2813 3434 metuis,
2855 3383 2958 3425 nec
3011 3379 3298 3441 peccatum
3329 3371 3466 3427 exti-

179 3460 450 3535 ἁμαρτίαν
479 3452 813 3533 τὴν⁶μητέρα
835 3462 937 3534 τῆς
952 3462 1250 3528 κολάσεως.
1289 3464 1351 3518 '0
1379 3464 1743 3538 Δεσπὰτηςαίι

1867 3461 2109 3518 uiescis?
2138 3461 2217 3519 Ne
2253 3468 2640 3534 paupertatem
2683 3460 3096 3530 formidaveris,
3129 3464 3226 3520 sed
3264 3465 3465 3537 iniqui-

175 3554 254 3606 τεί
265 3551 513 3623 ἐντολὴν,
527 3551 623 3606 καὶ
645 3550 707 3605 οὐ
724 3551 883 3618 δίδως
895 3550 1251 3624 αὐτῷ.”οταν.
1267 3551 1377 3626 γὰρ
1404 3553 1644 3627 ἀκούσῃς
1667 3553 1743 3608 αὑ

1867 3560 2061 3621 tatem,
2091 3547 2500 3626 quaesupplicii
2538 3570 2744 3626 parens
2805 3562 2916 3613 est.
2960 3556 3231 3629 Dominus
3260 3560 3461 3632 stipem

173 3644 265 3699 τοῦ
278 3643 630 3716 λέγοντοςοό
655 3661 710 3698 τι
733 3643 825 3701 ἑνί
852 3643 922 3700 ἐκ
939 3645 1170 3700 τούτων
1187 3643 1307 3700 τῶν
1330 3643 1612 3716 ἀδελφῶν
1636 3664 1743 3718 μοι

1867 3648 2069 3721 poscit.
2100 3655 2155 3704 et
2194 3648 2479 3720 repulsam
2517 3647 2645 3705 l‘ert.
2698 3647 2835 3704 Nam
2886 3664 3012 3707 cum
3043 3652 3324 3709 dicentem
3356 3669 3460 3710 au-

152 3739 521 3810 tizonjaats,
538 3738 668 3810 ἐμοὶ
693 3736 1039 3807 ἐποιήσατε,
1056 3738 1181 3811 ὅρα,
1214 3737 1243 3793 ὅ
1263 3756 1317 3793 τι
1337 3738 1406 3795 ἂν
1419 3738 1525 3810 δῷς
1545 3739 1624 3812 τῷ
1656 3738 1743 3794 πέ-

1866 3740 1992 3798 dis:
2031 3740 2185 3809 Quod
2219 3741 2314 3796 uni
2344 3757 2411 3797 ea:
2469 3741 2730 3812 fratribus
2788 3743 2917 3799 meis
2959 3744 3186 3815 fecistis,
3224 3747 3354 3803 mihi
3383 3749 3459 3820 fe-

171 3849 315 3905 νητι,
352 3832 434 3906 τῷ
467 3830 692 3906 Χριστῷ
717 3831 895 3895 δίδως.
936 3831 1061 3887 Ἐὰν
1093 3826 1187 3888 οὖν
1215 3831 1291 3905 μὴ
1322 3830 1427 3904 δῷς
1450 3829 1618 3905 αὐτῷ.
1639 3831 1743 3899 πῶς

1864 3835 2015 3891 cistis
2046 3833 2269 3908 (Matth.
2304 3852 2432 3902 xxv,
2464 3836 2588 3908 40);
2644 3836 2774 3893 hinc
2796 3837 2924 3895 vide
2965 3839 3111 3911 quod
3140 3839 3191 3896 si
3223 3842 3457 3913 pauperi

172 3927 234 3981 σὺ
257 3928 468 4002 αἰτήσῃ
487 3929 545 3981 ἐν
557 3926 743 3999 ἐκείνῃ
763 3926 832 3998 τῇ
847 3925 1056 3999 ἡμέρᾳ,
1071 3925 1160 3981 ἵνα
1181 3925 1380 4000 ἐλεήσῃ
1398 3942 1456 3979 σε
1475 3921 1575 3992 ;'A
1585 3925 1654 3997 ρά
1673 3941 1743 3979 σοι

1864 3927 2103 3995 dederis,
2132 3927 2357 3986 Christo
2388 3929 2631 3986 dederis.
2692 3929 2990 3998 Quocirca,
3023 3932 3130 3987 nisi
3182 3933 3291 4004 ipsi
3332 3935 3452 3998 des.

167 4021 266 4077 οὐκ
282 4021 532 4091 ἐγκαλεῖ,
550 4021 634 4075 ὅτι
660 4017 965 4075 Πεινῶντά
989 4035 1062 4086 με
1101 4015 1282 4086 εἶδες,
1321 4018 1423 4073 καί
1448 4019 1561 4075 οὐκ
1585 4017 1743 4088 ἔθρε-

1861 4036 1971 4094 qua
2012 4021 2194 4078 fronte
2225 4022 2294 4078 ab
2325 4037 2393 4078 eo
2441 4023 2495 4078 in
2529 4024 2626 4078 illa
2659 4023 2746 4093 die
2796 4036 2946 4095 petes
2979 4035 3039 4083 ut
3074 4027 3152 4082 tui
3192 4028 3454 4084 miserea-
3542 4023 3543 4026 “

168 4119 324 4187 iam;
346 4113 625 4190 Διψῶντὰ
639 4132 719 4186 με
733 4109 912 4182 εἶδες,
930 4112 1032 4183 καὶ
1050 4115 1164 4169 οὐκ
1181 4112 1498 4182 ἐπότισαω
1522 4116 1743 4186 γυμνόν

1862 4115 1986 4170 tur?
2023 4115 2109 4171 An
2147 4131 2257 4172 non
2286 4115 2408 4173 tibi
2458 4117 2566 4173 hoc
2592 4117 2821 4188 objiciet
2852 4119 3225 4176 :Esurientem
3261 4137 3341 4175 me
3373 4124 3451 4176 0i-

165 4209 434 4281 μσεῖδες,
462 4209 696 4264 καὶούκ
727 4206 1063 4274 ἐνέδυσαςς
1091 4206 1294 4286 Τί-,ᾶρα
1332 4207 1481 4279 ἐρεῖς
1517 4205 1689 4279 αὐτῷ,
1716 4206 1743 4279 ἦ

1859 4209 2010 4276 diui,
2039 4224 2131 4265 nec
2149 4209 2344 4278 potvisti
2369 4226 2388 4276 ;
2413 4209 2679 4265 sitientem
2711 4229 2793 4276 me
2829 4212 3027 4279 vidisti,
3066 4230 3158 4269 nec
3207 4216 3449 4286 potasti;

169 4303 322 4360 ποίαν
369 4299 709 4374 συγγνώμην
752 4299 939 4375 ἓχειςς
974 4302 1048 4356 Σὺ
1091 4283 1191 4374 μὲν
1225 4299 1449 4374 σηρικὰ,
1501 4304 1597 4380 καὶ
1654 4301 1743 4361 λα·

1858 4301 2061 4357 nudum
2120 4303 2325 4369 vidisti,
2372 4320 2466 4357 nec
2516 4303 2740 4359 induisti
2790 4303 2956 4377 (Ibid.
3003 4306 3095 4375 42,
3127 4283 3259 4381 45)⁴ί
3302 4308 3449 4376 Quid

168 4397 302 4469 γῷα,
363 4398 462 4451 καὶ
506 4395 694 4466 αἶγεια
751 4394 1167 4468 περιϐέϐλησαι,
1192 4395 1287 4450 καὶ
1323 4396 1353 4448 ὁ
1382 4394 1554 4468 πένης
1581 4394 1743 4469 ῥάκος

1858 4395 2084 4452 tandem
2115 4397 2218 4468 ipsi
2252 4397 2503 4453 dicturus
2528 4398 2627 4453 es?
2659 4405 2754 4452 aut
2784 4415 2948 4470 quam
2975 4401 3192 4456 veniam
3232 4403 3449 4458 obtine-

165 4488 258 4543 οὐκ
283 4488 423 4561 ἔχει.
459 4486 572 4542 Καὶ
599 4487 665 4541 σὺ
686 4483 923 4558 τρώγεις
961 4485 1264 4556 φασιανοὺς
1287 4482 1383 4539 καὶ
1423 4484 1598 4556 χῆνας
1617 4523 1633 4551 ,
1659 4482 1743 4537 κατ

1864 4489 1950 4547 bis
1975 4490 1998 4546 ἲ
2029 4499 2087 4547 ιιι
2124 4476 2342 4557 sericis,
2392 4490 2768 4563 leporinisque
2798 4500 2853 4549 et
2883 4493 3128 4564 caprinis
3155 4491 3405 4552 ittdueris
3424 4514 3440 4564 ;

165 4579 260 4637 δσα
285 4581 425 4637 εἰσιν
475 4581 536 4636 ιν
575 4578 858 4652 ἐδέσμασι,
919 4577 1017 4633 καὶ
1048 4578 1076 4632 ὀ
1098 4577 1268 4649 πένης
1299 4577 1404 4632 οὐκ
1451 4573 1743 4648 ίσχύειτὴν

1858 4599 2070 4657 pauper
2097 4598 2230 4640 vero
2261 4599 2329 4640 ne
2356 4598 2572 4656 pannos
2592 4583 2824 4657 quidem
2877 4584 3061 4643 habet.
3110 4585 3192 4644 Tu
3219 4589 3445 4660 phasia-

165 4675 353 4733 ἑαυτοῦ
389 4675 599 4740 κοιλίαν
631 4675 815 4749 ἄρτων
877 4674 1165 4744 χορτάσαι.
1217 4672 1290 4726 Σὺ
1346 4671 1496 4744 ἔχεις
1533 4671 1743 4744 τοίχους

1858 4679 1970 4743 nis,
1999 4687 2053 4735 et
2077 4677 2393 4742 anseribus,
2427 4688 2481 4733 et
2522 4678 2646 4734 aliis
2677 4679 3103 4753 quibuscunque
3138 4684 3442 4743 esculentis

245 3271 336 3344 Μή
363 3289 458 3343 μοι
482 3270 633 3343 λέγε,
665 3273 748 3328 ὅτι
778 3272 981 3329 Πενίαν
1022 3272 1320 3347 φοϐοῦμαι.
1349 3275 1549 3331 Πενίαν
1603 3276 1763 3349 φοϐῇ,

165 4767 536 4840 χρυσορόφους
600 4768 698 4820 καὶ
731 4765 1003 4838 μάρμαρα
1059 4763 1470 4836 Λακεδαιμόνια
1500 4764 1744 4832 ποικίλα,

168 4859 256 4913 καὶ
281 4859 609 4925 κίονας,νκα“ι
668 4858 1105 4931 περικεφαλαίας
1141 4858 1337 4914 κιόνων
1387 4859 1621 4931 χρυσᾶς,
1653 4859 1747 4915 καὶ

162 4950 191 5001 δ
219 4951 386 5024 πένης
410 4950 654 5024 καλύϐην
680 4951 781 5008 οὐκ
802 4951 936 5023 εχει.
959 4952 1070 5007 Καὶ
1103 4951 1274 5006 ἐνίοτε
1296 4950 1449 5025 ἕχεις
1477 4952 1566 5005 τὸν
1599 4949 1744 5008 οἷκον

166 5043 270 5099 ἀπὸ
301 5045 579 5116 ἁρπαγῆς,
635 5043 749 5099 ἀπὸ
791 5042 1131 5110 πλεονεξίας.
1191 5044 1305 5098 Καὶ
1366 5045 1741 5116 συντελευτᾷς,

169 5136 257 5192 καὶ
277 5137 510 5205 ἀπάγεις
542 5135 711 5209 μηδὲν
756 5135 922 5210 ἔχων,
962 5137 1057 5189 καὶ
1090 5136 1241 5205 μένει
1269 5136 1299 5190 ὁ
1334 5132 1486 5202 οἶκός
1513 5153 1607 5190 σου
1663 5135 1746 5190 διο

165 5230 361 5303 questi};
400 5232 727 5304 κατήγορος,
754 5220 997 5302 ιλέγχών
1020 5229 1120 5295 τὰς
1163 5229 1260 5294 σὰς
1289 5228 1538 5304 πράξεις.
1575 5228 1744 5283 Ἕκαο

129 5307 132 5310 ’
168 5339 288 5390 στος
314 5325 422 5397 γὰρ
454 5325 484 5378 ὁ
507 5325 919 5399 παρερχόμενος
953 5323 1136 5396 μέλλει
1177 5323 1359 5391 λέγειν
1380 5339 1394 5354 °
1435 5316 1588 5386 οὗτος
1612 5324 1642 5378 δ
1663 5318 1741 5376 οἶ-

166 5431 258 5480 κος
314 5416 409 5471 τοῦ
475 5419 746 5489 ἅρπαγος,
797 5415 892 5470 τοῦ
949 5414 1303 5470 πλεονέκτου.
1335 5414 1519 5478 Πόσας
1562 5413 1740 5486 χήρας

165 5509 406 5567 ἐκάκωσε
425 5531 439 5582 ;
471 5513 673 5578 πόσους
691 5510 962 5584 ὀρφανοὺς
980 5511 1202 5581 ἐποίησε
1225 5527 1240 5578 ;
1265 5509 1404 5564 πόσα
1428 5509 1741 5582 ὑπάρχοντα

165 5605 513 5678 καθήρπασες
555 5607 758 5672 πόσους
790 5607 1033 5678 πένητας
1063 5605 1456 5676 ὲπλεονέκτησε
1486 5624 1500 5674 ;
1528 5606 1617 5676 Μή
1648 5622 1739 5676 μοι

159 5697 304 5768 λέγε,
349 5702 432 5757 ὅτι
464 5703 709 5767 Ὕπατός
743 5702 879 5773 εἰμι,
907 5701 938 5773 ἦ
974 5699 1055 5755 ὅτι
1111 5699 1398 5772 Ὕπαρχός
1456 5702 1592 5770 είμι.
1625 5700 1739 5754 Οὐκ

165 5787 274 5850 οῖδα
296 5792 504 5868 ἀξίωμα
518 5814 532 5829 σ
560 5797 619 5852 οὐ
640 5795 912 5852 διαϐάλλω
926 5793 1151 5850 πλοῦτον
1169 5813 1181 5851 '.
1211 5793 1343 5850 ἀλλὰ
1366 5796 1491 5857 τοὺς
1504 5794 1577 5858 τῷ
1592 5793 1738 5865 καλῷ

1859 4771 2121 4838 vesceris;
2155 4777 2211 4826 et
2236 4785 2447 4842 pauper
2481 4786 2551 4826 ne
2575 4779 2823 4834 ventrem
2848 4771 3068 4844 quidem
3096 4788 3257 4830 suum
3298 4793 3441 4847 pane

1854 4862 2061 4921 satiare
2099 4868 2304 4933 potest.
2356 4862 2436 4917 Tu
2500 4863 2746 4935 parietes
2797 4869 3018 4934 auratis
3055 4867 3433 4939 laquearibus,

1855 4955 2004 5011 varia
2039 4954 2172 5010 item
2216 4969 2491 5010 marmora
2515 4955 2957 5028 Lacedmmouia,
2994 4961 3282 5037 columnas
3305 4946 3436 5036 quo-

1849 5061 1958 5117 que
1988 5053 2045 5101 et
2067 5061 2262 5104 earum
2292 5047 2552 5117 capitetla
2599 5065 2768 5106 aurea
2822 5035 3026 5122 habes}
3056 5055 3271 5112 interim
3301 5035 3434 5116 vero

1853 5155 2062 5212 pauper.
2090 5141 2472 5213 integumento
2493 5142 2662 5216 ωε
2686 5154 2856 5202 caret.
2895 5147 3038 5214 Quin
3071 5157 3124 5206 et
3153 5151 3429 5208 interdum

1849 5235 2074 5291 domum
2116 5251 2181 5291 ex
2233 5235 2445 5306 rapinis
2493 5244 2546 5292 et
2587 5236 2778 5295 fraude
2825 5248 3089 5298 structam
3131 5243 3332 5314 habes;
3363 5262 3431 5303 ac

1851 5337 1909 5383 tu
1940 5327 2162 5398 quidem
2187 5326 2331 5384 diem
2361 5335 2668 5388 extremum
2703 5331 2936 5400 claudis,
2988 5336 3263 5407 rebusque
3306 5353 3432 5394 om-

1850 5419 2017 5476 nibus
2059 5419 2361 5475 destitutus
2388 5421 2645 5478 abscedis
2683 5438 2698 5476 :
2736 5435 2792 5478 at
2827 5432 2918 5482 tua
2965 5423 3166 5486 domus
3217 5441 3425 5497 manet,

1848 5530 1969 5586 qua:
1999 5521 2053 5569 te
2093 5520 2362 5586 perpetuo
2387 5525 2629 5596 accuset,
2662 5517 2979 5592 ﬂagitiaque
3011 5531 3104 5578 tua
3133 5539 3422 5596 coarguat.

1849 5606 2091 5674 Quilibet
2148 5605 2294 5659 enim
2347 5595 2441 5677 qui
2503 5610 2789 5666 transierit
2839 5611 3094 5672 dicturus
3133 5625 3217 5674 est
3249 5595 3425 5677 illanc

1849 5700 2049 5755 domus
2101 5696 2341 5768 raptoris
2393 5706 2513 5753 erat
2578 5711 2632 5756 et
2665 5705 2842 5762 avari.
2902 5704 3047 5775 Quot
3091 5709 3182 5766 ille
3223 5711 3424 5772 viduas

1854 5793 2036 5848 'iﬂltrit
2064 5793 2076 5844 ἔ
2123 5801 2252 5862 quot
2286 5791 2564 5861 orpltauos
2600 5795 2763 5854 fecit!
2799 5809 2930 5870 quot
2971 5802 3118 5860 bona
3151 5804 3420 5880 diripuit!
