4020 6262
458 318 586 384 1511

1619 305 1682 367 S.
1720 300 2042 366 JOANNIS
2081 299 2514 363 DAMASCENI

3581 289 3704 358 1512

451 449 586 510 quot
622 445 888 506 pauperes
927 425 1226 485 fraudavit!
1267 420 1380 479 Nec
1407 419 1543 476 mihi
1573 419 1727 474 dicas
1761 437 1775 474 :
1815 414 2025 473 Consul
2055 473 2059 482 γ

2162 415 2316 479 νακῶς
2354 413 2749 486 κεχρημένους.
2796 413 2874 468 Οὐ
2923 410 3036 485 γάρ
3077 409 3248 465 κακὸν
3303 408 3366 465 τὸ
3427 407 3702 463 πλουτεῖν·

452 545 611 596 sum;
643 529 938 599 praefectus
988 536 1136 579 sum.
1203 516 1545 588 Dignitatem
1591 527 1704 568 non
1752 523 2043 583 agnosco;

2151 510 2206 564 ιῐ
2232 527 2286 564 τι
2329 508 2437 580 γὰρ
2468 508 2722 580 ἐποίησεν
2751 510 2780 562 ὁ
2808 504 2942 567 Θεὸς
2990 503 3133 560 καλὰ
3162 503 3306 562 λίαν.

452 597 678 683 divitias
723 637 836 678 non
898 617 1196 682 criminor;
1249 615 1344 669 sed
1384 625 1480 668 eos
1511 609 1606 680 qui
1649 608 1794 663 male
1837 607 1908 663 iis
1948 605 2036 661 usi
2061 614 2215 662 sunt.
2255 603 2380 662 Non
2421 604 2572 661 enim
2599 603 2761 658 mala:
2789 600 3003 659 divitia:
3053 608 3204 657 sunt.
3245 598 3445 656 Omnia
3498 597 3706 672 quippe,

453 734 578 792 qua‘
609 719 752 772 Deus
777 713 928 773 fecit,
967 709 1127 763 valde
1157 706 1301 760 bona
1325 710 1456 761 sunt
1485 697 1642 772 (Ceu.
1680 714 1718 764 ι,
1754 696 1869 766 3i).

527 806 781 881 Ejusdem
808 806 862 859 in
887 801 1046 857 Psal.
1101 810 1294 852 ιιιιιι.
1324 823 1394 835 —-
1423 791 1656 862 Propter
1684 801 1820 860 opes
1858 786 2033 842 libera

455 876 729 960 elementa
778 894 1091 953 vendimus.
1127 888 1248 944 Viis
1306 886 1672 956 imponuntur
1725 876 2035 950 veCtigalia,

459 1011 615 1069 aqua!
632 990 884 1051 dominio
910 990 1130 1059 parent,
1159 995 1253 1037 aer
1282 976 1508 1034 tributis
1559 972 1889 1044 subjicitur.
1914 967 2042 1023 Tri-

457 1063 716 1146 butornm
750 1091 1063 1145 coactores,
1082 1083 1137 1133 et
1163 1071 1430 1146 praefecti,
1453 1083 1519 1124 ac
1551 1065 1833 1139 publicani
1873 1063 2040 1119 urbes

457 1189 678 1239 vexant.
741 1175 905 1232 Curis
963 1169 1168 1226 divites
1241 1161 1640 1226 coniiciuntur,
1702 1158 2042 1214 feneratores

458 1268 832 1332 sollicitudine
892 1261 1295 1318 contabescunt
1327 1293 1345 1322 ,
1407 1261 1662 1324 raptores
1745 1247 2034 1305 hominum

459 1364 787 1439 perturbant
849 1357 1039 1420 vitam,
1079 1351 1234 1408 avari
1281 1347 1583 1404 tribunalia
1631 1352 1840 1410 terunt,
1873 1354 2038 1413 syco-

460 1436 680 1534 plianta:
709 1455 910 1510 falsum
974 1446 1315 1510 divendunt;
1348 1450 1596 1515 quaestus
1641 1436 1831 1508 cupidi
1865 1448 2038 1506 nego-

459 1528 689 1606 iiatores
721 1562 789 1602 ex
830 1543 1069 1598 aliorum
1120 1536 1535 1593 calamitatibus
1588 1528 1883 1588 commoda
1943 1535 2040 1582 tua

460 1648 818 1712 comparant;
852 1643 1046 1691 mutuo
1072 1628 1392 1688 mentiendo
1433 1622 1832 1698 jusjurandum
1875 1634 2042 1676 omne

462 1733 931 1803 consumpsimus,
956 1727 1050 1799 qui
1088 1728 1260 1782 Deum
1293 1721 1561 1778 duntaxat
1590 1719 1660 1774 ad
1683 1713 2044 1787 dejerandum

2209 783 2312 839 Διὰ
2330 782 2400 838 τὰ
2418 781 2682 854 χρήματα
2727 781 2799 835 τά
2847 780 3113 851 ἐλεύθερα
3144 782 3386 851 στοιχεῖα
3433 780 3710 852 πεπράκα·

2142 892 2265 946 μεν.
2292 877 2358 929 Δί
2378 876 2488 930 ὁδοὶ
2513 874 2879 930 τελωνοῦνται
2900 889 2915 905 ⁸
2948 873 3021 929 τὰ
3066 873 3238 928 ὕδατα
3273 873 3681 929 δεσποτεὺονται

2137 969 2168 1023 ὸ
2199 965 2307 1042 ἀὴρ
2337 971 2546 1038 φωναῖς
2569 966 2960 1022 ὑποϐάλλεται.
3017 966 3334 1034 Πολυλόγοι,
3366 966 3464 1020 καὶ
3505 967 3716 1034 φορολό-

2141 1077 2247 1133 γοι,
2281 1062 2380 1117 καὶ
2411 1061 2669 1128 τελῶναι,
2723 1059 2824 1125 τὰς
2856 1059 3041 1124 πόλεις
3082 1058 3424 1130 συνέχουσιν.
3472 1059 3539 1112 Ol.
3575 1058 3727 1113 πλούι

2145 1172 2252 1209 σιοι
2277 1157 2400 1220 ταῖς
2459 1153 2742 1228 φροντίσιν
2787 1153 3138 1216 ἐκτήκονται·
3178 1153 3228 1205 oi
3281 1152 3563 1206 δανεισταὶ
3608 1153 3717 1215 τοῖς

2146 1248 2440 1320 μερίμναις
2471 1247 2830 1320 μαραίνονται
2849 1261 2864 1277 ο
2897 1247 2947 1298 οῖ
2976 1245 3228 1317 ἅρπαγες
3266 1246 3358 1300 τὸν
3392 1245 3508 1317 βίον
3532 1247 3721 1316 ταράσ-

2147 1357 2332 1395 σουσιν
2354 1354 2368 1368 ο
2390 1339 2440 1393 oi
2467 1338 2868 1411 φιλοχρήματοι
2888 1335 2959 1391 τὰ
2995 1337 3324 1409 δικαστήρια
3367 1337 3723 1408 κατατρίϐου-

2145 1447 2230 1486 σιν
2250 1448 2267 1462 ο
2295 1431 2346 1483 οἱ
2376 1431 2711 1500 συκοφάνται
2732 1428 2794 1482 τὸ
2819 1427 3016 1499 ψεῦδος
3043 1429 3549 1501 πιπράσκουσινοοὶ
3576 1429 3723 1501 κερδ-

2143 1522 2376 1594 έμποροι
2425 1522 2528 1586 τὰς
2571 1520 2856 1594 συμφοράς
2896 1521 3420 1592 πραγματεύονται,
3475 1523 3725 1594 ἀλλήλους

2142 1615 2465 1687 ψευδόμενοι
2491 1617 2616 1679 τοὺς
2640 1615 2840 1686 ὅρκους
2879 1613 3264 1685 ἀνηλώσαμεν,
3299 1617 3382 1678 είς
3423 1614 3484 1669 τὸ
3517 1615 3726 1686 ὀμνύειν

2154 1709 2318 1780 μόνον
2342 1709 2431 1764 τὸν
2466 1708 2601 1762 Θεὸν
2658 1707 3034 1780 ἐπιστάμενοι.
3071 1707 3138 1762 Ἦ
3162 1708 3237 1779 γῆ
3263 1707 3451 1761 λοιπὸν
3497 1709 3568 1763 τὰ
3593 1709 3729 1761 κακά

466 1800 785 1883 noscamus.
841 1821 1015 1876 Terra
1057 1818 1170 1890 jam
1207 1823 1288 1870 tot
1321 1811 1608 1885 gestandis
1647 1808 1810 1863 malis
1872 1805 2049 1874 impar

2162 1803 2448 1875 βαστάζειν
2484 1803 2549 1857 οὐ
2611 1801 2858 1858 δύναται.
2929 1802 2991 1856 '0
3019 1802 3128 1874 ἀὴρ
3176 1802 3372 1875 μέχρις
3418 1800 3590 1857 αὑτοῦ
3641 1800 3729 1856 τοῦ

462 1931 569 1980 est.
601 1921 708 1976 Aer
744 1915 812 1972 ad
832 1913 1092 1970 aetherem
1123 1922 1300 1980 usque
1331 1903 1744 1962 contaminatus
1783 1905 1887 1954 est.
1910 1895 2054 1953 Cum.

463 2019 649 2087 itaque
688 2015 745 2068 in
780 2009 940 2066 malis
984 2018 1182 2063 omnes
1232 2015 1336 2057 nos
1373 1995 1638 2055 concitati
1691 1993 1889 2060 simus,
1921 2003 2052 2062 pro-

464 2081 628 2182 pheta
658 2106 828 2162 vitam
854 2103 1154 2159 humanam
1194 2093 1599 2168 parvipendens
1622 2087 1825 2144 clamat
1875 2099 1892 2140 :
1955 2081 2049 2138 Ve-

465 2209 767 2256 rumtamen
820 2208 950 2250 vane
1010 2187 1364 2246 conturbatur
1417 2182 1589 2241 omnis
1631 2181 1789 2235 homo
1853 2177 2050 2232 vivens.

469 2291 647 2366 (Psal.
678 2302 934 2352 unum,
967 2283 1082 2354 12).
1120 2279 1297 2335 Homo
1328 2277 1504 2338 solus,
1539 2287 1574 2328 o
1596 2270 1887 2345 propheta,
1921 2280 2053 2321 cou-

466 2360 769 2439 tiirbatur?
831 2374 1123 2434 rationalis
1171 2373 1443 2427 duntaxat
1492 2360 1585 2422 illa
1636 2373 1834 2420 natura
1866 2372 2056 2431 repre-

469 2473 767 2531 heuditur?
805 2467 1034 2525 Nihilne
1085 2463 1239 2520 aliud
1285 2461 1433 2533 quod
1497 2451 1904 2530 perturbationi
1949 2451 2053 2506 ob-

467 2565 695 2622 noxium
721 2561 815 2630 sit,
843 2561 985 2615 inter
1006 2556 1194 2614 omnia
1250 2549 1552 2607 animantia
1595 2543 1894 2617 reperisti?
1919 2541 2056 2599 Pro-

467 2662 615 2719 fecto
644 2655 893 2732 quidem,
925 2650 1138 2725 inquit,
1194 2646 1493 2703 turbantur
1531 2644 1700 2700 etiam
1736 2652 1928 2710 aquae;
1958 2634 2056 2692 sed

466 2768 666 2813 rursus
700 2746 1097 2822 tranquillitati
1148 2743 1544 2798 restituuntur.
1577 2735 1754 2793 Terra
1807 2745 2056 2790 commo-

471 2859 670 2916 vetur;
712 2845 812 2903 sed
863 2850 1052 2915 postea
1076 2837 1352 2893 ﬁrmatur.
1398 2833 1692 2890 Moventur
1735 2826 1923 2894 venti;
1960 2822 2059 2882 sed

469 2957 694 3001 rursum
730 2940 1155 3008 conquiescunt.
1199 2927 1638 2985 Tumultuantur
1671 2922 1801 2978 ferae
1831 2931 2057 2982 omnes;

470 3044 528 3092 at
559 3031 654 3090 ubi
691 3029 910 3105 satiatae
953 3035 1105 3091 sunt,
1163 3036 1290 3078 sese
1343 3021 1729 3088 compescunt.
1763 3011 2061 3067 Excitatur

471 3129 728 3194 ﬂamma;
765 3103 964 3179 verum
1022 3118 1318 3186 absumpta
1361 3111 1593 3169 materia
1631 3123 1755 3181 qua:
1801 3103 2058 3176 subjecta

2150 1895 2367 1968 αἰθέρος
2399 1894 2751 1967 μεμόλυνται.
2785 1895 2944 1948 Οὕτω
2966 1892 3032 1965 δὴ
3055 1894 3272 1948 πάντων
3295 1895 3352 1947 έν
3375 1895 3573 1957 κακοῖς
3587 1910 3731 1948 σεσο-

2152 1985 2409 2058 ϐημένων
2457 1986 2639 2059 ἡμῶν,
2686 1987 2716 2040 ὀ
2754 1986 3046 2059 προφήτης
3091 1985 3183 2040 τὸν
3216 1984 3332 2056 βίον
3361 1985 3732 2057 ἐκπτυόμενος

2153 2079 2253 2153 βοᾷ
2280 2081 2455 2150 λέγων
2479 2096 2496 2111 ο
2526 2078 2703 2150 Πλὴν
2717 2079 2923 2150 μάτην
2950 2079 3317 2150 ταράσσεται
3349 2077 3475 2147 πᾶς
3515 2078 3734 2148 ἀνθρω-

2151 2187 2267 2241 πος
2288 2171 2421 2234 ζῶν.
2454 2171 2782 2244 ’Ἄνθρωπος
2826 2172 3009 2244 μόνον,
3045 2165 3092 2227 ὦ
3137 2173 3396 2244 προφῆτα
3422 2213 3440 2240 ,
3471 2171 3736 2246 ταράσσε-

2151 2280 2242 2318 ται
2269 2280 2284 2330 ;
2321 2261 2574 2336 ﬁloytx‘h
2602 2262 2764 2335 μόνον
2818 2261 3019 2328 πλάσις
3060 2265 3480 2335 κατηγορεῖται,
3530 2257 3577 2317 ὦ
3607 2281 3736 2336 προ-

2154 2355 2336 2426 φῆτα;
2369 2353 2537 2408 Οὐδὲν
2565 2353 2755 2426 ἕτερον
2776 2353 2887 2410 τῶν
2913 2356 2972 2409 ὲν
3021 2354 3185 2421 ζώοις
3211 2357 3629 2428 ταρασσόμενον
3658 2348 3742 2410 εὖ·

2156 2464 2282 2521 ρες;
2316 2447 2819 2520 Ναὶ,ταράσσεται,
2843 2448 3003 2521 φησὶ,
3027 2448 3124 2502 καὶ
3151 2448 3218 2504 τὰ
3243 2448 3434 2515 ὕδατα,
3463 2450 3564 2504 καὶ
3582 2449 3741 2504 πάλιν

2154 2540 2617 2598 ἀποκαθίσταται.
2669 2539 2963 2596 Σαλεύεται
2987 2542 3022 2614 ή
3052 2541 3149 2612 γῆ,
3184 2542 3281 2596 καὶ
3326 2542 3496 2598 πάλιν
3527 2543 3744 2615 έδράζε-

2155 2652 2266 2690 ται.
2321 2633 2616 2690 Κινοῦνται
2658 2635 2710 2688 oi
2774 2634 2992 2706 ἄνεμοι,
3046 2634 3142 2689 καὶ
3183 2635 3350 2692 πάλιν
3379 2636 3740 2708 ἡσυχάζουσι.

2156 2729 2482 2804 Θοσυρεῖται
2506 2732 2616 2783 πᾶν
2661 2728 2874 2803 θηρίον,
2933 2728 3029 2782 καὶ
3062 2729 3459 2803 κορεννὺμενον
3486 2729 3741 2786 παύεται.

2157 2823 2499 2898 Διεγείρεται
2525 2823 2680 2895 φλὸξ,
2711 2825 2808 2878 καὶ
2832 2822 2933 2898 τὴν
2961 2824 3331 2897 ὑποκειμένην
3369 2823 3511 2897 ὓλην
3540 2825 3746 2880 ἀναλώ-

2160 2933 2304 2971 σασα
2363 2917 2695 2971 σόέννυταιο
2757 2916 3048 2991 ἄνθρωπος
3100 2918 3158 2973 δὲ
3207 2918 3630 2991 ταρασσόμενος
3660 2919 3747 2972 ἐπὶ

2160 3011 2410 3084 χρήμασι
2448 3011 2706 3065 οὐδέποτε
2766 3010 3239 3067 παύεται.”Ελα6ε
3265 3011 3452 3080 τοῦτο,
3497 3011 3748 3085 καὶπρὸς

2160 3103 2348 3176 ἕτερον
2395 3103 2719 3160 ἀποϐλέπει.
2759 3103 3095 3176 Ἐκράτησεν
3154 3105 3354 3170 έκεῖνο,
3388 3104 3489 3159 καὶ
3529 3104 3749 3175 προσέτι

477 3222 682 3286 fuerat,
713 3213 1115 3286 exstinguitur.
1148 3207 1327 3265 llomo
1355 3221 1509 3271 vero,
1532 3203 1629 3260 ubi
1685 3201 2055 3275 pecuniarum

2162 3197 2410 3272 κέχηνεν.
2435 3197 2516 3252 Τὰ
2547 3198 2742 3252 ἑκατὸν
2781 3197 3158 3263 διπλασιάζειν
3211 3198 3526 3266 ἐπείγεται,
3562 3199 3660 3253 καὶ
3685 3198 3748 3252 τά

476 3329 645 3371 causa
710 3308 1103 3370 conturbatur,
1155 3316 1436 3372 nunquam
1492 3297 1754 3370 quiescit.
1803 3293 1911 3352 Ubi
1956 3291 2059 3348 hoc

478 3405 717 3477 accepit,
747 3402 815 3458 ad
849 3399 984 3456 illud
1019 3395 1252 3468 conjicit
1281 3393 1495 3448 oculos.
1536 3388 1595 3444 Si
1629 3387 1764 3444 illud
1798 3385 2059 3448 tenuerit,

478 3502 843 3555 aliisrursus
903 3492 1109 3548 inhiat.
1167 3488 1400 3544 Centum
1430 3483 1717 3554 duplicare
1769 3478 1974 3546 studet,
2008 3484 2064 3532 et

481 3588 874 3659 conduplicata
939 3581 1180 3652 decuplo.
1239 3577 1450 3648 majora
1506 3573 1696 3629 facere
1748 3568 2060 3632 contendit,

481 3696 648 3758 atque
674 3683 758 3740 his
778 3681 888 3736 alia
919 3678 1146 3734 totidem
1177 3686 1461 3745 aggerere.
1493 3668 1680 3740 Neque
1703 3679 1944 3737 unquam
1968 3677 2065 3716 cu-

483 3756 729 3835 mulandl
769 3774 932 3829 linem
959 3768 1112 3833 facit,
1145 3764 1328 3838 quoad
1350 3763 1531 3834 ipsius
1561 3762 1690 3814 vitae
1711 3759 1836 3813 linis
1866 3756 1939 3812 sit
1966 3769 2065 3808 cu-

484 3872 748 3927 mulatus.
805 3860 1161 3918 Damnationi
1224 3855 1505 3913 obnoxius
1557 3862 1641 3908 est
1680 3851 1775 3922 qui
1819 3845 2067 3902 avaritia:

485 3968 640 4024 febre
676 3959 997 4031 corripitur.
1065 3955 1215 4009 Auro
1263 3953 1388 4024 ipso
1451 3948 1656 4004 fulvior
1697 3954 1753 4000 et
1805 3949 2066 3996 arcuatus

484 4056 828 4117 obambulat,
858 4057 1085 4122 propter
1113 4043 1337 4102 divitias
1367 4055 1604 4113 quarum
1636 4035 1805 4092 nimis
1831 4033 2068 4104 cupidus

486 4162 571 4208 est
595 4169 612 4220 ;
633 4153 704 4207 ob
732 4145 981 4209 divitias,
1013 4143 1262 4213 inquam,
1301 4138 1574 4192 incertum
1607 4131 1762 4187 illutn
1802 4129 2066 4191 amicum,

487 4247 716 4303 inlidum
749 4235 1224 4301 contubernalem,
1255 4229 1588 4287 insidiosum
1615 4224 1908 4290 amasium,
1946 4238 2070 4278 ser-

485 4358 611 4395 vum
636 4339 941 4399 illusorem,
962 4327 1390 4386 dilectissimum
1415 4322 1727 4384 irrisorem,
1754 4303 2068 4388 promptum

488 4437 864 4505 iuigratorem,
921 4425 1128 4480 alatum
1187 4419 1468 4490 captivum
1503 4431 1519 4482 ;
1556 4421 1780 4486 propter
1819 4409 2069 4473 divitias,

486 4543 609 4600 quae
628 4523 777 4579 omni
806 4532 1076 4577 nocturno
1099 4521 1316 4586 Spectro
1351 4510 1588 4565 leviores
1608 4511 1760 4568 sunt,
1787 4516 1910 4573 quae
1927 4500 2067 4557 bella

488 4623 733 4694 pariunt,
760 4629 882 4686 quae
915 4611 1064 4666 omni
1090 4624 1184 4678 spe
1203 4605 1440 4660 celerius
1461 4600 1702 4670 fugiunt,
1729 4611 1849 4666 qua:
1873 4602 2070 4649 ventus

491 4685 792 4779 sunt,dum
819 4715 1040 4762 tenetur
1066 4703 1320 4763 avolans,
1337 4697 1506 4751 luxus
1542 4691 1726 4748 omnis
1743 4698 1796 4744 et
1815 4685 2073 4758 nequitiae

490 4813 770 4880 parentes,
796 4796 1220 4869 intemperantia
1242 4793 1421 4848 omnis
1454 4801 1507 4844 et
1534 4785 1786 4842 libidinis
1806 4791 2068 4853 patronis,

493 4899 698 4955 nullius
727 4910 838 4951 non
875 4890 989 4945 vitii
1022 4889 1377 4949 inventrices,
1407 4882 1770 4937 exitiosarum
1801 4889 2071 4946 quarum-

493 5005 711 5060 eunqne
736 4985 1062 5044 deliciarum
1107 4979 1429 5049 adiutrices,
1463 4971 1819 5028 continentiae
1862 4968 2070 5030 hostes,

496 5083 774 5157 pudicitia:
803 5076 1154 5138 adversarim,
1187 5083 1242 5126 ct
1266 5067 1624 5125 clandestinae
1654 5064 1824 5117 totius
1854 5060 2073 5116 virtutis

500 5153 666 5229 iures.
698 5171 840 5239 Quid
878 5181 1028 5231 vero,
1052 5163 1274 5220 divitias
1307 5158 1573 5214 divitibus
1596 5155 1863 5219 dimissis,
1887 5153 2075 5207 crimi-

501 5268 637 5320 nor?
665 5265 775 5318 into
802 5277 928 5317 cum
961 5259 1096 5330 ipsis
1129 5269 1350 5327 quoque
1383 5250 1596 5306 divitiis
1629 5247 1835 5319 injuste
1866 5248 2071 5318 agitur,

498 5368 687 5430 utpote
702 5357 1035 5429 quavinctzr
1053 5352 1122 5407 ab
1136 5349 1245 5405 illis
1258 5355 1311 5403 et
1327 5346 1645 5401 constricta:
1661 5349 1982 5398 teneantur:
2002 5349 2074 5419 at-

497 5449 662 5522 949
693 5463 799 5518 que
847 5447 984 5500 adeo
1021 5444 1164 5498 hanc
1212 5453 1404 5494 vocem
1433 5437 1497 5491 ad
1541 5450 1635 5491 eos
1662 5435 1883 5488 mittere
1937 5415 2072 5485 mihi

500 5544 762 5599 videntur
793 5561 806 5596 :
841 5539 984 5607 Quid
1033 5553 1159 5602 nos,
1190 5550 1224 5590 ο
1262 5533 1436 5596 avari,
1471 5529 1787 5587 coercetis‘!
1811 5527 1945 5599 quid
1977 5541 2078 5581 nos

502 5647 764 5706 tanquam
807 5632 1098 5703 fugitivum
1157 5627 1518 5697 mancipium,
1553 5622 1832 5678 sexcentis
1881 5620 2078 5675 vincu—

502 5731 568 5784 lis
602 5725 1084 5798 constringitis?a
1134 5723 1368 5778 metallis
1405 5719 1471 5774 ad
1531 5719 1774 5783 metalla,
1840 5714 2076 5784 indeque

501 5824 559 5880 in
604 5837 800 5878 manus
843 5828 1056 5878 vostras
1100 5817 1503 5875 transmittitis.
1538 5813 1639 5869 Per
1672 5827 1770 5869 vos
1821 5811 1983 5867 nobis
2011 5811 2076 5864 li-

2159 3289 2654 3344 διαπλασιασθέντα
2713 3287 2877 3344 πάλιν
2914 3287 3373 3355 δεκαπλασιάζειν
3403 3287 3745 3359 φιλονεικῶν,

2162 3383 2256 3436 ἐπὶ
2285 3382 2562 3446 τοσούτοις
2585 3377 2742 3445 αὖθις
2795 3381 3037 3435 τοσαῦτα
3063 3381 3329 3453 σωρεύειν
3373 3382 3748 3451 ἐπειγόμενος,

2166 3477 2262 3530 καὶ
2306 3475 2566 3529 οὐδέποτε
2603 3473 2863 3546 σωρεύων
2893 3474 3148 3540 παύεται,
3186 3474 3294 3539 ἓως
3318 3475 3378 3528 τὸ
3411 3474 3578 3538 τέλος
3594 3472 3750 3528 αὑτοῦ

2168 3567 2441 3640 σωρευθῇ.
2474 3568 2789 3631 Κατάδικὸς
2821 3568 2962 3632 ὲστι,
2991 3565 3068 3639 τῷ
3099 3564 3321 3638 πυρετῷ
3353 3565 3460 3638 τῆς
3489 3566 3752 3637 φιλαργυ-

2170 3661 2291 3729 ρίας
2318 3660 2696 3730 συνεχόμενος,
2722 3658 3032 3731 ὠχρότερος
3057 3658 3154 3712 τοῦ
3184 3657 3416 3730 χρυσίου
3459 3657 3751 3729 περιέρχε-

2165 3771 2276 3820 ται,
2311 3753 2399 3806 διὰ
2420 3755 2510 3807 τὸν
2542 3752 2921 3823 πολυπόθητον
2952 3751 3204 3818 πλοῦτον,
3246 3750 3340 3805 τὸν
3385 3749 3652 3805 ἀϐέϐαιον
3671 3749 3754 3818 φί-

2166 3845 2278 3910 λον,
2314 3844 2544 3900 πλοῦτον
2605 3845 2696 3898 τὸν
2757 3844 2987 3898 ἄπιστον
3037 3841 3308 3908 σύνοικον,
3344 3841 3439 3896 τὸν
3469 3841 3754 3896 έπίδουλον

2169 3939 2352 4004 πόθον,
2385 3937 2475 3993 τὸν
2504 3937 2874 3991 ὑποδέσποτον
2907 3935 3246 4006 ἐμπαίκτην,
3273 3934 3365 3989 τὸν
3386 3934 3753 4004 πολυέραστον

2170 4031 2492 4102 χλευαστὴν,
2526 4030 2618 4083 τὸν
2672 4031 2891 4100 ἓτοιμον
2947 4030 3288 4101 μεταὸάτην,
3323 4026 3416 4082 τὸν
3448 4027 3755 4099 ὑπόπτερον

2171 4125 2415 4195 δέσμιον,
2440 4125 2533 4178 τὸν
2560 4126 2740 4193 πάσης
2770 4123 2998 4194 ὀνείρων
3056 4121 3362 4192 φαντασίας
3402 4121 3753 4192 κουφότερον.

2173 4219 2263 4274 τὸν
2292 4219 2676 4290 πολεμοποιὸν,
2705 4217 2796 4272 τὸν
2827 4218 3010 4289 πάσης
3040 4215 3258 4280 ἐλπίδος
3305 4214 3590 4287 ὀξυτέρως
3628 4213 3754 4283 φεύ-

2173 4329 2360 4382 γοντα,
2388 4312 2478 4366 τὸν
2531 4315 2589 4366 ἐν
2623 4313 2701 4381 τῷ
2749 4310 3072 4383 κρατεῖσθαι
3115 4308 3505 4380 ἀφιπτάμενον
3534 4308 3751 4378 ἄνεμον,

2174 4403 2406 4458 πλοῦτον
2441 4405 2532 4459 τὸν
2586 4406 2769 4475 πάσης
2832 4403 3073 4466 ἀσωτίας
3133 4403 3438 4473 γεννήτορά
3462 4401 3557 4456 τὸν
3580 4402 3754 4471 πάσης

2175 4496 2472 4561 ἀκολασίας
2528 4499 2847 4568 συνήγορον,
2900 4496 2991 4551 τὸν
3037 4495 3223 4566 πάσης
3268 4495 3470 4559 κακίας
3505 4495 3752 4565 εὑρέτην,

2172 4590 2264 4642 τὸν
2308 4590 2568 4659 συνεργὸν
2623 4591 2806 4659 πάσης
2831 4588 3178 4660 ψυχοφθόρου
3229 4587 3460 4659 τροφῆς,
3490 4587 3588 4641 τὸν
3611 4585 3750 4640 ἀντί-

2173 4685 2343 4738 παλον
2373 4688 2471 4756 τῆς
2535 4686 2889 4755 ἐγκρατείας,
2925 4684 3014 4736 τὸν
3045 4683 3308 4754 πολέμιον
3332 4682 3434 4751 τῆς
3474 4679 3752 4753 σωφροσὺ-

2174 4797 2294 4850 νης,
2324 4779 2416 4831 τὸν
2449 4779 2630 4849 πάσης
2684 4776 2886 4848 αρετῆς
2917 4775 3250 4831 λανθάνοντα
3299 4776 3566 4846 κλέπτην.
3600 4772 3751 4827 Ἀλλὰ

2173 4870 2247 4938 τί,
2282 4872 2436 4942 φησὶ,
2475 4869 2748 4924 διαϐάλλω
2795 4866 2888 4921 τὸν
2931 4866 3166 4920 πλοῦτον
3208 4867 3337 4929 τοὺς
3383 4867 3750 4937 κεκτημένους

2175 4965 2367 5031 ἁφείςς
2395 4965 2660 5017 ἀδικεῖται
2717 4964 2814 5017 καὶ
2867 4961 3028 5025 αὐτὸς
3059 4963 3088 5014 ὁ
3116 4960 3370 5028 πλοῦτος,
3416 4961 3638 5030 δέσμιος
3667 4956 3750 5012 ὑπ’

2176 5057 2356 5110 αὐτῶν
2407 5057 2502 5108 καὶ
2551 5054 2935 5125 πεπηδημένος
2993 5052 3385 5124 κατεχόμενος.
3443 5051 3624 5106 Ἐοικέ
3669 5067 3747 5120 μοι

2177 5151 2312 5222 πρὸς
2329 5150 2523 5212 αὐτοὺς
2553 5150 2807 5220 τοιαύτην
2825 5147 3041 5217 ἀφιέναι
3067 5148 3254 5218 φωνήν
3276 5161 3292 5177 ο
3318 5146 3383 5199 Τί
3407 5163 3473 5216 με
3488 5147 3579 5199 τὸν
3599 5144 3746 5198 πλοῦ·

2175 5241 2289 5304 τον,
2317 5236 2360 5295 ὣ
2386 5241 2808 5312 φιλοχρημονες,
2869 5237 3262 5311 συμποδίζετες
3299 5239 3352 5291 τί
3397 5255 3464 5309 με
3504 5237 3745 5306 καθάπερ

2177 5339 2454 5409 δραπέτην
2479 5337 2692 5408 μυρίοις
2717 5336 2937 5404 δεσμοῖς
2955 5334 3348 5405 περισφίγγετε
3380 5350 3395 5399 ς
3421 5332 3529 5386 ἀπὸ
3562 5329 3744 5402 μετάλ-

2177 5427 2283 5479 λων
2314 5428 2392 5490 εῑς
2422 5426 2683 5497 μέταλλα,
2711 5429 2789 5488 εἰς
2815 5425 2917 5488 τὰς
2943 5425 3291 5495 ὐμῶνχεῖρας
3314 5423 3710 5494 παραπέμπετε
3733 5436 3748 5485 ;

2179 5523 2227 5576 εί
2283 5522 2465 5576 θέλετέ
2514 5539 2582 5591 με
2636 5523 2738 5576 κᾶν
2800 5521 2996 5592 μικρὸν
3051 5523 3134 5584 είς
3183 5520 3245 5573 τὸ
3294 5520 3410 5590 φῶς
3443 5517 3749 5592 ἀνανεῦσαι,

2180 5617 2377 5672 ἐάσατέ
2431 5633 2495 5686 με
2553 5617 2660 5670 κᾶν
2696 5615 2895 5687 μικρὸν
2918 5617 2996 5678 είς
3021 5614 3120 5677 τὰς
3149 5614 3259 5666 τῶν
3298 5615 3545 5684 πενήτων
3581 5611 3739 5676 δεξιὰς

2184 5714 2485 5786 μεταϐῆναι
2540 5708 2917 5778 ἐπειγόμενον.
2960 5704 3142 5770 Ἀλλὰ,
3202 5704 3360 5775 φησὶ,
3399 5705 3608 5766 τέκνοις
3639 5717 3738 5754 συν·

2182 5810 2300 5877 άγω
2330 5806 2420 5861 τὸν
2450 5803 2746 5876 θησαυρὸν,
2777 5798 2863 5852 ἵνα
2886 5795 2964 5870 μὴ
2992 5796 3184 5863 πενίας
3207 5797 3473 5866 γένωνται
3505 5788 3737 5864 κληρονό-
