4020 6262
352 324 490 397 I513

1595 331 1835 395 SACRA
1873 328 2343 394 PARALLELA.

3484 331 3632 395 15M

352 442 471 515 pot.
496 441 716 513 Καλῶς,
763 435 1267 515 ό”πολυφᾶνταστος
1310 443 1565 507 πλούσιος
1593 444 1661 496 τὰ
1691 441 1915 515 παρόντι

2027 449 2163 494 -εοίιι
2195 440 2281 495 vel
2307 438 2586 494 tantillum
2614 438 2793 498 lucem
2845 443 3075 502 intueri.
3114 445 3289 504 Sinite
3318 449 3387 505 ad
3424 466 3632 523 paupe.

348 537 452 591 οὐκ
477 531 613 603 οῐδε,
645 537 740 590 καὶ
768 535 1030 610 περὶτῶν
1053 535 1360 608 μελλόντων
1379 535 1682 608 φροντίζει.
1710 532 1796 588 Τά
1821 531 1944 588 κατ’

347 630 517 684 αὑτὸν
549 629 757 698 ἀγνοεῖ,
783 630 879 684 καὶ
923 629 995 684 τά
1045 629 1174 703 περὶ
1206 629 1320 684 τῶν
1362 630 1572 684 τέκνων
1589 626 1822 698 ψηφίζει
1846 639 1864 656 ο
1893 625 1944 678 εί

349 719 638 786 θάπτεται,
667 720 771 774 οὐκ
807 720 1124 789 ἀπίσταττιι,
1150 720 1390 792 καὶπερὶ
1422 718 1782 792 κληρονόμων
1817 715 1944 787 βου-

355 808 599 865 λεύεται.
633 810 861 884 ’Δφρον,
911 811 1035 866 sint
1094 828 1186 883 μοι
1240 812 1303 867 τὸ
1361 810 1455 866 σὺν
1481 809 1659 876 τέλος,
1691 808 1784 864 καὶ
1819 809 1945 864 τότε

346 902 608 976 περὶτῶν
633 903 844 958 τέκνων
871 902 1196 973 ἀσφάλισαι.
1234 903 1371 958 Είπέ
1405 921 1498 977 μοι
1541 902 1610 958 τά
1643 904 1744 974 τῆς
1767 902 1944 974 σήμε-

347 1012 478 1067 ρον,
544 995 642 1050 καὶ
694 996 820 1050 τότε
872 1013 958 1051 σοι
1017 997 1299 1053 πιστεύσω
1342 997 1415 1053 τά
1453 997 1553 1068 τῆς
1601 995 1812 1068 αὔριον.
1876 996 1943 1050 Τί

347 1088 578 1143 σεαυτὸν
608 1087 705 1143 καὶ
730 1088 874 1161 μετά
916 1089 1150 1148 θάνατον
1198 1092 1451 1163 ἀπατᾷς;
1496 1089 1551 1144 τί
1593 1088 1771 1152 θέλεις
1800 1082 1943 1142 εῖναι

345 1181 540 1253 νεκρὸς
578 1179 1031 1254 χλευαζόμενοςς
1097 1183 1165 1237 Τί
1211 1181 1470 1253 διορίζεις
1531 1178 1628 1234 τοῦ
1681 1177 1820 1234 Θεοῦ
1870 1181 1941 1235 τὰ

345 1275 602 1348 πρακτέα
622 1290 638 1343 ;
661 1275 716 1330 τί
743 1275 1062 1348 νομοθετεῖς
1094 1278 1195 1349 τὴν
1219 1276 1480 1348 πρόνοιαν
1504 1293 1520 1344 ;
1555 1274 1640 1330 T&
1678 1275 1764 1330 σοὶ
1791 1275 1940 1330 δεδο-

346 1371 510 1444 μένα,
541 1373 681 1429 αὐτὰ
708 1373 969 1448 μερίμνα.
1015 1375 1182 1428 Οὐδὲν
1220 1373 1360 1447 πρὸς
1392 1373 1453 1428 σὲ
1499 1373 1635 1445 περ)⁸
1666 1372 1776 1427 τῶν
1801 1374 1940 1445 μετά

343 1465 427 1520 σέ.
457 1465 533 1520 Οὐ
555 1465 782 1523 δύνασαι
811 1469 908 1522 καὶ
931 1467 1129 1539 νεκρὸς
1166 1463 1328 1532 εἶναι,
1360 1466 1459 1521 καὶ
1487 1465 1765 1536 διοικέτης
1811 1465 1939 1530 ζῶν⁸

338 1575 470 1616 των.
498 1559 688 1624 οὐδεὶς
710 1559 818 1614 τῶν
841 1561 900 1615 έν
916 1559 1045 1633 ᾅδου
1065 1560 1179 1615 τῶν
1208 1560 1350 1631 ὑπὲρ
1378 1562 1483 1631 γῆς
1511 1558 1934 1629 ἐπετρόπευσεν.

340 1649 438 1718 Εἷς
471 1654 620 1709 ἐστιν
645 1654 674 1708 ό
694 1653 919 1720 ζώντων
947 1655 1044 1710 καί⁵
1066 1653 1278 1726 νεκρῶν
1301 1654 1516 1726 κριτὴς,
1547 1653 1644 1707 καὶ
1672 1652 1938 1722 ζυγοστα-

338 1747 450 1803 τῶν
489 1748 725 1804 ἑκάστου
775 1750 838 1804 τὸ
871 1748 1100 1805 δίκαιον.
1136 1746 1485 1817 Θησαυρίζει
1525 1744 1658 1816 γὰρ,
1699 1746 1867 1817 φησὶν
1908 1746 1938 1799 ό

2046 546 2168 589 rum
2214 547 2435 598 manus,
2491 549 2602 604 quo
2633 537 2942 594 vehementi
2986 541 3172 597 studio
3221 548 3629 611 contendimus,

2045 627 2130 684 vel
2188 624 2596 697 aliquantulum
2657 629 3042 702 commigrare.
3076 633 3147 689 At
3199 634 3348 702 ﬁliis.
3414 639 3631 709 inquit,

2046 718 2378 774 thesaurum
2440 718 2667 791 colligo,
2722 736 2793 777 ne
2833 727 3179 795 paupertatis
3219 744 3356 784 meae
3387 730 3633 786 haeredes

2044 826 2144 868 eos
2202 811 2460 870 habeam.
2497 811 2668 872 Recte
2694 815 2912 875 scilicet
2940 818 3135 877 :dives
3189 825 3282 893 qui
3326 827 3499 879 multa
3526 825 3631 884 sibi

2045 901 2235 959 animo
2262 903 2442 978 ﬁngit,
2476 909 2775 978 prazseutia
2823 912 3027 978 nescit,
3058 922 3114 968 et
3142 914 3209 970 de
3248 916 3451 973 tuturis
3471 921 3634 974 solli-

2042 995 2190 1051 citus
2244 1005 2350 1053 est.
2376 995 2614 1054 Suarum
2657 999 2777 1070 ipse
2801 1016 2987 1058 rerum
3019 1012 3105 1058 est
3138 1005 3384 1076 ignarus,
3414 1025 3478 1064 ac
3543 1027 3632 1066 res

2046 1088 2281 1146 ﬁliorum
2338 1101 2618 1163 supputat.
2683 1092 2824 1150 Num
2896 1097 3181 1168 sepultura
3238 1102 3306 1154 sit
3337 1100 3634 1161 donandus

2044 1179 2282 1252 ignorat,
2313 1183 2457 1240 etde
2484 1184 2798 1244 heredibus
2839 1191 3140 1245 consultat.
3176 1189 3378 1261 Stulte,
3422 1197 3634 1253 edicito

2043 1271 2179 1328 mihi
2204 1272 2369 1331 ﬁnem
2407 1284 2583 1345 tuum,
2620 1293 2686 1333 ac
2710 1288 2822 1335 tum
2859 1279 2986 1340 ﬁliis
3018 1285 3134 1340 tuis
3166 1299 3319 1341 cave.
3361 1287 3460 1344 Dic
3493 1291 3630 1347 mihi

2039 1380 2163 1435 quae
2185 1365 2351 1424 hodie
2378 1367 2565 1425 futura
2602 1370 2740 1438 sint,
2797 1387 2863 1429 ac
2897 1383 3012 1431 tum
3039 1377 3106 1433 de
3140 1379 3230 1434 die
3259 1383 3507 1438 crastino
3529 1385 3626 1440 tibi

2038 1457 2202 1515 ﬁdem
2250 1459 2486 1520 habebo.
2545 1462 2686 1532 Quid
2719 1473 2773 1522 te
2821 1468 2938 1540 ipse
2989 1471 3154 1528 etiam
3211 1485 3337 1545 post
3390 1489 3625 1536 mortem

2037 1551 2225 1608 fallis?
2253 1553 2412 1625 quid,
2439 1570 2565 1613 cum
2584 1569 2836 1616 mortuus
2858 1563 2991 1630 eris,
3027 1564 3312 1623 hominum
3369 1570 3624 1631 ludibriis

2038 1662 2237 1719 parere
2263 1649 2386 1708 vis?
2415 1651 2558 1718 Quid
2591 1655 2701 1712 Deo
2730 1671 2853 1728 quae
2887 1659 3100 1730 agenda
3126 1666 3238 1717 sint
3272 1667 3626 1733 prmseribis?

2038 1741 2170 1812 quid
2223 1745 2589 1814 providentiae
2648 1747 2824 1820 ipsius
2877 1751 3051 1824 legem
3089 1758 3474 1816 sancis?il:.ec
3522 1763 3623 1817 tibi

339 1841 657 1914 προφήτης,
683 1841 785 1896 καί
809 1842 884 1896 οὐ
918 1838 1200 1912 γινώσκει
1230 1839 1350 1894 τίνι
1376 1837 1633 1909 συνάγει
1666 1837 1839 1895 αὑτά.
1865 1837 1915 1891 Τ‹

2032 1849 2183 1892 cum
2209 1837 2326 1894 sint
2379 1855 2504 1910 quas
2535 1840 2661 1896 data
2691 1852 2826 1899 suut
2863 1821 2983 1902 tibi.
3017 1845 3151 1914 Quae
3181 1862 3308 1920 post
3336 1860 3393 1910 te
3433 1853 3624 1912 futura

336 1932 450 1988 τῶν
473 1933 724 2005 πενήτων
754 1932 832 1999 ὡς
857 1931 1114 2004 ὀρφανῶν
1138 1930 1539 2005 κατατρέχεις;
1577 1929 1631 1984 τί
1668 1927 1926 2000 αἰτούμε-

337 2041 430 2090 νος
453 2025 590 2097 παρ’
610 2024 790 2080 αὐτῶν
816 2021 1170 2097 ἀγανακτεῖς,
1213 2024 1290 2090 ὡς
1343 2022 1556 2079 οἴκοθεν
1595 2020 1924 2088 ἀναλίσκων;

337 2117 421 2173 Τὰ
445 2118 673 2192 πατρῷα
723 2117 994 2187 θέλουσιν,
1037 2116 1166 2190 οὐχὶ
1211 2117 1282 2173 τὰ
1321 2116 1428 2172 σά·
1461 2115 1530 2175 τὰ
1563 2113 1926 2172 πιστευθέντα

338 2229 424 2266 σοι
453 2211 523 2267 δι’
546 2212 770 2279 αὐτοὺς,
830 2213 926 2269 καὶ
976 2199 1101 2285 οὒχὶ
1134 2211 1276 2285 μετά
1329 2209 1428 2266 σοῦ
1471 2207 1826 2281 γεννηθέντα.
1855 2207 1925 2261 Ἀ

334 2305 552 2371 ἔλαϐες,
576 2307 687 2376 δὸς,
717 2307 815 2362 καὶ
869 2306 970 2378 τὴν
1025 2306 1224 2380 χρῆσιν
1252 2304 1537 2376 κέρδανον.
1592 2303 1780 2374 Ἀρκεῖ
1813 2319 1919 2368 σοι,

333 2400 418 2454 ὅτι
439 2399 660 2467 διδόναι,
690 2400 752 2454 οὐ
778 2399 1081 2471 λαμὸάνειν
1139 2395 1542 2471 προσετάχθης.
1578 2396 1768 2468 Ἀρκεῖ
1812 2411 1920 2463 σοι,

332 2491 418 2546 ὃτι
471 2490 562 2546 διὰ
603 2491 823 2564 πτωχοῦ
886 2493 916 2546 ό
970 2490 1105 2556 Θεὸς
1143 2491 1244 2563 τὴν
1279 2489 1463 2558 δεξιάν
1499 2506 1583 2545 σοι
1617 2489 1917 2562 προτείνει.

333 2583 560 2656 Βρέχων
627 2583 728 2656 τὴν
764 2584 856 2638 ὑπ’
903 2582 1136 2657 οὐρανὸν
1169 2580 1373 2655 χαλκοῦ
1403 2581 1616 2652 ψεκάδα
1653 2599 1714 2637 σε
1749 2598 1922 2654 προσ-

332 2679 498 2732 αιτεί.
517 2677 574 2730 '0
596 2677 835 2750 βροντῶν
855 2677 952 2732 καὶ
973 2676 1322 2749 ἀστράπτων,
1337 2673 1618 2746 Ἐλέησον,
1644 2675 1730 2729 σο)⁸
1747 2673 1917 2748 λέγει.

342 2769 407 2823 '0
439 2768 785 2841 περιϐάλλων
806 2768 900 2823 τὸν
961 2769 1195 2840 οὐρανὸν
1248 2768 1523 2839 νεφέλαις,
1550 2766 1743 2839 ῥάκιον
1776 2769 1921 2824 αίτεϊ

331 2862 485 2936 παρά
520 2861 638 2938 σοῦ.
674 2862 866 2940 Ἀρκεί
922 2879 1027 2927 σοι,
1070 2863 1152 2917 ὅτι
1199 2861 1250 2916 οί
1304 2861 1541 2933 πένητες
1570 2860 1646 2924 ὼς
1691 2860 1826 2914 Θεόν
1858 2875 1917 2913 σε

327 2939 678 3011 λιτανεύουσι
733 2939 839 3012 καὶ
902 2955 1237 3010 ἱκετεύουσιν
1287 2971 1302 2985 ο
1370 2952 1690 3025 Οίκτίρμων
1759 2951 1918 3022 ἐλέη-

330 3067 428 3104 σον
455 3066 473 3084 ·
501 3049 755 3122 ιλεήμων
783 3048 1075 3122 οίκτειρον.
1093 3047 1168 3102 Σὺ
1197 3047 1253 3101 δὲ
1271 3045 1371 3111 τὰς
1401 3044 1611 3118 ὀφρύας
1641 3044 1912 3116 ἀνασπᾴς,

2033 1940 2187 1998 sunt,
2220 1930 2290 1986 ad
2310 1939 2364 1989 te
2381 1932 2522 1988 nihil
2546 1934 2806 1993 attinent.
2837 1935 2955 1994 Non
2991 1950 3150 2011 potes
3171 1944 3358 2015 simul,
3387 1959 3444 2004 et
3473 1966 3622 2006 mor-

2034 2029 2164 2078 tuus
2207 2037 2357 2092 esse,
2389 2031 2446 2081 et
2475 2024 2721 2084 viventes
2769 2044 3098 2100 procurare.
3145 2033 3318 2094 Nemo
3368 2057 3613 2113 unquam

2032 2129 2096 2170 ex
2152 2114 2222 2172 iis
2268 2117 2362 2188 qui
2407 2118 2465 2174 in
2515 2118 2734 2177 inferno
2784 2133 2938 2190 sunt,
3005 2141 3194 2184 eorum
3237 2133 3330 2202 qui
3385 2134 3440 2189 in
3474 2145 3621 2194 terra

2033 2212 2222 2278 agunt,
2271 2216 2424 2266 tutor
2466 2213 2704 2270 exstitit.
2764 2214 2923 2274 Unus
2952 2230 3035 2276 est
3073 2221 3323 2280 vivorum
3371 2237 3428 2284 et
3473 2244 3622 2286 mor-

2031 2309 2248 2354 tuorum
2273 2300 2464 2372 judex,
2487 2319 2552 2361 ac
2571 2306 2782 2377 jurium
2806 2311 3246 2387 uniuscujusque
3259 2321 3617 2389 ponderator.

2032 2388 2402 2485 Thes—auriam,
2423 2395 2603 2468 inquit
2625 2395 2920 2472 Propheta,
2939 2413 2989 2460 et
3006 2406 3216 2477 ignorat
3237 2388 3324 2465 cui
3344 2426 3620 2485 congreget

2027 2496 2090 2574 ea
2114 2480 2285 2556 (Psat.
2307 2501 2536 2552 xxxviii,
2554 2488 2634 2559 7).
2649 2486 2789 2555 Quid
2803 2506 3075 2565 pauperes
3101 2505 3360 2570 tanquam
3379 2480 3617 2574 pupillos

2027 2573 2365 2634 insectaris?
2399 2577 2570 2648 Quid,
2628 2596 2757 2638 cum
2784 2584 2990 2658 aliquid
3011 2605 3040 2644 a
3071 2596 3126 2646 te
3149 2599 3364 2662 petunt,
3404 2573 3616 2655 stoma-

2026 2667 2236 2738 charis,
2265 2686 2330 2728 ac
2356 2673 2404 2730 si
2427 2673 2496 2731 de
2528 2681 2625 2732 tuo
2656 2677 2941 2738 insumus?
2979 2680 3219 2742 Paterna
3251 2688 3465 2757 vo'unt,
3500 2708 3611 2748 non

2027 2770 2152 2831 tua;
2181 2779 2246 2821 ea
2302 2779 2427 2838 qua
2477 2767 2603 2825 ﬁdei
2647 2779 2757 2828 tuae
2820 2777 3124 2834 commissa
3164 2791 3315 2847 sunt,
3346 2799 3458 2840 non
3489 2802 3613 2857 quae

2026 2863 2206 2911 tecum
2255 2866 2407 2915 nata.
2465 2861 2544 2919 Da
2603 2879 2728 2934 quae
2777 2868 3045 2939 accepisti
3081 2879 3135 2927 et
3166 2887 3234 2928 ex
3266 2888 3459 2932 eorum
3502 2893 3610 2935 usu

2021 2948 2464 3010 emolumentum
2502 2956 2604 3012 tibi
2645 2958 2908 3016 concilia.
2957 2961 3168 3020 Sufﬁcit
3204 2965 3304 3022 tibi
3335 2969 3483 3039 quod
3509 2969 3612 3026 da-

2024 3055 2105 3137 re,
2164 3059 2276 3100 non
2331 3048 2589 3121 accipere
2630 3051 2827 3124 jussus
2858 3054 2960 3112 sis.
3008 3054 3158 3116 Satis
3181 3061 3256 3117 sit
3306 3061 3408 3118 tibi
3455 3067 3607 3137 quod

326 3141 428 3196 καὶ
462 3139 622 3212 μόγις
653 3138 1073 3211 λιτανευόμενος
1100 3137 1446 3210 ὲπικάμπτῃ.
1489 3134 1592 3199 Δδς
1631 3135 1816 3200 αὐτοῖς
1843 3133 1913 3226 τά

2024 3131 2178 3197 Deus
2223 3153 2324 3209 per
2357 3156 2654 3215 pauperem
2699 3145 2922 3203 manum
2959 3149 3041 3204 ad.
3066 3159 3118 3208 te
3163 3131 3608 3226 protenditIQui

327 3233 531 3299 αὐτῶν,
575 3232 708 3305 πρὶν
732 3234 964 3306 ἑπιστῇς
1022 3229 1101 3303 τῷ
1128 3229 1448 3301 λογοθεσίῳ.
1489 3228 1590 3292 Δδς
1629 3228 1814 3292 αὐτοῖς
1844 3225 1915 3282 τὰ

2023 3234 2227 3286 terram
2249 3232 2426 3292 imbre
2455 3236 2726 3308 infundit,
2750 3243 2997 3312 guttulas
3023 3214 3277 3305 aeris-abs
3309 3256 3363 3304 te
3376 3214 3608 3323 suppiex

326 3328 539 3383 αὐτῶνθ
573 3326 788 3400 πατέρα
810 3327 998 3396 έχουσι
1015 3323 1264 3396 βασιλέα.
1283 3321 1380 3387 Δδς
1401 3321 1585 3386 αὐτοῖς
1608 3321 1678 3376 τὰ
1710 3321 1912 3388 αὐτῶν,

2025 3324 2230 3394 poscit.
2264 3326 2372 3396 Qui
2416 3338 2569 3388 tonat
2599 3346 2654 3390 et
2684 3334 2955 3408 fulgurat,
2981 3340 3425 3402 misericordiam
3448 3321 3607 3404 tuam

325 3423 422 3476 καὶ
453 3419 585 3476 λάϐε
612 3419 762 3492 παρὰ
793 3419 888 3475 τοῦ
919 3418 1125 3490 πατρὸς
1147 3416 1330 3472 αὐτῶν
1363 3413 1720 3488 ἀμεριμνίαν.
1739 3413 1914 3507 ΔΠοίαν

2021 3416 2301 3487 implorat.
2346 3421 2455 3492 Qui
2515 3427 2760 3485 nubibus
2817 3433 3019 3490 cmlum
3075 3437 3277 3507 operit,
3308 3440 3523 3498 vilema
3555 3452 3610 3498 te

327 3514 687 3587 ἀμεριμνίαν,
719 3513 924 3584 φησίν;
958 3511 1087 3581 Ἐφ’
1119 3510 1275 3566 ὅσον
1289 3508 1626 3576 ἐποιήσατε
1660 3504 1754 3560 ἐνὶ
1779 3508 1914 3561 τού-

2022 3523 2268 3580 pannum
2324 3517 2594 3585 postulat.
2629 3519 2779 3578 Satis
2843 3525 2944 3580 tibi
2977 3504 3130 3583 esse—
3162 3504 3326 3586 debet
3375 3533 3523 3602 quod
3554 3541 3609 3589 te

324 3624 446 3663 των
496 3607 614 3663 τῶν
667 3607 1034 3677 ἐλαχίστων,
1082 3604 1214 3676 ἐμοὶ
1257 3602 1614 3672 ἐποιήσατε.
1686 3597 1750 3654 'O
1804 3599 1913 3671 γὰρ

2021 3617 2294 3673 pauperes
2319 3608 2396 3666 uti
2424 3610 2592 3666 Deum
2626 3623 2825 3684 rogant
2853 3623 2908 3670 et
2929 3617 3258 3676 obsecrant:
3289 3597 3607 3681 Misericors

322 3701 516 3756 ἐλεῶν
553 3699 817 3771 πτωχόν,
850 3697 1102 3760 δανείζει
1146 3696 1289 3764 Θεῷ,
1339 3695 1510 3768 φησὶν
1535 3695 1564 3748 ό
1594 3692 1902 3764 προφήτης.

2020 3694 2308 3768 miserere;
2348 3702 2664 3772 miserator,
2708 3715 2761 3761 te
2807 3712 2984 3765 nostri
3017 3712 3298 3771 misereat.
3350 3714 3431 3771 Tu
3475 3733 3607 3773 vero

323 3790 692 3867 supercilium
743 3793 977 3873 attollis,
998 3808 1062 3849 ac
1115 3793 1206 3848 vix
1243 3790 1376 3848 ullis
1397 3788 1659 3865 precibus
1687 3784 2008 3841 inﬂecteris.
2045 3785 2253 3846 Tribue
2286 3792 2423 3865 ipsis
2462 3811 2586 3868 quae
2619 3813 2719 3854 sua
2742 3812 2890 3869 sunt,
2923 3813 3216 3876 antequam
3253 3808 3368 3866 illic
3398 3810 3477 3867 sis
3511 3808 3603 3866 ubi

323 3892 648 3950 referendas
671 3891 912 3948 rationes
949 3890 1138 3945 habes.
1163 3888 1372 3944 Tribue
1398 3887 1536 3958 ipsis
1567 3899 1690 3957 quae
1711 3898 1814 3977 sua
1843 3889 1974 3937 sunt
2001 3900 2014 3948 ;
2041 3899 2166 3940 nam
2198 3884 2415 3945 Patrem
2446 3893 2652 3953 habent
2673 3910 2878 3967 regem.
2910 3900 2984 3954 Da
3017 3902 3155 3974 ipsis
3175 3920 3296 3977 quae
3326 3921 3425 3962 sua
3450 3917 3600 3974 sunt,

319 3999 376 4044 et
409 3990 478 4043 ab
516 3999 708 4043 eorum
748 3985 909 4042 Patre
940 3985 1184 4050 animum
1216 3983 1284 4039 ab
1304 3979 1679 4040 sollicitudine
1708 3976 1940 4033 liberum
1974 3977 2186 4049 accipe.
2218 3979 2393 4049 Quem
2433 3987 2567 4046 mihi
2596 3988 2842 4048 animum
2869 3993 3019 4050 curis
3045 3976 3360 4069 exemptum
3385 4014 3601 4062 narras,

322 4088 544 4157 inquit?
574 4085 850 4156 Quodumi
885 4099 952 4140 ea:
986 4081 1220 4137 minimis
1247 4082 1376 4135 meis
1415 4078 1643 4149 fecistis,
1695 4074 1826 4129 mihi
1855 4073 2058 4143 fecistis
2108 4075 2348 4147 (Matt/1.
2380 4098 2509 4150 xxv,
2568 4083 2701 4155 40).
2749 4084 2885 4142 Nam
2921 4089 3198 4158 [euerritur
3243 4091 3375 4160 Deo,
3425 4094 3603 4165 inquit

317 4180 612 4252 propheta,
643 4178 735 4248 qui
767 4177 1048 4230 miseretur
1095 4171 1346 4244 pauperis
1368 4168 1564 4242 (Prov.
1600 4181 1717 4232 six,
1745 4165 1867 4237 17).

393 4271 565 4324 Ἴδετε
601 4268 692 4322 τὸν
715 4265 968 4332 πλοῦτον,
990 4265 1082 4320 τὸν
1117 4261 1398 4335 δραπέτην
1420 4277 1435 4290 ·
1464 4259 1526 4315 οὐ
1547 4258 1830 4332 δραπέτην
1855 4257 1915 4312 δὲ

2025 4270 2387 4365 JFjusdem,
2449 4279 2650 4341 Euarr.
2710 4288 2766 4343 in
2823 4288 2976 4344 Psal.
3038 4304 3186 4355 xciv,
3249 4291 3313 4347 de
3367 4291 3597 4365 Eutrop.

327 4363 514 4435 μόνον,
541 4360 681 4415 ἀλλά
736 4360 832 4414 καὶ
865 4357 1216 4430 ἀνδροφόνον.
1246 4356 1323 4410 Οὐ
1351 4355 1460 4428 γάρ
1505 4351 1912 4424 καταλιμπάνει

2020 4361 2317 4431 {Nonnihil
2376 4372 2596 4434 diversa
2625 4381 2693 4436 ab
2728 4382 2957 4455 editis.)
2988 4412 3059 4424 --
3081 4351 3279 4441 Videte
3345 4351 3595 4454 divitias.

321 4457 485 4529 μόνον
516 4455 644 4520 τοὺς
677 4454 902 4526 ἔχοντας
931 4451 1120 4518 αὑτὸν,
1149 4450 1287 4506 ἀλλά
1316 4450 1412 4506 καὶ
1443 4449 1641 4520 σφάζει
1679 4446 1901 4511 αὐτούς.

316 4550 510 4604 Πίστιν
537 4546 649 4618 γὰρ
678 4547 779 4601 οὐκ
808 4546 943 4618 ἔχει.
973 4544 1174 4617 Θηρίον
1193 4543 1344 4598 ἐστὶν
1367 4543 1395 4596 ό
1417 4540 1646 4606 πλοῦτος
1669 4539 1896 4595 ίοϐόλοψ

312 4642 410 4698 ἐὰν
462 4640 788 4711 κατέχεται,
845 4638 1082 4708 φεύγει’
1127 4635 1224 4690 ἐὰν
1283 4634 1668 4707 σκορπίζεται,
1719 4650 1898 4704 παρα-

313 4737 489 4809 μένει.
531 4735 955 4804 Ἐσκόρπισεν,
997 4733 1226 4788 ἔδωκεν
1251 4731 1377 4799 τοῖς
1415 4730 1678 4798 πένησιν
1697 4743 1716 4767 ⁸-
1743 4728 1782 4797 ὴ
1811 4727 1897 4782 δι-

309 4829 610 4903 καιοσρνη
639 4828 828 4884 αὑτοῦ
855 4828 1025 4897 μένει
1057 4829 1143 4892 είς
1170 4827 1278 4880 τόν
1306 4825 1494 4879 αἰῶνα
1516 4823 1624 4878 τοῦ
1658 4819 1891 4888 αἰῶνος.

309 4923 619 4993 Σκόρπισον
652 4915 746 4975 οὖν
777 4920 964 4988 αὑτὸν,
996 4919 1085 4973 ἵνα
1124 4919 1284 4993 μένῃ.
1316 4916 1700 4989 Θησαυρίσατε
1731 4913 1894 4967 αὐτὸν

306 5014 368 5067 έν
388 5016 500 5077 τοῖς
523 5013 800 5085 οὐρανοῖς,
833 5012 970 5066 ὅπου
999 5009 1245 5082 κλέπτης
1268 5009 1370 5063 οὐκ
1392 5009 1624 5078 ἐγγίζει,
1647 5005 1769 5060 οὐδὲ
1794 5004 1894 5076 σὴς

305 5106 638 5178 διαφθείρει.
679 5106 789 5159 Ποῦ
819 5105 871 5158 οἱ
918 5105 1329 5175 πλουτήσαντες
1366 5103 1474 5172 πρὸ
1517 5100 1714 5173 ἠμῶν;
1763 5099 1891 5168 ἐλη-

306 5199 680 5272 σμονήθησαν.
723 5199 926 5263 Ἡδέως
954 5199 1021 5253 ἀν
1055 5198 1287 5270 ἐροίμην
1320 5197 1448 5261 τοὺς
1493 5194 1888 5260 ἀποθανόντας,

259 5352 262 5354 ,
304 5293 647 5364 καὶίῆρώτων
663 5291 882 5358 αὐτούς’
904 5291 1013 5346 Ποῦ
1035 5292 1064 5345 ό
1083 5290 1334 5356 πλοῦτος,
1348 5290 1444 5344 καὶ⁵
1464 5290 1514 5345 οί
1534 5287 1885 5360 στρατιῶται,

302 5383 492 5438 καὶτὰ
517 5381 646 5454 ξίφη
676 5383 746 5436 τὰ
776 5383 1164 5455 ἀστράπτοντα
1199 5384 1264 5435 ὲκ
1281 5381 1380 5452 τῆς
1412 5381 1648 5447 ἀκόνης;
1679 5377 1790 5432 Ποῦ
1817 5378 1886 5432 τὰ

299 5475 708 5550 ἀργυρώματα,
741 5478 835 5532 καὶ
862 5476 920 5531 αἱ
952 5476 1128 5531 κλῖναι
1154 5475 1212 5529 αἱ
1246 5475 1520 5546 ἀργυραῖ;
1542 5471 1645 5527 ποῦ
1669 5473 1718 5527 oi
1740 5473 1886 5527 οίκέν

217 5603 222 5606 -
298 5587 422 5636 ται;
449 5569 552 5624 ποῦ
576 5571 626 5624 οἱ
656 5569 936 5643 εὐνοῦχοι;
963 5568 1066 5626 ποῦ
1091 5570 1142 5623 oi
1163 5569 1345 5639 φίλοις
1371 5567 1472 5622 ποῦ
1501 5569 1559 5621 αἱ
1587 5567 1757 5622 οἰκίαι
1781 5584 1796 5634 ;
1819 5567 1885 5620 Τί

298 5663 553 5736 κατέχεις
599 5663 830 5720 πλοῦτον
863 5665 957 5719 τὸν
1005 5666 1064 5718 ὲν
1106 5663 1286 5736 καιρῷ
1336 5663 1584 5731 ἀνάγκης
1628 5662 1782 5717 οὐδέν
1822 5679 1882 5716 σε

297 5759 648 5830 ὠφελοῦντας
675 5758 816 5828 Ἐγὼ
836 5758 897 5813 οὒ
919 5758 1260 5829 κεκόλλημαι
1279 5758 1394 5820 τοῖς
1423 5755 1698 5821 πλουσίοις
1714 5797 1728 5821 ,
1747 5755 1883 5812 ἀλλά

298 5854 415 5917 τοῖς
445 5852 634 5918 κακῶς
663 5851 742 5921 τῷ
794 5849 1015 5922 πλούτῳ
1054 5849 1442 5921 κεχρημένοις.
1474 5848 1550 5903 Οὐ
1595 5851 1686 5905 τὸν
1717 5849 1881 5906 πλού-

620 5945 895 6033 Ϊ³Ατιιοιη
938 5971 1056 6035 Gn.
1095 5951 1278 6035 XCV.

2007 4452 2175 4551 huic.
2224 4461 2474 4534 inquam,
2533 4469 2822 4543 fugitivum
2881 4490 3142 4543 servum;
3174 4493 3275 4533 nec
3296 4478 3593 4551 fugitivum

2007 4548 2194 4615 modo,
2226 4554 2319 4609 sed
2340 4566 2396 4613 et
2422 4557 2784 4618 homicidam.
2806 4563 2993 4637 Neque
3009 4572 3156 4626 enim
3183 4584 3318 4625 suos
3353 4548 3595 4627 tantum-

2004 4642 2169 4698 modo
2247 4645 2499 4710 dominos
2570 4655 2838 4713 deserit:
2900 4661 2996 4716 sed
3050 4662 3218 4717 etiam
3269 4664 3587 4720 obtruncat.

1998 4732 2160 4791 Nulla
2187 4741 2394 4813 quippe
2416 4745 2522 4817 ipsi
2565 4748 2700 4807 ﬁdes
2741 4752 2905 4808 inest.
2956 4753 3168 4810 Divitiae
3225 4757 3467 4812 veneﬁca
3496 4758 3589 4814 be-

1997 4829 2100 4881 Stia
2125 4841 2274 4888 sunt.
2302 4834 2438 4891 Cum
2479 4848 2759 4910 tenentur,
2786 4843 3040 4916 fugiunt;
3073 4862 3198 4906 cum
3228 4860 3584 4918 sparguntur,

1997 4935 2304 4983 remanent.
2365 4929 2653 5002 Dispersit,
2685 4940 2832 4994 enim
2863 4940 3042 5009 inquit
3070 4941 3184 5006 ille,
3220 4940 3366 4996 dedit
3386 4959 3584 5012 paupe-

1995 5013 2144 5071 ribus
2185 5032 2205 5070 :
2227 5020 2449 5089 justitia
2475 5028 2590 5097 ejus
2611 5042 2786 5086 manet
2807 5037 2860 5088 in
2882 5033 3134 5089 sarculum
3170 5035 3356 5089 swculi
3396 5035 3578 5107 (Psal.

1993 5119 2104 5173 cxi,
2137 5108 2231 5180 9).
2267 5110 2378 5170 Has
2412 5132 2541 5190 ergo
2601 5120 2874 5195 disperge,
2913 5133 2975 5179 ut
3024 5134 3302 5180 maneant.
3335 5125 3392 5180 In
3424 5128 3582 5182 caelis

1991 5214 2087 5257 eas
2121 5203 2458 5276 thesauriza,
2492 5211 2584 5266 ubi
2616 5214 2708 5282 fur
2743 5231 2848 5270 non
2879 5219 3186 5288 appropiat,
3228 5235 3392 5288 neque
3432 5220 3574 5274 tinea

1991 5299 2286 5366 corrumpit
2309 5302 2329 5370 (
2353 5298 2484 5356 Luc.
2520 5319 2613 5358 xu.
2644 5307 2714 5362 33
2736 5309 2775 5377 ).
2807 5306 2909 5364 Ubi
2944 5318 3077 5366 sunt
3100 5310 3176 5365 illi
3206 5312 3454 5380 opulenti
3476 5316 3573 5383 qui

1992 5395 2121 5442 ante
2174 5404 2278 5447 nos
2303 5389 2566 5450 fuerunt?
2619 5397 2899 5457 oblivione
2951 5402 3136 5457 obruti
3167 5411 3317 5458 sunt.
3353 5401 3575 5458 Lubens

1989 5490 2171 5538 autem
2199 5499 2265 5540 ex
2301 5485 2368 5542 iis
2424 5491 2516 5559 qui
2553 5491 2932 5561 decesserunt,
2992 5511 3300 5566 quaererem
3347 5512 3412 5551 ac
3459 5499 3572 5552 sci-

1987 5573 2219 5631 scitarer
2262 5577 2355 5633 ubi
2391 5595 2580 5637 eorum
2618 5599 2750 5655 opes
2779 5587 2910 5652 siut,
2946 5587 3034 5641 ubi
3076 5588 3341 5645 militares
3375 5590 3566 5659 copim,

1986 5674 2038 5720 et
2072 5664 2342 5737 fulgentes
2371 5674 2600 5744 cuspide
2633 5693 2731 5733 sua
2783 5679 2951 5749 gladii
2981 5697 2995 5745 ;
3035 5680 3126 5735 ubi
3164 5695 3297 5736 vasa
3359 5697 3554 5752 argen-

1987 5770 2093 5823 tea,
2125 5768 2180 5815 et
2217 5761 2341 5817 lecti
2401 5771 2681 5839 argentei;
2725 5771 2820 5826 ubi
2854 5771 3070 5836 famuli,
3115 5774 3208 5828 ubi
3261 5774 3556 5844 spadones,

1984 5852 2076 5907 ubi
2312 5859 2500 5924 amici,
2529 5863 2618 5919 ubi
2656 5866 2823 5923 πόρε.
2853 5864 2994 5932 Quid
3025 5866 3250 5924 divitias
3282 5869 3554 5938 contines,

3003 5983 3073 6059 48
