4020 6262
585 371 723 441 i519

1825 379 1883 446 S.
1904 380 2228 457 IOANNIS
2261 387 2696 452 DAMASCENI

3687 397 3792 467 nu

576 498 723 560 geat,
758 488 855 560 qui
899 505 1084 547 rerum
1118 491 1563 565 procurationem
1599 507 1791 550 secum
1825 492 2147 568 suscipiant.

2265 504 2612 574 περιουσίαν,
2638 502 2756 560 ἀλλ’
2783 505 2832 560 εί
2865 505 3031 566 πλέον
3053 526 3106 565 τι
3129 510 3228 584 τῆς
3242 511 3458 586 πολλῆς
3486 512 3671 589 ταύτης
3688 516 3794 572 ἁπο-

578 581 709 649 Quae
733 597 858 638 cum
883 582 957 638 ita
981 581 1118 650 sint,
1153 598 1223 640 ne
1245 584 1349 641 hoc
1392 585 1765 656 perspexeris,
1790 584 1944 658 quod
1973 585 2173 660 ingen-

576 683 686 730 tem
741 674 1110 733 substantiam
1178 676 1399 748 habeat,
1469 677 1570 737 sed
1626 693 1697 736 an
1727 694 1793 737 ex
1826 679 1930 738 bac
1956 679 2168 753 ingenti

574 767 730 839 copia
763 768 1108 841 perfruatur.

646 860 840 933 Ejusd.
869 861 1075 931 --'Qui
1125 863 1376 920 molliter
1420 873 1475 920 et
1523 863 1761 923 delicate
1795 864 1955 934 vixit,
2008 880 2074 921 ac
2103 879 2166 922 se

575 964 751 1013 totum
807 956 977 1028 hujus
1013 957 1140 1014 vitae
1172 957 1340 1014 rebus
1365 956 1560 1024 amxit,
1586 972 1717 1013 cum
1744 957 1815 1013 ab
1838 956 1910 1014 iis
1937 957 2162 1014 abstra-

574 1048 724 1105 hitur
756 1056 812 1105 et
870 1048 1238 1123 disiungitur,
1296 1050 1431 1107 hinc
1476 1049 1706 1123 gravius
1765 1049 2161 1123 discruciatur,

573 1142 864 1215 magisque
914 1140 1231 1217 ingemiscit
1276 1149 1333 1199 et
1398 1142 1761 1201 lamentatur.
1820 1143 1894 1200 At
1951 1158 2163 1217 pauper

571 1250 683 1291 non
738 1236 906 1306 item;
943 1235 1043 1292 sed
1094 1250 1221 1292 cum
1277 1235 1557 1306 superiori
1604 1243 1856 1307 tempore
1919 1236 2160 1292 multum

568 1326 772 1401 diuque
801 1329 874 1385 sit
907 1326 1360 1400 philosophatus,
1420 1341 1531 1383 non
1567 1327 1687 1400 pari
1719 1326 1896 1384 animi
1919 1343 2160 1386 maerore

569 1431 802 1479 mortem
867 1421 1161 1495 suscipiet.
1193 1420 1274 1478 Ac
1314 1423 1434 1494 ipsa
1459 1420 1715 1493 proinde,
1739 1421 2156 1493 sivepraascns.

566 1515 687 1572 sive
748 1514 804 1572 in
833 1515 1246 1588 exspectatione
1304 1515 1485 1588 posita
1539 1514 1636 1583 sit,
1691 1513 1964 1587 majorem
2026 1516 2156 1571 huic

569 1620 734 1678 quam
760 1605 840 1662 illi
862 1613 1135 1663 terrorem
1166 1606 1389 1663 incutit.

638 1700 800 1772 502
835 1698 896 1756 S.
921 1697 1115 1772 ομνια.
1144 1731 1217 1742 -
1241 1697 1388 1756 Sane
1411 1699 1460 1756 is
1496 1696 1591 1770 qui
1621 1697 1865 1765 laeditur,
1897 1711 2015 1770 pra:
2045 1697 2153 1753 tri-

566 1795 717 1854 stitia
763 1793 989 1867 quidem
1031 1792 1406 1850 incenditur:
1445 1807 1572 1849 cum
1635 1800 1826 1848 autem
1865 1799 2149 1862 acceptam

566 1887 833 1958 injuriam
895 1885 1117 1952 ulcisci,
1149 1893 1245 1941 aut
1277 1900 1379 1958 par
1427 1883 1638 1941 referre
1669 1899 1780 1940 non
1811 1883 2014 1956 possit,
2063 1883 2150 1939 in-

564 1980 781 2037 terdum
819 1979 1032 2036 idcirco
1068 1977 1267 2035 divina:
1317 1977 1550 2050 justitia:
1587 1977 1842 2033 aculeum
1877 1976 1933 2032 in
1962 1975 2152 2034 subsi-

564 2074 716 2130 dium
771 2079 957 2130 vocat.

635 2189 696 2245 S.
719 2185 974 2243 Maximi.
1015 2184 1278 2244 —Nemo
1331 2183 1735 2257 ﬂagitiosorum
1790 2193 1899 2254 est,
1951 2184 2048 2259 qui
2097 2185 2152 2242 id

561 2281 708 2354 quod
740 2281 886 2353 juris
916 2279 990 2337 sit
1015 2294 1141 2336 esse
1161 2277 1370 2335 malum
1401 2292 1510 2334 non
1542 2278 1862 2334 arbitretur.

602 2387 604 2390 ’
632 2395 692 2454 S.
711 2395 1127 2454 Clemeut.orat.
1151 2411 1175 2448 ‹
1201 2393 1332 2462 Quis
1356 2392 1496 2449 diues
1524 2392 1812 2449 mirandus
1841 2393 1933 2460 sit,
1961 2411 1982 2446 ι
2013 2392 2151 2466 511.

559 2517 632 2532 --
661 2486 847 2545 Vende
877 2501 1003 2560 qua
1024 2486 1217 2543 habes.
1244 2485 1386 2555 Quid
1415 2493 1499 2542 est
1535 2484 1894 2556 quamobrem
1922 2485 2150 2556 quidam

560 2597 671 2639 non
729 2588 984 2655 prompto
1021 2579 1208 2636 animo
1257 2579 1364 2635 hoc
1418 2576 1747 2649 suscipiant,
1777 2583 1834 2632 ut
1863 2575 2150 2633 facultates

561 2689 696 2732 suas
761 2672 1047 2746 abjiciant,
1087 2680 1256 2744 atque
1312 2669 1568 2728 affectum
1629 2683 1843 2738 earum,
1895 2669 2150 2727 immodi-

559 2781 797 2839 camque
827 2765 1203 2838 cupiditatem,
1235 2777 1458 2821 necnon
1491 2761 1710 2834 vigilias
1747 2760 1802 2817 in
1837 2761 1909 2820 iis
1936 2778 2148 2836 augen-

558 2860 669 2927 dis,
703 2858 952 2928 morbos,
1000 2871 1187 2928 curas,
1223 2864 1280 2913 et
1300 2855 1494 2929 spinas
1539 2854 1686 2921 vita,
1719 2852 1925 2924 quibus
1955 2869 2147 2914 semen

556 2953 889 3012 suil‘ocatur.

627 3069 687 3127 S.
724 3069 866 3127 Nili.
889 3100 959 3111 —
988 3064 1244 3141 Magnum
1305 3065 1376 3123 iis
1407 3064 1505 3138 qui
1535 3064 1727 3122 virtuti
1755 3063 2148 3136 comparandas

2269 592 2450 652 λαύει.

2344 865 2405 922 '0
2456 869 2990 943 καταμαλακισθεὶς,
3052 876 3147 931 καὶ
3180 879 3295 946 τοῖς
3331 879 3596 953 παροῦσιν
3637 883 3801 940 homo

2263 961 2650 1034 προσηλώσας,
2682 965 3085 1036 ἀποσπώμενος
3115 972 3210 1026 καὶ
3241 959 3624 1047 χωριζόμενος,
3654 977 3802 1048 μειζό-

2260 1072 2369 1122 νως
2394 1057 2676 1126 δάκνεται,
2704 1063 2799 1119 καὶ
2823 1064 3030 1136 μᾶλλον
3053 1065 3310 1139 ὀδύρεται
3335 1071 3433 1125 καὶ
3463 1070 3659 1144 θρηνεῖ.
3690 1075 3738 1128 '0
3757 1075 3804 1128 δὲ

2261 1151 2435 1224 πένης
2464 1152 2565 1227 οὐχ
2620 1154 2822 1224 οὕτως,
2865 1158 3004 1215 ἀλλά
3054 1160 3230 1217 πολλά
3282 1164 3646 1238 φιλοσοφήσας
3689 1171 3803 1224 κατὰ

2258 1244 2352 1300 τὸν
2377 1246 2692 1322 ἔμπροσθεν
2713 1251 2932 1323 χρόνον,
2958 1253 3022 1308 ού
3049 1256 3190 1327 μετὰ
3211 1257 3487 1331 τοσαύτης
3509 1258 3701 1328 δέξεται
3723 1261 3807 1332 τῆς

2259 1337 2501 1413 ἀθυμίας
2531 1342 2626 1398 τὸν
2679 1343 2936 1411 θάνατον.
2963 1346 3104 1402 ὥστε
3155 1350 3252 1405 καὶ
3289 1351 3507 1423 παρὼν,
3537 1354 3625 1406 καὶ
3662 1369 3806 1425 προσ-

2256 1429 2590 1505 δοκώμενος,
2621 1436 2818 1510 ἐκείνῳ
2845 1438 3050 1510 μᾶλλόν
3078 1443 3195 1499 ἐστι
3224 1443 3516 1518 φοϐερὸςῆ
3549 1445 3725 1517 τούτῳ.

2324 1696 2555 1765 Πάντως
2578 1701 2608 1756 ὁ
2638 1701 3018 1777 ἀδικούμενος,
3050 1707 3459 1780 καταφλέγεται
3491 1707 3590 1782 μὲν
3615 1708 3713 1764 ὕπὸ
3737 1708 3808 1764 λύ-

2253 1806 2387 1862 πης.
2419 1791 2735 1864 ἀμύνασθαι
2756 1795 2815 1851 δὲ
2839 1798 2942 1853 οὐκ
2966 1797 3131 1871 ἔχων,
3157 1799 3190 1873 ἢ
3222 1800 3312 1858 διὰ
3341 1802 3455 1856 τῶν
3484 1803 3611 1857 ίσων
3637 1801 3807 1868 ἐλθεῖν,

2179 1865 2225 1926 Β
2251 1879 2366 1935 ἔσθ’
2396 1884 2486 1938 ὅτε
2509 1885 2597 1940 διά
2617 1886 2782 1943 τοῦτο
2808 1891 2908 1964 τῆς
2931 1865 3142 1947 ἄνωθεν
3167 1865 3327 1965 δίκης
3348 1893 3410 1948 τὸ
3429 1893 3651 1966 κέντρον
3679 1865 3812 1948 καλεῖ

2254 1974 2393 2049 πρὸς
2423 1979 2771 2055 ἐπικουρίαν.

2325 2181 2579 2254 Πέφυκεν
2607 2185 2840 2252 ἕκαστος
2866 2184 2981 2242 τῶν
3016 2186 3345 2263 κακουργῶν
3389 2186 3627 2263 ἀνδρῶν,
3664 2189 3721 2243 τδ
3754 2187 3814 2242 δία

2253 2289 2410 2331 καιον
2443 2271 2584 2332 εἶναι
2613 2277 2859 2351 νομίζειν
2892 2279 3086 2339 κακόν.

2323 2389 2588 2462 Πὼλησόν
2618 2409 2715 2450 σου
2755 2392 2828 2449 τά
2853 2395 3194 2468 ὑπάρχοντα.
3229 2395 3299 2452 Τί
3329 2397 3392 2452 οὐ
3418 2396 3721 2470 προχείρως
3745 2394 3816 2450 δέ·

2251 2485 2440 2556 χονταί
2467 2501 2615 2552 τινες
2637 2484 2742 2560 τὴν
2780 2486 3135 2561 ὑπάρχουσαν
3163 2488 3355 2544 οὐσίαν
3384 2489 3710 2562 ἀπορρίψω,
3730 2487 3815 2557 τὴν

2251 2575 2391 2648 πρὸς
2419 2578 2561 2633 αὐτά
2611 2577 2983 2652 συμπάθειαν,
3020 2581 3123 2655 τὴν
3175 2582 3467 2656 ὑπεράγαν
3517 2582 3814 2654 ἐπιθυμίαν,

2248 2669 2350 2743 τὴν
2370 2670 2502 2743 περὶ
2521 2670 2696 2744 αὐτὴν
2720 2672 3052 2746 ἀγρυπνίαν,
3078 2674 3183 2748 τὴν
3211 2675 3388 2742 νόσον,
3412 2674 3516 2740 τὰς
3545 2673 3815 2747 μερίμνας.

2245 2763 2350 2829 τὰς
2378 2763 2626 2831 ἀκάνθας
2650 2765 2746 2821 τοῦ
2779 2765 2924 2840 βίου,
2953 2768 3012 2823 at
3036 2767 3098 2823 τὸ
3126 2767 3363 2843 ,σπέρμα
3398 2769 3503 2841 τῆς
3536 2767 3681 2838 ζωῆς
3706 2783 3818 2839 συμ·

2250 2856 2538 2929 πνίγουσιν
2555 2875 2574 2928 ;

2318 3064 2480 3136 Μέγα
2522 3065 2640 3132 τοῖς
2669 3065 2809 3140 πρός
2837 3067 3050 3142 ἀρετὴν
3094 3067 3476 3140 ἐπειγομένοις
3509 3067 3759 3142 ἐμπόδιον
3786 3067 3816 3136 ἡ

539 3143 805 3222 ἐιυιιοιιι.
826 3160 1281 3234 impedimentum
1303 3156 1461 3216 aﬂert
1484 3166 1860 3230 praeposterus
1884 3157 1979 3215 ille
1999 3171 2135 3230 erga

2248 3158 2359 3215 τῶν
2390 3160 2677 3234 κοσμικῶν
2697 3161 3048 3234 πραγμάτων
3075 3162 3417 3234 συμπάθεια,
3444 3163 3546 3219 καὶ
3570 3161 3713 3235 ψυχῇ
3736 3159 3818 3215 καὶ

555 3255 724 3326 hujus
740 3233 928 3309 mundi
954 3265 1043 3308 res
1073 3249 1323 3318 aﬂ‘ectus,
1345 3264 1409 3306 ac
1434 3265 1598 3322 saepe,
1624 3257 1741 3305 tum
1757 3249 2000 3321 corpori,
2030 3256 2147 3306 tum

2254 3249 2468 3325 σώματι
2501 3233 2768 3319 πολλάκις
2812 3253 3038 3328 ὄλεθρον
3066 3233 3428 3328 προξενοῦσα.
3478 3255 3548 3309 Τί
3586 3233 3818 3326 Να-

556 3346 756 3403 animae
794 3344 1096 3418 perniciem
1126 3341 1362 3400 invehit.
1391 3341 1536 3409 Quid
1553 3341 1697 3398 enim
1727 3341 1943 3397 Naboth
1967 3339 2147 3399 Israe-

2249 3332 2443 3400 σουθαὶ
2472 3345 2564 3401 τὸν
2601 3345 2946 3419 Ἰσραηλίτην
2967 3332 3287 3413 ἀπώλεσενς
3315 3347 3417 3401 οὐκ
3443 3345 3691 3419 ἄμπελος
3713 3344 3816 3399 ὲπί-

556 3441 712 3498 litam
748 3440 804 3496 in
857 3438 1088 3495 exitium
1116 3434 1356 3508 ‘conjecit
1389 3435 1508 3491 ian
1538 3449 1650 3491 non
1671 3435 1947 3491 invidiosa
1979 3434 2144 3491 vinea

2248 3439 2443 3512 φθονος
2480 3438 2657 3504 αῐτιος
2691 3437 2842 3511 αύτῷ
2869 3439 3102 3494 θανάτου
3135 3439 3457 3510 γεγένηται,
3501 3439 3644 3513 πρὸς
3674 3437 3815 3509 φόνον

554 3531 606 3588 ei
666 3537 900 3586 mortem
954 3527 1275 3594 accersivit,
1308 3533 1369 3582 ut
1404 3540 1530 3597 quae
1561 3523 1809 3581 vicinum
1850 3523 2044 3580 Achab
2071 3523 2139 3578 ad

2248 3531 2413 3588 αὐτοῦ
2469 3534 2700 3606 κινήσας
2731 3533 2824 3588 τὸν
2861 3534 3082 3605 γείτονα
3119 3533 3357 3607 Ἀχαάδς
3393 3535 3462 3588 Τί
3498 3535 3558 3588 δὲ
3595 3532 3691 3598 τάς
3737 3530 3814 3584 δύο

556 3625 736 3698 ipsius
780 3623 987 3681 caedem
1039 3622 1345 3683 excitarit?
1374 3619 1517 3688 Quid
1571 3629 1755 3676 autem
1792 3617 1932 3675 duas
1962 3619 2142 3673 tribus

2248 3625 2418 3698 ἥμισυ
2449 3623 2621 3694 φυλάς
2671 3621 2779 3689 ἔξω
2830 3625 2930 3697 τῆς
2968 3624 3458 3697 ὲπαγγελλομένης
3492 3626 3602 3697 γῆς
3655 3625 3815 3696 μεῖναι

552 3727 608 3776 et
636 3717 918 3775 dimidiam
973 3715 1200 3772 alterius
1233 3713 1481 3784 impulit,
1520 3717 1579 3768 ut
1611 3719 1768 3768 extra
1819 3709 2142 3788 promissio-

2248 3713 2695 3788 περεσκεύασεν;
2743 3714 2806 3768 ού
2838 3715 3049 3787 πλῆθος
3101 3717 3357 3788 κτηνῶν;
3395 3717 3465 3769 Τί
3494 3716 3555 3770 δὲ
3612 3716 3706 3771 καὶ
3737 3713 3813 3768 τὸν

553 3813 642 3869 nis
693 3819 900 3867 terram
936 3807 1344 3868 subsisterent?
1374 3821 1445 3862 an
1504 3819 1614 3861 non
1644 3799 1910 3877 pecoru'm
1943 3786 2139 3860 multi-

2248 3786 2369 3863 Λῶτ
2401 3807 2510 3863 άπὸ
2536 3806 2632 3862 τοῦ
2665 3807 2917 3882 Ἀϐραάμ
2949 3786 3254 3882 ἐχώρισενς
3283 3809 3385 3881 οὐχ
3420 3810 3451 3864 ό
3477 3809 3592 3863 τῶν
3623 3808 3815 3880 βοσκη-

550 3904 721 3963 tudo?
745 3901 890 3972 Quid
926 3903 1092 3960 etiam
1118 3899 1220 3957 Lot
1248 3900 1316 3956 ab
1355 3899 1675 3956 Abrahamo
1704 3896 1982 3969 disjunxit
2009 3896 2035 3952 ?
2064 3910 2135 3952 an

2248 3900 2431 3974 μάτων
2475 3901 2643 3966 πολὺς
2676 3899 2931 3974 ἀριθμὸς,
2967 3902 3216 3974 συνεχεῖς
3253 3905 3365 3967 τοῖς
3395 3901 3632 3974 ποιμέσι
3674 3901 3811 3971 κινή-

551 4013 661 4055 ιιοη
713 3997 905 4068 ingens
941 4002 1322 4051 armentorum
1367 4007 1658 4057 numerus,
1685 3997 1950 4063 perpetua
1991 3989 2138 4046 inter

2248 4011 2342 4059 σας
2379 3996 2478 4061 τάς
2507 3994 2712 4069 ἐριδας,
2741 3994 2848 4061 ἕως
2882 3995 3082 4060 αὐτοὺς
3139 3994 3327 4050 τέλεον
3376 3995 3692 4070 ἀπέρρηξεν
3730 3991 3814 4049 ἀπ’

551 4101 801 4163 pastores
828 4089 1008 4160 jurgia
1035 4103 1286 4155 movens,
1325 4083 1508 4158 quoad
1535 4101 1770 4158 prorsus
1809 4099 1906 4143 eos
1937 4085 2008 4141 ab
2049 4084 2136 4142 in-
2236 4087 2520 4162 άλλήλωνς

549 4185 731 4241 vicem
769 4181 1012 4238 avulsit?

619 4272 836 4371 Ioseph.
865 4329 933 4338 —
972 4298 1130 4354 Nulla
1178 4306 1290 4353 tam
1339 4295 1553 4353 nefaria
1595 4295 1683 4350 via
1734 4304 1838 4362 est,
1867 4309 1990 4367 qua
2019 4308 2133 4351 non

549 4400 797 4467 quastus
817 4406 988 4448 causa
1021 4390 1258 4447 ineatur.

607 4527 922 4586 fortassis.
944 4527 1190 4584 animum
1259 4527 1328 4583 ad
1359 4541 1481 4584 eam
1519 4525 1852 4584 sententiam
1885 4540 1997 4582 non
2027 4523 2130 4580 ad-

2303 4289 2496 4348 Πᾶσαν
2531 4288 2790 4362 ἀθέμιτον
2812 4290 2931 4347 ὁδὸν
2954 4291 3102 4348 ποιεῖ
3121 4291 3184 4348 τὸ
3212 4293 3428 4366 κέρδος.

2298 4477 2467 4580 ’Ἴσως
2511 4515 2615 4569 οὐκ
2670 4515 2983 4588 ἐπέστησας
3031 4517 3111 4589 τῷ
3159 4518 3462 4589 προσφυῶς
3513 4518 3806 4594 χρησμοδο-

544 4624 752 4696 jecisti,
783 4637 948 4696 quam
985 4621 1206 4693 quidam
1249 4628 1374 4691 apte
1407 4619 1476 4674 ad
1519 4620 1666 4677 hunc
1697 4618 1924 4676 modum
1962 4625 2126 4675 extu-

2248 4607 2440 4676 εοῢντι,
2475 4609 2571 4664 καὶ
2620 4609 2876 4680 λέγοντιο
2900 4610 2995 4683 Μὴ
3027 4610 3225 4667 σπεῦδε
3265 4612 3545 4682 πλουτεῖν,
3578 4613 3654 4688 μὴ
3683 4615 3804 4685 ταχὺ

549 4718 612 4773 tit
643 4733 656 4771 ι
682 4715 761 4773 Ne
815 4713 1046 4771 festines
1078 4712 1270 4779 ditari,
1335 4727 1406 4768 ne
1439 4710 1627 4768 statim
1658 4713 1714 4768 in
1743 4717 2129 4790 paupertatem

550 4807 785 4864 incidas.

621 4943 952 5001 Hominibus
1001 4941 1111 4998 illis
1137 4940 1232 5012 qui
1282 4940 1573 4997 avaritiam
1618 4955 1684 4997 ac
1718 4939 2127 5013 parcimoniam

555 5039 621 5095 ad
667 5045 971 5096 extremum
1020 5035 1230 5101 colunt,
1282 5033 1485 5090 multas
1519 5033 1704 5090 divina
1779 5033 2130 5106 providentia

540 5110 1005 5189 Idetrimentorum
1037 5129 1360 5185 occasiones
1386 5142 1584 5200 parare
1605 5128 1917 5184 consuevit.

618 5267 882 5324 Philonis.
911 5298 981 5309 —
1001 5265 1323 5323 Divitiarum
1351 5265 1732 5338 pulchritudo,
1766 5281 1878 5322 non
1914 5265 1969 5322 in
1999 5280 2128 5323 cru-

543 5362 744 5429 menis,
802 5362 898 5418 sed
931 5362 987 5418 in
1048 5377 1351 5437 pauperum
1404 5369 1649 5432 egestate
1685 5360 1920 5420 levanda
1950 5361 2128 5433 posita

613 5590 674 5648 S.
692 5588 1051 5649 Nili.—-Nihil
1067 5591 1288 5649 omnino
1307 5592 1407 5648 tibi
1431 5590 1612 5650 studio
1631 5597 1849 5658 est,non
1868 5589 2127 5664 praeclara

541 5683 679 5750 vita,
745 5698 856 5742 non
906 5693 1057 5743 recta
1089 5684 1364 5751 doctrina,
1397 5699 1508 5741 non
1551 5698 1945 5758 Oppressorum
1967 5698 2124 5751 cura,

542 5793 653 5834 non
684 5779 984 5852 quidquam
1017 5778 1190 5844 aliud,
1215 5788 1416 5851 praeter
1433 5779 1536 5836 hoc
1557 5792 1749 5846 unum,
1774 5777 1924 5849 quod
1946 5793 2120 5848 amas,

544 5875 707 5946 atque
733 5870 790 5929 in
816 5872 958 5934 votis
991 5870 1184 5944 habes,
1208 5878 1262 5932 et
1285 5869 1499 5943 colligis
1525 5868 1943 5929 oloconitidem.

2235 4699 2407 4774 πένης
2431 4701 2588 4776 γένῃ.

2306 4933 2434 5000 Τοῖς
2458 4934 2560 5008 τὴν
2593 4935 2772 5008 ἄκραν
2807 4933 3252 5008 φιλοχρηματίαν
3283 4934 3376 4989 καὶ
3415 4933 3708 5005 φειδωλίαν
3733 4931 3802 4997 ἐξα

2231 5027 2537 5098 ησκηκόσιν
2563 5026 2896 5100 ἀνθρώποις,
2929 5026 3136 5092 πολλάς
3163 5025 3303 5100 πρὸς
3325 5026 3531 5098 ζημίαν
3564 5024 3800 5097 ἀφορμάς

2233 5121 2268 5192 ἢ
2299 5120 2533 5193 Πρόνοια
2558 5123 2868 5193 περιποιεῖν
2895 5118 3108 5175 εἴωθεν.

2303 5253 2547 5310 Πλούτου
2579 5253 2642 5308 τδ
2681 5251 2881 5318 κάλλος
2911 5252 3012 5309 οὑκ
3043 5254 3101 5308 ὲν
3145 5252 3469 5326 βαλαντίοις,
3499 5251 3620 5307 ἀλλ’
3657 5252 3712 5305 ἐν
3738 5249 3792 5319 τῇ

2230 5345 2340 5402 τῶν
2363 5348 2679 5423 χρῃςόντων
2703 5348 3034 5421 ἐπικουρίᾳη

2300 5591 2469 5648 Οὐδὲν
2525 5592 2766 5665 πάμπαν
2818 5587 3181 5655 σπουδάζεται
3224 5584 3374 5660 παρὰ
3428 5581 3560 5654 σοῦ,
3587 5581 3650 5640 οὗ
3693 5577 3794 5651 βίος

2231 5686 2506 5759 λαμπρὸς,
2539 5687 2600 5741 οὐ
2637 5685 2799 5754 λόγος
2825 5683 3008 5756 ὀρθδς,
3048 5681 3112 5738 ού
3156 5677 3465 5752 προστασία
3491 5676 3604 5733 τῶν
3634 5670 3794 5730 θλιῦο-

2233 5780 2436 5852 μένων,
2466 5779 2528 5833 ού
2554 5779 2623 5833 τά
2667 5778 2816 5850 ἑξῆς,
2847 5776 2990 5848 πλὴν
3023 5774 3116 5830 τοῦ
3161 5772 3362 5846 φιλεῖν,
3407 5769 3504 5826 καὶ
3536 5766 3608 5825 δι’
3641 5762 3792 5835 εὐχῆς

2228 5869 2522 5942 ποιεῖσθαι,
2553 5868 2650 5927 καὶ
2687 5866 2964 5939 συλλέγειν
2988 5865 3059 5923 τὰ
3092 5863 3440 5934 όλοκωνίτιδσ
3464 5906 3480 5924 .
