4020 6262
279 275 424 369 1525'

1457 291 1708 356 SACRA
1742 285 2212 352 PARALLELA.

3399 313 3401 316 -
3418 275 3555 343 1326

275 421 457 476 ἔναντι
487 415 720 490 Κυρίου.
747 415 1067 489 ¹Ἄνθρωπος
1095 412 1206 486 γὰρ
1237 411 1398 485 σοφὸς
1426 413 1485 469 tv
1512 412 1676 471 παντὶ
1702 407 1864 466 εὐλα-

1980 417 2083 459 ram
2120 399 2428 459 mutabitur
2471 405 2736 471 tempus:
2772 403 2826 454 et
2861 395 2979 454 haec
3022 397 3208 454 omnia
3264 396 3428 458 citata
3456 412 3550 454 co-

274 513 602 587 δηθήσεται.
647 529 668 564 ι
720 535 735 556 ο

352 709 372 744 ι
421 690 514 746 Ἑν
539 689 765 761 ἀγαθοῖς
794 650 989 763 ἀνδρὸς
1009 691 1060 744 οἱ
1081 689 1268 762 ἐχθροὶ
1297 687 1464 744 αὑτοῦ
1495 689 1552 743 tv
1576 687 1746 762 λύπῃ.
1769 684 1865 741 καὶ

272 784 340 838 tv
363 786 558 849 κακοῖς
591 783 756 840 αὐτοῦ
789 783 884 839 καὶ
913 785 943 838 ὁ
979 783 1133 853 φίλος
1157 782 1676 857 διαχωρισθήσεται.
1711 801 1728 834 ι

331 986 376 1043 ,ι
409 967 526 1023 Πᾶν
551 967 581 1022 δ
599 967 706 1022 ἐὰν
729 967 945 1040 ιπαχθῇ
975 984 1081 1038 σοι,
1110 967 1284 1036 δέξαι,
1313 969 1409 1022 και
1438 967 1497 1022 tv
1517 949 1865 1040 ἀλαλάγματι

273 1059 667 1127 ταπεινώσεως
696 1079 792 1116 σου
831 1060 1284 1134 μακροθύμησον,
1314 1063 1395 1116 ὅτι
1425 1061 1782 1133 δοκιμάζεται
1809 1063 1866 1116 tv

276 1155 416 1228 πυρὶ
439 1155 660 1228 χρυσὸς,
687 1158 782 1212 καὶ
817 1156 1097 1230 ἄνθρωποι
1116 1155 1302 1211 δεκτοὶ
1330 1156 1389 1210 tv
1419 1156 1642 1228 καμίνῳ
1674 1173 1868 1210 ταπει-

273 1263 518 1316 νωσεως.
558 1267 578 1301 ι

349 1424 708 1499 κυϐερνήτου
737 1427 918 1501 χρεία,
965 1428 1053 1483 ἵνα
1106 1428 1200 1484 καὶ
1242 1428 1302 1483 tv
1345 1427 1559 1502 γαλήνῃ
1591 1427 1690 1484 τοῦ
1749 1427 1889 1499 βίου·

244 1575 248 1578 ,
277 1520 502 1577 πάντων
547 1521 698 1594 αὒτῷ
729 1523 872 1579 κατὰ
901 1522 1032 1596 ῥοῦν
1069 1505 1395 1596 προϊόντων,
1431 1522 1534 1588 τὰς
1561 1523 1866 1596 μεταϐολάς

280 1613 593 1686 ὶκδέχηται,
627 1615 722 1671 καὶ
751 1615 826 1689 μὴ
858 1617 934 1682 ὡς
955 1617 1243 1683 ἀθανάτοις
1284 1616 1711 1691 ὲπαναπαύηται
1753 1618 1868 1685 τοῖς

279 1707 542 1782 παροῦσι,
574 1709 669 1764 καὶ
715 1711 773 1765 tv
799 1712 922 1776 ταῖς
963 1711 1448 1784 σκυθρωποτέραις
1493 1712 1866 1768 καταστάσεσι

1964 509 2086 549 ram
2119 491 2258 551 Deo.
2299 490 2475 549 Homo
2521 488 2667 549 enim
2696 486 2925 563 sapiens
2952 487 3010 544 in
3049 488 3312 548 omnibus
3339 505 3560 549 terere»-

1967 587 2138 661 bitur.
2173 606 2192 662 ι

2046 681 2212 738 Eccls'.
2252 698 2348 750 ιη,
2393 684 2448 739 9.
2473 711 2543 722 --
2581 696 2601 731 ι
2645 674 2703 732 in
2731 674 2896 732 bonis
2941 675 3045 732 viri
3095 674 3306 734 inimici
3335 675 3460 749 ejus
3497 672 3556 732 in

1967 791 2210 834 mmrore
2235 786 2365 834 sunt
2403 795 2422 833 :
2461 783 2519 832 et
2543 773 2602 829 in
2642 769 2808 826 malis
2836 768 3035 841 ipsius,
3067 770 3285 830 amicus
3330 785 3554 844 quoque
3601 786 3604 789 '

1967 867 2092 940 ejus
2125 871 2194 926 ab
2222 885 2288 930 eo
2317 877 2630 941 separatur.
2670 885 2690 920 ι
3242 927 3250 935 ν
3315 917 3318 920 ,

2039 960 2211 1020 Eccli.
2247 979 2303 1032 tt,
2341 965 2396 1032 ι,
2431 963 2484 1020 5.
2515 994 2589 1023 ——_
2626 983 2645 1020 ι
2679 962 2859 1022 Omne
2900 962 3052 1036 quod
3093 960 3194 1018 tibi
3230 959 3557 1033 applicitum

1969 1057 2160 1124 fuerit,
2191 1058 2403 1130 accipe,
2421 1066 2476 1116 et
2506 1058 2560 1115 in
2583 1059 2830 1117 clamore
2863 1055 3191 1114 humilitatis
3215 1063 3323 1110 tua:
3346 1054 3560 1126 patien-

1966 1150 2107 1208 tiam
2142 1151 2328 1210 habe:
2365 1153 2631 1224 quoniam
2686 1155 2742 1209 in
2795 1154 2923 1225 igne
2963 1149 3233 1224 probatur
3279 1162 3475 1204 aurum
3505 1155 3561 1202 et

1969 1245 2303 1311 argentum;
2340 1239 2594 1300 homines
2629 1257 2762 1299 vero
2819 1240 3179 1316 receptibiles
3230 1239 3286 1295 in
3341 1236 3561 1322 camino

1970 1333 2396 1391 humiliationis.
2437 1354 2457 1390 ι

2039 1423 2100 1482 S.
2140 1425 2316 1505 Batti.
2346 1427 2406 1484 in
2449 1426 2620 1498 princ.
2669 1427 2837 1488 Prov.
2870 1460 2940 1472 --
2975 1427 3359 1496 Gubernatore
3418 1439 3560 1499 opus

1968 1529 2050 1575 est
2081 1517 2321 1588 homini,
2347 1529 2408 1577 ut
2439 1524 2496 1577 in
2536 1523 2856 1594 tranquillis
2907 1520 3143 1594 hujusce
3189 1520 3316 1576 vita:
3368 1518 3560 1586 rebus,

1969 1620 2136 1687 atque
2165 1614 2236 1670 ad
2265 1611 2442 1686 ipsius
2472 1615 2823 1673 voluntatem
2864 1614 3193 1682 ﬂuentibus,
3225 1612 3561 1669 mutationes

1967 1691 2274 1780 exspeCtet,
2299 1721 2364 1764 ac
2388 1722 2498 1765 non
2527 1708 2918 1782 praesentibus,
2958 1714 3222 1780 tanquam
3254 1706 3300 1762 si
3331 1705 3560 1762 immor-

282 1780 378 1873 μὴή
408 1800 686 1874 άπελπίζῃ
740 1801 957 1870 ἑαυτὸν,
993 1780 1128 1877 μηδὲ
1175 1808 1242 1879 τῇ
1294 1780 1666 1879 περισσοτέρᾳ
1716 1804 1866 1879 λύπῃ

1980 1799 2112 1856 tales
2152 1809 2364 1866 essent,
2410 1780 2772 1874 acquiescat;
2802 1815 2908 1858 nec
2959 1815 3174 1858 rursus
3208 1799 3266 1855 in
3307 1797 3561 1857 adversis

278 1893 619 1959 autumet-:1;
672 1895 1010 1969 ὑποϐρύχιος
1063 1881 1325 1972 φέρηται.
1357 1897 1498 1953 Οὔτε
1546 1900 1652 1972 γάρ
1706 1899 1866 1969 ὑγεία

280 1983 561 2057 σώματος,
606 1985 730 2043 οὔτε
758 1989 1011 2061 νεότητος
1038 1989 1217 2057 ἄνθος,
1251 1990 1378 2046 οὔτε
1407 1992 1666 2066 εὐθήνεια
1693 1994 1865 2060 οἴκου,

1969 1891 2311 1966 despondeat
2337 1895 2608 1964 animum,
2647 1894 2937 1970 nimiaque
2983 1893 3284 1967 absorptus
3335 1892 3558 1950 tristitia

1969 1998 2309 2060 pessumast.
2367 1988 2480 2046 Nec
2525 1989 2674 2047 enim
2723 1989 2983 2063 corporis
3016 1989 3252 2074 sanitas,
3303 2003 3408 2046 nec
3461 1985 3562 2046 nos
3623 1996 3625 1998 '

281 2078 384 2149 οὐχ
423 2081 456 2149 ὴ
495 2079 656 2153 λοιπὴ
694 2079 791 2136 τοῦ
833 2082 948 2154 βίου
1016 2085 1288 2157 εὐημερία
1325 2086 1556 2142 ἐπιπολὺ
1598 2086 1870 2159 διαμένει.

1980 2082 2231 2150 iuvenilis
2283 2084 2500 2155 aetatis,
2534 2099 2638 2142 nec
2669 2083 2874 2142 domus
2918 2084 3057 2157 opes
3113 2091 3169 2140 et
3213 2083 3412 2154 copia,
3461 2096 3564 2141 nec

296 2171 440 2227 Ἀλλ’
472 2173 532 2228 tv
553 2176 622 2246 τῇ
644 2175 797 2248 εὑδίᾳ
826 2176 1002 2250 ταύτῃ
1057 2177 1152 2233 τοῦ
1182 2178 1300 2250 βίου
1349 2179 1575 2252 ὲκδέχου
1605 2181 1735 2235 ποτε
1774 2181 1869 2235 καὶ

279 2265 534 2338 χειμῶνα
562 2270 934 2342 πραγμάτων.
955 2271 1116 2338 Ἥξει
1137 2273 1243 2346 γὰρ
1273 2272 1451 2342 νόσος,
1493 2275 1590 2329 καὶ
1616 2273 1737 2347 ἥξει
1767 2291 1871 2330 πε-

281 2356 394 2425 νία,
424 2358 526 2413 οὐκ
553 2359 641 2414 ἀεὶ
671 2362 815 2418 κατὰ
843 2362 1102 2436 πρύμναν
1133 2364 1428 2436 ἱσταμένου
1471 2364 1566 2420 τοῦ
1618 2366 1864 2440 πνεῦμα·

279 2465 402 2517 τος,
426 2450 566 2507 ἀλλὰ
601 2453 715 2508 ’καὶ
758 2454 851 2511 τὸν
880 2455 1257 2529 ὑπέρϐλεπτον
1311 2459 1370 2514 tv
1421 2461 1578 2527 πᾶσι,
1627 2459 1870 2532 ζηλωτὸν

284 2541 542 2616 ἀδόκητοι
576 2545 841 2614 πολλάκις
868 2550 1075 2619 ἀδοξίαι
1097 2550 1602 2626 καταλαμϐάνουσι,
1633 2554 1731 2610 καὶ
1763 2558 1870 2611 πᾶ-

285 2651 388 2689 σαν
419 2636 723 2712 εὐημερίαν
759 2638 912 2712 βίου,
954 2636 1068 2698 οἷον
1117 2644 1375 2710 σπιλάδες
1417 2645 1562 2712 τινὲς
1607 2649 1871 2722 περιστά-

288 2743 442 2783 σεσιν
481 2729 803 2805 ἀϐουλήτοις
836 2735 1234 2808 συνετάραξαν.
1285 2738 1398 2792 Καὶ
1459 2739 1714 2812 συνέχεια
1760 2739 1872 2796 τῶν

283 2821 475 2877 κακῶν
494 2824 685 2903 ὥσπερ
700 2826 950 2900 κύματά
966 2831 1137 2898 ἔστιν,
1158 2818 1305 2888 ’ἄλλα
1327 2832 1412 2886 ἐπ’
1437 2831 1626 2900 ἄλλοις
1653 2834 1872 2904 ὲπειγό-

287 2930 451 2984 μενα,
500 2916 842 3000 τραχύνοντά
906 2937 1004 2976 σου
1033 2920 1125 2975 τὸν
1183 2912 1320 2994 βίον,
1355 2923 1454 2979 καὶ
1502 2925 1865 2998 περιϊστῶντη

283 3003 520 3078 φοϐερόν
561 3024 646 3064 σοι
686 3008 791 3080 τῆς
837 3009 986 3084 ζωῆς
1019 3010 1110 3067 τὸν
1137 3011 1406 3078 κλυδῶνα,
1439 3013 1555 3069 ἀλλ’
1579 3011 1700 3086 ὕψει
1737 3015 1872 3070 ποτὲ

285 3098 385 3206 xei
406 3098 597 3206 τοῦτον
622 3100 1056 3206 παραδραμόιηα
1095 3105 1234 3177 πρὸς
1264 3105 1580 3180 ἱλαρότητα,
1607 3107 1704 3163 καὶ
1745 3107 1869 3206 Ast-)-
1896 3143 1943 3206 ϐ

288 3191 395 3263 κὴν
417 3190 590 3257 ὅντως
618 3194 699 3261 είς
725 3195 975 3268 γαλήνην
1011 3197 1104 3253 τὸν
1141 3197 1258 3270 βίον
1297 3199 1728 3273 μεταωηθέντα.
1765 3196 1865 3259 OB-

284 3297 382 3348 τος
404 3277 499 3339 οὖν
529 3286 677 3341 ἐστιν
705 3286 733 3342 ὁ
761 3288 983 3359 νοήμων
1004 3288 1370 3363 κυϐερνήτης,
1411 3294 1441 3347 ό
1470 3293 1871 3368 στοχαζόμενος

273 3374 392 3450 ,τῆς
420 3376 793 3452 ὑποκειμένης
813 3380 1053 3451 φύσεως,
1093 3385 1613 3460 μεταχειριζόμενος
1639 3388 1708 3442 τά
1730 3406 1873 3461 συμ-

289 3468 584 3538 πίπτοντα,
614 3471 712 3526 καὶ
740 3473 924 3544 ὅμοιος
948 3473 1128 3546 ἑαυτῷ
1160 3474 1455 3547 διαμένων,
1483 3479 1624 3550 μήτε
1648 3481 1876 3554 ἐπαιρό-

292 3579 455 3634 μενος
485 3565 544 3620 tv
575 3567 697 3632 ταῖς
726 3567 1038 3641 εὐθυμίαις,
1082 3571 1222 3642 μήτε
1262 3571 1626 3630 καταπίπτων
1663 3577 1722 3630 tv
1752 3579 1875 3642 ταῖς

289 3658 622 3729 συμφοραῖς.

360 3840 559 3908 Νόσον,
599 3845 696 3903 καὶ
722 3847 936 3916 πενίαν,
970 3850 1065 3905 καὶ
1092 3849 1330 3920 ἀδοξίαν,
1360 3855 1454 3909 καὶ
1500 3855 1751 3926 θάνατον,
1783 3861 1876 3916 καὶ

286 3933 395 3988 ὅσα
420 3933 644 4026 λυπηρά
668 3943 781 4007 τοῖς
811 3941 1142 4016 ἀνθρώποις,
1187 3945 1343 4003 οῦπω
1373 3949 1432 4004 ὲν
1461 3953 1530 4024 τῇ
1555 3952 1722 4026 μοίρᾳ
1770 3954 1875 4012 τῶν

288 4024 484 4082 κακῶν
512 4030 968 4102 καταλογίζεσθαι
997 4035 1170 4104 ἄξιον,
1203 4038 1293 4094 διὰ
1325 4040 1388 4096 τὸ
1437 4044 1574 4114 μηδὲ
1616 4024 1684 4100 τά
1723 4047 1874 4101 άντι-

288 4120 526 4192 κείμενα
565 4123 780 4190 τούτοις
828 4129 886 4183 tv
941 4133 1057 4196 τοῖς
1095 4131 1376 4204 μεγίστοις
1405 4137 1556 4207 ἡμᾶς
1585 4137 1696 4192 τῶν
1738 4139 1874 4209 άγα-

289 4212 404 4268 θῶν
429 4216 706 4289 ἀριθμεῖν,
741 4219 815 4286 ὡς
844 4221 912 4276 τά
949 4223 1047 4294 μὲν
1072 4227 1137 4280 ὲκ
1169 4225 1385 4297 φύσεώς
1415 4228 1554 4296 ἐστι,
1583 4231 1655 4286 τὰ
1688 4231 1747 4286 δὲ
1786 4236 1879 4288 καὶ

292 4312 684 4384 συμφερόντως
710 4315 926 4381 πολλοῖς
953 4319 1346 4393 ἀπαντήσαντα
1370 4323 1642 4393 φαίνεται.

1926 2247 1928 2250 ν
1970 2175 2212 2249 denique
2240 2178 2457 2250 reliqua
2488 2177 2616 2237 vitae
2643 2177 2883 2238 felicitas
2909 2178 3172 2242 diuturna
3206 2186 3315 2236 est.
3349 2176 3563 2234 Verum

1969 2267 2027 2323 in
2060 2267 2452 2339 hujusce-vitae
2479 2269 2782 2328 serenitate
2826 2284 3012 2330 rerum
3059 2269 3292 2332 hiemem
3333 2278 3391 2326 et
3424 2278 3566 2333 tem-

1971 2366 2242 2431 pestatem
2293 2362 2636 2433 prtestolare.
2698 2358 2898 2423 Veniet
2948 2349 3272 2436 siquidem,
3315 2363 3567 2434 morbus,

1970 2450 2154 2533 veniet
2184 2460 2240 2509 et
2273 2462 2600 2526 paupertas,
2625 2454 2972 2517 ventohaud
2998 2469 3220 2528 semper
3242 2453 3312 2514 ad
3336 2455 3565 2528 puppim

1972 2547 2242 2604 instante.
2303 2547 2450 2616 Quin
2500 2548 2774 2606 illustrem
2806 2563 3035 2622 quoque
3090 2548 3153 2606 in
3211 2547 3474 2606 omnibus
3509 2555 3569 2606 et

1972 2639 2395 2714 suspiciendum
2418 2641 2702 2699 hominem
2732 2641 3035 2714 inopinatas
3057 2655 3305 2715 persepe
3329 2639 3567 2714 ignomi-

1972 2733 2081 2791 nise
2107 2744 2408 2807 occupant,
2445 2745 2502 2793 et
2529 2750 2753 2793 omnem
2792 2736 2918 2792 vitae
2946 2733 3270 2793 felicitatem
3303 2749 3408 2792 ceu
3439 2749 3567 2793 sco-

1973 2821 2090 2894 puli
2140 2823 2406 2896 quidam,
2457 2840 2559 2898 per
2616 2824 2932 2898 insperatas
2993 2841 3177 2883 rerum
3232 2826 3564 2885 acerbitates

1974 2915 2401 2975 eonturbarunt.
2431 2917 2614 2991 Atque
2664 2918 2933 2976 continua
2968 2918 3350 2978 calamitatum
3386 2921 3571 2981 series

1975 3008 2218 3082 speciem
2254 3009 2553 3083 quamdam
2581 3009 2853 3068 ﬂuctuum
2897 3010 3166 3082 referunt,
3195 3019 3257 3069 ut
3286 3028 3410 3087 quae
3436 3011 3567 3076 aliae

1975 3115 2145 3175 super
2190 3101 2331 3161 alias
2377 3099 2654 3174 cieantur,
2684 3110 2967 3177 totamque
2994 3096 3163 3164 vitam
3204 3115 3570 3181 exasperent,

1975 3201 2032 3252 et
2068 3195 2404 3256 horrendam
2430 3199 2529 3255 tibi
2555 3200 2850 3272 procellam
2879 3209 3189 3260 accersam.
3220 3201 3368 3270 Quin
3399 3203 3574 3260 etiam

1975 3288 2196 3350 videbis
2227 3291 2564 3366 quandoque
2596 3292 2712 3351 haec
2750 3292 2806 3352 in
2839 3292 3178 3361 hilaritatem
3207 3296 3476 3366 transire,
3511 3305 3567 3356 et

1976 3381 2036 3456 in
2068 3398 2324 3442 serenam
2375 3375 2570 3446 revera
2609 3385 3070 3460 tranquillitatem
3113 3386 3283 3448 vitam
3334 3392 3562 3448 mutari.

1977 3477 2251 3548 Quocirca
2286 3480 2335 3538 is
2365 3480 2614 3553 prudens
2645 3489 2982 3552 gubernator
3013 3482 3110 3552 sit,
3130 3484 3227 3555 qui
3255 3484 3566 3557 subiectam

1978 3583 2236 3631 naturam
2287 3577 2540 3648 apprime
2582 3589 2948 3650 cognoscens,
2984 3577 3129 3642 hanc
3161 3578 3304 3636 scite
3341 3586 3563 3649 tractet,

1976 3679 2035 3728 et
2057 3673 2144 3731 sui
2177 3687 2396 3746 semper
2435 3672 2946 3747 similisperstans,
2971 3690 3078 3732 nec
3102 3675 3367 3735 secundis
3396 3663 3567 3735 rebus

1979 3768 2281 3838 attollatur,
2318 3783 2422 3826 nec
2455 3769 2514 3826 in
2551 3768 2963 3828 calamitatibus
2997 3770 3291 3827 concidat.

2048 3861 2245 3933 Ejusd.
2279 3861 2618 3935 —1Equum
2676 3863 2904 3923 minime
2955 3861 3146 3931 fuerit,
3201 3863 3461 3922 morbum
3510 3873 3567 3921 et

1979 3965 2300 4030 egestatem,
2327 3958 2591 4031 probrum
2620 3965 2675 4016 et
2702 3965 2962 4024 mortem,
2994 3966 3050 4016 et
3071 3973 3414 4031 quaecunque
3442 3973 3566 4014 mo-

1980 4051 2119 4108 lesta
2162 4051 2485 4108 hominibus
2539 4051 2826 4118 accidunt,
2878 4051 2934 4108 in
2999 4045 3275 4110 malorum
3331 4066 3566 4109 numero

1980 4146 2278 4213 collocare,
2315 4145 2542 4219 quando
2573 4162 2677 4204 nec
2715 4161 2778 4204 ea
2819 4162 2942 4220 quas
2976 4163 3102 4204 cum
3154 4147 3242 4205 his
3292 4157 3563 4218 pugnant,

1982 4236 2143 4312 505
2177 4239 2320 4298 inter
2349 4254 2566 4297 summa
2598 4240 2742 4298 bona
2780 4255 3170 4298 numeramus.
3224 4238 3449 4296 Etenim
3498 4255 3564 4297 ea

1979 4333 2184 4406 partim
2219 4348 2251 4389 a
2287 4342 2484 4390 natura
2521 4341 2774 4402 manant,
2810 4335 3036 4406 partim,
3080 4341 3142 4390 ut
3189 4348 3421 4394 cernere
3451 4343 3561 4402 est,

1981 4424 2052 4482 ad
2091 4424 2384 4483 utilitatem
2417 4425 2710 4498 permultis
2744 4427 3031 4483 accidunt.

367 4510 516 4567 ’Δνω
551 4511 820 4588 νεὺωμεν,
883 4517 1146 4588 ἀδελφοί⁶
1199 4519 1259 4576 ὲν
1314 4524 1482 4578 παντὶ
1546 4525 1731 4599 καιρῷ
1784 4529 1873 4583 καὶ

2055 4517 2115 4575 S.
2154 4517 2312 4593 Greg.
2358 4519 2504 4576 Ναί.
2551 4530 2695 4578 orat.
2736 4518 2812 4575 ad
2859 4520 2994 4576 cives
3039 4516 3442 4577 Nazianunos.
3494 4553 3565 4566 —-

290 4608 615 4681 περιστάσει
645 4609 794 4684 πάσῃ
826 4611 1266 4685 προϐαλλώμεθα
1309 4615 1412 4688 τὴν
1459 4618 1630 4692 καλὴν
1659 4620 1874 4692 ἑλπίδα,

294 4702 434 4776 μήτε
484 4701 542 4760 ὲν
573 4706 695 4770 ταῖς
743 4704 1062 4777 ἐπιθυμίαις
1100 4707 1499 4781 ἀποϐάλλωμεν
1537 4711 1630 4769 τδν
1673 4715 1873 4787 φόϐον,

289 4793 435 4866 μήτε
461 4795 520 4851 tv
547 4797 662 4860 τοῖς
682 4793 948 4870 λυπηροῖς
977 4798 1038 4853 τὸ
1065 4797 1275 4856 εὔελπι.
1306 4803 1656 4877 Μνησθῶμεν
1690 4807 1786 4862 καὶ
1817 4809 1876 4864 ὲν

290 4887 445 4960 εὐδία
492 4889 592 4960 τῆς
653 4887 847 4962 ζάλης,
877 4891 972 4946 καὶ
1018 4893 1077 4947 tv
1106 4894 1338 4967 χειμῶνι
1364 4897 1462 4952 τοῦ
1511 4899 1872 4974 κυϐερνήτου.

303 4981 468 5037 Ἀλλά
509 4986 584 5056 μὴ
612 4985 736 5048 ταῖς
778 4983 1023 5057 θλίψεσιν
1053 4987 1484 5063 ἐκκακήσωμεν,
1530 4995 1667 5068 μηδὲ
1701 4998 1874 5067 γενώο

292 5075 436 5148 μεθα
464 5076 640 5132 δοῦλοι
669 5078 852 5135 κακοί.
915 5080 1269 5150 Ἀγαθὺνοντι
1309 5086 1410 5156 μὲν
1453 5086 1876 5166 ἐξομολογούμε-

289 5184 371 5222 νοι
404 5166 482 5242 τῷ
513 5169 783 5244 Δεσπότῃ,
838 5170 1148 5228 παιδεύοντι
1199 5173 1257 5229 δὲ
1302 5177 1377 5251 μὴ
1413 5183 1870 5255 προστιθέμενοι·

289 5261 472 5318 καίτοι
495 5262 631 5318 ποτὲ
673 5264 947 5337 κρείσσων
992 5265 1182 5336 ὑγείας
1216 5269 1392 5336 νόσος,
1431 5273 1528 5328 καὶ
1563 5275 1874 5351 ὑπόμνησις

288 5353 533 5425 ἀνέσεως
556 5397 573 5424 ,
611 5357 708 5412 καὶ
765 5358 1058 5432 ἐπίσκεψις
1105 5361 1394 5434 ἀμελείας,
1431 5368 1526 5422 καὶ
1549 5353 1875 5448 ’ἐπιστροφὴ

289 5453 718 5526 συγχωρήσεως.
757 5455 911 5526 Μήτε
949 5455 1042 5510 διὰ
1081 5456 1180 5522 τὰς
1225 5463 1515 5533 συμφορὰς
1558 5465 1871 5540 πίπτωμεν,

293 5543 434 5619 μήτε
460 5543 552 5600 διὰ
576 5543 668 5602 τὸν
693 5546 854 5618 κόρον
885 5539 1220 5623 ὑϐρίζωμεν.

357 5812 518 5889 Μήτι
544 5813 732 5886 ὑγείαν
763 5819 944 5876 πᾶσαν
968 5819 1359 5898 θαυμάζωμεν,
1393 5823 1530 5902 μήτε
1569 5803 1722 5886 νόσον
1753 5828 1870 5888 δια-

1982 4612 2220 4673 Sursum
2253 4615 2572 4674 attollamus
2608 4616 2826 4683 oculos,
2863 4613 3094 4684 fratres;
3127 4616 3183 4674 in
3228 4615 3383 4673 omni
3427 4625 3566 4675 tem-

1976 4723 2116 4781 pore
2144 4717 2200 4767 et
2229 4709 2286 4766 in
2317 4709 2468 4767 omni
2495 4725 2684 4766 rerum
2705 4718 2856 4768 statu
2884 4709 3086 4767 bonam
3118 4724 3272 4782 spem
3302 4709 3564 4784 praefera-

1978 4817 2121 4861 mus.
2158 4801 2252 4860 Sic
2305 4817 2409 4860 nos
2468 4817 2893 4874 comparemus,
2940 4811 3001 4859 ut
3035 4817 3136 4860 nec
3167 4803 3228 4859 in
3262 4803 3432 4862 rebus
3474 4819 3563 4862 se-

1978 4897 2177 4955 cundis
2209 4905 2439 4962 metum,
2473 4913 2575 4956 nec
2605 4899 2660 4955 in
2697 4897 2947 4957 adversis
2999 4915 3154 4972 spem
3207 4897 3562 4971 abjiciamus.

1979 4992 2255 5052 lemures
2282 4994 2481 5059 simus.
2513 5005 2629 5050 tum
2663 4993 3004 5066 tempestatis
3037 4995 3092 5050 in
3127 4993 3558 5066 tranquillitate,

1977 5098 2092 5143 tum
2122 5084 2512 5159 gubernatoris
2544 5086 2602 5143 in
2626 5096 2968 5160 tempestate.
3003 5087 3079 5143 Ac
3114 5101 3226 5144 non
3252 5086 3306 5143 iu
3328 5087 3562 5143 calami-

1977 5175 2186 5232 tatibus
2222 5173 2568 5250 frangamur,
2606 5191 2706 5233 nec
2738 5192 2931 5234 servos
2959 5175 3135 5234 malos
3177 5191 3283 5236 nos
3313 5175 3560 5248 pmbea-

1980 5283 2138 5336 mus;
2168 5266 2308 5326 bene
2359 5269 2428 5327 de
2457 5269 2620 5326 nobis
2673 5267 2908 5327 merenti
2938 5267 3173 5327 Domino
3201 5267 3562 5338 conﬁtentes,

1975 5375 2104 5419 cum
2121 5378 2254 5420 vero
2269 5363 2337 5420 ab
2358 5363 2480 5436 ipso
2502 5363 2864 5436 castigamur,
2884 5364 3204 5422 recedentes
3233 5383 3246 5421 :
3271 5363 3398 5422 licet
3420 5351 3564 5438 pra:-

1978 5455 2234 5513 stabilior
2267 5457 2570 5531 aliquando
2603 5458 2840 5515 sanitate
2865 5457 2941 5516 sit
2957 5457 3204 5526 morbus,
3221 5457 3563 5516 submonitio

1975 5551 2332 5620 remissione,
2371 5551 2587 5608 incuria
2629 5551 2894 5620 visitatio,
2944 5559 2997 5609 et
3030 5551 3440 5612 animadversio
3471 5567 3560 5610 ve.

1978 5641 2090 5699 nia.
2123 5640 2236 5699 Nec
2285 5651 2507 5716 propter
2551 5642 2895 5702 calamitates
2933 5643 3137 5702 animis
3174 5645 3554 5713 concidamus,

1977 5747 2078 5789 nec
2108 5741 2333 5805 prOpter
2353 5735 2699 5791 saturitatem
2730 5734 3028 5792 insolentes
3057 5750 3158 5796 nos
3195 5735 3554 5808 praebeamus.

2049 5825 2244 5899 Ejusd.
2275 5859 2345 5873 -—
2380 5827 2738 5905 Nequaquam
2773 5828 3061 5906 sanitatem
3110 5845 3329 5892 omnem
3377 5835 3560 5908 suSpi.
