4020 6262
417 263 556 332 1535

1592 256 1653 319 S.
1680 256 2002 322 JOANNIS
2043 258 2474 323 DAMASCENI

3555 255 3686 325 1536

410 389 574 448 posse
600 382 663 431 υι
692 374 782 433 ille
819 374 916 448 qui
973 373 1222 446 dejectus
1281 371 1653 447 subactusque
1682 370 1846 445 509
1885 380 1994 438 est,

2141 374 2540 440 ποσκελισθεὶς,
2593 371 2996 444 τροπαιοφόρος
3056 369 3376 441 ἀναδειχθῇ,
3434 358 3491 422 δ’
3521 367 3689 422 δένο-

410 461 601 529 νῖυῑοιί
627 469 846 526 tandem
888 467 1109 541 evadat,
1141 467 1188 524 is
1245 482 1377 523 vero
1405 465 1500 538 qui
1552 473 1704 523 stare
1757 466 2000 535 videtur,

413 570 613 636 praeter
644 561 1111 634 exspectationem
1141 575 1300 616 suam
1361 559 1692 633 gravissime
1751 566 1999 624 corruat,

408 657 546 714 etin
573 653 844 728 ejusmodi
881 653 1038 726 lapsu
1066 652 1325 710 intereat.
1359 651 1733 719 Quamobrem
1762 649 2004 708 inimicis

409 749 639 805 omnino
675 763 777 804 nos
811 759 1038 818 parcere
1079 749 1323 816 oportet,
1375 758 1503 801 cum
1537 743 1596 801 in
1633 753 1879 802 nostram
1904 757 2005 817 po-

413 850 670 899 testatem
698 853 920 896 venere.

485 934 546 991 Si
570 933 882 1006 quempiam
911 945 1042 988 raro
1070 946 1100 986 a
1132 929 1358 988 virtutis
1379 929 1662 988 curriculo
1686 929 2003 999 deﬂectere,

415 1029 556 1087 etin
594 1027 802 1085 diaboli
849 1028 1098 1082 fraudem
1138 1027 1426 1098 contingat
1458 1025 1593 1093 labi,
1627 1040 1764 1082 cave
1793 1026 1862 1082 de
1883 1027 2006 1095 ipso

417 1124 519 1180 tibi
557 1121 836 1180 calculum
879 1135 1091 1187 sumas,
1149 1134 1390 1186 eumque
1444 1119 1804 1176 condemnes.
1854 1116 2005 1186 Quin

419 1215 554 1273 time
581 1213 764 1287 potius
795 1228 864 1270 ne
897 1223 952 1268 tu
988 1227 1212 1284 quoque
1238 1211 1399 1268 simul
1435 1210 1627 1268 cadas.

491 1310 746 1364 Aliorum
793 1306 966 1362 laetari
1010 1305 1352 1371 calamitate,
1393 1304 1501 1360 etsi
1551 1302 1887 1377 quandoque
1913 1303 2007 1377 ju-

423 1411 569 1459 stum
605 1410 710 1468 est,
740 1408 922 1456 tamen
954 1398 1022 1454 ab
1055 1397 1401 1453 humanitate
1427 1395 1694 1453 alienum.

424 1513 561 1570 ΤΙΤ.
606 1511 723 1569 XV.
751 1543 820 1553 —-
847 1512 924 1566 De
966 1511 1328 1580 beneﬁcentia,
1375 1519 1427 1567 et
1476 1509 1744 1566 oblatione
1789 1525 1857 1567 ex
1903 1509 2012 1567 ini-

946 1584 1064 1654 quis
1099 1581 1284 1652 opibus
1316 1582 1507 1653 facta.

496 1675 740 1734 IParal.
796 1691 929 1742 ut,
970 1675 1061 1738 22,
1095 1675 1188 1729 23.
1233 1701 1302 1715 ——-
1339 1692 1359 1727 ι
1399 1672 1551 1728 Dixit
1591 1672 1764 1730 David
1796 1671 2007 1730 0mm:

426 1771 505 1827 Da
553 1770 689 1826 mihi
729 1770 910 1826 locum
973 1782 1134 1834 areas,
1189 1774 1246 1821 et
1293 1763 1581 1822 aediﬁcabo
1629 1765 1684 1820 in
1738 1781 1802 1822 ea
1833 1766 2008 1823 altare

427 1864 658 1920 Domino
689 1880 703 1918 :
743 1878 842 1934 pro
875 1860 1112 1933 pecunia
1145 1859 1311 1931 digna
1343 1859 1412 1914 da
1451 1875 1572 1915 eam
1613 1859 1770 1927 mihi,
1805 1867 1861 1915 et
1886 1875 2010 1917 ces-

427 1957 578 2013 sabit
612 1957 773 2028 plaga
828 1969 858 2009 a
899 1953 1126 2026 populo.
1161 1953 1227 2007 Et
1281 1951 1427 2008 dixit
1474 1950 1628 2008 Orna
1672 1952 1740 2007 ad
1787 1951 2006 2010 David:

427 2049 630 2119 Accipe
666 2047 792 2113 tibi,
839 2054 897 2102 et
954 2046 1125 2100 faciat
1181 2044 1439 2100 dominus
1503 2060 1662 2101 meus
1707 2059 1802 2099 rex
1861 2042 2012 2115 quod

428 2143 636 2198 bonum
674 2147 761 2196 est
787 2139 845 2194 in
897 2147 1212 2208 conspectu
1263 2152 1388 2196 suo.
1423 2134 1675 2193 Etdixit
1707 2151 1802 2193 rex
1836 2153 1850 2192 :
1901 2133 2012 2194 Ne-

426 2249 735 2306 quaquam,
789 2246 968 2288 emam
1021 2239 1249 2304 argento
1307 2231 1506 2302 quanti
1552 2230 2014 2303 valuerit:.quia

431 2345 542 2386 non
572 2343 788 2385 sumam
821 2335 914 2382 tua
956 2324 1213 2391 Domino,
1267 2331 1329 2379 ut
1358 2322 1584 2380 oll'eram
1625 2322 2014 2380 holocaustum

431 2422 608 2494 gratis
644 2418 878 2476 Domino
935 2417 1068 2474 Deo.
1133 2416 1200 2472 Et
1257 2416 1412 2473 dedit
1468 2415 1640 2472 David
1695 2415 1859 2474 Ornte
1915 2430 2018 2486 pro

435 2516 558 2570 loco
583 2516 694 2570 isto
736 2512 907 2569 siclos
940 2508 1087 2579 auri,
1118 2508 1386 2582 ponderis
1425 2507 1752 2581 lustissimi,
1784 2523 2017 2566 sexcen-

433 2619 544 2668 tos.
584 2630 602 2663 ι

508 2703 676 2761 Eccli.
723 2717 912 2770 xxxrv,
959 2701 1024 2755 2i
1054 2740 1071 2767 ,
1105 2700 1196 2766 ει,
1236 2698 1329 2756 28.
1376 2731 1448 2742 —
1482 2717 1504 2752 ι
1557 2698 1900 2756 lmmolantis
1952 2715 2021 2756 ex

435 2796 631 2852 iniauo
661 2793 843 2849 hostia
882 2799 1204 2873 contempta
1237 2798 1346 2856 est,
1378 2804 1482 2846 nec
1515 2789 1857 2859 beneplacita
1884 2797 2021 2846 sunt

436 2901 668 2946 munera
711 2887 1059 2958 iniquorum.
1095 2882 1197 2951 Qui
1232 2882 1394 2939 oﬂ‘ert
1425 2882 1765 2940 sacriﬁcium
1791 2897 1859 2938 ex
1892 2882 2024 2939 sub-

439 2983 648 3040 stantia
705 2993 1031 3052 pauperum,
1081 2975 1241 3050 quasi
1297 2976 1390 3048 qui
1449 2976 1700 3031 victimat
1754 2974 1928 3032 lilium
1965 2975 2022 3032 in

2104 466 2271 540 μίσας
2302 465 2576 530 ῖστασθαι,
2607 464 2848 532 ἐξαίσιον
2865 462 3095 536 ὕστερον
3128 460 3334 531 πτῶμα
3365 459 3688 531 καταῤῥαγῇ

2104 561 2257 637 παρὰ
2280 559 2381 633 τὴν
2403 559 2759 634 προσδοκίαν,
2793 555 2890 612 καὶ
2934 553 3245 627 ἐναποθάνῃ
3275 552 3356 624 τῷ
3411 550 3687 620 πτώματι.

2102 656 2202 710 Διά
2231 653 2389 709 τοῦτο
2424 652 2548 707 τότε
2584 651 2821 724 μάλιστα
2849 649 2932 703 δεῖ
2979 647 3262 718 φείδεσθαι
3312 644 3424 699 τῶν
3457 642 3690 718 ἐχθρῶν,

2103 749 2230 805 ὅταν
2256 745 2438 803 αὐτῶν
2455 743 2748 817 γενώμεθα
2779 742 2985 816 κύριοι.

2175 925 2295 982 Κᾶν
2322 921 2426 979 πού
2455 939 2579 978 τινα
2606 918 2852 982 σπανίως
2881 915 3066 990 συμϐῇ
3116 913 3406 970 ἀποκλῖναι
3429 911 3534 984 τῆς
3569 912 3694 984 ἁρε-

2103 1015 2225 1089 τῆς,
2272 1014 2369 1069 καὶ
2421 1012 2504 1083 τῷ
2550 1009 2788 1080 διαϐόλῳ
2829 1008 3210 1081 παραπεσεῖν,
3247 1004 3322 1077 μὴ
3355 1003 3478 1058 θέλε
3507 1002 3696 1057 τοῦτον

2104 1105 2370 1173 δικάζειν,
2402 1106 2497 1160 καὶ
2526 1103 2899 1176 κατακρίνειν.
2924 1099 3093 1155 Φοδοῦ
3121 1099 3180 1154 δὲ
3225 1097 3453 1172 μᾶλλον,
3491 1095 3572 1168 μὴ
3607 1095 3700 1150 καὶ

2109 1216 2175 1254 συ
2183 1197 2641 1271 μπτωματισθῇς.

2173 1291 2401 1364 Χαίρειν
2422 1291 2516 1346 ἐπὶ
2536 1291 2657 1355 ταῖς
2675 1287 2786 1343 τῶν
2826 1286 3037 1360 ἐχθρῶν
3069 1285 3340 1359 ἀτυχίαις,
3386 1286 3438 1340 εί
3487 1283 3588 1339 καὶ
3619 1283 3700 1337 δί-

2108 1385 2265 1442 καιόν
2289 1403 2444 1454 ποτε,
2472 1384 2590 1441 ἀλλ’
2617 1383 2718 1439 οὐκ
2739 1381 3099 1455 ἀνθρώπινον.

2109 1504 2290 1562 ΤΙΤΛ.
2309 1500 2410 1560 ιε’.
2433 1533 2503 1547 -—
2521 1499 3042 1572 Περὶεὺερτεσίας,
3055 1499 3093 1568 ἢ
3111 1494 3466 1568 προσφορᾶς
3486 1495 3560 1561 ἐξ
3586 1494 3706 1550 ἁδί-

2645 1568 2782 1628 κωκ
2796 1568 3141 1642 γινομένης.

2186 1689 2206 1725 ι
2243 1664 2414 1725 Εἶπεν
2435 1666 2599 1723 Δασὶδ
2639 1665 2718 1740 τῷ
2755 1666 2941 1740 Ὀριᾷξ
2993 1663 3091 1727 Δός
3117 1679 3208 1734 μοι
3236 1661 3406 1717 τόπον
3435 1665 3538 1734 τῆς
3569 1663 3702 1726 um.

2040 1730 2084 1788 Β
2112 1765 2206 1821 καὶ
2257 1763 2600 1846 οἰκοδομήσω
2656 1730 2718 1814 ἐν
2771 1730 2914 1830 αότῇ
2944 1730 3332 1828 θυσιαστήριον
3359 1753 3441 1826 τῷ
3486 1730 3704 1825 Κυρίῳ·

2108 1855 2377 1930 ἀργυρίου
2395 1853 2484 1918 δός
2507 1870 2598 1925 μοι
2618 1850 2802 1918 αὐτὸν,
2836 1850 2930 1905 καὶ
2961 1846 3236 1903 παύσεται
3251 1848 3287 1919 ἡ
3310 1846 3495 1919 πληγὴ
3527 1848 3594 1901 ἐκ
3613 1847 3707 1901 τοῦ

2109 1948 2265 2006 λαοῦ.
2288 1947 2400 2002 Καὶ
2424 1941 2579 2002 εἷπεν
2616 1943 2784 2017 Ὀρνᾶ
2811 1940 2951 2016 πρδς
2972 1939 3157 1994 Δαδίδ·
3181 1937 3332 1994 Λάϐε
3354 1935 3597 2009 σεαυτῷ,
3615 1939 3710 1992 καὶ

2113 2041 2398 2114 ποιησάτω
2425 2040 2454 2094 6
2475 2037 2667 2111 κύριός
2694 2053 2796 2108 μου
2819 2036 2849 2092 6
2870 2031 3130 2106 βασιλεὺς
3158 2031 3220 2087 τὸ
3238 2029 3447 2102 ἁγαθδν
3476 2028 3713 2086 ἐνώπιον

2114 2133 2301 2194 αὐτοῦ.
2334 2133 2444 2189 Καὶ
2476 2129 2631 2187 εἶπεν
2658 2131 2688 2185 6
2708 2127 2960 2202 βασιλεύς
2981 2139 2999 2159 ⁵
3028 2125 3165 2197 Οὐχί
3184 2139 3200 2156 ⁸
3223 2123 3342 2179 ἀλλ’
3371 2122 3408 2196 ἢ
3450 2123 3716 2195 ἀγοράσω

2115 2228 2380 2304 ἀργυρίου
2431 2225 2612 2292 ἀξίου,
2646 2222 2813 2279 δτιοῦ
2869 2219 2947 2294 μὴ
2998 2219 3154 2274 λάϐω
3179 2217 3249 2273 τὰ
3295 2216 3366 2272 σὰ
3395 2217 3477 2289 τῷ
3520 2215 3716 2290 Κυρίῳ

2116 2320 2434 2390 ἀνενεγκεῖν
2468 2313 2834 2373 ὁλοκαύτωσιν
2859 2312 3072 2385 mea
3101 2308 3298 2383 Κυρίῳ
3326 2309 3406 2382 τῷ
3433 2308 3583 2381 θεῷ.
3605 2306 3718 2363 Καὶ

2118 2413 2289 2470 ἔδωκε
2338 2409 2504 2468 Δασὶδ
2533 2408 2618 2482 τῷ
2669 2409 2840 2483 ὀρνᾷ
2879 2406 3012 2479 περὶ
3041 2403 3211 2462 τόπου
3267 2401 3435 2459 αὐτοῦ
3488 2401 3726 2467 σίκλους-

2119 2504 2344 2579 χρυσίου
2379 2502 2549 2575 ὁλκῆς
2579 2496 2916 2567 ἑξακοσίους.
2953 2515 2974 2553 ι

2199 2711 2220 2745 ι
2248 2687 2605 2754 Θυσιάζοντος
2627 2679 2908 2757 ἐξξάδίκων
2943 2677 3107 2733 θυσία
3146 2673 3562 2750 μεμωκημένη,
3624 2672 3722 2730 καὶ

2123 2786 2225 2841 οὐκ
2269 2784 2352 2847 είς
2401 2777 2652 2835 εὐδοκίαν
2705 2774 3015 2847 δωρήματα
3093 2771 3334 2842 ἀνόμων.
3373 2769 3554 2825 ,Θύων
3605 2767 3725 2824 υίδν

2127 2876 2309 2931 ἐναντι
2339 2870 2546 2944 πατρὸς
2583 2863 2776 2935 αὐτοῦ,
2807 2863 2984 2928 οὕτως
3029 2863 3060 2917 6
3091 2861 3386 2935 προσάγων
3419 2858 3623 2916 θυσίαν
3659 2860 3725 2915 ἐκ

2127 2967 2430 3042 χρημάτων
2459 2961 2728 3034 πενήτων.
2785 2951 2884 3023 Εἷς
2902 2954 3225 3028 οίκοδομῶν,
3257 2955 3355 3010 καὶ
3402 2950 3485 3017 τίς
3523 2953 3725 3009 καθαι-

438 3045 742 3147 conspectu
772 3045 948 3144 patris
971 3045 1271 3127 sui.'Unus
1298 3045 1610 3136 aediﬁcans,
1643 3075 1701 3124 et
1747 3083 1892 3126 unus
1922 3068 2015 3125 de-

2136 3059 2260 3138 ρῶνο
2286 3059 2371 3124 τίς
2387 3056 2629 3127 ὠφέλεια
2661 3051 2843 3109 πλέων
2870 3050 2906 3123 ἢ
2936 3049 3142 3117 κόπος;
3173 3045 3256 3114 εἷς
3284 3047 3613 3121 εὐχόμενος,
3630 3047 3726 3104 καὶ

441 3181 697 3238 struens;
725 3168 854 3241 quid
886 3165 1118 3240 prodest
1143 3164 1253 3220 illis
1284 3163 1388 3219 nisi
1421 3162 1625 3218 labor?
1649 3160 1806 3218 Unus
1831 3176 2025 3231 orans,

438 3269 496 3319 et
522 3277 669 3318 unus
703 3260 1080 3329 maledicens;
1117 3255 1414 3330 cuiusnam
1463 3271 1655 3314 vocem
1688 3255 1878 3313 audiet
1921 3253 2030 3313 Do-

440 3352 664 3408 minus?
698 3370 719 3405 ι

512 3442 578 3499 8.
618 3442 894 3515 Clirysost.
934 3471 1003 3484 --
1031 3439 1138 3510 Qui
1176 3453 1267 3497 res
1316 3438 1550 3498 alterius
1600 3449 1854 3514 usurpat,
1906 3455 2030 3499 eas-

439 3549 550 3608 que
569 3537 725 3594 alteri
769 3537 990 3603 tribuit,
1019 3551 1130 3592 non
1160 3532 1330 3592 modo
1356 3533 1761 3592 misericordiae
1794 3550 2026 3594 munere

440 3646 552 3688 non
591 3630 862 3702 fungitur,
895 3629 990 3687 sed
1029 3635 1087 3686 et
1116 3626 1451 3701 gravissimo
1478 3627 1690 3685 scelere
1728 3643 1788 3684 se
1818 3629 2025 3685 astrin-

441 3723 545 3795 git.
575 3722 712 3779 Nam
742 3723 789 3780 si
813 3739 880 3780 ex
919 3722 990 3780 iis
1027 3737 1150 3794 quae
1181 3729 1382 3794 praeter
1402 3722 1498 3792 jus
1525 3722 1832 3795 collegisti,
1859 3723 2028 3780 mise~

442 3814 610 3883 reris,
649 3823 702 3872 te
731 3816 920 3888 potius
951 3829 1142 3871 eorum
1168 3815 1450 3881 misereat,
1485 3813 1695 3886 quibus
1728 3814 1904 3873 infers
1945 3818 2029 3872 in-

440 3908 670 3980 iuriam.
706 3909 922 3966 Etenim
958 3908 1008 3966 is
1036 3907 1258 3965 demum
1293 3907 1423 3980 pius
1457 3907 1748 3966 habendus
1776 3916 1885 3976 est,
1916 3925 2025 3967 non

2128 3152 2209 3222 εἷς
2230 3148 2650 3225 καταρώμενος
2680 3146 2826 3214 τίνος
2843 3144 3028 3219 φωνῆς
3045 3141 3427 3201 είσακούσεται
3458 3143 3486 3198 6
3513 3141 3728 3199 Δεσπό-

2129 3267 2308 3326 τηςςι

2213 3435 2274 3488 ’0
2301 3432 2368 3488 τὰ
2395 3429 2583 3504 ἐτέρου
2614 3423 2936 3499 λαμϐάνων,
2984 3420 3084 3477 καὶ
3106 3421 3280 3495 ἑτέρῳ
3313 3416 3490 3483 διδοὺς
3536 3415 3644 3472 οὐκ
3665 3415 3727 3487 ἡ·

2049 3505 2072 3524 .
2130 3529 2348 3601 λέησεν,
2379 3521 2518 3581 ἀλλὰ
2542 3519 2641 3578 καὶ
2664 3519 2927 3592 ἠδίκησεν
2971 3513 3320 3588 ἅδικίαντὴν
3346 3510 3614 3585 ἐσχάτην.
3663 3509 3727 3565 ει

2136 3624 2237 3696 μὲν
2265 3620 2375 3694 γὰρ
2402 3618 2572 3683 ἐλεεῖς
2600 3614 2663 3682 ἐξ
2705 3606 2781 3669 ὧν
2808 3613 3038 3679 ἀδικεῖς,
3087 3607 3312 3681 ἐλέησον
3361 3602 3458 3671 οὓς
3488 3605 3726 3668 ἀδικεῖς.

2133 3715 2382 3789 Εὐσεϐὴς
2425 3711 2534 3785 γὰρ
2562 3711 2794 3775 ἐκεῖνος,
2831 3705 2935 3778 οὐχ
2984 3704 3016 3759 6
3046 3701 3280 3767 πολλοὺς
3307 3698 3498 3768 ἐλεῶν,
3700 3697 3730 3751 6

2138 3808 2305 3883 μηδὲν
2326 3788 2680 3862 ἁδικῶν.Ἐτι
2703 3798 2769 3872 [Ι.
2786 3796 2840 3852 ετ
2853 3795 2932 3870 τι]
2958 3795 3018 3850 δέ
3043 3793 3140 3851 καὶ
3157 3790 3318 3849 πάλιν
3339 3789 3513 3846 ἐλεεῖν
3538 3788 3728 3862 βούλῃ,

2145 3906 2369 3976 ἐλέησον
2407 3898 2516 3956 ἀπὸ
2543 3893 2654 3950 σῶν
2684 3889 2918 3966 καρπῶν
2945 3887 3320 3960 δικαιοσύνης.

443 4007 538 4078 qui
565 4008 866 4064 multorum
899 4008 1254 4074 misereatur,
1287 3979 1388 4063 sed
1429 4006 1525 4079 qui
1579 4005 1859 4064 neminem
1917 4008 2123 4081 injuria
2182 4001 2410 4061 alliciat.
2451 3993 2612 4064 Quod
2663 3992 2711 4049 si
2770 3984 3215 4046 misericordiam
3280 3981 3572 4057 impertire
3612 3979 3728 4056 vis,

446 4106 514 4163 dc
545 4105 780 4178 justitim
819 4105 1100 4163 fructibus
1141 4104 1194 4160 id
1238 4103 1428 4162 facito.

521 4199 578 4253 Sl
611 4197 944 4270 pauperibus
980 4197 1247 4263 seminas,
1289 4211 1413 4268 qua
1463 4205 1556 4253 tua
1593 4207 1723 4255 sunt
1761 4197 2027 4255 semines.

2205 4188 2268 4243 Et
2304 4181 2550 4254 σπείρεις
2579 4174 2836 4247 πτωχοῖς,
2866 4170 2937 4226 τὰ
2970 4166 3198 4226 σεαυτοῦ
3230 4168 3474 4240 σπεῖρον.
3507 4169 3594 4225 Τὰ
3622 4170 3729 4245 γὰρ

452 4291 643 4347 Aliena
696 4290 974 4361 siquidem
1035 4289 1328 4347 acerbiora
1383 4290 1617 4348 zizaniis
1677 4298 1830 4347 sunt.
1894 4288 2015 4344 Nan

2136 4278 2395 4351 ἀλλότρια
2421 4253 2679 4339 ζιζανίων
2730 4264 3052 4338 πικρότερα·
3083 4263 3353 4335 γεωργεῖς
3380 4260 3491 4335 γὰρ
3537 4253 3727 4336 ἀγρὸν,

453 4399 646 4456 agrum
684 4383 822 4440 colis
850 4399 1013 4456 quem
1043 4393 1254 4440 metere
1287 4399 1394 4439 non
1423 4385 1630 4455 possis.

2139 4373 2198 4430 ὃν
2229 4370 2444 4444 θερίσαι
2467 4366 2529 4424 οὑ
2555 4362 2804 4421 δύνασαι.

450 4493 592 4552 Tl'l‘.
618 4489 760 4551 XVI.
794 4528 863 4537 —
891 4495 966 4550 De
1012 4494 1455 4565 redemptoribus.
1495 4503 1546 4548 et
1574 4492 2008 4561 procuratoribus

2137 4484 2474 4565 “TA-JF?“
2493 4479 2721 4565 τ-ηειξι
2755 4471 3113 4565 έρπῖὅαξίὲἴν
3137 4471 3612 4565 fallaciis.
3643 4474 3727 4542 ἐς

769 4567 859 4640 qui
891 4583 946 4623 se
972 4567 1027 4622 in
1051 4566 1254 4621 alienas
1284 4566 1405 4621 (itu
1443 4565 1715 4636 injiciunt.

526 4657 685 4715 Prov.
757 4675 919 4726 nrt,
982 4658 1068 4713 Π.
1103 4688 1175 4700 -
1231 4675 1252 4711 ι
1313 4655 1468 4714 Sicut
1515 4656 1613 4727 qui
1670 4658 2035 4730 apprehendit

453 4754 687 4810 caudam
717 4752 896 4816 canis,
933 4750 1140 4823 sic-qui
1182 4757 1384 4823 praeest
1417 4750 1500 4804 liti
1537 4751 1749 4806 alienae.
1800 4770 1820 4805 ι

528 4843 638 4902 Isa.
685 4858 933 4912 xurnt,
971 4840 1150 4897 '7.--
1195 4858 1216 4895 ι
1277 4839 1586 4896 Consilium
1657 4840 2034 4912 improborum

454 4939 654 5011 iniqua
682 4937 803 4993 vult
833 4956 848 4991 ι
889 4936 1075 4994 delere
1113 4935 1354 4991 humiles
1396 4933 1754 4992 sermonibus
1784 4933 2033 5006 injustis,

456 5041 513 5089 et
539 5031 810 5103 dissipare
832 5045 1117 5086 sermones
1145 5031 1446 5101 pauperum
1478 5027 1533 5083 in
1560 5025 1797 5098 judicio.
1836 5046 1856 5082 ι
1962 5061 1986 5083 .

531 5124 701 5181 Eccli.
732 5139 885 5190 χιιι,
915 5123 1008 5180 26.
1049 5151 1120 5163 —
1145 5139 1164 5176 ι
1201 5120 1312 5191 Qui
1355 5128 1594 5180 conatur
1637 5121 1812 5180 multa
1851 5137 2035 5196 agere,

459 5219 666 5274 incidet
690 5219 746 5273 in
778 5216 1066 5289 judicium.
1108 5235 1128 5272 ι

534 5310 703 5366 Eccti.
730 5325 811 5376 xi,
838 5310 893 5366 9.
923 5341 994 5352 --
1027 5327 1046 5363 ι
1087 5308 1164 5365 De
1192 5307 1414 5381 negotio
1437 5308 1586 5382 quod
1632 5309 1734 5367 tibi
1778 5321 2040 5366 necessa-

462 5406 606 5461 rium
637 5420 748 5462 non
785 5412 895 5474 est,
937 5418 1006 5460 ne
1045 5402 1304 5461 certeris.
1335 5421 1355 5455 ι

2275 4543 2603 4626 ἀλλοτρίας
2638 4543 2814 4615 δίκαζ-
2832 4543 3100 4611 ⁷ἑαυτοὺς
3129 4543 3588 4614 ἐμϐαλλόντων.

2211 4672 2232 4710 ι
2245 4653 2460 4723 Ὠσπερ
2488 4648 2516 4704 6
2533 4643 2758 4719 κρατῶν
2777 4641 2981 4715 κέρκου
3003 4637 3191 4704 κυνὸς,
3207 4636 3382 4702 οὕτως
3395 4637 3428 4692 6
3449 4636 3724 4711 προεστὼς

2135 4746 2427 4821 ἀλλοτρίας
2450 4740 2711 4814 κρίσεως.
2737 4755 2757 4790 ι

2212 4860 2231 4894 ι
2261 4835 2438 4909 Βουλὴ
2468 4834 2578 4890 τῶν
2607 4827 2865 4901 πονηρῶν
2909 4826 3088 4898 ἄνομα
3118 4823 3392 4896 βούλεται,
3426 4824 3725 4894 καταφθεῖ-

2138 4954 2232 5010 ραι
2258 4929 2552 4994 ταπεινοὺς
2577 4928 2638 4982 ἐν
2658 4924 2840 4994 λόγοις
2877 4920 3108 4987 ἀδίκοις,
3139 4918 3235 4974 καί
3263 4917 3621 4975 διασκεδάσαι
3644 4917 3725 4972 λό-

2136 5043 2269 5099 γους
2295 5023 2548 5085 πενήτων
2571 5022 2631 5075 tv
2655 5015 2857 5087 κρίσει.
2894 5032 2914 5068 ι

2221 5120 2281 5175 '0
2310 5115 2525 5172 διώκων
2557 5109 2940 5187 ἐργολάϐειαν,
2971 5104 3300 5177 ἐμπεσεῖται
3329 5103 3412 5170 εἰς
3437 5104 3637 5177 κρίσιν.
3661 5119 3682 5155 ι

2217 5316 2236 5350 ι
2266 5294 2406 5366 Περὶ
2434 5292 2761 5365 πράγματος
2797 5282 2859 5346 οὗ
2897 5289 2997 5344 οὑκ
3023 5286 3137 5343 ἔστι
3159 5304 3243 5342 σοι
3280 5285 3465 5359 χρεία,
3507 5285 3581 5360 μὴ
3611 5282 3722 5358 ἐρί-

2143 5391 2279 5457 θιζε.
2320 5411 2339 5443 ο

462 5517 600 5575 Τίτ.
642 5515 808 5574 XVII.
833 5547 905 5560 -—-
931 5516 1006 5573 De
1039 5515 1220 5587 probis
1245 5514 1528 5585 episcopis,
1572 5523 1623 5570 et
1655 5513 1915 5569 mandata
1941 5511 2015 5568 De

2143 5509 2327 5564 TITA.
2360 5505 2532 5587 iZ'.-—
2545 5500 3042 5587 Περίέσςισζιόποζις
3058 5494 3475 5587 χρηςτιῶκξαί
3502 5495 3719 5568 φυλατ-

1075 5587 1429 5643 servantibus.

539 5676 703 5737 Lcm’t.
739 5695 853 5744 xxi,
875 5679 960 5746 l7,
979 5679 1072 5746 23,
1101 5678 1291 5735 H.-—-¢
1314 5675 1507 5735 Omnis
1527 5671 1768 5735 homo'in
1787 5691 1901 5748 quo
1929 5675 2045 5733 iue-

2444 5566 2670 5632 tdrtrJr
2700 5573 2806 5640 τᾲς
2832 5566 3215 5638 Mamerci)
3243 5566 3414 5624 Θεοῦ.

2223 5690 2241 5724 ι
2267 5672 2379 5736 Πᾶς
2410 5669 2719 5741 ἄνθρωπος,
2738 5657 2786 5736 ᾧ
2809 5661 2928 5738 ἂνῇ
2964 5663 3156 5736 μῶμος
3185 5663 3245 5717 ἐν
3271 5660 3442 5732 αὐτῷ,
3470 5660 3532 5716 οὐ
3562 5672 3716 5732 προσ-

470 5779 540 5835 rit
563 5775 798 5846 macula,
830 5790 941 5833 non
962 5772 1188 5835 accedet
1217 5777 1277 5831 nt
1299 5772 1512 5832 ollcrat.
1532 5773 1710 5834 liomo
1730 5787 1936 5841 caecus,
1961 5787 2015 5830 vc

2152 5766 2430 5820 ελεύσεται
2461 5760 2812 5836 προσφέρειν.
2853 5757 3181 5832 Ἀνθρωπος
3216 5753 3436 5828 τυφλὸς,
3473 5753 3510 5826 ἢ
3538 5749 3714 5828 χωλρς,
