3930 6248
364 404 502 471 Ϊ537

1529 487 1532 489 _
1574 405 1812 469 SACRA
1849 403 2318 469 PARALLELA.

3511 360 3746 470 1533’

359 517 397 587 ἢ
430 513 734 587 κολοδὸριν,
796 514 830 588 ἢ
869 513 1215 589 ἁπότμητος,
1269 516 1304 592 ἢ
1357 509 1404 588 ᾧ
1455 517 1525 574 ἂν
1565 514 1600 596 ᾖ
1634 517 1952 593 σύντριμμα

2079 519 2326 586 :laudus,
2366 514 2450 573 vel
2489 530 2625 574 uaso
2676 516 2952 584 mutilato,
2989 516 3074 573 vel
3119 515 3348 574 auribus
3397 527 3654 590 amputa-

363 606 548 679 χειρὸς
567 605 602 677 ἢ
630 605 812 672 ποδὸς.
843 606 877 678 ἦ
903 609 1126 681 κυρτὸς.
1160 607 1196 680 ἢ
1227 608 1424 683 Emito;
1450 610 1579 674 τοὺς
1607 610 1961 682 ὀφθαλμοὺς,

361 699 398 772 ἢ
423 697 667 765 πτιλλός,
694 699 730 773 ἦ
763 692 808 769 ᾧ
835 699 906 755 ἂν
1006 703 1067 756 ὲν
1094 699 1248 776 αύτῷ
1276 700 1440 776 ψὼρα
1467 703 1663 775 ἀγρία,
1690 704 1725 775 ἢ
1756 703 1966 777 λειχὴν,

361 789 398 863 ἢ
430 789 707 863 μονόρχις,
749 790 812 845 ού
857 792 1181 864 προσετγιεῖ
1221 789 1317 848 τοῦ
1349 795 1746 865 προσενεγκεῖν
1772 792 1968 857 θυσίας

363 881 578 956 Κυρίῳ,
633 881 717 938 δτι
749 880 944 954 μῶμος
978 883 1038 937 ἐν
1080 880 1251 955 αύτῷ.
1287 882 1426 938 ’Δπδ
1478 882 1591 938 τῶν
1635 881 1827 956 δώρων
1857 881 1968 939 τῶν

362 975 538 1046 ἀγίων
565 974 824 1048 φάγεται,
851 973 994 1048 πλὴν
1016 975 1153 1048 πρὸς
1183 974 1247 1030 τδ
1272 975 1677 1048 καταπέτασμα
1698 976 1761 1030 ού
1792 992 1967 1048 προσ-

363 1065 670 1134 ελεύσεται,
701 1068 795 1124 καὶ
826 1067 964 1141 πρὸς
1006 1067 1068 1122 τδ
1114 1067 1511 1141 θυσιαστήριόν
1542 1085 1644 1140 μου
1673 1067 1776 1123 οὐκ
1818 1068 1970 1138 ἐγγί-

364 1159 472 1227 ζει.
492 1155 735 1213 Γυναῖκα
764 1159 975 1233 πόρνην
1015 1158 1110 1214 καὶ
1143 1158 1538 1234 βεϐηλωμένην
1573 1160 1638 1215 ού
1670 1159 1962 1233 λήψονται,

363 1255 450 1308 δτι
474 1252 622 1325 ἃτιοι
645 1250 806 1308 είσίν.
842 1269 864 1306 ι

447 1452 469 1487 ι
507 1434 570 1488 οι
607 1432 778 1506 ἱερεῖς
835 1449 930 1489 σου
963 1432 1276 1490 ἑνδύσονται
1329 1434 1716 1511 δικαιοσύνην,
1774 1436 1872 1491 καὶ
1913 1433 1965 1490 oi

370 1526 509 1582 δσιοί
542 1541 639 1580 σου
667 1524 985 1596 ἀγαλλιάσει
1007 1525 1456 1597 ἀγαλλιάσονται.
1485 1547 1504 1581 ι

449 1639 470 1674 ι
497 1619 760 1687 Γνωστῶς
789 1620 1075 1694 ὲπιγνώσῃ
1096 1620 1276 1694 ψυχὰς
1303 1622 1557 1694 ποιμνίου
1591 1639 1710 1690 σου,
1736 1621 1833 1679 καὶ
1854 1621 1968 1679 imp
2021 1627 2023 1629 ’

375 1716 595 1789 στήσεις
623 1713 855 1788 καρδίαν
889 1731 984 1770 σου
1005 1718 1128 1780 σαῖς
1152 1714 1402 1788 ἀγέλαις.
1439 1734 1459 1769 ι

2070 610 2168 676 tis,
2202 608 2290 666 vel
2325 607 2641 679 cuicunque
2688 607 2860 680 διο
2916 607 3084 664 fixerit
3134 608 3400 666 contritio
3454 624 3656 666 manus

2069 706 2167 756 aut
2210 699 2392 771 pedis,
2427 699 2515 756 vel
2568 698 2864 770 gibbosus,
2910 698 2997 755 vel
3047 698 3282 770 ephelus
3332 699 3535 763 oculis,
3567 700 3658 756 vel

2067 791 2434 858 maculosus;
2463 789 2549 847 vel
2584 791 2750 848 homo
2783 791 2839 847 in
2883 805 2997 863 quo
3044 790 3214 848 fuerit
3247 791 3466 849 scabies
3497 805 3664 864 agre-

2069 883 2195 952 stis,
2226 883 2314 940 vel
2351 883 2636 956 impetigo,
2673 881 2763 939 vel
2791 883 2960 939 unius
2998 883 3267 952 testiculi,
3306 900 3417 941 non
3450 901 3658 960 appro-

2067 975 2363 1050 pinquabit
2399 978 2467 1033 ad
2518 974 2859 1032 oﬂerendum
2914 975 3191 1032 sacrificia
3232 975 3490 1045 Domino,
3522 979 3654 1050 quia

2068 1070 2286 1127 macula
2313 1077 2400 1126 est
2429 1069 2485 1125 in
2518 1084 2606 1126 eo.
2649 1069 2730 1125 Ex
2769 1068 2935 1125 donis
2966 1068 3182 1125 sanctis
3209 1069 3464 1126 comedet
3500 1090 3516 1127 :
3557 1087 3656 1128 vc-

2068 1169 2385 1220 rumtamcn
2409 1161 2481 1219 ad
2510 1159 2692 1218 velum
2719 1176 2832 1218 non
2862 1160 3116 1228 accedet,
3159 1170 3214 1218 et
3239 1162 3307 1218 ad
3339 1163 3516 1219 altare
3543 1178 3655 1220 non

2067 1254 2875 1334 appropinquabit...Mulierem
2898 1256 3244 1312 meretricem
3275 1264 3329 1314 et
3358 1256 3652 1329 profanam

2068 1361 2180 1404 non
2201 1348 2504 1420 accipient,
2541 1347 2807 1419 quoniam
2847 1348 3028 1403 sancti
3059 1357 3213 1405 sunt.
3244 1368 3264 1402 ι

2138 1438 2290 1496 Prol.
2339 1454 2542 1506 cxxxr,
2591 1423 2659 1496 9:
2686 1467 2756 1481 —-
2802 1457 2822 1493 ι
2860 1437 3191 1498 Sacerdotes
3222 1441 3300 1497 tui
3353 1441 3658 1498 induantur

2063 1528 2365 1603 justitiam,
2391 1539 2448 1589 et
2483 1532 2661 1588 sancti
2689 1531 2771 1588 tui
2799 1529 3174 1588 exsultatione
3201 1533 3581 1590 exsultabunt.
3630 1554 3650 1588 ι

2141 1623 2308 1680 Prov.
2355 1639 2549 1690 xxm,
2597 1624 2791 1680 23.-—-
2822 1640 2843 1678 ι
2900 1621 3050 1681 Scite
3084 1639 3393 1698 cognosces
3442 1624 3657 1682 animas

2068 1715 2287 1787 pecoris
2344 1713 2450 1783 tui,
2506 1720 2564 1773 et
2609 1729 2786 1788 pones
2844 1728 2945 1772 cor
3006 1722 3167 1772 tuum
3229 1731 3399 1789 super
3461 1733 3657 1791 greges

2070 1815 2220 1866 tuos.
2265 1825 2285 1862 ι
2559 1811 2564 1819 ’

447 1916 467 1950 ι
487 1896 814 1972 Ποιμαίνετε
857 1899 929 1952 τὰ
959 1897 1212 1970 πρόϐατα
1254 1897 1356 1971 τῆς
1412 1897 1653 1970 σφαγῆς,
1685 1897 1722 1954 a
1749 1897 1799 1953 οί
1830 1915 1965 1971 κτη-

2144 1901 2312 1957 Zach.
2356 1917 2448 1967 xi,
2479 1901 2535 1957 4.
2565 1933 2635 1945 -
2671 1920 2692 1958 ι
2727 1900 2946 1961 Pascite
2979 1918 3112 1962 oves
3149 1903 3483 1970 occisionis,
3511 1919 3656 1977 quas

373 1990 600 2061 σάμενοι
639 1988 1006 2060 κατέσφαζον,
1057 1993 1151 2046 καὶ
1195 1990 1256 2045 ού
1319 1988 1740 2062 μετεμελοῦντο,
1790 1990 1888 2046 καὶ
1914 1992 1964 2045 oi

369 2083 682 2149 πωλοῦντες
701 2083 842 2138 αύτά
864 2083 1050 2154 ἔλεγον
1075 2100 1088 2115 ·
1122 2083 1431 2155 Εὐλογητὸς
1461 2083 1690 2156 Κύριος,
1736 2085 1833 2139 καὶ⁵
1862 2101 1964 2137 πε-

369 2179 787 2251 πλουτήκαμεν,
843 2179 944 2234 καὶ⁵
969 2179 1021 2232 οί
1066 2176 1330 2251 ποιμένες
1359 2176 1541 2234 αὐτῶν
1575 2177 1677 2233 ούκ
1724 2179 1964 2251 ἔπασχον

365 2269 525 2324 οὐδὲν
556 2268 645 2322 ἐπ’
676 2268 885 2334 αὐτοῖς.

447 2380 467 2414 ι
488 2362 584 2416 Υἱὲ
629 2360 946 2434 ἀνθρώπου,
1003 2360 1211 2416 σκοπὸν
1239 2359 1451 2416 δέδωκά
1479 2345 1652 2434 σείτῷ
1681 2359 1816 2432 οἴκῳ
1858 2360 1962 2416 Ἰσ-

370 2455 534 2529 ραὴλ,
570 2456 666 2510 καὶ
687 2454 921 2511 ἀκοῦσαι
949 2455 1016 2510 bc
1045 2454 1144 2510 τοῦ
1190 2455 1461 2528 στόματός
1494 2473 1596 2528 μου
1627 2455 1809 2525 λόγον,
1867 2453 1964 2508 καὶ

367 2548 671 2605 διαστεῖλαι
726 2547 913 2614 αὐτοῖς
961 2548 1098 2621 παρ’
1129 2548 1287 2621 ἐμοῦ.
1332 2548 1420 2603 Ἐν
1449 2549 1528 2620 τῷ
1554 2547 1758 2617 ,λέγειν
1789 2565 1860 2618 με
1884 2545 1964 2619 τῷ

365 2642 580 2716 ἀνόμῳ,
604 2640 948 2714 ἀποστρέψαι
981 2641 1092 2697 ἀπὸ
1114 2640 1223 2696 τῶν
1252 2640 1390 2696 ὁδῶν
1415 2640 1582 2696 αὐτοῦ
1612 2641 1709 2695 τοῦ
1739 2640 1842 2714 ζῇν
1865 2641 1964 2695 αύ⁸

365 2735 483 2789 τόν·
515 2735 614 2789 ἐὰν
646 2736 674 2790 ὀ
701 2735 907 2807 ἄνομος
935 2735 1142 2799 ἐκεῖνος
1174 2735 1242 2808 τῇ
1266 2734 1452 2808 ἀδικίᾳ
1486 2733 1652 2789 αύτοῦ
1686 2732 1966 2805 ἀποθάνη-

366 2844 485 2895 ται,
515 2826 577 2884 τδ
600 2820 740 2900 αἷμα
767 2825 934 2881 αύτοῦ
959 2830 1024 2882 ὲκ
1053 2827 1156 2899 τῆς
1188 2825 1375 2902 χειρός
1395 2844 1488 2881 σου
1515 2826 1823 2899 ἑκζητήσω.
1852 2825 1964 2880 Καὶ

371 2916 440 2972 σὺ
470 2917 568 2973 ἐὰν
583 2917 864 2991 διαστείλῃ
903 2917 982 2991 τῷ
1011 2916 1220 2994 ἀνόμῳ,
1247 2918 1344 2975 καὶ
1379 2918 1456 2992 μὴ
1482 2916 1804 2990 ἀποστρέψῃ
1854 2916 1964 2972 ἀπὸ

368 3013 474 3085 τῆς
499 3010 730 3085 ἀνομίας
759 3009 948 3078 αὑτοῦ,
1001 3011 1062 3066 ὲν
1091 3013 1159 3084 τῇ
1217 3009 1406 3083 ἀδικίᾳ
1456 3009 1622 3066 αὐτοῦ
1673 3008 1964 3065 ἀποθανεῖ-

367 3122 484 3170 ται,
506 3104 603 3158 καὶ
626 3103 692 3158 σὺ
721 3103 821 3177 τὴν
841 3101 1025 3175 ψυχήν
1051 3119 1147 3158 σου
1179 3102 1342 3177 ῥύσῃ.
1381 3102 1490 3158 Καὶ
1507 3103 1567 3157 ἐν
1591 3100 1671 3175 τῷ
1703 3101 1966 3175 ἀποστρέο

2065 1995 2160 2068 qui
2194 1995 2589 2067 possederunt,
2649 1996 3087 2066 interliciebant,
3141 2007 3198 2056 et
3249 2012 3360 2054 non
3417 1998 3656 2069 agebant

2066 2090 2497 2163 pmnitentiam;
2548 2099 2605 2148 et
2656 2090 2756 2163 qui
2817 2091 3133 2149 vendebant
3177 2107 3296 2160 eas,
3349 2091 3653 2148 dicebant:

2064 2184 2396 2242 Benedictus
2446 2184 2738 2251 Dominus,
2790 2192 2849 2243 et
2885 2184 3093 2242 divites
3149 2183 3283 2241 facti
3327 2199 3551 2250 sumus,
3582 2182 3657 2240 'et

2064 2286 2320 2352 pastores
2353 2294 2550 2336 earum
2579 2278 2717 2335 nihil
2746 2276 3102 2350 patiebantur
3139 2292 3310 2350 super
3340 2276 3444 2335 eis.
3486 2296 3508 2332 ι

2134 2369 2332 2428 Each.
2372 2385 2474 2435 ιιι,
2506 2369 2697 2427 l7-2l.
2730 2397 2801 2410 —-
2836 2386 2857 2421 ι
2895 2366 3002 2423 Fili
3037 2367 3304 2435 hominis,
3342 2369 3650 2440 speculato-

2064 2479 2182 2522 rem
2214 2463 2340 2520 dedi
2402 2471 2458 2521 te
2488 2462 2674 2518 domui
2715 2460 2919 2527 Israel,
2973 2469 3029 2519 et
3080 2471 3142 2518 ut
3187 2461 3383 2518 audias
3431 2478 3504 2519 ex
3557 2448 3657 2519 ore

2063 2568 2188 2611 meo
2212 2553 2464 2619 verbum,
2493 2560 2549 2608 et
2595 2551 2888 2624 praecipias
2927 2551 3011 2609 eis
3052 2566 3120 2607 ex
3161 2567 3270 2607 me.
3322 2550 3382 2607 Si
3435 2550 3657 2608 dicente

2062 2662 2152 2704 me
2183 2647 2251 2702 ad
2282 2645 2561 2718 iniquum,
2597 2653 2657 2700 ut
2694 2651 2982 2700 avertatur
3012 2659 3042 2699 a
3073 2645 3181 2700 viis
3207 2644 3348 2712 suis,
3381 2653 3436 2701 ut
3466 2644 3654 2709 vivat;

2064 2739 2112 2797 si
2151 2739 2383 2811 iniquus
2411 2738 2503 2794 ille
2535 2737 2592 2794 in
2641 2737 2933 2810 iniquitate
2980 2751 3084 2794 sua
3139 2744 3400 2793 mortuus
3461 2735 3653 2802 fuerit,

2063 2828 2390 2901 sanguinem
2436 2827 2559 2899 ejus
2612 2827 2682 2884 de
2733 2843 2900 2884 manu
2950 2836 3047 2885 tua
3098 2828 3406 2899 requiram.
3458 2826 3656 2884 Sin'tu

2063 2919 2392 2991 prazceperis
2424 2920 2649 2992 iniquo,
2686 2933 2787 2974 nec
2821 2933 3126 2976 conversus
3161 2919 3324 2976 fuerit
3353 2935 3419 2977 ex
3451 2919 3659 2991 iniqui-

2063 3018 2174 3069 tate
2203 3027 2326 3078 sua,
2366 3009 2424 3066 in
2461 3009 2734 3082 injustitia
2770 3025 2872 3068 sua
2909 3011 3194 3079 morietur,
3229 3019 3287 3069 et
3312 3020 3370 3068 tu
3407 3013 3655 3068 animam

2065 3112 2214 3159 tuam
2257 3101 2546 3161 liberabis.
2591 3101 2657 3157 Et
2691 3117 2817 3158 cum
2851 3104 3116 3159 averterit
3151 3119 3210 3159 se
3236 3105 3448 3174 justus,
3475 3111 3532 3161 et
3567 3102 3656 3160 fe-

369 3214 495 3269 φειν
525 3197 754 3264 δίκαιον,
776 3197 874 3252 καὶ
893 3197 1113 3268 ποιήσει
1139 3197 1519 3269 παράπτωμα,
1556 3197 1614 3250 ἐν
1633 3197 1754 3261 ταῖς
1785 3195 1966 3268 ἁμαρ·

2079 3196 2208 3253 cerit
2237 3194 2523 3261 delictum,
2553 3195 2609 3251 in
2643 3193 2892 3266 peccatis
2937 3192 3055 3250 suis
3091 3194 3383 3262 morietur,
3415 3208 3483 3250 eo
3509 3195 3658 3267 quod

367 3290 517 3354 τίαις
546 3288 712 3344 αὑτοῦ
739 3288 1113 3358 ἀποθανεῖται,
1161 3288 1296 3344 διότι
1330 3289 1389 3346 ού
1425 3287 1500 3362 μὴ
1549 3288 1869 3362 μνησθῶσιν
1905 3289 1965 3342 αῖ

369 3383 712 3439 δικαιοσύναι
739 3382 928 3449 αὐτοῦ,
952 3383 1049 3438 καὶ
1072 3382 1133 3438 eo
1157 3377 1300 3456 αἷμα
1333 3383 1399 3438 ἐκ
1422 3383 1524 3454 τῆς
1545 3381 1729 3455 χειρός
1763 3399 1856 3437 σου
1873 3381 1966 3436 ἑκ-

369 3475 615 3548 ζητήσω.
659 3474 785 3530 Ἐὰν
811 3473 867 3528 δὲ
894 3473 1172 3547 διαστείλῃ
1194 3473 1272 3546 τῷ
1309 3474 1503 3547 δικαίῳ
1529 3469 1624 3528 τοῦ
1662 3473 1738 3546 μὴ
1776 3474 1965 3546 ἀμαρ-

369 3569 578 3633 τάνειν,
603 3568 668 3622 σὺ
697 3567 794 3642 τὴν
826 3568 1056 3624 σεαυτοῦ
1083 3567 1261 3641 ψυχὴν
1298 3567 1458 3640 ῥύσῃ.
1487 3586 1510 3621 ι

448 3680 470 3714 ι
495 3656 655 3719 Οἶνον
679 3662 737 3717 ού
770 3661 845 3733 μὴ
889 3661 1053 3716 πίωσι
1086 3662 1196 3725 πᾶς
1220 3661 1399 3731 ἱερεὺς
1445 3655 1504 3714 ιι
1533 3658 1612 3732 τῷ
1645 3656 1965 3731 εἰσπορεύε-

373 3751 505 3807 σθαι
537 3752 701 3808 αὐτὸν
731 3754 812 3816 εἱς
832 3752 934 3824 τὴν
961 3751 1129 3823 αύλὴν
1157 3752 1458 3825 ἐσωτέραν.
1498 3751 1592 3806 Ἐκ
1618 3752 1838 3806 πάντων
1854 3750 1966 3807 τῶν

370 3844 645 3919 ἀπαρχῶν
667 3844 824 3915 ὑμῶν
851 3847 964 3908 τοῖς
982 3843 1218 3914 ἱερεῦσιν
1258 3843 1431 3899 ἔσται.
1473 3863 1492 3898 ι

451 3958 472 3991 ι
495 3938 562 3993 Οἱ
589 3935 924 4010 φυλάξαντες
953 3935 1117 4000 ὁσίως
1155 3935 1226 3991 τὰ
1257 3935 1398 4003 ὅσια,
1424 3936 1836 4010 ὁσιωθήσονται,
1869 3937 1964 3992 καὶ

368 4031 427 4086 oi
455 4029 797 4103 διδαχθέντες
818 4027 982 4094 αὐτὰ,
1012 4020 1340 4100 εὑρήσουσιν
1363 4026 1682 4098 ἀπολογίαν.
1709 4046 1728 4081 ι

452 4233 474 4268 ι
507 4213 601 4287 Μὴ
623 4213 778 4287 ζήτει
807 4213 956 4284 παρά
987 4211 1179 4282 κυρίου
1232 4211 1582 4284 κηδεμονίαν,
1619 4209 1759 4286 μηδὲ
1810 4210 1962 4286 παρά

287 4344 308 4351 η
374 4309 644 4382 βασιλέως
690 4308 962 4380 καθέδραν
999 4307 1179 4380 δόξης.
1212 4308 1301 4362 Ἐν
1349 4306 1445 4379 ὅλῃ
1484 4305 1632 4380 ψυχῇ
1668 4322 1764 4360 σου
1798 4305 1964 4361 εὐλα-

371 4401 472 4456 σοῦ
496 4401 588 4457 τὸν
613 4399 840 4474 Κύριον,
878 4400 1123 4462 καὶτοὺς
1154 4399 1320 4471 ἱερεῖς
1351 4397 1521 4453 αὐτοῦ
1551 4395 1801 4470 θαύμαζε
1827 4435 1844 4453 .
1873 4396 1964 4452 Ἐν

371 4496 476 4567 ὅλῃ
493 4493 722 4566 δυνάμει
762 4510 857 4548 σου
877 4490 1069 4560 δόξαζε
1115 4490 1209 4547 τὸν
1235 4492 1543 4564 ποιήσαντά
1563 4509 1648 4557 σε,
1688 4491 1786 4546 καὶ
1835 4489 1964 4556 τοὺς

2067 3305 2182 3347 non
2224 3297 2389 3346 erunt
2421 3288 2478 3344 in
2515 3288 2783 3344 memoria
2813 3287 3047 3358 iustitiae
3095 3287 3290 3356 illius;
3336 3296 3392 3345 et
3429 3290 3659 3361 sangui-

2068 3397 2191 3439 nem
2231 3382 2354 3454 ejus
2384 3381 2453 3438 de
2492 3397 2658 3438 manu
2700 3389 2797 3437 tua
2832 3381 3138 3453 requiram.
3187 3379 3248 3438 Si
3297 3392 3480 3439 autem
3516 3397 3661 3454 prae-

2067 3473 2283 3544 ceperis
2328 3473 2483 3546 iusto
2538 3481 2598 3530 ut
2646 3489 2759 3531 non
2813 3482 3030 3547 peccet,
3093 3482 3154 3530 tu
3209 3474 3452 3533 animam
3505 3483 3659 3534 tuam

2068 3566 2358 3624 liberabis.
2402 3586 2422 3621 ι

2135 3659 2331 3714 Ezech.
2361 3673 2512 3725 xLiv,
2543 3660 2636 3730 2i,
2668 3660 2836 3717 '50.-—
2870 3679 2889 3714 ι
2924 3658 3129 3717 Vinum
3157 3675 3267 3718 non
3292 3660 3445 3719 bibet
3474 3663 3657 3718 omnis

2066 3753 2355 3819 sacerdos,
2390 3753 2618 3826 quando
2643 3753 2988 3826 ingredietur
3030 3752 3086 3808 in
3147 3751 3353 3808 atrium
3397 3751 3655 3810 interius.

2065 3847 2145 3904 Ex
2169 3847 2429 3905 omnibus
2469 3847 2734 3920 primitiis
2767 3847 2999 3915 vestris,
3032 3845 3423 3903 sacerdotibus
3457 3846 3585 3903 erit.
3629 3864 3647 3897 ι

2135 3939 2264 4011 Sap.
2296 3955 2387 4008 vi,
2427 3940 2511 3996 li.
2540 3967 2612 3982 —-
2647 3958 2667 3993 ι
2709 3938 2815 4006 Qui
2867 3938 3023 4010 justa
3069 3937 3464 4006 custodierint,
3516 3951 3652 3996 san-

2064 4033 2510 4089 ctiﬁcabuntur:
2566 4039 2622 4088 et
2685 4033 2783 4104 qui
2829 4029 3132 4088 didicerint
3185 4028 3318 4099 ista,
3370 4017 3657 4093 invenient

2061 4125 2199 4199 quid
2229 4124 2622 4197 respondeant.
2661 4142 2684 4178 ι

2139 4216 2306 4274 Eccli.
2342 4233 2443 4284 vn,
2483 4217 2541 4287 4,
2573 4217 2663 4272 3|.
2691 4247 2761 4260 —
2790 4235 2810 4270 ι
2845 4213 2972 4272 Noli
3013 4229 3265 4286 quaerere
3321 4214 3390 4271 ab
3428 4213 3652 4272 homine

2062 4310 2350 4374 ducatum,
2406 4325 2588 4381 neque
2646 4323 2836 4380 arege
2892 4307 3216 4364 cathedram
3274 4307 3527 4366 honoris.
3591 4307 3650 4365 in

2063 4410 2180 4458 tota
2228 4403 2408 4458 anima
2432 4411 2523 4457 tua
2557 4416 2748 4475 quaere
2781 4398 3097 4466 Dominum,
3133 4410 3187 4455 et
3226 4399 3550 4455 sacerdotes
3581 4402 3647 4455 il-

2064 4495 2176 4552 lius
2214 4495 2456 4566 suscipe.
2499 4493 2554 4549 lu
2584 4495 2736 4550 omni
2791 4493 2997 4563 virtute
3047 4501 3138 4547 tua
3203 4491 3447 4564 gloriﬁca
3489 4493 3644 4547 illum

369 4588 722 4661 λειτουργοὺς
757 4585 921 4642 αὑτοῦ
973 4585 1049 4659 μὴ
1079 4585 1476 4659 ἐγκαταλίπῃς.
1508 4584 1682 4641 Φοϐοὖ
1707 4584 1802 4641 τὸν
1841 4583 1957 4639 K6-

2079 4588 2159 4660 ιιιί
2186 4586 2316 4644 fecit
2345 4596 2419 4652 te,
2455 4596 2508 4643 et
2536 4587 2822 4643 ministros
2849 4584 2970 4657 ejus
3003 4601 3074 4641 ne
3089 4583 3463 4653 derelinquas.
3494 4583 3648 4638 Time

376 4699 517 4758 ριον,
564 4683 660 4736 καὶ
675 4681 898 4747 δόξασον
945 4677 1118 4752 ἱερέα,
1149 4679 1244 4735 καὶ
1273 4677 1363 4743 δὸς
1388 4678 1489 4750 τὴν
1527 4676 1728 4750 μερίδα
1752 4675 1960 4744 αὐτῶν,

372 4774 560 4842 καθὼς
599 4773 907 4829 ἐνετείλατό
932 4791 1034 4828 σοι.
1077 4790 1098 4826 ι

455 4886 476 4921 ι
501 4862 845 4939 Ἦγούμενόν
857 4883 916 4920 σε
945 4864 1322 4938 κατέστησανς
1345 4862 1421 4936 μὴ
1450 4860 1882 4935 ἑπαίρου.Γίνου
1902 4861 1964 4918 ἐν
2006 4873 2014 4882 ’

373 4962 560 5026 αὐτοῖς
602 4963 680 5027 ὡς
710 4955 791 5026 εἷς
821 4960 883 5027 ἐξ
935 4959 1138 5015 αὐτῶν.
1165 4958 1456 5033 Ιιρόντισον
1493 4957 1705 5024 αὐτῶν,
1745 4957 1840 5011 καὶ
1869 4956 1963 5011 ού-

373 5075 485 5121 τως
539 5054 794 5123 κάθισον,
854 5054 952 5112 καὶ
1004 5056 1188 5109 πᾶσαν
1241 5052 1340 5126 τὴν
1367 5047 1561 5124 χρείαν
1595 5068 1690 5105 σου
1726 5051 1988 5122 ποιήσας,

374 5149 672 5216 ἀνάπεσον,
706 5149 796 5203 ἶνα
847 5147 1160 5220 εύφρανθῇς
1195 5145 1262 5200 δι’
1302 5143 1537 5211 αὐτοὺς,
1574 5145 1672 5197 καὶ
1712 5142 1962 5207 εὐδοκίας

374 5243 538 5317 χάριν
567 5241 740 5314 λάϐῃς
761 5240 856 5296 τὸν
888 5239 1174 5309 στέφανον.
1194 5257 1214 5290 ι

453 5353 474 5388 ι
522 5331 725 5388 Ἐλθὼν
761 5332 791 5386 δ
851 5328 1057 5402 Ἰησοῦς
1085 5331 1167 5394 είς
1212 5327 1284 5384 τὰ
1317 5327 1461 5402 μέρη
1486 5325 1827 5399 Καισαρείας
1861 5325 1964 5398 τῆς

369 5426 666 5492 Φιλίππου,
692 5443 711 5478 ι
745 5423 841 5479 καί⁴
861 5422 930 5478 τὰ
948 5420 1132 5476 λοιπά.

449 5539 470 5575 ι
501 5517 671 5576 Εἵπεν
704 5519 734 5573 δ
777 5516 983 5590 Κύριος
1008 5513 1085 5588 τῷ
1118 5511 1332 5586 Πέτρῳ·
1363 5513 1549 5584 Σίμων
1586 5511 1761 5577 Ἰωνᾶ,
1819 5509 1963 5580 ἀγα-

375 5629 487 5680 πρις
517 5629 616 5680 in;
656 5631 676 5666 ³

421 5614 485 5763 Gs,
517 5629 776 5776 ἰἐιέξὲἷιετο
809 5700 1141 5776 φιλονείκεια
1180 5700 1240 5754 ἐν
1267 5701 1380 5762 τοῖς
1427 5692 1837 5768 μαθηταῖς,·τίς
1859 5692 1960 5748 αύο

375 5800 489 5861 τῶν
513 5798 661 5854 δοκεῖ
694 5793 833 5853 εἶναι
884 5794 1104 5868 μείζων.
1144 5792 1203 5848 ⁸0
1231 5790 1292 5848 δὲ
1325 5788 1535 5863 Ἰησοῦς
1574 5784 1729 5846 εἶπεν
1752 5786 1960 5852 αὐτοῖςο

383 5894 450 5952 0i
489 5890 729 5970 βασιλεῖς
767 5887 878 5949 τῶν
911 5887 1084 5947 ἐθνῶν
1114 5881 1607 5958 κατακυριεύουσιν
1634 5880 1836 5951 αὐτῶν,
1869 5879 1962 5937 καὶ

2066 4680 2379 4745 Dominum,
2413 4687 2468 4736 et
2501 4680 2712 4736 honora
2747 4678 3117 4744 sacerdotem,
3167 4686 3221 4733 et
3260 4675 3331 4731 da
3381 4675 3495 4732 illis
3520 4690 3650 4748 par-

2063 4778 2173 4827 tem
2205 4784 2363 4826 suam
2389 4769 2537 4826 sicut
2569 4769 2861 4826 mandavit
2892 4767 3019 4825 tibi.
3054 4786 3075 4820 ι

2133 4861 2304 4918 Eccli.
2346 4877 2533 4928 xxxii,
2569 4862 2775 4918 l-3.-—
2809 4879 2828 4914 ι
2877 4859 3169 4917 Rectorem
3209 4866 3264 4917 te
3294 4860 3651 4932 posuerunt?

2063 4954 2180 5011 noli
2212 4952 2409 5009 extolli
2445 4961 2607 5012 :esto
2645 4954 2702 5010 in
2747 4952 2859 5009 illis
2897 4952 3046 5010 sicut
3080 4967 3226 5008 unus
3251 4967 3317 5009 ex
3348 4952 3506 5023 ipsis.
3537 4951 3649 5008 Cu-

2064 5060 2182 5101 ram
2213 5045 2434 5099 illorum
2469 5044 2631 5109 habe,
2665 5053 2718 5101 et
2741 5041 2824 5100 sic
2845 5041 3099 5113 conside;
3132 5054 3186 5102 et
3206 5045 3355 5101 omni
3388 5059 3522 5100 cura
3549 5051 3646 5099 tua

2063 5136 2318 5208 explicita
2351 5135 2633 5201 recumhc,
2668 5142 2729 5189 ut
2765 5133 2971 5192 laeteris
3010 5143 3238 5206 propter
3273 5135 3417 5201 illos,
3461 5139 3518 5188 et
3551 5132 3648 5188 be-

2065 5225 2394 5283 nevolentia
2429 5225 2662 5295 gratiam
2697 5223 2939 5293 accipias
2977 5237 3263 5279 coronam.
3300 5240 3319 5274 ι

2135 5319 2332 5376 ﬂuuii.
2368 5334 2455 5373 va
2478 5358 2492 5382 ,
2528 5317 2619 5372 l3.
2648 5346 2718 5358 —-
2749 5333 2772 5369 ι
2813 5315 2975 5369 Venit
3014 5312 3180 5369 .lesus
3215 5313 3272 5368 in
3303 5317 3490 5384 partes
3528 5309 3647 5366 Ca:-

2024 5451 2036 5465 -
2061 5429 2234 5472 sal-eae
2261 5410 2518 5482 Philippi,
2557 5428 2578 5464 ι
2613 5416 2667 5465 et
2691 5423 2815 5481 qua:
2843 5418 3176 5479 sequuntur.

2129 5504 2297 5562 Joan.
2331 5519 2463 5570 xxi,
2495 5501 2594 5587 l6.
2627 5531 2699 5544 —
2736 5520 2755 5554 ι
2796 5499 2945 5554 Dixit
2987 5498 3152 5556 Jesus
3190 5495 3401 5554 Petro:
3449 5493 3646 5553 Simon

2061 5596 2222 5666 Iona,
2272 5596 2458 5669 diligis
2491 5611 2578 5651 me
2609 5595 2734 5667 plus
2777 5593 2906 5649 his?
2946 5611 2966 5644 ι
3003 5600 3115 5648 etc.
3648 5668 3651 5671 _

2133 5692 2261 5748 Luc.
2293 5704 2405 5746 χιιι
2429 5731 2444 5757 ,
2478 5687 2546 5742 24
2590 5703 2731 5759 seqq.
2764 5715 2833 5726 -
2869 5705 2888 5739 ι
2924 5682 3092 5740 Facta
3133 5689 3218 5741 est
3240 5678 3527 5740 contentio
3558 5680 3648 5738 in-

2061 5793 2150 5843 ter
2177 5781 2516 5854 discipulos,
2558 5779 2692 5851 quis
2719 5791 2912 5834 eorum
2949 5776 3231 5833 videretur
3273 5788 3401 5830 esse
3440 5771 3644 5844 major.

2061 5876 2228 5939 Iesus
2259 5884 2446 5936 autem
2476 5871 2616 5930 dixit
2643 5871 2766 5929 eis:
2800 5869 2978 5944 Reges
3003 5867 3250 5946 gentium
3282 5863 3644 5924 dominantur
