3930 6248
457 337 595 410 1539

1675 356 1739 419 S.
1777 354 2096 421 IOANNIS
2133 355 2565 428 DAMASCENI

3566 363 3674 434 1540

449 473 664 554 eorum,
697 467 756 517 et
784 458 882 532 qui
913 437 1242 535 potestatem
1272 464 1481 526 habent
1503 426 1672 543 super
1694 487 1815 539 eos,
1850 474 2007 530 bene-

2124 471 2175 524 oi
2193 471 2605 539 ἐξουσιάζοντες
2629 471 2816 533 αὐτῶν
2844 471 3134 549 εὐεργέται
3169 473 3486 537 καλοῦνται.
3512 481 3677 554 ,Ὑμεῖς

451 550 544 608 ilci
569 562 863 612 vocamur.
902 553 1014 636 Vos
1049 564 1256 617 autem:
1272 572 1382 620 non
1425 561 1510 617 sic
1531 563 1695 620 :ised
1722 563 1822 635 qui
1850 565 2029 637 major

422 645 625 703 estin
646 647 834 714 vobis,
884 648 982 706 θοι
1031 649 1182 708 sicut
1213 651 1432 723 minor;
1471 663 1527 712 et
1574 656 1694 729 qui
1722 673 2030 730 praecessor

445 745 556 807 est,
595 739 748 813 sicut
794 740 1164 802 ministrator.
1203 742 1342 805 Nam
1391 745 1516 819 quis
1564 744 1741 820 major
1780 758 1892 825 est,
1930 751 2028 822 qui

444 831 745 900 recumbit,
788 848 858 890 an
893 834 988 907 qui
1016 835 1341 895 ministrat?
1383 839 1769 914 nonnesll
1793 841 1901 916 qui
1931 859 2029 901 re-

443 925 701 984 cumbit?
731 926 847 1000 Ego
873 938 1057 987 autem
1082 929 1141 986 iu
1171 931 1356 990 medio
1381 942 1631 991 vestrum
1667 951 1791 993 sum
1816 980 1833 1006 ,
1869 936 2026 996 sicut

441 1020 538 1092 qui
568 1020 872 1081 ministrat.
915 1024 950 1079 ἰ
1862 1098 1864 1100 ν

512 1114 646 1172 Luc.
674 1129 788 1185 xu,
817 1118 1015 1175 37-42.
1044 1132 1116 1164 -—‘-
1147 1137 1168 1174 ι
1201 1119 1356 1178 Beati
1387 1120 1536 1180 servi
1576 1122 1660 1180 illi
1700 1137 1869 1197 quos,
1897 1139 2024 1181 cum

439 1212 663 1267 venerit
696 1210 985 1280 Dominus,
1029 1215 1312 1274 invenerit
1341 1217 1658 1290 vigilantes.
1693 1219 1870 1276 Amen
1897 1219 2026 1277 dico

411 1300 622 1368 vobis,
658 1303 811 1374 quod
851 1307 1151 1379 praecinget
1196 1322 1282 1378 se,
1318 1316 1376 1367 et
1415 1310 1582 1367 faciet
1612 1311 1740 1371 illos
1779 1313 2025 1370 discum-

438 1392 592 1460 bere,
641 1404 699 1453 et
731 1399 1009 1457 transiens
1061 1401 1408 1459 ministrabit
1451 1403 1584 1460 illis.
1647 1405 1798 1462 Dixit
1841 1413 2022 1463 autem

438 1487 710 1547 Dominus
743 1509 759 1549 :
795 1491 954 1560 Quis,
995 1502 1186 1573 putas,
1216 1504 1305 1552 est
1345 1495 1528 1554 ﬁdelis
1577 1497 1932 1570 dispensator
1969 1508 2026 1556 et

438 1581 708 1652 prudens,
738 1576 904 1657 quem
941 1588 1244 1646 constituet
1276 1588 1534 1647 dominus
1562 1606 1728 1664 super
1758 1591 2022 1649 familiam

437 1689 618 1742 suam,
658 1685 720 1733 ut
754 1678 852 1734 det
887 1677 1000 1738 illis
1038 1680 1106 1736 in
1157 1687 1407 1752 tempore
1450 1681 1626 1737 tritici
1667 1682 2024 1738 mensuram?

437 1765 640 1824 Beatus
680 1767 774 1826 ille
824 1784 1020 1841 servus
1078 1785 1266 1844 quem,
1316 1786 1443 1828 cum
1480 1772 1695 1829 venerit
1733 1772 2016 1841 dominus,

2127 563 2186 619 δὲ
2205 563 2304 636 οὐχ
2328 563 2526 634 οὕτως’
2556 563 2694 623 ἀλλὰ
2721 568 2752 622 6
2791 564 2999 639 μείζων
3038 570 3099 626 ἓν
3148 570 3281 643 ὖμῖν
3321 573 3676 644 γενόσθωῶςό

2126 656 2414 730 νεώτερος,
2433 659 2532 717 καὶ
2561 659 2592 713 6
2610 658 2921 733 ἡγούμενος
2962 659 3043 725 ὡς
3089 651 3444 723 όδιακονῶν.
3464 666 3554 733 Τίς
3586 670 3680 744 γὰρ

2128 746 2415 819 μείζων,ό
2463 748 2847 821 ἀνακείμενος,
2876 750 2912 826 ἢ
2939 752 2976 807 .6
3005 751 3305 824 διακονῶνς
3351 755 3472 828 οὐχὶ
3514 759 3544 815 ό
3566 759 3678 816 ἀνα-

2126 838 2412 911 κείμενοςι
2455 839 2600 910 Ἐγὼ
2626 840 2688 900 δι
2711 842 2832 915 εἰμι
2881 841 2944 900 ιν
2982 843 3325 919 μσῳιῦμῶν
3352 847 3432 915 ὡς
3470 849 3501 904 ό
3524 849 3682 909 διακο-

2124 949 2253 991 νων.
2292 951 2313 989 ι

2203 1127 2224 1167 ι
2266 1110 2546 1186 Μακάριοι
2580 1114 2633 1169 οί
2671 1113 2852 1172 δοῦλοι
2880 1115 3104 1186 ικετνοι,
3141 1117 3238 1184 οὓς
3266 1117 3440 1179 mihi)
3463 1118 3493 1174 6
3518 1120 3682 1196 κύριος

2126 1205 2352 1278 εὑρήσει
2390 1207 2835 1280 γρηγοροῦντας.
2893 1210 3071 1285 ’Δμὴν
3107 1212 3254 1285 λέγω
3302 1215 3460 1286 ὑμῖν,
3485 1216 3565 1272 ὅτι
3598 1233 3686 1274 πτ-

2127 1298 2439 1370 ριζὼσεται,
2471 1303 2568 1372 καὶ
2600 1302 2884 1360 ἀνακλινεῖ
2912 1306 3134 1373 αὐτοὺς,
3160 1308 3256 1363 καὶ
3277 1309 3564 1382 παρελθὼν
3583 1311 3684 1368 δια-

2124 1393 2346 1464 κονήσει
2391 1394 2597 1461 αὐτοῖς.
2633 1391 2783 1462 Eine
2822 1398 2882 1452 δὲ
2923 1383 3166 1470 Κύριος·
3215 1400 3316 1466 Τίς
3349 1402 3468 1475 ἄρα
3511 1405 3687 1463 ἐστὶνό

2125 1485 2318 1552 πιστὸς
2361 1486 2648 1562 οἰκονόμος
2701 1487 2800 1557 καὶ
2855 1491 3140 1564 φρόνιμος,
3169 1491 3248 1547 ’ὃν
3294 1495 3628 1568 καταστήσει
3661 1499 3696 1553 6-

2124 1582 2318 1655 κύριος
2351 1584 2446 1640 ἐπὶ
2467 1585 2571 1658 τῆς
2591 1586 2894 1660 θεραπείας
2909 1589 3080 1648 αὐτοῦ
3107 1588 3208 1644 τοῦ
3233 1587 3426 1647 δοῦναι
3451 1592 3512 1647 ὲν
3531 1592 3688 1665 καιρῷ

2121 1676 2183 1730 τδ
2203 1679 2582 1752 σιτομέτριον;
2614 1681 2906 1754 Μακάριος
2933 1683 2966 1738 6
2986 1681 3181 1750 ’δοῦλος
3211 1684 3431 1751 ἐκεῖνος
3448 1687 3507 1742 δν
3538 1686 3691 1746 nos»

2121 1770 2151 1823 6
2182 1767 2391 1842 κύριος,
2425 1771 2591 1828 αὐτὸν
2635 1774 2863 1848 εὑρήσει
2908 1774 3171 1843 ποιοῦντα
3200 1775 3400 1844 οὕτως.
3468 1779 3687 1852 ⁹Δληθῶς

435 1872 561 1915 eum
616 1838 894 1917 invenerit
943 1862 1028 1920 sic
1087 1862 1402 1919 facientem.
1450 1862 1592 1919 Vere
1650 1861 1777 1918 dico
1835 1863 2007 1930 vobis,

2121 1836 2266 1934 Mysi
2300 1836 2453 1936 ὑμίν,
2478 1865 2566 1924 ὅτι
2593 1836 2853 1924 lui
2872 1870 2990 1935 τοῖς
3027 1836 3375 1943 ὑπάρχουσιν
3397 1836 3688 1929 αὐτοῦ’καί

434 1951 700 2021 quoniam
755 1967 926 2026 super
978 1953 1170 2010 omnia
1233 1968 1357 2027 quae
1409 1953 1660 2028 possidet
1711 1955 2027 2011 constituet

431 2055 580 2101 eum.
612 2060 634 2096 ο
1062 2082 1063 2085 η
1174 2103 1186 2115 ,
1542 2098 1547 2103 .
1814 2094 1816 2096 τ

501 2137 626 2194 Act.
657 2153 754 2203 xx,
783 2137 976 2194 ωδε.
1010 2169 1082 2182 -
1104 2155 1126 2192 ι
1156 2135 1456 2197 Contestor
1477 2153 1575 2197 vos
1596 2139 1870 2198 hodierna
1900 2140 2014 2208 die,

429 2234 563 2303 quia
598 2220 840 2288 mundus
885 2246 1009 2288 sum
1054 2246 1088 2289 a
1117 2231 1396 2305 sanguine
1437 2233 1689 2289 omnium
1737 2240 2013 2293 vestrum.

428 2321 552 2385 Non
613 2324 763 2380 enim
831 2324 1189 2397 subterfugi,
1256 2325 1564 2397 quominus
1619 2327 2015 2384 annuntiarem

428 2415 590 2473 vobis
632 2430 801 2473 omne
842 2415 1146 2474 consilium
1184 2415 1301 2475 Dei.
1337 2417 1625 2476 Attendite
1652 2432 1794 2492 ergo
1833 2418 2014 2489 vobis,

426 2516 485 2566 ct
513 2510 783 2568 universo
812 2511 988 2586 gregi,
1015 2512 1071 2567 in
1105 2527 1215 2585 quo
1243 2527 1342 2570 vos
1373 2512 1620 2584 Spiritus
1653 2521 1885 2572 sanctus
1915 2528 2016 2587 po-

427 2605 546 2658 suit
577 2604 873 2675 episcopos
911 2619 1111 2675 regere
1139 2603 1446 2660 Ecclesiam
1481 2604 1600 2671 Dei,
1621 2621 1788 2677 quam
1824 2607 2015 2678 acqui-

426 2696 559 2754 sivit
588 2698 860 2769 sanguine
903 2684 1027 2753 suo.
1062 2695 1227 2752 Nunc
1255 2696 1590 2753 commendo
1620 2712 1741 2766 vos,
1785 2697 2010 2769 fratres,

424 2788 564 2856 Deo,
591 2799 660 2847 et
685 2789 853 2846 verbo
878 2791 1072 2862 gratia:
1099 2789 1302 2862 ipsius,
1343 2789 1438 2862 qui
1489 2799 1684 2863 potens
1711 2799 1798 2848 est
1840 2791 2015 2850 acditi.-

425 2897 581 2953 carc,
616 2891 673 2942 et
707 2885 842 2943 dare
870 2884 1256 2943 hereditatem
1295 2884 1354 2942 in
1381 2885 1771 2964 sanctificatis.
1807 2903 1830 2940 ι

458 3083 461 3086 ί
510 3111 533 3172 ἰ
562 3112 819 3173 Thermi.
841 3127 878 3170 ll
901 3152 918 3181 ,
947 3112 1065 3172 ι-ε.
1102 3091 1175 3156 4-
1201 3129 1222 3167 ‹
1257 3111 1341 3170 Ita
1365 3111 1674 3186 loquimur,
1711 3127 1825 3172 non
1850 3113 2011 3185 quasi

2115 1973 2184 2011 τα
2192 1958 2377 2031 στήσει
2410 1958 2595 2018 αὐτόν.
2634 1977 2658 2016 ι

2191 2162 2213 2196 ε
2260 2143 2718 2220 Διαμαρτύρομαι
2767 2145 2901 2220 ὑμῖν
2931 2148 2996 2206 δν
3025 2149 3093 2224 τῇ
3124 2149 3367 2225 σήμερον
3387 2151 3596 2228 ἡμέρᾳ,
3617 2152 3694 2211 δτι

2116 2235 2362 2310 καθαρός
2389 2239 2506 2311 εἰμι
2523 2240 2635 2295 ἀπὸ
2659 2238 2757 2296 τοῦ
2781 2242 3023 2314 αἵματος
3043 2243 3264 2300 πάντων
3291 2245 3478 2319 ὑμῶν.
3501 2249 3575 2303 Οὐ
3596 2249 3694 2322 γάρ

2116 2327 2525 2404 ὑπεστειλάμην
2579 2332 2677 2389 τοῦ
2710 2335 2787 2408 μὴ
2831 2335 3155 2409 ἀναγγεῖλαι
3203 2341 3336 2412 ὑμῖν
3371 2343 3562 2396 πᾶσαν
3603 2342 3692 2415 τὴν

2069 2433 2071 2436 ’
2115 2421 2315 2497 βουλὴν
2335 2424 2442 2479 τοῦ
2471 2425 2634 2483 Θεοῦ.
2665 2427 2973 2502 Προσὴίετε
3000 2425 3096 2486 οῦν
3128 2433 3371 2500 ἑαυτοῖς,
3411 2436 3514 2490 καὶ
3542 2436 3695 2490 παντὶ

2111 2516 2193 2588 τῷ
2225 2520 2486 2594 ποιμνίῳ,
2517 2521 2577 2576 ὲν
2628 2515 2673 2591 ᾧ
2714 2522 2860 2595 ὑμᾶς
2892 2524 2954 2579 τὸ
2999 2522 3239 2599 Πνεῦμα
3265 2525 3329 2582 τὸ
3358 2527 3526 2598 ἅγιον
3553 2528 3695 2584 ἔθετο

2114 2613 2451 2680 ἐπισκόπους
2480 2617 2796 2688 ποιμαίνειν
2825 2619 2926 2692 τήν
2961 2620 3294 2695 Ἐκκλησίαν
3320 2622 3422 2702 τοῦ
3451 2622 3613 2691 Θεοῦ,
3635 2624 3697 2696 ήν

2115 2710 2548 2782 περιεποιήσατο
2569 2711 2657 2770 διὰ
2679 2713 2780 2769 τοῦ
2809 2712 2939 2768 ἰδίου
2962 2714 3218 2788 αἰματος.
3249 2716 3364 2772 Καὶ
3391 2715 3567 2771 τανῦν
3596 2733 3694 2772 πα-

2117 2801 2378 2875 ρατίθημι
2412 2804 2582 2875 ὑμᾶς,
2622 2805 2873 2879 ἀδελφοὶ,
2901 2806 2982 2882 τῷ
3017 2807 3158 2881 Θεῷ,
3191 2809 3285 2881 καὶ
3311 2800 3394 2881 τῷ
3422 2809 3574 2882 λόγῳ
3605 2810 3700 2881 τῆς

2039 2928 2044 2932 -
2113 2894 2340 2968 χάριτος
2366 2898 2556 2966 αὑτοῦ,
2580 2899 2660 2972 τῷ
2686 2901 2972 2975 δυναμένῳ
2996 2903 3097 2958 καὶ
3123 2901 3309 2961 δοῦναι
3330 2904 3478 2977 tiva
3505 2902 3698 2977 κληρο-

2114 2989 2310 3061 νομίαν
2337 2991 2401 3047 ἰν
2432 2995 2551 3059 τοῖς
2573 2995 2959 3070 ἡγιασμένοις.
2995 3015 3016 3051 ι

2190 3126 2208 3158 ι
2246 3105 2432 3174 Οὕτως
2458 3108 2755 3182 λαλοῦμεν,
2786 3110 2884 3186 οὐχ
2901 3111 2978 3178 ὡς
3008 3073 3324 3186 ἀνθρώποις
3347 3113 3700 3188 ἀρέσκοντες,

421 3207 748 3268 hominibus
798 3206 1105 3280 placentes,
1138 3204 1239 3265 sed
1277 3204 1413 3274 Deo,
1460 3205 1556 3278 qui
1591 3206 1790 3278 probat
1838 3205 2007 3262 corda

2120 3197 2251 3253 ἀλλὰ
2298 3201 2376 3277 τῷ
2408 3201 2530 3275 Θεῷ
2581 3203 2662 3277 τῷ
2707 3203 3058 3279 δοκιμάζοντι
3088 3205 3189 3272 τὰς
3242 3205 3487 3281 καρδίας
3528 3207 3697 3280 ἡμῶν.

422 3310 636 3360 nostra.
669 3301 864 3375 Neque
893 3302 1043 3378 enim
1071 3301 1378 3375 aliquando
1410 3301 1622 3363 fuimus
1655 3304 1713 3358 in
1751 3297 2010 3374 sermone

421 3395 785 3464 adulationis,
836 3395 987 3452 sicut
1017 3395 1199 3465 scitis,
1244 3410 1428 3469 neque
1463 3396 1522 3453 in
1548 3395 1846 3455 occasione
1875 3411 2010 3452 ava-

419 3490 564 3548 ritia:
591 3487 763 3561 (Deus
786 3485 971 3546 testis
1005 3487 1138 3560 est),
1177 3503 1282 3545 nec
1311 3494 1623 3561 quaerentes
1659 3487 1728 3544 ab
1762 3487 2006 3544 homini-

417 3581 524 3641 bus
557 3582 814 3655 gloriam,
846 3599 1030 3657 neque
1061 3598 1095 3640 a
1136 3583 1320 3651 vobis,
1368 3597 1548 3654 neque
1577 3583 1649 3638 ah
1675 3581 1841 3651 aliis;
1876 3597 2003 3640 cum

419 3691 712 3748 possemus
746 3677 900 3735 vobis
932 3678 1092 3735 oneri
1118 3691 1267 3745 esse,
1315 3683 1582 3748 tanquam
1614 3674 1826 3734 Christi
1871 3691 2005 3749 apo-

416 3772 589 3831 stoli:
624 3771 722 3834 sed
752 3770 890 3834 (seti
932 3786 1132 3830 sumus
1173 3771 1232 3829 in
1273 3770 1458 3828 medio
1503 3769 1704 3842 vestri,
1737 3778 2001 3844 tanquam

415 3864 694 3937 si-nutrix
725 3865 907 3925 foveat
947 3865 1094 3926 filios
1129 3881 1285 3925 suos.
1324 3883 1345 3920 ι

505 3963 696 4041 ι’ΐίηι.
737 3999 838 4050 tu,
885 3981 915 4037 l
969 3997 1116 4054 seqq.
1148 3999 1266 4034 -ι
1325 3979 1385 4036 Si
1439 3979 1567 4053 quis
1617 3973 1998 4050 episcopatum

415 4063 724 4144 desiderat,
777 4077 989 4132 bonum
1043 4090 1186 4147 opus
1237 4073 1542 4132 desiderat.
1605 4071 1837 4144 Oportet
1866 4087 1999 4143 ergo

413 4176 737 4248 episcopum
781 4172 1329 4246 irreprehcnsihilem
1379 4185 1525 4239 esse,
1578 4170 1750 4227 unius
1804 4171 1997 4226 uxoris

411 4272 615 4336 virum,
650 4269 927 4335 sobrium,
971 4278 1256 4333 ornatum,
1282 4265 1640 4338 hospitalem,
1679 4265 1995 4332 doctorem,

412 4378 524 4420 nou
555 4361 922 4426 vinolentum,
961 4374 1070 4415 non
1103 4371 1516 4431 percussorem,
1549 4355 1647 4413 sed
1674 4357 1848 4427 magis
1874 4370 1997 4412 mo-

409 4456 652 4521 destum,
687 4467 800 4509 non
837 4451 1126 4523 cupidum,
1166 4465 1284 4507 sua:
1318 4448 1510 4507 domui
1553 4449 1692 4505 bene
1726 4449 1995 4521 praeposi-

2109 3293 2250 3351 Οῦτε
2286 3297 2398 3370 γάρ
2425 3315 2558 3354 ποτε
2586 3300 2648 3359 ὲν
2674 3299 2820 3374 λόγῳ
2849 3301 3146 3368 κολακείας
3193 3303 3578 3376 ἐγενήθημεν,
3609 3321 3701 3359 κα-

2108 3385 2218 3454 θὼς
2247 3388 2445 3457 οἴδατε,
2472 3389 2597 3446 οὔτε
2625 3391 2686 3448 ἐν
2712 3395 2987 3467 προφάσει
3011 3393 3351 3465 πλεονεξίας,
3385 3396 3533 3463 Θεὸς
3562 3399 3700 3471 μάρ-

2104 3500 2225 3550 τυς,
2263 3479 2391 3538 οὔτε
2442 3482 2734 3558 ζητοῦντες
2759 3487 2820 3562 ιξ
2871 3487 3179 3562 ἀνθρώπων
3211 3487 3398 3558 δόξαν,
3436 3489 3568 3546 οῦτε
3610 3490 3698 3565 ἀφ’

2105 3575 2280 3648 ὑμῶν,
2302 3575 2426 3632 οὔτε
2455 3577 2784 3658 suum”
2813 3579 3100 3655 δυνάμενοι
3134 3584 3193 3638 ὲν
3232 3582 3397 3657 βάρει
3425 3580 3596 3652 εἶναι,
3628 3583 3700 3649 ὡς

2103 3668 2347 3742 Χριστοῦ
2375 3671 2665 3744 ἀπόστολοι
2684 3689 2701 3704 ο
2734 3674 2851 3730 ἀλλ’
2883 3676 3226 3750 ἐγενήθημεν
3250 3679 3312 3734 ὲν
3350 3678 3519 3752 μέσῳ
3551 3679 3700 3753 ὑμῶν

2102 3763 2178 3829 ὡς
2200 3765 2296 3821 ἐὰν
2321 3766 2519 3838 τροφὸς
2559 3766 2743 3844 θάλπη
2769 3769 2837 3827 τὰ
2864 3769 3064 3843 ἑαυτῆς
3084 3770 3275 3829 τέκνα.
3306 3790 3327 3827 ι

2179 3988 2198 4023 r
2241 3970 2309 4026 Et
2340 3989 2427 4037 τις
2454 3973 2765 4050 ἐπισκοπῆς
2788 3976 3063 4050 ὀρέγεται,
3090 3963 3465 4056 καλοῦῑργου
3506 3982 3697 4040 ἐπιθυ-

2102 4067 2216 4135 μεῖ.
2247 4067 2341 4121 Δεῖ
2376 4066 2472 4122 οὖν
2491 4068 2582 4123 τὸν
2610 4069 2916 4127 ἐπίσκοπον
2945 4072 3321 4146 ἀνεπίληπτον
3347 4061 3530 4146 εἶναι,
3573 4079 3696 4152 μιᾶς

2097 4159 2360 4228 γυναικὸς
2411 4161 2603 4234 ἄνδρα,
2636 4162 2921 4237 νηφάλιον,
2968 4165 3237 4240 κόσμιον,
3277 4168 3593 4240 φιλόξενον,
3620 4172 3695 4228 δι-

2097 4252 2375 4322 δακτικδν,
2432 4255 2512 4327 μὴ
2550 4256 2834 4330 πάροινον,
2870 4259 2946 4335 μὴ
2980 4260 3253 4335 πλήκτην,
3291 4264 3426 4321 ὰλλῗ
3470 4267 3691 4342 ἐπιεικῆ

2091 4345 2324 4416 μᾶλλον,
2349 4347 2748 4423 ἀφιλάργυρον,
2769 4351 2867 4406 τοῦ
2893 4351 3026 4410 ἰδίου
3042 4355 3193 4412 οῐκου
3212 4349 3406 4424 καλῶς
3429 4363 3694 4434 προϊστά-

2098 4453 2284 4509 μενον,
2310 4439 2479 4494 τέκνα
2509 4440 2703 4513 ἔχοντα
2738 4443 2801 4500 ὲν
2827 4445 3077 4520 ὑποταγῇ
3109 4447 3280 4523 πολλῇ
3324 4453 3484 4523 μετὰ
3512 4456 3692 4524 πάσης

409 4557 552 4617 tum,
607 4546 756 4603 filios
809 4544 1110 4601 habentem
1162 4542 1421 4600 subditos
1465 4541 1524 4597 in
1574 4541 1750 4596 multa
1807 4541 1994 4634 subje-

2120 4531 2449 4634 rfpvdrqrog.
2480 4535 2546 4592 Εἰ
2575 4535 2637 4590 δέ
2659 4553 2744 4606 τις
2770 4538 2868 4594 τοῦ
2893 4539 3024 4596 ἰδίου
3056 4541 3209 4602 οἴκου
3238 4545 3561 4619 προστῆναι
3594 4549 3690 4604 οὐκ

407 4643 593 4699 ctione
630 4655 757 4697 cum
792 4637 948 4696 omni
983 4637 1263 4694 castitate.
1305 4635 1364 4691 Si
1409 4635 1537 4707 quis
1571 4643 1755 4690 autem
1801 4633 1990 4691 domui

2120 4619 2238 4682 »ἴδεν
2264 4668 2280 4696 ,
2318 4628 2438 4695 πῶς
2509 4627 2838 4702 Ἐκκλησίας
2910 4632 3047 4693 Θεοῦ
3099 4636 3557 4715 ἑπιμελήσεται;
3614 4641 3687 4698 οι

407 4749 522 4793 suae
552 4746 793 4804 praeesse
822 4729 1040 4800 nequit,
1085 4727 1367 4800 quomodo
1412 4726 1669 4784 Ecclesia:
1713 4727 1808 4785 Dei
1859 4727 1990 4784 dili-

407 4825 649 4900 gentiam
682 4822 910 4879 habebit
928 4823 958 4878 τ
1000 4819 1125 4878 Non
1153 4821 1520 4893 neophytum,
1551 4835 1622 4877 ne
1677 4822 1735 4876 in
1786 4835 1988 4891 super-

405 4919 554 4975 biam
592 4917 796 4982 elatus,
842 4917 900 4971 in
929 4915 1198 4986 judicium
1238 4913 1451 4971 incidat
1493 4913 1723 4971 diaboli.
1758 4912 1990 4987 Oportet

406 5023 590 5072 autem
619 5021 673 5068 ct
702 5010 858 5068 illum
886 4996 1271 5067 testimonium
1316 5009 1525 5064 habere
1564 5009 1770 5064 bonum
1817 5009 1887 5066 ab
1917 5010 1987 5066 iis

403 5111 500 5182 qui
532 5107 669 5164 foris
703 5092 857 5173 sunt,
915 5120 985 5162 ne
1039 5105 1097 5161 in
1137 5103 1509 5176 Opprobrium
1559 5104 1786 5171 incidat,
1833 5114 1886 5162 et
1927 5106 1984 5162 in

403 5207 662 5277 laqueum
697 5201 926 5259 diaboli.
975 5218 996 5254 ι

485 5364 667 5428 ITim.
701 5381 754 5431 ν,
782 5363 874 5418 ‘22.
916 5388 984 5401 -ι
1016 5379 1036 5414 ι
1068 5361 1263 5417 Manus
1305 5361 1418 5417 cito
1453 5360 1660 5416 nemini
1700 5363 1980 5435 imposne.

395 5461 500 5528 ris,
523 5474 700 5528 nequc
739 5456 1240 5513 communicaveris
1279 5456 1524 5527 peccatis
1553 5455 1772 5516 alienis.
1810 5457 1982 5531 Τείρ-

399 5573 522 5613 sum
551 5567 767 5613 castum
796 5551 1039 5608 custodi.
1077 5569 1098 5604 ι

471 5675 583 5730 Tit.
623 5687 680 5737 ι,
716 5673 769 5726 7.
801 5701 871 5712 ——
915 5688 932 5723 ι
969 5670 1200 5743 Oportet
1235 5670 1557 5744 episcopum
1590 5675 1712 5730 sine
1743 5674 1978 5731 crimine

398 5785 543 5836 esse,
593 5768 740 5822 sicut
787 5765 995 5824 Christi
1039 5769 1353 5839 apostolum
1406 5775 1460 5823 et
1512 5766 1973 5840 dispensatorem,

392 5874 501 5917 non
553 5865 876 5933 superbum,
915 5876 1025 5919 non
1072 5861 1426 5923 iracundum.
1464 5877 1576 5921 non
1608 5863 1973 5934 vinolentum,

2096 4722 2373 4791 νεόφυτον,
2412 4723 2501 4779 ἵνα
2536 4723 2613 4798 μὴ
2639 4726 2934 4796 τυφωθεὶς,
2981 4729 3065 4795 εἰς
3111 4731 3290 4805 κρίμα
3317 4733 3548 4809 ἐμπέσῃ
3589 4734 3684 4790 τοῦ

2093 4813 2369 4873 διαϐόλου.
2400 4817 2582 4873 agree
2624 4817 2720 4901 καὶ
2763 4822 3077 4894 μαρτυρίαν
3117 4824 3294 4899 καλήν
3324 4827 3484 4900 ἔχειν
3524 4829 3687 4884 αὑτὸν

2094 4906 2202 4962 ἀπὸ
2234 4907 2342 4964 τῶν
2366 4909 2589 4978 ἔξωθεν,
2627 4910 2714 4967 ινα
2751 4912 2830 4988 μὴ
2853 4915 2937 4980 εἰς
2961 4917 3271 4991 ὀνειδισμὸν
3299 4920 3534 4998 ἐμπέσῃ
3589 4922 3684 4978 καὶ

2093 5002 2300 5072 παγίδα
2331 5002 2428 5058 τοῦ
2451 5003 2724 5064 διαδόλου.
2757 5027 2802 5064 ο,

2167 5380 2186 5415 ι
2217 5326 2422 5434 Χεῖρας
2449 5364 2663 5436 ταχέως
2694 5366 2887 5438 μηδενὶ
2937 5368 3192 5436 ἐπιτίθει,
3239 5370 3374 5442 μηδὲ
3425 5370 3674 5428 κοινώνει

2092 5451 2388 5544 ἁμαρτίαις
2414 5453 2748 5528 ἀλλοτρίαις.
2801 5456 3026 5521 Ἑαυτὸν
3060 5461 3224 5530 ἁγνὸν
3249 5462 3435 5533 τήρει.
3473 5484 3497 5519 ι

2162 5702 2180 5736 ι
2223 5685 2314 5738 Δεῖ
2336 5684 2430 5739 τὸν
2454 5683 2752 5739 ἐπίσκοπον
2779 5684 3113 5759 ἀνέγκλητον
3141 5679 3404 5752 εἷναι,ὼς
3423 5685 3668 5760 ,Χριστοῦ

2087 5777 2387 5832 ἀπόστολον
2421 5778 2516 5833 καὶ
2555 5778 2842 5852 οἰκονόμον
2868 5796 2882 5810 ·
2920 5779 2997 5853 μή
3053 5779 3283 5853 αὐθάδη,
3321 5779 3400 5853 μὴ
3424 5780 3662 5853 ὀργίλον.

2087 5869 2163 5945 μή
2194 5872 2471 5946 πάροινον,
2532 5873 2604 5928 wh
2655 5873 2941 5968 aliptva
2978 5873 3055 5948 μὴ
3090 5874 3490 5950 αἰσχροκερδῆ,
3531 5864 3658 5932 ἀλλᾶ
