4020 6262
143 1883 190 1897 ο·
259 1864 552 1937 ἐπιμέλεια
592 1861 856 1920 πλειόνων
895 1863 1044 1919 ἐστὶν
1077 1859 1377 1936 ὑπηρεσία.
1415 1861 1508 1927 Ὦς
1538 1855 1634 1917 οὖν
1658 1861 1688 1915 δ
1726 1859 1857 1915 πολ-

262 357 407 428 1541

1496 358 1738 421 SACBA
1796 354 2261 419 PARALLELA.
2327 407 2329 409 .

3413 360 3556 443 15's?

266 475 544 547 φιλόξενον
573 465 601 543 ,’
661 473 982 548 φιλάγαθον,
1032 435 1310 552 σώφρονα,
1357 475 1572 532 δίκαιον
1596 487 1630 544 ,’
1668 459 1850 545 ὅσιον,

1960 485 2070 527 non
2115 474 2686 542 percussorem,_uon’
2717 470 2898 544 turpis
2937 472 3080 530 lucri
3127 474 3415 547 cupidum,
3440 440 3554 536 "sed

266 572 533 646 ἐγκρατῆ.
575 592 596 626 ι

339 772 362 811 ι
404 754 612 830 Μηδείς
659 771 755 810 σου
810 751 1214 829 περιφρονείτω
1240 753 1341 826 τῆς
1370 752 1645 825 νεότητος.
1694 751 1861 808 Ὑπο-

265 846 547 922 μίμνησκε
567 848 767 913 αὐτοὺς
791 848 990 922 ἀρχαῖς
1007 846 1110 903 ’καὶ
1130 845 1408 914 ἐξουσίαις
1432 844 1856 913 ὑποτάττεσθαι,

261 940 606 1017 πειθαρχεῖν,
637 940 780 1016 πρὸς
797 940 907 996 πᾶν
922 938 1087 1014 ἔργον
1116 939 1326 1013 ἀγαθον
1351 938 1609 1012 ἑτοίμους
1632 932 1801 1014 εἶναι.
1831 957 1852 991 ι

342 1141 364 1177 ι
403 1118 887 1187 Ἐπισκοποῦντες,
911 1120 989 1196 μὴ
1013 1119 1403 1192 ἀναγκαστῶς,
1420 1117 1538 1176 ἀλλ’
1563 1116 1854 1186 ἑκουσίως,

263 1212 408 1287 μηδὲ
468 1211 904 1286 αἰσχροκερδῶς,
941 1211 1082 1268 άλλά
1141 1211 1445 1287 προθύμως
1488 1209 1634 1265 κατὰ
1687 1209 1854 1265 Θεόνο

263 1302 404 1378 μηδέ
429 1303 508 1368 ὡς
545 1302 1046 1376 κατακυριεύοντες
1071 1303 1183 1360 τῶν
1216 1302 1465 1378 κλήρων,
1521 1302 1662 1359 ἀλλά
1685 1303 1858 1370 τύπος

260 1396 541 1469 γινόμενοι
577 1397 673 1452 τοῦ
702 1397 980 1470 ποιμνίου.
1019 1413 1039 1451 ι

316 1490 441 1546 Τὸν
473 1492 797 1564 προεστῶτα
845 1491 921 1564 μὴ
960 1489 1239 1564 ἐπαιρέτω
1287 1488 1352 1545 τδ
1391 1488 1632 1564 ἀξίωμα,
1659 1491 1751 1548 ἵνα
1779 1489 1856 1565 μὴ

259 1585 474 1659 ἐκπέσῃ
506 1584 603 1640 τοῦ
666 1585 1026 1658 μακαρισμοῦ
1078 1585 1183 1657 τῆς
1235 1582 1771 1658 ταπεινοφροσύνης,
1821 1582 1856 1655 ἢ

262 1678 361 1734 καὶ
384 1677 549 1742 αὐτὸς
582 1677 918 1748 τυφλωθεὶς
967 1678 1056 1743 είς
1085 1675 1268 1746 κρίμα
1295 1673 1534 1744 ἐμπέσῃ
1571 1671 1681 1728 τοῦ
1723 1671 1856 1727 ’δια-

259 1773 472 1828 ϐόλου.
514 1769 659 1825 Ἀλλ’
704 1772 886 1825 ἐκεῖνο
927 1766 1232 1836 πεπείσθω,
1260 1767 1404 1841 ὃτιη
1437 1765 1547 1822 τῶν
1588 1765 1885 1836 πλειόνων⁸

1883 1911 1931 1974 Β

1962 562 2313 634 hospitalem,
2335 562 2968 636 benignum,sobrium,
2997 567 3233 639 justum,
3265 579 3552 640 sanctum,

1961 656 2370 732 continentem,
2398 673 2433 737 ι
2458 663 2572 714 etc.
3295 649 3298 651 λ

2034 750 2145 808 Tir.
2212 764 2290 819 ιι,
2348 750 2539 809 l5.-
2589 770 2608 804 ι
2669 750 2845 810 Nemo
2900 753 3336 835 adolescentiam
3397 765 3551 817 tuam

1961 850 2304 901 contemnat.
2332 842 2588 902 Admone
2617 845 2743 902 illos
2781 846 3133 920 principibus
3173 858 3229 906 et
3263 854 3555 923 potestati-

1959 932 2066 994 bus
2109 937 2372 1022 subditos
2404 952 2552 1005 esse,
2593 937 2743 995 dicto
2779 938 3030 1008 obedire,
3083 941 3151 998 ad
3205 957 3375 1002 omne
3408 957 3554 1020 opus

1959 1029 2167 1086 bonum
2206 1039 2438 1103 paratos
2470 1046 2615 1089 esse.
2659 1051 2680 1087 ι
3432 1032 3435 1035 ’

1968 1153 1970 1155 >
2030 1122 2063 1179 1
2099 1120 2253 1194 Patr.
2300 1139 2357 1192 v,
2382 1123 2436 1180 3.
2471 1153 2542 1163 —-
2578 1143 2597 1179 ι
2635 1124 3021 1193 Providentes,
3053 1124 3162 1184 non
3199 1137 3419 1199 coacte,
3450 1133 3554 1189 scd

1959 1226 2301 1290 spontanee;
2340 1231 2519 1288 neque
2560 1207 2741 1290 turpis
2782 1219 2926 1274 lucri
2961 1217 3186 1290 gratia,‘
3211 1222 3307 1277 sed
3343 1223 3551 1280 volun-
3617 1271 3619 1274 .

1959 1307 2103 1364 tarie
2146 1307 2455 1365 secundum
2509 1306 2678 1365 Deum
2721 1327 2737 1363 :
2779 1324 2960 1382 neque
3007 1316 3068 1366 ut
3100 1310 3461 1372 dominantes
3491 1316 3550 1373 in

1958 1398 2149 1471 cleris,
2184 1397 2281 1455 sed
2316 1390 2498 1454 forma
2529 1397 2664 1454 iacti
2686 1399 2890 1472 gregis.
2927 1419 2948 1453 ι
3534 1450 3535 1453 η

2026 1489 2088 1546 8.
2122 1489 2296 1546 Basil.
2330 1505 2398 1546 ea:
2440 1506 2636 1546 canon.
2681 1490 2919 1550 Constit.
2970 1504 3159 1566 quast.
3193 1496 3247 1552 5.
3291 1527 3362 1538 —
3391 1498 3550 1556 Anti-

1959 1582 2110 1642 stitis
2150 1583 2366 1641 animos
2403 1583 2649 1655 dignitas
2676 1600 2789 1641 non
2826 1587 3069 1656 attollat,
3118 1605 3187 1646 ne
3230 1589 3303 1646 ab
3330 1590 3555 1649 humili-

1961 1676 2098 1734 tatis
2143 1685 2201 1733 et
2249 1677 2539 1733 modestiae
2597 1678 2947 1736 beatitudine
2997 1681 3241 1750 excidat,
3270 1690 3391 1740 aut
3425 1686 3549 1757 ipse

1959 1769 2212 1826 etiamin
2247 1769 2556 1838 superbiam
2596 1769 2793 1838 elatus,
2826 1772 2880 1826 in
2896 1772 3163 1844 judicium
3194 1776 3398 1833 incidat
3426 1779 3552 1836 dia-

1961 1857 2070 1913 boli
2113 1855 2167 1930 (Ι
2211 1855 2348 1912 Tim.
2406 1873 2504 1926 lli,
2553 1855 2631 1926 6).
2689 1858 2834 1927 Quin
2874 1863 3061 1933 potius
3115 1864 3219 1921 hoc
3258 1865 3369 1923 sibi
3420 1882 3552 1941 pcr-

259 1959 374 2024 λοῖς
410 1958 511 2033 μὲν
533 1958 824 2033 ὑπηρετῶν
849 1955 1409 2030 τετραυματισμένοις
1427 1994 1443 2020 ,
1478 1953 1574 2010 καὶ
1596 1952 1850 2022 άποξύων

1960 1951 2215 2018 suadeat,
2251 1949 2556 2006 multorum
2607 1966 2796 2008 curam
2830 1968 3024 2026 gerere
3057 1955 3198 2012 nihil
3233 1958 3383 2016 aliud
3424 1975 3550 2019 esse

262 2051 366 2126 μὲν
379 2051 506 2118 τοὺς
527 2051 736 2126 ἰχῶρας
752 2049 986 2106 ἑκάστου
1009 2047 1345 2122 τραύματος,
1376 2048 1674 2120 προσάγων
1697 2046 1755 2106 δὲ
1775 2046 1846 2102 τά

262 2142 585 2217 βοηθήματα
603 2141 748 2198 κατὰ
766 2142 868 2215 τὴν
892 2141 1130 2213 ίδιότητα
1152 2140 1260 2213 τῆς.
1275 2139 1651 2213 ὑποκειμένης
1671 2139 1854 2195 κακώ-

262 2252 426 2301 σεως,
441 2235 563 2307 οὐχὶ
589 2233 1147 2308 ἐπάρσεωςάφορμὴν
1170 2232 1272 2306 τὴν
1302 2232 1615 2306 ὑπηρεσίαν
1633 2231 1853 2304 λαμϐά-

260 2346 362 2391 νει,
400 2326 539 2384 ἀλλά
561 2327 763 2402 μᾶλλον
778 2312 1164 2392 ταπεινώσεως
1182 2329 1276 2382 καὶ
1291 2325 1533 2398 ἀγωνίας
1551 2340 1568 2357 ’
1595 2326 1691 2382 καὶ
1715 2325 1854 2383 πολὺ
1881 2316 1886 2317 7

259 2421 427 2479 πλέον
445 2414 598 2488 οὗτος
618 2422 647 2475 δ
668 2421 739 2477 τά
764 2420 965 2494 ἀσθενή
975 2438 1125 2493 ματα
1151 2419 1336 2479 ἰᾶσθαι
1356 2420 1460 2492 τῆς
1489 2419 1851 2492 άδελφότητος

259 2514 593 2583 πιστευθεὶς,
619 2513 697 2579 ὡς
719 2515 937 2570 πάντων
965 2515 1268 2588 ὑπηρέτης,
1299 2513 1395 2570 καὶ
1441 2513 1585 2584 ὑπὲρ
1626 2513 1851 2570 πάντων

259 2609 420 2679 λόγον
436 2608 574 2682 ἔχων
598 2609 806 2677 δοῦναι,
836 2609 1169 2665 διανοεῖσθαι
1207 2608 1302 2665 καὶ¹
1344 2608 1588 2681 ἀγωνιᾷν
1619 2607 1849 2678 ὀφείλει.

265 2701 460 2773 Τούτῳ
491 2703 603 2776 γὰρ
630 2701 709 2775 τῷ
737 2701 930 2775 τρόπῳ
956 2699 1442 2774 κατορθωθήσεται
1473 2703 1502 2756 ὁ
1529 2700 1732 2766 σκοπὸς
1753 2699 1850 2756 τοῦ

259 2796 469 2868 Κυρίου
507 2796 751 2862 εἰπόντος
774 2811 789 2828 ’
819 2796 896 2851 El
921 2802 1014 2864 τις
1047 2795 1208 2852 θέλει
1240 2794 1313 2850 ἐν
1341 2793 1486 2864 ὑμῖν
1514 2789 1668 2850 εῖναι
1691 2794 1850 2866 πρῶ-

259 2905 387 2958 τος,
447 2890 606 2947 ἔστω
638 2885 886 2946 πᾶν-των
935 2886 1222 2963 ἔσχατος,
1271 2884 1374 2942 καί
1429 2883 1679 2942 πάντων
1724 2883 1851 2941 διά-

258 2995 467 3051 κον-ος.

1953 2058 2124 2116 quam
2161 2043 2359 2101 multis
2388 2043 2681 2101 inservire.
2734 2044 3214 2112 Quemadmodum
3249 2050 3421 2124 igitur
3449 2053 3547 2127 qui

1952 2137 2148 2196 multis
2180 2137 2393 2194 sauciis
2436 2151 2664 2210 operam
2696 2147 2885 2207 navat,
2917 2154 2986 2196 ac
3030 2149 3148 2198 tum
3191 2137 3547 2216 singulorum

1941 2231 2245 2288 vulnerum
2283 2229 2448 2302 512
2489 2230 2701 2288 saniem
2731 2232 2935 2301 eradit,
2963 2240 3082 2291 tum
3124 2236 3327 2309 cuique
3365 2237 3548 2297 dolori

1953 2322 2397 2381 consentaneum
2422 2323 2733 2381 remedium
2765 2324 3018 2395 adhibet,
3051 2328 3142 2385 hic
3171 2343 3240 2386 ex
3270 2329 3550 2401 ejusmodi

1954 2416 2136 2474 olilcio
2175 2415 2441 2474 elationis
2498 2431 2696 2475 ausam
2770 2433 3125 2492 nequaquam
3177 2423 3401 2496 arripit,
3448 2426 3548 2484 sed

1955 2509 2292 2566 humilitatis
2322 2510 2509 2581 potius
2553 2519 2610 2567 et
2652 2511 3053 2571 sollicitudinis
3085 2533 3104 2588 ε,
3130 2517 3328 2575 eodem
3360 2521 3548 2590 modo,

1954 2611 2010 2658 et
2038 2600 2266 2673 quidem
2294 2600 2471 2656 multo
2497 2601 2672 2672 magis
2699 2601 2749 2658 is
2782 2602 2853 2658 ad
2899 2620 3062 2676 quem
3097 2609 3269 2666 totius
3299 2610 3550 2670 sodalitii

1959 2693 2343 2750 iuiirmitatum
2398 2693 2618 2750 curatio
2674 2703 2914 2766 spectat,
2973 2698 3124 2755 velut
3160 2702 3255 2773 qui
3300 2704 3550 2762 oumium

1957 2786 2215 2844 minister
2259 2785 2355 2854 sit,
2411 2786 2803 2859 rationemque
2841 2803 2945 2861 pro
2996 2792 3265 2852 omnibus
3313 2796 3551 2855 redden-

1957 2880 2084 2938 dam
2119 2878 2347 2944 habeat,
2377 2879 2458 2935 ita
2496 2879 2685 2936 animo
2723 2882 3070 2941 constitutus
3110 2899 3238 2942 esse
3265 2886 3452 2957 debet,
3483 2903 3550 2946 ac

1957 2970 2262 3045 trepidare.
2304 2969 2421 3029 Hoc
2471 2975 2620 3031 enim
2662 2982 2831 3048 pacto
2878 2975 3013 3032 illud
3062 2979 3346 3049 praestabit
3397 2982 3550 3054 quod

259 3076 370 3133 sibi
405 3041 1087 3152 I'Jominus’proponebat,
1125 3091 1253 3135 cum
1285 3041 1498 3136 diceret
1547 3096 1563 3135 :
1608 3075 1672 3135 Si
1713 3074 1834 3148 quis
1866 3070 1980 3132 cuit
2013 3041 2154 3125 inter
2198 3084 2292 3124 vos
2345 3068 2555 3140 primus
2600 3041 2734 3139 esis,
2779 3071 2850 3126 sit
2903 3041 3142 3130 omnium
3200 3041 3547 3154 novissimus,

257 3179 310 3228 et
350 3172 589 3227 omnium
614 3172 858 3228 minister
887 3170 1085 3245 (Marc.
1118 3188 1198 3240 ts,
1228 3171 1348 3245 34).

327 3266 404 3335 λ⁹0
432 3266 532 3340 τὴν
566 3268 757 3341 κοινὴν
784 3269 1046 3342 φροντίδα
1092 3269 1547 3343 πεπιστευμένος,
1575 3267 1653 3338 ῶς
1694 3252 1850 3340 ὑφεί-

2035 3256 2179 3313 Ibid.
2209 3264 2399 3328 qumt.
2431 3255 2524 3314 25.
2554 3286 2626 3297 —
2649 3255 2757 3326 Qui
2783 3271 3138 3314 communem
3160 3256 3414 3314 omnium
3439 3273 3548 3317 cu-

258 3362 372 3418 λων
402 3361 564 3432 λόγον
587 3357 778 3418 δοῦναι
807 3361 940 3435 περὶ
987 3362 1221 3419 ἐκάστου
1251 3361 1362 3417 τῶν
1393 3360 1847 3436 ἐμπεπιστευμι·

259 3472 392 3524 νων,
428 3455 572 3514 οὕτω
598 3453 922 3513 διακείσθω.

330 3635 644 3694 Μανθάνειν
689 3619 1144 3708 άνεπάισχύντως
1170 3675 1186 3702 ,
1258 3622 1380 3692 καίδ
1416 3637 1691 3694 διδάσκειν
1755 3638 1852 3693 ἀνο

256 3730 591 3802 ἐπιφθόνως,
635 3729 734 3785 καὶ
777 3729 831 3783 εί
866 3747 921 3784 τι
956 3729 1090 3802 παρ’
1135 3729 1329 3802 ἐτέρου
1379 3714 1714 3799 δεδίδακται,
1770 3730 1847 3802 μὴ

255 3823 644 3898 ἐπικρύπτειν,
667 3821 858 3896 ῶσπερ
900 3823 956 3879 αἱ
996 3821 1200 3894 φαῦλαι
1222 3823 1333 3879 τῶν
1356 3823 1653 3895 γυναικῶν,
1691 3825 1749 3883 αί
1780 3823 1851 3878 τὰ

255 3919 389 3977 νόθα
435 3915 907 3989 ὑποϐαλλόμεναιο
950 3915 1091 3972 ἀλλὰ
1143 3917 1444 3991 κηρύσσειν
1488 3907 1850 3990 εὐγνωμόνως

255 4014 352 4072 τὸν
385 4011 606 4085 Πατέρα
638 4011 735 4066 τοῦ
765 4011 965 4082 Λόγου.

341 4193 666 4267 ’Δνθρὼπῳ,
689 4192 934 4267 χαλεποῦ
983 4194 1140 4260 ὄντος
1170 4191 1267 4248 τοῦ
1314 4194 1520 4250 εἰδέναι
1552 4193 1843 4268 ἄρχεσθαι,

257 4287 561 4346 κινδυνεύει
636 4287 840 4367 μᾶλλον
892 4287 1274 4360 χαλεπώτερον
1335 4282 1478 4344 εἶναι
1528 4287 1592 4341 τὸ
1640 4286 1843 4342 ειδέναι

258 4383 452 4458 ἄρχειν
475 4381 782 4454 ἀνθρώπων
803 4395 821 4412 ·
870 4379 967 4436 καὶ
1015 4381 1255 4454 μάλιστα
1276 4379 1457 4454 ἀρχὴν
1501 4379 1708 4453 ταύτην
1741 4380 1845 4453 τὴν

257 4474 558 4550 ἡμετέραν,
586 4472 686 4546 τὴν
715 4474 774 4528 ἐν
796 4472 948 4545 νόμῳ
974 4470 1106 4544 θείῳ
1133 4470 1230 4527 καὶ
1259 4470 1398 4545 πρὸς
1418 4471 1554 4527 Θεὸν
1577 4472 1844 4544 ἄγουσαν,

255 4562 326 4642 ἧς
356 4567 483 4622 ὅσον
508 4565 573 4621 τδ
608 4563 741 4639 ὕψος
771 4564 866 4620 καὶ
898 4564 959 4620 τὸ
989 4564 1231 4637 ἀξίωμα,
1258 4562 1516 4622 τοσοῦτον
1542 4569 1638 4622 καὶ
1667 4567 1696 4623 δ
1727 4565 1844 4623 κίν-

256 4660 436 4728 δυνος.

328 4841 480 4915 Δῦτη
509 4859 599 4914 μοι
631 4840 880 4911 φαίνεται
904 4838 984 4912 τῷ
1007 4839 1120 4894 ὄντι
1151 4836 1316 4911 τέχνη
1342 4854 1426 4902 τις
1449 4833 1591 4892 εῖναι
1617 4836 1845 4908 τεχνῶν,

257 4937 354 4994 καὶ
386 4937 664 5010 ἐπιστήμη
696 4933 1046 5005 ἐπιστημῶν,
1074 4933 1363 5006 ἄνθρωπον
1393 4930 1549 4999 ἀγειν
1576 4929 1643 4984 τδ
1681 4929 1849 4984 πολυο

255 5030 611 5104 τροπιῖπατον
642 5029 783 5095 ζῶον
812 5029 909 5083 καὶ
935 5027 1351 5081 ποικιλώτατον.

332 5126 546 5198 Ὠσπερ
592 5126 704 5188 τοῖς
736 5123 1010 5193 σώμασιν,
1049 5121 1114 5175 οὗ
1137 5121 1236 5192 τὴν
1267 5119 1439 5191 αὐτὴν
1487 5116 1847 5191 φαρμακείαν

259 5219 357 5276 καὶ
383 5217 589 5293 τροφὴν
621 5215 1031 5290 προσφέρονται
1085 5215 1348 5280 ἀπαντες,
1381 5212 1534 5266 ἄλλοι
1558 5212 1615 5267 δὲ
1648 5210 1838 5282 ἀλλην,

256 5314 293 5386 ἢ
329 5310 702 5376 εύεκτοῦντες,
738 5310 772 5381 ἢ
808 5308 1132 5380 κάμνοντες,
1182 5303 1327 5359 οὕτω
1384 5304 1480 5358 καὶ
1519 5301 1619 5367 τάς
1663 5301 1844 5373 ψυχάς

255 5404 504 5477 διαφόρῳ
526 5403 673 5475 λόγῳ
695 5402 789 5458 καὶ
813 5400 1004 5472 ἀγωγῇ
1037 5396 1426 5471 θεραπευτέον.
1458 5395 1754 5470 Μάρτυρες
1783 5393 1842 5447 δὲ

257 5498 357 5569 τῆς
392 5494 713 5568 θεραπείας,
746 5485 822 5546 ὧν
844 5492 938 5546 καὶ
967 5489 1037 5545 τά
1084 5488 1254 5559 πάθη.
1286 5487 1427 5552 Τοὺς
1463 5486 1564 5559 μὲν
1594 5487 1716 5555 ἀγει
1748 5486 1843 5540 λό-

256 5605 376 5660 γος,
409 5591 460 5644 0i
481 5588 538 5643 δὲ
565 5585 923 5660 ῥυθμίζονται
952 5582 1379 5657 παραδείγματι.
1403 5580 1476 5636 0i
1502 5579 1602 5651 μὶν
1631 5579 1842 5633 δέονται

260 5683 516 5754 κέντρου,
539 5680 589 5734 οί
623 5679 679 5733 δὲ
719 5677 962 5752 χαλινοῦ.
991 5675 1103 5732 Καὶ
1147 5675 1199 5730 0i
1233 5675 1330 5748 μὲν
1368 5673 1478 5746 γάρ
1504 5674 1611 5727 εἰσι
1651 5671 1843 5736 νωθετς

262 5773 358 5828 καὶ
389 5771 702 5841 δυσκίνητοι
747 5771 889 5844 πρὸς
939 5768 1000 5824 τὸ
1022 5767 1210 5834 καλὸν,
1269 5765 1365 5832 οὓς
1403 5768 1473 5837 τῇ
1527 5761 1842 5838 πληγῇ,τοῦ

262 5865 426 5944 λότου
454 5864 782 5938 διιγερτέον,
811 5866 860 5920 οί
900 5863 957 5919 δὲ
993 5859 1318 5935 θερμότεροι
1363 5857 1464 5915 τοῦ
1506 5859 1737 5932 μετρίου
1766 5855 1846 5930 τῷ

1954 3363 2072 3404 ratu
2106 3348 2375 3420 suscepit,
2406 3363 2473 3406 eo
2499 3349 2688 3407 animo
2735 3365 2861 3408 esse
2903 3350 3090 3417 debet,
3138 3357 3406 3424 tanquam
3441 3345 3561 3426 pro'

1958 3455 2294 3512 unoquoque
2336 3455 2532 3497 eorum
2579 3442 2675 3514 qui
2721 3455 2840 3501 sua
2883 3440 3012 3500 ﬁdei
3049 3443 3339 3523 commissi
3390 3455 3545 3514 sunt,

1954 3535 2232 3592 rationem
2255 3532 2334 3591 sit
2371 3533 2721 3591 redditurus.
2897 3565 2900 3568 ‹
3280 3553 3282 3556 ν

2028 3625 2287 3697 Ejusdem
2307 3626 2460 3698 epist.
2495 3626 2622 3681 1.-
2643 3626 2871 3686 Discere
2900 3626 3022 3685 sine
3061 3627 3295 3700 pudore,
3333 3638 3392 3687 et
3422 3631 3547 3692 sine

1956 3720 2166 3777 invidia
2198 3719 2403 3776 docere
2446 3727 2706 3792 Oportet:
2760 3722 2806 3778 si
2842 3721 2976 3795 quid
3005 3723 3076 3779 ab
3103 3722 3215 3779 alio
3255 3722 3543 3796 didiceris,

1954 3811 2184 3868 minime
2231 3810 2453 3868 silentio
2490 3809 2851 3869 dissimulare
2897 3810 3388 3885 (quemadmodum
3435 3813 3545 3869 im-

1952 3906 2140 3980 probae
2180 3906 2439 3964 mulieres
2477 3907 2681 3975 solent,
2713 3923 2837 3979 qua:
2860 3907 3208 3965 adulterinos
3239 3907 3388 3964 fetus
3436 3923 3542 3980 pro

1951 3999 2069 4058 suis
2096 4001 2470 4074 supponunt),
2512 3999 2610 4058 sed
2642 4000 2884 4058 candido
2914 4001 3104 4058 animo
3133 3999 3298 4059 Verbi
3323 3999 3541 4060 Patrem

1951 4094 2284 4166 praedicare.

2019 4188 2078 4243 S.
2104 4186 2259 4261 Greg.
2299 4186 2574 4244 Nazianz.
2611 4199 2755 4245 orat.
2800 4188 2854 4244 l.
2884 4217 2957 4229 --
2979 4186 3119 4244 Cum
3154 4186 3363 4244 homini
3395 4186 3539 4246 dini-

1949 4279 2058 4338 cile
2088 4283 2162 4339 sit
2210 4296 2381 4340 nosse
2432 4297 2653 4352 parere,
2695 4289 2811 4338 tum
2853 4295 2993 4337 vero
3042 4280 3208 4352 longe
3259 4279 3540 4340 diiiicilius

1947 4376 2169 4436 videtur
2217 4379 2365 4436 scire
2407 4378 2740 4436 hominibus
2780 4377 3074 4447 imperare,
3116 4389 3185 4433 ac
3223 4373 3536 4448 praesertim

1950 4474 2055 4530 hoc
2075 4483 2269 4530 nostro
2301 4471 2558 4544 imperio,
2601 4471 2750 4544 quod
2798 4470 2918 4543 lege
2945 4470 3134 4526 divina
3170 4469 3537 4529 administra-

1947 4573 2041 4622 tur
2068 4573 2128 4623 et
2151 4564 2223 4622 ad
2255 4563 2430 4620 Deum
2462 4563 2620 4620 ducit
2656 4582 2670 4620 :
2721 4563 2888 4634 cujus
2919 4568 3133 4636 quanto
3163 4563 3343 4635 major
3367 4563 3539 4621 celsi-

1878 4678 1924 4737 υ
1954 4656 2087 4714 tudo
2113 4663 2169 4714 et
2198 4657 2441 4730 dignitas
2473 4658 2568 4727 sit,
2604 4664 2761 4716 tanto
2802 4671 3027 4732 quoque
3052 4658 3279 4730 gravius
3317 4659 3537 4730 pericu-

1951 4750 2065 4807 lum
2091 4759 2199 4808 est.
2532 4801 2538 4806 .

2019 4839 2160 4896 Ibid.
2202 4870 2272 4881 —
2318 4837 2449 4895 Kree
2476 4838 2612 4896 mihi
2638 4855 2772 4898 vere
2819 4854 2912 4897 ars
2952 4841 3156 4898 artium
3192 4850 3249 4898 et
3299 4842 3536 4900 scientia

1949 4935 2312 4992 scientiarum
2337 4949 2463 4992 esse
2490 4935 2735 5002 videtur,
2768 4935 3052 4992 hominem
3083 4952 3296 5009 regere,
3329 4939 3537 4994 animal

1951 5028 2085 5085 illud
2126 5028 2266 5085 mire
2296 5028 2602 5099 multiplex,
2639 5037 2694 5085 et
2721 5043 2886 5101 quam
2916 5029 3157 5087 maxime
3191 5031 3432 5088 varium.

2019 5120 2159 5176 Ibid.
2197 5149 2267 5160 —-
2299 5118 2484 5175 Veluti
2527 5136 2628 5177 nec
2660 5122 3093 5190 medicamenta,
3138 5138 3242 5180 nec
3273 5123 3536 5180 alimenta

1947 5213 2137 5270 eadem
2189 5215 2522 5285 corporibus
2567 5215 2831 5272 omnibus
2886 5214 3226 5284 offeruntur,
3280 5219 3381 5275 sed
3427 5219 3535 5275 alia

1950 5305 2096 5369 aliis,
2124 5320 2225 5377 pro
2260 5321 2478 5374 eorum,
2515 5306 2600 5362 vel
2635 5306 2918 5374 sanitatis,
2958 5307 3044 5369 vel
3071 5307 3405 5366 valetudinis
3440 5325 3534 5366 ra-

1948 5398 2097 5455 tione
2125 5418 2138 5453 :
2178 5399 2260 5454 sic
2291 5399 2493 5454 animae
2521 5398 2749 5456 diverso
2776 5401 2940 5457 modo
2966 5409 3020 5456 ct
3051 5401 3221 5458 ductu
3246 5410 3532 5460 curantur.

1946 5492 2024 5547 Ac
2073 5493 2390 5548 curationis
2444 5500 2617 5548 testes
2671 5502 2802 5550 sunt
2858 5495 2953 5566 qui
3009 5496 3221 5553 morbis
3273 5495 3533 5566 hujusce-

1947 5584 2097 5641 modi
2133 5596 2431 5641 vexantur.
2465 5585 2620 5641 Alios
2653 5595 2838 5643 movet
2877 5588 3084 5653 oratio,
3128 5588 3228 5644 alii
3258 5587 3536 5652 antistitis

1944 5678 2200 5749 exemplo
2228 5688 2664 5748 componuntur.
2744 5679 3072 5737 Calcaribus
3121 5680 3217 5736 alii
3258 5696 3401 5754 opus
3429 5682 3534 5738 ha-

1947 5771 2101 5838 bent,
2134 5769 2224 5826 alii
2267 5770 2446 5828 ireno.
2477 5768 2612 5827 Nam
2641 5772 2736 5844 qui
2781 5773 2927 5830 lente
2953 5782 3005 5830 et
3041 5775 3287 5845 segniter
3314 5774 3384 5830 ad
3419 5773 3535 5831 vir-

1947 5869 2114 5917 tutem
2149 5868 2463 5928 moventur,
2511 5861 2572 5918 bi
2619 5863 2916 5922 verborum
2962 5862 3205 5925 stimulis
3243 5860 3529 5932 excitandi
