4020 6262
301 348 441 418 1545

1561 360 1803 423 SACRA
1836 360 1924 421 ΡΑ
1936 360 2033 420 RA
2044 360 2303 421 LLELA.

3444 363 3465 430 1
3478 365 3579 433 546

365 468 441 521 Οὐ
475 468 583 538 γάρ
613 465 726 523 ἔστι
766 468 833 525 τὰ
859 469 972 525 τῶν
1002 472 1195 544 ἱερέων
1236 472 1579 546 κρύπτεσθαι
1634 476 1865 530 ὲλαττὼ·

2052 468 2195 523 lbid.
2233 498 2300 511 -
2334 468 2477 527 Fieri
2525 485 2633 525 non
2690 478 2873 542 potest
2925 480 2983 527 ut
3038 474 3389 531 sacerdotum
3446 480 3578 535 vitia

292 572 463 626 ματα,
497 559 633 616 ἀλλὰ
668 565 759 619 καὶ
786 563 855 619 τὰ
882 568 1225 640 σμικρότατα
1247 568 1461 639 ταχέως
1492 569 1771 643 κατάδηλα
1803 571 1883 640 γί-

274 648 455 694 νεται,

365 770 443 825 Οὐ
472 771 578 843 χρὴ
606 774 709 846 τὴν
743 772 959 829 σύνεσιν
984 774 1173 848 ἡλικία
1218 777 1444 849 κρίνειν,
1477 778 1598 833 οὐδὲ
1628 778 1720 832 τδν
1744 797 1884 849 πρες

296 863 501 935 σὸύτην
529 865 637 920 ἀπὸ
679 867 782 938 τῆς
826 867 1020 933 πολιᾶς
1057 868 1397 941 δοκιμάζειν,
1442 871 1565 925 οὐδὲ
1612 872 1705 927 τὸν
1762 872 1881 926 νέον

293 955 515 1021 πάντως
548 956 837 1029 ἀπείργειν
865 959 964 1030 τῆς
985 960 1246 1031 τοιαύτης
1281 961 1583 1029 διακονίας,
1616 963 1755 1020 ἀλλὰ
1788 965 1881 1021 τόν

291 1046 571 1115 νεόφυτον.
605 1048 747 1105 [Ιολῦ
767 1048 824 1104 δὲ
853 1050 1180 1124 ἀμφοτέρων
1206 1052 1267 1107 τὸ
1299 1052 1489 1125 μέσον.

362 1248 425 1302 Οί
459 1248 645 1303 πολλοὶ
691 1250 821 1305 ὅταν
869 1252 994 1308 τινά
1043 1252 1196 1309 ἴδωσι
1226 1256 1528 1329 χρημάτων
1560 1259 1875 1331 κρείττονα,

290 1340 494 1406 εὐθέως
519 1342 683 1398 αὐτὸν
708 1345 1018 1416 ἐπιτήδειον
1042 1344 1185 1402 εἶναι
1221 1350 1360 1418 πρὸς
1394 1350 1604 1423 ταύτην
1638 1354 1879 1426 ἀποφαί-

292 1452 471 1489 νονται
515 1436 849 1508 οἰκονομίαν.
896 1439 961 1494 '0
998 1440 1243 1504 τοιοῦτος
1272 1442 1494 1515 λυμεὼν
1520 1446 1587 1501 ἂν
1622 1447 1708 1519 εἴη
1741 1466 1878 1522 προ-

289 1527 515 1600 στάτης,
545 1530 638 1584 καὶ
664 1529 829 1593 λύκος
850 1531 975 1586 ἀντὶ
1016 1534 1299 1603 ποιμένος.

356 1726 563 1797 Μηδεὶς
591 1726 729 1798 μήτε
761 1726 880 1781 νέον
921 1729 1205 1806 διαϐάλλῃ,
1238 1734 1377 1807 μήτε
1423 1738 1657 1809 γέροντα
1691 1741 1871 1811 ἐγκω-

1988 562 2223 618 obscura
2253 562 2396 629 sint;
2427 578 2618 618 verum
2646 572 2697 619 et
2729 562 3009 619 levissima
3044 580 3261 637 quoque
3290 570 3476 625 statim
3522 587 3577 626 tn

1987 664 2235 725 apertum
2263 653 2648 726 proferuntur.

2058 766 2247 837 Ejusd.
2275 798 2346 810 -
2372 770 2562 840 Neque
2596 768 2943 841 prudentiam
2978 779 3136 841 gnate
3167 772 3371 838 metiri,
3398 789 3580 846 neque

1984 876 2170 916 senem
2201 879 2267 918 ex
2297 864 2500 919 canitie
2542 864 2781 934 probare
2814 866 3097 932 convenit,
3132 882 3233 923 nec
3266 884 3465 923 rursus
3486 870 3579 939 juo

1986 969 2175 1010 venem
2213 956 2281 1010 ab
2314 956 2701 1012 ecclesiastico
2734 958 3046 1013 ministerio
3103 959 3452 1025 submovere,
3482 962 3579 1016 sed

1982 1046 2342 1118 neaphytum.
2404 1046 2553 1105 Inter
2615 1062 2912 1121 utrumque
2976 1066 3143 1122 porro
3201 1054 3434 1108 multum
3493 1064 3580 1110 est

1981 1139 2346 1195 discriminis.

2052 1252 2251 1323 Ejusd.
2278 1286 2346 1296 —
2368 1254 2524 1311 Multi
2561 1265 2691 1311 sunt
2716 1259 2809 1327 qui
2840 1258 3005 1315 simul
3037 1269 3203 1331 atque
3238 1262 3479 1333 aliquem
3507 1265 3575 1319 ab

1981 1348 2178 1417 opibus
2204 1349 2591 1405 abhorrentem
2618 1351 2877 1417 viderint,
2905 1354 3160 1426 protinus
3199 1374 3323 1413 eum
3350 1359 3418 1413 ad
3471 1360 3573 1414 ltu-

1975 1440 2216 1511 iusmodi
2254 1458 2458 1499 munus
2494 1442 2810 1501 obeundum
2838 1447 3095 1504 idoneum
3120 1462 3371 1508 censent.
3406 1453 3574 1525 Atqui

1980 1534 2093 1589 ﬁeri
2152 1542 2331 1607 potest
2365 1545 2423 1592 ut
2470 1537 2517 1594 is
2568 1540 2837 1609 pestilens
2874 1544 3111 1598 antistes
3150 1544 3245 1613 sit,
3280 1560 3343 1600 ac
3388 1545 3571 1616 lupus,

1978 1638 2087 1679 non
2128 1632 2338 1695 pastor.

2051 1740 2329 1813 Ejusdem,
2383 1756 2522 1801 orat.
2576 1748 2599 1802 1
2653 1748 2705 1802 in
2760 1747 2913 1804 Pani.
2946 1765 2996 1805 ι..
3040 1750 3246 1806 -Νεο
3303 1755 3567 1824 juvenem

288 1819 481 1891 μιάζῃ.
519 1819 653 1873 Οὔτε
681 1820 791 1893 γὰρ
826 1822 1048 1894 quam
1082 1827 1275 1900 ἁρετὴ,
1308 1828 1433 1884 οὔτε
1468 1832 1502 1904 ἡ
1537 1834 1726 1905 νεότης
1770 1854 1865 1890 κα-

1977 1835 2272 1907 quisquam
2306 1838 2654 1905 criminetur,
2709 1855 2812 1896 nee
2851 1856 3037 1897 senem
3071 1842 3327 1901 laudibus
3357 1845 3568 1902 eﬂ‘erat.

285 1913 399 1967 κία.
429 1913 621 1968 Πολλοὶ
651 1915 745 1971 καὶ
776 1918 834 1973 ὲν
854 1918 1073 1990 νεότητι
1115 1921 1435 1992 φιλοσοφίαν
1469 1926 1827 1994 ὑπεδείξαντο
1853 1948 1869 1963 ⁸

283 2004 472 2060 πολλοὶ
499 2008 594 2063 καὶ
628 2007 738 2081 γάρ
772 2011 830 2065 ἐν
856 2012 1014 2083 γήρει
1061 2013 1566 2090 ὑπεσκελίσθησαν.
1600 2021 1711 2076 Καὶ
1762 2023 1872 2097 γὰρ

282 2098 334 2149 οἱ
365 2100 512 2168 τρεῖς
541 2100 727 2165 παῖδες
765 2102 823 2156 ὲν
852 2105 920 2175 τῇ
954 2103 1171 2175 καμίνῳ
1219 2101 1384 2179 ἦσαν,
1438 2110 1532 2163 καὶ
1562 2109 1661 2185 τὴν
1693 2114 1873 2185 φλόγα

282 2192 474 2266 δρόσον
513 2198 840 2268 εἰργάσαντο
859 2214 872 2229 ’
920 2201 1015 2254 καὶ
1044 2203 1246 2277 Δανιὴλ
1296 2204 1640 2283 δωδεκαέτης
1671 2209 1770 2278 ὢν,
1794 2212 1872 2287 τῷ

281 2290 443 2363 δήμῳ
469 2291 548 2364 τῷ
583 2291 858 2366 Ἐϐραῖκῷ
892 2293 1187 2366 διελέγετο,
1221 2296 1316 2353 καὶ
1342 2301 1470 2365 τοὺς
1498 2300 1721 2370 λέοντας
1744 2307 1876 2379 πρό-

281 2383 426 2439 ϐατα
451 2384 711 2463 ὶποίησεν
730 2405 747 2421 ο
777 2387 840 2442 οὐ
867 2388 969 2461 τὴν
993 2389 1159 2461 φύσιν
1198 2392 1546 2463 μετασαλὼν,
1588 2395 1727 2451 ἀλλά
1770 2398 1870 2472 τὴν

282 2477 577 2551 θηριωδίαν
603 2482 785 2537 αὐτῶν
825 2487 891 2558 τῇ
927 2486 1109 2540 πίστει
1142 2486 1473 2560 χαλινώσας.
1511 2490 1620 2547 Καὶ
1656 2491 1871 2557 Παῦλος

279 2575 613 2649 γεγηρακὼς
664 2573 734 2653 ἦν
778 2580 873 2635 καὶ
923 2580 1361 2653 πεπολιωμένος,
1411 2582 1505 2639 καὶ
1565 2586 1873 2656 σκυλευτὴς

278 2671 473 2750 γέγονε
520 2670 633 2727 τῶν
689 2672 1056 2746 Ἐκκλησιῶν.
1093 2675 1204 2729 Καὶ
1255 2678 1397 2746 μετὰ
1438 2679 1614 2733 ταῦτα
1643 2681 1706 2737 τδ
1736 2682 1870 2755 βρα-

277 2764 427 2819 ϐεῖον
454 2762 553 2837 τῆς
598 2765 837 2832 πίστεως
881 2767 1156 2841 ἥρπασεν,
1199 2770 1294 2823 καὶ
1338 2770 1610 2842 πρόϐατον
1642 2774 1868 2844 γέγονεν

278 2855 642 2927 ἁγαθότητος,
678 2857 776 2913 καὶ
797 2858 997 2931 κῆρυξ,
1036 2858 1134 2913 καὶ
1164 2860 1487 2926 ἀπόστολος.
1524 2863 1617 2937 Μὴ
1646 2864 1740 2920 οὖν
1774 2867 1871 2922 τόν

278 2949 403 3005 νέον
430 2948 707 3015 διάϐαλλε,
734 2951 872 3024 μηδὲ
893 2952 985 3007 τὸν
1004 2953 1359 3025 γεγηρακότα
1390 2955 1621 3010 ἐπαίνει.
1654 2956 1730 3012 Οὐ
1758 2957 1867 3034 γὰρ

279 3047 340 3099 ιν
368 3044 435 3117 τῇ
463 3044 699 3118 διαφορᾷ
723 3048 821 3118 τῆς
850 3045 1072 3119 ἡλικίας
1100 3047 1275 3119 ἀρετὴ
1306 3048 1399 3102 καὶ
1426 3050 1617 3118 κακία,
1649 3050 1785 3108 ἀλλὰ
1808 3056 1866 3108 ὲν

267 3141 346 3211 τῇ
383 3139 613 3213 διαφορᾷ
640 3138 742 3211 τῆς
766 3141 1018 3214 γνώμης.
1049 3141 1171 3195 Κᾶν
1201 3137 1267 3217 ᾗς
1301 3142 1586 3216 νηφάλιος,
1614 3147 1769 3203 οὐδέν
1801 3166 1861 3203 σε

1974 1925 2166 1999 Neque
2208 1929 2357 1985 enim
2415 1930 2651 1986 canities
2682 1931 2859 1987 virtus
2889 1939 2997 1995 est,
3035 1946 3137 1989 nec
3182 1933 3448 2004 juventus
3488 1937 3571 1991 vi-

1976 2019 2136 2074 tium.
2189 2018 2345 2075 Multi
2386 2020 2552 2076 etiam
2608 2020 2670 2077 in
2699 2020 2932 2091 juvenili
2981 2031 3139 2078 aetate
3201 2025 3567 2097 philosophiae

1973 2111 2305 2168 documenta
2339 2114 2732 2184 praebuerunt;
2794 2116 2951 2170 multi
3007 2115 3201 2173 itidem
3244 2118 3302 2173 in
3340 2130 3566 2177 senecta

1973 2208 2216 2278 prolapsi
2276 2216 2429 2265 sunt.
2495 2208 2789 2265 Enimvero
2835 2220 2951 2266 tres
3014 2212 3166 2280 pueri
3226 2211 3282 2268 in
3338 2211 3567 2272 fornace

1972 2310 2151 2365 erant,
2184 2310 2238 2357 et
2267 2300 2539 2356 ﬂammam
2584 2302 2640 2358 in
2686 2317 2865 2360 rorem
2910 2313 3322 2362 converterunt.
3362 2307 3429 2363 Et
3459 2308 3567 2364 Da-

1973 2393 2082 2448 niel
2122 2394 2449 2451 duodecimo
2472 2398 2651 2452 aetatis
2682 2413 2829 2453 anno
2859 2398 2927 2453 ad
2964 2400 3225 2473 populum
3272 2400 3565 2459 Hebraeum

1974 2480 2294 2539 concionem
2333 2484 2599 2553 habebat;
2625 2488 2754 2555 quin
2784 2500 2835 2543 et
2865 2504 2928 2542 ex
2955 2488 3208 2548 leonibus
3242 2506 3373 2549 oves
3402 2492 3569 2551 facie-

1973 2574 2065 2630 bat
2101 2592 2113 2630 :
2152 2591 2261 2631 non
2292 2578 2513 2648 quidem
2551 2588 2747 2634 natura
2792 2595 2984 2637 eorum
3019 2592 3251 2651 mutata,
3301 2586 3398 2643 sed
3430 2586 3565 2644 feri-

1974 2674 2083 2721 tate
2107 2665 2263 2723 freno
2284 2667 2409 2723 ﬁdei
2433 2684 2773 2741 compressa.
2796 2670 2860 2726 Et
2888 2672 3095 2731 Paulus
3120 2658 3289 2739 senex
3314 2686 3368 2733 et
3388 2693 3565 2735 canus

1970 2775 2097 2816 cum
2164 2772 2343 2829 esset,
2406 2762 2685 2821 Ecclesiae
2740 2767 3152 2837 populabatur;
3208 2772 3563 2841 postmodum

1972 2866 2103 2906 vero
2129 2852 2251 2910 ﬁdei
2276 2853 2515 2926 palmam
2542 2856 2747 2927 rapuit,
2786 2865 2952 2929 atque
2980 2862 3101 2918 ovis
3136 2860 3301 2931 bona,
3332 2870 3386 2921 et
3422 2879 3564 2936 pra:-

1969 2961 2057 3011 co,
2091 2954 2146 3002 et
2174 2949 2457 3020 apostolus
2490 2950 2721 3005 exstitit.
2749 2950 2880 3018 Quae
2914 2968 3039 3009 cum
3070 2956 3142 3011 ita
3172 2957 3311 3026 sint,
3342 2974 3451 3017 non
3479 2969 3564 3017 est

1971 3054 2071 3098 cur
2100 3041 2183 3097 vel
2226 3042 2484 3111 juvenem
2543 3046 2831 3117 suggilles,
2890 3049 2974 3104 vel
3025 3065 3209 3106 senem
3270 3051 3558 3123 praedices.

1968 3132 2159 3209 Neque
2188 3136 2333 3191 enim
2366 3137 2418 3192 in
2451 3139 2627 3195 aetatis
2680 3139 2989 3197 dili‘erentia
3023 3144 3201 3201 virtus
3247 3153 3301 3203 et
3341 3146 3557 3214 vitium.

282 3231 620 3303 καταδλάψει
644 3234 704 3287 τὸ
737 3234 913 3307 ἄωρον
946 3235 1046 3307 τῆς
1075 3235 1293 3308 ἡλικίας
1314 3252 1329 3269 ⁸
1363 3238 1468 3293 κᾶν
1490 3233 1556 3315 ᾗς
1591 3240 1856 3315 ῥᾴθυμος,

1976 3228 2061 3283 sed
2094 3229 2149 3284 in
2174 3230 2373 3285 mentis
2395 3228 2559 3304 514
2573 3240 2626 3287 et
2659 3248 2859 3290 sensus
2881 3234 3201 3293 discrimine
3225 3239 3557 3296 consistunt.

284 3325 435 3380 οὐδέν
472 3342 530 3380 σε
560 3325 830 3399 ὠφελήσει
871 3328 934 3383 τὸ
968 3328 1165 3402 γῆρας.
1218 3331 1387 3386 Πολιὰ
1417 3332 1527 3406 γάρ
1559 3336 1623 3389 οὐ
1680 3336 1865 3408 τρίχες

284 3421 493 3488 λευκαὶ,
542 3422 679 3476 ἀλλά
728 3422 908 3499 ψυχῆς
961 3424 1157 3496 ἀρετή.
1208 3417 1385 3489 Οὗτος
1426 3427 1607 3481 τοίνυν
1648 3428 1865 3483 όΔαϐὶδ

281 3516 398 3581 νιος
423 3516 523 3583 ὢν,
553 3514 763 3589 ὥριμον
800 3518 892 3572 τὸν
933 3517 1143 3591 καρπὸν
1172 3519 1274 3589 τῆς
1319 3521 1525 3591 ἀρετῆς
1578 3522 1861 3594 ἐκέκτητο.

278 3603 486 3664 Ἦλθεν
516 3611 545 3662 ό
565 3608 817 3682 Σαμουὴλ
847 3610 985 3681 πρὸς
1013 3608 1107 3665 τόν
1150 3610 1371 3677 Ἰεσσαὶ,
1409 3612 1548 3683 ἔχων
1587 3612 1648 3666 τὸ
1670 3613 1861 3686 κέρας,

280 3704 412 3759 ἔνθα
432 3705 494 3759 τὸ
525 3704 705 3757 ἔλαιον
732 3698 801 3774 ἦν
834 3703 896 3757 τὸ
918 3704 1095 3773 ἅγιον.
1137 3705 1246 3760 Καὶ
1277 3704 1330 3757 τί
1371 3722 1570 3775 φησιν;
1607 3707 1861 3779 Ἐπεμψέ

282 3814 352 3869 με
390 3796 419 3849 ὁ
459 3796 592 3861 Θεὸς
628 3796 850 3868 ποιῆσαι
889 3795 1114 3868 βασιλέα
1159 3796 1270 3851 τῶν
1328 3795 1462 3850 υίῶν
1501 3814 1594 3851 σου
1642 3799 1758 3853 ἕνα.
1802 3798 1861 3852 '0

293 3891 493 3945 Ἰεσσαὶ
509 3891 751 3954 ἀκούσας
777 3889 1026 3961 βασιλέα,
1054 3891 1287 3962 νομίσας
1326 3890 1523 3965 ἐκείνῳ
1556 3893 1861 3964 ἐπιτήδειον

279 3982 421 4041 εἶναι
458 3984 521 4039 τδ
545 3984 783 4056 ἀξίωμα,
825 3984 949 4054 ἄγει
976 3985 1066 4040 τὸν
1103 3986 1324 4056 πρῶτον
1350 3984 1486 4053 υἱὸν,
1511 3986 1607 4041 καί
1642 4003 1806 4058 φησιν
1833 3990 1860 4041 ό

278 4077 594 4151 προφήτηςο
642 4078 865 4149 Πάραγε
911 4076 1094 4140 αὑτὸν,
1143 4079 1243 4131 οὐκ
1294 4077 1599 4149 ηὐδόκησεν
1646 4078 1673 4130 ό
1728 4077 1861 4141 Θεὸς

279 4175 337 4226 ὲν
369 4170 539 4242 αὐτῷ.
585 4171 744 4241 Ἀγει
771 4170 862 4224 τδν
886 4168 1144 4243 δεύτερον
1173 4186 1190 4202 θ
1231 4170 1353 4225 οὐδὲ
1392 4164 1571 4236 οὗτος.
1601 4171 1707 4225 Τὸν
1738 4171 1859 4244 τρίο

276 4283 371 4321 τον
399 4283 412 4296 ·
445 4265 565 4319 οὐδὲ
595 4260 779 4327 οὗτοςο
814 4263 904 4319 τδν
943 4265 1225 4337 τέταρτον,
1278 4263 1369 4318 τὸν
1415 4263 1688 4335 πέμπτον.
1740 4265 1859 4319 Ἀν-

280 4358 466 4432 ηλὼθη
503 4358 532 4412 ό
560 4356 719 4431 χορὸς
759 4355 867 4411 τῶν
911 4356 1139 4421 παίδων,
1172 4356 1268 4411 καὶ
1313 4356 1341 4408 ὁ
1384 4355 1717 4429 ζητούμενος
1761 4360 1858 4431 οὐχ

276 4452 592 4523 ηὑρίσκετο.
649 4448 813 4519 Λέγει
852 4448 1003 4520 αὕτῷ
1026 4465 1040 4479 ·
1086 4449 1273 4519 Ἔχεις
1318 4446 1519 4517 ἄλλως
1552 4450 1796 4523 ᾐσχύνθη
1829 4453 1857 4505 ό

277 4547 464 4618 πατήρ
492 4561 507 4575 °
544 4545 693 4615 Ἐχω
744 4544 863 4607 ἕνα,
916 4544 1102 4615 φησὶν,
1143 4542 1360 4614 μικρδν,
1402 4541 1630 4615 εὐτελῆ·
1702 4543 1857 4614 βασι-

273 4638 371 4695 λέα
407 4640 610 4709 ζητεῖς.
663 4636 880 4710 μικρὸν,
922 4637 1134 4709 εὐτελῆ,
1190 4634 1447 4706 ποιμένα.
1507 4634 1850 4707 Ἀνθρωπος,

1967 3318 2045 3375 Ae
2076 3322 2327 3391 proinde,
2352 3338 2451 3378 nec
2490 3327 2536 3379 si
2570 3325 2791 3381 sohrius
2813 3337 2868 3383 et
2889 3329 3132 3399 prudens
3166 3331 3359 3398 tueris,
3394 3330 3556 3402 quid.

1966 3433 2134 3489 quam
2176 3417 2277 3475 tibi
2324 3418 2637 3477 detrimenti
2683 3432 3016 3494 praematura
3068 3433 3204 3481 tetas
3262 3425 3554 3493 attulerit;

1970 3527 2068 3567 nec
2096 3512 2141 3567 si
2172 3513 2359 3585 segnis
2385 3513 2729 3586 ignarusque
2764 3516 2865 3581 sis,
2890 3518 3187 3589 quidquam
3220 3528 3271 3575 te
3296 3532 3554 3578 senectus

1961 3603 2196 3674 juvabit.
2233 3606 2504 3664 Senectus
2546 3609 2689 3664 enim
2718 3626 2828 3665 non
2859 3612 2909 3666 in
2952 3612 3184 3668 crinium
3217 3614 3438 3683 canitie,
3459 3618 3552 3673 sed

1966 3698 2021 3753 in
2058 3698 2225 3753 animi
2262 3698 2467 3754 virtute
2494 3701 2599 3755 sita
2643 3710 2746 3755 est.
2784 3701 2878 3757 Sic
2915 3702 3177 3757 nimirum
3214 3704 3401 3773 David,
3425 3722 3552 3764 cum

1966 3792 2147 3846 adhuc
2200 3790 2423 3864 juvenis
2484 3804 2658 3857 esset,
2728 3803 3005 3851 maturum
3056 3798 3278 3853 virtutis
3312 3797 3551 3855 fructum

1967 3886 2299 3957 possidebat.
2343 3886 2503 3943 Venit
2545 3903 2709 3959 porro
2758 3888 2980 3945 Samuel
3033 3892 3100 3946 ad
3152 3890 3327 3957 Jesse,
3376 3908 3551 3949 cornu

1964 3990 2206 4052 gestans,
2240 3980 2294 4036 in
2323 3997 2435 4053 quo
2473 3995 2725 4039 sanetum
2754 3992 2903 4041 esset
2952 3985 3157 4041 oleum.
3189 3986 3253 4041 Et
3278 3985 3407 4058 quid
3435 3987 3553 4044 ait?

1966 4075 2119 4131 Misit
2148 4092 2234 4131 me
2282 4076 2426 4132 Deus
2465 4086 2523 4131 ut
2561 4094 2728 4133 unum
2762 4093 2791 4132 e
2824 4079 2936 4134 tuis
2975 4080 3101 4134 liliis
3140 4096 3320 4151 regem
3354 4080 3548 4136 faciam

1964 4166 2090 4239 (civ.
2118 4168 2142 4223 Ι
2173 4166 2297 4239 Reg.
2326 4170 2457 4234 xvi).
2491 4168 2693 4224 Audito
2716 4169 2871 4225 Jesse
2902 4171 3045 4241 regis
3088 4170 3327 4239 nomine,
3366 4171 3537 4227 tilium

1965 4272 2093 4315 natu
2126 4260 2423 4314 maximum
2473 4260 2715 4320 adducit.
2762 4262 3063 4315 arbitratus
3096 4276 3220 4315 eum
3257 4262 3323 4315 ad
3358 4260 3548 4332 hujus-

1964 4352 2110 4407 modi
2164 4350 2485 4423 dignitatem
2549 4351 2810 4405 idoneum
2844 4366 2987 4406 esse.
3053 4349 3331 4420 l‘rOpheta
3368 4366 3545 4408 vero:

1965 4446 2172 4501 Amove
2227 4444 2413 4512 hunc;
2479 4461 2589 4502 non
2656 4457 2915 4519 acceptus
2976 4456 3061 4504 est
3130 4447 3381 4503 Domino.
3434 4448 3546 4503 Ad-

1966 4537 2120 4593 ducit
2160 4538 2250 4593 ille
2302 4538 2645 4609 secundum;
2683 4550 2738 4597 at
2786 4557 2887 4598 nec
2919 4542 3024 4597 iste
3067 4541 3258 4598 etiam.
3300 4541 3545 4597 Tertium

1963 4630 2207 4696 adducit,
2242 4632 2419 4687 necis
2450 4649 2667 4705 quoque
2707 4646 2861 4701 erat;
2910 4644 3026 4689 tum
3067 4644 3347 4705 quartum,
3390 4636 3549 4705 quin-

275 4733 567 4802 ἑξουθενεϊ,
597 4731 713 4785 ἀλλ’
741 4734 769 4785 ὁ
799 4730 935 4794 Θεὸς
970 4731 1245 4797 στεφανοῖ.
1271 4730 1357 4782 Οὐ
1385 4726 1494 4799 τὰρ
1526 4727 1606 4794 ὡς
1638 4728 1851 4795 ὄψεται

1983 4738 2103 4789 ιιιιι;
2129 4723 2352 4795 jamque
2386 4723 2623 4780 ﬁliorum
2656 4727 2860 4783 chorus
2891 4736 3259 4799 consumptus
3284 4735 3425 4793 erat,
3446 4744 3548 4783 nec

274 4828 602 4896 ὥνθρωπος,
618 4825 827 4895 ὄψεται
851 4827 960 4879 Θεό
984 4846 1013 4878 ι.
1037 4826 1380 4892 Ἀνθρωπος
1397 4824 1486 4888 εις
1504 4822 1851 4890 πρόσωπον,

274 4922 420 4990 Θεὸς
447 4922 515 4976 δὲ
541 4924 630 4988 εἰς
660 4918 938 4988 καρδίαν.
962 4919 1053 4991 λιη
1085 4918 1193 4989 γάρ
1235 4916 1610 4987 πολυσαρκίαν
1659 4914 1853 4988 ζητοῦ-

274 5033 396 5087 μεν,
423 5014 599 5086 ψυχῆς
632 5011 910 5080 εὐγένειαν
944 5008 1345 5081 ἐπιθαμοῦμεν.

270 5112 376 5164 lem
429 5108 636 5171 habeo,
694 5106 868 5175 inquit
925 5120 939 5159 :

1958 4821 2139 4869 tamen
2179 4816 2563 4874 inveniebatur
2594 4820 2685 4875 ille
2717 4821 2811 4893 qui
2856 4823 3230 4892 quaerebatur.
3267 4820 3407 4876 Dixit
3443 4823 3543 4876 ita-

1956 4924 2065 4979 que
2121 4906 2341 4965 Samuel
2396 4928 2411 4966 :
2459 4910 2730 4967 Nuliusne
2790 4922 3051 4983 praeterea
3094 4913 3191 4967 tibi
3249 4912 3393 4968 ﬁlius
3426 4913 3545 4968 est?

1956 5000 2170 5057 Pudore
2230 5002 2475 5059 suﬂ‘usus
2532 5015 2681 5075 pater
2718 5024 2729 5060 :
2765 5003 2943 5061 Unum
3009 5006 3299 5077 parvulum
3360 5015 3414 5062 et
3462 5006 3541 5059 vi-

995 5119 1183 5159 verum
1247 5118 1426 5175 regem
1485 5101 1712 5173 qumris,
1765 5100 1812 5156 is
1867 5108 2047 5153 autem
2112 5098 2235 5153 vilis
2303 5109 2386 5153 est
2440 5101 2629 5170 upilio.
2690 5102 2863 5155 Homo
2913 5103 3223 5172 vilipeudit,
3277 5109 3333 5156 at
3397 5101 3537 5155 Deus

268 5214 517 5261 coronat.
552 5201 675 5258 Non
704 5203 842 5257 enim
870 5208 925 5253 ut
981 5199 1113 5254 videt
1171 5197 1344 5263 homo,
1375 5198 1453 5253 sic
1494 5198 1632 5253 videt
1677 5195 1839 5250 Dens.
1873 5193 2040 5249 "orno
2082 5194 2268 5264 quippe
2304 5193 2440 5249 videt
2479 5196 2531 5249 in
2590 5197 2826 5264 faciem:
2870 5194 3009 5251 Deus
3077 5206 3253 5250 autem
3293 5197 3531 5249 intuetur

269 5319 362 5358 cor
397 5300 449 5373 (1
485 5300 611 5372 Itcg.
644 5314 757 5370 ενι,
788 5298 865 5368 'l).
911 5293 1032 5351 Non
1078 5292 1223 5350 enim
1290 5293 1616 5348 obesitatem
1674 5289 1993 5361 quaerimus,
2049 5290 2143 5345 sed
2174 5288 2342 5343 animi
2377 5288 2559 5360 potius
2586 5289 2953 5345 nobilitatem.

343 5421 531 5476 Βούλει
561 5419 775 5493 μαθεῖν,
830 5418 929 5488 ὅση
959 5414 1068 5471 τῶν
1104 5412 1292 5485 ἱερέων
1331 5412 1534 5482 ἐστὶνή
1570 5410 1844 5481 δύναμιςς

2033 5410 2227 5481 Ejusd.
2254 5443 2324 5454 —-
2359 5409 2452 5467 Vis
2485 5411 2629 5467 scire
2666 5420 2872 5483 quanta
2910 5410 3263 5467 sacerdotum
3303 5408 3542 5478 potentia

279 5517 562 5587 Ἐννόησον
625 5515 686 5567 τὸ
747 5513 1053 5584 βάπτισμα,
1106 5509 1214 5564 τῶν
1284 5504 1705 5577 ἁμαρτημάτων
1751 5502 1849 5573 τὴν

1976 5507 2065 5560 ιίιῖ
2093 5505 2429 5576 Βιιριῑεηιιιιη
2472 5506 2702 5576 inspice,
2751 5515 3101 5577 peccatorum
3137 5502 3542 5565 remissionem,

265 5610 481 5679 ἄφεσιν,
508 5606 605 5680 τὴν
635 5605 929 5669 υἱοθεσίαν,
964 5602 1036 5655 τὰ
1081 5598 1252 5672 μυρία
1301 5597 1503 5667 ἀγαθὰ,
1544 5595 1578 5651 ἃ
1614 5596 1699 5650 διὰ
1746 5597 1847 5669 τῆς

1956 5599 2330 5669 adoptionem,
2360 5606 2619 5653 sexcenta
2656 5597 2892 5668 denique
2920 5598 3061 5653 bona
3092 5611 3214 5666 qua:
3236 5610 3331 5665 per
3363 5593 3543 5665 impo-

266 5702 563 5765 ἐπιθέσεως
592 5699 700 5753 τῶν
724 5698 925 5771 χειρῶν
955 5697 1163 5751 τούτων
1186 5712 1271 5749 σοι
1307 5692 1699 5764 παραγίνεται,
1752 5691 1845 5744 καὶ

1976 5695 2211 5748 .itionem
2258 5707 2515 5747 manuum
2566 5692 2835 5763 ipsorum,
2886 5703 2941 5750 et
2984 5708 3081 5764 per
3141 5689 3540 5745 invocationem

266 5795 354 5852 διὰ
386 5795 486 5865 τῆς
508 5792 848 5861 ἐπικλήσεως
879 5792 978 5862 τῆς
1009 5790 1115 5845 ὑπὸ
1152 5788 1361 5845 τούτων
1393 5802 1477 5838 σοι
1524 5785 1841 5857 γινομένης.

280 5890 419 5947 Ἀλλ’
476 5887 663 5958 ἐπειδὴ
708 5886 969 5957 ῥᾳθύμως
1020 5887 1202 5950 αὐτοῖς
1264 5879 1706 5956 προσερχόμεθα,
1752 5882 1845 5935 καί

548 5989 800 6048 Pnnot.
852 5985 972 6045 Gn.
993 5982 1169 6046 XCV.

1953 5802 2118 5857 quant
2153 5793 2242 5841 tua
2279 5800 2445 5840 causa
2508 5785 2741 5850 faciant,
2777 5786 2873 5841 tibi
2926 5788 3273 5857 contingunt.
3310 5783 3378 5839 At
3415 5783 3543 5855 quia

1958 5880 2299 5953 negligenter
2334 5880 2401 5935 ad
2438 5879 2607 5951 ipsos,
2638 5880 2941 5951 ignaroque
2970 5890 3022 5935 et
3067 5878 3320 5953 languido
3359 5876 3542 5934 animo

3001 5971 3066 6035 49
