3930 6248
458 346 586 413 1551

1601 349 1662 413 S.
1692 342 2016 413 )OANNIS
2052 340 2489 414 DAMASCENI
3544 346 3646 415 155!

445 482 496 527 et
536 468 909 542 profanabant
949 483 1036 525 me
1085 468 1140 525 in
1188 467 1368 525 medio
1417 466 1694 541 ipsorum.
1741 467 2023 540 Principes

2132 468 2395 543 ἄρχοντες
2450 467 2633 525 αὐτῶν
2666 468 2727 526 ὲν
2757 468 2909 542 μέσῳ
2937 468 3110 541 αὑτῆς
3132 468 3206 535 ὡς
3231 466 3405 536 λύκοι,
3428 465 3649 542 ἀρπάζον-

443 580 632 620 eorum
666 565 721 619 in
754 563 936 622 medio
965 563 1111 619 illius
1136 563 1299 635 quasi
1330 563 1440 636 lupi
1474 563 1753 636 rapientes
1783 560 2027 636 pradam

444 657 509 713 ad
539 655 929 713 ell'undeudum
963 654 1287 728 sanguinem
1307 693 1325 719 ,
1351 665 1408 711 ιιι
1433 671 1599 712 avare
1622 656 1778 712 lucra
1811 661 2027 713 secten-

444 760 534 804 tur
563 765 579 818 ;
614 758 668 805 ct
700 748 981 822 prophetae
1010 748 1131 820 ejus
1160 747 1437 805 liniebant
1466 764 1583 806 eos.
1622 766 1643 803 ι

518 841 707 899 Εσεείι.
739 857 907 897 xxxiv
927 882 943 908 ,
974 840 1134 897 2-10.
1158 872 1230 884 -
1256 860 1275 895 ι
1306 840 1434 898 llaec
1467 841 1604 899 dicit
1633 840 1902 898 Dominus
1933 857 1951 897 ι
1979 837 2027 896 0

444 947 696 1009 pastores
720 931 1029 992 Jerusalem
1055 935 1070 990 ί
1106 934 1359 1006 nunquid
1392 942 1627 1006 pascunt
1658 940 1909 1007 pastores
1938 930 2029 989 Je-

446 1031 687 1087 rusalem
723 1028 1101 1101 semetipsos?
1137 1043 1320 1085 nonne
1351 1042 1483 1084 oves
1517 1034 1824 1100 pascuntur
1856 1038 1887 1080 α
1926 1037 2046 1107 pa-_

441 1120 734 1181 storibusl
767 1119 907 1180 Ecce
953 1122 1039 1177 lac
1074 1121 1400 1187 comeditis,
1431 1130 1485 1176 et
1516 1119 1661 1176 lanis
1694 1118 2021 1191 Operimini,

444 1228 497 1274 et
528 1217 671 1290 quod
701 1231 951 1273 crassum
983 1223 1107 1271 erat
1126 1255 1144 1284 ,
1168 1213 1457 1282 occiditis,
1491 1222 1548 1269 et
1575 1228 1707 1270 oves
1734 1227 1883 1269 meas
1912 1226 2027 1269 non

442 1311 696 1384 pascitis.
751 1308 909 1378 Quod
962 1308 1246 1366 inﬁrmum
1299 1306 1437 1372 fuit,
1472 1324 1581 1364 non
1614 1304 2023 1370 confortastis;

442 1405 591 1478 quod
618 1404 879 1470 errabat,
916 1416 1026 1459 non
1057 1400 1405 1459 reduxistis:
1438 1408 1493 1456 et
1541 1399 1693 1472 quod
1744 1396 2026 1471 perierat,

442 1519 554 1559 non
580 1500 901 1576 quaesistis;
937 1497 1165 1570 etquod
1220 1496 1363 1554 forte
1412 1503 1569 1561 erat,
1611 1492 1887 1550 aﬂlixistis
1940 1492 2022 1549 la-

443 1596 597 1653 bore.
629 1594 696 1650 Et
724 1593 986 1663 dispersae
1013 1597 1144 1648 sunt
1178 1605 1313 1647 oves
1346 1603 1485 1644 mea:
1512 1603 1579 1645 eo
1613 1586 1761 1660 quod
1792 1601 1905 1642 non
1935 1599 2021 1641 es-

441 1697 565 1747 sent
596 1695 872 1760 pastores.
898 1682 1209 1741 Pascebant
1232 1690 1481 1755 pastores
1507 1681 1862 1752 semetipsos,
1892 1693 2027 1736 oves

441 1794 625 1839 autem
662 1794 813 1837 meas
862 1793 974 1836 non
1022 1776 1347 1849 pascebant.
1390 1772 1693 1846 PrOpterea
1740 1785 1874 1829 ecce
1915 1770 2027 1842 ﬁgo

2134 582 2226 631 τες
2275 563 2569 640 ἅρπαγμα,
2628 563 2723 621 τοῦ
2774 563 2967 636 δκχέαι
3012 557 3178 638 αἷμα,
3225 562 3375 627 ὅπως
3418 562 3653 635 πλεονεξίᾳ

2135 657 2537 715 πλεονεκτῶσιν
2570 671 2585 687 ⁸
2631 658 2729 715 καὶ
2759 658 2810 713 oi
2842 656 3125 734 προφῆται
3168 655 3340 729 αὐτῆς
3393 653 3656 727 ἀλείφοντες

2128 754 2349 820 αὑτούς.
2377 772 2398 808 ι

2210 866 2230 903 ι
2267 848 2410 904 Τάδε
2434 847 2586 918 λέγει
2614 847 2839 923 Κύριος⁸
2874 840 2951 903 '0
2965 847 3018 903 οῑ
3037 844 3298 919 ποιμένες
3337 841 3659 917 Ἰερουσαλήμὶ

2137 941 2211 1015 μὴ
2236 940 2526 1015 βόσκουσι-θ
2559 942 2613 999 ei
2647 942 2913 1015 ποιμένες
2967 939 3240 1010 ἑαυτούς
3278 937 3339 993 οὑ
3359 938 3426 994 τὰ
3450 936 3663 1011 πρόϐατα

2134 1033 2424 1105 βόσκουσιν
2442 1036 2495 1091 oi
2522 1035 2817 1110 ποιμένες;
2851 1033 2985 1092 ’1δοὺ
3013 1034 3076 1090 τὺ
3102 1034 3247 1105 γάλα
3272 1029 3567 1088 κατεσθίετε
3591 1031 3667 1085 καὶ

2130 1130 2201 1185 τὰ
2229 1129 2353 1201 ἔρια
2388 1130 2811 1203 περιϐάλλεσθε,
2851 1133 2949 1187 καὶ
2989 1130 3053 1186 τὸ
3087 1131 3239 1202 παχὺ
3287 1124 3564 1198 σφάξεσθε,
3594 1127 3669 1181 καὶ

2132 1220 2202 1276 τὰ
2225 1219 2477 1296 πρόσατά
2540 1238 2643 1295 μου
2708 1221 2771 1277 οὔ
2830 1220 3079 1293 βόσκετε.
3133 1220 3213 1275 Τὸ
3252 1216 3540 1294 ἡσθενηκδς
3590 1216 3672 1272 οὑκ

2136 1311 2490 1386 ὲνισχὺσατε,
2542 1314 2725 1371 καὶτὸ
2760 1313 3117 1389 πλανώμενον
3165 1314 3269 1370 οὑκ
3318 1300 3689 1384 ἐπεστρέςατε,’

2135 1406 2231 1462 καλ
2274 1406 2337 1462 τὸ
2383 1406 2664 1474 ἀπολωλὸς
2710 1409 2814 1464 οὑκ
2857 1408 3189 1483 ἐζητήσατε,
3242 1410 3341 1463 καὶ
3379 1405 3440 1461 τδ
3490 1406 3675 1479 ἰσχυρὸν

2132 1500 2601 1575 κατειργάσασθε,
2624 1502 2720 1557 καὶ
2739 1502 3012 1575 διεσπάρη
3042 1502 3111 1556 τὸ,
3138 1499 3394 1573 πρόϐατά
3419 1516 3514 1571 μου
3530 1497 3611 1552 διὰ
3629 1497 3678 1550 τὸ

2136 1597 2213 1669 μὴ
2258 1591 2403 1653 εἶναι
2443 1595 2735 1669 ποιμένας.
2770 1595 3039 1651 Ἔσοσκον
3067 1594 3119 1649 οί
3159 1595 3421 1666 ποιμένες
3463 1591 3677 1653 ἑαυτοὺς,

2135 1691 2203 1746 τὰ
2230 1690 2290 1746 δὲ
2319 1689 2571 1765 πρόσατά
2604 1707 2709 1764 μου
2750 1689 2855 1746 οὐκ
2881 1689 3132 1745 ἔϐοσκον.
3171 1688 3321 1744 Ἀντί.
3358 1685 3542 1743 τούτου
3587 1684 3677 1739 nos

2133 1784 2246 1855 ἐγὼ
2270 1784 2367 1841 ἐπὶ
2398 1784 2526 1851 τοὺς
2565 1783 2834 1855 ποιμένας
2879 1784 2979 1838 καὶ
3027 1780 3323 1856 ὲκζητήσω
3366 1781 3437 1837 τὰ
3462 1776 3681 1855 πρόϐατά

439 1890 608 1948 super
638 1883 892 1946 pastores
915 1911 931 1939 ,
971 1879 1025 1928 et
1061 1884 1202 1951 oves
1226 1884 1377 1925 meas
1428 1867 1709 1939 requiram
1744 1864 1814 1924 de
1847 1865 2018 1922 mani-

2127 1895 2232 1951 μου
2259 1878 2324 1933 ὲκ
2357 1877 2468 1933 τῶν
2498 1876 2704 1951 χειρῶν
2736 1875 2938 1932 αὐτῶν.
2962 1896 2982 1929 ι

440 1970 545 2027 bus
570 1981 785 2025 eorum.
814 1984 835 2021 ι

512 2082 647 2152 Sap.
666 2096 754 2150 vt,
775 2079 813 2135 2
835 2096 977 2153 seqq.
996 2110 1068 2121 —
1086 2096 1107 2133 ι
1135 2077 1363 2147 Discite,
1378 2076 1595 2149 judices
1618 2077 1812 2134 ﬁnium
1837 2084 2021 2144 terrae,

440 2173 704 2246 quoniam
731 2171 861 2228 data
881 2178 969 2228 est
993 2185 1025 2227 a
1048 2170 1282 2228 Domino
1310 2178 1552 2243 potestas
1577 2180 1785 2228 vestra.
1808 2168 1913 2238 Qui
1939 2170 2026 2226 in.

438 2265 741 2339 terrogabit
762 2280 930 2339 opera
959 2271 1160 2332 vestra,
1182 2272 1238 2321 et
1257 2264 1622 2336 cogitationes
1645 2263 2020 2322 scrutabitur:

440 2360 730 2433 quoniam,
750 2372 877 2413 cum
901 2355 1143 2414 ministri
1172 2358 1373 2414 essetis
1400 2354 1553 2429 regni
1584 2355 1731 2413 illius
1749 2395 1766 2422 ,
1798 2370 1910 2413 non
1934 2369 2024 2412 re-

440 2465 529 2509 cte
548 2450 847 2524 judicastis
867 2492 885 2518 ,
910 2464 1014 2506 nec
1035 2447 1364 2505 custodistis
1390 2449 1559 2519 legem
1581 2488 1598 2515 ,
1626 2464 1803 2522 neque
1826 2462 2029 2505 secun-

440 2546 572 2604 dum
614 2545 950 2603 voluntatem
989 2540 1087 2599 Dei
1127 2542 1481 2599 atnbulastis.
1514 2541 1800 2600 Horrende
1832 2551 1889 2600 et
1916 2542 2028 2599 cito

437 2641 722 2700 iucumbct
741 2638 902 2696 vobis
928 2636 1228 2704 interitus;
1258 2638 1521 2709 quoniam
1548 2636 1826 2708 judicium
1852 2634 2031 2693 duris-

439 2734 643 2791 simum
673 2732 731 2789 in
758 2730 847 2788 his
873 2730 969 2803 qui
990 2740 1268 2803 pratsunt,
1299 2730 1376 2786 iit.
1410 2730 1629 2800 Exiguo
1656 2732 1806 2786 enim
1829 2745 2027 2787 conce-

439 2829 588 2885 ditur
629 2825 1017 2885 misericordia
1044 2843 1063 2882 :
1103 2832 1357 2896 potentes
1398 2833 1582 2881 autem
1623 2830 1881 2897 potenter
1912 2831 2027 2880 tor-

440 2929 626 2981 menta
678 2922 985 2992 patientur.
1038 2917 1160 2976 Non
1210 2921 1358 2977 enim
1400 2916 1695 2976 subtrahet
1728 2933 2022 2990 personam

439 3017 707 3074 Dominus
734 3016 1021 3073 hominum
1041 3056 1058 3082 ,
1083 3030 1188 3071 nec
1216 3014 1499 3071 verebitur
1522 3013 2018 3085 magnitudinem.»

438 3110 504 3167 Et
534 3126 753 3167 rursum
779 3128 794 3165 :
822 3128 840 3163 ι
871 3108 1218 3165 Fortioribus
1252 3108 1451 3163 fortior
1480 3107 1652 3166 instat
1686 3106 2017 3163 crueiatio.»

2211 2104 2231 2138 ι
2273 2085 2495 2143 Meam
2542 2086 2802 2143 δικασταὶ
2828 2086 3085 2159 περάτων
3114 2084 3215 2157 τῆς
3268 2083 3402 2157 γῆς,
3447 2083 3526 2140 ὅτι
3551 2083 3682 2156 ἐδόθη

2127 2178 2282 2251 παρὰ
2312 2178 2522 2252 Κυρίου
2551 2179 2586 2251 η
2620 2178 2889 2253 κράτησις
2924 2177 3103 2250 ὑμῶν.
3134 2178 3231 2243 Ὃς
3259 2176 3512 2244 ἐξετάσει
3555 2176 3687 2250 ὑμῶν

2127 2272 2199 2326 τὰ
2226 2270 2383 2345 ἔργα,
2429 2272 2527 2327 καὶ
2551 2272 2649 2337 τὰς
2687 2271 2885 2345 βουλὰς
2920 2271 3283 2345 διερευνήσει,
3314 2273 3405 2328 ὅτι
3442 2272 3686 2345 ὑπηρέται

2127 2368 2283 2433 ὄντες
2328 2367 2428 2441 τῆς
2455 2365 2626 2423 αὑτοῦ
2684 2366 2982 2439 βασιλείας,
3037 2368 3140 2421 οὑκ
3194 2363 3457 2439 ἐκρίνατε
3515 2364 3687 2440 ὀρθῶς.

2126 2461 2252 2517 οὑδὲ
2280 2460 2585 2532 ἐφυλάξατε
2643 2459 2834 2533 νόμον,
2889 2458 3014 2515 οὐδὲ
3062 2458 3205 2515 κατὰ
3252 2459 3361 2533 τὴν
3395 2459 3584 2533 βουλὴν
3611 2459 3688 2514 τοῦ

2128 2554 2266 2611 Θεοῦ
2294 2553 2654 2628 ὲπορεύθητε.
2709 2551 2962 2627 Φρικτῶς
2993 2555 3088 2608 καὶ
3115 2553 3333 2625 ταχέως
3364 2554 3689 2625 ἐπιστήσεται

2131 2650 2261 2723 ὑμῖν
2308 2646 2552 2721 δλεθρος,
2593 2648 2683 2702 ὅτι
2739 2645 2923 2719 κρίσις
2963 2645 3243 2719 ἀπότομος
3286 2646 3361 2701 ἐν’
3382 2648 3500 2711 τοῖς
3545 2645 3691 2717 ὑπερ-

2129 2741 2313 2811 έχουσι
2356 2737 2590 2811 γίνεται.
2623 2737 2682 2793 ὀ
2711 2736 2823 2809 γὰρ
2874 2736 3161 2808 ἐλάχιστος
3186 2735 3544 2807 συγγνωστός
3568 2737 3691 2790 ἐστιν

2128 2832 2314 2897 ἐλέους
2340 2849 2356 2864 '
2392 2828 2613 2886 δυνατοὶ
2640 2828 2698 2885 δὲ
2725 2827 2974 2893 δυνατῶς
3031 2827 3458 2901 ὲτασθήσονται.
3498 2827 3572 2883 οὑ
3603 2826 3693 2897 γὰρ

2128 2925 2507 2982 ὑποστελεῖται
2570 2924 2918 2997 πρόσωπονδ
2943 2921 3164 2978 πάντων
3225 2923 3539 2995 Δεσπότης,
3593 2922 3691 2977 οὐδὲ

2128 3020 2540 3095 ὲντραπήσεται
2604 3016 2861 3091 μέγεθος.
2892 3034 2915 3070 ο
2960 3017 3073 3072 Καὶ
3106 3015 3270 3072 πάλιν
3297 3031 3315 3051 ⁵
3363 3036 3386 3071 σ
3412 3017 3540 3082 Τοῖς
3578 3034 3691 3091 κρα-

2127 3117 2301 3179 ταιοῖς
2330 3112 2530 3186 ἰσχυρὰ
2556 3110 2844 3182 ἐφίσταται
2865 3109 3081 3181 ἔρευνα.
3114 3128 3133 3163 ι

509 3206 707 3263 Matth.
731 3222 867 3262 χχιιι
887 3246 902 3272 ,
931 3208 953 3262 l
995 3224 1138 3279 seqq.
1161 3238 1229 3249 -—
1253 3205 1407 3261 Tune
1426 3203 1589 3262 Jesus
1612 3204 1827 3260 locutus
1853 3214 1937 3260 est
1956 3203 2021 3259 ad

2199 3229 2219 3263 ι
2258 3209 2394 3265 Τότε
2433 3208 2462 3263 ὁ
2496 3205 2712 3280 Ἰησοῦς
2761 3204 2991 3277 tum;
3040 3205 3156 3267 τοῖς
3208 3203 3400 3276 δχλοις
3449 3204 3546 3260 καὶ
3602 3204 3693 3265 τοῖς

436 3300 665 3367 turbas,
707 3307 763 3357 et
799 3300 868 3356 ad
905 3300 1217 3373 discipulos
1250 3315 1418 3366 suos,
1452 3300 1644 3356 dicens
1677 3319 1688 3354 :
1720 3295 1901 3369 Super
1930 3313 2023 3352 ca-

439 3395 685 3451 thedram
712 3394 887 3469 Moysi
916 3395 1182 3453 sederunt
1204 3394 1413 3450 Scriba:
1439 3402 1492 3450 et
1514 3392 1803 3450 Phariswi.
1827 3391 2023 3454 Omnia

433 3504 569 3561 ergo
606 3504 955 3560 quaecunque
992 3487 1237 3545 dixerint
1279 3486 1438 3544 vobis
1471 3501 1730 3552 servare,
1768 3493 2021 3552 servate;

438 3584 746 3642 secundum
780 3591 966 3639 autem
993 3598 1160 3656 opera
1186 3598 1377 3639 eorum
1400 3581 1572 3638 nolite
1600 3580 1801 3638 facere.
1830 3579 2025 3635 Dicunt

437 3680 622 3748 enim,
654 3686 710 3735 et
736 3692 845 3734 non
882 3677 1115 3734 faciunt.
1151 3677 1401 3749 Alligant
1436 3676 1584 3731 enim
1624 3689 1793 3730 onera
1834 3672 2023 3745 gravia

437 3786 492 3833 ct
519 3772 914 3847 importabilia,
943 3780 997 3830 et
1020 3772 1313 3845 imponunt
1350 3787 1415 3828 ea
1452 3770 1507 3825 in
1546 3769 1810 3826 humeros
1845 3766 2023 3823 homi-

436 3883 569 3924 num
594 3886 611 3933 ;
639 3864 813 3939 digito
842 3872 1027 3921 autem
1058 3878 1163 3921 suo
1192 3878 1304 3920 non
1335 3870 1557 3918 movent
1587 3875 1672 3916 ea.
1695 3857 1892 3915 Omnia
1922 3872 2024 3911 au-

437 3972 547 4016 tem
580 3974 748 4031 opera
782 3973 884 4016 sua
918 3956 1130 4012 faciunt
1164 3965 1223 4012 ut
1258 3955 1553 4011 videantur
1585 3955 1653 4008 ab
1680 3950 2020 4008 hominibus.

435 4054 683 4110 Dilatant
704 4052 852 4109 enim
894 4050 1237 4125 phylacteria
1271 4064 1395 4115 sua,
1426 4056 1482 4103 et
1511 4046 1868 4119 magniﬁcam
1904 4044 2025 4101 tim-

436 4148 587 4206 brias
617 4147 1069 4204 vestimentorum
1101 4159 1350 4200 suorum.
1386 4145 1584 4199 Amant
1617 4141 1780 4198 etiam
1815 4138 2024 4211 primos

435 4241 721 4299 recubitus
750 4240 808 4297 in
834 4238 1011 4297 caenis
1031 4278 1047 4304 ,
1075 4247 1129 4296 et
1158 4237 1367 4308 primas
1395 4236 1688 4291 cathedras
1714 4234 1771 4289 in
1799 4248 2027 4306 synago-

437 4339 543 4407 gis,
571 4348 626 4393 et
654 4334 1017 4391 salutationes
1046 4332 1099 4388 in
1134 4332 1274 4397 foro,
1306 4338 1359 4387 et
1390 4331 1574 4386 vocari
1605 4327 1672 4384 ab
1702 4328 2024 4384 hominibus

437 4428 637 4485 Rahhi.
670 4425 779 4484 Vos
817 4433 997 4482 autem
1037 4424 1203 4480 nolite
1232 4423 1417 4479 vocari
1453 4421 1653 4478 Rabbi.
1688 4418 1844 4475 Unus
1874 4419 2023 4475 enim

439 4533 525 4581 est
566 4521 827 4594 Magister
862 4528 1045 4577 vester
1078 4518 1335 4575 Christus
1369 4538 1385 4575 :
1436 4531 1631 4573 omnes
1684 4524 1865 4569 autem
1927 4527 2023 4569 vos

440 4614 640 4672 fratres
664 4614 821 4671 estis.
850 4613 915 4668 Et
943 4619 1157 4683 patrem
1180 4611 1351 4667 nolite
1370 4616 1614 4666 vestrum
1638 4606 1801 4680 517
1826 4621 2022 4663 vocare

442 4726 605 4780 super
643 4718 868 4765 terram.
912 4706 1071 4763 Unus
1102 4708 1248 4763 enim
1288 4714 1372 4762 est
1407 4703 1569 4759 Pater
1606 4715 1790 4759 vester
1828 4702 1922 4773 qui
1965 4701 2018 4755 in

440 4801 598 4857 cretis
626 4807 733 4857 est.
768 4799 870 4868 Qui
904 4808 1090 4857 autem
1127 4799 1303 4871 major
1329 4807 1412 4854 est
1444 4808 1686 4855 vestrum
1709 4840 1738 4864 ,.
1758 4796 1833 4852 sit
1861 4795 2023 4851 mini~

441 4904 558 4953 ster
588 4901 792 4953 vester.
815 4895 921 4963 Qui
946 4905 1132 4951 autem
1154 4911 1215 4951 se
1238 4892 1582 4954 exaltaverit.
1606 4889 2020 4958 humiliabitur;

440 4994 604 5065 etqui
628 5009 688 5049 se
705 4992 1106 5066 bumiliaverit,
1127 4990 1485 5047 cxaltabitur.
1508 4986 1597 5044 Vae
1615 4988 1793 5054 vobis,
1814 4988 2025 5044 Scriba:

442 5096 496 5142 ct
513 5087 775 5144 Pbarismi
795 5086 1119 5161 hypocrita,
1139 5085 1269 5157 quia
1288 5083 1581 5141 comeditis
1612 5084 1805 5139 domos
1831 5081 2021 5137 vidua-

446 5198 567 5234 rum
594 5224 610 5246 ,
654 5181 846 5251 longas
880 5180 1162 5236 orationes
1199 5180 1264 5233 ad
1304 5176 1732 5235 ostentationem
1773 5184 2019 5233 orantes.

443 5276 673 5346 Propter
708 5275 810 5331 hoc
855 5274 1135 5346 recipietis
1177 5274 1417 5345 amplius
1447 5272 1747 5343 judicium.
1780 5270 1875 5328 V’ae
1919 5286 2022 5327 au-

443 5380 553 5427 tem
585 5370 763 5436 vobis,
790 5370 997 5426 Scribae
1025 5377 1077 5426 et
1096 5368 1358 5425 Pharisaei
1382 5368 1706 5441 hypocritze,
1727 5366 1851 5438 quia
1870 5366 2026 5421 clau-

444 5466 572 5520 tlitis
597 5479 825 5537 regnum
856 5464 1157 5526 cmlorum;
1185 5477 1283 5518 vos
1314 5470 1493 5516 autem
1520 5476 1628 5516 non
1654 5460 1894 5520 intratis.
1922 5471 2022 5514 nec

443 5557 787 5612 introeuntes
821 5556 1004 5612 sumtis
1027 5555 1255 5611 intrare.
1280 5553 1373 5609 Vae
1396 5565 1581 5610 autem
1606 5554 1784 5618 vobis,
1811 5552 1903 5623 qui
1927 5550 2022 5606 (ἰε-

446 5649 662 5705 cimatis
692 5648 993 5712 mentham,
1030 5655 1084 5703 et
1110 5648 1395 5713 anethum,
1427 5656 1483 5703 et
1512 5647 1820 5720 cyminum,
1848 5654 1904 5699 et
1935 5659 2020 5699 re-

445 5738 688 5809 liquistis
711 5755 831 5809 quae
849 5740 1102 5811 graviora
1129 5750 1256 5797 sunt
1282 5741 1439 5812 legis,
1462 5739 1757 5811 judicium,
1778 5745 1832 5794 et
1855 5738 2020 5794 mise-

451 5830 763 5895 ricordiam,
789 5842 843 5886 et
876 5830 1036 5888 iidem
1074 5850 1088 5888 :
1119 5833 1437 5889 excolautes
1462 5833 1719 5898 culicem,
1744 5832 2016 5887 camelum

448 5927 629 5973 autem
661 5922 1042 5991 deglutientcs.
1070 5924 1157 5983 Va:
1183 5934 1361 5983 autem
1384 5926 1561 5989 vobis,
1585 5925 1711 5994 quia
1737 5924 2018 5981 mundatis

2127 3303 2400 3375 μαθηταῖς
2418 3299 2609 3367 αὑτοῦ,
2633 3299 2810 3370 λέγων
2828 3316 2845 3333 ο
2875 3298 3001 3354 Ἐπὶ
3018 3297 3118 3367 τῆς
3141 3297 3432 3363 Μωῦσέως
3449 3295 3693 3369 καθέδρας

2124 3395 2389 3453 δκάθισαν
2420 3397 2472 3449 οί
2506 3393 2863 3468 Γραμματεῖς
2897 3392 2991 3448 καὶ
3037 3392 3354 3465 Φαρισαῖοι.
3405 3392 3591 3447 Πάντα
3619 3385 3698 3444 οὑν

2124 3492 2228 3547 ὅσα
2261 3489 2329 3547 ἂν
2355 3489 2592 3560 λέγωσιν
2641 3488 2775 3559 ὑμῖν
2833 3490 3047 3561 τηρεῖν,
3091 3486 3341 3561 τηρεῖτε,
3400 3484 3698 3542 κατὰδὲτὰ

2126 3585 2265 3659 ἔργα
2295 3583 2477 3639 αὐτῶν
2509 3582 2586 3655 μὴ
2621 3583 2853 3638 ποιεῖτε.
2900 3580 3142 3651 Λέγουσι
3196 3580 3333 3651 γὰρ,
3366 3580 3470 3635 καί⁸
3507 3580 3568 3634 οὑ
3597 3594 3699 3631 ποι-

2119 3679 2268 3735 οὖσι.
2292 3676 2632 3749 Δεσμεύουσι
2655 3675 2766 3747 7&9
2790 3674 2990 3748 φορτία
3034 3673 3209 3747 βαρέα
3262 3674 3365 3729 καὶ
3410 3672 3698 3730 δυσὸάστα·

2126 3792 2253 3843 κτα,
2277 3772 2376 3830 καὶ
2393 3769 2737 3827 ἐπιτιθέασιν
2758 3770 2851 3825 ἐπὶ
2868 3768 2995 3835 τοὺς
3023 3768 3206 3841 ὤμους
3246 3768 3362 3824 τῶν
3385 3767 3695 3841 ἀνθρώπων,

2126 3867 2205 3939 τῷ
2239 3867 2296 3922 δὲ
2326 3863 2583 3937 δακτύλῳ
2623 3862 2806 3919 αὐτῶν
2843 3863 2905 3918 οὑ
2936 3862 3183 3917 κινοῦσιν
3235 3860 3407 3920 αὑτά.
3450 3861 3629 3916 Πάντα
3651 3856 3697 3911 δὲ

2127 3954 2194 4010 τὰ
2229 3954 2368 4026 ἔργα
2395 3952 2577 4007 αὐτῶν
2635 3951 2885 4008 ποιοῦσιν
2915 3953 3053 4025 πρὸς
3087 3952 3151 4008 τὸ
3178 3950 3453 4025 θεαθῆναι
3473 3952 3591 4017 τοῖς
3618 3951 3698 4005 άν-

2126 4047 2390 4122 θρώποις.
2446 4048 2789 4103 Πλατὺνουσι
2839 4048 2949 4121 γὰρ
2986 4049 3056 4104 τὰ
3086 4046 3449 4122 φυλακτήρια
3518 4044 3696 4109 αὐτῶν,

2128 4144 2223 4197 καὶ
2258 4141 2623 4215 μεγαλύνουσι
2656 4141 2727 4197 τὰ
2752 4140 3044 4216 κράσπεδα
3066 4140 3176 4197 τῶν
3217 4141 3467 4215 ίματίοον
3517 4138 3696 4202 αὐτῶν,

2128 4236 2345 4310 φιλοῦσί
2380 4256 2441 4292 τε
2478 4238 2576 4303 τὰς
2630 4236 3037 4310 πρωτοκλισίας
3064 4237 3125 4292 ὲν
3147 4239 3265 4303 τοῖς
3304 4237 3574 4305 δείπνοις,
3619 4235 3698 4292 καὶ

2124 4332 2227 4397 τὰς
2282 4329 2747 4405 πρωτοκαθέδρας
2769 4331 2832 4385 ὲν
2869 4332 2993 4394 ταῖς
3026 4332 3400 4403 συναγωγαῖς,
3431 4332 3530 4388 καὶ
3588 4330 3701 4392 τοὺς

2128 4426 2457 4498 ἀσπασμοὺς
2481 4427 2540 4480 ὲν
2574 4430 2696 4491 ταῖς
2750 4425 3003 4495 ἀγοραῖς,
3032 4424 3125 4478 καὶ
3148 4421 3445 4479 καλεῖσθαι
3481 4423 3583 4480 ὑπὸ
3606 4421 3699 4476 τῶν

2128 4519 2433 4592 ἀνθρώπων
2475 4518 2685 4576 Ῥαῦϐί.
2719 4518 2911 4590 Ὑμεῖς
2947 4516 3005 4573 δὲ
3041 4517 3116 4591 μὴ
3172 4517 3456 4592 κληθῆτε,
3502 4516 3698 4573 Ῥαδδί.

2130 4606 2226 4676 Εἷς
2258 4608 2367 4682 γὰρ
2392 4609 2548 4682 ὑμῶν
2574 4611 2724 4665 ἐστιν
2752 4611 2781 4664 ὁ
2810 4608 3131 4681 καθηγητὴς
3160 4610 3188 4662 ὁ
3213 4610 3481 4681 Χριστὸς,
3518 4610 3698 4668 πάντες

2126 4706 2183 4761 δὲ
2216 4706 2374 4776 ὑμεῖς
2427 4704 2647 4773 ἀδελφοί
2705 4706 2848 4760 ἐστε.
2918 4705 3030 4760 Kal.
3078 4704 3289 4777 πατέρα
3336 4706 3417 4777 μὴ
3446 4704 3697 4772 καλέσητε

2127 4798 2281 4872 ὑμῶν
2339 4798 2435 4855 ἐπὶ
2487 4798 2592 4871 τῆς
2646 4799 2772 4870 γῆς.
2806 4794 2902 4863 Εἷς
2949 4799 3059 4871 γάρ
3117 4797 3308 4852 ἐστινό
3337 4798 3534 4870 Πατὴρ
3563 4795 3696 4867 ὑμῶν

2124 4893 2232 4947 ὁὲν
2252 4892 2523 4964 οὐρανοῖς.
2570 4888 2629 4943 Ὀ
2648 4887 2705 4943 δὲ
2745 4889 2952 4961 μείζων
3005 4890 3161 4961 ὑμῶν
3212 4886 3354 4942 ἔστω
3406 4884 3566 4959 ὑμῶν
3596 4884 3697 4939 διὰ·

2129 5003 2307 5052 κονος.
2368 4982 2560 5049 Ὅστις
2588 4984 2645 5038 δὲ
2680 4983 2887 5053 ὑψώσει
2940 4982 3154 5048 ἑαυτὸν,
3212 4981 3692 5052 ταπεινωθήσεται,

2126 5076 2218 5130 καὶ
2278 5076 2429 5137 ὅστις
2491 5077 2823 5130 ταπεινώσει
2877 5074 3101 5142 ἑαυτὸν,
3155 5072 3536 5145 ὑψωθήσεται.
3576 5072 3697 5126 οὑαὶ

2126 5168 2277 5240 ὑμῖν,
2342 5169 2703 5240 Γραμματεῖς
2742 5165 2841 5221 καὶ
2887 5167 3176 5239 Φαρισαῖοι
3233 5162 3577 5236 ὑποκριταὶ,
3625 5159 3694 5213 ὅτι

2125 5260 2446 5316 κατεσθίετε
2472 5260 2573 5326 τὰς
2623 5260 2804 5325 οίκίας
2855 5258 2967 5314 τῶν
3014 5258 3220 5332 χηρῶν,
3281 5257 3380 5313 καὶ
3437 5254 3696 5331 προφάσει

2127 5353 2313 5425 μακρὰ
2342 5352 2774 5426 προσευχόμενοι
2804 5367 2820 5383 ⁶
2862 5350 2953 5405 διὰ
2979 5350 3140 5406 τοῦτο
3181 5349 3424 5423 λήψεσθε
3456 5343 3691 5421 περισσό-

2124 5464 2280 5520 τερον
2320 5449 2516 5519 κρῖμα.
2567 5446 2706 5501 (idat
2733 5444 2790 5500 δὲ
2822 5445 2973 5518 ὑμῖν,
3019 5444 3375 5517 Γραμματεῖς
3417 5442 3517 5499 καὶ
3548 5441 3693 5511 inp:-

2126 5543 2267 5593 σαῖοι
2343 5539 2660 5612 ὑποκριταὶ,
2711 5538 2794 5592 δτι
2849 5537 3061 5592 κλείετε
3110 5536 3211 5609 τὴν
3254 5534 3541 5610 βασιλείαν
3597 5529 3689 5586 τῶν

2122 5633 2392 5705 οὐρανῶν,
2437 5633 2596 5704 ὑμεῖς
2628 5631 2687 5686 δὲ
2707 5631 2809 5686 οὑκ
2842 5631 3184 5705 εἰσέρχεσθε,
3222 5630 3343 5686 οὐδὲ
3364 5630 3501 5695 τοὺς
3532 5626 3689 5696 εἰσερ-

2120 5728 2389 5801 χομένους
2431 5726 2620 5797 ἀφίετε
2676 5725 2880 5781 ἐλθεῖν.
2912 5726 3047 5781 Οὐαὶ
3068 5725 3127 5781 δὲ
3149 5726 3299 5797 ὑμῖν,
3325 5724 3406 5779 ὅτι
3444 5720 3687 5776 ἀποδεκα-

2121 5820 2279 5877 τοῦτε
2308 5820 2402 5874 τὸν
2443 5819 2737 5891 ἡδύοσμον,
2776 5821 2871 5875 καὶ
2893 5819 2956 5874 τὸ
2983 5817 3204 5889 ἄνηθον,
3231 5819 3328 5874 καὶ
3345 5817 3409 5871 τὸ
3448 5813 3680 5886 κύμινον.

2124 5919 2217 5973 καὶ
2242 5916 2495 5989 ἀφήκατε
2525 5916 2591 5969 τὰ
2618 5914 2901 5989 βαρύτερα
2940 5915 3036 5970 τοῦ
3090 5914 3283 5988 νᾶμου,
3339 5909 3439 5986 τὴν
3495 5906 3680 5981 κρίοίνο

3844 5660 3852 5693 ί
