4020 6262
331 299 352 364 1
364 303 468 366 557

1605 306 1842 370 SACIRA
1882 309 2317 371 PARALLELA
2331 358 2345 370 .

3467 305 3605 370 1558

407 441 426 476 ι
476 422 684 480 Ὀπίσω
724 425 836 480 τῶν
879 425 1189 499 ἐπιθυμιῶν
1240 443 1338 484 σου
1390 428 1466 500 μὴ
1508 427 1771 499 πορεύου,
1826 427 1922 484 καὶ

2100 426 2269 485 Eccli.
2309 441 2464 493 svnt,
2500 425 2591 482 30.
2623 456 2664 468 -ν
2719 445 2736 478 ι
2770 423 2907 482 Post
2959 425 3445 496 concupiscentias
3481 434 3608 480 tuas

331 517 443 574 ἀπὸ
466 517 576 573 τῶν
608 517 849 590 δρέξεών
885 535 980 574 σου
1013 519 1246 575 κωλύου.
1277 539 1297 572 ι

407 628 429 666 ι
469 610 823 684 Ῥεμϐασμδς
883 611 1183 685 ιπιθυμίας
1229 613 1549 686 μεταλλεύει
1608 613 1734 672 νοῦν
1784 614 1924 672 ἄκαο

335 719 456 759 κον.
497 723 518 758 D

410 814 432 850 ι
472 796 570 862 ⁸ος
602 797 698 852 ἐὰν
734 795 820 871 ίδῃ
847 799 1086 869 γυναῖκα
1112 801 1252 874 πρὸς
1271 801 1332 857 τὸ
1353 803 1694 877 ἐπιθυμῆσαι
1728 805 1922 880 αὐτὴν,

332 887 436 960 ἠδη
465 887 786 960 ιμοίχευσεν
804 889 976 962 αὐτὴν
1007 893 1066 948 ἐν
1087 893 1154 966 τῇ
1180 894 1380 967 καρδίᾳ
1404 897 1594 954 αὐτοῦ.
1627 918 1646 951 ι

411 1089 432 1124 ι
470 1070 586 1124 Πᾶν
614 1069 677 1124 τὸ
723 1070 784 1127 ἐν
829 1070 910 1143 τῷ
943 1071 1138 1146 κόσμῳ
1169 1075 1202 1148 η
1251 1075 1518 1146 ἐπιθυμία
1547 1077 1647 1150 τῆς
1698 1080 1922 1151 σαρκὸς,

333 1163 429 1218 καὶ
453 1165 487 1235 η
515 1163 784 1234 ἐπιθυμία
817 1163 931 1219 τῶν
957 1165 1278 1239 ὀφθαλμῶν,
1315 1170 1410 1224 καὶ
1438 1172 1472 1240 ἡ
1510 1171 1801 1237 ἀλαζονεία
1827 1173 1925 1228 τοῦ

335 1255 481 1327 βίου,
503 1259 538 1329 ἢ
567 1257 667 1312 οὐκ
693 1256 844 1312 ἔστιν
866 1259 934 1314 ὲκ
953 1257 1050 1314 τοῦ
1085 1261 1322 1335 ιιατρὸς,
1352 1263 1470 1318 ἀλλ’
1499 1264 1565 1320 ὲκ
1588 1264 1684 1322 τοῦ
1717 1265 1924 1339 κόσμου

334 1349 508 1405 ἐστίν.
549 1368 568 1404 ι

413 1463 431 1496 ι
476 1443 790 1516 Παρακαλῶ
819 1446 968 1520 ὑμᾶς
995 1447 1073 1514 ὡς
1120 1449 1428 1523 παροίκους
1474 1453 1569 1508 καὶ
1617 1455 1927 1528 παρεπιδή-

338 1553 475 1606 μους
519 1539 829 1612 ἀπέχεσθαι
866 1541 977 1596 τῶν
1028 1544 1312 1617 σαρκικῶν
1352 1545 1686 1622 ἐπιθυμιῶν,
1721 1549 1927 1616 αἵτινες

336 1629 712 1702 πρωτεύονται
737 1633 881 1690 κατά
903 1634 1006 1707 τῆς
1031 1635 1230 1709 ψυχῆς.
1262 1657 1282 1691 ι

414 1741 434 1776 ι
477 1722 620 1795 Ἐγὼ
650 1724 680 1780 6
714 1725 1050 1800 δημιουργὸς
1100 1729 1328 1799 ινέταξα
1357 1731 1438 1804 τῷ
1469 1733 1754 1808 πλάσματι
1799 1739 1923 1792 ἐπι-

337 1816 560 1888 θυμίαν,
586 1818 684 1874 καὶ
707 1797 854 1875 ούήτδ
876 1797 1108 1891 φυσικὸν
1133 1797 1343 1896 κίνημα
1359 1797 1652 1884 διαδάλλιο.
1679 1830 1755 1884 οὐ
1781 1829 1928 1900 λέγω
1956 1797 2001 1854 Β

336 1911 450 1984 γάρ
469 1926 483 1941 ⁶
513 1913 628 1969 Ούκ
653 1915 1038 1988 ἐπιθυμήσεις.
1068 1918 1187 1972 Ούκ
1217 1919 1449 1976 ἀνασπῶ
1474 1922 1570 1976 τοῦ
1601 1923 1788 1990 καλῶς
1818 1943 1926 1993 φυ-

336 2005 626 2071 τευθέντος
648 2005 752 2078 τὴν
782 2007 964 2078 ῥίζαν,
993 2007 1130 2064 ἀλλά
1161 2010 1257 2065 τοῦ
1292 2011 1706 2086 προφθαρὲντος
1752 2017 1923 2088 φυτοῦ

336 2099 408 2154 τά
435 2098 571 2156 νόθα
613 2098 838 2173 πρέμνα
877 2102 1146 2159 κλαδεύω.
1177 2104 1253 2159 Οὐ
1286 2106 1433 2178 λέγω
1475 2103 1569 2162 οὖν
1595 2109 1696 2182 τὴν
1735 2112 1926 2166 ὲπιθυ-

342 2191 476 2264 μίαν
504 2193 678 2267 αύτην
713 2194 959 2268 ἐξορίσαι
984 2197 1086 2269 τῆς
1123 2198 1330 2272 ψυχῆς,
1363 2200 1503 2256 ἀλλά
1552 2203 1649 2258 τοῦ
1684 2206 1925 2278 μαχικοῢ

338 2285 548 2351 πάθους
565 2286 668 2352 τὰς
702 2289 1073 2360 παραφυάδας
1099 2289 1182 2346 ἔτι
1211 2292 1619 2363 βλαστανούσας
1645 2298 1923 2355 ὲκκόπτω.

339 2380 436 2445 Τίς
467 2384 532 2454 τῇ
578 2382 720 2456 καλῇ
749 2383 965 2458 ἀρούρᾳ
994 2384 1212 2453 ζιζάνια
1255 2391 1658 2464 παρασπείρεις
1695 2395 1929 2466 Σπέρμα

339 2472 507 2529 καλὸν
554 2473 824 2548 ἔσπειρα*
874 2475 1042 2532 πόθεν
1086 2477 1198 2532 τῶν
1278 2479 1538 2545 ζιζανίων
1586 2486 1616 2538 6
1666 2485 1925 2558 δλεθροςς

338 2564 620 2639 ἔκτριψον,
660 2569 931 2642 πάτησον,
966 2571 1270 2640 ἀπόπνιξον
1299 2573 1362 2628 τὸ
1390 2577 1618 2650 σπέρμα
1657 2579 1721 2634 τὸ
1754 2598 1926 2653 πονη-

341 2660 457 2732 ρδν.
514 2664 612 2718 καὶ
664 2664 728 2720 οὐ
773 2665 1025 2731 πονέσεις
1074 2667 1444 2741 ἁδρυνομένου
1504 2672 1602 2726 τοῦ
1659 2673 1922 2740 ζιζανίου.

338 2753 466 2823 Πᾶς
509 2754 579 2810 δὲ
620 2756 691 2824 ὃς
735 2757 846 2814 ἐὰν
881 2759 1157 2832 ἐμϐλέψῃ
1205 2764 1452 2832 γυναικὶ
1489 2765 1644 2832 πρὸς
1673 2768 1739 2821 τὸ
1792 2768 1924 2823 ἐπι-

337 2845 609 2917 θυμῆσαι
642 2849 858 2920 αὐτὴν,
912 2850 1034 2922 ἤδη
1068 2853 1430 2926 ἐμοίχευσεν
1483 2857 1684 2929 αὐτὴν
1740 2862 1812 2918 ἐν
1849 2862 1926 2934 τῇ

339 2939 555 3011 καρδίᾳ
582 2943 790 3001 αυτοῦ.

412 3034 625 3108 Ὠσπερ
677 3035 758 3108 τῷ
814 3038 1063 3112 στρουθῷ
1091 3041 1200 3095 τῶν
1244 3043 1465 3115 πτερῶν
1519 3045 1716 3119 ὄφελος
1770 3051 1927 3108 οὐδὲν

337 3127 447 3182 ὑπὸ
463 3129 566 3200 τῆς
589 3129 1052 3231 ,παγίδος-ἁλόντι,
1221 3135 1346 3210 εἰκῆ
1381 3141 1472 3194 καὶ
1505 3142 1690 3215 μάτην
1720 3145 1924 3218 πτερύ-
1950 3165 2000 3231 c

338 3236 528 3275 σεται·
556 3220 701 3277 οὕτω
749 3225 845 3279 καὶ
893 3224 988 3280 ἰπὶ
1021 3227 1134 3283 τῶν
1178 3227 1458 3300 λογισμῶν
1503 3234 1661 3292 ούδδν
1707 3238 1922 3309 ὄφελος,

337 3314 434 3369 ὲάν
463 3315 606 3370 κατὰ
636 3315 842 3388 κράτος
869 3319 976 3373 ὑπὸ
1002 3321 1105 3392 τῆς
1123 3326 1369 3399 πονηρᾶς
1397 3327 1698 3401 ὲπιθυμιας
1715 3333 1923 3403 ἁπλῶς.

335 3406 453 3500 ἀλλ’
483 3409 586 3463 ὅσα
625 3408 725 3500 ἐάν
777 3413 1106 3487 σκιρτήσῃς,
1156 3415 1353 3482 ἑάλως.
1389 3420 1491 3476 Διά
1539 3420 1700 3478 τοῦτο
1746 3427 1926 3500 πτερά

334 3498 450 3561 τοῖς
501 3498 824 3572 στρουθίοις,
885 3503 974 3558 ἵνα
1018 3505 1238 3580 ἐκφύγῃ
1295 3509 1566 3577 παγίδαςο
1620 3513 1708 3568 διὰ
1769 3498 1927 3572 τοῦτο

334 3587 588 3663 λογισμοὶ
619 3594 732 3659 τοῖς
769 3595 1106 3668 ἀνθρώποις,
1139 3601 1228 3657 ἵνα
1251 3601 1536 3673 ἐκφύγωσι
1565 3606 1633 3662 τά
1667 3608 1924 3684 ἁμαρτή-

338 3699 510 3756 ματα.

369 3799 554 3856 ΤΙΤΔ.
595 3801 730 3859 KA'.
771 3835 844 3847 —-
887 3809 1030 3876 Περὶ
1082 3809 1384 3867 ἑκουσίων
1427 3817 1525 3872 καί
1579 3818 1892 3876 ἀκουσίων

888 3880 1350 3951 ἁμαρτημάτων.

411 3987 432 4021 ι
481 3968 607 4025 Ἐάν
660 3971 882 4044 πατάξῃ
913 3974 1002 4037 τίς
1051 3991 1196 4042 τινα,
1234 3977 1328 4031 καὶ
1382 3979 1658 4056 ἀποθάνῃ,
1708 3983 1930 4058 θανάτῳ

332 4058 710 4123 θανατούσθω.
739 4064 797 4119 '0
824 4067 883 4120 δὲ
911 4067 1011 4138 οὐχ
1043 4069 1208 4136 ἑκὼν,
1238 4071 1356 4126 ἀλλ’
1385 4075 1414 4127 6
1442 4073 1577 4140 Θεὸς
1608 4079 1928 4148 παρέδωκεν

332 4154 416 4217 είς
442 4153 544 4218 τὰς
573 4157 768 4228 χεῖρας
791 4159 984 4226 αὑτοῦ,
1029 4159 1191 4216 δώσω
1219 4181 1302 4218 σοι
1346 4165 1533 4234 τόπον,
1571 4161 1634 4223 οὗ
1665 4169 1930 4240 φεύξεται

333 4244 452 4298 ἐκεῖ
475 4247 504 4300 6
527 4246 820 4315 φονεύσας.
854 4268 872 4302 ι

413 4447 431 4478 ι
480 4428 723 4497 Ἐκεῖνος
758 4431 788 4486 6
829 4433 1017 4502 δοῦλος
1047 4435 1076 4489 6
1122 4439 1286 4506 γνοὺς
1323 4438 1387 4494 τὸ
1426 4439 1639 4515 θέλημα
1684 4444 1780 4500 τοῦ
1829 4463 1930 4504 κυι-

2027 536 2097 578 ne
2133 521 2322 590 abeas,
2352 528 2409 577 et
2439 537 2470 576 a
2505 522 2795 578 voluntate
2827 529 2920 576 tua
2946 529 3218 577 avertere.
3260 541 3277 575 ι

2097 615 2225 685 Sep.
2261 632 2335 681 ιν,
2365 616 2539 671 l2.—
2578 634 2597 669 ι
2629 613 2891 688 Evagatio
2923 614 3396 687 concupiscentiae
3434 624 3609 670 tram-

2026 708 2136 768 fert
2159 719 2422 767 mentem.
2459 729 2480 765 ι

2096 802 2292 860 Manli.
2334 821 2390 872 ν,
2424 804 2521 861 28.
2549 835 2618 848 --
2650 822 2671 855 ι
2705 802 2901 861 Omnis
2949 804 3044 875 qui
3083 803 3284 860 viderit
3316 801 3606 857 mulierem

2027 895 2097 950 ad
2127 895 2641 967 concupiscendum
2670 911 2818 962 eam,
2855 896 2974 967 jam
3017 896 3332 953 mtechatus
3365 901 3454 951 est
3483 909 3605 949 eam

2025 989 2081 1044 in
2114 989 2284 1046 corde
2312 1006 2436 1047 suo.
2475 1010 2495 1046 ι

2096 1080 2123 1135 1
2158 1078 2326 1138 Ioan.
2378 1098 2440 1150 ιι,
2471 1083 2558 1138 16.
2583 1115 2650 1126 —-
2677 1101 2696 1136 ι
2727 1081 2902 1140 Omne
2941 1083 3088 1154 quod
3138 1082 3194 1136 in
3245 1079 3453 1136 mundo
3481 1083 3564 1135 est
3590 1115 3608 1145 ,

2025 1184 2122 1230 aut
2151 1184 2241 1232 est
2270 1177 2732 1250 concupiscentia
2763 1177 2954 1234 carnis
2975 1217 2990 1244 ,
3025 1186 3116 1232 aut
3149 1172 3606 1245 concupiscentia

2025 1271 2354 1336 oculorum,
2415 1279 2511 1327 aut
2557 1271 2816 1345 superbia
2868 1273 2994 1327 vitae
3023 1313 3037 1338 ,
3073 1285 3198 1342 quae
3255 1285 3365 1325 non
3410 1275 3496 1325 est
3540 1283 3609 1323 ex

2027 1360 2194 1421 Patre
2217 1403 2233 1431 ,
2267 1364 2366 1422 sed
2388 1381 2456 1420 ex
2495 1365 2703 1421 mundo
2729 1373 2836 1422 est.
2873 1382 2892 1416 ι
3635 1417 3641 1423 .

2097 1454 2129 1511 Ι
2154 1455 2306 1516 Petr.
2336 1473 2398 1524 ιι,
2428 1459 2517 1515 ll.
2540 1489 2611 1501 —
2639 1477 2657 1512 ι
2692 1457 2939 1516 Obsecro
2964 1472 3087 1524 vos,
3140 1464 3408 1528 tanquam
3440 1455 3610 1510 adve-

2025 1560 2129 1604 nas
2159 1556 2215 1605 et
2243 1550 2608 1622 peregrinos,
2639 1551 2926 1606 abstinere
2959 1565 3056 1605 vos
3095 1565 3126 1605 a
3159 1547 3485 1605 carnalibus
3516 1545 3613 1604 de-

2025 1639 2292 1717 sideriis,
2326 1657 2451 1713 qua:
2483 1649 2731 1714 praesunt
2759 1642 3029 1698 adversus
3061 1641 3328 1696 animam.
3361 1657 3382 1692 ι

2099 1733 2157 1791 S.
2199 1735 2480 1807 Chrysou.
2509 1769 2580 1780 —-
2605 1736 2719 1810 Ego
2753 1734 2939 1807 opifex
2971 1737 3240 1807 ﬁgmento
3277 1750 3400 1794 meo
3443 1749 3612 1805 appe-

2028 1826 2189 1883 titum
2243 1827 2457 1896 indidi;
2496 1827 2842 1900 proindeque
2880 1826 3190 1883 naturalem
3241 1831 3454 1882 motum
3506 1824 3610 1880 mi-

2028 1919 2179 1976 nime
2208 1918 2500 1977 criminor.
2555 1919 2745 1992 Neque
2781 1921 2933 1976 enim
2986 1919 3134 1986 dico,
3176 1915 3298 1973 Non
3347 1918 3614 1988 concupi-

2029 2027 2176 2069 sces.
2207 2009 2330 2068 Non
2376 2012 2498 2086 eius
2551 2011 2702 2085 quod
2744 2021 2894 2070 recte
2950 2020 3134 2067 satum
3187 2009 3330 2079 fuit,
3368 2010 3612 2068 radicem

2030 2104 2254 2174 avello;
2285 2119 2478 2162 verum
2523 2103 2871 2162 adulterinas
2908 2111 3186 2174 corruptae
3220 2101 3414 2175 stirpis
3443 2101 3613 2156 libras

2028 2197 2176 2255 elido
2203 2210 2374 2271 atque
2403 2206 2654 2271 amputo.
2676 2198 2799 2254 Non
2830 2198 2936 2254 hoc
2969 2198 3096 2252 dico
3124 2205 3184 2252 ut
3213 2195 3615 2266 concupiscen-

2029 2293 2164 2348 tiam
2213 2293 2488 2364 ctstirpes
2538 2307 2606 2348 ex
2663 2292 2890 2358 animo;
2941 2290 3039 2348 sed
3080 2291 3284 2362 spurize
3305 2287 3616 2364 aﬂectionis

2032 2385 2374 2455 pullulantes
2453 2385 2639 2444 adhuc
2714 2386 2964 2443 stolones
3045 2383 3337 2441 exscinde.
3414 2380 3617 2453 Ecquis

2029 2479 2256 2549 optima:
2301 2479 2488 2536 telluri
2548 2479 2760 2535 zizania
2811 2477 3110 2548 inspersit?
3149 2477 3361 2533 Bonum
3423 2489 3614 2530 semen

2032 2572 2327 2640 s'eminavi,
2373 2573 2526 2630 unde
2565 2573 2804 2630 exitiosa
2855 2572 3072 2628 zizania
3120 2569 3490 2642 prodierunt?
3519 2583 3618 2624 ex-

2032 2675 2184 2735 tere,
2240 2665 2540 2737 proculca.
2596 2665 2839 2738 ιιι-πίθου
2880 2681 3071 2722 semen
3121 2664 3364 2726 malum,
3397 2668 3453 2716 et
3507 2675 3615 2715 non

2029 2761 2139 2817 erit
2167 2777 2269 2827 cur
2301 2759 2695 2817 crescentibus
2736 2759 2966 2816 zizaniis
3018 2759 3260 2814 labores.
3304 2757 3618 2824 Quicunque

2029 2855 2361 2924 conspexerit
2386 2853 2658 2910 mulierem
2688 2853 2759 2908 ad
2808 2849 3288 2921 concupiscendam
3332 2865 3472 2913 eam,
3491 2848 3611 2918 jam

2030 2948 2321 3005 matellam:
2351 2957 2430 3004 est
2465 2965 2582 3005 eant
2623 2948 2676 3002 in
2717 2945 2876 3002 corde
2911 2962 3009 3002 suo
3037 2945 3270 3017 (Matth.
3302 2961 3356 3007 ν,
3381 2942 3512 3014 28).

2104 3040 2199 3097 Uti
2256 3056 2539 3114 passerem
2582 3040 2724 3097 nihil
2757 3055 2948 3113 penna:
2986 3039 3217 3110 juvant,
3259 3052 3385 3093 cum
3417 3037 3615 3107 laqueo

2030 3136 2375 3208 interceptus
2429 3145 2548 3202 est,
2586 3135 2682 3192 sed
2729 3133 2935 3190 frustra
2986 3141 3154 3204 atque
3205 3133 3490 3188 incassum
3521 3143 3617 3184 eas

2027 3231 2223 3303 gerit:
2277 3231 2352 3285 ita
2410 3243 2514 3286 nec
2579 3228 2682 3285 tibi
2743 3227 3048 3300 quidquam
3107 3225 3337 3297 prodest
3390 3223 3609 3280 ratione

2028 3323 2322 3394 praeditum
2368 3337 2538 3390 esse,
2603 3322 2669 3401 si
2713 3321 2784 3378 ab
2841 3320 3094 3392 improba
3159 3316 3616 3390 concupiscentia

2029 3417 2408 3490 expugnaris;
2469 3415 2566 3474 sed
2632 3414 3045 3488 quantumlibet
3111 3414 3366 3477 saltites.
3417 3422 3618 3483 captus

2030 3519 2225 3567 tamen
2261 3511 2495 3568 teneris.
2541 3509 2676 3565 Eam
2708 3510 2781 3566 ob
2811 3525 2926 3565 rem
2965 3508 3288 3578 passeribus
3321 3507 3420 3562 ala:
3445 3515 3615 3576 sunt,

2029 3606 2237 3676 quibus
2290 3606 2523 3676 laqueos
2578 3605 2789 3670 vitent;
2843 3603 3057 3658 ideirco
3086 3601 3256 3659 etiam
3289 3601 3616 3658 hominibus

2029 3697 2179 3752 inest
2217 3697 2398 3766 ratio,
2427 3711 2536 3768 qua
2573 3704 2798 3769 peccata
2831 3695 3122 3768 ell‘ugiant.

2029 3810 2167 3867 ΤΙΤ.
2202 3809 2347 3867 XXI.
2395 3840 2466 3854 —-—
2502 3811 2578 3895 pe
2607 3812 3042 3896 .peccatiso‘qute
3081 3821 3194 3868 tum
3231 3824 3450 3884 sponte,
3507 3823 3616 3870 tum

2508 3892 2672 3938 ιιιυιιε
2699 3892 3131 3939 committuntur.

2106 3975 2283 4033 Exod.
2343 3993 2457 4039 ut.
2491 3975 2579 4031 l2.
2613 4007 2685 4018 —
2720 3993 2740 4028 ι
2779 3975 2836 4030 Si
2875 3976 3005 4048 quis
3054 3976 3296 4048 aliquem
3323 3991 3615 4048 percusse-

2029 4071 2142 4138 rit,
2201 4071 2295 4140 qui
2355 4077 2611 4127 mortuus
2679 4069 2880 4135 fuerit,
2933 4079 3110 4126 nim-te
3168 4072 3457 4126 moriatur.
3510 4071 3614 4138 Qui

2031 4171 2216 4219 autem
2245 4177 2354 4218 non
2389 4173 2594 4234 sponte
2625 4205 2640 4232 ,
2696 4163 2792 4220 sed
2831 4179 2958 4220 cum
2993 4163 3136 4221 Deus
3167 4163 3458 4220 tradiderit
3488 4179 3615 4220 cum

2031 4255 2090 4310 in
2145 4270 2348 4329 manus
2389 4271 2567 4313 suas:
2620 4256 2768 4312 dabo
2817 4257 2867 4314 ei
2912 4257 3092 4314 locum
3119 4298 3135 4325 ,
3177 4273 3291 4330 quo
3322 4257 3494 4332 fugiat
3525 4259 3618 4316 ille

2032 4350 2126 4423 qui
2166 4349 2459 4406 occiderit.
2502 4368 2522 4404 ι

2106 4439 2237 4496 Luc.
2273 4457 2370 4508 xu,
2417 4438 2508 4496 47.
2539 4473 2609 4483 -
2640 4459 2660 4493 ι
2698 4441 2794 4497 Ille
2855 4457 3052 4498 servus
3093 4443 3186 4513 qui
3221 4444 3481 4514 cognovit
3516 4461 3618 4498 vo-

343 4517 459 4590 ρίου
494 4520 684 4586 αὑτοῦ,
715 4523 811 4578 καὶ
843 4525 919 4596 μὴ
960 4529 1220 4599 ποιήσας,
1257 4531 1562 4604 δαρήσεται
1596 4535 1822 4604 πολλάς.
1863 4538 1925 4595 ὐ

2044 4543 2302 4592 Luntatem
2331 4533 2546 4590 domini
2572 4532 2683 4600 sui,
2721 4542 2778 4591 et
2811 4550 2920 4589 non
2946 4535 3100 4603 fecit,
3129 4537 3306 4609 plagis
3340 4539 3619 4609 vapulabit

336 4609 395 4665 δὲ
423 4611 501 4684 μὴ
531 4615 716 4684 γνοὺς,
748 4615 1052 4691 δαρήσεται
1085 4620 1294 4692 ὀλίγας.
1331 4643 1350 4677 ι

415 4724 434 4759 ι
464 4707 641 4780 Χάριν
688 4709 802 4783 ἔχω
840 4710 921 4782 τῷ
962 4714 1406 4786 ἐνδύναμώσαντί
1436 4738 1506 4792 με
1549 4723 1794 4797 Χριστῷ,
1843 4726 1928 4783 ὅτι

339 4799 536 4854 πιστόν
563 4817 633 4873 με
668 4803 937 4875 ἡγήσατο,
973 4805 1206 4877 θέμενος
1244 4811 1323 4875 είς
1353 4812 1454 4883 τὴν
1506 4815 1788 4872 διακονίαν
1833 4818 1928 4874 τὸν

341 4891 609 4965 πρότερον
659 4894 790 4950 δντα
835 4896 1180 4970 βλάσφημον,
1209 4903 1304 4956 καὶ
1343 4903 1602 4977 διώκτην,
1643 4909 1739 4964 καὶ
1769 4909 1928 4981 ὑϐρι-

341 4985 475 5055 στήν
493 5001 512 5022 ο
542 4985 658 5040 ἀλλ’
687 4986 953 5060 ἠλεήθην,
973 4991 1056 5045 ὅτι
1087 4991 1302 5062 ἀγνοῶν
1322 4997 1556 5068 ἐποίησα
1584 5000 1644 5054 ὲν
1672 5002 1926 5074 ἀπιστίᾳ.

349 5077 827 5151 Ὑπερεπλεὸνασε
865 5081 924 5136 δὲ
971 5084 1006 5154 ἡ
1046 5086 1206 5157 χάρις
1255 5087 1350 5141 τοῦ
1383 5090 1592 5162 Κυρίου
1643 5094 1787 5164 μετά
1836 5095 1929 5150 πί-

341 5190 535 5240 στεως,
567 5175 664 5230 καὶ
691 5175 915 5249 ἀγάπης
941 5177 1042 5250 τῆς
1071 5181 1132 5233 ιν
1155 5181 1382 5253 Χριστῷ
1418 5185 1622 5256 Ἰησοῦ.
1656 5206 1674 5240 ι

413 5452 440 5488 4
477 5438 776 5506 Ἑκουσίως
807 5442 1239 5514 ἁμαρτανόντων
1269 5445 1428 5518 ἡμῶν
1457 5450 1596 5519 μετὰ
1640 5449 1701 5504 τὸ
1742 5451 1928 5508 λαϐεῖν

339 5533 439 5604 τὴν
468 5534 767 5604 ἐπίγνωσιν
791 5537 894 5608 τῆς
930 5537 1214 5612 ἀληθείας,
1248 5540 1430 5596 ούκέτι
1474 5544 1606 5614 περὶ
1638 5545 1928 5619 ἁμαρτιῶν

339 5623 697 5681 ἀπολείπεται
729 5627 910 5697 θυσία,
942 5630 1150 5705 φοὸερά
1191 5631 1248 5686 δέ
1300 5651 1386 5698 τις
1428 5634 1625 5708 ἐκδοχὴ
1667 5637 1923 5710 κρίσεως,

341 5716 438 5770 καὶ
488 5719 659 5788 πυρὸς
721 5721 883 5794 ζῆλος
933 5724 1136 5781 ἐσθίειν
1173 5727 1460 5799 μέλλοντος
1512 5730 1640 5795 τοὺς
1691 5730 1923 5787 ὑπεναν-

341 5810 510 5876 τίους.
550 5831 566 5863 ι

2030 4627 2240 4685 multis.
2275 4627 2378 4695 Qui
2405 4635 2588 4683 autem
2616 4641 2726 4682 non
2748 4629 3030 4699 cognovit,
3064 4628 3345 4698 vapulabit
3366 4633 3613 4704 paucis.-

2102 4716 2134 4774 Ι
2175 4719 2314 4775 Tim.
2352 4735 2388 4785 ι,
2423 4719 2608 4774 12-14.
2629 4750 2701 4761 -—
2725 4738 2744 4772 ι
2775 4719 3000 4778 Gratias
3024 4736 3128 4794 ago
3157 4721 3209 4778 ei
3245 4722 3337 4793 qui
3370 4739 3459 4780 me
3485 4739 3619 4780 con-

2029 4812 2238 4879 lortat,
2289 4812 2551 4879 Christo,
2599 4812 2733 4885 quia
2793 4813 3008 4870 fidelem
3080 4829 3169 4871 me
3231 4816 3616 4884 existimavit,

2032 4922 2247 4979 ponens
2292 4906 2346 4962 in
2382 4907 2736 4976 ministerio,
2769 4909 2865 4980 qui
2915 4909 3070 4980 prius
3104 4909 3464 4982 blasphemus
3499 4910 3576 4966 fui
3598 4953 3616 4978 ,

2029 5006 2084 5055 et
2113 5009 2463 5071 persecutor,
2515 5009 2570 5058 et
2621 5002 3096 5072 contumeliosus;
3148 5003 3244 5060 sed
3292 5005 3614 5061 misericor—

2029 5091 2178 5147 diam
2232 5102 2572 5152 consecutus
2626 5110 2746 5152 sum
2775 5139 2791 5163 ,
2830 5097 2959 5167 quia
2995 5098 3268 5169 ignorans
3307 5097 3408 5152 ieci
3443 5099 3496 5153 in
3533 5099 3618 5154 in-

2031 5185 2384 5242 credulitate.
2420 5187 2920 5259 Superabundavit
2956 5197 3142 5246 autem
3183 5190 3362 5260 gratia
3396 5191 3614 5248 Domini

2031 5281 2208 5335 nostri
2239 5279 2374 5338 Jcsu
2405 5282 2615 5340 Christi
2671 5299 2798 5341 cum
2834 5285 2940 5342 lide
2974 5293 3029 5341 et
3062 5283 3340 5341 charitate
3363 5287 3417 5342 in
3452 5287 3616 5344 Chri-

1952 5406 1954 5408 τ
2031 5383 2120 5429 sto
2147 5370 2300 5429 Jesu.

2103 5462 2269 5520 Hebr.
2307 5483 2359 5532 χ,
2391 5465 2486 5522 26.
2513 5499 2582 5510 --
2615 5487 2633 5519 ι
2669 5465 2997 5528 Voluntane
3033 5470 3396 5540 peccantibus
3449 5475 3613 5534 nobis

2031 5567 2155 5627 post
2191 5569 2476 5630 acceptam
2532 5562 2780 5618 notitiam
2819 5565 3106 5634 veritatis,
3136 5568 3250 5635 jam
3297 5583 3405 5623 non
3437 5570 3611 5626 relin-

2028 5648 2223 5716 quitur
2254 5663 2355 5719 pro
2389 5651 2630 5719 peccatis
2684 5654 2895 5717 hostia;
2933 5657 3026 5711 sed
3063 5659 3331 5717 terribilis
3358 5662 3608 5732 quadam

2029 5743 2369 5810 exspectatio
2397 5744 2590 5813 judicii
2615 5788 2627 5811 ,
2661 5755 2716 5801 et
2759 5747 2902 5817 ignis
2951 5753 3232 5810 :cmulatio
3257 5797 3270 5821 .
3303 5771 3426 5827 qua:
3463 5771 3610 5812 eon-

2030 5845 2318 5903 sumptura
2349 5845 2433 5896 est
2472 5839 2842 5900 adversarios.
2885 5860 2908 5896 ι
