3930 6248
313 308 448 383 1561

1591 308 1830 371 SACRA
1869 307 2334 375 PARALLELA.

3443 313 3578 382 1562

311 436 465 511 αὒτῷ
495 435 627 492 δέκα
643 433 838 505 λεπροὶ
859 429 1075 502 ἄνδρες,
1099 427 1196 483 καὶ
1215 421 1358 500 ἦραν
1388 425 1573 498 φωνὴν
1599 425 1856 494 λέγοντες
1877 440 1896 457 ·

2025 427 2324 497 :ivitatem,
2373 441 2743 491 occurrerunt
2773 435 2822 490 ei
2863 435 3053 490 decem
3093 432 3195 488 viri
3245 425 3482 505 Ieprosi,
3523 442 3578 490 et

324 531 505 603 Ἰησοῦ
559 528 864 590 ἐπιστάτα,
913 523 1141 594 ἐλέησον
1180 521 1353 592 ἡμᾶς.
1398 518 1511 574 Καὶ
1571 515 1695 572 ἰδὼν
1737 513 1897 572 εἶπεν

311 622 531 686 αὐτοῖς’
562 617 939 694 Πορευθέντες
966 613 1277 682 ἐπιδείξατε
1305 611 1536 675 ἑαυτοὺς
1569 612 1686 675 τοῖς
1710 608 1895 684 ἱερεῦ-

314 733 424 771 σιν.
473 714 586 769 Καὶ
633 715 693 769 ἐν
740 708 820 784 τῷ
867 709 1109 780 ὑπάγειν
1169 704 1376 770 αὐτοὺς
1428 703 1895 779 ἐκαθαρίσθησαν.

313 803 410 872 Εἷς
435 807 494 863 δέ
529 806 588 875 ἐξ
619 803 824 870 αὐτῶν,
873 802 999 858 ίδὼν
1039 803 1123 857 ὅτι
1175 799 1326 870 ίάθη,
1371 797 1716 871 ὑπέστρεψεν
1761 796 1897 869 μετὰ

314 900 501 971 φωνῆς
537 895 784 970 μεγάλης
825 891 1069 970 δοξάζων
1095 892 1188 947 τὸν
1218 891 1374 959 Θεὸν,
1408 891 1503 945 καὶ
1553 890 1754 946 ἔπεσεν
1802 890 1900 945 ἐπὶ

313 992 611 1064 πρόσωπον
648 987 817 1044 αὐτοῦ
847 985 1192 1060 εὐχαριστῶν
1219 983 1375 1057 αὑτῷ
1394 1002 1413 1017 ’
1448 985 1547 1039 καὶ
1593 983 1760 1049 αὐτὸς
1789 983 1899 1039 Σα-

318 1080 606 1156 μαρείτης.
651 1076 1002 1150 Ἀποκριθεὶς
1030 1075 1090 1129 δὲ
1129 1075 1158 1128 ό
1191 1073 1404 1146 Ἰησοῦς
1438 1069 1596 1128 εἶπεν
1621 1089 1638 1106 ο
1677 1071 1818 1144 Οὐχὶ
1849 1074 1898 1128 oi

312 1176 446 1232 δέκα
487 1170 974 1246 ἐκαθαρίσθησαν;
1013 1169 1067 1223 οἱ
1101 1168 1159 1223 δὲ
1204 1168 1362 1224 ἐννέα
1397 1166 1543 1234 ποῦς
1580 1165 1695 1239 Οὐχ
1738 1166 1901 1239 εὐρέ-

313 1265 492 1336 θησαν
532 1259 984 1332 ὑποστρέψαντες
1018 1257 1210 1314 δοῦναι
1236 1257 1399 1323 δόξαν
1441 1257 1524 1332 τῷ
1569 1259 1711 1330 Θεῷ,
1743 1259 1793 1312 εί
1822 1258 1900 1331 μὴ

311 1363 343 1418 ό
362 1361 662 1432 ἀλλογενὴς
687 1352 864 1424 οὗτος.
903 1357 1018 1414 Καὶ
1049 1353 1207 1412 εἷπεν
1252 1354 1411 1428 αὐτῷ
1431 1371 1446 1387 ο
1484 1352 1754 1420 Ἀναστάς
1800 1370 1901 1408 πο-

313 1454 501 1530 ρεύου,
532 1454 571 1526 ἡ
597 1453 787 1518 πίστις
810 1467 906 1508 σου
935 1449 1182 1506 σέσωκέν
1214 1466 1297 1506 σε.
1337 1467 1358 1502 ι

387 1659 408 1694 ι
454 1639 546 1694 Ἐν
596 1636 765 1694 παντὶ
823 1634 1203 1708 εὐχαριστεῖτε
1227 1648 1244 1665 ο
1299 1632 1455 1688 τοῦτο
1523 1631 1636 1704 γὰρ
1689 1630 1905 1703 θέλημά

309 1732 460 1786 ἐστιν
483 1727 620 1784 Θεοῦ
650 1729 709 1783 ἐν
737 1724 959 1800 Χριστῷ
999 1722 1178 1796 Ἰησοῦ
1216 1724 1298 1789 είς
1326 1723 1476 1794 ὑμᾶς
1526 1741 1548 1775 ι

384 1907 688 1979 Πρέπουσα
719 1902 1030 1974 δοξολογίας
1069 1900 1354 1966 ὑπόθεσις,
1388 1901 1422 1972 ἡ
1458 1897 1567 1955 τῶν
1605 1897 1904 1970 εὐεργετη-

314 2002 508 2077 μάτων
533 2002 814 2074 διήγησις.

398 2093 806 2165 ’Δποδὼσωμεν
848 2090 1034 2147 τοίνυν
1064 2089 1162 2146 σὺν
1195 2090 1342 2161 τόκῳ
1375 2087 1436 2144 τὸ
1463 2087 1647 2161 χρέος,
1681 2085 1750 2141 ἃν
1796 2083 1907 2156 ἄρα

310 2189 574 2247 τοσοῦτον
602 2186 973 2262 εὐποροῦντες
1006 2183 1287 2256 φανῶμεν.

308 2395 500 2453 ἸῚΤΔ.
526 2394 657 2451 Kl".
690 2424 758 2436 --
787 2389 929 2463 Περὶ
953 2387 1329 2463 ἐκδικήσξεως
1345 2404 1387 2463 ’Δ
1409 2385 1508 2442 καί
1548 2386 1628 2454 ὠς
1672 2383 1907 2463 ᾀπῃγό-

371 2483 595 2536 ρευται
617 2465 715 2533 δίς
743 2457 881 2536 περῖ
909 2461 1018 2519 τοῦ
1048 2460 1253 2524 αὐτοιῒιΧ
1267 2457 1619 2530 πράγματος
1639 2457 1902 2522 εὐθύνας

379 2535 873 2607 εισπρὰττεσθαι.

388 2669 410 2706 ι
441 2653 559 2708 οὐκ
584 2649 895 2721 ἐκδικήσεις
929 2649 1014 2714 δὶς
1040 2645 1138 2702 ἐπὶ
1171 2644 1232 2700 sb
1267 2643 1427 2700 αὐτό.
1458 2662 1480 2696 ι

386 2765 407 2799 ι
441 2743 508 2800 Τί
534 2742 818 2815 λογίζῖσθτ
850 2741 945 2798 ἐπὶ
977 2740 1071 2796 τὸν
1104 2737 1351 2813 Κῦριον;
1387 2735 1712 2794 συντέλειαν
1740 2734 1906 2800 αὐτὸς

309 2836 563 2909 ποιήσει,
597 2837 693 2891 καὶ
725 2833 826 2890 οὐκ
862 2832 1144 2908 ἐκδικήσει
1169 2830 1254 2897 δὶς
1283 2831 1379 2886 ἐπὶ
1412 2829 1476 2884 τδ
1515 2828 1653 2884 αὐτὸ
1691 2830 1751 2884 ἐν
1784 2826 1904 2882 θλίο

310 2927 432 3000 ψει.
464 2945 488 2983 ι

312 3047 359 3100 Τ
364 3045 500 3103 ΙΤΛ.
534 3046 662 3102 KA'.
687 3071 762 3086 α·-
810 3042 951 3113 Περι
999 3042 1326 3098 ἐπικρίνων
1367 3035 1733 3113 πραγμάτων
1753 3050 1780 3113 ’Δ
1803 3034 1906 3113 καί

1998 517 2322 578 levaverunt
2370 539 2560 582 vocem
2613 543 2801 596 suam,
2845 526 3133 585 dicentes:
3182 526 3313 585 Iesu
3371 543 3578 599 prace-

1997 621 2146 683 ptor,
2179 612 2448 672 miserere
2487 619 2688 683 nostri,
2719 627 2775 675 et
2820 619 2958 675 dixit
2988 619 3068 676 eis
3095 637 3112 674 :
3145 618 3223 674 Ite
3249 659 3267 685 ,
3307 626 3363 674 et
3393 627 3579 675 osten-

1997 701 2112 758 dite
2129 717 2227 760 vos
2251 705 2658 764 sacerdotibus.
2683 707 2751 763 Et
2779 724 2905 765 cum
2929 708 3108 774 irent,
3140 709 3388 763 mundati
3420 713 3577 764 sunt.

2001 793 2157 853 Unus
2189 805 2376 855 autem
2419 815 2484 855 ex
2532 800 2670 864 illis,
2702 810 2763 857 ut
2789 801 2930 856 vidit
2969 801 3103 874 quia
3130 811 3360 858 sanatus
3389 809 3578 868 esset,

1998 900 2291 957 regressus
2324 897 2411 945 est
2445 906 2570 947 cum
2605 906 2742 948 voce
2767 907 2994 964 magna,
3031 893 3350 964 gloriﬁcans
3383 891 3580 959 Deum,

1999 985 2056 1035 et
2113 979 2316 1038 cecidit
2375 981 2432 1037 in
2487 981 2684 1040 faciem
2745 994 2877 1041 ante
2954 985 3120 1056 pedes
3171 984 3313 1056 ejus,
3372 984 3583 1054 gratias

2000 1084 2213 1143 agens:
2252 1080 2310 1130 et
2343 1074 2435 1131 hic
2484 1084 2605 1132 erat
2639 1076 3051 1135 Samaritanus.
3082 1075 3451 1149 Respondeas
3483 1093 3584 1134 au-

2001 1171 2112 1223 tem
2169 1163 2368 1233 Iesus,
2422 1169 2602 1226 dixit:
2660 1169 2854 1227 Nonne
2906 1173 3096 1228 decem
3133 1170 3587 1228 mundatisunt?

2001 1266 2057 1315 et
2084 1274 2282 1317 novem
2312 1260 2407 1318 ubi
2437 1262 2606 1317 sunt?
2641 1260 2764 1318 Non
2793 1262 3000 1319 inventi
3028 1270 3161 1320 sunt
3188 1262 3283 1335 qui
3316 1263 3582 1328 redirent,

2000 1362 2060 1411 et
2094 1354 2294 1410 darent
2341 1355 2571 1427 gloriam
2623 1353 2737 1412 Deo
2763 1395 2783 1425 ,
2824 1355 2936 1412 nisi
3004 1356 3094 1413 hic
3148 1355 3481 1426 alienigena.
3517 1354 3586 1410 Et

2005 1445 2081 1502 ait
2113 1447 2193 1503 iIIi
2225 1464 2245 1503 :
2283 1446 2499 1519 Surge,
2527 1446 2708 1512 vade,
2753 1447 2885 1519 quia
2943 1447 3080 1505 tides
3124 1457 3218 1505 tua
3265 1456 3318 1505 te
3368 1446 3581 1503 salvum

2005 1541 2158 1601 fecit.
2197 1561 2219 1596 s

2077 1636 2235 1710 521
2291 1633 2322 1692 1
2373 1634 2558 1693 Thess.
2593 1651 2651 1701 ν,
2682 1634 2863 1692 17.--
2893 1655 2912 1688 ι
2943 1634 3004 1691 In
3057 1635 3318 1692 omnibus
3374 1635 3582 1707 gratias

2007 1734 2190 1806 agite:
2226 1733 2344 1790 haec
2377 1740 2464 1790 est
2491 1731 2638 1789 enim
2677 1731 2934 1787 voluntas
2969 1729 3064 1787 Dei
3106 1729 3161 1786 In
3194 1729 3416 1787 Christo
3451 1728 3583 1786 Iesu

2007 1828 2064 1885 in
2094 1827 2273 1884 vobis.
2308 1847 2330 1882 ι

2078 1919 2142 1978 S.
2177 1919 2352 1978 Basii.
2381 1951 2454 1965 --
2474 1918 3155 1996 Cungruumiaudationis
3196 1927 3587 1992 argumentum

2005 2026 2118 2084 est,
2147 2025 2509 2090 acceptorum
2548 2017 2947 2074 beneﬁciorum
2982 2013 3459 2071 commemoratio.

2077 2110 2139 2170 S.
2177 2110 2335 2184 (ἶνες.
2364 2109 2511 2172 Naz.
2542 2119 2686 2168 orat.
2717 2111 2772 2166 in
2795 2110 2856 2167 S.
2886 2109 3050 2181 Cypr.
3079 2137 3150 2152 -ο
3179 2105 3434 2163 Debitum
3458 2120 3590 2177 ergo

2007 2218 2137 2260 cum
2194 2203 2393 2260 fenore
2447 2205 2874 2275 persolvamus;
2930 2201 2978 2258 si
3011 2209 3199 2258 tamen
3244 2205 3333 2256 sat
3371 2198 3590 2272 amplas

2006 2312 2139 2370 opes
2172 2298 2381 2355 habere
2410 2297 2778 2369 reperiamur.

2007 2409 2149 2469 'IIT.
2172 2405 2377 2467 XXIII.
2406 2439 2481 2454 —-
2508 2408 2588 2466 De
2623 2409 2983 2466 vindicatione
3014 2425 3038 2465 :
3059 2417 3112 2464 et
3149 2405 3292 2478 quod
3322 2403 3388 2463 de
3415 2422 3472 2462 re
3501 2422 3594 2461 ea-

2255 2481 2378 2539 dem
2422 2481 2502 2539 bis
2534 2497 2717 2554 poenas
2761 2482 2972 2554 exigere
3005 2496 3112 2537 non
3157 2481 3342 2536 liceat.

2080 2666 2241 2724 Deut.
2266 2696 2339 2707 —
2364 2683 2386 2718 ι
2426 2663 2547 2722 Non
2575 2664 2665 2721 bis
2693 2662 3002 2720 vindicabis
3033 2662 3091 2717 in
3120 2657 3388 2731 idipsum.
3424 2677 3448 2712 ο

2080 2757 2304 2816 Nahum
2332 2774 2375 2826 ι,
2418 2759 2474 2816 9.
2507 2788 2580 2802 --
2611 2775 2632 2810 ι
2673 2755 2817 2826 Quid
2866 2752 3132 2827 cogitatis
3169 2759 3368 2808 contra
3407 2748 3594 2805 Domi-

2007 2869 2142 2911 num
2164 2853 2188 2910 ?
2211 2852 2769 2911 Consummationem
2806 2849 2928 2921 ipse
2973 2847 3138 2904 faciet
3160 2886 3178 2911 ,
3213 2855 3268 2904 et
3307 2860 3417 2902 non
3452 2841 3594 2900 ulci-

2009 2957 2200 3006 scetur
2237 2947 2323 3006 bis
2349 2947 2406 3004 in
2444 2946 2687 3020 idipsum
2716 2944 2774 3000 in
2811 2935 3200 3000 tribulatione.
3239 2959 3261 2994 ι

2013 3058 2151 3118 ΤΙΤ.
2179 3057 2378 3118 XXIV.
2406 3090 2478 3102 —
2521 3059 2595 3115 De
2627 3059 2996 3116 communibus
3034 3032 3264 3129 negotiis
3290 3069 3328 3129 :_
3352 3051 3600 3129 quodque

381 3117 476 3200 51'“
509 3117 626 3187 χρὴ
659 3107 907 3200 φεύγειῦ
939 3113 1014 3200 ηά
1039 3114 1320 3200 ἐπίθεσιν-ἀ
1351 3107 1709 3200 κάξαγώγια,
1751 3107 1904 3164 διότι

2080 3133 2385 3188 communia
2419 3131 2715 3187 diversoria
2750 3129 2970 3186 uitanda
2998 3107 3132 3198 sint:
3161 3107 3290 3200 quis
3309 3107 3433 3181 Iri'nc
3460 3107 3598 3182 rixo

381 3181 589 3260 [aich
611 3181 729 3242 ’καί
761 3181 1113 3252 διαστάσεις
1145 3181 1612 3255 προξενοῦνται.

389 3317 412 3352 ι
445 3293 614 3353 Εἶπεν
656 3297 911 3370 ’Δὸραὰμ
928 3296 1069 3371 πρὸς
1097 3294 1252 3352 Λώτ·
1286 3295 1365 3370 μὴ
1405 3294 1549 3349 ἔστω
1586 3293 1740 3366 μάχη
1769 3293 1911 3349 άναο

317 3391 488 3465 μέσον
516 3389 674 3465 ἐμοῦ,
710 3391 808 3446 καὶ
857 3389 1140 3462 ἀναμέσον
1173 3407 1292 3456 σου,
1339 3388 1439 3444 καὶ
1487 3388 1766 3461 ἀναμέσον
1799 3386 1912 3442 τῶν

313 3484 597 3558 ποιμένων
627 3501 752 3558 μου,
778 3485 873 3539 καὶ
901 3483 1013 3540 τῶν
1051 3483 1333 3554 ποιμένων
1361 3499 1481 3549 σου,
1513 3482 1598 3537 ὃτι
1627 3479 1912 3552 ἄνθρωποι

314 3575 540 3648 ἀδελφοὶ
569 3578 736 3650 ἡμεῖς
763 3577 958 3648 ἐσμεν.
988 3571 1106 3632 Οὔκ
1137 3574 1250 3630 ἰδοὺ
1293 3576 1448 3629 πᾶσα
1485 3575 1520 3646 ἡ
1550 3575 1623 3646 γῆ
1662 3571 1910 3628 ἐναντίον

314 3671 416 3728 σοῦ
446 3672 636 3736 ἐστινς
675 3669 1088 3745 Διαχωρίσθητι
1130 3669 1227 3725 ἀπ’
1258 3669 1422 3744 ἐμοῦ.
1463 3669 1529 3724 Εἰ
1562 3668 1629 3724 σὺ
1659 3668 1741 3731 είς
1782 3666 1911 3739 αρι-

313 3762 517 3838 στερὰ.
571 3762 686 3835 ἐγὼ
735 3765 819 3829 εἰς
867 3762 1061 3830 δεξιάο
1119 3763 1170 3818 ει
1221 3759 1286 3818 σὺ
1324 3763 1409 3828 είς
1450 3760 1623 3830 δεξιὰ,
1673 3757 1788 3830 ἐγὼ
1825 3760 1911 3824 είς

310 3856 606 3932 ἀριστερά.
636 3856 749 3913 Καὶ
788 3855 1006 3928 ἐπάρας
1031 3854 1158 3911 Λὼτ
1186 3856 1321 3922 τοὺς
1357 3854 1676 3928 ὀφθαλμοὺς
1715 3851 1904 3923 αὐτοῦ,

311 3950 459 4009 εἶδεν
503 3951 608 4026 τὴν
653 3951 968 4024 περίχωρον
1007 3948 1104 4005 τοῦ
1143 3948 1450 4022 Ἰορδάνου,
1505 3949 1592 4003 ὅτι
1637 3948 1791 4003 πᾶσα
1835 3942 1907 4020 ἦν

312 4043 673 4118 ποτιζομένη,
710 4043 819 4116 πρὸ
842 4041 939 4098 τοῦ
975 4043 1357 4114 καταστρέψαι
1393 4041 1487 4096 τὸν
1524 4041 1660 4096 Θεὸν
1695 4041 1907 4112 Σόδομα

312 4141 411 4194 καὶ
439 4137 724 4209 Γόμορρα,
754 4135 832 4200 ὡς
861 4134 1195 4206 παράδεισος
1224 4133 1320 4188 τοῦ
1348 4132 1511 4200 Θεοῦ,
1537 4133 1630 4188 καὶ
1663 4133 1741 4198 ὡς
1767 4134 1801 4205 ἠ
1831 4133 1906 4206 γῆ

307 4231 621 4301 Αἰγύπτου.
654 4229 767 4285 Καὶ
791 4229 1076 4298 ἐξελέξατο
1108 4228 1292 4301 ἐαυτῷ
1318 4226 1444 4283 Λὼτ
1463 4223 1564 4300 τὴν
1591 4227 1906 4300 περίχωρον

311 4323 410 4381 τοῦ
451 4321 745 4396 Ἰορδάνου,
773 4321 873 4378 καὶ
911 4323 1126 4395 ἀπῆρεν
1163 4321 1290 4378 Λὼτ
1329 4321 1438 4378 ἀπὸ
1476 4321 1778 4390 ἀνατολῶν,
1809 4324 1908 4378 καὶ

314 4414 722 4491 ἐχωρίσθησαν.
762 4432 782 4467 ι

2085 3213 2138 3260 et
2175 3203 2409 3259 dissidia
2434 3211 2749 3259 nascantur.

2085 3317 2217 3375 Gen.
2253 3333 2380 3386 xm,
2410 3317 2446 3375 8
2487 3334 2635 3390 seqq.
2661 3347 2734 3362 —-
2762 3337 2783 3371 ι
2816 3315 2965 3372 Dixit
3008 3315 3289 3372 Abraham
3327 3314 3397 3372 ad
3441 3312 3544 3371 Lot
3579 3333 3594 3370 :

2008 3407 2090 3468 Ne
2117 3410 2228 3475 sit,
2259 3425 2493 3482 quaso,
2535 3410 2785 3482 iurgium
2826 3409 2977 3465 inter
3011 3425 3099 3466 me
3136 3417 3193 3466 et
3236 3419 3328 3477 te,
3361 3415 3420 3468 et
3449 3408 3600 3464 inter

2009 3513 2266 3578 pastores
2299 3518 2454 3560 meos
2477 3509 2533 3560 et
2567 3513 2822 3575 pastores
2856 3511 3022 3560 tuos:
3079 3501 3282 3559 fratres
3321 3501 3472 3559 enim
3502 3518 3600 3560 su-

2011 3611 2160 3654 mus.
2188 3596 2274 3652 An
2316 3610 2431 3652 non
2473 3611 2606 3654 ecce
2637 3596 2899 3654 universa
2949 3607 3100 3654 terra
3145 3612 3333 3652 coram
3380 3603 3436 3652 te
3470 3594 3600 3653 est?

1951 3749 1956 3752 ,
2009 3687 2226 3747 Recede
2250 3703 2282 3746 a
2311 3704 2424 3747 me.
2455 3687 2514 3745 Si
2557 3688 2630 3746 ad
2677 3688 2906 3746 sinistra
2935 3688 3067 3747 ieris
3087 3731 3105 3758 ,
3137 3703 3240 3762 ego
3269 3686 3338 3744 ad
3369 3687 3598 3745 dextera

2007 3785 2138 3854 ibo;
2171 3785 2218 3842 si
2266 3792 2329 3840 tu
2373 3783 2443 3841 ad
2490 3782 2719 3840 dextera
2746 3824 2764 3852 ,
2805 3798 2912 3855 ego
2949 3782 3020 3839 ad
3067 3783 3299 3840 sinistra
3345 3797 3596 3854 pergam.

2011 3879 2256 3937 Elevatis
2306 3879 2496 3951 itaque
2527 3877 2632 3934 Lot
2673 3876 2859 3935 oculis
2899 3877 3049 3945 suis,
3085 3877 3223 3934 vidit
3257 3890 3478 3932 omnem
3508 3889 3598 3930 re-

2007 3974 2229 4047 gionem
2278 3971 2566 4038 Iordanis,
2613 3970 2763 4044 quod
2810 3971 3077 4028 universa
3114 3969 3596 4041 irrigaretur,an-

2007 4072 2231 4136 tequam
2279 4063 2649 4132 subvertisset
2705 4062 2974 4118 Dominus
3038 4061 3334 4117 Sodomam
3387 4067 3444 4115 et
3481 4056 3595 4113 Go-

1979 4157 2288 4231 tnorrbam
2313 4197 2332 4223 ,
2366 4157 2516 4213 sicut
2549 4154 2846 4229 paradisus
2875 4152 3092 4210 Domini
3117 4192 3131 4216 ,
3163 4159 3219 4208 et
3254 4149 3398 4208 sicut
3424 4147 3595 4223 Egy-
3637 4144 3640 4147 ’

2007 4257 2156 4322 plus.
2181 4250 2471 4324 Elegitque
2500 4249 2604 4307 sibi
2634 4247 2736 4305 Ι.οι
2768 4249 3050 4318 regionem
3081 4245 3232 4301 circa
3260 4241 3588 4310 Iordanem,

2007 4353 2062 4404 ct
2092 4344 2326 4402 recessit
2350 4344 2424 4401 ab
2450 4344 2697 4411 oriente,
2730 4350 2785 4398 et
2811 4337 2977 4398 divisi
3011 4346 3143 4396 sunt
3167 4336 3237 4396 ab
3275 4337 3533 4394 invicem.
3569 4355 3591 4388 ι

391 4531 412 4566 ι
429 4476 721 4585 ’Κρεέσσον
750 4509 922 4565 οἰκεῖν
943 4509 1040 4565 ἐπὶ
1063 4511 1270 4582 γωνίας
1300 4511 1595 4588 ὑπαίθρου,
1620 4509 1656 4584 ἦ
1686 4513 1744 4566 ἐν
1771 4508 1904 4584 οίκῳ

2084 4518 2246 4576 Prov.
2284 4536 2401 4585 χιιι,
2431 4520 2505 4586 9;
2538 4535 2668 4585 xxv,
2695 4517 2786 4574 24.
2814 4547 2888 4560 —-
2921 4535 2939 4569 ι
2977 4514 3172 4572 Melius
3215 4521 3303 4570 est
3345 4511 3600 4569 habitare

313 4625 506 4664 κοινω.
546 4623 568 4657 b

391 4625 435 4662 ιν
491 4647 506 4661 .
546 4625 568 4657 ι

391 4625 828 4774 «Ἄσχυροτέρῳ
852 4714 950 4752 σου
978 4697 1074 4753 καὶ
1119 4694 1504 4774 πλουσιωτέρῳ
1534 4716 1627 4754 σου
1670 4698 1748 4773 μὴ
1788 4717 1906 4755 κοι-

311 4791 496 4850 νώνει.
545 4810 566 4845 ι

389 4883 646 4956 Ἔχουσιν
677 4884 734 4940 αι
773 4882 884 4942 τῶν
923 4881 1128 4938 κοινῶν
1166 4882 1483 4956 ἐπιμέλειαι
1527 4881 1702 4950 λαϐὰς
1729 4883 1810 4948 είς
1841 4882 1906 4939 τδ

317 4975 664 5050 μεμφθῆναι.

313 5091 500 5148 ΤΙΤΛ.
532 5090 661 5147 KE’.
689 5120 759 5132 ——
788 5090 932 5163 Περί
963 5089 1348 5159 εὐδοκιμὶας’
1385 5088 1475 5146 ὅτι
1505 5091 1699 5163 εὐχῆς
1726 5090 1906 5158 ἄξιον

875 5160 941 5215 τὸ
970 5163 1339 5229 κατόρθωμα.

389 5273 410 5310 ι
451 5254 576 5309 Ἐπὶ
610 5252 794 5326 μικρῷ
814 5251 912 5307 καὶ
943 5253 1168 5325 μεγάλῳ
1197 5254 1520 5330 εὐδοκιμίαν
1547 5254 1666 5326 ἔχε.
1696 5273 1718 5308 ι

363 5456 409 5519 ἰ
443 5437 754 5494 Σπούδασον
797 5437 1030 5493 σεαυτὸν
1078 5438 1372 5512 εὐδόκιμον
1424 5442 1782 5514 παραστῆσαι
1821 5439 1901 5514 τῷ

310 5528 454 5604 Θεῷ,
491 5530 736 5604 ἐργάτην
762 5531 1216 5606 ἀνεπαίσχυντον.
1250 5550 1270 5585 ι

631 5711 812 5767 ΤΙΤΛ.
845 5709 989 5782 KG”.
1017 5741 1085 5753 —
1113 5713 1252 5784 Περὶ
1279 5714 1579 5787 ἐμπόρων.

385 5821 407 5856 ι
439 5801 614 5872 Μόλις
648 5803 912 5874 ἐξελείται
942 5805 1188 5881 ἔμπορος
1215 5807 1324 5864 ἀπὸ
1355 5808 1762 5886 πλημμελείας.
1798 5835 1819 5870 ι

2013 4615 2067 4670 in
2100 4615 2306 4686 angulo
2337 4612 2442 4669 sub
2471 4612 2584 4679 dio,
2627 4628 2788 4683 quam
2825 4612 2882 4667 in
2913 4613 3078 4668 domo
3104 4607 3410 4666 communi.
3447 4625 3466 4659 ι

2087 4705 2255 4762 Eccli.
2282 4723 2405 4770 xm,
2437 4707 2494 4762 2.
2514 4738 2584 4749 -—
2608 4726 2627 4759 ι
2655 4704 2894 4761 Fortiori
2930 4713 2986 4762 et
3013 4702 3200 4760 ditiori
3227 4711 3279 4758 te
3303 4715 3373 4757 ne
3403 4699 3596 4755 socius

2011 4799 2210 4857 fueris.
2245 4820 2265 4854 ι

2088 4890 2300 4948 Habent
2319 4890 2699 4947 communium
2724 4890 3078 4962 negotiorum
3105 4903 3256 4945 cum
3291 4886 3595 4959 reprehen-

2011 4987 2190 5046 sionis
2213 5000 2405 5041 ansas.

2009 5103 2148 5161 TIT.
2179 5101 2348 5158 XXV.
2368 5129 2438 5144 -ο
2459 5100 2539 5158 De
2572 5103 2799 5157 nominis
2828 5099 3110 5173 splendore
3135 5116 3155 5155 :
3191 5108 3242 5156 et
3279 5095 3421 5170 quod
3450 5105 3590 5152 recte

2405 5174 2610 5243 factum
2649 5174 2822 5244 gloria
2852 5175 3069 5244 dignum
3102 5174 3198 5227 sit.
3615 5174 3620 5179 ’

2078 5268 2248 5325 Eccli.
2285 5284 2440 5333 χιιι,
2462 5269 2556 5323 ‘50.
2579 5297 2651 5308 —
2676 5287 2696 5321 ι
2727 5269 2785 5323 In
2814 5283 2986 5338 parva
3020 5277 3076 5325 et
3118 5281 3319 5339 magna
3346 5279 3427 5332 re,
3454 5279 3588 5320 cura

2012 5371 2068 5418 ut
2102 5364 2239 5420 bene
2259 5363 2477 5419 audias.
2515 5382 2536 5416 ι

2082 5455 2145 5512 ΙΙ
2174 5456 2313 5514 Tim.
2351 5472 2412 5522 ιι,
2445 5457 2533 5513 15.
2559 5486 2630 5498 —-
2664 5475 2681 5509 ι
2713 5455 2967 5513 Sollicite
2997 5472 3134 5513 cura
3181 5459 3421 5528 tcipsum
3454 5469 3585 5526 pro-

2006 5549 2244 5604 habilem
2299 5549 2562 5605 exhibere
2613 5549 2757 5613 Deo,
2812 5549 3217 5606 mercenarium
3275 5546 3587 5604 ἱιιοοιιιύεἱο

2006 5641 2194 5698 bilem.
2229 5659 2251 5694 ι

2288 5731 2426 5790 ΤΙΤ.
2460 5731 2653 5790 XXVI.
2681 5765 2750 5776 --
2783 5733 2854 5791 De
2894 5734 3297 5792 mercatoribus.

2080 5820 2248 5880 Eccli.
2282 5853 2350 5865 ——-
2384 5841 2403 5876 ι
2445 5821 2545 5879 Vix
2602 5833 2876 5883 mcrcator
2916 5826 3185 5900 eripietur
3234 5843 3264 5884 a
3304 5829 3561 5886 delicto.»
