4020 6262
433 277 568 341 1563

503 486 633 557 Sap.
683 504 767 552 ιιι,
831 488 1010 543 M.—-
1045 507 1062 540 ι
1108 487 1312 544 Beatus
1365 496 1451 544 est
1499 491 1713 560 spado,
1761 488 1857 561 qui
1906 503 2016 544 non

1561 276 1621 339 S.
1663 276 1988 340 JOANNIS
2024 275 2459 339 DAMASCENI

775 391 908 449 TlT.
945 391 1162 449 XXVII.
1186 423 1253 434 -ο
1281 391 1360 449 De
1387 395 1666 451 eunuchis.
2046 402 2088 457 Λ

3568 276 3693 348 1564

2415 392 2600 449 ΤΙΤΛ.
2640 395 2768 449 ΚΖ¹.
2801 422 2870 436 -—
2920 391 3061 463 Περὶ
3101 391 3429 465 εὐνούχων.

2201 507 2221 541 ι
2254 488 2548 560 Μακάριος
2576 490 2606 542 ὁ
2635 484 2920 558 εὐνοῦχος,
2941 486 2972 540 ὁ
2997 484 3074 558 μὴ
3095 485 3473 559 ἐργασάμενος
3508 487 3564 542 ιν
3588 505 3706 560 χερ-

430 587 692 650 operatus
751 588 838 636 est
903 596 999 650 per
1048 596 1248 636 manus
1299 595 1431 637 suas
1472 579 1857 654 iniquitatem,
1913 597 2019 638 nec

2182 600 2211 635 ν
2267 580 2556 653 ἀνόμημα,
2608 578 2744 651 μηδὲ
2775 575 3111 650 ἐνθυμηθεὶς
3172 580 3319 634 κατὰ
3373 578 3469 634 τοῦ
3509 581 3706 652 Κυρίου

431 673 694 743 cogitavit
739 675 1014 731 adversus
1066 673 1236 729 Deum
1265 676 1635 745 nequissima.
1669 675 1904 732 Dabitur
1939 674 2021 730 illi

2182 673 2362 747 Νηρεί.
2387 673 2694 746 Δοθήσεται
2717 670 2868 743 αὐτῷ
2886 671 2991 743 τῆς
3023 672 3263 738 πίστεως
3283 672 3443 746 χάρις
3465 673 3707 746 ὲκλεκτὴ,

436 765 561 822 ﬁdei
614 767 820 823 donum
859 767 1098 824 electum
1127 807 1142 835 ,
1189 777 1244 824 et
1280 784 1405 826 sors
1459 767 1518 826 in
1564 771 1770 842 templo
1803 769 1902 826 Dei
1930 783 2022 825 ac.

435 859 771 929 ceptissima.
821 878 842 912 ι
1585 885 1588 888 λ

512 946 677 1005 Ereti.
711 966 801 1012 xx,
839 949 893 1004 4.
917 981 983 990 -
1005 967 1026 1002 ι
1055 948 1525 1022 Concupisccntia
1545 953 1810 1024 spadonis
1833 963 1894 1012 ut
1924 956 2026 1015 de-

440 1042 681 1113 virginet
705 1043 1086 1115 juvenculam.
1124 1063 1142 1097 ι

512 1135 708 1192 Matth.
753 1154 870 1202 xu,
905 1137 993 1193 l2.
1032 1170 1097 1179 —
1124 1157 1142 1190 ι
1175 1136 1318 1193 Sunt
1349 1139 1589 1195 eunuchi
1615 1139 1709 1212 qui
1733 1140 1802 1196 de
1840 1151 2025 1199 ventre

441 1229 638 1285 tuatris
684 1245 800 1284 sua:
839 1229 919 1284 sic
980 1230 1097 1285 nati
1143 1240 1306 1298 sunt;
1349 1239 1404 1286 et
1461 1239 1593 1288 sunt
1651 1235 1895 1290 eunuchi
1932 1235 2032 1308 qui

442 1318 570 1374 facti
604 1314 840 1377 suntab
873 1320 1236 1390 hominibus;
1274 1330 1330 1378 et
1357 1334 1490 1380 sunt
1514 1325 1758 1380 eunuchi
1815 1325 1912 1400 qui
1942 1342 2034 1384 se-

445 1412 594 1481 ipuos
631 1420 1026 1470 castrareruut
1062 1425 1290 1486 propter
1324 1431 1559 1487 regnum
1593 1415 1920 1474 ccelorum.»

513 1583 674 1655 522
700 1582 760 1642 S.
798 1584 978 1642 Basil.
1009 1588 1169 1660 epist.
1207 1588 1278 1643 ad
1324 1589 1570 1662 Simplic.
1614 1589 1798 1646 han-et.
1829 1620 1896 1632 --
1929 1589 2037 1646 Eu-

446 1678 757 1733 :tuehorum
794 1695 968 1750 genus
995 1679 1201 1738 infame
1224 1692 1392 1754 atque
1424 1682 1890 1739 exitiosissimum
1919 1692 2025 1741 est.

2127 765 2230 824 καὶ
2267 767 2471 840 κλῆρος
2502 767 2560 821 ὲν
2601 763 2716 838 ναῷ
2742 762 2951 840 Κυρίου
2985 765 3417 838 θυμηδέστερος.
3452 786 3473 820 ι

2208 964 2227 998 ι
2274 944 2580 1019 Ἐπιθυμία
2602 941 2864 1018 εὐνούχου
2893 941 3362 1015 ἁποπαρθενῶσαι
3390 942 3596 1000 νεᾶνιν.
3627 961 3645 995 ι

2211 1141 2230 1176 ι
2269 1121 2424 1178 Εἰσὶν
2462 1122 2736 1196 εὐνοῦχοι,
2764 1123 2970 1190 οἵτινες
3007 1123 3076 1181 ἐκ
3118 1123 3333 1191 κοιλίας
3380 1125 3592 1198 μητρὸς
3626 1123 3720 1178 αὒ-

2133 1215 2243 1272 τῶν
2273 1216 2646 1290 ἐγεννήθησαν
2686 1217 2893 1284 οὕτως’
2926 1217 3022 1274 καὶ
3062 1220 3206 1275 είσὶν
3234 1215 3508 1290 εὐνοῦχοι,
3533 1218 3721 1285 οἵτινες

2135 1309 2570 1384 εὐνουχίσθησαν
2599 1309 2707 1366 ὑπὸ
2735 1310 2845 1366 τῶν
2873 1309 3214 1387 ἀνθρώπων·
3248 1310 3346 1366 καὶ
3371 1311 3517 1367 εἰσιν
3548 1312 3720 1368 εὐνοῦ-

2137 1421 2247 1476 χοι,
2295 1403 2498 1468 οἵτινες
2549 1402 2877 1476 εὐνούχισαν
2921 1403 3154 1470 ἑαυτοὺς
3189 1403 3280 1459 διὰ
3309 1402 3410 1478 τὴν
3453 1404 3719 1478 βασιλείαι

2136 1497 2249 1550 τῶν
2276 1495 2551 1568 οὐρανῶν.
2588 1514 2607 1547 ι

2215 1593 2450 1664 ’Λτιμον
2478 1591 2540 1645 τὸ
2571 1590 2682 1646 τῶν
2728 1589 3004 1662 εὐνούχων
3039 1589 3195 1662 γένος
3229 1589 3324 1645 καὶ
3356 1587 3728 1662 πανώλεθρον.

2143 1683 2316 1739 Τοῦτο
2341 1685 2407 1755 δὴ
2433 1683 2597 1739 τοῦτο
2627 1682 2822 1756 ἄθηλυ,
2855 1681 3143 1755 ἄνανδρον,
3174 1681 3605 1754 γυναικομανὲς,
3641 1680 3730 1735 καὶ

445 1769 584 1835 Hoc,
636 1769 897 1841 inquam,
955 1773 1138 1845 ipsum
1181 1791 1286 1831 nec
1318 1776 1628 1842 muliebre,
1674 1792 1779 1832 nec.
1827 1775 1992 1832 virile
2021 1818 2035 1844 ,

2182 1777 2427 1850 nihlov,
2459 1776 2822 1849 ἀμετὰδοτον,
2851 1776 3142 1849 πάνδοχον,
3169 1773 3545 1849 ἀπροσκορὶς.
3573 1773 3731 1828 κλαυ-

445 1864 738 1921 mulierum
825 1865 1028 1922 insano
1112 1884 1302 1927 amore
1374 1868 1612 1936 ardens,
1679 1871 2034 1943 zelotypum,

447 1957 752 2025 illiberale,
800 1959 943 2016 nihil
1003 1976 1114 2018 non
1164 1963 1489 2034 accipiens,
1548 1963 1915 2037 inexplebile,
1964 1963 2041 2019 ob

445 2063 660 2104 (mitam
705 2052 934 2121 plorans
957 2091 972 2118 ,
1025 2053 1392 2116 iracundum,
1425 2055 1544 2109 auri
1582 2056 1806 2110 avidum
1837 2094 1853 2120 ,
1888 2055 2039 2113 foede

448 2146 846 2202 mercenarium
867 2189 884 2214 ,
944 2161 1151 2202 saevum
1173 2189 1189 2214 ,
1247 2146 1623 2203 eﬂ'emiuatum
1644 2191 1660 2215 ,
1725 2149 1905 2204 ventri
1938 2149 2038 2206 de-

445 2232 623 2287 ditum
661 2252 676 2289 :
714 2235 848 2306 quid
904 2235 1131 2292 tandem
1182 2237 1413 2292 dicam?
1456 2237 1526 2293 ab
1557 2237 1679 2309 ipso
1715 2245 1841 2292 ortu
1879 2238 2037 2292 dam-

449 2333 637 2380 natum
705 2326 874 2386 ferro.
921 2328 1203 2396 Quidnam
1258 2340 1446 2386 autem
1503 2331 1701 2386 horum
1762 2331 2035 2404 integrum

2147 1872 2442 1938 σίδειπνον,
2472 1870 2768 1944 ὀξύθυμον,
2805 1869 3172 1943 χρυσομανες,
3205 1867 3578 1940 κακόμισθον,
3603 1867 3736 1937 ἁπη-

2145 1965 2258 2029 νὲς,
2305 1963 2671 2037 θηλυδρῶδες,
2705 1963 3098 2037 γαστρίδουλον
3121 1979 3137 1994 °
3187 1964 3280 2018 καὶ
3311 1962 3364 2016 τί
3418 1960 3532 2033 γὰρ
3560 1958 3734 2027 dum;

2149 2055 2248 2111 σὺν
2273 2057 2412 2129 αὐτῇ
2470 2057 2538 2128 τῇ
2571 2056 2852 2128 γεννήσει,
2899 2053 3414 2127 σιδηροκατάδικον.
3463 2051 3592 2117 Πῶς
3633 2049 3738 2121 γὰρ

2145 2148 2283 2221 ὀρθὴ
2330 2147 2528 2221 γνώμη
2576 2147 2808 2212 τούτων,
2838 2139 2916 2204 ὧν
2950 2148 3000 2201 ol
3036 2146 3197 2212 πόδες
3246 2143 3546 2219 στρεϐλοίς
3597 2138 3740 2199 οὗτοι

2149 2243 2247 2315 μὲν
2272 2238 2366 2298 οὖν
2399 2241 2773 2315 σωφρονοῦσιν
2821 2240 3034 2313 ἄμισθα
3077 2239 3171 2295 διὰ
3214 2241 3477 2314 σιδήρου·
3523 2238 3740 2309 μένουσι

2147 2333 2206 2387 δὲ
2237 2333 2486 2406 ἄκαρποι
2518 2333 2588 2388 δι’
2616 2333 2829 2390 οίκείαν
2860 2332 3222 2405 αἰσχρότητα.

450 2408 715 2481 indicium
765 2421 868 2490 sit,
940 2438 1181 2494 quorum
1257 2422 1426 2494 pedes
1493 2439 1717 2498 quoque
1791 2423 2037 2495 perversi
2070 2426 2243 2480 sunt?
2305 2424 2370 2481 lli
2437 2427 2707 2483 nimirum
2774 2435 2830 2484 et
2898 2425 3034 2482 ferri
3100 2439 3272 2497 opera
3335 2419 3543 2480 frustra
3605 2423 3736 2480 casti

449 2526 613 2580 sunt,
642 2528 707 2571 ac
743 2523 973 2587 propter
1012 2518 1424 2574 obscenitatem
1479 2533 1635 2573 suam
1689 2517 1910 2574 fructus
1947 2527 2202 2588 expertes
2229 2527 2481 2576 manent.

505 2609 581 2666 ρδ.
611 2606 752 2664 Niii.
777 2643 848 2654 --
882 2612 964 2667 Ab
1026 2628 1202 2669 uxore
1259 2622 1352 2669 tua
1401 2613 1714 2686 spadonum
1745 2615 2042 2687 strepitum

452 2717 691 2759 remove.
724 2703 991 2770 Quamvis
1020 2705 1164 2760 enim
1207 2706 1387 2778 spado
1416 2705 1670 2779 geminos
1706 2704 1848 2762 infra
1873 2715 2044 2762 testes

449 2809 705 2856 exsectos
737 2801 944 2858 habere
971 2800 1250 2862 videatur.
1289 2813 1345 2858 at
1367 2818 1539 2875 supra
1574 2811 1761 2860 tamen
1792 2802 2042 2874 geminos

2234 2618 2572 2688 Ἀπὸστησον
2623 2616 2730 2672 ἀπὸ
2765 2615 2865 2686 τῆς
2913 2614 3148 2688 συμσίου
3200 2633 3295 2670 σου
3329 2615 3426 2670 τὸν
3474 2615 3747 2688 εὐνούχων

2152 2710 2461 2783 σμάραγον.
2496 2710 2616 2766 Κᾶν
2647 2711 2756 2782 γὰρ
2798 2710 2986 2782 δοκοίη
3017 2709 3128 2764 τῶν
3165 2709 3320 2765 κάτω
3357 2709 3611 2784 διδύμων
3657 2712 3744 2763 tx-

2149 2802 2482 2877 τετμῆσθαι,
2525 2801 2642 2858 ἀλλ’
2669 2803 2786 2858 ἄνω
2805 2802 2924 2874 ἔχει
2954 2803 3013 2857 ὲν
3039 2801 3117 2874 τῷ
3147 2802 3430 2877 προσώπῳ
3459 2804 3591 2867 τοὺς
3616 2802 3746 2858 διδύο

453 2893 510 2948 in
552 2893 694 2950 facie
721 2894 917 2951 oculos
944 2895 1112 2952 habet
1150 2895 1450 2955 libidinose
1483 2897 1788 2964 intuentes,
1823 2904 1878 2952 et
1899 2896 2042 2967 mala

2182 2913 2287 2962 ιους
2323 2895 2642 2971 ὀφθαλμοὺς
2671 2895 2940 2969 ιμπαθῶς
2996 2895 3321 2968 βλέποντας,
3357 2897 3454 2952 καὶ
3487 2896 3742 2969 ἐπισυρό-

455 3003 644 3043 sccum
675 2989 1001 3045 testimonia
1044 2990 1349 3047 trahentes.

457 3101 598 3158 TIT.
641 3099 879 3175 XXVIII.
909 3133 978 3143 -
1011 3101 1088 3158 De
1127 3103 1556 3169 laudationibus,
1607 3116 1656 3159 et
1699 3103 1810 3158 illis
1863 3107 1954 3175 qui
1993 3107 2049 3159 in

528 3176 606 3247 eis
646 3174 970 3244 voluptatem
1025 3177 1280 3244 capiunt;
1311 3187 1363 3232 et
1403 3179 1544 3244 quod
1582 3186 1709 3232 ante
1750 3174 2050 3247 perieulum

528 3245 734 3315 factum
766 3247 1026 3302 nemiuem
1052 3247 1276 3302 laudare
1310 3258 1574 3319 oporteat.

533 3361 694 3418 Prov.
747 3378 922 3428 xxvu,
970 3363 1061 3419 21.
1092 3393 1164 3405 --
1218 3382 1239 3418 ι
1295 3364 1598 3422 Probatum
1649 3376 1944 3439 argentum
2001 3378 2055 3425 et

463 3471 660 3511 aurum
699 3457 828 3528 igne
853 3456 1154 3528 probabis;
1191 3457 1357 3516 homo
1392 3475 1526 3518 vero
1551 3460 1824 3534 probatur
1853 3475 1954 3532 per
1984 3476 2048 3517 os

465 3549 814 3606 laudantium
853 3566 1001 3606 eum.
1044 3570 1069 3603 ι

541 3662 562 3697 ε
607 3643 872 3699 Εικιιιιοιιι
912 3644 1143 3703 laudare
1179 3658 1234 3704 et
1274 3647 1594 3721 vituperare
1624 3661 1848 3709 nonest
1876 3651 2055 3707 homi-

466 3739 556 3795 nis
586 3739 764 3809 probi.
806 3757 824 3791 ι

539 3832 713 3888 Eccli.
768 3847 940 3900 xxvii,
972 3833 1029 3886 7.
1059 3864 1125 3877 »-
1161 3852 1179 3886 ι
1227 3833 1376 3890 Ante
1427 3833 1938 3892 considerationem
1992 3849 2063 3890 ne

467 3926 662 3984 laudes
701 3926 902 3982 virum.
948 3925 1078 3982 Haec
1113 3927 1259 3982 enim
1304 3937 1388 3984 est
1433 3930 1662 3986 tentatio
1699 3929 1965 3988 hominis.
2000 3950 2022 3982 ι

539 4018 672 4075 Luc.
733 4037 811 4081 vr,
843 4019 935 4073 9.6.
971 4048 1041 4060 --
1070 4038 1086 4071 ι
1130 4017 1222 4073 Va:
1257 4019 1451 4084 vobis,
1496 4036 1626 4076 cum
1679 4021 2066 4077 benedixerint

471 4113 630 4169 vobis
692 4111 971 4169 homines.
1035 4110 1354 4167 Secundum
1407 4110 1525 4168 haec
1575 4114 1722 4170 enim
1789 4113 2066 4170 faciebant

472 4204 975 4276 pseudoprophetis
1017 4211 1204 4273 patres
1233 4218 1448 4258 eorum.
1492 4223 1510 4256 ι

2151 3008 2318 3064 μενον
2345 2991 2451 3066 ήδη
2483 2990 2732 3065 πονηρὰς
2767 2991 3102 3065 μαρτυρίας.

2150 3108 2333 3164 TITA.
2369 3107 2506 3163 κη’.
2538 3139 2609 3149 -
2639 3109 2780 3178 Περὶ
2809 3107 3120 3179 ἐγκωμίων
3147 3106 3248 3179 καί
3271 3102 3395 3161 τῶν
3416 3107 3747 3179 χαιρόντων

2221 3179 2291 3235 ἐν
2327 3180 2570 3249 αὐτοῖς·
2603 3177 2830 3237 καίὸτι
2852 3177 2927 3236 οὐ
2964 3177 3061 3234 δεῖ
3087 3177 3205 3249 πρὸ
3228 3179 3446 3248 πείρας
3478 3177 3750 3233 ἐπαινεῖν

2227 3268 2380 3306 τινα.

2230 3385 2248 3419 ι
2284 3368 2521 3440 Δόκιμον
2550 3365 2820 3440 ἀργύριον
2857 3365 2954 3422 καὶ
2989 3361 3218 3438 χρυσίον
3246 3361 3569 3434 πυρώσειςο
3617 3361 3752 3434 ἀνὴρ

2154 3459 2213 3514 δὲ
2266 3460 2624 3532 δοκιμάζεται
2666 3459 2757 3516 διὰ
2804 3459 3078 3531 στόματος
3133 3453 3611 3528 ἐγκωμιαζόντων
3662 3454 3757 3510 ait-

2158 3552 2270 3608 τόν.
2313 3574 2333 3609 ι

2236 3667 2254 3700 ι
2289 3646 2394 3702 Τὸν
2425 3647 2592 3704 αὑτὸν
2626 3650 2878 3704 ἐπαινεῖν
2907 3645 3004 3704 καὶ
3032 3644 3226 3719 ψέγειν
3254 3642 3358 3699 οὐκ
3390 3639 3595 3716 ἀνδρὸς
3631 3643 3755 3710 ιτα*

2162 3740 2278 3795 θοῦ.
2312 3760 2330 3795 ι

2241 3855 2260 3888 ι
2292 3835 2410 3904 Πρὸ
2451 3835 2720 3908 λογισμοῦ
2759 3837 2836 3906 μὴ
2882 3833 3188 3907 ἔπαινὶσῃς
3213 3831 3406 3905 ἄνδρα.
3441 3826 3619 3898 Οὗτος
3652 3827 3757 3901 γὰρ

2164 3929 2480 4003 πειρασμὸς
2503 3925 2820 4001 ἀνθρώπου.
2850 3947 2870 3980 ι

2243 4044 2262 4076 ι
2299 4023 2438 4079 οὐαὶ
2464 4023 2598 4094 ὑμῖν
2630 4023 2760 4076 ὅταν
2801 4019 2985 4086 καλῶς
3013 4021 3247 4076 εἴπωσιν
3277 4020 3426 4093 ὑμᾶς
3475 4018 3681 4081 πάντες
3708 4015 3756 4070 oi

2165 4119 2468 4191 ἄνθρωποι.
2505 4117 2667 4172 Κατὰ
2693 4116 2870 4171 ταῦτα
2908 4116 3020 4190 γὰρ
3067 4115 3290 4170 ἐποίουν
3317 4115 3434 4179 τοῖς
3467 4112 3762 4185 ψευδοπρο-

2169 4212 2371 4284 φήταις
2398 4210 2447 4264 oi
2479 4209 2718 4281 πατέρες
2747 4206 2956 4264 αὐτῶν.
2984 4225 3006 4260 ι

546 4296 802 4369 SJgnat.
837 4298 989 4366 epist.
1020 4299 1088 4350 ad
1123 4296 1290 4353 Trall.
1325 4297 1778 4368 interpol.-—Etsi
1812 4300 1866 4355 in
1909 4301 2051 4357 rebu:

2253 4324 2274 4358 ι
2301 4304 2423 4360 Κᾶν
2447 4300 2763 4375 ἐρρωμένος
2794 4295 2841 4356 ὦ
2871 4299 3020 4357 κατὰ
3045 4299 3141 4355 τὸν
3175 4297 3336 4369 Θεὸν,
3369 4297 3561 4354 πλεῖόν
3591 4315 3657 4370 με
3685 4296 3764 4350 δεῖ

473 4410 596 4463 quae
624 4392 691 4446 ad
725 4392 896 4447 Deum
930 4399 1218 4462 spectant,
1262 4393 1536 4448 robustus
1581 4391 1762 4458 fuero,
1800 4405 1913 4449 tum
1944 4412 2063 4450 ani-

474 4487 622 4556 plius
661 4487 889 4542 timeam
938 4494 1192 4555 oportet,
1245 4497 1410 4556 atque
1459 4485 1530 4541 ab
1577 4486 1659 4543 eis
1703 4502 1925 4544 caveam
1969 4487 2064 4560 qui

479 4595 565 4634 me
590 4579 871 4636 incassum
901 4578 1116 4634 inﬂant.
1165 4577 1229 4632 lli
1264 4579 1413 4634 enim
1449 4593 1535 4634 me
1577 4578 1858 4635 laudando
1889 4577 2066 4636 casti-

480 4682 634 4745 sunt.

551 4765 632 4823 Ne
653 4767 720 4823 ad
753 4784 848 4825 eas
875 4768 1067 4827 laudes
1105 4783 1231 4841 qua:
1272 4767 1566 4824 veritatem
1621 4766 1940 4834 excedunt,
1982 4767 2069 4822 in-

483 4870 885 4918 tumescamus.

557 4956 618 5010 S.
655 4955 827 5010 Βαιὲι.
858 4985 929 4996 --
961 4953 1151 5019 Multi,
1193 4953 1325 5010 dum
1355 4951 1505 5023 vulgi
1551 4951 1748 5007 laudes
1792 4966 1857 5008 ac
1911 4952 2074 5023 plau-

487 5064 610 5105 sum
671 5056 1047 5120 aucupantur,
1101 5063 1160 5105 re
1204 5048 1433 5120 quidem
1473 5046 1593 5116 ipsa
1638 5044 1970 5115 iniustitiam
2020 5053 2076 5102 et

489 5144 780 5198 avaritiam
823 5153 1087 5215 tanquam
1141 5131 1332 5198 utilem
1375 5137 1715 5210 praeferunt;
1753 5139 1940 5210 specie
1975 5155 2076 5194 au-

485 5248 601 5293 tem
627 5245 684 5291 et
726 5251 982 5294 sermone
1011 5237 1330 5307 aequitatem
1364 5243 1420 5291 et
1449 5231 1730 5304 justitiam
1772 5233 1975 5288 mirum
2022 5232 2077 5286 in

491 5327 718 5383 modum
755 5328 1127 5386 admirantur.
1215 5360 1218 5362 -

564 5420 668 5478 llic
719 5438 854 5493 opes
909 5439 1042 5481 suas
1091 5423 1146 5479 in
1183 5439 1281 5485 eos
1325 5423 1420 5495 qui
1467 5439 1597 5481 cum
1657 5421 1791 5478 ieris
1832 5430 2083 5492 pugnant

491 5512 824 5583 effundens,
872 5525 1044 5589 atque
1101 5516 1362 5574 inanibus
1415 5516 1567 5589 vulgi
1596 5515 1947 5572 sermonibus
1980 5530 2079 5569 ex-

500 5610 721 5667 sultans
742 5651 756 5676 .
798 5611 1058 5668 laudibus
1091 5610 1414 5667 intumescit
1435 5651 1451 5676 ,
1479 5608 1885 5680 magniﬁcoque
1920 5607 1990 5663 de
2025 5623 2085 5662 sc.

495 5704 704 5770 sentit,
771 5705 1002 5774 gloriam
1065 5705 1320 5760 videlicet
1375 5705 1590 5760 haoens
1645 5704 1702 5758 in
1752 5701 2083 5757 confusione

501 5813 645 5854 sua.
706 5799 910 5871 quippe
975 5800 1068 5871 qui
1107 5799 1442 5855 clarissimis
1491 5798 1804 5868 quibusque
1861 5796 2084 5852 civibus

503 5891 559 5948 in
594 5893 796 5949 tabulis
831 5892 1041 5963 pictum
1082 5903 1372 5964 peccatum
1415 5899 1661 5948 ostentet
1689 5905 1870 5947 suum.

2167 4395 2454 4469 φοϐεῖσθαι
2511 4397 2610 4450 καὶ
2668 4393 2970 4468 προσέχειν
3007 4395 3122 4456 τοῖς
3167 4393 3292 4465 είκῆ
3358 4389 3617 4462 φυσῶσίν
3667 4403 3757 4460 με.

2179 4486 2563 4555 Ἑπαινοῦντες
2596 4488 2707 4562 γάρ
2737 4505 2806 4558 με
2845 4484 3236 4558 μαστιγοῦσιν.
3275 4502 3298 4537 ι

2245 4758 2337 4830 Μὴ
2383 4759 2522 4830 πρὸς
2572 4759 2833 4823 ἐπαίνους
2878 4753 3258 4828 χαυνωθῶμεν
3303 4753 3432 4819 τοὺς
3471 4751 3614 4825 ὑπὲρ
3667 4750 3758 4823 τὴν

2175 4852 2465 4924 ἀλήθειαν.

2249 4947 2447 5003 Πολλοὶ
2471 4947 2564 5000 τὸν
2590 4946 2744 5018 παρὰ
2781 4943 2894 4998 τῶν
2925 4940 3144 4997 πολλῶν
3174 4939 3400 4996 ἔπαινον
3430 4937 3758 5011 θηρώμενοι,

2180 5042 2330 5114 ἔργῳ
2374 5040 2476 5110 μὲν
2506 5041 2610 5110 τὴν
2651 5036 2869 5092 ἀδικίαν
2901 5034 2999 5092 καὶ
3028 5033 3348 5100 πλεονεξίαν
3371 5031 3446 5096 ὡς
3489 5029 3759 5102 ὠφέλιμον

2182 5133 2511 5210 προτιμῶσι,
2546 5134 2788 5205 σχήματι
2828 5131 2886 5186 δὲ
2930 5131 3027 5187 καὶ
3072 5129 3240 5200 λόγῳ,
3277 5127 3378 5201 τὴν
3411 5128 3636 5199 ἰσότητα
3675 5124 3760 5179 καὶ

2180 5231 2281 5302 τὴν
2309 5227 2666 5299 δικαιοσύνην
2695 5223 3246 5298 ὑπερθαυμάζουσιν.

2267 5417 2327 5469 Ὀ
2352 5415 2502 5469 δεῖνα
2524 5413 2617 5467 τὸν
2647 5409 2880 5466 πλοῦτον
2921 5409 3036 5474 τοῖς
3086 5404 3450 5478 θηριομάχοις
3498 5419 3758 5476 προσαναο

2186 5508 2410 5570 λίσκων,
2456 5506 2552 5561 καὶ
2598 5506 2721 5568 ταῖς
2754 5501 3016 5574 ματαίαις
3061 5497 3172 5552 τῶν
3201 5497 3394 5570 δήμων
3437 5496 3642 5568 φωναῖς
3680 5496 3757 5548 ti:-

2189 5598 2580 5669 αγαλλὸμενος.
2605 5597 2842 5666 φυσᾶται
2865 5595 2976 5656 τοῖς
2994 5589 3262 5655 ἐπαίνοις,
3283 5588 3378 5643 καὶ
3395 5588 3538 5661 μέγα
3562 5587 3752 5658 φρονεῖ,

2190 5695 2289 5764 τὴν
2316 5691 2474 5758 δόξαν
2518 5690 2661 5761 ἔχων
2713 5689 2772 5742 ἐν
2809 5688 2875 5758 τῇ
2921 5682 3154 5756 αἰσχύνῃ
3200 5679 3407 5736 αὑτοῦ·
3460 5681 3518 5744 ὃς
3567 5695 3632 5751 γε
3677 5675 3756 5733 καὶ

2197 5788 2475 5858 ἔγγραφον
2533 5787 2645 5847 τοῖς
2699 5777 3024 5854 περιφανέσι
3058 5779 3155 5849 τῆς
3187 5774 3398 5840 πόλεως
3429 5773 3525 5848 τὴν
3576 5766 3754 5830 ἑαυτοῦ

2199 5881 2474 5953 ἁμαρτίαν
2506 5879 2599 5931 ἐπὶ
2625 5881 2729 5931 των
2764 5874 3009 5930 πινάκων
3039 5869 3296 5926 δεικνύει.
