3930 6248
319 380 456 447 1573

1647 383 1888 448 SACRA
1925 384 2393 452 PARALLELA.

3442 390 3594 466 1574

317 494 411 567 τῆς
439 493 562 550 ὅλον
589 493 678 550 διὰ
703 496 804 566 τῆς
837 493 1059 561 ἀκτῖνος
1085 494 1143 549 τδ
1179 493 1428 568 πότιμον.
1463 493 1660 568 Χαίρει
1692 493 1750 550 δε
1778 496 1883 561 τοῖς

1994 496 2244 571 pelagus.
2308 492 2533 555 Dulcior
2606 495 2810 572 quippe
2866 511 3008 571 aqua
3059 499 3166 558 ista
3220 509 3305 558 est
3363 503 3582 577 reliquo

317 589 541 658 γλυκέσι
593 591 689 644 καὶ
738 592 808 647 τά
855 591 1155 647 θαλάσσια⁶
1211 590 1338 646 ὅθεν
1367 591 1461 648 καὶ
1490 590 1585 646 ἐπὶ
1610 591 1894 664 ποταμοὺς

316 681 647 753 ἀνανήχεται
672 684 956 751 πολλάκις,
998 685 1093 740 καὶ
1123 685 1409 760 πόρρωθεν
1426 683 1706 764 θαλάσσης
1730 684 1895 757 φέρε-

320 793 425 834 ται.
465 775 560 831 Ἕκ
580 777 784 834 ’τούτου
818 777 1228 853 προτιμὼτερος
1260 779 1445 846 αὐτοῖς
1476 782 1505 834 δ
1543 781 1746 845 Πόντος
1782 778 1897 834 τῶν

315 868 521 926 λοιπῶν
549 871 668 927 ἐστι
696 869 918 941 κόλπος,
941 874 1020 938 ὡς
1051 873 1359 946 ἐπιτήδειος
1387 875 1766 948 ἐναποκυῆσαι
1796 871 1897 930 καὶ

313 961 579 1037 saepem
615 964 687 1021 τά
723 964 944 1038 ἔγγονα.
987 964 1243 1024 Ἐπειδὰν
1279 967 1338 1023 δὲ
1379 966 1451 1022 τὰ
1481 965 1896 1037 σπουδαζόμενα

312 1057 629 1126 ἀρκούντως
656 1061 1010 1138 ἐκπληρωθῇ,
1037 1062 1202 1120 πάλιν
1229 1061 1504 1137 πανδημεὶ
1528 1059 1730 1128 πάντες
1759 1059 1898 1115 ὑπο-

311 1152 643 1224 στρέφουσιν
677 1155 885 1214 οἴκαδε.
1144 1186 1149 1190 -

1997 590 2138 647 mari
2175 606 2192 645 :
2226 592 2355 664 quia
2379 591 2642 648 nimirum
2669 593 2755 649 sol
2781 591 2928 649 baud
2958 594 3280 651 diuturnam
3309 596 3423 654 illic
3455 615 3575 656 ino-

1999 700 2118 741 ram
2161 685 2414 755 trahens,
2463 701 2562 759 per
2608 686 2795 744 radios
2824 701 2958 745 suos
2992 703 3104 745 non
3151 689 3206 746 id
3245 707 3410 749 omne
3432 693 3578 765 quod

1993 779 2160 838 dulce
2187 787 2296 850 est,
2344 778 2552 836 educit.
2581 778 2749 851 Atqui
2794 795 2858 836 ea
2888 797 3107 852 quoque
3127 783 3429 846 animantia
3452 801 3579 856 quae

1996 869 2055 928 in
2120 871 2258 927 mari
2306 871 2538 945 degunt,
2597 871 2857 930 dulcibus
2898 875 3057 946 aquis
3101 876 3375 947 gaudent;
3433 877 3577 935 unde

1995 962 2162 1020 etiam
2207 963 2276 1020 ad
2330 962 2527 1023 ﬂuvios
2577 964 2896 1034 frequenter
2933 976 3186 1037 enatant,
3229 978 3284 1027 et
3323 972 3516 1042 procul
3545 988 3571 1026 a

1994 1057 2135 1114 mari
2164 1059 2438 1116 feruntur.
2471 1060 2594 1126 Quo
2622 1059 2681 1114 fit
2719 1067 2777 1115 ut
2803 1057 3096 1118 Ponticum
3122 1064 3307 1120 sinum
3344 1065 3570 1138 reliquis

1992 1152 2254 1211 omnibus
2292 1160 2650 1225 anteponant,
2678 1163 2738 1212 ut
2768 1156 2860 1226 qui
2923 1165 3036 1212 tum
3073 1157 3141 1213 ad
3177 1143 3571 1230 procreandos,

312 1255 428 1304 tum
457 1248 528 1303 ad
550 1249 778 1306 alendos
801 1247 946 1307 fetus
972 1257 1136 1324 aptus
1158 1249 1251 1310 sit.
1289 1246 1392 1308 Ubi
1419 1261 1551 1307 vero
1571 1260 1636 1304 eo
1659 1258 1887 1303 munere
1912 1243 2077 1320 cuius
2114 1245 2303 1304 studio
2340 1247 2672 1304 tenebantur
2732 1249 3009 1323 perfuncti
3065 1260 3214 1318 sunt,
3277 1251 3571 1314 confertim

311 1357 504 1402 omnes
535 1342 759 1399 domum
798 1353 1169 1402 revertuntur.

383 1443 654 1508 Ἤκουσα,
685 1439 770 1495 ὅτι
799 1437 1089 1506 θαλάσσιος
1124 1440 1321 1513 ἐχῖνος,
1362 1437 1425 1492 τὸ
1461 1435 1658 1510 μικρὸν
1690 1449 1897 1489 παντε-

315 1534 424 1602 λῶς
455 1534 548 1590 καὶ
569 1534 1041 1608 εὐκαταφρόνητον
1069 1533 1228 1599 ζῶον,
1277 1533 1596 1597 διδάσκαλος
1632 1530 1893 1595 πολλάκις

317 1629 558 1702 γαλήνης
579 1627 672 1684 καὶ
702 1627 966 1692 κλύδωνος
987 1628 1102 1693 τοῖς
1120 1626 1346 1681 πλέουσι
1374 1627 1604 1696 γίνεται.
1634 1625 1730 1688 Ὃς
1759 1624 1891 1680 ὅταν

316 1723 508 1796 προῖδῃ
538 1721 782 1795 ταραχὴν
810 1721 1036 1792 ἀνέμου,
1061 1719 1271 1793 ψηφίδα
1312 1718 1434 1774 τινὰ
1472 1717 1722 1773 ὑπελθὼν
1762 1735 1889 1790 γεν-

2065 1425 2211 1483 Ibid.
2246 1458 2313 1473 --
2344 1425 2462 1484 Hoc
2487 1429 2694 1498 audivi,
2720 1430 2990 1487 marinum
3007 1432 3284 1502 ccbinum,
3312 1435 3570 1508 exiguum

1992 1518 2129 1576 illud
2158 1535 2389 1592 prorsus
2410 1530 2465 1577 et
2491 1521 2760 1594 abjectum
2794 1524 3023 1589 animal,
3060 1527 3480 1598 tranquillitatis
3514 1540 3568 1586 et

1989 1614 2333 1682 tempestatis
2394 1614 2714 1683 magistrum
2778 1628 2900 1670 sese
2982 1617 3373 1686 navigantibus
3426 1636 3570 1694 saepe

1985 1702 2252 1775 praebere.
2283 1702 2418 1758 Nam
2438 1719 2562 1760 cum
2617 1713 2900 1761 ventorum
2933 1708 3396 1779 perturbationem
3439 1730 3567 1785 pro--

311 1795 600 1878 ναίανξιτε
634 1814 775 1888 αὐτῇ
791 1814 982 1886 ὥσπερ
1010 1813 1097 1867 ἐπ’
1119 1811 1368 1884 ἀγκύρας
1390 1811 1625 1882 βεϐαίως
1644 1807 1881 1876 σαλεύει,

1994 1795 2168 1868 spicit,
2218 1811 2434 1869 gravem
2465 1805 2520 1852 et
2548 1797 2806 1854 eximium
2845 1801 3116 1856 calculum
3141 1804 3329 1871 subit,
3377 1807 3432 1860 in
3461 1822 3569 1878 quo

309 1907 674 1980 κατεχόμενος
701 1907 778 1979 τῷ
801 1907 959 1981 βάρει
987 1905 1126 1980 πρὸς
1157 1909 1216 1960 τὸ
1242 1905 1317 1978 μὴ
1347 1899 1546 1978 ῥᾳδίως
1566 1907 1680 1971 τοῖς
1706 1903 1887 1976 κύμαο

305 2021 394 2058 σιν
417 2003 813 2076 ἀποσύρεσθαι.
843 2001 1016 2059 Τοῦτο
1043 2004 1170 2059 ὅταν
1206 2002 1386 2057 ἴδωσιν
1433 2003 1483 2055 oi
1547 2001 1796 2056 ναυτικοὶ
1825 1999 1888 2055 τὺ

307 2097 553 2168 σημεῖον,
599 2096 750 2151 ίσασι
794 2096 895 2168 τὴν
940 2093 1404 2168 προσδοκωμένην
1446 2090 1629 2162 βιαίαν
1669 2090 1886 2162 κίνησιν

307 2186 413 2240 τῶν
449 2186 687 2256 ἀνέμων.

383 2371 446 2430 '0
477 2375 740 2448 καρκίνος
783 2374 884 2447 τῆς
936 2373 1138 2447 σαρκὸς
1181 2372 1444 2448 ἐπιθυμεῖ
1480 2375 1574 2432 τοῦ
1634 2373 1882 2447 ὀστρέου,

301 2467 441 2526 άλλά
478 2467 785 2533 δυσάλωτος
818 2469 852 2542 ἡ
875 2469 1020 2541 ἄγρα
1051 2467 1200 2540 αὐτῷ
1223 2468 1312 2523 διά
1331 2469 1431 2542 τὴν
1468 2467 1762 2541 περιϐολὴν
1788 2465 1882 2524 τοῦ

301 2562 575 2635 ὀστράκου
595 2561 826 2632 γίνεται.
863 2561 1123 2634 Ἀῥραγεῖ
1149 2560 1260 2633 γάρ
1285 2560 1440 2634 ἕρκει
1463 2559 1526 2615 τὸ
1558 2558 1765 2615 ἁπαλὸν
1784 2559 1884 2628 τῆς

303 2656 509 2728 σαρκὸς
537 2656 574 2728 ἡ
605 2655 767 2726 φύσις
791 2654 1256 2727 κατησφαλίσατο.
1297 2655 1388 2709 Διὸ
1413 2656 1507 2709 καὶ
1526 2653 1884 2726 ὀστρακόδερ-

305 2764 409 2820 μον
433 2749 891 2822 προσηγόρευται.
921 2748 1032 2802 Καὶ
1054 2746 1246 2819 ἐπειδὴ
1274 2746 1366 2801 δύο
1386 2747 1701 2819 κοιλότητες
1724 2747 1883 2818 ἀκρι-

301 2840 416 2907 ϐῶς
437 2839 698 2912 ἀλλήλαις
726 2838 1215 2912 προσηρμοσμέναι
1240 2837 1318 2910 τῷ
1349 2837 1558 2910 ὀστρέῳ
1578 2837 1882 2909 περιπτύσ-

304 2953 510 3002 σονται,
537 2934 854 3005 ἀναγκαίως
875 2932 1155 3006 ἄπρακταί
1184 2935 1324 2988 είσιν
1353 2934 1409 2988 αἱ
1435 2931 1600 3005 χηλαὶ
1626 2931 1722 2986 τοῦ
1748 2949 1883 3005 καρ-

302 3027 474 3083 κίνου.
503 3027 571 3082 Τί
608 3022 701 3083 οὖν
731 3029 908 3094 ποιεῖ;
951 3027 1080 3082 ὅταν
1111 3025 1197 3099 ἴδῃ
1221 3026 1278 3080 ὲν
1311 3025 1620 3098 ἀπηνέμοις
1658 3024 1881 3098 χωρίοις

302 3119 425 3194 μεθ’
468 3120 666 3194 ἡδονῆς
705 3118 1159 3192 διαθαλπόμενον,
1204 3118 1303 3174 καὶ⁸
1346 3118 1486 3190 πρὸς
1525 3117 1626 3185 τὰς
1654 3118 1882 3184 ἀκτῖνας

1992 1904 2099 1943 non
2128 1903 2290 1946 secus
2320 1904 2387 1945 ac
2419 1889 2474 1946 in
2527 1890 2770 1947 anchora
2797 1891 2920 1950 sine
2946 1893 3272 1952 discrimine
3299 1897 3414 1954 ullo
3449 1901 3568 1971 agi-

1990 1989 2141 2037 tatur
2179 1999 2192 2037 :
2223 1981 2425 2055 quippe
2461 1982 2558 2056 qui
2585 1983 2763 2057 lapilli
2784 1985 2928 2042 mole
2951 1987 3240 2057 retinetur,
3268 1991 3569 2062 quominus

1989 2074 2152 2132 facile
2183 2092 2214 2132 a
2265 2075 2526 2135 fluctibus
2590 2078 2970 2138 abstrahatur.
3018 2080 3173 2150 Quod
3198 2085 3417 2158 signum
3475 2089 3570 2145 ubi

1988 2177 2170 2228 nauta:
2193 2185 2551 2244 perspexere,
2583 2172 2712 2229 hinc
2732 2175 3078 2245 exploratum
3106 2176 3312 2234 habent
3376 2180 3570 2255 ingen-

1986 2271 2096 2320 tem
2120 2271 2404 2321 ventorum
2437 2268 2862 2323 commotionem
2898 2268 3238 2340 impendere.

2060 2355 2203 2412 Ibid.
2239 2391 2310 2401 --
2336 2358 2550 2416 Cancer
2600 2360 2770 2416 ostrei
2829 2374 3050 2417 carnem
3082 2364 3307 2436 appetit.
3369 2364 3570 2425 Verum

1988 2458 2154 2522 captu
2201 2450 2445 2508 difﬁcilis
2486 2453 2603 2508 haec
2656 2453 2841 2524 prreda
2885 2464 2971 2512 est
3001 2469 3224 2528 propter
3244 2466 3396 2516 testa:
3428 2461 3569 2517 inte-

1986 2554 2329 2618 gumentum.
2408 2545 2617 2602 Natura
2671 2548 2952 2618 siquidem
3010 2551 3198 2606 carnis
3279 2553 3569 2610 mollitiem

1988 2641 2146 2697 firmo
2178 2642 2592 2714 propugnaculo
2621 2642 3006 2698 communivit.
3038 2641 3196 2700 Unde
3225 2645 3327 2701 hoc
3349 2663 3571 2719 quoque

1986 2734 2424 2808 ὀστρακόδερμον
2474 2736 2800 2806 appellatur.
2835 2737 2914 2792 Ac
2969 2740 3231 2808 quoniam
3267 2739 3389 2797 dum
3421 2743 3570 2801 cavi-

1987 2835 2129 2882 tates
2181 2825 2248 2881 ad
2275 2827 2540 2884 amussim
2569 2828 2802 2884 invicem
2830 2838 3099 2901 coaptatze
3129 2840 3372 2887 ostreum
3412 2849 3569 2891 com-

1989 2921 2320 2994 plectuntur,
2379 2920 2504 2976 hinc
2532 2924 2842 2978 necessario
2874 2922 2932 2976 iit
2971 2930 3028 2976 ut
3074 2923 3420 2980 denticulatis:
3438 2942 3572 2984 can-

1986 3015 2065 3071 cri
2097 3014 2331 3087 forcipes
2387 3012 2522 3071 nihil
2555 3014 2779 3070 omnino
2820 3014 3090 3072 conﬁcere
3136 3019 3371 3089 possint.
3425 3018 3567 3087 Quid

1986 3123 2120 3181 ergo
2168 3108 2339 3166 facit?
2365 3108 2503 3165 Cum
2545 3115 2791 3166 ostreum
2824 3110 2879 3165 in
2915 3110 2983 3166 iis
3010 3111 3143 3167 locis
3175 3128 3298 3183 quae
3335 3128 3366 3167 a
3392 3115 3569 3170 ventis

300 3212 395 3270 τοῦ
421 3213 574 3289 ἡλίου
593 3214 696 3281 τὰς
721 3212 932 3287 πτύχας
957 3211 1152 3268 ἑαυτοῦ
1181 3210 1569 3270 διαπλὼσαντα
1585 3257 1600 3282 ,
1634 3215 1758 3270 τότε
1779 3213 1878 3269 λά⁶

1994 3209 2198 3259 remota
2247 3211 2399 3267 sunt,
2430 3202 2805 3259 ammnissime
2831 3218 2891 3259 se
2924 3201 3129 3268 fovere,
3171 3211 3338 3276 atque
3369 3204 3436 3261 ad
3469 3221 3568 3262 so-

302 3309 408 3381 θρα
427 3308 636 3382 ψηφίδα
665 3308 1040 3382 παρεμὸαλὼν
1073 3309 1102 3363 ὀ
1125 3311 1387 3384 καρκϊνος
1409 3349 1423 3374 ,
1461 3308 1751 3364 διακωλύει
1785 3309 1882 3383 τὴν

308 3400 633 3477 σύμπτυξιν,
659 3401 752 3458 καὶ
784 3402 1100 3477 εὑρίσκεται
1121 3403 1182 3456 τὸ
1213 3402 1462 3458 δλλεῖπον
1480 3403 1579 3474 τῆς
1599 3402 1884 3474 δυνάμεως

305 3495 390 3552 διά
412 3497 507 3569 τῆς
544 3495 789 3562 ἐπινοίας
825 3497 1262 3568 περιγινόμενον.
1305 3493 1458 3566 Δῠτη
1517 3494 1551 3567 ἡ
1579 3494 1747 3550 κακία
1772 3494 1883 3551 τῶν

299 3592 445 3664 μήτε
473 3589 657 3661 λόγου,
689 3590 828 3664 μήτε
863 3590 1050 3661 φωνῆς
1081 3587 1438 3664 μετεχόντων.

372 3773 488 3830 Οὐκ
507 3773 575 3829 ἂν
599 3772 866 3847 παρέλθοι
892 3789 982 3845 μοι
1000 3773 1062 3827 τὸ
1090 3771 1185 3828 τοῦ
1215 3771 1516 3836 πολύποδος
1541 3771 1758 3844 δολερὸν
1783 3771 1880 3826 καὶ

302 3865 622 3935 ἱπίπλοκον,
653 3867 682 3922 δ
709 3866 871 3940 ὁποίᾳ
915 3867 1047 3922 ποτὲ
1081 3860 1149 3922 ἂν
1191 3865 1370 3940 πέτρᾳ
1417 3865 1756 3941 περιπλακῇ.
1783 3867 1883 3939 τὴν

301 3959 523 4032 ὲκείνης
574 3959 835 4033 ὐ-πέχεται
886 3959 1076 4033 χρόαν,
1123 3959 1264 4014 ὥστε
1321 3959 1449 4024 τοὺς
1503 3958 1735 4023 πολλοὺς
1771 3959 1882 4013 τῶν

305 4054 508 4129 ἰχθύων
540 4055 867 4126 ἀπροόπτως
893 4053 1229 4127 νηχομένους
1256 4052 1335 4125 τῷ
1362 4051 1624 4107 πολύποδι
1654 4053 1881 4124 περιπί-

298 4166 481 4213 πτειν,
501 4150 570 4223 τῇ
599 4148 772 4223 πέτρᾳ
801 4147 988 4222 δῆθεν,
1026 4144 1123 4203 καὶ
1153 4146 1342 4219 ἕτερον
1366 4145 1622 4216 γενέσθαι
1654 4145 1880 4219 θήραμα

294 4244 376 4318 τῷ
400 4242 716 4316 πανούργῳ.

366 4337 582 4411 Γαῦρον
623 4337 653 4392 ὀ
693 4333 1026 4408 ἀλεκτρυὼν,
1071 4331 1364 4406 φιλόκαλον
1408 4332 1439 4387 ὀ
1479 4348 1646 4401 τείας,
1684 4331 1878 4403 λάγνοι

301 4428 649 4504 περιστεραὶ,
679 4427 775 4498 καὶ
823 4430 881 4486 αἱ
927 4425 1246 4484 κατοικίδιοι
1301 4423 1484 4498 δρνεις
1538 4425 1632 4479 ἐπὶ
1674 4426 1877 4492 παντὸς

300 4525 495 4598 καιροῦ
546 4523 609 4579 τδ
661 4521 1016 4578 συνουσιακδν
1056 4519 1306 4594 ἔχουσαι·
1359 4517 1574 4592 δολερὸν
1606 4517 1634 4572 ὀ
1680 4519 1875 4593 πέρδιξ

1988 3297 2055 3352 lis
2112 3296 2298 3353 radios
2347 3297 2723 3352 concavitates
2781 3311 2914 3352 suas
2974 3299 3249 3370 explicare
3279 3299 3564 3372 perspicit,

1984 3395 2100 3443 tum
2138 3385 2330 3444 furtim
2387 3387 2590 3460 injecto
2613 3387 2829 3446 calculo
2849 3389 3112 3459 prohibet
3148 3405 3218 3446 ne
3245 3405 3444 3448 rursus
3469 3407 3567 3452 eas

1983 3481 2306 3554 eomplicet,
2359 3489 2522 3553 atque
2563 3481 2639 3537 ita
2667 3481 2722 3539 id
2763 3482 2909 3553 quod
2961 3481 3174 3540 viribus
3203 3484 3409 3554 deerat,
3436 3485 3566 3541 arti-

1983 3575 2110 3631 licio
2165 3584 2331 3648 atque
2386 3575 2668 3635 indnsu-ia
2709 3577 3017 3649 suppletur.
3052 3577 3181 3634 Here
3232 3586 3319 3635 est
3357 3580 3567 3637 malitia

1982 3681 2174 3722 eorum
2197 3683 2318 3739 quae
2347 3683 2450 3724 nec
2473 3683 2662 3725 vocem
2697 3684 2798 3724 nec
2828 3669 3098 3726 rationem
3125 3669 3348 3728 habent.

2057 3759 2254 3832 Ejusd.
2286 3793 2357 3804 --
2390 3761 2503 3818 Nec
2569 3777 2698 3819 vero
2737 3771 2913 3818 astum
2961 3765 3566 3840 versutiamquepolypi

1984 3854 2205 3913 silentio
2229 3855 2574 3928 praeteriero,
2597 3856 2690 3928 qui
2721 3856 2790 3912 ad
2821 3857 3195 3930 quodcunque
3233 3875 3432 3915 saxum
3468 3860 3568 3915 ad-

1984 3945 2227 4012 haeserit,
2269 3948 2414 4005 illius
2463 3949 2704 4006 colorem
2750 3950 2923 4006 subit.
2964 3951 3040 4006 Ex
3077 3968 3186 4022 quo
3221 3953 3454 4011 ellicitur
3505 3964 3566 4010 ut

1985 4041 2140 4097 multi
2174 4040 2335 4115 527
2360 4043 2543 4115 pisces
2566 4043 2865 4116 improviso
2892 4053 3167 4111 natantes,
3189 4047 3244 4101 in
3273 4062 3400 4102 eum
3442 4055 3566 4103 tan-

1981 4149 2146 4206 quam
2174 4136 2228 4190 in
2254 4150 2444 4192 saxum
2477 4137 2746 4206 incidant,
2773 4139 3179 4210 veteratorique
3200 4140 3276 4196 illi
3305 4141 3562 4212 protinus

1983 4230 2037 4285 in
2052 4229 2297 4300 praedam
2337 4228 2557 4287 cedant.

2056 4321 2250 4392 Ejusd.
2273 4322 2461 4378 homit.
2493 4322 2548 4380 8.
2574 4353 2643 4365 -
2667 4323 2913 4394 Superbe
2936 4323 3112 4394 gallus
3156 4324 3409 4397 graditur
3434 4328 3556 4400 gal-

1982 4419 2251 4487 linaceus,
2304 4416 2525 4474 decoris
2577 4427 2665 4474 est
2695 4417 2984 4473 studiosus
3025 4432 3187 4488 pavo,
3226 4419 3444 4477 salaces
3467 4436 3562 4477 co-

1986 4515 2187 4571 lumba:
2248 4529 2315 4570 ac
2337 4513 2660 4570 domestica:
2690 4510 2966 4576 rolucres,
3002 4522 3062 4568 ut
3090 4529 3210 4584 qua:
3230 4517 3383 4572 onmi
3416 4527 3557 4574 tem-

305 4619 399 4675 καὶ
429 4617 750 4692 ζηλότυπον,
786 4616 1110 4690 κακούργως
1145 4614 1518 4688 συμπράττων
1549 4615 1663 4678 τοῖς
1688 4613 1881 4686 θηρευ-

1994 4624 2113 4680 pore
2147 4608 2424 4682 proclives
2460 4609 2512 4663 in
2550 4622 2804 4664 venerem
2824 4607 2971 4677 sint;
2999 4609 3203 4665 callida
3224 4617 3280 4667 et
3307 4613 3558 4685 zelotypa

298 4713 420 4777 ταῖς
445 4713 582 4785 πρὸς
610 4711 710 4786 τὴν
740 4711 941 4785 ἄγραν.

367 4894 494 4951 Τῶν
529 4891 801 4966 μελισσῶν
830 4890 984 4964 κοινὴ
1016 4891 1117 4963 μὲν
1160 4894 1194 4964 ὴ
1253 4893 1487 4964 οίκησις,
1540 4892 1776 4964 ἐργασία
1821 4892 1880 4948 δὲ

292 4991 516 5046 πάντων
563 4989 689 5060 μία·
739 4986 835 5042 καὶ
859 4985 923 5040 τὸ
954 4987 1211 5057 μέγιστον
1250 4987 1331 5040 ὅτι
1371 4986 1477 5041 ὑπὸ
1527 4985 1741 5057 βασιλεῖ
1782 4986 1880 5042 καὶ

291 5085 510 5157 ἐξάρχω
533 5081 644 5139 τινὶ
683 5080 794 5137 τῶν
839 5080 1016 5154 ἔργων
1052 5079 1336 5148 ἅπτονται,
1364 5081 1426 5134 οὐ
1458 5081 1727 5154 πρότερον
1767 5099 1868 5136 κα-

294 5179 643 5252 ταδεχόμενοι
706 5177 798 5232 ἐπὶ
860 5176 986 5240 τοὺς
1028 5174 1301 5246 λειμῶνας
1357 5176 1552 5242 ἐλθεῖν,
1620 5177 1752 5248 πρὶν
1805 5176 1873 5232 ἂν

295 5276 480 5332 ἴδωσιν
510 5271 854 5344 κατάρξαντα
890 5270 982 5327 τὸν
1028 5271 1254 5343 βασιλέα
1299 5271 1397 5344 τῆς
1443 5272 1718 5344 πτήσεως.
1762 5271 1875 5326 Καὶ

292 5367 442 5422 ἔστιν
480 5366 676 5430 αὐταῖς
706 5365 766 5419 οὐ
799 5364 1227 5437 χειροτόνητοςό
1273 5362 1525 5434 βασιλεύς
1545 5380 1559 5392 ·
1612 5363 1872 5428 πολλάκις

291 5462 404 5533 γὰρ
433 5459 531 5517 καὶ
569 5459 810 5532 ἀκρασία
836 5472 861 5502 ο
899 5459 1076 5531 δήμου
1119 5458 1213 5512 τὸν
1246 5459 1519 5530 χείριστον
1566 5459 1648 5519 εἰς
1696 5458 1872 5528 ἀρχὴν

291 5554 705 5626 προεστήσατο·
738 5548 860 5608 οὐδὲ
910 5549 1201 5623 κληρωτὴν
1231 5548 1368 5620 ἔνων
1417 5549 1518 5622 τὴν
1571 5546 1822 5615 ἐξουσίαν
1857 5567 1872 5583 ο

289 5646 478 5718 ἄλογοι
514 5644 624 5717 γὰρ
655 5649 711 5702 αί
747 5645 1030 5719 συντυχίαι
1072 5643 1182 5698 τῶν
1211 5643 1451 5716 κλήρων,
1481 5641 1578 5696 tiri
1606 5640 1697 5697 τὸν
1731 5641 1870 5697 πάν-

1981 4703 2196 4776 perdix,
2251 4716 2375 4774 qua:
2472 4702 2710 4760 subdole

1979 4799 2220 4872 praedam
2262 4805 2446 4855 navet.

2046 4892 2353 4950 Commune
2426 4891 2625 4964 apibus
2667 4892 3012 4949 domicilium
3068 4902 3176 4962 est,
3241 4897 3558 4953 communis

1977 4990 2226 5044 omnium
2286 4989 2473 5056 labor;
2511 4985 2776 5059 quodque
2825 4989 3074 5044 omnium
3125 4989 3426 5047 maximum
3451 5001 3554 5054 est,

1980 5084 2082 5142 Sull
2121 5099 2233 5140 uno
2260 5099 2388 5156 rege
2413 5094 2464 5138 et
2495 5084 2749 5156 principe
2788 5099 2988 5156 operas
3018 5097 3340 5157 capessunt.
3371 5085 3558 5158 Neque

2795 4703 3154 4765 venatoribus
3207 4720 3434 4778 operam
3487 4706 3558 4762 ad

1979 5177 2126 5234 enim
2164 5175 2320 5249 prius
2366 5176 2432 5231 ad
2475 5186 2635 5246 prata
2664 5193 2727 5234 se
2755 5178 3013 5235 conferre
3038 5179 3338 5245 sustinent,
3386 5196 3553 5252 quam

1978 5286 2162 5342 regem
2213 5269 2465 5328 avolasse
2519 5271 2780 5329 viderint.
2806 5269 2918 5328 Nec
2963 5287 3095 5329 vero
3137 5271 3281 5343 apud
3305 5287 3402 5328 eas
3436 5271 3554 5329 suf-

1981 5363 2172 5435 fragiis
2200 5379 2294 5420 rex
2334 5375 2556 5421 creatur
2587 5363 2937 5437 (frequenter
2975 5366 3120 5422 enim
3155 5366 3339 5438 populi
3366 5381 3555 5423 vecor-

1982 5455 2072 5511 dia
2103 5457 2305 5514 factum
2333 5467 2418 5513 est
2458 5464 2518 5512 ut
2548 5458 2642 5529 qui
2681 5459 2958 5528 pessimus
2982 5469 3129 5518 esset
3158 5461 3227 5515 ad
3258 5459 3554 5530 imperium

1981 5550 2414 5621 ascisceretur),
2463 5565 2563 5607 nec
2602 5566 2801 5606 rursus
2837 5553 3036 5607 sortito
3070 5551 3364 5623 imperium
3407 5551 3557 5608 obti-

1981 5651 2076 5700 net
2124 5643 2187 5715 (a
2209 5644 2423 5700 ratione
2448 5644 2650 5716 quippe
2685 5643 2862 5700 aliena
2891 5651 3021 5700 sunt
3073 5658 3195 5716 qua:
3226 5651 3375 5700 sorte
3413 5655 3557 5700 cou-

1603 5819 1840 5881 νΑιιιιΕ
1876 5819 2286 5881 LECTIONES.

369 5936 396 5971 ι
423 5924 562 5982 Edit.
590 5923 797 5990 Basilii,
829 5925 1068 5993 ἀκρισία.
