3930 6248
371 340 541 419 ,1575

1560 331 1622 394 S.
1660 328 1981 394 JOANNIS
2003 326 2436 390 DAMASCENI

3534 322 3677 389 1576

400 456 640 520 tingunt,
674 456 733 502 ut
753 462 874 518 qtne
895 461 1000 501 non
1030 459 1159 501 raro
1184 445 1232 502 ei
1263 445 1355 517 qui
1390 444 1640 502 omnium
1664 454 1972 519 postremus

2080 460 2188 498 των
2216 444 2443 517 ἔσχατον
2475 440 2734 505 πολλάκις
2763 438 2825 495 τὸ
2855 438 3057 512 κράτος
3090 437 3325 511 ἀκρισία
3358 436 3626 510 φέρουσαι
3652 455 3668 471 ’

396 550 503 605 est,
551 540 844 610 imperium
898 539 1138 609 tradat),
1200 553 1301 593 nec
1328 538 1573 609 denique
1597 546 1825 609 paterna
1856 552 1980 594 sue-

397 636 650 691 cessione
707 642 761 690 et
816 633 1138 689 haereditate
1198 631 1364 703 regiis
1435 631 1640 688 insidet
1707 631 1873 704 (nam
1923 631 1978 687 hi

398 740 620 796 quoque
679 724 751 780 ob
780 724 972 780 luxum
1017 732 1072 778 et
1102 722 1534 779 assentationem
1570 731 1629 777 ut
1678 721 1978 792 plurimum

399 819 587 873 stolidi
646 816 942 888 omnisque
965 816 1195 871 virtutis
1226 815 1401 886 ignari
1443 814 1786 881 exsistunt),
1824 809 1923 868 sed
1951 824 1980 863 οι

400 918 593 964 natura
618 908 911 978 primatum
931 906 1117 963 habet.
1143 905 1411 973 Quamvis
1431 906 1578 959 enim
1608 918 1703 959 rex
1727 903 1980 957 aculeum

397 1000 621 1065 habeat,
678 1015 745 1055 eo
812 1008 996 1055 tamen
1050 997 1118 1053 ad
1150 998 1456 1053 vindictam
1514 995 1745 1052 minime
1779 994 1977 1050 utitur.

398 1095 637 1151 Audiant
669 1092 996 1159 Christiani,
1027 1091 1233 1163 quibus
1291 1089 1642 1146 interdicitur
1678 1102 1745 1143 ne
1773 1086 1978 1141 malum

396 1202 494 1261 pro
546 1186 691 1242 malo
741 1184 995 1249 reddant,
1053 1184 1147 1240 sed
1182 1184 1409 1239 vincant
1462 1184 1518 1237 in
1565 1184 1710 1237 bono
1774 1180 1977 1236 malum

396 1279 609 1349 (Rom.
657 1296 758 1345 xu,
794 1279 856 1333 91
888 1278 933 1351 ).
960 1276 1258 1333 Imitamini
1282 1276 1337 1331 id
1371 1276 1515 1347 quod
1550 1276 1668 1346 apis
1698 1274 1981 1347 peculiare

392 1384 500 1441 est,
555 1374 819 1430 nimirum
876 1373 1021 1443 quod
1079 1373 1220 1428 citra
1268 1371 1419 1441 regis
1472 1370 1763 1442 imperium
1842 1370 1980 1427 nihil

393 1466 694 1538 quidquam
748 1464 1067 1521 detrimenti
1120 1473 1364 1534 praestet,
1399 1478 1496 1516 nec
1520 1461 1735 1519 alienos
1764 1460 1979 1517 fructus

393 1559 782 1615 labefactando
848 1556 1002 1613 favos
1060 1554 1289 1614 condat.
1323 1553 1468 1622 Quin
1520 1570 1621 1611 nec
1652 1554 1721 1610 ad
1784 1569 1979 1610 omnes

394 1649 557 1704 liores
610 1648 926 1719 promiscue
980 1646 1225 1710 accedit,
1288 1654 1344 1701 et
1384 1645 1450 1700 ad
1492 1662 1633 1718 quos
1656 1649 1976 1712 accesserit,

393 1741 487 1797 ubi
546 1752 810 1811 quantum
846 1739 915 1794 ad
969 1755 1110 1811 opus
1146 1749 1339 1810 aptum
1388 1740 1479 1805 sit,
1551 1739 1875 1810 sumpserit,
1921 1738 1976 1794 id

2078 537 2201 591 οὐδὲ
2218 538 2283 592 ἐκ
2303 536 2577 609 πατρικῆς
2592 533 2843 607 διαδοχῆς
2858 536 2970 599 τοῖς
2987 530 3282 607 βασιλείοις
3298 531 3660 603 ἐγκαθεζόμεο

2078 649 2169 697 νος
2188 649 2201 662 ’
2222 631 2316 687 καὶ
2334 630 2443 703 γὰρ
2457 623 2605 685 οὗτοι
2634 629 2952 683 ἀπαίδευτοι
2970 627 3064 683 καὶ
3084 625 3323 700 ἀμαθεῖς
3344 626 3519 699 πάσης
3534 626 3677 700 ἀρε-

2077 726 2176 796 τῆς
2196 725 2285 780 διὰ
2311 725 2524 797 τρυφὴν
2549 724 2645 780 καὶ
2676 722 2969 780 κολακείαν
2993 722 3071 787 ὡς
3100 722 3172 776 τὰ
3194 720 3369 775 πολλὰ
3391 720 3663 790 γίνονται⁶

2077 814 2194 870 ἀλλ’
2250 817 2313 869 ἐκ
2373 815 2588 885 φύσεως
2626 814 2764 886 ἔχων
2812 814 2878 869 τὸ
2922 813 3069 868 κατὰ
3114 829 3336 867 παντων
3373 822 3667 884 πρωτεῖον.

2080 908 2240 964 Ἐστι
2263 908 2364 981 μὲν
2390 908 2501 980 γὰρ
2521 906 2601 980 τῷ
2631 906 2842 980 βασιλεῖ
2868 906 3123 978 κέντρον,
3150 905 3265 960 ἀλλ’
3298 904 3360 959 οὐ
3392 904 3672 976 κέχρηται

2076 1000 2255 1073 τούτῳ
2296 1000 2434 1075 πρὸς
2459 999 2699 1071 ἄμυναν.
2738 996 3119 1054 Ἀκουέτωσαν
3148 998 3198 1050 oi
3220 996 3563 1067 Χριστιανοὶ,
3588 988 3673 1059 οἷς

2079 1092 2415 1167 πρόσταγμά
2445 1097 2582 1160 ἐστι,
2615 1092 2786 1149 κακδν
2818 1093 2943 1149 ἀντὶ
2976 1091 3150 1146 κακοῦ
3188 1091 3381 1164 μηδενὶ
3419 1088 3673 1145 ἀποδιδό-

2079 1206 2189 1255 ναι,
2215 1188 2354 1244 ἀλλά
2381 1190 2538 1261 νικᾷν
2568 1191 2627 1242 ἐν
2657 1187 2737 1259 τῷ
2765 1185 2959 1258 ἀγαθῷ
2998 1186 3060 1241 τὸ
3110 1186 3306 1243 κακόν.
3334 1183 3677 1257 Μιμήσασθε

2077 1280 2181 1350 τῆς
2218 1278 2487 1350 μελίσσης
2517 1278 2576 1333 τὸ
2614 1278 2950 1351 ίδιότροπον’
2980 1278 3063 1333 ὅτι
3109 1274 3207 1330 τοῦ
3248 1274 3518 1345 βασιλέως
3548 1276 3677 1347 δίχα

2076 1374 2231 1429 οὐδὲν
2294 1372 2689 1446 λυμαινομένη,
2750 1371 2873 1425 οὐδὲ
2922 1371 3138 1442 καρπὸν
3208 1370 3498 1441 ἀλλότριον
3550 1368 3669 1423 δια-

2082 1466 2403 1541 φθείρουσα,
2438 1465 2505 1520 τὰ
2530 1466 2699 1539 κηρία
2750 1466 3158 1538 συμπήγνυσιν.
3194 1458 3370 1519 Ain-at
3433 1462 3492 1517 δὲ
3549 1463 3673 1519 οὔτε

2079 1562 2254 1617 ἅπασι
2290 1564 2403 1625 τοῖς
2450 1560 2669 1615 ἄνθεσιν
2718 1558 3123 1631 παραπλησίως
3174 1559 3534 1630 ἐπέρχονται,
3582 1557 3684 1612 καὶ

2079 1648 2160 1717 οἷς
2189 1653 2256 1707 ἂν
2284 1654 2313 1694 ιι
2344 1652 2649 1721 ἐπιτήδειον
2682 1651 2818 1723 πρὸς
2849 1650 2947 1723 τὴν
2990 1650 3255 1722 ἐργασίαν
3290 1648 3587 1712 λαϐοῦσαι,
3619 1648 3683 1704 τὸ

2079 1747 2265 1801 λοιπὸν
2292 1746 2506 1818 χαίρειν
2536 1746 2774 1815 ἀφῆκαν.
2819 1743 2926 1799 Τὸν
2962 1744 3065 1815 μὲν
3092 1744 3260 1815 κηρὸν
3289 1743 3400 1798 ἀπὸ
3438 1743 3549 1797 τῶν
3580 1745 3674 1798 ἀν-

392 1832 541 1904 quod
570 1833 852 1889 residuum
882 1840 969 1889 est
993 1834 1172 1888 valere
1202 1833 1383 1903 jubet.
1427 1832 1505 1888 Ac
1538 1848 1722 1888 ceram
1755 1832 1972 1903 quidem

2082 1840 2190 1895 θῶν
2216 1840 2465 1912 φανερῶς
2503 1838 2835 1911 συναγείρει,
2868 1838 2928 1892 τὸ
2958 1838 3014 1891 δὲ
3050 1836 3173 1909 μέλι
3206 1837 3309 1909 τὴν
3346 1836 3669 1909 δροσοειδῶς

391 1943 422 1982 e
448 1925 681 1981 ﬂoribus
716 1926 897 1996 palam
932 1925 1144 1997 colligit
1184 1941 1197 1977 :
1230 1928 1338 1981 mel
1374 1934 1585 1990 autem,
1626 1925 1731 1983 hoc
1753 1935 1839 1982 est
1874 1927 1979 1982 hu-

390 2034 602 2075 morem
657 2036 783 2074 eum
846 2019 942 2089 qui
992 2020 1137 2075 roris
1195 2020 1371 2074 instar
1419 2020 1648 2076 tioribus
1689 2020 1979 2093 inspersos

390 2120 500 2177 est,
553 2120 851 2167 attractum
898 2126 996 2166 ere
1030 2112 1359 2167 cellularum
1388 2113 1834 2170 concavitatibus
1870 2114 1977 2170 im-

392 2203 579 2259 mittit.
625 2205 702 2258 Ac
743 2202 974 2274 proinde
1003 2204 1287 2258 humidum
1337 2220 1560 2276 quoque
1586 2206 1822 2277 primum
1853 2215 1974 2275 est;

391 2308 520 2370 post
558 2310 765 2361 autem.
821 2298 914 2354 ubi
950 2300 1214 2369 temporis
1248 2316 1541 2373 progressu
1594 2312 1809 2359 coctum
1870 2311 1975 2370 est,

394 2392 463 2447 ad
489 2394 728 2447 nativam
776 2394 1186 2449 concretionem
1219 2409 1286 2449 ac
1319 2394 1669 2452 dulcedinem
1703 2412 1861 2452 suam
1889 2413 1979 2453 re-

392 2485 493 2539 dit.
548 2483 622 2538 Ea
666 2499 835 2556 porro
870 2491 992 2541 arte
1044 2495 1099 2539 et
1146 2484 1329 2541 studio
1368 2486 1549 2544 mellis
1596 2490 1974 2559 promptuaria

388 2577 655 2644 elaborat,
694 2583 753 2631 ut
783 2576 1104 2649 frequentes
1134 2586 1303 2649 atque
1349 2580 1584 2635 invicem
1619 2581 1974 2638 cohaerentes

389 2667 661 2725 caritates
690 2678 968 2736 exstruat,
1003 2686 1116 2742 quo
1155 2670 1402 2728 densitas
1427 2672 1519 2727 illa
1554 2681 1761 2729 mutuae
1789 2690 1974 2730 rerum

390 2755 749 2811 minimarum
800 2758 1173 2831 colligationis
1204 2776 1343 2831 opus
1393 2766 1721 2819 universum
1753 2772 1977 2820 susten-

390 2856 470 2903 tet
502 2856 557 2901 et
612 2847 825 2905 fulciat.
862 2849 1320 2923 Uniuscujusque
1348 2854 1494 2909 enim
1554 2855 1757 2910 cellula
1794 2856 1975 2912 utrin-

387 2956 497 3012 que
548 2942 811 3008 cohaeret,
867 2946 1023 2999 tenui
1077 2946 1147 3001 ab
1195 2946 1304 3000 alia
1363 2956 1521 3017 septo
1576 2948 1851 3021 dirempta
1918 2960 1975 3005 et

387 3034 665 3104 cepulata.
697 3034 840 3102 Quin
871 3045 926 3093 et
958 3035 1183 3107 distegze
1216 3031 1792 3111 tristegtequelistulze
1816 3054 1970 3109 sunt,

2081 1934 2436 2005 ἐσπαρμένην
2471 1932 2647 1986 νοτίδα
2707 1935 2820 1991 τοῖς
2871 1930 3092 1986 ἄνθεσιν
3127 1930 3557 2001 ἐπισπασαμένη
3590 1928 3666 2001 τῷ

2083 2028 2331 2099 στόματι,
2356 2026 2562 2098 ταύτην
2594 2027 2715 2090 ταῖς
2746 2025 3026 2097 κοιλότησι
3053 2025 3164 2079 τῶν
3194 2025 3413 2097 κηρίων
3443 2024 3666 2095 ἐνίησιν.

2082 2122 2245 2177 ’Ὅθεν
2275 2121 2368 2176 καὶ
2413 2121 2582 2193 ὑγρὸν
2633 2121 2780 2193 παρά
2820 2120 2919 2193 τὴν
2952 2118 3177 2194 πρώτην
3212 2120 3363 2173 ἐστίν
3385 2136 3403 2149 ο
3450 2113 3574 2173 εἶτα
3600 2118 3679 2188 τῷ

2079 2216 2256 2291 χρόνῳ
2293 2215 2636 2287 συμπεφθὲν,
2672 2216 2809 2288 πρὸς
2861 2215 2959 2289 τὴν
3015 2215 3227 2270 οίκείαν
3278 2215 3551 2269 σύστασιν
3582 2214 3683 2268 καὶ

2081 2310 2272 2383 ἡδονὴν
2322 2309 2705 2383 ἐπανέρχεται.
2742 2307 2900 2365 Οὖτω
2943 2308 3000 2363 δὲ
3054 2309 3235 2379 σοφῶς
3278 2307 3682 2379 φιλοτεχνοῦσα

2077 2401 2178 2467 τὰς
2231 2400 2516 2473 ἀποθήκας
2569 2400 2665 2456 τοῦ
2719 2400 2956 2472 μέλιτος,
3002 2401 3084 2465 είς
3132 2399 3325 2453 λεπτὸν
3357 2399 3540 2469 ὑμένα
3578 2398 3681 2453 τὸν

2078 2497 2249 2569 κηρὸν
2304 2496 2641 2561 διατείνασα,
2694 2493 2910 2559 πυκνὰς
2955 2494 3053 2548 καὶ
3106 2494 3345 2564 συνεχεῖς
3398 2491 3680 2563 ἀλλήλαις

2080 2589 2455 2662 συνοικοδομεῖ
2484 2588 2582 2651 τὰς
2612 2587 2956 2657 κοιλότητας,
2985 2584 3063 2651 ὡς
3090 2585 3153 2639 τδ
3191 2585 3397 2639 πυκνὸν
3424 2586 3530 2655 τῆς
3564 2586 3675 2639 τῶν

2080 2683 2424 2756 μικροτὰτων
2464 2682 2601 2753 πρὸς
2659 2681 2864 2753 ἄλληλα
2901 2681 3104 2745 δέσεως
3141 2680 3377 2753 ἔρεισμα
3410 2680 3664 2751 γενέσθαι

2074 2778 2153 2849 τῷ
2196 2776 2381 2831 παντί.
2426 2776 2666 2847 Ἑκάστη
2713 2778 2822 2847 γὰρ
2868 2776 3107 2849 φρεάτια
3140 2786 3189 2841 ε,
3240 2776 3343 2847 τῆς
3397 2774 3660 2847 ἑκατέρας

2075 2872 2260 2943 ἔχεται
2285 2885 2301 2901 ’
2330 2868 2516 2941 λεπτῴ
2549 2870 2657 2940 γὰρ
2705 2870 2847 2941 πρὸς
2876 2868 3051 2941 αὐτῆς
3084 2868 3413 2941 διισταμένη
3446 2886 3509 2923 τε
3533 2867 3666 2939 ὁμοῦ

2074 2966 2171 3021 καὶ
2220 2966 2607 3037 συναπτομένη
2660 2966 2739 3035 τῷ
2789 2962 3193 3035 διαφράγματι.
3228 2964 3465 3018 Ἔπειτα
3494 2963 3671 3036 διὸρο-

2076 3078 2166 3129 φοι
2195 3062 2293 3115 καὶ
2324 3060 2606 3133 τριόροιροι
2636 3058 2897 3132 σύριγγες
2922 3058 3087 3114 αὑταὶ
3108 3056 3370 3130 ἀλλήλαις
3393 3059 3679 3131 ἐπῳκοδόο

388 3135 557 3197 atque
594 3127 715 3183 aliae
771 3144 941 3201 supra
974 3130 1111 3187 alias
1146 3131 1450 3187 aediﬁcata;
1491 3133 1771 3189 Caverunt
1820 3138 1969 3192 enim

2078 3127 2297 3226 μηνται.
2346 3127 2722 3223 Ἐφῦλάξαντον
2769 3127 2878 3225 γὰρ
2918 3152 3049 3225 μίαν
3081 3127 3312 3224 ποιῆσαι
3358 3127 3671 3225 διαμπερὲς

387 3236 459 3276 ne
506 3221 843 3291 perforatam
894 3224 1158 3294 utrinque
1235 3226 1534 3283 cavitatcm
1596 3225 1866 3294 facerent,
1902 3246 1971 3288 ne

387 3312 586 3371 lunuor
647 3317 918 3388 gravitate
949 3333 1054 3373 sua
1118 3319 1271 3375 foras
1318 3319 1684 3378 dilaberetur.
1748 3324 1971 3396 inspice

384 3424 499 3480 quo
537 3421 696 3481 pacto
746 3414 1063 3482 geometria:
1096 3412 1449 3472 inventiones
1494 3416 1641 3471 velut
1671 3417 1857 3473 obiter
1879 3435 1973 3476 sa-

387 3504 733 3577 pientissima
786 3506 908 3575 apis
940 3518 1300 3577 exsequatur.
1358 3508 1685 3581 Sexangula:
1721 3516 1869 3568 enim
1917 3522 1973 3571 et

384 3595 719 3665 aequilatera:
787 3606 919 3651 sunt
984 3613 1179 3653 omnes
1215 3598 1468 3654 favorum
1520 3600 1738 3667 ﬁstulae,
1779 3619 1878 3659 nec
1914 3605 1968 3659 in

385 3696 602 3746 rectum
660 3688 779 3743 alia:
806 3688 934 3745 aliis
956 3687 1306 3757 incumburt,
1332 3707 1401 3747 ne
1430 3692 1554 3747 imae
1584 3704 1772 3764 partes
1807 3695 1973 3753 labo-

384 3790 528 3845 rent,
559 3780 817 3838 inanibus
831 3790 1130 3853 coaptataa;
1161 3798 1349 3838 verum
1377 3785 1973 3854 sexanguloruminfe-

384 3872 597 3926 riorum
628 3869 814 3943 anguli
836 3870 1197 3926 'l'undameuti
1244 3879 1302 3926 et
1332 3873 1633 3928 columinis
1668 3873 1786 3929 loco
1813 3883 1967 3943 sunt,

382 3981 493 4035 quo
554 3975 680 4020 tuto
728 3980 855 4035 qua:
890 3979 1056 4034 supra
1089 3976 1218 4020 sunt
1272 3966 1515 4036 pondera
1570 3968 1891 4037 sustollant,
1916 3979 1970 4026 et

382 4058 639 4129 privatim
694 4058 751 4114 in
790 4074 1125 4130 unaquaque
1168 4058 1409 4115 cavitate
1442 4059 1639 4117 humor
1672 4063 1966 4121 continea-

385 4163 499 4207 llll‘.

456 4245 651 4315 Ejusd.
683 4276 753 4286 ο-
785 4244 1020 4312 Quinam
1055 4261 1186 4303 vero
1221 4246 1313 4302 fiat
1337 4257 1396 4302 ut
1424 4264 1594 4319 grues
1619 4251 1807 4307 noctis
1832 4251 1970 4324 vigi-

384 4342 489 4397 lias
521 4340 767 4395 vicissim
806 4340 1151 4411 suscipiant;
1200 4350 1394 4412 utque,
1428 4342 1558 4398 dmn
1585 4355 1798 4401 caetera;
1826 4347 1964 4403 dor-

2073 3245 2171 3318 τὴν
2199 3244 2510 3317 κοιλότητα,
2547 3247 2631 3300 ἵνα
2676 3246 2752 3318 μὴ
2797 3244 2875 3319 τῷ
2906 3247 3069 3320 βάρει
3116 3247 3179 3301 τὸ
3222 3246 3384 3319 ὑγρὸν
3430 3246 3571 3318 πρὸς
3592 3249 3670 3304 τά

2072 3340 2230 3404 ἐκτὸς
2261 3339 2548 3413 διαπίπτῃ.
2596 3340 2899 3411 Κατάμαθε
2931 3341 3049 3405 πῶς
3072 3340 3141 3395 τὰ
3175 3345 3279 3415 τῆς
3315 3341 3673 3413 γεωμετρίας

2073 3433 2354 3505 εΰρέματα
2404 3434 2659 3505 πάρεργά
2704 3434 2821 3488 ἐστι
2858 3433 2960 3505 τῆς
3002 3436 3326 3507 σοφωτάτης
3376 3436 3675 3509 μελίσσης.

2085 3524 2382 3594 Ἐξάγωνοι
2416 3526 2527 3597 γὰρ
2570 3526 2744 3578 πᾶσαι
2773 3525 2871 3581 καὶ
2896 3525 3209 3599 ίσόπλευροι
3238 3527 3350 3581 τῶν
3378 3528 3598 3601 κηρίων
3614 3531 3670 3584 αί

2073 3617 2487 3689 σῦριγγες,οὒκ
2518 3620 2604 3673 ἐπ’
2630 3618 2850 3681 εὐθείας
2878 3617 3129 3693 ἀλλήλων
3170 3622 3652 3694 κατεπεκείμεναι,

2073 3712 2161 3767 ἵνα
2209 3713 2283 3785 μὴ
2314 3714 2567 3783 κάμωσιν
2602 3712 2654 3767 οἱ
2701 3712 2980 3784 πυθμένες
3017 3717 3133 3779 τοῖς
3172 3714 3453 3780 διακένοις
3496 3720 3654 3788 £9119-

2074 3804 2355 3874 μοσμένοι,
2395 3803 2510 3857 ἀλλ’
2562 3805 2619 3858 αἱ
2663 3805 2857 3873 γωνίαι
2908 3804 3016 3859 τῶν
3066 3805 3313 3861 κάτωθεν
3367 3808 3664 3878 ὲξάγωνοι,

2073 3894 2274 3966 βάθρον
2306 3897 2400 3951 καὶ
2434 3896 2671 3968 ἔρεισμα
2712 3900 2834 3962 ταῖς
2880 3898 2989 3951 τῶν
3039 3899 3462 3971 ὑπερκειμένων
3493 3903 3662 3970 ἐστὶν,

2068 3988 2142 4052 ὡς
2171 3987 2433 4058 ἀσφαλῶς
2465 3988 2605 4060 ὑπὲρ
2639 3989 2822 4043 αὐτῶν
2873 3991 3228 4061 μετεωρίζειν
3253 3991 3329 4045 τὰ
3357 3992 3529 4064 βάρη.
3571 3996 3661 4047 καὶ

2072 4079 2382 4146 ίδιαζόντως
2404 4082 2612 4155 ἐκάστῃ
2644 4082 2918 4155 κοιλότητι
2956 4083 3016 4137 τὸ
3037 4083 3203 4156 ὑγρὸν
3234 4086 3662 4157 ὲγκατέχεσθαι.

2138 4266 2261 4330 Πῶς
2291 4266 2389 4337 μὲν
2418 4269 2475 4322 αί
2505 4269 2725 4340 γέρανοι
2771 4267 2871 4335 τὰς
2908 4272 2967 4324 ὲν
3008 4271 3073 4343 τῇ
3104 4271 3265 4324 νυκτὶ
3296 4272 3665 4344 προφυλακὰς

2066 4360 2510 4434 ὲκπεριστροφῆς
2536 4360 2889 4433 ὑποδέχονται
2910 4379 2925 4428 ;
2948 4363 3045 4417 καὶ
3063 4366 3119 4418 ai
3151 4364 3252 4434 μὲν
3277 4364 3661 4429 καθεύδουσιν,

386 4435 584 4495 miunt,
617 4448 724 4489 una
754 4432 806 4487 in
840 4433 1027 4487 orbem
1058 4434 1416 4501 circumiens,
1448 4452 1722 4492 summam
1743 4438 1813 4494 iis
1840 4456 1966 4511 qua:

2077 4454 2184 4526 ἡδὲ
2230 4454 2416 4527 κύκλῳ
2452 4455 2763 4528 περιιοῦσα,
2820 4457 3005 4511 πᾶσαν
3056 4457 3250 4521 αὑταῖς
3290 4457 3348 4510 ἐν
3392 4456 3665 4530 τῷᾲῦπνῳ

384 4529 621 4597 quietem
648 4537 890 4598 captant,
920 4529 1274 4584 securitatem
1317 4531 1604 4601 praebeat?
1634 4531 1761 4587 llaec
1800 4549 1964 4606 porro

2077 4548 2370 4620 παρέχεται
2408 4547 2507 4620 τὴν
2542 4548 2882 4619 ἀσφάλειανς
2915 4544 3037 4605 εἶτα
3058 4548 3153 4604 τοῦ
3183 4547 3377 4622 καιροῦ
3410 4550 3512 4620 τῆς
3546 4569 3662 4620 φυ-

386 4622 551 4691 528
581 4629 936 4691 posteaquam
991 4620 1350 4675 excubiarum
1391 4637 1615 4676 munere
1674 4622 1966 4693 perfuncta

383 4724 492 4777 est,
512 4714 662 4768 edito
690 4712 933 4767 clamore
970 4711 1035 4767 ad
1066 4727 1325 4767 somnum
1352 4728 1412 4767 se
1442 4714 1750 4782 convertit;
1788 4715 1965 4772 altera

383 4819 563 4862 autem
596 4807 642 4861 ei
674 4806 1008 4872 succedens,
1039 4806 1286 4861 eamdem
1317 4820 1425 4876 qua
1462 4806 1624 4861 modo
1672 4808 1966 4863 fruebatur

384 4901 741 4958 securitatem
809 4899 912 4969 ipsi
970 4900 1243 4969 rependit.
1306 4898 1450 4966 Quin
1526 4900 1670 4954 hanc
1739 4916 1964 4973 quoque

384 4995 439 5049 in
470 5010 659 5048 carum
696 4992 875 5047 volatu
924 4992 1275 5063 disciplinam
1314 4992 1635 5064 perspicies.
1668 4993 1819 5049 Alias
1879 5004 1962 5051 et-

380 5090 527 5144 enim
558 5088 662 5142 alia
730 5086 966 5141 ducendi
1018 5085 1253 5156 agminis
1316 5085 1656 5155 provinciam
1704 5088 1961 5159 suscipit,

380 5196 615 5251 cumque
639 5188 793 5234 certo
820 5177 1087 5248 temporis
1114 5175 1294 5247 spatio
1320 5184 1451 5231 ante
1483 5183 1716 5233 caeteras
1742 5178 1962 5234 velave-

384 5275 477 5336 rit,
540 5281 656 5327 tum
704 5284 847 5327 retro
902 5288 961 5326 se
1028 5268 1300 5331 referens,
1354 5269 1402 5323 ei
1434 5284 1558 5340 quae
1615 5284 1674 5326 se
1710 5272 1963 5341 sequitur

380 5368 619 5423 ducendi
648 5382 855 5422 munus
888 5364 1196 5421 contradit.

452 5461 597 5518 Ibid.
664 5491 696 5503 -ε
743 5461 899 5528 Quod
970 5475 1100 5514 vero
1141 5458 1205 5511 ad
1264 5457 1515 5512 ciconias
1586 5457 1804 5523 attinet,
1846 5474 1955 5513 non

382 5556 675 5611 admodum
731 5554 797 5609 ad
858 5554 1223 5609 animantium
1316 5550 1530 5606 ratione
1596 5552 1957 5621 pratditorum

2066 4640 2239 4711 λακῆς
2271 4640 2733 4713 πληρουμένου,ἠ
2767 4642 2865 4713 μὲν
2894 4641 3140 4715 βοήσασα
3171 4644 3308 4716 πρὸς
3331 4642 3495 4698 ὕπνον
3526 4648 3662 4719 τρέ-

2067 4749 2249 4798 πεται,
2277 4734 2311 4806 ἡ
2336 4733 2392 4788 δὲ
2423 4732 2522 4805 τὴν
2544 4733 2799 4805 διαδοχὴν
2828 4734 3123 4807 δεξαμένη,
3155 4730 3223 4809 ἦς
3254 4736 3443 4808 ἔτυχεν
3475 4739 3659 4809 ἀσφαο

2060 4826 2230 4889 λείας,
2264 4827 2585 4882 ἀντέδωκεν.
2619 4826 2841 4898 Ταύτην
2877 4829 2972 4883 καὶ
3001 4829 3061 4882 ὲν
3093 4832 3155 4902 τῇ
3199 4832 3396 4901 πτήσει
3422 4830 3525 4903 τὴν
3555 4832 3645 4884 εὑ·

2064 4918 2250 4984 ταξίαν
2305 4920 2552 4989 κατόψει.
2610 4919 2837 4974 ’Δλλοτε
2899 4920 3008 4993 γὰρ
3077 4921 3209 4995 ἄλλη
3284 4922 3384 4994 τὴν
3430 4924 3655 4995 ὁδηγίαν

2064 5011 2389 5082 διαδέχεται,
2439 5012 2533 5065 καὶ
2578 5012 2774 5067 τακτόν
2814 5030 2936 5068 τινα
2971 5013 3163 5085 χρόνον
3218 5018 3651 5088 προκαθηγησα-

2068 5106 2203 5176 μένη
2244 5105 2341 5174 τῆς
2377 5105 2650 5175 πτήσεως,
2684 5107 2764 5169 είς
2790 5105 2852 5159 τὸ
2876 5108 3108 5161 κατόπιν
3153 5108 3537 5179 περιελθοῦσα,
3582 5112 3651 5181 τῇ

2073 5196 2193 5263 μετ’
2215 5197 2385 5267 αὐτὴν
2417 5195 2515 5267 τὴν
2555 5197 2854 5267 ἠγεμονίαν
2884 5199 2982 5270 τῆς
3010 5199 3132 5254 ὁδοῦ
3156 5202 3520 5272 παραδίδωσι.

2137 5464 2209 5518 Τὸ
2251 5464 2306 5519 δὲ
2352 5465 2458 5520 τῶν
2491 5467 2781 5539 πελαργῶν
2814 5446 2965 5524 οὐδὲν
3011 5472 3197 5544 πόρρω
3230 5473 3343 5526 ἐστὶ
3380 5476 3653 5542 συνέσεως

2064 5550 2289 5624 λογικῆς
2310 5571 2323 5586 ’
2351 5554 2494 5610 οὓτω
2529 5558 2626 5628 μὲν
2654 5558 2748 5613 οὖν
2771 5561 2914 5615 κατὰ
2942 5562 3038 5617 ἕνα
3071 5562 3259 5637 καιρὸν
3280 5564 3500 5634 πάντας
3532 5572 3648 5624 ἐπι-

1662 5708 1898 5765 VARUE
1948 5711 2241 5771 LECTION
2253 5716 2355 5774 ES.

454 5823 483 5865 ιο
513 5822 675 5894 Lego,
698 5828 788 5881 καί
815 5828 922 5883 δᾶν
952 5825 1007 5897 ἦ.
1038 5830 1194 5886 Deest
1225 5828 1336 5884 haec
1368 5827 1625 5897 periodus
1660 5828 1714 5883 in
1746 5829 1934 5886 editis.
2012 5841 2035 5872 ο
2070 5831 2217 5890 Edit.
2252 5839 2496 5910 φρεατίς.
2534 5841 2616 5895 Al.
2653 5845 2937 5912 φξεατεία,
