3972 6394
257 413 354 480 605

1369 412 1452 474 IN
1492 413 1730 473 EPIST.
1775 411 1876 472 AD
1914 410 2272 478 CORINTH.
2316 417 2368 477 Ι.

3403 420 3512 484 606

257 519 712 593 κολαφιζόμεθα,
743 521 843 576 καί
868 521 1269 590 ἀστατοῦμεν
1303 523 1398 576 καὶ
1417 521 1590 576 ταῦτα
1630 523 1830 588 πάντα,

1969 525 2174 595 οίαρίιέε
2220 527 2510 591 caedimur,
2555 527 2827 583 instabiles
2880 545 3085 592 sumus,
3114 537 3315 584 cuncta
3370 531 3514 600 haec,

255 614 443 684 φησιν,
501 613 647 682 ὑμᾶς
685 613 1015 683 ἀναμνήσει.
1048 612 1159 665 Kal
1207 609 1485 684 ἀνώτερον
1536 613 1627 667 τὸν
1674 613 1833 681 λόγον

254 706 421 773 ἄγων,
451 704 732 776 ἐπήγαγεν
757 705 868 770 τὰς
899 702 969 758 ἐν
1001 701 1232 771 Χριστῷ
1254 744 1268 770 ,
1302 704 1480 759 πάντα
1512 703 1588 767 ὡς
1635 703 1832 758 είωθεν

253 794 531 858 ἀνατιθεὶς
558 794 638 865 τῷ
671 793 940 866 Δεσπότῃ,
979 796 1075 848 καὶ
1105 794 1320 859 δεικνὺς
1371 793 1492 866 ἅμα
1545 796 1629 849 ὅτι
1679 794 1834 851 οὐδὲν

253 886 473 958 ἔχουσιν
519 885 818 956 ἄνθρωποι,
863 885 953 938 καὶ
983 886 1065 939 ὅτι
1103 884 1240 956 μετὰ
1272 885 1373 956 τῆς
1421 884 1636 940 ἐκεῖθεν
1701 887 1830 956 βοη-

254 981 404 1046 θείας
434 981 660 1036 ἅπαντα
709 981 992 1052 κατορθοῖ.

327 1093 360 1127 ο
395 1073 486 1138 Ὦς
517 1073 592 1145 μὴ
617 1073 917 1144 ἐρχομένου
939 1073 998 1126 δέ
1034 1089 1136 1142 μου
1191 1073 1330 1145 πρὸς
1392 1074 1540 1144 ὑμᾶς
1599 1072 1835 1143 ἐφυσιώ-

252 1164 428 1234 θησάν
471 1181 638 1227 τινες.
676 1162 1002 1235 Ἐλεύσομαι
1033 1163 1091 1218 δὲ
1134 1165 1349 1236 ταχέως
1393 1165 1530 1235 πρὸς
1568 1165 1735 1236 ὑμᾶς,
1767 1163 1835 1218 ἂν

251 1255 464 1326 Κύριος
478 1255 702 1327 θελήσῃ.
722 1274 742 1308 ι

324 1346 558 1402 Μέλλων
610 1347 668 1400 δὲ
713 1346 1010 1418 ἐμϐάλλειν
1062 1347 1144 1412 είς
1200 1347 1300 1419 τὴν
1342 1346 1684 1420 κατηγορίαν
1736 1349 1835 1402 τοῦ

253 1437 721 1509 πεπορνευκότος,
755 1437 934 1509 θυμοῦ
991 1438 1265 1510 γέμοντας
1309 1437 1555 1510 εἰσφέρει
1595 1440 1721 1504 τοὺς
1745 1439 1835 1494 λό-

254 1549 410 1598 γους,
461 1531 562 1583 οὐκ
607 1530 774 1594 αὐτὸς
796 1530 853 1584 δὲ
897 1528 1060 1584 τοῦτο
1116 1531 1340 1602 πάσχων
1365 1569 1381 1596 ,
1437 1531 1553 1586 ἀλλ’
1595 1531 1838 1594 ἐκείνους

255 1622 662 1695 διορθούμενος.
720 1623 836 1677 Kal
882 1622 974 1678 τὸν
1034 1622 1445 1694 πεπορνευκότα
1493 1623 1678 1694 ἀφεὶς,
1727 1625 1839 1686 τοῖς

256 1713 444 1777 ἄλλοις
473 1713 808 1782 διαλέγεται,
842 1713 943 1766 οὐκ
979 1713 1149 1778 ἀξιῶν
1181 1715 1386 1768 ἐκεῖνον
1414 1714 1535 1768 οὐδὲ
1567 1713 1676 1768 τῶν
1705 1713 1839 1785 παρ’

1936 613 2142 684 inquit,
2196 616 2358 672 vobis
2409 617 2792 686 percensebit.
2841 617 3050 673 Deinde
3098 633 3413 674 sermonem
3443 621 3512 676 ad

1936 707 2224 776 superiora
2249 706 2525 773 referens,
2562 708 2839 777 subjecit,
2885 726 3001 780 quae
3032 721 3157 764 sunt
3187 711 3241 764 in
3271 709 3510 776 Christo,

1935 798 2074 853 nihil
2107 814 2219 854 non
2260 809 2360 869 pro
2405 815 2563 856 more
2617 799 2852 855 Domino
2903 800 3171 868 tribuens,
3230 810 3400 873 utque
3434 803 3511 859 si-

1934 888 2230 959 gniﬁcaret
2279 891 2425 945 nihil
2470 891 2728 946 homines
2772 891 2996 958 habere,
3051 891 3146 947 sed
3193 892 3379 948 divina
3417 894 3510 949 illa

1934 996 2038 1052 ope
2071 991 2277 1039 cuncta
2301 998 2469 1054 posse
2498 993 2737 1054 patrare.

2005 1071 2176 1129 Vens.
2211 1073 2300 1138 l8,
2339 1074 2428 1130 l9.
2479 1094 2498 1128 ι
2527 1074 2816 1145 Tanquam
2863 1090 2974 1130 non
3009 1082 3277 1131 venturus
3307 1075 3409 1132 sim
3443 1075 3510 1130 ad

1933 1180 2062 1233 vos,
2107 1167 2189 1221 sic
2244 1167 2420 1222 inﬂati
2470 1178 2604 1224 sunt
2659 1169 2910 1238 quidam.
2965 1166 3193 1224 Veniam
3227 1177 3411 1224 autem
3444 1170 3514 1224 ad

1934 1272 2034 1313 vos
2063 1258 2200 1327 cito,
2232 1259 2282 1316 si
2317 1258 2587 1317 Dominus
2627 1260 2883 1316 voluerit.
2918 1278 2937 1312 ι

2007 1350 2147 1418 Quia
2193 1366 2322 1406 mox
2357 1352 2426 1408 ad
2472 1353 2803 1409 scortatoris
2852 1352 3272 1408 accusationem
3317 1360 3515 1406 ventu-

1936 1459 2036 1499 rus
2063 1452 2210 1509 erat,
2258 1445 2614 1502 sermonibus
2668 1445 3056 1514 indignatione
3105 1444 3280 1514 plenis
3315 1443 3512 1497 utitur.

1937 1532 2060 1589 Non
2088 1533 2238 1604 quod
2283 1534 2404 1604 ipse
2442 1535 2553 1589 vim
2606 1533 2910 1589 iracundiae
2950 1541 3254 1605 pateretur,
3315 1532 3415 1588 sed
3451 1540 3516 1586 ut

1937 1641 2037 1682 eos
2090 1624 2419 1695 corrigeret.
2469 1623 2653 1694 Atque
2707 1624 2944 1679 dimisso
3003 1629 3339 1686 scortatore,
3375 1622 3514 1678 alios

1939 1715 2260 1786 alloquitur,
2289 1730 2472 1786 neque
2515 1716 2580 1770 ad
2609 1715 2765 1770 illum
2802 1715 2986 1770 facere
3027 1715 3189 1770 verba
3221 1713 3507 1783 dignatur.

258 1805 430 1860 αὑτοῦ
463 1805 660 1874 λόγων.
699 1805 998 1860 Κατασείει
1023 1805 1082 1859 δὲ
1111 1807 1289 1860 αὐτῶν
1317 1807 1378 1860 τὸ
1403 1807 1659 1879 φρόνημα
1712 1807 1840 1875 φιλ-

1966 1807 2152 1862 lorum
2204 1816 2394 1862 autem
2451 1807 2831 1878 arrogantiam
2863 1806 3142 1877 percellit,
3193 1804 3514 1860 ambitionis

257 1897 459 1969 αρχίας
492 1897 663 1968 ὲγκλή
675 1914 830 1968 ματι,
861 1897 938 1962 ὡς
969 1901 1036 1970 τῇ
1065 1898 1307 1970 ἀπουσίᾳ
1360 1897 1456 1953 τοῦ
1513 1897 1838 1956 διδασκάλου

1966 1912 2037 1954 ms
2072 1897 2445 1965 criminando,
2481 1899 2578 1969 qui
2632 1897 2892 1954 absentia
2939 1895 3188 1968 magistri
3237 1895 3395 1951 abusi
3427 1909 3516 1950 cs-

256 1989 341 2052 είς
379 1987 643 2044 ἀπόνοιαν
668 1987 1052 2060 κεχρημένων.

334 2101 355 2133 ι
395 2081 510 2134 Καὶ
536 2079 840 2153 γνώσομαι,
870 2082 932 2134 ού
952 2079 1044 2134 τὸν
1073 2080 1230 2151 λόγον
1249 2079 1359 2134 τῶν
1386 2080 1841 2151 πεφυσιωμένων,

255 2171 397 2227 ἀλλὰ
450 2171 550 2243 τὴν
607 2170 863 2242 δύναμιν.
897 2173 975 2226 Οὐ
1002 2171 1114 2243 γάρ
1145 2173 1204 2226 ἐν
1233 2171 1377 2243 λόγῳ
1403 2174 1438 2242 ἡ
1476 2170 1722 2241 βασιλεία
1747 2168 1842 2224 τοῦ

254 2263 418 2328 Θεοῦ,
447 2263 563 2318 ἀλλ’
583 2265 641 2316 ὲν
663 2263 914 2334 δυνάμει.
943 2281 962 2316 ι

327 2355 471 2410 Οὐδὲ
507 2355 619 2428 γὰρ
657 2354 768 2408 ἀπὸ
822 2354 1286 2426 κατορθωμάτων,
1325 2355 1462 2410 ἀλλὰ
1500 2355 1608 2411 ἀπὸ
1627 2356 1727 2426 τῆς
1748 2355 1842 2410 τοῦ
1917 2415 1922 2419 ,

254 2446 586 2503 διδασκάλου
639 2445 914 2510 ἀπουσίας
935 2449 969 2518 ἡ
1005 2447 1236 2502 ἀπόνοια
1256 2442 1345 2518 ἦν,
1379 2449 1476 2501 καὶ
1525 2447 1628 2501 οὐκ
1666 2443 1841 2513 εἶπεν,

255 2539 546 2612 γνώσομαι
574 2538 674 2610 τὴν
703 2539 917 2608 σοφίαν,
947 2539 1088 2594 ἀλλὰ
1110 2579 1126 2606 ,
1157 2538 1276 2609 τὴν
1302 2538 1588 2608 δύναμιν.
1616 2539 1846 2610 Ὅμοιον

253 2633 312 2687 δὲ
360 2633 440 2696 ὡς
479 2634 529 2686 εί
575 2633 761 2701 λέγοι·
809 2633 884 2687 Ού
915 2632 983 2688 δι’
1037 2632 1368 2703 εὐγλωττίας
1433 2634 1843 2704 ἐκρατήσαμεν,

254 2725 398 2779 ἀλλὰ
433 2724 530 2778 τοῦ
566 2724 717 2780 θείαν
741 2718 882 2782 εἶναι
911 2725 1014 2796 τὴν
1045 2724 1392 2780 διδασκαλίαν
1417 2724 1606 2797 ἡμῶν,
1633 2725 1726 2779 καὶ
1753 2725 1849 2795 βα-

256 2818 472 2873 σιλείαν
496 2816 890 2887 καταγγέλλειν
921 2817 1034 2872 τῶν
1071 2817 1320 2893 οὐρανῶν
1342 2858 1357 2882 ,
1397 2819 1662 2888 μεγίστην
1708 2817 1846 2871 ἀπό-

255 2906 428 2972 ϐειξιν
480 2907 846 2979 παρεχόμενοι
873 2907 945 2962 τὰ
969 2911 1193 2979 σημεῖα,
1225 2906 1263 2962 ἃ.
1291 2907 1555 2978 ποιοῦμεν
1581 2908 1650 2979 τῇ
1685 2906 1848 2963 δυνά·-

262 3015 360 3070 μει
386 2998 488 3052 τοῦ
519 2999 661 3052 Πνεύ
670 3016 860 3070 ματος.

341 3111 361 3143 ι
400 3090 470 3144 Τί
519 3090 738 3158 θέλετε;
773 3093 832 3147 ἐν
873 3090 1056 3164 ῥάϐδῳ
1088 3091 1260 3146 «ἔλθω
1305 3091 1446 3164 πρὸς
1505 3091 1680 3162 ὑμᾶς,
1727 3090 1847 3162 ἥὲν

258 3183 479 3255 ἀγάπῃ,
505 3183 782 3254 πνεύματί
810 3200 870 3237 τε
901 3184 1248 3256 πραθτητοςς
1283 3203 1302 3236 ι

332 3273 450 3329 Kal
467 3273 530 3327 τὸ
560 3274 792 3347 φοϐερὸν
819 3273 932 3346 ἔχει
965 3273 1063 3330 καὶ
1102 3274 1164 3327 τὸ
1199 3275 1473 3346 προσηνὲς
1503 3277 1532 3329 ὁ
1556 3274 1716 3345 λόγος
1751 3267 1844 3330 οὗ·

258 3383 378 3430 τος.
408 3366 477 3418 Τί
495 3365 556 3420 δέ
581 3365 751 3434 ἐστιν,
783 3367 841 3419 ὲν
878 3365 1096 3437 ράϐδῳς
1138 3367 1197 3420 ὲν
1222 3366 1465 3432 κολάσει,
1498 3368 1556 3422 ὲν
1579 3364 1842 3438 τιμωρίᾳο

262 3458 466 3512 σκόπει
489 3457 549 3512 δὲ
576 3458 671 3512 καὶ
709 3457 1030 3528 φιλοσοφίαν
1057 3457 1151 3511 τοῦ
1187 3458 1430 3512 Παύλου.
1458 3458 1571 3530 Τὴν
1595 3455 1848 3523 ἐξουσίαν

260 3548 377 3619 γὰρ
403 3549 569 3612 αὐτὸς
590 3548 731 3619 έχων
758 3550 854 3604 καὶ
883 3548 1076 3603 τούτου
1101 3547 1380 3614 κάκείνου,
1426 3548 1648 3620 ἐτέρους
1678 3548 1849 3601 ποιεῖ-

258 3658 356 3694 ται
387 3643 638 3711 κυρίους,
679 3639 879 3711 λέγων,
914 3641 976 3696 Τί
1008 3639 1244 3705 stam,-
1267 3641 1326 3694 ὲν
1353 3640 1484 3712 ύμῖν
1523 3640 1586 3694 τὸ
1614 3639 1848 3711 πρᾶγμα

260 3736 468 3801 κεῖται,
497 3733 682 3805 φησίν.

869 3950 1123 4005 ΚΕΦΔΛ.
1167 3947 1245 4004 E'.

340 4079 362 4114 ι
398 4059 579 4126 Ὄλως
632 4059 894 4119 ἀκούεται
924 4061 982 4115 ιν
1013 4060 1145 4130 ὑμῖν
1173 4059 1429 4131 πορνεία,
1468 4061 1563 4115 καὶ
1613 4060 1841 4131 τοιαύτη
1911 4109 1916 4111 .

262 4154 520 4225 πορνεία.
546 4172 566 4206 ι

321 4247 454 4301 ,οὐκ
482 4241 626 4314 εἷπε,
655 4245 937 4318 Τολμᾶται
957 4245 1206 4318 πορνεία,
1229 4245 1386 4313 ἀλλὰ,
1407 4244 1691 4300 ἀκούεται
1713 4233 1870 4318 πορ-Δ

263 4338 409 4392 νεία.
437 4337 546 4392 Kal
577 4337 659 4403 τὸ,
680 4338 750 4392 ἐν
776 4338 920 4408 ὑμῖν
962 4338 1018 4392 δὲ
1056 4339 1380 4409 ὲμφατικῶς
1409 4340 1646 4412 εἴρηται,
1681 4358 1843 4396 τουτ-

263 4430 418 4483 έστιν
443 4429 500 4485 ὲν
529 4430 660 4501 ὑμῖν
691 4432 806 4494 τοῖς
863 4432 1096 4497 πιστοῖς,
1129 4431 1402 4487 τοσούτων
1448 4433 1851 4491 ἀπολελαυκόσι

267 4521 616 4591 μυστηρίων,
646 4523 763 4586 τοῖς
797 4522 893 4575 ἐπὶ
921 4522 1016 4576 τὸν
1036 4523 1269 4594 οὐρανὸν
1298 4523 1602 4595 κληθεῖσιν.
1634 4531 1638 4534 ’

345 4633 365 4666 ι
404 4614 479 4666 Ἦ
511 4631 594 4678 τις
622 4614 723 4669 ούκ
741 4617 800 4668 ὲν
832 4617 946 4679 τοῖς
970 4614 1181 4670 ἔθνεσιν
1211 4617 1566 4689 ὀνομάζεται.
1598 4638 1617 4673 ι

339 4707 457 4761 Kal
479 4705 589 4777 γὰρ
609 4706 700 4761 ἀεὶ
719 4706 828 4762 ἀπὸ
854 4706 963 4761 τῶν
991 4707 1162 4762 ἐθνῶν
1194 4708 1448 4773 ὀνειδίζει
1467 4711 1583 4775 τοῖς
1612 4713 1852 4776 πιστοῖς.

268 4799 382 4854 Καὶ
411 4797 524 4869 γὰρ
551 4799 644 4852 καὶ
673 4797 1162 4853 Θεσσαλονικεῦσιν
1181 4799 1384 4870 γράφει
1406 4799 1584 4869 λέγων
1615 4818 1629 4832 ·
1661 4802 1853 4857 Ἕκα.-

269 4905 419 4958 στος
449 4890 518 4944 τὸ
541 4890 762 4946 ἑαυτοῦ
791 4890 1018 4957 σκεῦος
1044 4890 1286 4948 κτάσθω
1308 4891 1382 4946 ἐν
1413 4893 1707 4963 ἁγιασμῷ,
1757 4897 1852 4966 μὴ

271 4983 341 5037 ἐν
377 4981 556 5038 πάθει
599 4982 919 5053 ἐπιθυμίας
948 4998 963 5013 ⁸
985 4983 1182 5051 καθὼς
1235 4983 1336 5039 καί
1367 4983 1443 5040 τὰ
1479 4984 1624 5056 ἔθνη
1653 4986 1726 5041 τὰ
1763 4989 1856 5058 μὴ

272 5077 476 5131 είδότα
496 5075 665 5129 Θεόν.
826 5074 838 5084 ”

341 5169 515 5221 Ὥστε
544 5168 780 5235 γυναῖκα
811 5167 907 5222 τοῦ
936 5169 1142 5239 πατρὸς
1169 5168 1336 5241 ἔχειν.
1371 5188 1390 5221 ι

345 5258 466 5311 υύκ
499 5251 647 5321 εἷπε,
696 5256 971 5328 μητρυιὰν
990 5299 1004 5324 ,
1031 5258 1173 5312 ἀλλὰ
1201 5257 1458 5329 γυναῖκα
1481 5261 1706 5330 πατρός
1730 5279 1750 5296 ο
1784 5263 1864 5330 ὡς

275 5347 464 5418 πολλῷ
491 5347 696 5418 πλῆξαι
719 5347 1124 5420 χαλεπώτερον.

257 5513 262 5520 ῡ
355 5459 376 5492 ι
418 5439 531 5494 Kal
557 5439 717 5510 ὑμεῖς
743 5440 1157 5510 πεφυσιωμένοι
1189 5441 1346 5509 sors;
1381 5460 1401 5494 ι

257 5553 261 5580 ξ
360 5547 457 5611 σας
484 5547 535 5600 ει
560 5546 730 5615 λέγοι·
761 5548 856 5618 Μή
891 5565 984 5620 μοι
1007 5549 1169 5623 εῐπῃς
1187 5549 1272 5604 ὅτι
1300 5545 1382 5614 εἷς
1404 5552 1552 5606 ἐστιν
1581 5554 1611 5608 ὁ
1647 5571 1857 5627 πεπορ-

278 5638 519 5702 νευκώςο
542 5637 723 5692 κοινὸν
756 5640 977 5695 πάντων
1009 5641 1233 5711 γέγονεν
1254 5642 1315 5696 τὸ
1340 5640 1618 5715 ἔγκλημα.
1659 5647 1860 5704 Κοινὸν

357 5798 402 5830 ⁵¹
419 5819 439 5871 l
456 5816 648 5873 Thess.
670 5833 742 5881 iV,
766 5817 818 5882 4,
844 5818 895 5873 5.

1943 1996 2088 2054 sent,
2121 1998 2183 2044 ut
2215 1989 2524 2054 insolenter
2563 1989 2917 2045 eﬂerrentur.

2017 2097 2040 2134 ι
2076 2079 2143 2135 Et
2171 2094 2530 2152 cognoscam,
2571 2096 2681 2135 non
2708 2092 3021 2135 sermonem
3052 2091 3244 2132 eorum
3279 2077 3375 2146 qui
3431 2075 3517 2130 in-

1941 2173 2055 2229 ﬂati
2090 2181 2260 2241 sunt,
2291 2173 2388 2230 sed
2418 2173 2707 2229 virtutem.
2745 2169 2940 2243 [Vens
2972 2166 3092 2240 20.]
3130 2167 3251 2223 Non
3283 2155 3435 2224 enim
3457 2169 3515 2222 in

1943 2278 2202 2322 sermone
2233 2271 2320 2320 est
2363 2277 2594 2335 regnum
2631 2261 2746 2317 Dei.
2789 2280 2809 2314 ι

2012 2355 2205 2426 Neque
2263 2356 2411 2411 enim
2465 2360 2620 2410 recte
2669 2352 2817 2408 facta
2867 2367 3086 2417 eorum,
3126 2351 3222 2407 sed
3264 2347 3518 2404 absentia

1943 2447 2201 2519 magistri
2230 2445 2594 2518 superbiendi
2623 2458 2792 2501 causa
2843 2444 3046 2499 fuerat.
3095 2441 3212 2496 Non
3237 2433 3398 2505 dixit,
3427 2454 3522 2493 co-
3590 2475 3593 2478 -

1943 2555 2209 2614 gnoscam
2239 2539 2598 2611 sapientiam,
2649 2537 2772 2600 sed,
2816 2538 3086 2591 virtutem.
3128 2533 3294 2590 Velut
3343 2531 3389 2588 si
3433 2530 3522 2587 di-

1944 2628 2140 2690 ceret:
2176 2631 2298 2687 Non
2340 2646 2445 2702 per
2493 2629 2813 2686 facundiam
2851 2627 3170 2698 superiores
3201 2621 3519 2689 evasimus;

1946 2727 2045 2785 sed
2075 2725 2227 2797 quod
2277 2723 2538 2781 doctrina
2585 2723 2762 2777 virtus
2796 2720 2894 2776 Dei
2937 2723 3030 2786 sit,
3067 2726 3121 2775 et
3163 2733 3256 2789 per
3278 2731 3398 2772 eam
3418 2731 3520 2768 an-

1945 2819 2244 2875 nuntietur
2279 2829 2514 2887 regnum
2563 2814 2854 2870 caelorum.
2900 2811 3174 2866 Eximiam
3203 2823 3300 2879 per
3331 2805 3521 2878 prodi-

1952 2913 2039 2983 gia
2070 2926 2195 2982 quae
2223 2910 2430 2964 virtute
2459 2905 2707 2978 Spiritus
2739 2911 3052 2976 patrantur,
3085 2899 3524 2956 demonstratio-

1947 3019 2072 3072 nem
2107 3001 2485 3058 obtendimus.

2021 3093 2196 3150 Vens.
2232 3093 2326 3147 21.
2371 3109 2390 3142 ι
2422 3089 2566 3156 Quid
2630 3086 2837 3144 vultis?
2892 3085 2950 3140 in
3003 3082 3160 3152 virga
3203 3078 3417 3135 veniam
3457 3075 3528 3132 ad

1871 3201 1916 3262 ο
1948 3201 2048 3243 vos
2074 3204 2090 3254 ;
2128 3201 2200 3240 an
2228 3185 2284 3238 in
2313 3183 2611 3245 charitate,
2649 3188 2703 3236 et
2726 3177 2927 3248 spiritu
2955 3169 3439 3230 mansuetudinis?
3465 3187 3486 3220 ι

2019 3279 2127 3350 7³1
2170 3275 2299 3332 Haec
2358 3275 2550 3336 verba,
2592 3287 2717 3328 cum
2755 3269 3128 3328 sevaitatem,
3188 3273 3302 3318 tum
3376 3275 3531 3315 man-

1949 3369 2304 3429 suetudinem
2361 3366 2687 3438 prteferunt.
2740 3358 2956 3432 Ecquid
2982 3371 3116 3413 vero
3163 3353 3302 3438 illud
3334 3359 3442 3415 est,
3470 3352 3527 3404 in

1948 3462 2130 3533 uirga?
2146 3458 2336 3529 utique
2362 3436 2490 3512 cum
2519 3453 2881 3523 castigatione
2904 3459 2957 3505 et
2985 3436 3526 3522 supplicioNideas,

1948 3566 2159 3626 quaso,
2197 3547 2598 3620 philosophiam
2648 3543 2827 3598 Pauli.
2860 3541 2998 3596 Cum
3051 3539 3198 3593 enim
3235 3537 3343 3590 hoc
3368 3543 3422 3590 et
3461 3533 3529 3587 il-

1948 3643 2043 3701 lud
2073 3644 2129 3698 in
2186 3646 2457 3712 potestate
2490 3636 2739 3698 haberet,
2766 3632 2891 3688 aliis
2926 3629 3289 3685 nihilominus
3317 3635 3530 3680 utrum-

1951 3752 2060 3809 que
2088 3734 2258 3800 cedit,
2289 3731 2482 3788 dicens
2513 3747 2528 3787 :
2561 3726 2688 3800 quid
2713 3724 2872 3782 vultis
2897 3725 2924 3781 ?
2950 3735 3122 3796 penes
3154 3735 3253 3777 vos
3309 3733 3399 3774 res
3419 3725 3528 3784 est,

1951 3826 2152 3898 inqult.

2623 3947 2781 4005 CAP.
2819 3945 2886 4002 V.

2025 4067 2194 4124 Vens.
2236 4065 2287 4120 Ι.
2325 4081 2344 4116 ι
2368 4063 2607 4118 Omnino
2631 4059 2857 4115 auditur
2890 4056 3038 4113 inter
3063 4068 3163 4110 vos
3198 4049 3523 4116 fornicatio,

1950 4169 2010 4218 et
2037 4158 2170 4229 uilis
2206 4153 2524 4210 fornicatio.
2554 4169 2574 4202 ι

2031 4249 2154 4305 Non
2187 4247 2340 4311 dicit,
2371 4243 2640 4299 audenter
2671 4236 2991 4294 admittitur
3054 4230 3374 4294 fornicatio,
3403 4229 3527 4293 sed,

1955 4340 2189 4397 auditur.
2212 4337 2314 4392 Per
2341 4331 2648 4404 emphasim
2672 4337 2859 4383 autem
2890 4325 3102 4380 dictum
3134 4329 3243 4383 est,
3270 4321 3326 4373 in
3348 4318 3493 4373 vobis
3513 4356 3530 4382 ,

1959 4435 2065 4490 hoc
2094 4438 2202 4494 est,
2234 4428 2379 4482 inter
2405 4438 2509 4479 vos
2543 4420 2758 4485 ﬁdeles,
2789 4417 2882 4488 qui
2908 4415 3107 4470 horum
3140 4408 3530 4484 mysteriorum

1759 4556 1765 4560 -
1872 4540 1934 4602 ι)
1960 4525 2196 4582 fructum
2229 4515 2594 4591 percepistis;
2649 4510 2744 4582 qui
2779 4509 2848 4565 ad
2902 4508 3107 4602 caelum
3147 4504 3284 4560 estis
3325 4499 3530 4556 vocati.
3565 4553 3568 4556 .

2036 4637 2055 4670 ι
2081 4612 2271 4682 Qualis
2302 4623 2406 4666 nec
2436 4608 2586 4662 inter
2607 4610 2802 4674 gentes
2850 4599 3196 4655 nominatur.
3223 4613 3245 4647 ι

2032 4705 2310 4764 Fidelibus
2339 4699 2614 4771 siquidem
2659 4701 2924 4765 perpetuo
2957 4684 3373 4758 comparatione
3399 4697 3534 4754 gen-

1961 4803 2101 4858 tium
2132 4795 2374 4851 adhibita
2397 4788 2724 4860 exprobrat.
2746 4784 2886 4838 Nam
2904 4789 2962 4837 et
2983 4779 3052 4834 ad
3077 4775 3537 4832 Thessalonicen-

1961 4908 2054 4952 ses
2089 4891 2166 4945 ita
2197 4885 2390 4943 scribit
2425 4899 2440 4935 :
2479 4879 2852 4949 Unusquisque
2881 4890 2973 4928 vas
2991 4886 3155 4926 suum
3182 4867 3452 4938 possideat
3481 4864 3538 4917 in

1964 4977 2408 5048 sanctiﬁcatione,
2466 4987 2570 5026 non
2599 4971 2657 5023 in
2684 4967 2933 5038 passione
2986 4960 3263 5025 desiderii,
3318 4958 3458 5012 sicut
3485 4963 3537 5009 et

1961 5083 2136 5148 gentes
2161 5086 2278 5141 qua:
2301 5069 2549 5138 ignorant
2571 5062 2736 5118 Deum
2749 5061 2818 5114 ".

2038 5184 2059 5219 ι
2086 5165 2166 5220 lta
2191 5167 2253 5217 ut
2284 5173 2513 5216 uxorem
2544 5155 2720 5226 patris
2764 5151 2852 5210 sui
2897 5147 3099 5219 aliquis
3121 5145 3347 5201 habeat.
3371 5159 3394 5196 ι

2033 5256 2154 5314 Non
2214 5251 2376 5317 dixit,
2411 5263 2732 5314 novercam,
2786 5243 2906 5312 sed,
2951 5255 3171 5296 umorem
3220 5236 3411 5308 patris,
3479 5242 3539 5288 ut

1963 5352 2147 5410 acrius
2175 5345 2460 5418 percellat.

2037 5444 2205 5500 Vens.
2237 5441 2324 5495 2.(
2349 5437 2415 5492 Et
2465 5450 2562 5492 vos
2596 5431 2768 5489 inﬂati
2793 5427 2967 5487 estis?
3003 5447 3022 5481 ι

2038 5556 2201 5612 Velut
2217 5553 2265 5610 si
2295 5551 2504 5607 diceret
2533 5564 2547 5600 :
2592 5544 2673 5601 Ne
2707 5543 2842 5599 mibi
2867 5536 3208 5610 respondeas
3227 5547 3396 5589 unum
3419 5545 3544 5587 esse

1970 5649 2246 5707 hominem
2284 5644 2381 5716 qui
2413 5647 2694 5699 scortatus
2717 5637 2828 5706 sit;
2860 5643 3153 5692 commune
3167 5625 3387 5684 cunctis
3411 5635 3542 5680 eva-
