3972 6412
448 366 554 434 60⁵1
652 419 660 428 .
1629 371 1691 430 S.
1727 367 2046 433 JOANNIS
2083 368 2514 430 DAMASCENI
3607 363 3720 433 608

456 482 530 538 sit
569 481 805 538 crimen.
831 481 1158 549 Commune,
1209 482 1459 553 inquam.
1490 497 1604 539 non
1626 484 1809 554 quoad
1841 498 2039 556 pecca-

2159 482 2200 534 Ξὲ
2226 483 2328 536 οὐκ
2359 481 2454 536 ἐπὶ
2491 480 2570 552 τῷ
2596 482 2960 554 ἁμαρτήματι
2989 481 3154 549 λέγω,
3205 479 3320 534 ἀλλ’
3356 477 3450 534 ἐπὶ
3470 481 3538 552 τῇ
3565 480 3722 536 διδα-

455 581 596 638 ιυηι,
656 573 751 629 sed
797 574 979 644 quoad
1038 573 1370 628 doctrinam.
1408 573 1736 646 Quanquam
1779 591 1890 630 non
1933 576 2037 631 hoc

2159 573 2342 644 τκαλίᾳ
2366 577 2434 645 τῇ
2469 575 2602 644 παρ’
2647 574 2881 628 ἐκείνου.
2913 574 2975 627 Et
3003 573 3103 627 xci.
3140 571 3239 642 οὐχ
3268 570 3440 635 οὕτως
3470 573 3717 643 εἴρηκεν,

453 661 791 728 enuntiavit,
852 663 948 718 scd
984 661 1040 716 in
1090 662 1274 718 medio
1308 661 1553 731 reliquit,
1596 669 1657 717 ut
1682 663 1858 731 magis
1905 661 2040 717 Ieri-

457 764 559 812 ret.
589 753 746 810 Unus
787 755 979 824 utique
1005 755 1289 812 doctorum
1321 763 1441 809 erat
1466 754 1715 810 incestus
1748 755 1861 809 ille.

534 866 553 899 ι
579 845 646 900 Ει
675 862 781 900 non
811 845 996 916 potius
1053 847 1267 902 luctum
1298 845 1597 912 habuistis,
1625 854 1687 900 ut
1713 845 1948 902 tollatur
1973 845 2042 904 de

457 939 641 994 medio
666 947 911 993 vestrum
940 939 1034 1009 qui
1066 938 1173 993 hoc
1201 953 1341 1008 opus
1374 937 1530 992 fecit.
1562 957 1581 991 ι

531 1031 808 1098 Quoniam
844 1030 900 1085 in
925 1045 1216 1086 commune
1242 1044 1447 1100 corpus
1475 1027 1736 1085 Ecclesiae
1751 1045 2040 1102 progressa

459 1130 546 1178 est
578 1122 920 1189 criminatio,
975 1122 1177 1193 inquit.
1209 1120 1400 1192 Neque
1434 1121 1596 1188 dixit,
1628 1130 1685 1178 et
1710 1137 1822 1178 non
1851 1123 2040 1194 potius

459 1215 705 1284 ejccistis
737 1235 750 1271 :
787 1215 880 1270 sed
906 1215 1051 1270 sicut
1071 1216 1124 1269 in
1159 1215 1353 1271 morbo
1388 1214 1581 1286 aliquo
1609 1221 1666 1271 et
1687 1225 1865 1286 peste,
1885 1216 2040 1272 luctu

459 1323 600 1380 Opus
628 1324 751 1364 csse
783 1309 1183 1379 pronuntiavit.

533 1398 700 1454 Vens.
743 1401 797 1454 5.
829 1418 848 1451 ι
901 1399 1013 1472 Ego
1059 1401 1284 1472 quidem
1326 1405 1483 1463 velut
1535 1408 1737 1465 absens
1784 1416 2037 1475 corpore.

459 1502 706 1559 praesens
742 1496 924 1544 autem
962 1491 1180 1561 spiritu.
1233 1511 1253 1545 ι

530 1576 720 1649 Neque
743 1591 1067 1650 exspectare
1101 1584 1402 1642 adventum
1431 1604 1590 1645 suum
1639 1588 1820 1660 jubet,
1848 1601 1951 1643 nec
1981 1600 2043 1642 se

460 1683 694 1740 prorsus
726 1674 1054 1741 praestolari,
1084 1684 1145 1730 ut
1175 1679 1454 1749 negotium
1480 1687 1614 1735 tunc
1641 1687 1872 1750 agatur;
1916 1679 2035 1744 sed,

459 1761 628 1816 veluti
665 1763 837 1832 pestis
865 1764 1055 1836 aliqua
1095 1769 1291 1838 procul
1345 1781 1494 1827 esset
1533 1767 1694 1842 prius
1744 1771 2039 1842 abigende,

460 1867 582 1922 quae
622 1869 719 1923 per
798 1861 976 1910 totum
1018 1873 1217 1930 corpus
1252 1871 1522 1933 serperet,
1554 1877 1816 1918 coercere
1856 1865 2043 1920 scelus

459 1952 742 2014 properat.
802 1943 960 2004 Unde
987 1959 1040 2004 et
1070 1952 1363 2024 subjungit
1399 1971 1413 2007 :
1449 1952 1576 2008 Jam
1615 1953 1860 2023 judicavi
1917 1965 2041 2012 tan-

459 2051 619 2106 quam
643 2054 896 2108 ρνωεεηε.
928 2040 987 2096 ld
1013 2044 1160 2113 quod
1189 2045 1349 2112 dixit,
1378 2061 1487 2101 non
1541 2046 1706 2101 modo
1739 2055 1798 2100 ut
1825 2061 1923 2104 eos
1949 2062 2046 2101 ur-

459 2136 614 2197 geret
665 2129 734 2184 ad
791 2130 1078 2189 ferendam
1112 2135 1492 2194 damnationis
1551 2139 1910 2204 sententiam,
1949 2147 2045 2194 aut

459 2221 608 2276 aliud
638 2223 770 2293 quid
802 2224 942 2281 inire
967 2227 1192 2282 consilii
1227 2229 1470 2296 sineret;
1500 2228 1597 2286 sed
1623 2229 1787 2285 etiam
1828 2239 1890 2285 ut
1929 2237 2042 2286 ter-

459 2309 677 2378 ritaret,
711 2321 972 2384 tanquam
1030 2317 1137 2372 sibi
1171 2326 1462 2389 perspecta
1493 2327 1685 2375 essent
1736 2319 1952 2387 futura,
1989 2328 2045 2376 et

459 2416 807 2478 quaecunque
835 2405 1047 2473 judicio
1073 2410 1371 2466 sancienda
1403 2419 1586 2466 erant.
1636 2411 1774 2468 Nam
1804 2421 1860 2468 et
1885 2412 1937 2469 id
1964 2413 2044 2468 si-

461 2493 713 2562 gnificat,
763 2513 877 2553 esse
923 2512 1236 2570 prwsentem
1295 2503 1494 2572 spiritu
1524 2519 1543 2558 :
1571 2504 2041 2575 quemadmodum

456 2582 688 2641 Elisaeus
733 2603 974 2657 praesens
1005 2591 1372 2660 iueratGiezi,
1407 2609 1534 2651 cum
1563 2596 1772 2654 diceret
1801 2613 1816 2653 :
1853 2596 2045 2656 Nonne

456 2689 551 2729 cor
579 2692 748 2730 meum
782 2680 1060 2736 tecum”?
1349 2745 1351 2748 ρ

533 2763 696 2823 Vens.
761 2770 819 2834 4,
863 2769 914 2825 5.
962 2789 981 2823 ι
1018 2769 1139 2828 Jam
1192 2773 1444 2844 judicavi
1494 2787 1555 2832 ut
1607 2793 1852 2849 praesens
1912 2796 2040 2838 eum

457 2857 552 2929 qui
591 2860 673 2914 sic
698 2873 964 2930 operatus
990 2874 1096 2932 est,
1128 2867 1182 2926 in
1215 2869 1442 2926 nomine
1464 2870 1683 2928 Domini
1702 2875 1880 2929 nostri
1907 2874 2040 2932 Jesu

454 2945 662 3005 Christi
697 2955 1043 3024 congregatis
1080 2959 1237 3014 vobis
1275 2968 1330 3016 et
1366 2977 1489 3018 meo
1518 2964 1740 3035 spiritu,
1772 2981 1900 3022 cum
1928 2967 2042 3022 vir-

455 3045 575 3147 tute
597 3039 816 3119 Domini
846 3048 1020 3103 nostri
1049 3047 1183 3105 Jesu
1204 3051 1434 3121 Christi,
1471 3055 1690 3113 tradere
1716 3057 2036 3129 hujusmodi
2065 3085 2111 3147 α

457 3126 696 3188 Satanae.
729 3154 748 3187 ι

526 3218 647 3276 Non
673 3223 807 3279 sinit
834 3241 930 3284 eos
966 3227 1115 3304 aliud
1139 3231 1421 3303 quidpiam
1445 3237 1815 3296 comminisci.
1847 3239 2039 3312 Siqui-

454 3309 578 3368 dem
611 3317 943 3374 sententiam
975 3322 1078 3377 tuli
1101 3333 1160 3378 ut
1189 3340 1462 3396 praesens,
1493 3329 1697 3402 inquit.
1739 3309 1948 3392 Deinde
1972 3350 2042 3390 ne

455 3405 570 3478 78
617 3409 845 3465 nimiam
878 3412 982 3468 sibi
1024 3429 1287 3488 arrogare
1333 3422 1719 3480 auctoritatem
1763 3425 2038 3493 videatur,

453 3496 692 3555 observa
756 3505 1037 3572 quomodo
1089 3507 1241 3577 ipsos
1275 3525 1496 3582 quoque
1535 3513 1755 3582 judicio
1809 3513 2040 3571 ferendo

453 3588 639 3644 socios
685 3591 896 3662 allegit,
951 3595 1081 3650 dum
1128 3599 1248 3652 ait:
1285 3598 1631 3672 Congregatt's
1657 3603 1822 3658 vobis.
1856 3603 1925 3659 In
1947 3622 2041 3660 no-

2139 665 2278 721 ἀλλὰ
2298 665 2510 735 ἀφῆκεν
2537 665 2669 719 αὐτὸ
2705 667 2904 738 μέσον,
2935 666 3023 720 ἵνα
3063 663 3244 736 πλήξῃ
3297 663 3580 736 μειζόνως.
3622 658 3722 728 Εἷς

2141 757 2199 810 δὲ
2229 757 2338 811 τῶν
2366 757 2703 812 διδασκάλων
2733 757 3037 830 πορνεύσας
3063 751 3152 828 ἦν.

2219 869 2238 903 ι
2273 851 2386 904 Καὶ
2437 850 2557 921 οὐχὶ
2615 850 2816 920 μᾶλλον
2866 849 3230 920 ἐπενθήσατε,
3282 851 3371 904 ἵνα
3416 850 3622 923 ἐξαρθῇ
3653 851 3726 905 hc

2144 943 2312 1015 μέσου
2341 943 2496 1014 ὑμῶν
2524 944 2553 996 ό
2575 943 2637 996 τὸ
2669 942 2829 1014 ἔργον
2860 941 3013 996 τοῦτο
3042 943 3293 1014 ποιήσας.
3314 961 3333 996 ι

2215 1034 2338 1090 Ὀτι
2363 1037 2444 1100 είς
2468 1035 2531 1089 τὸ
2555 1035 2759 1101 κοινὸν,
2802 1037 2974 1105 φησὶ,
3036 1037 3136 1106 τῆς
3178 1034 3506 1105 Ἐκκλησίας
3537 1036 3570 1106 ἡ
3603 1035 3729 1090 δια-

2143 1122 2276 1194 ϐολὴ
2327 1123 2742 1195 προεχώρησεν.
2773 1123 2887 1177 Καὶ
2942 1122 3044 1176 οὐκ
3103 1117 3257 1175 εἶπεν
3287 1139 3302 1153 ο
3331 1123 3457 1194 οὐχὶ
3517 1123 3730 1194 μᾶλλον

2143 1213 2454 1280 ἐξεϐάλετε,
2486 1215 2603 1267 ἀλλ’
2633 1213 2710 1278 ὡς
2743 1213 2839 1266 ἐπὶ
2868 1213 3026 1266 νόσου
3054 1214 3199 1279 τινὸς
3224 1216 3320 1268 καὶ
3368 1215 3558 1286 λοιμοῦ
3593 1216 3728 1272 πάν-

2144 1303 2272 1369 θους
2301 1304 2492 1375 χρείαν
2519 1306 2845 1377 πεποίηκεν.

2221 1410 2240 1444 ι
2294 1392 2436 1460 Ἐγὼ
2465 1394 2565 1464 μὲν
2593 1395 2704 1464 γὰρ
2725 1395 2802 1458 ὡς
2833 1393 3028 1468 παρὼν
3048 1392 3126 1464 τῷ
3159 1392 3398 1465 σώματι,
3449 1396 3642 1466 παρὼν
3665 1397 3728 1451 δὲ

2142 1479 2220 1553 τῷ
2249 1482 2546 1554 πνεύματι.
2581 1503 2601 1536 ι

2213 1576 2330 1628 Ούκ
2350 1576 2641 1646 ἀναμεῖναι
2674 1575 2841 1632 αὑτοῦ
2864 1577 2964 1648 τὴν
3020 1583 3331 1652 παρουσίαν
3381 1583 3566 1653 φησὶν,
3597 1583 3725 1636 οὐδὲ

2143 1665 2468 1734 ἐκδέξασθαι
2513 1667 2694 1734 αὐτὸν,
2754 1668 2851 1724 καὶ
2909 1668 3029 1722 τότε
3075 1672 3282 1742 πρᾶξαι
3317 1689 3330 1702 ·
3361 1673 3482 1727 ἀλλ’
3530 1672 3728 1744 ὥσπερ

2142 1757 2263 1810 τινὰ
2284 1755 2470 1828 λοιμὸν
2503 1757 2830 1812 ἀπελαύνειν
2885 1758 3119 1829 μέλλων,
3174 1763 3305 1833 πρὶν
3332 1762 3365 1834 ἢ
3398 1763 3726 1834 διαδοθῆναι

2142 1847 2221 1910 είς
2254 1845 2314 1900 τὸ
2343 1846 2531 1900 λοιπὸν
2569 1849 2729 1918 σῶμα
2771 1849 3054 1919 ἐπείγεται
3114 1855 3436 1924 κατασχεῖν.
3491 1856 3584 1909 Διδ
3623 1857 3724 1910 καὶ

2143 1937 2344 2006 ὲπάγει
2371 1938 2543 2008 λέγων
2577 1955 2592 1970 ⁸
2624 1941 2774 2008 Ἤδη
2807 1941 3055 2010 κέκρικα
3074 1942 3154 2010 ὡς
3186 1944 3412 2014 παρών.
3467 1947 3640 2000 Τοῦτο
3662 1949 3727 2002 δὲ

2144 2026 2332 2098 ἔλεγεν
2361 2030 2423 2083 ού
2463 2029 2627 2098 μόνον
2651 2032 2998 2102 κατεπείγων
3027 2033 3226 2098 αὐτοὺς
3257 2037 3337 2100 είς
3373 2036 3471 2110 τὴν
3509 2037 3731 2108 άπόφα-

2145 2140 2252 2190 σιν,
2283 2125 2379 2177 καὶ
2405 2124 2506 2178 οὐκ
2545 2125 2704 2194 ἀφεὶς
2730 2125 2912 2180 ἄλλοτι
2959 2127 3375 2196 βουλεύσασθαι,
3441 2130 3577 2185 ἀλλὰ
3630 2135 3732 2186 καὶ

2145 2215 2347 2286 φοϐῶν,
2376 2216 2452 2280 ὡς
2485 2215 2645 2280 εἰδὼς
2671 2217 2740 2271 τά
2770 2221 2892 2272 ἐκεῖ
2920 2221 3267 2292 γενησόμενα
3310 2224 3404 2276 καὶ
3466 2223 3734 2295 κριθησό-

2147 2323 2306 2378 μενα.
2339 2306 2511 2360 Τοῦτο
2539 2307 2649 2378 γάρ
2684 2310 2800 2363 ἐστι
2846 2314 3107 2382 παρεῖναι
3129 2312 3207 2386 τῷ
3231 2315 3502 2386 πνεύματι
3534 2315 3732 2386 ὥσπερ

2143 2401 2172 2452 ὀ
2210 2397 2513 2464 Ἐλισσαῖος
2546 2401 2726 2472 παρῆν
2757 2403 2837 2474 τῷ
2867 2403 3054 2477 Γιεζῇ,
3111 2405 3208 2462 καὶ
3257 2406 3447 2478 ἔλεγεν
3477 2423 3492 2439 ⁶
3515 2409 3666 2478 Οὐχὶ
3687 2409 3729 2476 ή

2143 2491 2356 2562 καρδία
2369 2510 2487 2563 μου
2501 2494 2653 2564 μετὰ
2676 2494 2794 2550 σοῦ
2816 2511 2837 2560 ;

2220 2778 2239 2812 ι
2275 2761 2413 2832 Ἤδη
2441 2760 2677 2832 κέκρικα
2710 2761 2786 2825 ὼς
2815 2762 3006 2834 παρὼν
3055 2761 3148 2816 τὸν
3180 2762 3355 2829 οὕτως
3403 2761 3562 2817 τοῦτο
3587 2781 3733 2818 κατ-

2142 2852 2536 2924 εργασάμενον,
2570 2853 2626 2905 έν
2660 2851 2737 2923 τῷ
2773 2852 3002 2924 ὀνόματι
3030 2853 3124 2907 τοῦ
3165 2854 3374 2924 Κυρίου
3406 2854 3566 2924 ἡμῶν
3616 2855 3732 2925 Ἰη-

2144 2944 2237 2998 σοῦ
2269 2945 2506 3017 Χριστοῦ
2540 2945 2920 3016 συναχθέντων
2959 2945 3114 3017 ὑμῶν
3133 2947 3227 3000 καὶ
3250 2943 3346 2999 τοῦ
3377 2946 3515 3017 ἐμοῦ
3549 2946 3720 3000 Πνεύο

2145 3052 2349 3107 ματος,
2407 3037 2506 3091 σὺν
2538 3039 2604 3108 τῇ
2653 3037 2884 3109 δυνάμει
2944 3035 3040 3090 τοῦ
3107 3038 3314 3108 Κυρίου
3351 3039 3510 3110 ἡμῶν
3546 3038 3733 3112 Ἰησοῦ

2143 3126 2407 3200 Χριστοῦ,
2437 3127 2780 3200 παραδοῦναι
2810 3129 2904 3183 τὸν
2937 3129 3183 3184 τοιοῦτον
3205 3129 3285 3202 τῷ
3314 3131 3583 3202 Σατανᾷ.ι

2211 3218 2330 3274 Οὐκ
2358 3219 2586 3292 ἀφίησιν
2607 3221 2807 3285 αὐτοὺς
2833 3221 3024 3294 ἕτερόν
3048 3239 3102 3275 τι
3139 3223 3413 3292 ἐννοῆσαι.
3431 3223 3559 3277 Καὶ
3615 3222 3734 3294 γάρ

2143 3311 2413 3384 έξήνεγκα
2448 3313 2548 3385 τὴν
2597 3315 2904 3384 ἀπόφασιν,
2929 3316 3004 3378 ὡς
3038 3312 3230 3386 παρὼν
3251 3355 3266 3380 ,
3335 3315 3520 3386 φησίν.
3580 3311 3722 3370 Εἶτα

2143 3405 2234 3462 ἵνα
2257 3406 2333 3478 μὴ
2362 3405 2489 3478 δόξῃ
2520 3406 2691 3478 πολλὴ
2718 3402 2857 3461 εῖναι
2885 3409 2919 3474 ἡ
2952 3407 3264 3470 αὐθεντεία,
3304 3407 3406 3480 ὅρα
3457 3408 3576 3471 πῶς
3606 3424 3730 3462 κοι-

2143 3500 2346 3564 νωνοὺς
2399 3499 2495 3554 καὶ
2539 3499 2738 3564 αὐτοὺς
2805 3501 2950 3554 ποιεῖ
2998 3499 3094 3553 τοῦ
3155 3500 3464 3571 κρίματος,
3527 3497 3726 3565 εἰπὼν,

2142 3593 2575 3660 Συναχθέντων
2629 3590 2816 3661 ὑμῶν.
2851 3591 2924 3644 Τὸ
2954 3590 3033 3657 δὲ,
3061 3591 3131 3645 ἐν
3157 3591 3404 3659 ὀνόματι
3442 3591 3548 3646 τοῦ
3601 3593 3727 3648 Κυ-

455 3678 597 3734 mine
631 3679 889 3749 Domim’;
917 3685 1023 3741 hoc
1053 3697 1156 3755 est,
1181 3690 1274 3759 qui
1300 3691 1504 3749 Christi
1537 3696 1752 3750 nomini
1779 3696 2038 3766 injuriam

2159 3685 2276 3739 που
2298 3683 2486 3752 ἡμῶν,
2513 3685 2786 3750 τουτέστι,
2815 3682 2906 3737 τὸν
2927 3685 3010 3747 είς
3036 3683 3098 3736 τδ
3126 3683 3300 3752 ὄνομα
3331 3683 3427 3738 τοῦ
3483 3681 3728 3755 Χριστοῦ

454 3767 608 3833 fecit,
646 3772 740 3840 qni
779 3783 1076 3845 postquam
1110 3778 1292 3836 factus
1327 3791 1415 3836 est
1471 3783 1673 3853 ﬁdelis,
1714 3800 1895 3857 eoque
1935 3801 2042 3843 no-

454 3860 604 3915 mine
626 3864 960 3934 appellatus,
989 3869 1120 3923 talia
1151 3879 1378 3940 patrare
1418 3889 1529 3929 non
1563 3876 1857 3944 dubitavit,
1890 3881 2041 3940 hunc

455 3951 660 4009 tradite
709 3953 946 4014 Satanae.
982 3959 1244 4030 Apprime
1277 3979 1409 4021 vero
1457 3967 1662 4024 tradere
1701 3968 1925 4028 Satanae
1950 3975 2038 4030 di-

455 4041 710 4136 xitanon
737 4053 945 4114 autem,
1003 4049 1235 4121 dedere;
1275 4057 1438 4126 quasi
1477 4062 1738 4128 aperiens
1759 4063 1837 4118 illi
1866 4067 2042 4136 pinni-

456 4134 644 4191 tentiaa
695 4137 927 4207 januas.
976 4141 1276 4214 Praeterea,
1339 4151 1649 4220 hujusmodi
1732 4134 2036 4225 liomiuiem,

454 4240 562 4283 ceu
591 4229 818 4288 minime
851 4234 1199 4294 tolerandum
1226 4249 1288 4295 ut
1331 4244 1418 4299 vel
1451 4247 1678 4304 nomine
1711 4251 1912 4308 saltem
1939 4251 2039 4309 de-

456 4321 731 4392 signetur.

2141 3775 2616 3844 ὲνυόρίσαντα,τὸν
2636 3775 2772 3846 μετὰ
2789 3773 2848 3827 τὸ
2862 3774 3114 3844 γενέσθαι
3129 3774 3318 3829 πιστὸν
3329 3776 3422 3829 καὶ
3438 3775 3730 3845 ἐπώνυμον

2140 3864 2358 3938 ἐκείνης
2376 3866 2474 3936 τῆς
2496 3866 2888 3938 προσηγορίας,
2906 3865 3130 3920 τοιαῦτα
3143 3867 3511 3938 τολμήσαντα,
3529 3866 3721 3921 τοῦτον

2142 3959 2412 4028 παράδοτε
2453 3957 2531 4029 τῷ
2564 3958 2795 4029 Σατανᾷ.
2841 3954 2915 4012 Εὖ
2946 3958 3002 4012 δὲ
3030 3958 3125 4013 καὶ
3163 3959 3224 4011 τὸ
3249 3959 3621 4026 παραδοῦναι
3643 3959 3728 4027 τῷ

2139 4047 2416 4118 Σατανᾷ,
2477 4049 2617 4104 ἀλλά
2676 4051 2752 4122 μὴ
2797 4050 3083 4116 ἐκδοῦναι,
3154 4049 3231 4114 ὡς
3283 4051 3518 4119 ἀνοίγων
3573 4053 3726 4125 αὐτῷ

2139 4144 2238 4214 τῆς
2279 4144 2565 4214 μετανοίας
2620 4143 2719 4207 τὰς
2778 4141 2966 4214 θύρας.
3014 4142 3124 4195 Καὶ
3184 4141 3347 4196 πάλιν
3387 4142 3496 4196 τὸν
3528 4143 3723 4197 τοιοῦ-

2138 4252 2270 4302 τον,
2291 4235 2368 4300 ὡς
2387 4237 2460 4307 μὴ
2509 4235 2835 4307 ἀνεχόμενον
2867 4234 3002 4307 μηδὲ
3037 4233 3131 4304 τῆς
3155 4233 3525 4306 προσηγορίας
3554 4233 3723 4288 αὑτοῦ

2145 4328 2541 4399 μνημονεῦσαι.

529 4412 646 4507 ῌοε
672 4427 780 4482 est,
815 4420 1124 4476 secundum
1185 4423 1357 4482 Deum
1383 4443 1398 4480 :
1423 4427 1664 4486 humana
1693 4448 2036 4507 nequaquam

2209 4422 2492 4484 Τουτὲστι,
2531 4420 2675 4475 κατὰ
2699 4420 2833 4473 Θεόν
2855 4437 2870 4452 ·
2901 4421 2977 4490 μὴ
3003 4418 3326 4492 ἀνθρωπίνῃ
3354 4418 3724 4490 κατεχόμενον

455 4505 721 4576 opinione
749 4513 1007 4581 occupati
1037 4529 1052 4567 :
1083 4514 1201 4571 sive
1241 4519 1465 4574 nomine
1494 4521 1648 4578 illius
1679 4538 1780 4580 vos
1815 4505 1924 4581 una
1944 4541 2039 4584 co-

456 4607 621 4668 gente
647 4598 717 4652 ad
760 4600 814 4656 id
844 4604 1006 4674 cujus
1055 4606 1234 4674 gratia
1267 4609 1432 4663 modo
1465 4613 1798 4670 convenitis.

532 4685 789 4756 Seipsum
811 4691 1014 4770 iterum
1052 4703 1434 4763 repraesentat,
1467 4699 1548 4753 uti
1576 4701 2041 4772 quandojudices

457 4778 739 4841 steterint,
780 4777 933 4832 velut
994 4794 1055 4835 se
1090 4789 1363 4850 praesente
1393 4784 1476 4839 sic
1518 4800 1645 4841 eum
1679 4790 2038 4862 abscindant,

457 4863 761 4932 nullusque
821 4867 1020 4922 audeat
1061 4871 1226 4926 venia
1275 4872 1505 4943 dignum
1553 4893 1808 4946 censere,
1850 4886 2034 4942 sciens

457 4967 523 5048 ea
581 4970 706 5026 qua:
795 4957 1034 5016 dicenda
1090 4973 1243 5029 sunt,
1307 4965 1484 5024 Paulo
1542 4969 1650 5042 ipsi
1744 4989 2035 5048 perspecta

459 5045 600 5102 fore.

532 5139 592 5194 Id
621 5147 734 5206 est,
754 5142 840 5198 vel
860 5143 1116 5203 Christus
1145 5157 1351 5206 tantam
1381 5152 1541 5210 nobis
1563 5155 1754 5228 largiri
1775 5160 2034 5217 virtutem

462 5236 667 5298 potest,
721 5241 780 5286 ut
834 5233 1114 5291 hominem
1173 5240 1396 5298 diabolo
1425 5247 1646 5302 tradere
1699 5251 2030 5320 possimus:

464 5328 548 5382 vel
576 5339 635 5384 ut
665 5330 784 5401 ipse
802 5348 1022 5404 quoque
1061 5336 1348 5394 nobiscum
1380 5352 1575 5399 contra
1596 5343 1750 5401 illum
1781 5346 1888 5404 fert
1911 5363 2040 5406 sen-

463 5417 716 5475 tentiam.

539 5508 641 5562 «ln
672 5510 954 5566 interitum
1008 5516 1220 5584 carnis,
1252 5529 1311 5575 ut
1354 5523 1589 5592 spiritus
1639 5525 1828 5584 salvus
1865 5529 1938 5585 sit
1983 5530 2037 5584 in

464 5600 554 5656 die
577 5599 793 5657 Domini
825 5603 997 5660 nostri
1035 5605 1164 5665 Jesu
1208 5609 1436 5671 Christi.
1473 5634 1491 5669 ι

531 5797 573 5830 ει
601 5793 666 5852 iv
690 5795 820 5869 Reg.
840 5813 892 5865 ν,
916 5799 1004 5857 26.

2147 4512 2437 4585 ὑπολήψει,
2460 4513 2632 4582 ἠγουν
2660 4510 2825 4565 αὑτοῦ
2842 4510 2936 4564 τοῦ
2965 4510 3234 4581 ὀνόματος
3263 4511 3410 4582 ὑμᾶς
3442 4511 3725 4580 συλλέγονι

2145 4623 2237 4669 τος
2260 4605 2402 4674 ὑπὲρ
2431 4604 2495 4658 οῦ
2525 4602 2870 4675 συνέρχεσθε.

2217 4690 2294 4749 Αῦ
2356 4694 2520 4749 πάλιν
2550 4691 2853 4761 ἐπέστησεν
2887 4692 3073 4756 αὐτοῖς
3118 4691 3336 4759 ἑαυτὸν,
3369 4692 3459 4746 ῐνα
3490 4692 3618 4745 ὅταν
3647 4691 3725 4746 δι-

2146 4786 2410 4851 κάζωσιν,
2436 4784 2512 4846 ὡς
2545 4783 2714 4837 αὐτοῦ
2743 4783 3035 4850 παρόντος,
3090 4781 3264 4846 οὓτως
3309 4782 3474 4836 αὐτὸν
3525 4783 3726 4836 ἀποτέ-

2146 4893 2321 4948 μωσι,
2346 4875 2440 4930 καὶ
2477 4874 2667 4944 μηδεὶς
2698 4858 2948 4945 τολμήσῃ
2977 4871 3312 4943 συγγνώμης
3347 4871 3510 4926 αὐτὸν
3559 4872 3722 4941 ἀξιῶ-

2146 4985 2260 5032 σαι,
2292 4965 2451 5030 εἰδὼς
2494 4966 2576 5020 ὅτι
2622 4963 2834 5028 Παῦλος
2853 4963 3064 5019 εἵσεται
3083 4963 3152 5018 τὰ
3179 4963 3473 5034 λεγόμενα.

2211 5148 2540 5212 Τουτέστιν,
2589 5145 2648 5200 '0
2691 5145 2932 5216 Χριστὸς
2983 5142 3212 5200 δύναται
3267 5142 3527 5214 τοιαύτην
3592 5145 3727 5214 ἡμῖν

2141 5243 2301 5314 χάριν
2329 5241 2550 5304 διδόναι,
2569 5237 2645 5302 ὡς
2667 5237 2929 5292 δύνασθαι
2975 5235 3053 5307 τῷ
3080 5236 3314 5306 διαϐόλῳ
3341 5236 3718 5306 παραδιδόναι·

2142 5336 2176 5408 ἢ
2205 5338 2288 5390 ὅτι
2318 5333 2430 5387 Καὶ
2463 5330 2626 5394 αὐτὸς
2650 5328 2774 5400 μεθ’
2805 5327 2964 5399 ἡμῶν
2992 5329 3114 5382 κατ’
3141 5327 3310 5382 αὐτοῦ
3341 5328 3562 5397 ἐπαίρει
3619 5329 3725 5399 τὴν

2143 5426 2342 5497 ψῆφον.

2238 5538 2256 5570 ι
2288 5518 2382 5581 Εἰς
2443 5513 2676 5585 ,ὄλεθρον
2751 5511 2853 5582 τῆς
2910 5509 3117 5584 σαρκὸς
3147 5551 3162 5578 ,
3207 5511 3296 5566 ἴνα
3366 5509 3430 5564 τὸ
3500 5510 3728 5580 πνεῦμα

2146 5610 2296 5682 σωθῇ
2324 5611 2381 5663 ὲν
2414 5611 2480 5680 τῇ
2523 5606 2708 5678 ἡμέρᾳ
2768 5602 2865 5658 τοῦ
2910 5603 3118 5675 Κυρίου
3169 5602 3327 5675 ἡμῶν
3365 5600 3540 5673 Ἰησοῦ
3587 5601 3729 5673 Χριο

2150 5701 2298 5755 σποῦ.
2327 5718 2346 5751 ›
