3972 6382
274 347 372 415 vos

1395 337 1477 400 IN
1501 335 1738 397 EPIST.
1766 337 1866 393 AD
1901 336 2264 398 CURINTH.
2306 337 2357 398 Ι.

3414 341 3521 405 610

337 457 454 508 Ἵνα
493 450 733 525 μαστίξῃ
762 448 929 506 αὑτὸν
991 447 1142 502 ἕλκει
1171 440 1398 515 πονηρῷ
1426 443 1460 512 ἢ
1495 444 1638 510 νόσῳ
1661 441 1846 509 ἑτέρᾳ·

2026 437 2114 494 Uti
2160 455 2358 511 nempe
2409 441 2686 511 percutiat
2729 424 3067 500 eum-uicere
3129 445 3393 515 pessimo,
3427 455 3524 502 aut

273 547 358 600 καὶ
381 545 514 598 αὐτὸ
538 545 594 597 δὲ
624 543 784 596 τοῦτο
807 540 886 611 τῷ
911 538 1030 609 Θεῷ
1056 536 1246 592 δοκοῦν
1305 535 1544 602 ἐγένετο,
1578 533 1722 585 ὥστε
1747 546 1838 582 κο-

271 637 524 702 λάζεσθαι
569 632 737 687 αὐτοῦ
791 632 891 702 τὴν
933 631 1132 699 σάρκα.
1163 626 1389 695 Ἐπειδὴ
1431 623 1540 693 γὰρ
1589 622 1698 675 ἀπὸ
1751 623 1850 690 τῆς

270 723 470 796 σαρκὸς
493 724 552 776 at
585 720 872 792 ἐπιθυμίαι
910 719 1210 780 τίκτονται,
1259 714 1430 784 αὐτὴν
1474 712 1717 775 κολάζει,
1758 710 1849 762 ῑνα

268 816 322 869 τὸ
345 813 569 883 πνεῦμα
594 811 768 882 σωθῇ,
793 810 914 864 ἀλλ’
936 812 994 864 ἐν
1017 807 1202 877 ἐκείνῃ
1220 808 1286 875 τῇ
1313 804 1516 874 ἡμέρᾳ,
1543 801 1724 864 καλῶς
1753 801 1850 853 αύ-

266 907 388 968 τοὺς
419 903 516 958 καὶ
543 902 816 973 εὐκαίρως
869 901 971 970 τῆς
1006 897 1222 970 ἡμέρας
1267 895 1484 964 ἐκείνης
1535 892 1850 962 ἀναμιμνή-

268 1014 432 1060 σκων,
463 995 555 1049 ἵνα
582 993 681 1048 καὶ
700 993 857 1047 αὐτοὶ
912 989 1326 1062 προθυμότερον
1365 983 1593 1037 ἔλθωσιν
1626 984 1724 1036 ἐπὶ
1748 983 1849 1053 τὴν

268 1085 534 1156 ἰατρείαν.
589 1083 728 1153 Ἤδη
763 1083 939 1136 δὲκαὶ
974 1081 1175 1150 νόμους
1229 1077 1480 1147 φαίνεται
1513 1074 1590 1145 τῷ
1616 1073 1849 1144 διαϐόλῳ

263 1176 454 1241 τιθεὶς,
479 1175 583 1228 οὐκ
617 1174 780 1242 ἀφεὶς
835 1171 1000 1228 αὐτὸν
1059 1170 1374 1241 περαιτέρω
1431 1167 1703 1239 προϐῆναι
1733 1183 1748 1199 ο
1769 1167 1850 1231 ὡς

264 1269 356 1321 καί
384 1267 520 1329 Θεὸς
549 1265 699 1336 αὒτῷ
727 1264 969 1336 περὶτοῦ
1000 1263 1122 1318 ’1ὼὸ
1150 1262 1307 1332 ἔλεγε
1335 1277 1349 1291 ·
1378 1259 1556 1330 Πλὴν
1600 1261 1712 1329 τῆς
1738 1265 1850 1331 ψυο

264 1358 377 1430 κῆς
392 1358 582 1413 αὐτοῦ
606 1357 688 1426 μὴ
718 1357 864 1426 ἅψῃ·
1296 1359 1306 1369 ’

334 1468 356 1502 ι
395 1450 472 1504 Οὐ
511 1449 677 1504 καλὸν
704 1449 767 1503 τὸ
799 1449 1066 1519 καύχημα
1095 1446 1272 1518 ὑμῶν.
1302 1465 1323 1498 ι

344 1541 581 1610 Ἐπάγει
608 1539 774 1594 πάλιν
804 1540 1128 1611 ἐπιτίμησιν
1154 1537 1291 1609 πρὸς
1333 1536 1578 1601 ἐκείνους
1626 1540 1848 1592 ἀποτει·

264 1633 513 1703 νόμενος,
565 1631 804 1696 δεικνὺς,
835 1631 917 1684 ὅτι
963 1632 1161 1684 ἐκεῖνοι
1207 1629 1374 1700 μέχρι
1432 1629 1528 1682 τοῦ
1578 1629 1848 1702 παρόντος

262 1726 360 1778 οὐκ
385 1725 579 1778 είασαν
609 1722 772 1779 αὑτὸν
808 1722 1160 1793 μετανοῆσαι,
1189 1720 1536 1802 καυχώμενοι
1559 1721 1644 1774 ἐπ’
1668 1719 1840 1790 αὐτῷ.

337 1919 359 1954 ι
394 1899 514 1956 Οὐκ
538 1899 716 1954 οἴδατε
750 1899 835 1953 δτι
867 1899 1040 1970 μικρὰ
1069 1897 1220 1971 ζύμη
1262 1898 1383 1952 ὅλον
1411 1896 1474 1956 τὸ
1498 1896 1730 1969 φύραμα
1763 1899 1850 1964 ζυ-

331 1993 430 2045 ἰ.)

333 2008 374 2045 ι.
408 2009 430 2042 ι

265 2008 496 2153 μΩΔηλοί
517 2082 606 2137 διὰ
652 2081 867 2149 τούτου,
896 2081 971 2146 ὡς
993 2083 1094 2135 οὐκ
1156 2081 1372 2135 ἐκείνου
1414 2080 1729 2153 φειδόμενος
1759 2080 1851 2152 μό-

261 2193 350 2230 νον
393 2174 556 2228 τοῦτο
592 2175 760 2238 ποιεῖ,
807 2171 947 2227 ἀλλὰ
985 2173 1082 2226 καὶ
1137 2171 1317 2226 αὐτῶν
1349 2171 1578 2228 τούτων.
1620 2173 1872 2244 Ὅμοιον.

259 2268 314 2322 δὲ
337 2269 419 2330 ὡς
449 2269 500 2320 εί
523 2266 698 2335 λέγοι·
735 2265 801 2321 El.
835 2264 932 2320 καὶ
987 2265 1198 2319 ἐκείνου
1237 2263 1300 2316 τὸ
1329 2264 1656 2336 ἁμάρτημα,
1711 2264 1850 2320 ἀλλὰ

259 2357 638 2430 ἀμελούμενον
686 2355 914 2410 δύναταί
937 2372 998 2410 τε
1038 2356 1131 2409 καὶ
1162 2354 1224 2409 τὸ
1247 2354 1433 2408 λοιπὸν
1478 2355 1579 2426 τῆς
1620 2355 1850 2426 Ἐκκλη-

261 2452 383 2515 σίας
407 2450 570 2521 σῶμα
598 2450 968 2522 λυμήνασθαι.
1017 2450 1186 2505 Ὅταν
1217 2449 1328 2521 γάρ
1348 2451 1378 2502 δ
1405 2450 1622 2521 πρῶτος
1667 2451 1851 2520 ἀμαρ-

259 2539 367 2594 τὼν
425 2541 504 2613 μὴ
547 2539 626 2611 δῷ
655 2541 838 2611 δίκην,
901 2539 1113 2612 ταχέως
1159 2541 1256 2594 καὶ
1300 2540 1480 2610 ἐτεροι
1519 2540 1589 2594 τά
1621 2538 1849 2595 τοιαῦτα

260 2631 596 2703 πλημμελοῦ
605 2648 678 2685 σι.

339 2743 357 2776 ι
397 2722 605 2778 Ἐκκαθ
615 2723 786 2795 ἁρατε
812 2717 908 2778 οὖν
929 2722 1029 2793 τὴν
1051 2721 1288 2777 παλαιὰν
1312 2721 1512 2794 ζύμην.
1540 2741 1562 2776 ι

331 2813 648 2879 Τουτέστιν,
672 2814 764 2869 τὸν
793 2814 1034 2887 πονηρὸν
1064 2814 1272 2868 τοῦτον.
1309 2813 1531 2870 Μᾶλλον
1553 2813 1612 2866 δὲ
1633 2811 1696 2866 οὐ
1717 2811 1849 2884 περὶ

258 2905 467 2960 τούτου
509 2903 673 2976 μόνον
715 2906 904 2975 φησὶν,
960 2903 1100 2959 ἀλλά
1150 2906 1247 2960 καὶ
1293 2904 1488 2966 ἀλλους
1531 2907 1848 2960 αίνίττεται.

261 2994 347 3051 Οὐ
379 2997 491 3067 γὰρ
526 2995 754 3067 πορνεία
783 2996 941 3066 μόνον
963 2995 1172 3050 παλαιὰ
1203 2993 1352 3066 ζύμη
1371 3035 1386 3060 ,
1417 2995 1556 3050 ἀλλὰ
1581 2997 1676 3051 καὶ
1699 2997 1849 3050 πᾶσα

262 3089 453 3142 κακία.
481 3089 595 3143 Καὶ
624 3089 723 3142 ούκ
745 3083 890 3154 εἳπε,
914 3087 1227 3160 Καθάρατε,
1252 3088 1406 3154 ἀλλὰ,
1425 3088 1843 3159 Ἐκκάθαρατεο
1872 3113 1918 3176 α

275 3180 306 3232 ὃ
326 3181 501 3244 ἐστιν,
545 3179 685 3248 μετά
715 3179 1003 3251 ἀκριϐείας
1037 3179 1346 3250 καθάρατε,
1375 3179 1518 3232 ὥστε
1551 3179 1688 3250 μηδέ
1735 3179 1846 3234 λεί-

258 3270 456 3341 ψανον,
487 3269 628 3342 μηδὲ
667 3271 839 3326 σκιὰν
877 3266 1018 3327 εἶναι
1045 3261 1324 3343 τοιαύτην.

337 3466 356 3500 ι
389 3449 515 3503 Ἵνα
540 3442 642 3520 ἦτε
671 3448 792 3503 νέον
819 3447 1073 3520 φύραμα,
1101 3448 1286 3514 καθώς
1318 3449 1443 3502 ἐστε
1468 3449 1690 3520 ἄζυμοι.
1716 3466 1736 3502 ι

328 3538 496 3607 Δηλοῐ
547 3537 644 3591 καὶ
689 3537 944 3608 ἐμφαίνει
973 3539 1036 3591 οὐ
1091 3539 1298 3610 σφόδρα
1348 3538 1560 3594 πολλῶν
1614 3536 1848 3610 κρατοῦ-

258 3648 360 3685 σαν
389 3629 489 3701 τὴν
516 3631 734 3685 κακίαν.
763 3631 827 3684 Εί
859 3631 916 3684 δέ
949 3631 1123 3699 λέγει,
1178 3631 1385 3697 Καθὼς
1436 3630 1580 3685 ἐστε
1611 3628 1842 3700 ἄζυμοι,

253 3723 319 3775 οὐ
353 3722 523 3775 τοῦτο
539 3721 688 3790 λέγει
709 3722 793 3774 ὅτι
818 3722 1019 3786 πάντες
1047 3718 1188 3793 ἦσαν
1206 3722 1460 3794 καθαροὶ,
1489 3722 1627 3776 ἀλλά
1649 3720 1848 3786 Καθὼς

253 3811 467 3884 πρέπει
489 3805 630 3866 εἶναι
659 3810 824 3882 ὑμᾶς.

332 3945 354 3979 ε
394 3926 510 3980 Καὶ
536 3925 646 3997 γὰρ
666 3927 726 3979 τδ
751 3923 941 3997 Πάσχα
965 3925 1122 3997 ἡμῶν
1150 3925 1293 3997 ὑπὲρ
1317 3926 1478 3997 ἡμῶν
1504 3923 1675 3997 ἐτύθη
1705 3927 1845 3998 Χρι-

254 4018 417 4085 στὸς,
451 4017 596 4072 ὥστε
631 4017 1003 4089 ἑορτάζωμεν,
1048 4019 1123 4088 μὴ
1151 4020 1208 4072 ἐν
1254 4016 1404 4090 ζύμῃ
1451 4019 1677 4091 παλαιᾷ,
1710 4019 1848 4090 μηδὲ

252 4110 315 4162 ἐν
341 4108 500 4182 ζύμῃ
534 4109 734 4172 κακίας
763 4114 860 4164 καὶ
899 4109 1188 4180 πονηρίας,
1215 4109 1333 4164 ἀλλ’
1357 4111 1415 4163 ἐν
1454 4108 1684 4179 ἀζύμοις
1713 4108 1847 4162 είλιο

254 4200 514 4270 κρινείας
541 4200 638 4253 καὶ
667 4199 950 4270 ἀληθείας.
971 4200 1229 4271 Ἔγραψα
1255 4201 1384 4268 ὑμῖν
1411 4199 1469 4252 ἐν
1492 4202 1558 4270 τῇ
1588 4199 1846 4272 ἐπιστολῇ

258 4292 340 4362 μὴ
377 4291 888 4361 συναναμίγνυσθαι
937 4291 1178 4362 πόρνοις.
1227 4291 1340 4344 Καὶ
1377 4290 1437 4342 οὐ
1481 4290 1702 4352 πάντως
1733 4291 1846 4354 τοῖς

257 4385 490 4455 πόρνοις
522 4383 617 4437 τοῦ
661 4383 871 4453 κόσμου
921 4383 1135 4448 τούτου,
1167 4382 1200 4453 ἢ
1233 4385 1350 4445 τοῖς
1404 4381 1776 4448 πλεονέκταις,
1809 4381 1844 4452 ἦ

261 4475 533 4546 ἅρπαξιν,
567 4475 602 4547 ἢ
635 4475 1078 4544 είδωλολάτραις.
1115 4494 1135 4527 ι

330 4589 460 4642 Τῶν
486 4588 816 4660 εὐεργεσιῶν
839 4589 1002 4643 πάλιν
1025 4588 1427 4659 ἀναμιμνήσκει
1444 4585 1660 4650 αὐτούς.
1688 4587 1843 4658 Ἐορ-

256 4679 366 4748 τῆς
388 4678 522 4750 γὰρ,
551 4680 735 4749 φησὶν,
764 4680 1007 4750 ό.παρὼν
1035 4679 1246 4749 καιρός.
1270 4677 1369 4732 Διά
1399 4678 1452 4731 τί
1477 4678 1534 4730 δέ
1559 4676 1720 4732 πάλιν
1745 4679 1842 4748 τὴν

257 4770 445 4898 ζὲὸμην
499 4770 688 4838 καλεῖ,
743 4771 777 4842 ἢ
831 4772 920 4827 διὰ
967 4771 1031 4824 τὸ
1081 4771 1174 4826 τὸν
1212 4769 1367 4842 ἡμῶν
1429 4769 1543 4841 βίον
1602 4769 1842 4842 τοιοῦτον

257 4876 404 4912 ειναι
422 4877 439 4925 ;

329 4991 351 5023 ‹
389 4973 548 5025 Ἐπεὶ
593 4973 854 5043 ὠφείλετε
889 4973 998 5045 ἄρα
1032 4973 1126 5027 τοῦ
1186 4973 1392 5044 κόσμου
1436 4962 1841 5037 ἐξελθεῖν.’Νὖν

253 5064 312 5116 δὲ
337 5064 562 5134 ἔγραψα
597 5063 745 5134 ὑμῖν,
781 5066 856 5135 μὴ
889 5066 1414 5134 συναναμίγνυσθαι,
1447 5066 1542 5119 ὲάν
1571 5082 1654 5128 τις
1687 5063 1842 5118 ἀδελ-

256 5157 355 5223 φὸς
386 5155 821 5226 ὀνομαζόμενος,
858 5157 890 5226 ἢ
929 5159 1149 5229 πόρνος,
1185 5157 1219 5228 ἦ
1260 5157 1610 5225 πλεονέκτης.
1647 5174 1665 5207 ι

331 5374 456 5427 ἰνα
489 5372 599 5442 γὰρ
637 5371 715 5442 μὴ
748 5371 1090 5442 νομίσαντες,
1113 5373 1195 5426 ὅτι
1220 5373 1298 5436 ὡς
1332 5371 1704 5442 ἀτελεστέροις
1738 5371 1840 5424 αύ-

258 5465 372 5526 τοίς
403 5461 570 5516 τοῦτο
597 5463 700 5515 οὐκ
721 5462 1006 5528 ἐπέταξεν,
1034 5464 1129 5516 καὶ
1160 5463 1236 5526 ὡς
1274 5462 1471 5515 τέλειοι
1503 5463 1664 5532 δῆθεν
1684 5461 1842 5515 αὐτοὶ⁸

259 5555 470 5621 πρᾶξαι
516 5555 951 5625 ἐπιχειρήσουσι,
988 5553 1263 5611 δείκνυσιν
1314 5555 1397 5608 ὅτι
1445 5555 1568 5608 οὐδὲ
1622 5553 1842 5608 δύναται

335 5721 380 5752 ⁸⁵
410 5689 512 5784 Job
571 5743 630 5794 tt,
661 5725 716 5783 6.

1867 4451 1921 4510 D

1947 529 2057 584 alio
2107 533 2325 587 morbo.
2380 532 2558 602 Atque
2604 534 2708 588 hoc
2739 535 2924 604 ipsum
2963 534 3074 592 Deo
3100 537 3361 606 placitum
3395 537 3522 604 fuit,

1949 630 2011 675 ut
2057 622 2180 691 ejus
2202 638 2330 678 caro
2367 625 2728 696 plecteretur.
2762 624 2903 688 Nam
2933 628 3060 696 quia
3083 644 3146 683 ex
3171 645 3339 684 carne
3361 631 3522 700 cupi-

1949 710 2154 766 ditates
2191 714 2522 784 gignuntur,
2556 714 2699 768 hanc
2731 715 2887 785 punit
2917 731 3028 784 quo
3068 720 3255 774 salvus
3292 722 3522 791 spiritus

1951 801 2062 856 ﬁat.
2087 803 2357 860 Caeterum
2392 807 2448 860 in
2483 820 2548 862 ea
2599 807 2692 862 die
2725 816 2876 862 recte
2909 823 3138 878 prorsus
3189 821 3242 865 et
3271 815 3522 883 apposite

1949 897 2274 950 memoriam
2323 897 2405 953 eis
2453 897 2721 966 perfricat
2773 899 2924 955 illius
2986 900 3094 955 diei
3124 902 3338 970 futurae,
3369 916 3427 960 ut
3465 913 3521 961 et

1948 985 2052 1054 ipsi
2083 987 2345 1044 libentius
2370 989 2788 1060 promptiusque
2824 990 3094 1046 medelam
3128 993 3373 1047 atl'erant.
3398 993 3520 1049 Jam

1947 1093 2081 1133 vero
2113 1080 2332 1136 diabolo
2355 1082 2505 1152 leges
2529 1091 2775 1139 statuere
2801 1085 3046 1150 videtur,
3075 1101 3240 1155 quem
3269 1101 3370 1142 nec
3399 1102 3521 1156 per-

1949 1172 2131 1226 mittat
2179 1173 2420 1231 ulterius
2471 1177 2812 1246 procedere;
2850 1194 2960 1248 quo
2987 1179 3152 1249 plane
3185 1179 3352 1233 modo
3376 1179 3521 1236 Deus

1941 1258 2010 1314 de
2035 1258 2160 1324 Job,
2193 1263 2374 1317 aiebat
2403 1279 2420 1320 :
2456 1263 2829 1322 Verumtamen
2858 1270 3093 1324 animum
3127 1272 3275 1329 illius
3305 1290 3368 1329 ne
3396 1275 3518 1330 teti-

1941 1348 2079 1417 geris
2114 1347 2182 1402 “.

2023 1443 2188 1500 Vsus.
2221 1444 2277 1499 6.
2321 1465 2339 1497 ι
2367 1444 2488 1502 Non
2525 1454 2610 1503 est
2638 1448 2783 1502 bona
2813 1448 3074 1519 gloriatio
3105 1461 3314 1505 vestra.
3353 1469 3375 1502 ι

2020 1534 2317 1608 Subjungit
2350 1539 2546 1594 iterum
2601 1539 3058 1609 increpationem,
3112 1556 3420 1596 sermonem
3453 1541 3522 1597 ad

1949 1627 2072 1683 illos
2120 1629 2422 1684 extendens
2473 1644 2616 1699 quos
2648 1631 2890 1686 declarat
2941 1632 2997 1685 in
3030 1645 3198 1686 causa
3235 1633 3425 1698 fuisse,
3461 1642 3522 1688 ut

1947 1733 2074 1774 eum
2104 1733 2212 1774 non
2248 1721 2560 1790 paeniteret,
2597 1735 2723 1775 cum
2761 1729 2988 1792 propter
3010 1723 3188 1792 ipsum
3218 1723 3524 1793 gloriaren-

1952 1816 2068 1864 tur.

2025 1921 2046 1954 ι
2074 1899 2310 1957 Nescitis
2353 1902 2484 1972 quia
2507 1901 2784 1959 modicum
2817 1902 3144 1959 fermentum
3179 1911 3346 1961 totam
3378 1919 3521 1961 mas-

1952 2009 2068 2050 sam
2102 1995 2432 2064 corrumpit.
2471 2011 2492 2046 ι

2023 2085 2122 2142 His
2158 2086 2342 2140 verbis
2368 2085 2639 2153 declarat,
2670 2101 2782 2140 non
2817 2086 2980 2141 modo
3011 2101 3071 2140 se
3101 2085 3180 2139 illi
3209 2085 3520 2157 indulgere,

1952 2180 2050 2234 sed
2075 2187 2134 2232 et
2155 2177 2236 2232 eis
2267 2177 2422 2247 ipsis.
2451 2173 2615 2231 Velut
2636 2175 2684 2232 si
2708 2176 2918 2231 diceret
2945 2191 2960 2228 :
2994 2173 3235 2230 Tametsi
3262 2175 3352 2230 ille
3369 2177 3522 2231 solus

1949 2276 2242 2342 peccatum
2295 2266 2560 2334 admisit,
2590 2273 2830 2322 attamen
2883 2266 2929 2320 si
2977 2265 3310 2336 negligatur,
3346 2273 3523 2321 totum

1949 2360 2215 2430 deinceps
2283 2357 2546 2414 Ecclesiae
2614 2356 2952 2412 labefactare
3031 2370 3236 2427 corpus
3319 2363 3522 2427 potest.

1949 2451 2230 2518 Quantum
2285 2450 2440 2506 enim
2491 2448 2583 2504 ille
2631 2447 2727 2518 qui
2763 2449 2980 2518 primus
3010 2448 3342 2518 peccaverit,
3374 2445 3522 2500 haud

1949 2555 2146 2611 ptenas
2201 2537 2549 2611 persolverit,
2591 2535 2684 2591 alii
2715 2537 2903 2592 statim
2945 2535 3313 2592 consimiliter
3347 2533 3528 2590 delin-

1949 2639 2149 2703 quunL

2022 2722 2189 2776 Vens.
2227 2719 2279 2774 7.
2315 2737 2338 2770 ε
2378 2717 2690 2789 Expurgate
2713 2725 2871 2773 vetus
2903 2716 3252 2773 fermentum.
3287 2734 3307 2768 ι

2015 2814 2080 2869 ἰιι
2103 2820 2211 2877 est,
2243 2812 2393 2866 hunc
2447 2811 2767 2867 scelestum.
2831 2807 2928 2864 Vel
2963 2809 3146 2879 potius
3177 2822 3286 2863 non
3317 2807 3386 2863 de
3419 2807 3526 2864 hoc

1951 2905 2337 2964 tantummodo
2364 2903 2630 2976 loquitur,
2665 2903 2762 2958 sed
2793 2909 2848 2957 et
2877 2901 3018 2956 alios
3043 2901 3250 2954 innuit.
3281 2898 3401 2953 Non
3433 2913 3526 2954 so-

1951 2998 2065 3052 lum
2099 2996 2244 3051 enim
2274 2995 2606 3051 fermentum
2637 3002 2795 3048 vetus
2818 3000 2903 3047 est
2929 2991 3218 3054 scortatio,
3237 2990 3334 3044 sed
3361 2990 3526 3043 etiam

1951 3087 2135 3143 omnis
2161 3085 2428 3156 nequitia.
2453 3082 2644 3154 Neque
2659 3084 2802 3138 dixit
2838 3097 2853 3134 :
2885 3090 3137 3154 purgate,
3172 3081 3292 3144 sed,
3325 3096 3526 3148 expur-

1948 3176 2284 3252 gatuquod
2334 3175 2478 3230 idem
2533 3183 2620 3230 est
2647 3188 2736 3238 ac,
2770 3174 3062 3244 diligenter
3113 3173 3434 3237 emundate,
3467 3180 3527 3227 ut

1948 3287 2020 3329 ne
2043 3268 2178 3342 quid
2205 3267 2482 3338 reliquum
2513 3265 2814 3338 ejusmodi,
2870 3280 3052 3335 neque
3093 3265 3180 3321 vel
3209 3265 3403 3321 umbra
3426 3279 3526 3321 su-

1947 3359 2145 3428 parsit.

2023 3467 2042 3501 ι
2067 3447 2139 3504 Ut
2166 3449 2292 3506 sitis
2342 3463 2487 3504 nova
2543 3445 2892 3516 conspersio,
2931 3446 3070 3502 sicut
3099 3447 3235 3503 estis
3263 3449 3463 3518 azymi.
3498 3467 3519 3502 ι

2018 3541 2276 3598 Declarat
2302 3548 2359 3596 et
2387 3539 2568 3611 palam
2599 3545 2860 3602 testatur,
2903 3539 3051 3593 hanc
3073 3540 3340 3594 malitiam
3376 3541 3524 3610 apud

1947 3634 2150 3690 multos
2177 3640 2485 3704 grassatam
2511 3645 2622 3686 non
2651 3645 2798 3686 esse.
2831 3628 3076 3685 Tametsi
3105 3645 3236 3686 vero
3263 3631 3361 3694 ait,
3384 3633 3525 3686 sicut

1945 3726 2072 3781 estis
2105 3724 2306 3795 azymi,
2342 3723 2449 3778 hoc
2477 3735 2586 3775 non
2619 3719 2840 3785 annuit,
2905 3735 3101 3776 omnes
3129 3736 3254 3777 esse
3285 3723 3538 3788 mundos,

1947 3817 2070 3884 sed,
2099 3813 2566 3886 quemadmodum
2593 3829 2693 3870 vos
2708 3827 2834 3868 esse
2864 3827 3034 3883 puros
3053 3811 3236 3868 decet.

2019 3930 2129 4002 79
2168 3948 2186 3981 ι
2218 3927 2433 3984 Etenim
2463 3926 2674 3982 Pascha
2709 3932 2958 3980 nostrum
3001 3939 3100 3994 pro
3132 3925 3293 3979 nobis
3325 3924 3525 3980 immo-

1947 4022 2092 4077 latus
2121 4026 2205 4075 est
2232 4017 2511 4073 Christus.
2539 4013 2738 4087 [Vsas.
2775 4013 2958 4087 8-40.]
2992 4014 3184 4084 Itaque
3233 4014 3523 4084 epulemur

1947 4127 2055 4168 non
2087 4111 2143 4166 in
2165 4109 2439 4166 fermento
2472 4109 2664 4174 veteri,
2699 4122 2878 4177 neque
2907 4108 2964 4161 i-n
2995 4105 3272 4162 fermento
3295 4109 3522 4163 malitia:

1946 4213 2001 4259 et
2033 4201 2313 4272 nequitia,
2355 4199 2452 4255 sed
2479 4199 2534 4253 in
2565 4199 2774 4268 azymis
2801 4196 3138 4252 sinceritatis
3164 4207 3217 4252 et
3246 4197 3519 4254 veritatis.

1949 4293 2160 4363 Scripsi
2187 4291 2345 4346 vobis
2369 4291 2426 4345 in
2454 4289 2690 4359 epistola
2717 4303 2789 4344 ne
2825 4288 3298 4342 commisceamini
3345 4287 3524 4344 l'orni-

1948 4385 2152 4439 cariis:
2184 4397 2294 4438 non
2329 4380 2554 4452 penitus
2593 4380 2909 4436 furnicariis
2959 4379 3124 4449 hujus
3155 4380 3364 4444 mundi,
3427 4390 3522 4436 aut

1949 4480 2156 4546 avaris,
2187 4486 2283 4534 aut
2302 4476 2617 4549 rapacibus,
2650 4484 2744 4530 aut
2783 4474 2950 4532 idolis
2978 4475 3374 4531 servientibus.
3415 4496 3434 4527 ι

2020 4593 2148 4648 Illos
2174 4589 2374 4646 iterum
2426 4585 2822 4643 beneﬁciorum
2855 4584 3134 4641 admonet.
3186 4583 3524 4643 Festivitatis

1948 4682 2098 4740 enim
2131 4687 2185 4737 et
2207 4678 2354 4750 epuli
2383 4684 2604 4746 tempus
2629 4684 2736 4743 est,
2779 4675 2982 4744 inquit.
3015 4673 3194 4730 Eccur
3233 4663 3366 4730 vero
3401 4693 3524 4731 rur-

1949 4791 2071 4832 sum
2108 4774 2442 4829 fermentum
2480 4769 2755 4834 nominat,
2781 4767 2888 4824 nisi
2917 4766 3067 4838 quod
3102 4767 3374 4836 ejusmodi
3408 4769 3516 4823 vita

1948 4874 2135 4922 nostra
2160 4863 2279 4919 sit?

2025 4998 2043 5031 ι
2097 4974 2316 5047 Alioqui
2378 4972 2696 5030 debueratis
2748 4972 2816 5028 de
2873 4972 2981 5028 hoc
3026 4973 3236 5028 mundo
3290 4974 3520 5031 exiisse.

1946 5070 2146 5145 [νεεδ.
2179 5064 2293 5138 ll.)
2317 5062 2472 5119 Nunc
2499 5072 2682 5118 autem
2743 5061 2944 5132 scripsi
2983 5061 3166 5125 vobis,
3215 5077 3325 5116 non
3371 5077 3524 5117 com-

1947 5160 2199 5226 misceri,
2233 5158 2280 5213 si
2313 5157 2360 5213 is
2396 5155 2493 5226 qui
2526 5154 2697 5209 frater
2726 5153 3062 5218 nominatur,
3086 5161 3171 5208 est
3201 5151 3521 5219 fornicator,

1949 5265 2043 5310 aut
2075 5265 2296 5306 avarus.
2333 5268 2353 5301 ι

2021 5363 2100 5419 Ne
2127 5361 2534 5421 existimarent,
2562 5358 2668 5411 hoc
2703 5357 2811 5411 sibi
2840 5357 2992 5411 velut
3021 5354 3524 5425 imperfectioribus

1950 5457 2022 5512 ab
2076 5456 2197 5524 ipso
2236 5464 2346 5505 non
2407 5447 2578 5503 fuisse
2634 5454 2993 5515 praeceptum,
3052 5445 3197 5513 quod
3258 5452 3524 5511 tanquam

1949 5545 2184 5618 perfecti
2218 5548 2485 5614 prastare
2513 5536 2970 5610 aggrederentur,
3006 5534 3251 5592 ostendit
3281 5536 3525 5590 nullate-
