3972 6396
400 308 503 371 ﬁll

1552 324 1615 383 S-
1655 321 1980 384 JOANNIS
2018 323 2454 386 DAMASCENI

3566 327 3679 391 612

407 451 515 494 nus
543 434 597 492 id
629 448 794 508 posse
827 435 970 503 ﬂeri,
999 434 1226 494 etiamsi
1259 433 1396 516 totis
1418 432 1636 490 viribus
1670 433 1994 489 adniteren-

2130 434 2255 489 οῦτο
2304 436 2601 504 γενέσθαι,
2650 437 2789 492 οὐδὲ·
2819 437 2870 492 εί
2923 439 3128 511 σφόδρα
3166 439 3440 510 βούλοιντο
3467 482 3483 506 ,
3526 443 3678 504 ἐπεὶ,

407 537 521 583 tur.
558 528 732 595 Alias,
779 529 983 600 inquit,
1035 528 1193 586 orbis
1245 526 1386 583 alter
1448 525 1782 598 quaerendus
1827 523 1992 581 nobis

2130 527 2287 597 μησὶν,
2327 528 2523 599 ἑτέραν
2552 529 2881 601 οἰκουμένην
2911 529 3022 584 ἔδει
3059 529 3314 602 ζητῆσαι.

411 621 643 767 r(“iiut
670 711 832 768 idolis
852 726 1116 779 semens,
1140 721 1234 768 aut
1259 711 1575 779 maledicus,
1602 718 1698 768 aut
1714 710 1991 780 ebriosus,

411 812 507 860 aut
534 818 727 876 rapax,
757 818 882 860 cum
909 804 1181 874 ejusmodi
1209 821 1309 863 nec
1339 805 1523 862 cibum
1555 818 1796 861 sumere.
1830 821 1850 858 ι

477 891 582 948 Hic
607 892 966 959 interseruit,
1015 891 1425 961 antevertitque
1455 904 1791 956 sermonem,
1829 902 1993 959 que

2176 717 2197 751 ι
2224 700 2297 753 Ἦ
2343 699 2761 774 εἰδωλολάτρης,
2791 701 2824 774 ἢ
2855 703 3120 776 λοίδορος,
3161 705 3195 777 ἢ
3229 706 3543 780 μέθυσος,ῆ
3571 708 3684 778 ἆρ-

2096 791 2232 857 παξ,
2264 792 2344 864 τῷ
2377 792 2609 866 τοιούτῳ
2640 795 2715 864 μὴ
2748 795 3102 852 συνεσθίειν.»

2182 883 2309 938 Ἐπὶ
2348 884 2564 950 τούτοις
2614 887 2917 960 παρέμιξεν
2978 891 3074 944 καὶ
3123 890 3533 962 προκατέλασεν
3583 891 3686 945 τὸν

411 989 574 1060 paulo
603 995 730 1059 post
753 987 938 1045 dedita
965 1001 1134 1058 opera
1174 985 1244 1042 de
1287 985 1557 1042 carnibus
1596 984 1760 1043 idolis
1799 984 1999 1040 immo-

2130 978 2232 1048 περὶ
2260 978 2370 1032 τῶν
2424 979 2796 1034 εἰδωλοθύτων
2845 981 3027 1051 λόγον,
3077 985 3140 1040 δν
3195 985 3393 1057 μικρὸν
3448 983 3688 1059 ὕστερον

412 1080 540 1136 latis
579 1079 876 1134 habiturus
907 1085 1016 1134 est.

482 1169 652 1227 Vens.
688 1171 775 1224 12.
811 1189 832 1222 ι
869 1168 1016 1236 Quid
1045 1168 1192 1225 enim
1240 1166 1379 1223 mihi
1409 1175 1466 1223 et
1496 1167 1564 1224 de
1607 1167 1681 1224 iis
1720 1167 1816 1239 qui
1863 1166 2000 1224 foris

413 1269 543 1317 sunt
569 1259 1088 1332 judicare‘iuonne
1125 1261 1195 1316 de
1249 1260 1319 1318 iis
1368 1261 1465 1333 qui
1512 1261 1666 1316 intus
1716 1266 1848 1316 sunt
1897 1274 2000 1316 vos

411 1353 722 1424 judicatis?
753 1370 773 1405 ι

484 1442 592 1498 Eos
631 1442 728 1513 qui
750 1442 900 1499 intus
934 1447 1088 1504 sunt,
1117 1448 1172 1498 et
1201 1456 1299 1499 eos
1329 1442 1423 1514 qui
1468 1442 1610 1499 foris
1645 1450 1797 1508 sunt,
1840 1441 2002 1498 Chri-

415 1533 634 1589 stianos
662 1541 718 1588 et
739 1534 976 1604 gentiles
1000 1540 1184 1588 vocat.

484 1621 657 1677 Vsus.
685 1622 774 1678 15.
823 1642 842 1676 ι
879 1621 1016 1677 Nam
1063 1638 1164 1679 eos
1211 1621 1309 1694 qui
1353 1621 1490 1680 foris
1533 1630 1689 1690 sunt,
1739 1622 2003 1680 Dominus

408 1713 708 1788 jzldicabit.
746 1731 766 1766 ι

485 1780 624 1859 Cum
655 1804 804 1860 enim
833 1803 1107 1860 dixisset:
1142 1802 1289 1870 Quid
1343 1818 1465 1860 mea
1509 1802 1681 1861 refert
1708 1804 1777 1862 de
1812 1805 1881 1860 iis
1905 1807 2002 1878 qui
2031 1772 2078 1834 Β

415 1895 550 1950 foris
582 1904 714 1951 sunt
735 1893 1032 1964 judicare-2
1069 1911 1138 1952 ne
1165 1896 1295 1968 quis
1345 1896 1715 1953 arbitraretur
1769 1912 1868 1955 eos
1901 1900 2005 1954 im-

415 2001 560 2055 pune
611 1985 843 2053 dimitti,
908 1985 1092 2042 forum
1145 1987 1256 2044 hoc
1322 1987 1474 2044 aliud
1519 1988 1844 2047 terribilius"
1893 1991 2026 2048 illis.

413 2075 728 2131 constituit.

485 2164 605 2222 Hoc
635 2175 820 2222 autem
853 2166 1014 2232 dixit,
1067 2174 1130 2222 ut
1165 2167 1334 2224 simul
1379 2175 1436 2225 et
1466 2169 1595 2226 illos
1645 2177 1897 2240 terreret,
1950 2179 2006 2230 et

365 2314 369 2316 ν
417 2254 520 2310 hos
545 2256 956 2311 consolaretur.
977 2255 1348 2328 Ostenditque
1370 2261 1767 2330 temporariam
1792 2261 2006 2318 hancce

419 2359 640 2415 pinnam
677 2347 747 2402 ab
791 2356 997 2403 aeterna
1043 2349 1282 2418 eripere.
1329 2348 1490 2415 Quod
1521 2360 1575 2406 et
1629 2351 1687 2407 in
1717 2351 1826 2409 alio
1883 2353 2007 2410 loco

418 2437 663 2493 ιιιοιοτει
696 2439 929 2496 dicens:
969 2438 1129 2494 Nunc
1163 2449 1339 2495 autem
1372 2457 1493 2495 cum
1513 2443 1851 2514 iudicamur,
1883 2461 2006 2502 cor-

419 2529 662 2598 ripimur,
703 2548 765 2586 ne
797 2548 916 2586 cum
945 2532 1042 2587 hoc
1071 2535 1270 2589 mundo
1305 2535 1621 2591 damnentur
1648 2535 1720 2594 ⁸⁵.

494 2722 514 2762 ι
552 2704 619 2760 Et
653 2706 871 2765 auferte
900 2708 1107 2765 malum
1149 2724 1218 2766 ex
1245 2710 1410 2770 vobis
1444 2711 1603 2784 ipsis.
1642 2729 1665 2767 ι

488 2797 896 2857 Testimonium
947 2802 1111 2859 ail‘ert
1154 2819 1224 2859 ex
1263 2805 1639 2862 instrumento
1693 2806 1893 2877 veteri,
1945 2814 2011 2864 ut

418 2892 702 2958 ostendat,
764 2895 868 2949 hoc
928 2895 1346 2952 innovationem
1413 2911 1528 2952 non
1579 2911 1728 2964 esse,
1767 2897 1866 2954 sed
1931 2899 2010 2954 ita

419 2985 698 3054 quondam
727 2986 994 3043 traditum
1021 3002 1149 3046 esse
1181 2989 1511 3060 legislatori.

1057 3122 1212 3178 CAP.
1251 3122 1343 3180 Vl.

1934 3231 1957 3255 ο

497 3269 666 3327 Vens.
722 3273 774 3326 l.
815 3291 834 3325 ι
873 3274 1052 3331 Audet
1084 3276 1291 3348 aliquis
1329 3286 1571 3334 vestrum
1600 3278 1812 3337 habens
1832 3294 2006 3352 nego-

418 3363 556 3418 tium
588 3363 859 3423 adversus
892 3368 1152 3438 alterum,
1197 3369 1437 3440 iudicari
1467 3371 1616 3444 apud
1672 3374 1894 3446 iniquos
1950 3382 2008 3430 et

421 3469 530 3509 non
561 3457 704 3525 apud
734 3467 981 3515 sanctos.
1026 3478 1046 3512 ι

489 3547 764 3614 Quoniam
797 3551 865 3606 de
896 3552 1081 3607 avaris
1115 3553 1163 3608 ei
1190 3568 1374 3609 sermo
1407 3551 1613 3620 fuerat,
1658 3570 1768 3626 qua
1810 3565 2010 3614 aestua-

420 3640 516 3696 bat
545 3643 925 3698 sollicitudine
953 3645 1270 3714 corrigendi
1304 3657 1654 3720 peccatores,
1687 3662 1800 3703 non
1832 3651 2008 3706 susti-

420 3742 517 3788 net
546 3733 796 3788 ordinem
831 3748 1082 3802 servare,
1119 3737 1219 3792 sed
1251 3744 1548 3807 peccatum
1580 3740 1728 3810 quod
1769 3742 1827 3796 in
1877 3757 2008 3798 ora-

419 3821 594 3876 tionis
622 3823 769 3877 serie
803 3823 1133 3894 adduxerat,
1165 3827 1271 3883 hoc
1293 3829 1478 3886 denuo
1501 3833 1753 3904 corrigit,
1778 3844 2009 3907 tumque

422 3909 491 3964 ad
518 3909 572 3964 id
600 3913 750 3982 quod
796 3927 1184 3984 praecesserat,
1241 3921 1558 3977 revertitur.
1605 3923 1774 3995 Atqui
1819 3926 2010 3982 videas

421 4001 710 4072 quomodo
739 4017 855 4059 rem
884 4005 1005 4062 suis
1036 4007 1356 4065 nominibus
1399 4013 1710 4082 explicans,
1745 4025 1860 4070 tum
1915 4016 2012 4074 de-

424 4094 702 4160 hortatur,
764 4102 884 4151 tum
949 4098 1116 4154 etiam
1183 4111 1434 4159 accusat.
1493 4105 1652 4173 Quod
1697 4122 1865 4178 porro
1905 4109 2006 4176 ait,

423 4183 572 4238 hunc
603 4200 834 4242 sensum
871 4186 1062 4244 habet.
1094 4188 1340 4248 Omnino
1365 4194 1548 4264 plane,
1565 4197 1681 4267 jam
1711 4215 1822 4254 non
1845 4215 2009 4270 opor-

421 4287 500 4332 tet
562 4276 711 4346 apud
767 4275 995 4349 iniquos
1057 4279 1270 4351 judicio
1327 4286 1684 4343 contendere.
1747 4289 2009 4361 Nunquid

420 4366 568 4420 enim
597 4382 708 4423 non
729 4367 1034 4425 absurdum
1066 4371 1232 4432 fuerit
1253 4374 1542 4431 inimicum
1576 4378 1804 4449 eligere,
1847 4381 2008 4449 cujus

2030 3111 2078 3172 α

2104 1069 2291 1140 μέλλει
2325 1087 2397 1138 γυ
2406 1071 2654 1141 μνάζειν.

2176 1181 2198 1215 ι
2233 1164 2300 1218 Τί
2331 1166 2442 1238 γάρ
2469 1183 2561 1237 μοι
2585 1168 2819 1234 καὶτοῖς
2841 1167 2948 1235 ἔξω
2973 1168 3216 1241 κρίνειν;
3260 1169 3397 1241 οὐχὶ
3421 1170 3548 1234 τοὺς
3574 1168 3691 1224 [cui

2101 1256 2262 1329 ὑμεῖς
2293 1259 2512 1329 κρίνετε
2533 1277 2548 1327 ;
2585 1279 2605 1313 ι

2173 1436 2317 1502 Τοὺς
2344 1438 2402 1492 δὲ
2436 1437 2547 1494 ἔσω
2574 1441 2673 1495 καὶ
2714 1443 2842 1507 τοὺς
2875 1443 3002 1513 ἔξω,
3032 1443 3163 1510 τοὺς
3193 1445 3558 1518 Χριστιανοὺς
3587 1445 3693 1502 καὶ

2102 1529 2234 1592 τοὺς
2270 1528 2542 1600 ’Έλληνας
2571 1530 2760 1599 καλεῖ;

2181 1637 2201 1673 ι
2227 1621 2370 1686 Τοὺς
2399 1621 2457 1675 δέ
2485 1620 2592 1689 ἔξω
2619 1625 2649 1678 ὁ
2675 1623 2810 1692 Θεδς
2837 1627 3037 1699 κρινεῖ.

2187 1795 2408 1870 Ἐπειδὴ
2433 1797 2543 1872 γὰρ
2572 1797 2714 1866 εἷπε,
2757 1802 2820 1856 Τί
2843 1818 2945 1872 μοι
2971 1801 3236 1870 rorida»
3262 1802 3494 1872 κρίνειν
3505 1819 3524 1868 ;
3569 1803 3694 1858 Ἵνα

2107 1889 2272 1961 μήτις
2324 1892 2529 1966 νομίσῃ
2578 1895 2964 1966 ἀτιμωρήτους
3019 1896 3242 1962 τούτους
3286 1893 3449 1966 εἶναι,
3496 1899 3694 1970 ἕτερον

2103 1979 2456 2055 δικαστήριον
2501 1984 2686 2048 αὐτοῖς
2729 1986 2986 2058 ἐφίστησι
3040 1986 3421 2060 φοϐερώτερον
3470 1987 3693 2045 τούτου.

2182 2165 2354 2222 Τοῦτο
2390 2166 2448 2223 δέ
2472 2162 2655 2232 εἷπεν,
2708 2168 2846 2240 ὁμοῦ
2879 2169 2978 2240 μὲν
3017 2171 3260 2235 ἐκείνους
3298 2171 3504 2242 φοϐῶν,
3549 2173 3694 2244 ὁμοῦ

2105 2259 2164 2316 δὲ
2207 2260 2435 2323 τούτους
2484 2260 3016 2331 παραμυθούμενοςο
3066 2264 3163 2317 καὶ
3205 2263 3481 2318 δείκνυσιν
3523 2265 3606 2319 ὄτι
3657 2267 3696 2337 ή

2108 2350 2332 2414 κόλασις
2365 2349 2503 2421 αὕτη
2537 2352 2572 2421 ἡ
2606 2351 2947 2424 πρόσκαιρος
2982 2354 3084 2425 τῆς
3125 2354 3410 2425 διηνεκοῦς
3441 2357 3698 2428 ἐξαρπά-

2107 2443 2212 2509 ζει.
2245 2444 2312 2497 ’0
2353 2443 2447 2497 καὶ
2471 2441 2652 2514 δηλῶν
2684 2444 2922 2516 ἀλλαχοῦ
2953 2445 3107 2515 ἔλεγε
3134 2464 3148 2479 ·
3182 2449 3334 2502 Νυνί
3373 2448 3442 2503 δὲ
3493 2452 3701 2520 κρινό-

2103 2552 2298 2606 μενοι,
2327 2533 2751 2605 παιδευόμεθα,
2777 2537 2880 2591 ἵνα
2904 2537 2992 2608 μὴ
3020 2539 3144 2594 σὺν
3176 2539 3257 2606 τῷ
3279 2543 3488 2613 κόσμῳ
3513 2560 3700 2598 κατα-

2108 2629 2422 2698 κριθῶμεν.
2969 2698 2974 2700 _

2189 2738 2209 2772 ι
2243 2720 2356 2774 Καὶ
2392 2719 2642 2792 ἐξαρεῖτε
2669 2720 2763 2774 τὸν
2793 2721 3032 2795 πονηρὸν
3059 2722 3118 2788 ἐξ
3145 2723 3301 2794 ὑμῶν
3327 2725 3530 2781 αὐτῶν.
3561 2746 3581 2780 t

2179 2811 2510 2883 Μαρτυρίαν
2537 2813 2602 2866 ἐκ
2628 2811 2734 2882 τῆς
2771 2812 3014 2878 Παλαιᾶς
3051 2814 3256 2886 τίθησι,
3293 2816 3473 2888 δηλῶν
3515 2819 3598 2871 ὅτι
3630 2818 3701 2872 οὗ

2111 2901 2438 2974 καινοτομία
2473 2891 2537 2956 τδ
2567 2902 2804 2970 τοιοῦτο,
2833 2905 2971 2960 ἀλλὰ
3009 2905 3103 2962 καὶ
3129 2907 3338 2962 ἄνωθεν
3367 2909 3520 2982 αὐτῷ
3556 2911 3702 2966 ἔδω-

2111 3009 2210 3046 κεν
2234 2991 2314 3065 τῷ
2334 2993 2624 3068 νομοθέτῃ.

2707 3133 2963 3192 ΚΕΦΔΛ.
3000 3135 3094 3205 (7.

2187 3287 2208 3321 ι
2236 3269 2426 3342 Τολμᾷ
2450 3286 2536 3334 τις
2559 3270 2715 3341 ὑμῶν
2745 3273 2981 3343 πρᾶγμα
3010 3271 3152 3344 έχων
3182 3274 3320 3344 πρὸς
3354 3273 3450 3328 τὸν
3473 3273 3696 3348 ἕτερον,

2108 3360 2396 3433 κρίνεσθαι
2419 3362 2512 3417 ἐπὶ
2533 3362 2644 3417 τῶν
2691 3364 2896 3418 ἀδίκων
2929 3365 3025 3419 καὶ
3049 3365 3151 3418 οὐκ
3179 3365 3272 3421 ἐπὶ
3294 3365 3406 3448 τῷν
3437 3367 3631 3437 ἁγίων.
3672 3387 3692 3420 ι

2177 3545 2317 3616 Περὶ
2343 3545 2684 3600 πλεονεκτῶν
2719 3546 3122 3617 διαλεγόμενος,
3168 3548 3309 3614 ζέων
3340 3551 3404 3622 τῇ
3445 3552 3699 3622 φροντίδι

2108 3637 2210 3708 τῆς
2264 3637 2608 3709 διορθώσεως
2646 3639 2757 3692 τῶν
2801 3640 3247 3713 ἁμαρτανόντων,
3291 3643 3392 3697 οὐκ
3437 3643 3698 3716 ἀνέχεται

2107 3728 2440 3800 διατηρῆσαι
2473 3728 2664 3794 τάξιν’
2702 3730 2838 3784 ἀλλὰ
2864 3731 2928 3784 τὸ
2952 3733 3017 3784 ἐκ
3047 3732 3146 3802 τῆς
3174 3731 3500 3797 ἀκολουθίας
3525 3735 3700 3805 ἀχθὲν

2109 3822 2193 3884 είς
2227 3821 2395 3891 μέσον
2444 3823 2752 3895 ἁμάρτημα
2806 3823 3115 3895 διορθοῦται
3166 3824 3354 3890 πάλιν,
3386 3825 3483 3880 καὶ
3515 3822 3698 3892 οὕτως

2107 3910 2202 3964 ἐπὶ
2233 3909 2296 3964 τὸ
2349 3912 2616 3983 πρότερον
2669 3913 2968 3973 ἐπάνεισιν.
2999 3915 3143 3985 Ὅρα
3199 3915 3258 3968 δὲ
3302 3914 3422 3978 πῶς
3470 3915 3534 3969 ἐκ
3584 3916 3699 3986 τῶν

2108 4001 2392 4070 ὀνομάτων
2423 4000 2739 4072 γυμνάζων,
2773 4003 2871 4058 καὶ
2900 4004 3204 4075 ἀποτρέπει
3231 4005 3328 4059 καὶ
3349 4007 3594 4076 ἐγκαλεῖ.
3625 4007 3710 4062 Ὃ

2107 4089 2164 4143 δέ
2202 4089 2352 4160 λέγει
2385 4092 2629 4148 τοιοῦτόν
2672 4094 2844 4161 ἐστιν,
2883 4095 2966 4148 ὅτι
2994 4095 3246 4149 Μάλιστα
3274 4097 3374 4164 μὲν
3417 4098 3518 4167 ἤδη
3571 4099 3700 4170 κρί-

2109 4182 2299 4235 νεσθαι
2325 4184 2418 4236 ἐπὶ
2459 4184 2568 4238 τῶν
2600 4183 2804 4238 ἀδίκων
2839 4187 2902 4238 οὐ
2927 4186 3039 4239 δεῖο
3077 4186 3194 4250 πῶς
3227 4188 3336 4258 γὰρ
3361 4189 3460 4241 οὐκ
3482 4189 3701 4243 «ἄτοπον

2110 4273 2248 4344 πρὸς
2270 4275 2363 4329 τὸν
2385 4274 2541 4344 φίλον
2568 4276 3014 4347 μικροψυχοῦντα
3035 4276 3129 4332 τὸν
3155 4279 3350 4350 ἐχθρὸν
3369 4279 3701 4350 διαλλάκτην

2108 4363 2450 4434 λαμϐάνεινς
2510 4365 2544 4435 ἢ
2602 4366 2720 4429 πῶς
2748 4367 2850 4420 οὐκ
2879 4369 3112 4442 αίσχύνῃ
3133 4369 3228 4422 καὶ
3257 4370 3536 4442 ἐρυθριᾷς,
3568 4371 3704 4424 ὅταν

421 4469 591 4524 opera
620 4470 747 4512 cum
795 4457 984 4528 pusilli
1035 4461 1206 4516 animi
1260 4464 1438 4520 amico
1457 4465 1572 4535 80
1593 4468 2009 4525 reconcilieris?

2130 4454 2368 4525 ίἝλλην
2406 4454 2485 4526 τῷ
2532 4455 2846 4526 Χριστιανῷ
2892 4456 3184 4520 καθέζεται
3222 4457 3498 4526 δικάζωνς
3529 4456 3604 4513 Εὖ
3640 4460 3701 4512 δὲ

421 4547 532 4600 Aut
558 4547 652 4616 qui
679 4563 791 4603 non
827 4559 879 4605 le
911 4550 1100 4620 pudet,
1139 4567 1243 4607 nec
1283 4553 1593 4618 erubescis,
1627 4558 1849 4626 quando
1877 4573 2009 4628 gen-

422 4636 540 4692 tilis
581 4635 960 4694 Christianum
1003 4640 1271 4711 judicans
1325 4643 1501 4698 sedet.
1561 4646 1821 4715 Apprime
1879 4664 2008 4705 vero

423 4726 590 4783 etiam
618 4745 729 4786 non
767 4729 931 4795 dixit,
966 4733 1110 4802 apud
1144 4732 1422 4801 inﬁdeles,
1450 4734 1569 4800 sed,
1602 4735 1745 4806 apud
1776 4739 2004 4812 iniquos.

423 4820 583 4890 Nam,
617 4824 746 4893 quia
779 4823 847 4877 de
869 4823 1092 4893 justitia
1124 4825 1479 4894 loquebatur,
1520 4827 1596 4882 illi
1631 4843 1760 4883 vero
1787 4832 1882 4901 qui
1915 4833 2007 4901 ju-

426 4915 572 4984 dicio
595 4917 961 4982 contendunt,
995 4917 1134 4971 nihil
1167 4917 1306 4973 adeo
1335 4927 1616 4988 quarunt,
1643 4922 1753 4977 nisi
1789 4931 1847 4977 ut
1889 4939 2008 4979 ma-

428 5020 588 5075 gnam
639 5007 781 5076 aequi
826 5009 1098 5062 rationem
1151 5008 1392 5062 habeant
1445 5009 1750 5076 auditores,
1806 5012 2012 5069 idcirco

426 5109 521 5149 eos
554 5095 638 5152 his
677 5095 848 5151 ferme
878 5098 1064 5151 verbis
1087 5096 1371 5153 deterret:
1408 5100 1552 5166 Quid
1578 5101 1738 5167 facis,
1772 5119 1804 5158 ο
1825 5103 2009 5170 homo,

427 5183 521 5252 qui
554 5185 898 5238 contrarium
933 5186 1143 5254 pateris
1179 5201 1372 5242 eorum
1417 5204 1541 5260 quae
1588 5190 1903 5254 desideras,
1956 5202 2013 5248 et

427 5289 527 5344 pro
556 5273 682 5343 jure
739 5276 1094 5347 assequendo
1142 5278 1369 5349 iniustis
1420 5293 1473 5335 te
1505 5283 1784 5351 permittis
1832 5284 2014 5338 homi-

428 5364 630 5420 nibus?

497 5453 803 5526 Signiﬁcat,
843 5455 1026 5512 audax
1055 5458 1206 5516 istud
1239 5474 1364 5518 esse
1395 5462 1615 5520 facinus
1643 5471 1696 5520 et
1730 5463 2002 5535 iniquum.

410 5717 423 5727 “
504 5715 549 5748 ⁵⁸
574 5719 597 5776 l
624 5715 753 5773 Cor.
785 5733 848 5786 ιι,
884 5717 980 5780 53.

2115 4547 2210 4601 καὶ
2244 4548 2305 4601 τὸ
2338 4549 2437 4619 μὴ,
2467 4548 2564 4601 ἐπὶ
2593 4547 2702 4602 τῶν
2739 4548 3006 4614 ἀπίστων,
3044 4551 3240 4615 είπεῖν,
3273 4550 3412 4614 ἀλλ’,
3448 4551 3546 4626 ἐπί
3577 4550 3703 4607 τῶν

2113 4637 2360 4694 ἀδίκων.
2397 4639 2619 4709 Ἐπειδὴ
2651 4638 2759 4709 γὰρ
2791 4639 2922 4710 περὶ
2955 4640 3110 4710 δίκης
3139 4641 3304 4695 αὐτοῦ
3331 4639 3359 4694 ὁ
3401 4642 3559 4712 λόγος
3606 4639 3698 4712 ἦν,

2113 4729 2162 4780 οἱ
2207 4727 2552 4796 δικαζόμενοι
2595 4727 2654 4779 δὲ
2701 4727 2854 4780 οὐδὲν
2907 4728 3082 4791 οὕτως
3127 4729 3498 4800 ἐπιζητοῦσιν,
3528 4733 3601 4796 ὡς
3639 4734 3702 4786 τὸ

2113 4821 2317 4890 πολλὴν
2350 4818 2491 4876 εἶναι
2523 4821 2784 4890 πρόνοιαν
2817 4819 2910 4873 τοῦ
2947 4821 3159 4874 δικαίου
3195 4823 3348 4893 παρὰ
3381 4827 3498 4888 τοῖς
3527 4825 3700 4878 ἁκού-

2114 4929 2291 4974 ουσιν,
2324 4911 2574 4965 ἐντεῦθεν
2601 4911 2799 4976 αὐτοὺς
2828 4912 3150 4984 ἀποτρέπει,
3179 4915 3460 4986 μονονουχὶ
3488 4915 3661 4985 λέγων
3682 4934 3696 4949 ’

2117 5001 2232 5055 Kal
2253 5001 2307 5054 τί
2335 5003 2529 5064 ποιεῖς,
2562 4987 2843 5072 ἄνθρωπε,
2874 5003 3184 5057 τούναντίον
3218 5004 3444 5073 πάσχων
3469 4997 3544 5058 ὧν
3573 5006 3702 5059 ἐπι-

2119 5093 2336 5163 θυμεῖς,
2367 5093 2460 5146 καὶ
2493 5093 2633 5164 ὑπὲρ
2673 5091 2768 5146 τοῦ
2801 5095 2987 5164 τυχεῖν
3033 5093 3128 5146 τοῦ
3181 5094 3394 5147 δικαίου
3440 5095 3704 5167 ἀδικῆσαι

2121 5183 2435 5255 ἐπιτρέπων
2469 5184 2808 5255 ἀνθρώποις.

2185 5453 2470 5508 Δείκνυσιν
2494 5453 2593 5525 ,ὅτι
2630 5451 2836 5524 τόλμης
2887 5451 3008 5504 ἐστὶ
3041 5451 3099 5506 τὸ
3129 5453 3363 5536 πρᾶγμα
3392 5450 3488 5506 καὶ
3515 5465 3710 5522 παρα-

2071 5608 2074 5611 λ
2113 5548 2330 5618 νομίας.
