3972 6388
253 317 361 384 613

1361 317 1443 378 ΙΝ
1483 317 1722 378 EPIST.
1767 319 1866 380 AD
1895 320 2258 384 CORINTH.
2302 324 2352 384 Ι.

3423 329 3533 396 θιι

323 427 441 485 ιἽί
479 429 582 484 οὐκ
607 429 794 483 οίδατε
833 427 918 481 ὅτι
945 426 992 480 oi
1028 425 1178 501 ἅγιοι
1211 426 1304 480 τὸν
1355 427 1564 496 κόσμον
1613 424 1834 498 κρινοῦ-

2013 430 2182 488 Vens.
2216 432 2272 487 Ξ.
2307 450 2326 484 ι
2364 433 2450 489 An
2491 433 2725 490 nescitis
2771 435 3038 506 quoniam
3094 441 3278 496 sancti
3308 440 3374 497 de
3426 443 3533 497 hoc

251 541 366 584 σινς
398 543 418 576 ὶ

326 615 548 686 Ἐπειδὴ
587 613 697 685 γὰρ
724 612 1215 682 εὐκαταφρόνητον
1243 611 1422 665 ἐδόκει
1456 612 1518 665 τὸ
1543 611 1697 684 παρὰ
1725 614 1840 676 τοῖς

247 705 456 761 ἔνδοθεν
485 703 831 768 δικάζεσθαι,
872 700 1192 772 ἀνθρώποις
1228 699 1468 765 ἰδιώταις
1499 703 1594 754 καὶ
1627 700 1840 754 πολλῶν

244 797 498 868 ἀπείροις
533 795 906 865 πραγμάτων,
939 793 1043 864 ὅρα
1072 791 1191 856 πῶς
1221 793 1316 847 καὶ⁵
1349 793 1509 847 τοῦτο
1536 793 1838 865 μεθοδεύει.

247 889 474 959 Ὅμοιον
497 886 608 956 γὰρ
642 886 720 949 ὡς
753 886 804 938 εἰ
836 883 1010 951 λέγοιο
1047 883 1120 936 Σὺ
1151 885 1179 936 ὁ
1213 883 1425 954 μέλλων
1452 885 1695 946 ἐκείνους
1714 883 1840 954 κρί-

243 998 356 1034 νειν
385 980 534 1040 τότε,
560 977 678 1041 πῶς
711 977 805 1030 ὑπ’
838 974 1067 1029 ἐκείνων
1101 974 1168 1030 ἂν
1198 975 1345 1046 ἔχεις
1391 975 1677 1047 κρίνεσθαι
1704 975 1838 1042 νῦν;

244 1072 499 1143 κρίνουσι
522 1070 580 1123 δὲ
611 1069 706 1122 τὸν
727 1067 935 1138 κόσμον
961 1068 1012 1120 οί
1035 1066 1202 1136 ἆγιοι,
1225 1067 1328 1120 οὐκ
1353 1067 1510 1120 αὐτοὶ
1541 1068 1840 1138 καθήμενοι
1871 1090 1876 1096 ·

245 1166 339 1220 καὶ
368 1163 531 1231 λόγον
563 1159 952 1224 ἀπαιτοῦντες,
986 1158 1126 1214 ἀλλὰ
1157 1158 1602 1230 κατακρίνοντες.
1629 1159 1720 1212 Διὸ
1743 1158 1842 1213 καὶ

244 1257 465 1324 ἐπάγει,
494 1254 564 1308 ἐν
588 1253 734 1324 ὑμῖν
768 1255 802 1308 ό
825 1254 1058 1322 κόσμος
1073 1253 1362 1321 κρίνεται.
1391 1253 1506 1305 Οὐκ
1530 1247 1710 1316 εἶπεν,
1748 1251 1840 1321 ὑφ’

246 1349 422 1420 ὑμῶν,
465 1347 623 1410 ἀλλὰ,
659 1348 731 1400 ἐν
767 1346 914 1416 ὑμῖν
935 1363 950 1378 °
989 1345 1064 1410 ὡς
1092 1346 1220 1400 ὅταν
1261 1345 1436 1416 ’λέγῃο
1484 1344 1842 1398 Βασίλισσα

245 1441 427 1495 νότου
457 1437 894 1505 ἀναστήσεται,
935 1437 1035 1491 καί
1080 1436 1432 1505 κατακρινεῖ
1468 1437 1585 1504 τὴν
1624 1435 1843 1502 γενεὰν

247 1534 478 1599 ταύτην
496 1547 511 1562 ο
538 1531 655 1596 καὶ,
681 1527 1232 1597 ἈνδρεςΝιν-ευῒται
1249 1525 1725 1593 ἀναστήσονται,
1744 1525 1843 1580 καὶ

247 1603 681 1692 κατακρινοῧσι
714 1623 832 1688 τὴν
854 1621 1074 1692 γενεὰν
1095 1621 1350 1688 ταύτην.
1747 1629 1749 1631 ’

321 1735 340 1766 ι
374 1715 489 1769 Καὶ
525 1715 576 1767 εί
607 1715 665 1767 ὲν
691 1714 820 1784 ὑμῖν
841 1713 1091 1785 κρίνεται
1121 1715 1150 1766 ὁ
1182 1705 1408 1784 κόσμος.
1434 1731 1452 1765 ι

311 1809 438 1868 Ἵνα
474 1806 550 1878 μὴ
591 1769 742 1878 δόξῃ.
761 1769 893 1877 περί
922 1804 1104 1861 ἄλλων
1133 1769 1335 1874 λέγειν,
1368 1769 1472 1877 δρα
1658 1819 1839 1857 κοινο-
1871 1769 1918 1830 Β

248 1903 397 1955 ποιεί
429 1899 525 1954 τὸν
561 1899 743 1968 λόγον.

319 2013 338 2046 ι
373 1991 612 2057 Ἀνάξιοί
645 1994 768 2045 ἐστε
805 1991 1110 2062 κριτηρίων
1140 1988 1458 2059 ἐλαχίστων.
1495 2007 1515 2040 ι

314 2083 601 2154 Αίσχύνην
647 2081 780 2153 ὑμῖν
811 2081 969 2153 φέρει
994 2081 1058 2134 τὸ
1094 2081 1354 2152 πρᾶγμα,
1391 2081 1582 2151 φησίν.
1619 2078 1840 2151 Ἐπειδὴ

244 2176 356 2246 γὰρ
380 2175 532 2238 εἰκὸς
560 2169 632 2246 ἦν
676 2174 878 2236 αὐτοὺς
912 2173 1019 2227 ὑπὸ
1046 2173 1157 2226 τῶν
1200 2173 1311 2226 ἔσω
1363 2171 1723 2251 κρινομένους
1753 2173 1840 2225 al-

247 2267 562 2339 σχύνεσθαι,
598 2266 789 2337 φησὶν,
815 2264 892 2329 ὡς
934 2265 1010 2319 Τὸ
1053 2265 1296 2319 ἐναντίον
1329 2265 1477 2318 ὲστίν
1508 2266 1542 2336 ἡ
1583 2263 1840 2335 αἰσχύνη,

243 2357 376 2412 ὅταν
411 2355 521 2409 ὑπὸ
546 2355 656 2408 τῶν
684 2353 792 2419 ἔξω
828 2352 1107 2425 κρίνησθε.
1158 2355 1377 2408 Ἐκεῖνα
1425 2354 1536 2424 γὰρ
1577 2354 1840 2426 ἐλάχιστα

249 2448 540 2519 κριτήρια,
572 2447 632 2499 ού
659 2446 859 2500 ταῦτα.

323 2557 344 2590 ι
379 2539 498 2592 Οὐκ
526 2538 707 2592 οίδατε
729 2539 814 2592 ὅτι
855 2537 987 2602 τοὺς
1027 2538 1297 2608 ἀγγέλους
1322 2538 1655 2610 κρινοῦμεν;
1684 2542 1760 2614 μή
1787 2541 1841 2595 τί

249 2650 310 2702 γε
347 2631 584 2703 βιωτικά
602 2650 617 2699 ;
653 2651 672 2685 ι

318 2724 459 2796 Περὶ
487 2723 716 2778 ἐκείνων
744 2723 899 2792 λέγει
940 2720 1052 2776 τῶν
1085 2721 1359 2791 ἀγγέλων,
1392 2723 1523 2795 περὶ
1559 2715 1636 2777 ὧν
1669 2739 1839 2794 φησιν

248 2819 275 2870 ὁ
298 2816 541 2887 Χριστός
561 2831 576 2844 ⁸
611 2815 954 2882 Πορεύεσθε
984 2815 1073 2878 εις
1097 2813 1181 2867 τὰ
1205 2812 1326 2883 πῦρ
1363 2813 1430 2868 τὸ
1474 2813 1841 2884 ἡτοιμασμέ-

251 2925 360 2962 νον
387 2905 472 2972 τῷ
504 2906 771 2972 διαϐόλῳ
829 2906 930 2959 καὶ
971 2904 1098 2971 τοῖς
1149 2905 1430 2974 ἀγγέλοις
1479 2907 1689 2963 αὐτοῦ.
1729 2905 1843 2960 Καὶ

250 2999 411 3063 αὐτὸς
441 2999 502 3052 δέ
553 3015 720 3070 φησιν
762 3000 791 3051 δ
831 2997 1158 3061 Ἀπὸστολος
1219 2997 1303 3051 ὅτι
1353 2998 1405 3051 οἱ
1457 2999 1700 3068 ἄγγελοι,
1742 2997 1841 3051 τοῦ

253 3093 473 3145 Σατανᾶ
524 3089 807 3160 δηλονότι,
861 3089 1433 3161 μετασχηματίζονται
1479 3088 1556 3150 ὡς
1604 3089 1841 3144 διάκονοι

247 3181 623 3254 δικαιοσύνης.
644 3182 817 3236 Πάλιν
844 3182 901 3235 δὲ
928 3182 1023 3236 καὶ
1047 3181 1140 3234 ἐπὶ
1161 3181 1369 3234 τούτων
1389 3180 1471 3246 τὸ,
1493 3181 1838 3250 κρινοῦμεν,

247 3276 370 3330 ἀντὶ
400 3274 520 3340 τοῦ,
552 3272 1200 3345 κατακρινοῦμεν.”οταν
1230 3257 1340 3342 γάρ
1385 3272 1592 3326 ἐκεῖναι
1617 3273 1674 3326 al.
1700 3271 1845 3325 ἀσώ-

248 3385 412 3438 ματοι
463 3366 724 3436 δυνάμεις
785 3364 1010 3419 ἔλαττον
1053 3363 1212 3436 ἡμῶν
1273 3361 1574 3434 εὑρεθῶσιν
1621 3362 1844 3433 ἔχουσαι

243 3458 356 3512 τῶν
397 3458 582 3530 σάρκα
613 3455 1124 3528 ,περιϐεϐλημένωῆ
1171 3453 1564 3528 χαλεπωτέραν
1608 3454 1844 3510 δώσουσι

242 3550 424 3621 δίκην.

320 3661 345 3694 ι
385 3642 632 3696 Βιωτικὰ
664 3643 762 3713 μὲν
785 3637 878 3696 οὖν
907 3641 1172 3714 κριτήρια
1199 3641 1294 3697 ἐὰν
1316 3640 1504 3713 ἔχητε,
1536 3641 1666 3706 τοὺς
1691 3641 1844 3709 ἔξου-

244 3733 588 3806 Θενημένους
616 3736 674 3788 ἐν
700 3727 767 3805 τῇ
801 3733 1103 3806 Ἐκκλησία
1130 3733 1360 3799 τούτους
1383 3733 1645 3799 καθίζετε
1666 3749 1681 3766 ⁶
1705 3733 1844 3805 πρὸς

242 3828 525 3900 ἐντροπὴν
558 3828 690 3897 ὑμῖν
725 3826 890 3896 λέγω.
921 3845 940 3878 ι
1723 3849 1726 3858 -

315 3919 464 3974 Μεθ’
518 3917 830 3990 ὑπερϐολῆς
885 3915 1097 3984 διδάξαι
1153 3915 1444 3986 βούλεται,
1492 3919 1578 3973 ὅτι
1616 3917 1728 3971 οὐδ’
1777 3917 1847 3972 ἃν

240 4011 432 4066 ὁτιοῦν
557 4013 673 4074 τοῖς
723 4009 922 4075 ἔξωθεν
980 4009 1082 4081 τὴν
1121 4009 1278 4082 δίκην
1329 4011 1653 4081 ἐπιτρέπειν
1702 4011 1843 4082 χρή·

239 4102 478 4170 ἀναιρεῖ
509 4099 569 4153 δὲ
600 4097 719 4171 ’τὴν
759 4097 1025 4153 δοκοῦσαν
1059 4099 1360 4166 ἀντίθεσιν,
1420 4100 1704 4170 μονονουχὶ
1757 4100 1848 4153 λέ-

240 4209 391 4262 γων’
419 4193 488 4246 Τί
517 4194 722 4263 ἐρεῖτε,
769 4192 850 4246 ὅτι
876 4191 1055 4254 οὐδεὶς
1092 4193 1151 4244 ὲν
1175 4192 1320 4261 ’ὑμῖν
1354 4192 1540 4260 σοφὸς,
1568 4192 1690 4245 οὐδὲ
1721 4192 1845 4245 ίκα-

241 4287 341 4350 νὸς
386 4287 708 4356 διακρῖναι;
759 4285 855 4339 καὶ
907 4285 962 4337 τί
1017 4283 1208 4351 τοῦτο;
1261 4284 1384 4340 Κᾶν
1421 4285 1532 4356 γὰρ
1586 4284 1843 4360 μηδεὶςῇ

241 4379 442 4448 σοφὸς,
485 4380 600 4442 τοῖς
637 4378 944 4449 ἐλαχίστοις
989 4377 1305 4448 ἐπίτρεψον.
1331 4377 1407 4430 Τὸ
1445 4376 1526 4443 δὲ,
1560 4377 1714 4445 πρὸς
1743 4377 1845 4432 ἐν·

239 4471 500 4540 τροπὴν
548 4471 696 4541 ὑμῖν
749 4472 932 4541 lerat;
981 4470 1297 4541 ἐλέγχοντος
1339 4469 1457 4523 ἐστι
1489 4471 1589 4541 τὴν
1638 4469 1846 4544 τούτων
1880 4494 1925 4550 D

240 4565 556 4633 ἀντίθεσιν,
587 4564 664 4629 ὼς
692 4564 868 4636 ψευδῆ
891 4559 1059 4618 οὖσαν
1083 4563 1180 4618 καὶ
1219 4564 1506 4634 περιττήν.

331 4764 352 4797 ι
386 4743 583 4806 Οὕτως
615 4742 718 4795 οὐκ
748 4741 830 4794 ἔνι
873 4740 932 4792 ὲν
957 4740 1087 4811 ὑμῖν
1117 4739 1294 4804 οὐδεὶς
1327 4737 1512 4809 σοφὸς,
1542 4739 1601 4802 ὃς
1626 4740 1854 4811 δυνήσε-

242 4853 340 4890 ται
376 4835 665 4904 διακρῖναι
700 4831 980 4901 ἀναμέσον
1027 4829 1122 4884 τοῦ
1175 4827 1408 4900 ἀδελφοῦ
1442 4829 1650 4896 αὐτοῦς
1692 4831 1855 4886 Ἀλλὰ

247 4927 492 4995 ἁδελφὸς
545 4924 690 4996 μετὰ
725 4922 961 4992 ἀδελφοῦ
1017 4921 1291 4994 κρίνεται.
1362 4922 1476 4976 Καὶ
1525 4921 1698 4977 ταῦτα
1758 4923 1852 4976 ἐπὶ

248 5020 506 5074 ἀπίστων
529 5035 544 5083 ;
582 5035 601 5068 ι

327 5131 347 5165 ι
379 5109 528 5181 Ἤδη
557 5108 658 5178 μὲν
685 5102 780 5162 οὖν
805 5105 944 5171 ὅλως
966 5107 1187 5178 ἥττημα
1203 5106 1262 5160 ὲν
1289 5106 1418 5177 ὑμῖν
1434 5106 1608 5170 ἐστιν,
1625 5104 1707 5158 ὅτι
1732 5107 1852 5176 κρῖ-

253 5220 332 5272 μα
362 5201 522 5272 ἔχετε
557 5196 678 5268 μεθ’
707 5194 1052 5250 ἐαυτῶν.Διὰ
1081 5195 1136 5248 τί
1156 5194 1279 5266 οὐχὶ
1313 5194 1516 5266 μᾶλλον
1545 5193 1847 5261 ἀδικεῖσθε;

250 5297 352 5349 Διὰ
379 5295 439 5348 τί
491 5292 617 5362 οὐχὶ
654 5289 860 5360 μᾶλλον
889 5287 1322 5360 ἀποστερεῖσθε;
1358 5285 1499 5341 Ἀλλ’
1547 5287 1706 5356 ὑμεῖς
1736 5285 1853 5339 ἁδι-

250 5391 402 5440 κεῖτε
430 5385 528 5439 καὶ
562 5380 943 5453 ἀποστερεῖτε,
973 5381 1070 5434 καὶ
1104 5377 1281 5433 ταῦτα
1321 5377 1605 5449 ἀδελφούς.
1642 5378 1712 5431 Ἦ
1741 5377 1841 5432 οὐκ

250 5479 440 5531 οἴδατε
473 5478 560 5530 ὅτι
595 5475 774 5529 ἄδικοι
798 5472 1082 5545 βασιλείαν
1123 5470 1261 5526 Θεοῦ
1296 5471 1356 5526 οὐ
1397 5471 1844 5543 κληρονομήσου-

255 5589 341 5628 σιν
357 5591 372 5640 ;
403 5594 423 5623 ο

1943 523 2152 577 mundo
2175 523 2553 593 iudicabunt?
2591 544 2610 578 ι

2017 611 2161 676 Quia
2188 613 2614 683 contemptibile
2635 613 2927 669 videbatur
2953 629 3181 674 causam
3204 631 3367 688 agere
3384 618 3532 688 apud

1942 703 2153 769 ﬁdeles,
2191 703 2286 774 qui
2327 704 2581 760 homines
2612 712 2773 759 erant
2796 705 3029 772 indocti,
3056 722 3158 762 nec
3181 708 3532 778 negotiorum

1942 795 2247 850 multorum
2284 797 2471 867 periti,
2503 798 2738 853 observa
2763 798 3044 866 quomodo
3079 799 3184 854 hoc
3211 801 3378 855 etiam
3411 816 3534 856 mo-

1943 897 2192 943 mentum
2247 881 2475 943 tractat.
2511 887 2674 944 Velut
2727 888 2874 943 enim
2912 889 2962 945 si
3017 889 3263 946 diceret:
3306 891 3387 947 Tu
3431 894 3533 963 qui

1943 978 2070 1034 illos
2124 986 2258 1034 tunc
2310 979 2672 1049 iudicaturus
2734 994 2818 1046 es,
2859 995 2966 1036 cur
3004 995 3156 1036 nunc
3202 983 3424 1053 pateris
3463 984 3533 1038 ab

1944 1071 2086 1142 ipsis
2112 1071 2404 1141 iudicari?
2435 1071 2698 1127 Mundum
2735 1072 2994 1141 iudicant
3031 1074 3238 1140 sancti,
3296 1090 3407 1130 non
3441 1090 3534 1131 se-

1943 1160 2149 1227 dendo,
2181 1176 2287 1217 nee
2315 1161 2589 1218 rationem
2627 1163 2924 1233 exigendo,
2950 1163 3046 1219 sed
3081 1163 3532 1222 condemnanda.

1943 1251 2224 1318 Quocirca
2255 1250 2431 1316 addit,
2489 1252 2546 1304 in
2579 1251 2727 1306 vobis
2791 1253 3020 1307 mundus
3071 1253 3376 1323 iudicatur.
3412 1253 3536 1309 Non

1944 1344 2108 1409 dixit,
2138 1358 2170 1398 a
2194 1343 2379 1412 vobis,
2418 1343 2539 1409 sed,
2572 1343 2630 1397 in
2660 1342 2843 1409 vobis;
2889 1345 3062 1399 veluti
3097 1361 3226 1400 eum
3273 1344 3534 1402 Christus

1949 1439 2028 1492 ait
2053 1455 2068 1492 :
2099 1437 2307 1508 Regina
2341 1438 2516 1492 austri
2536 1447 2714 1507 surget
2744 1447 2795 1492 et
2818 1437 3184 1507 judicabit,et
3209 1439 3534 1492 condemna-

1946 1529 2020 1584 bit
2041 1529 2448 1601 «generationem
2480 1529 2618 1584 hanc
2634 1529 2704 1583 ⁵⁸.
2733 1527 2834 1584 Et:
2870 1528 2986 1583 Viri
3009 1528 3268 1584 Ninivita’
3292 1538 3532 1600 surgent,

1944 1631 1995 1676 et
2023 1620 2453 1676 condemnabunt
2482 1623 2876 1691 generationem
2913 1621 3050 1675 hanc
3071 1622 3142 1676 ".

2022 1733 2043 1765 ι
2083 1713 2152 1767 Et
2179 1712 2228 1770 si
2263 1715 2321 1768 in
2351 1713 2510 1769 vobis
2535 1712 2826 1782 iudicatur
2853 1714 3114 1770 mundus.
3152 1732 3173 1765 ι

2014 1804 2095 1862 Ne
2118 1806 2188 1862 de
2217 1806 2346 1862 aliis
2378 1805 2533 1877 loqui
2575 1805 2856 1872 videatur,
2892 1805 3020 1861 vide
3075 1803 3356 1875 quomodo
3404 1817 3535 1860 ora-

1943 1897 2152 1952 tionem
2193 1895 2261 1949 ad
2290 1909 2388 1952 eos
2419 1910 2773 1952 communem
2798 1896 2956 1952 facit.

2019 2005 2039 2039 ι
2070 1984 2289 2058 Indigni
2327 1987 2468 2044 estis
2495 1987 2650 2058 quia
2691 1987 2942 2043 minimis
2969 1986 3324 2057 iudicemini.
3364 2007 3386 2041 ι

2014 2077 2144 2134 Haac
2165 2093 2278 2144 res,
2298 2078 2502 2149 inquit,
2527 2079 2796 2150 probrum
2815 2078 2974 2134 vobis
3004 2086 3059 2133 et
3082 2077 3334 2135 dedecus
3359 2080 3528 2149 parit.

1942 2169 2082 2226 Nam
2113 2173 2242 2243 quia
2275 2172 2597 2228 verisimile
2621 2181 2745 2227 erat
2775 2185 2895 2238 eos,
2935 2186 3061 2226 eum
3083 2171 3472 2241 iudicarentur
3505 2186 3536 2225 a

1944 2262 2226 2329 ﬁdelibus,
2253 2262 2636 2330 erubescere;
2665 2269 2861 2318 contra
2901 2276 3036 2317 vero
3075 2262 3194 2332 ipse
3227 2262 3326 2325 ait,
3368 2257 3538 2317 dede-

1945 2371 2048 2411 cus
2075 2353 2201 2412 essc
2247 2356 2320 2412 ab
2373 2355 2658 2412 extraneis
2721 2353 2987 2426 iudicari.
3041 2353 3110 2408 Hi
3161 2353 3372 2425 quippe
3408 2361 3539 2411 sunt

1945 2450 2162 2504 minimi
2192 2464 2520 2516 consessus,
2549 2463 2664 2504 non
2695 2449 2796 2503 illi.

2015 2538 2184 2596 Vsus.
2222 2541 2279 2598 5.
2323 2560 2341 2592 ι
2387 2541 2630 2596 Nescitis
2663 2540 2928 2610 quoniam
2967 2538 3197 2611 angelos
3247 2538 3537 2610 iudicabi-

1945 2629 2116 2684 mus?
2145 2639 2353 2698 quanto
2386 2629 2562 2699 magis
2596 2629 2886 2684 saecularia
2910 2628 2935 2680 ?
2975 2647 2995 2681 ι

2020 2720 2098 2776 De
2128 2720 2236 2776 illis
2266 2721 2476 2792 angelis
2506 2722 2768 2792 loquitur,
2797 2721 2865 2778 de
2892 2721 3093 2792 quibus
3123 2719 3378 2776 Christus
3415 2720 3489 2775 ait
3519 2731 3539 2774 :

1952 2811 2036 2868 lle
2083 2814 2140 2868 in
2189 2815 2394 2883 ignem,
2446 2814 2536 2882 qui
2588 2825 2810 2882 paratus
2861 2823 2938 2869 est
2989 2812 3198 2868 diabolo
3248 2821 3296 2866 et
3335 2813 3539 2882 angelis

1945 2903 2061 2972 ejus
2084 2902 2149 2957 ⁸⁸.
2187 2901 2333 2968 Quin
2368 2911 2424 2957 et
2467 2904 2702 2974 ipsemet
2761 2903 3064 2972 Apostolus
3114 2902 3271 2968 dicit,
3309 2901 3540 2973 angelos

1945 2995 2094 3066 eius,
2128 2994 2320 3064 utique
2355 2991 2599 3062 Satanae,
2633 2995 3023 3066 transﬁgurari
3071 2993 3222 3049 velut
3253 2993 3542 3050 ministros

1945 3083 2185 3153 iustitia:
2209 3082 2277 3138 ⁸³.
2311 3082 2558 3139 Rursum
2583 3097 2716 3140 vero
2745 3083 2814 3139 de
2848 3083 2975 3139 istis
3023 3083 3122 3148 ait,
3143 3083 3542 3152 judicabimus,

1948 3190 2072 3246 pro,
2103 3174 2630 3232 condemnabimus.
2673 3177 2816 3231 Cum
2863 3176 3016 3232 enim
3050 3176 3398 3244 ineorporeae
3427 3175 3543 3228 vir-

1947 3276 2095 3324 tutes
2132 3267 2242 3322 illae
2298 3275 2536 3337 repertae
2584 3266 2795 3323 fuerint
2848 3267 3037 3321 minus
3103 3266 3328 3330 habere,
3373 3280 3543 3335 quam

1946 3374 2051 3416 nos
2101 3360 2198 3427 qui
2255 3372 2426 3416 carne
2473 3357 2658 3426 vestiti
2719 3372 2956 3419 sumus,
3008 3356 3299 3426 graviores
3344 3368 3542 3424 poenas

1947 3451 2181 3509 dabunt.

2023 3630 2191 3686 Vens.
2223 3628 2276 3695 ι,
2302 3629 2356 3684 5.
2388 3646 2406 3678 ι
2438 3626 2740 3683 Saecularis
2764 3625 2938 3696 igitur
2956 3623 3166 3696 iudicia
3193 3622 3239 3678 si
3261 3622 3540 3687 habeatis,
3647 3683 3650 3686 ,

1949 3721 2402 3793 contemptibiles
2431 3721 2525 3791 qui
2560 3726 2692 3774 sunt
2720 3718 2774 3772 in
2799 3716 3050 3772 Ecclesia
3077 3713 3406 3770 constituite
3430 3727 3444 3766 :
3470 3712 3542 3768 ad

1949 3796 2345 3873 verecundiam
2383 3819 2629 3867 vestram
2669 3810 2818 3866 dico.
2859 3827 2879 3860 ι

2020 3906 2335 3980 Hyperbole
2369 3907 2570 3972 utitur,
2603 3912 2663 3959 ut
2694 3904 2916 3967 doceat,
2971 3915 3326 3972 nequaquam
3375 3914 3545 3972 opor-

1950 4009 2068 4057 tere
2094 3999 2239 4069 apud
2266 4004 2565 4053 extraneos
2597 3995 2817 4066 litigare
2846 4011 2862 4049 :
2897 3993 3174 4064 diluitque
3200 3991 3349 4063 quod
3373 3991 3544 4061 obiici

1949 4105 2116 4164 posse
2171 4088 2494 4150 videbatur,
2553 4086 2644 4141 his
2703 4085 2818 4141 fere
2869 4083 3094 4140 verbis:
3161 4083 3276 4137 Cur
3333 4081 3541 4148 dicitis,

1950 4183 2231 4240 neminem
2264 4187 2509 4235 vestrum
2571 4178 2876 4248 sapientem
2928 4189 3073 4240 esse,
3135 4189 3238 4227 nec
3279 4173 3542 4228 idoneum

1949 4277 2046 4348 qui
2098 4275 2226 4330 lites
2288 4272 2564 4328 dirimat?
2624 4268 2759 4340 quid
2817 4281 2950 4322 vero
2999 4264 3192 4322 istud?
3239 4264 3354 4318 Etsi
3391 4264 3544 4319 enim

1951 4367 2140 4422 nullus
2164 4372 2250 4421 est
2283 4363 2529 4434 sapiens,
2555 4360 2806 4424 minimis
2836 4358 3013 4413 nihilo
3043 4357 3229 4413 secius
3273 4356 3408 4411 hoe’
3426 4369 3546 4425 per-

1953 4461 2129 4514 mitte.
2162 4456 2292 4512 Hme
2338 4463 2524 4511 autem
2593 4468 2723 4519 vox,
2760 4451 2830 4505 ad
2879 4447 3256 4504 verecundiam
3313 4456 3544 4501 uestram

1953 4553 2097 4616 dico,
2161 4549 2473 4606 refellentis
2525 4556 2612 4602 est
2658 4531 3352 4615 objection'em'ipsorum,
3391 4535 3544 4608 quod

1955 4643 2099 4700 falsa
2143 4644 2216 4700 sit
2250 4650 2304 4697 et
2341 4654 2504 4694 vana.

2034 4750 2054 4786 ι
2097 4733 2192 4788 Sic
2223 4747 2332 4786 non
2359 4739 2447 4786 est
2483 4730 2630 4785 inter
2659 4741 2762 4783 vos
2803 4724 3028 4794 sapiens
3071 4721 3392 4792 quisquam,
3443 4718 3545 4788 qui

1958 4823 2140 4895 possit
2184 4820 2498 4892 diiudicare
2539 4819 2685 4873 inter
2717 4819 2943 4871 fratrem
2987 4812 3196 4870 suum?
3237 4809 3432 4883 [νεεδ.
3462 4807 3546 4883 6.]

1961 4917 2074 4972 Sed
2103 4915 2274 4970 frater
2303 4928 2430 4969 cum
2459 4911 2635 4967 fratre
2662 4907 2951 4965 contendit
2977 4925 2992 4974 ;
3030 4913 3084 4962 et
3116 4907 3232 4961 haec
3276 4903 3424 4974 apud
3456 4903 3544 4958 in-

1960 5006 2198 5062 ﬁdeles?
2229 5025 2249 5059 ι

2024 5103 2131 5172 81
2175 5098 2474 5157 Vens.7-9.
2507 5095 2664 5152 dam
2685 5094 2910 5165 quidem
2928 5090 3160 5147 omnino
3179 5089 3440 5145 delictum
3488 5086 3547 5142 in

1953 5193 2113 5249 vobis
2148 5199 2256 5256 est,
2282 5191 2378 5261 qui
2403 5188 2616 5260 iudicia
2652 5185 2870 5241 habetis
2896 5183 3040 5238 inter
3061 5196 3181 5237 vos.
3212 5179 3401 5246 Quare
3432 5192 3546 5232 non

1952 5286 2127 5357 magis
2171 5283 2432 5355 iniuriam
2466 5297 2576 5336 non
2637 5277 2946 5349 accipitis?
3001 5274 3188 5343 Quare
3211 5289 3321 5328 non
3365 5269 3547 5340 magis

1956 5375 2206 5432 fraudem
2268 5373 2576 5446 patimini?
2646 5370 2755 5425 Sed
2787 5384 2886 5425 vos
2941 5366 3206 5438 iniuriam
3262 5360 3446 5417 facitis
3489 5366 3550 5414 et

1958 5468 2252 5530 fraudatis,
2285 5475 2342 5522 et
2370 5466 2476 5520 hoc
2499 5463 2792 5518 fratribus.
2821 5462 2904 5514 An
2941 5458 3176 5518 nescitis
3205 5453 3337 5527 quia
3365 5449 3542 5522 iniqui

1956 5577 2189 5635 regnum
2213 5559 2312 5616 Dei
2342 5574 2452 5614 non
2482 5554 2870 5629 possidebunt.
2900 5553 2924 5608 ?
2957 5572 2976 5605 ι

347 5733 605 5803 "Matth.
640 5761 742 5813 xu,
783 5746 874 5799 42.
951 5742 998 5777 ⁸⁷
1035 5741 1174 5799 Ibid.
1218 5742 1309 5798 Η.
1383 5742 1432 5775 ⁵⁸
1472 5739 1663 5796 Matth.
1691 5755 1820 5806 xxv,

2027 5737 2072 5772 "
2113 5738 2134 5790 Ι
2166 5735 2295 5793 Cor.
2327 5749 2404 5801 χι,
2439 5699 2528 5788 l5.
