3972 6376
412 293 531 359 615

1627 310 1683 371 S.
1714 307 2037 370 JOANNIS
2061 305 2494 368 DAMASCENI

3594 292 3704 359 616

499 427 709 498 Duplex
736 428 970 490 crimen,
991 424 1140 496 quod
1165 421 1378 496 iudicio
1406 419 1770 484 contendam,
1790 426 1843 474 et
1865 416 2009 487 quod

2189 417 2421 468 Διπλοῦν
2470 416 2532 469 τὸ
2567 414 2839 484 ἔγκλημα,
2882 413 2964 465 ὅτι
2996 411 3091 464 καὶ
3131 410 3402 481 κρίνεται,
3455 407 3552 463 καὶ
3601 410 3699 461 ἐπὶ

428 518 572 589 apud
601 518 873 574 inﬁdeles.

510 626 528 658 ι
578 608 756 662 Nolite
790 621 1023 662 errare:
1061 621 1239 677 neque
1263 605 1576 666 fornicarii,
1621 616 1798 671 neque
1848 600 2015 654 idolis

427 699 751 764 servientes,
789 713 969 768 neque
1023 698 1263 752 adulteri
1294 696 1484 768 [Vsus.
1524 694 1632 766 10],
1667 708 1848 762 neque
1873 691 2017 745 mol-

427 789 529 852 les,
565 805 746 859 neque
777 790 1154 844 masculorum
1178 788 1601 852 concubitores,
1633 799 1813 854 neque
1840 781 2014 845 avari,

429 869 614 949 neque
646 879 854 936 fures.»

493 971 595 1027 Hic
629 973 902 1042 quosdam
969 973 1151 1026 innuit
1184 971 1279 1042 qui
1311 972 1562 1026 dicerent
1595 966 1650 1022 id
1677 965 1824 1036 quod
1871 978 2020 1018 mmo

427 1064 584 1119 multi
606 1065 818 1129 dicunt,
867 1065 1165 1134 benignum
1196 1079 1322 1119 esse
1366 1062 1536 1117 Deum
1562 1071 1616 1115 et
1655 1061 1885 1120 bonum,
1921 1071 2020 1111 ne-

425 1168 535 1223 que
600 1155 792 1210 ulcisci
855 1163 1099 1224 peccata.
1169 1153 1385 1207 Idcirco
1442 1152 1550 1216 ait,
1584 1149 1770 1204 Nolite
1812 1161 2015 1201 errare.

426 1243 668 1299 Extremi
715 1245 917 1314 quippe
967 1246 1178 1300 erroris
1210 1245 1375 1298 fuerit
1403 1251 1456 1298 et
1483 1242 1848 1312 deceptionis,
1881 1239 2014 1294 dum

421 1335 631 1404 Optima
672 1345 992 1404 sperantur,
1029 1335 1306 1388 contraria
1329 1333 1609 1400 consequi.

509 1445 528 1476 ι
561 1423 750 1494 Neque
771 1425 1003 1490 ebriosi,
1039 1440 1217 1494 neque
1247 1425 1728 1492 maledici,neque
1760 1435 2018 1491 rapaces,

425 1531 655 1587 regnum
677 1516 770 1570 Dei
804 1515 1193 1585 possidebunt.
1225 1513 1420 1587 [Vens.
1458 1515 1546 1568 ll.
1581 1514 1601 1586 ]
1637 1514 1702 1567 Et
1734 1515 1852 1568 haec
1883 1514 2013 1584 qui-

425 1607 551 1661 dem
578 1607 769 1660 fuistis
808 1624 821 1660 :
854 1605 950 1660 sed
977 1606 1152 1660 abluti
1172 1607 1314 1660 estis
1339 1644 1356 1672 ,
1381 1605 1476 1660 sed
1497 1603 1831 1659 sanctiﬁcati
1853 1603 2010 1664 estis,

424 1696 829 1766 sedjustilicati
858 1700 991 1750 estis
1017 1697 1074 1749 in
1125 1697 1349 1751 nomine
1403 1693 1626 1750 Domini
1654 1693 1828 1750 nostri
1878 1691 2012 1747 Jesu

425 1785 657 1848 Christi,
698 1791 754 1838 et
786 1785 841 1838 in
879 1783 1094 1854 Spiritu
1132 1785 1230 1840 Dei
1269 1785 1471 1840 nostri.
1515 1801 1535 1836 ι

496 1875 659 1946 Atqui
696 1883 945 1929 extrema
981 1884 1206 1945 peccata
1252 1875 1366 1930 hanc
1405 1884 1560 1940 sunt,
1591 1888 1721 1928 cum
1754 1872 2018 1936 ebrietas.

426 1974 540 2021 tuin
585 1967 1003 2022 maledicentia.
1036 1966 1173 2021 Nam
1201 1968 1461 2023 Christus
1494 1968 1648 2021 illum
1681 1965 1893 2020 addixit
1925 1981 2020 2035 ge-

424 2060 624 2114 hennae
644 2058 979 2129 qnil'ratrcm
1013 2060 1243 2114 stultum
1287 2061 1565 2114 vocaverit
1585 2059 1631 2090 “
1664 2069 1756 2114 :et
1787 2058 2020 2127 populus

422 2147 741 2203 Iudaeorum
769 2163 837 2203 ex
861 2149 1132 2205 ebrietate
1154 2151 1210 2203 in
1229 2150 1441 2204 cultum
1469 2149 1746 2203 idolorum
1769 2147 2019 2202 declina-

425 2242 504 2294 vit
544 2241 608 2292 “.

493 2329 755 2397 Pensate,
782 2333 982 2403 inquit,
1018 2333 1380 2388 humanitatis
1423 2333 1518 2389 Dei
1551 2331 2014 2403 magnitudinem.

424 2421 544 2478 Non
559 2426 734 2478 solum
754 2425 898 2479 enim
915 2425 1154 2494 peccatis
1167 2439 1271 2481 nos
1281 2425 1503 2489 exemit,
1518 2439 1707 2480 verum
1724 2432 1777 2477 et
1795 2434 2018 2480 sanctos

423 2523 479 2570 et
495 2515 679 2586 iustos
710 2513 860 2570 fecit.
893 2515 1022 2572 Haec
1052 2516 1151 2582 ait,
1179 2527 1240 2571 ut
1259 2532 1356 2572 eos
1384 2515 1595 2586 pudore
1619 2515 1922 2571 suﬂ'undat.

496 2692 665 2750 Vens.
718 2694 808 2749 12.
845 2714 864 2744 ι
902 2691 1099 2748 Omnia
1125 2692 1260 2748 mihi
1288 2692 1479 2758 licent,
1531 2691 1629 2750 sed
1671 2707 1782 2748 non
1831 2692 2015 2747 omnia

429 2785 751 2856 eXpt-diunt.
786 2803 807 2837 ι

491 2876 729 2932 Gulosos
764 2875 854 2929 hic
890 2874 1121 2928 indicat.
1145 2872 1285 2928 Nam
1303 2873 1436 2944 quia
1459 2875 1750 2945 proposuit
1777 2874 1832 2928 in
1856 2890 2014 2930 scor-

423 2976 658 3026 tatorem
693 2967 901 3030 invehi.
943 2969 1218 3022 scortatio
1243 2976 1432 3020 autem
1457 2982 1524 3021 ex
1554 2966 1776 3022 deliciis
1797 2973 1852 3020 et
1878 2966 2013 3036 gula

426 3060 706 3131 gignitur;
741 3073 859 3114 eam
898 3059 970 3114 ob
1008 3074 1236 3114 causam
1269 3057 1420 3114 istud
1451 3059 1645 3113 vitium
1683 3059 1886 3114 acriter
1913 3074 2010 3114 re—

429 3150 734 3219 prehendit.
789 3149 959 3214 Quasi
1007 3149 1198 3205 dicat:
1229 3148 1520 3205 comedere
1559 3147 1772 3203 licitum
1797 3157 1925 3214 est;
1955 3159 2015 3203 at

424 3257 538 3296 non
570 3241 1026 3310 intemperanter.

497 3349 516 3382 ι
545 3329 744 3385 Omnia
776 3329 911 3384 mihi
933 3330 1102 3385 licent
1125 3346 1142 3397 ,
1169 3329 1265 3386 sed
1295 3329 1400 3386 sub
1427 3329 1636 3385 nullius
1667 3329 1889 3403 redigar
1919 3345 2016 3402 po-

425 3431 645 3477 testate.
686 3439 706 3472 ι

492 3513 593 3567 Hic
621 3511 806 3569 verbis
855 3510 1124 3577 declarat,
1151 3526 1264 3566 non
1292 3511 1470 3566 solum
1508 3527 1616 3566 non
1646 3513 1905 3582 expedire
1935 3527 2004 3568 ea

329 3667 336 3673 ,
423 3619 544 3674 qua:
580 3605 639 3660 in
694 3609 968 3673 potestate
1001 3610 1191 3656 nostra
1222 3611 1354 3657 sunt
1418 3601 1626 3667 facere,
1658 3602 1752 3657 sed
1786 3617 1854 3656 ne
1905 3603 2014 3657 hoc

421 3691 644 3766 quidem
665 3709 788 3749 esse
818 3694 1136 3763 potestatis,
1171 3709 1364 3748 verum
1397 3694 1700 3750 servitutis.
1756 3691 1826 3749 Ut
1854 3702 2011 3764 puta,

425 3800 594 3859 penes
628 3793 682 3841 te
705 3794 790 3840 est
815 3785 1007 3840 edere:
1026 3793 1358 3854 potestatem
1383 3785 1529 3841 hanc
1555 3801 1738 3849 serva,
1761 3801 1864 3840 nec
1882 3775 2014 3842 alle-

422 3878 621 3936 ctionis
641 3877 803 3934 istius
819 3891 1018 3933 servus
1039 3878 1155 3934 tias.
1171 3875 1306 3932 Nam
1327 3877 1419 3948 qui
1441 3892 1504 3932 ea
1531 3878 1706 3932 utitur
1725 3878 1792 3932 ad
1819 3893 2013 3934 neces-

423 3971 669 4037 sitatem,
694 3971 743 4026 is
759 3971 1018 4026 dominus
1039 3982 1125 4026 est
1143 3969 1315 4027 illius.
1345 3969 1449 4036 Qui
1477 3986 1606 4027 vero
1629 3979 1735 4026 tem
1747 3971 2012 4040 perantia:

423 4063 649 4118 modum
696 4062 940 4128 excedit,
993 4061 1083 4117 hic
1136 4062 1376 4132 amplius
1405 4061 1518 4131 jam
1577 4062 1839 4118 dominus
1900 4076 2011 4117 non

420 4165 535 4218 est;
574 4154 670 4210 sed
707 4170 907 4211 servus
969 4154 1230 4218 edicitur,
1271 4155 1397 4225 gula
1437 4154 1789 4225 tyrannidem
1825 4155 1883 4210 in
1924 4155 2011 4225 ip-

420 4264 546 4303 sum
567 4255 884 4302 exercente.
922 4245 1086 4301 Vides
1106 4247 1388 4316 quomodo
1421 4247 1577 4302 illum
1605 4247 1701 4316 qui
1735 4257 2008 4317 potestate

419 4339 628 4408 pollere
653 4351 714 4393 se
742 4346 920 4407 putat,
945 4338 1048 4392 sub
1075 4345 1352 4405 potestate
1393 4353 1522 4393 esse
1553 4339 1817 4393 ostendit.
1845 4338 2003 4394 Solet

2117 508 2388 561 ἀπίστων.

2195 619 2212 649 ι
2244 599 2329 669 Μὴ
2373 599 2648 652 πλανᾶσθε
2674 614 2686 626 ·
2720 597 2844 649 οὔτε
2881 595 3093 666 πόρνοι,
3123 592 3249 646 οὔτε
3288 590 3698 661 είδωλολάτραι,
3748 586 3766 595 ’

2117 692 2242 746 οὔτε
2277 693 2477 761 μοιχοὶ,
2501 691 2626 743 οὕτε
2675 689 2930 760 μαλακοὶ,
2977 687 3104 740 οὕτε
3137 687 3539 757 ἀρσενοκοῖται,
3574 682 3704 736 οὔτε

2119 785 2473 847 πλεονέκται,
2500 783 2624 836 οὔτε
2657 783 2908 836 κλέπται.
2937 799 2956 832 θ

2202 958 2472 1014 Ἐνταῦθα
2501 956 2800 1011 αίνίττεταί
2831 971 2987 1016 τινας
3019 953 3282 1022 λέγοντας
3310 952 3454 1024 άπερ
3481 952 3576 1006 καὶ
3602 952 3703 1006 νῦν

2093 1051 2371 1120 ’λέγουσιν
2395 1050 2445 1104 oi
2478 1049 2687 1112 πολλοὶ,
2729 1049 2814 1101 ὅτι
2852 1045 3238 1116 φιλάνθρωπος
3269 1044 3346 1097 ὢν
3376 1047 3404 1097 ὁ
3443 1045 3576 1107 Θεὸς
3605 1046 3708 1097 καὶ

2117 1141 2348 1212 ἀγαθὸς,
2375 1143 2486 1195 οὐκ
2539 1139 2906 1211 άπεξέρχεται
2944 1141 3056 1200 τοῖς
3107 1137 3564 1208 πλημμελήμασι.
3612 1135 3710 1189 Διὸ

2118 1234 2274 1306 φησὶ,
2330 1232 2428 1302 Μὴ
2478 1230 2818 1288 πλανᾶσθε.
2881 1231 3097 1300 Πλάνης
3155 1229 3264 1299 γὰρ
3318 1229 3556 1298 ἐσχάτης
3610 1229 3710 1282 καὶ

2123 1328 2363 1397 ἀπάτης,
2394 1325 2722 1388 ἐλπίσαντας
2754 1324 2969 1395 χρηστὰ
2995 1323 3105 1376 τῶν
3135 1323 3396 1376 ἐναντίων
3424 1323 3631 1391 τυχεῖν.

2197 1437 2216 1470 r
2241 1418 2378 1472 Οὔτε
2427 1417 2674 1488 μέθυσοι,
2710 1417 2772 1469 οὺ
2814 1416 3070 1484 λοίδοροι,
3111 1415 3210 1484 οὺχ
3255 1413 3506 1484 ἅρπαγες
3551 1412 3708 1482 βασι-

2118 1511 2269 1563 λείαν
2299 1510 2394 1562 τοῦ
2429 1509 2564 1562 Θεοῦ
2594 1509 2654 1562 οὐ
2692 1509 3186 1578 κληρονομήσουσι.
3217 1507 3327 1560 Καὶ
3350 1505 3526 1560 ταῦτά
3555 1522 3708 1568 τινες

2119 1599 2257 1674 ἦτε,
2307 1602 2444 1656 ἀλλὰ
2483 1600 2886 1662 ἀπελούσασθε,
2919 1599 3056 1653 ἀλλὰ
3108 1599 3466 1668 ἐδικαιώθητε
3515 1599 3574 1651 ἐν
3620 1597 3704 1666 τῷ

2117 1694 2343 1763 ὀνόματι
2369 1690 2465 1745 τοῦ
2500 1692 2707 1762 Κυρίου
2753 1690 2926 1759 Ἰησοῦ
2965 1691 3060 1745 καὶ
3085 1692 3144 1746 ἐν
3182 1689 3260 1760 τῷ
3296 1686 3575 1760 Πνεύματι
3601 1685 3697 1740 τοῦ

2047 1765 2090 1822 Β
2121 1784 2259 1838 Θεοῦ
2288 1783 2467 1854 ἡμῶν.
2505 1802 2524 1836 ι

2193 1877 2305 1929 Καὶ
2341 1876 2517 1930 ταῦτα
2545 1873 2654 1928 τῶν
2696 1875 2944 1944 ἐσχάτων
2985 1871 3404 1943 ἁμαρτημάτων
3435 1871 3605 1933 ἐστὶν,
3641 1869 3706 1922 τὺ

2121 1966 2217 2037 τῆς
2248 1966 2420 2036 μέθης
2443 1966 2541 2020 καὶ
2571 1965 2632 2018 τὸ
2660 1965 2761 2036 τῆς
2793 1964 3083 2034 λοιδορίας.
3110 1963 3220 2016 Καὶ
3248 1963 3357 2033 γὰρ
3387 1963 3484 2016 καὶ
3512 1964 3541 2014 ὁ
3569 1962 3710 2031 Χρι-

2123 2058 2248 2120 στὸς
2287 2057 2380 2112 τὸν
2434 2057 2745 2111 καλέσαντα
2789 2056 2882 2109 τὸν
2924 2053 3155 2124 ἀδελφὸν
3207 2054 3374 2107 αὐτοῦ
3409 2054 3594 2125 μωρὸν
3631 2055 3703 2124 τῇ

2119 2151 2313 2221 γεέννῃ
2376 2149 2792 2220 παραδέδωκενο
2853 2148 2949 2201 καὶ
3015 2149 3046 2202 ὁ
3093 2146 3204 2200 τῶν
3245 2145 3517 2200 Ἰουδαίων
3571 2144 3707 2208 λαὸς

2124 2242 2414 2312 μεθυσθεὶς
2439 2243 2526 2305 είς
2559 2240 3008 2312 είδωλολατρείαν
3037 2238 3328 2305 ἐξέκλινεν.

2205 2335 2548 2402 Ἐννοήσατε,
2573 2334 2762 2402 φησὶν,
2793 2332 2893 2402 τῆς
2923 2329 3339 2401 φιλανθρωπίας
3363 2328 3423 2382 τὸ
3449 2327 3704 2398 μέγεθος.

2119 2425 2198 2482 Οὐ
2233 2426 2344 2496 γὰρ
2392 2423 2502 2478 τῶν
2554 2423 2971 2496 ἁμαρτημάτων
3001 2413 3315 2493 ἀπήλλαξεν
3348 2421 3531 2492 μόνον,
3562 2420 3706 2474 ἀλλὰ

2119 2519 2215 2571 καὶ
2237 2516 2492 2587 ἡγίασεν,
2522 2515 2620 2569 καὶ
2649 2514 2992 2570 ἐδικαίωσεν.
3028 2513 3215 2566 Ταῦτα
3254 2511 3314 2565 δέ
3355 2506 3536 2576 εἶπεν,
3565 2509 3703 2580 σφό-

2117 2612 2218 2682 δρα
2247 2609 2507 2680 ἐντρέψαι
2533 2607 2880 2678 βουλόμενος.

2194 2719 2213 2752 ι
2254 2700 2441 2755 Πάντα
2474 2716 2567 2769 μοι
2594 2699 2824 2765 ἔξεστιν,
2845 2697 2962 2752 ἀλλ’
2985 2697 3046 2751 οὐ
3071 2696 3252 2756 πάντα
3284 2695 3576 2767 συμφέρει.
3601 2711 3621 2746 ι

2155 2899 2164 2903 ·
2189 2879 2328 2942 Τοὺς
2356 2878 2699 2950 λαιμάργους
2727 2877 2965 2932 ἐνταῦθα
2993 2877 3314 2932 αἰνίττεται.
3345 2874 3564 2944 Ἐπειδὴ
3587 2872 3704 2946 γὰρ

2120 2973 2304 3044 μέλλει
2342 2973 2436 3025 ἐπὶ
2480 2973 2573 3024 τὸν
2605 2971 3022 3041 πεπορνευκότα
3067 2968 3356 3040 φέρεσθαι,
3389 2971 3422 3038 ἡ
3469 2968 3530 3022 δέ
3559 2983 3706 3038 πορ-

2117 3064 2236 3121 νεία
2261 3063 2370 3117 ἀπὸ
2391 3065 2605 3134 τρυφῆς
2638 3065 2732 3115 καὶ¹
2761 3061 3118 3132 λαιμαργίας,
3142 3059 3335 3113 τούτου
3374 3061 3535 3129 χάριν
3568 3075 3706 3126 atpo-

2117 3155 2262 3227 δρῶς
2288 3155 2509 3219 κολάζει
2533 3155 2596 3206 τὸ
2621 3153 2812 3216 πάθος.
2844 3154 3070 3222 Ὅμοιον
3097 3152 3155 3205 δὲ
3187 3151 3263 3214 ὡς
3299 3152 3349 3204 si
3378 3149 3702 3218 λέγοι.“Ἐξ-

2119 3264 2236 3300 εστι
2281 3249 2476 3315 φαγεῖν
2501 3247 2686 3316 φησὶν,
2711 3244 2848 3300 ἀλλὰ
2878 3244 2953 3315 μὴ
2987 3243 3126 3314 μετὰ
3165 3244 3428 3306 ἀσωτίας.

2194 3358 2214 3391 ι
2241 3340 2430 3394 Πάντα
2458 3358 2548 3410 μοι
2571 3339 2775 3404 ἔξεστι,
2801 3337 2918 3391 ἀλλ’
2945 3337 3048 3390 οὐκ
3068 3335 3180 3404 ἐγὼ
3199 3335 3704 3406 ἐξουσιασθήσομαι

2119 3431 2226 3487 ὑπό
2248 3449 2414 3496 τινος.
2442 3451 2460 3482 ι

2188 3523 2286 3576 Διὰ
2315 3521 2508 3576 τούτου
2535 3521 2832 3584 δείκνυσιν,
2859 3519 2942 3572 ὅτι
2973 3517 3045 3572 τὰ
3074 3519 3132 3571 ἐν
3163 3515 3384 3588 ἐξουσίᾳ
3410 3519 3604 3582 ποιεῖν,
3633 3515 3702 3570 οὐ

2121 3614 2280 3684 μόνον
2304 3613 2366 3666 οὗ
2399 3611 2691 3683 συμφέρει,
2725 3609 2845 3664 ἀλλ’
2889 3608 3011 3662 οὐδέ
3061 3608 3286 3672 ἐξουσία
3339 3607 3509 3672 ἐστὶν,
3559 3607 3704 3660 ἀλλὰ

2114 3707 2332 3763 δουλεία
2355 3722 2368 3737 ⁸
2427 3702 2540 3759 οἷον
2571 3704 2762 3775 κύριος
2795 3698 2848 3755 εἷ
2883 3701 2978 3756 τοῦ
3034 3702 3230 3770 φαγεῖν
3250 3716 3265 3730 ·
3323 3697 3519 3752 οὐκοῦν
3565 3698 3703 3768 μένε

2115 3797 2312 3869 κύριος
2347 3796 2447 3860 ὢν,
2479 3797 2576 3848 καὶ
2629 3794 2824 3848 σκόπει
2857 3792 2933 3864 μὴ
2973 3792 3109 3863 γένῃ
3135 3791 3322 3854 δοῦλος
3372 3789 3566 3843 τούτου
3595 3787 3699 3844 τοῦ

2116 3888 2348 3951 πάθους.
2394 3888 2453 3940 Ὀ
2482 3886 2581 3958 μὲν
2606 3885 2718 3955 γὰρ
2747 3887 2827 3948 είς
2864 3883 2982 3937 δέον
3017 3882 3170 3952 αὑτῷ
3197 3880 3560 3953 κεχρημένος,
3595 3880 3704 3935 αὐ-

2113 3981 2206 4044 τὸς
2239 3979 2408 4034 αὑτοῦ
2439 3978 2632 4050 κύριός
2658 3980 2825 4032 ἐστιν.
2876 3977 2934 4030 '0
2965 3976 3024 4029 δέ
3056 3977 3136 4038 είς
3185 3974 3460 4044 ἀμετρίαν
3509 3971 3696 4037 ἐξιὼν,

2112 4073 2300 4127 οὐκέτι
2343 4072 2462 4125 ἐστὶ
2487 4070 2700 4142 κύριος,
2733 4069 2870 4122 ἀλλὰ
2903 4067 3089 4130 δοῦλος
3126 4065 3294 4120 αὑτοῦ
3327 4066 3559 4132 γίνεται,
3588 4063 3698 4134 τῆς

2111 4162 2453 4233 ἀδδηφαγίας
2483 4161 2542 4213 ἐν
2575 4159 2725 4231 αὐτῷ
2759 4157 3155 4229 τυραννούσης.
3185 4157 3289 4210 Ἴδε
3321 4155 3438 4219 πῶς
3480 4155 3572 4208 τὸν
3604 4171 3699 4207 νο-

2116 4253 2346 4324 μίζοντα
2387 4253 2640 4319 ἐξουσίαν
2667 4251 2833 4322 ἐχειν.
2861 4241 3062 4314 ἔδειξεν
3110 4249 3200 4302 ὑπ’
3253 4247 3500 4312 ἐξουσίαν
3537 4247 3695 4302 ὄντα.

2111 4345 2284 4398 Τοῦτο
2307 4343 2415 4412 γὰρ
2437 4342 2558 4406 ἔθος
2583 4340 2732 4411 αὐτῷ
2770 4341 2858 4396 ἀεὶ
2877 4342 2957 4403 είς
2977 4339 3039 4392 τὸ
3066 4339 3308 4394 ἐναντίον
3333 4339 3698 4409 περιτρέπειν

419 4428 568 4483 enim
601 4427 818 4496 objecta
854 4426 911 4480 in
934 4427 1278 4480 contrarium
1316 4439 1655 4496 retorquere.
1688 4428 1848 4493 Quod
1883 4429 2008 4498 qui-

2131 4434 2436 4496 ὶντιθέσεις.
2470 4432 2673 4485 Σκόπει
2701 4429 2765 4483 δέ
2785 4447 2800 4462 ·
2830 4428 3060 4482 ἐκείνων
3095 4428 3323 4491 ἕκαστος
3351 4427 3536 4493 ἔλεγεν
3555 4465 3570 4488 ,
3601 4426 3699 4491 εξ-

419 4519 543 4574 dem
573 4517 835 4572 observes
861 4515 1042 4570 velim.
1079 4513 1472 4586 Unusquisque
1521 4518 1744 4572 illorum
1779 4517 2000 4572 aiebat:

418 4611 546 4666 licet
576 4609 710 4663 mihi
743 4607 957 4663 deliciis
985 4607 1293 4678 indulgere.
1319 4609 1439 4680 Ipse
1466 4624 1618 4671 vero,
1653 4624 2002 4678 nequaquam

418 4703 474 4760 id
509 4701 667 4766 facis,
695 4700 898 4769 inquit,
931 4715 1031 4755 ceu
1068 4700 1279 4770 integra
1331 4717 1497 4770 penes
1533 4710 1587 4756 te
1619 4711 1865 4770 potestas
1896 4701 2002 4756 hu-

414 4796 506 4865 jus
547 4805 805 4859 maneat;
836 4792 932 4849 sed
963 4807 1088 4847 cum
1122 4794 1237 4862 ipse
1261 4794 1390 4848 huic
1423 4795 1685 4863 potestati
1716 4793 1795 4850 sis
1825 4793 2003 4849 obno-

419 4889 567 4945 xius.
606 4884 726 4941 Non
759 4886 905 4940 enim
939 4886 1150 4941 ventris
1178 4895 1505 4956 potestatem
1543 4886 1737 4952 habes,
1779 4885 2004 4956 quando

418 4979 849 5042 intemperanter
864 4975 1015 5043 agis:
1039 4975 1172 5044 quin
1202 4978 1388 5044 potius
1405 4977 1670 5046 pmestati
1695 4977 1848 5033 illius
1866 4993 1928 5034 su
1939 4977 2004 5031 b-

415 5057 629 5127 iiceris.
671 5063 784 5120 Hoc
809 5073 990 5120 autem
1024 5066 1093 5121 de
1116 5068 1369 5136 pecuniis
1394 5084 1636 5138 quoque,
1660 5069 1838 5139 deque
1871 5069 2002 5123 aliis

418 5159 586 5212 rebus
617 5155 730 5211 dici
769 5157 965 5226 possit.

491 5246 655 5305 Vens.
694 5249 784 5304 15.
821 5268 838 5301 ι
881 5249 1017 5306 Esca
1048 5253 1253 5316 ventri,
1282 5259 1338 5307 et
1367 5259 1561 5308 venter
1591 5253 1756 5308 escis.
1798 5271 1817 5304 ι

497 5419 742 5474 Ventrem
777 5421 927 5485 istic,
961 5439 1071 5478 non
1101 5423 1283 5478 alvum
1306 5431 1495 5490 vocat,
1530 5425 1625 5480 sed
1656 5426 1838 5496 gulam
1885 5443 1897 5479 :
1939 5434 2002 5480 ut

422 5511 638 5580 quando
668 5513 802 5568 dicit
848 5531 862 5566 :
897 5515 1138 5580 Quorum
1169 5515 1313 5569 Deus
1360 5525 1538 5572 venter
1563 5529 1643 5574 est
1676 5521 1744 5586 δ’,
1780 5533 1886 5572 non
1928 5517 1997 5573 de

2111 4520 2230 4574 εστί
2272 4537 2362 4590 μοι
2400 4519 2633 4589 τρυφᾷν.
2675 4514 2841 4579 Αὐτὸς
2889 4515 2944 4568 δὲ
2976 4515 3176 4585 φησιν’
3212 4516 3324 4586 υὺχ
3353 4514 3525 4579 οὕτως
3558 4515 3698 4569 αὐτὸ

2113 4613 2287 4674 ποιεῖς
2319 4611 2396 4674 ὼς
2418 4609 2669 4673 ἐξουσίαν
2700 4607 2838 4677 ἔχων
2878 4607 3067 4672 αὐτοῦ,
3100 4607 3215 4660 ἀλλ’
3253 4608 3330 4670 ὼς
3362 4608 3523 4670 αὐτὸς
3552 4608 3694 4659 ὑπο-

2112 4702 2364 4771 κείμενος
2394 4703 2459 4770 τῇ
2505 4699 2726 4769 ἐξουσίᾳ
2767 4698 2958 4770 ταύτῃ.
2998 4700 3071 4751 Οὐ
3107 4699 3217 4769 γάρ
3256 4699 3400 4768 ἔχεις
3441 4699 3695 4765 ἐξουσίαν

2111 4794 2210 4863 τῆς
2239 4793 2497 4863 γαστρὸς,
2535 4793 2638 4863 ἕως
2661 4791 2728 4846 ἂν
2756 4791 2969 4856 ἄσωτος
2998 4787 3076 4844 εἷ·
3128 4790 3267 4845 ἀλλὰ
3300 4791 3440 4860 αὓτη
3463 4807 3556 4844 σου
3587 4791 3696 4858 τὴν

2111 4885 2362 4950 ἐξουσίαν
2409 4885 2544 4955 ἔχει.
2569 4883 2740 4938 Τοῦτο
2779 4884 2836 4938 δὲ
2869 4885 2966 4938 καὶ
3005 4884 3098 4936 ἐπὶ
3128 4883 3429 4954 χρημάτων
3463 4883 3558 4936 καὶ
3594 4883 3697 4936 ἐπὶ

2108 4977 2218 5030 τῶν
2243 4975 2420 5031 ἄλλων
2455 4976 2603 5030 ἐστιν
2639 4977 2838 5029 εἰπεῖν.

2187 5262 2205 5296 ‘
2238 5243 2319 5296 Τά
2372 5243 2640 5315 βρώματα
2668 5246 2733 5314 τῇ
2764 5244 2962 5316 κοιλίᾳ,
2991 5244 3084 5298 καὶ
3114 5245 3146 5314 ἡ
3187 5242 3363 5297 κοιλία
3403 5245 3513 5305 τοῖς
3541 5241 3690 5312 βρὼ-
3779 5267 3782 5270 ~

2153 5355 2267 5392 ασι.
2300 5357 2319 5389 ι

2153 5355 2267 5392 ασι.
2300 5357 2319 5389 ι

2110 5355 2149 5406 μ
2177 5430 2428 5484 Κοιλίαν
2456 5429 2712 5492 ἐνταῦθα,
2748 5431 2806 5482 οὐ
2839 5430 2939 5498 τὴν
2979 5427 3243 5497 γαστέρα,
3273 5428 3408 5480 ἀλλὰ
3451 5427 3548 5496 τὴν
3578 5444 3691 5494 γα-

2108 5521 2479 5593 στριμαργίαν
2526 5523 2724 5590 φησὶν,
2755 5521 2830 5584 ὡς
2865 5521 2990 5572 ὅταν
3041 5520 3208 5592 λέγῃ·
3244 5514 3356 5572 Ὧν
3404 5522 3434 5572 ό
3464 5518 3605 5582 Θεὸς
3651 5519 3695 5586 ἡ

491 5713 536 5744 ⁶⁰
577 5711 766 5768 Matth.
796 5731 852 5782 v,
883 5714 973 5768 22.
1053 5716 1094 5748 ⁶¹
1124 5714 1292 5772 Exod.
1344 5735 1520 5786 xxxn,
1554 5720 1608 5780 6.
1684 5723 1725 5756 ⁸³
1754 5721 1990 5792 Philipp.
2029 5720 2218 5786 "1,19.
