  <div class='ocr_page' id='page_1' title='image "/cluster/home/n/w/nwhite01/storage/ocr_20150623/95:no.2/coo.31924054869999/316.png"; bbox 0 0 3972 6384; ppageno 0'>
   <div class='ocr_carea' id='block_1_1' title="bbox 262 288 357 352">
    <p class='ocr_par' dir='ltr' id='par_1_1' title="bbox 262 288 357 352">
     <span class='ocr_line' id='line_1_1' title="bbox 262 288 357 352; baseline 0 0"><span class='ocrx_word' id='word_1_1' title='bbox 262 288 357 352; x_wconf 79' lang='grc'><strong>617</strong></span> 
     </span>
    </p>
   </div>
   <div class='ocr_carea' id='block_1_2' title="bbox 1418 286 2420 387">
    <p class='ocr_par' dir='ltr' id='par_1_2' title="bbox 1418 286 2420 387">
     <span class='ocr_line' id='line_1_2' title="bbox 1418 286 2420 387; baseline 0.007 -41"><span class='ocrx_word' id='word_1_2' title='bbox 1418 286 1502 348; x_wconf 88' lang='grc' dir='ltr'><strong>ΙΝ</strong></span> <span class='ocrx_word' id='word_1_3' title='bbox 1541 286 1786 346; x_wconf 84' lang='lat' dir='ltr'><strong>EPIST-</strong></span> <span class='ocrx_word' id='word_1_4' title='bbox 1826 288 1926 387; x_wconf 68' lang='lat' dir='ltr'><strong>Al)</strong></span> <span class='ocrx_word' id='word_1_5' title='bbox 1959 288 2323 353; x_wconf 81' lang='lat' dir='ltr'><strong>CORINTH.</strong></span> <span class='ocrx_word' id='word_1_6' title='bbox 2370 294 2420 353; x_wconf 90' lang='grc' dir='ltr'><strong>Ι.</strong></span> 
     </span>
    </p>
   </div>
   <div class='ocr_carea' id='block_1_3' title="bbox 3426 300 3530 365">
    <p class='ocr_par' dir='ltr' id='par_1_3' title="bbox 3426 300 3530 365">
     <span class='ocr_line' id='line_1_3' title="bbox 3426 300 3530 365; baseline -0.048 1"><span class='ocrx_word' id='word_1_7' title='bbox 3426 300 3530 365; x_wconf 73' lang='grc'><strong>618</strong></span> 
     </span>
    </p>
   </div>
   <div class='ocr_carea' id='block_1_4' title="bbox 260 398 1841 482">
    <p class='ocr_par' dir='ltr' id='par_1_4' title="bbox 260 398 1841 472">
     <span class='ocr_line' id='line_1_4' title="bbox 260 398 1841 472; baseline -0.007 -11"><span class='ocrx_word' id='word_1_8' title='bbox 260 406 477 470; x_wconf 69' lang='grc' dir='ltr'>κοιλία,</span> <span class='ocrx_word' id='word_1_9' title='bbox 508 403 572 457; x_wconf 81' lang='grc' dir='ltr'><strong>ού</strong></span> <span class='ocrx_word' id='word_1_10' title='bbox 602 401 733 470; x_wconf 74' lang='grc' dir='ltr'>περὶ</span> <span class='ocrx_word' id='word_1_11' title='bbox 758 400 961 472; x_wconf 82' lang='grc' dir='ltr'>μέλους</span> <span class='ocrx_word' id='word_1_12' title='bbox 990 400 1186 470; x_wconf 82' lang='grc' dir='ltr'>λέγων,</span> <span class='ocrx_word' id='word_1_13' title='bbox 1213 399 1351 454; x_wconf 83' lang='grc' dir='ltr'>ἀλλὰ</span> <span class='ocrx_word' id='word_1_14' title='bbox 1383 402 1517 472; x_wconf 68' lang='grc' dir='ltr'>περὶ</span> <span class='ocrx_word' id='word_1_15' title='bbox 1543 401 1647 469; x_wconf 77' lang='grc' dir='ltr'>τῆς</span> <span class='ocrx_word' id='word_1_16' title='bbox 1683 398 1841 468; x_wconf 83' lang='grc' dir='ltr'>ἀδδη-</span> 
     </span>
    </p>
   </div>
   <div class='ocr_carea' id='block_1_5' title="bbox 1958 398 3528 482">
    <p class='ocr_par' dir='ltr' id='par_1_5' title="bbox 1958 406 3528 482">
     <span class='ocr_line' id='line_1_5' title="bbox 1958 406 3528 482; baseline 0.013 -31"><span class='ocrx_word' id='word_1_17' title='bbox 1958 408 2107 467; x_wconf 84' lang='lat' dir='ltr'><strong>parte</strong></span> <span class='ocrx_word' id='word_1_18' title='bbox 2168 406 2422 474; x_wconf 88' lang='lat' dir='ltr'><strong>corporis</strong></span> <span class='ocrx_word' id='word_1_19' title='bbox 2476 408 2741 476; x_wconf 86' lang='lat' dir='ltr'><strong>loquitur,</strong></span> <span class='ocrx_word' id='word_1_20' title='bbox 2774 412 2868 467; x_wconf 89' lang='lat' dir='ltr'><strong>sed</strong></span> <span class='ocrx_word' id='word_1_21' title='bbox 2903 412 2969 468; x_wconf 91' lang='lat' dir='ltr'><strong>de</strong></span> <span class='ocrx_word' id='word_1_22' title='bbox 3000 414 3298 470; x_wconf 82' lang='lat' dir='ltr'><strong>edacitate.</strong></span> <span class='ocrx_word' id='word_1_23' title='bbox 3341 416 3528 482; x_wconf 82' lang='lat' dir='ltr'><strong>Quod-</strong></span> 
     </span>
    </p>
   </div>
   <div class='ocr_carea' id='block_1_6' title="bbox 261 491 1840 567">
    <p class='ocr_par' dir='ltr' id='par_1_6' title="bbox 261 491 1840 567">
     <span class='ocr_line' id='line_1_6' title="bbox 261 491 1840 567; baseline -0.005 -17"><span class='ocrx_word' id='word_1_24' title='bbox 261 497 480 567; x_wconf 75' lang='grc' dir='ltr'>φαγίας.</span> <span class='ocrx_word' id='word_1_25' title='bbox 525 493 639 547; x_wconf 77' lang='grc' dir='ltr'>Καὶ</span> <span class='ocrx_word' id='word_1_26' title='bbox 694 493 777 545; x_wconf 80' lang='grc' dir='ltr'>ὅτι</span> <span class='ocrx_word' id='word_1_27' title='bbox 818 493 880 546; x_wconf 82' lang='grc' dir='ltr'><strong>οὐ</strong></span> <span class='ocrx_word' id='word_1_28' title='bbox 936 492 1098 564; x_wconf 83' lang='grc' dir='ltr'>σῶμα</span> <span class='ocrx_word' id='word_1_29' title='bbox 1154 491 1453 558; x_wconf 78' lang='grc' dir='ltr'>διαϐάλλει,</span> <span class='ocrx_word' id='word_1_30' title='bbox 1494 493 1662 546; x_wconf 84' lang='grc' dir='ltr'>ἄκουε</span> <span class='ocrx_word' id='word_1_31' title='bbox 1721 493 1840 556; x_wconf 78' lang='grc' dir='ltr'><strong>πῶς</strong></span> 
     </span>
    </p>
   </div>
   <div class='ocr_carea' id='block_1_7' title="bbox 259 581 1840 659">
    <p class='ocr_par' dir='ltr' id='par_1_7' title="bbox 259 581 1840 659">
     <span class='ocr_line' id='line_1_7' title="bbox 259 581 1840 659; baseline -0.001 -21"><span class='ocrx_word' id='word_1_32' title='bbox 259 603 417 659; x_wconf 80' lang='grc' dir='ltr'>φησιν</span> <span class='ocrx_word' id='word_1_33' title='bbox 437 601 451 615; x_wconf 80' lang='grc'><em>’</em></span> <span class='ocrx_word' id='word_1_34' title='bbox 487 584 559 640; x_wconf 84' lang='grc' dir='ltr'><strong>Τὸ</strong></span> <span class='ocrx_word' id='word_1_35' title='bbox 592 584 661 637; x_wconf 86' lang='grc' dir='ltr'><strong>δὲ</strong></span> <span class='ocrx_word' id='word_1_36' title='bbox 690 582 886 653; x_wconf 82' lang='grc' dir='ltr'>σῶμα,</span> <span class='ocrx_word' id='word_1_37' title='bbox 921 584 994 638; x_wconf 82' lang='grc' dir='ltr'>οὐ</span> <span class='ocrx_word' id='word_1_38' title='bbox 1028 581 1106 651; x_wconf 76' lang='grc' dir='ltr'>τῇ</span> <span class='ocrx_word' id='word_1_39' title='bbox 1130 583 1402 651; x_wconf 80' lang='grc' dir='ltr'><strong>πορνείᾳ,</strong></span> <span class='ocrx_word' id='word_1_40' title='bbox 1428 583 1590 638; x_wconf 78' lang='grc' dir='ltr'>ἀλλὰ</span> <span class='ocrx_word' id='word_1_41' title='bbox 1614 583 1695 650; x_wconf 82' lang='grc' dir='ltr'><strong>τῷ</strong></span> <span class='ocrx_word' id='word_1_42' title='bbox 1724 588 1840 638; x_wconf 75' lang='grc' dir='ltr'><strong>Κυ-</strong></span> 
     </span>
    </p>
   </div>
   <div class='ocr_carea' id='block_1_8' title="bbox 252 676 1840 750">
    <p class='ocr_par' dir='ltr' id='par_1_8' title="bbox 252 676 1840 750">
     <span class='ocr_line' id='line_1_8' title="bbox 252 676 1840 750; baseline -0.002 -16"><span class='ocrx_word' id='word_1_43' title='bbox 252 681 379 750; x_wconf 85' lang='grc' dir='ltr'>ρίῳ.</span> <span class='ocrx_word' id='word_1_44' title='bbox 416 681 482 732; x_wconf 73' lang='grc' dir='ltr'><strong>*υ</strong></span> <span class='ocrx_word' id='word_1_45' title='bbox 508 678 565 732; x_wconf 79' lang='grc' dir='ltr'><strong>δὲ</strong></span> <span class='ocrx_word' id='word_1_46' title='bbox 605 677 757 747; x_wconf 82' lang='grc' dir='ltr'><strong>λέγει</strong></span> <span class='ocrx_word' id='word_1_47' title='bbox 789 676 1034 731; x_wconf 84' lang='grc' dir='ltr'>τοιοῦτόν</span> <span class='ocrx_word' id='word_1_48' title='bbox 1069 680 1216 732; x_wconf 79' lang='grc' dir='ltr'>ἐστιν</span> <span class='ocrx_word' id='word_1_49' title='bbox 1239 695 1254 711; x_wconf 75' lang='grc' dir='ltr'><strong>ο</strong></span> <span class='ocrx_word' id='word_1_50' title='bbox 1293 678 1363 731; x_wconf 84' lang='grc' dir='ltr'><strong>τὰ</strong></span> <span class='ocrx_word' id='word_1_51' title='bbox 1407 677 1674 748; x_wconf 82' lang='grc' dir='ltr'>βρώματα</span> <span class='ocrx_word' id='word_1_52' title='bbox 1703 679 1840 748; x_wconf 80' lang='grc' dir='ltr'>πρὸς</span> 
     </span>
    </p>
   </div>
   <div class='ocr_carea' id='block_1_9' title="bbox 255 768 1837 842">
    <p class='ocr_par' dir='ltr' id='par_1_9' title="bbox 255 768 1837 842">
     <span class='ocr_line' id='line_1_9' title="bbox 255 768 1837 842; baseline -0.002 -17"><span class='ocrx_word' id='word_1_53' title='bbox 255 770 348 841; x_wconf 74' lang='grc' dir='ltr'><strong>τὴν</strong></span> <span class='ocrx_word' id='word_1_54' title='bbox 372 769 825 841; x_wconf 73' lang='grc' dir='ltr'><strong>γαστριμαργίαν</strong></span> <span class='ocrx_word' id='word_1_55' title='bbox 853 768 967 841; x_wconf 74' lang='grc' dir='ltr'>ἔχει</span> <span class='ocrx_word' id='word_1_56' title='bbox 989 769 1196 839; x_wconf 76' lang='grc' dir='ltr'>φιλίαν,</span> <span class='ocrx_word' id='word_1_57' title='bbox 1223 770 1324 824; x_wconf 70' lang='grc' dir='ltr'>καὶ</span> <span class='ocrx_word' id='word_1_58' title='bbox 1348 769 1489 841; x_wconf 85' lang='grc' dir='ltr'>αῦτη</span> <span class='ocrx_word' id='word_1_59' title='bbox 1512 770 1652 842; x_wconf 81' lang='grc' dir='ltr'>πρὸς</span> <span class='ocrx_word' id='word_1_60' title='bbox 1675 770 1837 834; x_wconf 80' lang='grc' dir='ltr'>αὐτὰ,</span> 
     </span>
    </p>
   </div>
   <div class='ocr_carea' id='block_1_10' title="bbox 255 860 1838 934">
    <p class='ocr_par' dir='ltr' id='par_1_10' title="bbox 255 860 1838 934">
     <span class='ocr_line' id='line_1_10' title="bbox 255 860 1838 934; baseline -0.001 -18"><span class='ocrx_word' id='word_1_61' title='bbox 255 864 345 917; x_wconf 74' lang='grc' dir='ltr'><strong>καὶ</strong></span> <span class='ocrx_word' id='word_1_62' title='bbox 377 863 439 916; x_wconf 74' lang='grc' dir='ltr'><strong>οὐ</strong></span> <span class='ocrx_word' id='word_1_63' title='bbox 468 862 693 916; x_wconf 89' lang='grc' dir='ltr'>δύναται</span> <span class='ocrx_word' id='word_1_64' title='bbox 723 863 872 934; x_wconf 75' lang='grc' dir='ltr'>ἡμᾶς</span> <span class='ocrx_word' id='word_1_65' title='bbox 904 860 1041 934; x_wconf 86' lang='grc' dir='ltr'>πρὸς</span> <span class='ocrx_word' id='word_1_66' title='bbox 1087 860 1180 915; x_wconf 83' lang='grc' dir='ltr'><strong>τὸν</strong></span> <span class='ocrx_word' id='word_1_67' title='bbox 1206 861 1447 931; x_wconf 82' lang='grc' dir='ltr'>Χριστὸν</span> <span class='ocrx_word' id='word_1_68' title='bbox 1476 861 1654 930; x_wconf 80' lang='grc' dir='ltr'><strong>ἄγειν,</strong></span> <span class='ocrx_word' id='word_1_69' title='bbox 1700 860 1838 914; x_wconf 78' lang='grc' dir='ltr'>ἀλλὰ</span> 
     </span>
    </p>
   </div>
   <div class='ocr_carea' id='block_1_11' title="bbox 254 952 1838 1027">
    <p class='ocr_par' dir='ltr' id='par_1_11' title="bbox 254 952 1838 1027">
     <span class='ocr_line' id='line_1_11' title="bbox 254 952 1838 1027; baseline 0 -19"><span class='ocrx_word' id='word_1_70' title='bbox 254 956 389 1027; x_wconf 77' lang='grc' dir='ltr'>πρὸς</span> <span class='ocrx_word' id='word_1_71' title='bbox 424 955 566 1009; x_wconf 81' lang='grc' dir='ltr'><strong>αὑτά</strong></span> <span class='ocrx_word' id='word_1_72' title='bbox 603 955 775 1009; x_wconf 77' lang='grc' dir='ltr'>ἒλκει.</span> <span class='ocrx_word' id='word_1_73' title='bbox 805 953 986 1017; x_wconf 82' lang='grc' dir='ltr'>Πόιθος</span> <span class='ocrx_word' id='word_1_74' title='bbox 1021 952 1133 1025; x_wconf 82' lang='grc' dir='ltr'>γὰρ</span> <span class='ocrx_word' id='word_1_75' title='bbox 1162 952 1401 1023; x_wconf 82' lang='grc' dir='ltr'>χαλεπὸν</span> <span class='ocrx_word' id='word_1_76' title='bbox 1437 955 1532 1007; x_wconf 76' lang='grc' dir='ltr'><strong>καὶ</strong></span> <span class='ocrx_word' id='word_1_77' title='bbox 1568 953 1838 1025; x_wconf 82' lang='grc' dir='ltr'>θηριῶδές</span> 
     </span>
    </p>
   </div>
   <div class='ocr_carea' id='block_1_12' title="bbox 252 1042 1839 1116">
    <p class='ocr_par' dir='ltr' id='par_1_12' title="bbox 252 1042 1839 1116">
     <span class='ocr_line' id='line_1_12' title="bbox 252 1042 1839 1116; baseline -0.001 -17"><span class='ocrx_word' id='word_1_78' title='bbox 252 1046 422 1109; x_wconf 69' lang='grc' dir='ltr'>ἐστιν,</span> <span class='ocrx_word' id='word_1_79' title='bbox 453 1047 549 1099; x_wconf 76' lang='grc' dir='ltr'>καὶ</span> <span class='ocrx_word' id='word_1_80' title='bbox 575 1044 853 1098; x_wconf 77' lang='grc' dir='ltr'>δουλεύειν</span> <span class='ocrx_word' id='word_1_81' title='bbox 896 1046 1072 1110; x_wconf 77' lang='grc' dir='ltr'>ποιεῖ,</span> <span class='ocrx_word' id='word_1_82' title='bbox 1123 1042 1420 1116; x_wconf 76' lang='grc' dir='ltr'>καὶταύτῃ</span> <span class='ocrx_word' id='word_1_83' title='bbox 1468 1044 1839 1098; x_wconf 83' lang='grc' dir='ltr'>διακονεῖσθαι</span> 
     </span>
    </p>
   </div>
   <div class='ocr_carea' id='block_1_13' title="bbox 253 1136 695 1208">
    <p class='ocr_par' dir='ltr' id='par_1_13' title="bbox 253 1136 695 1208">
     <span class='ocr_line' id='line_1_13' title="bbox 253 1136 695 1208; baseline -0.005 -18"><span class='ocrx_word' id='word_1_84' title='bbox 253 1136 695 1208; x_wconf 79' lang='grc' dir='ltr'>παρασκευάζει.</span> 
     </span>
    </p>
   </div>
   <div class='ocr_carea' id='block_1_14' title="bbox 260 1228 1835 1301">
    <p class='ocr_par' dir='ltr' id='par_1_14' title="bbox 260 1228 1835 1301">
     <span class='ocr_line' id='line_1_14' title="bbox 260 1228 1835 1301; baseline 0 -21"><span class='ocrx_word' id='word_1_85' title='bbox 260 1266 273 1280; x_wconf 95' lang='grc'><strong>.</strong></span> <span class='ocrx_word' id='word_1_86' title='bbox 324 1250 343 1282; x_wconf 77' lang='grc' dir='ltr'><strong>ι</strong></span> <span class='ocrx_word' id='word_1_87' title='bbox 389 1229 452 1283; x_wconf 80' lang='grc' dir='ltr'>Ὀ</span> <span class='ocrx_word' id='word_1_88' title='bbox 494 1229 552 1283; x_wconf 81' lang='grc' dir='ltr'><strong>δὲ</strong></span> <span class='ocrx_word' id='word_1_89' title='bbox 589 1228 725 1293; x_wconf 84' lang='grc' dir='ltr'>Θεὸς</span> <span class='ocrx_word' id='word_1_90' title='bbox 755 1230 849 1284; x_wconf 79' lang='grc' dir='ltr'>καὶ</span> <span class='ocrx_word' id='word_1_91' title='bbox 887 1228 1093 1301; x_wconf 85' lang='grc' dir='ltr'>ταύτην</span> <span class='ocrx_word' id='word_1_92' title='bbox 1125 1229 1221 1284; x_wconf 77' lang='grc' dir='ltr'>καὶ</span> <span class='ocrx_word' id='word_1_93' title='bbox 1261 1229 1437 1284; x_wconf 86' lang='grc' dir='ltr'>ταῦτα</span> <span class='ocrx_word' id='word_1_94' title='bbox 1471 1229 1835 1299; x_wconf 81' lang='grc' dir='ltr'>καταργήσει.</span> 
     </span>
    </p>
   </div>
   <div class='ocr_carea' id='block_1_15' title="bbox 251 1317 1837 1391">
    <p class='ocr_par' dir='ltr' id='par_1_15' title="bbox 251 1317 1837 1391">
     <span class='ocr_line' id='line_1_15' title="bbox 251 1317 1837 1391; baseline 0.002 -22"><span class='ocrx_word' id='word_1_95' title='bbox 251 1317 325 1370; x_wconf 80' lang='grc' dir='ltr'><strong>Τὸ</strong></span> <span class='ocrx_word' id='word_1_96' title='bbox 348 1317 405 1370; x_wconf 77' lang='grc' dir='ltr'><strong>δὲ</strong></span> <span class='ocrx_word' id='word_1_97' title='bbox 431 1317 592 1388; x_wconf 85' lang='grc' dir='ltr'>σῶμα</span> <span class='ocrx_word' id='word_1_98' title='bbox 626 1318 688 1371; x_wconf 80' lang='grc' dir='ltr'><strong>οὐ</strong></span> <span class='ocrx_word' id='word_1_99' title='bbox 722 1321 791 1389; x_wconf 85' lang='grc' dir='ltr'>τῇ</span> <span class='ocrx_word' id='word_1_100' title='bbox 826 1318 1076 1391; x_wconf 79' lang='grc' dir='ltr'>πορνείᾳ,</span> <span class='ocrx_word' id='word_1_101' title='bbox 1133 1318 1270 1374; x_wconf 73' lang='grc' dir='ltr'>ἀλλὰ</span> <span class='ocrx_word' id='word_1_102' title='bbox 1314 1317 1395 1389; x_wconf 84' lang='grc' dir='ltr'>τῷ</span> <span class='ocrx_word' id='word_1_103' title='bbox 1423 1318 1645 1389; x_wconf 74' lang='grc' dir='ltr'>Κυρίῳο</span> <span class='ocrx_word' id='word_1_104' title='bbox 1682 1319 1777 1371; x_wconf 71' lang='grc' dir='ltr'>καὶ</span> <span class='ocrx_word' id='word_1_105' title='bbox 1809 1322 1837 1372; x_wconf 80' lang='grc' dir='ltr'>ὁ</span> 
     </span>
    </p>
   </div>
   <div class='ocr_carea' id='block_1_16' title="bbox 249 1409 886 1483">
    <p class='ocr_par' dir='ltr' id='par_1_16' title="bbox 249 1409 886 1483">
     <span class='ocr_line' id='line_1_16' title="bbox 249 1409 886 1483; baseline 0 -19"><span class='ocrx_word' id='word_1_106' title='bbox 249 1411 453 1481; x_wconf 82' lang='grc' dir='ltr'>Κύριος</span> <span class='ocrx_word' id='word_1_107' title='bbox 485 1410 566 1482; x_wconf 81' lang='grc' dir='ltr'>τῷ</span> <span class='ocrx_word' id='word_1_108' title='bbox 604 1409 840 1483; x_wconf 85' lang='grc' dir='ltr'>σώματι.</span> <span class='ocrx_word' id='word_1_109' title='bbox 866 1429 886 1464; x_wconf 83' lang='grc'><strong>›</strong></span> 
     </span>
    </p>
   </div>
   <div class='ocr_carea' id='block_1_17' title="bbox 318 1505 1836 1577">
    <p class='ocr_par' dir='ltr' id='par_1_17' title="bbox 318 1505 1836 1577">
     <span class='ocr_line' id='line_1_17' title="bbox 318 1505 1836 1577; baseline -0.001 -19"><span class='ocrx_word' id='word_1_110' title='bbox 318 1507 393 1558; x_wconf 69' lang='lat'><strong>03</strong></span> <span class='ocrx_word' id='word_1_111' title='bbox 431 1505 533 1575; x_wconf 83' lang='grc' dir='ltr'><strong>τὴν</strong></span> <span class='ocrx_word' id='word_1_112' title='bbox 561 1505 806 1577; x_wconf 78' lang='grc' dir='ltr'>γαστέρα</span> <span class='ocrx_word' id='word_1_113' title='bbox 836 1505 1010 1574; x_wconf 87' lang='grc' dir='ltr'>λέγει,</span> <span class='ocrx_word' id='word_1_114' title='bbox 1037 1505 1178 1560; x_wconf 87' lang='grc' dir='ltr'>ἀλλὰ</span> <span class='ocrx_word' id='word_1_115' title='bbox 1220 1506 1321 1577; x_wconf 86' lang='grc' dir='ltr'>τὴν</span> <span class='ocrx_word' id='word_1_116' title='bbox 1368 1505 1609 1577; x_wconf 82' lang='grc' dir='ltr'>ἄμετρον</span> <span class='ocrx_word' id='word_1_117' title='bbox 1643 1505 1836 1558; x_wconf 78' lang='grc' dir='ltr'>ἐπιθυ-</span> 
     </span>
    </p>
   </div>
   <div class='ocr_carea' id='block_1_18' title="bbox 251 1597 1496 1670">
    <p class='ocr_par' dir='ltr' id='par_1_18' title="bbox 251 1597 1496 1670">
     <span class='ocr_line' id='line_1_18' title="bbox 251 1597 1496 1670; baseline 0.002 -21"><span class='ocrx_word' id='word_1_118' title='bbox 251 1598 404 1669; x_wconf 78' lang='grc' dir='ltr'>μίαν,</span> <span class='ocrx_word' id='word_1_119' title='bbox 430 1598 552 1651; x_wconf 81' lang='grc' dir='ltr'><strong>οὐδὲ</strong></span> <span class='ocrx_word' id='word_1_120' title='bbox 585 1598 685 1669; x_wconf 84' lang='grc' dir='ltr'>τὴν</span> <span class='ocrx_word' id='word_1_121' title='bbox 709 1598 940 1670; x_wconf 76' lang='grc' dir='ltr'>τροφὴν,</span> <span class='ocrx_word' id='word_1_122' title='bbox 968 1597 1106 1652; x_wconf 85' lang='grc' dir='ltr'>ἀλλὰ</span> <span class='ocrx_word' id='word_1_123' title='bbox 1138 1597 1238 1669; x_wconf 86' lang='grc' dir='ltr'>τὴν</span> <span class='ocrx_word' id='word_1_124' title='bbox 1257 1600 1496 1670; x_wconf 82' lang='grc' dir='ltr'>τρυφήν.</span> 
     </span>
    </p>
   </div>
   <div class='ocr_carea' id='block_1_19' title="bbox 319 1686 1837 1765">
    <p class='ocr_par' dir='ltr' id='par_1_19' title="bbox 319 1686 1837 1765">
     <span class='ocr_line' id='line_1_19' title="bbox 319 1686 1837 1765; baseline 0 -21"><span class='ocrx_word' id='word_1_125' title='bbox 319 1691 395 1744; x_wconf 78' lang='grc' dir='ltr'><strong>Οὐ</strong></span> <span class='ocrx_word' id='word_1_126' title='bbox 427 1690 540 1761; x_wconf 77' lang='grc' dir='ltr'><strong>γὰρ</strong></span> <span class='ocrx_word' id='word_1_127' title='bbox 567 1689 655 1743; x_wconf 80' lang='grc' dir='ltr'><strong>διὰ</strong></span> <span class='ocrx_word' id='word_1_128' title='bbox 696 1689 857 1744; x_wconf 88' lang='grc' dir='ltr'>τοῦτο</span> <span class='ocrx_word' id='word_1_129' title='bbox 910 1690 1353 1763; x_wconf 82' lang='grc' dir='ltr'>κατεσκευάσθη,</span> <span class='ocrx_word' id='word_1_130' title='bbox 1395 1691 1483 1744; x_wconf 79' lang='grc' dir='ltr'>ἵνα</span> <span class='ocrx_word' id='word_1_131' title='bbox 1525 1691 1739 1755; x_wconf 83' lang='grc' dir='ltr'>ἄσωτος</span> <span class='ocrx_word' id='word_1_132' title='bbox 1768 1686 1837 1765; x_wconf 82' lang='grc' dir='ltr'><strong>ᾗς</strong></span> 
     </span>
    </p>
   </div>
   <div class='ocr_carea' id='block_1_20' title="bbox 249 1779 1834 1854">
    <p class='ocr_par' dir='ltr' id='par_1_20' title="bbox 249 1779 1834 1854">
     <span class='ocr_line' id='line_1_20' title="bbox 249 1779 1834 1854; baseline 0.008 -21"><span class='ocrx_word' id='word_1_133' title='bbox 249 1781 343 1834; x_wconf 75' lang='grc' dir='ltr'><strong>καὶ</strong></span> <span class='ocrx_word' id='word_1_134' title='bbox 365 1780 664 1853; x_wconf 81' lang='grc' dir='ltr'>πορνεύῃς,</span> <span class='ocrx_word' id='word_1_135' title='bbox 692 1779 884 1852; x_wconf 82' lang='grc' dir='ltr'>ὥσπερ</span> <span class='ocrx_word' id='word_1_136' title='bbox 910 1781 1032 1834; x_wconf 80' lang='grc' dir='ltr'>οὐδὲ</span> <span class='ocrx_word' id='word_1_137' title='bbox 1051 1781 1249 1849; x_wconf 79' lang='grc' dir='ltr'>κοιλία,</span> <span class='ocrx_word' id='word_1_138' title='bbox 1281 1781 1367 1835; x_wconf 80' lang='grc' dir='ltr'>ἵνα</span> <span class='ocrx_word' id='word_1_139' title='bbox 1388 1784 1834 1854; x_wconf 75' lang='grc' dir='ltr'>γαστριμαργῇςι</span> 
     </span>
    </p>
   </div>
   <div class='ocr_carea' id='block_1_21' title="bbox 250 1870 1838 1945">
    <p class='ocr_par' dir='ltr' id='par_1_21' title="bbox 250 1870 1838 1945">
     <span class='ocr_line' id='line_1_21' title="bbox 250 1870 1838 1945; baseline 0.001 -19"><span class='ocrx_word' id='word_1_140' title='bbox 250 1872 367 1926; x_wconf 69' lang='grc' dir='ltr'>ἀλλ’</span> <span class='ocrx_word' id='word_1_141' title='bbox 405 1871 496 1927; x_wconf 72' lang='grc' dir='ltr'>ἵνα</span> <span class='ocrx_word' id='word_1_142' title='bbox 520 1870 599 1942; x_wconf 82' lang='grc' dir='ltr'>τῷ</span> <span class='ocrx_word' id='word_1_143' title='bbox 651 1871 877 1943; x_wconf 83' lang='grc' dir='ltr'>Χριστῷ</span> <span class='ocrx_word' id='word_1_144' title='bbox 905 1871 1109 1944; x_wconf 73' lang='grc' dir='ltr'>ἕπηται</span> <span class='ocrx_word' id='word_1_145' title='bbox 1139 1873 1217 1937; x_wconf 82' lang='grc' dir='ltr'><strong>ὡς</strong></span> <span class='ocrx_word' id='word_1_146' title='bbox 1247 1873 1484 1945; x_wconf 80' lang='grc' dir='ltr'>κεφαλῇ,</span> <span class='ocrx_word' id='word_1_147' title='bbox 1517 1874 1611 1927; x_wconf 77' lang='grc' dir='ltr'><strong>καὶ</strong></span> <span class='ocrx_word' id='word_1_148' title='bbox 1658 1874 1688 1926; x_wconf 85' lang='grc' dir='ltr'>ὁ</span> <span class='ocrx_word' id='word_1_149' title='bbox 1726 1873 1838 1927; x_wconf 83' lang='grc' dir='ltr'><strong>Κύ-</strong></span> 
     </span>
    </p>
   </div>
   <div class='ocr_carea' id='block_1_22' title="bbox 250 1964 1840 2038">
    <p class='ocr_par' dir='ltr' id='par_1_22' title="bbox 250 1964 1840 2038">
     <span class='ocr_line' id='line_1_22' title="bbox 250 1964 1840 2038; baseline -0.001 -21"><span class='ocrx_word' id='word_1_150' title='bbox 250 1983 366 2037; x_wconf 82' lang='grc' dir='ltr'>ριος</span> <span class='ocrx_word' id='word_1_151' title='bbox 390 1965 472 2036; x_wconf 83' lang='grc' dir='ltr'>τῷ</span> <span class='ocrx_word' id='word_1_152' title='bbox 510 1964 725 2035; x_wconf 83' lang='grc' dir='ltr'>σώματι</span> <span class='ocrx_word' id='word_1_153' title='bbox 784 1965 1099 2038; x_wconf 78' lang='grc' dir='ltr'>ὲπικέηται.</span> <span class='ocrx_word' id='word_1_154' title='bbox 1129 1965 1480 2036; x_wconf 83' lang='grc' dir='ltr'>Αίδεσθῶμεν</span> <span class='ocrx_word' id='word_1_155' title='bbox 1502 2003 1518 2028; x_wconf 87' lang='grc'><strong>,</strong></span> <span class='ocrx_word' id='word_1_156' title='bbox 1556 1965 1840 2037; x_wconf 78' lang='grc' dir='ltr'>φρίξωμεν</span> 
     </span>
    </p>
   </div>
   <div class='ocr_carea' id='block_1_23' title="bbox 243 2057 1838 2130">
    <p class='ocr_par' dir='ltr' id='par_1_23' title="bbox 243 2057 1838 2130">
     <span class='ocr_line' id='line_1_23' title="bbox 243 2057 1838 2130; baseline -0.002 -17"><span class='ocrx_word' id='word_1_157' title='bbox 243 2061 352 2125; x_wconf 78' lang='grc' dir='ltr'>ὅτι,</span> <span class='ocrx_word' id='word_1_158' title='bbox 383 2057 481 2113; x_wconf 88' lang='grc' dir='ltr'><strong>τοῦ</strong></span> <span class='ocrx_word' id='word_1_159' title='bbox 514 2059 629 2114; x_wconf 83' lang='grc' dir='ltr'>ἄνω</span> <span class='ocrx_word' id='word_1_160' title='bbox 661 2059 977 2130; x_wconf 83' lang='grc' dir='ltr'>καθημένου</span> <span class='ocrx_word' id='word_1_161' title='bbox 1027 2058 1351 2127; x_wconf 81' lang='grc' dir='ltr'>ἀξιωθέντες</span> <span class='ocrx_word' id='word_1_162' title='bbox 1383 2058 1638 2127; x_wconf 85' lang='grc' dir='ltr'>γενέσθαι</span> <span class='ocrx_word' id='word_1_163' title='bbox 1679 2059 1838 2129; x_wconf 82' lang='grc' dir='ltr'>μέλη,</span> 
     </span>
    </p>
   </div>
   <div class='ocr_carea' id='block_1_24' title="bbox 245 2150 1530 2223">
    <p class='ocr_par' dir='ltr' id='par_1_24' title="bbox 245 2150 1530 2223">
     <span class='ocr_line' id='line_1_24' title="bbox 245 2150 1530 2223; baseline -0.002 -19"><span class='ocrx_word' id='word_1_164' title='bbox 245 2152 530 2217; x_wconf 78' lang='grc' dir='ltr'>τοσούτοις</span> <span class='ocrx_word' id='word_1_165' title='bbox 580 2153 772 2216; x_wconf 81' lang='grc' dir='ltr'>κακοῖς</span> <span class='ocrx_word' id='word_1_166' title='bbox 803 2152 1248 2223; x_wconf 83' lang='grc' dir='ltr'>καταισχύνομεν</span> <span class='ocrx_word' id='word_1_167' title='bbox 1279 2150 1530 2213; x_wconf 75' lang='grc' dir='ltr'>ἑαυτούς.</span> 
     </span>
    </p>
   </div>
   <div class='ocr_carea' id='block_1_25' title="bbox 325 2330 1842 2402">
    <p class='ocr_par' dir='ltr' id='par_1_25' title="bbox 325 2330 1842 2402">
     <span class='ocr_line' id='line_1_25' title="bbox 325 2330 1842 2402; baseline -0.002 -17"><span class='ocrx_word' id='word_1_168' title='bbox 325 2353 347 2385; x_wconf 73' lang='grc' dir='ltr'><strong>ι</strong></span> <span class='ocrx_word' id='word_1_169' title='bbox 380 2334 442 2388; x_wconf 89' lang='grc' dir='ltr'>Ὁ</span> <span class='ocrx_word' id='word_1_170' title='bbox 487 2333 545 2387; x_wconf 83' lang='grc' dir='ltr'><strong>δὲ</strong></span> <span class='ocrx_word' id='word_1_171' title='bbox 591 2333 728 2397; x_wconf 80' lang='grc' dir='ltr'>Θεὸς</span> <span class='ocrx_word' id='word_1_172' title='bbox 779 2333 879 2388; x_wconf 76' lang='grc' dir='ltr'><strong>καὶ</strong></span> <span class='ocrx_word' id='word_1_173' title='bbox 913 2331 1005 2387; x_wconf 84' lang='grc' dir='ltr'><strong>τὸν</strong></span> <span class='ocrx_word' id='word_1_174' title='bbox 1032 2331 1238 2402; x_wconf 83' lang='grc' dir='ltr'>Κύριον</span> <span class='ocrx_word' id='word_1_175' title='bbox 1268 2332 1516 2402; x_wconf 67' lang='grc' dir='ltr'>ἤγειρεν,</span> <span class='ocrx_word' id='word_1_176' title='bbox 1563 2330 1658 2383; x_wconf 70' lang='grc' dir='ltr'>καὶ</span> <span class='ocrx_word' id='word_1_177' title='bbox 1694 2331 1842 2400; x_wconf 73' lang='grc' dir='ltr'>ἡμᾶς</span> 
     </span>
    </p>
   </div>
   <div class='ocr_carea' id='block_1_26' title="bbox 247 2423 1263 2497">
    <p class='ocr_par' dir='ltr' id='par_1_26' title="bbox 247 2423 1263 2497">
     <span class='ocr_line' id='line_1_26' title="bbox 247 2423 1263 2497; baseline -0.003 -19"><span class='ocrx_word' id='word_1_178' title='bbox 247 2426 436 2497; x_wconf 80' lang='grc' dir='ltr'>ἐγερεῖ</span> <span class='ocrx_word' id='word_1_179' title='bbox 462 2425 553 2479; x_wconf 82' lang='grc' dir='ltr'><strong>διὰ</strong></span> <span class='ocrx_word' id='word_1_180' title='bbox 583 2425 685 2496; x_wconf 79' lang='grc' dir='ltr'>τῆς</span> <span class='ocrx_word' id='word_1_181' title='bbox 714 2424 1001 2496; x_wconf 81' lang='grc' dir='ltr'>δυνάμεως</span> <span class='ocrx_word' id='word_1_182' title='bbox 1027 2423 1214 2479; x_wconf 82' lang='grc' dir='ltr'>αὐτοῦ.</span> <span class='ocrx_word' id='word_1_183' title='bbox 1244 2443 1263 2475; x_wconf 73' lang='grc' dir='ltr'><strong>ι</strong></span> 
     </span>
    </p>
   </div>
   <div class='ocr_carea' id='block_1_27' title="bbox 320 2502 1841 2591">
    <p class='ocr_par' dir='ltr' id='par_1_27' title="bbox 320 2502 1841 2591">
     <span class='ocr_line' id='line_1_27' title="bbox 320 2502 1841 2591; baseline -0.004 -17"><span class='ocrx_word' id='word_1_184' title='bbox 320 2502 730 2591; x_wconf 81' lang='grc' dir='ltr'>Κατηγορήσας</span> <span class='ocrx_word' id='word_1_185' title='bbox 768 2516 972 2582; x_wconf 81' lang='grc' dir='ltr'>ἱκανῶς</span> <span class='ocrx_word' id='word_1_186' title='bbox 1009 2517 1118 2572; x_wconf 85' lang='grc' dir='ltr'><strong>τῶν</strong></span> <span class='ocrx_word' id='word_1_187' title='bbox 1158 2515 1616 2589; x_wconf 82' lang='grc' dir='ltr'>γαστριμάργων,</span> <span class='ocrx_word' id='word_1_188' title='bbox 1649 2516 1745 2570; x_wconf 76' lang='grc' dir='ltr'><strong>καὶ</strong></span> <span class='ocrx_word' id='word_1_189' title='bbox 1772 2519 1841 2586; x_wconf 76' lang='grc' dir='ltr'>τῇ</span> 
     </span>
    </p>
   </div>
   <div class='ocr_carea' id='block_1_28' title="bbox 247 2605 1840 2679">
    <p class='ocr_par' dir='ltr' id='par_1_28' title="bbox 247 2605 1840 2679">
     <span class='ocr_line' id='line_1_28' title="bbox 247 2605 1840 2679; baseline -0.001 -16"><span class='ocrx_word' id='word_1_190' title='bbox 247 2609 358 2664; x_wconf 84' lang='grc' dir='ltr'><strong>τῶν</strong></span> <span class='ocrx_word' id='word_1_191' title='bbox 392 2607 703 2679; x_wconf 81' lang='grc' dir='ltr'>μελλόντων</span> <span class='ocrx_word' id='word_1_192' title='bbox 746 2606 925 2661; x_wconf 77' lang='grc' dir='ltr'>ἑλπίδι</span> <span class='ocrx_word' id='word_1_193' title='bbox 962 2606 1064 2678; x_wconf 84' lang='grc' dir='ltr'><strong>τῆς</strong></span> <span class='ocrx_word' id='word_1_194' title='bbox 1111 2607 1312 2670; x_wconf 84' lang='grc' dir='ltr'>κακίας</span> <span class='ocrx_word' id='word_1_195' title='bbox 1363 2605 1567 2677; x_wconf 85' lang='grc' dir='ltr'>ταύτης</span> <span class='ocrx_word' id='word_1_196' title='bbox 1612 2605 1840 2673; x_wconf 77' lang='grc' dir='ltr'>ἀπάγει.</span> 
     </span>
    </p>
   </div>
   <div class='ocr_carea' id='block_1_29' title="bbox 248 2691 1842 2770">
    <p class='ocr_par' dir='ltr' id='par_1_29' title="bbox 248 2691 1842 2770">
     <span class='ocr_line' id='line_1_29' title="bbox 248 2691 1842 2770; baseline -0.002 -17"><span class='ocrx_word' id='word_1_197' title='bbox 248 2701 455 2757; x_wconf 81' lang='grc' dir='ltr'>Σκόπει</span> <span class='ocrx_word' id='word_1_198' title='bbox 482 2698 542 2753; x_wconf 77' lang='grc' dir='ltr'><strong>δὲ</strong></span> <span class='ocrx_word' id='word_1_199' title='bbox 566 2698 685 2764; x_wconf 84' lang='grc' dir='ltr'><strong>πῶς</strong></span> <span class='ocrx_word' id='word_1_200' title='bbox 732 2698 827 2751; x_wconf 74' lang='grc' dir='ltr'>ἐπὶ</span> <span class='ocrx_word' id='word_1_201' title='bbox 874 2698 975 2770; x_wconf 84' lang='grc' dir='ltr'>μὲν</span> <span class='ocrx_word' id='word_1_202' title='bbox 1012 2696 1108 2752; x_wconf 90' lang='grc' dir='ltr'><strong>τοῦ</strong></span> <span class='ocrx_word' id='word_1_203' title='bbox 1156 2696 1367 2768; x_wconf 85' lang='grc' dir='ltr'>Κυρίου</span> <span class='ocrx_word' id='word_1_204' title='bbox 1421 2695 1614 2760; x_wconf 80' lang='grc' dir='ltr'>ἁπλῶς</span> <span class='ocrx_word' id='word_1_205' title='bbox 1665 2691 1842 2761; x_wconf 83' lang='grc' dir='ltr'>εἶπεν,</span> 
     </span>
    </p>
   </div>
   <div class='ocr_carea' id='block_1_30' title="bbox 252 2787 1845 2863">
    <p class='ocr_par' dir='ltr' id='par_1_30' title="bbox 252 2787 1845 2863">
     <span class='ocr_line' id='line_1_30' title="bbox 252 2787 1845 2863; baseline -0.004 -14"><span class='ocrx_word' id='word_1_206' title='bbox 252 2793 368 2849; x_wconf 77' lang='grc' dir='ltr'><strong>Τὸν</strong></span> <span class='ocrx_word' id='word_1_207' title='bbox 388 2793 614 2861; x_wconf 80' lang='grc' dir='ltr'>Κύριον</span> <span class='ocrx_word' id='word_1_208' title='bbox 642 2791 904 2863; x_wconf 77' lang='grc' dir='ltr'>ἤγειρεν·</span> <span class='ocrx_word' id='word_1_209' title='bbox 925 2791 1019 2844; x_wconf 80' lang='grc' dir='ltr'><strong>ὲπὶ</strong></span> <span class='ocrx_word' id='word_1_210' title='bbox 1038 2790 1096 2846; x_wconf 84' lang='grc' dir='ltr'><strong>δὲ</strong></span> <span class='ocrx_word' id='word_1_211' title='bbox 1125 2789 1234 2843; x_wconf 84' lang='grc' dir='ltr'>τῶν</span> <span class='ocrx_word' id='word_1_212' title='bbox 1255 2791 1546 2863; x_wconf 75' lang='grc' dir='ltr'>ἡμετέρων</span> <span class='ocrx_word' id='word_1_213' title='bbox 1573 2787 1845 2862; x_wconf 81' lang='grc' dir='ltr'>σωμάτων</span> 
     </span>
    </p>
   </div>
   <div class='ocr_carea' id='block_1_31' title="bbox 248 2883 1845 2960">
    <p class='ocr_par' dir='ltr' id='par_1_31' title="bbox 248 2883 1845 2960">
     <span class='ocr_line' id='line_1_31' title="bbox 248 2883 1845 2960; baseline -0.004 -19"><span class='ocrx_word' id='word_1_214' title='bbox 248 2887 598 2960; x_wconf 80' lang='grc' dir='ltr'>προσέθηκεν</span> <span class='ocrx_word' id='word_1_215' title='bbox 629 2886 713 2954; x_wconf 80' lang='grc' dir='ltr'><strong>τὸ,</strong></span> <span class='ocrx_word' id='word_1_216' title='bbox 744 2884 847 2939; x_wconf 83' lang='grc' dir='ltr'><strong>διὰ</strong></span> <span class='ocrx_word' id='word_1_217' title='bbox 871 2884 983 2955; x_wconf 83' lang='grc' dir='ltr'>τῆς</span> <span class='ocrx_word' id='word_1_218' title='bbox 1003 2884 1320 2955; x_wconf 80' lang='grc' dir='ltr'>δυνάμεως</span> <span class='ocrx_word' id='word_1_219' title='bbox 1349 2884 1562 2949; x_wconf 83' lang='grc' dir='ltr'>αὐτοῦ,</span> <span class='ocrx_word' id='word_1_220' title='bbox 1595 2887 1666 2956; x_wconf 78' lang='grc' dir='ltr'>τῇ</span> <span class='ocrx_word' id='word_1_221' title='bbox 1699 2883 1845 2948; x_wconf 79' lang='grc' dir='ltr'>ἀξιο-</span> 
     </span>
    </p>
   </div>
   <div class='ocr_carea' id='block_1_32' title="bbox 249 2976 1846 3050">
    <p class='ocr_par' dir='ltr' id='par_1_32' title="bbox 249 2976 1846 3050">
     <span class='ocr_line' id='line_1_32' title="bbox 249 2976 1846 3050; baseline -0.003 -17"><span class='ocrx_word' id='word_1_222' title='bbox 249 2980 444 3050; x_wconf 77' lang='grc' dir='ltr'>πιστίᾳ</span> <span class='ocrx_word' id='word_1_223' title='bbox 478 2978 584 3049; x_wconf 85' lang='grc' dir='ltr'>τῆς</span> <span class='ocrx_word' id='word_1_224' title='bbox 609 2977 708 3031; x_wconf 91' lang='grc' dir='ltr'><strong>τοῦ</strong></span> <span class='ocrx_word' id='word_1_225' title='bbox 752 2976 1037 3041; x_wconf 83' lang='grc' dir='ltr'>ποιοῦντος</span> <span class='ocrx_word' id='word_1_226' title='bbox 1071 2976 1255 3048; x_wconf 75' lang='grc' dir='ltr'>ἰσχύος</span> <span class='ocrx_word' id='word_1_227' title='bbox 1301 2977 1431 3041; x_wconf 82' lang='grc' dir='ltr'>τοὺς</span> <span class='ocrx_word' id='word_1_228' title='bbox 1463 2976 1846 3045; x_wconf 83' lang='grc' dir='ltr'>ἀντιλέγοντας</span> 
     </span>
    </p>
   </div>
   <div class='ocr_carea' id='block_1_33' title="bbox 1941 494 3537 578">
    <p class='ocr_par' dir='ltr' id='par_1_33' title="bbox 1941 494 3537 578">
     <span class='ocr_line' id='line_1_33' title="bbox 1941 494 3537 578; baseline 0.016 -36"><span class='ocrx_word' id='word_1_229' title='bbox 1941 507 2048 561; x_wconf 86' lang='lat' dir='ltr'><strong>que</strong></span> <span class='ocrx_word' id='word_1_230' title='bbox 2080 494 2191 564; x_wconf 75' lang='lat'><strong>82</strong></span> <span class='ocrx_word' id='word_1_231' title='bbox 2219 510 2427 567; x_wconf 88' lang='lat' dir='ltr'><strong>corpus</strong></span> <span class='ocrx_word' id='word_1_232' title='bbox 2461 515 2570 555; x_wconf 91' lang='lat' dir='ltr'><strong>non</strong></span> <span class='ocrx_word' id='word_1_233' title='bbox 2603 502 2949 569; x_wconf 87' lang='lat' dir='ltr'><strong>criminetur,</strong></span> <span class='ocrx_word' id='word_1_234' title='bbox 2981 507 3108 562; x_wconf 85' lang='lat' dir='ltr'><strong>audi</strong></span> <span class='ocrx_word' id='word_1_235' title='bbox 3134 510 3414 578; x_wconf 79' lang='lat' dir='ltr'><strong>quomodo</strong></span> <span class='ocrx_word' id='word_1_236' title='bbox 3443 510 3537 566; x_wconf 78' lang='lat' dir='ltr'><strong>de-</strong></span> 
     </span>
    </p>
   </div>
   <div class='ocr_carea' id='block_1_34' title="bbox 1941 585 3532 666">
    <p class='ocr_par' dir='ltr' id='par_1_34' title="bbox 1941 585 3532 666">
     <span class='ocr_line' id='line_1_34' title="bbox 1941 585 3532 666; baseline 0.013 -29"><span class='ocrx_word' id='word_1_237' title='bbox 1941 585 2118 640; x_wconf 86' lang='lat' dir='ltr'><strong>clarat</strong></span> <span class='ocrx_word' id='word_1_238' title='bbox 2155 606 2168 641; x_wconf 91' lang='lat'><strong>:</strong></span> <span class='ocrx_word' id='word_1_239' title='bbox 2203 588 2409 661; x_wconf 76' lang='lat' dir='ltr'><strong>Corpus</strong></span> <span class='ocrx_word' id='word_1_240' title='bbox 2443 603 2621 646; x_wconf 84' lang='lat' dir='ltr'><strong>autem</strong></span> <span class='ocrx_word' id='word_1_241' title='bbox 2651 610 2757 648; x_wconf 82' lang='lat' dir='ltr'><strong>non</strong></span> <span class='ocrx_word' id='word_1_242' title='bbox 2796 596 3164 666; x_wconf 73' lang='lat' dir='ltr'><strong>fornicationi,</strong></span> <span class='ocrx_word' id='word_1_243' title='bbox 3204 603 3301 655; x_wconf 77' lang='lat' dir='ltr'><strong>sed</strong></span> <span class='ocrx_word' id='word_1_244' title='bbox 3339 602 3532 657; x_wconf 85' lang='lat' dir='ltr'><strong>Domi-</strong></span> 
     </span>
    </p>
   </div>
   <div class='ocr_carea' id='block_1_35' title="bbox 1949 680 3524 763">
    <p class='ocr_par' dir='ltr' id='par_1_35' title="bbox 1949 680 3524 763">
     <span class='ocr_line' id='line_1_35' title="bbox 1949 680 3524 763; baseline 0.011 -32"><span class='ocrx_word' id='word_1_245' title='bbox 1949 695 2039 734; x_wconf 87' lang='lat' dir='ltr'><strong>no.</strong></span> <span class='ocrx_word' id='word_1_246' title='bbox 2092 680 2246 747; x_wconf 88' lang='lat' dir='ltr'><strong>Quod</strong></span> <span class='ocrx_word' id='word_1_247' title='bbox 2293 694 2474 740; x_wconf 85' lang='lat' dir='ltr'><strong>autem</strong></span> <span class='ocrx_word' id='word_1_248' title='bbox 2503 702 2648 742; x_wconf 90' lang='lat' dir='ltr'><strong>nunc</strong></span> <span class='ocrx_word' id='word_1_249' title='bbox 2684 688 2779 753; x_wconf 96' lang='lat' dir='ltr'><strong>ait,</strong></span> <span class='ocrx_word' id='word_1_250' title='bbox 2810 689 2973 759; x_wconf 85' lang='lat' dir='ltr'><strong>hujus</strong></span> <span class='ocrx_word' id='word_1_251' title='bbox 3001 693 3385 763; x_wconf 71' lang='lat' dir='ltr'><strong>signiﬁcantia:</strong></span> <span class='ocrx_word' id='word_1_252' title='bbox 3408 705 3524 750; x_wconf 89' lang='lat' dir='ltr'><strong>est:</strong></span> 
     </span>
    </p>
   </div>
   <div class='ocr_carea' id='block_1_36' title="bbox 1940 771 3531 847">
    <p class='ocr_par' dir='ltr' id='par_1_36' title="bbox 1940 771 3531 847">
     <span class='ocr_line' id='line_1_36' title="bbox 1940 771 3531 847; baseline 0.008 -22"><span class='ocrx_word' id='word_1_253' title='bbox 1940 771 2060 826; x_wconf 88' lang='lat' dir='ltr'><strong>Cibi</strong></span> <span class='ocrx_word' id='word_1_254' title='bbox 2091 788 2215 828; x_wconf 81' lang='lat' dir='ltr'><strong>Cliti]</strong></span> <span class='ocrx_word' id='word_1_255' title='bbox 2237 776 2362 847; x_wconf 84' lang='lat' dir='ltr'><strong>gula</strong></span> <span class='ocrx_word' id='word_1_256' title='bbox 2421 778 2888 834; x_wconf 76' lang='lat' dir='ltr'><strong>necessitudinem</strong></span> <span class='ocrx_word' id='word_1_257' title='bbox 2920 780 3142 847; x_wconf 82' lang='lat' dir='ltr'><strong>habent,</strong></span> <span class='ocrx_word' id='word_1_258' title='bbox 3169 794 3222 838; x_wconf 89' lang='lat' dir='ltr'><strong>et</strong></span> <span class='ocrx_word' id='word_1_259' title='bbox 3251 784 3369 839; x_wconf 70' lang='lat' dir='ltr'><strong>haec</strong></span> <span class='ocrx_word' id='word_1_260' title='bbox 3409 801 3531 841; x_wconf 87' lang='lat' dir='ltr'><strong>cum</strong></span> 
     </span>
    </p>
   </div>
   <div class='ocr_carea' id='block_1_37' title="bbox 1943 862 3532 938">
    <p class='ocr_par' dir='ltr' id='par_1_37' title="bbox 1943 862 3532 938">
     <span class='ocr_line' id='line_1_37' title="bbox 1943 862 3532 938; baseline 0.009 -21"><span class='ocrx_word' id='word_1_261' title='bbox 1943 862 2079 931; x_wconf 84' lang='lat' dir='ltr'><strong>illis;</strong></span> <span class='ocrx_word' id='word_1_262' title='bbox 2109 880 2209 920; x_wconf 87' lang='lat' dir='ltr'><strong>nec</strong></span> <span class='ocrx_word' id='word_1_263' title='bbox 2236 883 2299 921; x_wconf 90' lang='lat' dir='ltr'><strong>ea</strong></span> <span class='ocrx_word' id='word_1_264' title='bbox 2329 876 2511 938; x_wconf 84' lang='lat' dir='ltr'><strong>potest</strong></span> <span class='ocrx_word' id='word_1_265' title='bbox 2540 885 2645 926; x_wconf 88' lang='lat' dir='ltr'><strong>nos</strong></span> <span class='ocrx_word' id='word_1_266' title='bbox 2675 870 2744 925; x_wconf 90' lang='lat' dir='ltr'><strong>ad</strong></span> <span class='ocrx_word' id='word_1_267' title='bbox 2774 869 3053 927; x_wconf 87' lang='lat' dir='ltr'><strong>Christum</strong></span> <span class='ocrx_word' id='word_1_268' title='bbox 3086 872 3312 938; x_wconf 87' lang='lat' dir='ltr'><strong>ducere,</strong></span> <span class='ocrx_word' id='word_1_269' title='bbox 3346 877 3439 931; x_wconf 86' lang='lat' dir='ltr'><strong>sed</strong></span> <span class='ocrx_word' id='word_1_270' title='bbox 3463 880 3532 931; x_wconf 84' lang='lat' dir='ltr'><strong>ad</strong></span> 
     </span>
    </p>
   </div>
   <div class='ocr_carea' id='block_1_38' title="bbox 1942 955 3533 1035">
    <p class='ocr_par' dir='ltr' id='par_1_38' title="bbox 1942 955 3533 1035">
     <span class='ocr_line' id='line_1_38' title="bbox 1942 955 3533 1035; baseline 0.009 -27"><span class='ocrx_word' id='word_1_271' title='bbox 1942 955 2030 1009; x_wconf 88' lang='lat' dir='ltr'><strong>illa</strong></span> <span class='ocrx_word' id='word_1_272' title='bbox 2065 960 2348 1026; x_wconf 87' lang='lat' dir='ltr'><strong>pertrahit.</strong></span> <span class='ocrx_word' id='word_1_273' title='bbox 2387 960 2678 1033; x_wconf 65' lang='lat' dir='ltr'><strong>ngritudo</strong></span> <span class='ocrx_word' id='word_1_274' title='bbox 2702 964 2904 1035; x_wconf 84' lang='lat' dir='ltr'><strong>quippe</strong></span> <span class='ocrx_word' id='word_1_275' title='bbox 2935 964 3122 1032; x_wconf 81' lang='lat' dir='ltr'><strong>gravis</strong></span> <span class='ocrx_word' id='word_1_276' title='bbox 3160 974 3244 1019; x_wconf 90' lang='lat' dir='ltr'><strong>est</strong></span> <span class='ocrx_word' id='word_1_277' title='bbox 3294 975 3351 1020; x_wconf 90' lang='lat' dir='ltr'><strong>et</strong></span> <span class='ocrx_word' id='word_1_278' title='bbox 3402 966 3533 1023; x_wconf 75' lang='lat' dir='ltr'><strong>effe-</strong></span> 
     </span>
    </p>
   </div>
   <div class='ocr_carea' id='block_1_39' title="bbox 1941 1050 3529 1125">
    <p class='ocr_par' dir='ltr' id='par_1_39' title="bbox 1941 1050 3529 1125">
     <span class='ocr_line' id='line_1_39' title="bbox 1941 1050 3529 1125; baseline 0.006 -29"><span class='ocrx_word' id='word_1_279' title='bbox 1941 1057 2026 1108; x_wconf 85' lang='lat' dir='ltr'><strong>ra,</strong></span> <span class='ocrx_word' id='word_1_280' title='bbox 2060 1061 2181 1116; x_wconf 64' lang='lat' dir='ltr'><strong>quae</strong></span> <span class='ocrx_word' id='word_1_281' title='bbox 2213 1050 2463 1105; x_wconf 80' lang='lat' dir='ltr'><strong>servituti</strong></span> <span class='ocrx_word' id='word_1_282' title='bbox 2515 1052 2786 1109; x_wconf 81' lang='lat' dir='ltr'><strong>obnoxios</strong></span> <span class='ocrx_word' id='word_1_283' title='bbox 2820 1053 3021 1120; x_wconf 84' lang='lat' dir='ltr'><strong>reddit,</strong></span> <span class='ocrx_word' id='word_1_284' title='bbox 3062 1053 3310 1125; x_wconf 81' lang='lat' dir='ltr'><strong>facitque</strong></span> <span class='ocrx_word' id='word_1_285' title='bbox 3331 1062 3392 1109; x_wconf 89' lang='lat' dir='ltr'><strong>ut</strong></span> <span class='ocrx_word' id='word_1_286' title='bbox 3429 1056 3529 1110; x_wconf 87' lang='lat' dir='ltr'><strong>sibi</strong></span> 
     </span>
    </p>
   </div>
   <div class='ocr_carea' id='block_1_40' title="bbox 1941 1137 2684 1214">
    <p class='ocr_par' dir='ltr' id='par_1_40' title="bbox 1941 1137 2684 1214">
     <span class='ocr_line' id='line_1_40' title="bbox 1941 1137 2684 1214; baseline 0.011 -23"><span class='ocrx_word' id='word_1_287' title='bbox 1941 1137 2198 1196; x_wconf 88' lang='lat' dir='ltr'><strong>homines</strong></span> <span class='ocrx_word' id='word_1_288' title='bbox 2231 1157 2435 1197; x_wconf 87' lang='lat' dir='ltr'><strong>morem</strong></span> <span class='ocrx_word' id='word_1_289' title='bbox 2473 1153 2684 1214; x_wconf 76' lang='lat' dir='ltr'><strong>gerant.</strong></span> 
     </span>
    </p>
   </div>
   <div class='ocr_carea' id='block_1_41' title="bbox 2020 1232 3528 1313">
    <p class='ocr_par' dir='ltr' id='par_1_41' title="bbox 2020 1232 3528 1313">
     <span class='ocr_line' id='line_1_41' title="bbox 2020 1232 3528 1313; baseline 0.007 -27"><span class='ocrx_word' id='word_1_290' title='bbox 2020 1251 2037 1281; x_wconf 80' lang='grc' dir='ltr'><strong>ι</strong></span> <span class='ocrx_word' id='word_1_291' title='bbox 2080 1232 2222 1289; x_wconf 86' lang='lat' dir='ltr'><strong>Deus</strong></span> <span class='ocrx_word' id='word_1_292' title='bbox 2252 1243 2434 1290; x_wconf 90' lang='lat' dir='ltr'><strong>autem</strong></span> <span class='ocrx_word' id='word_1_293' title='bbox 2467 1235 2615 1291; x_wconf 90' lang='lat' dir='ltr'><strong>hunc</strong></span> <span class='ocrx_word' id='word_1_294' title='bbox 2646 1247 2701 1292; x_wconf 84' lang='lat' dir='ltr'><strong>et</strong></span> <span class='ocrx_word' id='word_1_295' title='bbox 2745 1238 2847 1293; x_wconf 88' lang='lat' dir='ltr'><strong>has</strong></span> <span class='ocrx_word' id='word_1_296' title='bbox 2881 1239 3145 1296; x_wconf 80' lang='lat' dir='ltr'><strong>destruet.</strong></span> <span class='ocrx_word' id='word_1_297' title='bbox 3174 1240 3391 1313; x_wconf 80' lang='lat' dir='ltr'><strong>Corpus</strong></span> <span class='ocrx_word' id='word_1_298' title='bbox 3430 1258 3528 1297; x_wconf 86' lang='lat' dir='ltr'><strong>au-</strong></span> 
     </span>
    </p>
   </div>
   <div class='ocr_carea' id='block_1_42' title="bbox 1942 1326 3531 1401">
    <p class='ocr_par' dir='ltr' id='par_1_42' title="bbox 1942 1326 3531 1401">
     <span class='ocr_line' id='line_1_42' title="bbox 1942 1326 3531 1401; baseline 0.008 -23"><span class='ocrx_word' id='word_1_299' title='bbox 1942 1335 2049 1380; x_wconf 83' lang='lat' dir='ltr'><strong>tem</strong></span> <span class='ocrx_word' id='word_1_300' title='bbox 2108 1340 2219 1380; x_wconf 91' lang='lat' dir='ltr'><strong>non</strong></span> <span class='ocrx_word' id='word_1_301' title='bbox 2278 1326 2663 1396; x_wconf 82' lang='lat' dir='ltr'><strong>fornicationi,</strong></span> <span class='ocrx_word' id='word_1_302' title='bbox 2700 1330 2797 1386; x_wconf 88' lang='lat' dir='ltr'><strong>sed</strong></span> <span class='ocrx_word' id='word_1_303' title='bbox 2852 1332 3130 1401; x_wconf 89' lang='lat' dir='ltr'><strong>Domino;</strong></span> <span class='ocrx_word' id='word_1_304' title='bbox 3166 1342 3222 1390; x_wconf 86' lang='lat' dir='ltr'><strong>et</strong></span> <span class='ocrx_word' id='word_1_305' title='bbox 3269 1334 3531 1391; x_wconf 79' lang='lat' dir='ltr'><strong>Dominus</strong></span> 
     </span>
    </p>
   </div>
   <div class='ocr_carea' id='block_1_43' title="bbox 1940 1434 2242 1488">
    <p class='ocr_par' dir='ltr' id='par_1_43' title="bbox 1940 1434 2242 1488">
     <span class='ocr_line' id='line_1_43' title="bbox 1940 1434 2242 1488; baseline -0.003 -17"><span class='ocrx_word' id='word_1_306' title='bbox 1940 1434 2180 1488; x_wconf 79' lang='lat' dir='ltr'><strong>corpori.</strong></span> <span class='ocrx_word' id='word_1_307' title='bbox 2224 1438 2242 1470; x_wconf 74' lang='grc' dir='ltr'><strong>ι</strong></span> 
     </span>
    </p>
   </div>
   <div class='ocr_carea' id='block_1_44' title="bbox 2010 1506 3532 1577">
    <p class='ocr_par' dir='ltr' id='par_1_44' title="bbox 2010 1506 3532 1577">
     <span class='ocr_line' id='line_1_44' title="bbox 2010 1506 3532 1577; baseline 0.006 -15"><span class='ocrx_word' id='word_1_308' title='bbox 2010 1506 2131 1563; x_wconf 82' lang='lat' dir='ltr'><strong>Non</strong></span> <span class='ocrx_word' id='word_1_309' title='bbox 2168 1508 2325 1571; x_wconf 79' lang='lat' dir='ltr'><strong>dicit,</strong></span> <span class='ocrx_word' id='word_1_310' title='bbox 2358 1518 2607 1566; x_wconf 85' lang='lat' dir='ltr'><strong>ventrem</strong></span> <span class='ocrx_word' id='word_1_311' title='bbox 2641 1512 2915 1577; x_wconf 89' lang='lat' dir='ltr'><strong>destruet,</strong></span> <span class='ocrx_word' id='word_1_312' title='bbox 2949 1514 3045 1570; x_wconf 91' lang='lat' dir='ltr'><strong>sed</strong></span> <span class='ocrx_word' id='word_1_313' title='bbox 3112 1515 3532 1573; x_wconf 81' lang='lat' dir='ltr'><strong>immoderatam</strong></span> 
     </span>
    </p>
   </div>
   <div class='ocr_carea' id='block_1_45' title="bbox 1940 1599 3253 1676">
    <p class='ocr_par' dir='ltr' id='par_1_45' title="bbox 1940 1599 3253 1676">
     <span class='ocr_line' id='line_1_45' title="bbox 1940 1599 3253 1676; baseline 0.008 -24"><span class='ocrx_word' id='word_1_314' title='bbox 1940 1599 2329 1667; x_wconf 85' lang='lat' dir='ltr'><strong>cupiditatem;</strong></span> <span class='ocrx_word' id='word_1_315' title='bbox 2364 1617 2472 1658; x_wconf 90' lang='lat' dir='ltr'><strong>non</strong></span> <span class='ocrx_word' id='word_1_316' title='bbox 2503 1603 2709 1670; x_wconf 87' lang='lat' dir='ltr'><strong>cibum,</strong></span> <span class='ocrx_word' id='word_1_317' title='bbox 2740 1605 2845 1660; x_wconf 85' lang='lat' dir='ltr'><strong>sed</strong></span> <span class='ocrx_word' id='word_1_318' title='bbox 2887 1606 3253 1676; x_wconf 86' lang='lat' dir='ltr'><strong>voluptatem.</strong></span> 
     </span>
    </p>
   </div>
   <div class='ocr_carea' id='block_1_46' title="bbox 2017 1690 3531 1764">
    <p class='ocr_par' dir='ltr' id='par_1_46' title="bbox 2017 1690 3531 1764">
     <span class='ocr_line' id='line_1_46' title="bbox 2017 1690 3531 1764; baseline 0.005 -18"><span class='ocrx_word' id='word_1_319' title='bbox 2017 1690 2381 1764; x_wconf 82' lang='lat' dir='ltr'><strong>Nequaquam</strong></span> <span class='ocrx_word' id='word_1_320' title='bbox 2437 1695 2584 1750; x_wconf 89' lang='lat' dir='ltr'><strong>enim</strong></span> <span class='ocrx_word' id='word_1_321' title='bbox 2605 1711 2669 1752; x_wconf 92' lang='lat' dir='ltr'><strong>ea</strong></span> <span class='ocrx_word' id='word_1_322' title='bbox 2700 1712 2760 1751; x_wconf 91' lang='lat' dir='ltr'><strong>re</strong></span> <span class='ocrx_word' id='word_1_323' title='bbox 2807 1698 3091 1753; x_wconf 88' lang='lat' dir='ltr'><strong>conditum</strong></span> <span class='ocrx_word' id='word_1_324' title='bbox 3149 1707 3236 1754; x_wconf 92' lang='lat' dir='ltr'><strong>est</strong></span> <span class='ocrx_word' id='word_1_325' title='bbox 3277 1708 3334 1755; x_wconf 90' lang='lat' dir='ltr'><strong>ut</strong></span> <span class='ocrx_word' id='word_1_326' title='bbox 3369 1702 3531 1756; x_wconf 77' lang='lat' dir='ltr'><strong>luxu-</strong></span> 
     </span>
    </p>
   </div>
   <div class='ocr_carea' id='block_1_47' title="bbox 1948 1781 3530 1862">
    <p class='ocr_par' dir='ltr' id='par_1_47' title="bbox 1948 1781 3530 1862">
     <span class='ocr_line' id='line_1_47' title="bbox 1948 1781 3530 1862; baseline 0.008 -27"><span class='ocrx_word' id='word_1_327' title='bbox 1948 1781 2127 1838; x_wconf 84' lang='lat' dir='ltr'><strong>riosus</strong></span> <span class='ocrx_word' id='word_1_328' title='bbox 2157 1783 2231 1838; x_wconf 91' lang='lat' dir='ltr'><strong>sis</strong></span> <span class='ocrx_word' id='word_1_329' title='bbox 2257 1792 2309 1837; x_wconf 90' lang='lat' dir='ltr'><strong>et</strong></span> <span class='ocrx_word' id='word_1_330' title='bbox 2331 1793 2625 1854; x_wconf 84' lang='lat' dir='ltr'><strong>scortator,</strong></span> <span class='ocrx_word' id='word_1_331' title='bbox 2660 1788 2738 1841; x_wconf 90' lang='lat' dir='ltr'><strong>uti</strong></span> <span class='ocrx_word' id='word_1_332' title='bbox 2770 1802 2950 1858; x_wconf 88' lang='lat' dir='ltr'><strong>neque</strong></span> <span class='ocrx_word' id='word_1_333' title='bbox 2979 1797 3171 1845; x_wconf 86' lang='lat' dir='ltr'><strong>venter</strong></span> <span class='ocrx_word' id='word_1_334' title='bbox 3194 1800 3253 1844; x_wconf 86' lang='lat' dir='ltr'><strong>ut</strong></span> <span class='ocrx_word' id='word_1_335' title='bbox 3279 1792 3421 1862; x_wconf 69' lang='lat' dir='ltr'><strong>gulae</strong></span> <span class='ocrx_word' id='word_1_336' title='bbox 3449 1795 3530 1847; x_wconf 92' lang='lat' dir='ltr'><strong>in-</strong></span> 
     </span>
    </p>
   </div>
   <div class='ocr_carea' id='block_1_48' title="bbox 1941 1875 3529 1955">
    <p class='ocr_par' dir='ltr' id='par_1_48' title="bbox 1941 1875 3529 1955">
     <span class='ocr_line' id='line_1_48' title="bbox 1941 1875 3529 1955; baseline 0.004 -25"><span class='ocrx_word' id='word_1_337' title='bbox 1941 1875 2209 1946; x_wconf 80' lang='lat' dir='ltr'><strong>dulgeas;</strong></span> <span class='ocrx_word' id='word_1_338' title='bbox 2242 1876 2339 1932; x_wconf 86' lang='lat' dir='ltr'><strong>sed</strong></span> <span class='ocrx_word' id='word_1_339' title='bbox 2372 1876 2730 1933; x_wconf 87' lang='lat' dir='ltr'><strong>utChristum</strong></span> <span class='ocrx_word' id='word_1_340' title='bbox 2765 1889 3032 1949; x_wconf 85' lang='lat' dir='ltr'><strong>sequatur</strong></span> <span class='ocrx_word' id='word_1_341' title='bbox 3052 1890 3315 1953; x_wconf 87' lang='lat' dir='ltr'><strong>tanquam</strong></span> <span class='ocrx_word' id='word_1_342' title='bbox 3346 1894 3529 1955; x_wconf 79' lang='lat' dir='ltr'><strong>caput,</strong></span> 
     </span>
    </p>
   </div>
   <div class='ocr_carea' id='block_1_49' title="bbox 1940 1968 3530 2043">
    <p class='ocr_par' dir='ltr' id='par_1_49' title="bbox 1940 1968 3530 2043">
     <span class='ocr_line' id='line_1_49' title="bbox 1940 1968 3530 2043; baseline 0.006 -21"><span class='ocrx_word' id='word_1_343' title='bbox 1940 1976 1995 2022; x_wconf 91' lang='lat' dir='ltr'><strong>et</strong></span> <span class='ocrx_word' id='word_1_344' title='bbox 2071 1968 2338 2024; x_wconf 86' lang='lat' dir='ltr'><strong>Dominus</strong></span> <span class='ocrx_word' id='word_1_345' title='bbox 2368 1970 2589 2038; x_wconf 87' lang='lat' dir='ltr'><strong>corpori</strong></span> <span class='ocrx_word' id='word_1_346' title='bbox 2642 1972 3035 2027; x_wconf 89' lang='lat' dir='ltr'><strong>constituatur.</strong></span> <span class='ocrx_word' id='word_1_347' title='bbox 3100 1971 3530 2043; x_wconf 84' lang='lat' dir='ltr'><strong>Erubescamns,</strong></span> 
     </span>
    </p>
   </div>
   <div class='ocr_carea' id='block_1_50' title="bbox 1940 2060 3524 2133">
    <p class='ocr_par' dir='ltr' id='par_1_50' title="bbox 1940 2060 3524 2133">
     <span class='ocr_line' id='line_1_50' title="bbox 1940 2060 3524 2133; baseline 0.006 -18"><span class='ocrx_word' id='word_1_348' title='bbox 1940 2061 2288 2126; x_wconf 84' lang='lat' dir='ltr'><strong>horreamus,</strong></span> <span class='ocrx_word' id='word_1_349' title='bbox 2347 2060 2520 2131; x_wconf 86' lang='lat' dir='ltr'><strong>quod,</strong></span> <span class='ocrx_word' id='word_1_350' title='bbox 2554 2076 2681 2116; x_wconf 90' lang='lat' dir='ltr'><strong>cum</strong></span> <span class='ocrx_word' id='word_1_351' title='bbox 2712 2078 2778 2117; x_wconf 88' lang='lat' dir='ltr'><strong>eo</strong></span> <span class='ocrx_word' id='word_1_352' title='bbox 2807 2063 3019 2133; x_wconf 80' lang='lat' dir='ltr'><strong>dignati</strong></span> <span class='ocrx_word' id='word_1_353' title='bbox 3052 2066 3226 2121; x_wconf 86' lang='lat' dir='ltr'><strong>simus</strong></span> <span class='ocrx_word' id='word_1_354' title='bbox 3283 2069 3524 2132; x_wconf 80' lang='lat' dir='ltr'><strong>honore,</strong></span> 
     </span>
    </p>
   </div>
   <div class='ocr_carea' id='block_1_51' title="bbox 1941 2153 3531 2228">
    <p class='ocr_par' dir='ltr' id='par_1_51' title="bbox 1941 2153 3531 2228">
     <span class='ocr_line' id='line_1_51' title="bbox 1941 2153 3531 2228; baseline 0.006 -22"><span class='ocrx_word' id='word_1_355' title='bbox 1941 2163 2004 2207; x_wconf 89' lang='lat' dir='ltr'><strong>ut</strong></span> <span class='ocrx_word' id='word_1_356' title='bbox 2035 2153 2278 2209; x_wconf 88' lang='lat' dir='ltr'><strong>membra</strong></span> <span class='ocrx_word' id='word_1_357' title='bbox 2311 2167 2567 2209; x_wconf 82' lang='lat' dir='ltr'><strong>essemus</strong></span> <span class='ocrx_word' id='word_1_358' title='bbox 2600 2154 2768 2222; x_wconf 86' lang='lat' dir='ltr'><strong>illius,</strong></span> <span class='ocrx_word' id='word_1_359' title='bbox 2802 2162 2883 2211; x_wconf 91' lang='lat' dir='ltr'><strong>tot</strong></span> <span class='ocrx_word' id='word_1_360' title='bbox 2926 2156 3210 2228; x_wconf 80' lang='lat' dir='ltr'><strong>tantisque</strong></span> <span class='ocrx_word' id='word_1_361' title='bbox 3240 2172 3342 2215; x_wconf 89' lang='lat' dir='ltr'><strong>nos</strong></span> <span class='ocrx_word' id='word_1_362' title='bbox 3384 2160 3531 2216; x_wconf 81' lang='lat' dir='ltr'><strong>vitiis</strong></span> 
     </span>
    </p>
   </div>
   <div class='ocr_carea' id='block_1_52' title="bbox 1940 2242 3277 2313">
    <p class='ocr_par' dir='ltr' id='par_1_52' title="bbox 1940 2242 3277 2313">
     <span class='ocr_line' id='line_1_52' title="bbox 1940 2242 3277 2313; baseline 0.003 -16"><span class='ocrx_word' id='word_1_363' title='bbox 1940 2242 2321 2313; x_wconf 87' lang='lat' dir='ltr'><strong>deturpamus.</strong></span> <span class='ocrx_word' id='word_1_364' title='bbox 3272 2258 3277 2263; x_wconf 78' lang='lat'><strong><em>‘</em></strong></span> 
     </span>
    </p>
   </div>
   <div class='ocr_carea' id='block_1_53' title="bbox 2021 2334 3531 2411">
    <p class='ocr_par' dir='ltr' id='par_1_53' title="bbox 2021 2334 3531 2411">
     <span class='ocr_line' id='line_1_53' title="bbox 2021 2334 3531 2411; baseline 0.008 -22"><span class='ocrx_word' id='word_1_365' title='bbox 2021 2334 2180 2394; x_wconf 72' lang='lat' dir='ltr'><strong>Vens.</strong></span> <span class='ocrx_word' id='word_1_366' title='bbox 2200 2337 2289 2391; x_wconf 80' lang='grc' dir='ltr'><strong>ιι.</strong></span> <span class='ocrx_word' id='word_1_367' title='bbox 2310 2356 2329 2388; x_wconf 79' lang='grc' dir='ltr'><strong>ι</strong></span> <span class='ocrx_word' id='word_1_368' title='bbox 2369 2337 2515 2394; x_wconf 88' lang='lat' dir='ltr'><strong>Deus</strong></span> <span class='ocrx_word' id='word_1_369' title='bbox 2546 2351 2695 2405; x_wconf 88' lang='lat' dir='ltr'><strong>vero,</strong></span> <span class='ocrx_word' id='word_1_370' title='bbox 2726 2345 2782 2396; x_wconf 87' lang='lat' dir='ltr'><strong>et</strong></span> <span class='ocrx_word' id='word_1_371' title='bbox 2814 2338 3106 2397; x_wconf 89' lang='lat' dir='ltr'><strong>Dominum</strong></span> <span class='ocrx_word' id='word_1_372' title='bbox 3137 2343 3451 2411; x_wconf 79' lang='lat' dir='ltr'><strong>suscitavit,</strong></span> <span class='ocrx_word' id='word_1_373' title='bbox 3481 2354 3531 2401; x_wconf 74' lang='lat' dir='ltr'><strong>et</strong></span> 
     </span>
    </p>
   </div>
   <div class='ocr_carea' id='block_1_54' title="bbox 1941 2428 3053 2500">
    <p class='ocr_par' dir='ltr' id='par_1_54' title="bbox 1941 2428 3053 2500">
     <span class='ocr_line' id='line_1_54' title="bbox 1941 2428 3053 2500; baseline 0.003 -17"><span class='ocrx_word' id='word_1_374' title='bbox 1941 2442 2044 2484; x_wconf 90' lang='lat' dir='ltr'><strong>nos</strong></span> <span class='ocrx_word' id='word_1_375' title='bbox 2074 2428 2366 2484; x_wconf 88' lang='lat' dir='ltr'><strong>suscitabit</strong></span> <span class='ocrx_word' id='word_1_376' title='bbox 2394 2444 2493 2500; x_wconf 88' lang='lat' dir='ltr'><strong>per</strong></span> <span class='ocrx_word' id='word_1_377' title='bbox 2520 2430 2777 2486; x_wconf 84' lang='lat' dir='ltr'><strong>virtutem</strong></span> <span class='ocrx_word' id='word_1_378' title='bbox 2809 2445 2990 2490; x_wconf 89' lang='lat' dir='ltr'><strong>suam.</strong></span> <span class='ocrx_word' id='word_1_379' title='bbox 3033 2453 3053 2486; x_wconf 71' lang='grc' dir='ltr'><strong>ι</strong></span> 
     </span>
    </p>
   </div>
   <div class='ocr_carea' id='block_1_55' title="bbox 2014 2524 3533 2602">
    <p class='ocr_par' dir='ltr' id='par_1_55' title="bbox 2014 2524 3533 2602">
     <span class='ocr_line' id='line_1_55' title="bbox 2014 2524 3533 2602; baseline 0.008 -23"><span class='ocrx_word' id='word_1_380' title='bbox 2014 2524 2316 2596; x_wconf 86' lang='lat' dir='ltr'><strong>Postquam</strong></span> <span class='ocrx_word' id='word_1_381' title='bbox 2356 2526 2494 2581; x_wconf 87' lang='lat' dir='ltr'><strong>satis</strong></span> <span class='ocrx_word' id='word_1_382' title='bbox 2517 2541 2794 2598; x_wconf 90' lang='lat' dir='ltr'><strong>superque</strong></span> <span class='ocrx_word' id='word_1_383' title='bbox 2823 2530 3051 2601; x_wconf 81' lang='lat' dir='ltr'><strong>gulosos</strong></span> <span class='ocrx_word' id='word_1_384' title='bbox 3082 2532 3431 2602; x_wconf 80' lang='lat' dir='ltr'><strong>perstrinxit,</strong></span> <span class='ocrx_word' id='word_1_385' title='bbox 3466 2536 3533 2592; x_wconf 79' lang='lat' dir='ltr'><strong>ab</strong></span> 
     </span>
    </p>
   </div>
   <div class='ocr_carea' id='block_1_56' title="bbox 1944 2617 3530 2689">
    <p class='ocr_par' dir='ltr' id='par_1_56' title="bbox 1944 2617 3530 2689">
     <span class='ocr_line' id='line_1_56' title="bbox 1944 2617 3530 2689; baseline 0.006 -17"><span class='ocrx_word' id='word_1_386' title='bbox 1944 2617 2049 2673; x_wconf 89' lang='lat' dir='ltr'><strong>hoc</strong></span> <span class='ocrx_word' id='word_1_387' title='bbox 2081 2617 2217 2673; x_wconf 89' lang='lat' dir='ltr'><strong>vitio</strong></span> <span class='ocrx_word' id='word_1_388' title='bbox 2247 2633 2352 2675; x_wconf 91' lang='lat' dir='ltr'><strong>nos</strong></span> <span class='ocrx_word' id='word_1_389' title='bbox 2382 2633 2479 2689; x_wconf 85' lang='lat' dir='ltr'><strong>spe</strong></span> <span class='ocrx_word' id='word_1_390' title='bbox 2509 2619 2822 2675; x_wconf 80' lang='lat' dir='ltr'><strong>futurorum</strong></span> <span class='ocrx_word' id='word_1_391' title='bbox 2851 2622 3097 2677; x_wconf 89' lang='lat' dir='ltr'><strong>abducit.</strong></span> <span class='ocrx_word' id='word_1_392' title='bbox 3155 2624 3395 2681; x_wconf 86' lang='lat' dir='ltr'><strong>Attende</strong></span> <span class='ocrx_word' id='word_1_393' title='bbox 3428 2643 3530 2683; x_wconf 85' lang='lat' dir='ltr'><strong>au-</strong></span> 
     </span>
    </p>
   </div>
   <div class='ocr_carea' id='block_1_57' title="bbox 1943 2710 3531 2785">
    <p class='ocr_par' dir='ltr' id='par_1_57' title="bbox 1943 2710 3531 2785">
     <span class='ocr_line' id='line_1_57' title="bbox 1943 2710 3531 2785; baseline 0.006 -21"><span class='ocrx_word' id='word_1_394' title='bbox 1943 2717 2052 2765; x_wconf 90' lang='lat' dir='ltr'><strong>tem</strong></span> <span class='ocrx_word' id='word_1_395' title='bbox 2084 2710 2362 2781; x_wconf 91' lang='lat' dir='ltr'><strong>quomodo</strong></span> <span class='ocrx_word' id='word_1_396' title='bbox 2390 2711 2459 2766; x_wconf 92' lang='lat' dir='ltr'><strong>de</strong></span> <span class='ocrx_word' id='word_1_397' title='bbox 2501 2710 2729 2767; x_wconf 88' lang='lat' dir='ltr'><strong>Christo</strong></span> <span class='ocrx_word' id='word_1_398' title='bbox 2756 2712 2977 2783; x_wconf 87' lang='lat' dir='ltr'><strong>quidem</strong></span> <span class='ocrx_word' id='word_1_399' title='bbox 3008 2714 3336 2785; x_wconf 85' lang='lat' dir='ltr'><strong>simpliciter</strong></span> <span class='ocrx_word' id='word_1_400' title='bbox 3366 2718 3531 2783; x_wconf 78' lang='lat' dir='ltr'><strong>dixit,</strong></span> 
     </span>
    </p>
   </div>
   <div class='ocr_carea' id='block_1_58' title="bbox 1945 2801 3531 2876">
    <p class='ocr_par' dir='ltr' id='par_1_58' title="bbox 1945 2801 3531 2876">
     <span class='ocr_line' id='line_1_58' title="bbox 1945 2801 3531 2876; baseline 0.008 -21"><span class='ocrx_word' id='word_1_401' title='bbox 1945 2801 2237 2856; x_wconf 86' lang='lat' dir='ltr'><strong>Dominum</strong></span> <span class='ocrx_word' id='word_1_402' title='bbox 2300 2804 2620 2869; x_wconf 79' lang='lat' dir='ltr'><strong>suscitavit;</strong></span> <span class='ocrx_word' id='word_1_403' title='bbox 2653 2803 2721 2859; x_wconf 93' lang='lat' dir='ltr'><strong>de</strong></span> <span class='ocrx_word' id='word_1_404' title='bbox 2775 2807 3102 2876; x_wconf 87' lang='lat' dir='ltr'><strong>corporibus</strong></span> <span class='ocrx_word' id='word_1_405' title='bbox 3131 2823 3263 2864; x_wconf 86' lang='lat' dir='ltr'><strong>vero</strong></span> <span class='ocrx_word' id='word_1_406' title='bbox 3323 2813 3531 2867; x_wconf 84' lang='lat' dir='ltr'><strong>nostris</strong></span> 
     </span>
    </p>
   </div>
   <div class='ocr_carea' id='block_1_59' title="bbox 1944 2895 3531 2971">
    <p class='ocr_par' dir='ltr' id='par_1_59' title="bbox 1944 2895 3531 2971">
     <span class='ocr_line' id='line_1_59' title="bbox 1944 2895 3531 2971; baseline 0.006 -22"><span class='ocrx_word' id='word_1_407' title='bbox 1944 2895 2178 2966; x_wconf 88' lang='lat' dir='ltr'><strong>loquens</strong></span> <span class='ocrx_word' id='word_1_408' title='bbox 2210 2896 2433 2966; x_wconf 89' lang='lat' dir='ltr'><strong>adjecit,</strong></span> <span class='ocrx_word' id='word_1_409' title='bbox 2478 2911 2571 2966; x_wconf 86' lang='lat' dir='ltr'><strong>per</strong></span> <span class='ocrx_word' id='word_1_410' title='bbox 2592 2898 2841 2952; x_wconf 82' lang='lat' dir='ltr'><strong>virtutem</strong></span> <span class='ocrx_word' id='word_1_411' title='bbox 2872 2912 3051 2965; x_wconf 74' lang='lat' dir='ltr'><strong>suam,</strong></span> <span class='ocrx_word' id='word_1_412' title='bbox 3094 2900 3284 2971; x_wconf 89' lang='lat' dir='ltr'><strong>sicque</strong></span> <span class='ocrx_word' id='word_1_413' title='bbox 3326 2914 3531 2960; x_wconf 87' lang='lat' dir='ltr'><strong>aucto-</strong></span> 
     </span>
    </p>
   </div>
   <div class='ocr_carea' id='block_1_60' title="bbox 1944 2987 3525 3059">
    <p class='ocr_par' dir='ltr' id='par_1_60' title="bbox 1944 2987 3525 3059">
     <span class='ocr_line' id='line_1_60' title="bbox 1944 2987 3525 3059; baseline 0.006 -19"><span class='ocrx_word' id='word_1_414' title='bbox 1944 2987 2105 3042; x_wconf 88' lang='lat' dir='ltr'><strong>ritate</strong></span> <span class='ocrx_word' id='word_1_415' title='bbox 2133 2987 2281 3044; x_wconf 87' lang='lat' dir='ltr'><strong>iliius</strong></span> <span class='ocrx_word' id='word_1_416' title='bbox 2306 3002 2336 3041; x_wconf 89' lang='lat' dir='ltr'><strong>a</strong></span> <span class='ocrx_word' id='word_1_417' title='bbox 2363 3003 2470 3057; x_wconf 84' lang='lat' dir='ltr'><strong>quo</strong></span> <span class='ocrx_word' id='word_1_418' title='bbox 2505 2987 2557 3043; x_wconf 91' lang='lat' dir='ltr'><strong>id</strong></span> <span class='ocrx_word' id='word_1_419' title='bbox 2590 2997 2860 3059; x_wconf 88' lang='lat' dir='ltr'><strong>patratur,</strong></span> <span class='ocrx_word' id='word_1_420' title='bbox 2894 3004 2991 3045; x_wconf 90' lang='lat' dir='ltr'><strong>ora</strong></span> <span class='ocrx_word' id='word_1_421' title='bbox 3023 2991 3265 3048; x_wconf 87' lang='lat' dir='ltr'><strong>obstruit</strong></span> <span class='ocrx_word' id='word_1_422' title='bbox 3311 3009 3525 3057; x_wconf 88' lang='lat' dir='ltr'><strong>eorum,</strong></span> 
     </span>
    </p>
   </div>
   <div class='ocr_carea' id='block_1_61' title="bbox 248 3068 1841 3150">
    <p class='ocr_par' dir='ltr' id='par_1_61' title="bbox 248 3068 1841 3143">
     <span class='ocr_line' id='line_1_61' title="bbox 248 3068 1841 3143; baseline -0.003 -17"><span class='ocrx_word' id='word_1_423' title='bbox 248 3068 645 3143; x_wconf 72' lang='grc' dir='ltr'>ἐπιστομίζων.</span> <span class='ocrx_word' id='word_1_424' title='bbox 676 3070 745 3125; x_wconf 89' lang='grc' dir='ltr'>Εί</span> <span class='ocrx_word' id='word_1_425' title='bbox 767 3070 825 3122; x_wconf 81' lang='grc' dir='ltr'><strong>δὲ</strong></span> <span class='ocrx_word' id='word_1_426' title='bbox 846 3068 924 3141; x_wconf 83' lang='grc' dir='ltr'>τῷ</span> <span class='ocrx_word' id='word_1_427' title='bbox 962 3071 1140 3141; x_wconf 82' lang='grc' dir='ltr'>Πατρὶ</span> <span class='ocrx_word' id='word_1_428' title='bbox 1169 3070 1269 3141; x_wconf 84' lang='grc' dir='ltr'><strong>τὴν</strong></span> <span class='ocrx_word' id='word_1_429' title='bbox 1307 3070 1607 3124; x_wconf 81' lang='grc' dir='ltr'>ἀνάστασιν</span> <span class='ocrx_word' id='word_1_430' title='bbox 1633 3068 1841 3137; x_wconf 78' lang='grc' dir='ltr'>λογίζε-</span> 
     </span>
    </p>
   </div>
   <div class='ocr_carea' id='block_1_62' title="bbox 1958 3068 3534 3150">
    <p class='ocr_par' dir='ltr' id='par_1_62' title="bbox 1958 3080 3534 3150">
     <span class='ocr_line' id='line_1_62' title="bbox 1958 3080 3534 3150; baseline 0.005 -17"><span class='ocrx_word' id='word_1_431' title='bbox 1958 3080 2035 3150; x_wconf 80' lang='grc' dir='ltr'>ιιιί</span> <span class='ocrx_word' id='word_1_432' title='bbox 2064 3080 2525 3135; x_wconf 83' lang='lat' dir='ltr'><strong>contradicerent.</strong></span> <span class='ocrx_word' id='word_1_433' title='bbox 2558 3081 2717 3148; x_wconf 84' lang='lat' dir='ltr'><strong>Quod</strong></span> <span class='ocrx_word' id='word_1_434' title='bbox 2753 3083 2799 3139; x_wconf 91' lang='lat' dir='ltr'><strong>si</strong></span> <span class='ocrx_word' id='word_1_435' title='bbox 2827 3085 3297 3140; x_wconf 81' lang='lat' dir='ltr'><strong>resurrectionem</strong></span> <span class='ocrx_word' id='word_1_436' title='bbox 3326 3085 3534 3145; x_wconf 89' lang='lat' dir='ltr'><strong>Christi</strong></span> 
     </span>
    </p>
   </div>
   <div class='ocr_carea' id='block_1_63' title="bbox 245 3159 1841 3236">
    <p class='ocr_par' dir='ltr' id='par_1_63' title="bbox 245 3159 1841 3236">
     <span class='ocr_line' id='line_1_63' title="bbox 245 3159 1841 3236; baseline -0.004 -19"><span class='ocrx_word' id='word_1_437' title='bbox 245 3181 339 3219; x_wconf 86' lang='grc' dir='ltr'><strong>ται</strong></span> <span class='ocrx_word' id='word_1_438' title='bbox 366 3163 468 3218; x_wconf 87' lang='grc' dir='ltr'><strong>τοῦ</strong></span> <span class='ocrx_word' id='word_1_439' title='bbox 511 3162 776 3236; x_wconf 83' lang='grc' dir='ltr'>Χριστοῦ,</span> <span class='ocrx_word' id='word_1_440' title='bbox 815 3162 980 3235; x_wconf 80' lang='grc' dir='ltr'>μηδὲν</span> <span class='ocrx_word' id='word_1_441' title='bbox 1011 3164 1157 3231; x_wconf 81' lang='grc' dir='ltr'>ὑμᾶς</span> <span class='ocrx_word' id='word_1_442' title='bbox 1203 3161 1364 3215; x_wconf 85' lang='grc' dir='ltr'>τοῦτο</span> <span class='ocrx_word' id='word_1_443' title='bbox 1407 3160 1727 3234; x_wconf 74' lang='grc' dir='ltr'>θορυὸείτω.</span> <span class='ocrx_word' id='word_1_444' title='bbox 1762 3159 1841 3215; x_wconf 81' lang='grc' dir='ltr'><strong>Οὐ</strong></span> 
     </span>
    </p>
   </div>
   <div class='ocr_carea' id='block_1_64' title="bbox 250 3254 1843 3331">
    <p class='ocr_par' dir='ltr' id='par_1_64' title="bbox 250 3254 1843 3331">
     <span class='ocr_line' id='line_1_64' title="bbox 250 3254 1843 3331; baseline -0.003 -19"><span class='ocrx_word' id='word_1_445' title='bbox 250 3258 361 3331; x_wconf 83' lang='grc' dir='ltr'>γὰρ</span> <span class='ocrx_word' id='word_1_446' title='bbox 388 3258 470 3323; x_wconf 84' lang='grc' dir='ltr'><strong>ὡς</strong></span> <span class='ocrx_word' id='word_1_447' title='bbox 502 3255 828 3321; x_wconf 88' lang='grc' dir='ltr'>ἀτονοῦντος</span> <span class='ocrx_word' id='word_1_448' title='bbox 868 3256 964 3309; x_wconf 85' lang='grc' dir='ltr'><strong>τοῦ</strong></span> <span class='ocrx_word' id='word_1_449' title='bbox 996 3254 1132 3309; x_wconf 88' lang='grc' dir='ltr'>Υίοῦ</span> <span class='ocrx_word' id='word_1_450' title='bbox 1181 3254 1342 3309; x_wconf 84' lang='grc' dir='ltr'>τοῦτο</span> <span class='ocrx_word' id='word_1_451' title='bbox 1368 3254 1634 3309; x_wconf 83' lang='grc' dir='ltr'>τέθεικεν.</span> <span class='ocrx_word' id='word_1_452' title='bbox 1669 3254 1843 3318; x_wconf 78' lang='grc' dir='ltr'>Αὐτὸς</span> 
     </span>
    </p>
   </div>
   <div class='ocr_carea' id='block_1_65' title="bbox 248 3348 1840 3424">
    <p class='ocr_par' dir='ltr' id='par_1_65' title="bbox 248 3348 1840 3424">
     <span class='ocr_line' id='line_1_65' title="bbox 248 3348 1840 3424; baseline -0.004 -17"><span class='ocrx_word' id='word_1_453' title='bbox 248 3354 361 3424; x_wconf 79' lang='grc' dir='ltr'>γάρ</span> <span class='ocrx_word' id='word_1_454' title='bbox 386 3354 540 3406; x_wconf 76' lang='grc' dir='ltr'>ἐστιν</span> <span class='ocrx_word' id='word_1_455' title='bbox 566 3356 596 3406; x_wconf 86' lang='grc' dir='ltr'><strong>ὁ</strong></span> <span class='ocrx_word' id='word_1_456' title='bbox 615 3352 796 3421; x_wconf 89' lang='grc' dir='ltr'>λέγων</span> <span class='ocrx_word' id='word_1_457' title='bbox 814 3367 830 3382; x_wconf 75' lang='grc' dir='ltr'><strong>ο</strong></span> <span class='ocrx_word' id='word_1_458' title='bbox 863 3350 1106 3406; x_wconf 85' lang='grc' dir='ltr'>Λύσατε</span> <span class='ocrx_word' id='word_1_459' title='bbox 1138 3348 1251 3405; x_wconf 82' lang='grc' dir='ltr'><strong>τὸν</strong></span> <span class='ocrx_word' id='word_1_460' title='bbox 1274 3349 1429 3405; x_wconf 80' lang='grc' dir='ltr'>ναὸν</span> <span class='ocrx_word' id='word_1_461' title='bbox 1466 3349 1706 3414; x_wconf 82' lang='grc' dir='ltr'>τοῦτον,</span> <span class='ocrx_word' id='word_1_462' title='bbox 1740 3348 1840 3402; x_wconf 81' lang='grc' dir='ltr'>καὶ</span> 
     </span>
    </p>
   </div>
   <div class='ocr_carea' id='block_1_66' title="bbox 247 3439 1842 3517">
    <p class='ocr_par' dir='ltr' id='par_1_66' title="bbox 247 3439 1842 3517">
     <span class='ocr_line' id='line_1_66' title="bbox 247 3439 1842 3517; baseline -0.004 -17"><span class='ocrx_word' id='word_1_463' title='bbox 247 3446 320 3499; x_wconf 79' lang='grc' dir='ltr'><strong>ἐν</strong></span> <span class='ocrx_word' id='word_1_464' title='bbox 348 3446 559 3516; x_wconf 79' lang='grc' dir='ltr'>τρισὶν</span> <span class='ocrx_word' id='word_1_465' title='bbox 594 3442 848 3517; x_wconf 76' lang='grc' dir='ltr'>ἡμέραις</span> <span class='ocrx_word' id='word_1_466' title='bbox 874 3441 1057 3514; x_wconf 75' lang='grc' dir='ltr'>ἐγερῶ</span> <span class='ocrx_word' id='word_1_467' title='bbox 1085 3443 1293 3498; x_wconf 83' lang='grc' dir='ltr'>αὐτόν.</span> <span class='ocrx_word' id='word_1_468' title='bbox 1328 3443 1441 3496; x_wconf 68' lang='grc' dir='ltr'><strong>Καὶ⁹</strong></span> <span class='ocrx_word' id='word_1_469' title='bbox 1469 3441 1633 3495; x_wconf 85' lang='grc' dir='ltr'>πάλιν</span> <span class='ocrx_word' id='word_1_470' title='bbox 1650 3457 1663 3471; x_wconf 90' lang='grc'><strong>·</strong></span> <span class='ocrx_word' id='word_1_471' title='bbox 1707 3439 1842 3505; x_wconf 72' lang='grc' dir='ltr'><strong>Ἐξο</strong></span> 
     </span>
    </p>
   </div>
   <div class='ocr_carea' id='block_1_67' title="bbox 246 3533 1844 3607">
    <p class='ocr_par' dir='ltr' id='par_1_67' title="bbox 246 3533 1844 3607">
     <span class='ocr_line' id='line_1_67' title="bbox 246 3533 1844 3607; baseline -0.004 -14"><span class='ocrx_word' id='word_1_472' title='bbox 246 3539 479 3593; x_wconf 79' lang='grc' dir='ltr'>ουσίαν</span> <span class='ocrx_word' id='word_1_473' title='bbox 500 3537 621 3607; x_wconf 77' lang='grc' dir='ltr'><strong>ἔχω</strong></span> <span class='ocrx_word' id='word_1_474' title='bbox 645 3537 835 3593; x_wconf 81' lang='grc' dir='ltr'>θεῖναι</span> <span class='ocrx_word' id='word_1_475' title='bbox 870 3536 988 3605; x_wconf 76' lang='grc' dir='ltr'><strong>τὴν</strong></span> <span class='ocrx_word' id='word_1_476' title='bbox 1011 3534 1226 3606; x_wconf 72' lang='grc' dir='ltr'><strong>ψυχήν</strong></span> <span class='ocrx_word' id='word_1_477' title='bbox 1247 3553 1393 3606; x_wconf 84' lang='grc' dir='ltr'>μου,</span> <span class='ocrx_word' id='word_1_478' title='bbox 1423 3534 1525 3589; x_wconf 81' lang='grc' dir='ltr'>καὶ</span> <span class='ocrx_word' id='word_1_479' title='bbox 1548 3533 1844 3599; x_wconf 78' lang='grc' dir='ltr'>ἐξουσίαν</span> 
     </span>
    </p>
   </div>
   <div class='ocr_carea' id='block_1_68' title="bbox 245 3622 1843 3699">
    <p class='ocr_par' dir='ltr' id='par_1_68' title="bbox 245 3622 1843 3699">
     <span class='ocr_line' id='line_1_68' title="bbox 245 3622 1843 3699; baseline -0.005 -15"><span class='ocrx_word' id='word_1_480' title='bbox 245 3630 370 3699; x_wconf 77' lang='grc' dir='ltr'><strong>ἔχω</strong></span> <span class='ocrx_word' id='word_1_481' title='bbox 393 3629 610 3683; x_wconf 73' lang='grc' dir='ltr'><strong>λαϐεῖν</strong></span> <span class='ocrx_word' id='word_1_482' title='bbox 636 3627 854 3694; x_wconf 81' lang='grc' dir='ltr'>αὐτήν.</span> <span class='ocrx_word' id='word_1_483' title='bbox 894 3626 1011 3681; x_wconf 68' lang='grc' dir='ltr'>Καὶ</span> <span class='ocrx_word' id='word_1_484' title='bbox 1038 3627 1069 3679; x_wconf 83' lang='grc' dir='ltr'>ὁ</span> <span class='ocrx_word' id='word_1_485' title='bbox 1116 3626 1334 3688; x_wconf 77' lang='grc' dir='ltr'>Λουκᾶς</span> <span class='ocrx_word' id='word_1_486' title='bbox 1357 3627 1417 3679; x_wconf 76' lang='grc' dir='ltr'>ὲν</span> <span class='ocrx_word' id='word_1_487' title='bbox 1444 3626 1560 3688; x_wconf 77' lang='grc' dir='ltr'>τοῖς</span> <span class='ocrx_word' id='word_1_488' title='bbox 1607 3622 1843 3695; x_wconf 80' lang='grc' dir='ltr'>Πράξεσί</span> 
     </span>
    </p>
   </div>
   <div class='ocr_carea' id='block_1_69' title="bbox 246 3716 1844 3797">
    <p class='ocr_par' dir='ltr' id='par_1_69' title="bbox 246 3716 1844 3797">
     <span class='ocr_line' id='line_1_69' title="bbox 246 3716 1844 3797; baseline -0.004 -20"><span class='ocrx_word' id='word_1_489' title='bbox 246 3738 442 3797; x_wconf 72' lang='grc' dir='ltr'>φησιν·</span> <span class='ocrx_word' id='word_1_490' title='bbox 480 3716 581 3789; x_wconf 84' lang='grc' dir='ltr'>οἷς</span> <span class='ocrx_word' id='word_1_491' title='bbox 621 3720 1015 3791; x_wconf 69' lang='grc' dir='ltr'>παρέστησεν</span> <span class='ocrx_word' id='word_1_492' title='bbox 1050 3718 1273 3774; x_wconf 80' lang='grc' dir='ltr'><strong>ἑαυτὸν</strong></span> <span class='ocrx_word' id='word_1_493' title='bbox 1300 3718 1505 3780; x_wconf 79' lang='grc' dir='ltr'>ζῶντα.</span> <span class='ocrx_word' id='word_1_494' title='bbox 1556 3718 1715 3782; x_wconf 88' lang='grc' dir='ltr'>Τίνος</span> <span class='ocrx_word' id='word_1_495' title='bbox 1749 3716 1844 3771; x_wconf 80' lang='grc' dir='ltr'><strong>οὖν</strong></span> 
     </span>
    </p>
   </div>
   <div class='ocr_carea' id='block_1_70' title="bbox 243 3808 1846 3886">
    <p class='ocr_par' dir='ltr' id='par_1_70' title="bbox 243 3808 1846 3886">
     <span class='ocr_line' id='line_1_70' title="bbox 243 3808 1846 3886; baseline -0.005 -16"><span class='ocrx_word' id='word_1_496' title='bbox 243 3818 445 3871; x_wconf 74' lang='grc' dir='ltr'>ἕνεκεν</span> <span class='ocrx_word' id='word_1_497' title='bbox 485 3814 661 3880; x_wconf 75' lang='grc' dir='ltr'>οὕτως</span> <span class='ocrx_word' id='word_1_498' title='bbox 707 3814 910 3886; x_wconf 75' lang='grc' dir='ltr'>φησίνς</span> <span class='ocrx_word' id='word_1_499' title='bbox 937 3813 1059 3867; x_wconf 86' lang='grc' dir='ltr'>Ἵνα</span> <span class='ocrx_word' id='word_1_500' title='bbox 1104 3811 1265 3866; x_wconf 89' lang='grc' dir='ltr'>τοῦτο</span> <span class='ocrx_word' id='word_1_501' title='bbox 1310 3814 1468 3883; x_wconf 83' lang='grc' dir='ltr'>νοῇς,</span> <span class='ocrx_word' id='word_1_502' title='bbox 1515 3811 1598 3864; x_wconf 87' lang='grc' dir='ltr'>ὅτι</span> <span class='ocrx_word' id='word_1_503' title='bbox 1643 3810 1737 3864; x_wconf 81' lang='grc' dir='ltr'><strong>καὶ</strong></span> <span class='ocrx_word' id='word_1_504' title='bbox 1774 3808 1846 3862; x_wconf 79' lang='grc' dir='ltr'>τὰ</span> 
     </span>
    </p>
   </div>
   <div class='ocr_carea' id='block_1_71' title="bbox 242 3901 1846 3977">
    <p class='ocr_par' dir='ltr' id='par_1_71' title="bbox 242 3901 1846 3977">
     <span class='ocr_line' id='line_1_71' title="bbox 242 3901 1846 3977; baseline -0.007 -14"><span class='ocrx_word' id='word_1_505' title='bbox 242 3909 344 3963; x_wconf 83' lang='grc' dir='ltr'><strong>τοῦ</strong></span> <span class='ocrx_word' id='word_1_506' title='bbox 379 3906 517 3961; x_wconf 84' lang='grc' dir='ltr'>Υίοῦ</span> <span class='ocrx_word' id='word_1_507' title='bbox 553 3905 634 3977; x_wconf 84' lang='grc' dir='ltr'>τῷ</span> <span class='ocrx_word' id='word_1_508' title='bbox 677 3906 858 3977; x_wconf 79' lang='grc' dir='ltr'>Πατρὶ</span> <span class='ocrx_word' id='word_1_509' title='bbox 890 3903 1191 3975; x_wconf 77' lang='grc' dir='ltr'>λογίζεται,</span> <span class='ocrx_word' id='word_1_510' title='bbox 1223 3903 1321 3958; x_wconf 77' lang='grc' dir='ltr'><strong>καὶ</strong></span> <span class='ocrx_word' id='word_1_511' title='bbox 1368 3902 1438 3956; x_wconf 85' lang='grc' dir='ltr'><strong>τὰ</strong></span> <span class='ocrx_word' id='word_1_512' title='bbox 1489 3902 1587 3956; x_wconf 89' lang='grc' dir='ltr'><strong>τοῦ</strong></span> <span class='ocrx_word' id='word_1_513' title='bbox 1630 3901 1846 3973; x_wconf 65' lang='grc' dir='ltr'>Πατρδς</span> 
     </span>
    </p>
   </div>
   <div class='ocr_carea' id='block_1_72' title="bbox 241 3993 1845 4070">
    <p class='ocr_par' dir='ltr' id='par_1_72' title="bbox 241 3993 1845 4070">
     <span class='ocr_line' id='line_1_72' title="bbox 241 3993 1845 4070; baseline -0.005 -16"><span class='ocrx_word' id='word_1_514' title='bbox 241 4001 325 4070; x_wconf 81' lang='grc' dir='ltr'>τῷ</span> <span class='ocrx_word' id='word_1_515' title='bbox 368 3998 509 4070; x_wconf 81' lang='grc' dir='ltr'>Υίῷ.</span> <span class='ocrx_word' id='word_1_516' title='bbox 559 3998 648 4063; x_wconf 84' lang='grc' dir='ltr'>Ὦς</span> <span class='ocrx_word' id='word_1_517' title='bbox 697 3996 809 4069; x_wconf 85' lang='grc' dir='ltr'>γὰρ</span> <span class='ocrx_word' id='word_1_518' title='bbox 851 3996 1018 4061; x_wconf 81' lang='grc' dir='ltr'>αὐτὸς</span> <span class='ocrx_word' id='word_1_519' title='bbox 1052 3996 1081 4049; x_wconf 84' lang='grc' dir='ltr'>ὁ</span> <span class='ocrx_word' id='word_1_520' title='bbox 1138 3993 1348 4066; x_wconf 83' lang='grc' dir='ltr'>Κύριός</span> <span class='ocrx_word' id='word_1_521' title='bbox 1376 4010 1574 4066; x_wconf 86' lang='grc' dir='ltr'>φησιν·</span> <span class='ocrx_word' id='word_1_522' title='bbox 1629 3995 1690 4049; x_wconf 83' lang='grc' dir='ltr'>Ἃ</span> <span class='ocrx_word' id='word_1_523' title='bbox 1732 3993 1845 4062; x_wconf 78' lang='grc' dir='ltr'>γὰρ</span> 
     </span>
    </p>
   </div>
   <div class='ocr_carea' id='block_1_73' title="bbox 242 4082 1841 4156">
    <p class='ocr_par' dir='ltr' id='par_1_73' title="bbox 242 4082 1841 4156">
     <span class='ocr_line' id='line_1_73' title="bbox 242 4082 1841 4156; baseline -0.007 -10"><span class='ocrx_word' id='word_1_524' title='bbox 242 4091 490 4156; x_wconf 73' lang='grc' dir='ltr'>ἐκεῖνος</span> <span class='ocrx_word' id='word_1_525' title='bbox 525 4087 706 4155; x_wconf 79' lang='grc' dir='ltr'>ποιεῖ,</span> <span class='ocrx_word' id='word_1_526' title='bbox 765 4086 957 4142; x_wconf 81' lang='grc' dir='ltr'>ταῦτα</span> <span class='ocrx_word' id='word_1_527' title='bbox 999 4086 1097 4141; x_wconf 81' lang='grc' dir='ltr'><strong>καί</strong></span> <span class='ocrx_word' id='word_1_528' title='bbox 1131 4088 1166 4141; x_wconf 83' lang='grc' dir='ltr'><em>ὁ</em></span> <span class='ocrx_word' id='word_1_529' title='bbox 1207 4085 1342 4153; x_wconf 74' lang='grc' dir='ltr'><strong>Υἱὸς</strong></span> <span class='ocrx_word' id='word_1_530' title='bbox 1385 4085 1602 4154; x_wconf 80' lang='grc' dir='ltr'>ὁμοίως</span> <span class='ocrx_word' id='word_1_531' title='bbox 1652 4082 1841 4136; x_wconf 65' lang='grc' dir='ltr'>ποιεῖ’</span> 
     </span>
    </p>
   </div>
   <div class='ocr_carea' id='block_1_74' title="bbox 247 4175 1845 4252">
    <p class='ocr_par' dir='ltr' id='par_1_74' title="bbox 247 4175 1845 4252">
     <span class='ocr_line' id='line_1_74' title="bbox 247 4175 1845 4252; baseline -0.006 -17"><span class='ocrx_word' id='word_1_532' title='bbox 247 4182 470 4252; x_wconf 69' lang='grc' dir='ltr'>σφόδρα</span> <span class='ocrx_word' id='word_1_533' title='bbox 498 4181 559 4234; x_wconf 81' lang='grc' dir='ltr'>δὲ</span> <span class='ocrx_word' id='word_1_534' title='bbox 585 4179 862 4252; x_wconf 82' lang='grc' dir='ltr'>εὐκαίρως</span> <span class='ocrx_word' id='word_1_535' title='bbox 899 4177 1137 4234; x_wconf 74' lang='grc' dir='ltr'>ἐνταῦθα</span> <span class='ocrx_word' id='word_1_536' title='bbox 1163 4175 1267 4247; x_wconf 81' lang='grc' dir='ltr'>τῆς</span> <span class='ocrx_word' id='word_1_537' title='bbox 1296 4176 1650 4236; x_wconf 80' lang='grc' dir='ltr'>ἀναστάσεως</span> <span class='ocrx_word' id='word_1_538' title='bbox 1675 4176 1845 4244; x_wconf 80' lang='grc' dir='ltr'>ἐμνη-</span> 
     </span>
    </p>
   </div>
   <div class='ocr_carea' id='block_1_75' title="bbox 248 4265 1844 4343">
    <p class='ocr_par' dir='ltr' id='par_1_75' title="bbox 248 4265 1844 4343">
     <span class='ocr_line' id='line_1_75' title="bbox 248 4265 1844 4343; baseline -0.006 -18"><span class='ocrx_word' id='word_1_539' title='bbox 248 4273 543 4343; x_wconf 81' lang='grc' dir='ltr'>μόνευσεν,</span> <span class='ocrx_word' id='word_1_540' title='bbox 593 4273 719 4335; x_wconf 86' lang='grc' dir='ltr'>ταῖς</span> <span class='ocrx_word' id='word_1_541' title='bbox 756 4269 971 4324; x_wconf 76' lang='grc' dir='ltr'>ἐλπίσιν</span> <span class='ocrx_word' id='word_1_542' title='bbox 1029 4266 1270 4331; x_wconf 75' lang='grc' dir='ltr'>ἐκείναις</span> <span class='ocrx_word' id='word_1_543' title='bbox 1314 4265 1698 4321; x_wconf 85' lang='grc' dir='ltr'>καταστέλλων</span> <span class='ocrx_word' id='word_1_544' title='bbox 1741 4267 1844 4334; x_wconf 75' lang='grc' dir='ltr'><strong>τῆς</strong></span> 
     </span>
    </p>
   </div>
   <div class='ocr_carea' id='block_1_76' title="bbox 242 4357 1056 4433">
    <p class='ocr_par' dir='ltr' id='par_1_76' title="bbox 242 4357 1056 4433">
     <span class='ocr_line' id='line_1_76' title="bbox 242 4357 1056 4433; baseline -0.009 -16"><span class='ocrx_word' id='word_1_545' title='bbox 242 4361 597 4433; x_wconf 81' lang='grc' dir='ltr'>ἀδδηφαγίας</span> <span class='ocrx_word' id='word_1_546' title='bbox 624 4359 725 4430; x_wconf 85' lang='grc' dir='ltr'><strong>τὴν</strong></span> <span class='ocrx_word' id='word_1_547' title='bbox 743 4357 1056 4430; x_wconf 85' lang='grc' dir='ltr'>τυραννίδα.</span> 
     </span>
    </p>
   </div>
   <div class='ocr_carea' id='block_1_77' title="bbox 1945 3173 3529 3245">
    <p class='ocr_par' dir='ltr' id='par_1_77' title="bbox 1945 3173 3529 3245">
     <span class='ocr_line' id='line_1_77' title="bbox 1945 3173 3529 3245; baseline 0.006 -19"><span class='ocrx_word' id='word_1_548' title='bbox 1945 3173 2199 3228; x_wconf 88' lang='lat' dir='ltr'><strong>attribuit</strong></span> <span class='ocrx_word' id='word_1_549' title='bbox 2245 3173 2415 3239; x_wconf 86' lang='lat' dir='ltr'><strong>Patri,</strong></span> <span class='ocrx_word' id='word_1_550' title='bbox 2456 3174 2591 3229; x_wconf 91' lang='lat' dir='ltr'><strong>nihil</strong></span> <span class='ocrx_word' id='word_1_551' title='bbox 2623 3190 2718 3231; x_wconf 87' lang='lat' dir='ltr'><strong>vos</strong></span> <span class='ocrx_word' id='word_1_552' title='bbox 2746 3176 2852 3231; x_wconf 88' lang='lat' dir='ltr'><strong>hoc</strong></span> <span class='ocrx_word' id='word_1_553' title='bbox 2884 3178 3192 3245; x_wconf 88' lang='lat' dir='ltr'><strong>perturbet.</strong></span> <span class='ocrx_word' id='word_1_554' title='bbox 3228 3177 3349 3235; x_wconf 88' lang='lat' dir='ltr'><strong>Non</strong></span> <span class='ocrx_word' id='word_1_555' title='bbox 3381 3180 3529 3237; x_wconf 89' lang='lat' dir='ltr'><strong>enim</strong></span> 
     </span>
    </p>
   </div>
   <div class='ocr_carea' id='block_1_78' title="bbox 1943 3264 3533 3343">
    <p class='ocr_par' dir='ltr' id='par_1_78' title="bbox 1943 3264 3533 3343">
     <span class='ocr_line' id='line_1_78' title="bbox 1943 3264 3533 3343; baseline 0.006 -25"><span class='ocrx_word' id='word_1_556' title='bbox 1943 3264 1997 3319; x_wconf 91' lang='lat' dir='ltr'><strong>id</strong></span> <span class='ocrx_word' id='word_1_557' title='bbox 2059 3265 2262 3335; x_wconf 88' lang='lat' dir='ltr'><strong>posuit,</strong></span> <span class='ocrx_word' id='word_1_558' title='bbox 2325 3279 2425 3320; x_wconf 89' lang='lat' dir='ltr'><strong>ceu</strong></span> <span class='ocrx_word' id='word_1_559' title='bbox 2484 3264 2659 3322; x_wconf 88' lang='lat' dir='ltr'><strong>Filius</strong></span> <span class='ocrx_word' id='word_1_560' title='bbox 2730 3266 2943 3325; x_wconf 84' lang='lat' dir='ltr'><strong>viribus</strong></span> <span class='ocrx_word' id='word_1_561' title='bbox 3000 3269 3346 3327; x_wconf 81' lang='lat' dir='ltr'><strong>deﬁceretur.</strong></span> <span class='ocrx_word' id='word_1_562' title='bbox 3412 3274 3533 3343; x_wconf 87' lang='lat' dir='ltr'><strong>ipse</strong></span> 
     </span>
    </p>
   </div>
   <div class='ocr_carea' id='block_1_79' title="bbox 1942 3354 3528 3429">
    <p class='ocr_par' dir='ltr' id='par_1_79' title="bbox 1942 3354 3528 3429">
     <span class='ocr_line' id='line_1_79' title="bbox 1942 3354 3528 3429; baseline 0.004 -19"><span class='ocrx_word' id='word_1_563' title='bbox 1942 3354 2088 3410; x_wconf 86' lang='lat' dir='ltr'><strong>enim</strong></span> <span class='ocrx_word' id='word_1_564' title='bbox 2113 3363 2198 3410; x_wconf 93' lang='lat' dir='ltr'><strong>est</strong></span> <span class='ocrx_word' id='word_1_565' title='bbox 2228 3356 2320 3426; x_wconf 86' lang='lat' dir='ltr'><strong>qui</strong></span> <span class='ocrx_word' id='word_1_566' title='bbox 2346 3355 2420 3410; x_wconf 88' lang='lat' dir='ltr'><strong>ait</strong></span> <span class='ocrx_word' id='word_1_567' title='bbox 2447 3355 2677 3411; x_wconf 82' lang='lat' dir='ltr'><strong>:Solvite</strong></span> <span class='ocrx_word' id='word_1_568' title='bbox 2699 3356 2745 3388; x_wconf 80' lang='lat'>”</span> <span class='ocrx_word' id='word_1_569' title='bbox 2774 3358 3025 3429; x_wconf 79' lang='lat' dir='ltr'><strong>templum</strong></span> <span class='ocrx_word' id='word_1_570' title='bbox 3059 3360 3176 3424; x_wconf 81' lang='lat' dir='ltr'><strong>hoc,</strong></span> <span class='ocrx_word' id='word_1_571' title='bbox 3193 3370 3245 3414; x_wconf 84' lang='lat' dir='ltr'><strong>et</strong></span> <span class='ocrx_word' id='word_1_572' title='bbox 3279 3364 3332 3415; x_wconf 88' lang='lat' dir='ltr'><strong>in</strong></span> <span class='ocrx_word' id='word_1_573' title='bbox 3361 3363 3528 3417; x_wconf 78' lang='lat' dir='ltr'><strong>tribus</strong></span> 
     </span>
    </p>
   </div>
   <div class='ocr_carea' id='block_1_80' title="bbox 1942 3445 3532 3508">
    <p class='ocr_par' dir='ltr' id='par_1_80' title="bbox 1942 3445 3532 3508">
     <span class='ocr_line' id='line_1_80' title="bbox 1942 3445 3532 3508; baseline 0.004 -10"><span class='ocrx_word' id='word_1_574' title='bbox 1942 3445 2126 3501; x_wconf 79' lang='lat' dir='ltr'><strong>diebus</strong></span> <span class='ocrx_word' id='word_1_575' title='bbox 2156 3447 2399 3501; x_wconf 77' lang='lat' dir='ltr'><strong>excitabo</strong></span> <span class='ocrx_word' id='word_1_576' title='bbox 2431 3446 2586 3502; x_wconf 81' lang='lat' dir='ltr'><strong>illud.</strong></span> <span class='ocrx_word' id='word_1_577' title='bbox 2619 3447 2685 3503; x_wconf 84' lang='lat' dir='ltr'><strong>Et</strong></span> <span class='ocrx_word' id='word_1_578' title='bbox 2718 3464 2937 3504; x_wconf 87' lang='lat' dir='ltr'><strong>rursum</strong></span> <span class='ocrx_word' id='word_1_579' title='bbox 2964 3468 2977 3504; x_wconf 90' lang='lat'>:</span> <span class='ocrx_word' id='word_1_580' title='bbox 3004 3449 3333 3507; x_wconf 84' lang='lat' dir='ltr'><strong>Potestatem</strong></span> <span class='ocrx_word' id='word_1_581' title='bbox 3362 3453 3532 3508; x_wconf 85' lang='lat' dir='ltr'><strong>habeo</strong></span> 
     </span>
    </p>
   </div>
   <div class='ocr_carea' id='block_1_81' title="bbox 1943 3534 3528 3607">
    <p class='ocr_par' dir='ltr' id='par_1_81' title="bbox 1943 3534 3528 3607">
     <span class='ocr_line' id='line_1_81' title="bbox 1943 3534 3528 3607; baseline 0.007 -20"><span class='ocrx_word' id='word_1_582' title='bbox 1943 3534 2175 3603; x_wconf 86' lang='lat' dir='ltr'><strong>ponendi</strong></span> <span class='ocrx_word' id='word_1_583' title='bbox 2205 3536 2442 3590; x_wconf 86' lang='lat' dir='ltr'><strong>animam</strong></span> <span class='ocrx_word' id='word_1_584' title='bbox 2464 3553 2659 3605; x_wconf 86' lang='lat' dir='ltr'><strong>meam,</strong></span> <span class='ocrx_word' id='word_1_585' title='bbox 2678 3546 2727 3593; x_wconf 88' lang='lat' dir='ltr'><strong>et</strong></span> <span class='ocrx_word' id='word_1_586' title='bbox 2752 3547 3069 3607; x_wconf 75' lang='lat' dir='ltr'><strong>potestatem</strong></span> <span class='ocrx_word' id='word_1_587' title='bbox 3096 3541 3262 3597; x_wconf 85' lang='lat' dir='ltr'><strong>habeo</strong></span> <span class='ocrx_word' id='word_1_588' title='bbox 3287 3545 3528 3598; x_wconf 79' lang='lat' dir='ltr'><strong>sumendi</strong></span> 
     </span>
    </p>
   </div>
   <div class='ocr_carea' id='block_1_82' title="bbox 1943 3626 3526 3703">
    <p class='ocr_par' dir='ltr' id='par_1_82' title="bbox 1943 3626 3526 3703">
     <span class='ocr_line' id='line_1_82' title="bbox 1943 3626 3526 3703; baseline 0.007 -22"><span class='ocrx_word' id='word_1_589' title='bbox 1943 3643 2064 3681; x_wconf 86' lang='lat' dir='ltr'><strong>eam</strong></span> <span class='ocrx_word' id='word_1_590' title='bbox 2092 3626 2158 3681; x_wconf 81' lang='lat'><strong>“.</strong></span> <span class='ocrx_word' id='word_1_591' title='bbox 2193 3627 2299 3684; x_wconf 89' lang='lat' dir='ltr'><strong>Sed</strong></span> <span class='ocrx_word' id='word_1_592' title='bbox 2330 3636 2385 3683; x_wconf 88' lang='lat' dir='ltr'><strong>et</strong></span> <span class='ocrx_word' id='word_1_593' title='bbox 2439 3628 2618 3685; x_wconf 80' lang='lat' dir='ltr'><strong>Lucas</strong></span> <span class='ocrx_word' id='word_1_594' title='bbox 2678 3631 2731 3684; x_wconf 89' lang='lat' dir='ltr'><strong>in</strong></span> <span class='ocrx_word' id='word_1_595' title='bbox 2760 3629 3011 3700; x_wconf 81' lang='lat' dir='ltr'><strong>Actibus,</strong></span> <span class='ocrx_word' id='word_1_596' title='bbox 3047 3633 3249 3699; x_wconf 78' lang='lat' dir='ltr'><strong>Quibus</strong></span> <span class='ocrx_word' id='word_1_597' title='bbox 3278 3636 3526 3703; x_wconf 73' lang='lat' dir='ltr'><strong>prwbuit,</strong></span> 
     </span>
    </p>
   </div>
   <div class='ocr_carea' id='block_1_83' title="bbox 1946 3721 3532 3800">
    <p class='ocr_par' dir='ltr' id='par_1_83' title="bbox 1946 3721 3532 3800">
     <span class='ocr_line' id='line_1_83' title="bbox 1946 3721 3532 3800; baseline 0.007 -25"><span class='ocrx_word' id='word_1_598' title='bbox 1946 3721 2144 3791; x_wconf 85' lang='lat' dir='ltr'><strong>inquit,</strong></span> <span class='ocrx_word' id='word_1_599' title='bbox 2167 3721 2400 3792; x_wconf 73' lang='lat' dir='ltr'><strong>seipsum</strong></span> <span class='ocrx_word' id='word_1_600' title='bbox 2442 3723 2616 3778; x_wconf 76' lang='lat' dir='ltr'><strong>vivum</strong></span> <span class='ocrx_word' id='word_1_601' title='bbox 2635 3723 2702 3779; x_wconf 78' lang='lat'><strong>“.</strong></span> <span class='ocrx_word' id='word_1_602' title='bbox 2730 3722 2916 3790; x_wconf 85' lang='lat' dir='ltr'><strong>Quare</strong></span> <span class='ocrx_word' id='word_1_603' title='bbox 2946 3725 3113 3796; x_wconf 81' lang='lat' dir='ltr'><strong>igitur</strong></span> <span class='ocrx_word' id='word_1_604' title='bbox 3140 3728 3216 3782; x_wconf 88' lang='lat' dir='ltr'><strong>ita</strong></span> <span class='ocrx_word' id='word_1_605' title='bbox 3249 3728 3532 3800; x_wconf 83' lang='lat' dir='ltr'><strong>loquitur?</strong></span> 
     </span>
    </p>
   </div>
   <div class='ocr_carea' id='block_1_84' title="bbox 1946 3813 3531 3894">
    <p class='ocr_par' dir='ltr' id='par_1_84' title="bbox 1946 3813 3531 3894">
     <span class='ocr_line' id='line_1_84' title="bbox 1946 3813 3531 3894; baseline 0.009 -27"><span class='ocrx_word' id='word_1_606' title='bbox 1946 3821 2006 3867; x_wconf 88' lang='lat' dir='ltr'><strong>ut</strong></span> <span class='ocrx_word' id='word_1_607' title='bbox 2034 3813 2141 3869; x_wconf 91' lang='lat' dir='ltr'><strong>hoc</strong></span> <span class='ocrx_word' id='word_1_608' title='bbox 2170 3816 2377 3885; x_wconf 76' lang='lat' dir='ltr'><strong>cogites</strong></span> <span class='ocrx_word' id='word_1_609' title='bbox 2402 3816 2609 3873; x_wconf 84' lang='lat' dir='ltr'><strong>ascribi</strong></span> <span class='ocrx_word' id='word_1_610' title='bbox 2646 3816 2792 3872; x_wconf 85' lang='lat' dir='ltr'><strong>Patri</strong></span> <span class='ocrx_word' id='word_1_611' title='bbox 2824 3833 2947 3888; x_wconf 68' lang='lat' dir='ltr'><strong>quae</strong></span> <span class='ocrx_word' id='word_1_612' title='bbox 2978 3817 3102 3874; x_wconf 90' lang='lat' dir='ltr'><strong>Filii</strong></span> <span class='ocrx_word' id='word_1_613' title='bbox 3149 3831 3300 3887; x_wconf 86' lang='lat' dir='ltr'><strong>sunt,</strong></span> <span class='ocrx_word' id='word_1_614' title='bbox 3326 3832 3380 3876; x_wconf 87' lang='lat' dir='ltr'><strong>et</strong></span> <span class='ocrx_word' id='word_1_615' title='bbox 3409 3840 3531 3894; x_wconf 71' lang='lat' dir='ltr'><strong>quae</strong></span> 
     </span>
    </p>
   </div>
   <div class='ocr_carea' id='block_1_85' title="bbox 1946 3904 3528 3981">
    <p class='ocr_par' dir='ltr' id='par_1_85' title="bbox 1946 3904 3528 3981">
     <span class='ocr_line' id='line_1_85' title="bbox 1946 3904 3528 3981; baseline 0.005 -21"><span class='ocrx_word' id='word_1_616' title='bbox 1946 3905 2117 3972; x_wconf 82' lang='lat' dir='ltr'><strong>Patri,</strong></span> <span class='ocrx_word' id='word_1_617' title='bbox 2164 3904 2331 3961; x_wconf 88' lang='lat' dir='ltr'><strong>Filio.</strong></span> <span class='ocrx_word' id='word_1_618' title='bbox 2363 3905 2522 3973; x_wconf 83' lang='lat' dir='ltr'><strong>Nam,</strong></span> <span class='ocrx_word' id='word_1_619' title='bbox 2587 3908 3052 3978; x_wconf 87' lang='lat' dir='ltr'><strong>quemadmodum</strong></span> <span class='ocrx_word' id='word_1_620' title='bbox 3086 3910 3206 3981; x_wconf 92' lang='lat' dir='ltr'><strong>ipse</strong></span> <span class='ocrx_word' id='word_1_621' title='bbox 3261 3911 3528 3968; x_wconf 87' lang='lat' dir='ltr'><strong>Dominus</strong></span> 
     </span>
    </p>
   </div>
   <div class='ocr_carea' id='block_1_86' title="bbox 1945 3993 3530 4069">
    <p class='ocr_par' dir='ltr' id='par_1_86' title="bbox 1945 3993 3530 4069">
     <span class='ocr_line' id='line_1_86' title="bbox 1945 3993 3530 4069; baseline 0.006 -20"><span class='ocrx_word' id='word_1_622' title='bbox 1945 3994 2081 4049; x_wconf 89' lang='lat' dir='ltr'><strong>dicit</strong></span> <span class='ocrx_word' id='word_1_623' title='bbox 2111 3994 2281 4061; x_wconf 76' lang='lat' dir='ltr'><strong>:Qua:</strong></span> <span class='ocrx_word' id='word_1_624' title='bbox 2308 3993 2400 4048; x_wconf 77' lang='lat' dir='ltr'><strong>ille</strong></span> <span class='ocrx_word' id='word_1_625' title='bbox 2427 3994 2579 4062; x_wconf 74' lang='lat' dir='ltr'><strong>facit,</strong></span> <span class='ocrx_word' id='word_1_626' title='bbox 2611 3995 2722 4049; x_wconf 70' lang='lat' dir='ltr'><strong>haec</strong></span> <span class='ocrx_word' id='word_1_627' title='bbox 2742 4005 2791 4050; x_wconf 82' lang='lat' dir='ltr'><strong>et</strong></span> <span class='ocrx_word' id='word_1_628' title='bbox 2824 3995 3002 4051; x_wconf 77' lang='lat' dir='ltr'><strong>Filius</strong></span> <span class='ocrx_word' id='word_1_629' title='bbox 3027 3998 3279 4054; x_wconf 76' lang='lat' dir='ltr'><strong>similiter</strong></span> <span class='ocrx_word' id='word_1_630' title='bbox 3309 4000 3447 4069; x_wconf 75' lang='lat' dir='ltr'><strong>facit</strong></span> <span class='ocrx_word' id='word_1_631' title='bbox 3462 4002 3530 4058; x_wconf 83' lang='lat'><strong>“.</strong></span> 
     </span>
    </p>
   </div>
   <div class='ocr_carea' id='block_1_87' title="bbox 1945 4086 3532 4156">
    <p class='ocr_par' dir='ltr' id='par_1_87' title="bbox 1945 4086 3532 4156">
     <span class='ocr_line' id='line_1_87' title="bbox 1945 4086 3532 4156; baseline 0.004 -16"><span class='ocrx_word' id='word_1_632' title='bbox 1945 4086 2207 4156; x_wconf 80' lang='lat' dir='ltr'><strong>Apposite</strong></span> <span class='ocrx_word' id='word_1_633' title='bbox 2263 4101 2397 4140; x_wconf 87' lang='lat' dir='ltr'><strong>vero</strong></span> <span class='ocrx_word' id='word_1_634' title='bbox 2457 4088 2559 4140; x_wconf 92' lang='lat' dir='ltr'><strong>hoc</strong></span> <span class='ocrx_word' id='word_1_635' title='bbox 2618 4088 2669 4140; x_wconf 92' lang='lat' dir='ltr'><strong>in</strong></span> <span class='ocrx_word' id='word_1_636' title='bbox 2733 4088 2853 4143; x_wconf 92' lang='lat' dir='ltr'><strong>loco</strong></span> <span class='ocrx_word' id='word_1_637' title='bbox 2941 4090 3197 4145; x_wconf 88' lang='lat' dir='ltr'><strong>meminit</strong></span> <span class='ocrx_word' id='word_1_638' title='bbox 3277 4106 3532 4147; x_wconf 71' lang='lat' dir='ltr'><strong>resnrre~</strong></span> 
     </span>
    </p>
   </div>
   <div class='ocr_carea' id='block_1_88' title="bbox 1948 4174 3492 4249">
    <p class='ocr_par' dir='ltr' id='par_1_88' title="bbox 1948 4174 3492 4249">
     <span class='ocr_line' id='line_1_88' title="bbox 1948 4174 3492 4249; baseline 0.005 -21"><span class='ocrx_word' id='word_1_639' title='bbox 1948 4175 2170 4239; x_wconf 77' lang='lat' dir='ltr'><strong>etionis,</strong></span> <span class='ocrx_word' id='word_1_640' title='bbox 2209 4188 2321 4244; x_wconf 82' lang='lat' dir='ltr'><strong>quo</strong></span> <span class='ocrx_word' id='word_1_641' title='bbox 2356 4174 2444 4227; x_wconf 85' lang='lat' dir='ltr'><strong>illa</strong></span> <span class='ocrx_word' id='word_1_642' title='bbox 2479 4190 2576 4245; x_wconf 85' lang='lat' dir='ltr'><strong>spe</strong></span> <span class='ocrx_word' id='word_1_643' title='bbox 2608 4175 2715 4228; x_wconf 81' lang='lat' dir='ltr'><strong>vim</strong></span> <span class='ocrx_word' id='word_1_644' title='bbox 2749 4176 3064 4245; x_wconf 75' lang='lat' dir='ltr'><strong>gulositatis</strong></span> <span class='ocrx_word' id='word_1_645' title='bbox 3092 4191 3492 4249; x_wconf 82' lang='lat' dir='ltr'><strong>compesceret.</strong></span> 
     </span>
    </p>
   </div>
   <div class='ocr_carea' id='block_1_89' title="bbox 328 4398 1841 4520">
    <p class='ocr_par' dir='ltr' id='par_1_89' title="bbox 328 4398 1840 4520">
     <span class='ocr_line' id='line_1_89' title="bbox 328 4398 1840 4520; baseline -0.007 -14"><span class='ocrx_word' id='word_1_646' title='bbox 328 4476 348 4506; x_wconf 75' lang='grc' dir='ltr'><strong>ι</strong></span> <span class='ocrx_word' id='word_1_647' title='bbox 368 4398 500 4508; x_wconf 49' lang='grc' dir='ltr'>ιόὐκ</span> <span class='ocrx_word' id='word_1_648' title='bbox 543 4398 724 4507; x_wconf 55' lang='grc' dir='ltr'>οίδατε</span> <span class='ocrx_word' id='word_1_649' title='bbox 754 4398 844 4505; x_wconf 57' lang='lat' dir='ltr'><strong>iis:</strong></span> <span class='ocrx_word' id='word_1_650' title='bbox 871 4450 939 4505; x_wconf 76' lang='grc' dir='ltr'>τὰ</span> <span class='ocrx_word' id='word_1_651' title='bbox 973 4449 1205 4520; x_wconf 84' lang='grc' dir='ltr'>σώματα</span> <span class='ocrx_word' id='word_1_652' title='bbox 1235 4446 1391 4517; x_wconf 83' lang='grc' dir='ltr'>ὑμῶν</span> <span class='ocrx_word' id='word_1_653' title='bbox 1435 4445 1576 4516; x_wconf 86' lang='grc' dir='ltr'>μέλη</span> <span class='ocrx_word' id='word_1_654' title='bbox 1602 4441 1840 4515; x_wconf 77' lang='grc' dir='ltr'>Χριστοῦ</span> 
     </span>
    </p>
   </div>
   <div class='ocr_carea' id='block_1_90' title="bbox 1958 4398 3532 4520">
    <p class='ocr_par' dir='ltr' id='par_1_90' title="bbox 2024 4441 3532 4515">
     <span class='ocr_line' id='line_1_90' title="bbox 2024 4441 3532 4515; baseline 0.003 -20"><span class='ocrx_word' id='word_1_655' title='bbox 2024 4442 2188 4499; x_wconf 76' lang='lat' dir='ltr'><strong>Vens.</strong></span> <span class='ocrx_word' id='word_1_656' title='bbox 2242 4444 2327 4497; x_wconf 70' lang='lat' dir='ltr'><strong>iii.</strong></span> <span class='ocrx_word' id='word_1_657' title='bbox 2379 4460 2396 4494; x_wconf 81' lang='grc' dir='ltr'><strong>ι</strong></span> <span class='ocrx_word' id='word_1_658' title='bbox 2435 4441 2670 4499; x_wconf 86' lang='lat' dir='ltr'><strong>Nescitis</strong></span> <span class='ocrx_word' id='word_1_659' title='bbox 2734 4442 2995 4515; x_wconf 85' lang='lat' dir='ltr'><strong>quoniam</strong></span> <span class='ocrx_word' id='word_1_660' title='bbox 3051 4454 3287 4513; x_wconf 85' lang='lat' dir='ltr'><strong>corpora</strong></span> <span class='ocrx_word' id='word_1_661' title='bbox 3350 4455 3532 4500; x_wconf 81' lang='lat' dir='ltr'><strong>vestra</strong></span> 
     </span>
    </p>
   </div>
   <div class='ocr_carea' id='block_1_91' title="bbox 243 4548 490 4613">
    <p class='ocr_par' dir='ltr' id='par_1_91' title="bbox 243 4548 490 4613">
     <span class='ocr_line' id='line_1_91' title="bbox 243 4548 490 4613; baseline -0.012 -12"><span class='ocrx_word' id='word_1_662' title='bbox 243 4548 433 4613; x_wconf 79' lang='grc' dir='ltr'>ὲστιν;</span> <span class='ocrx_word' id='word_1_663' title='bbox 470 4565 490 4598; x_wconf 85' lang='grc'>›</span> 
     </span>
    </p>
   </div>
   <div class='ocr_carea' id='block_1_92' title="bbox 332 4629 1845 4707">
    <p class='ocr_par' dir='ltr' id='par_1_92' title="bbox 332 4629 1845 4707">
     <span class='ocr_line' id='line_1_92' title="bbox 332 4629 1845 4707; baseline -0.007 -15"><span class='ocrx_word' id='word_1_664' title='bbox 332 4637 477 4692; x_wconf 74' lang='grc' dir='ltr'><strong>Ἀπὸ</strong></span> <span class='ocrx_word' id='word_1_665' title='bbox 501 4635 598 4690; x_wconf 93' lang='grc' dir='ltr'><strong>τοῦ</strong></span> <span class='ocrx_word' id='word_1_666' title='bbox 629 4634 1068 4707; x_wconf 85' lang='grc' dir='ltr'>πεπορνευκότος</span> <span class='ocrx_word' id='word_1_667' title='bbox 1084 4631 1180 4686; x_wconf 77' lang='grc' dir='ltr'><strong>ἐπὶ</strong></span> <span class='ocrx_word' id='word_1_668' title='bbox 1202 4631 1294 4685; x_wconf 78' lang='grc' dir='ltr'><strong>τὸν</strong></span> <span class='ocrx_word' id='word_1_669' title='bbox 1322 4629 1654 4702; x_wconf 82' lang='grc' dir='ltr'>πλεονέκτην</span> <span class='ocrx_word' id='word_1_670' title='bbox 1680 4646 1845 4699; x_wconf 83' lang='grc' dir='ltr'>μετα-</span> 
     </span>
    </p>
   </div>
   <div class='ocr_carea' id='block_1_93' title="bbox 244 4723 1847 4797">
    <p class='ocr_par' dir='ltr' id='par_1_93' title="bbox 244 4723 1847 4797">
     <span class='ocr_line' id='line_1_93' title="bbox 244 4723 1847 4797; baseline -0.006 -11"><span class='ocrx_word' id='word_1_671' title='bbox 244 4733 373 4797; x_wconf 66' lang='grc' dir='ltr'>ϐὰς,</span> <span class='ocrx_word' id='word_1_672' title='bbox 400 4731 574 4785; x_wconf 83' lang='grc' dir='ltr'>πάλιν</span> <span class='ocrx_word' id='word_1_673' title='bbox 603 4728 713 4785; x_wconf 82' lang='grc' dir='ltr'>ἀπὸ</span> <span class='ocrx_word' id='word_1_674' title='bbox 753 4727 947 4782; x_wconf 84' lang='grc' dir='ltr'>τούτου</span> <span class='ocrx_word' id='word_1_675' title='bbox 985 4726 1073 4779; x_wconf 76' lang='grc' dir='ltr'><strong>ἐπ’</strong></span> <span class='ocrx_word' id='word_1_676' title='bbox 1124 4726 1334 4779; x_wconf 83' lang='grc' dir='ltr'>ἐκεῖνον</span> <span class='ocrx_word' id='word_1_677' title='bbox 1370 4723 1622 4796; x_wconf 77' lang='grc' dir='ltr'>ἔρχεται’</span> <span class='ocrx_word' id='word_1_678' title='bbox 1656 4723 1847 4778; x_wconf 78' lang='grc' dir='ltr'>οὐκέτι</span> 
     </span>
    </p>
   </div>
   <div class='ocr_carea' id='block_1_94' title="bbox 244 4814 1847 4893">
    <p class='ocr_par' dir='ltr' id='par_1_94' title="bbox 244 4814 1847 4893">
     <span class='ocr_line' id='line_1_94' title="bbox 244 4814 1847 4893; baseline 0.01 -27"><span class='ocrx_word' id='word_1_679' title='bbox 244 4824 441 4879; x_wconf 68' lang='grc' dir='ltr'>λοιπὸν</span> <span class='ocrx_word' id='word_1_680' title='bbox 476 4820 631 4893; x_wconf 54' lang='lat' dir='ltr'><strong>acup</strong></span> <span class='ocrx_word' id='word_1_681' title='bbox 655 4819 1063 4891; x_wconf 86' lang='grc' dir='ltr'>διαλεγόμενος,</span> <span class='ocrx_word' id='word_1_682' title='bbox 1096 4816 1235 4872; x_wconf 83' lang='grc' dir='ltr'>ἀλλὰ</span> <span class='ocrx_word' id='word_1_683' title='bbox 1269 4817 1382 4880; x_wconf 85' lang='grc' dir='ltr'>τοῖς</span> <span class='ocrx_word' id='word_1_684' title='bbox 1410 4814 1594 4880; x_wconf 81' lang='grc' dir='ltr'>ἄλλοις</span> <span class='ocrx_word' id='word_1_685' title='bbox 1623 4817 1739 4879; x_wconf 79' lang='grc' dir='ltr'>τοῖς</span> <span class='ocrx_word' id='word_1_686' title='bbox 1769 4814 1847 4886; x_wconf 81' lang='grc' dir='ltr'>μὴ</span> 
     </span>
    </p>
   </div>
   <div class='ocr_carea' id='block_1_95' title="bbox 248 4894 1842 4988">
    <p class='ocr_par' dir='ltr' id='par_1_95' title="bbox 248 4894 1842 4988">
     <span class='ocr_line' id='line_1_95' title="bbox 248 4894 1842 4988; baseline -0.006 -17"><span class='ocrx_word' id='word_1_687' title='bbox 248 4915 685 4988; x_wconf 80' lang='grc' dir='ltr'>πεπορνευκόσι,</span> <span class='ocrx_word' id='word_1_688' title='bbox 740 4912 839 4967; x_wconf 82' lang='grc' dir='ltr'>καὶ</span> <span class='ocrx_word' id='word_1_689' title='bbox 893 4910 984 4966; x_wconf 82' lang='grc' dir='ltr'><strong>διὰ</strong></span> <span class='ocrx_word' id='word_1_690' title='bbox 1038 4909 1231 4965; x_wconf 87' lang='grc' dir='ltr'>τούτου</span> <span class='ocrx_word' id='word_1_691' title='bbox 1288 4906 1727 4979; x_wconf 80' lang='grc' dir='ltr'>ἀσφαλιζόμενος</span> <span class='ocrx_word' id='word_1_692' title='bbox 1765 4894 1842 4978; x_wconf 73' lang='grc' dir='ltr'>μή</span> 
     </span>
    </p>
   </div>
   <div class='ocr_carea' id='block_1_96' title="bbox 248 5004 1153 5078">
    <p class='ocr_par' dir='ltr' id='par_1_96' title="bbox 248 5004 1153 5078">
     <span class='ocr_line' id='line_1_96' title="bbox 248 5004 1153 5078; baseline -0.009 -15"><span class='ocrx_word' id='word_1_693' title='bbox 248 5026 385 5063; x_wconf 68' lang='grc' dir='ltr'>ποτε</span> <span class='ocrx_word' id='word_1_694' title='bbox 423 5006 770 5078; x_wconf 78' lang='grc' dir='ltr'>περιπέσωσι</span> <span class='ocrx_word' id='word_1_695' title='bbox 798 5005 913 5068; x_wconf 85' lang='grc' dir='ltr'>τοῖς</span> <span class='ocrx_word' id='word_1_696' title='bbox 944 5004 1153 5066; x_wconf 76' lang='grc' dir='ltr'>αὐτοῖς.</span> 
     </span>
    </p>
   </div>
   <div class='ocr_carea' id='block_1_97' title="bbox 331 5091 1848 5171">
    <p class='ocr_par' dir='ltr' id='par_1_97' title="bbox 331 5091 1848 5171">
     <span class='ocr_line' id='line_1_97' title="bbox 331 5091 1848 5171; baseline -0.007 -17"><span class='ocrx_word' id='word_1_697' title='bbox 331 5120 352 5153; x_wconf 75' lang='grc' dir='ltr'><strong>ι</strong></span> <span class='ocrx_word' id='word_1_698' title='bbox 375 5094 534 5171; x_wconf 65' lang='grc' dir='ltr'>*Αρα</span> <span class='ocrx_word' id='word_1_699' title='bbox 572 5095 667 5152; x_wconf 83' lang='grc' dir='ltr'><strong>οὗν</strong></span> <span class='ocrx_word' id='word_1_700' title='bbox 700 5095 773 5150; x_wconf 85' lang='grc' dir='ltr'>τὰ</span> <span class='ocrx_word' id='word_1_701' title='bbox 801 5094 941 5167; x_wconf 82' lang='grc' dir='ltr'>μέλη</span> <span class='ocrx_word' id='word_1_702' title='bbox 981 5092 1080 5147; x_wconf 87' lang='grc' dir='ltr'><strong>τοῦ</strong></span> <span class='ocrx_word' id='word_1_703' title='bbox 1112 5092 1354 5165; x_wconf 80' lang='grc' dir='ltr'>Χριστοῦ</span> <span class='ocrx_word' id='word_1_704' title='bbox 1393 5092 1610 5163; x_wconf 85' lang='grc' dir='ltr'>ποιήσω</span> <span class='ocrx_word' id='word_1_705' title='bbox 1640 5091 1848 5163; x_wconf 75' lang='grc' dir='ltr'>πόρνης</span> 
     </span>
    </p>
   </div>
   <div class='ocr_carea' id='block_1_98' title="bbox 253 5181 1847 5262">
    <p class='ocr_par' dir='ltr' id='par_1_98' title="bbox 253 5181 1847 5262">
     <span class='ocr_line' id='line_1_98' title="bbox 253 5181 1847 5262; baseline -0.006 -18"><span class='ocrx_word' id='word_1_706' title='bbox 253 5190 436 5262; x_wconf 57' lang='lat' dir='ltr'><strong>pan;</strong></span> <span class='ocrx_word' id='word_1_707' title='bbox 479 5187 559 5261; x_wconf 77' lang='grc' dir='ltr'>μὴ</span> <span class='ocrx_word' id='word_1_708' title='bbox 586 5185 821 5258; x_wconf 88' lang='grc' dir='ltr'>γένοιτο.</span> <span class='ocrx_word' id='word_1_709' title='bbox 854 5185 970 5239; x_wconf 82' lang='grc' dir='ltr'><strong>Οὐκ</strong></span> <span class='ocrx_word' id='word_1_710' title='bbox 1009 5183 1212 5250; x_wconf 73' lang='grc' dir='ltr'>οἴδατε,</span> <span class='ocrx_word' id='word_1_711' title='bbox 1237 5183 1320 5238; x_wconf 86' lang='grc' dir='ltr'><strong>ὄτι</strong></span> <span class='ocrx_word' id='word_1_712' title='bbox 1345 5185 1374 5237; x_wconf 85' lang='grc' dir='ltr'>ὁ</span> <span class='ocrx_word' id='word_1_713' title='bbox 1404 5181 1750 5254; x_wconf 88' lang='grc' dir='ltr'>κολλώμενος</span> <span class='ocrx_word' id='word_1_714' title='bbox 1777 5182 1847 5253; x_wconf 71' lang='grc' dir='ltr'>τῇ</span> 
     </span>
    </p>
   </div>
   <div class='ocr_carea' id='block_1_99' title="bbox 251 5274 1848 5356">
    <p class='ocr_par' dir='ltr' id='par_1_99' title="bbox 251 5274 1848 5356">
     <span class='ocr_line' id='line_1_99' title="bbox 251 5274 1848 5356; baseline -0.005 -19"><span class='ocrx_word' id='word_1_715' title='bbox 251 5284 432 5356; x_wconf 71' lang='grc' dir='ltr'>πόρνῃ</span> <span class='ocrx_word' id='word_1_716' title='bbox 459 5282 521 5337; x_wconf 81' lang='grc' dir='ltr'>ἓν</span> <span class='ocrx_word' id='word_1_717' title='bbox 558 5279 722 5351; x_wconf 79' lang='grc' dir='ltr'>σῶμα</span> <span class='ocrx_word' id='word_1_718' title='bbox 755 5281 945 5347; x_wconf 74' lang='grc' dir='ltr'>ὲστινς</span> <span class='ocrx_word' id='word_1_719' title='bbox 975 5277 1233 5331; x_wconf 85' lang='grc' dir='ltr'>Ἔσονται</span> <span class='ocrx_word' id='word_1_720' title='bbox 1256 5276 1389 5348; x_wconf 81' lang='grc' dir='ltr'>γὰρ,</span> <span class='ocrx_word' id='word_1_721' title='bbox 1430 5276 1618 5346; x_wconf 70' lang='grc' dir='ltr'>φησιν,</span> <span class='ocrx_word' id='word_1_722' title='bbox 1652 5277 1701 5329; x_wconf 88' lang='grc' dir='ltr'>οἱ</span> <span class='ocrx_word' id='word_1_723' title='bbox 1750 5274 1848 5329; x_wconf 85' lang='grc' dir='ltr'>δύο</span> 
     </span>
    </p>
   </div>
   <div class='ocr_carea' id='block_1_100' title="bbox 251 5367 1846 5445">
    <p class='ocr_par' dir='ltr' id='par_1_100' title="bbox 251 5367 1846 5445">
     <span class='ocr_line' id='line_1_100' title="bbox 251 5367 1846 5445; baseline -0.004 -18"><span class='ocrx_word' id='word_1_724' title='bbox 251 5377 334 5439; x_wconf 77' lang='grc' dir='ltr'>εἰς</span> <span class='ocrx_word' id='word_1_725' title='bbox 380 5374 570 5445; x_wconf 83' lang='grc' dir='ltr'>σάρκα</span> <span class='ocrx_word' id='word_1_726' title='bbox 609 5372 763 5444; x_wconf 87' lang='grc' dir='ltr'>μίαν.</span> <span class='ocrx_word' id='word_1_727' title='bbox 807 5370 868 5425; x_wconf 85' lang='lat'><strong>&#39;0</strong></span> <span class='ocrx_word' id='word_1_728' title='bbox 916 5370 975 5425; x_wconf 79' lang='grc' dir='ltr'><strong>δὲ</strong></span> <span class='ocrx_word' id='word_1_729' title='bbox 1020 5367 1366 5439; x_wconf 85' lang='grc' dir='ltr'>κολλώμενος</span> <span class='ocrx_word' id='word_1_730' title='bbox 1406 5367 1486 5439; x_wconf 84' lang='grc' dir='ltr'>τῷ</span> <span class='ocrx_word' id='word_1_731' title='bbox 1518 5368 1732 5440; x_wconf 83' lang='grc' dir='ltr'>Κυρίῳ,</span> <span class='ocrx_word' id='word_1_732' title='bbox 1786 5367 1846 5421; x_wconf 86' lang='grc' dir='ltr'>ἓν</span> 
     </span>
    </p>
   </div>
   <div class='ocr_carea' id='block_1_101' title="bbox 251 5470 701 5541">
    <p class='ocr_par' dir='ltr' id='par_1_101' title="bbox 251 5470 701 5541">
     <span class='ocr_line' id='line_1_101' title="bbox 251 5470 701 5541; baseline -0.002 -19"><span class='ocrx_word' id='word_1_733' title='bbox 251 5470 480 5541; x_wconf 79' lang='grc' dir='ltr'>πνεῦμά</span> <span class='ocrx_word' id='word_1_734' title='bbox 513 5473 655 5524; x_wconf 74' lang='grc' dir='ltr'>ἐστι.</span> <span class='ocrx_word' id='word_1_735' title='bbox 678 5485 701 5521; x_wconf 73' lang='grc' dir='ltr'><strong>ι</strong></span> 
     </span>
    </p>
   </div>
   <div class='ocr_carea' id='block_1_102' title="bbox 338 5547 1844 5633">
    <p class='ocr_par' dir='ltr' id='par_1_102' title="bbox 338 5547 1844 5633">
     <span class='ocr_line' id='line_1_102' title="bbox 338 5547 1844 5633; baseline -0.007 -17"><span class='ocrx_word' id='word_1_736' title='bbox 338 5563 470 5616; x_wconf 73' lang='grc' dir='ltr'><strong>Ἐπὶ</strong></span> <span class='ocrx_word' id='word_1_737' title='bbox 507 5562 571 5616; x_wconf 75' lang='grc' dir='ltr'><strong>τὸ</strong></span> <span class='ocrx_word' id='word_1_738' title='bbox 605 5558 1048 5633; x_wconf 82' lang='grc' dir='ltr'>φρικωδέστερον</span> <span class='ocrx_word' id='word_1_739' title='bbox 1081 5547 1386 5629; x_wconf 69' lang='grc' dir='ltr'>μεταφέρει</span> <span class='ocrx_word' id='word_1_740' title='bbox 1425 5555 1519 5610; x_wconf 81' lang='grc' dir='ltr'><strong>τὸν</strong></span> <span class='ocrx_word' id='word_1_741' title='bbox 1556 5554 1734 5622; x_wconf 79' lang='grc' dir='ltr'>λόγον.</span> <span class='ocrx_word' id='word_1_742' title='bbox 1768 5554 1844 5607; x_wconf 81' lang='grc' dir='ltr'><strong>Οὐ</strong></span> 
     </span>
    </p>
   </div>
   <div class='ocr_carea' id='block_1_103' title="bbox 1954 4536 2678 4592">
    <p class='ocr_par' dir='ltr' id='par_1_103' title="bbox 1954 4536 2678 4592">
     <span class='ocr_line' id='line_1_103' title="bbox 1954 4536 2678 4592; baseline -0.007 -1"><span class='ocrx_word' id='word_1_743' title='bbox 1954 4536 2196 4592; x_wconf 86' lang='lat' dir='ltr'><strong>membra</strong></span> <span class='ocrx_word' id='word_1_744' title='bbox 2227 4543 2357 4592; x_wconf 86' lang='lat' dir='ltr'><strong>sunt</strong></span> <span class='ocrx_word' id='word_1_745' title='bbox 2389 4536 2634 4592; x_wconf 82' lang='lat' dir='ltr'><strong>Christi?</strong></span> <span class='ocrx_word' id='word_1_746' title='bbox 2660 4552 2678 4586; x_wconf 74' lang='grc' dir='ltr'><strong>ι</strong></span> 
     </span>
    </p>
   </div>
   <div class='ocr_carea' id='block_1_104' title="bbox 2024 4627 3532 4693">
    <p class='ocr_par' dir='ltr' id='par_1_104' title="bbox 2024 4627 3532 4693">
     <span class='ocr_line' id='line_1_104' title="bbox 2024 4627 3532 4693; baseline 0.001 -10"><span class='ocrx_word' id='word_1_747' title='bbox 2024 4630 2160 4684; x_wconf 90' lang='lat' dir='ltr'><strong>Cum</strong></span> <span class='ocrx_word' id='word_1_748' title='bbox 2198 4629 2267 4683; x_wconf 90' lang='lat' dir='ltr'><strong>ab</strong></span> <span class='ocrx_word' id='word_1_749' title='bbox 2299 4629 2508 4683; x_wconf 85' lang='lat' dir='ltr'><strong>incesto</strong></span> <span class='ocrx_word' id='word_1_750' title='bbox 2554 4628 2847 4685; x_wconf 83' lang='lat' dir='ltr'><strong>transisset</strong></span> <span class='ocrx_word' id='word_1_751' title='bbox 2877 4627 2947 4682; x_wconf 87' lang='lat' dir='ltr'><strong>ad</strong></span> <span class='ocrx_word' id='word_1_752' title='bbox 3004 4641 3255 4693; x_wconf 78' lang='lat' dir='ltr'><strong>avarum,</strong></span> <span class='ocrx_word' id='word_1_753' title='bbox 3313 4645 3532 4686; x_wconf 88' lang='lat' dir='ltr'><strong>rursum</strong></span> 
     </span>
    </p>
   </div>
   <div class='ocr_carea' id='block_1_105' title="bbox 1954 4720 3530 4787">
    <p class='ocr_par' dir='ltr' id='par_1_105' title="bbox 1954 4720 3530 4787">
     <span class='ocr_line' id='line_1_105' title="bbox 1954 4720 3530 4787; baseline -0.001 -8"><span class='ocrx_word' id='word_1_754' title='bbox 1954 4724 2024 4779; x_wconf 89' lang='lat' dir='ltr'><strong>ab</strong></span> <span class='ocrx_word' id='word_1_755' title='bbox 2059 4736 2226 4777; x_wconf 86' lang='lat' dir='ltr'><strong>avaro</strong></span> <span class='ocrx_word' id='word_1_756' title='bbox 2290 4720 2358 4775; x_wconf 87' lang='lat' dir='ltr'><strong>ad</strong></span> <span class='ocrx_word' id='word_1_757' title='bbox 2386 4720 2655 4776; x_wconf 84' lang='lat' dir='ltr'><strong>incestum</strong></span> <span class='ocrx_word' id='word_1_758' title='bbox 2684 4720 3028 4787; x_wconf 85' lang='lat' dir='ltr'><strong>revertitur;</strong></span> <span class='ocrx_word' id='word_1_759' title='bbox 3071 4735 3182 4774; x_wconf 91' lang='lat' dir='ltr'><strong>non</strong></span> <span class='ocrx_word' id='word_1_760' title='bbox 3230 4730 3412 4776; x_wconf 84' lang='lat' dir='ltr'><strong>tamen</strong></span> <span class='ocrx_word' id='word_1_761' title='bbox 3474 4733 3530 4777; x_wconf 91' lang='lat' dir='ltr'><strong>ut</strong></span> 
     </span>
    </p>
   </div>
   <div class='ocr_carea' id='block_1_106' title="bbox 1953 4804 3534 4883">
    <p class='ocr_par' dir='ltr' id='par_1_106' title="bbox 1953 4804 3534 4883">
     <span class='ocr_line' id='line_1_106' title="bbox 1953 4804 3534 4883; baseline -0.001 -12"><span class='ocrx_word' id='word_1_762' title='bbox 1953 4830 2080 4871; x_wconf 88' lang='lat' dir='ltr'><strong>eum</strong></span> <span class='ocrx_word' id='word_1_763' title='bbox 2114 4813 2375 4882; x_wconf 89' lang='lat' dir='ltr'><strong>deinceps</strong></span> <span class='ocrx_word' id='word_1_764' title='bbox 2404 4811 2734 4882; x_wconf 87' lang='lat' dir='ltr'><strong>alloquatur,</strong></span> <span class='ocrx_word' id='word_1_765' title='bbox 2753 4811 2850 4867; x_wconf 87' lang='lat' dir='ltr'><strong>sed</strong></span> <span class='ocrx_word' id='word_1_766' title='bbox 2880 4804 3021 4867; x_wconf 79' lang='lat' dir='ltr'><strong>alios</strong></span> <span class='ocrx_word' id='word_1_767' title='bbox 3049 4811 3237 4882; x_wconf 85' lang='lat' dir='ltr'><strong>potius</strong></span> <span class='ocrx_word' id='word_1_768' title='bbox 3258 4813 3352 4883; x_wconf 87' lang='lat' dir='ltr'><strong>qui</strong></span> <span class='ocrx_word' id='word_1_769' title='bbox 3386 4828 3534 4870; x_wconf 60' lang='lat' dir='ltr'><strong>scor.</strong></span> 
     </span>
    </p>
   </div>
   <div class='ocr_carea' id='block_1_107' title="bbox 1950 4904 3539 4975">
    <p class='ocr_par' dir='ltr' id='par_1_107' title="bbox 1950 4904 3539 4975">
     <span class='ocr_line' id='line_1_107' title="bbox 1950 4904 3539 4975; baseline 0.003 -14"><span class='ocrx_word' id='word_1_770' title='bbox 1950 4907 2047 4961; x_wconf 89' lang='lat' dir='ltr'><strong>tati</strong></span> <span class='ocrx_word' id='word_1_771' title='bbox 2080 4920 2188 4960; x_wconf 89' lang='lat' dir='ltr'><strong>non</strong></span> <span class='ocrx_word' id='word_1_772' title='bbox 2222 4912 2369 4961; x_wconf 89' lang='lat' dir='ltr'><strong>sunt.</strong></span> <span class='ocrx_word' id='word_1_773' title='bbox 2425 4905 2602 4975; x_wconf 85' lang='lat' dir='ltr'><strong>Atque</strong></span> <span class='ocrx_word' id='word_1_774' title='bbox 2632 4904 2736 4959; x_wconf 90' lang='lat' dir='ltr'><strong>hac</strong></span> <span class='ocrx_word' id='word_1_775' title='bbox 2781 4904 2864 4960; x_wconf 88' lang='lat' dir='ltr'><strong>eis</strong></span> <span class='ocrx_word' id='word_1_776' title='bbox 2917 4905 3137 4961; x_wconf 88' lang='lat' dir='ltr'><strong>ratione</strong></span> <span class='ocrx_word' id='word_1_777' title='bbox 3176 4907 3438 4973; x_wconf 88' lang='lat' dir='ltr'><strong>consulit,</strong></span> <span class='ocrx_word' id='word_1_778' title='bbox 3473 4926 3539 4965; x_wconf 84' lang='lat' dir='ltr'><strong>ne</strong></span> 
     </span>
    </p>
   </div>
   <div class='ocr_carea' id='block_1_108' title="bbox 1952 4995 2935 5068">
    <p class='ocr_par' dir='ltr' id='par_1_108' title="bbox 1952 4995 2935 5068">
     <span class='ocr_line' id='line_1_108' title="bbox 1952 4995 2935 5068; baseline 0.001 -17"><span class='ocrx_word' id='word_1_779' title='bbox 1952 4998 2007 5051; x_wconf 89' lang='lat' dir='ltr'><strong>in</strong></span> <span class='ocrx_word' id='word_1_780' title='bbox 2034 4996 2227 5053; x_wconf 89' lang='lat' dir='ltr'><strong>eadem</strong></span> <span class='ocrx_word' id='word_1_781' title='bbox 2264 5005 2318 5052; x_wconf 87' lang='lat' dir='ltr'><strong>et</strong></span> <span class='ocrx_word' id='word_1_782' title='bbox 2354 4998 2457 5068; x_wconf 88' lang='lat' dir='ltr'><strong>ipsi</strong></span> <span class='ocrx_word' id='word_1_783' title='bbox 2486 4996 2629 5051; x_wconf 90' lang='lat' dir='ltr'><strong>mala</strong></span> <span class='ocrx_word' id='word_1_784' title='bbox 2667 4995 2935 5053; x_wconf 84' lang='lat' dir='ltr'><strong>incidant.</strong></span> 
     </span>
    </p>
   </div>
   <div class='ocr_carea' id='block_1_109' title="bbox 2028 5088 3535 5160">
    <p class='ocr_par' dir='ltr' id='par_1_109' title="bbox 2028 5088 3535 5160">
     <span class='ocr_line' id='line_1_109' title="bbox 2028 5088 3535 5160; baseline 0.007 -20"><span class='ocrx_word' id='word_1_785' title='bbox 2028 5109 2046 5140; x_wconf 77' lang='grc' dir='ltr'><strong>ι</strong></span> <span class='ocrx_word' id='word_1_786' title='bbox 2083 5088 2223 5144; x_wconf 86' lang='lat' dir='ltr'><strong>Num</strong></span> <span class='ocrx_word' id='word_1_787' title='bbox 2272 5104 2405 5160; x_wconf 82' lang='lat' dir='ltr'><strong>ergo</strong></span> <span class='ocrx_word' id='word_1_788' title='bbox 2455 5089 2705 5146; x_wconf 89' lang='lat' dir='ltr'><strong>membra</strong></span> <span class='ocrx_word' id='word_1_789' title='bbox 2744 5089 2971 5157; x_wconf 88' lang='lat' dir='ltr'><strong>Christi,</strong></span> <span class='ocrx_word' id='word_1_790' title='bbox 3034 5090 3234 5151; x_wconf 81' lang='lat' dir='ltr'><strong>iaciam</strong></span> <span class='ocrx_word' id='word_1_791' title='bbox 3290 5095 3535 5151; x_wconf 82' lang='lat' dir='ltr'><strong>membra</strong></span> 
     </span>
    </p>
   </div>
   <div class='ocr_carea' id='block_1_110' title="bbox 1951 5180 3532 5257">
    <p class='ocr_par' dir='ltr' id='par_1_110' title="bbox 1951 5180 3532 5257">
     <span class='ocr_line' id='line_1_110' title="bbox 1951 5180 3532 5257; baseline 0.003 -19"><span class='ocrx_word' id='word_1_792' title='bbox 1951 5181 2302 5238; x_wconf 83' lang='lat' dir='ltr'><strong>meretricis?</strong></span> <span class='ocrx_word' id='word_1_793' title='bbox 2338 5182 2500 5237; x_wconf 89' lang='lat' dir='ltr'><strong>absit.</strong></span> <span class='ocrx_word' id='word_1_794' title='bbox 2536 5180 2555 5255; x_wconf 85' lang='lat'><strong>[</strong></span> <span class='ocrx_word' id='word_1_795' title='bbox 2595 5181 2764 5237; x_wconf 73' lang='lat' dir='ltr'><strong>Vens.</strong></span> <span class='ocrx_word' id='word_1_796' title='bbox 2797 5182 2886 5247; x_wconf 75' lang='grc'><strong>16,</strong></span> <span class='ocrx_word' id='word_1_797' title='bbox 2931 5184 3015 5239; x_wconf 82' lang='grc'><strong>17.</strong></span> <span class='ocrx_word' id='word_1_798' title='bbox 3052 5183 3073 5257; x_wconf 93' lang='grc'><strong>]</strong></span> <span class='ocrx_word' id='word_1_799' title='bbox 3136 5187 3220 5241; x_wconf 79' lang='lat' dir='ltr'><strong>An</strong></span> <span class='ocrx_word' id='word_1_800' title='bbox 3279 5188 3532 5248; x_wconf 84' lang='lat' dir='ltr'><strong>nescitis.</strong></span> 
     </span>
    </p>
   </div>
   <div class='ocr_carea' id='block_1_111' title="bbox 1952 5273 3532 5348">
    <p class='ocr_par' dir='ltr' id='par_1_111' title="bbox 1952 5273 3532 5348">
     <span class='ocr_line' id='line_1_111' title="bbox 1952 5273 3532 5348; baseline 0.002 -18"><span class='ocrx_word' id='word_1_801' title='bbox 1952 5274 2213 5347; x_wconf 89' lang='lat' dir='ltr'><strong>quoniam</strong></span> <span class='ocrx_word' id='word_1_802' title='bbox 2242 5274 2336 5346; x_wconf 85' lang='lat' dir='ltr'><strong>qui</strong></span> <span class='ocrx_word' id='word_1_803' title='bbox 2367 5273 2609 5329; x_wconf 65' lang='lat' dir='ltr'><strong>adhaeret</strong></span> <span class='ocrx_word' id='word_1_804' title='bbox 2641 5275 2944 5341; x_wconf 88' lang='lat' dir='ltr'><strong>meretrici,</strong></span> <span class='ocrx_word' id='word_1_805' title='bbox 2993 5292 3166 5333; x_wconf 86' lang='lat' dir='ltr'><strong>unum</strong></span> <span class='ocrx_word' id='word_1_806' title='bbox 3200 5291 3402 5348; x_wconf 84' lang='lat' dir='ltr'><strong>corpus</strong></span> <span class='ocrx_word' id='word_1_807' title='bbox 3419 5277 3532 5333; x_wconf 79' lang='lat' dir='ltr'><strong>etii-</strong></span> 
     </span>
    </p>
   </div>
   <div class='ocr_carea' id='block_1_112' title="bbox 1952 5365 3532 5437">
    <p class='ocr_par' dir='ltr' id='par_1_112' title="bbox 1952 5365 3532 5437">
     <span class='ocr_line' id='line_1_112' title="bbox 1952 5365 3532 5437; baseline -0.001 -12"><span class='ocrx_word' id='word_1_808' title='bbox 1952 5369 2127 5427; x_wconf 84' lang='lat' dir='ltr'><strong>citur?</strong></span> <span class='ocrx_word' id='word_1_809' title='bbox 2151 5367 2328 5423; x_wconf 87' lang='lat' dir='ltr'><strong>Erunt</strong></span> <span class='ocrx_word' id='word_1_810' title='bbox 2361 5366 2533 5432; x_wconf 88' lang='lat' dir='ltr'><strong>enim,</strong></span> <span class='ocrx_word' id='word_1_811' title='bbox 2565 5366 2767 5437; x_wconf 88' lang='lat' dir='ltr'><strong>inquit,</strong></span> <span class='ocrx_word' id='word_1_812' title='bbox 2808 5365 2919 5422; x_wconf 91' lang='lat' dir='ltr'><strong>duo</strong></span> <span class='ocrx_word' id='word_1_813' title='bbox 2953 5367 3010 5423; x_wconf 91' lang='lat' dir='ltr'><strong>in</strong></span> <span class='ocrx_word' id='word_1_814' title='bbox 3040 5384 3207 5430; x_wconf 77' lang='lat' dir='ltr'><strong>carne</strong></span> <span class='ocrx_word' id='word_1_815' title='bbox 3239 5384 3367 5424; x_wconf 85' lang='lat' dir='ltr'><strong>una.</strong></span> <span class='ocrx_word' id='word_1_816' title='bbox 3426 5368 3532 5436; x_wconf 86' lang='lat' dir='ltr'><strong>Qui</strong></span> 
     </span>
    </p>
   </div>
   <div class='ocr_carea' id='block_1_113' title="bbox 1953 5455 3349 5532">
    <p class='ocr_par' dir='ltr' id='par_1_113' title="bbox 1953 5455 3349 5532">
     <span class='ocr_line' id='line_1_113' title="bbox 1953 5455 3349 5532; baseline 0.001 -16"><span class='ocrx_word' id='word_1_817' title='bbox 1953 5470 2138 5517; x_wconf 84' lang='lat' dir='ltr'><strong>autem</strong></span> <span class='ocrx_word' id='word_1_818' title='bbox 2176 5461 2420 5516; x_wconf 79' lang='lat' dir='ltr'><strong>adhaeret</strong></span> <span class='ocrx_word' id='word_1_819' title='bbox 2456 5459 2703 5522; x_wconf 86' lang='lat' dir='ltr'><strong>Domino,</strong></span> <span class='ocrx_word' id='word_1_820' title='bbox 2748 5474 2892 5515; x_wconf 86' lang='lat' dir='ltr'><strong>unus</strong></span> <span class='ocrx_word' id='word_1_821' title='bbox 2924 5455 3157 5532; x_wconf 88' lang='lat' dir='ltr'><strong>spiritus</strong></span> <span class='ocrx_word' id='word_1_822' title='bbox 3189 5468 3294 5519; x_wconf 86' lang='lat' dir='ltr'><strong>est.</strong></span> <span class='ocrx_word' id='word_1_823' title='bbox 3328 5481 3349 5517; x_wconf 71' lang='grc' dir='ltr'><strong>ι</strong></span> 
     </span>
    </p>
   </div>
   <div class='ocr_carea' id='block_1_114' title="bbox 2028 5546 3529 5621">
    <p class='ocr_par' dir='ltr' id='par_1_114' title="bbox 2028 5546 3529 5621">
     <span class='ocr_line' id='line_1_114' title="bbox 2028 5546 3529 5621; baseline 0.003 -18"><span class='ocrx_word' id='word_1_824' title='bbox 2028 5546 2376 5607; x_wconf 80' lang='lat' dir='ltr'><strong>liorribiliori</strong></span> <span class='ocrx_word' id='word_1_825' title='bbox 2400 5550 2723 5620; x_wconf 83' lang='lat' dir='ltr'><strong>metaphora</strong></span> <span class='ocrx_word' id='word_1_826' title='bbox 2754 5548 3020 5621; x_wconf 90' lang='lat' dir='ltr'><strong>loquitur.</strong></span> <span class='ocrx_word' id='word_1_827' title='bbox 3053 5551 3171 5609; x_wconf 85' lang='lat' dir='ltr'><strong>Non</strong></span> <span class='ocrx_word' id='word_1_828' title='bbox 3200 5554 3348 5611; x_wconf 83' lang='lat' dir='ltr'><strong>enim</strong></span> <span class='ocrx_word' id='word_1_829' title='bbox 3367 5551 3529 5620; x_wconf 83' lang='lat' dir='ltr'><strong>dixit,</strong></span> 
     </span>
    </p>
   </div>
   <div class='ocr_carea' id='block_1_115' title="bbox 342 5727 2261 5811">
    <p class='ocr_par' dir='ltr' id='par_1_115' title="bbox 342 5727 2261 5811">
     <span class='ocr_line' id='line_1_115' title="bbox 342 5727 2261 5811; baseline -0.008 -12"><span class='ocrx_word' id='word_1_830' title='bbox 342 5743 390 5775; x_wconf 83' lang='lat'>“</span> <span class='ocrx_word' id='word_1_831' title='bbox 413 5740 580 5799; x_wconf 83' lang='lat' dir='ltr'><strong>Joan.</strong></span> <span class='ocrx_word' id='word_1_832' title='bbox 614 5755 677 5811; x_wconf 86' lang='lat' dir='ltr'><strong>tt,</strong></span> <span class='ocrx_word' id='word_1_833' title='bbox 715 5739 806 5795; x_wconf 73' lang='lat' dir='ltr'><strong>i9.</strong></span> <span class='ocrx_word' id='word_1_834' title='bbox 887 5735 1115 5799; x_wconf 74' lang='lat' dir='ltr'><strong>&quot;:Joan.</strong></span> <span class='ocrx_word' id='word_1_835' title='bbox 1145 5752 1208 5801; x_wconf 88' lang='grc' dir='ltr'><strong>ιι,</strong></span> <span class='ocrx_word' id='word_1_836' title='bbox 1239 5737 1324 5793; x_wconf 83' lang='grc'><strong>18.</strong></span> <span class='ocrx_word' id='word_1_837' title='bbox 1405 5736 1450 5766; x_wconf 81' lang='grc'><strong>⁸⁵</strong></span> <span class='ocrx_word' id='word_1_838' title='bbox 1474 5734 1599 5788; x_wconf 79' lang='lat' dir='ltr'><strong>Act.</strong></span> <span class='ocrx_word' id='word_1_839' title='bbox 1644 5730 1763 5798; x_wconf 75' lang='lat'><strong>1,5.</strong></span> <span class='ocrx_word' id='word_1_840' title='bbox 1819 5730 1864 5764; x_wconf 82' lang='grc'><strong><em>⁶⁶</em></strong></span> <span class='ocrx_word' id='word_1_841' title='bbox 1901 5727 2061 5784; x_wconf 86' lang='lat' dir='ltr'><strong>Joan.</strong></span> <span class='ocrx_word' id='word_1_842' title='bbox 2093 5728 2261 5791; x_wconf 73' lang='lat' dir='ltr'><strong>v.19.</strong></span> 
     </span>
    </p>
   </div>
   <div class='ocr_carea' id='block_1_116' title="bbox 590 5829 1241 5897">
    <p class='ocr_par' dir='ltr' id='par_1_116' title="bbox 590 5829 1241 5897">
     <span class='ocr_line' id='line_1_116' title="bbox 590 5829 1241 5897; baseline -0.009 0"><span class='ocrx_word' id='word_1_843' title='bbox 590 5833 674 5897; x_wconf 75' lang='lat' dir='ltr'><strong>PA</strong></span> <span class='ocrx_word' id='word_1_844' title='bbox 687 5849 869 5896; x_wconf 67' lang='lat' dir='ltr'><strong>ruet.</strong></span> <span class='ocrx_word' id='word_1_845' title='bbox 904 5832 1020 5892; x_wconf 77' lang='lat' dir='ltr'><strong>GR.</strong></span> <span class='ocrx_word' id='word_1_846' title='bbox 1068 5829 1241 5891; x_wconf 76' lang='lat' dir='ltr'><strong>XCV.</strong></span> 
     </span>
    </p>
   </div>
   <div class='ocr_carea' id='block_1_117' title="bbox 3031 5815 3106 5877">
    <p class='ocr_par' dir='ltr' id='par_1_117' title="bbox 3031 5815 3106 5877">
     <span class='ocr_line' id='line_1_117' title="bbox 3031 5815 3106 5877; baseline 0.013 -1"><span class='ocrx_word' id='word_1_847' title='bbox 3031 5815 3106 5877; x_wconf 72' lang='grc' dir='ltr'><strong>ΞΟ</strong></span> 
     </span>
    </p>
   </div>
  </div>
