3972 6378
401 251 574 318 ’³619

1643 251 1704 309 S.
1744 247 2064 308 JOANNIS
2104 248 2189 306 DA
2203 246 2533 306 MASCENI

3628 248 3732 310 6‘20

464 366 799 437 conjdngam
866 365 1163 432 meretrici,
1203 363 1321 430 scd,
1357 362 1554 433 faciam
1609 364 1842 416 membra
1892 377 2033 414 mere-

2157 359 2268 429 γάρ
2296 355 2440 423 εἷπε,
2475 356 2696 426 συνάψω
2724 359 2789 428 τῇ
2828 355 3024 428 πόρνῃ,
3045 356 3204 423 ἀλλὰ,
3240 356 3473 424 ποιήσω
3505 359 3729 428 πόρνης

468 461 641 514 tricis.

539 550 707 606 Vens.
735 551 822 605 18.
854 569 872 602 ι
898 551 1092 622 Fugite
1125 550 1561 607 fornicationem.
1589 568 1607 602 ι

535 643 660 698 Non
734 645 840 712 ait;
873 645 1151 700 abstinete
1181 659 1340 700 vosa
1373 643 1764 708 fornicatione,
1798 639 1917 704 sed,
1959 637 2049 706 fu-

463 737 607 804 gite:
641 737 749 792 hoc
778 744 888 804 est,
948 752 1165 793 summa
1201 752 1331 792 cum
1379 734 1660 806 diligentia
1694 731 1917 788 eximite
1951 745 2048 786 vos

464 842 493 878 a
521 821 704 882 'malo.

534 915 644 985 83
702 933 720 966 ‹
787 916 1001 971 Omne'
1035 925 1322 986 peccatum
1392 915 1765 986 quodcunque
1852 910 2048 968 fecerit

466 1006 658 1073 homo,
693 1015 849 1062 extra
883 1021 1088 1077 corpus
1118 1015 1200 1072 est
1229 1025 1241 1060 :
1275 1005 1366 1075 qui
1401 1012 1583 1060 autem
1621 1003 1949 1066 fornicatur,
1990 1001 2045 1055 in

463 1111 670 1166 corpus
701 1111 862 1151 sumn
930 1104 1149 1168 peccat.
1203 1095 1395 1168 [Vt-:ns.
1428 1095 1517 1162 l9,
1548 1094 1665 1168 20].
1701 1095 1782 1148 An
1813 1091 2044 1148 nescitis

463 1187 723 1258 quoniam
779 1204 985 1261 corpus
1042 1198 1288 1245 vestrum
1339 1189 1603 1261 templum
1653 1197 1739 1244 est
1804 1186 2044 1257 Spiritus

463 1279 658 1348 sancti,
678 1279 774 1351 qui
807 1282 862 1338 in
892 1282 1050 1338 vobis
1079 1291 1183 1347 est,
1205 1295 1365 1351 quem
1396 1281 1612 1336 habetis
1638 1295 1667 1334 a
1694 1278 1823 1338 Deo.
1853 1287 1907 1332 et
1932 1292 2042 1332 non

463 1368 603 1422 estis
635 1370 849 1424 vestri?
883 1369 1062 1440 Empti
1124 1371 1272 1425 enim
1321 1369 1457 1424 estis
1487 1369 1686 1438 pretio.
1729 1365 2043 1420 Glorilicate

461 1467 632 1522 Deum
664 1466 720 1520 in
753 1477 987 1534 corpore
1019 1472 1231 1530 vestro,
1260 1471 1316 1518 et
1344 1462 1402 1518 in
1433 1462 1635 1532 spiritu
1681 1467 1887 1525 vestro,
1918 1472 2041 1530 quae

462 1560 555 1615 Dei
589 1568 741 1614 sunt.
781 1577 801 1609 ›

530 1651 706 1707 Extra
739 1667 932 1719 corpus
959 1655 1060 1714 est,
1108 1647 1460 1704 Dominieum
1485 1646 1699 1716 utique.
1734 1645 2036 1715 Postquam

2147 449 2330 518 μέλη.

2229 563 2248 593 t
2279 542 2516 611 Φεύγετε
2545 544 2646 613 τὴν
2669 541 2948 614 πορνείαν.
2979 561 2997 594 ι

2223 638 2339 690 Οὐκ
2386 631 2564 698 εἶπεν,
2595 635 2899 706 ἀπόσχεσθε
2924 635 3203 705 πορνείας,
3237 634 3399 700 ἀλλὰ,
3440 637 3697 705 φεύγετε
3719 652 3732 665 ·

2148 727 2398 780 τουτέστι
2437 725 2580 796 μετὰ
2604 727 2842 796 σπουδῆς
2874 724 3118 779 ποιεῖσθε
3145 726 3246 794 τὴν
3283 725 3608 794 ἀπαλλαγὴν
3637 727 3736 779 τοῦ

2149 817 2325 873 κακοῦ
2337 857 2354 874 .

2225 929 2243 962 t
2285 911 2401 962 Πᾶν
2451 909 2756 980 ἁμάρτημα
2785 907 2814 960 ὃ
2847 908 2943 960 ἐὰν
2980 907 3183 978 ποιήσῃ
3212 905 3524 976 ἄνθρωπος,
3577 905 3737 968 ἐκτὸς

2145 1003 2240 1056 τοῦ
2297 1002 2549 1072 σώματός
2601 1002 2772 1053 ἐστιν.
2804 1002 2870 1052 Ὃ
2917 1000 2972 1052 δὲ
3011 999 3318 1070 πορνεύων,
3377 1000 3458 1061 είς
3493 998 3552 1051 τὸ
3601 998 3737 1051 ἴδιον

2147 1094 2307 1164 σῶμα
2363 1093 2694 1163 ἁμαρτάνει.
2748 1092 2862 1144 Ούκ
2915 1091 3119 1155 οἴδατε,
3155 1091 3238 1143 ὅτι
3267 1090 3327 1142 τὸ
3359 1089 3520 1160 σῶμα
3577 1089 3735 1160 ὑμῶν

2144 1187 2268 1250 ναὸς
2309 1183 2403 1237 τοῦ
2434 1187 2492 1238 έν
2517 1186 2648 1255 ὑμῖν
2705 1183 2858 1250 ἁγίου
2901 1182 3221 1254 Πνεύματός
3273 1181 3455 1244 ἐστιν,
3483 1176 3546 1234 οῦ
3579 1181 3735 1251 ἔχετε

2144 1277 2253 1332 ἀπὸ
2281 1275 2443 1343 Θεοῦ,
2471 1277 2566 1331 καὶ
2612 1277 2712 1329 ούκ
2754 1274 2879 1329 ἐστὲ
2937 1274 3165 1328 ἑαυτῶν.
3213 1274 3585 1344 Ἥγοράσθητε
3620 1273 3736 1343 γὰρ

2142 1370 2337 1440 τιμῆς·
2383 1369 2645 1434 δοξάσατε
2691 1367 2756 1440 δὴ
2792 1366 2883 1421 τὸν
2919 1366 3050 1419 Θεὸν
3088 1367 3145 1419 ὲν
3189 1365 3267 1436 τῷ
3309 1366 3522 1437 σώματι
3577 1365 3737 1435 ὑμῶν

2141 1461 2236 1514 καὶ
2256 1462 2313 1512 ἐν
2342 1459 2420 1530 τῷ
2447 1459 2723 1532 πνεύματι
2756 1457 2936 1530 ὑμῶν,
2972 1457 3132 1511 ἀτινὰ
3153 1457 3270 1509 ἐστι
3295 1455 3388 1509 τοῦ
3421 1455 3579 1510 Θεοῦ.

2207 1639 2315 1694 Τοῦ
2371 1637 2652 1711 Κυριακοῦ
2697 1639 2940 1709 δηλονότι
2967 1655 2981 1670 ο
3023 1636 3211 1708 ἐπειδὴ
3263 1636 3371 1708 γάρ
3419 1636 3584 1692 πολὺν
3632 1639 3732 1692 ἀν-

455 1741 711 1810 pluribus
763 1715 1014 1796 ostendit
1070 1754 1167 1795 eos
1216 1753 1342 1795 esse
1425 1715 1672 1794 membra
1725 1735 1929 1792 Christi
1985 1741 2033 1790 et

2144 1735 2324 1806 ήλωσε
2353 1733 2531 1803 λόγον,
2565 1734 2702 1804 μέλη
2750 1732 2990 1806 Χριστοῦ
3021 1731 3181 1794 ὄντας
3206 1732 3420 1794 δεικνὺς
3451 1733 3543 1785 καὶ
3571 1733 3736 1800 σῶμα

393 1889 395 1892 .
455 1848 657 1902 corpus
692 1832 836 1903 ejus,
870 1832 946 1886 ita
990 1839 1048 1886 ut
1074 1831 1254 1902 ipsum
1295 1837 1464 1902 caput
1503 1830 1778 1895 habeant;
1812 1844 1880 1884 ne
1910 1827 2037 1899 quis

456 1925 760 1982 arbitretur
812 1925 1023 1981 Christi
1071 1939 1275 1996 corpus
1324 1922 1670 1989 sordescere,
1718 1921 1846 1976 dum
1883 1935 2040 1977 scor-

455 2026 604 2072 tatur
637 2017 822 2084 homo,
854 2017 961 2072 hoc
993 2016 1108 2070 ait:
1140 2014 1364 2086 quando
1392 2015 1519 2086 quis
1551 2013 1794 2069 adhmret
1827 2020 2035 2077 scorto,

458 2111 602 2167 haud
637 2111 877 2181 amplius
907 2117 992 2166 est
1019 2124 1221 2179 corpus
1250 2107 1483 2174 Christi,
1514 2122 1697 2178 neque
1728 2106 2037 2161 membrutn

452 2205 659 2260 Christi
700 2223 715 2258 z
752 2203 847 2259 sed
901 2203 954 2258 in
1005 2203 1288 2274 proprium
1342 2217 1546 2271 corpus
1613 2215 1770 2256 suum
1819 2206 2032 2270 peccat.

453 2296 644 2352 Gratia
689 2298 913 2368 quippe,
965 2309 1094 2350 eum
1169 2301 1532 2350 scortatorem
1599 2292 1798 2363 fugiat,
1879 2293 2034 2347 illum

452 2387 706 2458 prohibet
762 2401 831 2442 ne
879 2388 1022 2442 ultra
1075 2387 1148 2442 sit
1179 2401 1382 2457 corpus
1431 2385 1689 2442 Christi:
1723 2402 1789 2442 ex
1831 2401 1942 2456 quo
1972 2385 2030 2440 nt

452 2489 514 2534 ut
540 2493 667 2550 erga
699 2479 981 2551 proprium
1009 2494 1214 2551 corpus
1245 2487 1534 2551 peccatum
1560 2479 1835 2536 admittat.

521 2659 666 2727 Quid
701 2675 858 2732 ergo,
910 2660 1133 2732 inquit?
1159 2659 1411 2732 nunquid
1461 2676 1574 2716 non
1606 2659 1887 2716 homicida
1919 2674 2034 2715 ma-

451 2765 584 2806 num
653 2751 890 2822 polluit?
918 2766 1102 2806 annon
1151 2766 1353 2806 avarus
1397 2759 1452 2808 et
1481 2751 1704 2822 raptor?
1738 2750 1794 2806 ld
1824 2750 2036 2807 nemini

450 2859 562 2900 non
622 2843 984 2914 perspicuum
1040 2851 1147 2899 est.
1206 2841 1314 2898 Sed
1344 2844 1474 2915 quia
1509 2844 1620 2898 dici
1655 2857 1764 2898 non
1815 2851 2035 2914 poterat

450 2934 594 2988 nihil
645 2942 955 2990 scortatore
1001 2934 1161 3005 pejus
1208 2948 1364 3001 esse,
1398 2934 1507 2989 alio
1549 2934 1711 2989 modo
1741 2941 2033 3005 peccatum

450 3025 590 3081 illud
639 3025 795 3081 auxit
851 3025 1109 3089 dicendo,
1185 3026 1526 3082 scortatioue
1580 3034 1755 3082 totum
1801 3040 2032 3097 prorsus
2061 3058 2103 3117 ο

451 3132 657 3190 corpus
698 3119 1003 3190 inquinari.
1056 3119 1290 3176 Perinde
1316 3118 1592 3191 siquidem
1635 3120 1935 3188 sordescit,
1968 3134 2034 3176 ac

451 3210 544 3281 qui
579 3209 635 3264 in
676 3209 913 3266 lebetem
960 3210 1308 3267 immundum
1359 3211 1738 3282 spurcitiaque
1770 3211 2031 3267 infectum

449 3302 732 3359 inciderit.
768 3301 844 3356 Ea
876 3301 1086 3373 quippe
1116 3303 1279 3359 nobis
1324 3304 1670 3359 consuetudo
1719 3310 1830 3360 est.
1862 3301 2034 3360 Nemo

447 3397 593 3452 enim
626 3396 696 3451 ab
745 3395 981 3450 avaritia
1034 3394 1103 3450 ad
1143 3395 1375 3452 balneas
1431 3409 1660 3466 pergere
1715 3394 2030 3463 festinarit,

449 3488 544 3544 sed
600 3487 743 3544 nihil
771 3487 1047 3545 sollicitus
1079 3487 1304 3543 domum
1356 3503 1514 3544 suam
1566 3489 1790 3558 repetit.
1822 3486 2030 3542 Verum

448 3599 478 3636 a
509 3581 810 3637 concubitu
846 3595 972 3636 cum
1007 3581 1322 3646 meretrice,
1358 3581 1528 3636 veluti
1561 3588 1714 3636 totus
1748 3579 1931 3636 factus
1957 3578 2032 3634 sit

448 3672 793 3736 immundus,
827 3673 894 3727 ad
925 3673 1212 3729 lavacrum
1258 3673 1571 3728 contendit.
1602 3672 1866 3742 Adeoque
1895 3686 2031 3726 eon-

450 3763 683 3819 seientia
743 3770 970 3833 propter
1015 3763 1122 3818 hoc
1172 3771 1459 3835 peccatum
1497 3764 1803 3835 turpiorem
1845 3763 2030 3834 suspi-

449 3855 668 3912 cionem
705 3855 1000 3925 quamdam
1032 3855 1218 3911 habet.
1249 3855 1520 3912 Caeterum
1555 3856 1716 3912 ambo
1748 3857 1863 3912 hth
1893 3872 2025 3928 gra-

447 3944 540 4000 via
569 3943 996 4015 periculosaque
1051 3952 1206 4011 sunt,
1257 3961 1382 4001 cum
1418 3947 1672 4016 avaritia,
1721 3955 1837 4002 tum
1874 3963 2029 4004 scor-

453 4039 608 4105 tatio,
649 4043 818 4108 atque
929 4037 984 4092 in
1015 4039 1325 4110 gehennam
1357 4038 1687 4096 detrudunt.

519 4126 629 4184 Sed
659 4130 924 4201 quoniam
953 4128 1159 4187 Paulus
1191 4130 1330 4185 nihil
1362 4146 1470 4186 non
1503 4139 1657 4188 certa
1688 4133 1905 4188 ratione
1945 4130 2027 4186 fa-

446 4222 648 4286 ciebat,
699 4221 886 4292 quoad
928 4223 1131 4292 potuit,
1194 4225 1559 4280 scortationis
1587 4225 1798 4283 crimen
1829 4224 2027 4294 ampli-

449 4312 655 4369 licavit.
687 4312 809 4368 Non
862 4310 1196 4384 simpliciter
1246 4315 1323 4370 ait
1354 4314 1613 4386 Spiritus,
1660 4316 1757 4372 sed
1789 4316 2024 4384 Spiritus

2140 1826 2328 1893 αὐτοῦ,
2365 1826 2462 1880 καὶ
2495 1825 2656 1879 αὐτὸν
2713 1826 2861 1895 ἔχειν
2911 1824 3180 1895 κεφαλὴν,
3205 1824 3308 1878 ’ἵνα
3341 1825 3412 1894 μή
3444 1841 3524 1887 τις
3552 1825 3734 1876 έκεῖνο
3843 1847 3846 1850 ·

2140 1918 2424 1984 ὑπολάϐοι,
2446 1918 2521 1982 ὡς
2548 1917 2716 1972 αὑτοῦ
2747 1917 2842 1970 τοῦ
2875 1916 3113 1987 Χριστοῦ
3144 1917 3206 1970 τὸ
3235 1916 3395 1986 σῶμα
3429 1915 3728 1986 μιαίνεται,

2139 2011 2236 2065 ὲὰν
2275 2011 2554 2084 πορνεύσῃ
2597 2010 2904 2081 ἄνθρωπος,
2951 2009 3133 2078 λέγει·
3161 2010 3235 2073 ὡς
3276 2010 3404 2063 ὅταν
3459 2026 3542 2072 τις
3602 2009 3732 2062 κολ-

2093 2133 2108 2146 ο
2137 2104 2299 2158 λᾶται
2333 2107 2398 2175 τῇ
2435 2103 2632 2175 πόρνῃ,
2667 2103 2852 2156 οὐκέτι
2879 2101 3004 2155 οὐδὲ
3037 2102 3218 2173 σῶμα,
3250 2101 3372 2155 οὐδὲ
3405 2101 3540 2171 μέλη
3584 2102 3728 2171 Χρι-

2140 2196 2268 2252 στοῦ
2333 2199 2520 2261 ἐστιν,
2572 2196 2689 2248 ἀλλ’
2739 2196 2821 2258 είς
2856 2194 2918 2248 τὸ
2957 2195 3088 2249 ἴδιον
3148 2194 3307 2265 σῶμα
3369 2195 3673 2266 ἁμαρτάνει
3709 2210 3726 2225 ο

2139 2289 2419 2360 φεύγουσα
2447 2289 2557 2360 γάρ
2584 2290 2616 2359 ἡ
2645 2289 2807 2361 χάρις
2835 2287 2928 2343 τὸν
2986 2287 3342 2359 πορνεύοντα,
3403 2289 3728 2358 ἀφαιρεῖται

2137 2381 2289 2450 αὐτῷ
2319 2381 2412 2435 τοῦ
2458 2380 2538 2433 ἔτι
2579 2377 2719 2434 εἶναι
2769 2379 2929 2450 σῶμα
2977 2380 3242 2451 Χριστοῦ,
3296 2379 3438 2433 ὥστε
3489 2377 3728 2448 συμϐαί-

2138 2489 2254 2526 νειν
2321 2471 2470 2543 αύτῷ
2520 2474 2604 2536 εἰς
2661 2472 2751 2526 τὸν
2827 2472 2965 2526 ἴδιον
3020 2471 3181 2542 σῶμα
3259 2471 3361 2542 τὴν
3440 2469 3728 2542 ἁμαρτίαν

2138 2566 2334 2619 ποιεῖν.

2209 2655 2276 2710 Τί
2342 2651 2475 2722 οῦν;
2510 2655 2538 2707 ὁ
2584 2656 2944 2728 ἀνδροφόνος,
3003 2655 3190 2727 φησὶν,
3245 2655 3367 2726 ούχὶ
3411 2654 3512 2726 τὴν
3563 2663 3728 2726 χεῖρα

2141 2749 2376 2822 μιαίνει;
2406 2748 2472 2802 Τί
2505 2748 2561 2802 δὲ
2597 2749 2626 2802 ὁ
2659 2747 2991 2818 πλεονέκτης
3023 2750 3117 2802 καὶ
3151 2747 3338 2818 ἁρπαξ
3373 2747 3579 2813 ςΠαντί
3611 2765 3719 2801 που

2137 2842 2295 2914 δῆλον
2321 2841 2472 2896 ’ἀλλ’
2503 2840 2690 2913 ἐπειδὴ
2721 2843 2896 2894 εἰπεῖν
2925 2841 3027 2894 οὐκ
3059 2841 3210 2911 ἐνῆν,
3253 2841 3334 2894 ὅτι
3401 2839 3602 2909 πόρνου
3631 2840 3726 2893 0:3-

2136 2934 2228 3011 δὲν
2279 2936 2484 3005 χεῖρον,
2539 2933 2742 3006 ἑτέρως
2799 2932 2932 2987 αὐτὸ
2995 2930 3204 3002 ηὔξησε
3256 2931 3452 2999 λέγων,
3484 2932 3567 2986 ὅτι
3627 2932 3726 2983 ἐπὶ

2136 3027 2239 3099 τῆς
2293 3027 2553 3098 πορνείας
2601 3025 2895 3098 ὁλόκληρον
2931 3024 2992 3078 τὸ
3009 3023 3169 3094 σῶμα
3227 3023 3440 3094 γίνεται
3497 3022 3720 3094 μιαρόν⁹

2137 3123 2330 3197 ὥσπερ
2362 3123 2472 3194 γὰρ
2497 3123 2577 3187 είς
2606 3121 2811 3191 λέϐητα
2857 3118 3203 3191 ἀκαθαρσίας
3240 3117 3558 3188 ἐμπίπτων,
3625 3115 3726 3168 καὶ

2133 3214 2214 3286 τῷ
2251 3212 2514 3286 μολυσμῷ
2547 3211 2924 3284 βαπτόμένον,
2953 3209 3096 3263 οὕτω
3152 3208 3407 3279 φύρεται.
3459 3205 3630 3260 Τοῦτο
3659 3205 3725 3260 δὲ

2135 3305 2230 3360 καὶ
2262 3305 2394 3375 ἡμῖν
2436 3303 2577 3367 ἔθος.
2616 3303 2752 3356 Ἀπὸ
2789 3301 2900 3374 γὰρ
2958 3301 3054 3371 τῆς
3108 3297 3421 3362 πλεονεξίας
3475 3295 3572 3350 καὶ
3619 3295 3725 3366 τῆς

2136 3397 2394 3468 ἁρπαγῆς
2425 3395 2522 3448 οὐκ
2544 3395 2610 3449 ἄν
2643 3412 2729 3459 τις
2783 3393 3137 3448 σπουδάσειεν
3188 3391 3281 3444 ἐπὶ
3314 3385 3721 3460 βαλάνειον-ἐλ-

2135 3486 2271 3554 θεῖν,
2303 3486 2440 3541 ἀλλὰ
2462 3486 2770 3558 ἀδιαφόρως
2791 3484 2885 3538 ἐπὶ
2907 3487 3005 3554 τὴν
3055 3481 3263 3536 οἰκείαν
3316 3481 3523 3535 ἄνεισιν
3553 3495 3568 3510 ⁶
3605 3479 3721 3532 ἀπὸ

2131 3580 2190 3634 δὲ
2219 3578 2422 3651 μίξεως
2441 3579 2668 3651 πόρνης,
2697 3577 2952 3648 καθάπερ
2979 3575 3118 3639 ὅλως
3145 3575 3438 3644 γενόμενος
3466 3571 3719 3641 ἀκάθαρ-

2129 3688 2244 3738 τος,
2274 3671 2367 3724 έπὶ
2391 3671 2452 3724 τὸ
2476 3668 2771 3724 λούσασθαι
2801 3668 3019 3741 ἔρχεται
3055 3684 3070 3701 ο
3097 3666 3273 3729 οὓτως
3325 3664 3439 3735 ἔχει
3497 3662 3619 3716 τινὰ
3654 3660 3720 3715 τὸ

2134 3762 2373 3826 συνειδὸς
2399 3762 2508 3816 ἀπὸ
2525 3761 2625 3832 τῆς
2654 3761 2930 3833 ἁμαρτίας
2961 3758 3166 3830 ταύτης
3198 3757 3470 3828 ὑπόληψιν
3493 3756 3722 3826 αἰσχρο-

2128 3855 2315 3924 τέραν.
2347 3853 2655 3925 Ἀμφότερα
2685 3851 2782 3923 μὲν
2810 3848 2903 3906 οὖν
2927 3849 3158 3922 χαλεπὰ,
3189 3850 3285 3904 καὶ
3317 3846 3594 3912 πλεονεξία
3620 3848 3722 3902 καὶ

2131 3945 2378 4017 πορνεία,
2412 3947 2506 4000 καὶ
2539 3947 2617 4008 είς
2637 3944 2860 4014 γέενναν
2889 3942 3267 4014 ἐμϐάλλουσιν.

2131 4168 2134 4171 -
2216 4127 2355 4182 Ἀλλ’
2388 4127 2576 4199 ἐπειδὴ
2615 4128 2977 4198 οἰκονομικῶς
3011 4126 3190 4180 πάντα
3213 4126 3240 4178 ὁ
3269 4124 3480 4188 Παῦλος
3512 4124 3711 4189 ἐποίει,

2131 4216 2213 4284 οἷς
2231 4213 2400 4291 εἶχεν,
2432 4218 2644 4283 τούτοις
2669 4217 2908 4290 ηὔξησεν
2930 4219 2990 4272 τὸ
3009 4218 3109 4290 τῆς
3138 4217 3397 4288 πορνείας
3430 4215 3598 4285 ἐγκλη
3608 4233 3710 4286 μα.

2131 4313 2245 4383 Οὐχ
2277 4313 2465 4376 ἁπλῶς
2502 4311 2646 4376 εἷπε,
2709 4314 3070 4382 πνεύματος,
3123 4312 3260 4366 ἀλλὰ
3317 4311 3422 4366 τοῦ
3451 4311 3518 4364 ἐν
3548 4309 3714 4380 ὑμῖν,

445 4406 534 4472 qui
592 4405 649 4458 in
693 4403 838 4459 vobis
876 4414 956 4459 est
987 4421 1006 4460 :
1043 4419 1158 4476 quo
1190 4414 1355 4476 pacto
1401 4405 1772 4462 eonsolatoris
1829 4406 2024 4475 agebat

2144 4399 2379 4475 ὅπερ-ἦν
2422 4405 2518 4458 καὶ
2569 4403 3098 4476 παραμυθουμένου,
3156 4405 3252 4456 καὶ
3298 4402 3389 4458 τὸν
3440 4401 3715 4456 δεδωκότα

445 4496 617 4551 vices.
649 4494 882 4566 Insuper
918 4503 974 4552 et
998 4512 1124 4552 eum
1154 4497 1248 4567 qui
1273 4498 1509 4568 largitus
1552 4505 1656 4562 est,
1717 4496 1926 4566 posuit,
1971 4504 2029 4551 ut

444 4590 720 4640 attentum
751 4585 916 4642 simul
948 4585 1208 4642 redderet
1239 4585 1572 4650 auditorem,
1601 4594 1658 4641 et
1692 4593 2025 4651 exterreret,

449 4686 566 4731 tum
626 4676 870 4748 depositi
922 4677 1307 4749 magnitudine
1337 4685 1394 4733 et
1440 4677 1780 4746 praestantia,
1815 4684 1928 4732 tum
1962 4676 2029 4732 il-

449 4766 559 4821 lius
588 4767 681 4835 qui
713 4766 972 4837 deposuit
997 4767 1286 4839 dignitate.

516 4855 957 4928 Haudquaquam
987 4859 1132 4916 enim
1163 4860 1246 4916 eis
1299 4858 1639 4930 indignatur,
1670 4859 1804 4930 quin
1836 4859 2024 4931 potius

446 4943 520 4998 de
551 4944 661 5000 illis
689 4948 903 5014 statuit,
945 4948 1037 5002 ubi
1070 4949 1149 5004 ait
1181 4967 1194 5004 :
1246 4949 1513 5004 [labentes
1555 4949 1730 5004 cibum
1761 4960 1813 5005 et
1863 4953 2026 5006 uesti-

447 5044 645 5100 menta,
686 5037 768 5092 Itis
806 5041 1036 5094 contenti
1087 5041 1257 5095 simus
1286 5042 1352 5096 ".
1411 5041 1518 5098 Sed
1568 5043 1712 5098 hanc
1761 5057 1852 5098 res
1903 5043 2023 5113 ipsa

446 5126 707 5196 destruit,
737 5131 969 5203 ejusque
1003 5134 1441 5200 emendationem
1493 5137 1734 5192 orationi
1792 5140 2024 5210 permit-

450 5217 535 5285 tit,
569 5230 862 5293 postquam
894 5224 1189 5281 consilium
1221 5227 1471 5297 przebnit.

539 5377 564 5416 ἀ
601 5373 792 5434 lTim.
837 5396 910 5447 vr,
941 5381 994 5435 8.

2131 4496 2404 4562 τέθεικεν,
2431 4495 2635 4566 ὑψηλόν
2665 4513 2726 4548 τε
2760 4495 2896 4565 ὁμοῦ
2948 4495 3120 4548 ποιῶν
3154 4495 3244 4549 τὸν
3280 4495 3558 4565 ἀκροατὴν
3611 4495 3713 4547 καὶ

2131 4587 2315 4657 φοϐῶν
2341 4605 2356 4621 ο
2389 4589 2483 4642 καὶ
2512 4587 2589 4658 τῷ
2625 4587 2849 4658 μεγέθει
2878 4588 2976 4658 τῆς
3014 4585 3492 4659 παρακαταθήκης
3519 4587 3612 4639 καί
3639 4588 3711 4656 τῇ

2131 4678 2259 4753 ἀξίᾳ
2288 4678 2389 4734 τοῦ
2416 4679 2966 4751 παρακαταθεμένου.

2179 4862 2346 4934 ’Πρὸς
2371 4863 2482 4933 γὰρ
2532 4860 2774 4925 ἐκείνους
2799 4861 2861 4914 ού
2892 4851 3257 4932 δύσχεραίνει,
3315 4859 3451 4914 ἀλλὰ
3495 4859 3590 4913 καὶ
3617 4874 3713 4912 νο⁶

2132 4953 2353 5025 μοθετεῖ
2411 4953 2540 5024 περὶ
2597 4952 2818 5018 αὐτῶν,
2864 4951 3038 5021 λέγων
3082 4965 3096 4980 ·
3144 4953 3432 5022 Ἔχοντες
3478 4948 3716 5018 τροφὴν

2128 5045 2230 5100 καὶ
2286 5044 2726 5115 σκεπάσματα,
2786 5046 3024 5109 τούτοις
3095 5041 3604 5112 ἀρκεσθησᾶψεθα
3636 5039 3668 5080 d
3696 5059 3712 5072 ·

2125 5137 2262 5192 ἀλλά
2293 5136 2499 5208 ταύτην
2533 5136 2719 5208 βάλλει
2757 5135 2818 5190 τὸ
2854 5137 3109 5208 πρᾶγμα,
3143 5135 3241 5188 καὶ
3269 5134 3369 5206 τὴν
3420 5131 3720 5206 διόρθωσιν

2127 5229 2290 5285 αὐτοῦ
2323 5229 2460 5301 μετὰ
2485 5229 2582 5301 τὴν
2606 5247 2669 5283 συ
2677 5229 2911 5302 μὸουλὴν
2935 5229 3234 5302 ἐπιτρέψας
3254 5228 3409 5300 εὐχῇ.

577 5545 580 5552 .
1738 5501 1970 5558 VARI/13
2009 5501 2415 5558 LECTIONES.

502 5580 544 5610 ⁸⁷
587 5581 689 5666 llic
751 5595 932 5643 textus
995 5589 1220 5647 mutilus
1265 5594 1673 5664 permistusque
1704 5601 1810 5657 est,
1845 5610 1946 5650 nec
1977 5597 2160 5650 sanari
2188 5603 2369 5666 potest
2396 5610 2461 5649 ex
2503 5594 2919 5664 Chrysostomo,
2962 5595 3105 5665 apud
3136 5609 3300 5666 quem
3341 5590 3478 5650 nihil
3509 5591 3720 5653 horum

454 5654 719 5710 occurrit.
