3972 6386
252 280 346 345 621

1408 275 1490 337 IN
1528 274 1767 335 EPIST.
1809 224 1908 333 Ai)
1946 271 2306 333 CORINTH.
2350 272 2396 330 ι.

3412 273 3518 335 622

318 390 493 448 Τοῦτο
521 391 579 445 δὲ
608 390 710 444 οὐκ
735 388 1089 460 ἐντρέποντος
1139 387 1324 459 μόνον,
1377 387 1518 441 ἀλλά
1551 389 1648 440 καὶ
1716 385 1834 456 βια-

2011 383 2125 440 Hoc
2184 398 2350 454 porro
2399 397 2506 436 non
2542 383 2703 438 modo
2753 383 3150 441 confundentis
3178 392 3285 451 est,
3320 400 3513 441 verum

258 484 481 556 ζομένου
545 482 684 554 πρὸς
730 482 936 553 ἀρετήν
957 497 972 513 ο
1005 479 1059 533 τί
1093 479 1204 550 γὰρ
1236 480 1523 550 παραιτεῖς
1553 478 1590 533 ἃ
1626 477 1825 542 θέλεις,

256 576 451 648 φησίνς
482 576 584 629 οὐκ
615 571 667 627 εἰ
702 573 905 627 σαυτοῦ
948 573 1176 648 κύριοςς
1224 571 1307 626 διὸ
1363 572 1459 625 καὶ
1507 571 1791 641 ἐπήγαγεν
1817 587 1830 600 ·

266 667 664 741 Ὴγοράσθητε
693 664 891 737 τιμῆς.

854 892 1107 948 ΚΕΦΔΛ.
1150 895 1224 946 Z'.

328 1025 349 1060 ι
383 1006 526 1079 Περὶ⁵
548 1005 607 1060 δὲ
633 998 711 1060 ὧν
733 1002 1015 1076 ἔγραψατέ
1059 1019 1175 1075 μοι.
1214 1022 1233 1055 ι

325 1096 642 1170 Διορθὼσας
668 1097 740 1152 τὰ
772 1093 1136 1168 χαλεπώτερα
1196 1092 1550 1167 ἐγκλήματα,
1608 1095 1668 1150 ἓν
1735 1095 1840 1167 μὲν

1936 476 2101 532 etiam
2133 473 2387 544 cogentis
2419 471 2486 528 ad
2517 472 2803 529 virtutem.
2848 474 3061 543 Ecquid
3110 475 3257 529 enim
3290 490 3357 530 ea
3394 492 3521 547 qua:

1936 569 2100 635 velis,
2164 567 2417 636 accipere
2479 567 2784 632 cunctaris,
2815 567 3048 639 inquit;
3108 569 3365 640 nunquid
3410 586 3521 625 non

1939 659 2018 714 tui
2073 659 2249 730 ipsius
2279 673 2340 715 es
2369 657 2661 713 dominus?
2692 660 3048 729 quamobrem
3078 660 3244 717 etiam
3279 660 3521 718 addidit:

1945 749 2124 820 Empti
2151 752 2276 805 estis
2310 752 2501 819 pretio.

2582 890 2733 945 CAP.
2772 891 2882 946 VII.

2012 1000 2180 1056 Vens.
2215 1001 2266 1055 Ι.
2304 1019 2323 1053 ι
2351 1000 2424 1058 De
2453 1003 2655 1074 quibus
2686 1013 2869 1062 autem
2897 1008 3208 1078 scripsistis
3234 1012 3387 1069 mihi.
3416 1033 3438 1067 ι

2014 1090 2087 1146 Ut
2151 1093 2437 1163 graviores
2489 1094 2915 1155 criminationes
2973 1101 3238 1173 corrigat,
3289 1120 3525 1173 quarum

255 1188 315 1243 τὸ
339 1185 681 1242 διασπᾶσθαι
727 1186 829 1257 τὴν
869 1183 1225 1255 Ἐκκλησίαν,
1254 1183 1510 1256 δεύτερον
1545 1185 1605 1239 δὲ
1647 1186 1709 1239 τὸ
1744 1184 1840 1239 τοῦ

1986 1195 2063 1237 aee
2094 1183 2275 1253 prima
2304 1192 2446 1250 erat,
2497 1184 2758 1241 Ecclesiae
2809 1189 3122 1259 scissionis,
3175 1193 3350 1249 altera
3381 1196 3531 1253 inec-

256 1281 716 1354 πεπορνευκότος,
764 1280 950 1350 τρίτον
979 1276 1160 1332 τὸτοῦ
1220 1278 1585 1346 πλεονέκτου,
1643 1279 1843 1350 χρῆται

1986 1283 2092 1342 ius,
2121 1276 2286 1332 tertia
2340 1278 2561 1333 demum
2594 1280 2881 1351 avaritiae;
2926 1283 3239 1341 'lenioribus
3271 1287 3531 1359 deinceps

257 1374 445 1428 λοιπὸν
475 1373 817 1446 ἠμερωτέρῳ
850 1371 1018 1442 λόγῳ,
1055 1371 1153 1424 καὶ
1186 1371 1395 1441 μεταξὺ
1418 1371 1602 1444 τίθησι
1635 1372 1842 1443 παραί-

1945 1368 2131 1424 verbis
2188 1370 2390 1436 utitur,
2449 1378 2617 1441 atque
2669 1372 2951 1429 interserit
3007 1376 3534 1436 adhortationemet

258 1484 405 1520 νεσιν
455 1466 553 1521 καὶ
602 1483 667 1519 συ
677 1463 919 1537 μὸουλὴν
953 1461 1053 1533 τὴν
1085 1460 1344 1532 περὶτοῦ
1402 1461 1584 1535 γάμου
1619 1460 1714 1516 καὶ
1745 1463 1847 1533 τῆς

1986 1461 2243 1518 cnsilium
2273 1462 2343 1518 de
2371 1462 2636 1534 conjugio
2663 1473 2720 1519 et
2746 1464 3087 1537 virginitate.

258 1558 581 1630 παρθενίας.

332 1669 354 1703 ι
386 1649 572 1705 Καλὸν
600 1647 876 1720 ἀνθρώπῳ
914 1647 1180 1717 γυναικὸς
1215 1646 1290 1719 μὴ
1321 1645 1592 1701 ἅπτεσθαι
1615 1662 1630 1677 °
1664 1646 1755 1701 διά
1791 1646 1849 1700 δὲ

2027 1659 2046 1692 ι
2083 1640 2295 1696 Bonum
2355 1648 2441 1697 est
2500 1641 3053 1701 homini-mulierem
3116 1663 3227 1705 non
3287 1661 3533 1722 tangere.

256 1743 330 1798 τὰ
366 1741 632 1813 πορνείας
686 1739 920 1805 ἕκαστος
967 1740 1066 1812 τὴν
1111 1737 1311 1794 ἑαυτοῦ
1360 1739 1598 1808 γυναῖκα
1656 1738 1850 1809 ἐχέτω,

1986 1733 2152 1790 Vens.
2199 1732 2347 1807 τοι]
2390 1733 2623 1805 PrOpter
2660 1734 3084 1794 fornicationem
3121 1749 3307 1797 autem
3357 1760 3534 1799 unus-

258 1836 357 1889 καὶ
406 1833 616 1903 ἑκάστη
670 1830 766 1885 τὸν
799 1830 933 1885 ῐδιον
989 1829 1166 1902 ἄνδρα
1219 1827 1394 1901 ὲχὲτω
1416 1844 1429 1857 ·
1454 1830 1520 1900 τῇ
1566 1829 1790 1897 γυναικὶ
1818 1830 1848 1882 ὁ

256 1925 400 1995 ἀνὴρ
429 1922 531 1996 τὴν
587 1921 951 1994 ὀφειλομένην
1007 1921 1221 1977 εὔνοιαν
1269 1919 1574 1975 ἀποδιδότω
1599 1936 1613 1952 ·
1646 1919 1852 1991 ὁμοίως

258 2017 318 2071 δὲ
343 2016 493 2085 καὶὴ
521 2016 661 2086 γυνὴ
693 2013 772 2086 τῷ
796 2014 974 2086 ἀνδρί.
1011 2013 1080 2068 Ἦ
1109 2013 1248 2086 γυνὴ
1297 2011 1397 2066 τοῦ
1431 2010 1565 2066 ἰδίου
1598 2010 1854 2082 σώματος

259 2108 363 2161 οὐκ
383 2104 719 2171 ἐξουσιάζει,
745 2103 866 2158 ἀλλ’
905 2106 935 2158 ὁ
966 2103 1132 2176 ἀνήρ.
1167 2102 1406 2174 Ὁμοίως
1434 2101 1494 2156 δὲ
1522 2101 1618 2156 καὶ
1644 2102 1674 2154 ὁ
1711 2100 1852 2173 ἀνὴρ

258 2193 358 2248 τοῦ
392 2193 531 2246 ἰδίου
561 2192 818 2262 σώματος
835 2192 939 2246 οὐκ
965 2187 1294 2256 ἐξουσιάζει,
1330 2189 1446 2245 ἀλλ’
1478 2190 1514 2260 ἡ
1537 2187 1699 2259 γυνή.
1725 2207 1744 2239 ι

336 2371 405 2428 Ei.
460 2370 562 2442 μὲν
618 2367 680 2422 τὸ
733 2366 922 2422 καλὸν
965 2367 1191 2439 ζητεῖς,
1245 2365 1424 2437 φησι,
1485 2363 1579 2419 καὶ
1648 2363 1857 2436 σφόδρα

266 2462 540 2535 ὑπερέχον
564 2500 583 2527 ,
630 2460 839 2533 βέλτιον
894 2458 1031 2531 μηδὲ
1074 2459 1231 2523 ὅλωςξ
1255 2456 1470 2528 ὁμιλεῖν
1522 2457 1767 2527 γυναικί.
1792 2456 1857 2510 Εἰ

267 2559 326 2612 δὲ
341 2556 402 2611 τὸ
423 2555 668 2625 ἀσφαλὲς
716 2553 814 2607 καὶ
857 2550 1088 2623 βοηθοῦν
1138 2566 1234 2604 σου
1262 2552 1330 2622 τῇ
1355 2546 1644 2621 ἀσθενείᾳ,
1673 2548 1855 2621 ὁμίλει

268 2649 514 2809 γάῗῳλαὴ
572 2735 934 2806 ἀποστερεῖτε
983 2732 1286 2807 ἀλλήλους,
1336 2734 1389 2788 ει
1445 2736 1520 2806 μή
1572 2752 1628 2789 τι
1679 2734 1749 2789 ἂν
1795 2737 1860 2788 ἐκ

273 2828 569 2903 συμφώνου
632 2826 773 2897 πρὸς
821 2824 1016 2897 καιρὸν
1047 2867 1064 2894 ,
1136 2826 1226 2880 ἵνα
1294 2825 1597 2897 σχολάσητε
1645 2828 1712 2897 τῇ
1763 2844 1859 2897 νη-

435 2939 503 2975 ο)

435 2960 451 2975 .
481 2939 503 2973 ι

274 2925 446 3086 αἲξ]
500 3013 927 3085 ὲγκρατευέσθω
972 3017 1006 3086 ὴ
1033 3012 1195 3085 γυνὴ,
1257 3014 1462 3085 φησιν,
1525 3011 1622 3066 τοῦ
1669 3009 1862 3080 ἀνδρὸς

271 3082 502 3171 ἄκοντος
532 3145 550 3173 ,
605 3082 743 3179 μηδὲ
784 3107 815 3160 ὁ
852 3082 1035 3178 ἀνὴρ-.
1080 3082 1180 3176 τῆς
1225 3082 1486 3172 γυναικὸς
1543 3102 1619 3174 μὴ
1673 3100 1860 3173 βουλο-
1886 3082 1930 3141 C

274 3199 469 3271 μένης.
512 3197 624 3251 Καὶ
650 3197 702 3251 τί
739 3196 982 3267 δήποτε;
1016 3196 1142 3248 Ὀτι
1183 3193 1397 3266 μεγάλα
1426 3194 1493 3247 ὲκ
1519 3192 1618 3265 τῆς
1660 3193 1863 3264 ἐγκρα-

270 3289 425 3353 τείας
462 3286 671 3356 ταύτης
699 3285 948 3340 τίκτεται
972 3284 1043 3339 τὰ
1074 3284 1248 3348 κακὰ,
1289 3284 1385 3337 καὶ
1439 3284 1712 3355 πορνεῖαι.
1766 3281 1864 3335 καὶ

276 3382 542 3452 μοιχεῖαι,
571 3378 670 3434 καὶ
695 3378 865 3433 οίκων
925 3377 1238 3448 ἀνατροπαὶ
1287 3375 1555 3439 πολλάκις
1609 3372 1864 3428 ἐντεῦθεν

274 3470 552 3541 ἐγένοντο.

349 3578 371 3614 t
404 3562 520 3616 Καὶ
561 3563 629 3633 τῇ
678 3561 963 3633 προσευχῇ
1001 3576 1015 3590 ·
1070 3558 1168 3613 καὶ⁹
1222 3557 1385 3613 πάλιν
1436 3557 1532 3611 ἐπὶ
1593 3556 1673 3628 τῷ
1715 3554 1866 3625 αὐτῷ

276 3650 656 3723 συνέρχησθε,
704 3651 795 3706 ἵνα
847 3651 923 3722 μὴ
991 3652 1247 3723 ἐπιχειρῇ
1306 3650 1592 3720 πειράζειν
1649 3649 1795 3719 ὑμᾶς
1836 3649 1866 3701 6

276 3744 529 3808 Σατανᾶς
545 3743 634 3799 διὰ
645 3741 747 3815 τὴν
769 3742 1044 3815 ἀκρασίαν
1069 3742 1248 3812 ὑμῶν.
1272 3740 1446 3795 Τοῦτο
1468 3740 1525 3795 δὲ
1548 3741 1694 3810 λέγω
1722 3738 1866 3794 κατά

276 3835 641 3907 συγγνώμηνο
681 3853 701 3888 ι

349 3924 468 3994 Τὴν
494 3922 633 3994 μετὰ
678 3923 933 3986 πλείονος
983 3920 1224 3992 σπουδῆς
1272 3920 1588 3992 προσευχὴν
1630 3920 1866 3988 ἐνταῦθα

276 4014 456 4085 λέγει.

358 4125 380 4159 ι
405 4107 486 4161 Οὐ
516 4107 635 4162 κατ’
683 4108 955 4179 ἐπιταγήν
975 4123 990 4139 ο
1033 4105 1175 4160 θέλω
1198 4104 1256 4160 δὲ
1285 4105 1497 4170 πάντας
1541 4103 1867 4176 ἀνθρώπους

277 4195 421 4255 εἶναι
546 4201 640 4254 καὶ
668 4199 929 4271 ἐμαυτόν.
949 4217 969 4251 ι

364 4292 459 4347 Ἐν
485 4291 789 4364 ἐγκρατείᾳ
811 4289 1077 4362 δηλονότι.
1121 4286 1402 4361 Πολλαχοῦ
1429 4288 1489 4343 δὲ
1508 4288 1669 4344 τοῦτο
1696 4290 1863 4354 ποιεῖ,

276 4386 410 4440 ὅταν
450 4386 581 4456 περὶ
606 4384 888 4439 δυσκόλων
914 4383 1174 4454 παραινεῖ
1224 4381 1593 4453 πραγμάτων.
1706 4410 1721 4438 ι»

356 4499 378 4531 ι
426 4477 571 4532 Ἀλλ’
621 4477 857 4542 ῑκαστος
902 4475 1034 4529 ῐδιον
1092 4473 1345 4547 χάρισμα
1408 4473 1525 4546 ἔχει
1567 4474 1633 4528 ὲκ
1686 4472 1861 4529 Θεοῦ’

275 4568 336 4633 ὃς
394 4568 498 4639 μὲν
561 4567 737 4633 οὕτως
777 4584 792 4600 ·
834 4566 895 4630 ὃς
922 4566 980 4620 δὲ
1021 4563 1218 4629 οὕτως.
1269 4565 1433 4635 Λέγω
1459 4565 1518 4618 δὲ
1545 4566 1661 4628 τοῖς
1725 4562 1870 4632 ἀγάο

280 4681 407 4740 μοις
457 4669 554 4723 καὶ
587 4669 708 4732 ταῖς
750 4668 953 4740 χήραις
980 4682 999 4698 ⁸
1034 4663 1204 4720 καλὸν
1248 4663 1453 4730 αὐτοῖς,
1489 4663 1580 4721 ἴνα
1632 4662 1870 4736 μένωσιν

276 4761 355 4827 ὡς
380 4759 562 4829 κάγώ.
595 4777 615 4810 ι

363 4851 591 4924 Ἐπειδὴ
633 4850 845 4923 σφόδρα
885 4847 1489 4919 αὐτῶνκατηγόρησεν
1523 4845 1716 4911 εἰπὼν,
1767 4846 1868 4902 διὰ

278 4945 399 5015 τὴν
425 4943 734 5013 ἀκρασίαν
763 4939 954 5012 ὑμῶν,
988 4936 1154 4997 πάλιν
1177 4941 1378 5004 αὐτοὺς
1407 4938 1865 5012 παρεμυθήσατο,

278 5034 456 5090 εἰπὼν
483 5034 652 5105 ἔχειν
687 5030 958 5102 χάρισμα
986 5031 1057 5086 ἐκ
1080 5028 1251 5100 Θεοῦ.

351 5148 372 5182 ι
409 5128 479 5184 Εἰ
514 5127 573 5182 δὲ
600 5126 703 5181 οὐκ
731 5123 1184 5197 ἐγκρατεύονται,
1219 5122 1655 5194 γαμησάτωσαν.
1684 5141 1704 5175 ι

348 5220 469 5274 Οὐκ
482 5218 789 5287 ἀναγκάζει
802 5218 895 5271 τὸν
909 5217 987 5287 μὴ
1006 5214 1281 5286 φθάνοντα
1296 5216 1375 5279 εἰς
1391 5213 1492 5286 τὴν
1509 5213 1863 5286 ἐγκράτειαν,

278 5312 536 5376 δεδοικὼς
571 5312 649 5383 μὴ
684 5310 1046 5381 παράπτωμα
1068 5309 1322 5380 γένηται.

351 5428 372 5461 ι
412 5407 688 5479 Κρεῖσσον
713 5403 825 5474 γάρ
855 5403 974 5455 ἑστι
1002 5400 1262 5472 γαμεῖνῆ
1287 5398 1616 5472 πυροῦσθαι.
1663 5399 1789 5463 Τοῖς
1809 5395 1866 5453 δὲ

278 5496 633 5571 γεγαμηκόσι
691 5494 1083 5568 παραγγέλλω,
1123 5492 1233 5568 οὐκ
1273 5490 1407 5561 ἐγὼ,
1442 5491 1557 5545 ἀλλ’
1583 5493 1612 5546 ὁ
1635 5491 1864 5563 Κύριος,

277 5594 539 5661 γυναῖκα,
582 5586 777 5659 ἀνδρὸς
821 5586 914 5657 μὴ·
942 5583 1307 5658 χωρισθῆναι.
1346 5583 1474 5637 Ἐἀν
1511 5585 1569 5638 δὲ
1593 5582 1860 5656 χωρισθῇ,

279 5684 494 5753 μενέτω
536 5683 791 5752 ἄγαμος,
844 5679 879 5751 ἢ
933 5676 1013 5741 τῷ
1063 5677 1222 5747 ἀνδρὶ
1268 5677 1670 5748 καταλλαγήτω
1696 5694 1713 5710 ·
1769 5678 1867 5731 καὶ

1953 1826 2194 1897 quisque
2227 1839 2386 1880 suam
2427 1825 2540 1898 84
2582 1842 2809 1883 uxorem
2858 1830 3084 1894 habeat,
3110 1840 3164 1888 et
3192 1848 3537 1907 unaqumque

1955 1931 2118 1971 suum
2169 1916 2350 1971 virum
2394 1917 2615 1973 habeat.
2661 1917 2829 1974 Uxori
2867 1921 2950 1975 vir
3001 1923 3248 1979 debitum
3297 1928 3536 1983 reddat:

1955 2008 2218 2066 similiter
2249 2016 2433 2065 autem
2462 2018 2519 2064 et
2549 2025 2692 2066 uxor
2714 2012 2858 2069 viro.
2895 2013 3095 2071 Mulier
3148 2019 3236 2073 sui
3280 2023 3539 2092 corporis

1957 2110 2288 2174 potestatem
2322 2117 2433 2157 non
2457 2100 2644 2169 habet,
2683 2107 2779 2161 sed
2813 2105 2918 2161 vir.
2967 2106 3234 2166 Similiter
3266 2121 3451 2169 autem
3486 2123 3541 2168 et

1956 2195 2045 2250 vir
2074 2195 2162 2251 sui
2194 2194 2447 2266 corporis
2496 2202 2828 2266 potestatem
2881 2213 2992 2255 non
3041 2200 3223 2270 liabet,
3285 2205 3381 2260 sed
3415 2221 3541 2260 mu-

1957 2283 2081 2341 lier.
2111 2303 2130 2337 ι

2031 2379 2089 2434 Si
2114 2379 2341 2450 quidem
2371 2379 2426 2435 id
2467 2381 2615 2452 quod
2650 2383 2858 2439 bonum
2893 2384 3272 2457 eximiuzuque
3305 2394 3390 2444 est
3419 2403 3545 2458 per-

1959 2473 2234 2541 sequeris,
2287 2473 2491 2544 inquit,
2531 2475 2732 2531 melius
2779 2484 2865 2531 est
2897 2477 3179 2532 abstinere
3220 2493 3249 2533 a
3286 2479 3541 2535 muliere.

1964 2561 2062 2617 Sin
2118 2574 2301 2620 autem
2370 2565 2519 2636 quod
2568 2573 2748 2622 tutum
2807 2575 2914 2637 est,
2959 2577 3015 2624 et
3044 2570 3406 2626 imbecillitati
3438 2578 3546 2627 tuae

1961 2650 2171 2706 auxilio
2214 2650 2308 2718 sit,
2355 2653 2520 2711 nube.

2034 2743 2205 2801 Vens.
2233 2746 2288 2811 5,
2320 2745 2373 2802 6.
2416 2765 2435 2798 ι
2477 2746 2656 2804 Nolite
2683 2747 2946 2806 fraudare
2974 2751 3234 2819 invicem,
3268 2753 3375 2808 nisi
3403 2753 3546 2811 forte

1963 2852 2033 2929 ex
2064 2851 2348 2899 consensu
2377 2839 2445 2895 ad
2479 2849 2721 2912 tempus,
2754 2851 2817 2898 ut
2846 2846 3060 2901 vacetis
3094 2846 3332 2918 jejunio.
3364 2867 3382 2897 ι

2036 3016 2117 3074 Nc
2164 3019 2458 3075 continens
2511 3020 2586 3075 sit
2628 3021 2850 3090 mulier,
2904 3024 3107 3095 inquit,
3161 3025 3350 3082 invito
3399 3028 3545 3093 viro.

1963 3122 2144 3181 neque
2194 3111 2281 3167 vir
2307 3125 2488 3169 uxore
2533 3112 2778 3171 nolente.
2816 3115 3001 3183 Quare
3023 3132 3157 3173 vero
3196 3119 3385 3175 istud?
3420 3122 3550 3192 quia

1963 3203 2234 3274 ejusmodi
2291 3205 2636 3261 continentia
2677 3206 2926 3285 ingentia
2979 3211 3125 3264 mala
3156 3220 3548 3281 procreantur.

1965 3292 2179 3350 Exinde
2216 3294 2361 3349 enim
2405 3309 2788 3366 stepenumero
2830 3307 3036 3354 secutae
3066 3288 3212 3355 sunt
3256 3303 3553 3358 scortatio«

1965 3394 2067 3441 nes
2097 3393 2152 3442 et
2180 3386 2476 3453 adulteria,
2510 3398 2566 3444 et
2603 3389 3004 3448 subversiones
3040 3391 3358 3449 domorum.

2043 3581 2063 3615 ι
2105 3561 2173 3616 Ει
2226 3562 2469 3619 orationi
2520 3582 2533 3618 :
2586 3573 2644 3620 et
2678 3564 2876 3620 iterum
2931 3564 2989 3620 in
3023 3564 3283 3645 idipsum_
3305 3577 3552 3623 reverta-

1968 3655 2124 3723 mini,
2155 3671 2225 3712 ne
2258 3655 2612 3726 aggrediatur
2655 3665 2874 3713 tentare
2904 3672 3003 3715 vos
3050 3655 3287 3715 Satanas
3324 3668 3552 3730 propter

1966 3747 2435 3804 incontinentiam
2479 3755 2744 3805 vestram.
2794 3746 2911 3804 Hoc
2959 3759 3144 3805 autem
3193 3749 3322 3805 dico
3350 3745 3587 3807 secunk

1966 3843 2096 3896 dum
2128 3839 2548 3911 indulgentiam.
2589 3859 2608 3891 ι

2039 3931 2360 3988 Orationem
2400 3932 2555 3997 dicit,
2588 3947 2712 4003 quae
2749 3931 3059 3990 ferventior
3082 3936 3338 3991 exsistat.

2042 4131 2062 4165 ι
2098 4110 2222 4168 Non
2283 4111 2588 4167 secundum
2664 4112 2981 4183 imperium.
3048 4113 3243 4186 [Vr-zu.
3271 4114 3352 4187 7.]
3413 4114 3552 4172 Volo

1969 4213 2151 4261 autem
2190 4219 2386 4260 omnes
2408 4218 2534 4259 esse
2566 4202 2715 4258 sicut
2741 4205 3037 4275 meipsum.
3080 4225 3099 4257 ι

2039 4297 2404 4353 Continentes
2443 4296 2731 4352 nimirum.
2767 4296 2885 4351 Hoc
2930 4296 3119 4352 multis
3167 4296 3347 4354 modis
3397 4297 3551 4367 facit,

1888 4424 1945 4486 ι)
1967 4391 2307 4486 quandores
2331 4388 2583 4486 diliiciles
2609 4388 2826 4445 suadet.

2047 4502 2067 4537 ι
2106 4483 2215 4540 Sed
2264 4482 2659 4553 unusquisque
2697 4480 2984 4553 proprium
3030 4481 3236 4538 donum
3286 4482 3453 4538 habet
3481 4501 3550 4541 ex

1972 4578 2130 4635 Deo:
2162 4576 2309 4634 alius
2361 4576 2584 4648 quidem
2634 4575 2738 4641 sic,
2779 4575 2937 4632 alius-
2962 4590 3096 4632 vero
3145 4576 3255 4633 sic.
3282 4575 3418 4630 Dico
3448 4595 3551 4632 au-

1971 4677 2083 4726 tem
2111 4684 2224 4725 non
2264 4669 2454 4739 nuptis
2482 4666 2538 4723 e't
2575 4666 2784 4736 viduis,
2823 4666 3031 4723 bonum
3078 4676 3168 4722 est
3200 4667 3310 4723 illis
3351 4669 3397 4722 si
3428 4685 3554 4739 per-

1969 4771 2233 4820 maneant
2254 4762 2401 4820 sicut
2433 4770 2490 4818 et
2515 4775 2638 4832 ego.
2671 4779 2692 4813 ι

2039 4856 2181 4922 Quia
2239 4853 2478 4924 graviter
2536 4867 2634 4910 eos
2675 4852 3017 4909 insimulavit
3056 4853 3157 4908 hac
3203 4869 3360 4919 voce,
3424 4871 3551 4923 pro-

1966 4957 2084 5015 pter
2143 4946 2589 5001 incontinentiam
2635 4953 2909 5010 vestram;
2936 4959 3036 5001 eos
3064 4944 3266 5001 iterum
3313 4945 3549 5010 solatur,

1969 5042 2165 5096 dicens
2190 5054 2309 5104 eos,
2340 5054 2405 5093 ex
2442 5037 2555 5093 Deo
2586 5036 2786 5092 donum
2828 5036 3040 5094 habere.

2041 5127 2206 5183 Vens.
2235 5127 2291 5182 9.
2330 5144 2349 5178 ι
2392 5126 2550 5193 Quod
2580 5126 2766 5183 sinon
2806 5125 3116 5194 continent,
3158 5126 3389 5183 nubant.
3419 5114 3459 5177 ι’

2035 5220 2157 5276 Νοιι
2207 5221 2357 5293 cogit
2410 5234 2538 5277 eum
2587 5220 2683 5291 qui
2714 5219 3119 5277 continentiam
3159 5234 3271 5273 non
3313 5220 3547 5288 adeptus

1967 5315 2062 5379 sit,
2101 5313 2313 5370 veritus
2352 5327 2423 5368 ne
2452 5311 2710 5368 delictum
2748 5311 3094 5366 admittatur.

2046 5423 2065 5455 ι
2096 5401 2290 5459 Melius
2310 5410 2400 5460 est
2415 5402 2563 5459 enim
2586 5403 2794 5458 nubere
2813 5415 2981 5472 quam
3003 5402 3112 5456 uri.
3130 5399 3327 5474 Dicas.
3348 5397 3549 5471 10-12.]

1966 5495 2040 5551 lis
2066 5504 2250 5551 autem
2299 5494 2393 5566 qui
2443 5492 2804 5548 matrimonio
2847 5493 3029 5563 juncti
3083 5501 3213 5549 sunt
3263 5491 3548 5563 praecipio,

1969 5603 2079 5643 non
2109 5601 2233 5658 ego,
2268 5585 2365 5642 sed
2397 5585 2689 5650 Dominus,
2733 5601 2965 5642 uxorem
2993 5600 3023 5640 a
3057 5585 3181 5640 viro
3228 5599 3337 5640 non
3369 5583 3550 5639 disce—

1969 5678 2122 5734 dere.
2151 5678 2310 5744 Ωιιοὰ
2361 5678 2411 5734 si
2449 5678 2795 5735 discesserit.
2844 5691 3074 5738 manere
3104 5678 3421 5749 innuptam,
3456 5681 3550 5729 aut
