  <div class='ocr_page' id='page_1' title='image "/cluster/home/n/w/nwhite01/storage/ocr_20150623/95:no.2/coo.31924054869999/319.png"; bbox 0 0 3972 6396; ppageno 0'>
   <div class='ocr_carea' id='block_1_1' title="bbox 399 228 518 289">
    <p class='ocr_par' dir='ltr' id='par_1_1' title="bbox 399 228 518 289">
     <span class='ocr_line' id='line_1_1' title="bbox 399 228 518 289; baseline 0.017 -2"><span class='ocrx_word' id='word_1_1' title='bbox 399 228 518 289; x_wconf 66' lang='lat' dir='ltr'><strong>G123</strong></span> 
     </span>
    </p>
   </div>
   <div class='ocr_carea' id='block_1_2' title="bbox 1558 212 2484 286">
    <p class='ocr_par' dir='ltr' id='par_1_2' title="bbox 1558 212 2484 286">
     <span class='ocr_line' id='line_1_2' title="bbox 1558 212 2484 286; baseline -0.01 -3"><span class='ocrx_word' id='word_1_2' title='bbox 1558 225 1621 286; x_wconf 90' lang='lat' dir='ltr'><strong>S.</strong></span> <span class='ocrx_word' id='word_1_3' title='bbox 1660 219 1985 285; x_wconf 73' lang='lat' dir='ltr'><strong>JOANNIS</strong></span> <span class='ocrx_word' id='word_1_4' title='bbox 2045 212 2484 277; x_wconf 78' lang='lat' dir='ltr'><strong>DAMASCENI</strong></span> 
     </span>
    </p>
   </div>
   <div class='ocr_carea' id='block_1_3' title="bbox 3567 209 3674 265">
    <p class='ocr_par' dir='ltr' id='par_1_3' title="bbox 3567 209 3674 265">
     <span class='ocr_line' id='line_1_3' title="bbox 3567 209 3674 265; baseline -0.019 0"><span class='ocrx_word' id='word_1_5' title='bbox 3567 209 3674 265; x_wconf 61' lang='grc'><strong>624</strong></span> 
     </span>
    </p>
   </div>
   <div class='ocr_carea' id='block_1_4' title="bbox 399 296 1980 401">
    <p class='ocr_par' dir='ltr' id='par_1_4' title="bbox 399 329 1980 401">
     <span class='ocr_line' id='line_1_4' title="bbox 399 329 1980 401; baseline -0.009 0"><span class='ocrx_word' id='word_1_6' title='bbox 399 345 522 401; x_wconf 72' lang='lat' dir='ltr'><strong>viro</strong></span> <span class='ocrx_word' id='word_1_7' title='bbox 558 356 661 400; x_wconf 88' lang='lat' dir='ltr'><strong>suo</strong></span> <span class='ocrx_word' id='word_1_8' title='bbox 686 338 1036 396; x_wconf 83' lang='lat' dir='ltr'><strong>reconciliari</strong></span> <span class='ocrx_word' id='word_1_9' title='bbox 1065 355 1077 394; x_wconf 89' lang='lat'><strong>:</strong></span> <span class='ocrx_word' id='word_1_10' title='bbox 1115 344 1170 395; x_wconf 91' lang='lat' dir='ltr'><strong>et</strong></span> <span class='ocrx_word' id='word_1_11' title='bbox 1200 336 1382 394; x_wconf 85' lang='lat' dir='ltr'><strong>virum</strong></span> <span class='ocrx_word' id='word_1_12' title='bbox 1412 350 1642 392; x_wconf 80' lang='lat' dir='ltr'><strong>uxorem</strong></span> <span class='ocrx_word' id='word_1_13' title='bbox 1669 349 1782 390; x_wconf 93' lang='lat' dir='ltr'><strong>non</strong></span> <span class='ocrx_word' id='word_1_14' title='bbox 1822 329 1980 388; x_wconf 82' lang='lat' dir='ltr'><strong>dimit</strong></span> 
     </span>
    </p>
   </div>
   <div class='ocr_carea' id='block_1_5' title="bbox 2104 296 3672 401">
    <p class='ocr_par' dir='ltr' id='par_1_5' title="bbox 2104 315 3672 398">
     <span class='ocr_line' id='line_1_5' title="bbox 2104 315 3672 398; baseline -0.008 -19"><span class='ocrx_word' id='word_1_15' title='bbox 2104 326 2256 398; x_wconf 87' lang='grc' dir='ltr'>ἱνδρα</span> <span class='ocrx_word' id='word_1_16' title='bbox 2310 326 2546 396; x_wconf 85' lang='grc' dir='ltr'>γυναῖκα</span> <span class='ocrx_word' id='word_1_17' title='bbox 2581 321 2657 396; x_wconf 80' lang='grc' dir='ltr'>μὴ</span> <span class='ocrx_word' id='word_1_18' title='bbox 2693 322 2935 394; x_wconf 86' lang='grc' dir='ltr'>ἀφιέναι.</span> <span class='ocrx_word' id='word_1_19' title='bbox 2982 320 3104 386; x_wconf 86' lang='grc' dir='ltr'>Τοῖς</span> <span class='ocrx_word' id='word_1_20' title='bbox 3143 318 3200 375; x_wconf 80' lang='grc' dir='ltr'>δὲ</span> <span class='ocrx_word' id='word_1_21' title='bbox 3233 316 3440 381; x_wconf 81' lang='grc' dir='ltr'><strong>λοιποῖς</strong></span> <span class='ocrx_word' id='word_1_22' title='bbox 3494 315 3672 384; x_wconf 84' lang='grc' dir='ltr'>λέγω,</span> 
     </span>
    </p>
   </div>
   <div class='ocr_carea' id='block_1_6' title="bbox 401 424 1871 499">
    <p class='ocr_par' dir='ltr' id='par_1_6' title="bbox 401 424 1871 499">
     <span class='ocr_line' id='line_1_6' title="bbox 401 424 1871 499; baseline -0.008 -12"><span class='ocrx_word' id='word_1_23' title='bbox 401 442 538 487; x_wconf 86' lang='lat' dir='ltr'><strong>tere.</strong></span> <span class='ocrx_word' id='word_1_24' title='bbox 570 429 797 485; x_wconf 71' lang='lat' dir='ltr'><strong>Caeteris</strong></span> <span class='ocrx_word' id='word_1_25' title='bbox 832 436 1015 484; x_wconf 89' lang='lat' dir='ltr'><strong>autem</strong></span> <span class='ocrx_word' id='word_1_26' title='bbox 1055 442 1156 499; x_wconf 79' lang='lat' dir='ltr'><strong>ego</strong></span> <span class='ocrx_word' id='word_1_27' title='bbox 1187 426 1334 493; x_wconf 89' lang='lat' dir='ltr'><strong>dico,</strong></span> <span class='ocrx_word' id='word_1_28' title='bbox 1376 441 1488 481; x_wconf 92' lang='lat' dir='ltr'><strong>non</strong></span> <span class='ocrx_word' id='word_1_29' title='bbox 1523 424 1817 481; x_wconf 83' lang='lat' dir='ltr'><strong>Dominus.</strong></span> <span class='ocrx_word' id='word_1_30' title='bbox 1852 441 1871 475; x_wconf 74' lang='grc' dir='ltr'><strong>ι</strong></span> 
     </span>
    </p>
   </div>
   <div class='ocr_carea' id='block_1_7' title="bbox 473 514 1984 589">
    <p class='ocr_par' dir='ltr' id='par_1_7' title="bbox 473 514 1984 589">
     <span class='ocr_line' id='line_1_7' title="bbox 473 514 1984 589; baseline -0.006 -15"><span class='ocrx_word' id='word_1_31' title='bbox 473 520 656 574; x_wconf 80' lang='lat' dir='ltr'><strong>Palam</strong></span> <span class='ocrx_word' id='word_1_32' title='bbox 721 516 963 575; x_wconf 88' lang='lat' dir='ltr'><strong>ostendit</strong></span> <span class='ocrx_word' id='word_1_33' title='bbox 1018 525 1228 589; x_wconf 77' lang='lat' dir='ltr'><strong>quanta</strong></span> <span class='ocrx_word' id='word_1_34' title='bbox 1288 518 1361 575; x_wconf 91' lang='lat' dir='ltr'><strong>sit</strong></span> <span class='ocrx_word' id='word_1_35' title='bbox 1419 515 1670 572; x_wconf 81' lang='lat' dir='ltr'><strong>libidinis</strong></span> <span class='ocrx_word' id='word_1_36' title='bbox 1699 514 1787 569; x_wconf 92' lang='lat' dir='ltr'><strong>vis</strong></span> <span class='ocrx_word' id='word_1_37' title='bbox 1821 520 1875 567; x_wconf 93' lang='lat' dir='ltr'><strong>et</strong></span> <span class='ocrx_word' id='word_1_38' title='bbox 1900 521 1984 583; x_wconf 85' lang='lat' dir='ltr'><strong>ty-</strong></span> 
     </span>
    </p>
   </div>
   <div class='ocr_carea' id='block_1_8' title="bbox 405 600 1982 680">
    <p class='ocr_par' dir='ltr' id='par_1_8' title="bbox 405 600 1982 680">
     <span class='ocr_line' id='line_1_8' title="bbox 405 600 1982 680; baseline -0.007 -15"><span class='ocrx_word' id='word_1_39' title='bbox 405 612 614 666; x_wconf 87' lang='lat' dir='ltr'><strong>rannis.</strong></span> <span class='ocrx_word' id='word_1_40' title='bbox 664 611 799 680; x_wconf 79' lang='lat' dir='ltr'><strong>Eius</strong></span> <span class='ocrx_word' id='word_1_41' title='bbox 847 623 1015 680; x_wconf 88' lang='lat' dir='ltr'><strong>porro</strong></span> <span class='ocrx_word' id='word_1_42' title='bbox 1058 609 1358 665; x_wconf 82' lang='lat' dir='ltr'><strong>verborum</strong></span> <span class='ocrx_word' id='word_1_43' title='bbox 1410 607 1505 663; x_wconf 89' lang='lat' dir='ltr'><strong>hic</strong></span> <span class='ocrx_word' id='word_1_44' title='bbox 1539 621 1737 663; x_wconf 87' lang='lat' dir='ltr'><strong>sensus</strong></span> <span class='ocrx_word' id='word_1_45' title='bbox 1786 610 1892 658; x_wconf 87' lang='lat' dir='ltr'><strong>est.</strong></span> <span class='ocrx_word' id='word_1_46' title='bbox 1923 600 1982 655; x_wconf 80' lang='lat' dir='ltr'><strong>Si</strong></span> 
     </span>
    </p>
   </div>
   <div class='ocr_carea' id='block_1_9' title="bbox 404 692 1983 771">
    <p class='ocr_par' dir='ltr' id='par_1_9' title="bbox 404 692 1983 771">
     <span class='ocr_line' id='line_1_9' title="bbox 404 692 1983 771; baseline -0.008 -13"><span class='ocrx_word' id='word_1_47' title='bbox 404 706 509 759; x_wconf 75' lang='lat' dir='ltr'><strong>vim</strong></span> <span class='ocrx_word' id='word_1_48' title='bbox 545 702 776 757; x_wconf 87' lang='lat' dir='ltr'><strong>multam</strong></span> <span class='ocrx_word' id='word_1_49' title='bbox 812 708 868 757; x_wconf 89' lang='lat' dir='ltr'><strong>et</strong></span> <span class='ocrx_word' id='word_1_50' title='bbox 896 708 1093 757; x_wconf 82' lang='lat' dir='ltr'><strong>aestum</strong></span> <span class='ocrx_word' id='word_1_51' title='bbox 1143 701 1378 771; x_wconf 89' lang='lat' dir='ltr'><strong>pateris,</strong></span> <span class='ocrx_word' id='word_1_52' title='bbox 1418 697 1600 753; x_wconf 80' lang='lat' dir='ltr'><strong>exime</strong></span> <span class='ocrx_word' id='word_1_53' title='bbox 1632 702 1688 751; x_wconf 92' lang='lat' dir='ltr'><strong>te</strong></span> <span class='ocrx_word' id='word_1_54' title='bbox 1714 692 1983 750; x_wconf 90' lang='lat' dir='ltr'><strong>molestiis</strong></span> 
     </span>
    </p>
   </div>
   <div class='ocr_carea' id='block_1_10' title="bbox 398 786 1827 869">
    <p class='ocr_par' dir='ltr' id='par_1_10' title="bbox 398 786 1827 869">
     <span class='ocr_line' id='line_1_10' title="bbox 398 786 1827 869; baseline -0.008 -17"><span class='ocrx_word' id='word_1_55' title='bbox 398 807 452 852; x_wconf 83' lang='lat' dir='ltr'><strong>et</strong></span> <span class='ocrx_word' id='word_1_56' title='bbox 479 794 801 856; x_wconf 89' lang='lat' dir='ltr'><strong>sudoribus.</strong></span> <span class='ocrx_word' id='word_1_57' title='bbox 832 808 901 869; x_wconf 85' lang='lat' dir='ltr'><strong>ne</strong></span> <span class='ocrx_word' id='word_1_58' title='bbox 939 792 1162 848; x_wconf 88' lang='lat' dir='ltr'><strong>tandem</strong></span> <span class='ocrx_word' id='word_1_59' title='bbox 1208 790 1520 847; x_wconf 89' lang='lat' dir='ltr'><strong>deturberis</strong></span> <span class='ocrx_word' id='word_1_60' title='bbox 1550 797 1604 843; x_wconf 91' lang='lat' dir='ltr'><strong>ct</strong></span> <span class='ocrx_word' id='word_1_61' title='bbox 1635 786 1827 843; x_wconf 89' lang='lat' dir='ltr'><strong>cadas.</strong></span> 
     </span>
    </p>
   </div>
   <div class='ocr_carea' id='block_1_11' title="bbox 476 874 1984 956">
    <p class='ocr_par' dir='ltr' id='par_1_11' title="bbox 476 874 1984 956">
     <span class='ocr_line' id='line_1_11' title="bbox 476 874 1984 956; baseline -0.009 -16"><span class='ocrx_word' id='word_1_62' title='bbox 476 885 532 940; x_wconf 85' lang='lat' dir='ltr'><strong>Si</strong></span> <span class='ocrx_word' id='word_1_63' title='bbox 567 884 694 956; x_wconf 87' lang='lat' dir='ltr'><strong>quis</strong></span> <span class='ocrx_word' id='word_1_64' title='bbox 753 882 926 938; x_wconf 78' lang='lat' dir='ltr'><strong>frater</strong></span> <span class='ocrx_word' id='word_1_65' title='bbox 978 897 1205 938; x_wconf 80' lang='lat' dir='ltr'><strong>uxorem</strong></span> <span class='ocrx_word' id='word_1_66' title='bbox 1251 881 1416 936; x_wconf 89' lang='lat' dir='ltr'><strong>habet</strong></span> <span class='ocrx_word' id='word_1_67' title='bbox 1456 877 1756 941; x_wconf 88' lang='lat' dir='ltr'><strong>inﬁdelem,</strong></span> <span class='ocrx_word' id='word_1_68' title='bbox 1783 882 1839 931; x_wconf 92' lang='lat' dir='ltr'><strong>et</strong></span> <span class='ocrx_word' id='word_1_69' title='bbox 1868 874 1984 928; x_wconf 67' lang='lat' dir='ltr'><strong>haec</strong></span> 
     </span>
    </p>
   </div>
   <div class='ocr_carea' id='block_1_12' title="bbox 399 967 1982 1039">
    <p class='ocr_par' dir='ltr' id='par_1_12' title="bbox 399 967 1982 1039">
     <span class='ocr_line' id='line_1_12' title="bbox 399 967 1982 1039; baseline -0.008 -6"><span class='ocrx_word' id='word_1_70' title='bbox 399 978 677 1033; x_wconf 86' lang='lat' dir='ltr'><strong>consentit</strong></span> <span class='ocrx_word' id='word_1_71' title='bbox 744 976 999 1031; x_wconf 82' lang='lat' dir='ltr'><strong>habitare</strong></span> <span class='ocrx_word' id='word_1_72' title='bbox 1035 989 1163 1030; x_wconf 90' lang='lat' dir='ltr'><strong>cum</strong></span> <span class='ocrx_word' id='word_1_73' title='bbox 1216 974 1336 1039; x_wconf 90' lang='lat' dir='ltr'><strong>illo,</strong></span> <span class='ocrx_word' id='word_1_74' title='bbox 1385 988 1498 1028; x_wconf 90' lang='lat' dir='ltr'><strong>non</strong></span> <span class='ocrx_word' id='word_1_75' title='bbox 1525 970 1769 1027; x_wconf 84' lang='lat' dir='ltr'><strong>dimittat</strong></span> <span class='ocrx_word' id='word_1_76' title='bbox 1808 967 1982 1022; x_wconf 86' lang='lat' dir='ltr'><strong>illam.</strong></span> 
     </span>
    </p>
   </div>
   <div class='ocr_carea' id='block_1_13' title="bbox 400 1059 1982 1143">
    <p class='ocr_par' dir='ltr' id='par_1_13' title="bbox 400 1059 1982 1143">
     <span class='ocr_line' id='line_1_13' title="bbox 400 1059 1982 1143; baseline -0.007 -18"><span class='ocrx_word' id='word_1_77' title='bbox 400 1068 592 1143; x_wconf 65' lang='grc' dir='ltr'>[Ἲειιε.</span> <span class='ocrx_word' id='word_1_78' title='bbox 626 1066 748 1141; x_wconf 77' lang='lat'><strong>15.]</strong></span> <span class='ocrx_word' id='word_1_79' title='bbox 786 1070 852 1123; x_wconf 87' lang='lat' dir='ltr'><strong>Et</strong></span> <span class='ocrx_word' id='word_1_80' title='bbox 888 1069 935 1123; x_wconf 88' lang='lat' dir='ltr'><strong>si</strong></span> <span class='ocrx_word' id='word_1_81' title='bbox 976 1083 1085 1139; x_wconf 88' lang='lat' dir='ltr'><strong>qua</strong></span> <span class='ocrx_word' id='word_1_82' title='bbox 1136 1066 1337 1123; x_wconf 86' lang='lat' dir='ltr'><strong>mulier</strong></span> <span class='ocrx_word' id='word_1_83' title='bbox 1367 1065 1532 1120; x_wconf 84' lang='lat' dir='ltr'><strong>habet</strong></span> <span class='ocrx_word' id='word_1_84' title='bbox 1564 1064 1748 1119; x_wconf 90' lang='lat' dir='ltr'><strong>virum</strong></span> <span class='ocrx_word' id='word_1_85' title='bbox 1783 1059 1982 1115; x_wconf 88' lang='lat' dir='ltr'><strong>inﬁde-</strong></span> 
     </span>
    </p>
   </div>
   <div class='ocr_carea' id='block_1_14' title="bbox 399 1150 1985 1225">
    <p class='ocr_par' dir='ltr' id='par_1_14' title="bbox 399 1150 1985 1225">
     <span class='ocr_line' id='line_1_14' title="bbox 399 1150 1985 1225; baseline -0.007 -10"><span class='ocrx_word' id='word_1_86' title='bbox 399 1162 529 1225; x_wconf 83' lang='lat' dir='ltr'><strong>lem,</strong></span> <span class='ocrx_word' id='word_1_87' title='bbox 557 1168 610 1215; x_wconf 92' lang='lat' dir='ltr'><strong>et</strong></span> <span class='ocrx_word' id='word_1_88' title='bbox 644 1159 736 1213; x_wconf 89' lang='lat' dir='ltr'><strong>hic</strong></span> <span class='ocrx_word' id='word_1_89' title='bbox 771 1159 1056 1216; x_wconf 83' lang='lat' dir='ltr'><strong>consentit</strong></span> <span class='ocrx_word' id='word_1_90' title='bbox 1090 1158 1342 1216; x_wconf 84' lang='lat' dir='ltr'><strong>habitare</strong></span> <span class='ocrx_word' id='word_1_91' title='bbox 1401 1172 1527 1213; x_wconf 90' lang='lat' dir='ltr'><strong>cum</strong></span> <span class='ocrx_word' id='word_1_92' title='bbox 1586 1156 1702 1221; x_wconf 87' lang='lat' dir='ltr'><strong>illa,</strong></span> <span class='ocrx_word' id='word_1_93' title='bbox 1742 1168 1865 1209; x_wconf 75' lang='lat' dir='ltr'><strong>.non</strong></span> <span class='ocrx_word' id='word_1_94' title='bbox 1896 1150 1985 1206; x_wconf 87' lang='lat' dir='ltr'><strong>di-</strong></span> 
     </span>
    </p>
   </div>
   <div class='ocr_carea' id='block_1_15' title="bbox 400 1253 819 1307">
    <p class='ocr_par' dir='ltr' id='par_1_15' title="bbox 400 1253 819 1307">
     <span class='ocr_line' id='line_1_15' title="bbox 400 1253 819 1307; baseline -0.014 0"><span class='ocrx_word' id='word_1_95' title='bbox 400 1253 581 1307; x_wconf 83' lang='lat' dir='ltr'><strong>mittat</strong></span> <span class='ocrx_word' id='word_1_96' title='bbox 609 1266 759 1307; x_wconf 88' lang='lat' dir='ltr'><strong>eum.</strong></span> <span class='ocrx_word' id='word_1_97' title='bbox 793 1267 819 1301; x_wconf 71' lang='grc' dir='ltr'><strong>σο</strong></span> 
     </span>
    </p>
   </div>
   <div class='ocr_carea' id='block_1_16' title="bbox 471 1340 2043 1413">
    <p class='ocr_par' dir='ltr' id='par_1_16' title="bbox 471 1340 2043 1413">
     <span class='ocr_line' id='line_1_16' title="bbox 471 1340 2043 1413; baseline -0.006 -16"><span class='ocrx_word' id='word_1_98' title='bbox 471 1342 611 1399; x_wconf 80' lang='lat' dir='ltr'><strong>Eum</strong></span> <span class='ocrx_word' id='word_1_99' title='bbox 669 1342 764 1413; x_wconf 88' lang='lat' dir='ltr'><strong>qui</strong></span> <span class='ocrx_word' id='word_1_100' title='bbox 814 1341 1106 1399; x_wconf 87' lang='lat' dir='ltr'><strong>mulierem</strong></span> <span class='ocrx_word' id='word_1_101' title='bbox 1168 1349 1299 1398; x_wconf 85' lang='lat' dir='ltr'><strong>ante</strong></span> <span class='ocrx_word' id='word_1_102' title='bbox 1362 1340 1608 1406; x_wconf 75' lang='lat' dir='ltr'><strong>duxerit,</strong></span> <span class='ocrx_word' id='word_1_103' title='bbox 1642 1352 1806 1410; x_wconf 84' lang='lat' dir='ltr'><strong>quam</strong></span> <span class='ocrx_word' id='word_1_104' title='bbox 1854 1349 1981 1407; x_wconf 77' lang='lat' dir='ltr'><strong>gra-</strong></span> <span class='ocrx_word' id='word_1_105' title='bbox 2033 1358 2043 1369; x_wconf 91' lang='lat'><strong><em>-</em></strong></span> 
     </span>
    </p>
   </div>
   <div class='ocr_carea' id='block_1_17' title="bbox 397 1433 1984 1505">
    <p class='ocr_par' dir='ltr' id='par_1_17' title="bbox 397 1433 1984 1505">
     <span class='ocr_line' id='line_1_17' title="bbox 397 1433 1984 1505; baseline -0.006 -15"><span class='ocrx_word' id='word_1_106' title='bbox 397 1434 531 1491; x_wconf 87' lang='lat' dir='ltr'><strong>tiam</strong></span> <span class='ocrx_word' id='word_1_107' title='bbox 581 1441 922 1490; x_wconf 82' lang='lat' dir='ltr'><strong>consecutus</strong></span> <span class='ocrx_word' id='word_1_108' title='bbox 972 1433 1065 1501; x_wconf 88' lang='lat' dir='ltr'><strong>sit,</strong></span> <span class='ocrx_word' id='word_1_109' title='bbox 1124 1449 1235 1489; x_wconf 88' lang='lat' dir='ltr'><strong>non</strong></span> <span class='ocrx_word' id='word_1_110' title='bbox 1273 1433 1541 1505; x_wconf 77' lang='lat' dir='ltr'><strong>praecipit,</strong></span> <span class='ocrx_word' id='word_1_111' title='bbox 1572 1437 1828 1501; x_wconf 87' lang='lat' dir='ltr'><strong>suscepta</strong></span> <span class='ocrx_word' id='word_1_112' title='bbox 1859 1442 1984 1499; x_wconf 78' lang='lat' dir='ltr'><strong>gra-</strong></span> 
     </span>
    </p>
   </div>
   <div class='ocr_carea' id='block_1_18' title="bbox 398 1521 1981 1594">
    <p class='ocr_par' dir='ltr' id='par_1_18' title="bbox 398 1521 1981 1594">
     <span class='ocr_line' id='line_1_18' title="bbox 398 1521 1981 1594; baseline -0.004 -13"><span class='ocrx_word' id='word_1_113' title='bbox 398 1528 497 1591; x_wconf 90' lang='lat' dir='ltr'><strong>tia,</strong></span> <span class='ocrx_word' id='word_1_114' title='bbox 545 1525 829 1581; x_wconf 86' lang='lat' dir='ltr'><strong>dimittere</strong></span> <span class='ocrx_word' id='word_1_115' title='bbox 883 1539 1151 1581; x_wconf 78' lang='lat' dir='ltr'><strong>uxorem:</strong></span> <span class='ocrx_word' id='word_1_116' title='bbox 1206 1525 1305 1580; x_wconf 89' lang='lat' dir='ltr'><strong>scd</strong></span> <span class='ocrx_word' id='word_1_117' title='bbox 1356 1540 1483 1580; x_wconf 86' lang='lat' dir='ltr'><strong>eum</strong></span> <span class='ocrx_word' id='word_1_118' title='bbox 1524 1524 1618 1594; x_wconf 90' lang='lat' dir='ltr'><strong>qui</strong></span> <span class='ocrx_word' id='word_1_119' title='bbox 1661 1521 1981 1593; x_wconf 78' lang='lat' dir='ltr'><strong>gratiajam</strong></span> 
     </span>
    </p>
   </div>
   <div class='ocr_carea' id='block_1_19' title="bbox 397 1615 1674 1688">
    <p class='ocr_par' dir='ltr' id='par_1_19' title="bbox 397 1615 1674 1688">
     <span class='ocr_line' id='line_1_19' title="bbox 397 1615 1674 1688; baseline -0.004 -15"><span class='ocrx_word' id='word_1_120' title='bbox 397 1628 627 1673; x_wconf 89' lang='lat' dir='ltr'><strong>ornatus</strong></span> <span class='ocrx_word' id='word_1_121' title='bbox 647 1624 754 1685; x_wconf 89' lang='lat' dir='ltr'><strong>est,</strong></span> <span class='ocrx_word' id='word_1_122' title='bbox 788 1616 1044 1688; x_wconf 86' lang='lat' dir='ltr'><strong>prohibet</strong></span> <span class='ocrx_word' id='word_1_123' title='bbox 1072 1631 1140 1672; x_wconf 90' lang='lat' dir='ltr'><strong>ne</strong></span> <span class='ocrx_word' id='word_1_124' title='bbox 1167 1615 1444 1672; x_wconf 89' lang='lat' dir='ltr'><strong>inﬁdelem</strong></span> <span class='ocrx_word' id='word_1_125' title='bbox 1480 1615 1674 1671; x_wconf 91' lang='lat' dir='ltr'><strong>ducat.</strong></span> 
     </span>
    </p>
   </div>
   <div class='ocr_carea' id='block_1_20' title="bbox 474 1684 2062 1765">
    <p class='ocr_par' dir='ltr' id='par_1_20' title="bbox 474 1684 2062 1765">
     <span class='ocr_line' id='line_1_20' title="bbox 474 1684 2062 1765; baseline -0.004 -2"><span class='ocrx_word' id='word_1_126' title='bbox 474 1708 636 1763; x_wconf 71' lang='lat' dir='ltr'><strong>Vens.</strong></span> <span class='ocrx_word' id='word_1_127' title='bbox 673 1708 762 1764; x_wconf 74' lang='lat' dir='ltr'><strong>M.</strong></span> <span class='ocrx_word' id='word_1_128' title='bbox 790 1684 837 1760; x_wconf 53' lang='grc' dir='ltr'>-ι</span> <span class='ocrx_word' id='word_1_129' title='bbox 875 1707 1270 1764; x_wconf 86' lang='lat' dir='ltr'><strong>Sanctiﬁcatus</strong></span> <span class='ocrx_word' id='word_1_130' title='bbox 1311 1716 1398 1765; x_wconf 93' lang='lat' dir='ltr'><strong>est</strong></span> <span class='ocrx_word' id='word_1_131' title='bbox 1429 1708 1579 1764; x_wconf 91' lang='lat' dir='ltr'><strong>enim</strong></span> <span class='ocrx_word' id='word_1_132' title='bbox 1624 1708 1708 1762; x_wconf 88' lang='lat' dir='ltr'><strong>vir</strong></span> <span class='ocrx_word' id='word_1_133' title='bbox 1741 1702 1987 1760; x_wconf 87' lang='lat' dir='ltr'><strong>inﬁdelis</strong></span> <span class='ocrx_word' id='word_1_134' title='bbox 2018 1684 2062 1740; x_wconf 74' lang='grc' dir='ltr'><strong>Β</strong></span> 
     </span>
    </p>
   </div>
   <div class='ocr_carea' id='block_1_21' title="bbox 394 1795 1988 1869">
    <p class='ocr_par' dir='ltr' id='par_1_21' title="bbox 394 1795 1988 1869">
     <span class='ocr_line' id='line_1_21' title="bbox 394 1795 1988 1869; baseline -0.006 -15"><span class='ocrx_word' id='word_1_135' title='bbox 394 1815 493 1869; x_wconf 86' lang='lat' dir='ltr'><strong>per</strong></span> <span class='ocrx_word' id='word_1_136' title='bbox 522 1797 808 1853; x_wconf 85' lang='lat' dir='ltr'><strong>mulierem</strong></span> <span class='ocrx_word' id='word_1_137' title='bbox 837 1796 1075 1865; x_wconf 88' lang='lat' dir='ltr'><strong>ﬁdelem,</strong></span> <span class='ocrx_word' id='word_1_138' title='bbox 1110 1806 1165 1853; x_wconf 88' lang='lat' dir='ltr'><strong>ct</strong></span> <span class='ocrx_word' id='word_1_139' title='bbox 1191 1798 1540 1855; x_wconf 89' lang='lat' dir='ltr'><strong>sanctiﬁcata</strong></span> <span class='ocrx_word' id='word_1_140' title='bbox 1561 1805 1647 1853; x_wconf 80' lang='lat' dir='ltr'><strong>est</strong></span> <span class='ocrx_word' id='word_1_141' title='bbox 1681 1796 1882 1851; x_wconf 88' lang='lat' dir='ltr'><strong>mulier</strong></span> <span class='ocrx_word' id='word_1_142' title='bbox 1901 1795 1988 1847; x_wconf 89' lang='lat' dir='ltr'><strong>in-</strong></span> 
     </span>
    </p>
   </div>
   <div class='ocr_carea' id='block_1_22' title="bbox 398 1888 1983 1962">
    <p class='ocr_par' dir='ltr' id='par_1_22' title="bbox 398 1888 1983 1962">
     <span class='ocr_line' id='line_1_22' title="bbox 398 1888 1983 1962; baseline -0.004 -16"><span class='ocrx_word' id='word_1_143' title='bbox 398 1891 574 1948; x_wconf 88' lang='lat' dir='ltr'><strong>ﬁdelis</strong></span> <span class='ocrx_word' id='word_1_144' title='bbox 619 1904 718 1962; x_wconf 87' lang='lat' dir='ltr'><strong>per</strong></span> <span class='ocrx_word' id='word_1_145' title='bbox 765 1890 994 1945; x_wconf 86' lang='lat' dir='ltr'><strong>virum:</strong></span> <span class='ocrx_word' id='word_1_146' title='bbox 1043 1890 1253 1962; x_wconf 89' lang='lat' dir='ltr'><strong>alioqui</strong></span> <span class='ocrx_word' id='word_1_147' title='bbox 1295 1890 1395 1946; x_wconf 92' lang='lat' dir='ltr'><strong>ﬁlii</strong></span> <span class='ocrx_word' id='word_1_148' title='bbox 1443 1888 1718 1945; x_wconf 88' lang='lat' dir='ltr'><strong>immundi</strong></span> <span class='ocrx_word' id='word_1_149' title='bbox 1748 1892 1983 1943; x_wconf 83' lang='lat' dir='ltr'><strong>essent:</strong></span> 
     </span>
    </p>
   </div>
   <div class='ocr_carea' id='block_1_23' title="bbox 396 1982 1224 2039">
    <p class='ocr_par' dir='ltr' id='par_1_23' title="bbox 396 1982 1224 2039">
     <span class='ocr_line' id='line_1_23' title="bbox 396 1982 1224 2039; baseline -0.004 -1"><span class='ocrx_word' id='word_1_150' title='bbox 396 1998 551 2039; x_wconf 89' lang='lat' dir='ltr'><strong>nunc</strong></span> <span class='ocrx_word' id='word_1_151' title='bbox 587 1989 771 2038; x_wconf 88' lang='lat' dir='ltr'><strong>autem</strong></span> <span class='ocrx_word' id='word_1_152' title='bbox 799 1982 983 2038; x_wconf 87' lang='lat' dir='ltr'><strong>sancti</strong></span> <span class='ocrx_word' id='word_1_153' title='bbox 1012 1992 1161 2038; x_wconf 84' lang='lat' dir='ltr'><strong>sunt.</strong></span> <span class='ocrx_word' id='word_1_154' title='bbox 1205 2001 1224 2035; x_wconf 72' lang='grc' dir='ltr'>ι</span> 
     </span>
    </p>
   </div>
   <div class='ocr_carea' id='block_1_24' title="bbox 473 2072 1989 2142">
    <p class='ocr_par' dir='ltr' id='par_1_24' title="bbox 473 2072 1989 2142">
     <span class='ocr_line' id='line_1_24' title="bbox 473 2072 1989 2142; baseline -0.001 -14"><span class='ocrx_word' id='word_1_155' title='bbox 473 2073 587 2130; x_wconf 81' lang='lat' dir='ltr'><strong>Hoc</strong></span> <span class='ocrx_word' id='word_1_156' title='bbox 610 2075 712 2140; x_wconf 87' lang='lat' dir='ltr'><strong>ait,</strong></span> <span class='ocrx_word' id='word_1_157' title='bbox 772 2089 843 2130; x_wconf 91' lang='lat' dir='ltr'><strong>ne</strong></span> <span class='ocrx_word' id='word_1_158' title='bbox 903 2075 1099 2132; x_wconf 88' lang='lat' dir='ltr'><strong>timeat</strong></span> <span class='ocrx_word' id='word_1_159' title='bbox 1139 2091 1303 2142; x_wconf 76' lang='lat' dir='ltr'><strong>uxor,</strong></span> <span class='ocrx_word' id='word_1_160' title='bbox 1329 2091 1395 2132; x_wconf 89' lang='lat' dir='ltr'><strong>ac</strong></span> <span class='ocrx_word' id='word_1_161' title='bbox 1435 2076 1485 2132; x_wconf 91' lang='lat' dir='ltr'><strong>si</strong></span> <span class='ocrx_word' id='word_1_162' title='bbox 1526 2074 1816 2132; x_wconf 91' lang='lat' dir='ltr'><strong>immunda</strong></span> <span class='ocrx_word' id='word_1_163' title='bbox 1848 2072 1989 2128; x_wconf 89' lang='lat' dir='ltr'><strong>foret</strong></span> 
     </span>
    </p>
   </div>
   <div class='ocr_carea' id='block_1_25' title="bbox 396 2166 1987 2238">
    <p class='ocr_par' dir='ltr' id='par_1_25' title="bbox 396 2166 1987 2238">
     <span class='ocr_line' id='line_1_25' title="bbox 396 2166 1987 2238; baseline -0.002 -17"><span class='ocrx_word' id='word_1_164' title='bbox 396 2175 624 2238; x_wconf 85' lang='lat' dir='ltr'><strong>propter</strong></span> <span class='ocrx_word' id='word_1_165' title='bbox 641 2166 926 2237; x_wconf 81' lang='lat' dir='ltr'><strong>ejusmodi</strong></span> <span class='ocrx_word' id='word_1_166' title='bbox 973 2167 1203 2223; x_wconf 87' lang='lat' dir='ltr'><strong>coitum.</strong></span> <span class='ocrx_word' id='word_1_167' title='bbox 1249 2167 1348 2225; x_wconf 87' lang='lat' dir='ltr'><strong>Est</strong></span> <span class='ocrx_word' id='word_1_168' title='bbox 1373 2168 1523 2225; x_wconf 91' lang='lat' dir='ltr'><strong>enim</strong></span> <span class='ocrx_word' id='word_1_169' title='bbox 1549 2181 1677 2223; x_wconf 90' lang='lat' dir='ltr'><strong>cum</strong></span> <span class='ocrx_word' id='word_1_170' title='bbox 1711 2166 1832 2220; x_wconf 86' lang='lat' dir='ltr'><strong>viro</strong></span> <span class='ocrx_word' id='word_1_171' title='bbox 1859 2176 1987 2219; x_wconf 85' lang='lat' dir='ltr'><strong>cor-</strong></span> 
     </span>
    </p>
   </div>
   <div class='ocr_carea' id='block_1_26' title="bbox 398 2253 1983 2327">
    <p class='ocr_par' dir='ltr' id='par_1_26' title="bbox 398 2253 1983 2327">
     <span class='ocr_line' id='line_1_26' title="bbox 398 2253 1983 2327; baseline -0.002 -16"><span class='ocrx_word' id='word_1_172' title='bbox 398 2273 502 2327; x_wconf 89' lang='lat' dir='ltr'><strong>pus</strong></span> <span class='ocrx_word' id='word_1_173' title='bbox 529 2255 641 2327; x_wconf 79' lang='lat'><strong>85</strong></span> <span class='ocrx_word' id='word_1_174' title='bbox 674 2270 847 2310; x_wconf 90' lang='lat' dir='ltr'><strong>unum</strong></span> <span class='ocrx_word' id='word_1_175' title='bbox 877 2273 892 2324; x_wconf 89' lang='lat'><strong>;</strong></span> <span class='ocrx_word' id='word_1_176' title='bbox 945 2256 1097 2327; x_wconf 91' lang='lat' dir='ltr'><strong>quod</strong></span> <span class='ocrx_word' id='word_1_177' title='bbox 1141 2265 1327 2314; x_wconf 89' lang='lat' dir='ltr'><strong>tamen</strong></span> <span class='ocrx_word' id='word_1_178' title='bbox 1360 2257 1710 2314; x_wconf 90' lang='lat' dir='ltr'><strong>immundum</strong></span> <span class='ocrx_word' id='word_1_179' title='bbox 1750 2270 1862 2312; x_wconf 87' lang='lat' dir='ltr'><strong>non</strong></span> <span class='ocrx_word' id='word_1_180' title='bbox 1902 2253 1983 2309; x_wconf 91' lang='lat' dir='ltr'><strong>ﬁt.</strong></span> 
     </span>
    </p>
   </div>
   <div class='ocr_carea' id='block_1_27' title="bbox 401 2345 1982 2414">
    <p class='ocr_par' dir='ltr' id='par_1_27' title="bbox 401 2345 1982 2414">
     <span class='ocr_line' id='line_1_27' title="bbox 401 2345 1982 2414; baseline 0.003 -16"><span class='ocrx_word' id='word_1_181' title='bbox 401 2345 588 2401; x_wconf 71' lang='lat' dir='ltr'><strong>Vincit</strong></span> <span class='ocrx_word' id='word_1_182' title='bbox 622 2345 773 2401; x_wconf 87' lang='lat' dir='ltr'><strong>enim</strong></span> <span class='ocrx_word' id='word_1_183' title='bbox 815 2348 1006 2404; x_wconf 81' lang='lat' dir='ltr'><strong>uxoris</strong></span> <span class='ocrx_word' id='word_1_184' title='bbox 1068 2348 1342 2405; x_wconf 85' lang='lat' dir='ltr'><strong>munditia</strong></span> <span class='ocrx_word' id='word_1_185' title='bbox 1387 2349 1800 2406; x_wconf 82' lang='lat' dir='ltr'><strong>immunditiam</strong></span> <span class='ocrx_word' id='word_1_186' title='bbox 1854 2348 1982 2414; x_wconf 90' lang='lat' dir='ltr'><strong>viri,</strong></span> 
     </span>
    </p>
   </div>
   <div class='ocr_carea' id='block_1_28' title="bbox 396 2420 1983 2496">
    <p class='ocr_par' dir='ltr' id='par_1_28' title="bbox 396 2420 1983 2496">
     <span class='ocr_line' id='line_1_28' title="bbox 396 2420 1983 2496; baseline 0 -3"><span class='ocrx_word' id='word_1_187' title='bbox 396 2444 453 2493; x_wconf 88' lang='lat' dir='ltr'><strong>et</strong></span> <span class='ocrx_word' id='word_1_188' title='bbox 481 2436 721 2494; x_wconf 85' lang='lat' dir='ltr'><strong>inﬁdelis</strong></span> <span class='ocrx_word' id='word_1_189' title='bbox 790 2436 1040 2495; x_wconf 88' lang='lat' dir='ltr'><strong>mulieris</strong></span> <span class='ocrx_word' id='word_1_190' title='bbox 1099 2420 1508 2495; x_wconf 75' lang='lat' dir='ltr'><strong>immunditiam</strong></span> <span class='ocrx_word' id='word_1_191' title='bbox 1542 2438 1817 2496; x_wconf 88' lang='lat' dir='ltr'><strong>munditia</strong></span> <span class='ocrx_word' id='word_1_192' title='bbox 1874 2437 1983 2494; x_wconf 85' lang='lat' dir='ltr'><strong>viri</strong></span> 
     </span>
    </p>
   </div>
   <div class='ocr_carea' id='block_1_29' title="bbox 396 2536 645 2600">
    <p class='ocr_par' dir='ltr' id='par_1_29' title="bbox 396 2536 645 2600">
     <span class='ocr_line' id='line_1_29' title="bbox 396 2536 645 2600; baseline 0 -15"><span class='ocrx_word' id='word_1_193' title='bbox 396 2536 645 2600; x_wconf 82' lang='lat' dir='ltr'><strong>superat.</strong></span> 
     </span>
    </p>
   </div>
   <div class='ocr_carea' id='block_1_30' title="bbox 468 2620 1979 2691">
    <p class='ocr_par' dir='ltr' id='par_1_30' title="bbox 468 2620 1979 2691">
     <span class='ocr_line' id='line_1_30' title="bbox 468 2620 1979 2691; baseline 0.001 -16"><span class='ocrx_word' id='word_1_194' title='bbox 468 2621 637 2677; x_wconf 71' lang='lat' dir='ltr'><strong>Vens.</strong></span> <span class='ocrx_word' id='word_1_195' title='bbox 670 2621 760 2677; x_wconf 70' lang='lat'><strong>15.</strong></span> <span class='ocrx_word' id='word_1_196' title='bbox 809 2640 828 2675; x_wconf 82' lang='grc' dir='ltr'><strong>ι</strong></span> <span class='ocrx_word' id='word_1_197' title='bbox 867 2620 1024 2689; x_wconf 84' lang='lat' dir='ltr'><strong>Quod</strong></span> <span class='ocrx_word' id='word_1_198' title='bbox 1057 2622 1105 2680; x_wconf 87' lang='lat' dir='ltr'><strong>si</strong></span> <span class='ocrx_word' id='word_1_199' title='bbox 1131 2622 1373 2681; x_wconf 91' lang='lat' dir='ltr'><strong>inﬁdelis</strong></span> <span class='ocrx_word' id='word_1_200' title='bbox 1405 2623 1665 2691; x_wconf 84' lang='lat' dir='ltr'><strong>discedit,</strong></span> <span class='ocrx_word' id='word_1_201' title='bbox 1707 2621 1979 2680; x_wconf 89' lang='lat' dir='ltr'><strong>discedat.</strong></span> 
     </span>
    </p>
   </div>
   <div class='ocr_carea' id='block_1_31' title="bbox 391 2713 1981 2787">
    <p class='ocr_par' dir='ltr' id='par_1_31' title="bbox 391 2713 1981 2787">
     <span class='ocr_line' id='line_1_31' title="bbox 391 2713 1981 2787; baseline 0.001 -19"><span class='ocrx_word' id='word_1_202' title='bbox 391 2714 512 2768; x_wconf 83' lang='lat' dir='ltr'><strong>Non</strong></span> <span class='ocrx_word' id='word_1_203' title='bbox 540 2714 796 2770; x_wconf 75' lang='lat' dir='ltr'><strong>servituti</strong></span> <span class='ocrx_word' id='word_1_204' title='bbox 848 2713 1138 2787; x_wconf 81' lang='lat' dir='ltr'><strong>subjectus</strong></span> <span class='ocrx_word' id='word_1_205' title='bbox 1187 2724 1277 2775; x_wconf 89' lang='lat' dir='ltr'><strong>est</strong></span> <span class='ocrx_word' id='word_1_206' title='bbox 1328 2715 1533 2785; x_wconf 74' lang='lat' dir='ltr'><strong>frater,</strong></span> <span class='ocrx_word' id='word_1_207' title='bbox 1582 2726 1680 2773; x_wconf 87' lang='lat' dir='ltr'><strong>aut</strong></span> <span class='ocrx_word' id='word_1_208' title='bbox 1731 2729 1895 2772; x_wconf 88' lang='lat' dir='ltr'><strong>soror</strong></span> <span class='ocrx_word' id='word_1_209' title='bbox 1924 2713 1981 2770; x_wconf 88' lang='lat' dir='ltr'><strong>in</strong></span> 
     </span>
    </p>
   </div>
   <div class='ocr_carea' id='block_1_32' title="bbox 393 2807 795 2878">
    <p class='ocr_par' dir='ltr' id='par_1_32' title="bbox 393 2807 795 2878">
     <span class='ocr_line' id='line_1_32' title="bbox 393 2807 795 2878; baseline 0 -17"><span class='ocrx_word' id='word_1_210' title='bbox 393 2807 734 2878; x_wconf 81' lang='lat' dir='ltr'><strong>ltujttsmodi.</strong></span> <span class='ocrx_word' id='word_1_211' title='bbox 772 2825 795 2861; x_wconf 72' lang='grc' dir='ltr'><strong>ι</strong></span> 
     </span>
    </p>
   </div>
   <div class='ocr_carea' id='block_1_33' title="bbox 460 2864 1982 2974">
    <p class='ocr_par' dir='ltr' id='par_1_33' title="bbox 460 2864 1982 2974">
     <span class='ocr_line' id='line_1_33' title="bbox 460 2864 1982 2974; baseline 0.001 -20"><span class='ocrx_word' id='word_1_212' title='bbox 460 2864 757 2967; x_wconf 61' lang='grc' dir='ltr'>ίτίάειίεει,</span> <span class='ocrx_word' id='word_1_213' title='bbox 806 2901 855 2957; x_wconf 88' lang='lat' dir='ltr'><strong>si</strong></span> <span class='ocrx_word' id='word_1_214' title='bbox 910 2909 1138 2974; x_wconf 90' lang='lat' dir='ltr'><strong>propter</strong></span> <span class='ocrx_word' id='word_1_215' title='bbox 1170 2901 1494 2973; x_wconf 79' lang='lat' dir='ltr'><strong>conjugium</strong></span> <span class='ocrx_word' id='word_1_216' title='bbox 1526 2901 1681 2973; x_wconf 85' lang='lat' dir='ltr'><strong>jubet</strong></span> <span class='ocrx_word' id='word_1_217' title='bbox 1713 2909 1768 2958; x_wconf 88' lang='lat' dir='ltr'><strong>te</strong></span> <span class='ocrx_word' id='word_1_218' title='bbox 1803 2864 1982 2958; x_wconf 67' lang='lat' dir='ltr'><strong>sacri!</strong></span> 
     </span>
    </p>
   </div>
   <div class='ocr_carea' id='block_1_34' title="bbox 392 2990 2051 3084">
    <p class='ocr_par' dir='ltr' id='par_1_34' title="bbox 392 2990 2051 3084">
     <span class='ocr_line' id='line_1_34' title="bbox 392 2990 2051 3084; baseline 0.002 -40"><span class='ocrx_word' id='word_1_219' title='bbox 392 2990 558 3047; x_wconf 86' lang='lat' dir='ltr'><strong>ﬁcare</strong></span> <span class='ocrx_word' id='word_1_220' title='bbox 583 2990 860 3048; x_wconf 86' lang='lat' dir='ltr'><strong>sociamve</strong></span> <span class='ocrx_word' id='word_1_221' title='bbox 876 2990 1185 3064; x_wconf 74' lang='lat' dir='ltr'><strong>impietatis</strong></span> <span class='ocrx_word' id='word_1_222' title='bbox 1197 2992 1340 3058; x_wconf 88' lang='lat' dir='ltr'><strong>ﬁeri,</strong></span> <span class='ocrx_word' id='word_1_223' title='bbox 1362 3000 1459 3048; x_wconf 92' lang='lat' dir='ltr'><strong>aut</strong></span> <span class='ocrx_word' id='word_1_224' title='bbox 1481 2991 1981 3056; x_wconf 87' lang='lat' dir='ltr'><strong>discedere,satius</strong></span> <span class='ocrx_word' id='word_1_225' title='bbox 2006 3023 2051 3084; x_wconf 63' lang='grc' dir='ltr'>α</span> 
     </span>
    </p>
   </div>
   <div class='ocr_carea' id='block_1_35' title="bbox 389 3081 1974 3168">
    <p class='ocr_par' dir='ltr' id='par_1_35' title="bbox 389 3081 1974 3168">
     <span class='ocr_line' id='line_1_35' title="bbox 389 3081 1974 3168; baseline 0.001 -30"><span class='ocrx_word' id='word_1_226' title='bbox 389 3091 501 3152; x_wconf 84' lang='lat' dir='ltr'><strong>est,</strong></span> <span class='ocrx_word' id='word_1_227' title='bbox 533 3089 595 3137; x_wconf 91' lang='lat' dir='ltr'><strong>ut</strong></span> <span class='ocrx_word' id='word_1_228' title='bbox 620 3081 923 3140; x_wconf 84' lang='lat' dir='ltr'><strong>divortium</strong></span> <span class='ocrx_word' id='word_1_229' title='bbox 949 3085 1125 3142; x_wconf 82' lang='lat' dir='ltr'><strong>facias</strong></span> <span class='ocrx_word' id='word_1_230' title='bbox 1156 3084 1974 3168; x_wconf 20' lang='lat' dir='ltr'><strong>nuptiarum,Aquampietatis.</strong></span> 
     </span>
    </p>
   </div>
   <div class='ocr_carea' id='block_1_36' title="bbox 467 3262 1613 3333">
    <p class='ocr_par' dir='ltr' id='par_1_36' title="bbox 467 3262 1613 3333">
     <span class='ocr_line' id='line_1_36' title="bbox 467 3262 1613 3333; baseline 0.006 -19"><span class='ocrx_word' id='word_1_231' title='bbox 467 3279 489 3314; x_wconf 77' lang='grc' dir='ltr'><strong>ι</strong></span> <span class='ocrx_word' id='word_1_232' title='bbox 522 3262 583 3316; x_wconf 83' lang='lat' dir='ltr'><strong>In</strong></span> <span class='ocrx_word' id='word_1_233' title='bbox 608 3276 747 3333; x_wconf 86' lang='lat' dir='ltr'><strong>pace</strong></span> <span class='ocrx_word' id='word_1_234' title='bbox 768 3270 958 3321; x_wconf 86' lang='lat' dir='ltr'><strong>autem</strong></span> <span class='ocrx_word' id='word_1_235' title='bbox 989 3270 1208 3324; x_wconf 84' lang='lat' dir='ltr'><strong>vocavit</strong></span> <span class='ocrx_word' id='word_1_236' title='bbox 1248 3283 1348 3325; x_wconf 88' lang='lat' dir='ltr'><strong>vos</strong></span> <span class='ocrx_word' id='word_1_237' title='bbox 1390 3268 1557 3325; x_wconf 84' lang='lat' dir='ltr'><strong>Deus.</strong></span> <span class='ocrx_word' id='word_1_238' title='bbox 1594 3287 1613 3321; x_wconf 75' lang='grc' dir='ltr'><strong>ι</strong></span> 
     </span>
    </p>
   </div>
   <div class='ocr_carea' id='block_1_37' title="bbox 467 3351 1972 3430">
    <p class='ocr_par' dir='ltr' id='par_1_37' title="bbox 467 3351 1972 3430">
     <span class='ocr_line' id='line_1_37' title="bbox 467 3351 1972 3430; baseline 0.005 -25"><span class='ocrx_word' id='word_1_239' title='bbox 467 3351 582 3408; x_wconf 93' lang='lat' dir='ltr'><strong>lloc</strong></span> <span class='ocrx_word' id='word_1_240' title='bbox 608 3354 708 3422; x_wconf 89' lang='lat' dir='ltr'><strong>ait,</strong></span> <span class='ocrx_word' id='word_1_241' title='bbox 745 3371 817 3413; x_wconf 90' lang='lat' dir='ltr'><strong>ne</strong></span> <span class='ocrx_word' id='word_1_242' title='bbox 846 3358 1093 3429; x_wconf 87' lang='lat' dir='ltr'><strong>quotidie</strong></span> <span class='ocrx_word' id='word_1_243' title='bbox 1123 3361 1193 3418; x_wconf 87' lang='lat' dir='ltr'><strong>de</strong></span> <span class='ocrx_word' id='word_1_244' title='bbox 1230 3375 1296 3418; x_wconf 89' lang='lat' dir='ltr'><strong>ea</strong></span> <span class='ocrx_word' id='word_1_245' title='bbox 1336 3375 1398 3417; x_wconf 87' lang='lat' dir='ltr'><strong>re</strong></span> <span class='ocrx_word' id='word_1_246' title='bbox 1429 3360 1577 3417; x_wconf 84' lang='lat' dir='ltr'><strong>inter</strong></span> <span class='ocrx_word' id='word_1_247' title='bbox 1610 3375 1672 3417; x_wconf 91' lang='lat' dir='ltr'><strong>se</strong></span> <span class='ocrx_word' id='word_1_248' title='bbox 1701 3366 1972 3430; x_wconf 79' lang='lat' dir='ltr'><strong>pugnent.</strong></span> 
     </span>
    </p>
   </div>
   <div class='ocr_carea' id='block_1_38' title="bbox 463 3555 1974 3624">
    <p class='ocr_par' dir='ltr' id='par_1_38' title="bbox 463 3555 1974 3624">
     <span class='ocr_line' id='line_1_38' title="bbox 463 3555 1974 3624; baseline -0.004 -7"><span class='ocrx_word' id='word_1_249' title='bbox 463 3559 630 3617; x_wconf 74' lang='lat' dir='ltr'><strong>Vitas.</strong></span> <span class='ocrx_word' id='word_1_250' title='bbox 663 3558 752 3624; x_wconf 83' lang='lat' dir='ltr'><strong>l6,</strong></span> <span class='ocrx_word' id='word_1_251' title='bbox 784 3558 875 3614; x_wconf 79' lang='lat' dir='ltr'><strong>l7.</strong></span> <span class='ocrx_word' id='word_1_252' title='bbox 911 3575 930 3611; x_wconf 85' lang='grc' dir='ltr'><strong>ι</strong></span> <span class='ocrx_word' id='word_1_253' title='bbox 964 3555 1126 3613; x_wconf 79' lang='lat' dir='ltr'><strong>Unde</strong></span> <span class='ocrx_word' id='word_1_254' title='bbox 1185 3556 1335 3612; x_wconf 87' lang='lat' dir='ltr'><strong>enim</strong></span> <span class='ocrx_word' id='word_1_255' title='bbox 1374 3556 1510 3623; x_wconf 84' lang='lat' dir='ltr'><strong>scis,</strong></span> <span class='ocrx_word' id='word_1_256' title='bbox 1566 3556 1785 3621; x_wconf 85' lang='lat' dir='ltr'><strong>mulier,</strong></span> <span class='ocrx_word' id='word_1_257' title='bbox 1815 3555 1863 3611; x_wconf 91' lang='lat' dir='ltr'><strong>si</strong></span> <span class='ocrx_word' id='word_1_258' title='bbox 1881 3555 1974 3611; x_wconf 78' lang='lat' dir='ltr'><strong>vi-</strong></span> 
     </span>
    </p>
   </div>
   <div class='ocr_carea' id='block_1_39' title="bbox 387 3647 1975 3715">
    <p class='ocr_par' dir='ltr' id='par_1_39' title="bbox 387 3647 1975 3715">
     <span class='ocr_line' id='line_1_39' title="bbox 387 3647 1975 3715; baseline -0.007 -4"><span class='ocrx_word' id='word_1_259' title='bbox 387 3668 512 3711; x_wconf 86' lang='lat' dir='ltr'><strong>rum</strong></span> <span class='ocrx_word' id='word_1_260' title='bbox 543 3653 758 3709; x_wconf 87' lang='lat' dir='ltr'><strong>salvum</strong></span> <span class='ocrx_word' id='word_1_261' title='bbox 791 3648 1114 3705; x_wconf 84' lang='lat' dir='ltr'><strong>facies?aut</strong></span> <span class='ocrx_word' id='word_1_262' title='bbox 1136 3648 1285 3703; x_wconf 91' lang='lat' dir='ltr'><strong>unde</strong></span> <span class='ocrx_word' id='word_1_263' title='bbox 1316 3649 1450 3715; x_wconf 88' lang='lat' dir='ltr'><strong>scis,</strong></span> <span class='ocrx_word' id='word_1_264' title='bbox 1475 3648 1582 3713; x_wconf 90' lang='lat' dir='ltr'><strong>vir,</strong></span> <span class='ocrx_word' id='word_1_265' title='bbox 1597 3648 1655 3704; x_wconf 84' lang='lat' dir='ltr'><strong>si</strong></span> <span class='ocrx_word' id='word_1_266' title='bbox 1686 3647 1975 3703; x_wconf 88' lang='lat' dir='ltr'><strong>mulierem</strong></span> 
     </span>
    </p>
   </div>
   <div class='ocr_carea' id='block_1_40' title="bbox 389 3738 1975 3812">
    <p class='ocr_par' dir='ltr' id='par_1_40' title="bbox 389 3738 1975 3812">
     <span class='ocr_line' id='line_1_40' title="bbox 389 3738 1975 3812; baseline -0.006 -10"><span class='ocrx_word' id='word_1_267' title='bbox 389 3747 605 3803; x_wconf 85' lang='lat' dir='ltr'><strong>salvum</strong></span> <span class='ocrx_word' id='word_1_268' title='bbox 633 3742 846 3799; x_wconf 78' lang='lat' dir='ltr'><strong>facies?</strong></span> <span class='ocrx_word' id='word_1_269' title='bbox 892 3741 1007 3798; x_wconf 79' lang='lat' dir='ltr'><strong>nisi</strong></span> <span class='ocrx_word' id='word_1_270' title='bbox 1058 3740 1365 3812; x_wconf 86' lang='lat' dir='ltr'><strong>unicuique</strong></span> <span class='ocrx_word' id='word_1_271' title='bbox 1398 3740 1544 3797; x_wconf 86' lang='lat' dir='ltr'><strong>sicut</strong></span> <span class='ocrx_word' id='word_1_272' title='bbox 1565 3739 1756 3797; x_wconf 88' lang='lat' dir='ltr'><strong>divisit</strong></span> <span class='ocrx_word' id='word_1_273' title='bbox 1785 3738 1975 3795; x_wconf 61' lang='lat' dir='ltr'><strong>Domi-</strong></span> 
     </span>
    </p>
   </div>
   <div class='ocr_carea' id='block_1_41' title="bbox 391 3833 1976 3908">
    <p class='ocr_par' dir='ltr' id='par_1_41' title="bbox 391 3833 1976 3908">
     <span class='ocr_line' id='line_1_41' title="bbox 391 3833 1976 3908; baseline -0.003 -15"><span class='ocrx_word' id='word_1_274' title='bbox 391 3855 520 3903; x_wconf 89' lang='lat' dir='ltr'><strong>nus,</strong></span> <span class='ocrx_word' id='word_1_275' title='bbox 551 3850 1006 3908; x_wconf 88' lang='lat' dir='ltr'><strong>unumquemque</strong></span> <span class='ocrx_word' id='word_1_276' title='bbox 1035 3835 1182 3890; x_wconf 89' lang='lat' dir='ltr'><strong>sicut</strong></span> <span class='ocrx_word' id='word_1_277' title='bbox 1212 3834 1427 3890; x_wconf 84' lang='lat' dir='ltr'><strong>vocavit</strong></span> <span class='ocrx_word' id='word_1_278' title='bbox 1463 3833 1628 3901; x_wconf 90' lang='lat' dir='ltr'><strong>Deus,</strong></span> <span class='ocrx_word' id='word_1_279' title='bbox 1677 3833 1752 3888; x_wconf 84' lang='lat' dir='ltr'><strong>ita</strong></span> <span class='ocrx_word' id='word_1_280' title='bbox 1780 3833 1976 3889; x_wconf 85' lang='lat' dir='ltr'><strong>ambu-</strong></span> 
     </span>
    </p>
   </div>
   <div class='ocr_carea' id='block_1_42' title="bbox 388 3926 1741 3998">
    <p class='ocr_par' dir='ltr' id='par_1_42' title="bbox 388 3926 1741 3998">
     <span class='ocr_line' id='line_1_42' title="bbox 388 3926 1741 3998; baseline -0.006 -11"><span class='ocrx_word' id='word_1_281' title='bbox 388 3932 486 3988; x_wconf 89' lang='lat' dir='ltr'><strong>let.</strong></span> <span class='ocrx_word' id='word_1_282' title='bbox 527 3930 593 3986; x_wconf 87' lang='lat' dir='ltr'><strong>Et</strong></span> <span class='ocrx_word' id='word_1_283' title='bbox 620 3930 703 3986; x_wconf 86' lang='lat' dir='ltr'><strong>sic</strong></span> <span class='ocrx_word' id='word_1_284' title='bbox 729 3927 989 3984; x_wconf 89' lang='lat' dir='ltr'><strong>omnibus</strong></span> <span class='ocrx_word' id='word_1_285' title='bbox 1011 3928 1068 3984; x_wconf 90' lang='lat' dir='ltr'><strong>in</strong></span> <span class='ocrx_word' id='word_1_286' title='bbox 1099 3926 1368 3984; x_wconf 84' lang='lat' dir='ltr'><strong>Ecclesiis</strong></span> <span class='ocrx_word' id='word_1_287' title='bbox 1402 3926 1687 3998; x_wconf 66' lang='lat' dir='ltr'><strong>praecipio.</strong></span> <span class='ocrx_word' id='word_1_288' title='bbox 1722 3945 1741 3979; x_wconf 75' lang='grc' dir='ltr'><strong>ι</strong></span> 
     </span>
    </p>
   </div>
   <div class='ocr_carea' id='block_1_43' title="bbox 467 4018 1969 4092">
    <p class='ocr_par' dir='ltr' id='par_1_43' title="bbox 467 4018 1969 4092">
     <span class='ocr_line' id='line_1_43' title="bbox 467 4018 1969 4092; baseline -0.003 -14"><span class='ocrx_word' id='word_1_289' title='bbox 467 4023 648 4090; x_wconf 80' lang='lat' dir='ltr'><strong>Mane,</strong></span> <span class='ocrx_word' id='word_1_290' title='bbox 707 4021 908 4092; x_wconf 87' lang='lat' dir='ltr'><strong>inquit,</strong></span> <span class='ocrx_word' id='word_1_291' title='bbox 953 4030 1009 4078; x_wconf 89' lang='lat' dir='ltr'><strong>et</strong></span> <span class='ocrx_word' id='word_1_292' title='bbox 1048 4036 1333 4092; x_wconf 87' lang='lat' dir='ltr'><strong>permane,</strong></span> <span class='ocrx_word' id='word_1_293' title='bbox 1381 4020 1635 4085; x_wconf 90' lang='lat' dir='ltr'><strong>consule,</strong></span> <span class='ocrx_word' id='word_1_294' title='bbox 1680 4026 1735 4075; x_wconf 88' lang='lat' dir='ltr'><strong>et</strong></span> <span class='ocrx_word' id='word_1_295' title='bbox 1762 4018 1969 4083; x_wconf 82' lang='lat' dir='ltr'><strong>suade.</strong></span> 
     </span>
    </p>
   </div>
   <div class='ocr_carea' id='block_1_44' title="bbox 384 4112 1971 4185">
    <p class='ocr_par' dir='ltr' id='par_1_44' title="bbox 384 4112 1971 4185">
     <span class='ocr_line' id='line_1_44' title="bbox 384 4112 1971 4185; baseline -0.003 -14"><span class='ocrx_word' id='word_1_296' title='bbox 384 4112 584 4171; x_wconf 83' lang='lat' dir='ltr'><strong>Nullus</strong></span> <span class='ocrx_word' id='word_1_297' title='bbox 642 4113 850 4185; x_wconf 87' lang='lat' dir='ltr'><strong>quippe</strong></span> <span class='ocrx_word' id='word_1_298' title='bbox 902 4112 1169 4184; x_wconf 76' lang='lat' dir='ltr'><strong>magister</strong></span> <span class='ocrx_word' id='word_1_299' title='bbox 1213 4120 1429 4169; x_wconf 89' lang='lat' dir='ltr'><strong>tantum</strong></span> <span class='ocrx_word' id='word_1_300' title='bbox 1483 4113 1667 4170; x_wconf 87' lang='lat' dir='ltr'><strong>valere</strong></span> <span class='ocrx_word' id='word_1_301' title='bbox 1701 4113 1971 4185; x_wconf 83' lang='lat' dir='ltr'><strong>potuerit,</strong></span> 
     </span>
    </p>
   </div>
   <div class='ocr_carea' id='block_1_45' title="bbox 384 4204 1053 4277">
    <p class='ocr_par' dir='ltr' id='par_1_45' title="bbox 384 4204 1053 4277">
     <span class='ocr_line' id='line_1_45' title="bbox 384 4204 1053 4277; baseline 0.001 -18"><span class='ocrx_word' id='word_1_302' title='bbox 384 4204 856 4277; x_wconf 85' lang='lat' dir='ltr'><strong>quemadmodum</strong></span> <span class='ocrx_word' id='word_1_303' title='bbox 889 4219 1053 4260; x_wconf 78' lang='lat' dir='ltr'><strong>uxor.</strong></span> 
     </span>
    </p>
   </div>
   <div class='ocr_carea' id='block_1_46' title="bbox 451 4284 1974 4370">
    <p class='ocr_par' dir='ltr' id='par_1_46' title="bbox 451 4284 1974 4370">
     <span class='ocr_line' id='line_1_46' title="bbox 451 4284 1974 4370; baseline -0.001 -18"><span class='ocrx_word' id='word_1_304' title='bbox 451 4297 620 4353; x_wconf 73' lang='lat' dir='ltr'><strong>Vens.</strong></span> <span class='ocrx_word' id='word_1_305' title='bbox 654 4296 848 4354; x_wconf 76' lang='lat' dir='ltr'><strong>l8-2l.</strong></span> <span class='ocrx_word' id='word_1_306' title='bbox 883 4315 902 4349; x_wconf 79' lang='grc' dir='ltr'><strong>ι</strong></span> <span class='ocrx_word' id='word_1_307' title='bbox 936 4284 1559 4370; x_wconf 64' lang='grc' dir='ltr'>ωτουωείευευιίίιυίε</span> <span class='ocrx_word' id='word_1_308' title='bbox 1590 4309 1823 4354; x_wconf 87' lang='lat' dir='ltr'><strong>vocatus</strong></span> <span class='ocrx_word' id='word_1_309' title='bbox 1849 4296 1974 4354; x_wconf 83' lang='lat' dir='ltr'><strong>est?</strong></span> 
     </span>
    </p>
   </div>
   <div class='ocr_carea' id='block_1_47' title="bbox 2092 418 2570 492">
    <p class='ocr_par' dir='ltr' id='par_1_47' title="bbox 2092 418 2570 492">
     <span class='ocr_line' id='line_1_47' title="bbox 2092 418 2570 492; baseline -0.008 -19"><span class='ocrx_word' id='word_1_310' title='bbox 2092 421 2191 492; x_wconf 75' lang='grc' dir='ltr'>οὐχ</span> <span class='ocrx_word' id='word_1_311' title='bbox 2216 418 2519 490; x_wconf 85' lang='grc' dir='ltr'>ὀΧριστός.</span> <span class='ocrx_word' id='word_1_312' title='bbox 2550 435 2570 469; x_wconf 73' lang='grc' dir='ltr'><strong>ι</strong></span> 
     </span>
    </p>
   </div>
   <div class='ocr_carea' id='block_1_48' title="bbox 2172 501 3670 583">
    <p class='ocr_par' dir='ltr' id='par_1_48' title="bbox 2172 501 3670 583">
     <span class='ocr_line' id='line_1_48' title="bbox 2172 501 3670 583; baseline -0.008 -16"><span class='ocrx_word' id='word_1_313' title='bbox 2172 511 2464 583; x_wconf 77' lang='grc' dir='ltr'>Ἐνέφηνεν</span> <span class='ocrx_word' id='word_1_314' title='bbox 2522 511 2621 581; x_wconf 85' lang='grc' dir='ltr'>ὅση</span> <span class='ocrx_word' id='word_1_315' title='bbox 2681 510 2781 580; x_wconf 82' lang='grc' dir='ltr'>τῆς</span> <span class='ocrx_word' id='word_1_316' title='bbox 2830 506 3132 578; x_wconf 77' lang='grc' dir='ltr'><strong>ἐπιθυμίας</strong></span> <span class='ocrx_word' id='word_1_317' title='bbox 3160 502 3497 577; x_wconf 74' lang='grc' dir='ltr'>ἠτυραννίς.</span> <span class='ocrx_word' id='word_1_318' title='bbox 3528 503 3595 556; x_wconf 88' lang='grc' dir='ltr'><em>Ὃ</em></span> <span class='ocrx_word' id='word_1_319' title='bbox 3611 501 3670 555; x_wconf 76' lang='grc' dir='ltr'>δὲ</span> 
     </span>
    </p>
   </div>
   <div class='ocr_carea' id='block_1_49' title="bbox 2087 594 3679 673">
    <p class='ocr_par' dir='ltr' id='par_1_49' title="bbox 2087 594 3679 673">
     <span class='ocr_line' id='line_1_49' title="bbox 2087 594 3679 673; baseline -0.007 -17"><span class='ocrx_word' id='word_1_320' title='bbox 2087 603 2235 673; x_wconf 81' lang='grc' dir='ltr'>λέγει</span> <span class='ocrx_word' id='word_1_321' title='bbox 2261 602 2507 658; x_wconf 73' lang='grc' dir='ltr'>τοιοῦτόν</span> <span class='ocrx_word' id='word_1_322' title='bbox 2537 604 2706 656; x_wconf 74' lang='grc' dir='ltr'>ἐστιν.</span> <span class='ocrx_word' id='word_1_323' title='bbox 2738 601 2802 655; x_wconf 75' lang='lat' dir='ltr'><strong>Et</strong></span> <span class='ocrx_word' id='word_1_324' title='bbox 2825 599 3027 671; x_wconf 79' lang='grc' dir='ltr'>πολλὴν</span> <span class='ocrx_word' id='word_1_325' title='bbox 3055 596 3358 668; x_wconf 84' lang='grc' dir='ltr'>ὑπομένεις</span> <span class='ocrx_word' id='word_1_326' title='bbox 3401 594 3524 665; x_wconf 86' lang='grc' dir='ltr'>βίαν</span> <span class='ocrx_word' id='word_1_327' title='bbox 3583 594 3679 647; x_wconf 72' lang='grc' dir='ltr'>καὶ</span> 
     </span>
    </p>
   </div>
   <div class='ocr_carea' id='block_1_50' title="bbox 2089 686 3676 768">
    <p class='ocr_par' dir='ltr' id='par_1_50' title="bbox 2089 686 3676 768">
     <span class='ocr_line' id='line_1_50' title="bbox 2089 686 3676 768; baseline -0.008 -18"><span class='ocrx_word' id='word_1_328' title='bbox 2089 696 2360 768; x_wconf 79' lang='grc' dir='ltr'><strong>πύρωσιν,</strong></span> <span class='ocrx_word' id='word_1_329' title='bbox 2391 692 2742 765; x_wconf 86' lang='grc' dir='ltr'>ἀπαλλάγηθι</span> <span class='ocrx_word' id='word_1_330' title='bbox 2775 692 2954 746; x_wconf 86' lang='grc' dir='ltr'>πόνων</span> <span class='ocrx_word' id='word_1_331' title='bbox 2988 690 3085 744; x_wconf 77' lang='grc' dir='ltr'>καὶ</span> <span class='ocrx_word' id='word_1_332' title='bbox 3140 686 3404 759; x_wconf 80' lang='grc' dir='ltr'><strong>ἱδρώτων,</strong></span> <span class='ocrx_word' id='word_1_333' title='bbox 3463 686 3676 757; x_wconf 82' lang='grc' dir='ltr'>μήποτε</span> 
     </span>
    </p>
   </div>
   <div class='ocr_carea' id='block_1_51' title="bbox 2087 786 2601 856">
    <p class='ocr_par' dir='ltr' id='par_1_51' title="bbox 2087 786 2601 856">
     <span class='ocr_line' id='line_1_51' title="bbox 2087 786 2601 856; baseline 0 -18"><span class='ocrx_word' id='word_1_334' title='bbox 2087 786 2183 839; x_wconf 72' lang='grc' dir='ltr'>καὶ</span> <span class='ocrx_word' id='word_1_335' title='bbox 2209 787 2601 856; x_wconf 78' lang='grc' dir='ltr'>παρατραπῇς.</span> 
     </span>
    </p>
   </div>
   <div class='ocr_carea' id='block_1_52' title="bbox 2163 868 3676 946">
    <p class='ocr_par' dir='ltr' id='par_1_52' title="bbox 2163 868 3676 946">
     <span class='ocr_line' id='line_1_52' title="bbox 2163 868 3676 946; baseline -0.007 -16"><span class='ocrx_word' id='word_1_336' title='bbox 2163 898 2182 930; x_wconf 78' lang='grc' dir='ltr'><strong>ι</strong></span> <span class='ocrx_word' id='word_1_337' title='bbox 2221 878 2290 932; x_wconf 64' lang='lat' dir='ltr'><strong>Et</strong></span> <span class='ocrx_word' id='word_1_338' title='bbox 2310 897 2395 942; x_wconf 90' lang='grc' dir='ltr'><strong>τις</strong></span> <span class='ocrx_word' id='word_1_339' title='bbox 2429 877 2659 946; x_wconf 79' lang='grc' dir='ltr'>ἀδελφὸς</span> <span class='ocrx_word' id='word_1_340' title='bbox 2684 877 2922 945; x_wconf 88' lang='grc' dir='ltr'>γυναῖκα</span> <span class='ocrx_word' id='word_1_341' title='bbox 2971 873 3085 942; x_wconf 82' lang='grc' dir='ltr'>ἔχει</span> <span class='ocrx_word' id='word_1_342' title='bbox 3117 871 3370 936; x_wconf 74' lang='grc' dir='ltr'>ἄπιστον,</span> <span class='ocrx_word' id='word_1_343' title='bbox 3407 868 3507 923; x_wconf 71' lang='grc' dir='ltr'>καὶ</span> <span class='ocrx_word' id='word_1_344' title='bbox 3538 868 3676 940; x_wconf 73' lang='grc' dir='ltr'>αὐτὴ</span> 
     </span>
    </p>
   </div>
   <div class='ocr_carea' id='block_1_53' title="bbox 2090 961 3672 1038">
    <p class='ocr_par' dir='ltr' id='par_1_53' title="bbox 2090 961 3672 1038">
     <span class='ocr_line' id='line_1_53' title="bbox 2090 961 3672 1038; baseline -0.004 -15"><span class='ocrx_word' id='word_1_345' title='bbox 2090 971 2402 1025; x_wconf 79' lang='grc' dir='ltr'><strong>συνευδοκεῖ</strong></span> <span class='ocrx_word' id='word_1_346' title='bbox 2450 971 2622 1025; x_wconf 76' lang='grc' dir='ltr'>οἰκεῖν</span> <span class='ocrx_word' id='word_1_347' title='bbox 2688 967 2807 1038; x_wconf 86' lang='grc' dir='ltr'>μετ’</span> <span class='ocrx_word' id='word_1_348' title='bbox 2851 964 3041 1031; x_wconf 77' lang='grc' dir='ltr'>αὐτοῦ,</span> <span class='ocrx_word' id='word_1_349' title='bbox 3080 966 3158 1035; x_wconf 82' lang='grc' dir='ltr'>μὴ</span> <span class='ocrx_word' id='word_1_350' title='bbox 3206 962 3419 1036; x_wconf 82' lang='grc' dir='ltr'><strong>ἀφιέτω</strong></span> <span class='ocrx_word' id='word_1_351' title='bbox 3473 961 3672 1032; x_wconf 81' lang='grc' dir='ltr'>αὑτήν.</span> 
     </span>
    </p>
   </div>
   <div class='ocr_carea' id='block_1_54' title="bbox 2078 1051 3682 1131">
    <p class='ocr_par' dir='ltr' id='par_1_54' title="bbox 2078 1051 3682 1131">
     <span class='ocr_line' id='line_1_54' title="bbox 2078 1051 3682 1131; baseline -0.006 -18"><span class='ocrx_word' id='word_1_352' title='bbox 2078 1061 2201 1113; x_wconf 65' lang='grc' dir='ltr'><strong>’Καὶ</strong></span> <span class='ocrx_word' id='word_1_353' title='bbox 2257 1059 2396 1131; x_wconf 79' lang='grc' dir='ltr'>γυνὴ</span> <span class='ocrx_word' id='word_1_354' title='bbox 2445 1057 2499 1111; x_wconf 82' lang='grc' dir='ltr'><strong>εί</strong></span> <span class='ocrx_word' id='word_1_355' title='bbox 2533 1076 2617 1122; x_wconf 84' lang='grc' dir='ltr'><strong>τις</strong></span> <span class='ocrx_word' id='word_1_356' title='bbox 2667 1056 2781 1130; x_wconf 78' lang='grc' dir='ltr'>ἔχει</span> <span class='ocrx_word' id='word_1_357' title='bbox 2830 1056 3004 1128; x_wconf 85' lang='grc' dir='ltr'>ἀνδρα</span> <span class='ocrx_word' id='word_1_358' title='bbox 3050 1057 3301 1118; x_wconf 84' lang='grc' dir='ltr'>ἄπιστον,</span> <span class='ocrx_word' id='word_1_359' title='bbox 3366 1052 3463 1106; x_wconf 73' lang='grc' dir='ltr'>καὶ</span> <span class='ocrx_word' id='word_1_360' title='bbox 3515 1051 3682 1115; x_wconf 71' lang='grc' dir='ltr'>αὐτὸς</span> 
     </span>
    </p>
   </div>
   <div class='ocr_carea' id='block_1_55' title="bbox 2090 1143 3680 1221">
    <p class='ocr_par' dir='ltr' id='par_1_55' title="bbox 2090 1143 3680 1221">
     <span class='ocr_line' id='line_1_55' title="bbox 2090 1143 3680 1221; baseline -0.006 -16"><span class='ocrx_word' id='word_1_361' title='bbox 2090 1151 2405 1207; x_wconf 81' lang='grc' dir='ltr'><strong>συνευδοκεῖ</strong></span> <span class='ocrx_word' id='word_1_362' title='bbox 2461 1151 2632 1204; x_wconf 87' lang='grc' dir='ltr'>οἰκεῖν</span> <span class='ocrx_word' id='word_1_363' title='bbox 2709 1148 2831 1221; x_wconf 85' lang='grc' dir='ltr'>μετ’</span> <span class='ocrx_word' id='word_1_364' title='bbox 2903 1146 3121 1219; x_wconf 81' lang='grc' dir='ltr'>αὐτῆς,</span> <span class='ocrx_word' id='word_1_365' title='bbox 3173 1145 3249 1217; x_wconf 81' lang='grc' dir='ltr'>μὴ</span> <span class='ocrx_word' id='word_1_366' title='bbox 3318 1143 3534 1213; x_wconf 82' lang='grc' dir='ltr'><strong>ἀφιέτω</strong></span> <span class='ocrx_word' id='word_1_367' title='bbox 3577 1144 3680 1198; x_wconf 82' lang='grc' dir='ltr'>αύ-</span> 
     </span>
    </p>
   </div>
   <div class='ocr_carea' id='block_1_56' title="bbox 2086 1246 2252 1300">
    <p class='ocr_par' dir='ltr' id='par_1_56' title="bbox 2086 1246 2252 1300">
     <span class='ocr_line' id='line_1_56' title="bbox 2086 1246 2252 1300; baseline 0 -1"><span class='ocrx_word' id='word_1_368' title='bbox 2086 1246 2198 1300; x_wconf 83' lang='grc' dir='ltr'>τόν.</span> <span class='ocrx_word' id='word_1_369' title='bbox 2231 1264 2252 1299; x_wconf 75' lang='grc' dir='ltr'><strong>ι</strong></span> 
     </span>
    </p>
   </div>
   <div class='ocr_carea' id='block_1_57' title="bbox 2160 1333 3711 1411">
    <p class='ocr_par' dir='ltr' id='par_1_57' title="bbox 2160 1333 3711 1411">
     <span class='ocr_line' id='line_1_57' title="bbox 2160 1333 3711 1411; baseline -0.004 -18"><span class='ocrx_word' id='word_1_370' title='bbox 2160 1338 2265 1394; x_wconf 85' lang='grc' dir='ltr'><strong>Τὸν</strong></span> <span class='ocrx_word' id='word_1_371' title='bbox 2318 1339 2425 1411; x_wconf 82' lang='grc' dir='ltr'>πρὸ</span> <span class='ocrx_word' id='word_1_372' title='bbox 2473 1338 2575 1410; x_wconf 80' lang='grc' dir='ltr'>τῆς</span> <span class='ocrx_word' id='word_1_373' title='bbox 2616 1337 2843 1409; x_wconf 83' lang='grc' dir='ltr'>χάριτος</span> <span class='ocrx_word' id='word_1_374' title='bbox 2882 1334 3077 1405; x_wconf 81' lang='grc' dir='ltr'>ἔχοντα</span> <span class='ocrx_word' id='word_1_375' title='bbox 3127 1333 3360 1388; x_wconf 80' lang='grc' dir='ltr'>ἄπιστον</span> <span class='ocrx_word' id='word_1_376' title='bbox 3415 1333 3711 1403; x_wconf 83' lang='grc' dir='ltr'>γυναῖκα.-</span> 
     </span>
    </p>
   </div>
   <div class='ocr_carea' id='block_1_58' title="bbox 2085 1427 3681 1502">
    <p class='ocr_par' dir='ltr' id='par_1_58' title="bbox 2085 1427 3681 1502">
     <span class='ocr_line' id='line_1_58' title="bbox 2085 1427 3681 1502; baseline -0.004 -17"><span class='ocrx_word' id='word_1_377' title='bbox 2085 1430 2149 1485; x_wconf 85' lang='grc' dir='ltr'>οὐ</span> <span class='ocrx_word' id='word_1_378' title='bbox 2198 1430 2411 1486; x_wconf 83' lang='grc' dir='ltr'>κελεύει</span> <span class='ocrx_word' id='word_1_379' title='bbox 2475 1430 2694 1500; x_wconf 73' lang='grc' dir='ltr'>ἀφιέναι</span> <span class='ocrx_word' id='word_1_380' title='bbox 2758 1430 2901 1502; x_wconf 87' lang='grc' dir='ltr'>μετὰ</span> <span class='ocrx_word' id='word_1_381' title='bbox 2934 1428 3033 1500; x_wconf 75' lang='grc' dir='ltr'>τὴν</span> <span class='ocrx_word' id='word_1_382' title='bbox 3087 1428 3247 1500; x_wconf 84' lang='grc' dir='ltr'>χάριν</span> <span class='ocrx_word' id='word_1_383' title='bbox 3275 1444 3288 1459; x_wconf 77' lang='grc'><strong><em>⁸</em></strong></span> <span class='ocrx_word' id='word_1_384' title='bbox 3320 1429 3410 1483; x_wconf 80' lang='grc' dir='ltr'>τὸν</span> <span class='ocrx_word' id='word_1_385' title='bbox 3454 1427 3513 1482; x_wconf 77' lang='grc' dir='ltr'>δὲ</span> <span class='ocrx_word' id='word_1_386' title='bbox 3576 1427 3681 1497; x_wconf 75' lang='grc' dir='ltr'>ἤδη</span> 
     </span>
    </p>
   </div>
   <div class='ocr_carea' id='block_1_59' title="bbox 2085 1518 3682 1595">
    <p class='ocr_par' dir='ltr' id='par_1_59' title="bbox 2085 1518 3682 1595">
     <span class='ocr_line' id='line_1_59' title="bbox 2085 1518 3682 1595; baseline -0.003 -20"><span class='ocrx_word' id='word_1_387' title='bbox 2085 1522 2186 1595; x_wconf 82' lang='grc' dir='ltr'>τὴν</span> <span class='ocrx_word' id='word_1_388' title='bbox 2223 1523 2385 1595; x_wconf 82' lang='grc' dir='ltr'>χάριν</span> <span class='ocrx_word' id='word_1_389' title='bbox 2427 1521 2726 1593; x_wconf 81' lang='grc' dir='ltr'>δεξάμενον</span> <span class='ocrx_word' id='word_1_390' title='bbox 2752 1520 2954 1575; x_wconf 85' lang='grc' dir='ltr'>κωλύει</span> <span class='ocrx_word' id='word_1_391' title='bbox 2989 1519 3221 1575; x_wconf 80' lang='grc' dir='ltr'>ἄπιστον</span> <span class='ocrx_word' id='word_1_392' title='bbox 3245 1518 3551 1591; x_wconf 86' lang='grc' dir='ltr'>λαμϐάνειν</span> <span class='ocrx_word' id='word_1_393' title='bbox 3578 1537 3682 1588; x_wconf 85' lang='grc' dir='ltr'>γυ-</span> 
     </span>
    </p>
   </div>
   <div class='ocr_carea' id='block_1_60' title="bbox 2063 1607 2274 1668">
    <p class='ocr_par' dir='ltr' id='par_1_60' title="bbox 2063 1607 2274 1668">
     <span class='ocr_line' id='line_1_60' title="bbox 2063 1607 2274 1668; baseline 0.005 -1"><span class='ocrx_word' id='word_1_394' title='bbox 2063 1607 2071 1615; x_wconf 80' lang='grc'><em>’</em></span> <span class='ocrx_word' id='word_1_395' title='bbox 2089 1614 2274 1668; x_wconf 82' lang='grc' dir='ltr'>ναῖκα.</span> 
     </span>
    </p>
   </div>
   <div class='ocr_carea' id='block_1_61' title="bbox 2181 1704 3681 1777">
    <p class='ocr_par' dir='ltr' id='par_1_61' title="bbox 2181 1704 3681 1777">
     <span class='ocr_line' id='line_1_61' title="bbox 2181 1704 3681 1777; baseline -0.001 -21"><span class='ocrx_word' id='word_1_396' title='bbox 2181 1724 2200 1756; x_wconf 76' lang='grc' dir='ltr'><strong>ι</strong></span> <span class='ocrx_word' id='word_1_397' title='bbox 2248 1705 2544 1775; x_wconf 84' lang='grc' dir='ltr'>Ἡγίασται</span> <span class='ocrx_word' id='word_1_398' title='bbox 2600 1705 2712 1777; x_wconf 91' lang='grc' dir='ltr'><strong>γάρ</strong></span> <span class='ocrx_word' id='word_1_399' title='bbox 2758 1706 2787 1759; x_wconf 94' lang='lat'><strong>6</strong></span> <span class='ocrx_word' id='word_1_400' title='bbox 2825 1704 2965 1775; x_wconf 85' lang='grc' dir='ltr'>ἀνὴρ</span> <span class='ocrx_word' id='word_1_401' title='bbox 3009 1706 3038 1759; x_wconf 98' lang='lat'><strong>6</strong></span> <span class='ocrx_word' id='word_1_402' title='bbox 3081 1704 3309 1768; x_wconf 77' lang='grc' dir='ltr'>ἄπιστος</span> <span class='ocrx_word' id='word_1_403' title='bbox 3357 1704 3415 1757; x_wconf 82' lang='grc' dir='ltr'>ὲν</span> <span class='ocrx_word' id='word_1_404' title='bbox 3465 1704 3532 1775; x_wconf 77' lang='grc' dir='ltr'>τῇ</span> <span class='ocrx_word' id='word_1_405' title='bbox 3585 1718 3681 1770; x_wconf 88' lang='grc' dir='ltr'>γυ-</span> 
     </span>
    </p>
   </div>
   <div class='ocr_carea' id='block_1_62' title="bbox 2091 1793 3680 1870">
    <p class='ocr_par' dir='ltr' id='par_1_62' title="bbox 2091 1793 3680 1870">
     <span class='ocr_line' id='line_1_62' title="bbox 2091 1793 3680 1870; baseline -0.003 -18"><span class='ocrx_word' id='word_1_406' title='bbox 2091 1797 2267 1863; x_wconf 71' lang='grc' dir='ltr'>ναικὶ,</span> <span class='ocrx_word' id='word_1_407' title='bbox 2320 1799 2416 1852; x_wconf 69' lang='grc' dir='ltr'>καὶ</span> <span class='ocrx_word' id='word_1_408' title='bbox 2460 1796 2720 1870; x_wconf 79' lang='grc' dir='ltr'><strong>ἡγίασται</strong></span> <span class='ocrx_word' id='word_1_409' title='bbox 2742 1797 2777 1867; x_wconf 84' lang='grc' dir='ltr'>ἡ</span> <span class='ocrx_word' id='word_1_410' title='bbox 2803 1795 2949 1869; x_wconf 76' lang='grc' dir='ltr'>γυνὴ</span> <span class='ocrx_word' id='word_1_411' title='bbox 2982 1798 3017 1867; x_wconf 84' lang='grc' dir='ltr'>ὴ</span> <span class='ocrx_word' id='word_1_412' title='bbox 3043 1795 3272 1859; x_wconf 81' lang='grc' dir='ltr'>ἄπιστος</span> <span class='ocrx_word' id='word_1_413' title='bbox 3301 1796 3360 1849; x_wconf 77' lang='grc' dir='ltr'>ὲν</span> <span class='ocrx_word' id='word_1_414' title='bbox 3386 1793 3466 1866; x_wconf 84' lang='grc' dir='ltr'>τῷ</span> <span class='ocrx_word' id='word_1_415' title='bbox 3503 1793 3680 1865; x_wconf 84' lang='grc' dir='ltr'>ἀνδρί.</span> 
     </span>
    </p>
   </div>
   <div class='ocr_carea' id='block_1_63' title="bbox 2102 1886 3683 1962">
    <p class='ocr_par' dir='ltr' id='par_1_63' title="bbox 2102 1886 3683 1962">
     <span class='ocr_line' id='line_1_63' title="bbox 2102 1886 3683 1962; baseline -0.004 -17"><span class='ocrx_word' id='word_1_416' title='bbox 2102 1891 2260 1945; x_wconf 79' lang='grc' dir='ltr'>Ἐπεὶ</span> <span class='ocrx_word' id='word_1_417' title='bbox 2313 1890 2422 1962; x_wconf 80' lang='grc' dir='ltr'>ἄρα</span> <span class='ocrx_word' id='word_1_418' title='bbox 2447 1890 2518 1944; x_wconf 90' lang='grc' dir='ltr'><strong>τά</strong></span> <span class='ocrx_word' id='word_1_419' title='bbox 2552 1890 2721 1946; x_wconf 81' lang='grc' dir='ltr'>τέκνα</span> <span class='ocrx_word' id='word_1_420' title='bbox 2782 1889 2938 1961; x_wconf 82' lang='grc' dir='ltr'>ὑμῶν</span> <span class='ocrx_word' id='word_1_421' title='bbox 2963 1888 3256 1958; x_wconf 89' lang='grc' dir='ltr'>ἀκάθαρτά</span> <span class='ocrx_word' id='word_1_422' title='bbox 3293 1889 3469 1953; x_wconf 77' lang='grc' dir='ltr'>ἐστιν,</span> <span class='ocrx_word' id='word_1_423' title='bbox 3508 1886 3601 1940; x_wconf 74' lang='grc' dir='ltr'>νῦν</span> <span class='ocrx_word' id='word_1_424' title='bbox 3623 1887 3683 1940; x_wconf 76' lang='grc' dir='ltr'>δὲ</span> 
     </span>
    </p>
   </div>
   <div class='ocr_carea' id='block_1_64' title="bbox 2088 1981 2465 2052">
    <p class='ocr_par' dir='ltr' id='par_1_64' title="bbox 2088 1981 2465 2052">
     <span class='ocr_line' id='line_1_64' title="bbox 2088 1981 2465 2052; baseline -0.005 -16"><span class='ocrx_word' id='word_1_425' title='bbox 2088 1981 2223 2052; x_wconf 81' lang='grc' dir='ltr'><strong>ἀγιά</strong></span> <span class='ocrx_word' id='word_1_426' title='bbox 2252 1983 2421 2037; x_wconf 69' lang='grc' dir='ltr'>ἐστιν.</span> <span class='ocrx_word' id='word_1_427' title='bbox 2445 2000 2465 2034; x_wconf 75' lang='grc' dir='ltr'>ι</span> 
     </span>
    </p>
   </div>
   <div class='ocr_carea' id='block_1_65' title="bbox 2088 2068 3685 2145">
    <p class='ocr_par' dir='ltr' id='par_1_65' title="bbox 2088 2068 3685 2145">
     <span class='ocr_line' id='line_1_65' title="bbox 2088 2068 3685 2145; baseline -0.004 -18"><span class='ocrx_word' id='word_1_428' title='bbox 2088 2124 2093 2127; x_wconf 22' lang='grc' dir='ltr'><strong>Α</strong></span> <span class='ocrx_word' id='word_1_429' title='bbox 2168 2074 2287 2127; x_wconf 85' lang='grc' dir='ltr'>Ἵνα</span> <span class='ocrx_word' id='word_1_430' title='bbox 2320 2072 2397 2145; x_wconf 81' lang='grc' dir='ltr'>μὴ</span> <span class='ocrx_word' id='word_1_431' title='bbox 2423 2073 2659 2144; x_wconf 81' lang='grc' dir='ltr'>φοϐῆται</span> <span class='ocrx_word' id='word_1_432' title='bbox 2686 2075 2720 2145; x_wconf 79' lang='grc' dir='ltr'><strong>ἡ</strong></span> <span class='ocrx_word' id='word_1_433' title='bbox 2756 2072 2896 2143; x_wconf 75' lang='grc' dir='ltr'>γυνὴ</span> <span class='ocrx_word' id='word_1_434' title='bbox 2926 2071 3003 2137; x_wconf 84' lang='grc' dir='ltr'><strong>ὡς</strong></span> <span class='ocrx_word' id='word_1_435' title='bbox 3051 2069 3364 2144; x_wconf 84' lang='grc' dir='ltr'>ἀκάθαρτος</span> <span class='ocrx_word' id='word_1_436' title='bbox 3417 2068 3685 2140; x_wconf 77' lang='grc' dir='ltr'>γινομένη</span> 
     </span>
    </p>
   </div>
   <div class='ocr_carea' id='block_1_66' title="bbox 2086 2159 3684 2236">
    <p class='ocr_par' dir='ltr' id='par_1_66' title="bbox 2086 2159 3684 2236">
     <span class='ocr_line' id='line_1_66' title="bbox 2086 2159 3684 2236; baseline -0.004 -17"><span class='ocrx_word' id='word_1_437' title='bbox 2086 2164 2175 2219; x_wconf 75' lang='grc' dir='ltr'>διὰ</span> <span class='ocrx_word' id='word_1_438' title='bbox 2229 2165 2330 2235; x_wconf 83' lang='grc' dir='ltr'>τὴν</span> <span class='ocrx_word' id='word_1_439' title='bbox 2394 2164 2582 2236; x_wconf 81' lang='grc' dir='ltr'>μίξιν,</span> <span class='ocrx_word' id='word_1_440' title='bbox 2626 2163 2789 2219; x_wconf 81' lang='grc' dir='ltr'>τοῦτό</span> <span class='ocrx_word' id='word_1_441' title='bbox 2847 2177 3052 2235; x_wconf 79' lang='grc' dir='ltr'>φησιν’</span> <span class='ocrx_word' id='word_1_442' title='bbox 3104 2160 3164 2215; x_wconf 72' lang='grc' dir='ltr'>ἓν</span> <span class='ocrx_word' id='word_1_443' title='bbox 3211 2162 3313 2233; x_wconf 79' lang='grc' dir='ltr'>μὲν</span> <span class='ocrx_word' id='word_1_444' title='bbox 3350 2159 3460 2231; x_wconf 86' lang='grc' dir='ltr'><strong>γὰρ</strong></span> <span class='ocrx_word' id='word_1_445' title='bbox 3520 2160 3684 2230; x_wconf 74' lang='grc' dir='ltr'>σῶμά</span> 
     </span>
    </p>
   </div>
   <div class='ocr_carea' id='block_1_67' title="bbox 2087 2254 3684 2328">
    <p class='ocr_par' dir='ltr' id='par_1_67' title="bbox 2087 2254 3684 2328">
     <span class='ocr_line' id='line_1_67' title="bbox 2087 2254 3684 2328; baseline -0.001 -19"><span class='ocrx_word' id='word_1_446' title='bbox 2087 2257 2261 2320; x_wconf 72' lang='grc' dir='ltr'>ἐστιν,</span> <span class='ocrx_word' id='word_1_447' title='bbox 2299 2255 2419 2310; x_wconf 81' lang='grc' dir='ltr'>ἀλλ’</span> <span class='ocrx_word' id='word_1_448' title='bbox 2459 2257 2520 2310; x_wconf 85' lang='grc' dir='ltr'>οὐ</span> <span class='ocrx_word' id='word_1_449' title='bbox 2550 2256 2766 2327; x_wconf 89' lang='grc' dir='ltr'>γίνεται</span> <span class='ocrx_word' id='word_1_450' title='bbox 2793 2257 3131 2328; x_wconf 79' lang='grc' dir='ltr'>ἀκάθαρτον.</span> <span class='ocrx_word' id='word_1_451' title='bbox 3149 2255 3298 2327; x_wconf 83' lang='grc' dir='ltr'>Νικᾷ</span> <span class='ocrx_word' id='word_1_452' title='bbox 3317 2254 3482 2326; x_wconf 83' lang='grc' dir='ltr'>γάρὴ</span> <span class='ocrx_word' id='word_1_453' title='bbox 3509 2256 3684 2308; x_wconf 88' lang='grc' dir='ltr'>καθα-</span> 
     </span>
    </p>
   </div>
   <div class='ocr_carea' id='block_1_68' title="bbox 2092 2345 3685 2428">
    <p class='ocr_par' dir='ltr' id='par_1_68' title="bbox 2092 2345 3685 2428">
     <span class='ocr_line' id='line_1_68' title="bbox 2092 2345 3685 2428; baseline 0 -26"><span class='ocrx_word' id='word_1_454' title='bbox 2092 2347 2283 2428; x_wconf 76' lang='grc' dir='ltr'>ριότης</span> <span class='ocrx_word' id='word_1_455' title='bbox 2309 2348 2411 2419; x_wconf 84' lang='grc' dir='ltr'>τῆς</span> <span class='ocrx_word' id='word_1_456' title='bbox 2440 2348 2702 2417; x_wconf 76' lang='grc' dir='ltr'>γυναικὸς</span> <span class='ocrx_word' id='word_1_457' title='bbox 2753 2348 2854 2420; x_wconf 85' lang='grc' dir='ltr'>τὴν</span> <span class='ocrx_word' id='word_1_458' title='bbox 2906 2345 3255 2419; x_wconf 78' lang='grc' dir='ltr'>ἀκαθαρσίαν</span> <span class='ocrx_word' id='word_1_459' title='bbox 3308 2347 3405 2401; x_wconf 81' lang='grc' dir='ltr'>τοῦ</span> <span class='ocrx_word' id='word_1_460' title='bbox 3461 2346 3685 2418; x_wconf 81' lang='grc' dir='ltr'>ἀνδρὸς,</span> 
     </span>
    </p>
   </div>
   <div class='ocr_carea' id='block_1_69' title="bbox 2085 2438 3685 2512">
    <p class='ocr_par' dir='ltr' id='par_1_69' title="bbox 2085 2438 3685 2512">
     <span class='ocr_line' id='line_1_69' title="bbox 2085 2438 3685 2512; baseline 0 -19"><span class='ocrx_word' id='word_1_461' title='bbox 2085 2440 2181 2494; x_wconf 73' lang='grc' dir='ltr'>καὶ</span> <span class='ocrx_word' id='word_1_462' title='bbox 2207 2440 2337 2511; x_wconf 81' lang='grc' dir='ltr'>νικᾷ</span> <span class='ocrx_word' id='word_1_463' title='bbox 2355 2441 2391 2511; x_wconf 75' lang='grc' dir='ltr'><strong>ἡ</strong></span> <span class='ocrx_word' id='word_1_464' title='bbox 2419 2440 2760 2512; x_wconf 82' lang='grc' dir='ltr'>καθαριότης</span> <span class='ocrx_word' id='word_1_465' title='bbox 2805 2440 2899 2494; x_wconf 82' lang='grc' dir='ltr'><strong>τοῦ</strong></span> <span class='ocrx_word' id='word_1_466' title='bbox 2929 2439 3125 2511; x_wconf 84' lang='grc' dir='ltr'>ἀνδρὸς</span> <span class='ocrx_word' id='word_1_467' title='bbox 3146 2439 3209 2493; x_wconf 84' lang='grc' dir='ltr'><strong>τὺ</strong></span> <span class='ocrx_word' id='word_1_468' title='bbox 3232 2438 3547 2509; x_wconf 79' lang='grc' dir='ltr'>ἀκάθαρτον</span> <span class='ocrx_word' id='word_1_469' title='bbox 3582 2440 3685 2509; x_wconf 70' lang='grc' dir='ltr'>τῆς</span> 
     </span>
    </p>
   </div>
   <div class='ocr_carea' id='block_1_70' title="bbox 2083 2531 2627 2600">
    <p class='ocr_par' dir='ltr' id='par_1_70' title="bbox 2083 2531 2627 2600">
     <span class='ocr_line' id='line_1_70' title="bbox 2083 2531 2627 2600; baseline 0.002 -15"><span class='ocrx_word' id='word_1_470' title='bbox 2083 2531 2319 2585; x_wconf 82' lang='grc' dir='ltr'>ἀπίστου</span> <span class='ocrx_word' id='word_1_471' title='bbox 2334 2531 2627 2600; x_wconf 79' lang='grc' dir='ltr'>γυναικός.</span> 
     </span>
    </p>
   </div>
   <div class='ocr_carea' id='block_1_71' title="bbox 2161 2622 3684 2697">
    <p class='ocr_par' dir='ltr' id='par_1_71' title="bbox 2161 2622 3684 2697">
     <span class='ocr_line' id='line_1_71' title="bbox 2161 2622 3684 2697; baseline 0.001 -23"><span class='ocrx_word' id='word_1_472' title='bbox 2161 2641 2179 2674; x_wconf 81' lang='grc' dir='ltr'><strong>ι</strong></span> <span class='ocrx_word' id='word_1_473' title='bbox 2218 2623 2283 2676; x_wconf 79' lang='lat' dir='ltr'><strong>Ei</strong></span> <span class='ocrx_word' id='word_1_474' title='bbox 2331 2622 2389 2676; x_wconf 80' lang='grc' dir='ltr'>δὲ</span> <span class='ocrx_word' id='word_1_475' title='bbox 2428 2624 2457 2677; x_wconf 93' lang='lat'><strong>6</strong></span> <span class='ocrx_word' id='word_1_476' title='bbox 2497 2623 2727 2687; x_wconf 83' lang='grc' dir='ltr'>ἄπιστος</span> <span class='ocrx_word' id='word_1_477' title='bbox 2791 2623 3139 2697; x_wconf 84' lang='grc' dir='ltr'>χωρίζεται,</span> <span class='ocrx_word' id='word_1_478' title='bbox 3198 2622 3540 2696; x_wconf 77' lang='grc' dir='ltr'><strong>χωριζέσθω.</strong></span> <span class='ocrx_word' id='word_1_479' title='bbox 3602 2622 3684 2676; x_wconf 77' lang='grc' dir='ltr'><strong>οὐ</strong></span> 
     </span>
    </p>
   </div>
   <div class='ocr_carea' id='block_1_72' title="bbox 2081 2714 3654 2790">
    <p class='ocr_par' dir='ltr' id='par_1_72' title="bbox 2081 2714 3654 2790">
     <span class='ocr_line' id='line_1_72' title="bbox 2081 2714 3654 2790; baseline -0.001 -19"><span class='ocrx_word' id='word_1_480' title='bbox 2081 2714 2409 2771; x_wconf 83' lang='grc' dir='ltr'>δεδούλωται</span> <span class='ocrx_word' id='word_1_481' title='bbox 2463 2717 2493 2770; x_wconf 92' lang='lat'><strong>6</strong></span> <span class='ocrx_word' id='word_1_482' title='bbox 2537 2716 2770 2787; x_wconf 82' lang='grc' dir='ltr'>ἀδελφὸς</span> <span class='ocrx_word' id='word_1_483' title='bbox 2797 2757 2812 2784; x_wconf 97' lang='grc'><strong>,</strong></span> <span class='ocrx_word' id='word_1_484' title='bbox 2854 2717 2954 2789; x_wconf 74' lang='grc' dir='ltr'><strong>ῆή</strong></span> <span class='ocrx_word' id='word_1_485' title='bbox 2986 2716 3193 2790; x_wconf 78' lang='grc' dir='ltr'>ἀδελφὴ</span> <span class='ocrx_word' id='word_1_486' title='bbox 3233 2720 3293 2772; x_wconf 82' lang='grc' dir='ltr'>ὲν</span> <span class='ocrx_word' id='word_1_487' title='bbox 3339 2720 3455 2781; x_wconf 81' lang='grc' dir='ltr'>τοῖς</span> <span class='ocrx_word' id='word_1_488' title='bbox 3506 2717 3654 2770; x_wconf 87' lang='grc' dir='ltr'>τοιού</span> 
     </span>
    </p>
   </div>
   <div class='ocr_carea' id='block_1_73' title="bbox 2082 2825 2273 2872">
    <p class='ocr_par' dir='ltr' id='par_1_73' title="bbox 2082 2825 2273 2872">
     <span class='ocr_line' id='line_1_73' title="bbox 2082 2825 2273 2872; baseline -0.005 -11"><span class='ocrx_word' id='word_1_489' title='bbox 2082 2825 2219 2872; x_wconf 91' lang='grc' dir='ltr'>τοις.</span> <span class='ocrx_word' id='word_1_490' title='bbox 2255 2826 2273 2860; x_wconf 73' lang='grc' dir='ltr'><strong>ι</strong></span> 
     </span>
    </p>
   </div>
   <div class='ocr_carea' id='block_1_74' title="bbox 2173 2898 3650 2956">
    <p class='ocr_par' dir='ltr' id='par_1_74' title="bbox 2173 2898 3650 2956">
     <span class='ocr_line' id='line_1_74' title="bbox 2173 2898 3650 2956; baseline 0.001 -2"><span class='ocrx_word' id='word_1_491' title='bbox 2173 2898 2303 2955; x_wconf 80' lang='grc' dir='ltr'>Οίον</span> <span class='ocrx_word' id='word_1_492' title='bbox 2371 2902 2422 2955; x_wconf 81' lang='grc' dir='ltr'><strong>εί</strong></span> <span class='ocrx_word' id='word_1_493' title='bbox 2474 2900 2691 2955; x_wconf 82' lang='grc' dir='ltr'>κελεύει</span> <span class='ocrx_word' id='word_1_494' title='bbox 2746 2917 2831 2954; x_wconf 91' lang='grc' dir='ltr'><strong>σοι</strong></span> <span class='ocrx_word' id='word_1_495' title='bbox 2889 2899 3041 2955; x_wconf 86' lang='grc' dir='ltr'>θύειν</span> <span class='ocrx_word' id='word_1_496' title='bbox 3096 2902 3192 2955; x_wconf 74' lang='grc' dir='ltr'>καὶ</span> <span class='ocrx_word' id='word_1_497' title='bbox 3243 2902 3524 2955; x_wconf 88' lang='grc' dir='ltr'>κοινωνεῖν</span> <span class='ocrx_word' id='word_1_498' title='bbox 3579 2903 3650 2956; x_wconf 74' lang='grc' dir='ltr'>αὖ</span> 
     </span>
    </p>
   </div>
   <div class='ocr_carea' id='block_1_75' title="bbox 2081 2991 3682 3065">
    <p class='ocr_par' dir='ltr' id='par_1_75' title="bbox 2081 2991 3682 3065">
     <span class='ocr_line' id='line_1_75' title="bbox 2081 2991 3682 3065; baseline 0.001 -18"><span class='ocrx_word' id='word_1_499' title='bbox 2081 2991 2162 3064; x_wconf 84' lang='grc' dir='ltr'><strong>τῷ</strong></span> <span class='ocrx_word' id='word_1_500' title='bbox 2216 2992 2317 3064; x_wconf 85' lang='grc' dir='ltr'>τῆς</span> <span class='ocrx_word' id='word_1_501' title='bbox 2370 2993 2631 3057; x_wconf 89' lang='grc' dir='ltr'>ἀσεϐείας</span> <span class='ocrx_word' id='word_1_502' title='bbox 2689 2992 2779 3047; x_wconf 82' lang='grc' dir='ltr'>διὰ</span> <span class='ocrx_word' id='word_1_503' title='bbox 2822 2992 2918 3046; x_wconf 83' lang='grc' dir='ltr'><strong>τοῦ</strong></span> <span class='ocrx_word' id='word_1_504' title='bbox 2974 2994 3198 3065; x_wconf 85' lang='grc' dir='ltr'>γάμου,</span> <span class='ocrx_word' id='word_1_505' title='bbox 3245 2993 3281 3065; x_wconf 81' lang='grc' dir='ltr'><strong>ἢ</strong></span> <span class='ocrx_word' id='word_1_506' title='bbox 3325 2995 3633 3064; x_wconf 88' lang='grc' dir='ltr'>ἀναχωρεῖν</span> <span class='ocrx_word' id='word_1_507' title='bbox 3664 3036 3682 3058; x_wconf 87' lang='grc'><strong>,</strong></span> 
     </span>
    </p>
   </div>
   <div class='ocr_carea' id='block_1_76' title="bbox 2090 3083 3683 3158">
    <p class='ocr_par' dir='ltr' id='par_1_76' title="bbox 2090 3083 3683 3158">
     <span class='ocr_line' id='line_1_76' title="bbox 2090 3083 3683 3158; baseline 0.001 -20"><span class='ocrx_word' id='word_1_508' title='bbox 2090 3083 2299 3155; x_wconf 84' lang='grc' dir='ltr'>βέλτιον</span> <span class='ocrx_word' id='word_1_509' title='bbox 2368 3084 2793 3157; x_wconf 83' lang='grc' dir='ltr'>ἀνασπασθῆναι</span> <span class='ocrx_word' id='word_1_510' title='bbox 2839 3084 2934 3140; x_wconf 83' lang='grc' dir='ltr'>τὸν</span> <span class='ocrx_word' id='word_1_511' title='bbox 2991 3086 3173 3158; x_wconf 85' lang='grc' dir='ltr'>γάμον</span> <span class='ocrx_word' id='word_1_512' title='bbox 3198 3126 3214 3152; x_wconf 93' lang='grc'><strong>,</strong></span> <span class='ocrx_word' id='word_1_513' title='bbox 3278 3085 3312 3157; x_wconf 75' lang='grc' dir='ltr'>ἢ</span> <span class='ocrx_word' id='word_1_514' title='bbox 3364 3085 3469 3158; x_wconf 83' lang='grc' dir='ltr'>τὴν</span> <span class='ocrx_word' id='word_1_515' title='bbox 3518 3087 3683 3141; x_wconf 74' lang='grc' dir='ltr'>εὐσέ-</span> 
     </span>
    </p>
   </div>
   <div class='ocr_carea' id='block_1_77' title="bbox 2087 3177 2262 3232">
    <p class='ocr_par' dir='ltr' id='par_1_77' title="bbox 2087 3177 2262 3232">
     <span class='ocr_line' id='line_1_77' title="bbox 2087 3177 2262 3232; baseline 0.006 -1"><span class='ocrx_word' id='word_1_516' title='bbox 2087 3177 2262 3232; x_wconf 87' lang='grc' dir='ltr'>ϐειαν.</span> 
     </span>
    </p>
   </div>
   <div class='ocr_carea' id='block_1_78' title="bbox 2164 3265 3311 3342">
    <p class='ocr_par' dir='ltr' id='par_1_78' title="bbox 2164 3265 3311 3342">
     <span class='ocr_line' id='line_1_78' title="bbox 2164 3265 3311 3342; baseline 0.003 -22"><span class='ocrx_word' id='word_1_517' title='bbox 2164 3285 2182 3319; x_wconf 85' lang='grc' dir='ltr'><strong>ι</strong></span> <span class='ocrx_word' id='word_1_518' title='bbox 2224 3265 2314 3321; x_wconf 86' lang='grc' dir='ltr'>Ἐν</span> <span class='ocrx_word' id='word_1_519' title='bbox 2339 3267 2397 3321; x_wconf 79' lang='grc' dir='ltr'>δὲ</span> <span class='ocrx_word' id='word_1_520' title='bbox 2428 3268 2626 3342; x_wconf 78' lang='grc' dir='ltr'>εἰρήνῃ</span> <span class='ocrx_word' id='word_1_521' title='bbox 2653 3267 2925 3341; x_wconf 81' lang='grc' dir='ltr'>κέκληκεν</span> <span class='ocrx_word' id='word_1_522' title='bbox 2950 3268 3098 3340; x_wconf 76' lang='grc' dir='ltr'>ὑμᾶς</span> <span class='ocrx_word' id='word_1_523' title='bbox 3115 3268 3311 3333; x_wconf 80' lang='grc' dir='ltr'>ὁΘεός.</span> 
     </span>
    </p>
   </div>
   <div class='ocr_carea' id='block_1_79' title="bbox 2156 3357 3679 3434">
    <p class='ocr_par' dir='ltr' id='par_1_79' title="bbox 2156 3357 3679 3434">
     <span class='ocr_line' id='line_1_79' title="bbox 2156 3357 3679 3434; baseline 0.001 -19"><span class='ocrx_word' id='word_1_524' title='bbox 2156 3357 2332 3415; x_wconf 82' lang='grc' dir='ltr'>Τοῦτό</span> <span class='ocrx_word' id='word_1_525' title='bbox 2389 3377 2578 3431; x_wconf 82' lang='grc' dir='ltr'>φησιν,</span> <span class='ocrx_word' id='word_1_526' title='bbox 2619 3361 2709 3415; x_wconf 70' lang='grc' dir='ltr'><strong>ἵνα</strong></span> <span class='ocrx_word' id='word_1_527' title='bbox 2842 3361 2966 3415; x_wconf 84' lang='grc' dir='ltr'>καθ’</span> <span class='ocrx_word' id='word_1_528' title='bbox 2998 3360 3238 3433; x_wconf 77' lang='grc' dir='ltr'>ἑκάστην</span> <span class='ocrx_word' id='word_1_529' title='bbox 3265 3362 3482 3434; x_wconf 73' lang='grc' dir='ltr'>ἡμέραν</span> <span class='ocrx_word' id='word_1_530' title='bbox 3513 3362 3679 3416; x_wconf 80' lang='grc' dir='ltr'>πολε-</span> 
     </span>
    </p>
   </div>
   <div class='ocr_carea' id='block_1_80' title="bbox 2088 3450 3099 3525">
    <p class='ocr_par' dir='ltr' id='par_1_80' title="bbox 2088 3450 3099 3525">
     <span class='ocr_line' id='line_1_80' title="bbox 2088 3450 3099 3525; baseline 0.003 -20"><span class='ocrx_word' id='word_1_531' title='bbox 2088 3453 2225 3523; x_wconf 78' lang='grc' dir='ltr'>μοὺς</span> <span class='ocrx_word' id='word_1_532' title='bbox 2240 3450 2441 3523; x_wconf 78' lang='grc' dir='ltr'>ἔχωσιν</span> <span class='ocrx_word' id='word_1_533' title='bbox 2468 3452 2598 3524; x_wconf 80' lang='grc' dir='ltr'>περὶ</span> <span class='ocrx_word' id='word_1_534' title='bbox 2618 3451 2715 3507; x_wconf 84' lang='grc' dir='ltr'>τοῦ</span> <span class='ocrx_word' id='word_1_535' title='bbox 2747 3453 3099 3525; x_wconf 89' lang='grc' dir='ltr'>πράγματος.</span> 
     </span>
    </p>
   </div>
   <div class='ocr_carea' id='block_1_81' title="bbox 2161 3541 3679 3618">
    <p class='ocr_par' dir='ltr' id='par_1_81' title="bbox 2161 3541 3679 3618">
     <span class='ocr_line' id='line_1_81' title="bbox 2161 3541 3679 3618; baseline 0.002 -20"><span class='ocrx_word' id='word_1_536' title='bbox 2161 3565 2180 3598; x_wconf 79' lang='grc' dir='ltr'><strong>ι</strong></span> <span class='ocrx_word' id='word_1_537' title='bbox 2214 3544 2281 3598; x_wconf 90' lang='grc' dir='ltr'>Τί</span> <span class='ocrx_word' id='word_1_538' title='bbox 2310 3543 2420 3615; x_wconf 86' lang='grc' dir='ltr'><strong>γὰρ</strong></span> <span class='ocrx_word' id='word_1_539' title='bbox 2439 3541 2612 3609; x_wconf 83' lang='grc' dir='ltr'>οἶδας,</span> <span class='ocrx_word' id='word_1_540' title='bbox 2646 3543 2829 3613; x_wconf 88' lang='grc' dir='ltr'>γύναι,</span> <span class='ocrx_word' id='word_1_541' title='bbox 2865 3546 2914 3599; x_wconf 84' lang='grc' dir='ltr'><strong>εί</strong></span> <span class='ocrx_word' id='word_1_542' title='bbox 2946 3545 3040 3601; x_wconf 77' lang='grc' dir='ltr'>τὸν</span> <span class='ocrx_word' id='word_1_543' title='bbox 3091 3545 3265 3618; x_wconf 85' lang='grc' dir='ltr'>ἀνδρα</span> <span class='ocrx_word' id='word_1_544' title='bbox 3305 3546 3532 3611; x_wconf 79' lang='grc' dir='ltr'>σώσειςς</span> <span class='ocrx_word' id='word_1_545' title='bbox 3562 3547 3597 3618; x_wconf 73' lang='grc' dir='ltr'>ἢ</span> <span class='ocrx_word' id='word_1_546' title='bbox 3621 3549 3679 3602; x_wconf 87' lang='grc' dir='ltr'><strong>τί</strong></span> 
     </span>
    </p>
   </div>
   <div class='ocr_carea' id='block_1_82' title="bbox 2081 3630 3681 3708">
    <p class='ocr_par' dir='ltr' id='par_1_82' title="bbox 2081 3630 3681 3708">
     <span class='ocr_line' id='line_1_82' title="bbox 2081 3630 3681 3708; baseline -0.001 -18"><span class='ocrx_word' id='word_1_547' title='bbox 2081 3630 2253 3701; x_wconf 77' lang='grc' dir='ltr'>οῖδας,</span> <span class='ocrx_word' id='word_1_548' title='bbox 2285 3634 2440 3705; x_wconf 78' lang='grc' dir='ltr'>ἆνερ,</span> <span class='ocrx_word' id='word_1_549' title='bbox 2467 3635 2517 3687; x_wconf 87' lang='grc' dir='ltr'><strong>εί</strong></span> <span class='ocrx_word' id='word_1_550' title='bbox 2554 3634 2656 3704; x_wconf 83' lang='grc' dir='ltr'>τὴν</span> <span class='ocrx_word' id='word_1_551' title='bbox 2682 3637 2921 3703; x_wconf 83' lang='grc' dir='ltr'>γυναῖκα</span> <span class='ocrx_word' id='word_1_552' title='bbox 2974 3633 3214 3701; x_wconf 87' lang='grc' dir='ltr'>σώσεις;</span> <span class='ocrx_word' id='word_1_553' title='bbox 3245 3637 3293 3689; x_wconf 86' lang='grc' dir='ltr'><strong>εί</strong></span> <span class='ocrx_word' id='word_1_554' title='bbox 3338 3636 3415 3708; x_wconf 82' lang='grc' dir='ltr'>μὴ</span> <span class='ocrx_word' id='word_1_555' title='bbox 3451 3638 3681 3708; x_wconf 74' lang='grc' dir='ltr'>ἑκάστῳ</span> 
     </span>
    </p>
   </div>
   <div class='ocr_carea' id='block_1_83' title="bbox 2082 3726 3675 3800">
    <p class='ocr_par' dir='ltr' id='par_1_83' title="bbox 2082 3726 3675 3800">
     <span class='ocr_line' id='line_1_83' title="bbox 2082 3726 3675 3800; baseline -0.001 -17"><span class='ocrx_word' id='word_1_556' title='bbox 2082 3730 2160 3792; x_wconf 85' lang='grc' dir='ltr'><strong>ὡς</strong></span> <span class='ocrx_word' id='word_1_557' title='bbox 2187 3727 2448 3799; x_wconf 74' lang='grc' dir='ltr'>ἐμέρισεν</span> <span class='ocrx_word' id='word_1_558' title='bbox 2469 3727 2499 3780; x_wconf 86' lang='lat'><strong>6</strong></span> <span class='ocrx_word' id='word_1_559' title='bbox 2523 3726 2677 3793; x_wconf 80' lang='grc' dir='ltr'>Θεὸς,</span> <span class='ocrx_word' id='word_1_560' title='bbox 2704 3727 2941 3782; x_wconf 71' lang='grc' dir='ltr'>ἕκαστον</span> <span class='ocrx_word' id='word_1_561' title='bbox 2964 3728 3047 3792; x_wconf 80' lang='grc' dir='ltr'><strong>ὡς</strong></span> <span class='ocrx_word' id='word_1_562' title='bbox 3082 3727 3356 3797; x_wconf 84' lang='grc' dir='ltr'>κέκληκεν</span> <span class='ocrx_word' id='word_1_563' title='bbox 3384 3729 3413 3780; x_wconf 88' lang='grc' dir='ltr'>ὁ</span> <span class='ocrx_word' id='word_1_564' title='bbox 3444 3728 3675 3800; x_wconf 82' lang='grc' dir='ltr'>Κύριος,</span> 
     </span>
    </p>
   </div>
   <div class='ocr_carea' id='block_1_84' title="bbox 2080 3818 3680 3892">
    <p class='ocr_par' dir='ltr' id='par_1_84' title="bbox 2080 3818 3680 3892">
     <span class='ocr_line' id='line_1_84' title="bbox 2080 3818 3680 3892; baseline 0.001 -18"><span class='ocrx_word' id='word_1_565' title='bbox 2080 3819 2256 3883; x_wconf 74' lang='grc' dir='ltr'>οὕτως</span> <span class='ocrx_word' id='word_1_566' title='bbox 2291 3819 2670 3890; x_wconf 84' lang='grc' dir='ltr'>περιπατείτω</span> <span class='ocrx_word' id='word_1_567' title='bbox 2693 3859 2709 3885; x_wconf 95' lang='grc'><strong>,</strong></span> <span class='ocrx_word' id='word_1_568' title='bbox 2740 3819 2835 3874; x_wconf 78' lang='grc' dir='ltr'>καὶ</span> <span class='ocrx_word' id='word_1_569' title='bbox 2863 3818 3039 3884; x_wconf 77' lang='grc' dir='ltr'>οὕτως</span> <span class='ocrx_word' id='word_1_570' title='bbox 3068 3820 3127 3874; x_wconf 81' lang='grc' dir='ltr'>ὲν</span> <span class='ocrx_word' id='word_1_571' title='bbox 3155 3821 3277 3883; x_wconf 84' lang='grc' dir='ltr'>ταῖς</span> <span class='ocrx_word' id='word_1_572' title='bbox 3320 3819 3680 3892; x_wconf 82' lang='grc' dir='ltr'>Ἐκκλησίαις</span> 
     </span>
    </p>
   </div>
   <div class='ocr_carea' id='block_1_85' title="bbox 2081 3909 2755 3975">
    <p class='ocr_par' dir='ltr' id='par_1_85' title="bbox 2081 3909 2755 3975">
     <span class='ocr_line' id='line_1_85' title="bbox 2081 3909 2755 3975; baseline -0.004 -8"><span class='ocrx_word' id='word_1_573' title='bbox 2081 3910 2291 3975; x_wconf 89' lang='grc' dir='ltr'>πάσαις</span> <span class='ocrx_word' id='word_1_574' title='bbox 2326 3909 2710 3975; x_wconf 84' lang='grc' dir='ltr'>διατάσσομαι.</span> <span class='ocrx_word' id='word_1_575' title='bbox 2735 3928 2755 3964; x_wconf 75' lang='grc' dir='ltr'><strong>ι</strong></span> 
     </span>
    </p>
   </div>
   <div class='ocr_carea' id='block_1_86' title="bbox 2150 3927 3677 4074">
    <p class='ocr_par' dir='ltr' id='par_1_86' title="bbox 2150 3927 3677 4074">
     <span class='ocr_line' id='line_1_86' title="bbox 2150 3927 2755 3975; baseline -0.003 -9"><span class='ocrx_word' id='word_1_576' title='bbox 2150 3928 2291 3975; x_wconf 88' lang='grc' dir='ltr'>ισαις</span> <span class='ocrx_word' id='word_1_577' title='bbox 2326 3927 2587 3965; x_wconf 88' lang='grc' dir='ltr'>οιατασσο</span> <span class='ocrx_word' id='word_1_578' title='bbox 2673 3927 2710 3965; x_wconf 93' lang='grc' dir='ltr'><strong>ι.</strong></span> <span class='ocrx_word' id='word_1_579' title='bbox 2735 3928 2755 3964; x_wconf 74' lang='grc' dir='ltr'><strong>ι</strong></span> 
     </span>
     <span class='ocr_line' id='line_1_87' title="bbox 2150 3927 3677 4074; baseline 0.001 -16"><span class='ocrx_word' id='word_1_580' title='bbox 2150 4003 2297 4058; x_wconf 89' lang='grc' dir='ltr'>Μένε</span> <span class='ocrx_word' id='word_1_581' title='bbox 2337 4001 2434 4058; x_wconf 79' lang='grc' dir='ltr'>καὶ</span> <span class='ocrx_word' id='word_1_582' title='bbox 2466 3927 2780 4073; x_wconf 52' lang='grc' dir='ltr'>παρῖζενε,</span> <span class='ocrx_word' id='word_1_583' title='bbox 2831 4003 2987 4074; x_wconf 65' lang='grc' dir='ltr'>φησι,</span> <span class='ocrx_word' id='word_1_584' title='bbox 3022 4002 3120 4057; x_wconf 73' lang='grc' dir='ltr'>καὶ</span> <span class='ocrx_word' id='word_1_585' title='bbox 3165 4001 3524 4074; x_wconf 84' lang='grc' dir='ltr'>συμϐούλευε,</span> <span class='ocrx_word' id='word_1_586' title='bbox 3573 4007 3677 4059; x_wconf 77' lang='grc' dir='ltr'>καὶ</span> 
     </span>
    </p>
   </div>
   <div class='ocr_carea' id='block_1_87' title="bbox 2080 4093 3674 4169">
    <p class='ocr_par' dir='ltr' id='par_1_87' title="bbox 2080 4093 3674 4169">
     <span class='ocr_line' id='line_1_88' title="bbox 2080 4093 3674 4169; baseline -0.001 -18"><span class='ocrx_word' id='word_1_587' title='bbox 2080 4095 2258 4152; x_wconf 75' lang='grc' dir='ltr'>πεῖθε.</span> <span class='ocrx_word' id='word_1_588' title='bbox 2314 4095 2513 4158; x_wconf 78' lang='grc' dir='ltr'>Οὐδεὶς</span> <span class='ocrx_word' id='word_1_589' title='bbox 2541 4094 2656 4167; x_wconf 82' lang='grc' dir='ltr'><strong>γὰρ</strong></span> <span class='ocrx_word' id='word_1_590' title='bbox 2710 4094 2859 4149; x_wconf 73' lang='grc' dir='ltr'>οὕτω</span> <span class='ocrx_word' id='word_1_591' title='bbox 2894 4093 3215 4159; x_wconf 86' lang='grc' dir='ltr'>διδάσκαλος</span> <span class='ocrx_word' id='word_1_592' title='bbox 3259 4096 3479 4169; x_wconf 71' lang='grc' dir='ltr'>ἰσχῦσαι</span> <span class='ocrx_word' id='word_1_593' title='bbox 3505 4095 3674 4166; x_wconf 82' lang='grc' dir='ltr'>δυνή-</span> 
     </span>
    </p>
   </div>
   <div class='ocr_carea' id='block_1_88' title="bbox 2081 4186 2549 4258">
    <p class='ocr_par' dir='ltr' id='par_1_88' title="bbox 2081 4186 2549 4258">
     <span class='ocr_line' id='line_1_89' title="bbox 2081 4186 2549 4258; baseline 0 -16"><span class='ocrx_word' id='word_1_594' title='bbox 2081 4205 2258 4253; x_wconf 88' lang='grc' dir='ltr'>σεται,</span> <span class='ocrx_word' id='word_1_595' title='bbox 2288 4186 2365 4251; x_wconf 84' lang='grc' dir='ltr'>ὠς</span> <span class='ocrx_word' id='word_1_596' title='bbox 2386 4186 2549 4258; x_wconf 86' lang='grc' dir='ltr'>γυνή.</span> 
     </span>
    </p>
   </div>
   <div class='ocr_carea' id='block_1_89' title="bbox 2156 4276 3670 4352">
    <p class='ocr_par' dir='ltr' id='par_1_89' title="bbox 2156 4276 3670 4352">
     <span class='ocr_line' id='line_1_90' title="bbox 2156 4276 3670 4352; baseline 0.005 -23"><span class='ocrx_word' id='word_1_597' title='bbox 2156 4296 2179 4329; x_wconf 74' lang='grc' dir='ltr'><strong>ι</strong></span> <span class='ocrx_word' id='word_1_598' title='bbox 2218 4276 2714 4349; x_wconf 85' lang='grc' dir='ltr'>Περιτετμημένος</span> <span class='ocrx_word' id='word_1_599' title='bbox 2774 4294 2857 4341; x_wconf 83' lang='grc' dir='ltr'><strong>τις</strong></span> <span class='ocrx_word' id='word_1_600' title='bbox 2889 4277 3134 4350; x_wconf 81' lang='grc' dir='ltr'>ὲκλήθη;</span> <span class='ocrx_word' id='word_1_601' title='bbox 3193 4281 3269 4352; x_wconf 79' lang='grc' dir='ltr'>μὴ</span> <span class='ocrx_word' id='word_1_602' title='bbox 3319 4280 3670 4337; x_wconf 72' lang='grc' dir='ltr'>ἐπισπάσθω.</span> 
     </span>
    </p>
   </div>
   <div class='ocr_carea' id='block_1_90' title="bbox 384 4367 1980 4461">
    <p class='ocr_par' dir='ltr' id='par_1_90' title="bbox 384 4367 1971 4461">
     <span class='ocr_line' id='line_1_91' title="bbox 384 4367 1971 4461; baseline -0.002 -17"><span class='ocrx_word' id='word_1_603' title='bbox 384 4405 495 4445; x_wconf 87' lang='lat' dir='ltr'><strong>non</strong></span> <span class='ocrx_word' id='word_1_604' title='bbox 537 4387 795 4443; x_wconf 89' lang='lat' dir='ltr'><strong>adducat.</strong></span> <span class='ocrx_word' id='word_1_605' title='bbox 826 4386 886 4443; x_wconf 90' lang='lat' dir='ltr'><strong>ln</strong></span> <span class='ocrx_word' id='word_1_606' title='bbox 913 4390 1188 4461; x_wconf 67' lang='lat' dir='ltr'><strong>praeputio</strong></span> <span class='ocrx_word' id='word_1_607' title='bbox 1218 4390 1421 4460; x_wconf 86' lang='lat' dir='ltr'><strong>aliquis</strong></span> <span class='ocrx_word' id='word_1_608' title='bbox 1448 4367 1684 4445; x_wconf 69' lang='lat' dir='ltr'><strong>vocatus</strong></span> <span class='ocrx_word' id='word_1_609' title='bbox 1712 4389 1833 4445; x_wconf 83' lang='lat' dir='ltr'><strong>est?</strong></span> <span class='ocrx_word' id='word_1_610' title='bbox 1863 4402 1971 4442; x_wconf 89' lang='lat' dir='ltr'><strong>non</strong></span> 
     </span>
    </p>
   </div>
   <div class='ocr_carea' id='block_1_91' title="bbox 2104 4367 3670 4461">
    <p class='ocr_par' dir='ltr' id='par_1_91' title="bbox 2104 4367 3670 4443">
     <span class='ocr_line' id='line_1_92' title="bbox 2104 4367 3670 4443; baseline 0.002 -19"><span class='ocrx_word' id='word_1_611' title='bbox 2104 4370 2184 4424; x_wconf 83' lang='lat' dir='ltr'><strong>’Ev</strong></span> <span class='ocrx_word' id='word_1_612' title='bbox 2216 4367 2559 4441; x_wconf 80' lang='grc' dir='ltr'>ἀκροϐυστίᾳ</span> <span class='ocrx_word' id='word_1_613' title='bbox 2605 4386 2693 4433; x_wconf 91' lang='grc' dir='ltr'><strong>τις</strong></span> <span class='ocrx_word' id='word_1_614' title='bbox 2750 4368 3058 4441; x_wconf 84' lang='grc' dir='ltr'>κέκληται;</span> <span class='ocrx_word' id='word_1_615' title='bbox 3103 4370 3178 4441; x_wconf 81' lang='grc' dir='ltr'>μὴ</span> <span class='ocrx_word' id='word_1_616' title='bbox 3228 4371 3670 4443; x_wconf 77' lang='grc' dir='ltr'>περιτεμνέσθω.</span> 
     </span>
    </p>
   </div>
   <div class='ocr_carea' id='block_1_92' title="bbox 383 4478 1968 4550">
    <p class='ocr_par' dir='ltr' id='par_1_92' title="bbox 383 4478 1968 4550">
     <span class='ocr_line' id='line_1_93' title="bbox 383 4478 1968 4550; baseline -0.003 -13"><span class='ocrx_word' id='word_1_617' title='bbox 383 4478 846 4537; x_wconf 78' lang='lat' dir='ltr'><strong>circumcidatur.</strong></span> <span class='ocrx_word' id='word_1_618' title='bbox 908 4480 1282 4537; x_wconf 84' lang='lat' dir='ltr'><strong>Circumcisio</strong></span> <span class='ocrx_word' id='word_1_619' title='bbox 1330 4480 1471 4535; x_wconf 90' lang='lat' dir='ltr'><strong>nihil</strong></span> <span class='ocrx_word' id='word_1_620' title='bbox 1512 4487 1619 4546; x_wconf 90' lang='lat' dir='ltr'><strong>est,</strong></span> <span class='ocrx_word' id='word_1_621' title='bbox 1657 4487 1712 4534; x_wconf 88' lang='lat' dir='ltr'><strong>et</strong></span> <span class='ocrx_word' id='word_1_622' title='bbox 1751 4493 1968 4550; x_wconf 64' lang='lat' dir='ltr'><strong>praepu-</strong></span> 
     </span>
    </p>
   </div>
   <div class='ocr_carea' id='block_1_93' title="bbox 384 4569 1966 4637">
    <p class='ocr_par' dir='ltr' id='par_1_93' title="bbox 384 4569 1966 4637">
     <span class='ocr_line' id='line_1_94' title="bbox 384 4569 1966 4637; baseline -0.004 -7"><span class='ocrx_word' id='word_1_623' title='bbox 384 4575 519 4631; x_wconf 91' lang='lat' dir='ltr'><strong>tium</strong></span> <span class='ocrx_word' id='word_1_624' title='bbox 576 4570 718 4626; x_wconf 90' lang='lat' dir='ltr'><strong>nihil</strong></span> <span class='ocrx_word' id='word_1_625' title='bbox 763 4577 881 4637; x_wconf 89' lang='lat' dir='ltr'><strong>est;</strong></span> <span class='ocrx_word' id='word_1_626' title='bbox 913 4571 1010 4626; x_wconf 84' lang='lat' dir='ltr'><strong>sed</strong></span> <span class='ocrx_word' id='word_1_627' title='bbox 1048 4571 1366 4628; x_wconf 78' lang='lat' dir='ltr'><strong>observatio</strong></span> <span class='ocrx_word' id='word_1_628' title='bbox 1408 4571 1796 4625; x_wconf 88' lang='lat' dir='ltr'><strong>mandatorum</strong></span> <span class='ocrx_word' id='word_1_629' title='bbox 1850 4569 1966 4625; x_wconf 90' lang='lat' dir='ltr'><strong>Dei.</strong></span> 
     </span>
    </p>
   </div>
   <div class='ocr_carea' id='block_1_94' title="bbox 386 4648 1970 4735">
    <p class='ocr_par' dir='ltr' id='par_1_94' title="bbox 386 4648 1970 4735">
     <span class='ocr_line' id='line_1_95' title="bbox 386 4648 1970 4735; baseline 0 -18"><span class='ocrx_word' id='word_1_630' title='bbox 386 4660 788 4733; x_wconf 87' lang='lat' dir='ltr'><strong>Unusquisque</strong></span> <span class='ocrx_word' id='word_1_631' title='bbox 836 4662 895 4718; x_wconf 88' lang='lat' dir='ltr'><strong>in</strong></span> <span class='ocrx_word' id='word_1_632' title='bbox 927 4677 1040 4735; x_wconf 86' lang='lat' dir='ltr'><strong>qua</strong></span> <span class='ocrx_word' id='word_1_633' title='bbox 1088 4663 1384 4718; x_wconf 85' lang='lat' dir='ltr'><strong>vocatione</strong></span> <span class='ocrx_word' id='word_1_634' title='bbox 1408 4648 1645 4717; x_wconf 79' lang='lat' dir='ltr'><strong>vocatus</strong></span> <span class='ocrx_word' id='word_1_635' title='bbox 1674 4671 1781 4729; x_wconf 89' lang='lat' dir='ltr'><strong>est,</strong></span> <span class='ocrx_word' id='word_1_636' title='bbox 1817 4662 1872 4717; x_wconf 91' lang='lat' dir='ltr'><strong>in</strong></span> <span class='ocrx_word' id='word_1_637' title='bbox 1904 4675 1970 4717; x_wconf 87' lang='lat' dir='ltr'><strong>ea</strong></span> 
     </span>
    </p>
   </div>
   <div class='ocr_carea' id='block_1_95' title="bbox 386 4751 1968 4823">
    <p class='ocr_par' dir='ltr' id='par_1_95' title="bbox 386 4751 1968 4823">
     <span class='ocr_line' id='line_1_96' title="bbox 386 4751 1968 4823; baseline -0.001 -14"><span class='ocrx_word' id='word_1_638' title='bbox 386 4760 728 4823; x_wconf 90' lang='lat' dir='ltr'><strong>permaneat.</strong></span> <span class='ocrx_word' id='word_1_639' title='bbox 807 4751 1016 4809; x_wconf 88' lang='lat' dir='ltr'><strong>Servus</strong></span> <span class='ocrx_word' id='word_1_640' title='bbox 1087 4761 1321 4809; x_wconf 88' lang='lat' dir='ltr'><strong>vocatus</strong></span> <span class='ocrx_word' id='word_1_641' title='bbox 1396 4751 1504 4808; x_wconf 75' lang='lat' dir='ltr'><strong>es?</strong></span> <span class='ocrx_word' id='word_1_642' title='bbox 1559 4766 1668 4807; x_wconf 89' lang='lat' dir='ltr'><strong>non</strong></span> <span class='ocrx_word' id='word_1_643' title='bbox 1746 4754 1820 4809; x_wconf 86' lang='lat' dir='ltr'><strong>sit</strong></span> <span class='ocrx_word' id='word_1_644' title='bbox 1866 4752 1968 4808; x_wconf 89' lang='lat' dir='ltr'><strong>tibi</strong></span> 
     </span>
    </p>
   </div>
   <div class='ocr_carea' id='block_1_96' title="bbox 384 4857 1970 4982">
    <p class='ocr_par' dir='ltr' id='par_1_96' title="bbox 384 4857 1970 4982">
     <span class='ocr_line' id='line_1_97' title="bbox 384 4857 1970 4982; baseline 0.002 -16"><span class='ocrx_word' id='word_1_645' title='bbox 384 4857 670 4977; x_wconf 52' lang='lat' dir='ltr'><strong>“maio,</strong></span> <span class='ocrx_word' id='word_1_646' title='bbox 707 4911 908 4982; x_wconf 88' lang='lat' dir='ltr'><strong>inquit,</strong></span> <span class='ocrx_word' id='word_1_647' title='bbox 962 4911 1030 4967; x_wconf 90' lang='lat' dir='ltr'><strong>ad</strong></span> <span class='ocrx_word' id='word_1_648' title='bbox 1061 4911 1222 4969; x_wconf 87' lang='lat' dir='ltr'><strong>ﬁdem</strong></span> <span class='ocrx_word' id='word_1_649' title='bbox 1280 4911 1420 4968; x_wconf 87' lang='lat' dir='ltr'><strong>nihil</strong></span> <span class='ocrx_word' id='word_1_650' title='bbox 1453 4913 1835 4971; x_wconf 89' lang='lat' dir='ltr'><strong>contribuunt.</strong></span> <span class='ocrx_word' id='word_1_651' title='bbox 1890 4911 1970 4969; x_wconf 88' lang='lat' dir='ltr'><strong>Ne</strong></span> 
     </span>
    </p>
   </div>
   <div class='ocr_carea' id='block_1_97' title="bbox 382 5004 1964 5076">
    <p class='ocr_par' dir='ltr' id='par_1_97' title="bbox 382 5004 1964 5076">
     <span class='ocr_line' id='line_1_98' title="bbox 382 5004 1964 5076; baseline 0.002 -16"><span class='ocrx_word' id='word_1_652' title='bbox 382 5018 516 5076; x_wconf 76' lang='lat' dir='ltr'><strong>ergo</strong></span> <span class='ocrx_word' id='word_1_653' title='bbox 540 5004 920 5071; x_wconf 89' lang='lat' dir='ltr'><strong>contenderis,</strong></span> <span class='ocrx_word' id='word_1_654' title='bbox 980 5004 1095 5059; x_wconf 88' lang='lat' dir='ltr'><strong>noli</strong></span> <span class='ocrx_word' id='word_1_655' title='bbox 1136 5004 1477 5076; x_wconf 85' lang='lat' dir='ltr'><strong>perturbari.</strong></span> <span class='ocrx_word' id='word_1_656' title='bbox 1511 5004 1647 5061; x_wconf 89' lang='lat' dir='ltr'><strong>Nam</strong></span> <span class='ocrx_word' id='word_1_657' title='bbox 1680 5006 1815 5063; x_wconf 89' lang='lat' dir='ltr'><strong>ﬁdes</strong></span> <span class='ocrx_word' id='word_1_658' title='bbox 1844 5009 1964 5063; x_wconf 76' lang='lat' dir='ltr'><strong>ba‘c</strong></span> 
     </span>
    </p>
   </div>
   <div class='ocr_carea' id='block_1_98' title="bbox 383 5094 1966 5168">
    <p class='ocr_par' dir='ltr' id='par_1_98' title="bbox 383 5094 1966 5168">
     <span class='ocr_line' id='line_1_99' title="bbox 383 5094 1966 5168; baseline 0.003 -18"><span class='ocrx_word' id='word_1_659' title='bbox 383 5096 569 5151; x_wconf 86' lang='lat' dir='ltr'><strong>omnia</strong></span> <span class='ocrx_word' id='word_1_660' title='bbox 640 5096 872 5168; x_wconf 88' lang='lat' dir='ltr'><strong>pepulit.</strong></span> <span class='ocrx_word' id='word_1_661' title='bbox 910 5094 1097 5162; x_wconf 74' lang='lat' dir='ltr'><strong>&#39;Quod</strong></span> <span class='ocrx_word' id='word_1_662' title='bbox 1157 5104 1342 5154; x_wconf 87' lang='lat' dir='ltr'><strong>autem</strong></span> <span class='ocrx_word' id='word_1_663' title='bbox 1393 5098 1490 5166; x_wconf 85' lang='lat' dir='ltr'><strong>ait,</strong></span> <span class='ocrx_word' id='word_1_664' title='bbox 1551 5115 1655 5153; x_wconf 84' lang='lat' dir='ltr'><strong>non</strong></span> <span class='ocrx_word' id='word_1_665' title='bbox 1710 5100 1966 5167; x_wconf 78' lang='lat' dir='ltr'><strong>adducat,</strong></span> 
     </span>
    </p>
   </div>
   <div class='ocr_carea' id='block_1_99' title="bbox 386 5186 1966 5263">
    <p class='ocr_par' dir='ltr' id='par_1_99' title="bbox 386 5186 1966 5263">
     <span class='ocr_line' id='line_1_100' title="bbox 386 5186 1966 5263; baseline 0.002 -21"><span class='ocrx_word' id='word_1_666' title='bbox 386 5186 529 5245; x_wconf 88' lang='lat' dir='ltr'><strong>idem</strong></span> <span class='ocrx_word' id='word_1_667' title='bbox 563 5197 649 5244; x_wconf 89' lang='lat' dir='ltr'><strong>est</strong></span> <span class='ocrx_word' id='word_1_668' title='bbox 673 5202 759 5252; x_wconf 88' lang='lat' dir='ltr'><strong>ac,</strong></span> <span class='ocrx_word' id='word_1_669' title='bbox 795 5202 1143 5259; x_wconf 90' lang='lat' dir='ltr'><strong>nequaquam</strong></span> <span class='ocrx_word' id='word_1_670' title='bbox 1186 5204 1255 5244; x_wconf 82' lang='lat' dir='ltr'><strong>ex</strong></span> <span class='ocrx_word' id='word_1_671' title='bbox 1294 5188 1720 5249; x_wconf 87' lang='lat' dir='ltr'><strong>circumcisione</strong></span> <span class='ocrx_word' id='word_1_672' title='bbox 1748 5208 1966 5263; x_wconf 76' lang='lat' dir='ltr'><strong>praepu-</strong></span> 
     </span>
    </p>
   </div>
   <div class='ocr_carea' id='block_1_100' title="bbox 384 5279 886 5337">
    <p class='ocr_par' dir='ltr' id='par_1_100' title="bbox 384 5279 886 5337">
     <span class='ocr_line' id='line_1_101' title="bbox 384 5279 886 5337; baseline 0.008 -4"><span class='ocrx_word' id='word_1_673' title='bbox 384 5280 521 5335; x_wconf 87' lang='lat' dir='ltr'><strong>tium</strong></span> <span class='ocrx_word' id='word_1_674' title='bbox 559 5280 664 5337; x_wconf 89' lang='lat' dir='ltr'><strong>sibi</strong></span> <span class='ocrx_word' id='word_1_675' title='bbox 697 5279 886 5337; x_wconf 80' lang='lat' dir='ltr'><strong>faciat.</strong></span> 
     </span>
    </p>
   </div>
   <div class='ocr_carea' id='block_1_101' title="bbox 467 5371 1803 5448">
    <p class='ocr_par' dir='ltr' id='par_1_101' title="bbox 467 5371 1803 5448">
     <span class='ocr_line' id='line_1_102' title="bbox 467 5371 1803 5448; baseline 0.002 -22"><span class='ocrx_word' id='word_1_676' title='bbox 467 5391 487 5426; x_wconf 81' lang='grc' dir='ltr'><strong>ι</strong></span> <span class='ocrx_word' id='word_1_677' title='bbox 526 5371 635 5430; x_wconf 90' lang='lat' dir='ltr'><strong>Sed</strong></span> <span class='ocrx_word' id='word_1_678' title='bbox 663 5382 718 5430; x_wconf 90' lang='lat' dir='ltr'><strong>et</strong></span> <span class='ocrx_word' id='word_1_679' title='bbox 747 5371 797 5429; x_wconf 90' lang='lat' dir='ltr'><strong>si</strong></span> <span class='ocrx_word' id='word_1_680' title='bbox 829 5381 989 5445; x_wconf 91' lang='lat' dir='ltr'><strong>potes</strong></span> <span class='ocrx_word' id='word_1_681' title='bbox 1014 5372 1135 5431; x_wconf 90' lang='lat' dir='ltr'><strong>ﬁeri</strong></span> <span class='ocrx_word' id='word_1_682' title='bbox 1168 5374 1331 5442; x_wconf 90' lang='lat' dir='ltr'><strong>liber,</strong></span> <span class='ocrx_word' id='word_1_683' title='bbox 1364 5376 1543 5448; x_wconf 76' lang='lat' dir='ltr'><strong>magis</strong></span> <span class='ocrx_word' id='word_1_684' title='bbox 1571 5385 1745 5433; x_wconf 88' lang='lat' dir='ltr'><strong>utere.</strong></span> <span class='ocrx_word' id='word_1_685' title='bbox 1783 5395 1803 5429; x_wconf 75' lang='grc' dir='ltr'><strong>ι</strong></span> 
     </span>
    </p>
   </div>
   <div class='ocr_carea' id='block_1_102' title="bbox 454 5551 1965 5626">
    <p class='ocr_par' dir='ltr' id='par_1_102' title="bbox 454 5551 1965 5626">
     <span class='ocr_line' id='line_1_103' title="bbox 454 5551 1965 5626; baseline 0.003 -19"><span class='ocrx_word' id='word_1_686' title='bbox 454 5551 572 5607; x_wconf 80' lang='lat' dir='ltr'><strong>Hoc</strong></span> <span class='ocrx_word' id='word_1_687' title='bbox 600 5561 705 5621; x_wconf 88' lang='lat' dir='ltr'><strong>est,</strong></span> <span class='ocrx_word' id='word_1_688' title='bbox 738 5568 936 5611; x_wconf 84' lang='lat' dir='ltr'><strong>servus</strong></span> <span class='ocrx_word' id='word_1_689' title='bbox 977 5553 1058 5611; x_wconf 87' lang='lat' dir='ltr'><strong>sis</strong></span> <span class='ocrx_word' id='word_1_690' title='bbox 1097 5555 1306 5626; x_wconf 90' lang='lat' dir='ltr'><strong>potius.</strong></span> <span class='ocrx_word' id='word_1_691' title='bbox 1335 5556 1521 5612; x_wconf 77' lang='lat' dir='ltr'><strong>Eccnr</strong></span> <span class='ocrx_word' id='word_1_692' title='bbox 1553 5571 1686 5612; x_wconf 87' lang='lat' dir='ltr'><strong>vero</strong></span> <span class='ocrx_word' id='word_1_693' title='bbox 1713 5569 1838 5611; x_wconf 91' lang='lat' dir='ltr'><strong>eum</strong></span> <span class='ocrx_word' id='word_1_694' title='bbox 1869 5557 1965 5626; x_wconf 90' lang='lat' dir='ltr'><strong>qui</strong></span> 
     </span>
    </p>
   </div>
   <div class='ocr_carea' id='block_1_103' title="bbox 386 5645 1965 5728">
    <p class='ocr_par' dir='ltr' id='par_1_103' title="bbox 386 5645 1965 5728">
     <span class='ocr_line' id='line_1_104' title="bbox 386 5645 1965 5728; baseline 0.002 -26"><span class='ocrx_word' id='word_1_695' title='bbox 386 5645 523 5728; x_wconf 65' lang='lat' dir='ltr'><strong>iiber</strong></span> <span class='ocrx_word' id='word_1_696' title='bbox 558 5661 682 5725; x_wconf 83' lang='lat' dir='ltr'><strong>esse</strong></span> <span class='ocrx_word' id='word_1_697' title='bbox 713 5648 914 5718; x_wconf 89' lang='lat' dir='ltr'><strong>possit,</strong></span> <span class='ocrx_word' id='word_1_698' title='bbox 968 5663 1189 5705; x_wconf 81' lang='lat' dir='ltr'><strong>servum</strong></span> <span class='ocrx_word' id='word_1_699' title='bbox 1222 5663 1447 5704; x_wconf 87' lang='lat' dir='ltr'><strong>manere</strong></span> <span class='ocrx_word' id='word_1_700' title='bbox 1494 5648 1783 5718; x_wconf 77' lang='lat' dir='ltr'><strong>praecipit?</strong></span> <span class='ocrx_word' id='word_1_701' title='bbox 1834 5647 1965 5705; x_wconf 82' lang='lat' dir='ltr'><strong>Vult</strong></span> 
     </span>
    </p>
   </div>
   <div class='ocr_carea' id='block_1_104' title="bbox 2088 4459 3673 4534">
    <p class='ocr_par' dir='ltr' id='par_1_104' title="bbox 2088 4459 3673 4534">
     <span class='ocr_line' id='line_1_105' title="bbox 2088 4459 3673 4534; baseline 0.003 -19"><span class='ocrx_word' id='word_1_702' title='bbox 2088 4460 2153 4515; x_wconf 82' lang='lat' dir='ltr'><strong>&#39;H</strong></span> <span class='ocrx_word' id='word_1_703' title='bbox 2183 4460 2458 4534; x_wconf 82' lang='grc' dir='ltr'>περιτομὴ</span> <span class='ocrx_word' id='word_1_704' title='bbox 2495 4459 2652 4515; x_wconf 83' lang='grc' dir='ltr'>οὐδέν</span> <span class='ocrx_word' id='word_1_705' title='bbox 2707 4462 2875 4528; x_wconf 74' lang='grc' dir='ltr'>ἐστιν,</span> <span class='ocrx_word' id='word_1_706' title='bbox 2936 4460 3033 4515; x_wconf 70' lang='grc' dir='ltr'><strong>καὶ</strong></span> <span class='ocrx_word' id='word_1_707' title='bbox 3067 4462 3465 4534; x_wconf 80' lang='grc' dir='ltr'>ὴάκροϐυστία</span> <span class='ocrx_word' id='word_1_708' title='bbox 3512 4464 3673 4519; x_wconf 78' lang='grc' dir='ltr'>οὐδέν</span> 
     </span>
    </p>
   </div>
   <div class='ocr_carea' id='block_1_105' title="bbox 2072 4552 3671 4631">
    <p class='ocr_par' dir='ltr' id='par_1_105' title="bbox 2072 4552 3671 4631">
     <span class='ocr_line' id='line_1_106' title="bbox 2072 4552 3671 4631; baseline 0.003 -23"><span class='ocrx_word' id='word_1_709' title='bbox 2072 4556 2246 4621; x_wconf 71' lang='grc' dir='ltr'>ἐστιν,</span> <span class='ocrx_word' id='word_1_710' title='bbox 2281 4554 2423 4609; x_wconf 85' lang='grc' dir='ltr'>ἀλλὰ</span> <span class='ocrx_word' id='word_1_711' title='bbox 2462 4555 2700 4626; x_wconf 77' lang='grc' dir='ltr'>τήρησις</span> <span class='ocrx_word' id='word_1_712' title='bbox 2732 4552 2965 4609; x_wconf 70' lang='grc' dir='ltr'>ἐντολῶν</span> <span class='ocrx_word' id='word_1_713' title='bbox 3017 4553 3175 4607; x_wconf 83' lang='grc' dir='ltr'>Θεοῦ.</span> <span class='ocrx_word' id='word_1_714' title='bbox 3215 4556 3486 4621; x_wconf 84' lang='grc' dir='ltr'>Ἕκαστος</span> <span class='ocrx_word' id='word_1_715' title='bbox 3510 4559 3570 4612; x_wconf 76' lang='grc' dir='ltr'>ὲν</span> <span class='ocrx_word' id='word_1_716' title='bbox 3597 4561 3671 4631; x_wconf 71' lang='grc' dir='ltr'><strong>τῇ</strong></span> 
     </span>
    </p>
   </div>
   <div class='ocr_carea' id='block_1_106' title="bbox 2071 4640 3669 4725">
    <p class='ocr_par' dir='ltr' id='par_1_106' title="bbox 2071 4640 3669 4725">
     <span class='ocr_line' id='line_1_107' title="bbox 2071 4640 3669 4725; baseline 0.002 -23"><span class='ocrx_word' id='word_1_717' title='bbox 2071 4648 2267 4720; x_wconf 84' lang='grc' dir='ltr'>κλήσει</span> <span class='ocrx_word' id='word_1_718' title='bbox 2304 4649 2362 4702; x_wconf 80' lang='grc' dir='ltr'>ὲν</span> <span class='ocrx_word' id='word_1_719' title='bbox 2387 4640 2423 4720; x_wconf 76' lang='grc' dir='ltr'>ᾖ</span> <span class='ocrx_word' id='word_1_720' title='bbox 2452 4646 2683 4719; x_wconf 74' lang='grc' dir='ltr'>ἐκλήθη,</span> <span class='ocrx_word' id='word_1_721' title='bbox 2721 4648 2780 4702; x_wconf 79' lang='grc' dir='ltr'>ὲν</span> <span class='ocrx_word' id='word_1_722' title='bbox 2802 4648 2982 4724; x_wconf 80' lang='grc' dir='ltr'>ταύτῃ</span> <span class='ocrx_word' id='word_1_723' title='bbox 3008 4651 3241 4721; x_wconf 83' lang='grc' dir='ltr'>μενέτω.</span> <span class='ocrx_word' id='word_1_724' title='bbox 3271 4652 3470 4717; x_wconf 83' lang='grc' dir='ltr'>Δοῦλος</span> <span class='ocrx_word' id='word_1_725' title='bbox 3498 4652 3669 4725; x_wconf 54' lang='lat' dir='ltr'><strong>eam].</strong></span> 
     </span>
    </p>
   </div>
   <div class='ocr_carea' id='block_1_107' title="bbox 2072 4738 2769 4813">
    <p class='ocr_par' dir='ltr' id='par_1_107' title="bbox 2072 4738 2769 4813">
     <span class='ocr_line' id='line_1_108' title="bbox 2072 4738 2769 4813; baseline -0.004 -19"><span class='ocrx_word' id='word_1_726' title='bbox 2072 4739 2172 4813; x_wconf 87' lang='grc' dir='ltr'><strong>θης</strong></span> <span class='ocrx_word' id='word_1_727' title='bbox 2206 4757 2221 4808; x_wconf 89' lang='lat'><strong>;</strong></span> <span class='ocrx_word' id='word_1_728' title='bbox 2266 4740 2341 4812; x_wconf 87' lang='grc' dir='ltr'>μή</span> <span class='ocrx_word' id='word_1_729' title='bbox 2367 4754 2450 4792; x_wconf 88' lang='grc' dir='ltr'><strong>σοι</strong></span> <span class='ocrx_word' id='word_1_730' title='bbox 2487 4738 2719 4810; x_wconf 86' lang='grc' dir='ltr'>μελέτω.</span> <span class='ocrx_word' id='word_1_731' title='bbox 2750 4757 2769 4791; x_wconf 77' lang='grc' dir='ltr'><strong>ι</strong></span> 
     </span>
    </p>
   </div>
   <div class='ocr_carea' id='block_1_108' title="bbox 2138 4916 3667 5000">
    <p class='ocr_par' dir='ltr' id='par_1_108' title="bbox 2138 4916 3667 5000">
     <span class='ocr_line' id='line_1_109' title="bbox 2138 4916 3667 5000; baseline 0.007 -29"><span class='ocrx_word' id='word_1_732' title='bbox 2138 4916 2358 4983; x_wconf 82' lang='grc' dir='ltr'>Ταῦτα,</span> <span class='ocrx_word' id='word_1_733' title='bbox 2381 4916 2571 4989; x_wconf 73' lang='grc' dir='ltr'>φησὶν,</span> <span class='ocrx_word' id='word_1_734' title='bbox 2604 4919 2686 4982; x_wconf 88' lang='grc' dir='ltr'><strong>εἰς</strong></span> <span class='ocrx_word' id='word_1_735' title='bbox 2725 4916 2825 4990; x_wconf 77' lang='grc' dir='ltr'>τὴν</span> <span class='ocrx_word' id='word_1_736' title='bbox 2853 4920 3038 4975; x_wconf 86' lang='grc' dir='ltr'>πίστιν</span> <span class='ocrx_word' id='word_1_737' title='bbox 3068 4921 3223 4977; x_wconf 82' lang='grc' dir='ltr'>οὐδὲν</span> <span class='ocrx_word' id='word_1_738' title='bbox 3286 4925 3550 4992; x_wconf 82' lang='grc' dir='ltr'>συντελεῖ,</span> <span class='ocrx_word' id='word_1_739' title='bbox 3587 4926 3667 5000; x_wconf 76' lang='grc' dir='ltr'>μὴ</span> 
     </span>
    </p>
   </div>
   <div class='ocr_carea' id='block_1_109' title="bbox 2069 5008 3670 5089">
    <p class='ocr_par' dir='ltr' id='par_1_109' title="bbox 2069 5008 3670 5089">
     <span class='ocr_line' id='line_1_110' title="bbox 2069 5008 3670 5089; baseline 0.006 -25"><span class='ocrx_word' id='word_1_740' title='bbox 2069 5008 2251 5064; x_wconf 86' lang='grc' dir='ltr'>τοίνυν</span> <span class='ocrx_word' id='word_1_741' title='bbox 2310 5008 2650 5080; x_wconf 83' lang='grc' dir='ltr'>φιλονείκει,</span> <span class='ocrx_word' id='word_1_742' title='bbox 2718 5010 2856 5084; x_wconf 71' lang='grc' dir='ltr'>μηδὲ</span> <span class='ocrx_word' id='word_1_743' title='bbox 2906 5012 3162 5084; x_wconf 83' lang='grc' dir='ltr'>θορυϐοὖ.</span> <span class='ocrx_word' id='word_1_744' title='bbox 3207 5016 3271 5070; x_wconf 87' lang='grc' dir='ltr'><strong>Ἦ</strong></span> <span class='ocrx_word' id='word_1_745' title='bbox 3315 5017 3425 5089; x_wconf 82' lang='grc' dir='ltr'>γὰρ</span> <span class='ocrx_word' id='word_1_746' title='bbox 3480 5019 3670 5085; x_wconf 87' lang='grc' dir='ltr'>πίστις</span> 
     </span>
    </p>
   </div>
   <div class='ocr_carea' id='block_1_110' title="bbox 2072 5103 3671 5179">
    <p class='ocr_par' dir='ltr' id='par_1_110' title="bbox 2072 5103 3671 5179">
     <span class='ocr_line' id='line_1_111' title="bbox 2072 5103 3671 5179; baseline 0.005 -20"><span class='ocrx_word' id='word_1_747' title='bbox 2072 5106 2252 5161; x_wconf 86' lang='grc' dir='ltr'>πάντα</span> <span class='ocrx_word' id='word_1_748' title='bbox 2282 5103 2507 5172; x_wconf 70' lang='grc' dir='ltr'>ἐξέϐαλε</span> <span class='ocrx_word' id='word_1_749' title='bbox 2541 5103 2739 5162; x_wconf 82' lang='grc' dir='ltr'>ταῦτα.</span> <span class='ocrx_word' id='word_1_750' title='bbox 2773 5107 2848 5161; x_wconf 84' lang='grc' dir='ltr'><strong>Τὸ</strong></span> <span class='ocrx_word' id='word_1_751' title='bbox 2874 5108 2934 5162; x_wconf 76' lang='grc' dir='ltr'>δὲ</span> <span class='ocrx_word' id='word_1_752' title='bbox 2953 5149 2967 5174; x_wconf 93' lang='grc'><strong>,</strong></span> <span class='ocrx_word' id='word_1_753' title='bbox 2987 5108 3077 5179; x_wconf 79' lang='grc' dir='ltr'>μὴ</span> <span class='ocrx_word' id='word_1_754' title='bbox 3105 5110 3486 5176; x_wconf 81' lang='grc' dir='ltr'>ἐπισπάσθω,</span> <span class='ocrx_word' id='word_1_755' title='bbox 3540 5113 3671 5167; x_wconf 70' lang='grc' dir='ltr'>ἀντὶ</span> 
     </span>
    </p>
   </div>
   <div class='ocr_carea' id='block_1_111' title="bbox 2069 5197 3411 5273">
    <p class='ocr_par' dir='ltr' id='par_1_111' title="bbox 2069 5197 3411 5273">
     <span class='ocr_line' id='line_1_112' title="bbox 2069 5197 3411 5273; baseline 0.004 -21"><span class='ocrx_word' id='word_1_756' title='bbox 2069 5197 2188 5266; x_wconf 84' lang='grc' dir='ltr'>τοῦ,</span> <span class='ocrx_word' id='word_1_757' title='bbox 2221 5198 2299 5271; x_wconf 84' lang='grc' dir='ltr'>μὴ</span> <span class='ocrx_word' id='word_1_758' title='bbox 2328 5200 2392 5252; x_wconf 75' lang='grc' dir='ltr'>ἐκ</span> <span class='ocrx_word' id='word_1_759' title='bbox 2415 5199 2726 5271; x_wconf 84' lang='grc' dir='ltr'>περιτομῆς</span> <span class='ocrx_word' id='word_1_760' title='bbox 2764 5200 3132 5273; x_wconf 88' lang='grc' dir='ltr'>ἀκροϐυστίαν</span> <span class='ocrx_word' id='word_1_761' title='bbox 3164 5202 3411 5259; x_wconf 88' lang='grc' dir='ltr'>ποιείτω.</span> 
     </span>
    </p>
   </div>
   <div class='ocr_carea' id='block_1_112' title="bbox 2155 5380 3667 5458">
    <p class='ocr_par' dir='ltr' id='par_1_112' title="bbox 2155 5380 3667 5458">
     <span class='ocr_line' id='line_1_113' title="bbox 2155 5380 3667 5458; baseline 0.003 -21"><span class='ocrx_word' id='word_1_762' title='bbox 2155 5380 2296 5437; x_wconf 81' lang='grc' dir='ltr'>Ἀλλ’</span> <span class='ocrx_word' id='word_1_763' title='bbox 2324 5382 2375 5435; x_wconf 80' lang='lat' dir='ltr'><strong>el</strong></span> <span class='ocrx_word' id='word_1_764' title='bbox 2411 5381 2508 5434; x_wconf 73' lang='grc' dir='ltr'>καὶ</span> <span class='ocrx_word' id='word_1_765' title='bbox 2528 5381 2758 5437; x_wconf 90' lang='grc' dir='ltr'>δύνασαι</span> <span class='ocrx_word' id='word_1_766' title='bbox 2781 5382 3068 5457; x_wconf 72' lang='grc' dir='ltr'>ἐλεύθερος</span> <span class='ocrx_word' id='word_1_767' title='bbox 3113 5386 3393 5454; x_wconf 85' lang='grc' dir='ltr'>γενέσθαι,</span> <span class='ocrx_word' id='word_1_768' title='bbox 3451 5384 3667 5458; x_wconf 77' lang='grc' dir='ltr'>μᾶλλον</span> 
     </span>
    </p>
   </div>
   <div class='ocr_carea' id='block_1_113' title="bbox 2183 5488 2335 5527">
    <p class='ocr_par' dir='ltr' id='par_1_113' title="bbox 2183 5488 2335 5527">
     <span class='ocr_line' id='line_1_114' title="bbox 2183 5488 2335 5527; baseline -0.013 -2"><span class='ocrx_word' id='word_1_769' title='bbox 2183 5488 2294 5527; x_wconf 89' lang='grc' dir='ltr'>σαι.</span> <span class='ocrx_word' id='word_1_770' title='bbox 2316 5489 2335 5523; x_wconf 64' lang='grc' dir='ltr'><strong><em>ὓ</em></strong></span> 
     </span>
    </p>
   </div>
   <div class='ocr_carea' id='block_1_114' title="bbox 2075 5490 3669 5639">
    <p class='ocr_par' dir='ltr' id='par_1_114' title="bbox 2075 5490 3669 5639">
     <span class='ocr_line' id='line_1_115' title="bbox 2183 5490 2335 5527; baseline -0.013 -2"><span class='ocrx_word' id='word_1_771' title='bbox 2183 5490 2335 5527; x_wconf 73' lang='grc' dir='ltr'>σαι.»</span> 
     </span>
     <span class='ocr_line' id='line_1_116' title="bbox 2075 5490 3669 5639; baseline 0.003 -21"><span class='ocrx_word' id='word_1_772' title='bbox 2075 5490 2398 5618; x_wconf 48' lang='grc' dir='ltr'><strong>κεῖἓουϊτέστι</strong></span> <span class='ocrx_word' id='word_1_773' title='bbox 2436 5602 2452 5628; x_wconf 91' lang='grc'><strong>,</strong></span> <span class='ocrx_word' id='word_1_774' title='bbox 2512 5563 2714 5633; x_wconf 83' lang='grc' dir='ltr'>μᾶλλον</span> <span class='ocrx_word' id='word_1_775' title='bbox 2770 5563 3009 5621; x_wconf 85' lang='grc' dir='ltr'>δούλευε.</span> <span class='ocrx_word' id='word_1_776' title='bbox 3062 5567 3177 5621; x_wconf 70' lang='grc' dir='ltr'><strong>Καὶ</strong></span> <span class='ocrx_word' id='word_1_777' title='bbox 3228 5567 3281 5620; x_wconf 88' lang='grc' dir='ltr'><strong>τί</strong></span> <span class='ocrx_word' id='word_1_778' title='bbox 3319 5566 3522 5639; x_wconf 76' lang='grc' dir='ltr'>δήποτε</span> <span class='ocrx_word' id='word_1_779' title='bbox 3568 5566 3669 5623; x_wconf 72' lang='grc' dir='ltr'>τὸν</span> 
     </span>
    </p>
   </div>
   <div class='ocr_carea' id='block_1_115' title="bbox 2069 5654 3663 5731">
    <p class='ocr_par' dir='ltr' id='par_1_115' title="bbox 2069 5654 3663 5731">
     <span class='ocr_line' id='line_1_117' title="bbox 2069 5654 3663 5731; baseline 0.004 -21"><span class='ocrx_word' id='word_1_780' title='bbox 2069 5654 2369 5724; x_wconf 84' lang='grc' dir='ltr'>δυνάμενον</span> <span class='ocrx_word' id='word_1_781' title='bbox 2426 5654 2885 5728; x_wconf 77' lang='grc' dir='ltr'>ἐλευθερωθῆναι,</span> <span class='ocrx_word' id='word_1_782' title='bbox 2943 5658 3159 5714; x_wconf 87' lang='grc' dir='ltr'>κελεύει</span> <span class='ocrx_word' id='word_1_783' title='bbox 3194 5662 3378 5730; x_wconf 87' lang='grc' dir='ltr'>μεῖναι</span> <span class='ocrx_word' id='word_1_784' title='bbox 3417 5659 3606 5717; x_wconf 83' lang='grc' dir='ltr'>δοῦλον</span> <span class='ocrx_word' id='word_1_785' title='bbox 3642 5677 3663 5731; x_wconf 80' lang='lat'><strong>;</strong></span> 
     </span>
    </p>
   </div>
  </div>
