3972 6380
238 441 338 503 625
1400 442 1481 501 ΙΝ
1528 444 1766 503 EPIST.
1818 482 1830 501 α

1961 446 2322 509 CORINTH.
2359 449 2409 507 Ι.
3400 454 3504 515 626

237 556 398 608 θέλων
456 551 655 621 δεῖξαι,
709 553 793 608 ὅτι
846 553 999 608 οὐδὲν
1050 552 1276 624 βλάπτει
1306 555 1339 626 ἡ
1372 554 1628 624 δουλεία,
1685 558 1825 612 ἀλλὰ

1939 559 2197 616 nimirum
2231 563 2543 628 ostendere,
2576 562 2711 619 nihil
2748 563 3069 620 servitutem
3096 578 3314 630 nocere,
3339 566 3507 636 quin-

237 648 321 701 καὶ
346 645 569 716 ὠφελεῖ.

1939 656 2043 710 imo
2078 657 2364 725 prodesse.

303 759 324 791 ι
370 739 429 792 ’0
460 738 570 809 γὰρ
603 741 663 792 ὲν
713 738 903 810 Κυρίῳ
929 738 1147 810 κληθεὶς
1168 738 1383 808 δοῦλος,
1429 736 1812 813 ἀπελεύθερος

1997 746 2167 805 Vens.
2201 748 2294 805 22.
2341 768 2359 801 ί
2392 749 2499 815 Qui
2555 747 2703 805 enim
2763 748 2819 802 in
2878 747 3112 805 Domino
3160 758 3388 806 vocatus
3418 757 3506 804 est

235 830 436 901 Κυρίου
461 830 633 885 ἐστίν.
657 829 896 900 Ὁμοίως
920 830 1012 885 καὶ
1043 832 1072 884 6
1100 830 1389 904 ἐλεύθερος
1417 832 1667 904 κληθεὶς,
1691 833 1814 887 δοῦ-

1939 854 2144 904 servus,
2177 839 2413 896 libertus
2452 847 2538 896 est
2566 838 2800 895 Christi.
2847 838 3119 896 Similiter
3152 848 3207 896 et
3234 841 3331 912 qui
3362 841 3505 896 liber

236 920 319 984 λός
347 923 465 974 ἐστι
486 919 747 991 Χριστοῦ.
785 940 804 972 ι

1939 936 2159 984 vocatus
2193 936 2301 993 est,
2334 944 2528 985 servus
2556 937 2642 985 est
2676 927 2904 983 Christi.
2936 946 2954 980 ι

303 1014 445 1082 Ὅρα
480 1011 597 1075 πῶς
644 1012 1081 1085 παρεμυθήσατο
1134 1013 1232 1085 τὴν
1264 1014 1512 1069 δουλείαν
1546 1031 1559 1045 ·
1592 1014 1686 1069 τόν
1717 1016 1817 1089 μὲν

2001 1018 2138 1076 Vide
2193 1031 2405 1091 quanto
2452 1021 2722 1076 solamine
2786 1006 3109 1077 servitutem
3164 1019 3389 1075 leniat:
3448 1031 3506 1074 ut

238 1104 571 1174 καλούμενον
633 1103 826 1159 δοῦλον
860 1147 874 1170 ,
921 1105 1290 1178 ἀπελεύθερον
1346 1101 1487 1161 εἶναι
1533 1108 1772 1180 Χριστοῦ
1802 1126 1816 1141 ο

1939 1127 2078 1175 :nm,
2113 1102 2231 1181 qui,
2263 1112 2393 1167 dum
2428 1127 2623 1168 servus
2657 1120 2799 1178 erat,
2830 1120 3061 1169 vocatus
3088 1111 3213 1175 fuit,
3246 1111 3504 1166 libertum

236 1197 322 1249 τὸν
359 1195 418 1249 δὲ
454 1195 795 1267 καλούμενον
856 1196 1164 1270 ἐλεύθερον,
1220 1197 1405 1252 δοῦλον
1442 1197 1618 1267 λέγων
1681 1200 1819 1269 Χρι-

1939 1202 2078 1258 lieat
2123 1202 2381 1257 Christi:
2446 1205 2690 1275 itemque
2754 1218 2974 1260 servum
3027 1202 3288 1273 appellet,
3349 1202 3504 1258 illum

239 1288 382 1343 στοῦ.
425 1288 597 1342 Πλέον
616 1306 670 1343 τι
697 1288 776 1360 τῷ
829 1288 1002 1361 δούλῳ
1023 1292 1080 1346 ἐν
1108 1290 1185 1361 τῷ
1224 1291 1370 1363 λόγῳ
1419 1292 1616 1359 διδοὺς,
1651 1295 1701 1347 εί
1728 1295 1822 1348 καὶ

1939 1293 2022 1364 lui
2076 1304 2305 1350 vneatus
2356 1294 2460 1349 fuit
2510 1295 2735 1366 quando
2766 1294 2907 1348 liber
2934 1300 3076 1348 erat.
3112 1291 3215 1347 Ubi
3251 1291 3505 1346 nonnihil

240 1388 311 1458 μὴ
367 1389 478 1441 ίσοι
525 1388 831 1459 ἀμφότεροι
890 1387 1035 1441 κατά
1091 1388 1182 1441 τὸν
1254 1389 1357 1455 τῆς
1416 1388 1669 1460 κλήσεως
1734 1389 1821 1443 λό-

1939 1380 2163 1451 amplius
2219 1397 2383 1438 servo
2428 1384 2645 1447 tribuit,
2672 1383 2918 1438 'tametsi
2940 1381 3171 1453 utrique
3201 1381 3316 1437 sint
3341 1396 3506 1437 voca;-

236 1496 346 1548 γον.

1939 1473 2078 1527 ,ἰοηε
2112 1488 2296 1545 pares.

307 1591 327 1622 ι
362 1571 546 1641 Τιμῆς
580 1571 948 1645 ἠγοράσθητε,
980 1572 1057 1643 μὴ
1096 1569 1312 1640 γίνεσθε
1366 1570 1544 1626 δοῦλοι
1612 1571 1825 1642 ἀνθρώ-

1996 1577 2165 1633 Vens.
2198 1578 2394 1635 23-60.
2431 1597 2449 1629 ι
2496 1578 2680 1633 Pretio
2729 1577 2902 1649 empti
2954 1578 3112 1643 estis,
3165 1578 3337 1633 nolite
3390 1577 3505 1632 ﬁeri

237 1681 371 1717 πων.
417 1663 694 1759 Ἕκαστρς
744 1665 801 1717 ἐν
843 1656 887 1734 ᾧ
934 1663 1167 1733 ἐκλήθη,
1222 1663 1465 1734 ἀδελφοὶ,
1529 1665 1589 1718 ὲν
1646 1665 1822 1737 τούτῳ

1939 1669 2071 1724 servi
2105 1668 2414 1723 hominum.
2449 1668 2847 1739 Unusquisque
2896 1670 2950 1723 in
2985 1684 3099 1739 quo
3130 1677 3364 1724 vocatus
3399 1676 3508 1730 est,

238 1755 451 1822 μενέτω
481 1754 641 1826 παρᾶ
664 1754 806 1826 Θεῷ.
836 1755 972 1824 Περὶ
998 1754 1056 1808 δὲ
1086 1754 1195 1808 τῶν
1224 1755 1513 1827 παρθένων
1553 1756 1823 1828 ἐπιταγὴν

1939 1760 2150 1825 fratres,
2182 1761 2236 1815 in
2272 1762 2373 1817 hoc
2406 1770 2727 1831 permaneat
2756 1761 2901 1832 apud
2943 1760 3137 1817 Deum.
3166 1758 3241 1815 De
3271 1759 3507 1831 virgini-

236 1849 443 1921 Κυρίου
498 1848 600 1901 οὐκ
654 1847 784 1921 ἔχω,
841 1848 1066 1920 γνώμην
1095 1847 1153 1902 δὲ
1180 1847 1374 1920 δίδωμι
1402 1848 1478 1913 ὡς
1520 1848 1822 1920 ἠλεημένος

1939 1856 2031 1915 bus
2066 1861 2250 1908 autem
2283 1861 2619 1924 praeceptum
2667 1852 2880 1909 Domini
2930 1870 3040 1909 non
3091 1852 3292 1918 habeo,
3322 1852 3509 1907 consi-

237 1939 342 1993 ὖπδ
368 1938 581 2011 Κυρίου
611 1939 803 2002 πιστός
833 1937 997 1993 εἶναι.
1043 1937 1273 2011 Νομίζω
1299 1939 1392 1994 οὖν
1441 1939 1601 1994 τοῦτο
1658 1941 1823 1995 καλὸν

1939 1946 2068 2000 lium
2106 1954 2291 2001 autem
2328 1946 2420 2011 do,
2446 1955 2707 2017 tanquam
2757 1944 3194 2001 misericordiam
3237 1960 3509 2000 conscen-

236 2032 508 2104 ὑπάρχειν
554 2031 641 2086 διὰ
675 2031 777 2103 τὴν
824 2031 1134 2086 ἐνεστῶσαν
1187 2032 1456 2104 ἀνάγκην,
1523 2033 1607 2087 ὅτι
1661 2034 1823 2088 καλὸν

1939 2046 2079 2093 lusa
2117 2035 2355 2092 Domino
2406 2044 2468 2090 ut
2514 2037 2617 2092 sim
2671 2036 2868 2091 ﬁdelis.
2918 2036 3209 2092 Existimo.
3243 2050 3375 2105 ergo
3403 2035 3511 2089 hoc

234 2120 517 2193 ἀνθρώπῳ
570 2121 634 2173 τὸ
680 2119 857 2186 οὕτως
917 2117 1079 2177 εἶναι.
1152 2122 1377 2176 Δέδεσαι
1444 2124 1703 2193 γυναικί;
1749 2123 1823 2196 μὴ

1939 2132 2139 2186 bonum
2205 2144 2331 2186 esse
2420 2136 2646 2200 prepter
2720 2128 3018 2184 instantem
3088 2129 3507 2192 necessitatem,

236 2213 391 2283 ζήτει
448 2212 604 2266 λύσιν
637 2227 652 2243 ⁸
701 2211 928 2266 λέλυσαι
961 2212 1074 2267 ἀπὸ
1099 2214 1361 2281 γυναικός
1388 2231 1403 2282 ;
1435 2214 1513 2284 μὴ
1547 2216 1700 2286 ζήτει
1724 2233 1824 2285 γυ-

1939 2222 2196 2294 quoniam
2221 2221 2429 2278 bonum
2478 2227 2565 2276 est
2603 2219 2813 2275 homini
2862 2219 2943 2275 sic
2970 2235 3111 2276 esse.
3148 2220 3419 2290 Alligatus
3451 2234 3512 2273 es

234 2306 424 2359 ναῖκα.
472 2302 599 2359 Ἐἀν
633 2303 693 2357 δὲ
715 2305 925 2376 γήμῃς,
950 2306 1049 2375 οὐχ
1068 2304 1317 2378 ἥμαρτες
1341 2323 1355 2339 ⁹
1395 2308 1490 2361 καὶ
1542 2307 1639 2361 ἐὰν
1669 2310 1824 2382 γήμῃ

1939 2315 2135 2371 uxori?
2185 2314 2299 2369 noli
2353 2328 2603 2385 quaerere
2678 2310 3034 2368 solutionem.
3085 2311 3313 2368 Solutus
3348 2326 3409 2366 es
3443 2309 3513 2364 ah

233 2400 268 2467 ἡ
292 2396 570 2468 παρθένος
591 2436 606 2460 ,
636 2397 736 2468 οὐχ
786 2396 1006 2469 ἥμαρτε
1032 2413 1046 2429 ⁶
1090 2397 1271 2468 θλῖψιν
1291 2398 1347 2453 δὲ
1377 2402 1442 2472 τῇ
1476 2402 1638 2473 σαρκὶ
1670 2401 1825 2468 ἔξου-

1939 2406 2142 2463 uxore?
2169 2406 2283 2462 noli
2331 2420 2585 2476 quaerere
2623 2420 2877 2460 uxorem.
2914 2402 2973 2458 Si
3004 2412 3188 2459 autem
3222 2401 3512 2472 acceperis

237 2508 323 2544 σιν
369 2492 418 2545 oi
458 2490 713 2548 τοιοῦτοι.
756 2491 900 2560 Ἐγὼ
926 2490 984 2544 δὲ
1030 2490 1186 2563 ὑμῶν
1234 2491 1514 2563 φείδομαι.
1558 2493 1732 2548 Τοῦτο
1767 2493 1827 2549 δέ

1939 2511 2179 2561 uxorem,
2208 2503 2329 2550 non
2381 2493 2663 2565 peccasti;
2698 2502 2751 2548 ct
2804 2492 2849 2549 si
2904 2492 3160 2563 nupserit
3187 2491 3367 2562 virgo,
3401 2504 3513 2544 non

244 2605 414 2657 φημι,
458 2588 706 2657 ἀδελφοῖ,
729 2588 815 2642 ὅτι
847 2588 877 2641 6
898 2588 1089 2660 καιρὸς
1114 2589 1539 2660 συνεσταλμένος
1565 2589 1627 2644 τδ
1643 2589 1828 2643 λοιπόν

1939 2588 2222 2659 peccavit:
2278 2586 2697 2642 tribulationem
2750 2595 2936 2641 autem
2988 2585 3181 2641 carnis
3224 2582 3513 2639 habebunt

242 2684 395 2734 ἐστιν
419 2696 435 2711 ⁸
471 2681 560 2735 ἵνα
594 2682 689 2735 καλ⁹
718 2682 769 2734 οἱ
799 2679 1017 2752 ἔχοντες
1070 2682 1357 2749 γυναῖκας,
1387 2680 1462 2745 ὡς
1511 2681 1597 2754 μὴ
1616 2682 1829 2754 ἔχοντες

1939 2678 2226 2753 ejusmodi.
2268 2676 2381 2750 Ego
2446 2683 2630 2733 autem
2684 2678 2844 2732 vobis
2907 2690 3096 2747 pareo.
3153 2674 3268 2729 lloe
3325 2674 3515 2743 itaque

242 2767 378 2826 ὦσιν
406 2787 422 2801 ⁶
479 2772 577 2825 καὶ
605 2771 657 2825 οἱ
700 2770 1018 2839 κλαίοντες,
1059 2771 1137 2835 ὡς
1175 2771 1251 2844 μὴ
1288 2771 1570 2837 κλαίοντες
1595 2790 1608 2803 ·
1650 2775 1744 2828 καὶ
1778 2776 1828 2827 οἱ

1939 2774 2078 2839 dico,
2117 2772 2316 2826 fratres
2351 2789 2364 2825 :
2415 2779 2636 2840 tempus
2688 2767 2860 2824 breve
2906 2767 3185 2837 reliquum
3216 2772 3334 2831 est;
3366 2770 3428 2819 ut
3457 2769 3515 2819 et

241 2864 550 2936 χαίροντεῶ
590 2864 666 2929 ὡς
715 2864 791 2936 μὴ
842 2863 1136 2935 Χαίροντες
1172 2878 1186 2892 ⁸
1230 2864 1325 2919 καὶ
1354 2866 1403 2918 oi
1442 2864 1826 2936 ἀγοράζοντες,

239 2956 316 3019 ὡς
350 2955 425 3027 μὴ
456 2955 786 3027 κατέχοντες
816 2971 831 2985 ’
864 2956 959 3009 καὶ
992 2955 1042 3009 οἱ
1071 2956 1344 3028 χρώμενοι
1373 2956 1450 3027 τῷ
1482 2958 1673 3030 κόσμῳ
1701 2958 1828 3011 τού-

238 3064 352 3118 τῳ,
393 3048 470 3113 ὡς
518 3047 594 3119 μὴ
633 3046 1071 3120 καταχρώμενοι·
1105 3048 1345 3118 παράγει
1391 3049 1501 3117 γὰρ
1550 3049 1611 3103 τὸ
1641 3053 1827 3121 σχῆμα

239 3138 336 3192 τοῦ
363 3139 579 3210 κόσμου
606 3137 821 3194 τούτου.
858 3139 1008 3193 Θέλω
1024 3139 1081 3193 δὲ
1114 3139 1260 3211 ὑμᾶς
1294 3141 1639 3213 ἀμερίμνους
1663 3137 1825 3196 εἶναι’

1932 2866 2027 2936 qui
2073 2865 2277 2919 habent
2322 2876 2546 2928 uxores,
2604 2869 2864 2931 tanquam
2913 2874 3024 2915 non
3058 2858 3330 2913 habentes
3362 2854 3513 2919 sint;

1930 2965 1987 3014 ct
2018 2956 2113 3029 qni
2147 2955 2302 3021 llcut,
2336 2963 2598 3025 tanquam
2627 2967 2737 3008 non
2767 2953 3005 3019 ﬂentes;
3041 2959 3095 3007 et
3123 2949 3221 3022 qui
3249 2948 3515 3021 gaudent,

1934 3060 2202 3121 tanquam
2249 3063 2357 3104 non
2390 3047 2726 3119 gaudentes;
2760 3055 2816 3101 et
2855 3044 2950 3117 qni
2993 3044 3108 3116 86
3148 3050 3362 3107 emunt,
3393 3048 3517 3095 tan-

1932 3160 2095 3216 quam
2135 3158 2244 3198 non
2269 3140 2619 3213 possidentes
2644 3159 2659 3208 ;
2688 3149 2741 3195 ct
2767 3139 2863 3211 qui
2892 3145 3125 3194 utuntur
3148 3136 3255 3191 hoc
3283 3133 3517 3200 mundo,

238 3237 267 3286 6
296 3235 519 3305 ἄγαμος
576 3235 823 3306 μεριμνᾷ
851 3235 921 3289 τά
949 3232 1044 3289 τοῦ
1078 3234 1287 3308 Κυρίου
1307 3277 1323 3302 ,
1378 3236 1496 3300 πῶς
1538 3235 1728 3308 ἁρέσει
1756 3238 1830 3308 τῷ

1939 3244 2201 3305 tanquam
2266 3247 2379 3287 non
2422 3240 2677 3286 utantur.
2719 3229 2973 3286 Praaterit
3011 3228 3159 3284 enim
3203 3227 3383 3298 ﬁgura
3413 3226 3519 3281 hu-

239 3324 459 3394 Κυρίῳ.
504 3323 565 3377 ’0
614 3325 671 3378 δὲ
713 3325 1000 3396 γαμήσας,
1051 3327 1294 3397 μεριμνᾷ
1326 3326 1395 3380 τά
1428 3326 1522 3381 τοῦ
1577 3327 1785 3400 κόσμου
1814 3368 1828 3389 ,

240 3414 363 3478 πῶς
407 3414 696 3487 ἀρέσειτῷ
723 3415 913 3488 κόσμῳ
946 3432 962 3449 ο
1017 3418 1373 3491 μεμέρισται.
1429 3418 1539 3472 Καὶ
1567 3420 1600 3490 ἡ
1628 3420 1765 3491 γυνὴ
1798 3422 1830 3492 ἡ

239 3506 539 3577 παρθένος,
574 3509 608 3578 ή
645 3508 860 3579 ἄγαμος
891 3511 1141 3582 μεριμνᾷ
1170 3510 1240 3565 τά
1263 3511 1358 3564 τοῦ
1390 3512 1622 3583 Κυρίου,
1677 3512 1765 3567 ίνα

237 3600 375 3665 ἁγία
428 3600 525 3654 καὶ
570 3598 787 3672 σώματι
829 3602 925 3655 καὶ
972 3602 1269 3673 πνεύματι.
1311 3604 1376 3657 Ἠ
1402 3604 1460 3658 δὲ
1493 3607 1829 3676 γαμήσασα,

238 3691 489 3761 μεριμνᾷ
517 3689 585 3743 τὰ
607 3690 702 3743 τοῦ
731 3690 963 3762 κόσμου,
989 3693 1107 3757 πῶς
1136 3693 1324 3764 άρέσει
1352 3692 1431 3763 τῷ
1451 3692 1625 3765 ἀνδρί.
1661 3694 1833 3749 Τοῦτο

234 3784 294 3836 δὲ
338 3783 480 3853 πρὸς
509 3783 571 3836 τὸ
620 3781 777 3854 ὑμῶν
838 3783 1020 3838 αὐτῶν
1080 3785 1363 3857 συμφέρον
1402 3784 1692 3855 λέγω·οὐχ
1744 3785 1833 3840 ἵνα

235 3873 441 3946 βρόχον
487 3874 618 3945 ὑμῖν
664 3875 947 3942 ἐπιϐάλω,
991 3875 1130 3931 ἀλλά
1168 3876 1304 3948 πρὸς
1324 3877 1384 3931 τὸ
1404 3876 1681 3949 εὔσχημον
1738 3878 1831 3933 καλ⁸

234 3967 581 4038 εὐπάρεδρον
635 3966 717 4041 τῷ
763 3968 955 4041 Κυρίῳ
1015 3968 1469 4039 ἀπερισπάστως.
1538 3969 1603 4022 Εί
1645 3967 1705 4023 δέ
1746 3986 1830 4032 τις

235 4063 582 4131 ἀσχημονεῖν
626 4062 721 4116 ἐπὶ
746 4060 847 4132 τὴν
882 4060 1158 4134 παρθένον
1186 4061 1353 4115 αὐτοῦ
1389 4063 1633 4133 νομίζει,
1665 4065 1760 4119 ἐάν

235 4154 595 4224 ὑπέρακμος,
659 4153 756 4207 καὶ
793 4152 970 4217 οὕτως
1021 4153 1227 4223 ὀφείλει
1276 4153 1561 4223 γίνεσθαι,
1588 4155 1617 4208 ὃ
1648 4154 1826 4223 θέλει,

236 4246 489 4299 ποιείτω.
526 4244 639 4316 Οὐχ
665 4245 974 4318 ἁμαρτάνει
1015 4262 1029 4277 ⁸
1065 4245 1439 4317 γαμείτωσαν.
1463 4247 1558 4310 Ὃς
1583 4246 1640 4301 δὲ
1670 4247 1831 4319 ἕστη-

236 4354 335 4390 κεν
359 4337 577 4407 ἑδραῖος
599 4338 659 4392 ὲν
684 4340 752 4409 τῇ
785 4339 984 4410 καρδίᾳ
1004 4380 1018 4404 ,
1052 4337 1128 4410 μὴ
1156 4337 1295 4409 ἔχων
1350 4339 1617 4409 ἀνάγκην,
1678 4339 1830 4406 ὲξου-

236 4428 450 4482 σίανδὲ
479 4428 593 4501 ἔχει
634 4430 763 4501 περὶ
790 4429 886 4483 τοῦ
947 4430 1076 4484 ἰδίου
1147 4430 1475 4503 θελήματος,
1524 4432 1619 4486 καὶ⁵
1670 4430 1829 4487 τοῦτο

238 4521 509 4592 κέκρικεν
527 4522 586 4574 ὲν
609 4523 674 4591 τῇ
706 4520 907 4593 καρδίᾳ
939 4520 1104 4574 αὐτοῦ
1133 4519 1227 4574 τοῦ
1257 4523 1445 4592 τηρεῖν
1477 4521 1575 4593 τὴν
1631 4522 1826 4577 ἑαυτοῦ

236 4613 540 4687 παρθένον,
592 4612 775 4677 καλῶς
817 4615 993 4667 ποιεῖ’
1030 4612 1172 4667 ὥστε
1198 4615 1226 4668 6
1257 4612 1596 4683 ὲγγαμίξων,
1651 4614 1831 4680 καλῶς

237 4707 427 4757 ποιεῖ·
454 4702 484 4756 δ
525 4703 583 4756 δὲ
626 4702 701 4775 μὴ
755 4704 1114 4774 ὲγγαμίζων,
1168 4706 1423 4773 κρεῖσσον
1482 4706 1662 4758 ποιεῖ·
1689 4706 1829 4777 γυνὴ

237 4794 457 4849 δέδεται
491 4796 644 4866 νόμῳ
662 4794 747 4865 ἐφ’
776 4796 901 4849 ὅσον
931 4793 1123 4866 χρόνον
1152 4796 1218 4866 ζῇ
1242 4797 1270 4848 6
1300 4793 1441 4866 ἀνὴρ
1478 4794 1671 4868 αὐτῆς.
1705 4797 1830 4851 Ἐάν

235 4883 295 4936 δὲ
336 4883 586 4955 κοιμηθῇ
607 4886 635 4937 6
665 4883 805 4956 ἀνὴρ
857 4884 1027 4954 αὐτῆς
1047 4924 1063 4951 ,
1115 4882 1379 4954 ἐλευθέρα
1437 4886 1586 4939 ἐστὶν
1614 4880 1659 4954 ᾧ
1689 4885 1832 4943 θέλει

241 4974 571 5047 γαμηθῆναι
596 4991 609 5007 ο
645 4976 809 5046 μόνον
835 4978 892 5032 ὲν
916 4975 1123 5047 Κυρίῳ.
1150 4977 1564 5048 Μακαριωτέρα
1583 4977 1642 5033 δέ
1657 4979 1828 5049 ἐστιν,

239 5065 336 5120 ἐὰν
364 5065 514 5120 οὕτω
551 5066 711 5138 μείνῃ
749 5067 895 5121 κατά
944 5068 1043 5140 τὴν
1098 5068 1241 5139 ἐμὴν
1290 5067 1522 5141 γνώμην
1551 5087 1566 5101 ·
1597 5070 1742 5126 δοκῶ
1774 5071 1833 5125 δὲ

239 5158 401 5227 κάγὼ
433 5158 662 5229 Πνεῦμα
688 5158 823 5214 Θεοῦ
846 5159 1010 5230 ἔχειν.
1029 5178 1047 5211 ι

1933 3328 2027 3398 jus
2088 3324 2306 3381 mundi.
2371 3323 2509 3379 Volo
2570 3331 2755 3378 autem
2812 3336 2913 3378 vos
2966 3321 3086 3377 sine
3144 3317 3520 3376 sollicitudine

1933 3432 2080 3474 esse.
2113 3415 2217 3482 Qui
2276 3413 2402 3470 sine
2457 3427 2632 3468 uxore
2662 3418 2769 3475 est,
2805 3408 3084 3466 sollicitus
3116 3416 3202 3463 est
3249 3421 3372 3477 quas
3402 3404 3516 3460 Do-

1934 3507 2072 3563 mini
2106 3514 2256 3570 sunt,
2313 3503 2597 3574 quomodo
2630 3502 2847 3573 placeat
2880 3498 3143 3556 Domino.
3190 3496 3299 3565 Qui
3331 3503 3518 3553 autem

1935 3614 2059 3654 cum
2113 3612 2286 3652 uxore
2324 3604 2431 3659 est,
2482 3593 2759 3651 sollicitus
2807 3603 2894 3648 est
2942 3606 3065 3662 quae
3118 3598 3249 3647 sunt
3301 3587 3517 3652 mundi,

1933 3689 2213 3763 quomodo
2261 3688 2474 3760 placeat
2519 3685 2748 3741 mundo.
2794 3683 3016 3741 Divisus
3060 3690 3167 3740 est.
3216 3682 3281 3737 Et
3319 3681 3520 3736 mulier

1937 3787 2170 3857 innupta
2200 3790 2257 3839 et
2291 3783 2447 3853 virgo
2477 3780 2708 3851 cogitat,
2741 3792 2867 3850 qua;
2902 3775 3131 3832 ‘Domini
3161 3780 3315 3839 sunt,
3347 3782 3409 3829 ut
3448 3774 3521 3827 sit

1936 3887 2131 3935 sancta
2188 3882 2243 3931 et
2292 3889 2531 3945 corpore
2587 3880 2642 3929 et
2693 3871 2912 3943 spiritu.
2951 3868 3086 3937 Quae
3115 3876 3301 3924 autem
3346 3873 3521 3937 nupta

1934 3976 2042 4036 est,
2106 3967 2316 4038 cogitat
2362 3981 2486 4037 qua:
2536 3973 2666 4021 sunt
2716 3961 2935 4027 mundi,
2995 3960 3274 4033 quomodo
3304 3959 3523 4031 placeat

1934 4064 2075 4121 viro.
2132 4062 2311 4117 Porro
2370 4062 2476 4116 hoc
2504 4060 2576 4115 ad
2607 4058 2906 4116 utilitatem
2941 4065 3183 4113 vestram
3224 4054 3373 4121 dico,
3406 4069 3520 4111 non

1934 4167 1999 4214 ut
2028 4156 2289 4226 laqueum
2340 4151 2503 4207 vobis
2557 4149 2835 4220 injiciam,
2871 4148 2969 4206 sed
3001 4148 3068 4203 ad
3117 4146 3171 4202 id
3237 4146 3387 4217 quod
3417 4145 3519 4201 ho-

1934 4253 2154 4305 nestum
2185 4253 2294 4312 est,
2328 4250 2382 4299 et
2414 4241 2566 4313 quod
2606 4241 2929 4297 facultatem
2970 4238 3220 4310 praebeat
3269 4237 3392 4307 sine
3415 4237 3520 4293 im-

1934 4340 2255 4414 pedimento
2285 4335 2576 4391 assiduum
2624 4348 2747 4391 esse
2777 4332 3039 4390 Domino.
3071 4330 3130 4386 Si
3160 4330 3289 4401 quis
3328 4338 3516 4386 autem

1934 4440 2150 4501 turpem
2181 4443 2241 4484 se
2269 4425 2448 4483 videri
2478 4425 2760 4482 existimat
2789 4438 2957 4495 super
2982 4422 3201 4495 virgine
3222 4435 3344 4487 sua,
3370 4421 3519 4494 quod

1938 4522 2012 4579 sit
2044 4519 2426 4591 super-adulta,
2458 4524 2515 4574 et
2571 4517 2649 4572 ita
2708 4523 2928 4588 Oportet
2976 4514 3094 4571 ﬁeri
3134 4533 3148 4570 :
3197 4513 3344 4587 quod
3399 4513 3523 4569 vult

1939 4612 2141 4679 faciat;
2179 4626 2287 4667 non
2321 4618 2537 4681 peccat,
2569 4608 2803 4664 nubaut.
2836 4607 2941 4674 Qui
2975 4622 3105 4663 vero
3129 4614 3240 4663 stat
3268 4604 3325 4660 in
3351 4602 3523 4660 corde

1938 4719 2041 4763 suo
2078 4705 2290 4768 lirmus,
2344 4717 2456 4757 non
2483 4700 2701 4755 habens
2726 4696 3152 4764 necessitatem,
3188 4701 3517 4768 potestatem

1938 4803 2120 4850 autem
2171 4792 2340 4847 habet
2399 4807 2513 4847 suae
2574 4790 2898 4856 voluntatis,
2942 4797 2997 4844 et
3028 4789 3133 4843 hoc
3167 4784 3519 4858 judicavitin

1938 4885 2105 4957 corde
2136 4900 2239 4941 suo
2275 4899 2495 4939 servare
2523 4883 2791 4953 virginem
2846 4897 3029 4946 suam,
3059 4878 3356 4937 benefacit.
3412 4875 3489 4947 lgi

1938 4989 2028 5036 tur
2058 4978 2153 5049 qui
2188 4977 2542 5033 matrimonio
2574 4976 2778 5047 jungit,
2829 4973 3103 5031 hencfacit
3136 4993 3150 5028 :
3191 4981 3247 5030 et
3278 4970 3374 5043 qui
3406 4983 3518 5026 non

1932 5073 2140 5144 jungit,
2211 5069 2417 5126 melius
2481 5070 2634 5125 facit.
2704 5067 2900 5123 Mulier
2962 5066 3190 5138 alligata
3244 5071 3331 5120 est
3384 5060 3517 5132 legi,

1940 5173 2145 5234 quanto
2173 5170 2420 5230 tempore
2450 5158 2537 5213 vir
2569 5158 2692 5229 ejus
2720 5158 2877 5213 vivit.
2926 5154 3086 5223 Quod
3136 5155 3182 5212 si
3221 5149 3521 5210 dormierit

241 5251 325 5303 vir
357 5250 512 5318 ejus,
559 5249 790 5306 liberata
842 5260 947 5320 est,
983 5260 1042 5307 ut
1075 5253 1162 5308 cui
1215 5254 1332 5309 vult
1360 5254 1568 5319 nubat;
1606 5261 1818 5309 tantum
1857 5256 1917 5311 in
1945 5253 2202 5310 Domino.
2235 5252 2456 5307 Beatior
2505 5260 2690 5306 autem
2735 5251 2849 5307 erit
2908 5251 2958 5308 si
3029 5250 3111 5307 sic
3149 5246 3522 5322 permanserit

243 5341 558 5396 secundum
592 5341 887 5398 consilium
919 5359 1123 5399 meum.
1168 5345 1309 5400 Puto
1359 5355 1541 5402 autem
1595 5347 1739 5417 quod
1775 5354 1831 5402 et
1868 5362 1972 5418 ego
2006 5345 2272 5416 Spiritum
2306 5343 2398 5399 Dei
2429 5344 2680 5400 habeam.
2717 5362 2736 5396 ι

312 5428 491 5499 Οὗτος
519 5436 547 5488 6
578 5435 737 5504 λόγος
765 5436 827 5490 οὐ
872 5439 1009 5509 πρὸς
1048 5439 1270 5505 οἰκέτας
1318 5440 1502 5511 μόνον,
1554 5440 1692 5496 άλλά
1741 5442 1835 5496 καὶ

240 5527 382 5599 πρὸς
443 5526 767 5600 ἐλευθέρους
832 5529 1071 5602 εἴρηται.
1127 5531 1285 5585 Ἐστι
1325 5532 1432 5602 γὰρ
1496 5532 1591 5589 καὶ
1648 5532 1836 5588 δοῦλον

240 5617 375 5672 δντα
411 5619 489 5690 μή
526 5614 669 5673 εἶναι
692 5618 903 5688 δοῦλον,
939 5622 1035 5677 καὶ
1056 5622 1341 5696 ἐλεύθερον
1369 5624 1500 5679 ὄντα
1534 5624 1722 5681 δοῦλον
1761 5621 1839 5680 εί-

243 5725 356 5762 ναι.
414 5711 542 5774 ne;
565 5711 624 5764 δὲ
661 5712 691 5764 6
737 5711 923 5777 δοῦλος
950 5753 966 5779 ,
1013 5716 1115 5769 οὐκ
1168 5715 1320 5771 ἔσται
1376 5716 1598 5785 δοῦλος;
1647 5716 1827 5789 ἀλλ’ἢ

241 5798 373 5852 ὅταν
397 5800 490 5854 διά
522 5800 614 5854 τὸν
649 5801 786 5856 Θεδν
836 5804 1016 5859 πάντα
1048 5808 1175 5877 ποιῇ
1202 5848 1216 5873 ,
1250 5808 1342 5861 καὶ
1378 5806 1548 5877 μηδὲν
1600 5809 1722 5861 κατ’
1741 5807 1839 5876 όφ-

243 5891 645 5964 θαλμοδουλίαν
702 5896 939 5972 πράττῃ.
1006 5898 1175 5954 Πάλιν
1217 5900 1272 5954 δὲ
1314 5900 1341 5952 6
1389 5899 1670 5972 ἐλεύθερος
1738 5900 1838 5955 οὐκ

2014 5442 2115 5497 llic
2148 5450 2299 5497 totus
2337 5455 2522 5496 sermo
2566 5455 2678 5497 non
2710 5441 2886 5496 solum
2919 5437 2993 5494 ad
3024 5437 3288 5506 famulos,
3325 5452 3519 5493 verum

1944 5535 2113 5592 etiam
2173 5534 2241 5588 ad
2299 5533 2504 5589 liberos
2558 5539 2797 5603 spectat.
2840 5529 2984 5587 Fieri
3015 5531 3222 5588 etenim
3252 5539 3436 5604 petest
3462 5539 3523 5587 ιιι

1942 5626 2037 5699 qui
2071 5642 2266 5683 servus
2295 5632 2403 5691 est,
2444 5640 2554 5681 non
2598 5624 2825 5690 serviat,
2864 5632 2919 5679 et
2952 5622 3049 5695 qui
3082 5622 3225 5680 liber
3247 5629 3355 5692 est,
3401 5638 3521 5680 ser-

1944 5735 2047 5775 vus
2086 5716 2375 5774 elliciatur.
2428 5716 2672 5784 Quinam
2725 5725 2911 5773 autem
2949 5714 3044 5771 ﬁat
3088 5722 3149 5771 ut
3178 5715 3275 5787 qui
3309 5714 3525 5771 manci-

1944 5811 2093 5883 pium
2135 5817 2243 5877 cst,
2284 5826 2394 5865 non
2444 5811 2517 5865 sit
2574 5808 2810 5866 servus?
2862 5808 2970 5865 nisi
3011 5807 3233 5878 quando
3262 5806 3523 5863 universa

1950 5908 2171 5973 propter
2200 5899 2370 5958 Deum
2420 5900 2572 5961 facit.
2629 5917 2730 5957 nec
2764 5900 3065 5971 quidquam
3094 5898 3208 5968 agit
3240 5906 3309 5955 ut‘
3331 5897 3515 5959 oculis
