3972 6374
488 390 590 448 627
939 389 954 406 ”“
1660 393 1718 444 δ.
1743 391 2056 447 ,ΙΟΛΝΝΙξ

2177 393 2204 444 \
2215 389 2539 445 MASCENI
3647 395 3745 457 διεδ

489 497 771 553 hominum
806 513 1009 554 morem
1044 508 1220 570 gerat.
1266 499 1547 556 Aliorsum
1594 517 1754 567 vero,
1792 504 1887 573 qui
1927 503 2057 558 liber

2172 503 2324 557 ἔσται
2369 503 2659 577 ἐλεύθερος
2697 507 2828 561 ὅταν
2881 507 3199 579 διακονῆται
3264 508 3598 581 ἀνθρώποις,
3658 511 3739 564 καὶ

489 597 592 653 est,
633 590 956 659 neutiquam
997 605 1122 646 vere
1167 590 1305 646 liber
1336 591 1527 658 fuerit,
1573 593 1823 662 quandiu
1854 596 2057 651 servie-

1756 594 1823 648 liu
1854 596 2065 651 servie-
2176 598 2355 654 πάντα
2395 600 2522 670 ποιῇ
2550 598 2692 652 κατὰ
2723 597 2784 652 τὸ
2811 599 3043 664 ἐκείνοις
3069 600 3324 671 ἀρέσκον.

489 683 556 736 rit
585 681 932 750 hominibus,
959 682 1152 755 eisque
1188 699 1286 753 per
1317 686 1508 740 omnia
1541 687 1838 758 placuerit.
3246 729 3258 738 -

1113 775 1268 832 CAP.
1311 775 1440 832 Vlll.

2772 771 3024 827 ΚΕΦΑΛ.
3053 772 3131 826 Η’.

558 861 727 920 Vens.
764 865 819 920 i.
853 884 872 919 ι
903 863 977 922 De
1004 867 1072 922 iis
1104 883 1227 938 quae
1259 868 1426 925 idolis
1453 870 1867 926 sacriﬁcantur.
1907 891 1926 923 ›

1561 870 1867 926 rimantur,
1907 891 1926 923 ι
2248 882 2266 913 ι
2311 863 2448 934 Περὶ
2477 862 2534 916 δὲ
2557 861 2668 916 τῶν
2693 862 3083 918 εἰδωλοθύτων.
3113 881 3129 914 ι

555 954 712 1011 Multi
766 957 1205 1024 Corinthiorum,
1254 975 1381 1016 cum
1442 961 1777 1018 didicissent
1842 977 1956 1017 non
1996 964 2066 1018 iis

2223 953 2436 1006 ιΠολλοὶ
2473 953 2626 1026 παρά
2653 947 2769 1017 τοῖς
2798 953 3114 1026 Κορινθίοις
3145 955 3433 1026 μαθόντες,
3477 957 3558 1012 ὅτι
3584 959 3646 1014 οὐ
3682 962 3741 1016 τὰ

487 1063 606 1117 quae
636 1049 850 1104 intrant
895 1051 953 1106 in
997 1066 1082 1120 os,
1136 1052 1231 1108 sed
1290 1051 1403 1109 illis
1436 1069 1560 1125 quae
1589 1069 1655 1110 ex
1693 1069 1789 1110 ore
1826 1065 2055 1123 exeunt,

2171 1045 2610 1117 είσπορευόμενα
2659 1049 2834 1100 κοινοῖ
2895 1047 2988 1100 τὸν
3032 1046 3322 1118 ἄνθρωπον
3345 1090 3359 1116 ,
3391 1050 3529 1105 ἀλλά
3554 1052 3623 1106 τά
3657 1055 3738 1106 ὲκ·

485 1141 762 1197 hominem
793 1142 1078 1214 inquinari
1112 1144 1178 1212 ⁵⁸,
1213 1160 1428 1201 necnon
1452 1146 1618 1213 idola,
1661 1145 1813 1218 ligna
1840 1154 1895 1202 et
1929 1147 2053 1218 lapi‘

2181 1138 2516 1212 πορευόμενα
2549 1155 2561 1168 ·
2600 1137 2695 1192 καὶ
2724 1138 2807 1192 ὅτι
2840 1139 2910 1193 τὰ
2935 1139 3151 1203 εῐδωλα,
3193 1139 3329 1207 ξύλα
3359 1144 3453 1196 καὶ
3483 1143 3621 1197 λίθοι
3660 1145 3749 1218 καὶ

486 1231 584 1288 des
617 1247 682 1288 ac
715 1233 994 1291 daemones
1041 1251 1188 1300 esse,
1227 1252 1406 1307 neque
1438 1252 1639 1292 nocere
1671 1215 1858 1308 posse,
1887 1215 2054 1305 neq—ue

2177 1232 2444 1304 δαίμονες,
2478 1232 2572 1287 καὶ
2593 1229 2718 1285 οὔτε
2741 1231 2970 1302 βλάψαι,
3002 1233 3126 1286 οὔτε
3155 1233 3438 1305 ὠφελῆσαι
3459 1215 3745 1306 δυνάμενα,

486 1324 795 1394 prodesse,
831 1327 1172 1399 perfectione
1225 1331 1562 1401 cognitionis
1616 1329 1912 1385 immodice
1965 1329 2054 1384 ab-

2179 1327 2397 1398 ἀμέτρῳ
2424 1329 2492 1398 τῇ
2526 1326 2830 1396 τελειότητι
2853 1328 2956 1397 τῆς
2977 1325 3234 1394 γνώσεως
3261 1326 3469 1396 ταύτης
3498 1328 3747 1399 ἐκέχρην-

486 1419 807 1485 utebantur,
829 1430 942 1476 tum
979 1422 1366 1487 aliorum,tum
1398 1437 1502 1478 suo
1532 1423 1754 1478 damno.
1790 1420 1925 1476 Nam
1949 1421 2054 1476 ido-

2178 1436 2248 1482 το,
2283 1418 2380 1472 καὶ
2408 1419 2489 1482 εἰς
2529 1417 2628 1489 τὴν
2675 1417 2881 1490 ἑτέρων
2922 1417 3021 1472 καὶ
3055 1419 3137 1482 είς
3162 1417 3263 1490 τὴν
3294 1418 3476 1472 αὐτῶν
3508 1419 3710 1491 βλάϐην
3733 1438 3746 1453 ·

490 1509 560 1561 lia
593 1508 1072 1579 ingrediebantur,
1117 1518 1171 1566 et
1217 1525 1536 1567 mensarum
1569 1527 1692 1582 quae
1720 1511 1836 1566 illic
1876 1521 2058 1575 erant,

2182 1511 2265 1564 ιιαὶ
2303 1511 2414 1581 γὰρ
2442 1511 2522 1573 είς
2567 1509 2818 1564 ειδώλεια
2869 1509 3148 1581 εἰσῄεσαν,
3183 1510 3279 1564 καὶ
3321 1509 3434 1564 τῶν
3461 1511 3750 1582 τραπεζῶν

486 1600 689 1655 Iiebant
720 1602 1048 1674 participes,
1095 1619 1161 1658 ex
1207 1618 1317 1674 quo
1363 1603 1590 1658 exitium
1628 1603 1824 1674 ingens
1877 1603 2054 1674 parie-

2183 1602 2349 1656 ιύτῶν
2376 1603 2647 1672 μετεῖχον,
2680 1601 2776 1655 καὶ
2819 1601 2995 1672 μέγαν
3057 1601 3309 1656 ἐντεῦθεν
3364 1601 3586 1673 ὄλεθρον
3645 1604 3751 1656 ἔτι-

485 1692 663 1745 hatur.
713 1691 817 1760 Qui
869 1695 1015 1750 enim
1057 1693 1203 1750 idola
1256 1695 1590 1750 verebantur
1631 1695 1836 1760 adhuc,
1869 1711 1971 1751 nec
2002 1709 2053 1751 ea

2185 1711 2316 1748 ιτον.
2341 1694 2408 1748 Οἵ
2435 1711 2494 1748 τε
2521 1693 2631 1764 γὰρ
2663 1693 2744 1747 ἔτι
2764 1692 2875 1747 τῶν
2914 1692 3149 1748 εἰδώλων
3188 1693 3407 1765 ἔχοντες
3436 1695 3622 1764 φόϐον,
3655 1697 3753 1750 ούκ

481 1783 768 1853 despicere
819 1793 1116 1852 noverant,
1195 1787 1583 1844 incunctanter
1652 1787 2049 1860 participabanl

2184 1787 2375 1851 εἰδότες
2400 1785 2583 1840 αὐτῶν
2615 1780 3024 1860 καταφρονεῖν,
3077 1789 3328 1858 μετεῖχον
3383 1787 3618 1858 ἑτοίμως
3647 1789 3752 1842 τῶν

481 1891 545 1930 ea
571 1891 694 1946 qua:
724 1877 1157 1933 immolabantur
1181 1878 1347 1936 idolis
1375 1898 1389 1934 :
1423 1896 1550 1934 cum
1584 1858 1777 1950 utique
1806 1858 1913 1934 hoc
1933 1895 2049 1950 per«

2186 1877 2560 1945 εἰδωλοθύτων,
2594 1878 2784 1951 ἐπειδὴ
2810 1858 2952 1942 τοὺς
2983 1877 3356 1950 τελειοτέρους
3372 1876 3561 1948 ἐώρων
3598 1877 3754 1932 τοῦτο

483 1967 740 2024 rectiores
790 1967 976 2026 facere
1027 1971 1303 2036 viderent,
1363 1971 1510 2026 unde
1558 1971 1856 2026 admodum
1910 1971 2051 2027 laede-

2182 1969 2493 2038 πονοῦντας,
2563 1972 2660 2026 καὶ
2706 1970 2777 2025 τά
2813 1971 3050 2042 μέγιστα
3101 1971 3351 2027 ἐντεῦθεν
3403 1971 3750 2026 ἐϐλάπτοντο.

483 2060 707 2115 bantur.
740 2059 932 2131 Neque
961 2064 1107 2119 enim
1160 2064 1276 2119 haec
1313 2065 1607 2120 sumebant
1658 2063 1851 2120 eadem
1889 2078 1954 2120 ac
1983 2064 2042 2118 ill

2184 2063 2309 2117 Οὐδὲ
2342 2065 2451 2135 γάρ
2482 2065 2548 2134 τῇ
2571 2063 2737 2136 ὁμοίᾳ
2776 2064 3010 2128 ἐκείνοις
3039 2063 3241 2134 γνώσει
3271 2063 3509 2135 ἥπτοντο
3549 2063 3752 2128 αὐτῶν,

483 2163 663 2208 mente
695 2163 750 2210 et
782 2155 1040 2220 scientia,
1073 2156 1170 2213 sed
1196 2167 1460 2228 tanquam
1493 2171 1695 2212 carnes
1725 2156 2031 2213 hostiarum

2186 2155 2286 2210 m'
2327 2155 2404 2220 ῶς
2449 2156 2654 2211 θυσιῶν
2687 2173 2702 2188 ·
2749 2157 2846 2212 καὶ
2885 2157 3004 2222 ὁδὸς
3061 2156 3156 2211 ἐπὶ
3213 2156 3662 2228 είδωλολατρείαν
3692 2158 3754 2210 τὸ

482 2252 653 2315 utque
705 2245 813 2302 hoc
869 2256 1031 2318 pacto
1067 2250 1154 2304 via
1192 2257 1487 2319 pararetur
1524 2247 1590 2303 ad
1625 2248 1835 2304 cultum
1889 2248 2050 2304 idolo-

2187 2253 2412 2324 πρᾶγμα
2441 2251 2653 2322 ἐγίνετο
2681 2267 2696 2283 ο
2735 2251 2830 2305 καλ⁵
2862 2251 3018 2305 αὐτοὶ
3047 2251 3103 2306 δὲ
3137 2252 3186 2305 οί
3207 2251 3368 2321 δῆθεν
3406 2251 3627 2312 τέλειοι,
3656 2250 3755 2321 ούχ

484 2353 627 2393 rum.
662 2338 807 2406 Quin
843 2357 945 2397 nec
976 2341 1241 2413 perfectis
1276 2343 1387 2398 illis
1422 2341 1528 2396 hoc
1559 2356 1752 2412 parum
1802 2340 2052 2403 nocebat,

2187 2346 2249 2410 bc
2278 2343 2471 2415 ἔτυχεν
2515 2342 2826 2414 ἠδικοῦντο,
2873 2343 3210 2414 δαιμονικῶν
3242 2343 3755 2415 μεταλαμϐάνοντες

483 2429 574 2498 qui
621 2445 826 2486 mensae
889 2431 1204 2487 daemonum
1265 2441 1554 2487 consortes
1622 2429 1838 2494 ﬁerent.
1890 2428 2051 2499 Hujus

2189 2438 2492 2510 τραπεζῶν.
2545 2435 2749 2490 Τούτου
2779 2437 2932 2500 ὄντος
2971 2435 3066 2489 τοῦ
3097 2435 3470 2506 ἐγκλήματος,
3501 2435 3604 2506 ὅρα
3638 2433 3757 2498 πῶς

483 2521 668 2592 itaque
696 2523 958 2578 criminis
987 2539 1110 2579 cum
1149 2524 1490 2580 haberentur
1524 2524 1626 2589 rei,
1653 2523 1844 2580 videas
1884 2523 2043 2578 velim

1795 2537 1844 2580 IS
1884 2523 2067 2588 νθιὶιη,
2171 2533 2201 2585 ό
2238 2530 2560 2596 Ἀπόστολος
2585 2529 2678 2584 τὸν
2705 2529 2866 2604 λόγον
2905 2527 3363 2600 μεταχειρίζεται.

482 2614 760 2684 qnmnodo
791 2616 1096 2686 Apostolus
1133 2632 1447 2672 sermonem
1477 2624 1799 2688 componat.

560 2727 580 2762 ι
626 2707 846 2766 Scimus
882 2710 1011 2780 quia
1042 2726 1236 2767 omnes
1262 2711 1562 2768 scientiam
1599 2709 1893 2765 habemus.
1936 2727 1954 2762 ι

1853 2723 1893 2764 5ο
1936 2727 1954 2762 ι
2245 2696 2270 2771 ἰ
2312 2697 2550 2786 Οἴδαμεν
2584 2713 2666 2767 ὅτι
2692 2711 2897 2774 πάντες
2927 2701 3130 2778 γνῶσιν
3153 2705 3374 2779 ἔχομεν.
3402 2725 3421 2759 ι

557 2799 816 2857 Dimissis
845 2802 1102 2866 inﬁrmis,
1137 2811 1195 2856 ut
1226 2803 1389 2874 vulgo
1423 2803 1584 2866 solet,
1623 2801 1692 2856 ad
1722 2801 2070 2856 robustiores

2243 2809 2386 2871 Τοὺς
2417 2806 2671 2868 ἀσθενεῖς
2694 2803 2876 2873 ἀφεὶς,
2911 2802 3049 2874 ὅπερ
3102 2800 3191 2854 ἀεὶ
3218 2799 3384 2863 ποιεῖ,
3440 2799 3556 2861 τοῖς
3607 2793 3762 2867 ἰσχύ-

483 2894 538 2947 in
598 2893 793 2962 primis
845 2909 1160 2948 sermonem
1219 2894 1516 2949 convertit.
1575 2892 1776 2948 Statim
1807 2907 1938 2963 ergo
1974 2907 2051 2948 su-

2194 2918 2295 2954 mat
2327 2899 2634 2968 διαλέγεται
2657 2896 2918 2968 πρώτοις.
2943 2893 3171 2964 Πρῶτον
3197 2891 3298 2964 μὲν
3321 2885 3415 2946 οὖν
3435 2888 3615 2944 αὐτῶν
3643 2887 3762 2942 τού-

485 2986 731 3054 perhiam
789 2986 1084 3040 contundit
1114 2986 1383 3056 ipsorum,
1417 2986 1610 3055 dicens
1648 3000 1846 3040 omnes
1885 2985 2053 3040 scien‘

2192 3010 2284 3047 των
2307 2989 2665 3047 καταστέλλει
2706 2989 2799 3042 τὸν
2850 2988 3040 3056 τύφον,
3084 2986 3312 3056 φάσκων
3356 2984 3486 3047 τοὺς
3543 2981 3760 3044 πάντας

486 3078 612 3132 tiam
644 3077 874 3132 habere.
905 3075 1041 3131 Nam
1075 3079 1168 3148 qui
1211 3077 1477 3133 eximium
1523 3075 1810 3147 quidpiam
1853 3082 1909 3131 et
1943 3075 2054 3145 pul-

2190 3085 2318 3156 ἔχειν
2343 3087 2442 3154 τὴν
2466 3081 2688 3153 γνῶσιν.
2721 3081 2786 3134 Ui
2818 3079 2928 3150 γὰρ
2957 3077 3172 3150 ἔχοντές
3189 3093 3244 3131 τι
3269 3077 3412 3148 μέγα
3434 3076 3528 3130 καὶ
3556 3073 3718 3130 καλὸν
3743 3114 3758 3137 ,

485 3173 677 3226 chrum
715 3171 939 3234 habent,
979 3172 1124 3241 quod
1161 3171 1264 3242 ipsi
1304 3171 1407 3227 soli
1444 3169 1788 3242 possideant,
1821 3169 1932 3239 87
1963 3169 2053 3222 ho<

2193 3177 2302 3229 ὃταν
2342 3174 2495 3244 μόνοι
2553 3172 2852 3243 κατέχωσι,
2905 3169 3109 3240 μᾶλλον
3168 3168 3513 3240 ἐπαίρονται.
3557 3166 3682 3221 Ἐὰν
3702 3166 3761 3219 δὲ

485 3265 659 3336 magis
698 3263 1018 3320 efferantur.
1056 3263 1152 3318 Sin
1185 3279 1318 3319 vero
1368 3262 1424 3318 id
1465 3278 1593 3318 cum
1651 3261 1780 3317 aliis
1829 3277 1926 3316 eos
1969 3259 2053 3314 ha-

2196 3267 2296 3320 ιετ’
2329 3265 2508 3319 ἄλλων
2533 3263 2778 3335 φανῶσιν
2801 3262 2937 3316 αὐτὸ
2961 3261 3316 3333 κεκτημένοι,
3343 3259 3526 3314 οὐκέτι
3554 3255 3764 3328 ὁμοίως

484 3361 612 3413 bere
642 3367 986 3428 compertum
1021 3359 1114 3422 sit,
1153 3373 1262 3411 non
1307 3357 1420 3428 jam
1459 3357 1698 3426 amplius
1728 3369 1794 3411 eo
1831 3353 2050 3409 alliciun

2197 3357 2332 3412 τοῦτο
2375 3355 2649 3426 πάσχουσι
2672 3369 2688 3385 ⁸
2722 3355 2870 3406 ποιεῖ
2901 3348 2995 3406 οὖν
3026 3350 3160 3404 αὐτὸ
3188 3348 3390 3413 κοινὸν,
3425 3347 3614 3418 ἐπειδὴ
3659 3348 3765 3402 καὶ

482 3459 594 3504 tur.
627 3448 1002 3515 Quamobrem
1053 3463 1352 3503 commune
1402 3447 1539 3502 illud
1586 3445 1740 3510 facit,
1783 3445 1932 3517 quod
1986 3443 2045 3500 ill

1854 3445 1932 3500 .od
1986 3443 2068 3500 illi
2173 3451 2372 3503 ὲκεῖνοι
2396 3446 2606 3500 ἑαυτῶν
2637 3440 2779 3498 εἶναι
2807 3442 3058 3515 ἐνόμιζον
3078 3441 3212 3496 αὐτὸ
3242 3441 3422 3512 μόνον.

481 3556 640 3596 suum
667 3541 934 3596 duntaxat
972 3555 1098 3596 esse
1128 3527 1572 3594 arbitrabantur.

555 3652 575 3685 ι
609 3631 852 3688 Scientia
883 3631 1057 3695 inﬂat.
1095 3631 1340 3687 eharitas
1373 3647 1502 3686 vero
1533 3630 1785 3684 aedilicat.
1819 3651 1838 3682 ι

2249 3660 2266 3690 ι
2312 3640 2378 3694 Ἦ
2407 3638 2610 3710 γνῶσις
2643 3639 2904 3709 φυσιοῖ,ἡ
2935 3636 2993 3690 δὲ
3023 3636 3214 3706 ἀγάπη
3247 3635 3547 3705 οἰκοδομεῖ.
3592 3655 3610 3688 ι

551 3723 786 3790 Quando
813 3724 958 3779 enim
996 3724 1230 3780 scientia
1276 3733 1362 3779 est
1413 3724 1533 3777 sine
1579 3722 1872 3787 charitate,
1924 3724 2064 3779 solet

2245 3734 2415 3788 Ὅταν
2452 3731 2558 3802 γὰρ
2592 3731 2762 3801 χωρὶς
2797 3723 3099 3800 ἀγάπηςῇ,
3130 3729 3211 3792 είς
3241 3726 3504 3781 ἀπόνοιαν
3540 3726 3767 3797 ἐπαίρει

482 3815 780 3871 ostentatio
818 3815 970 3869 illum
1005 3815 1099 3885 qui
1145 3829 1210 3869 ea
1260 3814 1332 3869 sit
1363 3815 1674 3870 instructus
1729 3813 1926 3869 insano
1976 3829 2038 3868 su

2201 3825 2404 3880 ›υσῶσα
2424 3823 2516 3876 τὸν
2551 3822 2771 3891 ἔχοντα,
2830 3819 2929 3872 καὶ
2981 3820 3211 3888 διαιρεῖν
3261 3816 3516 3887 είωθενή
3567 3815 3769 3880 ἀλαζο⁴

484 3907 689 3978 perbiaa
748 3906 881 3960 llatu
961 3906 1158 3961 eﬂ'erre
1211 3921 1275 3959 ac
1334 3905 1668 3960 distrahere.
1739 3903 2052 3974 Neutiquan‘

2205 3919 2292 3972 εία
2311 3935 2327 3951 ο
2359 3917 2420 3970 οὐ
2446 3914 2647 3968 κωλύει
2685 3913 2741 3966 δὲ
2757 3913 2817 3966 τὸ
2834 3911 3050 3966 τελείαν
3067 3909 3212 3982 ἔχειν
3237 3908 3337 3980 τὴν
3367 3908 3592 3977 γνῶσιν,
3620 3907 3771 3962 ἀλλὰ

483 4015 613 4056 vero
642 3997 847 4054 Paulus
876 3998 1106 4068 impedit
1141 3997 1274 4068 quin
1320 3997 1568 4068 perfecta
1595 3997 1827 4052 scientia
1863 3997 2051 4052 habeat

2206 4011 2233 4064 δ
2263 4008 2403 4081 μετά
2433 4007 2656 4077 ἀγάπης
2671 4003 2880 4074 ταύτην
2901 4001 3046 4073 ἔχειν
3069 3998 3310 4055 κελεύει.
3345 3997 3564 4069 Ἐπειδὴ
3587 3997 3774 4068 χωρὶς

481 4104 572 4150 tur
603 4112 616 4148 :
656 4092 753 4149 sed
777 4092 1024 4163 pratcipit
1062 4098 1118 4146 ut
1147 4105 1272 4145 cum
1309 4089 1586 4145 charitate
1615 4089 1906 4144 habeatur.
1933 4089 2048 4168 Nan

1800 4098 1906 4144 tur.
1933 4089 2067 4168 Nam
2173 4102 2396 4173 ἀγάπης
2420 4099 2614 4170 κέρδος
2639 4096 2815 4161 οὐδὲν,
2848 4094 2986 4148 ἀλλά
3019 4093 3117 4146 καὶ
3150 4090 3368 4163 βλάϐος.

483 4189 606 4244 sine
638 4187 914 4242 charitate
948 4183 1090 4240 nihil
1142 4183 1375 4240 scientia
1417 4190 1646 4254 praestat
1705 4181 1880 4245 lucri;
1933 4183 2066 4251 quin

482 4283 658 4338 magis
691 4288 872 4335 nocet.

557 4298 568 4334 I
613 4298 658 4337 IS
691 4298 872 4335 nocet.

557 4298 726 4427 satis.
766 4370 823 4436 ‘2,
853 4369 906 4424 5.
946 4387 965 4421 ι
1011 4367 1067 4423 Si
1101 4367 1228 4437 quis
1279 4374 1464 4422 autem
1510 4365 1804 4421 existimat
1837 4379 1896 4419 se
1925 4364 2072 4418 scire

2248 4380 2267 4414 ι
2311 4363 2378 4414 Εἴ
2425 4377 2509 4423 τις
2562 4358 2712 4411 δοκεί
2761 4354 3061 4424 ἐγνωκέναι
3093 4371 3166 4421 τι,
3201 4352 3354 4406 οὔπω
3401 4350 3543 4437 ἔγνω
3570 4348 3780 4414 καθὼς

484 4464 719 4535 aliquid,
756 4434 1005 4518 nondum
1041 4434 1302 4533 cognovit
1337 4459 1618 4527 quomodo
1649 4464 1906 4527 oporteat
1941 4471 2052 4511 eun

2213 4455 2253 4506 εἴ
2284 4451 2513 4522 γνῶναι.
2561 4449 2626 4501 Et
2665 4447 2722 4501 δέ
2758 4464 2844 4510 τις
2865 4445 3059 4516 ἀγαπᾷ
3089 4442 3181 4498 τὸν
3214 4442 3366 4511 Θεὸν,
3402 4434 3556 4504 οὗτος
3589 4439 3781 4508 ἔγνω-

484 4559 649 4614 seire.
682 4554 738 4610 Si
765 4553 894 4626 quis
918 4561 1101 4608 autem
1137 4551 1320 4623 diligit
1351 4549 1548 4614 Deum,
1573 4549 1664 4604 hic
1695 4547 1951 4618 cognitus
1985 4563 2046 4602 es

1137 4551 1320 4623 diligit
1351 4549 1548 4614 Deum,
1573 4549 1664 4604 hic
1695 4547 1951 4618 cognitus
1985 4555 2072 4602 est
2103 4549 2148 4606 Ι)
2179 4562 2304 4600 σται
2334 4545 2426 4598 ὑπ’
2466 4539 2655 4596 αὐτοῦ.
2682 4559 2700 4590 ι

485 4652 552 4705 ab
589 4665 677 4705 eo.
718 4668 737 4701 ι

555 4740 692 4796 Vide
721 4738 999 4810 quomodo
1028 4733 1409 4808 arrogantiam
1449 4731 1670 4786 illorum
1710 4721 1923 4801 dejicit.
1946 4731 2068 4786 Pri-

2252 4728 2396 4796 Ὄρα
2420 4724 2488 4778 δι’
2510 4723 2652 4775 ὅσων
2685 4718 2866 4774 αὐτῶν
2901 4719 3211 4789 κατήνεγκε
3252 4715 3313 4769 τὸ
3347 4713 3569 4785 ὕψωμα.
3603 4711 3786 4782 [1ρῶ-

483 4847 634 4886 mnm
662 4830 807 4886 enim
829 4827 1076 4883 ostendit
1098 4841 1194 4882 eos
1219 4838 1330 4879 non
1353 4824 1504 4878 solos
1525 4823 1685 4885 scire,
1705 4836 1827 4891 quae
1856 4825 2041 4876 sciunt

2215 4838 2272 4874 ον
2303 4818 2404 4889 μὲν
2426 4816 2535 4886 γάρ
2564 4813 2788 4878 ἔδειξεν,
2814 4811 2898 4864 ὅτι
2947 4810 3010 4863 ού
3061 4807 3222 4879 μόνον
3251 4807 3572 4860 ἐπίστανται
3617 4803 3783 4876 ἅπερ

488 4923 681 4979 Omnes
732 4921 896 4984 enim,
951 4917 1153 4990 inquit,
1204 4915 1484 4970 scientiam
1533 4913 1805 4968 habemus.
1861 4913 2056 4968 Deindt

2218 4926 2352 4964 ςασι.
2377 4905 2607 4970 Πάντες
2636 4903 2766 4974 γὰρ,
2793 4901 2978 4972 φησὶν,
3003 4897 3231 4968 γνῶσιν
3259 4896 3506 4990 ἔχομεν..
3530 4895 3786 4990 Ἔπειτα

496 5015 602 5067 hoc
669 5011 926 5066 nocivum
975 5025 1100 5065 esse
1145 5007 1268 5062 sine
1307 5005 1604 5060 charitate.
1650 5002 1811 5069 Nam,
1845 5003 2064 5058 scientia

2219 5017 2263 5052 τι
2295 4995 2560 5068 βλαϐερὸν
2623 4992 2685 5046 τὺ
2735 4993 2971 5062 πρᾶγμα
3002 4987 3164 5040 τοῦτο
3195 4987 3366 5057 χωρὶς
3406 4985 3655 5056 ἀγάπης.
3714 4984 3787 5039 'IJ

487 5106 664 5176 inﬂat.
717 5103 798 5157 Ad
852 5104 968 5156 haec
1000 5098 1302 5170 nequidem
1334 5094 1636 5167 perfectum
1673 5093 1809 5148 illud
1838 5109 1964 5150 esse
2015 5103 2055 5148 el

2222 5094 2406 5151 νῶσις
2457 5085 2590 5154 γάρ,
2631 5083 2790 5152 φησὶ,
2825 5077 3064 5150 φυσιοῖ·
3096 5078 3179 5130 ὃτι
3214 5075 3310 5130 καὶ
3351 5075 3490 5146 μετά
3537 5075 3790 5176 ἀγάπης

490 5163 828 5254 alisolutum,
861 5192 1024 5244 etiam
1062 5163 1668 5259 adjuncta—charitate;
1704 5185 1834 5238 dum
1872 5199 2058 5254 nempe

2224 5179 2278 5232 5x
2313 5174 2724 5247 ἀπηρτισμένον
2774 5170 2948 5238 ἐστὶν,
2979 5168 3103 5222 οὐδὲ
3159 5167 3386 5221 τέλειον.
3439 5164 3514 5217 El
3542 5182 3636 5230 τις
3658 5163 3792 5233 γὰρ

489 5287 566 5340 ait
589 5303 603 5341 :
639 5283 831 5354 Siquis
847 5281 1118 5337 existimat
1132 5255 1193 5335 se
1209 5280 1344 5335 scire
1361 5278 1589 5346 aliquid,
1618 5275 1852 5330 nondum
1875 5292 2057 5346 cogno-

2225 5267 2581 5324 οκεῖεἱδέναι
2610 5283 2688 5329 τι,
2746 5263 2936 5335 φησὶν,
2982 5259 3217 5315 οὐδέπω
3263 5257 3529 5327 ἔγνωκεν
3568 5255 3793 5320 καθὼς

489 5382 564 5432 tit
617 5374 880 5448 quomodo
932 5383 1173 5443 oporteat
1212 5389 1330 5427 eum
1381 5371 1537 5425 scire.
1595 5370 1833 5439 Insuper
1887 5383 1958 5423 ne
2014 5369 2057 5422 id

2225 5361 2274 5415 εἴ
2295 5359 2537 5431 γνῶναι.
2595 5357 2740 5427 Πρὸς
2783 5353 3015 5418 τούτοις,
3056 5352 3139 5405 ὄτι
3189 5349 3313 5404 οὐδὲ
3365 5347 3528 5401 τοῦτο
3549 5346 3793 5400 οἴκοθεν

493 5433 714 5538 quoque
747 5481 843 5520 eos
889 5478 920 5517 a
956 5463 1157 5535 seipsis
1189 5461 1416 5526 habere,
1447 5460 1540 5516 sed
1579 5459 1770 5514 divino
1812 5474 2061 5514 munere.

2226 5469 2414 5525 φυσιν,
2449 5448 2588 5504 ἀλλὰ
2610 5447 2703 5502 τοῦ
2737 5445 2873 5499 Θεοῦ
2899 5441 3314 5515 δωρησαμένου.
3346 5441 3421 5494 Οὐ
3447 5439 3558 5509 γάρ
3584 5433 3794 5538 εἶπεν,

491 5560 610 5616 Non
660 5559 805 5614 enim
857 5557 1013 5620 dicit,
1076 5555 1336 5625 cognovit
1391 5553 1584 5616 Deum,
1645 5550 1762 5614 sed,
1829 5551 2059 5621 cognitus

2227 5563 2318 5613 τνω
2373 5544 2463 5598 τὸν
2510 5541 2666 5606 Θεὸν,
2703 5538 2840 5603 ἀλλ’,
2876 5537 3172 5609 ἔγνωσται
3223 5535 3326 5591 ὑπ’
3377 5530 3589 5588 αὑτοῦ.
3630 5525 3795 5584 Εῐτσι

494 5663 570 5706 est
602 5653 776 5707 abeo.
828 5649 1068 5704 Tandem
1118 5649 1221 5702 hoc
1268 5648 1449 5716 ipsum
1499 5661 1528 5700 a
1573 5643 2062 5713 charitate'prove-

2218 5657 2258 5692 :t
2283 5637 2392 5691 ἀπὸ
2423 5634 2640 5703 ἀγάπης
2666 5631 2876 5700 γίνεται
2906 5627 3065 5683 τοῦτο
3113 5627 3267 5692 αὐτὸ,
3298 5625 3367 5695 ἢν
3395 5624 3496 5678 οὐκ
3532 5621 3786 5693 ἔχουσιν

567 5839 608 5867 ⁵⁸
653 5843 847 5901 Matth.
885 5859 972 5907 xv,
1007 5841 1088 5904 lS,
1123 5841 1204 5893 l‘J.
