3972 6382
251 394 334 457 029

1390 383 1470 442 ΙΝ
1511 380 1750 440 EPIST.
1785 380 1886 438 AD
1923 379 2291 440 COIllNTlI.
2332 381 2382 440 Ι.

3391 378 3508 441 630

248 509 309 571 ὡς
334 505 464 577 χρή.
512 507 582 558 Et
605 503 715 574 γάρ
737 520 848 568 τις,
879 501 1065 574 φησὶν,
1088 498 1292 571 ἀγαπᾷ
1320 497 1424 552 τὸν
1447 495 1618 565 Θεὸν,
1637 492 1815 555 οὗτος
1843 539 1847 549 .

1967 492 2059 557 ire,
2103 508 2272 562 quam
2325 493 2430 562 ipsi
2483 507 2592 546 non
2643 492 2893 548 habeant
2929 499 2992 548 ut
3043 501 3280 564 oportet.
3320 490 3501 558 Nam,

250 596 532 667 ἔγνωσται
561 593 664 650 ὑπ’
687 591 900 648 αὐτοῦ.

317 801 335 836 ι
363 782 504 854 Περὶ
530 783 630 852 τῆς
661 779 924 852 βρώσεως
954 777 1048 834 οὖν
1101 780 1211 834 τῶν
1247 779 1640 842 εἰδωλοθύτων,
1669 781 1819 834 οῖδα-

1917 585 1984 728 sib
2024 585 2168 653 quis.
2235 585 2436 656 inquit,
2499 583 2674 654 diligit
2734 585 2932 650 Deum,
2985 587 3081 640 hie
3123 586 3369 658 cognitus
3423 593 3502 638 est

1919 691 1950 727 α
2015 692 2098 728 eo.

1919 691 1984 728 αο
2015 692 2098 730 80.

1992 767 2157 823 Vens.
2197 769 2250 823 4.
2283 786 2301 820 ι
2345 767 2420 823 De
2445 767 2590 822 escis
2615 781 2748 836 ergo
2776 782 2898 837 quin
2925 765 3087 821 idolis
3111 765 3499 825 immolantur.

255 891 343 944 μεν
369 874 451 926 ὅτι
477 872 631 926 οὐδὲν
661 870 884 925 εἴδωλον
914 869 973 924 ὲν
995 869 1206 942 κόσμῳ,
1237 870 1332 925 καὶ
1359 871 1442 924 ὅτι
1484 870 1662 934 οὐδεὶς
1689 871 1820 934 Θεὸς

1967 861 2136 916 :imus
2164 862 2294 932 quia
2338 861 2476 915 nihil
2521 869 2610 916 est
2639 859 2850 915 idolum
2896 858 2954 912 in
3000 858 3228 926 mundo,
3266 866 3322 915 et
3355 857 3500 928 quod

253 966 449 1034 ἕτερος,
480 961 625 1034 εἰμὴ
651 957 754 1026 εἷς.
795 980 816 1015 ι

324 1056 640 1127 Ἀμφότεροι
691 1053 942 1124 βούλεται
983 1053 1398 1109 κατασκευάσαι
1424 1069 1437 1084 ·
1483 1054 1566 1108 ὅτι
1605 1071 1666 1108 τε
1720 1055 1824 1108 ἀπ-

253 1147 561 1203 αναίνεσθαι
589 1147 671 1201 δεῖ
694 1146 794 1216 τῆς
813 1145 1072 1216 τοιαύτης
1105 1145 1411 1220 τραπέζης,
1433 1147 1527 1201 καὶ
1555 1149 1638 1201 ὅτι
1671 1148 1826 1218 ἰσχὺν

253 1241 344 1294 οὐκ
375 1238 492 1310 ἔχει
527 1240 606 1302 είς
631 1238 692 1291 τὸ
717 1237 920 1309 βλάψαι
949 1237 1465 1310 τοὺς.μετὲχοντας,
1495 1239 1639 1310 ἆπερ
1674 1239 1828 1293 ἐναν-

253 1335 336 1387 τία
365 1331 614 1402 ἀλλήλων
645 1331 784 1385 ὲστί.
815 1331 1042 1396 Γνόντες
1074 1331 1185 1402 γὰρ
1209 1332 1292 1386 ὅτι
1321 1333 1424 1386 οὐκ
1453 1331 1568 1402 ἔχει
1599 1331 1826 1403 βλάϐην,

253 1423 420 1486 οὕτως
439 1423 714 1494 διαφόρως
739 1422 966 1494 ἔμελλον
1021 1422 1356 1495 ἐπιτρέχειν,
1398 1424 1738 1488 κωλυθέντες
1774 1424 1831 1478 δὲ

255 1515 430 1570 αὐτῶν
481 1514 772 1580 ἅπτεσθαι,
827 1515 990 1570 πάλιν
1049 1514 1397 1585 ὑπώπτευον,
1429 1518 1512 1572 ὅτι
1553 1517 1629 1582 ὼς
1675 1519 1829 1588 ἰσχὺν

254 1607 482 1678 ἐχόντων
505 1607 585 1670 εἰς
611 1605 670 1661 τὺ
703 1605 966 1677 βλάπτειν
992 1607 1366 1678 ἐκωλύθησαν.
1391 1609 1484 1662 Διὸ
1514 1608 1579 1680 δὴ
1612 1609 1831 1682 πρῶτον

258 1698 473 1753 καθέλει
494 1709 518 1738 ο
541 1697 640 1768 τὴν
678 1696 789 1752 τῶν
820 1697 1057 1752 εἰδώλων
1088 1698 1365 1756 ὑπόνοιαν.
1389 1700 1463 1755 Τὸ
1496 1700 1625 1773 γὰρ,
1669 1696 1831 1769 εἶναι,

256 1793 348 1846 ἐπὶ
378 1791 498 1859 τοῦ,
533 1789 610 1863 μὴ
636 1789 784 1861 ἔχειν
813 1790 970 1862 ίσχὺν
999 1789 1161 1858 αὐτὰ,
1189 1790 1452 1847 τέθειται.

322 1989 343 2024 ι
385 1970 498 2026 Καὶ
524 1971 633 2042 γὰρ
661 1971 821 2042 εἴπερ
845 1971 986 2024 εἰσὶν
1013 1971 1298 2041 λεγόμενοι
1322 1970 1456 2026 θεοί.
1499 1990 1518 2024 ι

334 2063 577 2135 Ἐπειδὴ,
615 2058 791 2131 εἶπεν,
820 2064 974 2118 οὐδὲν
1035 2062 1275 2129 εἴδωλον,
1309 2064 1402 2118 καὶ
1440 2062 1619 2127 οὐδεὶς
1675 2063 1832 2128 Θεὸς,

249 2158 298 2210 εἰ
327 2157 405 2227 μὴ
437 2151 518 2219 εἷς
540 2173 556 2188 ·
578 2150 646 2227 ἦν
672 2156 730 2210 δὲ
769 2156 865 2210 καὶ
907 2156 1105 2210 εἴδωλα
1124 2200 1138 2224 ,
1171 2153 1317 2228 ἦσαν
1341 2158 1400 2211 δὲ
1429 2157 1526 2212 καὶ
1552 2157 1665 2211 Oeol.
1681 2157 1838 2226 λεγό-

253 2263 428 2315 μενοι.
465 2246 584 2299 Ἵνα
611 2244 687 2316 μὴ
708 2245 838 2317 δόξῃ
878 2248 994 2308 τοῖς
1024 2249 1282 2317 φανεροῖς
1306 2248 1600 2319 μάχεσθαι,
1636 2248 1838 2318 ἐπάγει

251 2338 426 2407 λέγων
451 2337 542 2392 τό’
593 2338 779 2408 Εἴπερ
799 2337 922 2392 εἰσί
957 2340 1274 2409 λεγόμενοι
1316 2341 1463 2396 θεοί.
1509 2341 1620 2396 Καὶ
1650 2340 1840 2412 ὥσπερ

251 2425 344 2483 οὖν
372 2431 534 2496 εἰσιν,
553 2430 654 2500 οὐχ
681 2429 871 2494 ἅπλῶς
901 2432 1063 2495 εἰσιν,
1095 2431 1232 2484 ἀλλὰ
1251 2430 1544 2503 λεγόμενοι
1563 2450 1577 2464 ⁸
1619 2433 1714 2487 καὶ
1738 2433 1839 2488 οὐκ

251 2523 308 2574 ἐν
332 2521 649 2593 πράγματι,
681 2521 799 2576 ἀλλ’
826 2523 887 2575 ὲν
925 2522 1136 2594 ῥήματι
1173 2522 1337 2576 τοῦτο
1359 2521 1574 2593 ἔχοντες

328 2745 348 2778 r
390 2724 519 2779 Εἴτε
543 2726 601 2780 ὲν
619 2723 859 2796 οὐρανῷ,
907 2725 1021 2780 εἴτε
1047 2725 1145 2781 ἐπὶ
1194 2727 1298 2798 γῆς
1321 2743 1336 2758 ο
1367 2725 1558 2798 ὥσπερ
1596 2726 1703 2782 είσὶ
1730 2725 1844 2780 θεοὶ

256 2819 445 2874 πολλοὶ
483 2820 581 2874 καὶ
609 2819 794 2890 κύριοι
815 2817 1025 2874 πολλοί.
1055 2837 1075 2871 ι

340 2912 433 2964 Ἐν
453 2911 672 2982 οὐρανῷ
693 2912 783 2965 τὸν
809 2912 964 2982 ἥλιον
983 2911 1184 2982 λέγων,
1221 2913 1317 2967 καὶ
1338 2912 1442 2986 τὴν
1471 2912 1726 2987 σελήνην,
1751 2916 1845 2972 καὶ

258 3003 364 3059 τῶν
432 3002 641 3057 λοιπῶν
697 3003 807 3056 τῶν
853 3003 1104 3075 ἀστέρων
1156 3004 1354 3076 χορόνο
1400 3007 1496 3060 καὶ
1538 3005 1653 3079 γὰρ
1707 3007 1849 3062 αὐτὰ

259 3095 684 3168 προσεκύνησαν
737 3097 1000 3168 ’Έλληνες
1040 3099 1117 3160 ὡς
1157 3097 1315 3162 θεούς
1336 3114 1351 3127 ·
1383 3087 1477 3152 ἐπὶ
1508 3101 1613 3171 γῆς
1645 3099 1702 3152 δὲ
1726 3099 1846 3154 δαί-

1924 953 2114 1008 nullus
2139 961 2225 1008 est
2255 952 2400 1009 Deus
2432 952 2575 1008 alius
2601 952 2707 1008 nisi
2742 965 2908 1005 unus.
2947 968 2966 1001 ι

2001 1046 2307 1116 Utrumque
2358 1045 2480 1100 vult
2531 1044 2810 1109 evincere,
2862 1043 3012 1113 quod
3064 1055 3258 1112 nempe
3301 1039 3370 1093 ab
3403 1039 3507 1092 hac

1928 1152 2117 1193 mensa
2149 1138 2224 1193 sit
2255 1136 2680 1203 abstinendum;
2717 1145 2771 1192 et
2819 1135 2967 1206 quod
3009 1134 3118 1189 vim
3170 1132 3377 1187 nullam
3410 1131 3509 1186 ha-

1928 1229 2096 1284 beant
2120 1228 2247 1284 illos
2287 1227 2519 1284 ltedendi
2550 1228 2646 1299 qui
2672 1226 2792 1298 ipsa
2827 1225 3190 1296 participant,
3222 1237 3344 1294 quae
3368 1223 3512 1276 invi—

1930 1336 2047 1378 cem
2075 1322 2359 1378 contraria
2396 1329 2550 1378 sunt.
2578 1317 2716 1375 Nam
2741 1319 2837 1390 qui
2871 1334 2937 1375 ea
2965 1331 3166 1373 nocere
3198 1332 3306 1372 non
3346 1330 3511 1386 posse

1931 1411 2319 1482 iutelligebant
2348 1449 2368 1477 ,
2428 1406 2950 1465 indiscriminatim»
2986 1404 3106 1475 ipsa
3162 1401 3511 1474 persecuturi

1933 1510 2090 1559 erant
2121 1521 2135 1558 :
2167 1503 2260 1573 qui
2293 1515 2426 1557 vero
2476 1507 2700 1571 tangere
2732 1495 3190 1568 prohibebantur,
3227 1493 3263 1547 ii
3292 1507 3512 1547 rursum

1938 1592 2374 1664 suspicabantur
2401 1590 2525 1646 ideo
2554 1603 2614 1644 se
2646 1587 2759 1644 illis
2779 1585 2980 1650 arceri,
3028 1583 3176 1655 quod
3210 1582 3316 1636 vim
3345 1580 3516 1636 habe-

1937 1693 2060 1740 rent
2102 1681 2366 1738 nocendi.
2417 1679 2784 1747 Quamobrem
2817 1677 3054 1748 primum
3095 1672 3413 1744 opinionem
3445 1669 3516 1724 dc

1937 1776 2102 1832 idolis
2133 1774 2333 1830 aufert.
2365 1771 2522 1839 Quod
2557 1770 2707 1826 enim
2728 1769 2971 1840 positum
3004 1773 3179 1822 estea
3204 1763 3343 1820 nihil
3366 1776 3530 1828 esser
3605 1753 3613 1775 '

1866 1843 1908 1899 Β
1939 1871 2085 1925 idem
2112 1876 2200 1924 est
2225 1881 2294 1922 ac
2327 1866 2467 1921 nihil
2499 1865 2621 1936 ipsa
2645 1861 2872 1917 virtutis
2904 1860 3125 1916 habere.

2008 1961 2176 2017 Vens.
2207 1961 2262 2016 5.
2301 1979 2322 2012 ι
2357 1959 2497 2014 Nam
2527 1957 2633 2014 etsi
2664 1962 2794 2012 sunt
2818 1953 2914 2024 qui
2945 1952 3202 2007 dicantur
3223 1948 3323 2004 dii.
3367 1967 3386 2000 ι

2008 2055 2148 2111 Cum
2201 2053 2428 2119 dixerit,
2478 2051 2692 2107 nullum
2748 2048 2957 2103 idolum
3008 2060 3153 2110 esse,
3191 2060 3295 2099 nec
3343 2043 3518 2098 ullum

1939 2147 2136 2212 Deum,
2191 2145 2303 2202 nisi
2351 2159 2558 2212 unum;
2607 2141 2970 2198 nihilominus
3009 2153 3141 2194 vero
3191 2137 3338 2192 idola
3383 2137 3516 2201 sint,

1937 2242 2161 2311 sintque
2191 2239 2362 2295 etiam
2392 2237 2487 2308 qui
2528 2237 2795 2293 dicuntur
2840 2233 2950 2300 dii;
2979 2246 3050 2287 ne
3071 2245 3162 2286 res
3197 2228 3520 2283 manifestas

1939 2333 2229 2389 videretur
2259 2326 2612 2402 impugnare,
2641 2329 2748 2384 hoc
2769 2323 3056 2397 subiungit
3091 2341 3107 2378 :
3139 2321 3259 2376 Etsi
3285 2331 3408 2376 sunt
3431 2319 3522 2389 qui

1941 2426 2194 2481 dicantur
2215 2424 2313 2480 dii.
2339 2419 2816 2490 Quemadmodum
2850 2431 2982 2489 ergo
3015 2422 3165 2480 sunt,
3200 2428 3311 2468 non
3341 2421 3523 2466 tamen

1942 2529 2074 2577 sunt
2093 2519 2349 2577 absolute
2378 2517 2476 2583 dii,
2509 2515 2605 2572 sed
2635 2514 2928 2579 dicuntur;
2959 2516 3021 2566 ut
3045 2507 3140 2580 qui
3171 2520 3280 2561 non
3311 2519 3392 2567 re.
3427 2502 3521 2558 sed

1943 2613 2166 2670 nomine
2189 2611 2450 2668 dei-tatem
2482 2609 2744 2664 habeant.

2021 2725 2042 2760 ι
2080 2706 2210 2763 Sive
2258 2705 2318 2760 in
2361 2704 2526 2771 coelo,
2571 2701 2689 2759 sive
2732 2701 2788 2756 in
2837 2706 3006 2754 terra.
3049 2676 3544 2764 Quemadmodum

1945 2805 2076 2854 sunt
2112 2795 2196 2852 dii
2235 2796 2420 2861 multi,
2456 2803 2510 2851 et
2540 2793 2751 2848 domini
2785 2791 2970 2846 multi.
3009 2807 3029 2842 ι

2016 2888 2078 2955 ln
2136 2888 2280 2944 coelo
2329 2901 2455 2943 esse
2507 2885 2681 2941 solem
2717 2882 2875 2948 dicit,
2912 2881 3132 2944 lunam,
3171 2880 3239 2931 et
3283 2873 3527 2942 reliqua-

1947 2996 2071 3037 rum
2117 2980 2413 3038 stellarum
2465 2976 2696 3032 chorum
2748 2972 2888 3044 (hinc
2935 2971 3080 3027 enim
3133 2967 3368 3040 gentiles
3403 2973 3533 3018 tan-

1949 3090 2116 3146 quam
2177 3073 2312 3130 deos
2367 3066 2783 3138 adoraverunt),
2820 3067 2878 3122 in
2937 3074 3086 3120 terra
3142 3075 3274 3116 vero
3327 3057 3531 3114 daemo-

261 3156 452 3256 μονας,
492 3156 588 3240 καί
615 3186 746 3251 τοὺς
771 3186 832 3252 ἐξ
873 3156 1182 3257 avehit.qu
1212 3156 1633 3258 θεοποιηθέντας
1662 3187 1838 3243 ἅπαν-

1967 3185 2086 3236 ies,
2125 3176 2182 3224 et
2229 3167 2549 3238 quicunque
2584 3180 2654 3221 ex
2702 3161 3023 3218 hominibus
3075 3160 3132 3216 in
3183 3158 3316 3214 deos
3368 3156 3528 3210 relati

256 3299 379 3345 τας.

337 3393 358 3426 ι
406 3372 550 3427 Ἀλλ’
603 3375 737 3445 ἡμῖν
763 3370 846 3438 εἷς
871 3373 1005 3439 Θεὸς
1034 3375 1064 3428 ό
1088 3373 1302 3448 Πατὴρ,
1331 3374 1393 3441 ἐξ
1425 3369 1486 3432 οὗ
1505 3375 1576 3431 τὰ
1593 3375 1794 3432 πάντα.
1820 3395 1840 3430 ι

329 3556 616 3628 Πρότερον
639 3555 832 3622 εἰπὼν,
870 3557 953 3611 ὅτι
982 3558 1158 3622 οὐδεὶς
1184 3557 1319 3623 Θεὸς
1351 3558 1532 3624 ἄλλος,
1564 3560 1613 3613 εί
1651 3561 1728 3630 μὴ
1745 3555 1848 3625 εἷς,

259 3646 357 3702 νῦν
377 3645 542 3701 τοῦτο
567 3647 951 3719 προστίθησιν,
976 3644 1098 3703 εἶτα
1126 3651 1222 3704 καὶ
1257 3651 1338 3718 τὸ,
1386 3652 1552 3708 Ἀλλ’
1585 3652 1760 3723 ἡμῖν·
1789 3653 1852 3707 τὸ

259 3738 503 3809 Πατήρ·
554 3735 677 3794 εἶτα.
729 3740 826 3795 καὶ
877 3742 1016 3812 ὅπερ
1068 3742 1187 3796 ἐστὶ
1213 3742 1415 3813 δεῖγμα
1452 3742 1727 3814 θεότητος,
1757 3744 1854 3799 καὶ

262 3831 427 3886 τοῦτο
451 3831 674 3902 ὲπάγει,
707 3833 776 3898 ἐξ
814 3828 888 3891 οὗ
931 3833 1004 3889 τὰ
1049 3832 1266 3898 πάντα,
1309 3835 1517 3904 λέγων’
1544 3835 1706 3890 τοῦτο
1745 3835 1855 3908 γὰρ

261 3923 534 3991 δείκνυσι,
588 3924 880 3988 κάκείνους
942 3925 1044 3980 οὐκ
1085 3925 1246 3991 ὄντας
1306 3927 1502 3993 θεούς·
1560 3928 1694 3984 Θεοί
1747 3929 1856 4002 γὰρ

261 4015 318 4068 oZ
348 4015 464 4070 τὸν
478 4017 744 4085 οὐρανὸν
772 4017 874 4073 καί
921 4017 1038 4088 τὴν
1058 4018 1177 4088 γῆν
1209 4020 1323 4076 οὐκ
1348 4020 1675 4090 ἐποίησαν,
1704 4021 1856 4076 ἀπο-

262 4107 619 4175 λέσθωσαν,
667 4109 861 4182 φησίν.

335 4309 360 4344 ι
405 4290 700 4362 Καὶήμεῖς
727 4291 809 4355 είς
841 4291 1028 4347 αὐτόν.
1073 4311 1093 4345 ι

337 4383 521 4436 Ὅταν
549 4383 650 4454 μὲν
685 4382 746 4448 ἐξ
773 4382 941 4436 αὑτοῦ
969 4383 1148 4439 πάντα
1180 4384 1336 4458 λέγῃ,
1360 4387 1461 4458 τὴν
1497 4386 1862 4460 δημιουργίαν

261 4476 442 4544 λέγει,
497 4476 593 4528 καὶ
636 4474 738 4546 τὴν
788 4475 856 4529 ἐκ
887 4473 982 4530 τοῦ
1010 4475 1086 4548 μὴ
1111 4476 1266 4542 ὄντος
1289 4479 1370 4542 εἰς
1407 4478 1468 4532 τὸ
1529 4475 1672 4536 εἶναι
1711 4497 1858 4553 παρ-

259 4569 530 4637 αγωγὴνο
557 4567 689 4622 ὅταν
712 4566 772 4622 δὲ
802 4567 952 4640 είπῃ,
979 4569 1077 4624 καί
1108 4569 1282 4640 ἡμεῖς
1302 4573 1388 4638 είς
1411 4571 1620 4636 αὐτὸν,
1644 4572 1737 4628 τὸν
1760 4574 1860 4646 τῆς

261 4661 517 4724 πίστεως
566 4661 661 4713 καὶ
713 4658 1042 4726 οἰκειώσεως
1091 4660 1242 4730 λέγει
1297 4662 1457 4732 λόγον
1483 4679 1498 4695 ο
1550 4665 1712 4739 διπλῇ
1753 4667 1862 4740 γάρ

260 4757 442 4825 ἐσμεν
468 4753 530 4820 ἐξ
555 4751 746 4818 αὐτοῦ,
784 4752 883 4826 καί
929 4753 1008 4825 τῷ
1043 4753 1119 4826 μὴ
1167 4755 1318 4819 ὅντες
1345 4755 1628 4824 γενέσθαι,
1649 4758 1746 4813 καὶ
1782 4757 1864 4830 τῷ

263 4847 463 4899 πιστοὶ
490 4844 782 4913 γενέσθαι·
812 4845 907 4900 καὶ
935 4844 1045 4918 γὰρ
1075 4846 1170 4900 καὶ
1197 4845 1259 4900 τὸ
1275 4847 1570 4904 πιστεῦσαι
1599 4850 1681 4916 είς
1700 4852 1864 4908 αὐτὸν

264 4937 457 5001 κτίσις
473 4935 726 4991 καλεῖται
747 4953 761 4968 ·
795 4936 883 4991 ἵνα
898 4937 1008 5010 γὰρ
1036 4938 1220 5011 κτίσῃ,
1249 4939 1407 5012 φησι,
1429 4941 1556 5007 τοὺς
1589 4942 1684 4998 δύο
1703 4944 1866 5010 λαοὺς

265 5030 350 5095 εἰς
385 5029 486 5085 ἕνα
515 5027 708 5085 καινὸν
729 5029 1042 5103 ἄνθρωπον.

350 5226 373 5260 ι
405 5207 516 5263 Kal.
586 5199 671 5271 εἷς
733 5204 942 5278 Κύριος
1010 5205 1218 5276 Ἰησοῦς
1271 5205 1532 5276 Χριστὸς,
1591 5206 1661 5260 δι’
1709 5201 1771 5264 οὗ
1808 5208 1877 5263 τὰ

277 5299 486 5364 πάντα,
537 5299 636 5354 καὶ
695 5298 862 5370 ἡμεῖς
916 5295 986 5352 δι’
1023 5295 1192 5352 αὑτοῦ
1216 5312 1230 5328 ο
1264 5296 1381 5352 ἀλλ’
1423 5298 1526 5353 οὐκ
1554 5299 1616 5354 ὲν
1649 5301 1818 5356 πᾶσιν
1843 5302 1880 5373 ἡ

277 5407 511 5455 γνωσις.
539 5409 558 5442 ι

370 5482 498 5535 Ἐπὶ
528 5480 627 5536 τοῦ
681 5481 924 5553 Χριστοῦ
982 5481 1147 5537 πάλιν
1194 5483 1291 5537 καὶ
1330 5479 1491 5537 τοῦτο
1525 5482 1770 5555 νοητέον.
1804 5482 1884 5536 Δι’

356 5658 630 5716 "Jcrem.
665 5676 722 5723 ι.
754 5660 841 5715 ll.
911 5661 954 5692 ⁷ο
989 5659 1189 5731 Ephes.
1220 5676 1279 5727 ιι,
1316 5662 1402 5715 15.

1949 3263 2125 3320 fuere.

2021 3354 2191 3410 Vens.
2215 3352 2270 3408 6.
2308 3369 2328 3404 ι
2369 3350 2479 3406 Sed
2516 3349 2678 3406 nobis
2718 3355 2908 3404 tamen
2943 3361 3089 3401 unus
3121 3350 3208 3400 est
3238 3323 3382 3398 Deus
3422 3337 3530 3394 Pa-

1949 3457 2055 3514 ter,
2090 3462 2157 3502 ex
2195 3460 2305 3517 quo
2345 3443 2552 3500 omnia.

2021 3538 2160 3595 Cum
2193 3545 2356 3592 antea
2397 3534 2672 3598 dixisset,
2722 3529 2940 3585 nullum
2973 3541 3102 3583 esse
3133 3523 3303 3580 Deum
3335 3522 3529 3586 alium,

1950 3640 2315 3703 praeterquam
2344 3640 2540 3691 unum,
2565 3624 2711 3679 idem
2743 3635 2904 3676 nunc.
2929 3616 3151 3687 repetit,
3184 3623 3349 3684 atque
3382 3613 3534 3668 insu-

1954 3737 2055 3793 per
2095 3720 2272 3787 addit,
2321 3717 2494 3772 Nobis
2536 3724 2754 3778 tamen;
2790 3721 2908 3766 tum
2957 3707 3180 3776 deinde,
3227 3705 3427 3767 Pater;
3481 3712 3538 3759 et

1954 3830 2201 3878 rursum,
2238 3811 2386 3885 quod
2433 3811 2656 3882 quidem
2702 3805 2924 3861 deitatis
2976 3807 3360 3873 argumentum
3408 3804 3536 3858 est,

1956 3908 2109 3966 addit
2141 3907 2328 3973 etiam,
2359 3919 2424 3960 ea:
2463 3920 2568 3974 quo
2610 3900 2813 3957 omnia.
2847 3898 2928 3953 Ex
2961 3896 3069 3950 hoc
3093 3893 3209 3964 88
3231 3891 3377 3948 enim
3405 3903 3537 3958 pro-

1956 4002 2122 4058 batur
2170 3989 2307 4054 illos‘
2354 4011 2468 4052 non
2503 4009 2648 4052 esse
2705 3993 2858 4048 deos.
2919 3987 3078 4051 Nam,
3135 3985 3367 4040 Pereunt
3423 3981 3538 4047 dii,

1958 4093 2144 4165 inquit
2182 4091 2470 4162 Scriptura
2495 4128 2511 4156 ,
2545 4089 2638 4160 qui
2679 4103 2785 4143 non
2820 4085 3054 4156 fecerunt
3103 4079 3293 4135 mlum
3340 4086 3389 4132 et
3433 4085 3542 4130 ter-

1957 4173 2076 4243 rain
2111 4186 2178 4242 ⁶⁹.

2037 4299 2056 4330 ‹
2093 4277 2161 4334 Ει
2189 4291 2293 4334 nos
2324 4276 2383 4331 in
2405 4274 2589 4330 illum.
2635 4272 2671 4324 ι’

2032 4371 2173 4427 Dum
2237 4374 2441 4425 cuncta
2493 4381 2619 4424 esse
2665 4378 2731 4420 ex
2785 4361 2880 4417 illo
2939 4356 3215 4420 alIirmat,
3261 4351 3545 4425 opiﬁcium

1963 4461 2156 4520 mundi
2217 4458 2513 4532 signiﬁcat,
2578 4454 2837 4528 quodque
2879 4467 2971 4507 res
3024 4448 3184 4504 facta:
3240 4461 3308 4502 ex
3370 4442 3547 4498 nihilo

1887 4537 2098 4618 Dsint.
2156 4554 2391 4624 Quando
2439 4567 2574 4609 vero
2628 4550 2725 4616 ait,
2772 4555 2822 4602 et
2875 4561 2970 4600 nos
3017 4544 3073 4598 in
3124 4541 3301 4605 illum,
3363 4537 3550 4593 innuit

1967 4656 2132 4726 plane
2165 4665 2276 4721 qua
2311 4648 2532 4703 ratione
2559 4643 2720 4700 iidem
2747 4641 3071 4702 habeamus,
3115 4635 3273 4705 isque
3299 4647 3400 4688 nos
3438 4629 3547 4686 sibi
3583 4680 3592 4685 _

1969 4724 2352 4802 vindicaverit.
2407 4736 2623 4810 Duplici
2667 4734 2871 4804 quippe
2925 4730 3087 4786 modo
3135 4741 3330 4782 sumus
3371 4739 3437 4780 ex
3485 4724 3550 4777 il-

1970 4837 2060 4904 lo;
2102 4847 2211 4904 qua
2269 4844 2464 4900 nempe
2493 4843 2560 4884 ex
2598 4825 2773 4881 nihilo
2823 4821 3034 4878 conditi
3082 4832 3299 4882 sumus,
3347 4823 3400 4870 et
3440 4831 3546 4884 qua

1971 4925 2333 4985 credidimus.
2364 4921 2502 4978 Nam
2549 4920 2606 4976 in
2650 4933 2776 4974 eum
2825 4914 3050 4972 credere
3086 4909 3292 4967 creatio
3332 4921 3516 4962 nunc!)

1967 5030 2153 5094 patur.
2211 5017 2305 5072 Ait
2362 5014 2552 5080 enirn,
2617 5021 2675 5068 ut
2735 5011 2878 5067 duos
2946 5005 3178 5079 populos
3237 4998 3442 5057 condat
3499 4999 3552 5054 in

1969 5127 2139 5169 unum
2175 5111 2243 5164 7°.

2048 5225 2067 5260 ι
2105 5205 2171 5260 Et
2205 5219 2352 5260 unus
2391 5201 2556 5259 Jesus
2605 5198 2888 5262 Christus,
2924 5208 3022 5264 per
3067 5206 3228 5263 quem
3259 5192 3469 5256 omnia,
3501 5199 3553 5244 et

1968 5315 2072 5357 nos
2094 5313 2191 5369 per
2224 5297 2428 5366 ipsum.
2467 5292 2658 5368 [Vt-2m.
2692 5287 2778 5363 7.]
2811 5287 2920 5344 Sed
2951 5301 3061 5342 non
3094 5285 3146 5339 in
3179 5283 3442 5340 omnibus
3472 5292 3556 5337 ρει

1974 5391 2231 5452 scientia.
2263 5409 2282 5443 ι

2054 5487 2171 5541 Hoc
2201 5494 2428 5538 rursum
2449 5477 2615 5536 etiam
2651 5473 2718 5530 de
2751 5472 2977 5531 Christo
3009 5479 3096 5528 est
3122 5467 3553 5541 intelligendum.

1612 5751 1846 5808 VARI/li
1887 5746 2182 5806 LECTION
2190 5747 2294 5802 ES.

377 5857 393 5877 ‘
432 5847 538 5904 l‘ro
573 5845 843 5913 καθαιρεῖ.
