3972 6410
412 397 512 463 631

1616 409 1675 468 S.
1716 405 2039 468 JOANNIS
2078 406 2515 468 DAMASCENI

3576 406 3689 473 632

413 509 546 566 Nam
592 522 646 569 et
677 514 965 571 hominum
996 532 1173 589 genus
1218 533 1317 590 per
1346 519 1525 591 ipsum
1557 535 1624 575 ex
1663 518 1838 574 nihilo
1866 533 1994 588 pro-

2120 519 2260 573 ιύτοῦ
2278 518 2390 590 γὰρ
2404 519 2502 573 καὶ
2521 519 2586 572 ἐκ
2611 515 2706 572 τοῦ
2733 516 2810 589 μὴ
2819 517 2973 582 ὄντος
2991 516 3249 590 παρήχθη
3277 516 3338 571 τὸ
3355 515 3463 573 τῶν
3474 515 3689 591 ἀνθρώ-

412 601 638 661 ductum
671 606 799 671 fuit,
832 616 998 680 atque
1028 611 1098 665 ab
1126 625 1315 667 errore
1353 612 1422 667 ad
1448 612 1730 667 veritatem
1773 625 2000 666 revoca-

415 705 533 751 tum
560 706 666 754 est.
696 697 938 770 Ideoque
970 701 1087 757 lucc
1118 703 1415 774 particula,
1441 719 1506 758 ex
1542 720 1667 774 quo,
1713 703 1999 759 Christum

413 804 526 845 non
574 790 840 847 excludit.
880 791 961 847 Ex
996 793 1121 865 ipso
1164 794 1311 849 enim
1347 809 1444 865 per
1475 794 1759 849 Christum
1788 791 2000 848 conditi

413 898 627 939 sumus.
677 883 781 950 Qui
832 900 935 941 nec
968 888 1193 943 nomina
1220 895 1483 957 tanquam
1514 888 1819 958 unicuique
1853 898 2003 943 sorte

413 974 714 1030 distributa
743 974 961 1043 divisit,
996 978 1125 1033 dum
1151 979 1292 1033 Filio
1322 978 1544 1050 quidem
1572 994 1782 1045 vocem,
1818 978 2004 1032 Domi-

414 1082 539 1130 nus,
580 1065 731 1122 Patri
781 1084 913 1124 vero
942 1084 1166 1135 nomen,
1216 1069 1384 1136 Deus,
1428 1069 1705 1126 attribuit.
1759 1068 1892 1136 Nam
1947 1078 2004 1126 et

417 1154 706 1227 Scriptura
726 1156 1046 1229 frequenter
1068 1160 1211 1215 solet
1236 1175 1300 1216 ea
1332 1168 1673 1231 permutare,
1703 1167 1763 1215 ut
1781 1160 2004 1231 quando

415 1247 533 1302 ait:
573 1247 722 1303 Dixit
774 1248 1035 1305 Dominus
1090 1251 1320 1307 Domino
1346 1269 1461 1337 utea
1505 1252 1574 1305 ".
1623 1251 1692 1306 Et
1738 1266 2001 1313 rursum:

416 1338 714 1409 Propterea
770 1345 925 1396 unxit
981 1353 1029 1399 te
1086 1343 1249 1410 Deus,
1295 1344 1441 1400 Deus
1495 1354 1616 1400 tuus
1655 1345 1725 1419 ν.
1778 1343 1884 1399 Et:
1920 1342 2006 1397 Ea:

417 1433 605 1501 quibus
660 1432 906 1489 Christus
957 1436 1248 1491 secundum
1296 1454 1531 1503 carnem,
1582 1438 1674 1509 qui
1726 1444 1806 1491 est
1849 1451 2007 1507 super

418 1525 604 1577 omnia
644 1524 785 1579 Deus
827 1527 895 1580 ⁷³.
931 1528 1115 1598 Atque
1143 1529 1332 1584 multis
1370 1529 1427 1584 in
1463 1529 1605 1599 locis
1649 1528 1853 1585 videris
1890 1529 2007 1584 haec

419 1618 641 1671 nomina
666 1618 1050 1674 transmutari.
1084 1619 1242 1686 Quod
1274 1621 1319 1676 si
1345 1626 1602 1690 quarunt
1623 1620 1815 1692 aliqui,
1838 1635 2005 1692 quam

418 1706 490 1761 ob
527 1722 753 1764 causam
801 1726 911 1765 non
949 1712 1263 1766 meminerit
1307 1711 1590 1783 Spiritus:
1639 1712 1750 1768 hoc
1784 1727 1888 1769 nos
1922 1727 2008 1768 rc-

418 1800 840 1869 sponderimus,
893 1818 1020 1858 eum
1074 1802 1142 1859 ad
1196 1805 1437 1862 cultores
1499 1804 1779 1861 idolorum
1837 1804 2006 1861 verba

421 1865 626 1959 facere,
654 1865 912 1965 atque'de
941 1893 1052 1952 diis
1083 1896 1356 1967 pluribus,
1387 1897 1570 1969 deque
1596 1896 1838 1952 dominis
1865 1897 2008 1951 mul-
2038 1865 2079 1921 Β

420 1986 493 2043 tis
534 1985 843 2059 disputare.
883 1987 1255 2055 Quamobrem
1302 1999 1596 2063 postquam
1630 2005 1801 2046 unum
1831 1989 2005 2046 Deum

418 2075 638 2132 Patrem
675 2078 839 2143 dixit,
872 2076 1072 2134 Filium
1106 2078 1402 2135 Dominum
1432 2081 1752 2152 appellavit.
1782 2079 1839 2135 Si
1873 2096 2008 2152 ergo

414 2167 638 2226 Patrem
671 2185 782 2226 una
808 2185 936 2226 cum
982 2170 1123 2227 Filio
1158 2187 1308 2229 nunc
1337 2188 1510 2231 ausus
1543 2188 1653 2229 non
1689 2181 1777 2230 est
1816 2173 2006 2229 Domi-

417 2277 551 2317 num
593 2263 893 2333 appellare,
922 2280 993 2319 ne
1022 2266 1167 2336 apud
1197 2265 1324 2322 illos
1364 2266 1419 2321 in
1445 2266 1826 2337 suSpicionem
1856 2268 2010 2322 veni-

415 2361 502 2410 ret
533 2356 691 2426 quasi
726 2355 868 2413 duos
943 2358 1198 2414 dominos
1249 2360 1497 2426 diceret;
1550 2374 1731 2430 neque
1781 2375 2006 2417 rursum

416 2443 621 2501 Filium
648 2463 757 2502 una
798 2462 924 2504 cum
953 2446 1119 2505 Patre
1145 2448 1315 2505 Deum
1345 2464 1567 2515 vocare,
1595 2466 1666 2506 ne
1690 2450 1833 2506 duos
1861 2450 2008 2506 amr-

420 2553 574 2595 mare
616 2541 748 2596 deos
782 2548 1074 2611 putaretur
1101 2561 1115 2596 :
1141 2542 1277 2613 quid
1308 2543 1554 2611 miraris,
1589 2544 1637 2600 si
1666 2559 1779 2599 non
1809 2545 2008 2601 memi-

415 2630 499 2685 nit
552 2630 836 2702 Spiritus?
884 2631 1023 2689 Nam
1076 2633 1348 2693 adversus
1399 2635 1527 2694 illos
1580 2645 1712 2693 tunc
1757 2636 2007 2694 decerta-

416 2724 532 2791 hat,
593 2724 921 2797 volebatque
969 2727 1287 2795 ostendere,
1349 2729 1497 2800 apud
1556 2744 1659 2786 nos
1709 2744 1822 2785 non
1882 2745 2006 2787 esse

416 2814 649 2873 deorum
714 2818 1150 2877 multitudinem.
1207 2820 1511 2892 Propterea
1560 2836 1795 2890 vocem,
1864 2839 2005 2878 unus

417 2908 641 2965 assidue
696 2911 918 2978 retinet,
975 2913 1221 2969 dicens:
1260 2911 1464 2969 Nullus
1521 2922 1601 2968 est
1664 2913 1833 2985 Deus,
1895 2915 2003 2969 nisi

2104 629 2223 666 πων
2242 610 2422 681 γένος,
2444 609 2540 665 καὶ
2567 610 2677 665 ἀπὸ
2706 609 2917 682 πλάνης
2938 612 3019 675 εἰς
3067 609 3334 681 ἀλήθειαν
3367 610 3644 682 ἐπανῆλθε
3665 626 3684 644 ο

2102 706 2246 760 ὥστε
2270 706 2350 772 τὸ,
2383 705 2451 771 ἐξ
2479 699 2577 770 οὗ,
2608 704 2769 759 τοῦτο
2811 704 2913 759 οὐκ
2941 703 3057 759 ἔστι
3084 704 3255 776 χωρὶς
3297 702 3393 757 τοῦ
3421 703 3686 775 Χριστοῦ.

2118 796 2210 863 Ἐξ
2233 797 2403 851 αὐτοῦ
2446 796 2556 867 γὰρ
2584 796 2676 851 διὰ
2718 796 2815 850 τοῦ
2864 795 3105 867 Χριστοῦ
3145 794 3687 867 έδημιουργήθημεν.

2104 890 2180 944 Οὐ
2218 888 2325 961 μὴν
2356 888 2478 943 οὐδὲ
2493 888 2563 943 τὰ
2585 888 2824 960 ὀνόματα
2845 887 2921 951 ὡς
2937 886 3443 957 ἁποκεκληρωμένα
3470 887 3690 952 διεῖλεν,

2103 979 2184 1051 τῷ
2218 980 2319 1051 μὲν
2343 979 2461 1050 Υἱῷ
2485 979 2547 1033 τὸ
2576 980 2796 1047 Κύριος
2822 1019 2837 1043 ,
2860 977 2951 1048 ’τῷ
2974 978 3031 1030 δὲ
3052 978 3230 1048 Πατρὶ
3255 977 3319 1030 τὸ
3346 977 3491 1043 Θεὸς
3518 993 3692 1047 προσ-

2105 1071 2323 1142 νείμας.
2358 1067 2516 1124 Οἶδεν
2569 1070 2680 1140 γὰρ
2743 1069 2885 1124 αὐτὰ
2927 1069 3025 1123 καὶ
3059 1068 3409 1122 ἐναλλάττειν
3430 1069 3465 1139 ἡ
3494 1068 3694 1138 Γραφὴ

2108 1163 2389 1230 πολλάκις,
2421 1161 2497 1225 ὡς
2527 1161 2656 1214 ὅταν
2679 1160 2838 1231 λέγῃ*
2866 1155 3051 1215 Εἶπεν
3081 1160 3115 1213 ό
3135 1158 3352 1225 Κύριος
3385 1154 3466 1223 τῷ
3496 1159 3697 1226 Κυρίῳ
3788 1200 3795 1205 .

2104 1273 2244 1326 μου.
2291 1254 2402 1308 Καὶ
2441 1252 2605 1307 πάλιν
2630 1269 2644 1282 ·
2681 1251 2786 1305 Διά
2833 1250 3013 1305 τοῦτο
3050 1248 3265 1320 ἕχρισέ
3297 1264 3372 1303 σε
3394 1250 3428 1303 ό
3455 1248 3623 1313 Θεὸς,
3659 1251 3697 1302 ὀ

2114 1352 2260 1416 Θεός
2278 1366 2417 1404 σου.
2458 1348 2610 1403 Καί·
2654 1346 2759 1411 Ἐξ
2800 1340 2874 1401 οὗ
2896 1341 3155 1413 Χριστὸς
3175 1343 3246 1397 τὸ
3279 1340 3430 1395 κατὰ
3468 1339 3693 1410 σάρκα,

2107 1444 2142 1497 ὸ
2175 1439 2263 1496 ὢν
2296 1439 2397 1494 ἐπὶ
2455 1438 2699 1493 πάντων
2737 1435 2901 1501 Θεός.
2954 1432 3067 1487 Καὶ
3116 1429 3386 1504 πολλαχοῦ
3448 1430 3516 1486 ἂν
3559 1428 3700 1493 rem;

2108 1532 2283 1588 ταῦτα
2314 1530 2712 1603 μεταϐαίνοντα
2746 1527 2817 1582 τὰ
2844 1527 3107 1597 ὀνόματα.
3129 1525 3193 1578 El
3218 1523 3273 1577 δέ
3293 1538 3438 1587 τινες
3458 1521 3695 1589 λέγοιεν,

2110 1624 2270 1690 Τίνος
2297 1624 2486 1678 ἕνεκεν
2518 1621 2838 1694 Πνεύματος
2884 1619 2986 1673 ούκ
3019 1616 3471 1690 ἑμνημόνευσενς
3511 1616 3694 1668 ἐκεῖνο

2109 1719 2178 1774 ἂν
2215 1718 2486 1788 εἴποιμεν,
2510 1715 2592 1770 ὅτι
2624 1715 2765 1788 πρὸς
2822 1711 3212 1783 είδωλολάτρας
3250 1703 3321 1780 ἦν
3348 1709 3378 1762 ὸ
3408 1708 3566 1776 λόγος
3594 1706 3698 1761 αὐ-

2112 1807 2211 1881 τῷ,
2241 1807 2339 1862 καλ
2362 1808 2493 1880 περὶ
2521 1806 2661 1861 θεῶν
2703 1803 2917 1859 πολλῶν
2943 1804 2973 1857 ὸ
2999 1800 3171 1872 ἀγὼν,
3211 1800 3308 1855 καὶ⁷
3336 1799 3466 1870 περὶ
3487 1797 3701 1868 κυρίων

2113 1901 2328 1957 πολλῶν
2348 1919 2363 1933 ·
2396 1900 2476 1955 διὸ
2518 1900 2616 1954 καὶ
2641 1898 2775 1953 Θεὸν
2794 1898 2889 1951 τὸν
2909 1895 3133 1967 Πατέρα
3164 1892 3353 1958 εἰπὼν,
3380 1890 3589 1962 Κύριον
3605 1888 3702 1942 τὸν

2114 1996 2246 2051 Υίὸν
2275 1995 2557 2050 ἐκάλεσεν.
2598 1993 2664 2047 Εί
2697 1991 2880 2046 τοίνυν
2924 1988 3017 2042 τὸν
3045 1985 3269 2056 Πατέρα
3294 1984 3396 2038 οὐκ
3427 1981 3702 2051 ἐτόλμησε

2115 2088 2345 2144 καλέσαι
2364 2085 2572 2158 Κύριον
2598 2084 2695 2139 νῦν
2720 2082 2861 2155 μετὰ
2897 2080 2993 2136 τοῦ
3026 2077 3182 2146 Υίοῢ,
3209 2077 3301 2133 ἵνα
3331 2074 3406 2147 μὴ
3438 2073 3534 2127 δύο
3564 2069 3703 2141 παρ’

2115 2180 2349 2245 ἐκείνοις
2384 2177 2763 2248 ὑποπτεύηται
2788 2175 2971 2242 λέγειν
3004 2171 3228 2244 κυρίους
3248 2185 3263 2200 ο
3296 2167 3419 2223 οὐδὲ
3452 2165 3546 2220 τὸν
3570 2164 3705 2219 Υίὸν

2111 2273 2247 2328 Θεὸν
2284 2271 2424 2343 μετὰ
2458 2269 2554 2324 τοῦ
2584 2268 2824 2339 Πατρὸς,
2857 2266 2946 2320 ἵνα
2970 2263 3045 2336 μὴ
3076 2261 3172 2316 δύο
3197 2259 3382 2330 λέγειν
3406 2257 3704 2327 νομίζηται

2112 2365 2290 2429 θεοὺς,
2348 2363 2403 2417 τί
2463 2360 2789 2433 θαυμάζεις,
2825 2360 2875 2412 εί
2923 2356 3019 2412 τοῦ
3046 2353 3367 2425 Πνεύματος
3402 2350 3502 2404 οὐκ
3531 2350 3700 2419 ἐμνη-

2112 2456 2345 2528 μόνευσε
2369 2471 2384 2520 ;
2413 2453 2554 2526 πρὸς
2581 2451 2694 2524 γὰρ
2715 2448 2962 2513 ἐκείνους
2991 2443 3062 2517 ῆν
3117 2447 3256 2508 τέως
3289 2442 3438 2514 αὐτῷ
3466 2443 3495 2496 ὁ
3524 2438 3703 2509 ἀγὼν,

2110 2547 2207 2603 καὶ
2230 2545 2295 2600 τὸ
2321 2543 2494 2611 δεῖξαι
2542 2542 2629 2597 ὅτι
2683 2540 2785 2595 οὐκ
2807 2539 2927 2593 ἐστι
2957 2536 3225 2592 πολυθεῖα
3251 2534 3385 2604 παρ’
3415 2532 3570 2603 ἡμῖν.
3608 2529 3707 2582 Διὸ

2112 2641 2175 2695 τὸ
2223 2634 2313 2706 εἷς
2346 2635 2589 2709 συνεχῶς
2615 2633 2843 2704 κατέχει
2885 2632 3084 2701 λέγων·
3113 2626 3325 2692 Οὐδεὶς
3359 2625 3504 2690 Θεὸς
3531 2625 3580 2678 εί
3612 2620 3705 2691 μὴ

2113 2726 2224 2798 εἷς.
2255 2729 2367 2787 Καὶ
2390 2727 2588 2783 πάλινο
2650 2724 2824 2795 Ἡμῖν
2865 2717 2954 2789 εἷς
3009 2719 3175 2786 Θεὸς,
3206 2717 3309 2773 καί
3338 2711 3429 2781 εἷς
3459 2714 3707 2781 Κύριος.

2115 2820 2283 2875 Ὀθεν
2313 2818 2472 2892 δῆλον
2500 2818 2584 2872 ὅτι
2613 2814 2931 2887 φειδόμενος
2958 2812 3058 2883 τῆς
3085 2808 3376 2873 ἀσθενείας
3399 2805 3509 2861 τῶν
3534 2805 3710 2859 ἀκου-

2108 2912 2301 2978 όντων,
2341 2909 2516 2983 ταύτῃ
2536 2908 2811 2981 ἐχρήσατο
2838 2908 2906 2978 τῇ
2939 2904 3231 2975 διασκευῇ,

417 3015 577 3055 unus.
609 2998 677 3055 Et
709 3002 933 3069 iterum,
965 3002 1139 3059 Nobis
1169 3021 1306 3060 unus
1336 3004 1480 3060 Deus
1508 3014 1610 3073 est,
1644 3013 1696 3060 et
1727 3022 1867 3061 unus
1885 3005 2173 3062 Dominus.
2214 3008 2298 3061 Ex
2354 3019 2467 3078 quo
2495 3000 2853 3059 manifestum
2914 3005 3002 3055 est
3067 3009 3219 3063 eum,
3284 3002 3345 3049 ut
3413 2986 3713 3048 imbecilli-

417 3093 517 3149 tati
551 3104 812 3165 parceret
859 3090 1211 3166 auditorum,
1256 3100 1362 3155 hac
1409 3100 1675 3172 loquendi
1723 3110 2011 3159 structura
2047 3119 2211 3161 usum
2242 3118 2387 3161 esse.

494 3206 514 3241 ι
555 3187 789 3256 Quidam
817 3198 1003 3248 autem
1031 3195 1443 3253 consuetudine
1469 3195 1628 3252 idoli.
1678 3216 1698 3251 ι

485 3278 677 3352 Neque
704 3283 830 3340 illos
857 3284 1036 3355 palam
1065 3286 1335 3354 declarat,
1363 3305 1430 3344 ne
1458 3288 1657 3357 feriat;
1688 3304 1868 3361 neque
1889 3304 2007 3346 om-

418 3375 551 3431 nino
576 3378 955 3447 praetercurrit
984 3395 998 3432 :
1032 3380 1128 3436 sed
1163 3378 1446 3437 indeﬁnite
1484 3382 1822 3438 mentionem
1855 3384 2007 3455 ipso-

417 3480 541 3521 rum
579 3465 734 3521 facit.

493 3572 515 3606 ι
556 3553 744 3628 Usque
770 3572 922 3613 nunc
959 3559 1116 3629 quasi
1143 3558 1452 3631 idolothyta
1478 3558 1836 3617 manducant.
1875 3579 1897 3612 ι

488 3646 695 3702 Eadem
723 3662 832 3717 qua
864 3647 1021 3718 prius
1055 3658 1259 3703 mente.

494 3756 513 3790 ι
550 3735 619 3791 Et
654 3738 1001 3795 conscientia
1035 3740 1307 3808 ipsorum,
1342 3755 1470 3797 cum
1504 3741 1578 3796 sit
1609 3740 1849 3808 inﬁrma,
1884 3743 2006 3812 pol-

418 3828 611 3884 luitur.
650 3850 669 3882 ι

491 3919 634 3988 Quia
670 3922 914 3977 nondum
962 3923 1108 3979 valet
1160 3938 1222 3979 ea
1274 3923 1580 3996 despicere,
1633 3940 1736 3983 nec
1782 3925 2008 3982 omnino

419 4015 673 4072 deridere
706 4034 723 4095 ξ
754 4017 851 4073 sed
881 4017 1063 4075 adhuc
1107 4018 1350 4077 haesitat.
1388 4020 1662 4077 Caeterum
1720 4036 2004 4092 nusquam

419 4110 727 4165 orationem
780 4108 928 4166 sistit
970 4110 1120 4166 circa
1177 4120 1433 4167 naturam
1480 4113 1560 4169 rei
1593 4131 1608 4168 :
1639 4112 1732 4169 sed
1786 4128 2006 4170 sursum

420 4201 681 4258 deorsum
736 4213 992 4260 vorsatur
1038 4204 1188 4261 circa
1253 4205 1658 4262 conscientiam
1717 4206 1867 4262 illius
1912 4207 2008 4278 qui

420 4295 737 4366 participat.
780 4295 1013 4352 Vcretur
1044 4297 1196 4354 enim
1230 4314 1297 4354 ne
1335 4298 1619 4354 inﬁrmum
1650 4298 1843 4355 volens
1877 4314 2006 4355 cor-

419 4389 623 4459 rigere,
686 4388 886 4445 l‘ortem
941 4390 1215 4455 verberet,
1273 4392 1534 4463 huncque
1575 4391 1813 4447 subinde
1853 4391 2007 4447 inﬁr-

419 4496 569 4535 mum
604 4480 815 4536 reddat.

2034 3203 2083 3266 ο
2190 3219 2209 3253 ι
2242 3200 2402 3263 Τινὲς
2422 3197 2481 3252 δὲ
2509 3199 2577 3269 τῇ
2617 3194 2879 3268 συνηθείᾳ
2902 3192 3000 3249 τοῦ
3029 3191 3270 3248 εἰδώλου.
3303 3207 3323 3241 ι

2186 3291 2326 3347 Οὔτε
2380 3288 2715 3345 ὲκκαλύπτει
2772 3287 2969 3350 αὐτοὺς
3017 3283 3227 3354 σαφῶς,
3259 3281 3345 3335 ἴνα
3368 3278 3444 3354 μὴ
3473 3275 3656 3349 πλήξῃ
3685 3276 3727 3343 ον

2114 3383 2242 3438 οὗτε
2264 3385 2605 3455 παρατρέχει
2648 3378 2906 3444 καθόλου,
2941 3376 3058 3431 ἀλλ’
3099 3374 3370 3446 ἀορίστως
3398 3370 3578 3426 αὐτῶν
3608 3369 3715 3440 μέ·-

2119 3493 2343 3550 μνηται.

2106 3618 2111 3623 ,
2193 3586 2213 3620 ι
2253 3568 2402 3632 Ἕως
2421 3566 2549 3639 ἄρτι
2577 3565 2654 3631 ὡς
2679 3563 3010 3619 εἰδωλόθυτα
3039 3560 3337 3615 ἐσθίουσιν.
3363 3577 3384 3610 ι

2187 3659 2351 3716 Μετὰ
2372 3656 2649 3728 τοσαύτης
2665 3655 2907 3719 διανοίας
2947 3653 3068 3725 μεθ’
3105 3647 3174 3724 ἧς
3211 3649 3275 3705 τὸ
3306 3650 3598 3722 πρότερον.

2196 3767 2216 3799 ι
2256 3747 2369 3802 Καὶ
2415 3745 2451 3817 ή
2514 3744 2823 3816 συνείδησις
2871 3743 3052 3797 αὐτῶν
3089 3739 3324 3810 ἀσθενὴς
3374 3732 3511 3793 οὖσα
3535 3733 3712 3808 μολύ-

2117 3857 2289 3894 νεται.
2322 3857 2343 3892 ὓ

2189 3933 2421 3988 Οὐδέπω
2466 3931 2746 4003 δυναμένη
2792 3927 3237 4001 καταφρονῆσαι,
3279 3924 3402 3979 οὐδὲ
3447 3921 3714 3987 καθάπαξ

2117 4028 2300 4085 αὐτῶν
2346 4026 2744 4097 καταγελᾶσαι,
2795 4024 2915 4079 ἀλλ’
2945 4023 3137 4094 ὥσπερ
3155 4018 3570 4091 διακρινομένη.
3595 4017 3711 4071 06-

2116 4119 2290 4191 δαμοῦ
2315 4117 2374 4173 δὲ
2409 4119 2546 4189 περὶ
2575 4117 2676 4187 τὴν
2701 4115 2865 4185 φύσιν
2914 4112 3011 4168 τοῦ
3043 4112 3373 4185 πράγματος
3410 4109 3501 4164 τὸν
3545 4108 3711 4177 λόγον

2117 4211 2355 4284 ἵστησιν,
2409 4210 2549 4265 ἀλλὰ
2596 4209 2710 4265 ἄνω
2742 4209 2840 4263 καὶ
2877 4207 3029 4263 κάτω
3081 4205 3212 4278 περὶ
3245 4203 3306 4258 τὸ
3339 4201 3578 4265 συνειδὸς
3608 4201 3712 4255 τοῦ

2120 4304 2523 4378 μεταλαϐόντος
2576 4302 2895 4375 στρέφεται.
2961 4299 3179 4354 Δέδοικε
3244 4297 3354 4370 γὰρ
3409 4297 3483 4369 μὴ
3530 4294 3712 4348 θέλων

2116 4397 2416 4472 διορθῶσαι
2437 4395 2534 4450 τὸν
2553 4394 2779 4465 ἀσθενῆ,
2800 4392 2982 4465 πλήξῃ
3011 4392 3103 4446 τὸν
3124 4392 3244 4461 ίσχυ
3254 4388 3364 4460 ρὸν,
3390 4388 3484 4442 καὶ
3501 4383 3708 4459 ἀσθενῆ

2118 4490 2213 4544 καὶ
2240 4486 2431 4542 τοῦτον
2465 4485 2790 4556 ἐργάσηται.

492 4574 661 4632 Vens.
716 4575 772 4630 8.
828 4595 847 4627 ι
890 4575 1027 4632 Esca
1074 4586 1256 4631 autem
1293 4590 1394 4629 vos
1445 4589 1555 4629 non
1596 4576 2005 4632 commendabit

2194 4600 2212 4632 ι
2253 4578 2464 4651 Βρῶμα
2483 4542 2717 4649 δὲ’ὑμάς
2747 4577 2810 4630 οὐ
2841 4575 3190 4648 παραστήσει
3222 4572 3302 4645 τῷ
3321 4570 3463 4643 Θεῷ.

420 4662 552 4720 Deo.
592 4685 611 4717 ι

495 4757 609 4828 89
663 4756 797 4813 Vide
850 4754 1134 4826 quomodo
1164 4756 1361 4810 horum
1399 4770 1602 4811 rursus
1633 4771 2006 4828 arrogantiam

421 4847 696 4910 deprimit.
747 4848 917 4917 Quasi
954 4849 1418 4907 dicat:Tametsi
1463 4849 1652 4906 nullus
1703 4851 1865 4908 Iasus
1902 4862 2009 4921 est,

424 4956 524 4995 nec
554 4940 662 4995 ulla
695 4941 827 4997 inde
855 4943 1098 5013 proximi
1132 4942 1417 5014 perversio
1449 4943 1711 5016 contigit,
1763 4955 2009 5014 attamen

424 5048 493 5087 nc
515 5031 598 5090 sic
621 5031 848 5103 quidem
882 5035 941 5090 id
963 5035 1152 5091 facere
1177 5035 1489 5106 oportebat.
1517 5034 1632 5093 Hoc
1654 5037 1800 5094 enim
1821 5050 1905 5095 est
1930 5040 2012 5095 in-

422 5140 647 5182 cassum
690 5124 967 5184 laborare.
1001 5126 1137 5183 Nam
1183 5129 1280 5200 qui
1320 5129 1534 5184 audivit
1569 5130 1808 5186 alterum
1860 5132 2005 5196 laedi,

424 5219 544 5290 ipse
567 5225 752 5274 autem
779 5219 989 5291 alioqui
1009 5220 1262 5277 nonnihil
1289 5222 1440 5292 capit
1468 5222 1633 5289 lucri,
1662 5223 1809 5279 haud
1844 5225 2005 5282 valde

422 5321 583 5367 curat
614 5310 899 5367 abstinere
934 5330 948 5367 :
993 5313 1091 5368 sed
1128 5322 1261 5367 tunc
1294 5328 1534 5384 prorsus
1587 5316 1811 5385 quando
1857 5317 2002 5372 didi.

424 5404 588 5469 cerit,
664 5403 803 5459 nihil
841 5419 902 5459 se
935 5420 997 5459 ea
1034 5421 1095 5461 re
1129 5406 1335 5476 jnvari.
1388 5404 1664 5471 Quocirca
1697 5407 1775 5461 ait
1806 5427 1818 5461 :
1872 5408 2012 5463 Esca

423 5510 519 5548 nos
559 5511 664 5548 non
695 5492 1084 5551 commendabit
1116 5494 1247 5550 Deo.

500 5605 521 5638 ι
560 5585 752 5656 Neque
786 5588 934 5642 enim
968 5587 1015 5643 si
1052 5603 1161 5643 non
1216 5589 1777 5653 mamlucavcrimus,
1815 5589 2009 5646 delict-

424 5694 567 5733 llllll‘.
614 5697 632 5729 )

489 5859 530 5892 τί
570 5855 717 5913 Psal.
745 5874 854 5924 ctx,
890 5858 939 5913 ί.
1014 5859 1059 5890 "
1090 5857 1230 5913 Psal.
1274 5872 1419 5925 κων,
1451 5858 1503 5913 8.

1611 5857 1655 5890 ’³
1694 5857 1855 5913 llom.
1882 5873 1954 5923 xx,
1982 5858 2035 5913 5.

2190 4760 2333 4831 Ὅρα
2363 4758 2482 4822 πῶς
2523 4755 2686 4811 πάλιν
2708 4755 2890 4810 αὐτῶν
2924 4754 3176 4809 καθεῖλεν
3212 4753 3274 4808 τὸ
3302 4753 3558 4825 φρόνημα
3576 4769 3590 4783 ·
3612 4751 3705 4807 λέ-

2116 4869 2252 4922 γων,
2289 4852 2373 4905 ὅτι
2398 4850 2447 4903 εί
2480 4850 2576 4904 καὶ
2609 4848 2802 4921 μηδεὶς
2844 4847 3167 4912 ἐϐλάπτετο,
3209 4846 3348 4917 μηδὲ
3378 4847 3412 4916 ἡ
3444 4844 3539 4898 τοῦ
3566 4843 3713 4916 πλη-

2119 4946 2235 5000 σίον
2303 4943 2521 5018 προσῆν
2579 4938 2904 5013 διαστροφὴ,
2986 4938 3109 4992 οὐδὲ
3161 4937 3339 5001 οὓτως
3390 4936 3499 4991 ἔδει
3544 4936 3710 4991 τοῦτο

2120 5036 2297 5090 ποιεῖν
2322 5051 2336 5066 ο
2373 5034 2763 5106 ματαιοπονεῖν
2789 5030 2899 5102 γὰρ
2927 5029 3083 5083 τοῦτό
3108 5030 3261 5082 ἐστιν
3280 5044 3294 5058 ⁸
3333 5028 3363 5080 ὁ
3400 5026 3510 5098 γὰρ
3539 5026 3711 5081 ἀκού-

2119 5146 2218 5193 σας
2245 5128 2329 5182 ὃτι
2355 5126 2655 5199 βλάπτεται
2681 5125 2779 5198 μὲν
2802 5125 3016 5195 ἕτερος,
3058 5121 3221 5187 αὐτὸς
3244 5121 3301 5174 δὲ
3329 5120 3444 5192 ἔχει
3477 5138 3531 5174 τι
3570 5119 3633 5174 κέ
3642 5135 3709 5190 ρο

2113 5222 2224 5288 δος,
2277 5222 2339 5276 ού
2396 5220 2605 5292 σφόδρα
2660 5218 2985 5288 ἀφίσταται,
3015 5215 3154 5269 ἀλλὰ
3175 5214 3299 5268 τότε
3329 5213 3552 5286 μᾶλλον,
3577 5214 3712 5267 ὅταν

2121 5315 2270 5389 μάθῃ
2298 5316 2382 5369 ὅτι
2411 5313 2576 5376 αὐτὸς
2641 5311 2796 5366 οὐδὲν
2842 5309 3135 5380 ὠφελεῖται
3194 5309 3259 5362 ἐκ
3315 5305 3412 5361 τοῦ
3443 5306 3714 5378 πράγμα-

2116 5422 2228 5469 τος.
2264 5403 2365 5458 Διὰ
2391 5402 2553 5458 τοῦτὸ
2602 5417 2802 5474 φησιν⁹
2836 5397 3049 5469 Βρώμα
3090 5395 3251 5468 ὑμᾶς
3287 5398 3360 5453 οὐ
3395 5394 3714 5466 παραστή-

2115 5513 2213 5550 σει
2233 5492 2314 5561 τῷ
2340 5494 2482 5562 Θεῷ.

2193 5609 2211 5641 ι
2242 5587 2379 5645 Οὔτε
2414 5587 2544 5658 γὰρ,
2580 5586 2676 5642 ἐὰν
2703 5586 2990 5660 φάγωμεν,
3030 5583 3430 5659 ὑστερούμεθα.
3468 5601 3488 5637 ι
