3972 6424
254 393 364 460 633

323 509 368 562 Τ
371 509 643 576 ουτέστιν,
674 511 776 566 οὐκ
796 511 1019 570 ἔλαττόν
1047 532 1102 569 τι
1133 515 1350 588 ἔχομεν.

333 619 352 652 ι
384 601 526 655 υῦτε
554 603 652 657 ἐὰν
681 603 756 676 μὴ
789 605 1079 676 φάγωμεν,
1104 610 1526 683 περισσεύομεν.
1566 634 1585 666 ι

328 691 648 758 Τουτέστιν,
709 695 811 749 οὐκ
857 695 1259 770 εὐδοκιμοῦμεν
1306 704 1457 775 παρὰ
1483 705 1564 776 τῷ
1589 705 1730 778 Θεῷ,
1764 710 1842 774 ὡς

205 831 224 844 ,
252 784 460 852 ἀγαθόν
490 802 544 838 τι
574 786 905 852 ποιήσαντες
933 789 1028 843 καὶ
1058 790 1224 861 μέγα.

332 895 352 927 ι
393 876 630 931 Βλέπετε
659 877 716 931 δὲ
742 879 939 950 μήπως
974 883 1008 952 ἡ
1046 881 1264 949 ἐξουσία
1311 886 1467 957 ὑμῶν
1499 890 1636 962 αὕτη
1669 893 1841 966 πρόσ-

254 983 358 1036 κομ
369 984 447 1037 μα
473 968 700 1038 γένηται
733 972 848 1034 τοῖς
875 971 1214 1028 ἀσθενοῦσιν.
1250 994 1270 1026 ι

319 1061 435 1114 Οὐκ
451 1055 628 1126 εἶπεν,
652 1063 686 1131 ἡ
707 1061 910 1130 γνῶσις
932 1063 1109 1134 ὑμῶν,
1127 1067 1270 1135 οὐδὲ,
1301 1069 1334 1138 ἡ
1355 1069 1632 1136 τελείωσις
1662 1074 1835 1144 ὑμῶν,

251 1151 390 1213 ἀλλ’,
423 1153 461 1219 ἡ
489 1151 760 1218 ἐξουσία,
788 1155 926 1227 ὅπερ
953 1159 1282 1227 προπετείας
1313 1156 1455 1217 εἶναι
1512 1164 1712 1234 μᾶλλον
1741 1169 1840 1221 καὶ

253 1242 552 1307 αὐθαδείας
588 1240 731 1300 εἶναι
753 1247 919 1304 δοκεῖ.
942 1249 1054 1303 Καὶ
1076 1251 1178 1304 οὐκ
1211 1249 1386 1320 εἶπεν,
1415 1257 1528 1320 τοῖς
1562 1257 1836 1327 ἀδελφοῖς,

254 1333 394 1388 ἀλλά
431 1336 557 1402 τοῖς
586 1337 896 1402 ἀσθενέσι,
954 1339 1065 1396 τῶν
1090 1341 1338 1412 ἀδελφῶν
1367 1344 1547 1411 αὔξων
1573 1349 1672 1419 τὴν
1701 1368 1834 1404 κατ-

254 1429 516 1497 ηγορίαν·
571 1429 654 1483 ὅτι
679 1431 800 1484 οὐδέ
830 1431 1203 1489 ἀσθενούντων
1236 1435 1532 1505 φείδονται,
1562 1441 1837 1496 καὶτοῦτο

254 1521 522 1590 ἀδελφῶν.

329 1630 350 1663 ι
387 1613 515 1666 Ἐὰν
540 1612 648 1684 γάρ
675 1630 763 1676 τις
783 1613 868 1685 ἴδῃ
900 1631 959 1667 σε
991 1606 1086 1668 τδν
1121 1614 1316 1688 ἔχοντα
1345 1621 1568 1688 γνῶσιν,
1598 1623 1658 1676 ἐν
1677 1624 1836 1680 εἰδω-

256 1703 384 1774 λείῳ
410 1704 834 1776 κατακείμενον,
893 1706 1015 1777 οὐχὶ
1050 1708 1084 1778 ἡ
1118 1709 1425 1781 συνείδησις
1471 1712 1636 1767 αὐτοῦ
1670 1715 1833 1769 ἀσθε-

254 1795 380 1860 νοῦς
447 1796 600 1860 δντος
657 1785 1160 1870 οἰκοδομηθήσεται
1230 1802 1312 1864 εἰς
1367 1802 1430 1856 τὸ
1507 1803 1886 1870 εἰδωλόθυταέ

253 1887 454 1942 ἐσθίειν
476 1905 524 1954 ;›

321 1980 586 2035 Τουτὲστι
611 1982 701 2036 τὸν
727 1982 955 2038 τέλειον.

326 2091 346 2124 ι
387 2074 499 2128 Καὶ
545 2075 847 2130 ἀπόλλυται
912 2070 1005 2131 οῦν
1058 2078 1087 2131 ὁ
1123 2078 1366 2134 ἀσθενῶν
1395 2079 1625 2152 ἀδελφὸς
1683 2085 1740 2137 ἐν
1769 2085 1833 2154 τῇ

252 2160 452 2228 γνώσει
482 2179 598 2227 σου,
634 2163 703 2217 δι’
729 2164 787 2220 δν
812 2166 1051 2238 Χριστὸς
1075 2166 1371 2225 ἀπέθανεν.
1409 2189 1429 2223 ι

324 2253 584 2325 Τέσσαρα
605 2255 820 2325 τίθησιν
853 2258 1183 2334 ἐγκλήματα
1216 2263 1313 2319 καὶ
1335 2263 1545 2335 σφόδρα
1580 2267 1833 2336 μέγιστα,

251 2345 330 2397 δτι
373 2346 471 2399 καὶ
527 2346 799 2416 ἀσθενῶν,
859 2353 953 2406 καὶ
1017 2355 1267 2425 ἀδελφὸς,
1311 2357 1407 2411 καὶ⁵
1433 2351 1493 2413 οῦ
1524 2357 1777 2413 τοσοῦτον
1808 2361 1836 2412 ὁ

251 2433 489 2504 Χριστὸς
520 2435 818 2508 ἐποιήσατο
881 2440 1060 2510 λόγον,
1096 2443 1174 2508 ὡς
1215 2444 1312 2498 καὶ
1355 2445 1646 2500 ἀποθανεῖν
1693 2447 1834 2518 ὑπὲρ

250 2524 437 2589 αὐτοῦ,
467 2525 563 2578 καὶ¹
591 2526 672 2580 ὅτι
699 2527 838 2599 μετὰ
866 2531 1040 2585 ταῦτα
1075 2532 1253 2588 πάντα
1284 2532 1372 2586 διά
1418 2534 1614 2606 βρῶμα
1664 2535 1835 2588 ἀπόλ-

249 2614 428 2673 λυται.

322 2734 340 2766 ι
373 2714 562 2780 Οὕτως
585 2714 642 2768 δέ
665 2713 1081 2787 ἁμαρτάνοντες
1135 2717 1218 2781 εἰς
1258 2717 1384 2782 τοὺς
1422 2717 1706 2788 ἀδελφοὺς,
1738 2721 1834 2775 καὶ

251 2805 550 2871 τύπτοντες
609 2806 791 2861 αὐτῶν
861 2806 962 2879 τὴν
1013 2807 1319 2880 συνείδησιν
1369 2809 1726 2877 ἀσθενοῦσαν,
1751 2813 1834 2877 είς

250 2897 486 2968 Χριστὸν
514 2897 886 2968 ἁμαρτάνετε.
925 2917 945 2950 ›

320 2986 470 3056 Ὅρα
505 2985 627 3049 πῶς
655 2985 798 3039 κατά
833 2984 1032 3056 μικρὸν
1060 2987 1142 3052 εἰς
1167 2987 1340 3062 αὐτὴν
1360 2989 1462 3061 τῆς
1484 2991 1834 3062 παρανομίας

243 3076 343 3145 τὴν
373 3077 625 3149 κορυφὴν
645 3077 708 3131 τὺ
737 3077 1046 3150 ἁμάρτημα
1077 3079 1378 3150 ἀνήγαγεν.
1398 3083 1510 3134 Καὶ
1542 3083 1704 3136 πάλιν
1729 3083 1834 3152 τῆς

1418 409 1500 469 ΙΝ
1537 411 1772 473 EPIST.
1814 417 1914 474 AD
1951 416 2312 480 CORINTH.
2355 419 2422 479 Ι.

1877 533 1923 589 Α
2024 530 2083 585 Id
2117 537 2230 595 est,
2251 531 2408 592 nihil
2439 531 2739 601 quidquam
2770 535 2956 592 minus
2986 535 3278 592 habemus.

3417 429 3523 494 636

2020 640 2039 673 ι
2073 620 2262 692 Neque
2293 623 2341 678 si
2370 621 2910 692 manducaverimus,
2942 627 3308 682 abundamus.
3356 645 3377 678 ι

2014 711 2130 768 Hoc
2166 721 2274 782 est,
2329 727 2441 768 non
2473 714 2692 783 probati
2737 730 2934 772 sumus
2965 718 3112 788 apud
3159 716 3356 783 Deum,
3401 727 3526 775 tan-

1943 819 2107 874 quam
2141 804 2349 859 bonum
2380 805 2591 875 aliquid
2614 813 2671 861 et
2693 806 2956 860 eximium
2979 809 3334 876 gesserimus.

2015 895 2187 951 Vsns.
2238 895 2293 950 9.
2331 914 2351 947 ι
2390 896 2587 952 Videte
2624 909 2809 952 autem
2852 913 2923 952 ne
2951 897 3093 954 forte
3146 900 3260 955 haec
3295 901 3520 957 licentia

1941 996 2130 1044 vestra
2163 986 2564 1044 oﬂ'endiculum
2591 989 2667 1044 sit
2689 989 2954 1046 infirmis;
2986 1009 3004 1043 ι

2010 1078 2133 1134 Non
2193 1078 2354 1145 dixit,
2415 1080 2654 1135 scientia
2711 1088 2924 1144 vestra,
2990 1097 3189 1151 neque,
3252 1081 3520 1152 perfectio

1939 1177 2148 1236 vestra,
2175 1171 2292 1234 sed,
2343 1171 2560 1226 licentia
2581 1210 2596 1236 ,
2625 1171 2779 1243 quod
2813 1172 3144 1228 temeritatis
3173 1174 3360 1243 potius
3396 1189 3521 1230 esse

1938 1266 1996 1314 et
2026 1259 2215 1315 nimiae
2258 1259 2474 1314 fiduciae
2502 1259 2742 1315 videtur.
2777 1259 2969 1331 Neque
2993 1276 3216 1318 rursum
3265 1263 3362 1329 ait,
3402 1263 3514 1316 fra.

1939 1349 2148 1415 tribus,
2187 1349 2310 1415 sed,
2363 1334 2632 1419 inﬁrmis,
2662 1358 2723 1404 ut
2754 1347 2992 1404 fratrum
3038 1351 3251 1406 crimen
3301 1360 3519 1423 augeat,

1937 1444 2031 1513 qui
2063 1459 2166 1499 nec
2202 1443 2576 1510 infirmorum,
2607 1443 2723 1499 imo
2759 1457 2863 1499 nec
2897 1427 3132 1499 fratrum
3162 1458 3390 1500 suorum
3423 1460 3519 1499 ra-

1937 1537 2146 1590 tionem
2178 1536 2442 1591 habeant.

2006 1624 2178 1681 Vens.
2234 1625 2322 1680 l0.
2371 1644 2389 1677 ι
2431 1625 2488 1680 Si
2521 1625 2649 1696 quis
2681 1625 2830 1681 enim
2865 1623 3069 1680 viderit
3103 1631 3178 1690 te,
3214 1624 3311 1694 qui
3339 1625 3522 1680 habes

1937 1713 2246 1780 scientiam,
2273 1715 2330 1768 in
2353 1713 2520 1768 idolio
2544 1713 2990 1778 recumbentem;
3016 1725 3204 1765 nonne
3224 1710 3522 1766 conscien-

1937 1805 2014 1858 tia
2043 1804 2166 1874 ejus
2193 1818 2319 1859 cum
2353 1805 2426 1860 sit
2461 1803 2680 1858 infirma
2707 1843 2723 1870 ,
2757 1802 3129 1859 aedificabitur
3155 1801 3227 1857 ad
3277 1799 3518 1856 mandu-

1936 1894 2176 1949 candum
2210 1894 2553 1965 idolothyta?
2584 1913 2603 1947 ι

1988 1967 2125 2042 Ἧοο
2159 1995 2268 2055 est,
2299 1993 2354 2042 te
2381 1986 2688 2058 perfectum
2717 2001 2864 2042 esse.

2008 2079 2178 2134 Vnus.
2228 2079 2314 2132 ll.
2359 2097 2378 2130 ι
2431 2077 2500 2131 Ει
2532 2078 2678 2148 perit
2731 2078 2986 2133 inﬁrmus
3026 2076 3083 2131 in
3132 2080 3232 2131 tua
3285 2071 3519 2131 scientia

1936 2170 2108 2224 frater
2138 2177 2365 2239 propter
2391 2184 2557 2240 quem
2585 2169 2844 2225 Christus
2876 2175 3130 2223 mortuus
3152 2172 3258 2222 est.
3301 2184 3320 2218 ι

2006 2262 2258 2330 Quatuor
2285 2263 2672 2319 accusationis
2714 2262 2900 2333 capita
2943 2261 3163 2326 statuit,
3195 2274 3371 2329 eaque
3395 2273 3520 2313 ma-

1937 2357 2083 2411 xima
2119 2371 2389 2428 prorsus;
2422 2363 2557 2426 puta
2605 2354 2758 2426 quod
2809 2353 3091 2420 infirmus,
3125 2351 3274 2423 quod
3323 2350 3518 2414 frater,

1935 2449 2086 2517 quod
2119 2455 2330 2504 tantam
2359 2449 2484 2518 ejus
2529 2449 2803 2504 rationem
2841 2447 3104 2502 Christus
3149 2443 3431 2507 habuerit,
3459 2449 3522 2496 ut

1933 2555 2037 2611 pro
2070 2540 2196 2610 ipso
2220 2549 2569 2606 moreretur;
2597 2537 2748 2610 quod
2778 2537 3000 2594 tandem
3027 2542 3158 2608 post
3190 2535 3309 2590 haec
3333 2532 3520 2590 omnia

1931 2641 2155 2704 propter
2179 2632 2363 2688 cibum
2393 2641 2604 2704 pereat.

2006 2723 2176 2780 Vsns.
2209 2724 2298 2780 12.
2344 2743 2365 2776 ι
2412 2723 2504 2778 Sic
2539 2728 2722 2777 autem
2769 2725 3066 2792 peccantes
3105 2716 3163 2772 in
3193 2715 3416 2778 fratres,
3449 2723 3509 2769 et

1933 2815 2312 2887 percutientes
2376 2813 2782 2870 conscientiam
2845 2825 3040 2867 eorum
3096 2807 3416 2874 infirmam,
3459 2805 3520 2861 in

1934 2907 2219 2965 Christum
2252 2907 2517 2978 peccatis.
2554 2924 2574 2958 ι

2005 2998 2222 3069 Inspice
2251 2996 2532 3069 quomodo
2572 2995 2842 3068 paulatim
2881 2998 3174 3066 peccatum
3203 2990 3272 3046 ad
3307 2989 3523 3060 ipsum-

1934 3097 2047 3144 met
2101 3087 2387 3160 fastigium
2439 3087 2754 3158 iniquitatis
2799 3100 2896 3142 eos
2939 3082 3190 3140 adduxit.
3231 3079 3404 3150 Atqui
3438 3078 3523 3147 ip-

242 3165 533 3230 ἀσθενείας
567 3167 978 3240 ἐμνημόνευσεν
1001 3169 1102 3239 τῆς
1136 3169 1386 3235 ἐκείνων,
1419 3170 1506 3224 ἴνα
1543 3172 1680 3244 ὅπερ
1714 3172 1832 3226 ἐνό-

1954 3174 2128 3236 iorum
2162 3193 2358 3236 rursus
2383 3177 2722 3232 infirmitatis
2745 3175 3023 3241 meminit,
3056 3173 3134 3228 ita
3167 3178 3232 3228 ut
3265 3169 3415 3242 quod
3439 3168 3524 3224 illi

247 3260 406 3330 μιζον
441 3260 492 3313 οἱ
523 3259 797 3325 ἐσθίοντες
827 3259 971 3331 ὑπὲρ
1019 3259 1201 3315 αὐτῶν
1240 3256 1400 3326 εῖναι,
1431 3262 1592 3317 τοῦτο
1623 3281 1833 3319 παντα-

239 3352 340 3423 χοῦ
372 3353 456 3416 εἱς
486 3352 587 3424 τὴν
617 3352 828 3407 ἑαυτῶν
879 3353 1116 3425 εὖρωσιν
1166 3355 1640 3426 περιτρεπόμενον
1662 3374 1835 3429 κεφα-

237 3445 360 3517 λήν.
410 3445 540 3511 Πῶς
591 3445 649 3499 δὲ
685 3447 766 3510 είς
809 3446 1046 3518 Χριστὸν
1099 3446 1542 3518 ἁμαρτάνουσι-λς
1584 3450 1701 3504 Ἑνὶ
1735 3451 1834 3522 μὲν

236 3539 456 3610 τρόπῳ,
501 3539 583 3592 ὅτι
608 3538 678 3593 τὰ
729 3538 837 3592 τῶν
877 3538 1107 3593 οἰκετῶν
1141 3538 1306 3603 αὐτὸς
1345 3539 1663 3595 οἰκειοῦται.
1696 3543 1832 3595 Δευ·

237 3631 386 3703 τέρῳ
409 3630 488 3698 δὲ,
521 3631 603 3684 ὅτι
633 3629 714 3694 είς
747 3628 808 3683 τδ
835 3629 996 3700 σῶμα
1018 3628 1182 3682 αὐτοῦ
1225 3629 1322 3685 καὶ
1357 3629 1438 3693 είς
1465 3630 1526 3684 τὸ
1551 3630 1716 3701 μέλος
1742 3647 1834 3685 τε·

238 3723 431 3779 λοῦσιν
464 3721 890 3794 οἱτυπτόμενοι.
942 3722 1124 3795 Τρίτῳ
1179 3722 1259 3788 δέ,
1309 3722 1391 3775 ὅτι
1440 3721 1604 3794 ἔργον
1634 3722 1828 3791 αὐτοῦ,

239 3818 269 3872 ὃ
294 3816 390 3872 διὰ
425 3816 527 3887 τῆς
554 3814 761 3880 οἰκείας
806 3813 1125 3886 ᾠκοδόμησε
1181 3813 1420 3886 σφαγῆς,
1451 3813 1610 3870 τοῦτο
1639 3815 1834 3871 καθαι-

241 3911 428 3984 ροῦσι.

318 4022 338 4054 ι
381 4003 589 4074 Διόπερ
637 4003 684 4056 εί
718 4002 915 4074 βρῶμα
955 4001 1300 4076 σκανδαλίζει
1329 4001 1422 4055 τὸν
1451 4001 1681 4071 ἀδελφόν
1704 4019 1830 4074 μου,

241 4097 304 4150 οὗ
332 4097 415 4166 μὴ
444 4096 605 4166 φάγω
639 4095 776 4168 κρέα
800 4097 879 4165 εἰς
900 4094 990 4148 τὸν
1025 4093 1220 4163 αἰῶνα,
1247 4095 1336 4148 ἵνα
1369 4095 1446 4167 μὴ
1479 4095 1572 4148 τὸν
1603 4095 1832 4165 ἀδελφόν

246 4207 349 4259 μου
378 4187 746 4254 σκανδαλίζω.
791 4207 810 4242 ι

312 4279 490 4335 Τοῦτο
526 4282 750 4353 ἀρίστου
773 4281 1122 4349 διδασκάλου,
1155 4280 1217 4336 τὸ
1242 4281 1308 4335 δι’
1335 4280 1529 4336 ἑαυτοῦ
1554 4278 1833 4334 παιδεύειν

241 4373 278 4427 ἃ
307 4373 482 4443 λέγει.
514 4375 628 4428 Καὶ
668 4375 768 4429 οὐκ
796 4368 972 4442 εἶπεν,
1016 4374 1128 4429 εἴτε
1165 4373 1411 4440 δικαίως,
1461 4372 1572 4427 εἴτε
1609 4372 1828 4438 ἀδίκως,

241 4466 380 4532 ἀλλ’,
415 4466 685 4522 ὁπωσοῦν.

819 4601 1071 4658 ΚΕΦΑΛ.
1111 4603 1188 4658 Θ¹.

314 4735 333 4770 ι
359 4717 479 4771 Οὐκ
506 4715 620 4787 είμὶ
647 4715 976 4783 ἅπόστολος;
1011 4717 1109 4770 οὐκ
1147 4716 1264 4784 εἰμὶ
1294 4714 1617 4783 ἐλεύθερος;
1660 4732 1678 4765 ι

310 4830 435 4885 Ἵνα
504 4829 579 4901 μή
615 4847 701 4894 τις
771 4829 911 4904 λέγῃ
937 4844 950 4858 ·
979 4828 1453 4903 Κομπάζειςείκῆ
1480 4843 1492 4856 ·
1536 4826 1707 4891 δεῖξον
1739 4825 1827 4879 διὰ

239 4925 345 4977 τῶν
373 4923 556 4994 ἔργων
579 4923 724 4986 τίνος
768 4923 1204 4994 κατεφρόνησας,
1248 4922 1388 4994 ὑπὲρ
1419 4919 1515 4973 τοῦ
1554 4921 1628 4992 μὴ
1664 4936 1828 4973 σκαν-

239 5017 454 5072 δαλίσαι
485 5015 575 5069 τὸν
606 5016 836 5084 ἀδελφόν
861 5033 875 5046 ο
909 5015 998 5069 διὰ
1036 5013 1195 5069 τοῦτο
1243 5012 1615 5082 ἀναγκάζεται
1639 5011 1826 5066 λοιπὸν

240 5110 319 5171 εἰς
374 5108 479 5179 τὴν
535 5108 812 5173 ἀπόδειξιν
845 5107 1052 5163 τούτων
1081 5106 1282 5161 ἐλθεῖν.
1329 5106 1386 5159 Ὀ
1413 5105 1471 5158 δέ
1505 5105 1632 5168 νοῦς
1671 5098 1826 5166 οὗτος

242 5200 425 5270 αὐτῷ·
460 5200 516 5253 τί
545 5200 652 5270 χρὴ
681 5200 862 5268 λέγειν
899 5199 1028 5270 περὶ
1069 5198 1178 5253 τῶν
1224 5195 1613 5262 εἰδωλοθύτων,
1652 5195 1824 5266 φησί;

242 5291 332 5344 τοῦ
360 5290 476 5362 γὰρ
530 5289 768 5360 Χριστοῦ
825 5288 1185 5354 ἐπιτάξαντος
1214 5288 1342 5352 τοὺς
1388 5287 1451 5340 τὸ
1485 5286 1825 5354 Εὑαγγέλιον

244 5383 620 5456 κηρύσσοντας
652 5385 714 5436 ἐκ
741 5383 850 5436 τῶν
887 5381 1349 5454 μαθητευομένων
1385 5379 1507 5451 ζῇν,
1529 5378 1643 5448 ἐγὼ
1670 5377 1826 5432 τοῦτο

244 5476 340 5530 οὐκ
371 5476 626 5546 ἐποίησα,
678 5475 792 5529 ἀλλ’
840 5475 1066 5546 εἱλόμην
1092 5474 1235 5546 λιμῷ
1279 5471 1484 5544 μᾶλλον
1517 5471 1826 5527 καταλῦσαι

244 5569 330 5623 τὸν
359 5569 497 5639 βίον,
526 5570 560 5638 ἢ
587 5568 772 5622 λαϐεῖν
794 5586 850 5622 τι
899 5567 1053 5640 παρά
1096 5567 1204 5621 τῶν
1241 5567 1668 5639 κατηχουμένων
1689 5582 1703 5597 ο
1726 5565 1827 5618 οὐκ

246 5662 434 5732 ἐπειδὴ
463 5659 917 5725 σκανδαλίζεσθαι
975 5659 1224 5730 ἔμελλον,
1257 5659 1373 5712 ἀλλ’
1399 5658 1591 5729 ἐπειδὴ
1617 5658 1825 5710 οἰκονο-

250 5752 465 5820 μεῖσθαι
488 5753 685 5816 αὖτοὺς
703 5752 1039 5823 ἠϐουλόμην.
1068 5753 1180 5807 Καὶ
1209 5753 1298 5830 ζνα
1331 5752 1407 5822 μή
1439 5769 1522 5813 τις
1561 5750 1716 5821 λέγῃ,
1740 5751 1821 5803 ὅτι

251 5841 310 5898 Εἰ
332 5845 426 5900 καὶ
459 5845 534 5917 μὴ
564 5844 773 5911 ἔλαϐες,
843 5845 1033 5916 ἐπειδὴ
1073 5845 1160 5916 μ’ὶέΔ
1188 5845 1308 5910 ἐξὸν
1338 5840 1425 5915 ἦν,
1460 5845 1558 5899 οὐκ
1601 5843 1809 5906 ἔλαϐες.

1858 4543 1909 4601 1)

1938 3274 2033 3342 qul
2091 3269 2475 3335 comedebant,
2529 3267 2640 3323 sibi
2696 3265 2887 3322 favere
2943 3262 3384 3326 arbitrabantur,
3413 3259 3523 3313 hoc

1940 3364 2146 3433 ubique
2169 3363 2226 3417 in
2262 3369 2434 3432 caput
2464 3375 2628 3417 suum
2661 3356 2886 3414 devolvi
2916 3355 3251 3426 reperirent.
3277 3351 3520 3418 Quinam

1935 3470 2070 3511 vero
2111 3454 2168 3509 in
2213 3453 2498 3511 Christum
2564 3449 2840 3522 peccant?
2885 3462 2997 3502 uno
3053 3443 3275 3516 quidem
3331 3442 3520 3505 modo,

1937 3549 2068 3620 quia
2097 3547 2206 3605 sibi
2233 3547 2326 3603 ille
2353 3545 2622 3608 vindicat,
2650 3557 2774 3614 quae
2799 3538 3044 3596 famulos
3077 3551 3211 3594 suos
3241 3540 3518 3605 spectant.

1939 3637 2200 3694 Secundo
2239 3643 2450 3701 autem,
2482 3631 2630 3704 quod
2666 3631 2762 3702 qui
2812 3627 3156 3700 percutiunt,
3198 3623 3254 3678 id
3305 3621 3520 3676 faciunt

1938 3730 1998 3786 in
2039 3745 2244 3800 corpus
2279 3727 2454 3800 ipsius
2476 3736 2530 3781 et
2554 3727 2612 3780 in
2637 3721 2883 3780 membra
2904 3719 3108 3790 ipsius.
3131 3715 3323 3772 Tertio
3352 3713 3517 3768 deni-

1936 3836 2066 3892 QUe,
2094 3820 2242 3891 quod
2274 3835 2417 3891 opus
2459 3816 2661 3889 ipsius,
2711 3812 2860 3886 quod
2895 3809 3196 3868 occasione
3232 3819 3335 3862 sua
3363 3811 3519 3860 stru-

1935 3913 2042 3980 xit,
2076 3911 2185 3968 hoc
2212 3912 2292 3967 illi
2323 3911 2642 3968 destruunt.

2011 4007 2182 4062 Vnas.
2222 4006 2311 4060 15.
2349 4024 2368 4055 ι
2399 4003 2748 4074 Quapropter
2790 3999 2838 4056 si
2870 4011 3000 4055 esca
3034 3994 3382 4054 scandalizat
3411 3994 3521 4048 fra-

1935 4107 2079 4157 trem
2120 4112 2328 4163 meum,
2358 4111 2470 4154 non
2503 4091 2853 4149 manducabo
2882 4102 3110 4146 carnem
3139 4086 3199 4142 in
3222 4093 3517 4152 aeternum,

1815 4237 1818 4240 ~
1934 4209 2005 4250 ne
2034 4194 2264 4248 fratrem
2295 4203 2476 4245 meum
2509 4177 2899 4243 scandalizém.
2934 4201 2955 4236 ι

2006 4282 2212 4354 Optimi
2247 4278 2496 4349 magistri
2551 4279 2657 4333 hoc
2707 4291 2910 4331 munus
2944 4280 3050 4341 est,
3105 4271 3359 4343 exemplo
3411 4285 3515 4326 suo

1934 4378 2134 4434 docere
2160 4389 2282 4446 quae
2305 4371 2594 4445 praedicat.
2623 4368 2737 4425 Nec
2769 4369 2930 4436 dixit,
2967 4367 3085 4424 sive
3107 4365 3255 4436 iure,
3286 4365 3403 4422 sive
3427 4365 3510 4420 in-

1931 4469 2103 4542 juria,
2131 4467 2248 4533 sed,
2277 4464 2657 4537 qualicunque
2687 4460 2874 4516 modo.

2593 4597 2746 4655 CAP.
2769 4596 2864 4653 IX.

1945 4690 1948 4692 Ὺ
2002 4716 2148 4772 Vnns
2195 4715 2246 4770 l.
2281 4733 2300 4766 ι
2332 4711 2452 4767 Non
2477 4725 2594 4766 sum
2629 4705 2962 4780 apostolus?
2988 4718 3098 4760 non
3128 4717 3250 4758 sum
3281 4701 3452 4762 liber?
3476 4719 3494 4752 ι

2005 4829 2085 4885 Ne
2142 4829 2436 4899 quisquam
2492 4823 2762 4894 obiiceret
2797 4839 2811 4875 :
2851 4826 3144 4889 Perperam
3201 4823 3252 4869 te
3283 4814 3455 4884 jactas
3493 4833 3508 4870 :

1947 4922 2210 4994 operibus
2235 4917 2464 4975 ostende
2500 4913 2768 4986 quidnam
2801 4909 3120 4980 despicatus
3151 4906 3251 4973 sis,
3284 4919 3356 4960 ne
3393 4902 3511 4956 fra-

1933 5025 2018 5073 ter
2051 5011 2334 5069 offendat:
2361 5015 2700 5080 quapropter
2729 5018 2962 5074 pergere
2984 5001 3099 5072 jam
3125 4998 3348 5069 cogitur
3403 4996 3516 5066 90

1933 5105 2002 5161 ad
2032 5105 2150 5159 haec
2201 5097 2655 5157 demonstranda.
2704 5093 2808 5150 Hic
2853 5100 3040 5149 autem
3085 5105 3287 5147 sensus
3338 5088 3514 5159 ipsius

1932 5205 2016 5255 est
2051 5215 2064 5252 :
2099 5195 2246 5262 Quid
2285 5193 2355 5249 de
2399 5189 2640 5247 victimis
2672 5187 2973 5254 idolorum,
3009 5183 3212 5254 inquit,
3247 5182 3398 5236 ultra
3429 5179 3514 5234 di-

1933 5304 2061 5346 cere
2117 5302 2345 5344 necesse
2403 5283 2698 5340 sit?Licet
2742 5281 2893 5337 enim
2941 5277 3202 5334 Christus
3230 5273 3511 5344 Evangelii

1933 5378 2397 5454 praedicatoribus
2433 5373 2783 5431 mandaverit
2826 5378 2890 5427 ut
2938 5369 3145 5456 victum
3188 5365 3292 5456 sibi
3339 5365 3408 5420 ab
3445 5364 3514 5456 iis

1933 5488 2076 5546 quos
2109 5471 2394 5533 erudiunt,
2426 5474 2778 5538 quaererent,
2813 5463 2918 5519 hoc
2959 5476 3061 5532 ego
3098 5474 3210 5515 non
3242 5455 3380 5547 feci.
3403 5455 3512 5510 Sed

1935 5567 2078 5638 apud
2127 5580 2215 5620 me
2235 5563 2404 5620 statui
2450 5561 2596 5616 fame
2624 5559 2808 5629 potius
2847 5555 3078 5611 interire
3141 5564 3306 5623 quam
3363 5563 3394 5602 a
3428 5547 3512 5604 di-

1935 5659 2168 5731 scipulis
2199 5656 2482 5727 quidpiam
2526 5653 2778 5722 accipere
2808 5669 2822 5705 :
2858 5664 2974 5704 non
3008 5645 3155 5718 quod
3201 5642 3281 5700 illi
3331 5640 3507 5697 offen-

1933 5751 2096 5808 dendi
2128 5756 2351 5812 essent,
2382 5745 2478 5803 scd
2525 5745 2654 5816 quia
2696 5739 3050 5799 azdificationi
3094 5738 3340 5809 ipsorum
3388 5739 3506 5786 stu-

1939 5841 2153 5898 debam.
2191 5840 2266 5894 Ac
2311 5853 2380 5893 ne
2423 5835 2555 5906 quis
2589 5833 2803 5890 diceret
2842 5849 2855 5886 :
2897 5829 3013 5886 Etsi
3055 5842 3164 5884 non
3218 5820 3503 5893 accepisti,
