3972 6436
328 423 438 490 035

1537 419 1598 478 S.
1640 413 1964 478 JOANNIS
1997 410 2398 472 DAMASCEN
2407 410 2432 468 Ι

3503 394 3618 458 636

329 535 458 590 ideo
506 533 670 603 plane
711 545 823 586 non
874 529 1170 601 accepisti,
1199 528 1330 600 quia
1386 528 1491 585 tibi
1539 530 1755 585 licitum
1804 527 1973 584 non].

2098 522 2309 578 ὶτοῦτο
2342 522 2563 595 πρῶτον
2609 521 2797 591 τίθησι
2828 516 2930 580 τὰς
2979 512 3161 603 αἰτίας
3189 507 3348 603 διὶᾱς
3375 505 3624 603 admito;

331 633 472 681 erat.
508 596 643 679 Eam
673 623 748 678 ob
784 636 898 676 rem
946 596 1189 690 primum
1217 596 1430 676 causas
1471 621 1650 692 ponit,
1690 627 1920 690 propter

2098 615 2311 678 ἐλαϐεν,
2341 615 2502 685 εἰπερ
2525 611 2779 667 ἐϐούλετο
2808 607 3020 662 λαϐεῖν.
3061 599 3220 668 Εἶτα,
3252 599 3343 653 ἵνα
3380 597 3471 692 μὴί
3491 596 3630 692 δόξῃ

336 733 477 791 quas
504 717 630 786 jure
654 714 992 784 accepisset,
1023 715 1068 770 si
1095 715 1369 770 voluisset
1405 690 1680 784 accipere.
1715 713 1925 768 Deinde

2098 708 2152 772 ἰις
2191 709 2322 780 περὶ
2353 707 2566 776 Πέτρον
2585 703 2892 760 διαϐάλλων
2928 697 3110 753 ταῦτα
3150 694 3335 764 λέγειν
3353 690 3630 791 καὶ-γαρ

337 823 407 862 ne
432 805 660 860 Petrum
696 805 933 878 ejusque
977 805 1186 872 socios,
1227 805 1324 875 qui
1359 805 1603 875 primum
1649 804 1781 859 olim
1829 818 1926 858 ac-

227 917 229 920 ί
339 896 641 967 cipiebant,
673 896 791 951 haec
822 895 1062 951 dicendo
1096 895 1386 950 criminari
1418 894 1710 962 videatur;
1741 893 1929 949 decla—

2029 799 2338 870 ἐλάμϐανον
2392 800 2594 853 ἐκεῖνοι
2647 795 2960 868 πρότερονο
3029 787 3306 843 δείκνυσιν
3355 782 3436 836 ὅτι
3495 781 3633 849 ἐξῆν
3672 797 3692 810 ⁸

2033 892 2268 956 ἐκείνοις
2327 891 2656 962 λαμϐάνειν.
2698 886 2836 942 Εἶτα
2893 882 3082 949 πάλιν,
3124 879 3217 935 ἵνα
3249 876 3323 948 μή
3359 891 3447 938 τις
3481 872 3630 925 εῖποι

342 962 430 1046 ιἰιί
465 990 579 1044 illis
609 987 788 1046 fuisse
833 1003 1162 1044 concessum
1194 995 1256 1042 ut
1299 987 1640 1058 acciperent.
1675 986 1931 1041 Tandem

2100 999 2117 1032 ι
2147 979 2342 1051 Πέτρῳ
2371 981 2473 1050 μὲν
2508 977 2664 1050 ἐξῆν,
2697 977 2780 1032 σοὶ
2827 975 2886 1030 δὲ
2922 974 3023 1029 οὐκ
3064 970 3215 1041 ἐξῆν,
3247 962 3638 1058 προλαμβάνει

345 1099 416 1138 ne
445 1090 732 1152 regereret
763 1082 1010 1152 aliquis:
1046 1079 1382 1151 permissum
1414 1078 1636 1149 quidem
1682 1079 1792 1133 hoc
1830 1075 1934 1133 Pe-

349 1181 436 1229 tro
467 1171 613 1241 fuit;
643 1173 746 1229 tibi
778 1187 932 1238 vero,
956 1185 1348 1242 nequaquam;
1380 1171 1692 1226 auditorem
1719 1185 1780 1224 se
1802 1169 1936 1223 lau-

351 1263 532 1320 dando
565 1274 824 1335 occupat,
861 1280 988 1320 cum
1023 1264 1090 1320 ad
1124 1265 1206 1320 sic
1247 1262 1570 1318 faciendum
1603 1262 1942 1318 necessitate

353 1357 804 1428 compelleretur.

431 1471 451 1503 ι
491 1448 692 1506 Nonne
740 1449 1027 1506 Christum
1080 1448 1273 1506 Jesum
1325 1448 1623 1503 Dominum
1684 1450 1942 1502 nostrum

2036 1071 2128 1125 τὸν
2156 1071 2434 1143 ἀκροατὴν
2467 1073 2583 1134 τοῖς
2615 1068 2914 1141 ἐγκωμίοις
2960 1066 3078 1130 τοῖς
3122 1061 3253 1133 περὶ
3298 1054 3516 1121 ἑαυτοῦ,
3561 1052 3637 1107 δι’

2041 1169 2287 1240 ἀνάγκην
2315 1167 2492 1224 ταῦτα
2531 1165 2726 1221 ποιῶν.

2125 1481 2142 1514 ι
2179 1458 2318 1530 Οὐχὶ
2353 1455 2564 1529 Ἰησοῦν
2591 1455 2829 1529 Χριστὸν
2857 1455 2948 1510 τὸν
2969 1453 3178 1524 Κύριον
3206 1449 3366 1522 ἡμῶν
3391 1445 3644 1518 ἑώρακας

358 1539 512 1594 vidi?
556 1554 742 1596 nonne
786 1555 929 1609 opus
975 1555 1161 1595 meum
1212 1555 1312 1595 vos
1369 1538 1510 1593 estis
1559 1538 1616 1592 in
1666 1535 1948 1592 Domino?

2098 1554 2115 1607 5
2154 1552 2216 1606 τὸ
2239 1551 2400 1623 ἔργον
2434 1568 2533 1622 μου
2556 1550 2714 1621 ὑμεῖς
2749 1551 2872 1604 ἐστε
2903 1549 2961 1601 ὲν
2989 1541 3294 1617 Κυρίῳ;Εί
3325 1541 3510 1604 ἄλλοις
3540 1537 3650 1591 οὐκ

363 1629 556 1703 [Vens
588 1628 670 1701 2.]
703 1629 763 1684 Si
797 1629 926 1684 aliis
956 1645 1069 1685 non
1104 1645 1227 1685 sum
1274 1627 1565 1698 apostolus
1587 1671 1601 1696 ,
1631 1625 1732 1683 sed
1763 1633 1948 1682 tamen

2098 1646 2168 1718 μὶ
2197 1642 2518 1708 ἀπόστολος,
2555 1642 2692 1698 ἀλλά
2721 1659 2787 1712 γε
2817 1642 2948 1713 ὑμῖν
2984 1640 3123 1711 είμι.
3163 1656 3183 1689 ι

362 1722 522 1776 vobis
554 1736 700 1777 sum.
735 1738 756 1772 ι

431 1811 515 1867 Ne
562 1812 694 1882 quis
721 1811 934 1868 diceret
964 1830 977 1866 :
1021 1810 1093 1865 At
1124 1811 1206 1866 illi
1251 1810 1460 1868 habent
1493 1826 1605 1882 pra:
1643 1811 1772 1867 aliis
1803 1811 1952 1883 quod

363 1918 489 1958 cum
537 1902 764 1960 Christo
814 1902 1020 1960 versati
1057 1902 1286 1958 fuerunt
1323 1902 1529 1974 (neque
1560 1904 1710 1959 enim
1751 1905 1954 1974 exigua

366 1997 484 2051 haec
516 1996 887 2068 praerogativa
915 2003 1061 2061 erat,
1097 1996 1408 2051 secundum
1439 1997 1545 2051 hoc
1571 1995 1790 2051 Domini
1819 1995 1954 2050 etfa-

371 2095 488 2140 tum
525 2105 538 2141 :
574 2084 740 2140 Multi
773 2086 1044 2156 propheta
1073 2096 1124 2141 et
1141 2086 1279 2156 justi
1309 2086 1591 2140 voluerunt
1631 2085 1806 2140 videre
1841 2101 1958 2155 (μιαν

370 2175 584 2243 uidetis,
640 2183 692 2230 et
722 2192 826 2230 non
868 2176 1113 2230 viderunt
1147 2176 1238 2227 ’τις
1275 2175 1487 2231 idcirco
1523 2177 1598 2230 ait
1641 2194 1656 2231 :
1701 2173 1961 2245 Nunquid

373 2266 684 2324 nonJesum
712 2269 1002 2324 Dominum
1031 2277 1275 2325 nostrum
1309 2269 1418 2324 vidi
1439 2271 1464 2325 2
1485 2267 1552 2323 Et
1582 2283 1656 2324 ne
1685 2267 1814 2337 quis
1839 2282 1962 2320 rur-

373 2376 496 2417 sum
521 2361 832 2432 objiceret:
871 2362 1086 2416 nullum
1117 2362 1492 2434 apostolicum
1525 2375 1668 2430 opus
1709 2359 1962 2424 edidisti,

377 2454 665 2525 subiungit
699 2471 714 2510 :
746 2452 893 2524 Opus
923 2471 1099 2510 meum
1129 2455 1260 2510 estis
1293 2469 1386 2509 vos
1417 2457 1475 2508 in
1513 2452 1761 2507 Domino.
1788 2451 1966 2505 Porro

379 2547 510 2615 quia
546 2561 810 2618 magn-um
849 2547 986 2617 quid
1025 2546 1447 2618 pronuntiabat,
1486 2543 1712 2614 adjecit,
1743 2545 1804 2597 in
1850 2542 1964 2597 Do-

377 2637 545 2702 mino,
576 2639 630 2692 id
659 2645 768 2705 est,
810 2639 903 2695 Dei
944 2653 1085 2710 opus
1111 2647 1217 2706 est,
1243 2654 1356 2694 non
1390 2652 1597 2694 meum.

453 2750 473 2783 ι
512 2729 650 2786 Nam
691 2731 1040 2801 signa-culum
1081 2733 1433 2803 apostolatus
1471 2730 1579 2785 mei
1612 2743 1713 2785 vos
1743 2729 1882 2785 estis
1912 2728 1970 2784 in

379 2821 635 2879 Domino.
707 2822 898 2897 Unas.
981 2821 1126 2895 5-6.]
1185 2825 1310 2888 Mea
1381 2821 1637 2878 defensio
1697 2820 1972 2876 adversus

380 2927 477 2969 eos
521 2913 617 2984 qui
670 2927 759 2968 me
816 2913 1188 2985 interrogant,
1227 2913 1344 2968 haec
1384 2918 1492 2968 est.
1538 2910 1805 2982 Nunquid
1859 2925 1972 2967 non

383 3004 652 3060 habemus
681 3011 1016 3074 potestatem
1045 3004 1423 3061 manducandi
1453 3012 1508 3060 et
1536 3005 1805 3060 bibendi?
1829 3019 1974 3058 nun-

385 3095 521 3166 quid
574 3109 690 3150 non
743 3095 1014 3153 habemus
1072 3105 1406 3168 potestatem
1467 3097 1756 3152 mulierem
1819 3109 1977 3152 soro-

2119 1819 2238 1874 Ἵνα
2271 1819 2345 1890 μή
2365 1835 2452 1882 τις
2481 1817 2644 1872 πάλιν
2672 1815 2828 1887 λέγῃο
2864 1814 3005 1868 Ἀλλ’
3021 1813 3206 1883 ἔχουσι
3223 1792 3405 1864 Ῑπλέοκῖ
3423 1808 3654 1870 ἐκεῖνοι,

2061 1911 2122 1965 τὸ
2151 1909 2290 1982 μετά
2311 1909 2555 1980 Χριστοῦ
2582 1907 2870 1979 γενέσθαι·
2897 1905 2960 1960 οὐ
2984 1904 3185 1976 μικρὸν
3223 1902 3332 1973 γὰρ
3364 1900 3460 1955 καὶ
3487 1896 3659 1951 τοῦτο

2061 2004 2279 2077 ἀξίωμα
2298 2001 2368 2077 ἦν
2397 2002 2540 2056 κατά
2570 2002 2631 2056 τὸ
2659 2000 2852 2072 λεχθέν
2885 2015 2899 2030 ·
2931 1997 3169 2054 Πολλοὶ
3217 1991 3516 2063 προφῆται
3546 1987 3655 2043 καὶ

2062 2097 2283 2152 δίκαιοι
2339 2094 2736 2164 ἐπεθύμησαν
2791 2090 2942 2146 ἰδεῖν
2988 2087 3028 2144 d
3073 2087 3364 2154 βλέπετε,
3403 2081 3503 2136 καὶ
3539 2083 3658 2135 οὐκ

2063 2185 2228 2244 εἶδον
2256 2205 2269 2219 ⁸
2323 2184 2520 2242 εἶπεν
2550 2184 2699 2255 Οὐχὶ
2771 2181 3021 2250 Ἰησοῦν
3075 2179 3184 2232 τὸν
3220 2177 3444 2244 Κύριον
3481 2169 3661 2242 ἡμῶν

2064 2281 2298 2349 ἑώρακα
2320 2298 2340 2347 ;
2369 2279 2479 2336 Καὶ
2510 2277 2598 2332 ῖνα
2623 2279 2697 2348 μή
2728 2291 2812 2338 τις
2841 2275 3003 2344 εῖπῃο
3034 2270 3206 2326 Οὐδὲν
3229 2266 3490 2333 ἐπεδείξω
3519 2264 3663 2316 ἀπο-

2070 2373 2259 2427 στόλου
2297 2373 2482 2445 ἔργον,
2508 2369 2600 2425 διά
2623 2367 2784 2424 τοῦτό
2819 2384 2953 2439 φησι
2973 2381 2988 2396 ·
3026 2364 3097 2419 Τὸ
3120 2363 3302 2433 ἔργον
3323 2377 3445 2432 μου
3485 2355 3665 2428 ὑμεῖς

2067 2468 2208 2522 ἐστε
2236 2467 2308 2522 ὲν
2330 2466 2543 2534 Κυρίῳ.
2585 2461 2698 2518 Kal
2731 2459 2922 2531 ἐπειδὴ
2951 2457 3099 2529 μέγα
3115 2453 3444 2526 ἐφθέγξατο,
3475 2451 3559 2515 τὸ,
3587 2449 3667 2502 ἐν

2068 2560 2285 2629 Κυρίῳ,
2314 2557 2669 2630 προστίθησι,
2724 2552 2975 2608 τουτέστι
3031 2549 3128 2604 τοῦ
3182 2545 3318 2602 Θεοῦ
3371 2545 3434 2599 τὸ
3497 2542 3668 2615 ἔργον

2071 2649 2242 2714 ἐστὶν,
2273 2651 2377 2703 οὐκ
2402 2649 2557 2720 ἐμόν.

2147 2757 2167 2791 ι
2188 2739 2257 2792 Ἦ
2276 2739 2388 2810 γὰρ
2422 2737 2660 2810 σφραγίς
2708 2753 2812 2808 μου
2867 2733 2966 2806 τῆς
3000 2729 3310 2801 ἀποστολῆς
3343 2729 3504 2800 ὑμεῖς
3539 2727 3672 2780 ἐστε

2074 2834 2133 2889 ἐν
2155 2833 2443 2905 Κυρίῳοὴ
2479 2832 2587 2904 ἐμὴ
2631 2827 2900 2901 ἀπολορία
2959 2828 3075 2891 τοῖς
3124 2823 3226 2896 ἐμὲ
3283 2818 3674 2894 ἀνακρίνουσίν

2074 2927 2223 2980 ἐστιν
2257 2924 2432 2997 αὕτηο
2491 2923 2587 2996 Μὴ
2638 2923 2740 2977 οὐκ
2784 2921 2984 2994 ἔχομεν
3037 2916 3288 2984 ἐξουσίαν
3345 2914 3542 2986 φαγεῖν
3573 2913 3676 2965 καὶ

2075 3019 2254 3085 πιεῖν;
2311 3016 2388 3090 μὴ
2440 3017 2544 3072 οὐκ
2595 3015 2794 3087 ἔχομεν
2853 3010 3105 3080 ἐξουσίαν
3163 3007 3399 3078 ἀδελφὴν
3435 3004 3677 3075 γυναῖκα

2077 3113 2388 3184 περιάγειν,
2424 3111 2500 3176 ὡς
2537 3110 2588 3164 οἱ
2611 3108 2794 3164 λοιποὶ
2839 3105 3155 3172 ἀπόστολοι,
3196 3104 3293 3158 καὶ
3324 3098 3548 3168 ἀδελφοὶ
3576 3093 3675 3149 τοῦ

388 3201 504 3242 rem
563 3186 1060 3256 circumducendi,
1118 3188 1270 3246 sicut
1327 3199 1383 3245 et
1441 3190 1634 3244 caeteri
1699 3188 1972 3259 apostoli,

2098 3205 2290 3277 Κυρίου
2321 3203 2423 3276 (4),
2453 3203 2550 3257 καὶ
2604 3203 2806 3274 Κηφᾶς
2827 3199 2900 3272 ;ἢ
2937 3200 3096 3271 μόνος
3116 3195 3229 3267 ἐγὼ
3257 3196 3351 3250 καὶ⁴
3381 3189 3681 3263 Βαρνάϐας

389 3288 446 3335 et
494 3279 695 3338 fratres
751 3279 1016 3347 Domini,
1064 3289 1120 3339 et
1170 3282 1421 3354 Cephas?
1481 3282 1592 3338 Aut
1655 3297 1758 3354 ego
1822 3282 1973 3340 solus

2098 3299 2186 3354 n’nc
2215 3297 2412 3370 ἔχομεν
2434 3294 2688 3363 ἐξουσίαν
2709 3292 2806 3349 τοῦ
2833 3292 2911 3367 μὴ
2935 3289 3272 3365 ἐργάζεσθαι
3302 3305 3317 3354 ;
3359 3305 3378 3338 ι

390 3379 445 3428 et
484 3370 793 3439 Barnabas,
825 3387 937 3429 non
977 3373 1249 3431 habemus
1297 3381 1630 3446 potestatem
1682 3374 1790 3430 hoc
1851 3388 1983 3444 ope-

392 3464 551 3520 randi
574 3465 598 3520 ῖ
643 3484 664 3520 ι
1923 3485 1926 3489 ·

465 3556 752 3631 Signacuii
780 3561 1010 3617 nomine
1044 3561 1585 3618 demonstrationem
1622 3560 1983 3633 signiﬁcavit.

400 3650 460 3707 Si
493 3653 587 3707 cui
623 3653 843 3710 discere
870 3654 1048 3710 libeat
1074 3654 1354 3725 quomodo
1383 3655 1489 3711 sim
1523 3654 1842 3724 apostolus,
1884 3669 1988 3711 vos

400 3744 559 3814 ipsos
588 3745 897 3815 proferam.
929 3743 1138 3802 Omnes
1160 3748 1323 3803 enim
1346 3745 1585 3818 apostoli
1613 3753 1776 3804 notas
1810 3747 1868 3802 in
1890 3761 1988 3802 vo-

397 3834 485 3892 bis
517 3838 755 3893 ostendi.

473 3926 692 3985 Sedatis
730 3945 829 4001 per
863 3929 1307 3988 moderationem
1345 3931 1672 3990 libidinibus
1709 3933 1990 4004 corporis,

402 4028 703 4093 retusoque
716 4025 956 4080 carnalis
975 4025 1182 4082 amoris
1207 4025 1424 4092 aculeo,
1437 4027 1732 4099 perpaucis
1746 4025 1992 4083 contenti

404 4113 1199 4188 assuefactique‘sumustac
1247 4118 1548 4178 difﬁtemur
1597 4120 1840 4178 fortibus
1895 4135 1996 4177 vo-

407 4207 648 4278 luptates
679 4210 1006 4268 condecere.

479 4301 643 4358 Vnus.
679 4303 734 4359 7.
772 4323 792 4356 ι
838 4303 977 4372 Quis
1007 4305 1208 4363 militat
1228 4307 1347 4366 suis
1373 4307 1674 4379 stipendiis
1699 4306 1997 4379 unquam?

409 4397 534 4469 quis
593 4399 812 4470 plantat
869 4401 1138 4470 vineam,
1201 4409 1256 4458 et
1316 4402 1386 4458 de
1444 4401 1633 4456 fructu
1696 4401 1818 4470 ejus
1885 4415 1998 4456 non

2159 3572 2454 3628 Τουτέστιν
2485 3573 2520 3644 ἡ
2552 3567 2872 3634 ἀπόδειξιςο.
2903 3565 3009 3621 κᾶν
3056 3559 3314 3635 βούληταί
3342 3577 3428 3624 τις
3462 3556 3684 3630 μαθεῖν,

2091 3664 2257 3721 πόθεν
2287 3661 2586 3728 ἀπόστολός
2608 3661 2748 3732 εἰμι,
2767 3658 2914 3731 ὑμᾶς
2935 3655 3333 3730 προδάλλομαι.
3362 3650 3548 3705 Πάντα
3570 3647 3686 3718 γὰρ

2090 3759 2161 3813 τά
2181 3757 2274 3814 τοῦ
2301 3756 2603 3813 ἀποστόλου
2639 3755 2698 3810 ἐν
2731 3754 2863 3826 ὑμῖν
2886 3748 3280 3820 ἐπεδειξάμην.

2112 3920 2120 3926 ”
2163 3937 2610 4004 Κατευνάζοντες
2636 3934 2696 3990 δὲ
2726 3934 2850 3998 ταῖς
2875 3929 3201 3994 ἐπιεικείαις
3225 3927 3326 3991 τὰς
3361 3923 3690 3996 σωματικὰς

2093 4035 2310 4110 ήδονάς,
2339 4032 2434 4088 καὶ
2457 4031 2519 4086 τὸ
2538 4029 2642 4100 τῆς
2680 4024 3045 4098 φιλοσαρκίας
3073 4020 3528 4094 ἀπαμῦλύνοντες
3559 4015 3691 4110 κέν-

2094 4108 2248 4202 τρον,
2287 4125 2615 4195 ὀλιγοσιτεῖν
2669 4117 2984 4192 εἰθίσμεθα,
3013 4115 3112 4172 καὶ
3144 4114 3206 4169 τὸ
3246 4112 3461 4185 τρυφᾷν
3488 4110 3549 4163 οὐ
3577 4108 3692 4162 τῶν

2096 4220 2341 4296 ἀρίστων
2368 4212 2512 4281 εἷναί
2533 4229 2737 4284 φαμεν.

2173 4329 2194 4364 ι
2216 4309 2313 4374 Τίς
2338 4304 2696 4379 στρατεύεται
2713 4300 2865 4365 ίδίοις
2886 4297 3138 4369 ὀψωνίοις
3163 4293 3332 4360 ποτέ;
3364 4291 3446 4356 τίς
3471 4287 3695 4359 φυτεύει

2101 4400 2428 4476 ἀμπελῶνα,
2459 4396 2557 4453 καὶ
2600 4397 2665 4450 ἐκ
2693 4395 2802 4449 τῶν
2828 4389 3062 4462 καρπῶν
3087 4385 3256 4442 αὐτοῦ
3283 4386 3383 4438 οὐκ
3411 4381 3586 4476 ἐσδίει
3609 4397 3624 4446 ;
3652 4379 3694 4476 ’ἦ

410 4491 561 4548 edit?
597 4492 726 4563 quis
783 4493 963 4564 pascit
1005 4509 1230 4566 gregem
1256 4535 1272 4563 ,
1319 4499 1375 4550 et
1422 4493 1492 4550 de
1537 4494 1682 4550 lacte
1724 4494 1848 4565 ejus
1886 4509 1973 4550 non

2101 4472 2187 4560 τίς
2207 4491 2491 4565 ποιμαίνει
2519 4488 2784 4559 ποίμνην,
2814 4483 2913 4538 καὶ
2942 4484 3009 4536 ἐκ
3028 4479 3121 4534 τοῦ
3149 4479 3426 4549 γάλακτος
3445 4475 3544 4545 τῆς
3570 4472 3697 4526 ποί-

413 4583 752 4638 manducat?
795 4602 814 4635 »
927 4601 932 4606 ν

485 4671 789 4742 Postquam
821 4688 888 4728 ex
923 4673 1194 4743 apostolis
1226 4672 1368 4744 ipsis
1414 4673 1825 4744 comprobavit,
1851 4674 2002 4744 quod

416 4760 823 4817 validissimum
858 4768 1017 4827 erat;
1070 4769 1204 4832 puta
1239 4761 1347 4816 hoc
1396 4762 1504 4818 sibi
1548 4761 1732 4819 facere
1785 4763 2002 4820 licitum

417 4868 579 4921 esse;
612 4854 679 4923 ad
720 4854 974 4924 exempla
1008 4855 1176 4909 modo
1219 4855 1421 4925 pergit,
1454 4853 1657 4925 hisque
1687 4855 2003 4914 rationibus

419 4955 767 4997 communem
804 4943 1003 4998 iterum
1026 4958 1235 4998 morem
1259 4942 1576 4997 confirmat.

491 5030 660 5087 Vnus.
696 5033 846 5088 8-10.
887 5053 907 5086 ι
937 5033 1202 5105 Nunquid
1234 5037 1541 5091 secundum
1570 5037 1853 5094 hominem
1886 5039 2004 5094 hac

2028 4563 2081 4624 θ
2109 4605 2248 4662 μνης
2273 4563 2375 4642 ούκ
2397 4583 2635 4645 ἐσθίεις»

2188 4657 2410 4747 Ἐπειδὴ
2431 4675 2568 4744 ὅπερ
2600 4665 2670 4744 ἦν
2712 4666 3060 4738 ἰσχυρότατον
3091 4699 3110 4729 ,
3137 4663 3204 4716 ὲκ
3239 4661 3349 4717 τῶν
3380 4657 3700 4714 ἀποστόλων

2106 4769 2417 4836 ἀπέδειξεν,
2448 4765 2532 4818 ὅτι
2552 4751 2732 4830 ἔξεστι
2754 4756 2918 4812 τοῦτο
2932 4757 3129 4820 ποιεῖν,
3150 4753 3245 4810 ἐπὶ
3268 4751 3700 4834 παραδείγματα

2105 4863 2293 4918 λοιπὸν
2313 4859 2556 4932 ἔρχεται,
2588 4853 2688 4908 καὶ
2717 4852 2819 4923 τὴν
2843 4850 3035 4920 κοινὴν
3075 4841 3371 4920 συνήθειαν
3399 4847 3464 4900 ἐκ
3485 4847 3700 4898 τούτοιν

2110 4957 2272 5014 πάλιν
2297 4952 2406 5008 τῶν
2428 4950 2606 5020 λόγων
2635 4943 3023 5017 ίσχυροποιῶν.
3577 5013 3581 5017 ,

2189 5067 2208 5102 ι
2241 5045 2334 5118 Μὴ
2362 5043 2508 5101 κατά
2534 5040 2824 5112 ἄνθρωπον
2870 5035 3046 5091 ταῦτα
3089 5035 3266 5101 λαλῶ;
3297 5034 3369 5088 Ἦ
3407 5032 3526 5104 οὐχὶ
3560 5031 3656 5085 καὶ
3678 5032 3707 5083 ό

423 5123 598 5180 dico?
634 5125 716 5179 An
775 5133 830 5181 et
879 5126 970 5182 lex
1021 5127 1139 5183 haec
1195 5143 1312 5182 non
1361 5129 1532 5185 dicit?
1582 5129 1869 5202 Scriptum
1923 5147 1973 5187 es

2114 5142 2278 5214 νόμος
2303 5137 2475 5193 ταῦτα
2499 5134 2684 5202 λαλεῖς
2722 5132 2814 5186 Ἐν
2859 5128 2968 5200 γὰρ
2990 5127 3069 5198 τῷ
3109 5127 3391 5191 Μωῦσέως
3419 5126 3570 5196 νόμῳ
3603 5123 3708 5192 γέ-

424 5217 570 5271 enim
603 5217 660 5272 in
704 5218 822 5289 lege
871 5217 1049 5292 Moysi
1081 5237 1096 5275 :
1130 5217 1254 5275 Non
1286 5221 1544 5293 alligabis
1580 5239 1644 5280 os
1684 5225 1810 5280 bovi
1840 5225 2008 5280 tritu-

2117 5247 2380 5311 γραπται⁶
2417 5228 2492 5285 Οὐ
2527 5225 2800 5299 φιμώσεις
2836 5221 2963 5294 βοῦν
2989 5220 3268 5311 ἀλοῶντα..
3299 5219 3392 5290 Μὴ
3565 5216 3710 5311 peritu

427 5305 592 5360 ranti.
662 5304 926 5376 Nunquid
995 5307 1063 5363 de
1125 5308 1304 5364 bobus
1365 5325 1500 5365 cura
1561 5319 1646 5368 est
1717 5313 1864 5368 Deo?
1926 5313 1967 5367 A

2122 5304 2276 5400 μέλει
2298 5322 2375 5395 τῷ
2395 5321 2548 5392 Θεῷ;
2587 5317 2658 5373 Ἢ
2683 5317 2750 5372 δι’
2782 5315 2932 5388 ἡμᾶς
2960 5311 3179 5377 πάντως
3213 5309 3400 5380 λέγει;
3447 5309 3525 5362 Δι’
3553 5308 3710 5378 ἡμᾶς

431 5408 655 5468 propter
705 5415 810 5454 nos
860 5399 1054 5472 utique
1102 5401 1210 5458 hoc
1245 5402 1420 5461 dicit?
1452 5401 1588 5459 Nam
1641 5413 1869 5476 propter
1907 5417 1973 5460 ne

2119 5399 2228 5490 *τὰρ
2259 5413 2534 5488 ἐγράφη-ι

431 5491 636 5562 scripta
676 5499 827 5547 sunt.
867 5512 884 5544 ι

501 5599 554 5635 ⁷⁸
575 5601 766 5658 Matth.
796 5617 916 5667 xm,
961 5603 1046 5657 i7.

1954 5693 2189 5754 NOTAE.

507 5785 668 5860 (4H1!
704 5803 880 5860 marg.
922 5788 1121 5860 Ἰωσὴφ
1171 5790 1297 5852 υἱοὶ,
1352 5787 1606 5860 Ίακιοόδς
1655 5789 1693 5860 ξ)Δ
1723 5788 1973 5860 ἀρχ-ιερεὶ

2129 5789 2328 5843 scilicet
2356 5784 2891 5860 Jacobusfpiscopus
2943 5779 3459 5860 I_Iie_roso'l_g_morunt,
3488 5773 3714 5840 .Ioseph,

427 5854 863 5931 ,Ἱεροσολύμωῆ
903 5854 1122 5930 Ἰωσὴφ,
1149 5861 1350 5930 Σιμὼν,
1384 5859 1584 5921 Ἰούδας
1605 5874 1618 5888 ·
1649 5854 1778 5912 Filii
1798 5854 2020 5926 λυπρή,

2137 5859 2555 5926 5ἰιιιοιι,.1ιιιίίιε.
2597 5848 2937 5911 Εὲιιὶριῐιὶιερο
2969 5852 3129 5905 habet
3171 5848 3635 5918 'l‘heoplqluctus.
