3972 6396
209 406 301 470 637

210 610 364 678 coita:
389 621 409 672 ;

277 719 296 751 ι
329 699 456 753 Ὅτι
477 694 788 766 ὁφείλειέπ⁸
820 691 998 745 ἐλπίδι
1026 691 1055 742 ὁ
1078 687 1349 760 ἀροτριῶν
1377 688 1659 760 ἀροτριᾷν,
1686 684 1781 738 καὶ

211 795 236 846 ὁ
261 789 434 845 ἀλοῶν
465 789 566 860 τῆς
604 787 823 849 ἐλπίδος
855 782 1022 838 αὐτοῦ
1056 781 1308 854 μετέχειν
1343 781 1434 833 ἐπ’
1470 778 1667 832 ἐλπίδι.
1702 777 1781 845 .Ei

213 888 369 955 ἡμεῖς
405 883 536 954 ὑμῖν
576 881 649 936 τὰ
699 876 1048 949 πνευματικά
1105 872 1467 948 ἐσπείραμεν,
1532 869 1678 942 μέγα
1734 868 1784 921 εἰ

215 979 372 1046 ἡμεῖς
402 973 560 1046 ὑμῶν
610 972 680 1026 τά
727 970 970 1042 σαρκικὰ
1021 968 1351 1039 θερίσομεν;
1405 963 1468 1017 Εἰ
1503 961 1652 1017 ἄλλοι
1687 962 1787 1031 τῆς

218 1067 462 1137 ἐξουσίας
491 1065 648 1137 ὑμῶν
685 1064 1000 1134 μετέχουσι,
1033 1061 1097 1114 οὑ
1131 1059 1332 1132 μᾶλλον
1357 1059 1560 1128 ἡμεῖ;;
1597 1075 1616 1107 ι

283 1161 396 1232 Τῆς
427 1156 730 1229 μελλούσης
762 1155 935 1223 λέγει.

290 1271 308 1303 s
354 1249 498 1304 Ἀλλ’
545 1249 647 1302 οὐκ
684 1243 1040 1317 ἐχρησάμεθα
1066 1245 1132 1314 τῇ
1173 1237 1396 1310 ἐξουσίᾳ
1435 1236 1629 1306 ταύτῃ,
1659 1231 1795 1286 άλλά

223 1345 399 1398 πάντα
425 1339 715 1408 στέγομεν,
748 1337 837 1390 ἵνα
874 1335 950 1406 μὴ
995 1333 1237 1402 ἐκκοπὴν
1286 1345 1407 1383 τινα
1450 1326 1684 1395 δίδωμεν
1719 1321 1797 1393 τῷ

222 1432 534 1503 Εὖαγγελίῳ
559 1428 655 1483 τοῦ
691 1427 951 1501 Χριστοῦ.
977 1445 996 1478 ι

290 1525 612 1590 Τουτέστιν,
649 1523 751 1576 οὐκ
785 1519 1078 1590 ἐλάϐομεν.

297 1637 316 1668 ι
352 1617 470 1670 Οὐκ
497 1616 677 1670 οἴδατε
712 1613 796 1666 ὅτι
823 1613 872 1666 οἱ
918 1610 988 1663 τὰ
1032 1611 1156 1681 ἱερά
1195 1607 1576 1679 ἐργαζόμενοι,
1615 1603 1682 1654 ἐκ
1706 1598 1800 1653 τοῦ

225 1707 369 1780 ἱεροῦ
403 1706 715 1770 ἐσθίουσιν;
750 1722 768 1755 ι

299 1800 437 1854 Ἀπὸ
467 1795 561 1852 τοῦ
603 1795 770 1868 νόμου
799 1794 861 1848 τὸ
889 1793 1037 1865 ἐχειν
1064 1788 1321 1856 ἐξουσίαν
1349 1784 1651 1857 λαμϐάνειν
1685 1782 1805 1835 ἐπι-

223 1891 558 1962 δειξάμενος,
596 1885 897 1959 μεταφέρει
924 1885 1016 1937 τὸν
1047 1883 1209 1951 λόγον
1233 1879 1330 1934 καὶ
1363 1879 1443 1942 είς
1465 1876 1528 1930 τὸ
1553 1872 1806 1941 Εὐαγγέ-

221 1991 356 2055 λιον,
387 1987 485 2041 καὶ
513 1987 579 2039 ἐκ
599 1983 792 2038 τούτου
819 1981 984 2034 αὑτὸν
1011 1974 1402 2049 ἰσχυροποιῶν.
1429 1967 1502 2026 Εὖ
1526 1970 1583 2025 δέ
1604 1987 1616 2000 ⁸
1647 1969 1710 2022 τὸ
1735 1967 1810 2038 μὴ

226 2081 403 2132 εἰπεῖν
449 2081 514 2132 ἐκ
546 2076 656 2129 τῶν
706 2071 1131 2145 προσφερόντων
1166 2066 1566 2138 λαμϐάνουσιν,
1601 2061 1718 2116 ἀλλ’
1748 2062 1814 2113 ἐκ

224 2173 321 2227 τοῦ
369 2169 520 2242 ἱεροῦ
551 2168 849 2235 ἐσθίουσιν,
875 2166 967 2220 ἵνα
1008 2164 1150 2235 μήτε
1179 2160 1229 2214 οἱ
1257 2156 1633 2229 λαμϐάνοντες
1667 2153 1813 2206 ὀνει-

227 2266 505 2332 δίζωνται,
550 2262 692 2333 μήτε
715 2262 762 2313 οί
794 2257 1128 2328 παρέχοντες
1159 2249 1523 2320 ἐπαίρωνται.

305 2377 325 2410 ι
362 2357 430 2411 Oi
462 2355 542 2426 τῷ
574 2350 948 2422 θυσιαστηρίῳ
998 2342 1454 2426 παρεδρεύοντες,
1508 2337 1586 2408 τῷ
1623 2334 1815 2388 θυσια-

232 2449 444 2519 στηρίῳ
478 2422 933 2516 συμμερίζονται.
977 2422 1176 2499 Οὕτως⁸
1199 2433 1294 2489 καὶ
1328 2431 1355 2484 ὁ
1381 2429 1588 2501 Κύριος
1637 2423 1820 2478 διέτα-

233 2518 330 2608 ξεν
355 2543 472 2605 τοῖς
511 2535 850 2606 Εὑαγγέλιον
905 2522 1362 2600 καταγγέλλουσι,
1399 2525 1462 2576 ἐκ
1506 2519 1600 2574 τοῦ
1633 2518 1819 2583 Εὐαγ-

232 2635 416 2703 γελίου
453 2635 576 2704 ζῇν.
618 2650 636 2682 ι

302 2727 386 2780 Τά
414 2702 528 2796 γάρ
566 2717 1000 2794 προσενεχθέντα
1050 2710 1235 2767 οὐκέτι
1269 2707 1460 2761 λοιπον
1508 2702 1618 2756 τῶν
1650 2715 1823 2770 προσ-

235 2819 570 2889 ενεγκόντων
593 2811 758 2886 ἦσαν,
791 2809 931 2866 ἀλλά
957 2806 1056 2863 τοῦ
1091 2802 1237 2876 ἱεροῦ
1269 2800 1363 2856 καὶ
1389 2795 1485 2852 τοῦ
1520 2795 1814 2861 θυσιαστη-

241 2885 378 2980 ρίου.
407 2906 482 2962 Τὸ
512 2907 569 2960 δέ
597 2885 1078 2975 συμμερίζονται,
1105 2899 1165 2953 οὐ
1198 2896 1298 2969 τὴν
1323 2893 1384 2960 ἐξ
1414 2892 1532 2946 ἴσου
1561 2885 1825 2956 διανομὴν

240 3001 409 3072 δηλοῖ,
436 2998 574 3055 ἀλλά
598 2996 696 3069 τὴν
729 2996 791 3061 ἐξ
829 2992 1054 3065 ὀφειλῆς
1086 2988 1374 3061 διδομένην
1417 2984 1606 3046 αὐτοῖς
1645 2994 1828 3050 παρα-

248 3094 476 3165 μυθίαν.

315 3207 336 3239 ι
379 3184 526 3255 Ἐγὼ
544 3182 602 3237 δὲ
626 3181 687 3235 οὐ
715 3178 994 3249 κέχρημαι
1014 3171 1190 3228 οὐδενὶ
1215 3169 1445 3224 τούτων.
1471 3167 1586 3222 Οὐκ
1610 3163 1826 3238 ἔγραψα
1859 3198 1903 3257 C

243 3282 298 3334 δέ
321 3279 522 3342 ταῦτα,
554 3275 643 3329 ἵνα
670 3271 845 3334 οὕτως
874 3268 1101 3339 γένηται
1132 3267 1190 3319 ἐν
1227 3261 1374 3334 ἐμοί.
1419 3280 1437 3313 ι

315 3373 551 3442 Ὅμοιον
579 3367 654 3430 ὡς
675 3366 724 3418 εἰ
756 3363 932 3430 λέγοι,
983 3356 1199 3412 πολλῶν
1236 3371 1328 3426 μοι
1365 3349 1833 3422 παραδειγμάτων

249 3459 604 3533 παρεχόντων
634 3452 886 3518 ἐξουσίαν
909 3449 1004 3504 τοῦ
1030 3444 1393 3518 στρατιώτου,
1427 3441 1524 3494 τοῦ
1558 3435 1832 3510 γεωργοῦ,

247 3553 344 3608 τοῦ
369 3549 649 3620 ποιμένος,
682 3547 791 3600 τῶν
819 3541 1152 3603 ἀποστόλων,
1184 3538 1279 3593 τοῦ
1313 3537 1504 3608 νόμου,
1546 3531 1655 3587 τῶν
1705 3530 1837 3602 παρ’

248 3646 413 3716 ἡμῶν
445 3643 528 3705 εἰς
564 3641 709 3710 ὑμᾶς
732 3635 1067 3708 γενομένων,
1095 3630 1205 3685 τῶν
1243 3628 1376 3700 παρ’
1405 3625 1566 3698 ἡμῶν
1598 3625 1680 3687 εἰς
1712 3621 1840 3686 τοὺς

251 3739 476 3802 ἀλλους,
506 3735 617 3788 τῶν
653 3731 868 3805 ἱερέων,
902 3728 996 3784 τοῦ
1027 3725 1460 3799 προστάγματος
1482 3719 1578 3772 τοῦ
1605 3716 1839 3789 Κυρίου,

251 3830 440 3885 οὐδενὶ
486 3827 693 3881 τούτων
751 3824 818 3879 ἂν
868 3819 1132 3889 ἐπείσθην
1178 3818 1258 3880 είς
1312 3815 1373 3868 τδ
1399 3810 1706 3867 καταλῦσαι
1752 3807 1843 3861 τὸν

253 3921 500 3996 ἐμαυτοῦ
531 3919 720 3990 νόμον,
753 3916 850 3971 καὶ
879 3913 1094 3968 λαϐεῖν.

336 4039 357 4071 ‹
394 4016 578 4070 Καλὸν
598 3982 716 4085 ’γάρ
743 4027 832 4082 μοι
866 4007 1068 4080 μᾶλλον
1091 3982 1409 4066 ἀποθανεῖν’,
1437 3998 1474 4066 ἢ
1492 3998 1554 4052 τὸ
1582 3992 1848 4066 καύχημά

259 4130 392 4184 μου,
434 4109 526 4162 ἵνα
551 4124 636 4170 τις
655 4102 894 4175 κενώσῃ.
944 4117 964 4152 t

333 4199 616 4274 Δίροῦμαι
643 4174 867 4264 μᾶλλον,
903 4189 1096 4262 φησὶν,
1134 4183 1431 4240 ἀποθανεῖν
1455 4179 1624 4251 λιμῷ,
1658 4177 1693 4249 ἦ
1725 4174 1851 4230 τού-

259 4312 371 4349 των
406 4287 856 4361 ἀποστερηθῆναι
907 4281 1017 4336 τῶν
1067 4277 1369 4347 στεφάνων.

266 4387 552 4454 καύχημα
577 4362 777 4444 εἰπεῖν,
806 4375 900 4429 καὶ
933 4371 1010 4446 μὴ
1031 4371 1124 4425 τὸν
1156 4367 1358 4423 σκοπὸν
1385 4365 1419 4437 ἢ
1447 4365 1511 4418 τὸ
1551 4362 1711 4427 δόξαν
1752 4376 1851 4414 κα-

261 4449 533 4532 λόνίὲινα
564 4473 672 4542 γὰρ
720 4469 796 4541 μή
846 4482 932 4530 τις
980 4464 1140 4536 λέγῃ,
1165 4462 1250 4516 ὅτι
1294 4459 1441 4513 ποιεῖ
1475 4454 1576 4528 μέν
1606 4451 1759 4516 αὐτὸ,
1791 4449 1853 4502 οὐ

261 4571 474 4642 χαίρων
508 4535 588 4628 δέ,
620 4535 758 4618 άλλά
785 4535 992 4614 στένων
1031 4535 1127 4610 καὶ
1159 4551 1507 4621 ὣυνάμενος,
1534 4545 1729 4600 τούτου
1753 4541 1855 4614 χά-
1887 4535 1935 4594 D

270 4631 481 4731 pLV-“rip!
535 4650 845 4732 ῥπερϐολὴν
875 4648 976 4719 τῆς
1012 4645 1189 4718 χαρᾶς
1221 4641 1392 4708 δεῖξαι
1431 4638 1623 4704 θέλων,
1664 4635 1758 4689 καὶ
1794 4631 1856 4685 τὸ

274 4726 516 4824 μέγεθος
538 4726 641 4818 τῆς
669 4741 1004 4817 προθυμίας,
1032 4736 1298 4807 καύχημα
1319 4733 1382 4788 τὸ
1415 4731 1650 4803 πρᾶγμα
1673 4726 1851 4781 καλεῖ⁹

352 4930 482 4985 Ἐὰν
513 4926 624 4998 γάρ
657 4920 1130 4992 εὐαγγελίζωμαι,
1160 4914 1261 4970 οὐκ
1295 4911 1412 4966 ἔστι
1448 4925 1540 4980 μοι
1571 4904 1855 4977 καύχημα⁹

279 5025 496 5092 ἀνάγκη
529 4995 653 5089 γάρ
699 5033 790 5086 μοι
826 5012 1125 5068 ἐπίκειται.
1156 5005 1298 5061 Οὐαὶ
1329 5003 1388 5057 δέ
1435 4999 1527 5072 μοί
1555 5001 1726 5062 ἐστιν,
1762 4995 1858 5048 ἐὰν

282 5117 354 5188 μὴ
383 5109 850 5181 εὐαγγελίζωμαι.
894 5123 912 5155 ›

346 5181 522 5260 τοῦτο
553 5216 742 5272 φησιν,
767 5197 867 5267 οὐχ
899 5196 976 5257 ὡς
1023 5190 1272 5264 μείζονος
1309 5185 1463 5247 ὖντος
1505 5181 1599 5236 τοῦ
1631 5182 1863 5249 εὐαγγε-

282 5268 690 5358 λίσασθαιξτοῦ
725 5287 1000 5344 ἀδάπανον
1031 5282 1208 5336 θεῖναι
1250 5278 1312 5331 τὸ
1357 5272 1703 5343 εὐαγγέλιον,
1750 5268 1865 5324 ἀλλ’

285 5392 357 5455 ὡς
386 5385 656 5459 ἐτέρωθεν
682 5382 901 5452 ἔχοντος
921 5375 984 5431 τὸ
1004 5373 1190 5430 πλέον.
1220 5364 1369 5434 Οἷον,
1399 5367 1482 5422 ὅτι
1504 5365 1566 5419 τδ
1589 5364 1689 5435 μέν
1711 5365 1863 5417 ἐστιν

287 5457 592 5551 ἐπίταγμα,
623 5477 685 5532 τὸ
713 5475 770 5529 δέ
800 5473 898 5544 τῆς
922 5469 1068 5540 ἐμῆς
1101 5461 1480 5537 προαιρέσεως
1507 5457 1864 5528 κατόρθωμα.

1361 397 1443 455 ΙΝ
1488 395 1724 455 EPIST.
1761 393 1860 452 AD
1899 341 2263 452 CORINTH.
2304 389 2353 448 Ι.

268 514 358 585 Μὴ
379 512 440 578 ἐξ
467 507 826 581 ἀνθρωπίνων
865 506 1024 577 μόνον
1067 502 1530 574 παραδειγμάτων
1573 498 1780 571 ίσχυρί-
1807 506 1855 561 Α

3366 378 3471 440 638

1951 498 2216 570 Nunquid
2259 496 2520 553 humanis
2567 495 2841 550 duntaxat
2884 490 3158 562 exemplis
3199 490 3307 546 hoc
3341 501 3474 541 con-

1883 593 2042 648 ﬁrmo
2060 593 2084 646 ’ἒ

1950 683 2374 755 91¢Quoniam
2413 679 2576 737 debet
2626 678 2682 732 in
2726 691 2824 746 spe
2854 676 2948 746 qui
2989 683 3132 742 arat,
3180 686 3374 736 arare;
3419 679 3475 724 et

1883 778 1978 849 qui
2004 777 2248 844 triturat,
2271 789 2422 846 spem
2443 773 2565 843 ejus
2582 770 2916 841 participare
2943 767 2998 822 in
3021 781 3140 837 spe.
3163 763 3356 837 [Vens
3381 763 3472 819 Ην

1885 867 2001 942 12.]
2029 867 2088 924 Si
2105 883 2209 924 nos
2229 865 2387 922 vobis
2421 861 2733 935 spiritualia
2767 857 3185 920 seminavimus,
3215 869 3474 924 magnum

1887 969 1974 1017 est
2005 959 2054 1017 si
2084 974 2187 1015 nos
2217 956 2463 1014 carnalia
2481 962 2664 1010 vestra
2687 947 2994 1006 metamus?
3028 945 3089 1001 Si
3112 945 3204 999 alii
3234 950 3478 1014 potesta-

1889 1054 1966 1110 tis
1990 1059 2189 1108 vestra:
2219 1048 2518 1120 participes
2546 1052 2697 1112 sunt,
2728 1055 2904 1113 quare
2928 1052 3039 1094 non
3066 1034 3254 1106 potius
3280 1030 3423 1086 nos?
3452 1047 3472 1080 ι

1964 1142 2127 1216 Spem
2168 1140 2368 1196 futurae
2397 1140 2524 1194 vitae
2555 1137 2655 1191 ait.

1971 1210 2143 1288 (Sed
2177 1245 2288 1286 non
2332 1229 2418 1285 usi
2450 1241 2644 1284 sumus
2671 1224 2779 1279 hac
2811 1226 3086 1293 potestate
3123 1235 3140 1273 :
3172 1210 3483 1272 sed-omnia

1897 1325 2260 1387 sustinemus,
2290 1337 2358 1377 ne
2382 1319 2528 1392 quod
2553 1313 2946 1373 ofl‘endiculum
2977 1310 3173 1367 demus
3189 1301 3485 1374 Evangelio

1898 1415 2132 1471 Christi.
2174 1433 2194 1466 ι

1971 1509 2029 1563 ld
2060 1515 2166 1570 est,
2195 1520 2306 1560 non
2338 1501 2674 1573 accepimus.
2787 1492 2791 1496 ⁷

1972 1601 2141 1656 Vens.
2173 1598 2262 1664 l5,
2295 1597 2385 1651 M.
2445 1572 2484 1645 «ί
2504 1590 2742 1648 Nescitis
2773 1585 3037 1658 quoniam
3077 1580 3173 1654 qui
3206 1590 3366 1636 sacra
3409 1572 3482 1628 fa-

1907 1695 2084 1757 ciunt,
2115 1691 2183 1746 de
2215 1687 2462 1746 sacrario
2498 1682 2815 1740 comedunt.
2847 1698 2867 1733 ι
3416 1709 3420 1712 η

1981 1781 2276 1851 Postquam
2316 1791 2348 1830 a
2385 1776 2506 1845 lege
2537 1765 2940 1828 demonstravit
2983 1762 3190 1818 habere
3237 1772 3298 1814 se
3336 1761 3492 1826 pote-

1911 1882 2110 1931 slatem
2129 1847 2469 1940 accipiendi,
2501 1876 2809 1921 sermonem
2843 1854 3108 1912 transfert
3145 1850 3214 1905 ad
3245 1847 3494 1915 Evange-

1912 1967 2074 2030 lium,
2106 1961 2252 2018 unde
2278 1970 2334 2016 et
2372 1959 2552 2028 ipsum
2585 1953 2894 2010 continuat.
2929 1945 3191 2018 Apprime
3219 1955 3348 1996 vero
3381 1953 3490 1992 non

1915 2061 1992 2115 ait
2013 2073 2109 2115 eos
2142 2055 2211 2110 ab
2241 2053 2310 2109 iis
2329 2053 2422 2123 qui
2447 2047 2686 2104 oderunt
2712 2041 2985 2112 accipere,
3017 2033 3219 2102 scd,de
3243 2047 3301 2086 re
3333 2043 3494 2084 sacra

1916 2151 2240 2215 comedere;
2281 2153 2345 2201 ut
2378 2155 2554 2212 neque
2587 2137 2695 2193 illis
2719 2133 2815 2206 qui
2849 2129 3091 2186 oli‘erunt
3124 2126 3180 2181 id
3207 2124 3342 2179 vitio
3370 2135 3497 2175 ver-

1916 2254 2089 2311 tatur,
2115 2255 2297 2312 neque
2334 2236 2428 2308 qui
2467 2233 2720 2288 tribuunt
2747 2225 3070 2282 eli‘erantur.

1994 2358 2013 2390 ‹
2054 2303 2161 2403 Qui
2197 2303 2367 2388 altari
2393 2321 2732 2383 deserviunt,
2765 2330 2893 2372 cum
2938 2309 3103 2366 altari
3139 2303 3498 2379 participant.

1919 2429 1997 2484 Ita
2027 2435 2080 2483 et
2105 2424 2370 2481 Dominus
2390 2413 2669 2473 ordinavit
2691 2410 2761 2466 iis
2785 2405 2880 2478 qui
2903 2400 3261 2474 Evangelium
3295 2407 3507 2449 annun-

1920 2522 2084 2588 tiant,
2125 2517 2192 2573 de
2223 2509 2518 2582 Evangelio
2543 2505 2752 2560 vivere.
2789 2517 2809 2551 ν

1991 2697 2129 2751 Nam
2161 2705 2283 2762 quae
2322 2681 2505 2742 oblata
2535 2688 2717 2744 erant,
2768 2691 2880 2732 non
2924 2674 3041 2744 jam
3091 2668 3160 2724 ad
3211 2665 3508 2721 oﬂercntcs

1925 2754 2297 2862 pertinebant,
2331 2778 2425 2834 sed
2473 2774 2542 2830 ad
2581 2769 2844 2841 templum
2875 2773 2932 2821 et
2966 2763 3160 2818 altare.
3211 2754 3350 2810 lllud
3407 2768 3509 2806 au-

1927 2843 2058 2946 ictu,
2089 2891 2198 2933 una
2225 2871 2571 2943 participant,
2603 2879 2715 2919 non
2743 2858 3005 2931 aequalem
3035 2851 3247 2908 indicat
3279 2843 3510 2917 partici-

1930 2965 2232 3047 pationem,
2263 2964 2358 3022 sed
2408 2936 2846 3017 consolationem
2889 2962 3015 3021 quae
3046 2960 3116 3001 ex
3160 2940 3350 2997 debito
3399 2936 3512 2991 illis

1930 3063 2274 3120 adhibeatur.

2005 3151 2176 3208 Vens.
2208 3146 2298 3202 l5.
2349 3163 2368 3196 ι
2407 3142 2522 3213 Ego
2561 3145 2745 3193 autem
2793 3131 2945 3188 nullo
2974 3128 3176 3183 horum
3203 3134 3339 3177 usus
3367 3129 3516 3172 sum.

1936 3247 2056 3303 Non
2090 3251 2273 3299 autem
2301 3233 2500 3305 scripsi
2532 3232 2648 3285 haec
2677 3227 2752 3281 ita
2781 3231 2842 3279 ut
2877 3223 3008 3276 [iant
3033 3218 3089 3272 in
3115 3228 3222 3270 me.
3259 3229 3279 3262 ι

2003 3297 2162 3393 Acvsi
2185 3297 2434 3387 diceret;
2468 3322 2604 3378 Cum
2643 3318 2802 3389 plura
2831 3311 2966 3368 mihi
3001 3304 3248 3376 exempla
3281 3297 3520 3356 faculta-

1939 3441 2047 3487 tem
2079 3430 2221 3482 hanc
2266 3424 2554 3479 asserunt;
2586 3418 2715 3482 puta
2752 3403 2970 3467 militis,
3017 3395 3300 3469 agricolae,
3334 3397 3523 3462 pasto-

1939 3525 2038 3589 ris,
2064 3515 2460 3590 apostolorum,
2501 3523 2568 3562 ex
2610 3505 2750 3573 lege,
2779 3514 2845 3554 ex
2873 3497 2944 3551 iis
2971 3506 3095 3564 quae
3130 3503 3232 3544 nos
3261 3496 3394 3553 erga
3421 3493 3524 3534 vos

1940 3571 2322 3687 praestitimus,
2362 3612 2592 3674 quaeque
2616 3571 2718 3650 vos
2740 3583 3058 3649 contulistis
3088 3580 3232 3643 aliis,
3262 3571 3525 3632 sacerdo-

2648 3686 2657 3687 '
2856 3679 2891 3687 "
2995 3675 3006 3686 '
3060 3673 3070 3684 '
3161 3666 3279 3687 V'LH
3324 3664 3522 3687 l—n-Ilm

1943 3664 2058 3763 [um
2094 3705 2247 3766 item,
2279 3699 2392 3752 imo
2415 3700 2470 3748 et
2501 3686 2820 3744 mandatum
2856 3673 3112 3740 Domini;
3144 3666 3284 3725 nihil
3324 3664 3525 3718 horum

1945 3813 2033 3853 me
2063 3753 2308 3865 pellexit,
2343 3792 2404 3840 ut
2435 3794 2600 3852 quam
2636 3774 2770 3832 mihi
2806 3772 2980 3842 legem
3015 3758 3316 3837 praestitui,
3352 3753 3530 3812 viola-

1947 3903 2089 3954 rem,
2124 3892 2180 3940 et
2212 3877 2420 3950 aliquid
2449 3873 2785 3943 acciperem.

2024 3999 2042 4031 ι
2076 3946 2427 4030 Bonum—est
2471 3963 2618 4020 enim
2672 3955 2806 4014 mihi
2836 3950 3011 4022 magis
3045 3947 3210 4011 mori,
3265 3956 3430 4015 quam
3472 3946 3536 3996 ut

1949 4068 2178 4143 gloriam
2214 4074 2392 4118 meam
2414 4055 2540 4128 quis
2573 4053 2822 4116 evacuet.
2856 4063 2874 4096 ι

2022 4161 2188 4216 Fame
2218 4154 2404 4226 potius
2434 4127 2680 4204 interire
2710 4135 2989 4210 elegerim,
3037 4127 3240 4200 inquit,
3275 4138 3443 4196 quam
3474 4129 3536 4175 ut

1421 4213 1624 4251 ἠιμψι
1664 4213 1693 4249 ιι
1736 4213 1832 4230 υνν-

1421 4267 1494 4328 Εὗ
1525 4271 1603 4337 δὲ,
1661 4268 1756 4324 καὶ
1793 4267 1832 4322 1i

1955 4250 2174 4311 coronis
2210 4245 2332 4301 istis
2379 4235 2669 4295 excidam»
2713 4229 2859 4285 Bene
2890 4238 3044 4288 vero,
3083 4219 3336 4293 gloriam,
3369 4213 3532 4276 dixit,

2271 4336 2280 4337 ί
2734 4322 2747 4337 ·
2815 4321 2848 4337 οι
2873 4320 2884 4330 ·
2920 4319 3094 4337 ἀμ’----μ
3134 4319 3274 4337 -..ι-..ι
3303 4309 3509 4337 sum...“

1955 4359 2066 4402 non
2091 4355 2222 4398 vero
2258 4336 2441 4399 linem,
2467 4345 2571 4385 nec
2603 4322 2751 4397 quod
2782 4320 2888 4378 sibi
2919 4319 3098 4374 visum
3129 4319 3279 4370 esset
3303 4309 3532 4365 bonum.

1955 4438 2035 4494 Ne
2071 4433 2219 4491 enim
2247 4425 2520 4500 quispiam
2551 4419 2783 4481 diceret,
2820 4425 2947 4468 eum
2980 4409 3089 4463 hoc
3117 4405 3338 4476 quidem
3376 4399 3539 4455 modo

1962 4546 2022 4589 se
2059 4497 2281 4601 gerere,
2313 4527 2368 4574 at
2400 4530 2510 4572 non
2539 4508 2703 4568 hilari
2761 4504 2971 4568 animo,
3010 4499 3114 4556 sed
3163 4498 3432 4552 mcerente
3486 4497 3542 4546 et

1963 4583 2344 4696 geniebundo;
2381 4609 2592 4665 idcirco
2639 4607 2702 4658 ut
2747 4595 2928 4670 gaudii
2968 4592 3056 4650 sui
3097 4583 3540 4658 exsuperantiam

2663 4693 2672 4696 _
2765 4690 2777 4696 _
2917 4686 2928 4696 _
3061 4682 3083 4696 ,,
3274 4690 3382 4696 nm
3426 4673 3510 4696 ΔΛ

1964 4673 2021 4772 ἓι
2048 4673 2477 4782 magnitudinem
2507 4690 2812 4753 alacritatis
2844 4686 3025 4760 palam
3061 4679 3247 4747 faciat,
3272 4690 3387 4733 rem
3423 4673 3542 4744 glo-

1967 4806 2063 4862 rite
2093 4798 2319 4858 nomine
2347 4793 2650 4860 nuncupat.

2239 4888 2325 4944 16.
2361 4904 2379 4937 ι
2401 4853 2552 4938 Nam'
2569 4878 2616 4935 si
2654 4869 3128 4946 evangelizavero,
3158 4875 3270 4917 non
3290 4864 3378 4915 est
3411 4853 3549 4911 mihi

1970 4985 2169 5061 gloria.
2201 4976 2519 5037 Necessitas
2557 4968 2707 5027 enim
2750 4963 2888 5021 mihi
2917 4955 3211 5016 incumbit.
3240 4951 3334 5009 Vat
3365 4955 3549 5006 autem

1973 5077 2105 5134 mihi
2137 5074 2186 5131 si
2217 5086 2328 5127 non
2355 5062 2827 5136 evangelizavero.
2862 5073 2880 5105 ι

2045 5129 2164 5225 iloc
2227 5165 2341 5229 ait,
2408 5129 2526 5214 non
2575 5152 2736 5226 quasi
2791 5145 2976 5218 majus
3036 5135 3249 5211 aliquid
3297 5133 3372 5190 sit
3435 5129 3555 5186 sine

1977 5270 2200 5334 sumptu
2229 5253 2558 5329 praedicare,
2591 5258 2758 5318 quam
2784 5235 3173 5308 evangelizare
3214 5247 3229 5283 :
3271 5224 3371 5283 sed
3407 5220 3553 5291 quod

1979 5313 2388 5417 illud-aliunde
2435 5313 2672 5411 amplius
2721 5330 2932 5405 aliquid
2973 5327 3157 5383 habet.
3190 5319 3380 5417 V.gr-.,
3423 5313 3557 5416 illud

1981 5449 2204 5524 quidem
2258 5443 2593 5513 praeceptum
2620 5435 2738 5494 est;
2787 5425 2890 5480 hoc
2917 5435 3052 5477 vero
3094 5428 3228 5472 mete
3261 5405 3558 5466 voluntatis

3022 5509 3352 5524 θ-κ--Α-ι---ιι
3401 5495 3535 5524 nunc

294 5495 592 5551 ἐπίταγμα,
623 5495 685 5532 το
713 5495 770 5529 οε
800 5495 898 5544 της
922 5495 1066 5540 εμης
1101 5495 1477 5537 τιιρυυιψευςωη,
1509 5495 1832 5528 "unum...

294 5573 361 5625 Ἀ
398 5569 498 5641 μὲν
530 5565 643 5637 γὰρ
675 5562 816 5633 ὑπὲρ
867 5558 967 5630 τὴν
1009 5552 1233 5623 ἐντολὴν
1264 5551 1498 5619 γίνεται,
1548 5545 1718 5600 πολὺν
1757 5544 1832 5614 ἔχε

1983 5495 2067 5601 ιίει
2121 5495 2380 5594 ofﬁcium.
2434 5526 2568 5582 Nam
2624 5532 2747 5591 quae
2801 5525 2969 5584 supra
3019 5509 3356 5578 praeceptum
3400 5495 3559 5558 ﬁunt,

2275 5620 2473 5641 ¹’¹·⁸·-⁶
2522 5608 2831 5641 “’““ηοι¹οηι
2879 5621 2892 5635 ο
2937 5613 3061 5641 mla!
3089 5601 3270 5641 autem
3307 5605 3375 5641 ex
3425 5599 3559 5641 [πω-

297 5639 491 5734 μισθόν
513 5675 527 5690 ⁸
561 5658 600 5713 ἂ
627 5657 686 5711 δέ
715 5656 774 5710 ἐν
809 5651 1030 5722 ἐντολῆς
1057 5648 1232 5714 τάξει,
1285 5644 1346 5697 οὐ
1393 5641 1672 5697 τοσοῦτον.
1704 5639 1869 5692 Ὥστε

294 5731 436 5809 πατά
470 5751 632 5806 τοῦτό
665 5764 854 5819 φησιν,
890 5743 952 5799 τὸ
977 5741 1052 5813 μὴ
1095 5737 1400 5808 λαμϐάνειν
1435 5731 1531 5788 τοῦ
1589 5731 1870 5801 εὐαγγελί-

301 5843 496 5900 σασθαι
548 5839 710 5894 πλέον
750 5833 891 5891 εἶναι
922 5833 1021 5887 οὐκ
1057 5828 1222 5900 αὐτὴν
1255 5825 1348 5880 τοῦ
1405 5823 1727 5895 πράγματος
1761 5823 1861 5886 τὴν

1986 5641 2237 5700 magnam
2275 5620 2480 5676 habent
2522 5608 2833 5668 mercedem
2879 5621 2894 5658 :
2937 5613 3061 5670 qua:
3089 5601 3270 5650 autem
3307 5605 3375 5644 ex
3425 5599 3563 5658 prae-

1989 5676 2170 5794 cepto,
2197 5716 2536 5772 nontantam
2567 5723 2580 5758 :
2612 5700 2858 5767 adeoque
2889 5687 3189 5748 secundum
3221 5683 3361 5737 hanc
3394 5676 3561 5736 ratio-

1991 5777 2140 5881 nein,
2173 5805 2369 5879 inquit,
2416 5796 2552 5856 nihil
2588 5791 2716 5850 inde
2760 5785 3011 5857 accipere
3042 5777 3220 5848 majus
3251 5780 3355 5835 cst,
3399 5780 3562 5839 quam
