3972 6452
370 433 486 508 639·
1574 453 1635 513 s.
1675 434 1996 514 JOANNIS
2034 453 2463 513 DAMASCENI
3529 451 3645 514 διο

367 555 724 627 Evangelium
788 561 1131 632 praedicare;
1194 565 1413 622 tametsi
1482 581 1592 620 non
1645 567 1981 628 secundum.

2112 567 2245 622 iatv'
2285 571 2338 622 τί
2369 568 2478 640 γὰρ
2502 567 2598 623 τοῦ
2642 569 2879 640 κηρύξαι
2927 570 3116 635 ἴσον,ὃ
3171 569 3266 622 καὶ
3318 566 3455 637 πρὸς
3505 567 3640 626 τοὺς

371 658 624 704 naturam
679 667 884 707 rerum.
928 654 1138 728 Ecquid
1183 659 1330 714 enim
1371 661 1778 729 prmtlicationis
1827 677 1946 714 mu-

2112 660 2326 729 γγέλους
2349 663 2496 733 ἡμᾶς
2525 661 2858 731 ἁμιλλᾶσθαι
2879 665 3053 727 ποιεῖ;
3093 660 3236 713 Ἀλλ’
3265 659 3415 729 ὅμως
3449 657 3644 727 ἐπειδὴ

373 741 493 795 neri
546 742 657 810 92
714 749 1028 814 comparari
1061 757 1264 818 queat,
1311 751 1460 820 quod
1505 751 1640 806 facit
1682 766 1783 807 nos
1821 767 1945 807 cum

2112 772 2120 804 ι
2149 754 2249 822 μὲν
2287 755 2572 825 ἐπίταγμά
2601 757 2720 810 ἐστι
2774 755 2870 810 καὶ
2902 755 3094 826 όφειλή
3116 771 3130 786 ·
3165 751 3228 806 τὸ
3268 753 3325 806 δὲ
3375 749 3648 822 προαιρέ-

373 831 622 900 ipsismet
679 837 890 904 angelis
931 842 1179 897 certare?
1228 840 1653 909 Verumtamen,
1699 844 1954 914 quando-

2112 863 2199 910 ;ως
2227 846 2528 918 φιλοτιμία,
2562 848 2708 903 κατὰ
2733 849 2892 903 τοῦτο
2927 846 3077 919 αὐτῷ
3105 845 3167 900 τὸ
3205 843 3282 917 μὴ
3313 841 3646 915 λαμδάνεινι

371 921 594 991 quidem
625 925 731 979 hoc
761 927 938 995 jussio
979 939 1064 986 est
1104 943 1158 987 et
1207 933 1477 1001 debitum,
1515 934 1647 989 illud
1685 950 1816 990 vero
1845 950 1960 989 am-

2112 938 2224 993 λέον
2245 956 2299 992 τι
2337 938 2432 994 τοῦ
2464 941 2758 1012 κηρύττειν
2793 941 2932 1014 ἔχει.

372 1013 522 1071 bitus
564 1017 894 1086 voluntatis;
934 1022 1276 1092 aliquantum
1309 1024 1760 1094 praedicationem
1815 1041 1958 1097 prae-
2763 1043 2794 1056 ί

372 1108 546 1172 cellit,
570 1110 704 1164 nihil
741 1113 1064 1183 accipiendo
1103 1117 1424 1186 praedicare.

452 1197 613 1255 Vens.
647 1203 734 1268 l7,
775 1204 860 1260 18.
892 1205 948 1260 Si
973 1207 1120 1260 enim
1145 1209 1336 1264 volens
1366 1210 1471 1265 hoc
1496 1225 1620 1282 ago,
1652 1209 1963 1266 mercedem

2142 1230 2159 1263 ι
2199 1212 2262 1265 Εἰ
2294 1214 2402 1282 γὰρ
2437 1215 2581 1269 ἐκὼν
2600 1215 2758 1266 τοῦτο
2788 1214 3040 1283 πράσσω,
3081 1209 3274 1282 μισθὸν
3315 1207 3446 1278 ἐχω.
3487 1205 3552 1258 Et
3583 1204 3654 1257 δὲ

377 1288 599 1346 habeo:
634 1294 682 1348 si
734 1304 914 1350 autem
964 1297 1139 1353 invito
1193 1299 1538 1368 dispensatio
1585 1301 1720 1354 mihi
1757 1298 1964 1354 credita

2112 1319 2212 1355 κων
2234 1303 2549 1373 οἰκονομίαν
2589 1302 2984 1374 πεπίστευμαι,
3028 1301 3112 1365 τίς
3167 1294 3262 1353 οὖν
3291 1297 3382 1369 μοί
3430 1296 3582 1347 ἐστιν
3618 1293 3650 1344 ὁ

377 1389 464 1438 est
487 1401 502 1450 ;
530 1400 651 1453 qua:
676 1387 917 1458 estergo
938 1404 1152 1447 merces
1175 1393 1328 1446 mea?
1355 1401 1415 1448 ut
1440 1392 1796 1464 Evangelium
1828 1406 1968 1461 prae-

2113 1393 2300 1459 ισθός;
2349 1394 2436 1446 ἵνα
2484 1393 2994 1465 εὐαγγελιζόμενος,
3047 1393 3324 1447 ἀδάπανον
3379 1388 3531 1459 θήσω
3581 1384 3650 1438 τέ

379 1471 572 1529 dicans
630 1467 751 1532 sine
798 1488 1022 1550 sumptu
1064 1496 1261 1551 ponam
1311 1481 1691 1553 Evangelium,
1745 1493 1805 1537 ut
1857 1497 1966 1536 non

2114 1482 2401 1551 ύαγγέλιον
2433 1483 2527 1536 τοῦ
2567 1483 2831 1555 Χριστοῦ,
2859 1486 2937 1548 εἱς
2975 1483 3035 1536 τὸ
3076 1482 3153 1556 μὴ
3186 1478 3652 1552 καταχρήσασθαι

381 1564 581 1621 abutar
622 1577 893 1638 potestate
933 1587 1052 1627 mea
1096 1572 1149 1626 in
1183 1573 1501 1644 Evangelio.
1533 1593 1551 1626 ι

2112 1574 2133 1644 ᾗ
2169 1573 2387 1645 ἐξουσίᾳ
2424 1591 2525 1644 μου
2555 1576 2612 1628 ἐν
2644 1574 2722 1646 τῷ
2753 1575 3089 1646 Εύαγγελίῳ.
3131 1594 3149 1627 ι

453 1655 630 1713 Voces
658 1659 800 1726 istm,
845 1662 1042 1729 volens,
1084 1671 1160 1727 et,
1214 1665 1432 1730 invitus,
1489 1665 1556 1719 ad
1610 1679 1722 1720 rem
1779 1679 1972 1736 aggre-

2140 1667 2234 1734 Τὸ,
2273 1667 2428 1720 ἑκὼν
2451 1667 2546 1721 καὶ
2577 1667 2757 1734 ἄκων,
2799 1669 2892 1722 ἐπὶ
2923 1669 2984 1721 τὸ
3008 1664 3406 1738 ἐγχειρεῖσθαι,
3437 1663 3533 1717 καὶ
3571 1663 3654 1732 μὴ

383 1747 641 1803 diendam
673 1752 758 1806 vel
783 1767 891 1807 non
939 1755 1363 1823 aggrediendam
1395 1756 1735 1811 referuntur.
1768 1755 1971 1810 Eodem

2112 1757 2444 1827 γχειρεῖσθαι
2482 1759 2772 1829 λαμϐάνει.
2799 1759 2954 1814 Οὕτω
3002 1759 3097 1814 καὶ
3152 1757 3235 1825 τὸ,
3283 1756 3515 1826 ἀνάγκη
3542 1767 3653 1823 μοι

384 1851 603 1906 quoque
645 1841 810 1904 modo
859 1842 1280 1913 intelligendum
1319 1853 1407 1900 est
1446 1845 1617 1911 istud,
1663 1843 1969 1899 Necessitas

2112 1851 2384 1914 πίκειται,
2406 1852 2646 1922 νοητέονο
2676 1853 2774 1923 οὐχ
2793 1851 2867 1915 ὡς
2887 1852 3112 1916 ἄκοντός
3134 1870 3187 1904 τι
3206 1850 3400 1904 τούτου
3435 1845 3658 1902 ποιοῢνο

386 1932 516 1986 milu'
557 1934 865 1988 incumbit:
915 1951 1024 1991 non
1072 1939 1234 2008 quasi
1297 1940 1505 1995 invitus
1549 1947 1674 2011 agat
1733 1940 1965 2011 aliquid,

2112 1960 2186 2007 ος,
2219 1943 2336 1996 ἀλλ’
2367 1944 2444 2008 ὡς
2474 1944 2780 1998 ὑπευθύνου
2809 1945 2964 2008 ὄντος
3007 1947 3119 2008 τοῖς
3150 1941 3495 2012 ἐπιταχθεῖσι
3519 1955 3532 1968 ·
3566 1934 3654 1988 διδ

384 2022 482 2078 sed
511 2025 658 2092 quod
693 2025 973 2082 obnoxius
1008 2029 1081 2083 sit
1113 2029 1274 2098 jussa
1307 2039 1590 2100 pra-stare.
1623 2031 1968 2102 Quapropter

2112 2033 2172 2087 ὒκ
2204 2029 2379 2100 εἶπεν,
2416 2035 2465 2086 εἰ
2491 2034 2548 2086 δέ
2577 2034 2726 2088 ἄκων
2757 2036 2858 2089 οὐκ
2884 2035 2991 2106 ἔχω
3024 2033 3238 2103 μισθὸν,
3269 2031 3386 2086 ἀλλ’
3419 2033 3654 2085 οίκονο-

384 2128 499 2168 non
532 2116 677 2170 dixit
713 2134 726 2170 :
760 2117 816 2172 Si
852 2126 1035 2174 autem
1060 2121 1266 2176 invitus
1293 2123 1599 2177 mercedem
1627 2139 1738 2178 non
1773 2125 1965 2189 habeo.

2112 2124 2218 2178 ίαν
2267 2124 2688 2194 πεπίστευμαι,
2729 2127 2946 2190 δεικνὺς
2976 2128 3058 2179 ὅτι
3090 2125 3184 2178 καὶ¹
3213 2123 3378 2187 αὐτὸς
3409 2122 3524 2192 ἔχει
3555 2140 3656 2192 μι-

386 2205 484 2259 sed
515 2223 527 2259 :
563 2205 738 2260 Invito
764 2209 1094 2277 dispensatio
1132 2213 1261 2266 mihi
1294 2214 1500 2267 credita
1534 2215 1970 2276 est;ostendcns

388 2297 652 2352 nimirum
720 2301 871 2370 quod
936 2305 1246 2360 mercedem
1297 2315 1350 2360 et
1407 2307 1523 2375 ipse
1581 2308 1812 2372 habeat;
1874 2308 1970 2364 sed

388 2397 651 2457 quantam
676 2391 764 2447 ille
790 2394 883 2462 qui
915 2404 1246 2465 praeceptum
1274 2397 1623 2466 exsequitur,
1645 2414 1754 2453 non
1792 2413 1970 2468 quan-

389 2486 499 2533 tam
541 2480 586 2535 is
611 2483 704 2550 qui
727 2499 790 2538 ex
827 2485 1012 2555 seipso
1034 2487 1236 2541 nititur
1261 2489 1502 2558 operari,
1528 2496 1582 2543 et
1616 2503 1783 2559 supra
1807 2503 1971 2559 quam

390 2572 732 2642 pracipitur,
760 2574 915 2631 facit.

461 2659 743 2728 Vens,19.
783 2684 801 2717 ι
840 2666 975 2725 Nam
1017 2683 1141 2724 cum
1189 2670 1331 2726 liber
1365 2686 1542 2727 essem
1576 2671 1644 2726 ab
1689 2673 1971 2737 omnibus,

387 2753 636 2807 omnium
678 2744 765 2810 me
802 2772 1020 2814 servum
1053 2760 1180 2825 feci,
1214 2770 1273 2816 ut
1296 2762 1483 2831 plures
1517 2762 1922 2819 lucrifaccrcm.
1951 2782 1970 2816 ›

461 2842 935 2916 Superjectioncm
1003 2854 1167 2907 aliam
1231 2855 1430 2909 iterum
1491 2859 1664 2935 ponitt
1719 2855 1974 2928 Magnum

386 2937 592 3006 quippe
622 2948 729 3006 est,
772 2957 880 2995 non
915 2946 1167 3014 accipere
1202 2965 1214 2999 :
1259 2946 1474 3016 hocque
1528 2949 1689 3018 longe
1742 2959 1977 3019 praesta-

388 3025 559 3082 bilius
596 3037 684 3083 est
716 3030 912 3087 altero.
945 3033 1088 3099 Quid
1120 3051 1252 3090 vero
1291 3036 1424 3091 illud
1453 3046 1538 3092 est
1573 3040 1718 3108 quod
1750 3039 1840 3093 hic
1866 3039 1980 3094 ait?

391 3115 511 3171 Non
547 3119 724 3174 solum
751 3138 862 3177 non
895 3126 1109 3195 accepi,
1143 3143 1322 3197 neque
1362 3145 1497 3185 usus
1529 3144 1649 3184 sum
1679 3137 1977 3200 potestate,

394 3208 489 3265 sed
517 3218 573 3265 et
624 3228 710 3268 me
744 3213 864 3284 ipse
913 3231 1132 3272 servum
1185 3219 1308 3285 feci,
1346 3235 1558 3290 magnae
1590 3229 1645 3277 et
1684 3222 1977 3292 multiplici

393 3302 659 3357 servitudi
703 3321 790 3360 me
825 3308 1193 3378 mancipando
1224 3328 1236 3363 :
1285 3327 1598 3382 quanquam
1629 3312 1709 3367 sic
1740 3328 1827 3367 me
1863 3328 1982 3368 ser-

392 3405 522 3447 vum
557 3394 681 3461 feci,
719 3407 779 3453 ut
831 3408 1015 3456 tamen
1055 3403 1207 3458 nulla
1246 3404 1300 3457 in
1356 3419 1414 3458 re
1472 3405 1681 3460 nemini
1727 3405 1982 3462 subditus

394 3498 597 3553 essem,
637 3504 740 3545 nec
773 3493 1163 3548 necessitatem
1199 3505 1443 3565 paterer.
1483 3495 1600 3551 Hoc
1629 3498 1776 3552 enim
1809 3497 1984 3570 signi-

395 3574 525 3631 ﬁcat
557 3577 686 3633 dum
720 3583 797 3636 ait
832 3601 847 3636 :
881 3582 1014 3638 Cum
1072 3586 1205 3640 liber
1245 3603 1413 3641 essem
1444 3587 1510 3641 ab
1563 3588 1826 3644 omnibus.
1875 3590 1984 3660 Ipsi

395 3664 540 3720 enim
577 3669 886 3737 injunctum
921 3672 1200 3728 duntaxat
1231 3687 1349 3729 erat
1383 3677 1720 3746 praedicandi
1760 3694 1986 3742 munus,

2076 2213 2223 2279 σθὸν,
2255 2213 2394 2268 ἀλλὰ
2420 2215 2664 2270 τοιοῦτον
2706 2211 2818 2272 οἷον
2851 2218 2880 2270 ὁ
2917 2217 2978 2269 τὸ
3019 2215 3304 2286 ἐπίταγμα
3360 2213 3656 2280 ἐξανύσας,

2074 2307 2172 2376 οὐχ
2201 2301 2312 2360 οἷον
2353 2309 2561 2373 ἐκεῖνος
2613 2309 2679 2362 ἐκ
2720 2309 2830 2362 τῶν
2878 2306 3075 2361 ἐαυτοῦ
3125 2305 3653 2377 φιλοτιμησάμενος,

2076 2402 2170 2453 καὶ
2204 2401 2453 2474 ὑπερϐὰς
2482 2402 2543 2454 τὸ
2570 2402 2876 2471 ἐπίταγμα.

2156 2688 2175 2721 ι
2221 2668 2538 2740 Ἐλεύθερος
2589 2669 2696 2741 γὰρ
2725 2669 2801 2722 ὢν
2847 2669 2913 2723 ἐκ
2941 2669 3182 2734 πάντων,
3212 2667 3380 2721 πᾶσιν
3420 2661 3670 2735 ἐμαυτὸν

2077 2763 2369 2828 ἐδούλωσα,
2404 2763 2493 2815 ἵνα
2519 2763 2647 2826 τοὺς
2683 2762 2932 2825 πλείονας
2969 2762 3236 2832 κερδήσω.
3279 2776 3297 2810 ι

2147 2855 2319 2908 Πάλιν
2361 2854 2530 2926 ἄλλην
2574 2853 2788 2922 τίθησιν
2841 2853 3172 2924 ὑπερϐολήν.
3221 2850 3384 2919 Μέγα
3417 2848 3514 2920 μὲν
3543 2845 3660 2919 γὰρ

2079 2944 2175 2998 καὶ
2202 2944 2263 2996 τὸ
2290 2943 2365 3014 μὴ
2397 2944 2585 2998 λαϐεῖν
2607 2961 2620 2975 ο
2655 2943 2815 2998 τοῦτο
2845 2945 2902 2998 δὲ
2923 2944 3058 2998 πολὺ
3091 2943 3276 3014 μεῖζον
3310 2943 3547 2996 ἐκείνου.
3591 2939 3667 2992 Τί

2078 3035 2137 3090 δέ
2169 3037 2316 3090 ἐστιν
2347 3035 2376 3088 δ
2414 3034 2610 3105 φησίν;
2653 3035 2779 3088 Ὅτι
2821 3035 2883 3088 οὐ
2924 3034 3086 3104 μόνον
3139 3033 3243 3086 οὐκ
3295 3030 3492 3085 ἔλαϐον
3535 3025 3668 3083 οὐδὲ

2081 3127 2406 3198 ἐχρησάμην
2426 3129 2494 3198 τῇ
2523 3125 2766 3199 ἐξουσίᾳ,
2799 3125 2936 3179 ἀλλὰ
2967 3125 3061 3178 καὶ
3094 3123 3372 3177 ἐδούλωσα
3397 3120 3666 3192 ἐμαυτὸν,

2083 3221 2177 3274 καὶ
2223 3220 2472 3274 δουλείαν
2524 3217 2770 3290 μεγάλην
2821 3218 2917 3271 καὶ
2952 3214 3338 3285 παντοδαπήνο
3378 3212 3474 3267 καὶ
3506 3210 3660 3263 ἐδού-

2083 3312 2234 3365 λωσα
2261 3309 2622 3381 ὑποκείμενος
2653 3308 2832 3362 οὐδενὶ
2861 3307 2983 3360 κατ’
3013 3305 3188 3369 οὐδὲν,
3241 3303 3366 3358 ούδέ
3405 3302 3664 3369 ἀνάγκην

2087 3403 2248 3473 ἔχων.
2273 3401 2446 3454 Τοῦτο
2469 3401 2579 3472 γάρ
2608 3401 2725 3454 ἐστι
2757 3399 2818 3452 τὸ
2846 3398 3162 3465 ἐλεύθερος
3190 3392 3276 3449 ὢν
3296 3393 3365 3448 ἐκ
3396 3391 3664 3447 πάντων.

2087 3495 2200 3548 Καὶ
2228 3494 2338 3566 γὰρ
2368 3493 2606 3566 κηρύξαι
2648 3493 2809 3564 μόνον
2837 3492 3188 3555 ἐπετάττετο,
3233 3487 3328 3542 καλ⁵
3355 3481 3662 3552 καταγγέλυ

2089 3587 2204 3640 λειν
2230 3585 2301 3640 τὰ
2330 3585 2734 3656 ἐμπιστεύοντα
2758 3601 2773 3614 ·
2807 3585 2868 3638 τδ
2910 3584 2967 3638 δέ
3011 3583 3179 3654 μυρία
3220 3575 3648 3652 μηχανήσασθαι

2092 3675 2191 3730 καὶ
2215 3676 2475 3742 ἐπινοεῖν,
2501 3675 2688 3729 λοιπὸν
2713 3673 2815 3744 τῆς
2847 3673 3060 3727 ἐκείνου
3085 3671 3324 3741 σπουδῆς
3344 3663 3434 3740 ἦν.

395 3765 451 3809 οι
479 3760 846 3816 ammntiandi
893 3779 1017 3832 quae
1045 3764 1149 3818 sibi
1181 3767 1391 3820 credita
1442 3775 1630 3824 essent
1670 3787 1683 3825 :
1719 3779 1982 3826 sexcenta
2055 3782 2184 3824 vero
2231 3767 2414 3822 moliri
2481 3773 2537 3822 et
2583 3766 2918 3836 excogitare,
2973 3764 3080 3818 hoc
3135 3761 3204 3817 ab
3255 3759 3432 3829 ipsius
3480 3751 3675 3811 studio

397 3847 874 3917 proﬁciscebatur.

470 3941 641 3998 Vens.
675 3944 766 4001 20.
817 3965 836 3998 ι
880 3947 946 4002 Et
1000 3947 1180 4005 factus
1238 3966 1358 4005 sum
1411 3951 1652 4022 Iudaeis,
1716 3964 1978 4028 tanquam

399 4034 644 4102 Judaeus,
680 4046 737 4092 ut
763 4037 981 4097 Iudaeos
1022 4042 1427 4100 lucrifacerem.
1459 4065 1478 4098 ι

471 4129 757 4195 Quomodo
786 4147 921 4188 vero
955 4133 1132 4191 factus
1162 4143 1265 4202 est,
1303 4138 1406 4193 nisi
1434 4139 1653 4209 quando
1687 4140 1980 4196 circumci-

403 4220 484 4276 dit
542 4221 911 4289 Timotheum,
971 4235 1031 4280 ut
1082 4229 1569 4285 circumcisionem
1627 4231 1870 4286 aboleret
1907 4231 1982 4280 "'3

403 4311 748 4382 Quapropter
776 4331 886 4371 non
939 4317 1097 4386 dixit,
1149 4317 1394 4387 Iudaeus,
1438 4323 1532 4378 sed
1590 4333 1842 4393 tanquam
1885 4322 1990 4377 Ju-

403 4403 572 4459 dwus.
605 4406 720 4462 Hoc
758 4410 904 4464 enim
940 4427 1091 4467 mera
1122 4414 1464 4483 dispensatio
1497 4423 1639 4470 erat.

475 4492 643 4555 vm.
681 4503 772 4568 21,
801 4502 891 4557 22.
930 4523 948 4556 ι
986 4503 1054 4560 lis
1076 4508 1170 4575 qui
1213 4507 1320 4562 sub
1341 4509 1458 4578 lege
1498 4516 1652 4570 sunt,
1684 4508 1844 4578 quasi
1883 4509 1987 4563 sub

405 4588 524 4657 lege
556 4605 736 4646 essem
774 4593 920 4661 (cum
942 4593 1083 4663 'ipse
1123 4611 1231 4650 non
1262 4612 1443 4653 essem
1483 4597 1586 4652 sub
1621 4597 1852 4668 lege).ut
1891 4611 1988 4653 eos

406 4679 502 4748 qui
529 4680 632 4735 sub
661 4682 778 4752 lege
799 4691 958 4738 erant
985 4685 1392 4742 lucrifacerem.
1435 4706 1453 4738 ι

480 4770 713 4836 Quando
739 4789 954 4830 comam
993 4778 1154 4842 rasit,
1188 4777 1414 4848 quando
1453 4777 1811 4833 sacriﬁcavit.
1863 4778 1987 4834 llaec

408 4875 576 4929 porro
619 4863 879 4931 iaciebat,
917 4883 1029 4923 non
1085 4869 1374 4922 immutata
1416 4868 1700 4924 voluntate
1732 4884 1852 4941 sua,
1889 4869 1985 4926 sed

409 4953 613 5006 amoris
641 4954 1002 5024 indulgentia.

486 5059 507 5092 ι
542 5042 604 5095 Et
643 5044 714 5098 iis
749 5046 842 5114 qui
897 5047 1018 5102 sine
1050 5047 1168 5117 lege
1199 5056 1380 5114 erant,
1409 5055 1671 5117 tanquam
1719 5048 1838 5104 sine
1869 5049 1986 5119 lege

411 5146 609 5198 essem,
646 5149 771 5188 cum
804 5135 925 5191 sine
958 5137 1075 5208 lege
1113 5137 1212 5193 Dei
1241 5151 1350 5192 non
1389 5153 1592 5207 essem,
1633 5140 1726 5194 sed
1759 5140 1812 5194 in
1870 5141 1987 5210 lege

410 5237 588 5278 essem
625 5224 850 5279 Christi.
887 5244 907 5276 ι

482 5311 714 5384 Exleges
745 5315 836 5370 isti
876 5331 1055 5386 neque
1081 5316 1257 5374 Judaei
1283 5328 1463 5387 erant,
1500 5335 1681 5390 neque
1720 5321 1984 5390 gentiles;

414 5405 508 5460 sed
542 5416 721 5462 tamen
744 5415 900 5462 extra
935 5409 1107 5480 legem
1135 5413 1412 5482 agebant:
1441 5412 1747 5482 cujusmodi
1773 5412 1991 5466 fuerant

377 5489 384 5495 ’
415 5496 708 5553 Cornelius
726 5505 781 5551 et
809 5497 1234 5557 Melchisedech.
1253 5499 1390 5556 Nam
1415 5501 1638 5574 quando
1666 5517 1762 5556 eos
1781 5501 1988 5565 adibat,

418 5587 588 5640 multa
609 5587 998 5646 dissimulabat
1035 5608 1156 5662 qum
1185 5594 1252 5649 ab
1285 5594 1421 5664 ipsis
1443 5601 1787 5665 gererentur.
1824 5592 1997 5646 (Iacte-

421 5693 540 5733 rum
571 5681 822 5735 nonnulli
875 5692 1132 5739 asserunt
1183 5701 1329 5751 cum,
1367 5686 1590 5757 quando
1617 5684 1772 5752 dicit,
1809 5683 1887 5738 Iis
1910 5682 2000 5753 qui

497 5856 540 5889 ⁷⁵
565 5856 687 5912 Act.
710 5875 819 5913 va.
855 5861 906 5917 5.
989 5889 992 5892 «

2165 3972 2184 4004 ι
2215 3951 2327 4005 Καὶ
2363 3949 2634 4019 ἐγενόμην
2662 3948 2776 4011 τοῖς
2825 3944 3104 4008 Ἰουδαίοις
3127 3943 3204 4006 ὡς
3265 3940 3538 4005 Ἰουδαῖος,
3580 3938 3670 3992 ἵνα

2097 4043 2383 4106 Ἰουδαίους
2427 4041 2691 4111 κερδήσω.
2736 4056 2755 4091 ι

2159 4136 2272 4188 Καὶ
2309 4133 2429 4197 πῶς
2451 4131 2688 4200 ἐγένετο,
2724 4128 2758 4198 ἢ
2785 4128 2875 4182 ὅτε
2907 4125 3238 4199 περιέτεμεν
3266 4121 3552 4194 Τιμόθεον,
3578 4121 3670 4172 ἴνα

2089 4227 2296 4298 καθέλῃ
2334 4223 2642 4296 περιτομήν
2670 4221 2806 4288 ;Διὰ
2833 4221 2995 4274 τοῦτο
3020 4219 3120 4274 οὐκ
3171 4212 3346 4280 εἶπεν,
3388 4212 3673 4276 Ἰουδαῖος,

2091 4321 2210 4375 ἀλλ’
2237 4319 2318 4386 ὡς
2370 4315 2679 4382 Ἰουδαῖος.
2705 4313 3005 4384 Οἰκονομία
3028 4312 3139 4383 γὰρ
3161 4310 3223 4364 τδ
3248 4306 3495 4379 ,πρᾶγμά
3525 4305 3671 4357 ἐστι.

2169 4515 2189 4548 ι
2225 4495 2352 4558 Τοῖς
2382 4494 2489 4550 ὑπὸ
2509 4494 2698 4564 νόμον,
2725 4493 2801 4555 ὡς
2818 4491 2925 4546 ὑπὸ
2951 4491 3136 4560 νόμον,
3173 4489 3247 4559 μὴ
3265 4487 3342 4541 ὣν
3374 4485 3535 4549 αὐτὸς
3563 4483 3674 4537 ὑπὸ

2093 4587 2281 4658 νόμον,
2311 4587 2397 4640 ἵνα
2424 4587 2552 4651 τοὺς
2585 4583 2692 4638 ὑπὸ
2718 4583 2885 4654 νόμον
2918 4581 3190 4654 κερδήσω.
3234 4597 3252 4630 ι

2167 4765 2298 4816 ’Ὀτε
2327 4761 2581 4832 ἐξύρατο,
2633 4760 2724 4813 ὂτε
2753 4757 2966 4810 ἔθυσεν.
3012 4754 3255 4823 Ἐγίνετο
3286 4751 3345 4804 δὲ
3373 4748 3570 4811 ταῦτα,
3609 4745 3678 4798 οὐ

2093 4859 2194 4930 τῆς
2224 4855 2453 4926 γνώμης
2483 4852 2651 4906 αὑτοῦ
2685 4849 3188 4922 μεταϐαλλομένης,
3225 4843 3364 4900 ἀλλὰ
3396 4842 3495 4912 τῆς
3529 4838 3676 4909 ἁγά-

2096 4967 2210 5022 πης
2237 4943 2806 5015 συγκαταϐαινούσης.

2170 5061 2189 5092 ι
2237 5041 2363 5102 Τοῖς
2409 5038 2638 5108 ἀνόμοις
2683 5036 2760 5098 ὡς
2808 5033 3045 5104 ἄνομος·
3079 5031 3155 5102 μὴ
3184 5029 3260 5084 ὢν
3300 5029 3501 5100 ἄνομος
3531 5023 3678 5096 Θεῷ,

2097 5133 2212 5190 ἀλλ’
2246 5132 2467 5203 ἔννομος
2490 5128 2732 5202 Χριστῷ.
2774 5147 2793 5180 ›

2171 5315 2235 5366 Οἱ
2265 5312 2480 5382 ἄνομοι,
2536 5309 2662 5364 οὔτε
2722 5309 2967 5362 Ἰουδαῖοι
3013 5300 3181 5377 ἦσαν,
3227 5302 3353 5356 οὔτε
3391 5302 3680 5371 Ἕλληνες,

2100 5406 2220 5461 ἀλλ’
2247 5405 2403 5469 ἐκτὸς
2431 5405 2599 5475 νόμου
2635 5402 2837 5466 ζῶντες
2861 5417 2876 5433 ⁸
2902 5393 3014 5463 οἷος
3040 5396 3108 5470 ἦν
3127 5400 3156 5451 ὁ
3188 5397 3494 5468 Κορνήλιος
3532 5395 3628 5448 καὶ
3649 5395 3683 5446 ὁ

2101 5497 2458 5569 Μελχισεδέκ.
2487 5496 2599 5550 Καὶ
2645 5494 2756 5566 γάρ
2788 5493 2928 5565 πρὸς
2968 5491 3212 5578 ἐκείνους
3235 5486 3454 5578 εἰσιὼν,
3503 5485 3684 5578 πολλὰ
3739 5571 3750 5578 _

2105 5588 2429 5660 ὑπεκρίνετο
2458 5586 2568 5640 τῶν
2593 5583 2684 5637 ὑπ’
2713 5583 2959 5636 ἐκείνων.
3002 5578 3160 5641 Τινὲς
3189 5576 3248 5630 δέ
3278 5591 3444 5644 φασιν
3463 5572 3557 5626 καὶ
3580 5570 3684 5642 τὴν

2107 5678 2214 5732 ἀπὸ
2264 5677 2358 5732 τοῦ
2400 5675 2824 5748 ἐπιγράμματος
2853 5669 2949 5725 τοῦ
2986 5670 3046 5732 ἐν
3091 5666 3170 5739 τῷ
3220 5663 3391 5738 βωμῷ
3440 5661 3687 5730 διάλεξιν
