3972 6388
202 288 298 351 641
1350 280 1432 340 ΙΝ
1474 278 1712 338 EPIST.
1741 277 1796 334 Α]

1912 274 2237 335 LORlNTH.
2276 275 2324 334 Ι.
3345 271 3460 335 64⁵).

201 395 341 466 αὐτῷ
371 393 677 464 γενομένην
718 390 857 462 πρὸς
917 387 1236 457 Ἀθηναίους
1279 387 1638 450 αἰνίττεσθαι,
1675 383 1768 438 καὶ

1912 385 1983 439 ine
2020 386 2134 453 lege
2160 391 2338 446 erant,
2371 391 2624 451 tanquam
2669 380 2780 434 sine
2832 379 2944 449 lege
2993 394 3184 445 essent,
3233 379 3468 435 innuere

201 485 395 552 λέγειν,
449 481 578 548 Τοῖς
611 481 861 549 ἀνόμοις
895 479 976 544 ὡς
1020 478 1264 546 ἄνομος,
1308 477 1420 530 Καὶ
1454 476 1542 529 ἵνα
1578 476 1653 545 μή
1689 491 1774 536 τις

1912 491 2198 532 ermonem
2237 489 2401 545 quem
2449 473 2517 527 ad
2567 472 2930 528 Athenienses
2983 472 3277 528 occasione
3322 472 3467 525 tituli

202 574 389 644 νομίσῃ
418 569 725 641 μεταϐολὴν
753 564 895 623 εἶναι
915 567 977 621 τὸ
1003 567 1259 638 πρᾶγμα.
1287 566 1386 636 Μὴ
1435 565 1522 620 ὢν
1548 565 1774 635 ἄνομος

1912 583 1985 622 ιω
2050 566 2305 636 inscripti
2369 565 2642 620 habuerat
2670 565 2738 618 ⁷⁸.
2794 563 3003 618 Deinde
3061 579 3130 618 ne
3185 561 3464 632 quispiam

205 663 368 729 Θεοῦ,
395 664 536 718 ἀλλ’
562 661 820 731 ἔννομος
844 657 1132 728 Χριστοῦ.

1912 660 2242 722 xislimaret,
2278 659 2382 713 hoc
2411 671 2535 712 esse
2565 655 2852 711 sententiae
2897 657 3257 709 mutationem
3280 693 3295 718 ,
3333 653 3467 708 sub-

1874 751 2063 824 junxit
2092 769 2104 803 :
2137 748 2271 804 Cum
2315 750 2427 804 sine
2466 748 2574 819 lege
2607 746 2706 800 Dei
2747 762 2852 799 non
2881 761 3066 810 essent,
3107 747 3199 800 sed
3241 747 3297 800 in
3350 745 3459 815 lege

1876 857 2048 895 essem
2080 840 2304 895 Christi.
2375 867 2378 870 ~

1955 947 1972 978 ι
2017 925 2088 981 Ut
2110 927 2493 984 lucrifacerem
2520 942 2615 982 eos
2631 927 2728 995 qui
2757 927 2879 982 sine
2905 927 3022 995 lege
3045 933 3224 978 erant.
3255 923 3463 979 Factus

1881 1032 2002 1072 sum
2048 1018 2304 1084 inﬁrmis,
2339 1018 2489 1074 velut
2534 1018 2808 1084 inﬁrmus,
2851 1026 2912 1071 ut
2941 1015 3193 1072 inﬁrmos
3229 1014 3464 1068 lucrifa-

1881 1120 2067 1162 CCI‘Cm
2079 1146 2092 1160 .
2117 1124 2136 1157 ι

1951 1197 2063 1268 93
2102 1195 2341 1253 Causam
2383 1195 2540 1252 aﬁ‘ert
2571 1209 2670 1250 cur
2709 1195 2790 1250 sic
2825 1194 3174 1265 indulgenter
3212 1193 3336 1248 illos
3371 1192 3468 1246 ha-

1881 1291 2086 1347 huerit.

277 957 296 990 ι
341 938 464 990 Ἵνα
513 934 764 1006 κερδήσω
812 933 1067 1002 ἀνόμους.
1113 928 1414 1000 Ἐγενόμην
1449 930 1566 991 τοῖς
1611 926 1777 982 ἀσθε-

208 1030 347 1083 νέσιν
379 1029 456 1091 ὡς
478 1026 736 1097 ἀσθενὴς,
775 1025 862 1078 ἵνα
889 1024 1018 1087 τοὺς
1052 1022 1303 1085 ἀσθενεῖς
1337 1021 1615 1091 κερδήσω.
1658 1036 1676 1069 ι

271 1204 383 1275 Τὴν
407 1202 588 1256 αἰτίαν
616 1200 719 1271 τῆς
753 1196 1215 1266 συγκαταϐάσεως
1244 1195 1416 1265 λέγει.

279 1403 298 1438 ι
337 1385 466 1447 Τοῖς
504 1383 671 1436 πᾶσιν
700 1380 902 1450 γέγονα
929 1378 998 1432 τὰ
1025 1379 1224 1444 πάντα,
1256 1376 1346 1430 ἵνα.
1386 1376 1606 1440 πάντως
1630 1375 1783 1440 τινὰς

210 1478 386 1532 σώσω.
429 1495 448 1529 ι

275 1571 395 1622 Ἵνα
425 1569 501 1640 μὴ
523 1567 646 1622 καθ’
676 1567 912 1621 ’ἑκαστον
949 1565 1124 1634 λέγων
1153 1562 1430 1636 διατρίϐῃ,
1465 1563 1546 1633 τῷ
1577 1560 1783 1632 γενικῷ

207 1665 402 1734 χρῆται
430 1661 680 1732 ὀνόματι.

1959 1401 1978 1433 ‹
2023 1379 2294 1435 Omnibus
2324 1378 2510 1434 omnia
2553 1377 2735 1433 factus
2767 1392 2912 1442 sum,
2944 1383 3006 1430 ut
3041 1375 3265 1430 omnino
3296 1389 3470 1444 quos-

1885 1471 2013 1527 dam
2044 1468 2284 1523 facerem
2314 1467 2518 1522 salvos.
2558 1484 2577 1517 ι

1955 1561 2036 1617 Ne
2074 1559 2291 1630 singula
2323 1555 2702 1629 percensendo
2758 1563 2975 1624 tempus
3027 1561 3185 1619 terat,
3222 1552 3469 1623 generali

1888 1655 2114 1710 nomine
2144 1653 2338 1707 utitur.

280 1776 300 1808 ι
339 1752 514 1808 Τοῦτο
547 1753 605 1806 δὲ
639 1751 779 1806 ποιῶ
809 1750 897 1805 διὰ
920 1749 984 1803 τὸ
1023 1747 1384 1818 Εὐαγγέλιον,
1426 1746 1518 1802 ἵνα
1559 1757 1781 1815 συγκοι-

1963 1765 1982 1798 ι
2031 1745 2146 1800 Hoc
2176 1751 2364 1798 autem
2398 1741 2545 1797 facio
2577 1746 2802 1812 propter
2841 1737 3223 1810 Evangelium,
3252 1745 3314 1791 ut
3347 1750 3472 1807 par-

207 1845 372 1909 νωνδς
398 1843 567 1899 αὐτοῦ
592 1843 841 1914 γένωμαι
857 1882 870 1896 .
922 1859 943 1893 ›

275 1937 608 1999 Τουτέστιν,
649 1932 915 1997 ἴναδὸξω
964 1949 1016 1986 τι
1066 1930 1222 2000 κάγὼ
1277 1926 1782 1998 συνεισενηνοχέναι

205 2029 443 2094 οῖχοθεν,
480 2027 576 2080 καὶ
610 2026 867 2097 μετασχῶ
906 2024 1018 2078 τῶν
1057 2022 1442 2102 ἀποκειμένων
1499 2019 1783 2088 στεφάνων

205 2125 318 2184 τοῖς
334 2123 571 2183 πιστοῖς.
591 2119 804 2190 ’Ὥσπερ
824 2117 935 2189 γὰρ
959 2116 1167 2185 ἔλεγεν,
1191 2116 1259 2169 ἐκ
1287 2113 1393 2168 τοῦ
1413 2111 1785 2182 Edax-reﬂat;

207 2211 333 2280 ζῇν,
361 2211 642 2265 τουτέστιν
691 2211 756 2263 ἐκ
809 2208 920 2264 τῶν
949 2207 1336 2270 πιστευόντων,
1367 2203 1544 2266 οὕτως
1579 2204 1674 2257 καὶ
1699 2203 1786 2255 ὲν·-

207 2303 382 2357 ταῧθα
408 2343 425 2367 ,
476 2300 892 2370 συγκοινωνὸς
924 2299 1182 2367 γένωμαι
1238 2295 1348 2349 τοῦ
1389 2292 1783 2363 Εὐαγγελίου,

212 2397 296 2448 ἴνα
329 2394 546 2466 δυνηθῶ
576 2394 905 2464 κοινωνῆσαι
931 2393 1044 2455 τοῖς
1082 2387 1190 2461 [ὲν]
1223 2387 1302 2461 τῷ
1346 2385 1666 2456 Εὐαγγελίῳ
1691 2401 1790 2437 πε·

211 2488 553 2542 πιστευκόσι.
609 2485 784 2539 Τοῦτο
825 2484 883 2537 δὲ
919 2484 1014 2538 καὶ
1051 2479 1561 2552 ταπεινοφροσύνης
1605 2475 1785 2549 μεγά-

210 2581 308 2651 λης
335 2577 597 2644 ἐπίδειξιν
634 2576 769 2646 ἔχει.
803 2574 943 2628 Ἕνα
969 2575 1078 2646 γὰρ
1107 2574 1216 2628 τῶν
1249 2570 1461 2626 πολλῶν
1489 2569 1682 2625 ἑαυτὸν
1709 2568 1789 2622 τί·

213 2671 360 2741 θησι,
385 2669 608 2725 πάντων
628 2667 814 2721 πλεῖον
848 2664 1081 2738 καμών;

285 2890 307 2924 ι
351 2873 470 2925 Οὐκ
491 2870 692 2933 οἴδατε,
727 2869 810 2923 ὅτι
836 2868 887 2921 οἱ
919 2867 979 2920 ὲν
1010 2865 1209 2935 σταδίῳ
1245 2863 1556 2934 τρέχοντες,
1585 2860 1792 2924 πάντες

219 2965 317 3036 μὲν
342 2965 656 3036 τρέχουσιν,
689 2957 770 3025 εἷς
798 2961 855 3014 δὲ
893 2959 1163 3031 λαμϐάνει
1191 2958 1256 3012 τὸ
1295 2956 1577 3028 βραϐεῖον;
1605 2952 1793 3014 Οὕτως

215 3059 461 3130 τρέχετε,
490 3056 578 3110 ἵνα
607 3053 977 3123 καταλάϐητε.
1011 3070 1032 3104 ι

285 3169 478 3234 Δείξας
507 3170 592 3222 ὅτι
621 3167 758 3240 πολὺ
784 3166 1060 3237 χρήσιμον
1090 3165 1152 3216 τδ
1183 3159 1664 3231 συγκαταϐαίνειν,
1697 3154 1796 3210 καὶ

218 3261 377 3316 τοῦτο
396 3264 432 3333 ἠ
457 3261 605 3332 ἄκρα
634 3259 931 3328 τελειότης,
954 3254 1303 3327 πληκτικώτε
1311 3270 1404 3325 ρον
1425 3251 1589 3305 πάλιν
1615 3247 1795 3304 αὐτῶν

218 3354 564 3410 καθάπτεται
598 3352 990 3422 αἰνιττόμενος,
1026 3349 1110 3403 ὅτι
1150 3347 1308 3401 τοῦτο
1355 3345 1416 3398 τὸ
1450 3342 1581 3415 παρ’
1612 3339 1794 3395 αὐτῶν

219 3445 507 3515 γινόμενον
542 3443 640 3496 καὶ
672 3441 863 3496 δοκοῦν
913 3436 1054 3494 εἶναι
1100 3439 1399 3508 τελειότης,
1435 3431 1797 3506 ματαιοπονία

219 3536 338 3588 ἐστὶ
375 3535 632 3606 περιττή.
699 3533 840 3585 Ἀλλ’
873 3533 934 3586 οὐ
968 3531 1119 3600 λέγει
1163 3527 1308 3582 οὕτω
1345 3524 1554 3595 σαφῶς,
1603 3523 1690 3576 ἵνα
1721 3520 1796 3592 μὴ

216 3625 666 3698 ἀπαισχυνθῶσιν
688 3642 702 3655 ·
741 3625 811 3678 δι’
837 3617 915 3678 ὧν
959 3623 1018 3676 δὲ
1049 3618 1473 3683 κατασκευάζει,
1521 3614 1680 3668 τοῦτο
1704 3612 1799 3682 δη-

214 3716 335 3769 λοῖ·
386 3715 452 3768 τὺ
477 3713 536 3766 δὲ
572 3713 772 3782 λέγειν,
827 3714 909 3767 ὅτι
934 3706 1018 3774 εἷς
1055 3711 1122 3763 ὲκ
1171 3708 1389 3763 πάντων
1435 3703 1706 3774 λαμϐάνει
1737 3699 1799 3753 τὸ

219 3807 501 3878 βραϐεῖον,
549 3806 647 3877 οὐχ
685 3805 760 3870 ὡς
787 3804 905 3867 ἐνὸς
951 3801 1241 3874 μέλλοντος
1289 3795 1563 3861 σώζεσθαι
1611 3793 1796 3864 μόνον,

213 3900 334 3954 ἀλλ’
367 3898 448 3960 ὡς
500 3896 703 3968 πολλὴν
741 3894 1069 3965 ὀφειλόντων
1110 3890 1268 3962 ἡμῶν
1317 3887 1650 3953 εἰσενεγκεῖν
1700 3883 1800 3954 τὴν

220 3991 491 4060 σπουδήν.
523 3989 735 4057 Ὠσπερ
761 3987 871 4057 γάρ
893 3986 1011 4038 ἐκεῖ
1049 3980 1261 4036 πολλῶν
1294 3979 1597 4035 καθιόντων
1633 3977 1714 4039 εἰς
1741 3974 1802 4027 τὸ

218 4081 443 4135 στάδιον
477 4079 539 4132 οὐ
580 4076 972 4147 στεφανοῦνται
1013 4073 1220 4136 πολλοὶ,
1255 4071 1374 4125 ἀλλ’
1403 4069 1483 4132 εἰς
1511 4067 1611 4121 ἕνα
1637 4063 1798 4134 περί-

217 4188 422 4226 σταται
443 4187 458 4200 ·
496 4168 591 4224 καὶ
619 4169 721 4222 οὐκ
751 4169 913 4239 ἀρκεῖ
939 4165 1002 4220 τὸ
1035 4163 1284 4219 καθιέναι
1327 4163 1408 4224 εἰς
1454 4159 1548 4213 τὸν
1589 4156 1798 4225 ἀγῶνα,

217 4263 344 4316 οὐδὲ
373 4260 438 4314 τὸ
462 4259 786 4330 ἀλείψασθαι
814 4259 910 4312 καὶ
931 4256 1217 4310 παλαῖσαιο
1243 4251 1386 4306 οὕτω
1407 4249 1503 4304 καὶ
1534 4245 1796 4307 ἐνταῦθα,

216 4354 324 4408 οὐκ
366 4354 533 4424 ἀρκεῖ
567 4351 632 4405 τὸ
691 4348 1003 4412 πιστεῦσαι,
1025 4346 1123 4400 καὶ
1157 4346 1231 4409 ὡς
1278 4343 1469 4412 ἔτυχεν
1528 4335 1802 4406 ἀγωνίσα-

222 4445 373 4510 σθαι,
417 4441 534 4497 ἀλλ’
561 4441 628 4496 ἂν
663 4443 739 4513 μὴ
780 4439 924 4494 οὓτω
951 4439 1269 4509 δράμωμεν,
1313 4433 1456 4487 ὥστε
1495 4431 1659 4500 μέχρι
1703 4424 1800 4479 τοῦ

221 4536 421 4599 τέλους
448 4534 723 4605 ἀλήπτους
755 4532 982 4592 ἑαυτοὺς
1014 4528 1339 4598 παρασχεῖν,
1379 4523 1475 4576 καὶ
1512 4520 1682 4588 ἐγγὺς
1711 4517 1820 4586 γε-’

222 4628 417 4682 νέσθαι
441 4626 537 4680 τοῦ
565 4624 843 4696 βραϐείου,
867 4622 1019 4675 οὐδὲν
1044 4621 1175 4690 ἡμῖν
1203 4617 1358 4670 ἐσται
1384 4613 1566 4666 πλέον.
1601 4610 1665 4663 El
1696 4607 1805 4677 γὰρ

226 4721 323 4773 καὶ
354 4719 562 4773 τέλειον
593 4715 835 4788 νομίζεις
876 4713 1073 4767 σαυτὸν
1117 4709 1260 4765 κατὰ
1297 4708 1398 4779 τὴν
1421 4703 1642 4774 γνῶσιν,
1688 4699 1806 4755 ἀλλ’

228 4811 382 4865 οὔπω
404 4809 500 4863 τοῦ
531 4807 734 4870 παντὸς
765 4805 1036 4860 ὲπελάϐου
1066 4820 1080 4835 ’
1121 4803 1260 4872 ὅπερ
1293 4795 1666 4866 αἰνιττόμενος
1689 4791 1806 4844 ἔλε-

228 4919 344 4970 γεν,
373 4903 478 4956 ἵνα
515 4899 908 4966 καταλάϐητε.

302 5035 322 5069 ι
370 5013 581 5078 Iliade
637 5014 666 5066 ό
720 5010 1125 5080 ἀγωνιζόμενος
1161 5009 1341 5060 πάντα
1387 4998 1804 5073 ἐγκρατεύεται.

243 5108 472 5161 Ἐκεῖνοι
503 5105 624 5176 μὲν,
662 5104 750 5156 ἵνα
771 5101 1012 5173 φθαρτὸν
1035 5099 1302 5168 στέφανον
1329 5095 1572 5150 λάϐωσιν
1599 5109 1614 5126 ν
1647 5092 1809 5162 ἡμεῖς

235 5199 312 5265 δὲ,
335 5197 724 5267 ἁδιάφθαρτον.
762 5213 780 5246 ι

305 5313 372 5366 Τί
400 5315 540 5379 ἐστι,
564 5310 636 5364 τὰ
659 5309 857 5364 πάντα
878 5307 1297 5375 ἐγκρατεύεται
1319 5320 1337 5368 ;
1363 5300 1500 5372 Οὐχὶ⁸
1528 5296 1684 5351 τοῦδε
1712 5293 1810 5364 μὲν

237 5405 522 5474 ἀπέχεται,
562 5401 734 5471 ἑτέρῳ
771 5400 828 5453 δὲ
866 5397 1249 5468 διαμαρτάνει,
1289 5393 1428 5448 ἀλλὰ
1461 5392 1557 5446 καὶ
1586 5404 1813 5457 γαστρι-

247 5494 482 5569 μαργίας
527 5492 624 5546 καὶ
651 5491 848 5563 μέθης,
873 5492 967 5545 καὶ
1001 5493 1219 5546 πάντων
1251 5486 1437 5550 ἁπλῶς
1477 5484 1670 5554 κρατεῖ
1701 5479 1811 5532 τῶν

303 5672 351 5703 ’⁸
383 5673 502 5725 Act.
545 5686 680 5736 xvn,
709 5668 804 5728 22.

1885 1841 2063 1908 ticeps
2087 1833 2464 1908 ejus-eiiiciar.
2497 1851 2516 1886 ι

1954 1929 2013 1983 ld
2045 1936 2151 1992 est,
2177 1933 2238 1980 ut
2268 1923 2477 1995 aliquid
2501 1938 2568 1978 ex
2598 1937 2687 1978 me
2715 1921 2835 1992 ipse
2860 1921 3236 1977 contribuisse
3254 1921 3466 1986 videar,

1887 2030 1942 2077 et
1958 2035 2188 2076 consors
2208 2016 2410 2074 elﬁciar
2428 2028 2759 2071 coronarum
2785 2028 2907 2082 quae
2934 2013 3186 2068 ﬁdelibus
3217 2013 3473 2081 repositae

1890 2120 2040 2170 sunt.
2077 2111 2214 2165 Nam
2262 2106 2722 2180 quemadmodum
2771 2104 3018 2170 dicebat,
3075 2120 3142 2158 ea:
3189 2103 3473 2174 Evangelia

1888 2207 2076 2268 vivere,
2115 2202 2219 2258 hoc
2243 2207 2330 2256 est
2370 2199 2438 2254 de
2491 2197 2728 2252 ﬁdelium
2780 2194 3170 2261 facultatibus;
3219 2195 3295 2247 ita
3331 2204 3384 2248 et
3417 2194 3476 2247 in

1890 2294 1996 2349 hoc
2025 2293 2166 2358 loco,
2211 2298 2271 2344 ut
2299 2291 2562 2359 particeps
2604 2287 2800 2356 eﬁiciar
2834 2284 3136 2354 Evangelii,
3195 2284 3337 2339 idem
3390 2291 3476 2338 est

1889 2394 2073 2456 atque,
2109 2391 2169 2437 ut
2203 2382 2411 2452 possim
2453 2379 2795 2436 consortium
2829 2377 3034 2432 habere
3088 2391 3214 2430 cum
3265 2375 3336 2430 iis
3377 2369 3478 2444 qui

1890 2477 2246 2534 crediderunt
2272 2472 2590 2544 Evangelio.
2623 2469 2739 2525 Hoc
2770 2484 2900 2525 vero
2935 2469 3066 2522 altae
3089 2467 3256 2523 etiam
3295 2465 3480 2520 humi-

1891 2570 2064 2626 litatis
2118 2573 2500 2639 argumentum
2539 2562 2777 2634 prtefert.
2824 2561 2944 2616 Etsi
2999 2559 3144 2615 enim
3179 2559 3304 2630 plus
3349 2556 3478 2612 aliis

1891 2663 2261 2724 laboraverat,
2289 2673 2349 2713 se
2375 2655 2741 2711 nihilominus
2759 2663 3021 2723 tanquam
3049 2664 3220 2705 unum
3238 2648 3477 2718 aliquem

1895 2755 1962 2811 de
1990 2752 2156 2824 vulgo
2191 2751 2366 2822 ponit.

1966 2867 2135 2921 Vens.
2167 2864 2258 2919 24.
2298 2881 2318 2914 ι
2354 2861 2613 2928 Nescitis,
2643 2858 2789 2930 quod
2817 2858 2855 2912 ii
2881 2856 2975 2928 qui
3020 2857 3077 2909 in
3127 2852 3310 2908 stadio
3345 2863 3476 2904 cur-

1898 2967 2050 3022 runt,
2099 2969 2294 3011 omnes
2337 2953 2559 3024 quidem
2608 2958 2876 3014 currunt,
2925 2946 3022 3002 sed
3071 2959 3216 3000 unus
3275 2940 3479 3010 accipit

1822 3063 1864 3122 (ι
1897 3050 2186 3112 bravium?
2215 3048 2308 3104 Sic
2345 3045 2575 3110 currite,
2611 3050 2670 3098 ut
2701 3036 3205 3111 comprehendatis.
3243 3053 3261 3086 ι

1967 3164 2268 3233 Postquam
2299 3157 2546 3214 ostendit
2591 3151 2992 3231 indulgentiam
3045 3148 3340 3203 admodum
3374 3143 3482 3198 uti-

1896 3256 2002 3314 lem
2059 3229 2205 3316 esse,
2261 3251 2394 3322 quin
2447 3255 2502 3304 et
2555 3229 2912 3316 perfectionis
2969 3253 3094 3295 esse
3148 3236 3428 3305 fastigium
3461 3272 3477 3294 ,

1898 3345 2150 3419 asperius
2182 3357 2403 3398 rursum
2426 3354 2522 3395 eos
2552 3333 2896 3407 perstringit,
2934 3329 3095 3401 quasi
3134 3328 3184 3381 id
3210 3325 3357 3396 quod
3401 3325 3477 3376 illi

1900 3440 2200 3504 faciebant,
2236 3435 2495 3506 quodque
2535 3427 2800 3500 perfectio
2849 3439 2971 3480 esse
3019 3420 3332 3484 videbatur,
3381 3432 3477 3471 su-

1899 3533 2140 3605 perﬂuus
2187 3529 2346 3585 labor
2400 3525 2716 3582 exsisteret.
2758 3518 3087 3586 Quanquam
3142 3513 3246 3565 hoc
3292 3516 3481 3578 aperte

1900 3641 2013 3682 non
2060 3625 2215 3687 dicit,
2259 3636 2330 3677 ne
2383 3617 2596 3690 pudore
2638 3611 3028 3669 suﬁ‘undantur
3070 3623 3084 3660 :
3133 3613 3390 3658 cmlerttm
3425 3599 3479 3652 ἰιι

1900 3715 2259 3774 manifestum
2295 3712 2354 3766 ﬁt
2388 3726 2452 3765 ex
2489 3707 2690 3778 quibus
2732 3704 2839 3756 hoc
2885 3698 3108 3755 evincit.
3141 3693 3298 3762 Quod
3351 3705 3483 3744 vero

1901 3811 1997 3875 ait,
2027 3820 2198 3861 unum
2230 3819 2299 3859 ex
2336 3799 2599 3856 omnibus
2639 3794 2892 3862 accipere
2920 3787 3198 3849 bravium,
3242 3797 3352 3837 non
3381 3781 3484 3832 hoc

1903 3872 2176 3968 signiﬁcat
2210 3907 2381 3949 unum
2441 3890 2713 3944 duntaxat
2743 3882 2956 3938 salvum
2992 3877 3129 3942 fore,
3173 3875 3266 3930 sed
3315 3872 3485 3924 multa

1901 4004 2041 4060 opus
2063 4001 2189 4043 esse
2219 3981 2524 4053 diligentia.
2557 3977 2696 4031 Nam
2742 3975 2890 4030 sicut
2920 3971 3110 4025 multis
3151 3968 3206 4021 in
3255 3977 3484 4018 arenam

1902 4075 2390 4137 descendentibus,
2425 4070 2571 4125 haud
2621 4068 2779 4121 multi
2842 4071 3203 4121 coronantur,
3255 4056 3349 4112 sed
3392 4053 3485 4105 uni

1904 4168 2188 4241 praemium
2224 4164 2522 4227 tribuitur;
2555 4161 2686 4230 quin
2718 4172 2822 4212 nec
2846 4154 2982 4210 satis
3005 4159 3090 4206 est
3113 4149 3178 4203 ad
3203 4154 3484 4202 certamen

1902 4235 2260 4317 descendere,
2291 4265 2469 4321 neque
2498 4249 2628 4318 ungi
2667 4253 2722 4302 et
2766 4243 2960 4299 luctari
2999 4259 3014 4296 :
3052 4240 3133 4294 sic
3166 4247 3221 4292 et
3254 4235 3308 4288 in
3344 4249 3485 4303 prte-

1905 4348 2045 4404 scnti
2076 4360 2186 4400 non
2220 4341 2419 4398 sullieit
2439 4339 2687 4401 credere,
2721 4349 2820 4390 nec
2837 4331 3035 4403 quovis
3057 4327 3217 4384 modo
3239 4333 3484 4385 certare;

1907 4438 2024 4501 sed,
2062 4435 2166 4490 nisi
2203 4434 2284 4489 sic
2317 4443 2604 4486 curramus
2632 4435 2693 4481 ut
2719 4427 2787 4480 ad
2823 4423 2984 4478 ﬁnem
3009 4433 3186 4490 usque
3213 4415 3352 4471 nihil
3377 4429 3488 4484 quo

1875 4540 2198 4586 ‘teneamur
2251 4523 2606 4594 objiciamus,
2651 4526 2816 4589 atque
2867 4515 2936 4570 ad
2980 4513 3230 4568 bravium
3259 4508 3490 4563 acceda-

1909 4634 2050 4681 mus,
2087 4616 2225 4672 nihil
2267 4613 2394 4668 inde
2438 4611 2674 4679 amplius
2707 4605 3096 4677 percipiemus.
3127 4597 3490 4666 Quantumvis

1906 4713 2052 4769 enim
2089 4716 2142 4763 te
2176 4705 2474 4776 perfectum
2499 4716 2624 4756 esse
2648 4697 2880 4756 scientia
2904 4692 3204 4765 putaveris,
3244 4687 3487 4744 nondum

1909 4809 2091 4854 tamen
2125 4802 2296 4850 totum
2351 4796 2641 4846 assecutus
2682 4801 2768 4841 es.
2817 4783 2877 4840 ld
2921 4782 3064 4853 quod
3116 4779 3379 4836 innuebat
3408 4777 3492 4830 di-

1911 4892 2104 4952 cendo,
2141 4896 2198 4941 ut
2231 4880 2707 4951 compreltendalt's.

1982 5001 2146 5055 Vens.
2177 4997 2266 5052 25.
2307 5014 2326 5046 ι
2358 4991 2547 5046 Omnis
2564 4997 2747 5045 autem
2773 4987 2868 5060 qui
2898 4987 2954 5042 in
2978 4999 3152 5058 agone
3181 4979 3492 5043 contendit,

1911 5093 1979 5146 ab
2014 5091 2268 5146 omnibus
2309 5101 2367 5142 se
2405 5083 2664 5138 abstinet.
2696 5079 2781 5135 llli
2811 5079 3030 5150 quidem
3057 5084 3118 5131 ut
3151 5071 3493 5142 corruptibi-

1913 5187 2017 5240 lem
2049 5193 2310 5242 coronam
2342 5176 2640 5245 accipiant,
2675 5187 2778 5228 nos
2810 5178 2993 5226 autem
3026 5170 3431 5236 incorruptam.
3467 5182 3486 5213 ι

1989 5294 2130 5360 Quid
2167 5293 2271 5347 hoc
2316 5296 2422 5352 cst,
2460 5288 2523 5340 ab
2573 5284 2814 5339 omnibus
2848 5299 2904 5336 se
2945 5279 3228 5350 gbstinet?
3263 5274 3382 5330 Non
3427 5274 3498 5327 ab

1921 5391 2011 5444 illo
2045 5387 2268 5459 quidem
2303 5381 2566 5446 abstinet,
2619 5386 2784 5447 atque
2834 5375 3010 5429 altero
3054 5370 3362 5439 delinquit;
3401 5365 3497 5422 seol

1922 5481 2122 5552 gulam,
2159 5476 2507 5538 ebrietatem,
2533 5481 2587 5527 et
2625 5483 2820 5525 omnes
2854 5480 3080 5538 prorsus
3111 5460 3339 5517 allectus
3362 5470 3498 5512 con-
