3972 6416
453 293 567 356 643

1633 300 1692 356 S.
1733 299 2052 357 JUANNIS
2093 297 2521 358 DAMASCENI

3618 297 3735 360 C44

459 408 620 465 tinet.
654 404 811 472 Quod
845 404 892 460 si
940 405 1075 470 illic,
1125 414 1325 460 cuncta
1387 405 1503 461 hate
1535 415 1888 477 praestantur,
1937 409 2029 464 ubi

2157 408 2344 462 ιαθῶν.
2382 410 2445 462 El
2469 409 2526 462 δὲ
2559 410 2676 463 ἐκεῖ
2704 409 2903 476 πάντα,
2927 411 3063 465 ὅπου
3099 412 3178 475 είς
3213 412 3309 465 ἕνα
3359 413 3386 464 ὀ
3417 411 3692 481 στέφανος
3714 430 3727 442 ·

461 499 554 553 uni
602 498 874 551 duntaxat
923 510 1130 552 corona
1182 496 1534 565 decernitur;
1595 508 1803 568 quanto
1859 500 2038 571 magis

463 593 616 657 istic,
651 592 746 646 ubi
777 590 1016 662 amplior
1044 591 1222 662 gloria
1256 593 1626 662 promittitur.

537 683 702 740 Vens.
737 683 829 737 26.
875 701 895 735 ι
942 682 1057 754 Ego
1087 690 1272 739 autem
1302 683 1384 738 sic
1419 697 1610 750 curro,
1642 696 1751 738 non
1789 681 1950 752 quasi
1983 681 2037 736 in

391 800 394 801 ν
463 780 770 834 incertum.

533 868 835 939 Postquam
893 868 974 924 eis
1026 867 1292 940 pudorem
1350 867 1538 937 injecit
1587 869 1656 924 ab
1712 867 2036 930 extraneis,

463 977 616 1018 nunc
671 963 915 1033 seipsum
978 960 1034 1016 in
1097 961 1336 1020 medium
1393 960 1672 1032 producit.
1729 959 1875 1026 Quid
1909 973 2040 1014 vero

462 1052 610 1109 istud
662 1061 781 1118 est,
818 1067 922 1105 non
953 1051 1006 1104 in
1042 1052 1348 1106 incertum?
1387 1051 1578 1122 utique
1633 1049 1864 1120 alicujus
1916 1048 2041 1104 finis

464 1144 662 1214 gratia,
682 1157 788 1197 non
815 1152 1042 1206 temere,
1067 1156 1169 1196 nec
1192 1140 1888 1210 frustra,quemadmodum
1917 1152 2037 1195 vos.

463 1235 607 1302 Quid
638 1234 784 1288 enim
807 1232 965 1288 vobis
996 1233 1237 1303 amplius
1267 1231 1493 1297 accidit,
1527 1247 1595 1288 ex
1624 1245 1736 1300 quo
1769 1231 1825 1284 in
1860 1229 2038 1285 idolo-

462 1342 585 1380 rum
619 1325 819 1396 lempla
855 1323 1098 1390 intratis,
1152 1330 1206 1377 et
1257 1321 1654 1392 perfectionem
1704 1320 2041 1376 ostentatis?

466 1416 605 1470 nihil
641 1417 824 1486 plane.
871 1413 940 1467 At
970 1427 1072 1484 ego
1105 1427 1217 1468 non
1263 1429 1384 1468 sum
1418 1413 1579 1476 talis;
1629 1411 1725 1468 sed
1773 1411 2039 1482 quidquid

464 1505 630 1568 facio,
672 1519 860 1559 amore
888 1504 1128 1574 proximi
1160 1503 1323 1557 facio.
1354 1501 1470 1558 Etsi
1507 1502 1905 1572 perfectionem
1936 1502 2038 1558 ob-

463 1597 650 1662 tendo,
694 1597 935 1665 ipsorum
981 1593 1157 1666 gratia
1192 1595 1436 1650 obtendo
1471 1612 1483 1648 :
1531 1593 1638 1650 etsi
1690 1593 2036 1666 indulgentia

463 1698 618 1752 utor,
651 1687 971 1741 eorumdem
1005 1685 1182 1755 gratia
1213 1685 1320 1739 hoc
1349 1692 1579 1754 praesto.

539 1800 559 1833 ‹
597 1778 687 1834 Sic
713 1793 916 1850 pugno,
961 1791 1072 1832 non
1101 1777 1264 1848 quasi
1294 1791 1476 1834 aerem
1509 1777 1830 1834 verberans.
1871 1795 1890 1830 ι

531 1869 640 1942 94,
692 1869 807 1923 Hac
863 1869 1062 1924 iterum
1120 1867 1402 1924 locutione
1453 1866 1600 1923 idem
1654 1867 2036 1939 signiﬁcatur,

460 1976 526 2018 ac
551 1970 760 2016 temere
801 1967 856 2014 et
889 1959 1120 2015 frustra.

530 2051 838 2107 Vens..27.
880 2069 900 2102 ι
954 2048 1061 2106 Sed
1104 2051 1319 2122 castigo
1356 2064 1561 2121 corpus
1607 2064 1816 2118 meum,
1868 2054 1926 2105 et
1980 2047 2036 2102 in

460 2143 787 2200 servitutem
818 2142 1029 2212 redigo.
1072 2159 1092 2192 ι

529 2236 629 2291 llis
663 2235 852 2290 verbis
903 2247 1001 2288 eos
1047 2231 1276 2300 indicat,
1322 2231 1420 2302 qui
1473 2233 1774 2289 desideriis
1823 2231 2038 2288 ventris

460 2325 689 2381 obnoxii
719 2331 873 2390 sunt,
917 2331 973 2379 et
1019 2323 1125 2377 sub
1175 2321 1538 2394 perfectionis
1591 2325 1819 2379 obtentu
1853 2324 2036 2395 inglu-

461 2405 604 2472 viem
635 2429 790 2470 suam
827 2414 1141 2486 explebant.
1174 2424 1179 2428 '
1537 2422 1552 2436 ’

539 2525 560 2558 ι
595 2504 675 2562 Ne
707 2506 852 2561 forte
879 2518 1006 2559 cum
1039 2504 1165 2561 aliis
1193 2502 1642 2575 praedicaverim,
1681 2502 1802 2573 ipse
1842 2515 2036 2572 repro-

459 2599 564 2653 bus
608 2597 837 2652 elliciar.
881 2615 903 2649 ι

525 2685 708 2741 Nolite
733 2686 881 2741 enim
921 2692 1137 2755 putare,
1170 2684 1374 2755 inquit,
1401 2683 1506 2739 hoc
1533 2683 1715 2754 ipsum
1743 2681 1893 2752 quod
1915 2696 2036 2737 cre-

458 2778 698 2842 didistis,
731 2778 869 2834 satis
899 2792 1024 2833 esse
1044 2776 1113 2832 ad
1138 2777 1398 2832 salutem.
1436 2773 1572 2829 Nam
1604 2775 1651 2830 si
1680 2774 2035 2845 praedicasse,

456 2877 512 2925 et
549 2871 874 2926 innumeros
899 2869 1180 2935 docuisse,
1220 2868 1652 2939 haudquaquam
1682 2865 1821 2922 mihi
1848 2866 1918 2921 ad
1951 2879 2039 2920 sa-

460 2961 630 3016 lutem
658 2961 882 3028 suﬂicit,
911 2961 1075 3032 longe
1104 2962 1292 3018 minus
1327 2960 1515 3017 vobis.

1107 3095 1264 3152 CAP.
1324 3095 1400 3152 Χ.

533 3213 698 3268 Vens.
750 3213 868 3268 1-4.
905 3231 923 3266 ι
964 3211 1103 3268 Nolo
1147 3213 1294 3270 enim
1326 3229 1430 3270 vos
1481 3213 1757 3285 ignorare,
1809 3211 2035 3278 fratres,

459 3309 721 3374 quoniam
764 3316 948 3376 patres
978 3305 1156 3361 nostri
1208 3321 1402 3361 omnes
1452 3306 1557 3360 sub
1604 3305 1754 3360 nube
1791 3303 2034 3370 fuerunt,

457 3403 513 3449 et
562 3411 755 3452 omnes
788 3413 940 3453 mare
993 3399 1360 3466 transierunt,
1396 3406 1453 3454 et
1497 3413 1695 3453 omnes
1744 3397 1800 3451 in
1852 3396 2038 3467 Moyse

457 3487 718 3557 baptizati
752 3496 900 3554 sunt,
956 3489 1013 3543 in
1070 3489 1238 3551 nube.
1302 3495 1358 3544 et
1417 3490 1473 3542 in
1524 3489 1711 3544 mari:
1752 3497 1806 3544 et
1844 3503 2038 3544 omnes

458 3579 705 3634 can'idem
759 3596 943 3635 escam
997 3581 1344 3651 spiritualem
1403 3581 1923 3645 manducaverunt,
1983 3588 2039 3636 et

457 3684 650 3724 omnes
690 3670 940 3724 eumdem
966 3681 1155 3740 potum
1181 3671 1531 3742 spiritualem
1566 3671 1847 3727 biberunt.
1881 3670 2040 3728 Bibe-

458 3757 590 3810 bant
619 3767 803 3813 autem
832 3773 1026 3813 omnes
1075 3759 1144 3814 de
1196 3759 1480 3829 spirituali
1512 3771 1910 3830 ,consequente
1940 3775 2038 3832 pe-

460 3857 543 3901 tra
579 3864 593 3899 :
634 3856 783 3916 petra
820 3855 1007 3902 autem
1040 3857 1159 3903 erat
1191 3847 1469 3904 Christus.
1515 3867 1533 3900 ι

530 3956 772 4010 Rursum
801 3959 978 4030 pergit
1011 3957 1079 4014 ad
1111 3974 1175 4016 ea
1209 3975 1331 4031 quae
1361 3960 1532 4016 veteri
1572 3942 1815 4017 historia
1851 3961 2037 4033 perhi-

461 4046 680 4100 bentur.
727 4045 867 4100 Illud
900 4063 1089 4117 porro,
1122 4049 1243 4104 nolo
1289 4066 1377 4104 vos
1404 4051 1680 4121 ignorare,
1727 4051 1937 4107 dictum
1968 4051 2036 4108 ab

461 4139 579 4208 ipso
609 4147 718 4202 est,
753 4149 815 4194 ut
847 4141 1167 4196 ostenderet
1195 4157 1306 4196 non
1339 4143 1492 4198 valde
1538 4160 1636 4200 eos
1660 4145 1714 4198 in
1753 4144 1877 4200 istis
1904 4159 2036 4200 eru-

458 4233 605 4287 ditos
636 4246 777 4287 esse.
831 4231 1014 4298 Quare
1045 4250 1179 4290 vero
1224 4237 1533 4308 exemplum
1590 4239 1768 4309 ponit,
1822 4240 1930 4296 nisi
1975 4248 2036 4295 ut

454 4321 648 4389 probet
687 4321 836 4390 quod
893 4321 1037 4377 sicut
1088 4324 1226 4378 nihil
1277 4325 1389 4381 illis
1435 4325 1644 4396 profuit
1699 4336 1854 4384 tanto
1887 4329 2034 4385 dono

455 4421 682 4466 ornatos
730 4412 926 4481 fuisse,
967 4415 1044 4470 ita
1093 4432 1196 4472 nec
1247 4416 1386 4472 istos
1433 4418 1748 4489 baptismus
1785 4419 2032 4490 juvaret,
2067 4451 2112 4507 Ι)

455 4503 669 4574 quodve
718 4503 1018 4576 participes
1061 4506 1431 4575 spiritualium
1469 4512 1860 4578 mysteriorum
1919 4510 2038 4566 sive

455 4603 927 4650 sacramentorum
984 4597 1325 4662 exstiterint,
1386 4597 1489 4651 nisi
1542 4599 1712 4652 vitam
1763 4613 2032 4656 concessa

455 4687 630 4756 gratia
664 4685 889 4756 dignam
934 4690 1463 4757 praemonstrarcnt?
1492 4689 1804 4760 EaprOpter
1843 4705 2034 4747 sacra-

451 4781 761 4829 mentorum
788 4774 998 4845 profert
1027 4774 1254 4846 figuras.
1283 4777 1419 4842 Quis
1464 4792 1602 4833 vero
1637 4793 1836 4834 sensus
1868 4781 2032 4850 hujus

453 4865 585 4920 dicti
624 4873 741 4930 est,
770 4865 827 4919 in
850 4863 1034 4937 Moyse
1070 4866 1336 4935 baptizati
1364 4878 1512 4922 sunt.
1543 4865 1733 4933 Plane,
1763 4873 2034 4941 quemad-

453 4955 676 5010 modum
725 4971 828 5011 nos
859 4957 913 5011 in
965 4956 1250 5012 Christum
1287 4967 1343 5013 et
1394 4962 1856 5018 resurrectionem
1908 4964 2031 5033 ejus

454 5045 730 5102 credendo
760 5047 1128 5118 baptizamur,
1161 5055 1221 5102 ut
1259 5058 1314 5103 et
1344 5050 1449 5121 ipsi
1498 5050 1693 5105 horum
1735 5053 2031 5123 participes

454 5139 651 5203 simus,
677 5151 800 5201 nam
847 5139 1194 5209 baptizaiuur
1225 5154 1322 5210 pro
1352 5142 1606 5208 mortuis,
1656 5143 1761 5198 hoc
1789 5153 1876 5200 est
1903 5160 2030 5200 cor-

453 5228 680 5297 poribus
709 5229 940 5294 nostris,
983 5230 1066 5285 sic
1097 5239 1153 5287 et
1211 5232 1287 5286 illi
1325 5233 1379 5288 in
1421 5233 1608 5306 Moyse
1634 5233 1900 5290 ﬁduciam
1935 5235 2031 5289 ha-

453 5320 666 5384 bentes,
712 5336 807 5376 seu
845 5321 1096 5378 videntes
1137 5339 1261 5379 eum
1294 5327 1541 5381 omnium
1567 5329 1806 5398 primum
1853 5339 2033 5386 trans-

460 5409 560 5471 ire,
627 5410 786 5479 aquis
828 5426 887 5466 se
927 5413 1148 5469 credere
1177 5415 1295 5468 ausi
1329 5424 1480 5471 sunt.
1515 5419 1587 5470 At
1631 5418 1764 5488 quia
1797 5421 2028 5488 figuram

453 5497 607 5567 juxta
636 5500 918 5556 veritatem
953 5503 1067 5558 vult
1107 5520 1404 5575 apponere,
1441 5523 1556 5563 rem
1591 5509 1696 5564 hoc
1729 5511 1890 5564 modo
1921 5526 2027 5565 non

454 5591 729 5657 enuntiat,
766 5595 858 5650 sed
891 5595 960 5650 de
997 5595 1168 5668 figura
1213 5599 1470 5669 loquens,
1504 5601 1744 5671 ipsamet
1773 5603 2029 5658 veritatis

456 5678 724 5734 vocabula
751 5685 1001 5750 adhibet;
1029 5697 1190 5748 atque
1219 5690 1319 5743 hoc
1343 5689 1588 5758 quidem,
1617 5690 1895 5747 lavacrum
1928 5709 2026 5749 seu

2141 501 2322 572 πολλῷ
2362 502 2564 570 μᾶλλον
2589 501 2823 557 ἐνταῦθα
2851 504 2985 558 ὅπου
3021 505 3280 574 πλείωνή
3314 504 3621 576 φιλοτιμία.

2217 697 2234 729 ι
2284 677 2424 746 Ἐγὼ
2461 678 2639 733 τοίνυν
2669 677 2813 732 οὕτω
2833 678 3033 750 τρέχω,
3063 679 3139 744 ὡς
3157 678 3258 732 οὐκ
3303 679 3541 751 ἀδήλως.
3587 698 3608 733 t

2222 855 2522 928 Ἓντρέψας
2551 855 2750 921 αὐτοὺς
2776 857 2887 912 ἀπὸ
2912 858 3022 911 τῶν
3043 857 3265 924 ἔξωθεν,
3301 860 3397 913 καὶ
3420 860 3612 914 ἑαυτὸν
3644 861 3732 924 είς

2144 946 2309 1038 μέσον
2340 948 2464 1017 ἀγει
2490 948 2699 1004 λοιπόν.
2733 950 2800 1003 Τί
2823 950 2880 1004 δέ
2904 952 3018 1003 ἐστι
3049 950 3127 1016 τὸ,
3153 952 3266 1004 οὐκ
3285 951 3525 1038 ἀδήλως
3541 968 3562 1017 ;
3588 953 3732 1022 πρὸς

2143 1035 2344 1090 σκοπόν
2384 1053 2506 1091 τινα
2534 1037 2732 1106 έκεῖνο,
2758 1039 2944 1108 φησὶν,
2980 1039 3082 1092 οὐκ
3105 1040 3228 1110 είκῆ
3255 1035 3352 1095 καὶ
3383 1042 3562 1112 μάτην
3590 1042 3733 1094 καθ-

2142 1129 2284 1198 άπερ
2328 1128 2506 1200 ὑμεῖς.
2539 1129 2606 1184 Τί
2653 1130 2762 1201 γάρ
2795 1131 2924 1202 ὑμῖν
2955 1131 3165 1199 γίνεται
3189 1133 3352 1188 πλέον
3382 1133 3491 1186 ἀπὸ
3521 1133 3615 1188 τοῦ
3645 1137 3734 1196 εἰς

2141 1218 2385 1274 εἱδωλεῖα
2405 1220 2653 1286 εἰσιέναι,
2685 1222 2781 1276 καὶ
2809 1224 2909 1294 τὴν
2957 1224 3276 1296 τελειότητα
3299 1225 3467 1296 ’δῆθεν
3519 1227 3734 1281 ἐπιδείο

2141 1310 2397 1376 κνυσθαι;
2423 1311 2592 1366 Οὐδέν
2616 1330 2630 1344 ·
2665 1313 2779 1367 ἀλλ’
2809 1313 2910 1368 οὐκ
2932 1314 3044 1382 ἐγὼ
3073 1315 3347 1381 τοιοῦτος’
3377 1317 3513 1372 ἀλλά
3541 1318 3734 1373 πάντα

2140 1401 2285 1472 ἅπερ
2317 1402 2479 1470 ποιῶ,
2522 1404 2666 1475 ὑπὲρ
2690 1405 2790 1475 τῆς
2812 1405 2922 1459 τῶν
2947 1407 3176 1478 πλησίον
3205 1410 3427 1481 ἀγάπης
3457 1410 3598 1464 ποιῶ
3625 1413 3733 1466 καὶ

2143 1494 2439 1566 σωτηρίας,
2479 1495 2584 1550 κᾶν
2628 1496 2949 1568 τελειότητα
2979 1498 3362 1569 ὲπιδείξωμαι,
3399 1500 3729 1564 διἀύτούς⁶

2140 1583 2245 1637 κᾶν
2276 1585 2706 1653 συγκατάόασιν,
2735 1587 2802 1640 δι’
2829 1587 3046 1652 αὐτούς.

2073 1749 2118 1807 Β
2221 1783 2240 1815 ι
2281 1764 2438 1819 Οὕτω
2469 1767 2748 1834 πυκτεύω,
2778 1768 2856 1834 ὡς
2888 1768 2991 1824 οὐκ
3019 1770 3156 1845 ἀέρα
3186 1771 3378 1845 δέρων.
3427 1793 3446 1826 ι

2218 1857 2387 1912 Πάλιν
2439 1860 2502 1914 τὸ
2551 1861 2677 1932 είκῆ
2712 1863 2809 1916 καὶ
2851 1864 3031 1936 μάτην
3097 1866 3494 1936 αίνιττόμενος,
3559 1866 3729 1921 τοῦτό

2145 1963 2330 2018 φησιν.
2391 1973 2396 1979 ·

2219 2056 2239 2090 ι
2285 2039 2424 2094 Ἀλλ’
2450 2042 2738 2108 dmutde
2763 2060 2865 2114 μου
2887 2044 2950 2098 τὸ
2973 2046 3154 2116 σῶμα,
3189 2049 3284 2102 καὶ
3313 2049 3674 2118 δουλαγωγῶ.
3703 2067 3729 2103 ι

2228 2219 2494 2275 Ἐνταῦθα
2545 2221 2789 2278 δείκνυσι
2829 2225 2927 2279 καὶ
2973 2226 3079 2281 ὑπὸ
3137 2227 3439 2298 ἐπιθυμίας
3475 2230 3728 2302 γαστρὸς

2145 2312 2563 2383 κατεχομένους,
2601 2315 2696 2368 καὶ
2735 2317 3089 2388 προσχήματι
3115 2318 3474 2390 τελειότητος,
3491 2321 3593 2393 τὴν
3620 2339 3730 2393 γα-

2147 2403 2513 2477 στριμαργίαν
2541 2407 2884 2480 πληροῦντας
2908 2410 3006 2482 τὴν
3045 2412 3276 2467 ἑαυτῶν.

2219 2519 2240 2553 ι
2299 2501 2515 2572 Μήπως
2564 2501 2746 2565 ἄλλοις
2789 2500 3058 2574 κηρύξας,
3100 2503 3266 2567 αὐτὸς
3325 2503 3588 2575 ἀδόκιμος
3630 2503 3737 2572 γέ-

2143 2609 2345 2665 νωμαι.
2373 2609 2393 2645 t

2213 2682 2308 2754 Μὴ
2357 2683 2468 2755 γὰρ
2499 2683 2564 2756 δὴ
2610 2685 2894 2756 νομίσητε,
2954 2685 3142 2756 φησὶν,
3195 2686 3279 2741 ὅτι
3336 2687 3732 2753 ἐπιστεύσατε,

2143 2778 2335 2847 ἀρκεῖν
2371 2778 2530 2831 τοῦτο
2577 2778 2658 2842 είς
2705 2778 2980 2850 σωτηρίαν
3025 2780 3174 2850 ὑμῖν.
3209 2778 3272 2833 El
3331 2781 3441 2853 γάρ
3499 2782 3629 2851 ἐμοὶ
3669 2783 3737 2834 τὸ

2143 2868 2405 2939 κηρύξαι,
2433 2869 2525 2924 καὶ
2556 2869 2763 2935 διδάξαι
2797 2873 3024 2943 μυρίους
3039 2873 3150 2944 ¹οὐκ
3178 2873 3343 2945 ἀρκεῖ
3380 2874 3518 2945 πρὸς
3543 2891 3735 2945 σωτη-

2148 2960 2294 3031 ρίαν,
2335 2961 2518 3033 πολλῷ
2545 2961 2746 3033 μᾶλλον
2776 2963 2930 3034 ὑμῖν.

2755 3100 3010 3154 ΚΕΦΑΛ.
3052 3099 3112 3154 Ῑ’.

2224 3232 2243 3265 ι
2281 3213 2356 3268 Οὐ
2394 3213 2533 3269 θέλω
2547 3199 2623 3268 δὲ
2651 3215 2795 3285 ὑμᾶς
2828 3216 3064 3285 ἀγνοεῖν,
3094 3216 3336 3286 ἀδελφοὶ,
3366 3217 3449 3270 ὅτι
3477 3215 3526 3269 οἱ
3555 3216 3736 3270 πατέ-

2148 3318 2242 3372 ρες
2276 3302 2433 3373 ήμῶν
2459 3303 2660 3367 πάντες
2688 3303 2793 3357 ὑπὸ
2814 3302 2916 3375 τὴν
2939 3303 3171 3374 νεφέλην
3200 3299 3365 3375 ἦσαν,
3401 3304 3497 3356 καὶ
3525 3304 3736 3364 πάντες

2145 3390 2236 3446 διά
2259 3395 2358 3464 τῆς
2387 3392 2664 3462 θαλάσσης
2686 3391 2926 3462 διῆλθον,
2951 3393 3048 3446 καὶ
3083 3393 3282 3456 πάντες
3309 3395 3389 3455 είς
3427 3393 3518 3444 τὸν
3556 3392 3733 3445 Matii-

2147 3480 2247 3552 σῆν
2278 3480 2644 3536 ἐϐαπτίσαντο
2693 3480 2751 3533 ὲν
2775 3483 2842 3552 τῇ
2873 3481 3096 3554 νεφέλῃ,
3139 3482 3235 3534 καὶ
3270 3485 3328 3533 έν
3354 3483 3420 3552 τῇ
3457 3479 3733 3553 θαλάσσῃ,

2145 3572 2242 3624 καὶ
2265 3571 2466 3634 πάντες
2487 3570 2548 3623 τὸ
2574 3570 2707 3623 αὐτὸ
2728 3569 2928 3641 βρῶμα
2957 3570 3335 3641 πνευματικὸν
3363 3572 3589 3641 ἔφαγον,
3629 3574 3733 3626 καὶ

2147 3661 2350 3726 πάντες
2401 3660 2462 3714 τὸ
2496 3661 2629 3714 αὐτὸ
2687 3663 2837 3732 πόμα
2883 3664 3255 3732 πνευματικὸν
3286 3663 3459 3717 ἔπιον.
3501 3665 3736 3717 Ἐπινον

2145 3752 2255 3821 γὰρ
2285 3753 2348 3804 ἐκ
2370 3751 2745 3822 πνευματικῆς
2774 3752 3176 3824 ἀκολουθούσης
3216 3754 3444 3825 πέτρας,
3473 3754 3508 3825 ὴ
3541 3754 3597 3808 δὲ
3627 3756 3735 3808 πέ-

2145 3859 2252 3914 τρα
2275 3837 2342 3912 ἦν
2367 3843 2394 3894 ὁ
2419 3844 2676 3913 Χριστός.
2713 3862 2731 3896 t

2219 3955 2392 4009 Πάλιν
2424 3955 2517 4010 ἐπὶ
2555 3957 2624 4011 τὰ
2653 3959 2752 4027 τῆς
2807 3957 3046 4022 παλαιᾶς
3077 3960 3328 4030 πρόεισιν
3353 3960 3595 4032 ἱστορίας
3619 3977 3636 3992 ο
3668 3962 3736 4016 τὸ

2145 4047 2222 4114 δὲ,
2247 4049 2320 4103 οὐ
2348 4048 2502 4104 θέλω
2525 4048 2683 4118 ὑμᾶς
2717 4050 2981 4120 ἀγνοεῖν,
3000 4050 3342 4116 δεικνύοντός
3365 4054 3536 4116 ἐστιν,
3567 4053 3645 4117 ὼς
3666 4056 3732 4106 οὐ

2147 4139 2349 4210 σφόδρα
2395 4135 2537 4211 ἦσαν
2582 4140 2754 4194 ταῦτα
2786 4142 3234 4214 πεπαιδευμένοι.
3271 4145 3429 4208 Τίνος
3451 4144 3508 4198 δὲ
3536 4145 3732 4199 ἕνεκεν

2143 4233 2203 4285 τὸ
2233 4233 2538 4304 ὑπόδειγμα
2569 4232 2809 4305 τίθησιν,
2844 4233 2878 4305 ἢ
2915 4234 3004 4289 ἵνα
3033 4235 3206 4308 δείξῃ,
3243 4237 3349 4303 ὅτι,
3379 4235 3574 4309 ὥσπερ
3624 4239 3732 4291 οὐκ

2143 4324 2353 4396 ῶνησεν
2401 4325 2649 4390 ἐκείνους
2699 4325 2761 4380 τὸ
2805 4329 3080 4397 τοσαύτης
3128 4329 3438 4384 ἀπολαῦσαι
3489 4330 3727 4399 δωρεᾶς,

2142 4416 2316 4481 οὕτως
2359 4418 2481 4472 οὐδὲ
2529 4418 2754 4482 τούτους
2786 4420 2881 4473 τοῦ
2922 4419 3307 4492 βαπτίσματος
3364 4425 3572 4492 τυχεῖν,
3628 4424 3730 4476 καὶ

2146 4510 2466 4580 μυστηρίων
2501 4511 2894 4581 πνευματικῶν
2935 4513 3267 4580 ἀπολαῦσαι,
3297 4517 3347 4568 εί
3373 4514 3449 4586 μὴ
3475 4515 3729 4584 μέλλοιεν

2141 4601 2292 4667 ἀξιον
2315 4601 2418 4672 τῆς
2466 4601 2689 4672 χάριτος
2729 4603 3134 4659 ἐπιδείκνυσθαι
3181 4605 3316 4676 βίον.
3349 4608 3442 4661 Διὸ
3494 4609 3590 4661 καὶ
3626 4609 3726 4662 τοῦ

2143 4692 2518 4763 βαπτίσματος
2557 4695 2653 4748 καὶ
2681 4693 2790 4749 τῶν
2824 4698 3144 4768 μυστηρίων
3177 4700 3422 4771 παράγει
3475 4701 3604 4763 τοὺς
3632 4701 3727 4753 τύ·

2142 4799 2299 4845 πους.
2332 4783 2398 4835 Τί
2428 4783 2486 4836 δέ
2527 4784 2647 4838 ἐστι
2679 4786 2758 4852 τὸ,
2790 4789 2878 4853 εἰς
2911 4788 3020 4842 τὸν
3061 4789 3333 4859 Μωῦσῆν
3357 4791 3729 4860 ἐϐαπτίσθη-

2141 4888 2262 4926 σαν
2282 4889 2300 4937 ;
2323 4874 2596 4948 Καθάπερ
2636 4880 2800 4946 ἡμεῖς
2826 4879 2903 4950 τῷ
2927 4881 3153 4952 Χριστῷ
3183 4883 3598 4948 πιστεύσαντες,
3630 4887 3729 4940 καὶ

2139 4965 2206 5034 τῇ
2227 4965 2522 5020 ἀναστάσει
2545 4969 2732 5036 αὐτοῦ,
2768 4970 3170 5044 βαπτιζόμεθα,
3203 4975 3280 5039 ὡς
3310 4977 3406 5029 καὶ
3428 4977 3586 5030 αὐτοὶ
3611 4977 3724 5030 τῶν

2140 5054 2321 5110 αὐτῶν
2368 5061 2798 5130 κοινωνήσαντες
2824 5079 2838 5092 ·
2873 5062 3253 5136 βαηιξόμεθα
3296 5067 3407 5139 γάρ
3441 5069 3582 5140 ὑπὲρ
3613 5070 3727 5124 τῶν

2140 5146 2372 5219 νεκρῶν,
2405 5149 2651 5204 τουτέστι
2687 5155 2958 5223 σωμάτων
2980 5172 2993 5186 ο
3039 5156 3183 5212 οὕτω
3217 5161 3311 5213 καὶ
3344 5162 3546 5215 ἐκεῖνοι
3589 5162 3725 5234 θαρ-

2143 5237 2405 5306 σήσαντες
2437 5238 2514 5308 τῷ
2539 5241 2773 5312 Μωῦσῇ,
2809 5244 3117 5311 τουτέστιν,
3164 5248 3364 5312 ἰδόντες
3405 5251 3572 5305 αὐτὸν
3602 5255 3727 5306 δια-

2141 5328 2311 5384 ϐάντα
2331 5331 2569 5401 πρῶτον,
2600 5334 3018 5406 κατετόλμησαν
3043 5341 3138 5393 καὶ
3162 5342 3320 5394 αὐτοὶ
3349 5344 3457 5398 τῶν
3488 5346 3726 5400 ὑδάτων·

2142 5422 2257 5475 ἀλλ’
2297 5425 2485 5495 ἐπειδὴ
2517 5424 2767 5495 βούλεται
2802 5429 2895 5483 τὸν
2917 5430 3090 5486 τύπον
3120 5434 3290 5502 ἐγγὺς
3318 5437 3419 5506 τῆς
3464 5439 3729 5508 ἀληθείας

2141 5515 2392 5583 ἀγαγεῖν,
2436 5518 2497 5569 οὐ
2545 5516 2694 5586 λέγει
2744 5519 2939 5586 οὕτως,
2987 5524 3124 5578 ἀλλά
3152 5530 3265 5589 τοῖς
3311 5528 3410 5596 τῆς
3463 5530 3727 5600 ἀληθειας

2139 5606 2367 5676 ὀνόμασι
2399 5609 2662 5680 κέχρηται
2692 5613 2786 5665 καὶ
2820 5615 2912 5666 ἐπὶ
2935 5617 3028 5668 τοῦ
3067 5618 3260 5672 τύπου.
3298 5621 3409 5674 Καὶ
3432 5622 3590 5675 τοῦτο
3620 5623 3726 5694 μὲν

2142 5697 2235 5750 τοῦ
2299 5699 2532 5770 λούτρου
2591 5702 2904 5771 σύμϐολον·
2971 5708 3038 5762 τά
3093 5709 3149 5762 δὲ
3206 5712 3344 5788 μετὰ
3385 5713 3581 5782 ταῦτα,
3620 5715 3723 5786 τῆς
