  <div class='ocr_page' id='page_1' title='image "/cluster/home/n/w/nwhite01/storage/ocr_20150623/95:no.2/coo.31924054869999/330.png"; bbox 0 0 3972 6394; ppageno 0'>
   <div class='ocr_carea' id='block_1_1' title="bbox 232 266 1800 337">
    <p class='ocr_par' dir='ltr' id='par_1_1' title="bbox 232 267 1800 337">
     <span class='ocr_line' id='line_1_1' title="bbox 232 267 1800 337; baseline -0.008 0"><span class='ocrx_word' id='word_1_1' title='bbox 232 271 323 337; x_wconf 75' lang='grc'><strong>645</strong></span> <span class='ocrx_word' id='word_1_2' title='bbox 1391 269 1466 327; x_wconf 84' lang='grc' dir='ltr'>ΙΝ</span> <span class='ocrx_word' id='word_1_3' title='bbox 1511 267 1751 327; x_wconf 87' lang='lat' dir='ltr'>EPIST.</span> <span class='ocrx_word' id='word_1_4' title='bbox 1794 317 1800 325; x_wconf 88' lang='lat'><strong>.</strong></span> 
     </span>
    </p>
   </div>
   <div class='ocr_carea' id='block_1_2' title="bbox 1925 266 3493 337">
    <p class='ocr_par' dir='ltr' id='par_1_2' title="bbox 1934 266 3493 336">
     <span class='ocr_line' id='line_1_2' title="bbox 1934 266 3493 336; baseline 0.007 -11"><span class='ocrx_word' id='word_1_5' title='bbox 1934 266 2294 328; x_wconf 81' lang='lat' dir='ltr'><strong>CORINTH.</strong></span> <span class='ocrx_word' id='word_1_6' title='bbox 2337 269 2387 327; x_wconf 95' lang='grc' dir='ltr'><strong>Ι.</strong></span> <span class='ocrx_word' id='word_1_7' title='bbox 3391 272 3493 336; x_wconf 71' lang='grc'><strong>646</strong></span> 
     </span>
    </p>
   </div>
   <div class='ocr_carea' id='block_1_3' title="bbox 234 379 1802 456">
    <p class='ocr_par' dir='ltr' id='par_1_3' title="bbox 234 379 1802 456">
     <span class='ocr_line' id='line_1_3' title="bbox 234 379 1802 456; baseline -0.003 -19"><span class='ocrx_word' id='word_1_8' title='bbox 234 385 374 456; x_wconf 72' lang='grc' dir='ltr'>ἱερᾶς</span> <span class='ocrx_word' id='word_1_9' title='bbox 403 381 710 455; x_wconf 78' lang='grc' dir='ltr'>τραπέζης.</span> <span class='ocrx_word' id='word_1_10' title='bbox 743 381 1013 453; x_wconf 81' lang='grc' dir='ltr'><strong>Καθάπερ</strong></span> <span class='ocrx_word' id='word_1_11' title='bbox 1040 379 1150 452; x_wconf 80' lang='grc' dir='ltr'><strong>γὰρ</strong></span> <span class='ocrx_word' id='word_1_12' title='bbox 1180 381 1342 451; x_wconf 81' lang='grc' dir='ltr'><strong>ἡμεῖς</strong></span> <span class='ocrx_word' id='word_1_13' title='bbox 1361 380 1424 434; x_wconf 85' lang='grc' dir='ltr'><strong>τὸ</strong></span> <span class='ocrx_word' id='word_1_14' title='bbox 1453 380 1615 452; x_wconf 90' lang='grc' dir='ltr'>σῶμα</span> <span class='ocrx_word' id='word_1_15' title='bbox 1645 380 1802 434; x_wconf 77' lang='grc' dir='ltr'>ἐσθίοι</span> 
     </span>
    </p>
   </div>
   <div class='ocr_carea' id='block_1_4' title="bbox 1921 379 3489 456">
    <p class='ocr_par' dir='ltr' id='par_1_4' title="bbox 1921 380 3489 452">
     <span class='ocr_line' id='line_1_4' title="bbox 1921 380 3489 452; baseline 0.002 -16"><span class='ocrx_word' id='word_1_16' title='bbox 1921 381 2252 451; x_wconf 89' lang='lat' dir='ltr'><strong>baptismum</strong></span> <span class='ocrx_word' id='word_1_17' title='bbox 2281 399 2298 448; x_wconf 87' lang='lat'>;</span> <span class='ocrx_word' id='word_1_18' title='bbox 2342 395 2463 451; x_wconf 71' lang='lat' dir='ltr'><strong>qua:</strong></span> <span class='ocrx_word' id='word_1_19' title='bbox 2492 396 2622 437; x_wconf 85' lang='lat' dir='ltr'><strong>vero</strong></span> <span class='ocrx_word' id='word_1_20' title='bbox 2662 380 2896 452; x_wconf 99' lang='lat' dir='ltr'><strong>posthac</strong></span> <span class='ocrx_word' id='word_1_21' title='bbox 2925 389 3119 437; x_wconf 89' lang='lat' dir='ltr'><strong>secuta</strong></span> <span class='ocrx_word' id='word_1_22' title='bbox 3155 390 3306 448; x_wconf 88' lang='lat' dir='ltr'><strong>sunt,</strong></span> <span class='ocrx_word' id='word_1_23' title='bbox 3343 399 3489 439; x_wconf 83' lang='lat' dir='ltr'><strong>tuen-</strong></span> 
     </span>
    </p>
   </div>
   <div class='ocr_carea' id='block_1_5' title="bbox 242 473 1810 556">
    <p class='ocr_par' dir='ltr' id='par_1_5' title="bbox 242 474 1810 556">
     <span class='ocr_line' id='line_1_5' title="bbox 242 474 1810 556; baseline -0.003 -26"><span class='ocrx_word' id='word_1_24' title='bbox 242 494 332 548; x_wconf 87' lang='grc' dir='ltr'><strong>μεν</strong></span> <span class='ocrx_word' id='word_1_25' title='bbox 384 477 452 530; x_wconf 81' lang='grc' dir='ltr'><strong>τὸ</strong></span> <span class='ocrx_word' id='word_1_26' title='bbox 483 474 842 540; x_wconf 79' lang='grc' dir='ltr'>Δεσποτικὺν,</span> <span class='ocrx_word' id='word_1_27' title='bbox 881 475 1026 529; x_wconf 78' lang='grc' dir='ltr'>οὕτω</span> <span class='ocrx_word' id='word_1_28' title='bbox 1067 474 1311 527; x_wconf 78' lang='grc' dir='ltr'>κάκεῖνοι</span> <span class='ocrx_word' id='word_1_29' title='bbox 1351 474 1414 527; x_wconf 83' lang='grc' dir='ltr'><strong>τὸ</strong></span> <span class='ocrx_word' id='word_1_30' title='bbox 1469 474 1680 556; x_wconf 82' lang='grc' dir='ltr'>μάννα·</span> <span class='ocrx_word' id='word_1_31' title='bbox 1718 474 1810 528; x_wconf 61' lang='grc' dir='ltr'><strong>καλ¹</strong></span> 
     </span>
    </p>
   </div>
   <div class='ocr_carea' id='block_1_6' title="bbox 1928 473 3496 556">
    <p class='ocr_par' dir='ltr' id='par_1_6' title="bbox 1928 473 3496 544">
     <span class='ocr_line' id='line_1_6' title="bbox 1928 473 3496 544; baseline 0.001 -15"><span class='ocrx_word' id='word_1_32' title='bbox 1928 488 2033 529; x_wconf 67' lang='lat' dir='ltr'><strong>iam</strong></span> <span class='ocrx_word' id='word_1_33' title='bbox 2084 488 2303 529; x_wconf 84' lang='lat' dir='ltr'><strong>sacram</strong></span> <span class='ocrx_word' id='word_1_34' title='bbox 2353 473 2689 544; x_wconf 79' lang='lat' dir='ltr'><strong>signiﬁcant.</strong></span> <span class='ocrx_word' id='word_1_35' title='bbox 2748 474 2887 529; x_wconf 80' lang='lat' dir='ltr'><strong>Nam</strong></span> <span class='ocrx_word' id='word_1_36' title='bbox 2951 475 3101 530; x_wconf 91' lang='lat' dir='ltr'><strong>sicut</strong></span> <span class='ocrx_word' id='word_1_37' title='bbox 3145 473 3496 539; x_wconf 81' lang='lat' dir='ltr'><strong>Dominirum</strong></span> 
     </span>
    </p>
   </div>
   <div class='ocr_carea' id='block_1_7' title="bbox 232 563 1800 640">
    <p class='ocr_par' dir='ltr' id='par_1_7' title="bbox 232 563 1800 640">
     <span class='ocr_line' id='line_1_7' title="bbox 232 563 1800 640; baseline -0.002 -17"><span class='ocrx_word' id='word_1_38' title='bbox 232 570 371 624; x_wconf 82' lang='grc' dir='ltr'>ῶσπε</span> <span class='ocrx_word' id='word_1_39' title='bbox 381 587 412 638; x_wconf 87' lang='grc' dir='ltr'><strong>ρ</strong></span> <span class='ocrx_word' id='word_1_40' title='bbox 443 570 607 640; x_wconf 75' lang='grc' dir='ltr'>ἡμεῖς</span> <span class='ocrx_word' id='word_1_41' title='bbox 636 568 699 622; x_wconf 81' lang='grc' dir='ltr'>τὸ</span> <span class='ocrx_word' id='word_1_42' title='bbox 730 563 874 638; x_wconf 72' lang='grc' dir='ltr'>αἷμα</span> <span class='ocrx_word' id='word_1_43' title='bbox 928 567 1166 638; x_wconf 80' lang='grc' dir='ltr'><strong>πίνομεν</strong></span> <span class='ocrx_word' id='word_1_44' title='bbox 1200 567 1264 621; x_wconf 82' lang='grc' dir='ltr'>τὸ</span> <span class='ocrx_word' id='word_1_45' title='bbox 1289 568 1640 632; x_wconf 75' lang='grc' dir='ltr'>Δεσποτικὸν,</span> <span class='ocrx_word' id='word_1_46' title='bbox 1670 567 1800 621; x_wconf 77' lang='grc' dir='ltr'>οὖτα</span> 
     </span>
    </p>
   </div>
   <div class='ocr_carea' id='block_1_8' title="bbox 1924 563 3492 640">
    <p class='ocr_par' dir='ltr' id='par_1_8' title="bbox 1924 566 3492 635">
     <span class='ocr_line' id='line_1_8' title="bbox 1924 566 3492 635; baseline 0.001 -15"><span class='ocrx_word' id='word_1_47' title='bbox 1924 580 2122 635; x_wconf 82' lang='lat' dir='ltr'><strong>corpus</strong></span> <span class='ocrx_word' id='word_1_48' title='bbox 2176 566 2414 632; x_wconf 87' lang='lat' dir='ltr'><strong>edimus,</strong></span> <span class='ocrx_word' id='word_1_49' title='bbox 2451 566 2532 621; x_wconf 91' lang='lat' dir='ltr'><strong>sic</strong></span> <span class='ocrx_word' id='word_1_50' title='bbox 2570 577 2624 620; x_wconf 90' lang='lat' dir='ltr'><strong>et</strong></span> <span class='ocrx_word' id='word_1_51' title='bbox 2667 567 2746 621; x_wconf 90' lang='lat' dir='ltr'><strong>illi</strong></span> <span class='ocrx_word' id='word_1_52' title='bbox 2785 583 2984 622; x_wconf 90' lang='lat' dir='ltr'><strong>manna</strong></span> <span class='ocrx_word' id='word_1_53' title='bbox 3021 588 3035 622; x_wconf 93' lang='lat'><strong>:</strong></span> <span class='ocrx_word' id='word_1_54' title='bbox 3083 575 3139 622; x_wconf 89' lang='lat' dir='ltr'><strong>et</strong></span> <span class='ocrx_word' id='word_1_55' title='bbox 3170 569 3337 624; x_wconf 88' lang='lat' dir='ltr'><strong>veluti</strong></span> <span class='ocrx_word' id='word_1_56' title='bbox 3373 583 3492 622; x_wconf 90' lang='lat' dir='ltr'><strong>san-</strong></span> 
     </span>
    </p>
   </div>
   <div class='ocr_carea' id='block_1_9' title="bbox 233 655 1801 733">
    <p class='ocr_par' dir='ltr' id='par_1_9' title="bbox 233 655 1801 733">
     <span class='ocr_line' id='line_1_9' title="bbox 233 655 1801 733; baseline -0.003 -17"><span class='ocrx_word' id='word_1_57' title='bbox 233 666 475 718; x_wconf 78' lang='grc' dir='ltr'>κάκεῖνοι</span> <span class='ocrx_word' id='word_1_58' title='bbox 506 661 651 732; x_wconf 83' lang='grc' dir='ltr'>ὓδωρ</span> <span class='ocrx_word' id='word_1_59' title='bbox 680 663 746 714; x_wconf 84' lang='grc' dir='ltr'><strong>ἐκ</strong></span> <span class='ocrx_word' id='word_1_60' title='bbox 769 661 1000 733; x_wconf 81' lang='grc' dir='ltr'><strong>πέτρας.</strong></span> <span class='ocrx_word' id='word_1_61' title='bbox 1035 661 1100 714; x_wconf 69' lang='lat' dir='ltr'><strong>Et</strong></span> <span class='ocrx_word' id='word_1_62' title='bbox 1130 659 1238 729; x_wconf 84' lang='grc' dir='ltr'>γὰρ</span> <span class='ocrx_word' id='word_1_63' title='bbox 1272 660 1368 713; x_wconf 67' lang='grc' dir='ltr'><strong>κα)⁸</strong></span> <span class='ocrx_word' id='word_1_64' title='bbox 1392 658 1632 730; x_wconf 79' lang='grc' dir='ltr'>αἰσθητὰ</span> <span class='ocrx_word' id='word_1_65' title='bbox 1657 655 1726 730; x_wconf 81' lang='grc' dir='ltr'>ἦν</span> <span class='ocrx_word' id='word_1_66' title='bbox 1744 658 1801 712; x_wconf 76' lang='grc' dir='ltr'>τὰ</span> 
     </span>
    </p>
   </div>
   <div class='ocr_carea' id='block_1_10' title="bbox 1927 655 3495 733">
    <p class='ocr_par' dir='ltr' id='par_1_10' title="bbox 1927 659 3495 731">
     <span class='ocr_line' id='line_1_10' title="bbox 1927 659 3495 731; baseline 0 -19"><span class='ocrx_word' id='word_1_67' title='bbox 1927 661 2134 729; x_wconf 72' lang='lat' dir='ltr'><strong>guinem</strong></span> <span class='ocrx_word' id='word_1_68' title='bbox 2168 659 2391 714; x_wconf 89' lang='lat' dir='ltr'><strong>Domini</strong></span> <span class='ocrx_word' id='word_1_69' title='bbox 2423 659 2686 722; x_wconf 87' lang='lat' dir='ltr'><strong>bibimus.</strong></span> <span class='ocrx_word' id='word_1_70' title='bbox 2721 660 2798 714; x_wconf 89' lang='lat' dir='ltr'><strong>ita</strong></span> <span class='ocrx_word' id='word_1_71' title='bbox 2828 668 2884 715; x_wconf 91' lang='lat' dir='ltr'><strong>et</strong></span> <span class='ocrx_word' id='word_1_72' title='bbox 2919 661 2996 715; x_wconf 89' lang='lat' dir='ltr'><strong>illi</strong></span> <span class='ocrx_word' id='word_1_73' title='bbox 3040 676 3240 730; x_wconf 86' lang='lat' dir='ltr'><strong>aquam</strong></span> <span class='ocrx_word' id='word_1_74' title='bbox 3279 677 3309 716; x_wconf 91' lang='lat' dir='ltr'><strong>e</strong></span> <span class='ocrx_word' id='word_1_75' title='bbox 3344 668 3495 731; x_wconf 80' lang='lat' dir='ltr'><strong>petra</strong></span> 
     </span>
    </p>
   </div>
   <div class='ocr_carea' id='block_1_11' title="bbox 231 750 1799 827">
    <p class='ocr_par' dir='ltr' id='par_1_11' title="bbox 231 751 1799 827">
     <span class='ocr_line' id='line_1_11' title="bbox 231 751 1799 827; baseline -0.001 -18"><span class='ocrx_word' id='word_1_76' title='bbox 231 758 502 827; x_wconf 74' lang='grc' dir='ltr'><strong>διδόμενα,</strong></span> <span class='ocrx_word' id='word_1_77' title='bbox 555 755 696 808; x_wconf 81' lang='grc' dir='ltr'>ἀλλὰ</span> <span class='ocrx_word' id='word_1_78' title='bbox 737 753 1129 826; x_wconf 84' lang='grc' dir='ltr'><strong>πνευματικῶς</strong></span> <span class='ocrx_word' id='word_1_79' title='bbox 1180 753 1508 826; x_wconf 86' lang='grc' dir='ltr'>παρείχετο,</span> <span class='ocrx_word' id='word_1_80' title='bbox 1567 751 1799 807; x_wconf 75' lang='grc' dir='ltr'>ού.κατᾶ</span> 
     </span>
    </p>
   </div>
   <div class='ocr_carea' id='block_1_12' title="bbox 1926 750 3494 827">
    <p class='ocr_par' dir='ltr' id='par_1_12' title="bbox 1926 750 3494 822">
     <span class='ocr_line' id='line_1_12' title="bbox 1926 750 3494 822; baseline 0.003 -20"><span class='ocrx_word' id='word_1_81' title='bbox 1926 759 2256 806; x_wconf 87' lang='lat' dir='ltr'><strong>manantem.</strong></span> <span class='ocrx_word' id='word_1_82' title='bbox 2295 750 2434 806; x_wconf 88' lang='lat' dir='ltr'><strong>Nam</strong></span> <span class='ocrx_word' id='word_1_83' title='bbox 2475 750 2734 822; x_wconf 81' lang='lat' dir='ltr'><strong>quamvis</strong></span> <span class='ocrx_word' id='word_1_84' title='bbox 2790 751 3083 806; x_wconf 87' lang='lat' dir='ltr'><strong>sensibilia</strong></span> <span class='ocrx_word' id='word_1_85' title='bbox 3143 759 3331 808; x_wconf 86' lang='lat' dir='ltr'><strong>essent</strong></span> <span class='ocrx_word' id='word_1_86' title='bbox 3379 766 3494 822; x_wconf 58' lang='lat' dir='ltr'><strong>quae</strong></span> 
     </span>
    </p>
   </div>
   <div class='ocr_carea' id='block_1_13' title="bbox 229 843 1797 920">
    <p class='ocr_par' dir='ltr' id='par_1_13' title="bbox 229 844 1797 920">
     <span class='ocr_line' id='line_1_13' title="bbox 229 844 1797 920; baseline -0.003 -18"><span class='ocrx_word' id='word_1_87' title='bbox 229 849 443 917; x_wconf 81' lang='grc' dir='ltr'>φύσεως</span> <span class='ocrx_word' id='word_1_88' title='bbox 475 846 828 914; x_wconf 79' lang='grc' dir='ltr'><strong>ἀκολουθίαν,</strong></span> <span class='ocrx_word' id='word_1_89' title='bbox 863 847 1005 901; x_wconf 79' lang='grc' dir='ltr'>ἀλλὰ</span> <span class='ocrx_word' id='word_1_90' title='bbox 1035 847 1182 900; x_wconf 82' lang='grc' dir='ltr'>κατὰ</span> <span class='ocrx_word' id='word_1_91' title='bbox 1214 847 1426 918; x_wconf 82' lang='grc' dir='ltr'>δωρεᾶς</span> <span class='ocrx_word' id='word_1_92' title='bbox 1472 846 1634 920; x_wconf 83' lang='grc' dir='ltr'>χάριν</span> <span class='ocrx_word' id='word_1_93' title='bbox 1654 862 1668 878; x_wconf 77' lang='grc'><strong>⁸</strong></span> <span class='ocrx_word' id='word_1_94' title='bbox 1715 844 1797 899; x_wconf 57' lang='grc' dir='ltr'>καῖ</span> 
     </span>
    </p>
   </div>
   <div class='ocr_carea' id='block_1_14' title="bbox 1925 843 3493 920">
    <p class='ocr_par' dir='ltr' id='par_1_14' title="bbox 1925 843 3493 915">
     <span class='ocr_line' id='line_1_14' title="bbox 1925 843 3493 915; baseline 0.003 -18"><span class='ocrx_word' id='word_1_95' title='bbox 1925 843 2214 910; x_wconf 79' lang='lat' dir='ltr'><strong>dabantur,</strong></span> <span class='ocrx_word' id='word_1_96' title='bbox 2251 845 2620 915; x_wconf 88' lang='lat' dir='ltr'><strong>spiritualiter</strong></span> <span class='ocrx_word' id='word_1_97' title='bbox 2656 853 2841 900; x_wconf 88' lang='lat' dir='ltr'><strong>tamen</strong></span> <span class='ocrx_word' id='word_1_98' title='bbox 2901 845 3328 913; x_wconf 82' lang='lat' dir='ltr'><strong>praebebantur:</strong></span> <span class='ocrx_word' id='word_1_99' title='bbox 3385 863 3493 902; x_wconf 90' lang='lat' dir='ltr'><strong>non</strong></span> 
     </span>
    </p>
   </div>
   <div class='ocr_carea' id='block_1_15' title="bbox 231 923 1799 1008">
    <p class='ocr_par' dir='ltr' id='par_1_15' title="bbox 231 934 1799 1008">
     <span class='ocr_line' id='line_1_15' title="bbox 231 934 1799 1008; baseline 0 -18"><span class='ocrx_word' id='word_1_100' title='bbox 231 936 484 1008; x_wconf 87' lang='grc' dir='ltr'>μετὰτοῦ</span> <span class='ocrx_word' id='word_1_101' title='bbox 516 934 772 1008; x_wconf 84' lang='grc' dir='ltr'>σώματος</span> <span class='ocrx_word' id='word_1_102' title='bbox 828 935 928 1008; x_wconf 87' lang='grc' dir='ltr'><strong>τὴν</strong></span> <span class='ocrx_word' id='word_1_103' title='bbox 971 935 1153 1008; x_wconf 80' lang='grc' dir='ltr'>ψυχὴν</span> <span class='ocrx_word' id='word_1_104' title='bbox 1201 935 1456 1007; x_wconf 76' lang='grc' dir='ltr'>ἔτρεφεν,</span> <span class='ocrx_word' id='word_1_105' title='bbox 1505 939 1586 999; x_wconf 76' lang='grc' dir='ltr'>εἰς</span> <span class='ocrx_word' id='word_1_106' title='bbox 1625 936 1799 990; x_wconf 72' lang='grc' dir='ltr'>πίστιι</span> 
     </span>
    </p>
   </div>
   <div class='ocr_carea' id='block_1_16' title="bbox 1927 923 3495 1008">
    <p class='ocr_par' dir='ltr' id='par_1_16' title="bbox 1927 923 3495 1004">
     <span class='ocr_line' id='line_1_16' title="bbox 1927 923 3495 1004; baseline 0.003 -14"><span class='ocrx_word' id='word_1_107' title='bbox 1927 935 2225 991; x_wconf 79' lang='lat' dir='ltr'><strong>secundum</strong></span> <span class='ocrx_word' id='word_1_108' title='bbox 2254 945 2467 992; x_wconf 67' lang='lat' dir='ltr'><strong>naturae</strong></span> <span class='ocrx_word' id='word_1_109' title='bbox 2490 923 2767 1004; x_wconf 84' lang='lat' dir='ltr'><strong>ordinem,</strong></span> <span class='ocrx_word' id='word_1_110' title='bbox 2793 936 2888 992; x_wconf 90' lang='lat' dir='ltr'><strong>sed</strong></span> <span class='ocrx_word' id='word_1_111' title='bbox 2913 935 3217 992; x_wconf 89' lang='lat' dir='ltr'><strong>secundum</strong></span> <span class='ocrx_word' id='word_1_112' title='bbox 3250 939 3495 995; x_wconf 89' lang='lat' dir='ltr'><strong>muneris</strong></span> 
     </span>
    </p>
   </div>
   <div class='ocr_carea' id='block_1_17' title="bbox 230 1027 1798 1102">
    <p class='ocr_par' dir='ltr' id='par_1_17' title="bbox 230 1027 1798 1102">
     <span class='ocr_line' id='line_1_17' title="bbox 230 1027 1798 1102; baseline 0.003 -20"><span class='ocrx_word' id='word_1_113' title='bbox 230 1033 510 1098; x_wconf 82' lang='grc' dir='ltr'>ἐνάγοντα.</span> <span class='ocrx_word' id='word_1_114' title='bbox 539 1028 640 1082; x_wconf 86' lang='grc' dir='ltr'><strong>Διὰ</strong></span> <span class='ocrx_word' id='word_1_115' title='bbox 656 1027 818 1082; x_wconf 83' lang='grc' dir='ltr'>τοῦτο</span> <span class='ocrx_word' id='word_1_116' title='bbox 840 1029 969 1100; x_wconf 78' lang='grc' dir='ltr'>περὶ</span> <span class='ocrx_word' id='word_1_117' title='bbox 992 1029 1092 1100; x_wconf 83' lang='grc' dir='ltr'>μὲν</span> <span class='ocrx_word' id='word_1_118' title='bbox 1114 1031 1214 1099; x_wconf 85' lang='grc' dir='ltr'><strong>τῆς</strong></span> <span class='ocrx_word' id='word_1_119' title='bbox 1234 1031 1444 1102; x_wconf 81' lang='grc' dir='ltr'><strong>τροφῆς</strong></span> <span class='ocrx_word' id='word_1_120' title='bbox 1459 1031 1612 1086; x_wconf 78' lang='grc' dir='ltr'>οὐδὲν</span> <span class='ocrx_word' id='word_1_121' title='bbox 1633 1027 1798 1086; x_wconf 67' lang='grc' dir='ltr'>εἶπεν</span> 
     </span>
    </p>
   </div>
   <div class='ocr_carea' id='block_1_18' title="bbox 1927 1027 3495 1102">
    <p class='ocr_par' dir='ltr' id='par_1_18' title="bbox 1927 1027 3495 1098">
     <span class='ocr_line' id='line_1_18' title="bbox 1927 1027 3495 1098; baseline 0.001 -18"><span class='ocrx_word' id='word_1_122' title='bbox 1927 1027 2190 1098; x_wconf 71' lang='lat' dir='ltr'><strong>gratiam;</strong></span> <span class='ocrx_word' id='word_1_123' title='bbox 2219 1036 2386 1098; x_wconf 87' lang='lat' dir='ltr'><strong>atque</strong></span> <span class='ocrx_word' id='word_1_124' title='bbox 2430 1042 2540 1082; x_wconf 91' lang='lat' dir='ltr'><strong>una</strong></span> <span class='ocrx_word' id='word_1_125' title='bbox 2571 1042 2696 1082; x_wconf 91' lang='lat' dir='ltr'><strong>cum</strong></span> <span class='ocrx_word' id='word_1_126' title='bbox 2728 1041 2965 1098; x_wconf 88' lang='lat' dir='ltr'><strong>corpore</strong></span> <span class='ocrx_word' id='word_1_127' title='bbox 3003 1029 3253 1081; x_wconf 86' lang='lat' dir='ltr'><strong>animum</strong></span> <span class='ocrx_word' id='word_1_128' title='bbox 3284 1029 3495 1083; x_wconf 90' lang='lat' dir='ltr'><strong>nutrie-</strong></span> 
     </span>
    </p>
   </div>
   <div class='ocr_carea' id='block_1_19' title="bbox 228 1114 1796 1195">
    <p class='ocr_par' dir='ltr' id='par_1_19' title="bbox 228 1114 1796 1195">
     <span class='ocr_line' id='line_1_19' title="bbox 228 1114 1796 1195; baseline 0.003 -23"><span class='ocrx_word' id='word_1_129' title='bbox 228 1119 605 1190; x_wconf 78' lang='grc' dir='ltr'><strong>ἐξηλλαγμένη</strong></span> <span class='ocrx_word' id='word_1_130' title='bbox 653 1120 768 1191; x_wconf 83' lang='grc' dir='ltr'>γὰρ</span> <span class='ocrx_word' id='word_1_131' title='bbox 795 1114 900 1192; x_wconf 84' lang='grc' dir='ltr'><strong>ἦν·</strong></span> <span class='ocrx_word' id='word_1_132' title='bbox 931 1121 1024 1174; x_wconf 78' lang='grc' dir='ltr'>ἐπὶ</span> <span class='ocrx_word' id='word_1_133' title='bbox 1069 1120 1131 1174; x_wconf 86' lang='grc' dir='ltr'><strong>δὲ</strong></span> <span class='ocrx_word' id='word_1_134' title='bbox 1180 1120 1277 1175; x_wconf 81' lang='grc' dir='ltr'>τοῦ</span> <span class='ocrx_word' id='word_1_135' title='bbox 1329 1122 1521 1188; x_wconf 81' lang='grc' dir='ltr'>πότου,</span> <span class='ocrx_word' id='word_1_136' title='bbox 1568 1123 1796 1195; x_wconf 53' lang='lat' dir='ltr'><strong>enatant.</strong></span> 
     </span>
    </p>
   </div>
   <div class='ocr_carea' id='block_1_20' title="bbox 1929 1114 3497 1195">
    <p class='ocr_par' dir='ltr' id='par_1_20' title="bbox 1929 1115 3497 1188">
     <span class='ocr_line' id='line_1_20' title="bbox 1929 1115 3497 1188; baseline -0.003 -14"><span class='ocrx_word' id='word_1_137' title='bbox 1929 1125 2070 1182; x_wconf 69' lang='lat' dir='ltr'><strong>dant,</strong></span> <span class='ocrx_word' id='word_1_138' title='bbox 2109 1133 2273 1188; x_wconf 85' lang='lat' dir='ltr'><strong>quem</strong></span> <span class='ocrx_word' id='word_1_139' title='bbox 2313 1118 2379 1172; x_wconf 91' lang='lat' dir='ltr'><strong>ad</strong></span> <span class='ocrx_word' id='word_1_140' title='bbox 2415 1116 2576 1172; x_wconf 86' lang='lat' dir='ltr'><strong>ﬁdem</strong></span> <span class='ocrx_word' id='word_1_141' title='bbox 2603 1117 2945 1171; x_wconf 85' lang='lat' dir='ltr'><strong>attollerent.</strong></span> <span class='ocrx_word' id='word_1_142' title='bbox 2970 1115 3244 1182; x_wconf 84' lang='lat' dir='ltr'><strong>Quocirca</strong></span> <span class='ocrx_word' id='word_1_143' title='bbox 3280 1116 3348 1172; x_wconf 89' lang='lat' dir='ltr'><strong>de</strong></span> <span class='ocrx_word' id='word_1_144' title='bbox 3373 1117 3497 1171; x_wconf 85' lang='lat' dir='ltr'><strong>cibo</strong></span> 
     </span>
    </p>
   </div>
   <div class='ocr_carea' id='block_1_21' title="bbox 226 1208 1794 1288">
    <p class='ocr_par' dir='ltr' id='par_1_21' title="bbox 226 1209 1794 1288">
     <span class='ocr_line' id='line_1_21' title="bbox 226 1209 1794 1288; baseline 0.003 -22"><span class='ocrx_word' id='word_1_145' title='bbox 226 1213 426 1283; x_wconf 80' lang='grc' dir='ltr'>τρόπος</span> <span class='ocrx_word' id='word_1_146' title='bbox 456 1213 621 1284; x_wconf 86' lang='grc' dir='ltr'><strong>μόνος</strong></span> <span class='ocrx_word' id='word_1_147' title='bbox 639 1213 740 1284; x_wconf 83' lang='grc' dir='ltr'><strong>τῆς</strong></span> <span class='ocrx_word' id='word_1_148' title='bbox 759 1213 1054 1284; x_wconf 77' lang='grc' dir='ltr'><strong>χορηγίας,</strong></span> <span class='ocrx_word' id='word_1_149' title='bbox 1085 1214 1249 1284; x_wconf 87' lang='grc' dir='ltr'><strong>μόνος</strong></span> <span class='ocrx_word' id='word_1_150' title='bbox 1274 1209 1346 1284; x_wconf 76' lang='grc' dir='ltr'><strong>ἦν</strong></span> <span class='ocrx_word' id='word_1_151' title='bbox 1367 1215 1696 1288; x_wconf 84' lang='grc' dir='ltr'>παράδοξος,</span> <span class='ocrx_word' id='word_1_152' title='bbox 1717 1219 1794 1271; x_wconf 75' lang='grc' dir='ltr'>κα¹</span> 
     </span>
    </p>
   </div>
   <div class='ocr_carea' id='block_1_22' title="bbox 1927 1208 3495 1288">
    <p class='ocr_par' dir='ltr' id='par_1_22' title="bbox 1927 1208 3495 1283">
     <span class='ocr_line' id='line_1_22' title="bbox 1927 1208 3495 1283; baseline -0.003 -18"><span class='ocrx_word' id='word_1_153' title='bbox 1927 1210 2138 1283; x_wconf 62' lang='lat' dir='ltr'><strong>quidem</strong></span> <span class='ocrx_word' id='word_1_154' title='bbox 2170 1209 2419 1264; x_wconf 90' lang='lat' dir='ltr'><strong>narravit</strong></span> <span class='ocrx_word' id='word_1_155' title='bbox 2451 1209 2589 1263; x_wconf 86' lang='lat' dir='ltr'><strong>nihil</strong></span> <span class='ocrx_word' id='word_1_156' title='bbox 2619 1226 2634 1263; x_wconf 89' lang='lat'><strong>:</strong></span> <span class='ocrx_word' id='word_1_157' title='bbox 2680 1209 2886 1279; x_wconf 86' lang='lat' dir='ltr'><strong>quippe</strong></span> <span class='ocrx_word' id='word_1_158' title='bbox 2921 1208 3019 1278; x_wconf 89' lang='lat' dir='ltr'><strong>qui</strong></span> <span class='ocrx_word' id='word_1_159' title='bbox 3054 1209 3311 1263; x_wconf 87' lang='lat' dir='ltr'><strong>diversus</strong></span> <span class='ocrx_word' id='word_1_160' title='bbox 3358 1217 3495 1262; x_wconf 88' lang='lat' dir='ltr'><strong>erat.</strong></span> 
     </span>
    </p>
   </div>
   <div class='ocr_carea' id='block_1_23' title="bbox 227 1300 1795 1377">
    <p class='ocr_par' dir='ltr' id='par_1_23' title="bbox 227 1305 1795 1377">
     <span class='ocr_line' id='line_1_23' title="bbox 227 1305 1795 1377; baseline 0.004 -17"><span class='ocrx_word' id='word_1_161' title='bbox 227 1306 577 1377; x_wconf 79' lang='grc' dir='ltr'>κατασκευῆς</span> <span class='ocrx_word' id='word_1_162' title='bbox 615 1305 837 1377; x_wconf 86' lang='grc' dir='ltr'>ἐδεήθη,</span> <span class='ocrx_word' id='word_1_163' title='bbox 879 1305 961 1360; x_wconf 84' lang='grc' dir='ltr'><strong>διὸ</strong></span> <span class='ocrx_word' id='word_1_164' title='bbox 987 1305 1159 1362; x_wconf 79' lang='grc' dir='ltr'>εἰπὼν</span> <span class='ocrx_word' id='word_1_165' title='bbox 1187 1308 1272 1361; x_wconf 81' lang='grc' dir='ltr'>ὅτι</span> <span class='ocrx_word' id='word_1_166' title='bbox 1314 1308 1382 1361; x_wconf 86' lang='grc' dir='ltr'>τὸ</span> <span class='ocrx_word' id='word_1_167' title='bbox 1418 1311 1564 1364; x_wconf 85' lang='grc' dir='ltr'>αὐτὸ</span> <span class='ocrx_word' id='word_1_168' title='bbox 1600 1309 1795 1366; x_wconf 65' lang='grc' dir='ltr'>ἔπινον</span> 
     </span>
    </p>
   </div>
   <div class='ocr_carea' id='block_1_24' title="bbox 1930 1300 3498 1377">
    <p class='ocr_par' dir='ltr' id='par_1_24' title="bbox 1930 1300 3498 1373">
     <span class='ocr_line' id='line_1_24' title="bbox 1930 1300 3498 1373; baseline -0.001 -18"><span class='ocrx_word' id='word_1_169' title='bbox 1930 1303 2072 1370; x_wconf 68' lang='lat' dir='ltr'><strong>)uod</strong></span> <span class='ocrx_word' id='word_1_170' title='bbox 2105 1312 2290 1359; x_wconf 88' lang='lat' dir='ltr'><strong>autem</strong></span> <span class='ocrx_word' id='word_1_171' title='bbox 2318 1303 2388 1358; x_wconf 91' lang='lat' dir='ltr'><strong>ad</strong></span> <span class='ocrx_word' id='word_1_172' title='bbox 2439 1309 2629 1373; x_wconf 91' lang='lat' dir='ltr'><strong>potum</strong></span> <span class='ocrx_word' id='word_1_173' title='bbox 2661 1303 2884 1368; x_wconf 88' lang='lat' dir='ltr'><strong>attinet,</strong></span> <span class='ocrx_word' id='word_1_174' title='bbox 2919 1316 3045 1356; x_wconf 92' lang='lat' dir='ltr'><strong>cum</strong></span> <span class='ocrx_word' id='word_1_175' title='bbox 3077 1315 3191 1355; x_wconf 90' lang='lat' dir='ltr'><strong>uno</strong></span> <span class='ocrx_word' id='word_1_176' title='bbox 3229 1300 3498 1355; x_wconf 79' lang='lat' dir='ltr'><strong>duntaxat</strong></span> 
     </span>
    </p>
   </div>
   <div class='ocr_carea' id='block_1_25' title="bbox 225 1393 1793 1472">
    <p class='ocr_par' dir='ltr' id='par_1_25' title="bbox 225 1400 1793 1472">
     <span class='ocr_line' id='line_1_25' title="bbox 225 1400 1793 1472; baseline 0.004 -21"><span class='ocrx_word' id='word_1_177' title='bbox 225 1400 386 1467; x_wconf 71' lang='grc' dir='ltr'>πόμα</span> <span class='ocrx_word' id='word_1_178' title='bbox 422 1400 857 1468; x_wconf 74' lang='grc' dir='ltr'>πνευματικὸν,</span> <span class='ocrx_word' id='word_1_179' title='bbox 896 1400 1178 1470; x_wconf 79' lang='grc' dir='ltr'><strong>ἐπήγαγεν</strong></span> <span class='ocrx_word' id='word_1_180' title='bbox 1203 1414 1220 1432; x_wconf 78' lang='grc' dir='ltr'><strong>ο</strong></span> <span class='ocrx_word' id='word_1_181' title='bbox 1275 1403 1533 1456; x_wconf 82' lang='grc' dir='ltr'>Ἔπινον</span> <span class='ocrx_word' id='word_1_182' title='bbox 1578 1402 1690 1472; x_wconf 74' lang='grc' dir='ltr'>γὰρ</span> <span class='ocrx_word' id='word_1_183' title='bbox 1741 1405 1793 1457; x_wconf 63' lang='grc' dir='ltr'>ἐκ</span> 
     </span>
    </p>
   </div>
   <div class='ocr_carea' id='block_1_26' title="bbox 1929 1393 3497 1472">
    <p class='ocr_par' dir='ltr' id='par_1_26' title="bbox 1929 1393 3497 1468">
     <span class='ocr_line' id='line_1_26' title="bbox 1929 1393 3497 1468; baseline -0.005 -15"><span class='ocrx_word' id='word_1_184' title='bbox 1929 1396 2367 1468; x_wconf 68' lang='lat' dir='ltr'><strong>tuppe&#39;ditaretur</strong></span> <span class='ocrx_word' id='word_1_185' title='bbox 2399 1397 2583 1460; x_wconf 91' lang='lat' dir='ltr'><strong>modo,</strong></span> <span class='ocrx_word' id='word_1_186' title='bbox 2620 1394 2670 1449; x_wconf 89' lang='lat' dir='ltr'><strong>is</strong></span> <span class='ocrx_word' id='word_1_187' title='bbox 2695 1395 2851 1450; x_wconf 89' lang='lat' dir='ltr'><strong>solus</strong></span> <span class='ocrx_word' id='word_1_188' title='bbox 2877 1393 3227 1448; x_wconf 84' lang='lat' dir='ltr'><strong>admirabilis</strong></span> <span class='ocrx_word' id='word_1_189' title='bbox 3273 1404 3412 1456; x_wconf 85' lang='lat' dir='ltr'><strong>erat,</strong></span> <span class='ocrx_word' id='word_1_190' title='bbox 3447 1399 3497 1446; x_wconf 88' lang='lat' dir='ltr'><strong>et</strong></span> 
     </span>
    </p>
   </div>
   <div class='ocr_carea' id='block_1_27' title="bbox 226 1486 1794 1564">
    <p class='ocr_par' dir='ltr' id='par_1_27' title="bbox 226 1489 1794 1564">
     <span class='ocr_line' id='line_1_27' title="bbox 226 1489 1794 1564; baseline 0.006 -22"><span class='ocrx_word' id='word_1_191' title='bbox 226 1489 638 1559; x_wconf 79' lang='grc' dir='ltr'><strong>πνευματικῆς</strong></span> <span class='ocrx_word' id='word_1_192' title='bbox 660 1491 1127 1560; x_wconf 76' lang='grc' dir='ltr'><strong>ἀκολουθούσης</strong></span> <span class='ocrx_word' id='word_1_193' title='bbox 1150 1492 1375 1560; x_wconf 81' lang='grc' dir='ltr'><strong>πέτρας</strong></span> <span class='ocrx_word' id='word_1_194' title='bbox 1393 1509 1408 1524; x_wconf 87' lang='grc'><strong>·</strong></span> <span class='ocrx_word' id='word_1_195' title='bbox 1434 1495 1474 1561; x_wconf 80' lang='grc' dir='ltr'><strong><em>ή</em></strong></span> <span class='ocrx_word' id='word_1_196' title='bbox 1509 1494 1579 1547; x_wconf 83' lang='grc' dir='ltr'><strong>δὲ</strong></span> <span class='ocrx_word' id='word_1_197' title='bbox 1624 1495 1794 1564; x_wconf 79' lang='grc' dir='ltr'>πέτρι</span> 
     </span>
    </p>
   </div>
   <div class='ocr_carea' id='block_1_28' title="bbox 1929 1486 3497 1564">
    <p class='ocr_par' dir='ltr' id='par_1_28' title="bbox 1929 1486 3497 1558">
     <span class='ocr_line' id='line_1_28' title="bbox 1929 1486 3497 1558; baseline -0.004 -14"><span class='ocrx_word' id='word_1_198' title='bbox 1929 1489 2266 1558; x_wconf 71' lang='lat' dir='ltr'><strong>expositione</strong></span> <span class='ocrx_word' id='word_1_199' title='bbox 2311 1502 2454 1557; x_wconf 91' lang='lat' dir='ltr'><strong>opus</strong></span> <span class='ocrx_word' id='word_1_200' title='bbox 2500 1487 2718 1541; x_wconf 85' lang='lat' dir='ltr'><strong>habuit.</strong></span> <span class='ocrx_word' id='word_1_201' title='bbox 2779 1486 3154 1553; x_wconf 83' lang='lat' dir='ltr'><strong>Quamobrem</strong></span> <span class='ocrx_word' id='word_1_202' title='bbox 3202 1495 3497 1556; x_wconf 88' lang='lat' dir='ltr'><strong>postquam</strong></span> 
     </span>
    </p>
   </div>
   <div class='ocr_carea' id='block_1_29' title="bbox 226 1575 1794 1658">
    <p class='ocr_par' dir='ltr' id='par_1_29' title="bbox 226 1579 1794 1658">
     <span class='ocr_line' id='line_1_29' title="bbox 226 1579 1794 1658; baseline 0.001 -23"><span class='ocrx_word' id='word_1_203' title='bbox 226 1579 363 1650; x_wconf 56' lang='grc' dir='ltr'><strong>ἦντὸ</strong></span> <span class='ocrx_word' id='word_1_204' title='bbox 406 1582 689 1649; x_wconf 85' lang='grc' dir='ltr'>Χριστός.</span> <span class='ocrx_word' id='word_1_205' title='bbox 723 1583 863 1636; x_wconf 77' lang='grc' dir='ltr'><strong>Οὐδὲ</strong></span> <span class='ocrx_word' id='word_1_206' title='bbox 921 1585 1030 1654; x_wconf 83' lang='grc' dir='ltr'>γὰρ</span> <span class='ocrx_word' id='word_1_207' title='bbox 1087 1586 1122 1656; x_wconf 81' lang='grc' dir='ltr'>ἡ</span> <span class='ocrx_word' id='word_1_208' title='bbox 1160 1586 1258 1654; x_wconf 85' lang='grc' dir='ltr'><strong>τῆς</strong></span> <span class='ocrx_word' id='word_1_209' title='bbox 1305 1586 1510 1658; x_wconf 80' lang='grc' dir='ltr'>πέτρας</span> <span class='ocrx_word' id='word_1_210' title='bbox 1552 1585 1714 1656; x_wconf 81' lang='grc' dir='ltr'><strong>φύσις</strong></span> <span class='ocrx_word' id='word_1_211' title='bbox 1750 1588 1794 1642; x_wconf 74' lang='grc' dir='ltr'>τε</span> 
     </span>
    </p>
   </div>
   <div class='ocr_carea' id='block_1_30' title="bbox 1933 1575 3501 1658">
    <p class='ocr_par' dir='ltr' id='par_1_30' title="bbox 1933 1575 3501 1647">
     <span class='ocr_line' id='line_1_30' title="bbox 1933 1575 3501 1647; baseline -0.002 -14"><span class='ocrx_word' id='word_1_212' title='bbox 1933 1579 2098 1633; x_wconf 77' lang='lat' dir='ltr'><strong>lixit:</strong></span> <span class='ocrx_word' id='word_1_213' title='bbox 2147 1577 2493 1646; x_wconf 82' lang='lat' dir='ltr'><strong>Spiritualem</strong></span> <span class='ocrx_word' id='word_1_214' title='bbox 2524 1588 2706 1645; x_wconf 86' lang='lat' dir='ltr'><strong>potum</strong></span> <span class='ocrx_word' id='word_1_215' title='bbox 2754 1577 3021 1642; x_wconf 81' lang='lat' dir='ltr'><strong>biberunt,</strong></span> <span class='ocrx_word' id='word_1_216' title='bbox 3053 1576 3261 1647; x_wconf 84' lang='lat' dir='ltr'><strong>adjecit</strong></span> <span class='ocrx_word' id='word_1_217' title='bbox 3299 1595 3320 1631; x_wconf 69' lang='lat'>:&#39;</span> <span class='ocrx_word' id='word_1_218' title='bbox 3351 1575 3501 1630; x_wconf 86' lang='lat' dir='ltr'><strong>Bibe-</strong></span> 
     </span>
    </p>
   </div>
   <div class='ocr_carea' id='block_1_31' title="bbox 227 1661 1795 1746">
    <p class='ocr_par' dir='ltr' id='par_1_31' title="bbox 227 1661 1792 1746">
     <span class='ocr_line' id='line_1_31' title="bbox 227 1661 1792 1746; baseline 0.004 -22"><span class='ocrx_word' id='word_1_219' title='bbox 227 1673 370 1743; x_wconf 67' lang='grc' dir='ltr'>ὕδωρ</span> <span class='ocrx_word' id='word_1_220' title='bbox 408 1672 583 1741; x_wconf 76' lang='grc' dir='ltr'>ἠφίει.</span> <span class='ocrx_word' id='word_1_221' title='bbox 621 1661 699 1727; x_wconf 84' lang='grc' dir='ltr'>Ἦ</span> <span class='ocrx_word' id='word_1_222' title='bbox 729 1672 840 1744; x_wconf 84' lang='grc' dir='ltr'>γὰρ</span> <span class='ocrx_word' id='word_1_223' title='bbox 893 1673 960 1728; x_wconf 83' lang='grc' dir='ltr'>ἂν</span> <span class='ocrx_word' id='word_1_224' title='bbox 993 1675 1088 1728; x_wconf 73' lang='grc' dir='ltr'><strong>καὶ</strong></span> <span class='ocrx_word' id='word_1_225' title='bbox 1112 1675 1220 1746; x_wconf 82' lang='grc' dir='ltr'><strong>πρὸ</strong></span> <span class='ocrx_word' id='word_1_226' title='bbox 1260 1675 1450 1730; x_wconf 84' lang='grc' dir='ltr'>τούτου</span> <span class='ocrx_word' id='word_1_227' title='bbox 1495 1677 1792 1731; x_wconf 80' lang='grc' dir='ltr'>ἀνέϐλυσεν</span> 
     </span>
    </p>
   </div>
   <div class='ocr_carea' id='block_1_32' title="bbox 1929 1661 3497 1746">
    <p class='ocr_par' dir='ltr' id='par_1_32' title="bbox 1929 1669 3497 1739">
     <span class='ocr_line' id='line_1_32' title="bbox 1929 1669 3497 1739; baseline -0.001 -16"><span class='ocrx_word' id='word_1_228' title='bbox 1929 1671 2047 1725; x_wconf 82' lang='lat' dir='ltr'><strong>bant</strong></span> <span class='ocrx_word' id='word_1_229' title='bbox 2091 1671 2232 1724; x_wconf 80' lang='lat' dir='ltr'><strong>enim</strong></span> <span class='ocrx_word' id='word_1_230' title='bbox 2283 1670 2348 1723; x_wconf 85' lang='lat' dir='ltr'><strong>de</strong></span> <span class='ocrx_word' id='word_1_231' title='bbox 2386 1669 2660 1738; x_wconf 80' lang='lat' dir='ltr'><strong>spirituali</strong></span> <span class='ocrx_word' id='word_1_232' title='bbox 2703 1678 3050 1739; x_wconf 79' lang='lat' dir='ltr'><strong>consequente</strong></span> <span class='ocrx_word' id='word_1_233' title='bbox 3082 1677 3233 1738; x_wconf 86' lang='lat' dir='ltr'><strong>petra</strong></span> <span class='ocrx_word' id='word_1_234' title='bbox 3279 1683 3297 1722; x_wconf 88' lang='lat'><strong><em>:</em></strong></span> <span class='ocrx_word' id='word_1_235' title='bbox 3349 1679 3497 1736; x_wconf 83' lang='lat' dir='ltr'><strong>petra</strong></span> 
     </span>
    </p>
   </div>
   <div class='ocr_carea' id='block_1_33' title="bbox 227 1751 1795 1840">
    <p class='ocr_par' dir='ltr' id='par_1_33' title="bbox 227 1763 1789 1840">
     <span class='ocr_line' id='line_1_33' title="bbox 227 1763 1789 1840; baseline 0.004 -23"><span class='ocrx_word' id='word_1_236' title='bbox 227 1763 337 1817; x_wconf 72' lang='grc' dir='ltr'>ἀλλ’</span> <span class='ocrx_word' id='word_1_237' title='bbox 378 1763 546 1835; x_wconf 81' lang='grc' dir='ltr'>ἑτέρα</span> <span class='ocrx_word' id='word_1_238' title='bbox 573 1781 658 1829; x_wconf 89' lang='grc' dir='ltr'>τις</span> <span class='ocrx_word' id='word_1_239' title='bbox 684 1764 862 1835; x_wconf 82' lang='grc' dir='ltr'>πέτρα</span> <span class='ocrx_word' id='word_1_240' title='bbox 893 1766 1246 1837; x_wconf 79' lang='grc' dir='ltr'>πνευματικὴ</span> <span class='ocrx_word' id='word_1_241' title='bbox 1271 1768 1335 1820; x_wconf 86' lang='grc' dir='ltr'><strong>τὸ</strong></span> <span class='ocrx_word' id='word_1_242' title='bbox 1367 1771 1476 1823; x_wconf 79' lang='grc' dir='ltr'>πᾶν</span> <span class='ocrx_word' id='word_1_243' title='bbox 1499 1769 1789 1840; x_wconf 74' lang='grc' dir='ltr'>εἰργάζετο</span> 
     </span>
    </p>
   </div>
   <div class='ocr_carea' id='block_1_34' title="bbox 1932 1751 3500 1840">
    <p class='ocr_par' dir='ltr' id='par_1_34' title="bbox 1932 1758 3500 1829">
     <span class='ocr_line' id='line_1_34' title="bbox 1932 1758 3500 1829; baseline -0.001 -15"><span class='ocrx_word' id='word_1_244' title='bbox 1932 1770 2092 1814; x_wconf 71' lang='lat' dir='ltr'><strong>autem</strong></span> <span class='ocrx_word' id='word_1_245' title='bbox 2125 1769 2240 1814; x_wconf 87' lang='lat' dir='ltr'><strong>erat</strong></span> <span class='ocrx_word' id='word_1_246' title='bbox 2275 1758 2543 1815; x_wconf 75' lang='lat' dir='ltr'><strong>Christus.</strong></span> <span class='ocrx_word' id='word_1_247' title='bbox 2577 1759 2769 1829; x_wconf 77' lang='lat' dir='ltr'><strong>Neque</strong></span> <span class='ocrx_word' id='word_1_248' title='bbox 2799 1760 2946 1814; x_wconf 91' lang='lat' dir='ltr'><strong>enim</strong></span> <span class='ocrx_word' id='word_1_249' title='bbox 2989 1773 3054 1812; x_wconf 91' lang='lat' dir='ltr'><strong>ea</strong></span> <span class='ocrx_word' id='word_1_250' title='bbox 3094 1767 3266 1828; x_wconf 81' lang='lat' dir='ltr'><strong>petrae</strong></span> <span class='ocrx_word' id='word_1_251' title='bbox 3297 1767 3500 1813; x_wconf 87' lang='lat' dir='ltr'><strong>natura</strong></span> 
     </span>
    </p>
   </div>
   <div class='ocr_carea' id='block_1_35' title="bbox 234 1851 1802 1932">
    <p class='ocr_par' dir='ltr' id='par_1_35' title="bbox 234 1854 1802 1932">
     <span class='ocr_line' id='line_1_35' title="bbox 234 1854 1802 1932; baseline 0.006 -26"><span class='ocrx_word' id='word_1_252' title='bbox 234 1854 507 1908; x_wconf 75' lang='grc' dir='ltr'>τουτέστιν</span> <span class='ocrx_word' id='word_1_253' title='bbox 528 1857 557 1908; x_wconf 84' lang='grc' dir='ltr'>ὁ</span> <span class='ocrx_word' id='word_1_254' title='bbox 587 1858 848 1928; x_wconf 78' lang='grc' dir='ltr'>Χριστὸς,</span> <span class='ocrx_word' id='word_1_255' title='bbox 872 1861 903 1912; x_wconf 86' lang='grc' dir='ltr'><strong>ὁ</strong></span> <span class='ocrx_word' id='word_1_256' title='bbox 932 1861 1128 1932; x_wconf 87' lang='grc' dir='ltr'>παρὼν</span> <span class='ocrx_word' id='word_1_257' title='bbox 1159 1861 1464 1932; x_wconf 81' lang='grc' dir='ltr'>πανταχοῦ,</span> <span class='ocrx_word' id='word_1_258' title='bbox 1504 1861 1602 1916; x_wconf 78' lang='grc' dir='ltr'><strong>καὶ</strong></span> <span class='ocrx_word' id='word_1_259' title='bbox 1633 1863 1802 1916; x_wconf 81' lang='grc' dir='ltr'>πάντα</span> 
     </span>
    </p>
   </div>
   <div class='ocr_carea' id='block_1_36' title="bbox 1929 1851 3497 1932">
    <p class='ocr_par' dir='ltr' id='par_1_36' title="bbox 1929 1851 3497 1923">
     <span class='ocr_line' id='line_1_36' title="bbox 1929 1851 3497 1923; baseline -0.003 -14"><span class='ocrx_word' id='word_1_260' title='bbox 1929 1863 2055 1920; x_wconf 72' lang='lat' dir='ltr'><strong>arat,</strong></span> <span class='ocrx_word' id='word_1_261' title='bbox 2085 1861 2146 1907; x_wconf 90' lang='lat' dir='ltr'><strong>ut</strong></span> <span class='ocrx_word' id='word_1_262' title='bbox 2179 1867 2379 1922; x_wconf 88' lang='lat' dir='ltr'><strong>aquam</strong></span> <span class='ocrx_word' id='word_1_263' title='bbox 2404 1853 2808 1923; x_wconf 81' lang='lat' dir='ltr'><strong>profunderet:</strong></span> <span class='ocrx_word' id='word_1_264' title='bbox 2839 1851 3046 1922; x_wconf 90' lang='lat' dir='ltr'><strong>alioqui</strong></span> <span class='ocrx_word' id='word_1_265' title='bbox 3075 1853 3308 1907; x_wconf 88' lang='lat' dir='ltr'><strong>antehac</strong></span> <span class='ocrx_word' id='word_1_266' title='bbox 3337 1868 3401 1908; x_wconf 86' lang='lat' dir='ltr'><strong>ex</strong></span> <span class='ocrx_word' id='word_1_267' title='bbox 3435 1867 3497 1909; x_wconf 88' lang='lat' dir='ltr'><strong>ea</strong></span> 
     </span>
    </p>
   </div>
   <div class='ocr_carea' id='block_1_37' title="bbox 229 1940 1797 2023">
    <p class='ocr_par' dir='ltr' id='par_1_37' title="bbox 229 1947 1797 2023">
     <span class='ocr_line' id='line_1_37' title="bbox 229 1947 1797 2023; baseline 0.008 -25"><span class='ocrx_word' id='word_1_268' title='bbox 229 1947 685 2020; x_wconf 81' lang='grc' dir='ltr'>θαυματουργῶν.</span> <span class='ocrx_word' id='word_1_269' title='bbox 717 1951 820 2005; x_wconf 74' lang='grc' dir='ltr'><strong>Διὰ</strong></span> <span class='ocrx_word' id='word_1_270' title='bbox 846 1951 958 2023; x_wconf 83' lang='grc' dir='ltr'>γὰρ</span> <span class='ocrx_word' id='word_1_271' title='bbox 997 1951 1157 2007; x_wconf 82' lang='grc' dir='ltr'>τοῦτο</span> <span class='ocrx_word' id='word_1_272' title='bbox 1202 1953 1298 2008; x_wconf 76' lang='grc' dir='ltr'><strong>καὶ</strong></span> <span class='ocrx_word' id='word_1_273' title='bbox 1333 1949 1508 2020; x_wconf 79' lang='grc' dir='ltr'>εἶπεν,</span> <span class='ocrx_word' id='word_1_274' title='bbox 1552 1955 1797 2010; x_wconf 74' lang='grc' dir='ltr'>ἀκολου-</span> 
     </span>
    </p>
   </div>
   <div class='ocr_carea' id='block_1_38' title="bbox 1930 1940 3498 2023">
    <p class='ocr_par' dir='ltr' id='par_1_38' title="bbox 1930 1940 3498 2013">
     <span class='ocr_line' id='line_1_38' title="bbox 1930 1940 3498 2013; baseline -0.006 -11"><span class='ocrx_word' id='word_1_275' title='bbox 1930 1945 2312 2002; x_wconf 73' lang='lat' dir='ltr'><strong>scaturiissent</strong></span> <span class='ocrx_word' id='word_1_276' title='bbox 2343 1957 2524 2013; x_wconf 65' lang='lat' dir='ltr'><strong>aquae.</strong></span> <span class='ocrx_word' id='word_1_277' title='bbox 2576 1940 2788 1996; x_wconf 77' lang='lat' dir='ltr'><strong>Verum</strong></span> <span class='ocrx_word' id='word_1_278' title='bbox 2839 1942 3012 1995; x_wconf 83' lang='lat' dir='ltr'><strong>altera</strong></span> <span class='ocrx_word' id='word_1_279' title='bbox 3057 1941 3308 2010; x_wconf 68' lang='lat' dir='ltr'><strong>quaedam</strong></span> <span class='ocrx_word' id='word_1_280' title='bbox 3347 1951 3498 2010; x_wconf 83' lang='lat' dir='ltr'><strong>petra</strong></span> 
     </span>
    </p>
   </div>
   <div class='ocr_carea' id='block_1_39' title="bbox 227 2031 3502 2109">
    <p class='ocr_par' dir='ltr' id='par_1_39' title="bbox 227 2031 3502 2109">
     <span class='ocr_line' id='line_1_39' title="bbox 227 2031 3502 2109; baseline -0.002 -17"><span class='ocrx_word' id='word_1_281' title='bbox 227 2041 478 2109; x_wconf 81' lang='grc' dir='ltr'>θούσης.</span> <span class='ocrx_word' id='word_1_282' title='bbox 1916 2035 2227 2106; x_wconf 88' lang='lat' dir='ltr'><strong>spiritualis</strong></span> <span class='ocrx_word' id='word_1_283' title='bbox 2265 2042 2452 2089; x_wconf 90' lang='lat' dir='ltr'><strong>totum</strong></span> <span class='ocrx_word' id='word_1_284' title='bbox 2490 2033 2623 2088; x_wconf 88' lang='lat' dir='ltr'><strong>illud</strong></span> <span class='ocrx_word' id='word_1_285' title='bbox 2657 2033 3017 2104; x_wconf 87' lang='lat' dir='ltr'><strong>operabatur,</strong></span> <span class='ocrx_word' id='word_1_286' title='bbox 3051 2033 3311 2088; x_wconf 85' lang='lat' dir='ltr'><strong>Christus</strong></span> <span class='ocrx_word' id='word_1_287' title='bbox 3349 2031 3502 2086; x_wconf 88' lang='lat' dir='ltr'><strong>vide-</strong></span> 
     </span>
    </p>
   </div>
   <div class='ocr_carea' id='block_1_40' title="bbox 1915 2122 3502 2197">
    <p class='ocr_par' dir='ltr' id='par_1_40' title="bbox 1915 2122 3502 2197">
     <span class='ocr_line' id='line_1_40' title="bbox 1915 2122 3502 2197; baseline -0.005 -15"><span class='ocrx_word' id='word_1_288' title='bbox 1915 2127 2068 2192; x_wconf 89' lang='lat' dir='ltr'><strong>licet,</strong></span> <span class='ocrx_word' id='word_1_289' title='bbox 2098 2126 2191 2197; x_wconf 91' lang='lat' dir='ltr'><strong>qui</strong></span> <span class='ocrx_word' id='word_1_290' title='bbox 2224 2125 2334 2196; x_wconf 83' lang='lat'><strong>95</strong></span> <span class='ocrx_word' id='word_1_291' title='bbox 2361 2139 2611 2196; x_wconf 86' lang='lat' dir='ltr'><strong>praesens</strong></span> <span class='ocrx_word' id='word_1_292' title='bbox 2641 2123 2847 2194; x_wconf 86' lang='lat' dir='ltr'><strong>ubique</strong></span> <span class='ocrx_word' id='word_1_293' title='bbox 2881 2123 3093 2186; x_wconf 83' lang='lat' dir='ltr'><strong>aderat,</strong></span> <span class='ocrx_word' id='word_1_294' title='bbox 3139 2129 3194 2176; x_wconf 86' lang='lat' dir='ltr'><strong>et</strong></span> <span class='ocrx_word' id='word_1_295' title='bbox 3239 2122 3502 2175; x_wconf 88' lang='lat' dir='ltr'><strong>miracula</strong></span> 
     </span>
    </p>
   </div>
   <div class='ocr_carea' id='block_1_41' title="bbox 1917 2214 3500 2288">
    <p class='ocr_par' dir='ltr' id='par_1_41' title="bbox 1917 2214 3500 2288">
     <span class='ocr_line' id='line_1_41' title="bbox 1917 2214 3500 2288; baseline -0.005 -14"><span class='ocrx_word' id='word_1_296' title='bbox 1917 2227 2114 2275; x_wconf 87' lang='lat' dir='ltr'><strong>cuncta</strong></span> <span class='ocrx_word' id='word_1_297' title='bbox 2155 2217 2435 2288; x_wconf 88' lang='lat' dir='ltr'><strong>patrabat.</strong></span> <span class='ocrx_word' id='word_1_298' title='bbox 2480 2215 2694 2270; x_wconf 86' lang='lat' dir='ltr'><strong>Idcirco</strong></span> <span class='ocrx_word' id='word_1_299' title='bbox 2726 2216 2876 2269; x_wconf 90' lang='lat' dir='ltr'><strong>enim</strong></span> <span class='ocrx_word' id='word_1_300' title='bbox 2919 2214 3095 2278; x_wconf 73' lang='lat' dir='ltr'><strong>dixit,</strong></span> <span class='ocrx_word' id='word_1_301' title='bbox 3135 2224 3500 2282; x_wconf 84' lang='lat' dir='ltr'><strong>consequente.</strong></span> 
     </span>
    </p>
   </div>
   <div class='ocr_carea' id='block_1_42' title="bbox 301 2305 1869 2384">
    <p class='ocr_par' dir='ltr' id='par_1_42' title="bbox 301 2306 1815 2384">
     <span class='ocr_line' id='line_1_42' title="bbox 301 2306 1815 2384; baseline 0.005 -25"><span class='ocrx_word' id='word_1_302' title='bbox 301 2325 320 2358; x_wconf 76' lang='grc' dir='ltr'><strong>ι</strong></span> <span class='ocrx_word' id='word_1_303' title='bbox 364 2306 512 2360; x_wconf 84' lang='grc' dir='ltr'>Ἀλλ’</span> <span class='ocrx_word' id='word_1_304' title='bbox 544 2307 646 2362; x_wconf 86' lang='grc' dir='ltr'><strong>οὐκ</strong></span> <span class='ocrx_word' id='word_1_305' title='bbox 693 2311 752 2362; x_wconf 78' lang='grc' dir='ltr'><strong>ἐν</strong></span> <span class='ocrx_word' id='word_1_306' title='bbox 790 2311 906 2374; x_wconf 85' lang='grc' dir='ltr'>τοῖς</span> <span class='ocrx_word' id='word_1_307' title='bbox 949 2309 1198 2367; x_wconf 80' lang='grc' dir='ltr'><strong>πλείοσιν</strong></span> <span class='ocrx_word' id='word_1_308' title='bbox 1237 2311 1418 2367; x_wconf 80' lang='grc' dir='ltr'>αὐτῶν</span> <span class='ocrx_word' id='word_1_309' title='bbox 1459 2311 1762 2384; x_wconf 83' lang='grc' dir='ltr'>εὐδόκησεν</span> <span class='ocrx_word' id='word_1_310' title='bbox 1787 2315 1815 2367; x_wconf 89' lang='grc' dir='ltr'>ὁ</span> 
     </span>
    </p>
   </div>
   <div class='ocr_carea' id='block_1_43' title="bbox 1935 2305 3503 2384">
    <p class='ocr_par' dir='ltr' id='par_1_43' title="bbox 1988 2305 3503 2377">
     <span class='ocr_line' id='line_1_43' title="bbox 1988 2305 3503 2377; baseline -0.005 -13"><span class='ocrx_word' id='word_1_311' title='bbox 1988 2309 2154 2366; x_wconf 73' lang='lat' dir='ltr'><strong>Vens.</strong></span> <span class='ocrx_word' id='word_1_312' title='bbox 2184 2310 2242 2365; x_wconf 83' lang='lat'><strong>5.</strong></span> <span class='ocrx_word' id='word_1_313' title='bbox 2283 2328 2301 2360; x_wconf 77' lang='grc' dir='ltr'><strong>ι</strong></span> <span class='ocrx_word' id='word_1_314' title='bbox 2340 2308 2450 2365; x_wconf 88' lang='lat' dir='ltr'><strong>Sed</strong></span> <span class='ocrx_word' id='word_1_315' title='bbox 2489 2323 2599 2363; x_wconf 88' lang='lat' dir='ltr'><strong>non</strong></span> <span class='ocrx_word' id='word_1_316' title='bbox 2632 2308 2686 2361; x_wconf 93' lang='lat' dir='ltr'><strong>in</strong></span> <span class='ocrx_word' id='word_1_317' title='bbox 2719 2306 2977 2377; x_wconf 84' lang='lat' dir='ltr'><strong>pluribus</strong></span> <span class='ocrx_word' id='word_1_318' title='bbox 3013 2320 3206 2360; x_wconf 91' lang='lat' dir='ltr'><strong>eorum</strong></span> <span class='ocrx_word' id='word_1_319' title='bbox 3233 2305 3503 2374; x_wconf 85' lang='lat' dir='ltr'><strong>benepla-</strong></span> 
     </span>
    </p>
   </div>
   <div class='ocr_carea' id='block_1_44' title="bbox 230 2397 1798 2463">
    <p class='ocr_par' dir='ltr' id='par_1_44' title="bbox 230 2397 446 2463">
     <span class='ocr_line' id='line_1_44' title="bbox 230 2397 446 2463; baseline -0.009 -11"><span class='ocrx_word' id='word_1_320' title='bbox 230 2397 378 2463; x_wconf 80' lang='grc' dir='ltr'><strong>Θεός.</strong></span> <span class='ocrx_word' id='word_1_321' title='bbox 426 2417 446 2450; x_wconf 70' lang='grc' dir='ltr'><strong>ι</strong></span> 
     </span>
    </p>
   </div>
   <div class='ocr_carea' id='block_1_45' title="bbox 853 2397 2421 2463">
    <p class='ocr_par' dir='ltr' id='par_1_45' title="bbox 1917 2400 2421 2459">
     <span class='ocr_line' id='line_1_45' title="bbox 1917 2400 2421 2459; baseline -0.01 -1"><span class='ocrx_word' id='word_1_322' title='bbox 1917 2403 2088 2459; x_wconf 90' lang='lat' dir='ltr'><strong>citum</strong></span> <span class='ocrx_word' id='word_1_323' title='bbox 2121 2409 2209 2457; x_wconf 88' lang='lat' dir='ltr'><strong>est</strong></span> <span class='ocrx_word' id='word_1_324' title='bbox 2232 2400 2366 2456; x_wconf 88' lang='lat' dir='ltr'><strong>Deo.</strong></span> <span class='ocrx_word' id='word_1_325' title='bbox 2404 2419 2421 2453; x_wconf 76' lang='grc' dir='ltr'><strong>ι</strong></span> 
     </span>
    </p>
   </div>
   <div class='ocr_carea' id='block_1_46' title="bbox 293 2487 1861 2567">
    <p class='ocr_par' dir='ltr' id='par_1_46' title="bbox 293 2489 1812 2567">
     <span class='ocr_line' id='line_1_46' title="bbox 293 2489 1812 2567; baseline 0.004 -25"><span class='ocrx_word' id='word_1_326' title='bbox 293 2491 408 2543; x_wconf 75' lang='grc' dir='ltr'><strong>Καὶ</strong></span> <span class='ocrx_word' id='word_1_327' title='bbox 428 2489 542 2562; x_wconf 78' lang='grc' dir='ltr'>μὴν</span> <span class='ocrx_word' id='word_1_328' title='bbox 571 2490 776 2556; x_wconf 80' lang='grc' dir='ltr'>πάντες</span> <span class='ocrx_word' id='word_1_329' title='bbox 805 2491 1091 2546; x_wconf 84' lang='grc' dir='ltr'>ἀπώλοντο</span> <span class='ocrx_word' id='word_1_330' title='bbox 1113 2510 1128 2526; x_wconf 78' lang='grc' dir='ltr'><strong>ο</strong></span> <span class='ocrx_word' id='word_1_331' title='bbox 1159 2493 1277 2548; x_wconf 80' lang='grc' dir='ltr'>ἀλλ’</span> <span class='ocrx_word' id='word_1_332' title='bbox 1323 2494 1413 2549; x_wconf 78' lang='grc' dir='ltr'><strong>ἵνα</strong></span> <span class='ocrx_word' id='word_1_333' title='bbox 1447 2495 1522 2566; x_wconf 84' lang='grc' dir='ltr'><strong>μὴ</strong></span> <span class='ocrx_word' id='word_1_334' title='bbox 1549 2493 1679 2567; x_wconf 76' lang='grc' dir='ltr'>δόξῃ</span> <span class='ocrx_word' id='word_1_335' title='bbox 1717 2495 1812 2548; x_wconf 77' lang='grc' dir='ltr'><strong>καὶ</strong></span> 
     </span>
    </p>
   </div>
   <div class='ocr_carea' id='block_1_47' title="bbox 1938 2487 3506 2567">
    <p class='ocr_par' dir='ltr' id='par_1_47' title="bbox 1987 2487 3506 2561">
     <span class='ocr_line' id='line_1_47' title="bbox 1987 2487 3506 2561; baseline -0.006 -13"><span class='ocrx_word' id='word_1_336' title='bbox 1987 2494 2066 2548; x_wconf 84' lang='lat' dir='ltr'><strong>Ac</strong></span> <span class='ocrx_word' id='word_1_337' title='bbox 2090 2507 2225 2549; x_wconf 85' lang='lat' dir='ltr'><strong>sane</strong></span> <span class='ocrx_word' id='word_1_338' title='bbox 2253 2491 2548 2561; x_wconf 90' lang='lat' dir='ltr'><strong>perierunt</strong></span> <span class='ocrx_word' id='word_1_339' title='bbox 2585 2503 2800 2545; x_wconf 90' lang='lat' dir='ltr'><strong>omnes.</strong></span> <span class='ocrx_word' id='word_1_340' title='bbox 2836 2488 2915 2544; x_wconf 90' lang='lat' dir='ltr'><strong>Ne</strong></span> <span class='ocrx_word' id='word_1_341' title='bbox 2945 2503 3080 2544; x_wconf 88' lang='lat' dir='ltr'><strong>vero</strong></span> <span class='ocrx_word' id='word_1_342' title='bbox 3105 2487 3243 2559; x_wconf 88' lang='lat' dir='ltr'><strong>ipsis</strong></span> <span class='ocrx_word' id='word_1_343' title='bbox 3282 2501 3506 2557; x_wconf 88' lang='lat' dir='ltr'><strong>quoque</strong></span> 
     </span>
    </p>
   </div>
   <div class='ocr_carea' id='block_1_48' title="bbox 232 2579 1800 2656">
    <p class='ocr_par' dir='ltr' id='par_1_48' title="bbox 232 2580 1800 2656">
     <span class='ocr_line' id='line_1_48' title="bbox 232 2580 1800 2656; baseline 0.004 -23"><span class='ocrx_word' id='word_1_344' title='bbox 232 2580 445 2645; x_wconf 78' lang='grc' dir='ltr'>τούτοις</span> <span class='ocrx_word' id='word_1_345' title='bbox 489 2582 874 2654; x_wconf 88' lang='grc' dir='ltr'>πανωλεθρίαν</span> <span class='ocrx_word' id='word_1_346' title='bbox 917 2585 1314 2656; x_wconf 80' lang='grc' dir='ltr'>προφητεύειν,</span> <span class='ocrx_word' id='word_1_347' title='bbox 1346 2586 1434 2640; x_wconf 72' lang='grc' dir='ltr'>διὰ</span> <span class='ocrx_word' id='word_1_348' title='bbox 1465 2585 1629 2640; x_wconf 83' lang='grc' dir='ltr'>τοῦτο</span> <span class='ocrx_word' id='word_1_349' title='bbox 1661 2583 1800 2640; x_wconf 45' lang='grc' dir='ltr'>εἶπες</span> 
     </span>
    </p>
   </div>
   <div class='ocr_carea' id='block_1_49' title="bbox 1937 2579 3505 2656">
    <p class='ocr_par' dir='ltr' id='par_1_49' title="bbox 1937 2579 3505 2644">
     <span class='ocr_line' id='line_1_49' title="bbox 1937 2579 3505 2644; baseline -0.006 -6"><span class='ocrx_word' id='word_1_350' title='bbox 1937 2581 2182 2638; x_wconf 71' lang='lat' dir='ltr'><strong>minibus</strong></span> <span class='ocrx_word' id='word_1_351' title='bbox 2213 2579 2501 2634; x_wconf 83' lang='lat' dir='ltr'><strong>videretur</strong></span> <span class='ocrx_word' id='word_1_352' title='bbox 2527 2579 2967 2633; x_wconf 88' lang='lat' dir='ltr'><strong>internecionem</strong></span> <span class='ocrx_word' id='word_1_353' title='bbox 2999 2585 3054 2632; x_wconf 90' lang='lat' dir='ltr'><strong>et</strong></span> <span class='ocrx_word' id='word_1_354' title='bbox 3086 2579 3315 2632; x_wconf 83' lang='lat' dir='ltr'><strong>exitium</strong></span> <span class='ocrx_word' id='word_1_355' title='bbox 3364 2590 3505 2644; x_wconf 69' lang='lat' dir='ltr'><strong>pra:-</strong></span> 
     </span>
    </p>
   </div>
   <div class='ocr_carea' id='block_1_50' title="bbox 231 2667 1799 2750">
    <p class='ocr_par' dir='ltr' id='par_1_50' title="bbox 231 2674 1794 2750">
     <span class='ocr_line' id='line_1_50' title="bbox 231 2674 1794 2750; baseline 0.005 -25"><span class='ocrx_word' id='word_1_356' title='bbox 231 2674 310 2726; x_wconf 80' lang='grc' dir='ltr'>ὂτι</span> <span class='ocrx_word' id='word_1_357' title='bbox 363 2676 640 2742; x_wconf 74' lang='grc' dir='ltr'>πλείους.</span> <span class='ocrx_word' id='word_1_358' title='bbox 711 2676 930 2750; x_wconf 83' lang='grc' dir='ltr'>Ἐπειδὴ</span> <span class='ocrx_word' id='word_1_359' title='bbox 983 2681 1095 2742; x_wconf 80' lang='grc' dir='ltr'>τοῖς</span> <span class='ocrx_word' id='word_1_360' title='bbox 1127 2681 1260 2748; x_wconf 80' lang='grc' dir='ltr'>περὶ</span> <span class='ocrx_word' id='word_1_361' title='bbox 1294 2681 1524 2750; x_wconf 82' lang='grc' dir='ltr'>γεέννης</span> <span class='ocrx_word' id='word_1_362' title='bbox 1559 2681 1740 2749; x_wconf 79' lang='grc' dir='ltr'>λόγοις</span> <span class='ocrx_word' id='word_1_363' title='bbox 1767 2699 1794 2733; x_wconf 93' lang='grc' dir='ltr'>ο</span> 
     </span>
    </p>
   </div>
   <div class='ocr_carea' id='block_1_51' title="bbox 1935 2667 3503 2750">
    <p class='ocr_par' dir='ltr' id='par_1_51' title="bbox 1935 2667 3503 2739">
     <span class='ocr_line' id='line_1_51' title="bbox 1935 2667 3503 2739; baseline -0.006 -10"><span class='ocrx_word' id='word_1_364' title='bbox 1935 2675 2131 2739; x_wconf 75' lang='lat' dir='ltr'><strong>dicere,</strong></span> <span class='ocrx_word' id='word_1_365' title='bbox 2165 2671 2290 2726; x_wconf 86' lang='lat' dir='ltr'><strong>ideo</strong></span> <span class='ocrx_word' id='word_1_366' title='bbox 2322 2671 2422 2737; x_wconf 79' lang='lat' dir='ltr'><strong>ait,</strong></span> <span class='ocrx_word' id='word_1_367' title='bbox 2453 2671 2508 2724; x_wconf 75' lang='lat' dir='ltr'><strong>in</strong></span> <span class='ocrx_word' id='word_1_368' title='bbox 2553 2670 2816 2738; x_wconf 79' lang='lat' dir='ltr'><strong>pluribus.</strong></span> <span class='ocrx_word' id='word_1_369' title='bbox 2850 2668 3129 2736; x_wconf 81' lang='lat' dir='ltr'><strong>Quoniam</strong></span> <span class='ocrx_word' id='word_1_370' title='bbox 3181 2667 3342 2720; x_wconf 87' lang='lat' dir='ltr'><strong>multi</strong></span> <span class='ocrx_word' id='word_1_371' title='bbox 3394 2682 3503 2720; x_wconf 92' lang='lat' dir='ltr'><strong>non</strong></span> 
     </span>
    </p>
   </div>
   <div class='ocr_carea' id='block_1_52' title="bbox 232 2761 1800 2842">
    <p class='ocr_par' dir='ltr' id='par_1_52' title="bbox 232 2764 1800 2842">
     <span class='ocr_line' id='line_1_52' title="bbox 232 2764 1800 2842; baseline 0.005 -26"><span class='ocrx_word' id='word_1_372' title='bbox 232 2764 418 2818; x_wconf 72' lang='grc' dir='ltr'>πολλοὶ</span> <span class='ocrx_word' id='word_1_373' title='bbox 451 2765 799 2832; x_wconf 81' lang='grc' dir='ltr'>ἀπιστοῦσιν,</span> <span class='ocrx_word' id='word_1_374' title='bbox 836 2768 912 2832; x_wconf 87' lang='grc' dir='ltr'>ὡς</span> <span class='ocrx_word' id='word_1_375' title='bbox 946 2768 1022 2840; x_wconf 85' lang='grc' dir='ltr'><strong>μὴ</strong></span> <span class='ocrx_word' id='word_1_376' title='bbox 1058 2769 1322 2841; x_wconf 81' lang='grc' dir='ltr'>παροῦσι,</span> <span class='ocrx_word' id='word_1_377' title='bbox 1366 2771 1505 2842; x_wconf 82' lang='grc' dir='ltr'>μηδὲ</span> <span class='ocrx_word' id='word_1_378' title='bbox 1555 2771 1800 2842; x_wconf 79' lang='grc' dir='ltr'>φαινομέι</span> 
     </span>
    </p>
   </div>
   <div class='ocr_carea' id='block_1_53' title="bbox 1936 2761 3504 2842">
    <p class='ocr_par' dir='ltr' id='par_1_53' title="bbox 1936 2761 3504 2833">
     <span class='ocr_line' id='line_1_53' title="bbox 1936 2761 3504 2833; baseline -0.007 -11"><span class='ocrx_word' id='word_1_379' title='bbox 1936 2765 2156 2822; x_wconf 82' lang='lat' dir='ltr'><strong>:redunt</strong></span> <span class='ocrx_word' id='word_1_380' title='bbox 2187 2762 2256 2816; x_wconf 91' lang='lat' dir='ltr'><strong>iis</strong></span> <span class='ocrx_word' id='word_1_381' title='bbox 2296 2777 2420 2832; x_wconf 75' lang='lat' dir='ltr'><strong>quae</strong></span> <span class='ocrx_word' id='word_1_382' title='bbox 2445 2761 2512 2816; x_wconf 90' lang='lat' dir='ltr'><strong>de</strong></span> <span class='ocrx_word' id='word_1_383' title='bbox 2541 2761 2792 2833; x_wconf 74' lang='lat' dir='ltr'><strong>gehenua</strong></span> <span class='ocrx_word' id='word_1_384' title='bbox 2824 2761 3112 2826; x_wconf 89' lang='lat' dir='ltr'><strong>dicuntur,</strong></span> <span class='ocrx_word' id='word_1_385' title='bbox 3145 2767 3411 2829; x_wconf 88' lang='lat' dir='ltr'><strong>tanquam</strong></span> <span class='ocrx_word' id='word_1_386' title='bbox 3440 2772 3504 2812; x_wconf 87' lang='lat' dir='ltr'><strong>ea</strong></span> 
     </span>
    </p>
   </div>
   <div class='ocr_carea' id='block_1_54' title="bbox 232 2850 1800 2932">
    <p class='ocr_par' dir='ltr' id='par_1_54' title="bbox 232 2856 1794 2932">
     <span class='ocr_line' id='line_1_54' title="bbox 232 2856 1794 2932; baseline 0.006 -24"><span class='ocrx_word' id='word_1_387' title='bbox 232 2871 365 2920; x_wconf 83' lang='grc' dir='ltr'>νοις,</span> <span class='ocrx_word' id='word_1_388' title='bbox 431 2856 544 2910; x_wconf 82' lang='grc' dir='ltr'>ἀπὸ</span> <span class='ocrx_word' id='word_1_389' title='bbox 577 2856 691 2912; x_wconf 86' lang='grc' dir='ltr'><strong>τῶν</strong></span> <span class='ocrx_word' id='word_1_390' title='bbox 723 2858 825 2929; x_wconf 72' lang='grc' dir='ltr'><strong>ἤδη</strong></span> <span class='ocrx_word' id='word_1_391' title='bbox 863 2860 1251 2932; x_wconf 81' lang='grc' dir='ltr'>γεγενημένων</span> <span class='ocrx_word' id='word_1_392' title='bbox 1296 2861 1570 2916; x_wconf 89' lang='grc' dir='ltr'>δείκνυσιν</span> <span class='ocrx_word' id='word_1_393' title='bbox 1613 2863 1695 2917; x_wconf 84' lang='grc' dir='ltr'>ὅτι</span> <span class='ocrx_word' id='word_1_394' title='bbox 1729 2881 1794 2918; x_wconf 90' lang='grc' dir='ltr'><strong>κο</strong></span> 
     </span>
    </p>
   </div>
   <div class='ocr_carea' id='block_1_55' title="bbox 1939 2850 3507 2932">
    <p class='ocr_par' dir='ltr' id='par_1_55' title="bbox 1939 2850 3507 2931">
     <span class='ocr_line' id='line_1_55' title="bbox 1939 2850 3507 2931; baseline -0.008 -15"><span class='ocrx_word' id='word_1_395' title='bbox 1939 2857 2221 2931; x_wconf 64' lang='grc' dir='ltr'>βττεεεηιίε</span> <span class='ocrx_word' id='word_1_396' title='bbox 2259 2871 2374 2911; x_wconf 88' lang='lat' dir='ltr'><strong>non</strong></span> <span class='ocrx_word' id='word_1_397' title='bbox 2419 2855 2553 2920; x_wconf 87' lang='lat' dir='ltr'><strong>sint,</strong></span> <span class='ocrx_word' id='word_1_398' title='bbox 2601 2869 2703 2912; x_wconf 85' lang='lat' dir='ltr'><strong>nec</strong></span> <span class='ocrx_word' id='word_1_399' title='bbox 2751 2853 3087 2923; x_wconf 85' lang='lat' dir='ltr'><strong>conspicua;</strong></span> <span class='ocrx_word' id='word_1_400' title='bbox 3123 2867 3191 2907; x_wconf 81' lang='lat' dir='ltr'><strong>ex</strong></span> <span class='ocrx_word' id='word_1_401' title='bbox 3232 2850 3507 2905; x_wconf 87' lang='lat' dir='ltr'><strong>anteactis</strong></span> 
     </span>
    </p>
   </div>
   <div class='ocr_carea' id='block_1_56' title="bbox 233 2941 1801 3025">
    <p class='ocr_par' dir='ltr' id='par_1_56' title="bbox 233 2945 1801 3025">
     <span class='ocr_line' id='line_1_56' title="bbox 233 2945 1801 3025; baseline 0.01 -29"><span class='ocrx_word' id='word_1_402' title='bbox 233 2945 385 3012; x_wconf 74' lang='grc' dir='ltr'>λάζει</span> <span class='ocrx_word' id='word_1_403' title='bbox 404 2948 534 3012; x_wconf 83' lang='grc' dir='ltr'>τοὺς</span> <span class='ocrx_word' id='word_1_404' title='bbox 568 2949 988 3020; x_wconf 83' lang='grc' dir='ltr'>ἁμαρτάνοντας</span> <span class='ocrx_word' id='word_1_405' title='bbox 1015 2953 1050 3005; x_wconf 80' lang='grc' dir='ltr'>ὁ</span> <span class='ocrx_word' id='word_1_406' title='bbox 1073 2951 1230 3017; x_wconf 84' lang='grc' dir='ltr'>Θεὸς,</span> <span class='ocrx_word' id='word_1_407' title='bbox 1258 2951 1364 3007; x_wconf 83' lang='grc' dir='ltr'><strong>κᾶν</strong></span> <span class='ocrx_word' id='word_1_408' title='bbox 1386 2953 1651 3025; x_wconf 82' lang='grc' dir='ltr'>μυριάκις</span> <span class='ocrx_word' id='word_1_409' title='bbox 1682 2956 1801 3022; x_wconf 81' lang='grc' dir='ltr'>ἀγα-</span> 
     </span>
    </p>
   </div>
   <div class='ocr_carea' id='block_1_57' title="bbox 1939 2941 3507 3025">
    <p class='ocr_par' dir='ltr' id='par_1_57' title="bbox 1939 2941 3507 3023">
     <span class='ocr_line' id='line_1_57' title="bbox 1939 2941 3507 3023; baseline -0.011 -12"><span class='ocrx_word' id='word_1_410' title='bbox 1939 2953 2131 3011; x_wconf 68' lang='lat' dir='ltr'><strong>evincit</strong></span> <span class='ocrx_word' id='word_1_411' title='bbox 2186 2956 2516 3023; x_wconf 88' lang='lat' dir='ltr'><strong>peccatores</strong></span> <span class='ocrx_word' id='word_1_412' title='bbox 2563 2963 2592 3002; x_wconf 87' lang='lat' dir='ltr'><strong>a</strong></span> <span class='ocrx_word' id='word_1_413' title='bbox 2633 2947 2747 3002; x_wconf 86' lang='lat' dir='ltr'><strong>Deo</strong></span> <span class='ocrx_word' id='word_1_414' title='bbox 2792 2945 3008 3018; x_wconf 92' lang='lat' dir='ltr'><strong>puniri,</strong></span> <span class='ocrx_word' id='word_1_415' title='bbox 3041 2943 3354 3016; x_wconf 84' lang='lat' dir='ltr'><strong>quamlibet</strong></span> <span class='ocrx_word' id='word_1_416' title='bbox 3381 2941 3507 2996; x_wconf 86' lang='lat' dir='ltr'><strong>inli-</strong></span> 
     </span>
    </p>
   </div>
   <div class='ocr_carea' id='block_1_58' title="bbox 224 3036 1792 3143">
    <p class='ocr_par' dir='ltr' id='par_1_58' title="bbox 224 3036 1284 3143">
     <span class='ocr_line' id='line_1_58' title="bbox 224 3036 1284 3143; baseline 0 0"><span class='ocrx_word' id='word_1_417' title='bbox 224 3036 418 3143; x_wconf 59' lang='grc' dir='ltr'>θδθὲδς</span> <span class='ocrx_word' id='word_1_418' title='bbox 645 3130 702 3143; x_wconf 76' lang='lat'><strong>.-</strong></span> <span class='ocrx_word' id='word_1_419' title='bbox 925 3133 1026 3143; x_wconf 90' lang='lat'><strong>..</strong></span> 
     </span>
    </p>
   </div>
   <div class='ocr_carea' id='block_1_59' title="bbox 814 3036 2382 3143">
    <p class='ocr_par' dir='ltr' id='par_1_59' title="bbox 1849 3041 2382 3143">
     <span class='ocr_line' id='line_1_59' title="bbox 1849 3041 2382 3143; baseline -0.015 -41"><span class='ocrx_word' id='word_1_420' title='bbox 1849 3084 1892 3143; x_wconf 61' lang='grc' dir='ltr'>Ο</span> <span class='ocrx_word' id='word_1_421' title='bbox 1925 3047 2041 3101; x_wconf 90' lang='lat' dir='ltr'><strong>nite</strong></span> <span class='ocrx_word' id='word_1_422' title='bbox 2070 3044 2252 3100; x_wconf 91' lang='lat' dir='ltr'><strong>bonus</strong></span> <span class='ocrx_word' id='word_1_423' title='bbox 2289 3041 2382 3097; x_wconf 85' lang='lat' dir='ltr'><strong>sit.</strong></span> 
     </span>
    </p>
   </div>
   <div class='ocr_carea' id='block_1_60' title="bbox 309 3130 1877 3207">
    <p class='ocr_par' dir='ltr' id='par_1_60' title="bbox 309 3130 1877 3207">
     <span class='ocr_line' id='line_1_60' title="bbox 309 3130 1877 3207; baseline 0.004 -24"><span class='ocrx_word' id='word_1_424' title='bbox 309 3149 329 3183; x_wconf 73' lang='grc' dir='ltr'><strong>ι</strong></span> <span class='ocrx_word' id='word_1_425' title='bbox 364 3130 851 3203; x_wconf 72' lang='grc' dir='ltr'>Κατεπρὼθησαν</span> <span class='ocrx_word' id='word_1_426' title='bbox 877 3133 987 3204; x_wconf 83' lang='grc' dir='ltr'>γὰρ</span> <span class='ocrx_word' id='word_1_427' title='bbox 1009 3135 1068 3188; x_wconf 84' lang='grc' dir='ltr'><strong>ἐν</strong></span> <span class='ocrx_word' id='word_1_428' title='bbox 1094 3137 1160 3207; x_wconf 82' lang='grc' dir='ltr'>τῇ</span> <span class='ocrx_word' id='word_1_429' title='bbox 1191 3135 1409 3207; x_wconf 85' lang='grc' dir='ltr'>ἐρήμῳ.</span> <span class='ocrx_word' id='word_1_430' title='bbox 1445 3155 1464 3188; x_wconf 78' lang='grc' dir='ltr'><strong>ι</strong></span> <span class='ocrx_word' id='word_1_431' title='bbox 1852 3130 1877 3143; x_wconf 81' lang='grc'><strong>“’</strong></span> 
     </span>
    </p>
   </div>
   <div class='ocr_carea' id='block_1_61' title="bbox 1512 3130 3080 3207">
    <p class='ocr_par' dir='ltr' id='par_1_61' title="bbox 1852 3130 3080 3206">
     <span class='ocr_line' id='line_1_61' title="bbox 1852 3130 3080 3206; baseline -0.011 -13"><span class='ocrx_word' id='word_1_432' title='bbox 1852 3130 1892 3143; x_wconf 78' lang='grc'><strong>“”</strong></span> <span class='ocrx_word' id='word_1_433' title='bbox 2002 3159 2021 3192; x_wconf 74' lang='grc' dir='ltr'><strong>ι</strong></span> <span class='ocrx_word' id='word_1_434' title='bbox 2060 3130 2202 3191; x_wconf 82' lang='lat' dir='ltr'><strong>Nam</strong></span> <span class='ocrx_word' id='word_1_435' title='bbox 2235 3133 2506 3206; x_wconf 88' lang='lat' dir='ltr'><strong>prostrati</strong></span> <span class='ocrx_word' id='word_1_436' title='bbox 2535 3141 2664 3188; x_wconf 90' lang='lat' dir='ltr'><strong>sunt</strong></span> <span class='ocrx_word' id='word_1_437' title='bbox 2698 3130 2752 3184; x_wconf 94' lang='lat' dir='ltr'><strong>in</strong></span> <span class='ocrx_word' id='word_1_438' title='bbox 2787 3130 3032 3186; x_wconf 88' lang='lat' dir='ltr'><strong>deserto.</strong></span> <span class='ocrx_word' id='word_1_439' title='bbox 3063 3147 3080 3179; x_wconf 75' lang='grc' dir='ltr'><strong>ι</strong></span> 
     </span>
    </p>
   </div>
   <div class='ocr_carea' id='block_1_62' title="bbox 303 3217 1871 3301">
    <p class='ocr_par' dir='ltr' id='par_1_62' title="bbox 303 3223 1679 3301">
     <span class='ocr_line' id='line_1_62' title="bbox 303 3223 1679 3301; baseline 0.006 -25"><span class='ocrx_word' id='word_1_440' title='bbox 303 3223 417 3293; x_wconf 82' lang='grc' dir='ltr'><strong>Τὴν</strong></span> <span class='ocrx_word' id='word_1_441' title='bbox 447 3223 678 3278; x_wconf 78' lang='grc' dir='ltr'>ἄπιστον</span> <span class='ocrx_word' id='word_1_442' title='bbox 707 3225 892 3280; x_wconf 79' lang='grc' dir='ltr'>αὐτῶν</span> <span class='ocrx_word' id='word_1_443' title='bbox 933 3225 1216 3281; x_wconf 80' lang='grc' dir='ltr'>ἀπώλειαν</span> <span class='ocrx_word' id='word_1_444' title='bbox 1245 3228 1679 3301; x_wconf 69' lang='grc' dir='ltr'>κατασημαίνει.</span> 
     </span>
    </p>
   </div>
   <div class='ocr_carea' id='block_1_63' title="bbox 1657 3217 3225 3301">
    <p class='ocr_par' dir='ltr' id='par_1_63' title="bbox 1665 3217 3225 3300">
     <span class='ocr_line' id='line_1_63' title="bbox 1665 3217 3225 3300; baseline -0.008 -15"><span class='ocrx_word' id='word_1_445' title='bbox 1665 3270 1679 3285; x_wconf 90' lang='grc'><strong>.</strong></span> <span class='ocrx_word' id='word_1_446' title='bbox 1993 3229 2344 3300; x_wconf 85' lang='lat' dir='ltr'><strong>luopinatutn</strong></span> <span class='ocrx_word' id='word_1_447' title='bbox 2371 3238 2566 3282; x_wconf 90' lang='lat' dir='ltr'><strong>eorum</strong></span> <span class='ocrx_word' id='word_1_448' title='bbox 2610 3221 2895 3276; x_wconf 89' lang='lat' dir='ltr'><strong>interitum</strong></span> <span class='ocrx_word' id='word_1_449' title='bbox 2926 3217 3225 3289; x_wconf 80' lang='lat' dir='ltr'><strong>signiﬁcat.</strong></span> 
     </span>
    </p>
   </div>
   <div class='ocr_carea' id='block_1_64' title="bbox 311 3308 1879 3397">
    <p class='ocr_par' dir='ltr' id='par_1_64' title="bbox 311 3315 1822 3397">
     <span class='ocr_line' id='line_1_64' title="bbox 311 3315 1822 3397; baseline 0.008 -29"><span class='ocrx_word' id='word_1_450' title='bbox 311 3335 333 3368; x_wconf 75' lang='grc' dir='ltr'><strong>ι</strong></span> <span class='ocrx_word' id='word_1_451' title='bbox 373 3315 563 3370; x_wconf 81' lang='grc' dir='ltr'>Ταῦτα</span> <span class='ocrx_word' id='word_1_452' title='bbox 600 3317 659 3370; x_wconf 82' lang='grc' dir='ltr'><strong>δὲ</strong></span> <span class='ocrx_word' id='word_1_453' title='bbox 699 3317 863 3371; x_wconf 86' lang='grc' dir='ltr'>τύποι</span> <span class='ocrx_word' id='word_1_454' title='bbox 910 3319 1070 3391; x_wconf 80' lang='grc' dir='ltr'>ἡμῶν</span> <span class='ocrx_word' id='word_1_455' title='bbox 1117 3321 1460 3393; x_wconf 83' lang='grc' dir='ltr'>ἐγενήθησαν</span> <span class='ocrx_word' id='word_1_456' title='bbox 1485 3363 1500 3389; x_wconf 92' lang='grc'><strong>,</strong></span> <span class='ocrx_word' id='word_1_457' title='bbox 1533 3326 1616 3389; x_wconf 77' lang='grc' dir='ltr'>εἰς</span> <span class='ocrx_word' id='word_1_458' title='bbox 1648 3324 1710 3378; x_wconf 86' lang='grc' dir='ltr'><strong>τὸ</strong></span> <span class='ocrx_word' id='word_1_459' title='bbox 1745 3325 1822 3397; x_wconf 85' lang='grc' dir='ltr'>μὴ</span> 
     </span>
    </p>
   </div>
   <div class='ocr_carea' id='block_1_65' title="bbox 1941 3308 3509 3397">
    <p class='ocr_par' dir='ltr' id='par_1_65' title="bbox 1996 3308 3509 3381">
     <span class='ocr_line' id='line_1_65' title="bbox 1996 3308 3509 3381; baseline -0.01 -5"><span class='ocrx_word' id='word_1_460' title='bbox 1996 3321 2164 3376; x_wconf 73' lang='lat' dir='ltr'><strong>Vens.</strong></span> <span class='ocrx_word' id='word_1_461' title='bbox 2201 3319 2253 3374; x_wconf 91' lang='lat'><strong>6.</strong></span> <span class='ocrx_word' id='word_1_462' title='bbox 2301 3318 2351 3372; x_wconf 90' lang='lat'><strong>7.</strong></span> <span class='ocrx_word' id='word_1_463' title='bbox 2410 3335 2428 3369; x_wconf 79' lang='grc' dir='ltr'><strong>ι</strong></span> <span class='ocrx_word' id='word_1_464' title='bbox 2496 3314 2624 3370; x_wconf 58' lang='lat' dir='ltr'><strong>Haec</strong></span> <span class='ocrx_word' id='word_1_465' title='bbox 2683 3322 2868 3368; x_wconf 89' lang='lat' dir='ltr'><strong>autem</strong></span> <span class='ocrx_word' id='word_1_466' title='bbox 2938 3311 3131 3381; x_wconf 74' lang='lat' dir='ltr'><strong>figura:</strong></span> <span class='ocrx_word' id='word_1_467' title='bbox 3187 3308 3332 3362; x_wconf 83' lang='lat' dir='ltr'><strong>facta</strong></span> <span class='ocrx_word' id='word_1_468' title='bbox 3379 3321 3509 3362; x_wconf 87' lang='lat' dir='ltr'><strong>sunt</strong></span> 
     </span>
    </p>
   </div>
   <div class='ocr_carea' id='block_1_66' title="bbox 229 3398 1797 3480">
    <p class='ocr_par' dir='ltr' id='par_1_66' title="bbox 229 3401 1797 3480">
     <span class='ocr_line' id='line_1_66' title="bbox 229 3401 1797 3480; baseline 0.006 -22"><span class='ocrx_word' id='word_1_469' title='bbox 229 3401 374 3460; x_wconf 80' lang='grc' dir='ltr'>εἶναι</span> <span class='ocrx_word' id='word_1_470' title='bbox 405 3407 554 3478; x_wconf 76' lang='grc' dir='ltr'><strong>ἡμᾶς</strong></span> <span class='ocrx_word' id='word_1_471' title='bbox 578 3407 930 3480; x_wconf 78' lang='grc' dir='ltr'>ἐπιθυμητὰς</span> <span class='ocrx_word' id='word_1_472' title='bbox 955 3411 1166 3477; x_wconf 85' lang='grc' dir='ltr'>κακῶν,</span> <span class='ocrx_word' id='word_1_473' title='bbox 1203 3411 1390 3476; x_wconf 86' lang='grc' dir='ltr'>καθὼς</span> <span class='ocrx_word' id='word_1_474' title='bbox 1419 3415 1672 3468; x_wconf 84' lang='grc' dir='ltr'>κάκεῖνοι</span> <span class='ocrx_word' id='word_1_475' title='bbox 1725 3415 1797 3467; x_wconf 83' lang='grc' dir='ltr'><strong>ἐπ</strong></span> 
     </span>
    </p>
   </div>
   <div class='ocr_carea' id='block_1_67' title="bbox 1936 3398 3504 3480">
    <p class='ocr_par' dir='ltr' id='par_1_67' title="bbox 1936 3398 3504 3478">
     <span class='ocr_line' id='line_1_67' title="bbox 1936 3398 3504 3478; baseline -0.013 -8"><span class='ocrx_word' id='word_1_476' title='bbox 1936 3413 2128 3478; x_wconf 85' lang='lat' dir='ltr'><strong>nostri,</strong></span> <span class='ocrx_word' id='word_1_477' title='bbox 2179 3419 2240 3466; x_wconf 90' lang='lat' dir='ltr'><strong>ut</strong></span> <span class='ocrx_word' id='word_1_478' title='bbox 2292 3423 2402 3463; x_wconf 91' lang='lat' dir='ltr'><strong>non</strong></span> <span class='ocrx_word' id='word_1_479' title='bbox 2450 3406 2631 3462; x_wconf 84' lang='lat' dir='ltr'><strong>simus</strong></span> <span class='ocrx_word' id='word_1_480' title='bbox 2680 3403 3139 3471; x_wconf 88' lang='lat' dir='ltr'><strong>concupiscentes</strong></span> <span class='ocrx_word' id='word_1_481' title='bbox 3187 3398 3504 3464; x_wconf 89' lang='lat' dir='ltr'><strong>malorum;</strong></span> 
     </span>
    </p>
   </div>
   <div class='ocr_carea' id='block_1_68' title="bbox 235 3488 1803 3574">
    <p class='ocr_par' dir='ltr' id='par_1_68' title="bbox 235 3498 1803 3574">
     <span class='ocr_line' id='line_1_68' title="bbox 235 3498 1803 3574; baseline 0.004 -23"><span class='ocrx_word' id='word_1_482' title='bbox 235 3498 551 3570; x_wconf 84' lang='grc' dir='ltr'>εθύμησαν,</span> <span class='ocrx_word' id='word_1_483' title='bbox 578 3501 718 3572; x_wconf 83' lang='grc' dir='ltr'>μηδὲ</span> <span class='ocrx_word' id='word_1_484' title='bbox 752 3502 1143 3572; x_wconf 75' lang='grc' dir='ltr'>εἰδωλολάτραι</span> <span class='ocrx_word' id='word_1_485' title='bbox 1175 3504 1416 3574; x_wconf 83' lang='grc' dir='ltr'>γίνεσθε,</span> <span class='ocrx_word' id='word_1_486' title='bbox 1471 3506 1656 3571; x_wconf 80' lang='grc' dir='ltr'>καθώς</span> <span class='ocrx_word' id='word_1_487' title='bbox 1677 3523 1803 3562; x_wconf 78' lang='grc' dir='ltr'>τινε‹</span> 
     </span>
    </p>
   </div>
   <div class='ocr_carea' id='block_1_69' title="bbox 1941 3488 3509 3574">
    <p class='ocr_par' dir='ltr' id='par_1_69' title="bbox 1941 3488 3509 3568">
     <span class='ocr_line' id='line_1_69' title="bbox 1941 3488 3509 3568; baseline -0.012 -8"><span class='ocrx_word' id='word_1_488' title='bbox 1941 3505 2072 3560; x_wconf 71' lang='lat' dir='ltr'><strong>sicut</strong></span> <span class='ocrx_word' id='word_1_489' title='bbox 2102 3510 2157 3558; x_wconf 90' lang='lat' dir='ltr'><strong>et</strong></span> <span class='ocrx_word' id='word_1_490' title='bbox 2187 3501 2264 3555; x_wconf 90' lang='lat' dir='ltr'><strong>illi</strong></span> <span class='ocrx_word' id='word_1_491' title='bbox 2292 3497 2717 3568; x_wconf 91' lang='lat' dir='ltr'><strong>concupierunt.</strong></span> <span class='ocrx_word' id='word_1_492' title='bbox 2753 3492 2944 3563; x_wconf 79' lang='lat' dir='ltr'><strong>Neque</strong></span> <span class='ocrx_word' id='word_1_493' title='bbox 2976 3491 3288 3546; x_wconf 76' lang='lat' dir='ltr'><strong>idololatra:</strong></span> <span class='ocrx_word' id='word_1_494' title='bbox 3313 3488 3509 3543; x_wconf 78' lang='lat' dir='ltr'><strong>cilicia-</strong></span> 
     </span>
    </p>
   </div>
   <div class='ocr_carea' id='block_1_70' title="bbox 233 3580 1801 3665">
    <p class='ocr_par' dir='ltr' id='par_1_70' title="bbox 233 3591 1090 3665">
     <span class='ocr_line' id='line_1_70' title="bbox 233 3591 1090 3665; baseline 0.004 -21"><span class='ocrx_word' id='word_1_495' title='bbox 233 3591 444 3658; x_wconf 81' lang='grc' dir='ltr'>αὐτῶν,</span> <span class='ocrx_word' id='word_1_496' title='bbox 474 3595 664 3665; x_wconf 83' lang='grc' dir='ltr'>ὥσπερ</span> <span class='ocrx_word' id='word_1_497' title='bbox 694 3593 1033 3663; x_wconf 87' lang='grc' dir='ltr'>γέγραπται.</span> <span class='ocrx_word' id='word_1_498' title='bbox 1071 3614 1090 3647; x_wconf 71' lang='grc' dir='ltr'><strong><em>ι</em></strong></span> 
     </span>
    </p>
   </div>
   <div class='ocr_carea' id='block_1_71' title="bbox 1944 3580 3512 3665">
    <p class='ocr_par' dir='ltr' id='par_1_71' title="bbox 1944 3580 3512 3660">
     <span class='ocr_line' id='line_1_71' title="bbox 1944 3580 3512 3660; baseline -0.011 -12"><span class='ocrx_word' id='word_1_499' title='bbox 1944 3593 2089 3660; x_wconf 84' lang='lat' dir='ltr'><strong>nini,</strong></span> <span class='ocrx_word' id='word_1_500' title='bbox 2130 3591 2277 3648; x_wconf 91' lang='lat' dir='ltr'><strong>sicut</strong></span> <span class='ocrx_word' id='word_1_501' title='bbox 2306 3588 2534 3660; x_wconf 89' lang='lat' dir='ltr'><strong>quidam</strong></span> <span class='ocrx_word' id='word_1_502' title='bbox 2572 3602 2641 3642; x_wconf 83' lang='lat' dir='ltr'><strong>ex</strong></span> <span class='ocrx_word' id='word_1_503' title='bbox 2677 3585 2840 3655; x_wconf 91' lang='lat' dir='ltr'><strong>ipsis,</strong></span> <span class='ocrx_word' id='word_1_504' title='bbox 2873 3581 3340 3654; x_wconf 88' lang='lat' dir='ltr'><strong>quemadmodqu</strong></span> <span class='ocrx_word' id='word_1_505' title='bbox 3372 3580 3512 3634; x_wconf 80' lang='lat' dir='ltr'><strong>srri-</strong></span> 
     </span>
    </p>
   </div>
   <div class='ocr_carea' id='block_1_72' title="bbox 2029 3700 2279 3738">
    <p class='ocr_par' dir='ltr' id='par_1_72' title="bbox 2029 3700 2279 3738">
     <span class='ocr_line' id='line_1_72' title="bbox 2029 3700 2279 3738; baseline 0.004 -1"><span class='ocrx_word' id='word_1_506' title='bbox 2029 3700 2080 3738; x_wconf 92' lang='lat' dir='ltr'><strong>m</strong></span> <span class='ocrx_word' id='word_1_507' title='bbox 2109 3700 2213 3738; x_wconf 79' lang='grc' dir='ltr'>εει.</span> <span class='ocrx_word' id='word_1_508' title='bbox 2261 3700 2279 3732; x_wconf 76' lang='grc' dir='ltr'><strong>Ι</strong></span> 
     </span>
    </p>
   </div>
   <div class='ocr_carea' id='block_1_73' title="bbox 310 3691 1878 3850">
    <p class='ocr_par' dir='ltr' id='par_1_73' title="bbox 310 3773 1830 3850">
     <span class='ocr_line' id='line_1_73' title="bbox 310 3773 1830 3850; baseline 0.005 -24"><span class='ocrx_word' id='word_1_509' title='bbox 310 3774 433 3826; x_wconf 86' lang='grc' dir='ltr'>Ἵνα</span> <span class='ocrx_word' id='word_1_510' title='bbox 463 3773 540 3844; x_wconf 84' lang='grc' dir='ltr'>μὴ</span> <span class='ocrx_word' id='word_1_511' title='bbox 568 3773 772 3843; x_wconf 78' lang='grc' dir='ltr'>λέγωσι</span> <span class='ocrx_word' id='word_1_512' title='bbox 790 3790 807 3807; x_wconf 75' lang='grc' dir='ltr'><strong>ο</strong></span> <span class='ocrx_word' id='word_1_513' title='bbox 833 3775 947 3832; x_wconf 74' lang='grc' dir='ltr'>Καὶ</span> <span class='ocrx_word' id='word_1_514' title='bbox 973 3775 1028 3829; x_wconf 85' lang='grc' dir='ltr'><strong>τί</strong></span> <span class='ocrx_word' id='word_1_515' title='bbox 1058 3775 1413 3850; x_wconf 77' lang='grc' dir='ltr'>πρὸςὴμᾶςή</span> <span class='ocrx_word' id='word_1_516' title='bbox 1437 3777 1670 3833; x_wconf 81' lang='grc' dir='ltr'>ἐκείνων</span> <span class='ocrx_word' id='word_1_517' title='bbox 1720 3780 1830 3834; x_wconf 83' lang='grc' dir='ltr'><strong>ἀπ-</strong></span> 
     </span>
    </p>
   </div>
   <div class='ocr_carea' id='block_1_74' title="bbox 1946 3691 3514 3850">
    <p class='ocr_par' dir='ltr' id='par_1_74' title="bbox 1946 3691 3514 3838">
     <span class='ocr_line' id='line_1_74' title="bbox 1946 3691 2279 3740; baseline -0.018 -1"><span class='ocrx_word' id='word_1_518' title='bbox 1946 3693 2080 3740; x_wconf 66' lang='lat' dir='ltr'><strong>itum</strong></span> <span class='ocrx_word' id='word_1_519' title='bbox 2109 3691 2213 3738; x_wconf 87' lang='lat' dir='ltr'><strong>est.</strong></span> <span class='ocrx_word' id='word_1_520' title='bbox 2261 3700 2279 3732; x_wconf 76' lang='grc' dir='ltr'><strong>ι</strong></span> 
     </span>
     <span class='ocr_line' id='line_1_75' title="bbox 1999 3766 3514 3838; baseline -0.007 -6"><span class='ocrx_word' id='word_1_521' title='bbox 1999 3777 2080 3832; x_wconf 87' lang='lat' dir='ltr'><strong>Ne</strong></span> <span class='ocrx_word' id='word_1_522' title='bbox 2109 3774 2364 3830; x_wconf 88' lang='lat' dir='ltr'><strong>dicerent</strong></span> <span class='ocrx_word' id='word_1_523' title='bbox 2393 3771 2562 3838; x_wconf 75' lang='lat' dir='ltr'><strong>:Quid</strong></span> <span class='ocrx_word' id='word_1_524' title='bbox 2587 3769 2652 3823; x_wconf 91' lang='lat' dir='ltr'><strong>ad</strong></span> <span class='ocrx_word' id='word_1_525' title='bbox 2680 3784 2780 3824; x_wconf 89' lang='lat' dir='ltr'><strong>nos</strong></span> <span class='ocrx_word' id='word_1_526' title='bbox 2811 3768 2903 3822; x_wconf 85' lang='lat' dir='ltr'><strong>hic</strong></span> <span class='ocrx_word' id='word_1_527' title='bbox 2930 3767 3178 3836; x_wconf 89' lang='lat' dir='ltr'><strong>ipsorum</strong></span> <span class='ocrx_word' id='word_1_528' title='bbox 3212 3766 3514 3823; x_wconf 85' lang='lat' dir='ltr'><strong>interitus?</strong></span> 
     </span>
    </p>
   </div>
   <div class='ocr_carea' id='block_1_75' title="bbox 229 3859 1797 3944">
    <p class='ocr_par' dir='ltr' id='par_1_75' title="bbox 229 3865 1797 3944">
     <span class='ocr_line' id='line_1_76' title="bbox 229 3865 1797 3944; baseline 0.005 -26"><span class='ocrx_word' id='word_1_529' title='bbox 229 3865 441 3933; x_wconf 80' lang='grc' dir='ltr'>ὠλεια;</span> <span class='ocrx_word' id='word_1_530' title='bbox 477 3866 638 3920; x_wconf 82' lang='grc' dir='ltr'>τοῦτο</span> <span class='ocrx_word' id='word_1_531' title='bbox 655 3866 762 3938; x_wconf 85' lang='grc' dir='ltr'>γὰρ</span> <span class='ocrx_word' id='word_1_532' title='bbox 783 3866 852 3921; x_wconf 86' lang='grc' dir='ltr'><strong>δι’</strong></span> <span class='ocrx_word' id='word_1_533' title='bbox 874 3868 1042 3940; x_wconf 78' lang='grc' dir='ltr'>ἡμᾶς,</span> <span class='ocrx_word' id='word_1_534' title='bbox 1055 3867 1197 3922; x_wconf 82' lang='grc' dir='ltr'>ὥστε</span> <span class='ocrx_word' id='word_1_535' title='bbox 1232 3870 1711 3944; x_wconf 80' lang='grc' dir='ltr'>σωφρονεστέρους</span> <span class='ocrx_word' id='word_1_536' title='bbox 1737 3889 1797 3941; x_wconf 86' lang='grc' dir='ltr'><strong>γε</strong></span> 
     </span>
    </p>
   </div>
   <div class='ocr_carea' id='block_1_76' title="bbox 1943 3859 3511 3944">
    <p class='ocr_par' dir='ltr' id='par_1_76' title="bbox 1943 3859 3511 3936">
     <span class='ocr_line' id='line_1_77' title="bbox 1943 3859 3511 3936; baseline -0.007 -11"><span class='ocrx_word' id='word_1_537' title='bbox 1943 3869 2123 3925; x_wconf 68' lang='grc' dir='ltr'>ξειὶιίεο</span> <span class='ocrx_word' id='word_1_538' title='bbox 2174 3869 2322 3922; x_wconf 87' lang='lat' dir='ltr'><strong>enim</strong></span> <span class='ocrx_word' id='word_1_539' title='bbox 2368 3871 2596 3936; x_wconf 87' lang='lat' dir='ltr'><strong>propter</strong></span> <span class='ocrx_word' id='word_1_540' title='bbox 2641 3877 2740 3916; x_wconf 88' lang='lat' dir='ltr'><strong>nos</strong></span> <span class='ocrx_word' id='word_1_541' title='bbox 2790 3861 3108 3930; x_wconf 81' lang='lat' dir='ltr'><strong>contigere,</strong></span> <span class='ocrx_word' id='word_1_542' title='bbox 3144 3866 3206 3913; x_wconf 92' lang='lat' dir='ltr'><strong>ut</strong></span> <span class='ocrx_word' id='word_1_543' title='bbox 3241 3859 3511 3929; x_wconf 75' lang='lat' dir='ltr'><strong>ejusmodi</strong></span> 
     </span>
    </p>
   </div>
   <div class='ocr_carea' id='block_1_77' title="bbox 229 3952 1797 4031">
    <p class='ocr_par' dir='ltr' id='par_1_77' title="bbox 229 3959 1294 4031">
     <span class='ocr_line' id='line_1_78' title="bbox 229 3959 1294 4031; baseline 0.002 -17"><span class='ocrx_word' id='word_1_544' title='bbox 229 3960 431 4015; x_wconf 82' lang='grc' dir='ltr'>νέσθαι</span> <span class='ocrx_word' id='word_1_545' title='bbox 456 3963 573 4024; x_wconf 87' lang='grc' dir='ltr'>τοῖς</span> <span class='ocrx_word' id='word_1_546' title='bbox 600 3959 1002 4031; x_wconf 79' lang='grc' dir='ltr'>ὑποδείγμασιν</span> <span class='ocrx_word' id='word_1_547' title='bbox 1033 3961 1294 4026; x_wconf 81' lang='grc' dir='ltr'>ἐκείνοις.</span> 
     </span>
    </p>
   </div>
   <div class='ocr_carea' id='block_1_78' title="bbox 1479 3952 3047 4031">
    <p class='ocr_par' dir='ltr' id='par_1_78' title="bbox 1931 3952 3047 4030">
     <span class='ocr_line' id='line_1_79' title="bbox 1931 3952 3047 4030; baseline -0.012 -13"><span class='ocrx_word' id='word_1_548' title='bbox 1931 3959 2196 4030; x_wconf 78' lang='lat' dir='ltr'><strong>exemplis</strong></span> <span class='ocrx_word' id='word_1_549' title='bbox 2246 3956 2636 4028; x_wconf 87' lang='lat' dir='ltr'><strong>prudentiores</strong></span> <span class='ocrx_word' id='word_1_550' title='bbox 2664 3952 3047 4008; x_wconf 86' lang='lat' dir='ltr'><strong>evaderemus.</strong></span> 
     </span>
    </p>
   </div>
   <div class='ocr_carea' id='block_1_79' title="bbox 319 4043 1887 4122">
    <p class='ocr_par' dir='ltr' id='par_1_79' title="bbox 319 4050 1833 4122">
     <span class='ocr_line' id='line_1_80' title="bbox 319 4050 1833 4122; baseline 0.007 -20"><span class='ocrx_word' id='word_1_551' title='bbox 319 4070 339 4102; x_wconf 72' lang='grc' dir='ltr'><strong>ι</strong></span> <span class='ocrx_word' id='word_1_552' title='bbox 387 4050 678 4106; x_wconf 84' lang='grc' dir='ltr'>Ἐκάθισεν</span> <span class='ocrx_word' id='word_1_553' title='bbox 711 4053 739 4105; x_wconf 85' lang='grc' dir='ltr'><em>ὁ</em></span> <span class='ocrx_word' id='word_1_554' title='bbox 767 4051 896 4116; x_wconf 82' lang='grc' dir='ltr'>λαὸς</span> <span class='ocrx_word' id='word_1_555' title='bbox 924 4055 1121 4122; x_wconf 82' lang='grc' dir='ltr'>φαγεῖν</span> <span class='ocrx_word' id='word_1_556' title='bbox 1152 4055 1250 4108; x_wconf 72' lang='grc' dir='ltr'>καὶ</span> <span class='ocrx_word' id='word_1_557' title='bbox 1284 4057 1453 4122; x_wconf 89' lang='grc' dir='ltr'>πιεῖν,</span> <span class='ocrx_word' id='word_1_558' title='bbox 1476 4056 1574 4110; x_wconf 77' lang='grc' dir='ltr'>καὶ</span> <span class='ocrx_word' id='word_1_559' title='bbox 1601 4055 1833 4112; x_wconf 82' lang='grc' dir='ltr'>ἀνέστη-</span> 
     </span>
    </p>
   </div>
   <div class='ocr_carea' id='block_1_80' title="bbox 1947 4043 3515 4122">
    <p class='ocr_par' dir='ltr' id='par_1_80' title="bbox 2007 4043 3515 4119">
     <span class='ocr_line' id='line_1_81' title="bbox 2007 4043 3515 4119; baseline -0.007 -12"><span class='ocrx_word' id='word_1_560' title='bbox 2007 4071 2026 4106; x_wconf 79' lang='grc' dir='ltr'><strong>ι</strong></span> <span class='ocrx_word' id='word_1_561' title='bbox 2072 4050 2246 4113; x_wconf 75' lang='grc' dir='ltr'>,δεάἰι</span> <span class='ocrx_word' id='word_1_562' title='bbox 2291 4047 2533 4119; x_wconf 90' lang='lat' dir='ltr'><strong>populus</strong></span> <span class='ocrx_word' id='word_1_563' title='bbox 2579 4043 2921 4099; x_wconf 89' lang='lat' dir='ltr'><strong>manducare</strong></span> <span class='ocrx_word' id='word_1_564' title='bbox 2952 4051 3008 4097; x_wconf 88' lang='lat' dir='ltr'><strong>et</strong></span> <span class='ocrx_word' id='word_1_565' title='bbox 3044 4043 3272 4107; x_wconf 88' lang='lat' dir='ltr'><strong>bibere,</strong></span> <span class='ocrx_word' id='word_1_566' title='bbox 3303 4050 3358 4096; x_wconf 87' lang='lat' dir='ltr'><strong>et</strong></span> <span class='ocrx_word' id='word_1_567' title='bbox 3391 4059 3515 4098; x_wconf 81' lang='lat' dir='ltr'><strong>sur-</strong></span> 
     </span>
    </p>
   </div>
   <div class='ocr_carea' id='block_1_81' title="bbox 236 4134 1804 4219">
    <p class='ocr_par' dir='ltr' id='par_1_81' title="bbox 236 4141 1804 4219">
     <span class='ocr_line' id='line_1_82' title="bbox 236 4141 1804 4219; baseline 0.004 -25"><span class='ocrx_word' id='word_1_568' title='bbox 236 4159 342 4195; x_wconf 84' lang='grc' dir='ltr'><strong>σαν</strong></span> <span class='ocrx_word' id='word_1_569' title='bbox 364 4141 588 4207; x_wconf 73' lang='grc' dir='ltr'>παίζειν</span> <span class='ocrx_word' id='word_1_570' title='bbox 609 4160 624 4174; x_wconf 90' lang='grc'><strong>·</strong></span> <span class='ocrx_word' id='word_1_571' title='bbox 659 4144 798 4214; x_wconf 83' lang='grc' dir='ltr'>μηδὲ</span> <span class='ocrx_word' id='word_1_572' title='bbox 837 4145 1220 4217; x_wconf 86' lang='grc' dir='ltr'>πορνεύωμεν,</span> <span class='ocrx_word' id='word_1_573' title='bbox 1267 4147 1454 4210; x_wconf 85' lang='grc' dir='ltr'>καθώς</span> <span class='ocrx_word' id='word_1_574' title='bbox 1488 4165 1634 4212; x_wconf 88' lang='grc' dir='ltr'>τινες</span> <span class='ocrx_word' id='word_1_575' title='bbox 1662 4148 1804 4219; x_wconf 82' lang='grc' dir='ltr'>ἐπόρ</span> 
     </span>
    </p>
   </div>
   <div class='ocr_carea' id='block_1_82' title="bbox 1945 4134 3513 4219">
    <p class='ocr_par' dir='ltr' id='par_1_82' title="bbox 1945 4134 3513 4209">
     <span class='ocr_line' id='line_1_83' title="bbox 1945 4134 3513 4209; baseline -0.011 -5"><span class='ocrx_word' id='word_1_576' title='bbox 1945 4153 2198 4205; x_wconf 78' lang='lat' dir='ltr'><strong>rexerunt</strong></span> <span class='ocrx_word' id='word_1_577' title='bbox 2240 4142 2452 4196; x_wconf 89' lang='lat' dir='ltr'><strong>ludere.</strong></span> <span class='ocrx_word' id='word_1_578' title='bbox 2512 4138 2701 4209; x_wconf 78' lang='lat' dir='ltr'><strong>[Vsns.</strong></span> <span class='ocrx_word' id='word_1_579' title='bbox 2751 4136 2830 4208; x_wconf 92' lang='lat'><strong>8.]</strong></span> <span class='ocrx_word' id='word_1_580' title='bbox 2891 4134 3083 4205; x_wconf 80' lang='lat' dir='ltr'><strong>Neque</strong></span> <span class='ocrx_word' id='word_1_581' title='bbox 3144 4135 3513 4198; x_wconf 81' lang='lat' dir='ltr'><strong>fornicemur,</strong></span> 
     </span>
    </p>
   </div>
   <div class='ocr_carea' id='block_1_83' title="bbox 231 4223 1799 4310">
    <p class='ocr_par' dir='ltr' id='par_1_83' title="bbox 231 4233 1799 4310">
     <span class='ocr_line' id='line_1_84' title="bbox 231 4233 1799 4310; baseline 0.003 -22"><span class='ocrx_word' id='word_1_582' title='bbox 231 4251 439 4288; x_wconf 83' lang='grc' dir='ltr'>νευσαν</span> <span class='ocrx_word' id='word_1_583' title='bbox 467 4233 671 4304; x_wconf 83' lang='grc' dir='ltr'>αὐτῶν,</span> <span class='ocrx_word' id='word_1_584' title='bbox 704 4236 802 4291; x_wconf 78' lang='grc' dir='ltr'>καὶ</span> <span class='ocrx_word' id='word_1_585' title='bbox 819 4235 1025 4292; x_wconf 77' lang='grc' dir='ltr'>ἔπεσαν</span> <span class='ocrx_word' id='word_1_586' title='bbox 1045 4238 1103 4291; x_wconf 81' lang='grc' dir='ltr'><strong>ἐν</strong></span> <span class='ocrx_word' id='word_1_587' title='bbox 1127 4239 1226 4310; x_wconf 83' lang='grc' dir='ltr'>μιᾷ</span> <span class='ocrx_word' id='word_1_588' title='bbox 1256 4238 1442 4310; x_wconf 76' lang='grc' dir='ltr'>ἡμέρᾳ</span> <span class='ocrx_word' id='word_1_589' title='bbox 1474 4238 1650 4292; x_wconf 77' lang='grc' dir='ltr'>εἴκοσι</span> <span class='ocrx_word' id='word_1_590' title='bbox 1678 4241 1799 4310; x_wconf 91' lang='grc' dir='ltr'>τρεῖ</span> 
     </span>
    </p>
   </div>
   <div class='ocr_carea' id='block_1_84' title="bbox 1949 4223 3517 4310">
    <p class='ocr_par' dir='ltr' id='par_1_84' title="bbox 1949 4223 3517 4301">
     <span class='ocr_line' id='line_1_85' title="bbox 1949 4223 3517 4301; baseline -0.008 -12"><span class='ocrx_word' id='word_1_591' title='bbox 1949 4235 2084 4293; x_wconf 72' lang='lat' dir='ltr'><strong>sicut</strong></span> <span class='ocrx_word' id='word_1_592' title='bbox 2107 4230 2330 4301; x_wconf 86' lang='lat' dir='ltr'><strong>quidam</strong></span> <span class='ocrx_word' id='word_1_593' title='bbox 2366 4243 2430 4282; x_wconf 82' lang='lat' dir='ltr'><strong>ex</strong></span> <span class='ocrx_word' id='word_1_594' title='bbox 2460 4225 2596 4294; x_wconf 90' lang='lat' dir='ltr'><strong>ipsis</strong></span> <span class='ocrx_word' id='word_1_595' title='bbox 2630 4224 2887 4278; x_wconf 81' lang='lat' dir='ltr'><strong>fornicati</strong></span> <span class='ocrx_word' id='word_1_596' title='bbox 2923 4233 3075 4285; x_wconf 87' lang='lat' dir='ltr'><strong>sunt,</strong></span> <span class='ocrx_word' id='word_1_597' title='bbox 3103 4231 3157 4277; x_wconf 92' lang='lat' dir='ltr'><strong>et</strong></span> <span class='ocrx_word' id='word_1_598' title='bbox 3191 4223 3517 4278; x_wconf 87' lang='lat' dir='ltr'><strong>ceciderunt</strong></span> 
     </span>
    </p>
   </div>
   <div class='ocr_carea' id='block_1_85' title="bbox 235 4315 1803 4399">
    <p class='ocr_par' dir='ltr' id='par_1_85' title="bbox 235 4327 572 4399">
     <span class='ocr_line' id='line_1_86' title="bbox 235 4327 572 4399; baseline 0.006 -20"><span class='ocrx_word' id='word_1_599' title='bbox 235 4327 502 4399; x_wconf 81' lang='grc' dir='ltr'>χιλιάδες.</span> <span class='ocrx_word' id='word_1_600' title='bbox 551 4348 572 4381; x_wconf 73' lang='grc' dir='ltr'><strong>ι</strong></span> 
     </span>
    </p>
   </div>
   <div class='ocr_carea' id='block_1_86' title="bbox 1263 4315 2831 4399">
    <p class='ocr_par' dir='ltr' id='par_1_86' title="bbox 1934 4315 2831 4390">
     <span class='ocr_line' id='line_1_87' title="bbox 1934 4315 2831 4390; baseline -0.019 -8"><span class='ocrx_word' id='word_1_601' title='bbox 1934 4340 2045 4382; x_wconf 89' lang='lat' dir='ltr'><strong>una</strong></span> <span class='ocrx_word' id='word_1_602' title='bbox 2087 4325 2173 4378; x_wconf 85' lang='lat' dir='ltr'><strong>die</strong></span> <span class='ocrx_word' id='word_1_603' title='bbox 2204 4319 2398 4390; x_wconf 79' lang='lat' dir='ltr'><strong>viginti</strong></span> <span class='ocrx_word' id='word_1_604' title='bbox 2435 4317 2538 4371; x_wconf 88' lang='lat' dir='ltr'><strong>tria</strong></span> <span class='ocrx_word' id='word_1_605' title='bbox 2571 4315 2764 4369; x_wconf 88' lang='lat' dir='ltr'><strong>millia.</strong></span> <span class='ocrx_word' id='word_1_606' title='bbox 2812 4333 2831 4367; x_wconf 75' lang='grc' dir='ltr'><strong>ι</strong></span> 
     </span>
    </p>
   </div>
   <div class='ocr_carea' id='block_1_87' title="bbox 309 4404 1877 4493">
    <p class='ocr_par' dir='ltr' id='par_1_87' title="bbox 309 4420 1877 4493">
     <span class='ocr_line' id='line_1_88' title="bbox 309 4420 1877 4493; baseline 0.003 -21"><span class='ocrx_word' id='word_1_607' title='bbox 309 4421 532 4493; x_wconf 77' lang='grc' dir='ltr'>Ὥσπερ</span> <span class='ocrx_word' id='word_1_608' title='bbox 557 4420 780 4488; x_wconf 86' lang='grc' dir='ltr'>ἐκεῖνοι,</span> <span class='ocrx_word' id='word_1_609' title='bbox 814 4421 1002 4491; x_wconf 66' lang='grc' dir='ltr'>φησὶν,</span> <span class='ocrx_word' id='word_1_610' title='bbox 1037 4420 1148 4475; x_wconf 81' lang='grc' dir='ltr'>ἀπὸ</span> <span class='ocrx_word' id='word_1_611' title='bbox 1187 4420 1405 4493; x_wconf 82' lang='grc' dir='ltr'>τρυφῆς</span> <span class='ocrx_word' id='word_1_612' title='bbox 1433 4421 1514 4485; x_wconf 85' lang='grc' dir='ltr'><strong>είς</strong></span> <span class='ocrx_word' id='word_1_613' title='bbox 1545 4421 1831 4476; x_wconf 78' lang='grc' dir='ltr'>εἰδωλολα-</span> <span class='ocrx_word' id='word_1_614' title='bbox 1861 4429 1877 4486; x_wconf 88' lang='grc'><strong>1</strong></span> 
     </span>
    </p>
   </div>
   <div class='ocr_carea' id='block_1_88' title="bbox 1950 4404 3518 4493">
    <p class='ocr_par' dir='ltr' id='par_1_88' title="bbox 2006 4404 3518 4485">
     <span class='ocr_line' id='line_1_89' title="bbox 2006 4404 3518 4485; baseline -0.009 -13"><span class='ocrx_word' id='word_1_615' title='bbox 2006 4411 2483 4485; x_wconf 86' lang='lat' dir='ltr'><strong>Quemadmodum</strong></span> <span class='ocrx_word' id='word_1_616' title='bbox 2517 4409 2595 4464; x_wconf 93' lang='lat' dir='ltr'><strong>illi</strong></span> <span class='ocrx_word' id='word_1_617' title='bbox 2627 4421 2656 4460; x_wconf 92' lang='lat' dir='ltr'><strong>a</strong></span> <span class='ocrx_word' id='word_1_618' title='bbox 2689 4407 2974 4478; x_wconf 81' lang='lat' dir='ltr'><strong>voluptate</strong></span> <span class='ocrx_word' id='word_1_619' title='bbox 3005 4407 3071 4461; x_wconf 89' lang='lat' dir='ltr'><strong>ad</strong></span> <span class='ocrx_word' id='word_1_620' title='bbox 3100 4406 3310 4461; x_wconf 91' lang='lat' dir='ltr'><strong>cultum</strong></span> <span class='ocrx_word' id='word_1_621' title='bbox 3341 4404 3518 4460; x_wconf 82' lang='lat' dir='ltr'><strong>idolo-</strong></span> 
     </span>
    </p>
   </div>
   <div class='ocr_carea' id='block_1_89' title="bbox 233 4498 1801 4585">
    <p class='ocr_par' dir='ltr' id='par_1_89' title="bbox 233 4509 1801 4585">
     <span class='ocr_line' id='line_1_90' title="bbox 233 4509 1801 4585; baseline 0.001 -20"><span class='ocrx_word' id='word_1_622' title='bbox 233 4511 432 4585; x_wconf 84' lang='grc' dir='ltr'>τρείαν</span> <span class='ocrx_word' id='word_1_623' title='bbox 462 4509 774 4582; x_wconf 79' lang='grc' dir='ltr'>ἐξέϐησαν,</span> <span class='ocrx_word' id='word_1_624' title='bbox 817 4511 964 4566; x_wconf 77' lang='grc' dir='ltr'>οὕτω</span> <span class='ocrx_word' id='word_1_625' title='bbox 990 4511 1112 4576; x_wconf 88' lang='grc' dir='ltr'><strong>δέος</strong></span> <span class='ocrx_word' id='word_1_626' title='bbox 1155 4512 1232 4584; x_wconf 78' lang='grc' dir='ltr'>μὴ</span> <span class='ocrx_word' id='word_1_627' title='bbox 1264 4513 1361 4567; x_wconf 77' lang='grc' dir='ltr'><strong>καὶ</strong></span> <span class='ocrx_word' id='word_1_628' title='bbox 1399 4513 1561 4584; x_wconf 86' lang='grc' dir='ltr'>ὑμεῖς</span> <span class='ocrx_word' id='word_1_629' title='bbox 1581 4513 1801 4568; x_wconf 81' lang='grc' dir='ltr'>ἐντεῦθε</span> 
     </span>
    </p>
   </div>
   <div class='ocr_carea' id='block_1_90' title="bbox 1951 4498 3519 4585">
    <p class='ocr_par' dir='ltr' id='par_1_90' title="bbox 1951 4498 3519 4570">
     <span class='ocr_line' id='line_1_91' title="bbox 1951 4498 3519 4570; baseline -0.01 -2"><span class='ocrx_word' id='word_1_630' title='bbox 1951 4527 2062 4568; x_wconf 79' lang='lat' dir='ltr'><strong>rum</strong></span> <span class='ocrx_word' id='word_1_631' title='bbox 2085 4508 2453 4569; x_wconf 90' lang='lat' dir='ltr'><strong>transierunt,</strong></span> <span class='ocrx_word' id='word_1_632' title='bbox 2498 4505 2572 4559; x_wconf 89' lang='lat' dir='ltr'><strong>ita</strong></span> <span class='ocrx_word' id='word_1_633' title='bbox 2600 4501 2956 4558; x_wconf 89' lang='lat' dir='ltr'><strong>metuendum</strong></span> <span class='ocrx_word' id='word_1_634' title='bbox 2983 4507 3090 4566; x_wconf 88' lang='lat' dir='ltr'><strong>cst,</strong></span> <span class='ocrx_word' id='word_1_635' title='bbox 3123 4514 3192 4554; x_wconf 90' lang='lat' dir='ltr'><strong>ne</strong></span> <span class='ocrx_word' id='word_1_636' title='bbox 3222 4498 3348 4553; x_wconf 83' lang='lat' dir='ltr'><strong>inde</strong></span> <span class='ocrx_word' id='word_1_637' title='bbox 3383 4515 3519 4570; x_wconf 88' lang='lat' dir='ltr'><strong>quo-</strong></span> 
     </span>
    </p>
   </div>
   <div class='ocr_carea' id='block_1_91' title="bbox 235 4599 1803 4676">
    <p class='ocr_par' dir='ltr' id='par_1_91' title="bbox 235 4605 541 4676">
     <span class='ocr_line' id='line_1_92' title="bbox 235 4605 541 4676; baseline 0 -18"><span class='ocrx_word' id='word_1_638' title='bbox 235 4605 541 4676; x_wconf 78' lang='grc' dir='ltr'>ἐκπέσητε.</span> 
     </span>
    </p>
   </div>
   <div class='ocr_carea' id='block_1_92' title="bbox 941 4599 2509 4676">
    <p class='ocr_par' dir='ltr' id='par_1_92' title="bbox 1938 4599 2509 4676">
     <span class='ocr_line' id='line_1_93' title="bbox 1938 4599 2509 4676; baseline -0.018 -15"><span class='ocrx_word' id='word_1_639' title='bbox 1938 4620 2048 4676; x_wconf 88' lang='lat' dir='ltr'><strong>que</strong></span> <span class='ocrx_word' id='word_1_640' title='bbox 2089 4617 2186 4659; x_wconf 87' lang='lat' dir='ltr'><strong>vos</strong></span> <span class='ocrx_word' id='word_1_641' title='bbox 2213 4599 2509 4658; x_wconf 78' lang='lat' dir='ltr'><strong>exeidatis.</strong></span> 
     </span>
    </p>
   </div>
   <div class='ocr_carea' id='block_1_93' title="bbox 319 4705 1887 4792">
    <p class='ocr_par' dir='ltr' id='par_1_93' title="bbox 319 4717 1835 4792">
     <span class='ocr_line' id='line_1_94' title="bbox 319 4717 1835 4792; baseline 0.002 -20"><span class='ocrx_word' id='word_1_642' title='bbox 319 4739 340 4772; x_wconf 75' lang='grc' dir='ltr'><strong>ι</strong></span> <span class='ocrx_word' id='word_1_643' title='bbox 370 4719 530 4792; x_wconf 80' lang='grc' dir='ltr'>Μηδὲ</span> <span class='ocrx_word' id='word_1_644' title='bbox 561 4717 990 4789; x_wconf 79' lang='grc' dir='ltr'>ἐκπειράζωμεν</span> <span class='ocrx_word' id='word_1_645' title='bbox 1028 4718 1123 4772; x_wconf 82' lang='grc' dir='ltr'><strong>τὸν</strong></span> <span class='ocrx_word' id='word_1_646' title='bbox 1149 4719 1380 4790; x_wconf 83' lang='grc' dir='ltr'>Κύριον,</span> <span class='ocrx_word' id='word_1_647' title='bbox 1408 4719 1594 4786; x_wconf 86' lang='grc' dir='ltr'>καθὼς</span> <span class='ocrx_word' id='word_1_648' title='bbox 1623 4719 1719 4774; x_wconf 87' lang='grc' dir='ltr'><strong>καί</strong></span> <span class='ocrx_word' id='word_1_649' title='bbox 1750 4739 1835 4775; x_wconf 79' lang='grc' dir='ltr'>τι·</span> 
     </span>
    </p>
   </div>
   <div class='ocr_carea' id='block_1_94' title="bbox 1955 4705 3523 4792">
    <p class='ocr_par' dir='ltr' id='par_1_94' title="bbox 2010 4705 3523 4784">
     <span class='ocr_line' id='line_1_95' title="bbox 2010 4705 3523 4784; baseline -0.013 -7"><span class='ocrx_word' id='word_1_650' title='bbox 2010 4719 2181 4777; x_wconf 77' lang='lat' dir='ltr'><strong>Vsns.</strong></span> <span class='ocrx_word' id='word_1_651' title='bbox 2213 4718 2365 4775; x_wconf 79' lang='lat' dir='ltr'><strong>9-H.</strong></span> <span class='ocrx_word' id='word_1_652' title='bbox 2406 4734 2425 4768; x_wconf 77' lang='grc' dir='ltr'><strong>ι</strong></span> <span class='ocrx_word' id='word_1_653' title='bbox 2458 4712 2652 4784; x_wconf 86' lang='lat' dir='ltr'><strong>Neque</strong></span> <span class='ocrx_word' id='word_1_654' title='bbox 2695 4715 2980 4765; x_wconf 87' lang='lat' dir='ltr'><strong>tentemus</strong></span> <span class='ocrx_word' id='word_1_655' title='bbox 3013 4706 3332 4770; x_wconf 90' lang='lat' dir='ltr'><strong>Dominum,</strong></span> <span class='ocrx_word' id='word_1_656' title='bbox 3375 4705 3523 4760; x_wconf 86' lang='lat' dir='ltr'><strong>sicut</strong></span> 
     </span>
    </p>
   </div>
   <div class='ocr_carea' id='block_1_95' title="bbox 237 4796 1805 4883">
    <p class='ocr_par' dir='ltr' id='par_1_95' title="bbox 237 4811 1805 4883">
     <span class='ocr_line' id='line_1_96' title="bbox 237 4811 1805 4883; baseline -0.001 -15"><span class='ocrx_word' id='word_1_657' title='bbox 237 4832 328 4879; x_wconf 84' lang='grc' dir='ltr'><strong>νες</strong></span> <span class='ocrx_word' id='word_1_658' title='bbox 363 4812 550 4868; x_wconf 82' lang='grc' dir='ltr'>αὐτῶν</span> <span class='ocrx_word' id='word_1_659' title='bbox 575 4811 906 4882; x_wconf 83' lang='grc' dir='ltr'>ἐπείρασαν,</span> <span class='ocrx_word' id='word_1_660' title='bbox 938 4811 1036 4865; x_wconf 78' lang='grc' dir='ltr'>καὶ</span> <span class='ocrx_word' id='word_1_661' title='bbox 1062 4811 1168 4866; x_wconf 81' lang='grc' dir='ltr'>ὑπὸ</span> <span class='ocrx_word' id='word_1_662' title='bbox 1187 4812 1296 4866; x_wconf 88' lang='grc' dir='ltr'><strong>τῶν</strong></span> <span class='ocrx_word' id='word_1_663' title='bbox 1317 4812 1498 4883; x_wconf 72' lang='grc' dir='ltr'>ὄφεων</span> <span class='ocrx_word' id='word_1_664' title='bbox 1530 4813 1805 4867; x_wconf 82' lang='grc' dir='ltr'>ἀπώλοντο</span> 
     </span>
    </p>
   </div>
   <div class='ocr_carea' id='block_1_96' title="bbox 1953 4796 3521 4883">
    <p class='ocr_par' dir='ltr' id='par_1_96' title="bbox 1953 4796 3521 4880">
     <span class='ocr_line' id='line_1_97' title="bbox 1953 4796 3521 4880; baseline -0.009 -14"><span class='ocrx_word' id='word_1_665' title='bbox 1953 4817 1996 4867; x_wconf 71' lang='lat' dir='ltr'><strong>3t</strong></span> <span class='ocrx_word' id='word_1_666' title='bbox 2014 4809 2242 4880; x_wconf 90' lang='lat' dir='ltr'><strong>quidam</strong></span> <span class='ocrx_word' id='word_1_667' title='bbox 2269 4807 2651 4868; x_wconf 84' lang='lat' dir='ltr'><strong>teutaverunt,</strong></span> <span class='ocrx_word' id='word_1_668' title='bbox 2680 4808 2736 4856; x_wconf 89' lang='lat' dir='ltr'><strong>et</strong></span> <span class='ocrx_word' id='word_1_669' title='bbox 2759 4814 2790 4855; x_wconf 90' lang='lat' dir='ltr'><strong>a</strong></span> <span class='ocrx_word' id='word_1_670' title='bbox 2824 4797 3178 4868; x_wconf 88' lang='lat' dir='ltr'><strong>serpentibus</strong></span> <span class='ocrx_word' id='word_1_671' title='bbox 3212 4796 3521 4867; x_wconf 90' lang='lat' dir='ltr'><strong>perierunt.</strong></span> 
     </span>
    </p>
   </div>
   <div class='ocr_carea' id='block_1_97' title="bbox 238 4888 1806 4979">
    <p class='ocr_par' dir='ltr' id='par_1_97' title="bbox 238 4895 1806 4979">
     <span class='ocr_line' id='line_1_98' title="bbox 238 4895 1806 4979; baseline 0 -19"><span class='ocrx_word' id='word_1_672' title='bbox 238 4905 398 4979; x_wconf 73' lang='grc' dir='ltr'><strong>Μηδὲ</strong></span> <span class='ocrx_word' id='word_1_673' title='bbox 428 4895 758 4975; x_wconf 82' lang='grc' dir='ltr'>γογγύζετε,</span> <span class='ocrx_word' id='word_1_674' title='bbox 793 4901 978 4968; x_wconf 86' lang='grc' dir='ltr'>καθώς</span> <span class='ocrx_word' id='word_1_675' title='bbox 1004 4921 1154 4969; x_wconf 88' lang='grc' dir='ltr'>τινες</span> <span class='ocrx_word' id='word_1_676' title='bbox 1177 4903 1360 4960; x_wconf 82' lang='grc' dir='ltr'>αὐτῶν</span> <span class='ocrx_word' id='word_1_677' title='bbox 1393 4905 1724 4975; x_wconf 83' lang='grc' dir='ltr'>ἐγόγγυσαν,</span> <span class='ocrx_word' id='word_1_678' title='bbox 1741 4922 1806 4960; x_wconf 83' lang='grc' dir='ltr'><strong>κα</strong></span> 
     </span>
    </p>
   </div>
   <div class='ocr_carea' id='block_1_98' title="bbox 1957 4888 3525 4979">
    <p class='ocr_par' dir='ltr' id='par_1_98' title="bbox 1957 4888 3525 4974">
     <span class='ocr_line' id='line_1_99' title="bbox 1957 4888 3525 4974; baseline -0.011 -15"><span class='ocrx_word' id='word_1_679' title='bbox 1957 4902 2132 4974; x_wconf 73' lang='lat' dir='ltr'><strong>Neque</strong></span> <span class='ocrx_word' id='word_1_680' title='bbox 2212 4894 2742 4960; x_wconf 86' lang='lat' dir='ltr'><strong>murmuraveritis,</strong></span> <span class='ocrx_word' id='word_1_681' title='bbox 2807 4891 2954 4948; x_wconf 83' lang='lat' dir='ltr'><strong>sicut</strong></span> <span class='ocrx_word' id='word_1_682' title='bbox 3023 4888 3252 4961; x_wconf 89' lang='lat' dir='ltr'><strong>quidam</strong></span> <span class='ocrx_word' id='word_1_683' title='bbox 3334 4903 3525 4943; x_wconf 88' lang='lat' dir='ltr'><strong>eorum</strong></span> 
     </span>
    </p>
   </div>
   <div class='ocr_carea' id='block_1_99' title="bbox 240 4980 1808 5066">
    <p class='ocr_par' dir='ltr' id='par_1_99' title="bbox 240 4993 1808 5066">
     <span class='ocr_line' id='line_1_100' title="bbox 240 4993 1808 5066; baseline -0.003 -12"><span class='ocrx_word' id='word_1_684' title='bbox 240 5000 532 5054; x_wconf 83' lang='grc' dir='ltr'>ἀπώλοντο</span> <span class='ocrx_word' id='word_1_685' title='bbox 579 4995 690 5050; x_wconf 80' lang='grc' dir='ltr'>ὑπὸ</span> <span class='ocrx_word' id='word_1_686' title='bbox 741 4995 838 5049; x_wconf 82' lang='grc' dir='ltr'>τοῦ</span> <span class='ocrx_word' id='word_1_687' title='bbox 897 4993 1245 5066; x_wconf 83' lang='grc' dir='ltr'>ὀλοθρευτοῦ.</span> <span class='ocrx_word' id='word_1_688' title='bbox 1295 4995 1486 5051; x_wconf 81' lang='grc' dir='ltr'>Ταῦτα</span> <span class='ocrx_word' id='word_1_689' title='bbox 1537 4997 1598 5052; x_wconf 82' lang='grc' dir='ltr'><strong>δὲ</strong></span> <span class='ocrx_word' id='word_1_690' title='bbox 1657 4997 1808 5051; x_wconf 64' lang='grc' dir='ltr'>πάντη</span> 
     </span>
    </p>
   </div>
   <div class='ocr_carea' id='block_1_100' title="bbox 1953 4980 3521 5066">
    <p class='ocr_par' dir='ltr' id='par_1_100' title="bbox 1953 4980 3521 5058">
     <span class='ocr_line' id='line_1_101' title="bbox 1953 4980 3521 5058; baseline -0.011 -6"><span class='ocrx_word' id='word_1_691' title='bbox 1953 5000 2462 5057; x_wconf 82' lang='lat' dir='ltr'><strong>murmuraverunt,</strong></span> <span class='ocrx_word' id='word_1_692' title='bbox 2513 4997 2569 5046; x_wconf 89' lang='lat' dir='ltr'><strong>et</strong></span> <span class='ocrx_word' id='word_1_693' title='bbox 2617 4987 2906 5058; x_wconf 89' lang='lat' dir='ltr'><strong>perierunt</strong></span> <span class='ocrx_word' id='word_1_694' title='bbox 2952 4983 3022 5039; x_wconf 87' lang='lat' dir='ltr'><strong>ab</strong></span> <span class='ocrx_word' id='word_1_695' title='bbox 3071 4980 3521 5038; x_wconf 78' lang='lat' dir='ltr'><strong>exterminatorc.</strong></span> 
     </span>
    </p>
   </div>
   <div class='ocr_carea' id='block_1_101' title="bbox 240 5073 1808 5162">
    <p class='ocr_par' dir='ltr' id='par_1_101' title="bbox 240 5089 1808 5162">
     <span class='ocr_line' id='line_1_102' title="bbox 240 5089 1808 5162; baseline -0.002 -16"><span class='ocrx_word' id='word_1_696' title='bbox 240 5093 408 5146; x_wconf 84' lang='grc' dir='ltr'>τύποι</span> <span class='ocrx_word' id='word_1_697' title='bbox 449 5089 776 5146; x_wconf 80' lang='grc' dir='ltr'>συνέϐαινον</span> <span class='ocrx_word' id='word_1_698' title='bbox 811 5089 1071 5152; x_wconf 81' lang='grc' dir='ltr'>ἐκείνοις.</span> <span class='ocrx_word' id='word_1_699' title='bbox 1116 5089 1369 5162; x_wconf 81' lang='grc' dir='ltr'>Ἐγράφη</span> <span class='ocrx_word' id='word_1_700' title='bbox 1399 5090 1458 5144; x_wconf 84' lang='grc' dir='ltr'><strong>δὲ</strong></span> <span class='ocrx_word' id='word_1_701' title='bbox 1485 5090 1626 5162; x_wconf 83' lang='grc' dir='ltr'>πρὸς</span> <span class='ocrx_word' id='word_1_702' title='bbox 1652 5091 1808 5146; x_wconf 90' lang='grc' dir='ltr'>νουθε</span> 
     </span>
    </p>
   </div>
   <div class='ocr_carea' id='block_1_102' title="bbox 1957 5073 3525 5162">
    <p class='ocr_par' dir='ltr' id='par_1_102' title="bbox 1957 5073 3525 5151">
     <span class='ocr_line' id='line_1_103' title="bbox 1957 5073 3525 5151; baseline -0.011 -8"><span class='ocrx_word' id='word_1_703' title='bbox 1957 5087 2076 5144; x_wconf 64' lang='lat' dir='ltr'><strong>llaec</strong></span> <span class='ocrx_word' id='word_1_704' title='bbox 2132 5093 2318 5142; x_wconf 90' lang='lat' dir='ltr'><strong>autem</strong></span> <span class='ocrx_word' id='word_1_705' title='bbox 2365 5081 2553 5138; x_wconf 90' lang='lat' dir='ltr'><strong>omnia</strong></span> <span class='ocrx_word' id='word_1_706' title='bbox 2607 5081 2664 5136; x_wconf 92' lang='lat' dir='ltr'><strong>in</strong></span> <span class='ocrx_word' id='word_1_707' title='bbox 2715 5079 2892 5151; x_wconf 70' lang='lat' dir='ltr'><strong>ﬁgura</strong></span> <span class='ocrx_word' id='word_1_708' title='bbox 2945 5074 3346 5145; x_wconf 76' lang='lat' dir='ltr'><strong>contingebant</strong></span> <span class='ocrx_word' id='word_1_709' title='bbox 3390 5073 3525 5127; x_wconf 87' lang='lat' dir='ltr'><strong>illis.</strong></span> 
     </span>
    </p>
   </div>
   <div class='ocr_carea' id='block_1_103' title="bbox 247 5167 1815 5258">
    <p class='ocr_par' dir='ltr' id='par_1_103' title="bbox 247 5184 641 5258">
     <span class='ocr_line' id='line_1_104' title="bbox 247 5184 641 5258; baseline -0.01 -19"><span class='ocrx_word' id='word_1_710' title='bbox 247 5187 371 5239; x_wconf 82' lang='grc' dir='ltr'>σίαν</span> <span class='ocrx_word' id='word_1_711' title='bbox 401 5184 586 5258; x_wconf 80' lang='grc' dir='ltr'>ἡμῶν.</span> <span class='ocrx_word' id='word_1_712' title='bbox 623 5203 641 5235; x_wconf 69' lang='grc' dir='ltr'><strong>ι</strong></span> 
     </span>
    </p>
   </div>
   <div class='ocr_carea' id='block_1_104' title="bbox 1887 5167 3455 5258">
    <p class='ocr_par' dir='ltr' id='par_1_104' title="bbox 1949 5167 3455 5258">
     <span class='ocr_line' id='line_1_105' title="bbox 1949 5167 3455 5258; baseline -0.014 -22"><span class='ocrx_word' id='word_1_713' title='bbox 1949 5179 2170 5249; x_wconf 88' lang='lat' dir='ltr'><strong>Scripta</strong></span> <span class='ocrx_word' id='word_1_714' title='bbox 2203 5184 2385 5253; x_wconf 86' lang='lat' dir='ltr'><strong>autem</strong></span> <span class='ocrx_word' id='word_1_715' title='bbox 2415 5180 2551 5228; x_wconf 89' lang='lat' dir='ltr'><strong>sunt</strong></span> <span class='ocrx_word' id='word_1_716' title='bbox 2581 5170 2648 5226; x_wconf 88' lang='lat' dir='ltr'><strong>ad</strong></span> <span class='ocrx_word' id='word_1_717' title='bbox 2682 5167 3094 5238; x_wconf 85' lang='lat' dir='ltr'><strong>correptionem</strong></span> <span class='ocrx_word' id='word_1_718' title='bbox 3129 5171 3402 5220; x_wconf 86' lang='lat' dir='ltr'><strong>nostram.</strong></span> <span class='ocrx_word' id='word_1_719' title='bbox 3431 5179 3455 5258; x_wconf 53' lang='grc' dir='ltr'><strong>ξ</strong></span> 
     </span>
    </p>
   </div>
   <div class='ocr_carea' id='block_1_105' title="bbox 314 5249 1882 5348">
    <p class='ocr_par' dir='ltr' id='par_1_105' title="bbox 314 5249 1840 5348">
     <span class='ocr_line' id='line_1_106' title="bbox 314 5249 1840 5348; baseline -0.003 -16"><span class='ocrx_word' id='word_1_720' title='bbox 314 5249 651 5333; x_wconf 35' lang='grc' dir='ltr'>Διαυτούτου</span> <span class='ocrx_word' id='word_1_721' title='bbox 679 5276 872 5348; x_wconf 69' lang='grc' dir='ltr'>ἕτερον</span> <span class='ocrx_word' id='word_1_722' title='bbox 899 5273 1203 5329; x_wconf 80' lang='grc' dir='ltr'>αἰνίττεται</span> <span class='ocrx_word' id='word_1_723' title='bbox 1231 5273 1400 5345; x_wconf 77' lang='grc' dir='ltr'>ἕγκλη</span> <span class='ocrx_word' id='word_1_724' title='bbox 1413 5291 1509 5345; x_wconf 88' lang='grc' dir='ltr'><strong>μα,</strong></span> <span class='ocrx_word' id='word_1_725' title='bbox 1528 5275 1558 5329; x_wconf 81' lang='grc' dir='ltr'><strong>ὃ</strong></span> <span class='ocrx_word' id='word_1_726' title='bbox 1585 5273 1840 5343; x_wconf 76' lang='grc' dir='ltr'>καὶπρὸς</span> 
     </span>
    </p>
   </div>
   <div class='ocr_carea' id='block_1_106' title="bbox 1966 5249 3534 5348">
    <p class='ocr_par' dir='ltr' id='par_1_106' title="bbox 2023 5249 3534 5348">
     <span class='ocr_line' id='line_1_107' title="bbox 2023 5249 3534 5348; baseline -0.015 -23"><span class='ocrx_word' id='word_1_727' title='bbox 2023 5270 2124 5327; x_wconf 89' lang='lat' dir='ltr'><strong>His</strong></span> <span class='ocrx_word' id='word_1_728' title='bbox 2154 5249 2344 5324; x_wconf 84' lang='lat' dir='ltr'><strong>verbis</strong></span> <span class='ocrx_word' id='word_1_729' title='bbox 2374 5265 2589 5320; x_wconf 87' lang='lat' dir='ltr'><strong>crimen</strong></span> <span class='ocrx_word' id='word_1_730' title='bbox 2617 5261 2851 5316; x_wconf 89' lang='lat' dir='ltr'><strong>alterum</strong></span> <span class='ocrx_word' id='word_1_731' title='bbox 2889 5256 3090 5319; x_wconf 89' lang='lat' dir='ltr'><strong>innuit,</strong></span> <span class='ocrx_word' id='word_1_732' title='bbox 3124 5252 3274 5348; x_wconf 82' lang='lat' dir='ltr'><strong>quod</strong></span> <span class='ocrx_word' id='word_1_733' title='bbox 3327 5252 3384 5305; x_wconf 94' lang='lat' dir='ltr'><strong>in</strong></span> <span class='ocrx_word' id='word_1_734' title='bbox 3427 5249 3534 5344; x_wconf 79' lang='lat' dir='ltr'><strong>line</strong></span> 
     </span>
    </p>
   </div>
   <div class='ocr_carea' id='block_1_107' title="bbox 247 5341 1815 5444">
    <p class='ocr_par' dir='ltr' id='par_1_107' title="bbox 247 5341 1815 5444">
     <span class='ocr_line' id='line_1_108' title="bbox 247 5341 1815 5444; baseline -0.003 -20"><span class='ocrx_word' id='word_1_735' title='bbox 247 5372 325 5444; x_wconf 84' lang='grc' dir='ltr'>τῷ</span> <span class='ocrx_word' id='word_1_736' title='bbox 357 5371 509 5426; x_wconf 82' lang='grc' dir='ltr'>τέλει</span> <span class='ocrx_word' id='word_1_737' title='bbox 539 5341 788 5439; x_wconf 62' lang='grc' dir='ltr'>τίθησιν,</span> <span class='ocrx_word' id='word_1_738' title='bbox 833 5366 1090 5437; x_wconf 83' lang='grc' dir='ltr'>ἐγκαλῶν</span> <span class='ocrx_word' id='word_1_739' title='bbox 1118 5341 1307 5430; x_wconf 77' lang='grc' dir='ltr'>αὐτοῖς</span> <span class='ocrx_word' id='word_1_740' title='bbox 1326 5341 1565 5436; x_wconf 38' lang='grc' dir='ltr'>ὅτι-περὶ</span> <span class='ocrx_word' id='word_1_741' title='bbox 1593 5341 1815 5438; x_wconf 64' lang='grc' dir='ltr'>σημείω*</span> 
     </span>
    </p>
   </div>
   <div class='ocr_carea' id='block_1_108' title="bbox 1965 5341 3533 5444">
    <p class='ocr_par' dir='ltr' id='par_1_108' title="bbox 1965 5341 3533 5444">
     <span class='ocr_line' id='line_1_109' title="bbox 1965 5341 3533 5444; baseline -0.017 -28"><span class='ocrx_word' id='word_1_742' title='bbox 1965 5362 2171 5417; x_wconf 89' lang='lat' dir='ltr'><strong>andem</strong></span> <span class='ocrx_word' id='word_1_743' title='bbox 2201 5357 2381 5429; x_wconf 88' lang='lat' dir='ltr'><strong>ponit,</strong></span> <span class='ocrx_word' id='word_1_744' title='bbox 2407 5369 2506 5410; x_wconf 88' lang='lat' dir='ltr'><strong>cos</strong></span> <span class='ocrx_word' id='word_1_745' title='bbox 2529 5349 2813 5424; x_wconf 75' lang='lat' dir='ltr'><strong>arguendo</strong></span> <span class='ocrx_word' id='word_1_746' title='bbox 2845 5345 2992 5418; x_wconf 91' lang='lat' dir='ltr'><strong>quod</strong></span> <span class='ocrx_word' id='word_1_747' title='bbox 3021 5343 3090 5398; x_wconf 86' lang='lat' dir='ltr'><strong>de</strong></span> <span class='ocrx_word' id='word_1_748' title='bbox 3123 5341 3299 5444; x_wconf 74' lang='lat' dir='ltr'><strong>signis</strong></span> <span class='ocrx_word' id='word_1_749' title='bbox 3326 5341 3533 5444; x_wconf 61' lang='lat' dir='ltr'><strong>pugna;</strong></span> 
     </span>
    </p>
   </div>
   <div class='ocr_carea' id='block_1_109' title="bbox 251 5429 1819 5537">
    <p class='ocr_par' dir='ltr' id='par_1_109' title="bbox 251 5429 1819 5537">
     <span class='ocr_line' id='line_1_110' title="bbox 251 5429 1819 5537; baseline -0.004 -20"><span class='ocrx_word' id='word_1_750' title='bbox 251 5429 545 5537; x_wconf 74' lang='grc' dir='ltr'>ἐμάχοντο,</span> <span class='ocrx_word' id='word_1_751' title='bbox 578 5463 674 5517; x_wconf 75' lang='grc' dir='ltr'>καὶ</span> <span class='ocrx_word' id='word_1_752' title='bbox 708 5461 819 5515; x_wconf 89' lang='grc' dir='ltr'><strong>τῶν</strong></span> <span class='ocrx_word' id='word_1_753' title='bbox 861 5457 1193 5531; x_wconf 86' lang='grc' dir='ltr'>πειρασμῶν</span> <span class='ocrx_word' id='word_1_754' title='bbox 1231 5459 1288 5512; x_wconf 87' lang='grc' dir='ltr'><strong>δὲ</strong></span> <span class='ocrx_word' id='word_1_755' title='bbox 1314 5460 1502 5512; x_wconf 75' lang='grc' dir='ltr'>ἕνεκεν</span> <span class='ocrx_word' id='word_1_756' title='bbox 1528 5476 1540 5489; x_wconf 90' lang='grc'><strong>·</strong></span> <span class='ocrx_word' id='word_1_757' title='bbox 1571 5429 1819 5523; x_wconf 72' lang='grc' dir='ltr'>ἐξέλοῖντι</span> 
     </span>
    </p>
   </div>
   <div class='ocr_carea' id='block_1_110' title="bbox 1967 5429 3535 5537">
    <p class='ocr_par' dir='ltr' id='par_1_110' title="bbox 1967 5429 3535 5519">
     <span class='ocr_line' id='line_1_111' title="bbox 1967 5429 3535 5519; baseline -0.02 -6"><span class='ocrx_word' id='word_1_758' title='bbox 1967 5464 2098 5514; x_wconf 75' lang='lat' dir='ltr'><strong>&#39;ent.</strong></span> <span class='ocrx_word' id='word_1_759' title='bbox 2131 5450 2450 5519; x_wconf 85' lang='lat' dir='ltr'><strong>Quinetiam</strong></span> <span class='ocrx_word' id='word_1_760' title='bbox 2484 5447 2555 5502; x_wconf 93' lang='lat' dir='ltr'><strong>ob</strong></span> <span class='ocrx_word' id='word_1_761' title='bbox 2582 5444 2922 5500; x_wconf 88' lang='lat' dir='ltr'><strong>tentationes</strong></span> <span class='ocrx_word' id='word_1_762' title='bbox 2956 5435 3399 5495; x_wconf 87' lang='lat' dir='ltr'><strong>murmurabant,</strong></span> <span class='ocrx_word' id='word_1_763' title='bbox 3445 5429 3535 5483; x_wconf 78' lang='lat' dir='ltr'><strong>di-</strong></span> 
     </span>
    </p>
   </div>
   <div class='ocr_carea' id='block_1_111' title="bbox 251 5523 1819 5630">
    <p class='ocr_par' dir='ltr' id='par_1_111' title="bbox 251 5523 1807 5630">
     <span class='ocr_line' id='line_1_112' title="bbox 251 5523 1807 5630; baseline -0.006 -18"><span class='ocrx_word' id='word_1_764' title='bbox 251 5523 447 5630; x_wconf 50' lang='lat' dir='ltr'><strong>7&amp;9n‘,</strong></span> <span class='ocrx_word' id='word_1_765' title='bbox 485 5523 741 5624; x_wconf 84' lang='grc' dir='ltr'>λέγοντες</span> <span class='ocrx_word' id='word_1_766' title='bbox 762 5572 777 5586; x_wconf 77' lang='grc' dir='ltr'><strong><em>ο</em></strong></span> <span class='ocrx_word' id='word_1_767' title='bbox 813 5523 1106 5620; x_wconf 66' lang='grc' dir='ltr'>Πότεῆξει</span> <span class='ocrx_word' id='word_1_768' title='bbox 1135 5550 1205 5603; x_wconf 86' lang='grc' dir='ltr'>τὰ</span> <span class='ocrx_word' id='word_1_769' title='bbox 1235 5549 1565 5618; x_wconf 85' lang='grc' dir='ltr'>ἀγαθώτερα</span> <span class='ocrx_word' id='word_1_770' title='bbox 1597 5549 1807 5602; x_wconf 75' lang='grc' dir='ltr'>ἔπαθλα</span> 
     </span>
    </p>
   </div>
   <div class='ocr_carea' id='block_1_112' title="bbox 1967 5523 3535 5630">
    <p class='ocr_par' dir='ltr' id='par_1_112' title="bbox 1967 5523 3535 5608">
     <span class='ocr_line' id='line_1_113' title="bbox 1967 5523 3535 5608; baseline -0.017 -7"><span class='ocrx_word' id='word_1_771' title='bbox 1967 5545 2168 5608; x_wconf 84' lang='lat' dir='ltr'><strong>:endo:</strong></span> <span class='ocrx_word' id='word_1_772' title='bbox 2207 5542 2431 5598; x_wconf 91' lang='lat' dir='ltr'><strong>Utinam</strong></span> <span class='ocrx_word' id='word_1_773' title='bbox 2468 5537 2845 5594; x_wconf 82' lang='lat' dir='ltr'><strong>auferrentur.</strong></span> <span class='ocrx_word' id='word_1_774' title='bbox 2881 5529 3248 5599; x_wconf 86' lang='lat' dir='ltr'><strong>Quandonam</strong></span> <span class='ocrx_word' id='word_1_775' title='bbox 3305 5523 3535 5580; x_wconf 88' lang='lat' dir='ltr'><strong>meliora</strong></span> 
     </span>
    </p>
   </div>
   <div class='ocr_carea' id='block_1_113' title="bbox 1559 5657 2233 5718">
    <p class='ocr_par' dir='ltr' id='par_1_113' title="bbox 1559 5657 2233 5718">
     <span class='ocr_line' id='line_1_114' title="bbox 1559 5657 2233 5718; baseline -0.009 -1"><span class='ocrx_word' id='word_1_776' title='bbox 1559 5663 1793 5718; x_wconf 79' lang='lat' dir='ltr'><strong>VARl/E</strong></span> <span class='ocrx_word' id='word_1_777' title='bbox 1833 5657 2233 5718; x_wconf 82' lang='lat' dir='ltr'><strong>LECTIONES.</strong></span> 
     </span>
    </p>
   </div>
   <div class='ocr_carea' id='block_1_114' title="bbox 330 5764 1472 5856">
    <p class='ocr_par' dir='ltr' id='par_1_114' title="bbox 330 5764 1472 5847">
     <span class='ocr_line' id='line_1_115' title="bbox 330 5764 1472 5847; baseline 0.007 -23"><span class='ocrx_word' id='word_1_778' title='bbox 330 5772 348 5811; x_wconf 73' lang='grc' dir='ltr'><strong>ί</strong></span> <span class='ocrx_word' id='word_1_779' title='bbox 388 5768 538 5843; x_wconf 78' lang='lat' dir='ltr'><strong>Lego</strong></span> <span class='ocrx_word' id='word_1_780' title='bbox 575 5785 640 5827; x_wconf 79' lang='lat' dir='ltr'><strong>ex</strong></span> <span class='ocrx_word' id='word_1_781' title='bbox 672 5768 962 5840; x_wconf 76' lang='lat' dir='ltr'><strong>Chrysost.</strong></span> <span class='ocrx_word' id='word_1_782' title='bbox 1002 5765 1302 5847; x_wconf 49' lang='grc' dir='ltr'>ἐγόγγυζον</span> <span class='ocrx_word' id='word_1_783' title='bbox 1339 5764 1472 5832; x_wconf 73' lang='grc' dir='ltr'>λέ”ί-.</span> 
     </span>
    </p>
   </div>
  </div>
