3972 6440
391 305 505 368 647
1574 297 1634 356 S.
1675 291 1995 357 JOANNIS

2131 289 2182 347 Μ
2192 285 2461 346 ASCENI
3561 263 3678 328 648

407 417 566 475 nobis
600 415 824 486 praemia
847 414 1176 470 obvenient?
1209 412 1368 469 Unde
1393 419 1449 468 et
1474 411 1550 464 ait
1576 429 1591 466 :
1631 410 1812 477 Neque
1839 420 1984 458 mur-

2132 399 2179 452 ιδ
2208 399 2299 452 καί
2323 415 2456 469 φησι
2481 413 2494 426 ·
2525 395 2678 465 Μηδὲ
2699 387 3223 462 γογγύζωμεν.ούδὲ
3245 383 3354 456 γὰρ
3373 381 3681 486 τοῦτύιὲστι

406 525 692 563 muremus.
730 506 849 562 Non
879 509 1027 564 enim
1061 508 1167 562 hoc
1195 516 1281 564 est
1311 504 1461 578 quod
1491 505 1780 575 quaeritur,
1808 507 1868 553 ut
1889 514 1987 567 pro

2131 493 2150 543 5
2179 489 2534 564 ζητούμενον,
2565 488 2628 540 τὸ
2665 485 2900 554 πάσχειν
2931 482 3070 553 ὑπὲρ
3108 477 3350 551 Χριστοῦ
3377 518 3392 543 ,
3425 473 3566 530 ἀλλὰ
3609 469 3683 524 τδ

406 600 628 654 Christo
660 597 785 666 quis
817 598 1082 668 patiatur.
1119 597 1230 652 Sed
1262 604 1323 652 ut
1355 595 1494 650 nihil
1519 590 1832 662 nonhilari
1862 590 1987 642 ani-

408 702 498 741 mo
528 689 770 756 patiatur
793 701 896 756 pro
930 685 1179 741 Christo.

483 794 504 827 ι
542 775 598 829 In
628 791 768 846 quos
791 778 927 830 ﬁnes
958 777 1290 831 saeculorum
1319 775 1690 830 devenerunt.
1733 789 1751 823 ι

479 866 679 923 Terret
731 869 933 923 iterum
986 883 1112 923 cum
1159 869 1290 937 ﬁnes
1349 866 1506 931 dicit,
1551 873 1608 921 et
1660 865 1729 920 ad
1778 863 1991 934 majora

409 975 574 1031 quam
615 976 741 1030 quae
770 959 916 1015 facta
945 969 1134 1016 essent
1162 959 1532 1031 exspectanda
1563 964 1858 1028 praeparat.

481 1051 650 1106 Vens.
678 1051 765 1105 12.
814 1071 832 1104 ι
862 1051 1055 1122 ltaque
1083 1053 1178 1122 qui
1203 1067 1266 1108 se
1296 1051 1579 1106 existimat
1609 1057 1782 1114 stare,
1807 1046 1994 1102 videat

412 1157 479 1197 ne
507 1141 690 1196 cadat.
731 1159 751 1194 ι

481 1235 722 1288 Rursum
759 1233 966 1288 fastum
999 1232 1320 1302 comprimit
1349 1247 1542 1286 eorum
1564 1272 1579 1296 ,
1625 1230 1721 1300 qui
1766 1237 1995 1300 pr0pter

413 1326 706 1380 scientiam
775 1326 977 1381 animis
1043 1324 1510 1379 intumescebant.
1547 1322 1613 1377 Et
1657 1322 1787 1377 dum
1847 1323 1924 1374 ait
1977 1338 1991 1373 :

349 1467 358 1475 .
414 1416 522 1481 Qui
553 1432 608 1469 se
636 1416 910 1469 existimat
955 1425 1121 1480 stare,
1155 1413 1402 1469 ostendit
1441 1413 1821 1482 nequaquam'
1849 1410 1994 1464 idem

411 1522 536 1562 esse
565 1516 714 1563 stare
747 1521 814 1562 ac
845 1507 901 1562 in
939 1512 1121 1562 semet
1145 1505 1445 1560 conlidere.
1478 1503 1627 1558 Talis
1658 1503 1865 1573 quippe
1886 1501 1996 1557 cito

414 1594 594 1648 cadet.

488 1684 893 1751 “3115.13,”.
935 1703 954 1735 ι
997 1683 1260 1738 Tentatio
1319 1698 1431 1737 non
1470 1697 1572 1738 vos
1629 1683 1997 1753 apprehendit

413 1777 524 1830 nisi
553 1777 814 1831 humana.
848 1774 1055 1829 Fidelis
1087 1783 1274 1830 autem
1307 1774 1451 1830 Deus
1482 1783 1588 1839 est,
1619 1775 1713 1845 qui
1748 1791 1857 1830 non
1899 1791 1998 1846 pa-

412 1868 581 1920 tietur
614 1881 712 1920 vos
749 1865 951 1920 tentari
986 1880 1155 1934 supra
1192 1865 1247 1920 id
1285 1863 1430 1936 quod
1471 1865 1736 1935 potestis,
1773 1865 1870 1920 sed
1898 1865 1998 1920 da-

412 1957 493 2012 bit
533 1971 657 2011 cum
685 1957 994 2012 tentatione
1023 1957 1194 2012 etiam
1213 1957 1449 2021 exitum,
1480 1964 1542 2010 nt
1573 1957 1802 2026 possitis
1825 1958 1996 2013 susti-

413 2061 569 2102 nere.
616 2048 850 2117 Propter
891 2049 1064 2118 quod,
1114 2048 1430 2104 cbarissimi
1477 2047 1638 2110 mihi,
1703 2047 1878 2120 fugite
1930 2048 2000 2104 ab

413 2138 688 2193 idolorum
717 2141 953 2194 cultura.
987 2158 1006 2191 ι

486 2227 542 2282 Id
578 2239 683 2294 est,
709 2244 877 2300 parva
907 2237 962 2284 et
988 2230 1195 2287 brevis.
1225 2230 1478 2285 Humana
1507 2231 1715 2303 quippe
1739 2232 1998 2300 exiguam

415 2319 714 2388 signiﬁcat,
752 2329 813 2373 ut
837 2335 966 2375 cum
998 2321 1076 2375 ait
1104 2340 1118 2375 :
1148 2321 1460 2375 Humanum
1491 2322 1611 2376 dico
1645 2323 1757 2394 96
1785 2333 2000 2393 propter

415 2411 788 2478 inﬁrmitatem
819 2412 1000 2466 carnis
1031 2423 1220 2466 vestra:
1251 2413 1321 2467 "".
1358 2412 1438 2468 Ne
1473 2428 1608 2484 ergo
1634 2415 1996 2484 superbiatis

416 2510 678 2572 tanquam
706 2503 1024 2572 superiores
1048 2502 1161 2575 jam
1193 2501 1326 2560 facti
1355 2503 1501 2560 sitis.

489 2675 654 2732 Vens.
692 2678 777 2732 15.
815 2698 832 2731 ι
871 2677 940 2733 Ut
969 2678 1338 2749 prudentibus
1363 2687 1562 2752 loquor
1593 2699 1607 2737 :
1638 2695 1740 2738 vos
1771 2681 1874 2752 ipsi
1903 2682 1997 2753 ju-

415 2763 600 2820 dicate
625 2767 772 2837 quod
798 2767 946 2822 dico.
1007 2787 1026 2820 ι

487 2859 628 2924 Quia
656 2875 920 2929 magnum
941 2859 1204 2930 quiddam
1229 2860 1485 2930 protulit,
1508 2870 1562 2916 et
1583 2861 1797 2917 crimen
1819 2862 1996 2928 auxit,

415 2949 686 3004 culturam
747 2951 1024 3006 idolorum
1065 2950 1446 3018 nominando;
1488 2967 1557 3006 ne
1607 2952 1868 3022 asperius
1901 2968 1999 3010 eos

417 3039 623 3095 habere
651 3039 944 3106 videatur,
1003 3048 1061 3094 et
1104 3040 1369 3110 gravibus
1420 3043 1771 3099 sermonibus
1811 3042 1997 3100 inces-

419 3147 565 3197 sere,
618 3132 894 3202 judicium
955 3131 1220 3202 deinceps
1267 3132 1351 3189 eis
1388 3133 1685 3202 permittit,
1735 3135 2000 3208 ipsosque

418 3239 531 3280 non
564 3225 685 3280 sine
710 3225 872 3280 laude
892 3223 1114 3294 judices
1148 3225 1365 3292 statuit,
1393 3225 1587 3283 dicens
1622 3244 1636 3284 :
1686 3225 1754 3282 Ut
1778 3229 2002 3298 pruden-

419 3318 557 3372 tibus
586 3317 792 3388 loquor.

488 3408 657 3465 Vens.
707 3407 794 3464 i6.
857 3427 876 3460 ι
916 3407 1077 3464 Calix
1138 3407 1574 3476 benedictionis,
1634 3412 1726 3466 cui
1777 3412 2002 3469 benedi-

416 3505 622 3560 cimus.
670 3522 690 3555 ι

489 3590 724 3662 Quando
755 3595 1173 3649 benedictionem
1222 3593 1381 3661 dicit,
1436 3594 1848 3650 Eucharistiam
1903 3611 2004 3652 seu

418 3683 729 3753 gratiarum
754 3683 1028 3736 actionem
1055 3682 1256 3736 innuit.
1276 3680 1594 3737 Gratiarum
1631 3693 1812 3739 autem
1837 3687 2008 3741 actio-

420 3789 544 3828 nem
595 3772 852 3839 dicendo,
908 3787 1128 3828 omnem
1167 3773 1432 3842 explicat.
1465 3775 1851 3832 beneﬁcentia:
1905 3777 2000 3833 Dei

421 3865 774 3931 thesaurum,
815 3863 1085 3933 nobisque
1117 3865 1442 3919 memoriam
1482 3866 1743 3935 perfricat
1776 3882 2007 3940 magno-

424 3973 548 4011 rum
577 3955 849 4010 donortnn
874 3973 888 4022 ;
913 3971 978 4012 eo
999 3953 1147 4026 quod
1176 3970 1304 4010 cum
1328 3971 1480 4026 spem
1509 3972 1617 4012 non
1647 3959 2001 4024 haberemus,

424 4057 480 4104 et
514 4048 634 4104 sine
676 4046 786 4102 Deo
825 4062 1078 4103 essemus
1109 4047 1167 4102 in
1199 4047 1427 4114 mundo,
1463 4063 1563 4104 nos
1599 4048 1803 4106 fratres
1843 4067 2002 4117 suos,

424 4147 480 4193 et
508 4139 826 4194 cohaeredes
862 4136 1013 4193 fecit.

497 4268 516 4302 ι
562 4248 756 4305 Nonne
807 4250 1128 4305 communio
1186 4251 1472 4322 sanguinis
1527 4250 1732 4307 Christi
1797 4254 1927 4309 est?
1971 4273 1989 4305 ι

491 4341 608 4397 Hoc
652 4341 799 4412 quod
850 4343 906 4397 in
957 4343 1065 4398 isto
1121 4344 1300 4398 calice
1347 4350 1458 4407 est,
1516 4342 1720 4412 inquit,
1777 4346 2005 4416 sanguis

2093 581 2234 652 μετὰ
2261 582 2455 653 ἡδονῆς
2482 578 2665 632 πάντα
2693 577 2930 648 πάσχειν
2964 575 3104 646 ὑπὲρ
3127 568 3391 644 Χριστοῦ.

2169 783 2188 815 ι
2224 763 2320 824 Εἰς
2340 760 2433 824 οὓς
2457 759 2526 814 τὰ
2545 759 2676 830 τέλη
2705 757 2816 813 τῶν
2847 756 3059 812 αἰώνων
3089 753 3461 823 κατήντησαν.
3505 768 3523 800 ι

2165 856 2334 910 Πάλιν
2363 853 2607 924 ἐκφοϐεῖ,
2664 852 2733 906 τά
2783 850 2912 921 τέλη
2945 848 3140 916 λέγων,
3186 845 3282 898 καὶ
3308 841 3536 913 μείζονα
3565 838 3686 893 τῶν

2094 947 2477 1019 γεγενημένων
2506 947 2606 1016 τὴν
2647 943 2981 1016 προσδοκίαν
3010 937 3473 1010 παρασκευάζων.

2172 1061 2189 1092 ι
2222 1043 2389 1094 Ὥστε
2415 1042 2444 1094 ὁ
2466 1039 2640 1092 δοκῶν
2678 1037 2924 1101 ἑστάναι,
2957 1033 3202 1104 βλεπέτω
3235 1031 3310 1101 μὴ
3341 1029 3506 1100 πέσῃ.
3547 1045 3568 1078 ι

2166 1219 2340 1274 Πάλιν
2371 1219 2462 1272 τὸν
2507 1217 2680 1287 τύφον
2726 1214 2981 1269 καθεῖλεν
3019 1213 3131 1267 τῶν
3176 1210 3271 1263 ἐπὶ
3306 1207 3505 1278 γνώσει
3537 1204 3688 1275 μέγα

2097 1312 2436 1384 φρονούντων
2453 1329 2466 1342 ο
2499 1310 2608 1364 Καὶ
2638 1307 2833 1373 είπὼν,
2868 1304 3072 1361 Δοκῶν
3099 1301 3348 1358 ἑστάναι
3368 1341 3382 1366 ,
3409 1300 3689 1351 δείκνυσιν

2095 1403 2172 1467 ὡς
2212 1403 2336 1457 οὐδὲ
2385 1401 2609 1456 ἑστάναι
2654 1399 2814 1453 τοῦτο
2839 1397 2960 1450 ἐστὶ
2999 1396 3062 1449 τδ
3091 1394 3317 1466 θαρρεῖν
3364 1391 3447 1458 ἐφ’
3475 1386 3686 1456 ἑαυτῷ.

2098 1493 2323 1563 Ταχέως
2341 1492 2453 1565 γὰρ
2471 1494 2500 1546 ὁ
2517 1489 2763 1554 τοιοῦτος
2789 1489 3063 1543 πεσεῖται.

2175 1711 2193 1744 ι
2231 1691 2547 1763 Πειρασμδς
2590 1689 2735 1760 ὑμᾶς
2771 1687 2874 1742 οὐκ
2911 1686 3159 1756 εἴληφεν,
3199 1682 3249 1734 εί
3289 1679 3364 1750 μὴ
3403 1673 3689 1748 ἀνθρώπι-

2100 1801 2209 1848 νος.
2242 1783 2442 1846 Πιστὸς
2466 1783 2523 1834 δὲ
2557 1783 2586 1834 ὁ
2606 1781 2762 1846 Θεὸς,
2787 1779 2848 1842 ὃς
2875 1778 2977 1831 οὐκ
3016 1775 3169 1829 ὲάσει
3204 1772 3349 1843 ὑμᾶς
3376 1767 3690 1839 πειρασθῆ-

2099 1890 2189 1927 ναι
2216 1873 2358 1943 ὑπὲρ
2381 1871 2410 1924 ὃ
2433 1869 2690 1936 δύνασθε,
2721 1867 2862 1922 ἀλλὰ
2887 1867 3110 1936 ποιήσει
3142 1862 3243 1916 σὺν
3270 1860 3348 1932 τῷ
3389 1855 3690 1929 πειρασμῷ

2100 1966 2196 2020 καὶ
2240 1964 2340 2035 τὴν
2374 1961 2622 2027 ἑκϐασιν,
2675 1960 2771 2014 τοῦ
2808 1956 3076 2012 δύνασθαι
3131 1955 3280 2024 ὑμᾶς
3337 1951 3686 2017 ὑπενεγκεῖν.

2100 2055 2321 2123 Διόπερ,
2377 2049 2654 2124 ἀγαπητοί
2713 2065 2838 2120 μου,
2875 2046 3111 2116 φεύγετε
3141 2041 3252 2097 άπὸ
3270 2041 3369 2110 τῆς
3397 2036 3692 2092 εἰδωλολα-

2099 2143 2311 2216 τρείας.
2351 2161 2370 2196 ι

2172 2235 2458 2300 Τουτέστι,
2489 2231 2684 2305 μικρὸς
2730 2229 2827 2283 καὶ
2875 2225 3084 2299 βραχὺς
3115 2223 3211 2278 καὶ
3243 2221 3580 2292 σύμμετρος.
3610 2217 3690 2268 Τὸ

2101 2326 2231 2398 γὰρ,
2259 2324 2652 2393 ἀνθρώπινος,
2677 2321 2741 2374 τδ
2760 2319 2956 2392 μικρὸν
2977 2315 3257 2388 σημαίνει,
3273 2313 3349 2376 ὡς
3372 2312 3500 2364 ὅταν
3522 2308 3686 2377 λέγῃο

2113 2412 2516 2484 ’Δνθρώπινον
2540 2413 2720 2483 λέγω,
2763 2410 2862 2463 διὰ
2887 2408 3004 2476 τὴν
3030 2404 3353 2462 ἀσθένειαν
3379 2398 3489 2468 τῆς
3536 2413 3690 2464 σαρ-

2101 2509 2210 2575 κὸς
2238 2506 2425 2577 ὑμῶν.
2456 2507 2551 2577 Μὴ
2579 2505 2763 2561 τοίνυν
2798 2501 2943 2574 μέγα
2963 2497 3222 2572 φρονῆτε,
3258 2492 3444 2565 φησιν,
3479 2491 3556 2554 ὼς
3586 2504 3690 2540 πε-

2107 2598 2468 2671 ριγενύμενοι.

2180 2713 2198 2745 ι
2248 2694 2338 2756 Ὧς
2365 2689 2656 2763 φρονίμοις
2679 2686 2824 2755 λέγω
2843 2698 2856 2716 ⁸
2893 2681 3122 2755 κρίνατε
3147 2678 3305 2748 ὑμεῖς
3333 2677 3361 2731 ὅ
3384 2690 3548 2746 φημι.
3588 2690 3608 2724 ι

2186 2871 2410 2940 Ἐπειδὴ
2465 2868 2606 2941 μέγα
2655 2863 2985 2935 ἐφθέγξατο,
3045 2857 3140 2912 καὶ
3187 2855 3288 2925 τὴν
3344 2849 3693 2921 κατηγορίαν

2102 2965 2360 3038 ηὔξησεν,
2390 2962 2490 3034 τὴν
2513 2955 2954 3027 είδωλολατρείαν
2973 2950 3160 3021 εἰπὼν,
3186 2948 3272 3002 ἵνα
3397 2942 3524 3013 δόξῃ
3547 2959 3693 3038 Δτρα-

2103 3033 2286 3129 χύνειν
2311 3033 2533 3116 αὐτοῦς,
2558 3050 2654 3105 καὶ
2676 3048 2935 3120 φορτικὸν
2961 3044 3133 3098 ποιεῖν
3170 3039 3261 3092 τὸν
3290 3037 3471 3105 λόγον,
3500 3033 3696 3096 αὐτοῖς

2107 3125 2296 3202 λοιπὸν
2339 3143 2554 3208 καθίζει
2592 3141 2692 3212 τὴν
2730 3138 2936 3209 κρίσιν,
2979 3132 3075 3188 καὶ
3105 3129 3225 3201 μετ’
3261 3125 3540 3196 ὲγκωμίου
3589 3141 3695 3176 κα·
3758 3188 3760 3190 _

2109 3238 2248 3303 θίζει
2278 3238 2406 3301 τοὺς
2449 3233 2792 3299 δικάζοντας,
2818 3228 2997 3296 λέγων
3016 3239 3032 3257 ⁸
3082 3223 3176 3290 Ὦς
3205 3219 3519 3291 φρονίμοις
3547 3214 3698 3285 ὑμῖν

2105 3331 2319 3476 λέῒωέὸ
2347 3420 2608 3491 ποτήριον
2642 3418 2740 3487 τῆς
2768 3411 3042 3482 εὐλογίας,
3075 3402 3136 3463 οῦ
3165 3403 3522 3475 εὐλογοῦμεν.
3557 3417 3576 3450 ι

2171 3618 2479 3688 Εὐλογίαν
2521 3615 2649 3668 ὅταν
2677 3612 2832 3682 εἴπῃ,
2868 3607 2971 3679 τὴν
2993 3601 3350 3676 εὐχαριστίαν
3383 3597 3554 3666 λέγει.
3581 3595 3699 3688 ,Εὑ-

2106 3710 2394 3784 χαριστίαν
2428 3707 2485 3762 δὲ
2509 3706 2706 3775 λέγων,
2733 3705 2915 3756 πάντα
2938 3695 3278 3754 ἀναπτύσσει
3420 3689 3522 3784 τῆς
3541 3687 3700 3756 εὐερ-

2107 3779 2298 3874 γεσίας
2319 3799 2416 3854 τοῦ
2442 3797 2578 3852 Θεοῦ
2610 3793 2910 3866 θησαυρὸν,
2947 3789 3043 3844 καὶ
3069 3786 3181 3840 τῶν
3214 3781 3472 3874 μεγάλων
3499 3779 3700 3874 άναμι-

2112 3870 2346 3968 μνήσκει
2377 3889 2618 3963 δωρεῶν,
2649 3888 2733 3940 ὅτι
2761 3884 2954 3938 ἐλπίδα
2990 3880 3066 3953 μὴ
3095 3879 3339 3950 ἔχοντας,
3377 3872 3475 3926 καὶ
3497 3870 3699 3968 ἀθέους

2106 3961 2268 4050 δντας
2297 3985 2356 4039 ὲν
2399 3961 2478 4054 τῷ
2527 3981 2740 4050 κόσμῳ,
2780 3976 3047 4046 ἀδελφοὺς
3081 3969 3248 4027 αὑτοῦ
3285 3961 3700 4021 κατεσκεύασεν

2109 4081 2204 4134 καὶ
2237 4077 2446 4147 συγκλη
2455 4074 2738 4146 ρονόμους.

2187 4306 2205 4338 ι
2243 4283 2378 4355 Οὐχὶ
2399 4279 2653 4335 κοινωνία
2675 4275 2772 4329 τοῦ
2795 4275 3028 4344 αἵματος
3060 4269 3155 4324 τοῦ
3187 4262 3426 4337 Χριστοῦ
3453 4263 3639 4326 ἔστιν;

2180 4375 2254 4428 Τὸ
2276 4348 2448 4442 the
2499 4365 2765 4439 ποτηρίῳ,
2804 4364 2996 4435 φησὶν,
3057 4357 3235 4412 ἐκεῖνό
3275 4357 3442 4417 ἐστιν,
3494 4351 3557 4405 τὸ
3586 4348 3699 4405 ἀπὸ

424 4436 546 4509 ipse
577 4443 664 4491 est
693 4436 788 4507 qui
823 4450 854 4491 e
879 4435 1052 4490 latere
1080 4435 1260 4500 ﬂuxit,
1297 4435 1560 4504 illiusque
1592 4450 1787 4512 sumus
1826 4437 1999 4505 parti-

2131 4468 2208 4538 τῆς
2239 4435 2482 4535 πλευράς
2519 4435 2741 4532 ῥεῦσαν,
2778 4456 2873 4510 καὶ
2908 4452 3119 4508 ἐκείνου
3155 4447 3478 4520 μετέχομεν.

426 4530 605 4601 cipcs.

501 4659 521 4692 ι
553 4639 720 4694 Panis
746 4653 908 4708 quem
943 4637 1273 4709 frangimus,
1307 4650 1495 4691 nonne
1525 4635 1844 4689 communio
1874 4651 2002 4691 cor-

424 4731 575 4802 poris
599 4727 816 4784 Domini
851 4731 972 4784 est?
997 4747 1018 4780 ι
1121 4713 1128 4722 ⁴

493 4823 670 4880 Eccur
692 4839 802 4878 non
825 4821 965 4876 dixit
993 4818 1516 4891 participationem?
1545 4816 1816 4872 Nimirum
1844 4817 2038 4890 quid-o

423 4915 570 4985 piam
623 4913 837 4984 aliquid
895 4913 1070 4967 voluit
1129 4918 1686 4982 reprmsentare,.et
1745 4911 1995 4967 intimam

425 5006 880 5074 coniunctionem
917 5005 1252 5076 signiﬁcare.
1298 5002 1417 5059 Non
1457 5003 1640 5059 solum
1680 5004 1827 5059 enim
1873 5018 2006 5074 par-

428 5096 730 5166 ticipando,
782 5105 838 5152 et
891 5110 1020 5150 cum
1079 5095 1204 5150 aliis
1263 5094 1623 5164 accipiendo,
1675 5093 1771 5150 sed
1831 5094 1997 5149 etiam

428 5190 635 5244 unione
668 5187 1152 5242 communicamus
1205 5186 1465 5242 invicem.
1652 5206 1656 5210 ’
1870 5203 1873 5206 ·

497 5279 972 5349 Quemadmodum
1003 5293 1208 5350 corpus
1245 5293 1370 5335 cum
1405 5278 1590 5334 Verbo
1626 5279 1844 5333 unitum
1895 5283 2006 5346 est,

429 5373 504 5427 ita
536 5380 593 5428 et
628 5386 728 5428 nos
753 5385 851 5442 per
873 5370 1020 5426 hunc
1040 5384 1234 5440 panem
1265 5386 1391 5426 cum
1420 5369 1613 5426 eodem
1641 5371 1696 5426 in
1731 5370 2004 5425 unitatem

430 5478 705 5520 venimus.

495 5578 538 5610 ⁷⁷
571 5577 728 5631 Rom.
755 5589 831 5640 vl,
869 5574 957 5629 18.

2188 4677 2206 4711 ι
2243 4657 2348 4710 Τὸν
2375 4656 2537 4725 ἄρτον
2567 4651 2627 4705 ὃν
2649 4649 2872 4720 κλῶμεν
2891 4689 2906 4712 ,
2951 4644 3074 4715 οὐχὶ
3102 4637 3361 4696 κοινωνία
3386 4634 3481 4689 τοῦ
3514 4635 3700 4704 σῶμα⁴

2110 4765 2200 4812 τος
2227 4747 2323 4801 τοῦ
2356 4741 2596 4814 Χριστοῦ
2632 4743 2813 4807 ἑστιν;
2858 4757 2877 4791 ι

2180 4839 2292 4892 Καὶ
2315 4836 2405 4890 διὰ
2431 4834 2600 4888 τιούκ
2620 4829 2763 4897 εἷπε,
2796 4829 3029 4900 μετοχὴν
3051 4844 3065 4892 ;
3094 4827 3218 4878 Ὅτι
3236 4820 3419 4874 πλεῖόν
3441 4835 3494 4870 τι
3520 4815 3691 4886 ἐμφα-

2109 4931 2254 4984 νίσαι
2299 4923 2619 4996 ἠϐουλήθη,
2647 4922 2744 4976 καὶ
2795 4918 2997 4988 πολλὴν
3045 4911 3383 4978 ἐνδείξασθαι
3428 4907 3530 4996 την
3568 4921 3697 4996 συν-

2113 4990 2334 5089 άφειανξ
2368 5016 2442 5068 Ού
2611 5011 2691 5083 τῷ
2721 5009 2969 5081 μετέχειν
2999 5003 3160 5076 μόνον
3212 5001 3307 5054 καὶ
3341 4990 3697 5068 μεταλαμὸά-

2113 5129 2247 5177 νειν,
2279 5109 2418 5165 ἀλλὰ
2444 5108 2542 5161 καὶ
2571 5105 2648 5175 τῷ
2672 5101 2927 5157 ὲνοῦσθαι
2959 5093 3352 5163 κοινωνοῦμεν.

2183 5270 2455 5340 Καθάπερ
2499 5267 2561 5320 τὸ
2607 5263 2770 5335 σῶμα
2795 5262 3002 5332 ἥνωται
3032 5255 3110 5325 τῷ
3147 5247 3308 5321 Λόγῳ
3348 5251 3395 5316 ⁸,
3425 5246 3572 5300 οὕτω
3602 5244 3699 5299 καὶ

2111 5367 2277 5436 ἡμεῖς
2306 5361 2455 5433 αὐτῷ
2483 5361 2574 5415 διὰ
2599 5357 2693 5413 τοῦ
2724 5356 2894 5427 ἄρτου
2931 5350 3122 5405 τούτου
3155 5341 3445 5415 ένούμεθα.

1717 5633 1949 5690 VARUE
1997 5628 2402 5689 LECTIONES.

509 5739 708 5810 aApud
746 5739 1021 5811 Chrysost.
1063 5736 1200 5791 male
1235 5732 1312 5803 τῷ
1351 5729 1590 5803 Χριστῷ.
