3972 6396
329 288 431 356 619

1484 279 1562 338 1N
1608 278 1844 338 EPIST.
1891 276 1990 335 AD
2021 275 2380 337 CORINTH.
2425 276 2476 334 Ι.

3478 274 3588 336 650

400 422 418 453 ι
457 403 580 455 ’Ὁτι
613 395 691 464 εἷς
717 399 904 469 ἄρτος,
932 398 991 452 ἓν
1013 395 1176 467 σῶμα
1205 378 1255 447 οἱ
1286 391 1470 446 πολλοὶ
1497 393 1664 460 ἐσμεν
1685 408 1698 422 ’
1722 391 1772 442 οἰ
1797 388 1906 462 γὰρ

2087 385 2251 442 Vens.
2293 387 2380 442 l7.
2441 406 2461 438 ι
2509 377 2782 454 Quoniam
2826 403 2970 444 unus
3020 387 3200 458 panis,
3235 403 3404 443 unum
3453 405 3582 447 eor-

332 493 530 556 πάντες
558 493 625 545 ὲκ
651 489 746 544 τοῦ
780 489 901 553 ἑνὸς
929 488 1100 559 ἄρτου
1122 486 1460 558 μετέχομεν..
1499 503 1518 534 ι

397 673 465 727 Τί
493 673 638 742 λέγω
671 672 982 735 κοινωνίαν,
1019 670 1186 742 φησὶν
1208 711 1222 736 ,
1267 670 1398 723 αὐτό
1429 672 1596 740 ἐσμεν
1645 671 1822 722 ἐκεῖνο
1849 667 1915 720 τὸ

247 791 252 797 ·
334 767 513 836 σῶμα.
543 766 601 819 '0
622 765 734 835 γὰρ
759 764 921 836 ἄρτος
949 763 1110 834 σῶμά
1135 764 1250 816 ἐστι
1271 761 1532 831 Χριστοῦ,
1556 762 1652 815 καὶ
1673 763 1721 815 οἰ
1744 777 1912 830 μετα-

332 857 700 928 λαμϐάνοντες
731 856 787 910 δὲ
813 895 828 921 ,
867 854 1030 925 σῶμα
1057 855 1322 923 γίνονται,
1363 854 1488 923 οὐχὶ
1521 852 1752 923 σώματα
1781 851 1913 906 πολ⁴

332 951 418 1017 λά,
447 949 584 1004 ἀλλὰ
625 935 790 1018 σῶμα
834 949 913 1001 ἓν.
971 947 1240 1018 Καθάπερ
1281 946 1312 998 ὁ
1355 945 1521 1015 ἄρτος
1575 947 1642 998 ὲκ
1699 944 1914 998 πολλῶν

335 1039 696 1111 συγκείμενος
727 1037 944 1094 κόκκων
964 1039 1190 1108 ἥνωται,
1220 1036 1296 1100 ὡς
1323 1035 1590 1107 μηδαμῶς
1623 1035 1912 1104 φαίνεσθαι

333 1131 458 1194 τοὺς
501 1132 734 1193 κόκκους
754 1171 769 1193 ,
800 1129 917 1184 ἀλλ’
952 1124 1093 1183 εἶναι
1122 1128 1224 1198 μὲν
1247 1129 1467 1194 αὐτοὺς,
1497 1128 1694 1198 ἄδηλον
1727 1127 1784 1180 δὲ
1810 1129 1912 1180 αὑ-

333 1221 441 1275 τῶν
464 1216 606 1274 εῖναι
637 1220 738 1291 τὴν
765 1217 1028 1290 διαφορὰν
1057 1220 1125 1289 τῇ
1175 1215 1444 1288 συναφείᾳ
1463 1255 1479 1282 ,
1514 1217 1660 1270 οὕτω
1688 1217 1784 1270 καὶ
1816 1215 1918 1276 die

335 1311 514 1383 λήλοις
541 1313 638 1366 καὶ
663 1310 744 1381 τῷ
795 1310 1018 1381 Χριστῷ
1067 1308 1477 1378 συναπτόμεθα.
1527 1309 1664 1362 Οὐδὲ
1708 1307 1816 1379 γὰρ
1854 1306 1914 1373 ἐξ

333 1402 494 1458 ἄλλου
519 1403 622 1473 μὲν
645 1402 897 1473 σώματος
925 1402 1108 1468 ἄλλος,
1138 1402 1197 1468 ἐξ
1226 1400 1386 1456 ἄλλον
1426 1401 1486 1454 δὲ
1531 1401 1689 1463 ἄλλος
1713 1399 1915 1471 ’τρέφε-

333 1511 443 1561 ται,
466 1493 584 1548 ἀλλ’
608 1493 670 1558 ἐξ
699 1494 864 1548 αὐτοῦ
888 1493 1113 1556 πάντες.
1145 1492 1238 1545 Διό
1278 1509 1446 1562 φησιν
1467 1507 1483 1523 ο
1516 1495 1581 1545 Οἱ
1619 1491 1730 1560 γὰρ
1759 1491 1915 1544 πάν-

334 1601 433 1651 τες
465 1585 535 1638 ἐκ
579 1583 688 1638 τοῦ
731 1582 870 1649 ἐνὸς
930 1582 1112 1652 ἄρτου
1136 1581 1486 1652 μετέχομεν.
1523 1583 1587 1634 Εἰ
1629 1582 1688 1634 δὲ
1718 1583 1783 1635 ἐκ
1819 1582 1920 1635 τοῦ.

333 1673 530 1739 αὐτοῦ,
564 1674 660 1729 καὶ
691 1674 754 1728 τὸ
785 1673 922 1728 αὐτὸ
958 1674 1224 1744 γινόμεθα
1249 1674 1473 1739 πάντες,
1506 1672 1595 1728 διὰ
1624 1673 1677 1725 τί
1713 1673 1788 1743 μὴ
1820 1675 1915 1727 καὶ

333 1765 431 1838 τὴν
451 1767 623 1836 αὐτὴν
645 1765 869 1837 ἀγάπην
894 1765 1344 1836 ἐπιδεικνύμεθα,
1368 1765 1464 1819 καὶ
1486 1764 1750 1835 γινόμεθα
1773 1763 1916 1819 κατὰ

335 1857 492 1912 τοῦτο
516 1856 614 1923 ἒνς

408 2051 430 2086 ι
450 2031 688 2088 Βλέπετε
704 2032 796 2088 τὸν
823 2033 1046 2104 Ἰσραὴλ
1075 2032 1218 2089 κατὰ
1239 2032 1442 2103 σάρκα.
1468 2029 1604 2101 Οὐχὶ
1631 2033 1679 2082 οἰ
1709 2029 1920 2082 ἐσθίον-

332 2142 425 2190 τες
450 2126 546 2190 τὰς
567 2125 778 2191 θυσίας,
807 2126 1057 2180 κοινωνοὶ
1084 2124 1181 2180 τοῦ
1206 2123 1601 2194 θυσιαστηρίου
1622 2123 1725 2176 οὐκ
1749 2121 1916 2190 εἰσίν;

334 2215 389 2271 τί
413 2211 546 2284 οὗν;
571 2217 738 2288 φημί.
779 2235 797 2268 ι
1731 2285 1737 2290 1

417 2309 636 2380 Ἐπειδὴ
672 2310 861 2364 πολλοί
885 2309 982 2364 τοῦ
1020 2308 1284 2380 μεγέθους
1309 2307 1420 2361 τῶν
1452 2306 1754 2378 λεχθέντων
1777 2301 1920 2376 ἦσαν

333 2400 729 2471 ταπεινότεροι,
755 2400 866 2455 ἀπὸ
913 2400 1025 2456 τῶν
1054 2398 1340 2472 προτέρων
1370 2400 1570 2461 αὐτοὺς
1596 2397 1778 2451 πείθει
1825 2399 1922 2451 καὶ

338 2489 602 2560 συνήθων.
630 2492 742 2544 Καὶ
771 2490 953 2554 καλῶς
991 2490 1192 2558 σάρκα
1241 2492 1430 2561 φησιν,
1459 2489 1534 2552 ὡς
1555 2488 1736 2542 αὐτῶν
1776 2488 1922 2544 κατὰ

339 2579 555 2651 πνεῦμα
578 2579 767 2637 ὄντων.
804 2583 869 2636 Ὃ
893 2581 953 2634 δὲ
995 2581 1145 2650 λέγει
1187 2581 1427 2636 τοιοῦτόν
1451 2581 1623 2634 ἐστιν’
1654 2579 1778 2636 Κᾶν
1811 2581 1922 2636 ἀπὸ

336 2671 442 2727 τῶν
471 2673 800 2745 παχυτέρων
828 2674 1177 2745 παιδευθῑγτε.

418 2872 440 2909 t
472 2855 599 2910 Ὅτι
651 2855 892 2922 εἴδωλον,
926 2856 981 2910 τὶ
1017 2857 1198 2924 iaetu;
1238 2857 1272 2925 ἢ
1317 2858 1400 2911 δτι
1453 2857 1823 2922 εἰδωλόθυτον,
1868 2858 1921 2910 τὶ

338 2949 518 3019 ἑστίη
544 2949 661 3004 ἀλλ’
691 2949 774 3002 ὅτι
795 2947 831 3002 ἃ
865 2939 984 3001 θύει
1010 2948 1082 3001 τὰ
1117 2948 1270 3018 ἔθνη,
1307 2949 1609 3018 δαιμονίοις
1655 2949 1794 3013 θύει,
1826 2948 1922 3000 καὶ

338 3041 401 3096 οὐ
425 3040 567 3110 Θεῷ.
591 3040 666 3093 Οὺ
694 3038 836 3092 θέλω
862 3039 920 3092 δὲ
960 3038 1104 3109 ὑμᾶς
1141 3039 1439 3102 κοινωνοὺς
1472 3038 1582 3092 τῶν
1622 3039 1918 3109 δαιμονίων
1947 3068 1990 3123 C

337 3131 602 3202 γίνεσθαι.
635 3151 656 3185 ο

405 3302 592 3358 Εἰπὼν
613 3304 700 3357 ὅτι
729 3303 978 3358 κοινωνοί
1002 3302 1098 3358 τοῦ
1134 3301 1524 3374 θυσιαστηρίου
1558 3303 1722 3368 εἰσὶν,
1749 3305 1912 3375 φοϐηο

339 3393 452 3459 θεὶς
482 3394 559 3467 μὴ
588 3393 715 3464 δόξῃ
739 3393 927 3464 ὥσπερ
964 3393 1118 3464 ἰσχὺν
1147 3395 1381 3463 ἐχόντων
1405 3393 1514 3447 τῶν
1544 3393 1782 3448 εἰδώλων
1803 3393 1920 3448 δια-

338 3487 614 3558 λέγεσθαι,
650 3488 752 3541 καὶ
798 3486 1115 3555 δυναμένων
1175 3485 1404 3557 βλάψαι,
1459 3488 1564 3556 ὅρα
1613 3487 1732 3549 πῶς
1782 3487 1922 3541 αὐτὰ

338 3579 615 3647 καθαιρεῖ,
653 3577 942 3648 μονονουχὶ
971 3577 1167 3646 λέγων’
1213 3575 1400 3630 Ταῦτα
1423 3577 1590 3645 λέγω,
1624 3578 1781 3649 φησι,
1830 3579 1925 3633 καὶ

337 3671 558 3740 ἀπάγω,
587 3670 687 3740 οὐχ
715 3669 792 3732 ὡς
820 3669 1140 3738 δυναμένων
1171 3668 1375 3738 βλάψαι
1419 3685 1476 3721 τι
1523 3669 1634 3723 τῶν
1664 3668 1920 3736 εἰδώλων,

338 3765 432 3818 καί
458 3762 612 3833 ἰσχὺν
643 3761 909 3832 ἐχόντων’
939 3760 1093 3814 οὐδὲν
1123 3761 1233 3832 γάρ
1262 3753 1402 3814 εἰσιν
1427 3777 1444 3793 ο
1473 3759 1613 3815 ἀλλὰ
1655 3760 1924 3831 ,βούλομαι

338 3856 703 3926 καταφρονεῖν
739 3854 918 3909 αὐτῶν
946 3854 1109 3924 ὑμᾶς,
1160 3852 1257 3906 καὶ
1322 3851 1515 3906 τούτου
1567 3854 1750 3924 χάριν,
1786 3855 1926 3923 μετὰ

341 3946 582 4017 σπουδῆς
623 3944 922 4016 ἀποτρέπω
945 3942 1057 3996 τῶν
1093 3939 1355 3996 τοιούτων
1391 3940 1724 4013 βρωμάτων,
1757 3945 1921 3998 ὅτιού

341 4041 678 4111 προσάγεται
728 4036 808 4108 τῷ
836 4034 976 4106 Θεῷ.
1012 4033 1105 4088 Διό
1151 4049 1345 4104 φησιν·
1399 4035 1460 4089 Ἃ
1509 4034 1622 4103 γὰρ
1673 4035 1802 4090 θύει
1852 4035 1926 4088 τὰ

337 4133 508 4202 ἔθνη,
531 4131 868 4209 δαιμονίοις
887 4130 1034 4193 θύει,
1063 4126 1166 4181 καί
1184 4129 1256 4182 οὐ
1293 4125 1436 4192 Θεῷ.

2008 491 2114 547 pus
2147 479 2303 532 multi
2335 493 2549 534 sumus.
2575 477 2778 536 Omnes
2806 479 2955 536 enim
2987 477 3056 536 de
3087 492 3198 534 uno
3235 493 3376 550 pane
3409 481 3585 550 parti-

2005 585 2283 640 .cipamus.
2323 588 2343 623 ι

2081 661 2223 727 Quid
2259 663 2706 718 communionem
2737 663 2884 728 dico,
2919 664 3142 735 inquit?
3169 655 3464 735 ipsummet
3487 679 3588 720 nos

2014 753 2148 808 illud
2185 768 2387 823 corpus
2415 769 2631 810 sumus.
2659 753 2795 808 Nam
2836 756 2992 823 panis
3013 764 3099 810 est
3127 771 3331 825 corpus
3358 755 3586 820 Christi,

2015 845 2220 914 quique
2267 844 2338 900 de
2380 859 2444 900 eo
2494 845 2798 914 accipiunt,
2853 859 3058 914 corpus
3100 846 3222 914 ejus
3255 848 3435 904 ﬁunt:
3477 861 3592 902 non

2015 937 2186 990 multa
2225 951 2487 1006 corpora,
2531 937 2628 992 sed
2667 952 2838 991 unum
2872 951 3098 1008 corpus.
3139 937 3299 992 Velut
3331 941 3489 1008 panis
3521 955 3593 994 ex

2015 1027 2208 1082 multis
2254 1029 2444 1099 granis
2492 1036 2850 1098 compactus,
2912 1029 2995 1083 sic
3051 1044 3197 1084 unus
3244 1028 3479 1085 edicitur
3528 1039 3594 1084 ut

2021 1133 2298 1189 nusquam
2323 1134 2492 1189 grana
2511 1129 2829 1191 appareant;
2861 1120 2979 1186 sed,
2997 1121 3103 1176 etsi
3139 1131 3437 1191 supersunt
3476 1121 3593 1186 illa,

2015 1211 2386 1266 animadverti
2414 1228 2525 1269 non
2566 1213 2750 1282 possit
2781 1227 2976 1267 eorum
3016 1211 3328 1268 diderentia
3371 1221 3597 1283 propter

2016 1302 2468 1373 coniunctionem
2500 1325 2513 1360 :
2547 1305 2624 1359 ita
2647 1312 2704 1361 et
2735 1320 2839 1361 nos
2867 1305 3100 1376 perinde
3128 1305 3361 1360 invicem
3391 1315 3447 1361 et
3469 1321 3596 1360 cum

2015 1395 2246 1452 Christo
2312 1397 2656 1466 copulamur.
2721 1396 3165 1468 Haudquaquam
3232 1398 3379 1452 enim
3451 1398 3599 1452 alius

1984 1564 1986 1566 ν
2017 1488 2242 1557 quidem
2277 1502 2343 1543 ex
2377 1489 2488 1545 alio
2518 1503 2753 1560 corpore
2783 1491 2975 1554 alitur,
3014 1491 3158 1545 alius
3193 1505 3326 1546 vero
3355 1506 3424 1546 ex
3447 1491 3597 1555 alio;

2017 1580 2112 1635 sed
2166 1595 2231 1635 ex
2292 1580 2486 1635 eodem
2527 1596 2743 1637 omnes.
2791 1581 3173 1648 Quamobrem
3213 1582 3290 1636 ait
3333 1601 3348 1637 :
3403 1582 3600 1637 Omnes

2017 1673 2154 1726 enim
2180 1687 2246 1725 ea:
2267 1688 2372 1725 uno
2402 1688 2538 1739 parte
2568 1674 2976 1743 participamus.
3009 1673 3168 1740 Quod
3198 1675 3247 1729 si
3287 1689 3354 1729 ex
3383 1673 3599 1737 eodem,

2019 1763 2130 1817 imo
2175 1770 2230 1818 et
2277 1763 2421 1818 idem
2457 1780 2650 1820 sumus
2696 1780 2929 1828 omnes;
2966 1766 3098 1836 quid
3133 1781 3323 1820 causa;
3353 1775 3458 1828 est,
3497 1782 3603 1821 cur
3659 1821 3666 1828 .

2020 1867 2127 1905 non
2191 1853 2442 1908 eamdem
2512 1869 2735 1924 quoque
2795 1854 3154 1910 dilectionem
3213 1855 3598 1925 praeferamus,

2020 1945 2236 2014 hacque
2278 1946 2491 2000 ratione
2526 1961 2696 2000 unum
2730 1945 3075 2001 eﬁiciamur?

2089 2033 2260 2093 Vsus.
2297 2037 2386 2102 l8,
2422 2038 2510 2093 l9.
2544 2058 2563 2091 ι
2590 2039 2784 2095 Videte
2812 2037 2986 2094 Israel
3015 2043 3322 2098 secundum
3349 2057 3599 2099 carnem.

2018 2126 2219 2182 Nonne
2246 2128 2340 2198 qui
2372 2128 2548 2184 edunt
2581 2130 2818 2194 hostias,
2871 2130 3168 2201 participes
3209 2141 3339 2188 sum
3363 2131 3605 2187 altaris?

2019 2217 2152 2287 quid
2191 2219 2361 2291 ergo?
2400 2219 2553 2276 Dico.
2597 2241 2616 2274 ι

2093 2309 2235 2376 Quia
2268 2311 2520 2381 plerique
2554 2312 2883 2370 humiliores
2925 2324 3085 2370 erant
3107 2355 3122 2379 ,
3153 2329 3322 2384 quam
3358 2323 3416 2370 ut
3450 2328 3607 2370 asse-

2021 2399 2115 2470 qui
2150 2410 2377 2468 possent
2409 2418 2532 2471 qute
2561 2404 2918 2471 dicebantur,
2952 2421 2983 2460 a
3018 2406 3274 2477 pristinis
3322 2415 3380 2463 et
3440 2408 3606 2463 fami-

2022 2491 2258 2548 liaribus
2290 2507 2388 2549 eos
2425 2496 2741 2563 persuadet.
2797 2496 2864 2550 Et
2903 2497 3160 2567 apposite
3202 2497 3372 2563 dicit,
3419 2515 3609 2553 secun-

2021 2583 2150 2636 dum
2186 2583 2439 2650 carnem;
2479 2586 2682 2657 quippe
2710 2603 2836 2642 cum
2863 2589 2967 2657 ipsi
3015 2589 3146 2642 illud
3183 2597 3368 2643 essent
3401 2605 3604 2645 secun-

2022 2673 2151 2730 dum
2213 2676 2495 2744 spiritum.
2561 2679 2720 2744 Quod
2769 2693 2899 2734 vero
2952 2679 3051 2744 ait,
3111 2679 3219 2734 hoc
3275 2679 3604 2748 signiticet:
3671 2691 3682 2700 '

2022 2766 2240 2824 Utinam
2271 2767 2464 2822 saltem
2503 2783 2534 2823 a
2575 2769 2946 2825 crassioribus
2967 2770 3322 2826 erudiamini.

2099 2873 2119 2907 ‹
2166 2855 2321 2921 Quod
2363 2855 2572 2911 idolum
2605 2857 2678 2910 sit
2717 2856 2962 2925 aliquid?
2987 2856 3144 2922 Quod
3199 2858 3364 2912 idolis
3402 2857 3604 2913 immo.

2022 2946 2193 3001 latum
2255 2947 2329 3002 sit
2401 2947 2652 3017 aliquid?
2706 2946 2898 3017 [Vsus
2951 2947 3067 3019 20.]
3135 2948 3242 3002 Sed
3295 2949 3442 3018 quod
3484 2966 3609 3020 quas

2024 3037 2314 3093 immolant
2360 3047 2599 3108 gentes,
2657 3038 2946 3095 daemoniis
3003 3039 3328 3105 immolant,
3371 3048 3431 3095 et
3495 3057 3607 3097 non

2023 3129 2156 3187 Deo.
2234 3129 2376 3187 Nolo
2443 3141 2629 3188 autem
2699 3146 2801 3188 vos
2865 3133 3054 3189 socios
3113 3132 3235 3188 ﬁeri
3303 3134 3606 3191 daermnio-

2022 3236 2166 3275 rum.
2216 3240 2235 3273 l

2089 3313 2200 3384 97
2254 3314 2394 3381 Quia
2435 3315 2664 3372 dixerat
2711 3331 2810 3373 eos
2853 3317 3051 3373 altaris
3087 3317 3389 3388 participes
3437 3333 3606 3381 csse,

2021 3407 2234 3461 veritus
2269 3421 2339 3462 ne
2377 3407 2446 3463 de
2499 3407 2668 3464 idolis
2709 3407 2932 3465 locutus
2971 3416 3286 3480 putaretur,
3331 3424 3399 3464 ac
3445 3409 3492 3464 si
3541 3424 3606 3464 ea

2025 3497 2285 3568 loquendi
2321 3497 2590 3554 facultate
2616 3499 2917 3569 pollerent,
2954 3509 3049 3554 aut
3076 3501 3275 3570 qu0vis
3307 3499 3473 3554 modo
3505 3515 3608 3555 no-

2025 3602 2152 3645 cere
2197 3597 2455 3658 possent,
2501 3591 2738 3647 observa
2791 3605 2904 3660 quo
2949 3599 3110 3662 pacto
3158 3591 3282 3647 hanc
3325 3592 3606 3658 destruat,

2025 3680 2300 3750 ejusmodi
2348 3681 2465 3737 fere
2499 3681 2703 3739 verbis.
2737 3681 2867 3738 Haec
2900 3683 3007 3748 aio,
3068 3685 3273 3754 inquit,
3307 3693 3364 3740 et
3403 3686 3609 3742 abduci

2027 3771 2261 3841 suadeo,
2292 3788 2401 3829 non
2429 3773 2591 3844 quasi
2615 3774 2766 3829 idola
2800 3774 3114 3831 detrimenti
3143 3777 3355 3849 aliquid
3389 3779 3611 3833 valeant

2027 3862 2255 3929 inferre,
2293 3877 2531 3935 eamque
2573 3866 2683 3921 vim
2712 3866 2958 3922 habeant
3003 3867 3154 3939 (nam
3208 3869 3346 3924 nihil
3376 3885 3609 3941 prorsus

2027 3955 2206 4026 sunt),
2244 3956 2380 4024 quin
2425 3957 2612 4026 potius
2647 3957 2776 4012 volo
2807 3965 2863 4012 ut
2921 3973 2988 4013 ea
3033 3957 3385 4028 despiciatis,
3439 3970 3608 4033 atque

2027 4045 2241 4102 idcirco
2271 4047 2421 4103 omni
2456 4048 2644 4103 studio
2675 4048 2955 4104 contendo
2994 4059 3248 4106 avertere
3281 4067 3382 4108 vos
3415 4067 3446 4107 a
3479 4055 3608 4109 tali-

2027 4136 2132 4191 bus
2154 4135 2316 4198 cibis,
2339 4135 2470 4206 quia
2501 4151 2612 4190 non
2637 4136 2950 4192 oliernntur
2968 4137 3099 4194 Deo.
3129 4139 3401 4205 Quocirca
3431 4143 3565 4199 dicit
3589 4165 3602 4199 :

2029 4225 2162 4294 Qua
2209 4228 2350 4282 enim
2387 4236 2566 4298 gentes
2614 4227 2922 4300 immolant,
2975 4229 3254 4285 dwnwuiis
3286 4232 3603 4301 immolant,

2028 4327 2078 4372 et
2106 4335 2211 4373 non
2241 4317 2371 4374 Deo.

417 4437 440 4474 ι
475 4419 551 4476 οὐ
583 4417 817 4474 δύνασθε
841 4419 1105 4489 ποτήριον
1147 4418 1358 4492 Κυρίου
1392 4419 1595 4485 πίνειν,
1620 4419 1718 4473 καί
1748 4420 1920 4491 παι-ἠ-

2111 4427 2131 4463 c
2166 4409 2285 4465 Non
2327 4411 2570 4482 potestis
2601 4412 2833 4468 calicem
2880 4413 3100 4469 Domini
3141 4414 3350 4480 bibere,
3382 4423 3438 4472 et
3466 4410 3636 4471 cali-"

346 4527 460 4581 ριον
491 4510 808 4582 δαιμονίων.
852 4509 929 4563 Οὐ
963 4509 1197 4590 δύνασθε
1231 4509 1515 4583 τραπέζης
1554 4507 1766 4580 Κυρίου
1799 4525 1925 4580 μετ⁹

341 4604 512 4675 ἔχειν,
538 4606 636 4658 καὶ
661 4606 946 4677 τραπέζης
974 4603 1294 4676 δαιμονίων.
1333 4621 1352 4655 ι

412 4784 782 4857 Χρησάμενος
829 4783 910 4856 τῷ
949 4783 1098 4838 κατὰ
1148 4783 1473 4852 παραίνεσιν
1523 4745 1690 4853 λόγω,
1723 4783 1965 4854 χρῆται-

341 4877 529 4934 λοιπὺν
549 4877 748 4948 καὶτῷ
769 4875 1129 4948 ἀποφαντικῷ
1157 4877 1252 4930 καὶ
1276 4875 1601 4946 αὑθεντικῷ,
1625 4877 1720 4929 καὶ
1739 4878 1927 4947 ἁρκεῖο

342 4990 433 5027 ται
467 4974 585 5034 τοῖς
613 4971 842 5042 ὀνόμασι
879 4971 1063 5041 μόνοις
1096 4971 1176 5034 εἰς
1198 4970 1300 5040 τὴν
1344 4969 1674 5039 ἀπαγωγὴν,
1705 4969 1928 5038 Κυρίου

346 5064 657 5132 ποτήριον,
681 5063 780 5116 καί
807 5060 1110 5131 δαιμόνων
1136 5060 1448 5130 ποτήριον,
1473 5059 1674 5129 λέγων.

421 5261 444 5296 t
481 5242 555 5296 Ἦ
583 5239 1013 5314 παραζηλοῦμεν
1047 5238 1142 5295 τὸν
1186 5238 1425 5311 Κύριον;
1466 5237 1543 5308 μὴ
1589 5237 1926 5308 ἰσχυρότεροι

348 5335 510 5390 αὐτοῦ
542 5337 709 5407 ἔσμεν
731 5352 746 5402 ;
785 5354 804 5386 ι
1757 5397 1762 5402 _

420 5429 704 5493 Τουτέστι,
747 5429 1092 5500 Πειράζομεν
1144 5427 1328 5497 αὐτὸν,
1366 5429 1415 5480 εἰ
1443 5426 1666 5482 δύναται
1698 5427 1926 5481 κολάσαι

350 5519 518 5588 ἡμᾶς,
555 5519 654 5572 καὶ
681 5517 1092 5591 παρακνίζομεν
1120 5517 1308 5582 αὑτὸν,
1344 5517 1482 5587 πρὸς
1530 5517 1659 5580 τοὺς
1702 5516 1928 5569 ὑπεναν-

350 5610 496 5674 τίους
541 5609 980 5681 ἀποχωροῦντες.
1017 5609 1190 5664 Τοῦτο
1215 5609 1275 5663 δὲ
1296 5604 1472 5675 εἶπεν,
1496 5608 1929 5680 ἀναμιμνήσκων

351 5700 549 5768 αὐτοὺς
573 5700 806 5764 παλαιᾶς
839 5699 1102 5771 ἱστορίας.
1125 5698 1230 5779 Διὸ.
1249 5700 1344 5753 καὶ
1371 5701 1438 5770 τῇ
1462 5699 1607 5766 λέξει
1625 5698 1813 5786 ,ταύτῃ
1833 5699 1926 5755 κέ-

677 5796 954 5858 ΡΑτιιοι.
999 5795 1115 5856 GR.
1165 5794 1346 5857 XCV.

2029 4517 2148 4558 cem
2189 4502 2609 4558 daemoniorum.
2651 4502 2843 4575 Heus.
2883 4503 2998 4577 2L]
3028 4503 3146 4560 Non
3172 4506 3409 4575 potestis
3446 4521 3606 4561 men-

2031 4607 2106 4649 sae
2144 4592 2361 4648 Domini
2409 4594 2712 4664 participes
2744 4609 2893 4669 esse,
2935 4605 2996 4651 et
3055 4611 3262 4652 meum
3307 4597 3608 4654 daemonio-

2029 4699 2176 4739 rum.
2215 4703 2234 4737 ι

2115 4776 2420 4849 Postquam
2454 4778 2848 4836 adhortatione
2886 4795 3025 4836 usus
3054 4789 3168 4847 est,
3201 4795 3353 4836 nunc
3381 4789 3610 4838 senten-

2035 4873 2167 4925 tiam
2199 4867 2429 4926 ferendo
2471 4878 2531 4927 et
2574 4885 2699 4926 cum
2737 4872 3074 4927 auctoritate
3110 4873 3382 4943 loquitur.
3432 4874 3613 4944 Atque

2034 4962 2358 5018 nominibus
2429 4963 2713 5018 duntaxat
2770 4970 3033 5035 tanquam
3096 4964 3167 5019 ad
3226 4965 3612 5020 abducendum

2035 5053 2256 5111 idoneis
2290 5055 2488 5123 utitur,
2525 5070 2652 5111 cum
2700 5056 2798 5124 ait,
2850 5056 3069 5113 Domini
3111 5059 3350 5124 calicem,
3391 5068 3444 5113 et
3480 5059 3614 5114 cali-
3668 5047 3676 5103 ί

2035 5163 2144 5202 cem
2181 5147 2586 5204 dmmoniorum.

2113 5259 2134 5291 ι
2175 5240 2259 5294 Αη
2298 5241 2624 5297 aemulantur
2677 5239 3008 5298 Dominum?
3053 5244 3303 5314 nunquid
3352 5243 3614 5298 fortiores

2034 5332 2133 5388 illo
2163 5335 2396 5388 sumus?
2424 5353 2442 5383 ι

2105 5423 2160 5478 ld
2193 5431 2299 5486 est,
2347 5437 2416 5477 an
2467 5430 2751 5479 tentamus
2780 5439 2929 5492 eum,
2962 5440 3095 5480 num
3148 5429 3322 5496 possit
3362 5442 3464 5484 nos
3511 5443 3614 5498 pu-
3678 5415 3684 5422 ’

2036 5515 2182 5579 nire,
2234 5524 2330 5570 aut
2380 5530 2507 5570 eum
2545 5515 2900 5583 lacessimus,
2939 5519 3006 5573 ad
3066 5519 3190 5587 ejus
3247 5521 3439 5576 hostes
3476 5521 3616 5574 dcti-

2035 5605 2279 5660 ciendo?
2319 5603 2435 5660 Hoc
2489 5620 2658 5676 porro
2707 5605 2868 5673 dicit,
2920 5610 3426 5666 commonefacicns
3490 5611 3616 5665 illos

2037 5698 2284 5757 historiae
2337 5698 2563 5757 veteris.
2603 5697 2822 5757 Idcirco
2853 5700 3100 5758 eamdem
3144 5715 3332 5757 vocem
3381 5707 3616 5770 usurpat

3217 5791 3285 5853 21
