3972 6392
330 271 427 338 651

1455 306 1460 312 -
1503 271 1564 331 S.
1598 267 1917 332 JOANNIS
1957 268 2388 328 DAMASCENI

3479 263 3584 329 652

330 404 436 458 qua
478 389 757 459 quondam
787 389 1004 460 Moyses
1038 402 1168 460 erga
1212 361 1454 453 Judaeos,
1482 386 1644 457 'quos
1672 400 1739 440 ex
1781 399 1905 454 pcr-

2024 401 2230 455 (ρηται,
2333 384 2430 436 καὶ
2460 383 2596 454 πρὸς
2637 383 2763 448 τοὺς
2820 381 3106 447 Ἰουδαίους
3142 383 3386 452 Μωῦσῆς
3423 381 3584 454 ἐχρή-

332 491 471 535 seua
525 478 624 535 Dei
679 489 906 550 propter
945 478 1222 532 idolorum
1283 477 1495 532 cultum
1555 474 1902 545 increpabat.

337 568 446 639 Ipsi
471 570 631 634 enim,
675 568 879 638 inquit,
925 566 995 620 ad
1042 567 1436 622 wmutationem
1471 582 1552 621 me
1591 573 1904 635 prouocaue-

339 669 485 725 runt,
526 660 581 713 in
615 674 674 714 eo
704 659 794 728 qui
821 675 926 714 non
949 668 1063 714 erat
1105 659 1247 713 Deus
1275 659 1343 716 ’⁸.
1711 673 1713 676 ‘

405 770 425 802 ι
465 748 659 805 Omnia
691 749 826 803 mihi
855 750 1046 814 licent,
1085 749 1181 805 sed
1221 764 1330 804 non
1361 749 1548 805 omnia
1581 748 1903 819 expediunt.

331 839 525 911 [Vens
559 840 653 906 23,
689 839 808 910 21L]
843 838 1038 895 Omnia
1064 840 1199 896 mihi
1232 841 1421 906 licent,
1456 841 1550 896 sed
1580 854 1690 895 non
1720 840 1906 894 omnia

328 930 627 987 mdificant.
693 930 866 986 Nemo
925 931 1071 1000 quod
1131 945 1292 986 suum
1351 940 1439 986 est
1503 939 1748 1002 quaerat,
1812 929 1907 1003 sed

328 1023 474 1093 quod
513 1022 764 1078 alterius.
799 1041 820 1076 ν

399 1113 542 1180 Quia
573 1111 884 1172 .verisimile
918 1119 1042 1170 erat
1081 1126 1179 1168 eos
1212 1111 1417 1177 dicere,
1469 1111 1754 1183 perfectus
1782 1126 1907 1168 sum

331 1218 456 1275 ego,
493 1211 551 1259 et
578 1205 684 1259 mei
717 1204 834 1275 ipse
866 1202 1128 1258 dominus
1177 1216 1322 1268 sum,
1372 1209 1427 1256 et
1459 1203 1580 1256 sine
1607 1201 1911 1256 oﬂensione

333 1294 420 1349 vel
464 1307 608 1349 noxa
647 1307 770 1363 quae
807 1291 938 1346 mihi
982 1297 1338 1361 apponuntur
1373 1288 1630 1356 comedo,
1665 1289 1790 1345 ideo
1825 1289 1911 1344 di-

331 1384 452 1438 cit:
504 1382 668 1439 Certe
717 1381 999 1453 perfectus
1051 1395 1132 1445 es,
1195 1381 1388 1451 tuique
1447 1381 1566 1448 ipse
1621 1380 1904 1436 dominus.

332 1475 445 1530 Sed
475 1474 580 1530 hoc
609 1474 726 1530 noli
769 1471 1148 1538 considerare,
1182 1487 1376 1528 verum
1408 1487 1476 1526 an
1507 1471 1908 1527 detrimentum

332 1566 386 1622 id
414 1566 561 1636 quod
588 1566 792 1622 colitur
825 1565 1017 1621 afferat
1049 1572 1103 1620 et
1131 1565 1374 1621 ruinam.

402 1657 569 1712 Vsus.
609 1656 700 1711 25.
740 1673 760 1708 ι
807 1654 982 1711 Omne
1012 1655 1244 1726 quodin
1287 1655 1522 1711 macello
1548 1655 1720 1720 venit,
1757 1669 1909 1710 man-

2009 490 2176 538 σατο,
2223 473 2478 541 ἐγκαλῶν
2505 473 2649 546 ὑπὲρ
2695 472 3143 544 εἰδωλολατρείας
3176 473 3240 524 ἐκ
3289 469 3584 542 προσώπου

2005 565 2098 619 τοῦ
2128 565 2286 621 Θεοῦ.
2329 565 2504 621 Αὐτοὶ
2539 565 2670 636 γὰρ,
2731 566 2888 635 φησι,
2922 563 3359 635 παρεζήλωσάν
3385 579 3462 633 με
3492 562 3584 616 ἐπ’

2006 657 2078 710 οὺ
2102 654 2243 722 Θεῷ.
3017 689 3022 694 -

2083 767 2102 800 ι
2138 750 2326 804 Πάντα
2379 767 2468 821 μοι
2503 749 2734 814 ἔξεστιν,
2777 747 2894 803 ἀλλ’
2939 750 3003 804 οὐ
3059 749 3240 804 πάντα
3292 745 3582 817 συμφέρει.

2007 839 2194 893 Πάντα
2224 855 2314 910 μοι
2343 840 2573 906 ἔξεστιν,
2606 839 2723 893 ἀλλ’
2749 839 2810 892 οὐ
2846 837 3346 907 πάνταροίκοδομεῑ.
3377 837 3588 908 Μηδεὶς

2006 931 2069 982 τὸ
2098 930 2294 986 ἐαυτοῦ
2321 931 2575 1003 ζητείτω,
2595 926 2734 987 ἀλλὰ
2759 930 2822 984 τὸ
2852 929 3045 1001 ἐτέρου
3068 929 3320 993 ἕκαστος.
3358 946 3377 978 ι

2092 1112 2312 1182 Ἐπειδὴ
2347 1110 2494 1176 εἰκὸς
2519 1105 2588 1182 ἦν
2617 1108 2816 1173 αὐτοὺς
2839 1108 3052 1177 λέγειν,
3081 1107 3168 1162 ὅτι
3198 1106 3414 1171 Τέλειός
3448 1108 3584 1177 είμι,
3668 1164 3678 1168 _

2008 1205 2104 1259 καὶ
2131 1205 2322 1274 κύριος
2345 1202 2608 1274 ἐμαυτοῦ,
2636 1204 2732 1256 καὶ
2746 1199 2898 1254 οὐδὲν
2925 1200 3298 1271 βλαπτόμενος
3319 1199 3589 1268 ἀπογεύο-

2012 1313 2108 1366 μαι
2141 1296 2249 1349 τῶν
2304 1293 2707 1364 προκειμένων,
2755 1290 2945 1345 τούτου
2977 1291 3138 1362 χάριν
3163 1291 3298 1361 φησί
3317 1306 3332 1320 ”
3363 1289 3474 1344 Ναὶ
3498 1289 3590 1344 τέ·

2007 1387 2148 1450 λειος
2178 1383 2248 1452 εί,
2280 1386 2377 1440 καὶ
2409 1384 2609 1439 σαυτοῦ
2653 1383 2866 1454 κύριος,
2899 1382 3037 1436 ἀλλὰ
3066 1382 3142 1454 μὴ
3175 1381 3336 1436 τοῦτο
3369 1381 3586 1444 σκόπει.

2009 1482 2122 1536 ἀλλ’
2152 1483 2200 1534 εί
2234 1480 2334 1552 μὲν
2370 1479 2576 1550 βλάϐην
2607 1477 2798 1550 ἔχειτὺ
2827 1475 3139 1547 τιμώμενον
3169 1474 3261 1530 καὶ
3283 1488 3589 1544 καταστρο-

2009 1576 2259 1717 “illi;
2287 1660 2349 1714 τὸ
2373 1661 2430 1713 ἐν
2460 1658 2715 1731 μακέλλῳ
2763 1655 3114 1726 πωλούμενον
3161 1654 3392 1719 ἐσθίετε,
3424 1653 3592 1725 μηδὲν

326 1753 552 1818 ducate,
577 1751 718 1807 nihil
751 1753 1164 1826 interrogantes
1190 1762 1419 1824 propter
1446 1753 1902 1808 conscientiam.»

2024 1756 2396 1824 ἱνακρίνοντες
2421 1726 2509 1807 διὰ
2543 1753 2644 1824 τὴν
2668 1726 2996 1820 συνείδησιν.
3033 1768 3052 1802 ι

399 1841 538 1897 Cum
565 1843 1014 1913 pronuntiaverit
1041 1843 1310 1912 possibile
1349 1857 1459 1898 non
1490 1857 1635 1909 esse,
1677 1843 1906 1898 calicem

330 1933 548 1988 Domini
585 1933 796 2000 bibere,
843 1943 896 1989 ct
945 1934 1174 1989 calicem
1222 1933 1649 1997 daemoniorum,
1693 1947 1905 2004 eosque

329 2025 556 2081 omnino
594 2025 859 2083 averterit
905 2025 978 2082 ab
1029 2025 1305 2095 ejusmodi
1361 2025 1592 2089 mensis,
1649 2025 1907 2083 adductis

330 2117 538 2175 idcirco
566 2117 882 2175 Judaorum
909 2118 1202 2188 exemplis,
1238 2118 1494 2173 humanis
1520 2118 1905 2174 ratiocinatio-

328 2208 520 2275 nibus,
548 2209 854 2266 tremendis
888 2210 1200 2281 mysteriis,
1230 2217 1285 2266 et
1317 2209 1386 2266 iis
1417 2225 1542 2280 quae
1585 2225 1714 2278 erga
1761 2210 1907 2265 idola

329 2310 679 2374 gererentur,
727 2302 1013 2374 multaque
1051 2302 1132 2358 eis
1189 2301 1416 2357 incussa
1466 2301 1788 2368 formidine,
1839 2317 1906 2357 ne

329 2411 398 2453 eo
424 2397 626 2452 timore
655 2395 711 2451 in
745 2396 914 2451 alium
946 2412 1142 2452 rursus
1172 2409 1418 2451 errorem
1462 2393 1904 2463 impellerentur,

328 2487 405 2539 ita
439 2492 498 2540 ut
545 2484 743 2554 majori
787 2499 952 2555 quam
1003 2500 1109 2556 par
1164 2490 1310 2540 esset
1361 2482 1689 2540 curiositate
1735 2483 1906 2539 rebus

325 2577 408 2630 uti
437 2585 810 2646 cogerentur;
855 2585 916 2630 ut
968 2590 1064 2632 eos
1096 2576 1164 2630 ab
1215 2576 1318 2630 hac
1361 2575 1618 2646 angustia
1667 2563 1904 2642 liberet,

327 2666 410 2720 ait
449 2682 464 2720 :
507 2664 675 2721 Omne
705 2665 846 2736 quod
883 2666 937 2720 in
974 2666 1196 2721 ιιιιιεείίο
1243 2668 1411 2734 venit,
1449 2665 1789 2729 manducare,
1825 2665 1907 2718 ni-

331 2754 406 2808 hil
464 2755 871 2824 interrogantes.
932 2753 1072 2808 Nam
1123 2755 1172 2808 si
1230 2755 1496 2826 ignorans
1551 2751 1904 2818 comederis,

337 2844 539 2915 inquit,
592 2858 696 2899 nec
733 2844 1037 2914 quidquam
1072 2845 1387 2912 resciveris,
1424 2860 1603 2916 parua:
1629 2845 1907 2902 obnoxius

327 2951 438 2990 non
473 2949 556 2991 es.
612 2931 952 3005 lgnorationi
1004 2935 1209 3005 quippe
1245 2937 1575 2992 ascribcnda
1634 2952 1724 2992 res
1775 2938 1904 3003 erit,

327 3025 623 3124 non-gulae.
830 3027 1148 3124 percontari
1178 3026 1314 3098 quid
1362 3027 1518 3124 illud.
1540 3026 1786 3124 sitquod
1813 3042 1908 3098 ap-
1934 3066 1977 3124 ο

326 3117 582 3186 ponitur,
613 3116 756 3172 nihil
806 3117 957 3172 aliud
1004 3125 1089 3173 est
1126 3132 1292 3188 quam
1329 3117 1689 3175 conscientia:
1734 3126 1908 3175 mate-

327 3210 468 3263 riam
500 3209 844 3265 ministrare.
1713 3229 1720 3234 -

412 3298 579 3356 Vens.
620 3298 711 3356 26.
779 3319 798 3353 ι
855 3300 994 3357 Nam
1047 3299 1262 3358 Domini
1317 3306 1404 3357 est
1441 3307 1591 3355 terra
1619 3306 1674 3356 et
1723 3300 1905 3372 pleni-

326 3393 461 3449 tudo
503 3394 647 3464 ejus.
695 3413 715 3446 ι

402 3483 528 3541 Non
553 3485 974 3541 daemoniorum.
1002 3484 1159 3552 Quod
1183 3484 1230 3540 si
1263 3493 1436 3553 terra,
1469 3484 1684 3542 fructus
1716 3485 1905 3557 proin-

326 3577 423 3640 de,
464 3585 522 3632 et
567 3575 732 3648 bruta
775 3577 1104 3632 animantia.
1143 3574 1202 3629 Si
1240 3583 1422 3632 autem
1457 3577 1646 3631 omnia
1685 3576 1904 3634 Domini

319 3659 438 3740 98
485 3677 637 3733 sunt,
699 3670 836 3724 nihil
889 3684 1024 3741 ergo
1087 3669 1367 3739 impurum
1415 3679 1522 3726 est.
1572 3670 1900 3744 Quanquam

323 3762 589 3818 aliorsum
613 3761 894 3832 impurum
925 3761 1139 3832 aliquid
1185 3761 1247 3816 fit
1277 3763 1619 3834 cogitatione
1663 3773 1717 3821 et
1770 3765 1899 3822 ino-

325 3851 621 3909 bedieutia.

393 3942 565 3998 Vens.
590 3943 683 3998 2⁸1.
715 3959 737 3996 ι
799 3941 862 3998 Si
897 3944 1034 4015 quis
1091 3954 1253 4001 vocat
1304 3959 1404 4002 vos
1464 3945 1766 4003 infidelium
1791 3987 1806 4014 ,
1846 3957 1902 4006 et

321 4034 487 4091 vultis
517 4034 618 4101 ire,
639 4049 802 4091 otnne
839 4036 988 4107 quod
1018 4037 1316 4107 apponitur
1339 4037 1518 4104 vobis,
1540 4039 1896 4108 manducate,

321 4125 461 4182 nihil
502 4126 904 4198 interrogantes
935 4134 1162 4197 propter
1188 4128 1614 4184 conscientiam.
1657 4147 1675 4180 ι

389 4214 638 4275 Observa
675 4227 897 4274 rursum
940 4218 1268 4275 modestiam
1297 4220 1426 4274 viri.
1472 4218 1591 4275 Non
1627 4221 1893 4292 injunxit,
2011 4269 2015 4272 .

2002 4295 2096 4349 καὶ
2116 4293 2508 4364 ἐνομοθέτησεν
2539 4291 2781 4356 ἀπιέναι,
2813 4291 2935 4345 οὐδέ
2964 4288 3256 4345 ἐκώλυσεν.
3291 4290 3579 4354 ’Λπιόντας

321 4323 434 4364 non
479 4309 740 4381 praecepit
786 4310 1212 4376 discedendum,
1247 4311 1342 4366 sed
1387 4327 1565 4381 neque
1596 4313 1896 4382 prohibuit.

2081 1843 2263 1898 Εἰπὼν
2306 1843 2388 1895 ὅτι
2424 1839 2688 1894 ἀδύνατον
2723 1837 2986 1906 ποτήριον
3034 1833 3244 1904 Κυρίου
3286 1831 3464 1886 πίνειν
3494 1830 3593 1885 καὶ

2012 1935 2271 2006 ποτήριον
2322 1930 2641 2002 δαιμονίων,
2695 1929 2790 1982 καὶ
2841 1924 3098 1990 καθάπαξ
3143 1923 3453 1994 ἀπαγαγὼν
3479 1926 3591 1978 τῶν

2008 2024 2296 2099 τραπεζῶν
2335 2021 2577 2085 ἐκείνων,
2616 2020 2726 2074 ἀπὸ
2756 2017 3220 2091 παραδειγμάτων
3259 2018 3589 2086 Ἰουδαϊκῶν,

2008 2117 2116 2173 ἀπὸ
2139 2113 2415 2187 λογισμῶν
2441 2111 2820 2184 ἀνθρωπίνων,
2852 2110 2962 2165 ἀπὸ
2988 2110 3096 2163 τῶν
3129 2109 3446 2182 μυστηρίων
3478 2110 3592 2164 τῶν

2011 2206 2276 2280 φρικτῷν,
2313 2204 2421 2258 ἀπὸ
2449 2203 2558 2257 τῶν
2587 2204 2647 2256 ἐν
2680 2204 2796 2265 τοῖς
2830 2200 3070 2265 εἰδώλοις
3101 2201 3462 2272 τελουμένων,
3495 2203 3592 2256 καὶ

2009 2300 2178 2353 πολὺν
2210 2297 2375 2367 φόόον
2427 2294 2612 2360 αὐτοῖς
2672 2293 2870 2360 ἐνθεὶς,
2901 2293 2990 2348 ἴνα
3035 2293 3112 2364 μὴ
3138 2292 3218 2363 τῷ
3241 2293 3392 2364 φόϐῳ
3413 2293 3592 2361 τούτῳ
3628 2363 3633 2367 π

2009 2391 2175 2445 πάλιν
2205 2389 2285 2452 είς
2314 2387 2509 2459 ἑτέραν
2535 2387 2565 2427 Ιι
2599 2387 2799 2450 αὐτοὺς
2825 2385 3097 2457 ἐξωθὴσῃ,
3127 2384 3260 2438 ὡσεὶ
3289 2385 3386 2438 καὶ
3418 2385 3592 2454 ἀναγ-

2009 2477 2254 2533 κασθῶσι
2307 2475 2516 2528 πλείονι
2548 2474 2844 2546 περιεργίᾳ
2876 2473 2970 2526 τοῦ
3003 2473 3214 2536 δέοντος
3255 2473 3589 2545 χρήσασθαι,

2009 2568 2172 2639 ἀφεὶς
2207 2567 2407 2630 αὐτοὺς
2435 2566 2645 2637 ταύτης
2670 2567 2773 2636 τῆς
2801 2565 3050 2635 ἀνάγκης
3082 2563 3406 2638 ἐλευθέρους
3426 2605 3445 2630 ,
3486 2583 3593 2635 φη..

2011 2662 2124 2717 σίν·
2179 2659 2310 2716 Πᾶν
2341 2660 2408 2714 τὸ
2461 2661 2530 2714 ὲν
2557 2661 2847 2728 μακέλλῳ
2884 2659 3284 2729 πωλούμενον
3332 2659 3590 2721 ἐσθίετε,

2003 2753 2202 2824 μηδὲν
2219 2753 2671 2823 ἀνακρίνοντες.
2719 2750 2845 2805 Ἐάν
2871 2752 2980 2823 γάρ
3004 2791 3020 2817 ,
3049 2752 3236 2823 φησὶν,
3257 2751 3468 2820 ἀγνοῶν
3488 2750 3591 2820 φά-

2008 2865 2135 2920 γῃς,
2164 2847 2260 2900 καὶ
2292 2847 2367 2918 μὴ
2405 2846 2543 2918 ἴδῃς,
2583 2846 2683 2916 οὐχ
2710 2837 3002 2900 ὑπόκεισαι
3047 2845 3308 2918 τιμωρίᾳ.
3343 2845 3455 2915 Τῆς
3482 2844 3594 2916 γὰρ

2010 2938 2232 3008 ἀγνοίας
2279 2937 2342 2990 τὸ
2395 2938 2630 3008 πρᾶγμα
2673 2935 2881 3002 λοιπὸν,
2905 2937 2968 2990 οὐ
3001 2937 3099 3008 τῆς
3119 2936 3480 3008 λαιμαργίας.
3516 2933 3596 2988 Τὸ

2011 3031 2120 3101 γάρ
2150 3028 2438 3100 μανθάνειν
2463 3028 2525 3081 τὸ
2559 3029 2942 3100 προκείμενον,
2967 3030 2995 3083 ὅ
3015 3028 3068 3082 τί
3095 3029 3229 3083 ποτέ
3260 3030 3430 3096 ἐστιν,
3459 3043 3594 3081 ταυο

2009 3121 2098 3174 τόν
2134 3121 2250 3174 ἐστι
2279 3118 2378 3182 τὰς
2401 3119 2657 3189 ἀφορμάς
2686 3118 2886 3173 διδόναι
2914 3122 3013 3192 τῆς
3045 3119 3427 3191 συνειδήσεως.

2085 3317 2103 3352 ι
2130 3298 2238 3354 Τοῦ
2261 3296 2371 3370 γάρ
2399 3296 2609 3370 Κυρίου
2636 3298 2669 3368 ἠ
2708 3296 2803 3368 γῆ,
2833 3297 2927 3351 καὶ
2954 3296 3017 3351 τὸ
3037 3295 3313 3368 πλήρωμα
3340 3295 3530 3368 αὐτῆς.
3568 3317 3588 3351 ›

2078 3478 2212 3548 Οὐχὶ
2263 3477 2372 3533 τῶν
2400 3477 2715 3549 δαιμονίων.
2749 3477 2815 3530 Εἰ
2859 3476 2916 3530 δὲ
2945 3479 2979 3548 ἡ
3017 3477 3110 3549 γῆ,
3156 3478 3251 3532 καὶ
3283 3479 3334 3532 oi
3385 3481 3592 3550 καρποὶ

2005 3571 2101 3624 καὶ
2126 3570 2195 3624 τά
2223 3569 2417 3638 ἄλογα.
2454 3569 2518 3621 Et
2547 3569 2604 3622 δὲ
2636 3568 2806 3621 αὑτοῦ
2847 3569 3046 3635 πάντα,
3079 3568 3232 3623 οὐδὲν
3255 3569 3589 3640 ἀκάθαρτον,

2007 3661 2123 3716 ἀλλ’
2157 3659 2360 3730 ἑτέρως
2375 3658 2685 3730 ἀκάθαρτον
2715 3659 2947 3728 γίνεται,
2976 3659 3084 3713 ἀπὸ
3114 3658 3212 3729 τῆς
3241 3659 3478 3724 διανοίας
3494 3660 3592 3714 καὶ

2004 3753 2102 3824 τῆς
2131 3750 2435 3823 παρακοῆς.

2083 3951 2102 3984 ι
2142 3929 2203 3985 Ei
2229 3930 2286 3984 δέ
2316 3946 2399 3994 τις
2431 3929 2589 3983 καλεῖ
2633 3929 2781 4000 ὑμᾶς
2821 3927 2932 3982 τῶν
2966 3927 3239 3993 ἀπίστων,
3269 3928 3366 3982 καὶ
3396 3926 3585 3982 θέλετε

2004 4023 2375 4096 πορεύεσθαι,
2428 4023 2540 4076 πᾶν
2595 4020 2655 4074 τὸ
2683 4020 3116 4091 παρατιθέμενον
3169 4021 3298 4091 ὑμῖν
3347 4019 3580 4090 ἐσθίετε,

1887 4138 1898 4144 ·
2007 4113 2174 4185 μηδὲν
2213 4110 2599 4181 ἀνακρίνοντες
2629 4109 2720 4164 διὰ
2746 4108 2846 4181 τὴν
2877 4108 3203 4180 συνείδησιν.
3239 4127 3260 4161 ι

2076 4204 2219 4273 Ὅρα
2249 4201 2414 4256 πάλιν
2473 4199 2572 4272 τὴν
2632 4201 3001 4271 συμμετρίαν.
3056 4199 3132 4252 Ού
3168 4197 3278 4270 γάρ
3316 4197 3578 4264 ἐπέταξεν

326 4399 436 4456 Eos
477 4378 704 4470 quidem
734 4401 829 4471 qui
859 4401 1037 4456 velint
1057 4402 1231 4466 abire,
1255 4401 1324 4456 ab
1343 4378 1492 4457 omni
1511 4378 1702 4458 eximit
1729 4414 1896 4460 metu.

2024 4384 2062 4436 ῑέ
2085 4382 2248 4438 πάλιν
2280 4381 2614 4436 ἀπαλλάττει
2648 4379 2832 4451 πάσης
2852 4379 3107 4448 ὑποψίας.
3142 4378 3241 4432 Διά
3266 4379 3352 4446 τίς
3390 4379 3476 4435 ἵνα
3505 4380 3583 4450 μὴ

325 4491 510 4555 Quare
538 4492 712 4548 vero?
765 4507 836 4548 ne
871 4493 1149 4548 curiosior
1195 4492 1312 4548 haec
1349 4493 1633 4563 indagatio
1685 4494 1902 4552 timoris

2024 4475 2130 4548 ῑόξῃ
2157 4473 2324 4545 φόϐου
2381 4473 2526 4538 τινὸς
2571 4468 2713 4528 εἶναι
2745 4474 2779 4543 ἠ
2812 4472 3052 4540 τοσαύτη
3076 4471 3583 4543 πολυπραγμοσύνη

321 4581 614 4651 cujusdam
649 4587 705 4636 et
739 4581 1052 4637 formidinis
1085 4579 1342 4652 gﬂectum
1357 4595 1488 4636 esse
1513 4591 1825 4639 censeatur.

2024 4565 2094 4617 ιαὶ
2128 4563 2351 4627 δειλίας.

387 4670 556 4729 Vens.
586 4670 679 4736 28,
723 4672 816 4728 29.
857 4689 876 4724 ι
912 4671 972 4727 Si
1005 4651 1132 4742 quis
1163 4679 1347 4726 autem
1377 4670 1582 4725 dixerit
1613 4688 1626 4724 :
1655 4671 1769 4728 Hoc
1793 4674 1899 4727 im-

2076 4675 2094 4707 ι
2139 4655 2266 4708 Ἐάν
2291 4654 2348 4706 δέ
2378 4669 2462 4716 τις
2493 4653 2620 4723 ὑμῖν
2648 4651 2802 4724 εἴπῃ·
2836 4653 3007 4707 Τοῦτο
3037 4651 3386 4706 εἰδωλόθυτόν
3407 4652 3576 4714 ἐστιν,

309 4763 582 4819 uiolatum
616 4768 702 4820 est
751 4761 968 4818 idolis:
1021 4762 1198 4817 nolite
1249 4758 1618 4826 manducare,
1673 4771 1899 4833 propter

2024 4746 2078 4816 ιὴ
2112 4745 2346 4807 ἐσθίετε,
2382 4742 2448 4796 δι’
2478 4745 2686 4797 ἐκεῖνον
2708 4743 2801 4797 τὸν
2835 4744 3174 4815 μηνύσαντα,
3207 4743 3302 4796 καὶ
3328 4742 3429 4814 τὴν
3450 4759 3578 4795 συν-

316 4852 470 4906 illum
530 4851 627 4921 qui
692 4851 986 4917 indicavit,
1054 4859 1111 4907 et
1184 4859 1412 4922 propter
1465 4853 1890 4909 conscientiam.

313 4939 724 4998 Conscientiam
783 4949 968 4997 autem
1019 4941 1172 5006 dico,
1232 4954 1347 4996 non
1387 4947 1562 5006 tuam,
1611 4943 1709 4999 sed
1751 4946 1890 5000 alte-

317 5033 458 5089 rius.
496 5047 518 5084 ι

383 5122 504 5178 Νοη
563 5121 712 5178 enim
744 5129 1009 5193 tanquam
1040 5123 1150 5180 vim
1187 5124 1427 5182 habeant
1459 5125 1756 5197 quamdam
1799 5126 1893 5198 ju-

313 5213 404 5270 bet
437 5213 740 5284 abstinere,
779 5213 881 5270 sed
914 5222 1176 5286 tanquam
1217 5217 1287 5274 ab
1323 5216 1729 5274 abominandis.
1767 5219 1888 5275 Non

315 5318 448 5376 ergo
469 5319 535 5361 ea
564 5304 749 5374 fugias
798 5319 865 5360 ac
918 5306 965 5361 si
1012 5321 1214 5364 nocere
1251 5310 1467 5380 possint
1501 5331 1514 5364 :
1551 5309 1701 5364 nulla
1737 5311 1886 5365 enim

2024 5312 2350 5382 ιαταϐλάψαι
2406 5311 2612 5381 φεῦγεο
2666 5310 2923 5380 οὐδεμίαν
2974 5312 3082 5381 γὰρ
3129 5311 3346 5382 ἔχουσιν
3399 5311 3575 5385 ἰσχύν.
3654 5357 3716 5375 ης

311 5397 516 5452 virtute
554 5395 784 5468 praedita
818 5405 966 5452 sunt.
1026 5397 1514 5457 lndiscriminatim
1566 5401 1835 5471 particips
1867 5418 1885 5458 ε

377 5511 423 5544 ’⁸
483 5509 642 5565 Deut.
678 5527 851 5577 xxx",
907 5511 998 5566 at.

1997 4837 2225 4908 εἰδησιν.
2262 4833 2576 4905 Συνείδησιν
2603 4834 2661 4888 δὲ
2691 4834 2854 4904 λέγω,
2877 4835 3000 4906 οὐχὶ
3028 4834 3127 4906 τὴν
3157 4831 3581 4907 ἐμαυτοῦ,άλλά

1996 4928 2096 4998 τὴν
2125 4924 2220 4980 τοῦ
2251 4923 2460 4996 ἐτέρου.
2504 4943 2524 4978 ι

2066 5128 2202 5184 Οὐδὲ
2224 5129 2334 5200 γὰρ
2358 5128 2433 5192 ὡς
2479 5127 2714 5200 ἐχόντων
2755 5127 2930 5198 ἰσχὺν,
2983 5128 3099 5182 ἀλλ’
3140 5130 3217 5194 ὡς
3243 5129 3577 5202 ἐϐδελυγμέ-

2007 5238 2108 5276 νων
2150 5219 2454 5291 ἀπέχεσθαι
2506 5218 2744 5274 κελεύει.
2792 5219 2947 5290 Μήτε
2995 5219 3179 5274 τοίνυν
3199 5221 3276 5285 ὡς
3302 5220 3580 5292 δυνάμενα

2014 5404 2347 5476 ’Δδιαφόρως
2374 5403 2595 5475 μέτεχε·
2625 5401 2833 5473 ἐχθρῶν
2864 5401 2972 5475 γάρ
3004 5404 3151 5458 ἐστιν
3173 5403 3268 5459 καὶ
3294 5403 3580 5474 ἠτιμωμέ-

1625 5601 1862 5658 ΥᾹΒΙΑΞ
1908 5604 2306 5664 LECTIONES.

388 5693 419 5744 ιι
443 5691 606 5753 Deest
634 5695 902 5770 ἀμετρίαν
930 5693 1286 5772 °_su_pplenda
1315 5709 1416 5752 vox
1454 5710 1520 5750 ex
1552 5692 1844 5762 Chrysort.
