3972 6434
323 353 417 419 663

1469 352 1551 412 IN
1591 351 1830 413 EPIST.
1867 349 1966 409 AD
1993 348 2356 409 CORINTH.
2399 348 2448 407 Ι.

3459 353 3567 419 εει

323 478 417 514 νων
459 455 729 528 τράπεζα.
760 457 852 512 Διὸ
888 455 1077 525 ἔλεγε,
1123 457 1225 512 Διὰ
1249 457 1354 513 τὸν
1368 459 1734 528 μηνύσαντα
1786 457 1885 512 καὶ

2012 471 2181 513 sensa
2214 456 2420 525 quippe
2467 452 2824 514 inimicorum
2858 464 2967 523 est,
3015 462 3072 514 et
3116 462 3437 514 notatorum
3474 461 3563 517 in-

322 550 425 620 τὴν
445 550 834 619 συνείδησιν,
871 549 960 605 ἵνα
998 550 1074 622 μὴ
1113 549 1310 621 βλαόᾗ.

388 748 406 783 ι
445 730 565 783 ἰνα
593 728 646 782 τί
668 726 779 802 γὰρ
803 729 838 800 ἡ
867 727 1152 800 ἐλευθερία
1178 744 1281 800 μου
1316 727 1565 800 κρίνεται
1585 727 1691 782 ὑπὸ
1720 728 1887 799 ἄλλης

322 820 671 891 συνειδήσεως
695 837 710 887 ;
748 838 767 872 ι

393 910 736 982 Ἐλευθερίαν
773 911 835 969 τὸ
876 913 1308 985 ἀπαρατήρητον
1353 912 1449 968 καὶ
1479 911 1760 968 ἀκώλυτον
1794 911 1887 967 λέ·-

318 1017 440 1071 γων.
488 999 663 1054 Τοῦτο
703 999 813 1072 γὰρ
839 1001 1126 1072 ἐλευθερία
1174 1003 1347 1069 ἐστὶν,
1388 1000 1685 1074 Ἰουδαϊκῆς
1708 1000 1887 1071 ἀπηλ-

315 1093 586 1165 λαγμένης
615 1093 884 1158 δουλείας.
915 1096 980 1148 ’Ὀ
1010 1094 1068 1148 δὲ
1086 1094 1235 1164 λέγει
1261 1094 1501 1150 τοιοῦτόν
1522 1095 1690 1148 ἐστιν·
1708 1092 1889 1148 Ἐλεύ-
1926 1132 1947 1143 ..

316 1184 463 1257 θερόν
486 1202 555 1256 με
582 1185 885 1256 πεποίηκεν
911 1187 940 1240 6
970 1186 1124 1261 Θεὸς,
1157 1186 1253 1241 καὶ
1280 1185 1464 1257 πάσης
1498 1185 1708 1258 βλάἧης
1738 1185 1885 1240 ἀνώ-

314 1293 483 1348 τερον,
514 1275 630 1330 ἁλλ’
656 1277 759 1332 οὐκ
778 1272 919 1333 οἶδεν
947 1279 977 1334 6
1005 1278 1206 1349 Ἕλλην
1236 1277 1481 1343 δικάζειν
1500 1280 1570 1349 τῇ
1603 1278 1710 1348 ἐμῇ
1739 1276 1885 1348 φιλο-

317 1370 494 1442 σοφία,
527 1370 650 1424 οὐδὲ
683 1371 782 1442 τὴν
809 1370 907 1426 τοῦ
939 1370 1213 1425 Δεσπὸτου
1260 1387 1367 1441 μου
1413 1366 1723 1440 φιλοτιμίαν
1757 1386 1884 1424 συν-

313 1463 411 1534 ορᾷ
433 1477 448 1491 ·
487 1460 624 1516 ἀλλὰ
658 1444 1112 1530 καταγνώσεται,
1145 1461 1240 1517 καὶ
1268 1461 1386 1531 ὲρεῖ
1413 1459 1551 1532 πρὸς
1580 1459 1766 1524 αὐτὸν,
1807 1459 1884 1521 ὡς

311 1551 592 1617 δοκοῦντες
647 1552 950 1622 ἀπέχεσθαι
1000 1551 1108 1607 τῶν
1163 1549 1420 1617 εἰδώλων,
1479 1546 1590 1606 τῶν
1648 1548 1877 1614 ἐκείνοις

311 1642 732 1715 προσαγομένων
759 1643 996 1715 ἔχονται.

1990 548 2180 604 famia.
2214 547 2588 615 Quamobrem
2623 549 2699 603 ait
2727 566 2741 603 :
2798 549 3023 620 Propter
3056 551 3212 605 illum
3234 552 3327 622 qui
3356 551 3570 607 indica~

1988 641 2082 705 ait,
2116 651 2164 697 et
2185 650 2397 710 propter
2422 639 2834 704 conscientiam,
2865 657 2933 698 ne
2963 642 3217 698 laedatur.

2066 752 2087 785 ι
2124 732 2197 788 Ut
2224 732 2359 803 quid
2381 731 2532 789 enim
2559 731 2787 790 libertas
2819 747 2941 790 mea
2976 733 3255 803 iudicatur
3285 735 3566 793 ab‘alicna

1991 822 2381 883 conscientia?
2416 842 2435 876 ι

2059 916 2398 973 Libertatem
2425 924 2611 980 vocat,
2637 914 2779 972 nihil
2809 916 3201 987 scrupulosius
3247 922 3567 990 percontari

1987 1013 2043 1061 et
2070 1021 2100 1060 a
2131 1006 2282 1063 nulla
2307 1022 2370 1064 re
2391 1006 2691 1078 prohiberi.
2723 1007 2982 1064 Libertas
3016 1008 3222 1080 quippe
3249 1011 3390 1066 nihil
3413 1011 3570 1069 aliud

1988 1102 2094 1162 est,
2129 1110 2296 1167 quam
2355 1109 2387 1150 a
2439 1094 2670 1153 iudaica
2733 1096 3002 1152 servitute
3060 1096 3365 1153 immunem
3421 1114 3567 1157 esse.

1987 1183 2122 1255 Ejus
2177 1192 2363 1240 autem
2414 1185 2549 1241 dicti
2608 1185 2699 1241 hic
2760 1200 2959 1243 sensus
3012 1178 3424 1243 est:Liberum
3480 1203 3572 1246 me

1987 1272 2119 1332 fecit
2145 1275 2310 1341 Deus,
2334 1285 2391 1331 et
2413 1277 2570 1333 omni
2595 1275 2802 1332 damno
2829 1278 3216 1348 superiorem;
3249 1279 3346 1335 sed
3372 1279 3471 1350 qui
3502 1295 3568 1336 ex

1986 1364 2242 1435 gentibus
2269 1372 2378 1431 est,
2411 1366 2482 1423 de
2511 1380 2632 1422 mea
2665 1366 3015 1438 philosophia
3057 1366 3205 1424 ferre
3234 1370 3570 1425 sententiam

1987 1455 2187 1523 nescit,
2223 1469 2327 1512 nec
2356 1456 2574 1512 Domini
2608 1457 3089 1529 magnificentiam
3132 1459 3433 1530 intelligit,
3477 1474 3573 1515 re.

1986 1559 2111 1601 rum
2143 1547 2563 1613 condemnabit,
2597 1547 2853 1618 dicetque
2889 1549 3036 1618 apud
3076 1563 3139 1605 se
3177 1549 3311 1607 illos
3339 1550 3433 1621 qui
3463 1549 3572 1606 sibi

1988 1637 2243 1692 videntur
2275 1639 2555 1697 abstinere
2585 1641 2655 1696 ab
2700 1641 2886 1709 idolis,
2928 1656 3016 1698 res
3060 1648 3250 1698 tamen
3293 1656 3419 1714 qua
3451 1643 3569 1700 illis

1988 1727 2294 1783 offeruntur
2322 1733 2655 1787 consectari.

378 1839 401 1873 ‹
426 1822 490 1876 Εἰ
517 1820 628 1891 ἐγὼ
664 1821 849 1894 χάριτι
892 1822 1128 1894 μετέχω,
1166 1824 1220 1877 τί
1270 1822 1705 1897 βλασφημοῦμαι
1741 1824 1885 1895 ὑπὲρ

2061 1816 2229 1875 Vens.
2260 1820 2371 1886 30,
2417 1821 2508 1876 51.
2554 1841 2575 1874 ι
2633 1821 2691 1876 Si
2724 1836 2828 1895 ego
2859 1837 2986 1878 cum
3028 1823 3216 1894 gratia
3264 1826 3565 1897 participo,

311 1905 368 1968 οῦ
418 1910 528 1983 ἐγὼ
562 1913 905 1985 εὐχαρ,ιστῶ;
942 1915 1054 1968 εἴτε
1089 1909 1181 1969 οῦν
1233 1915 1471 1978 ἐσθίετε,
1512 1917 1625 1970 εἴτε
1674 1915 1882 1982 πίνετε,

309 2004 416 2059 εἴτε
441 2021 493 2058 τι
526 2004 757 2070 ποιεῖτε,
786 2004 966 2059 πάντα
995 2007 1076 2070 είς
1103 2005 1261 2072 δόξαν
1290 2005 1429 2061 Θεοῦ
1454 2009 1683 2062 ποιεῖτε.
1721 2025 1741 2061 ι

372 2183 530 2247 Τίνος
574 2182 792 2255 μετέχει
820 2177 1027 2256 χάριτῖ,
1071 2184 1106 2256 ἢ
1133 2184 1241 2239 τῶν
1270 2183 1363 2239 τοῦ
1389 2183 1527 2240 Θεοῦ
1564 2184 1814 2256 δωρεῶν;
1848 2187 1883 2258 η

310 2277 416 2350 γὰρ
446 2276 608 2349 χάρις
636 2274 803 2330 αὐτοῦ
825 2274 1089 2348 τοσαύτη,
1123 2275 1202 2341 ὡς
1228 2276 1638 2332 κατασκευάσαι
1658 2276 1757 2348 τὴν
1781 2275 1886 2347 ψυ-
1919 2325 1927 2333 .

311 2369 407 2441 χὴν
439 2366 764 2439 ἀμόλυντον,
797 2367 894 2423 καὶ¹
930 2369 1212 2441 ἀνωτέραν
1239 2369 1421 2441 πάσης
1449 2368 1688 2439 κηλίδος.

378 2477 400 2512 r
443 2457 810 2529 ’Δπρόσκοποι
863 2458 1105 2527 γίνεσθε,
1165 2459 1261 2513 καὶ
1302 2457 1601 2523 Ἰουδαίοις,
1632 2457 1727 2511 καὶ
1757 2456 1885 2511 ’Έλ-

309 2550 449 2620 λησι,
479 2550 575 2606 καὶ
599 2551 666 2621 τῇ
709 2549 1011 2621 Ἐκκλησία
1042 2548 1137 2604 τοῦ
1170 2548 1328 2604 Θεοῦ.
1368 2569 1388 2603 ι
1432 2534 1443 2545 ’

377 2641 694 2708 Τουτέστιν,
724 2641 1014 2714 Μηδεμίαν
1033 2641 1304 2714 παρέχετε
1335 2642 1540 2714 βλάϐην
1576 2641 1787 2714 μηδενί.
1811 2641 1884 2696 Οὐ

311 2746 415 2803 γαρ
440 2729 602 2802 μόνον
640 2729 906 2800 ἀδελφοὺς
931 2730 993 2784 ού
1022 2729 1105 2785 δεῖ
1138 2731 1422 2806 πλήττειν,
1458 2731 1573 2786 ἀλλ’
1598 2731 1722 2786 οὐδὲ
1761 2731 1889 2794 τοὺς

314 2819 530 2887 ἔξωθεν.
802 2826 809 2832 ’

383 2933 405 2965 r
434 2913 632 2978 Καθὼς
660 2914 819 2983 κάγὼ
863 2914 1042 2970 πάντα
1091 2914 1261 2969 πᾶσιν
1312 2914 1554 2986 ἀρέσκω,
1597 2914 1673 2987 μὴ
1708 2915 1889 2986 ζητῶν

312 3006 372 3059 τδ
405 3006 642 3077 ἐμαυτοῦ
671 3005 973 3079 συμφέρον,
1002 3005 1139 3068 ἀλλὰ
1165 3005 1227 3060 τὸ
1256 3004 1364 3060 τῶν
1392 3004 1628 3072 πολλῶν,
1671 3004 1761 3060 ἵνα
1784 3022 1890 3059 σω-

314 3096 467 3152 θόὗσι.
513 3116 533 3149 ι

897 3231 1155 3286 ΚΕΦΑΔ.
1203 3232 1309 3285 IA'.

388 3385 409 3419 ι
448 3365 701 3438 Μιμηταί
733 3382 838 3438 μου
868 3364 1112 3435 γίνεσθε,
1138 3365 1215 3430 ὡς
1246 3365 1403 3438 κάγὼ
1432 3363 1693 3439 Χριστοῦ.
1735 3385 1753 3419 ι

394 3543 617 3615 Ἐπειδὴ
639 3540 973 3607 ὑπευθύνους
999 3544 1198 3611 αὐτοὺς
1218 3544 1497 3614 ἐποίησεν,
1534 3543 1630 3599 καί
1654 3544 1752 3616 τῆς
1784 3543 1897 3598 τῶν

325 3636 592 3710 Ἐλλήνων
618 3636 845 3709 βλάϐης,
893 3638 989 3690 καὶ
1016 3639 1116 3709 τῆς
1144 3637 1252 3692 τῶν
1295 3636 1593 3704 Ἰουδαίων,
1627 3638 1723 3691 καὶ
1753 3635 1893 3708 βαρὺ

315 3729 374 3782 τὺ
425 3729 718 3799 λεγόμενον
761 3724 852 3800 ἦν,
885 3729 1319 3800 -εύπαράδεκτον
1348 3728 1481 3784 αὐτὸ
1533 3727 1630 3783 καὶ
1686 3727 1894 3797 κοῦφον

315 3823 458 3875 ποιεῖ
482 3820 637 3888 αὐτὸ,
668 3823 751 3885 είς
784 3820 948 3891 μέσον
977 3821 1171 3876 ἑαυτὸν
1197 3820 1347 3890 ἄγων
1373 3860 1390 3887 ,
1420 3821 1516 3876 καὶ
1559 3819 1620 3875 τὸ
1660 3820 1773 3876 τῶν
1801 3819 1897 3876 ἄλ-

311 3912 419 3967 λων
444 3915 723 3985 συμφέρον
753 3913 928 3983 λέγων
957 3915 1163 3989 ζητεῖν.
1191 3914 1254 3969 '0
1279 3914 1390 3988 γὰρ
1415 3915 1596 3969 κανών
1636 3914 1754 3968 ἐστι
1801 3911 1895 3968 τοῦ

312 4005 650 4061 τελειοτάτου
680 4007 1033 4079 Χριστιανοῦ,
1080 4008 1178 4063 καὶ
1206 4007 1331 4080 ὅρος
1364 4007 1769 4080 ὴκριόωμένος,
1801 4007 1897 4062 καὶ

315 4098 637 4169 ήάνωτάτω
678 4097 916 4171 κορυφὴ,
951 4098 1014 4152 τὸ
1048 4100 1202 4171 κοινῇ
1236 4097 1520 4171 συμφέρον
1544 4096 1751 4166 ζητεῖν.
1783 4096 1895 4151 Καὶ

313 4189 463 4243 οὐδὲν
516 4189 663 4244 οὕτω
694 4190 920 4246 δύναται
982 4192 1208 4261 ποιῆσαι
1242 4189 1477 4261 μίμησιν
1508 4185 1603 4241 τοῦ
1630 4185 1894 4257 Χριστοῦ,

316 4279 388 4344 ὠς
422 4279 485 4336 τὸ
532 4279 797 4350 κήδεσθαι
833 4281 942 4335 τῶν
972 4279 1223 4352 πλησίον.
1253 4279 1346 4334 Διδ
1371 4278 1452 4346 τδ,
1483 4279 1746 4349 Mummi
1770 4295 1894 4349 μου

315 4370 573 4440 γίνεσθε,
598 4371 960 4444 προσέθηκεν.

385 4570 406 4604 ι
441 4550 683 4607 Ἐπαινῶ
710 4550 768 4604 δὲ
802 4550 969 4622 ὑμᾶς,
1011 4549 1255 4621 ἀδελφοὶ,
1289 4549 1374 4603 δτι
1411 4548 1590 4604 πάντα
1642 4568 1746 4622 μου
1796 4551 1893 4623 μέ-

318 4645 540 4717 μνησθε,
575 4644 677 4698 καὶ
700 4640 888 4705 καθὼς
928 4640 1226 4712 παρέδωκα
1246 4641 1398 4712 ὑμῖν,
1426 4641 1528 4706 τὰς
1556 4642 1893 4713 παραδόσεις

315 4736 594 4807 κατέχετε.
622 4734 774 4790 Θέλω
798 4733 858 4788 δὲ
889 4734 1034 4805 ὑμᾶς
1079 4732 1302 4801 εἰδέναι,
1336 4734 1434 4813 ’ὅτι
1463 4733 1667 4796 παντὸς
1700 4732 1894 4804 ἀνδρὸς

316 4828 349 4896 ἡ
376 4826 589 4899 κεφαλὴ
615 4827 645 4881 6
681 4824 919 4898 Χριστός
967 4827 1154 4879 ἐστιν’
1204 4824 1418 4897 κεφαλὴ
1464 4824 1522 4881 δὲ
1576 4824 1838 4894 γυναικδς
1867 4825 1896 4877 6

318 4921 481 4992 dvﬁp’;
510 4919 727 4993 κεφαλὴ
751 4917 808 4972 δὲ
836 4916 1076 4989 Χριστοῦ
1108 4920 1137 4971 6
1164 4917 1319 4980 Θεός.
1350 4936 1368 4969 ι

398 5011 737 5085 ’Δπαρτίσας
765 5011 834 5066 τὰ
864 5009 995 5081 περὶ
1027 5009 1138 5063 τῶν
1170 5008 1565 5077 εἰδωλοθύτων,
1605 5006 1768 5080 λόγον
1808 5009 1895 5079 ἐφ’

318 5103 501 5176 ἕτερον
537 5103 802 5177 μέτεισιν,
837 5102 901 5158 τὸ
959 5100 1034 5175 μὴ
1069 5101 1171 5167 τὰς
1217 5103 1490 5173 γυναῖκας
1537 5102 1896 5158 ἀκατακαλύ-

321 5212 465 5262 πτως
491 5194 770 5269 εὔχεσθαι,
802 5194 837 5269 ἦ
871 5195 1262 5268 προφητεύειν,
1287 5195 1384 5250 καὶ
1416 5185 1480 5249 τὸ
1520 5194 1601 5270 μὴ
1629 5196 1758 5259 τοὺς
1799 5196 1899 5252 ἄν·

320 5283 447 5357 ερας
474 5286 671 5358 κομᾷν.
700 5285 841 5356 Ἤδη
878 5284 937 5340 δὲ
967 5280 1037 5357 ἦν
1077 5285 1172 5339 καὶ
1200 5283 1334 5357 περὶ
1379 5283 1587 5341 τούτων
1630 5286 1900 5359 παραινέ-

324 5393 439 5444 σας,
468 5379 550 5433 διὸ
596 5377 693 5433 καὶ
740 5376 1104 5451 μνημονεύειν
1155 5378 1351 5443 αὐτούς
1408 5395 1577 5452 φησιν
1623 5378 1817 5447 αὐτοῦ,
1847 5382 1896 5434 εί

324 5471 415 5526 καὶ
441 5471 515 5544 μὴ
540 5471 743 5537 πάντες
770 5471 1021 5537 ἐδέξαντο
1055 5468 1152 5543 τὴν
1174 5470 1534 5544 παραίνεσινέ

392 5670 414 5706 ι
439 5651 554 5717 Πᾶς
577 5649 728 5723 ’ἀνὴρ
763 5649 1205 5723 προσευχόμενος
1325 5652 1710 5725 προφητεύων,
1749 5656 1896 5708 κατὰ

322 5744 559 5817 κεφαλῆς
588 5743 750 5818 lxi»,
777 5743 1131 5815 καταισχύνει
1161 5743 1262 5814 τὴν
1293 5743 1538 5816 κεφαλὴν
1568 5745 1756 5830 αὑτοῦ.
1787 5766 1807 5801 ι

1987 1910 2121 1981 quid
2153 1910 2505 1981 blasphemor
2551 1927 2653 1983 pro
2701 1928 2768 1970 eo
2815 1913 2963 1985 quod
3014 1915 3226 1985 gratias
3270 1917 3418 1987 age?
3452 1918 3574 1973 sive

1987 2016 2121 2072 ergo
2152 2001 2524 2069 manducatis,
2562 2003 2681 2060 sive
2722 2002 2940 2068 bibitis,
2976 2003 3099 2062 sive
3126 2004 3283 2062 aliud
3314 2004 3453 2078 quid
3487 2005 3573 2062 fa-

1985 2094 2139 2159 citis,
2178 2093 2369 2150 omnia
2403 2094 2460 2149 in
2498 2094 2731 2165 gloriam
2763 2094 2863 2151 Dei
2900 2093 3081 2152 facite.
3124 2114 3145 2150 ι

2060 2182 2368 2251 Quamnam
2394 2184 2518 2256 ipse
2547 2186 2780 2256 gratiam
2809 2185 3133 2258 participat,
3161 2186 3267 2245 nisi
3299 2186 3573 2244 donorum

1990 2275 2128 2333 Dei?
2155 2284 2309 2333 tanta
2337 2276 2487 2337 enim
2522 2276 2702 2349 gratia
2740 2276 2864 2347 eius
2888 2286 2996 2345 est,
3021 2285 3084 2334 ut
3115 2280 3360 2335 animam
3393 2292 3425 2334 ι
3449 2293 3575 2334 tua--

1991 2366 2132 2424 culis
2164 2355 2426 2424 mundam
2460 2366 2684 2432 efﬁciat,
2724 2368 3019 2441 omnisque
3047 2368 3232 2426 sordis
3260 2377 3572 2440 expertem.

2059 2456 2227 2516 Vens.
2274 2457 2365 2517 32.
2413 2477 2438 2512 ι
2485 2457 2618 2516 Sine
2669 2454 2978 2517 offensione
3022 2468 3202 2518 estote
3252 2459 3491 2529 ludatis,
3518 2469 3577 2517 et

1986 2545 2217 2617 Graecis,
2249 2556 2304 2602 et
2337 2547 2607 2604 Ecclesiae
2654 2547 2768 2604 Dei.
2809 2566 2831 2600 ι

2062 2638 2121 2692 ld
2154 2645 2259 2704 est,
2296 2639 2512 2694 nullum
2535 2637 2857 2710 cuicunque
2893 2640 3158 2697 damnum
3196 2639 3421 2697 inferte.
3451 2637 3579 2697 Non

1990 2729 2171 2786 solum
2203 2732 2352 2787 enim
2392 2731 2594 2788 fratres
2635 2746 2745 2787 non
2787 2738 3007 2804 oportet
3045 2732 3346 2802 lacessere,
3377 2747 3572 2790 verum

1990 2823 2158 2877 etiam
2192 2830 2470 2880 externos.

2067 2911 2234 2969 Vens.
2286 2913 2378 2969 '53.
2415 2931 2436 2966 ι
2476 2913 2638 2971 Sicut
2669 2923 2725 2970 et
2747 2929 2848 2987 ego
2882 2930 2983 2986 per
3008 2916 3195 2972 omnia
3215 2916 3434 2988 placeo,
3463 2930 3579 2973 non

1993 3016 2252 3073 quaerens
2280 3004 2430 3075 quod
2459 3006 2591 3061 mihi
2620 3006 2754 3063 utile
2793 3013 2908 3074 est,
2944 3007 3042 3063 sed
3079 3007 3232 3078 quod
3266 3006 3479 3075 multis,
3510 3016 3576 3066 ut

1918 3133 1964 3191 ϐ
1999 3094 2139 3151 salvi
2167 3093 2322 3150 fiant.
2360 3115 2382 3148 ι

2632 3227 2791 3283 CAP.
2842 3227 2940 3283 XI.

2068 3358 2237 3415 Vens.
2278 3361 2327 3416 i.
2379 3377 2400 3411 ι
2446 3357 2756 3417 imitatores
2793 3359 2901 3416 mei
2940 3366 3141 3427 estote,
3185 3358 3333 3417 sicut
3376 3367 3434 3418 et
3476 3375 3583 3435 ego

1998 3447 2227 3506 Christi.
2258 3469 2276 3501 ι
2730 3451 2733 3454 ⁴

2068 3539 2343 3608 Quoniam
2368 3557 2494 3600 reos
2521 3542 2646 3600 illos
2686 3542 2895 3600 fecerat
2922 3543 3060 3598 illati
3088 3558 3216 3600 cum
3254 3544 3580 3618 gentilibus,

2002 3640 2120 3688 tum
2148 3631 2356 3689 Judaeis
2383 3628 2876 3711 detrimenti,'tum
2909 3649 3075 3706 grave
3108 3650 3236 3693 esse
3260 3636 3408 3708 quod
3451 3645 3587 3695 ante

1996 3724 2237 3793 dixerat,
2271 3725 2378 3782 hoc
2410 3726 2596 3798 ipsum
2643 3726 2821 3798 magis
2861 3734 3147 3799 acceptum
3178 3716 3235 3784 et
3261 3728 3425 3787 facile
3452 3712 3599 3787 red?

1999 3814 2102 3882 dit,
2136 3832 2264 3873 cum
2295 3818 2542 3889 seipsum
2578 3817 2639 3873 in
2679 3816 2921 3875 medium
2970 3819 3253 3891 proponit,
3283 3829 3586 3893 monetque

1998 3914 2063 3961 ut
2086 3906 2237 3978 quod
2272 3906 2396 3964 aliis
2425 3907 2801 3965 emolumento
2841 3908 2936 3977 sit,
2967 3920 3243 3979 quaerant.
3284 3909 3414 3967 Haec
3434 3914 3584 3969 enim

1995 4007 2081 4053 est
2110 3995 2505 4069 perfectissimi
2528 3998 2837 4055 Christiani
2876 4014 3095 4065 norma,
3132 4002 3586 4058 accuratissim:-

1996 4102 2105 4159 que
2134 4088 2361 4160 regula,
2411 4097 2469 4145 ct
2508 4103 2828 4159 supremum
2879 4087 3107 4145 virtutis
3155 4087 3479 4162 fastigium,
3515 4106 3586 4149 ea

1996 4197 2241 4251 quaerere
2269 4196 2393 4253 quae
2442 4182 2724 4237 communi
2772 4181 2999 4238 utilitati
3056 4183 3368 4242 conferant.
3400 4182 3585 4240 Nihil-

1994 4288 2105 4345 que
2134 4272 2215 4328 sic
2250 4278 2432 4343 potest
2482 4270 2787 4328 imitatores
2826 4268 3041 4329 Christi
3093 4270 3300 4341 facere,
3347 4282 3408 4330 ut
3448 4289 3586 4330 cura

1994 4364 2260 4437 proximi.
2335 4363 2607 4433 Quocirca
2688 4362 2938 4421 subdidit
3001 4382 3014 4419 :
3100 4363 3409 4421 imitatores
3482 4369 3585 4429 mei

1926 4478 1973 4534 ι)
2003 4466 2190 4513 estote.

2067 4544 2180 4623 99
2216 4548 2382 4607 Vens.
2406 4548 2461 4616 2,
2482 4550 2569 4605 5.(
2599 4547 2786 4605 Laudo
2810 4555 2994 4605 autem
3024 4563 3147 4615 vos,
3177 4549 3398 4615 fratres,
3435 4552 3586 4621 quod

1997 4658 2097 4714 per
2125 4639 2439 4696 omnia‘mei
2465 4654 2741 4696 memores
2756 4639 2918 4705 estis,
2937 4647 2992 4695 et
3017 4640 3160 4696 sicut
3184 4639 3384 4695 tradidi
3402 4642 3583 4708 vobis,

1998 4740 2273 4804 praecepta
2330 4747 2452 4788 mea
2527 4730 2750 4788 tenetis.
2808 4731 2947 4786 Voio
3025 4740 3211 4787 autem
3261 4746 3360 4788 vos
3414 4733 3580 4799 scire,

2000 4824 2147 4896 quod
2171 4824 2354 4881 omnis
2383 4824 2489 4878 viri
2523 4830 2691 4893 caput
2715 4822 2974 4879 Christus
3024 4831 3131 4890 est,
3182 4831 3347 4895 caput
3397 4830 3585 4881 autem

2000 4915 2271 4981 mulieris,
2303 4914 2387 4969 vir
2416 4932 2431 4969 :
2463 4922 2630 4986 caput
2661 4928 2792 4970 vero
2821 4914 3056 4982 Christi,
3083 4914 3249 4973 Deus.
3280 4934 3300 4969 ι

2070 5006 2402 5064 Constitutis
2459 5020 2585 5078 quae
2661 5004 2730 5062 ad
2796 5020 2993 5064 carnes
3056 5007 3219 5064 idolis
3277 5008 3587 5065 immolatos

2002 5090 2354 5172 spectabant,
2388 5097 2461 5155 ad
2497 5101 2604 5155 alia
2665 5113 2978 5156 sermonem
3003 5097 3285 5169 transfert;
3307 5107 3439 5172 puta
3472 5115 3587 5158 non

2004 5192 2206 5249 debere
2246 5190 2514 5247 mulieres
2567 5201 2778 5248 retecto
2830 5191 3014 5261 capite
3035 5204 3198 5247 orare
3224 5191 3309 5247 vel
3342 5192 3585 5263 prophe-
3638 5258 3645 5263 θ

2004 5291 2148 5349 tare,
2199 5297 2304 5339 nec
2333 5283 2487 5338 viros
2540 5296 2757 5339 comam
2794 5283 3036 5339 nutrire.
3060 5280 3181 5338 iam
3212 5282 3425 5355 pridem
3456 5297 3591 5338 vero

2005 5373 2075 5432 de
2131 5375 2257 5433 istis
2307 5381 2601 5431 monuerat
2626 5391 2643 5440 ;
2668 5381 2836 5445 atque
2868 5373 3078 5431 idcirco
3095 5373 3176 5430 ait
3219 5387 3319 5430 eos
3351 5373 3438 5429 sui
3474 5388 3593 5429 me-

2006 5482 2189 5524 mores
2215 5464 2363 5534 esse,
2394 5467 2501 5524 etsi
2532 5467 2657 5536 )non
2688 5478 2881 5521 omnes
2912 5463 3347 5521 admonitionem
3394 5477 3589 5522 susce-
3621 5436 3643 5509 ί

2009 5567 2226 5632 perant.
2820 5570 2825 5574 ’

2076 5649 2245 5710 Vsus.
2270 5652 2326 5709 ι.
2361 5670 2381 5706 ι
2416 5651 2609 5709 Omnis
2623 5662 2711 5707 vn'
2737 5665 2908 5707 orans
2927 5657 3023 5706 aut
3040 5642 3375 5721 prophetans
3398 5647 3581 5707 velato

1999 5743 2475 5848 capite,‘dcturpa'
2513 5751 2680 5817 caput
2701 5756 2882 5801 suum.
2904 5760 2924 5796 ι
