3972 6410
291 359 399 425 0ῧῦ

1494 354 1553 414 S.
1593 350 1913 412 JOANNIS
1952 348 2383 410 DAMASCENI

3449 349 3553 414 656

367 467 629 538 Symbola
651 465 778 522 viro
802 480 903 523 nec
939 481 1049 522 non
1081 465 1300 522 mulieri
1349 465 1477 522 data
1508 474 1660 530 sunt,
1697 478 1871 533 eaque

2045 462 2302 533 Σύμϐολα
2325 461 2532 518 δέδοται
2555 464 2710 534 ἀνδρὶ
2732 464 2827 519 καὶ
2854 463 3099 534 γυναικὶ,
3126 461 3297 517 πολλὰ
3329 462 3428 534 μὲν
3458 465 3554 516 καὶ

293 560 465 615 multa
517 569 565 615 el
603 559 822 614 diversa
855 577 868 612 :
906 559 984 612 illi
1034 558 1261 629 quidem
1324 557 1709 623 auctoritatis;
1739 556 1871 610 huic

298 652 658 722 subjectionis
695 666 708 702 :
745 651 802 704 in
841 651 1041 720 quibus
1067 658 1123 705 et
1151 649 1298 706 istud
1331 656 1437 714 est,
1462 658 1520 703 ut
1561 649 1676 703 hate
1703 656 1871 716 caput

297 745 597 807 obvelaret,
653 742 743 797 ille
770 749 953 798 autem
980 741 1244 798 nudaret.
1293 742 1349 796 Si
1381 741 1549 812 igitur
1582 741 1698 794 haec
1720 754 1869 810 synt-

297 842 420 896 liola
458 848 609 908 sunt,
643 839 860 910 utrique
885 844 1118 908 peccant
1146 837 1191 892 si
1222 836 1474 891 ordinem
1497 833 1867 899 confundunt,

294 931 612 988 etdivinum
659 929 972 984 institutum
1005 927 1377 997 prapriosque
1408 925 1678 980 terminos
1711 937 1871 979 exce-

294 1025 433 1078 dunt
468 1041 480 1077 :
525 1023 599 1078 ita
644 1028 703 1075 ttt
729 1021 819 1075 ille
851 1019 1072 1089 quidem
1110 1018 1164 1071 in
1218 1017 1486 1071 vilitatem
1520 1016 1668 1070 illius
1688 1015 1871 1085 prola-

294 1118 491 1181 batur;
522 1113 641 1169 haec
695 1127 825 1168 vero
879 1111 1066 1165 habitu
1112 1123 1215 1165 suo
1243 1115 1436 1164 contra
1482 1107 1658 1164 virum
1685 1109 1869 1163 insur-

295 1217 407 1276 gat.

364 1297 532 1352 Vens.
560 1297 613 1360 5,
642 1295 695 1350 6.
723 1313 741 1346 ι
775 1293 963 1350 Omnis
988 1292 1182 1347 mulier
1213 1306 1383 1347 orans
1410 1301 1504 1346 aut
1526 1289 1871 1360 prophetans

298 1405 405 1442 non
466 1388 646 1441 velato
706 1386 905 1454 capite,
947 1383 1206 1451 deturpat
1244 1391 1410 1452 caput
1441 1396 1603 1437 suum
1647 1393 1880 1442 annum

295 1482 444 1535 enim
470 1488 555 1535 est
591 1493 656 1533 ac
690 1477 734 1532 si
761 1476 1098 1532 decalvelur.
1130 1474 1266 1529 Nam
1298 1476 1494 1533 si’non'
1511 1478 1724 1532 velatur
1748 1489 1871 1528 mu-

299 1573 419 1635 lier,
440 1570 772 1625 tondeatur.
805 1567 920 1622 Etsi
955 1576 1113 1637 turpe
1163 1566 1501 1628 est"inulieri
1528 1566 1746 1624 tonderi
1777 1573 1872 1621 aut

299 1661 599 1734 decai‘irari';
624 1659 916 1722 relatura-1

363 1844 502 1899 Nam
549 1842 810 1899 mulieres
831 1850 988 1896 erant
1023 1842 1196 1897 hocce
1247 1839 1395 1894 dono
1426 1844 1663 1902 ornatae,
1696 1832 1870 1890 veluti

295 1937 531 2007 Philippi
575 1935 739 2001 ἤωδε,
773 1945 938 2004 atque
971 1941 1097 1988 ante
1151 1933 1288 1987 istas
1344 1931 1482 1993 alite,
1511 1937 1567 1983 et
1598 1928 1719 1981 aliae
1753 1933 1876 1996 post

297 2028 467 2097 ipsas,
495 2025 562 2080 de
613 2024 815 2095 quibus
848 2024 901 2077 in
947 2023 1237 2092 prophetia
1292 2020 1573 2075 ferebatur
1606 2036 1620 2073 :
1653 2017 1721 2070 Et
1755 2032 1876 2086 pro-

295 2116 581 2186 phetabunt
631 2115 732 2184 ﬁlii
759 2115 936 2180 vestri,
989 2122 1038 2167 et
1068 2112 1198 2181 ﬁlia:
1254 2120 1440 2166 vestrm
1469 2109 1702 2164 visiones
1733 2109 1876 2163 vide-

300 2210 511 2262 bunt".

367 2299 535 2356 Vens.
565 2299 682 2353 7-9.
729 2316 748 2350 ι
783 2297 882 2353 Vir
908 2297 1126 2368 quidem
1157 2309 1263 2350 non
1291 2295 1452 2350 debet
1477 2293 1662 2348 velare
1685 2296 1872 2361 caput,

296 2391 561 2461 quoniam
607 2389 789 2460 imago
845 2397 900 2444 et
951 2388 1127 2459 gloria
1165 2386 1259 2442 Dei
1283 2394 1368 2442 est
1403 2405 1416 2439 :
1456 2385 1659 2440 mulier
1691 2396 1874 2437 autem

296 2483 470 2552 gloria
514 2480 620 2536 viri
651 2489 754 2537 est.
789 2480 916 2536 Non
944 2480 1092 2536 enim
1138 2479 1225 2533 vir
1274 2493 1343 2533 ex
1379 2477 1609 2532 muliere
1641 2484 1747 2541 est,
1781 2474 1877 2529 sed

299 2575 492 2628 mulier
543 2588 608 2628 ex
661 2573 804 2626 viro.
846 2572 1062 2627 Etenim
1112 2585 1221 2624 non
1271 2577 1357 2626 est
1386 2577 1610 2624 creatus
1640 2567 1724 2622 vir
1751 2580 1878 2636 pro-

297 2675 418 2735 pter
451 2664 766 2728 mulierem,
797 2663 892 2719 sed
929 2664 1127 2719 mulier
1162 2673 1385 2734 propter
1418 2663 1624 2716 virum.
1659 2678 1678 2712 ι

365 2757 608 2812 Alteram
664 2771 886 2811 rursum
937 2753 1094 2810 allert
1149 2769 1378 2810 causam
1438 2768 1539 2808 cur
1589 2751 1676 2806 vir
1706 2751 1877 2806 velari

289 2847 819 2918 .proltibeatur.'Ac
857 2861 1112 2916 quaenam
1174 2855 1280 2910 est,
1327 2844 1435 2899 nisi
1470 2843 1598 2914 quia
1653 2842 1876 2898 mulieri

297 2936 590 3010 praefectus
636 2935 784 2990 fuit?
821 2934 957 2990 Nam
997 2934 1220 3005 quando
1276 2932 1570 3005 prail‘cctus
1594 2933 1661 2988 ad
1693 2948 1876 3004 regem

297 3029 532 3097 accedit,
553 3029 891 3100 praefectura:
911 3029 1217 3100 symbolum
1240 3035 1457 3099 gestare
1479 3026 1656 3081 debet.
1675 3025 1877 3091 Quem-

296 3211 381 3266 vel
415 3211 547 3265 laena
567 3223 752 3264 coram
787 3225 910 3280 rege
931 3220 1074 3265 stare
1104 3210 1361 3276 auderet;
1392 3209 1472 3263 sic
1495 3216 1649 3272 ettu,
1673 3208 1874 3278 inquit,

295 3303 419 3358 sine
459 3301 716 3373 insigniis
756 3303 1100 3372 principatus
1135 3302 1232 3367 tui,
1265 3302 1371 3356 hoc
1399 3309 1485 3358 est
1522 3301 1631 3358 nisi
1665 3308 1874 3356 retecto

298 3393 499 3464 capite,
559 3391 670 3447 noli
728 3390 898 3446 Deum
957 3406 1138 3458 orare,
1178 3406 1247 3446 ne
1279 3399 1333 3446 te
1369 3391 1513 3461 ipse,
1537 3399 1590 3446 et
1615 3406 1737 3445 eum
1781 3388 1876 3459 qui

295 3494 352 3542 te
393 3485 702 3550 honoravit,
761 3485 1094 3540 contumelia
1121 3483 1344 3540 allicias.
1375 3482 1523 3538 idem
1577 3491 1631 3538 et
1661 3483 1729 3537 dc
1755 3499 1879 3537 mu-

297 3579 434 3632 liere
461 3576 571 3631 dici
597 3577 791 3647 possit.
814 3575 881 3630 Et
911 3575 1116 3647 quippe
1143 3575 1478 3648 probrosum
1512 3573 1679 3640 fuerit
1732 3574 1881 3630 sub-

296 3670 558 3741 iectionis
596 3670 752 3740 signa
769 3685 880 3724 non
913 3669 1137 3726 habere.

373 3781 395 3815 ι
428 3761 561 3815 Eam
613 3761 684 3816 ob
710 3776 824 3815 rem
878 3759 1042 3816 debet
1082 3760 1284 3816 mulier
1314 3767 1644 3832 potestatem
1671 3759 1880 3815 habere

300 3868 467 3924 supra
493 3859 661 3923 caput
689 3868 848 3925 suum
881 3861 1105 3923 propter
1147 3854 1393 3924 angelos.
1434 3872 1454 3906 ι

367 3948 502 3998 Eam
537 3947 598 3998 ob
632 3960 761 3998 rem.
799 3944 1040 4013 Ecquam
1077 3943 1252 3999 vero?
1286 3952 1513 4016 propter
1543 3946 1726 4002 omnia
1756 3961 1881 4018 qua:

301 4038 448 4092 dicta
503 4043 654 4102 sunt,
689 4034 891 4106 inquit.
921 4035 999 4090 Ac
1056 4037 1294 4106 primum
1339 4037 1878 4110 quidem,quoniam

298 4127 764 4198 tlhristus'caput
820 4133 1074 4182 nostrum
1123 4135 1241 4194 est;
1294 4141 1396 4184 nos
1449 4144 1579 4184 vero
1609 4129 1880 4186 mulieris.

303 4217 640 4282 Secundum,
676 4217 806 4289 quia
835 4217 1009 4288 gloria
1038 4216 1134 4272 Dei
1187 4233 1406 4287 sumus,
1451 4235 1516 4275 ac
1544 4221 1744 4276 mulier
1783 4234 1883 4275 no-

301 4311 424 4364 stri.
474 4309 741 4376 Tertium,
774 4325 840 4364 eo
891 4309 1035 4378 quod
1070 4324 1180 4364 non
1204 4323 1306 4365 nos
1352 4324 1420 4365 ex
1453 4311 1683 4367 muliere
1743 4311 1886 4367 exsi-

1972 552 2139 623 ἒτερα
2157 568 2174 586 ο
2200 550 2278 622 τῷ
2304 551 2404 622 μὲν
2424 551 2526 621 τῆς
2549 553 2744 624 ἀρχῆς,
2776 556 2842 624 τῇ
2873 553 2929 606 δὲ
2950 553 3051 623 τῆς
3074 551 3375 621 ὑποταγῆς.
3396 552 3555 604 Μετὰ

1971 643 2029 697 δὲ
2069 644 2297 698 ἐκείνων
2327 644 2422 696 καὶ
2450 644 2629 711 τοῦτο,
2659 645 2722 697 τὸ
2748 647 2955 715 ταύτην
2995 645 3095 715 μὲν
3124 643 3554 698 κατακαλύπτε-

1975 735 2122 801 σθαι,
2176 737 2366 789 τοῦτον
2392 735 2449 789 δὲ
2485 735 2702 808 γυμνὴν
2739 736 2881 807 ἔχειν
2914 737 3014 808 τὴν
3044 736 3308 807 κεφαλήν.
3342 736 3406 790 Εἰ
3436 735 3554 788 τοί-

1973 845 2068 882 νυν
2094 827 2344 899 σύμϐολα
2375 827 2553 883 ταῦτά
2595 829 2766 894 ἐστιν,
2803 828 3110 899 ἀμφότεροι
3151 827 3553 898 ἁμαρτάνουσι,

1973 922 2070 993 τὴν
2101 920 2355 986 εὐταξίαν
2385 921 2731 992 συγχέοντες,
2749 922 2846 975 καὶ
2877 921 2974 992 τὴν
3001 919 3096 975 τοῦ
3129 919 3264 973 Θεοῦ
3286 917 3555 989 διαταγὴν

1972 1012 2066 1066 καὶ
2093 1012 2221 1076 τοὺς
2265 1013 2506 1075 οἰκείους
2537 1013 2960 1083 ὑπερϐαίνοντες
2999 1011 3160 1081 ὅρους
3185 1027 3200 1042 ο
3242 1009 3338 1062 καὶ
3363 1011 3392 1062 ὁ
3431 1009 3550 1078 μὲν,

1971 1105 2052 1168 εἰς
2084 1104 2184 1176 τὴν
2213 1103 2430 1174 ἐκείνης
2458 1104 2822 1158 καταπίπτων
2857 1104 3167 1157 εὐτέλειαν·
3205 1103 3241 1172 ὴ
3271 1101 3327 1154 δέ
3360 1101 3555 1153 ἐπανι-

1975 1195 2218 1266 σταμένη
2254 1194 2332 1266 τῷ
2359 1195 2519 1266 ἀνδρὶ
2545 1195 2635 1249 διὰ
2661 1195 2756 1249 τοῦ
2780 1197 3083 1267 σχήματος.
3157 1257 3160 1260 λ

2049 1307 2068 1340 ι
2090 1288 2249 1344 Πᾶσα
2276 1287 2334 1341 δὲ
2366 1288 2504 1360 γυνὴ
2559 1287 3009 1361 προσευχομένη,
3054 1286 3088 1358 ἢ
3127 1283 3554 1357 προφητεύουσα

1973 1381 2415 1451 ἀκατακαλύπτῳ
2436 1384 2503 1454 τῇ
2534 1381 2768 1451 κεφαλῇ,
2794 1377 3149 1450 καταισχύνει
3180 1377 3278 1448 τὴν
3307 1376 3555 1447 κεφαλὴν

1974 1477 2146 1546 αὐτῆς
2170 1489 2186 1506 ο
2222 1473 2281 1527 ἓν
2325 1473 2434 1545 γάρ
2463 1475 2578 1526 ἐστι
2613 1473 2709 1526 καὶ
2738 1472 2799 1524 τὸ
2831 1471 2963 1524 αὐτὸ
3011 1473 3077 1541 τῇ
3115 1467 3428 1539 ἐξυρημένῃ
3451 1484 3465 1498 ·
3498 1471 3549 1520 εί

1975 1567 2084 1638 γὰρ
2132 1566 2192 1620 οὑ
2220 1562 2704 1618 κατακαλύπτεται
2732 1560 2894 1632 γυνὴ,
2942 1559 3037 1614 καὶ
3071 1559 3370 1629 κειράσθω.
3399 1560 3462 1610 El
3496 1559 3555 1611 δὲ

1977 1659 2201 1730 αίσχρὺν
2232 1657 2456 1728 γυναικὶ
2483 1655 2546 1709 τὸ
2577 1653 2889 1726 κείρασθαι,
2922 1652 2955 1724 ἦ
2989 1651 3278 1724 ξυρᾶσθαι,
3307 1667 3556 1706 κατακα-

1978 1750 2288 1806 λυπτέσθω.
2319 1770 2338 1804 ι

2047 1839 2230 1896 *Ησαν
2253 1843 2362 1913 γὰρ
2400 1844 2685 1912 γυναῖκες,
2726 1839 2883 1894 τοῦτο
2926 1837 2986 1892 τδ
3015 1837 3261 1910 χάρισμα
3304 1834 3552 1904 ἔχουσαι,

1979 1937 2053 2000 ὡς
2089 1937 2143 1988 ai
2171 1934 2442 1988 Φιλίππου
2479 1933 2799 2002 Θυγατέρες,
2828 1931 2921 1984 καὶ
2947 1930 3133 1999 ἐτεραι
3164 1926 3271 1997 πρὸ
3302 1925 3554 1989 ἐκείνων,

1975 2027 2070 2080 καὶ
2103 2025 2221 2096 μετ’
2249 2024 2486 2090 ἐκείνας,
2521 2023 2650 2094 περὶ
2685 2015 2760 2076 ὧν
2797 2021 2892 2076 καὶ
2932 2018 3238 2092 προφητεία
3260 2013 3326 2088 ἦν
3360 2015 3557 2085 λέγου-

1979 2133 2080 2172 σα·
2111 2119 2223 2173 Καὶ
2268 2117 2797 2187 προφητεύσουσιν
2849 2115 2905 2173 οἱ
2950 2112 3069 2167 υἱοὶ
3119 2109 3309 2180 ὑμῶν,
3341 2108 3440 2162 καὶ
3493 2110 3557 2161 al

1977 2209 2298 2281 θυγατέρες
2334 2207 2502 2278 ὑμῶν
2533 2207 2778 2276 ὁράσεις
2805 2207 3080 2281 ὄψονται.

2054 2280 2072 2354 ι
2113 2301 2276 2372 Ἀνὴρ
2323 2299 2423 2371 μὲν
2472 2298 2580 2370 γὰρ
2629 2301 2729 2351 οὑκ
2775 2280 2979 2363 ὀφείλει
3035 2291 3557 2349 κατακαλύπτεσθαι

1977 2393 2075 2464 τὴν
2111 2391 2376 2462 κεφαλὴν,
2409 2390 2574 2444 εἰκὼν
2616 2389 2713 2442 καὶ
2751 2388 2880 2454 δόξα
2921 2385 3057 2441 Θεοῦ
3095 2387 3381 2458 ὑπάρχων.
3412 2383 3559 2453 Γυνὴ

1977 2483 2033 2538 δὲ
2057 2483 2184 2548 δόξα
2211 2483 2405 2552 ἀνδρός
2427 2483 2574 2537 ἐστιν
2597 2500 2609 2512 ·
2636 2483 2698 2536 ού
2721 2482 2830 2554 γὰρ
2854 2481 2992 2552 ἀνὴρ
3023 2481 3087 2533 ἐκ
3112 2478 3395 2549 γυναικὸς,
3421 2477 3559 2533 ἀλλὰ

1977 2577 2117 2647 γυνὴ
2150 2576 2211 2642 ἐξ
2236 2575 2463 2647 ἀνδρός⁶
2499 2575 2593 2628 καὶ
2630 2574 2740 2646 γὰρ
2771 2573 2873 2626 οὐκ
2913 2570 3140 2642 ἐκτίσθη
3169 2571 3310 2641 ἀνὴρ
3340 2568 3428 2622 διὰ
3455 2569 3558 2638 τὴν

1979 2667 2237 2736 γυναῖκα,
2273 2665 2410 2719 ἀλλὰ
2443 2665 2581 2736 γυνὴ
2602 2665 2692 2718 διὰ
2725 2663 2816 2716 τὸν
2849 2663 3039 2732 ἄνδρα.
3074 2681 3092 2712 ι

2053 2758 2227 2827 ’Λλλη
2253 2757 2418 2812 πάλιν
2441 2757 2610 2823 αἰτία,
2636 2758 2671 2828 ἡ
2697 2755 2983 2810 κωλύουσα
3014 2753 3560 2818 κατακαλύπτεσθαι,

1982 2852 2074 2904 καὶ
2117 2851 2249 2903 ποία
2282 2849 2444 2920 αῦτη,
2488 2849 2521 2920 ἦ
2557 2849 2618 2901 τὸ
2649 2848 2890 2920 ἄρχοντα
2935 2847 3096 2899 αὑτὸν
3136 2841 3278 2899 εῖναι
3308 2845 3409 2914 τῆς
3458 2861 3558 2912 γυ-

1982 2943 2203 3007 ναικόςς
2231 2941 2336 2994 Τὸν
2367 2941 2477 3012 γὰρ
2529 2939 2768 3010 ἄρχοντα
2796 2937 2874 3007 τῷ
2906 2936 3120 3008 βασιλεῖ
3150 2935 3468 3007 προσιόντα,
3495 2935 3560 2988 τὸ

1982 3036 2080 3106 τῆς
2110 3035 2286 3105 ἀρχῆς
2313 3032 2586 3104 σύμϐολον
2612 3032 2757 3102 ἔχειν
2772 3030 2872 3086 δεῖ.
2896 3031 3108 3101 Ὥσπερ
3133 3028 3226 3082 οὖν
3249 3027 3425 3091 οὐδεὶς
3447 3028 3557 3080 τῶν

95 3178 104 3188 ,
211 3183 214 3186 _
297 3123 590 3178 admodum
649 3137 779 3192 ergo
839 3120 1222 3190 praefectorum
1262 3135 1424 3176 nemo
1455 3120 1702 3188 deposita
1735 3131 1872 3172 zona

1994 3126 2260 3197 Ξιρχόντων
2291 3125 2458 3194 χωρὶς
2490 3123 2664 3193 ζώνης
2715 3123 2807 3175 καὶ
2841 3121 3088 3192 χλανίδος
3129 3119 3456 3190 τολμήσειεν
3491 3117 3560 3172 ἂν

1981 3217 2217 3286 φανῆναι
2252 3216 2330 3285 τῷ
2381 3212 2799 3284 βασιλεῖ,.οῦτω
2856 3212 2992 3283 μηδὲ
3046 3211 3132 3276 σὺ,
3168 3211 3339 3280 φησὶ,
3388 3209 3560 3279 χωρίς

1979 3308 2086 3361 τῶν
2121 3305 2407 3377 συμϐόλων
2437 3306 2535 3375 τῆς
2561 3303 2760 3375 ἀρχῆς,
2801 3304 2938 3374 ὅπερ
2965 3301 3085 3355 ἐστὶ
3105 3301 3166 3354 τὸ
3201 3301 3278 3372 μὴ
3311 3316 3560 3354 κατακα-

1981 3397 2304 3459 λύπτεσθαι,
2348 3395 2656 3467 προσεύχου
2685 3395 2761 3465 τῷ
2793 3393 2934 3464 Θεῷ,
2959 3393 3045 3446 ἵνα
3069 3392 3142 3463 μὴ
3179 3391 3432 3461 ὑϐρίσῃς,
3463 3389 3561 3444 καὶ

1983 3487 2228 3558 σεαυτὸν,
2271 3486 2484 3541 καὶτὸν
2524 3485 2878 3557 τετιμηκότα.
2919 3485 2991 3537 Τὸ
3033 3483 3166 3537 αὑτὸ
3195 3482 3287 3536 καὶ
3321 3483 3414 3536 ἐπὶ¹
3455 3480 3560 3550 τῆς

1980 3580 2237 3650 γυναικὸς
2284 3578 2428 3633 εἴποι
2464 3595 2547 3642 τις
2576 3577 2660 3632 ἄν.
2701 3577 2811 3630 Καὶ
2841 3577 2947 3647 γὰρ
2971 3575 3154 3646 ἐκείνῃ
3184 3573 3359 3645 ὕϐρις,
3394 3573 3455 3626 τὸ
3481 3572 3558 3643 μὴ

1980 3674 2125 3745 ἔχειν
2166 3670 2234 3726 τὰ
2267 3669 2512 3743 σύμϐολα
2534 3672 2632 3741 τῆς
2668 3669 2969 3740 ὑποταγῆς.
3005 3727 3014 3736 ⁸

2058 3782 2076 3814 ι
2116 3761 2214 3816 Διὰ
2236 3761 2397 3817 τοῦτο
2428 3761 2633 3833 ὀφείλει
2661 3762 2695 3832 ἡ
2717 3761 2856 3832 γυνὴ
2886 3759 3135 3827 ἐξουσίαν
3158 3757 3305 3830 ἔχειν
3338 3755 3430 3810 ἐπὶ
3459 3755 3558 3828 τῆς

1982 3855 2222 3926 κεφαλῆς
2246 3854 2334 3908 διὰ
2361 3854 2487 3918 τοὺς
2514 3853 2803 3924 ἀγγέλους.
2831 3871 2849 3904 ι

2053 3950 2156 4002 Διὰ
2187 3947 2380 4013 τοῦτο,
2414 3949 2598 4014 ποῖον;
2635 3945 2734 3999 Διὰ
2752 3945 2820 3999 τὰ
2849 3941 3135 4016 εἰρημένα,
3165 3942 3336 4010 λέγει,
3355 3939 3560 3995 πάντα.

1983 4042 2095 4096 Καὶ
2124 4039 2340 4112 πρῶτον
2374 4039 2497 4111 μὲν,
2520 4040 2601 4093 ὅτι
2634 4036 2848 4108 κεφαλὴ
2871 4035 3030 4106 ἡμῶν
3061 4035 3089 4085 ὁ
3119 4032 3375 4103 Χριστὸς,
3400 4031 3564 4099 ἡμεῖς

1983 4131 2042 4184 δὲ
2085 4132 2186 4201 τῆς
2214 4130 2494 4199 γυναικός.
2538 4127 2800 4199 Δεύτερον
2826 4127 2903 4192 δέ,
2927 4127 3011 4179 ὅτι
3045 4126 3205 4197 ἡμεῖς
3235 4122 3362 4187 δόξα
3396 4113 3559 4185 Θεοῦ,

1997 4221 2155 4294 ἡμῶν
2186 4222 2241 4276 δὲ
2270 4225 2302 4293 ἡ
2333 4223 2493 4292 γυνή.
2527 4221 2742 4292 Τρίτον,
2777 4221 2858 4274 ὄτι
2887 4219 2986 4290 οὑχ
3024 4219 3187 4289 ἡμεῖς
3236 4218 3300 4270 ἐκ
3329 4215 3430 4285 τῆς
3460 4229 3568 4282 γυ-

1993 4313 2203 4378 ναικὸς,
2234 4313 2349 4367 ἀλλ’
2411 4313 2594 4382 ἐκείνη
2650 4311 2708 4379 ἐξ
2754 4311 2931 4382 ἡμῶν.
2987 4310 3280 4377 Τέταρτον,
3337 4306 3420 4360 ὅτι
3466 4305 3570 4374 οὑχ

303 4399 523 4465 stimus,
557 4399 651 4454 sed
701 4399 791 4453 illa
821 4413 887 4455 ex
921 4401 1102 4456 nobis.
1149 4399 1439 4466 Quartum,
1474 4402 1617 4471 quod
1643 4416 1752 4456 non
1783 4417 1877 4458 nos

1994 4407 2152 4477 ἡμεῖς
2179 4406 2267 4459 διὰ
2291 4405 2391 4476 τὴν
2438 4407 2692 4474 γυναῖκα,
2727 4404 2844 4458 ἀλλ’
2885 4404 3070 4474 ἐκείνη
3103 4403 3170 4456 δι’
3209 4400 3381 4471 ἡμᾶς.
3415 4398 3566 4467 Πέμ-

294 4492 556 4547 mulieris
608 4507 777 4547 causa
830 4507 1044 4556 sumus,
1110 4492 1206 4548 sed
1241 4493 1442 4547 mulier
1478 4502 1700 4564 propter
1757 4509 1878 4550 nos.

303 4582 566 4648 Quintum
620 4581 885 4653 denique,
921 4583 1242 4654 angelorum
1296 4597 1428 4655 ergo
1455 4585 1548 4655 qui
1583 4594 1884 4656 praesentes

303 4675 522 4740 adsunt,
555 4681 610 4730 et
636 4675 814 4728 oranti
835 4677 1116 4745 suppetias
1147 4674 1350 4730 lerunt.

378 4763 537 4832 ιοο
595 4761 766 4818 νειιε.
817 4763 1000 4819 11-15.
1053 4782 1072 4814 ι
1120 4762 1524 4820 Verumtamen
1581 4781 1762 4836 neque
1803 4766 1882 4822 vir

306 4854 426 4908 sine
459 4854 708 4918 muliere,
748 4870 927 4922 neque
960 4856 1160 4910 mulier
1191 4859 1311 4912 sine
1365 4858 1504 4926 viro,
1529 4859 1584 4912 in
1625 4858 1881 4916 Domino.

307 4939 443 4994 Nam
473 4940 616 4995 sicut
655 4942 852 4996 mulier
887 4941 954 4998 de
989 4943 1128 5008 viro,
1156 4945 1228 4998 ita
1257 4953 1312 5000 et
1337 4945 1423 5000 vir
1441 4961 1538 5016 per
1577 4947 1880 5004 mulierem.

308 5032 509 5087 Omnia
573 5040 756 5085 autem
829 5047 896 5087 ex
957 5032 1072 5088 Deo
1110 5049 1124 5085 :
1167 5035 1222 5087 in
1253 5036 1412 5090 vobis
1444 5035 1582 5106 ipsis
1608 5037 1882 5106 judicate.

308 5123 479 5180 Decet
524 5123 814 5179 mulierem
881 5138 993 5178 non
1053 5125 1288 5179 velatam
1335 5140 1499 5183 orare
1523 5126 1744 5183 Deum"?
1784 5143 1886 5184 nec

309 5216 432 5287 ipsa
452 5220 648 5269 natura
676 5212 837 5268 docet
867 5227 990 5280 vos,
1017 5213 1168 5284 quod
1203 5215 1289 5269 vir
1324 5217 1548 5286 quidem
1594 5219 1639 5273 si
1669 5233 1884 5273 comam

311 5306 547 5370 nutriat,
579 5305 884 5375 ignominia
913 5313 998 5360 est
1025 5305 1100 5361 illi
1136 5323 1152 5372 ;
1192 5307 1392 5362 mulier
1438 5324 1572 5365 vero
1597 5310 1643 5366 si
1670 5325 1883 5366 comam
1915 5294 1917 5296 ’

309 5393 542 5460 nutriat,
607 5394 781 5465 gloria
813 5403 899 5449 est
927 5395 1045 5450 illi?
1090 5396 1353 5466 quoniam
1383 5399 1568 5469 capilli
1610 5415 1710 5470 pro
1739 5401 1886 5456 vela-

311 5486 460 5541 mine
489 5487 539 5541 ei
576 5487 687 5541 dati
729 5497 878 5543 sunt.
908 5506 927 5539 ι

379 5576 521 5641 Quia
552 5576 915 5659 multiplicem
944 5579 1042 5636 viri
1095 5580 1520 5652 praecellentiam
1549 5597 1716 5656 supra
1767 5599 1888 5641 mu-

391 5744 437 5776 "
465 5744 603 5807 Joel.
631 5765 705 5822 ιι,
733 5752 823 5809 9.8.

1987 4513 2144 4566 πτον,
2174 4497 2265 4551 διὰ
2315 4497 2441 4561 τοὺς
2473 4497 2742 4566 ἀγγέλους
2790 4497 2917 4559 τοὺς
2965 4491 3424 4566 παρεστηκότας,
3472 4489 3573 4544 καὶ⁸

1990 4587 2666 4660 συναντιλαμϐανομένους
2691 4588 2770 4658 τῷ
2800 4603 3072 4660 προσευχο
3081 4586 3247 4657 μένῳ.

2065 4787 2086 4820 ι
2120 4767 2270 4836 Πλὴν
2300 4767 2430 4821 οὔτε
2466 4766 2605 4837 γυνὴ
2639 4764 2808 4837 χωρὶς
2833 4762 3048 4833 ἀνδρὸς,
3081 4761 3204 4815 οὔτε
3225 4759 3370 4831 ἀνὴρ
3399 4757 3576 4831 χωρὶς

1990 4856 2250 4927 γυναικὸς
2280 4857 2340 4910 ἐν
2374 4856 2584 4927 Κυρίῳ.
2620 4853 2967 4926 Ὥσπεργὰρ
2997 4855 3030 4924 ἡ
3061 4851 3200 4923 γυνὴ
3231 4853 3296 4904 ἐκ
3335 4851 3433 4904 τοῦ
3469 4850 3568 4902 ἀν-

1991 4950 2140 5021 δρὸς,
2170 4947 2318 5002 οὕτω
2338 4949 2433 5001 καὶ
2461 4949 2489 5000 ὁ
2508 4947 2648 5019 ἀνὴρ
2669 4946 2758 5000 διὰ
2781 4947 2879 5016 τῆς
2899 4943 3157 5014 γυναικός
3176 4960 3189 4974 ’
3214 4941 3283 4995 τὰ
3308 4939 3364 4993 δὲ
3394 4941 3577 4994 πάντα

1994 5041 2060 5093 ἐκ
2082 5038 2174 5093 τοῦ
2201 5037 2341 5091 Θεοῦ
2362 5053 2376 5069 ο
2425 5037 2483 5092 ἐν
2509 5038 2641 5108 ὑμῖν
2674 5037 2858 5099 αὐτοῖς
2895 5035 3144 5106 κρίνατε.
3191 5033 3413 5104 Πρέπον
3455 5030 3577 5084 ἐστὶ

1995 5132 2231 5202 γυναῖκα
2280 5129 2742 5185 ἀκατακάλυπτον
2774 5127 2851 5198 τῷ
2896 5125 3018 5198 Θεῷ
3067 5121 3504 5197 προσεύχεσθαις
3539 5120 3577 5190 ἦ

1994 5222 2116 5277 οὑδὲ
2148 5223 2182 5292 ἡ
2214 5222 2379 5292 φύσις
2415 5220 2551 5307 αὑτὴ
2585 5219 2830 5273 διδάσκει
2856 5219 3022 5288 ὑμᾶς,
3045 5219 3127 5270 ὅτι
3169 5215 3308 5288 ἀνὴρ
3341 5213 3442 5286 μὲν
3480 5213 3579 5307 ἐαν

1993 5315 2161 5384 κομᾷ,
2195 5313 2399 5384 ἀτιμία
2429 5301 2581 5382 αὐτῷ
2617 5311 2770 5364 ἐστι’
2824 5309 2959 5379 γυνὴ
2989 5308 3044 5361 δέ
3098 5307 3193 5360 ἐὰν
3238 5305 3406 5376 κομᾷ,
3447 5301 3580 5368 δόξα

1993 5405 2161 5480 αὐτῆς
2194 5408 2381 5474 ἐστιν;
2407 5405 2490 5458 ὅτι
2520 5403 2642 5458 ἀντὶ
2673 5401 3026 5473 περιϐολαίου
3055 5401 3192 5471 αὐτῇ
3218 5397 3447 5452 δέδοται.
3481 5414 3500 5447 ι

2078 5581 2306 5653 Ἐπειδὴ
2339 5580 2535 5652 πολλὴν
2569 5578 2844 5651 ὑπεροχὴν
2873 5577 2952 5651 τῷ
2977 5576 3132 5651 ἀνδρὶ
3167 5572 3362 5643 ειπὼν,
3393 5571 3477 5653 ὅτι
3505 5565 3570 5636 ἐξ

3630 5415 3638 5420 -
3657 5407 3710 5426 ’δ’
