3972 6380
337 357 438 427 657

1497 364 1580 425 IN
1621 364 1863 427 EPIST.
1900 363 2002 423 AD
2039 362 2403 424 CORINTH.
2440 364 2491 422 Ι.

3485 361 3592 424 658

339 470 506 526 αὐτοῦ
543 472 576 543 ἠ
609 472 771 545 γυνὴ,
800 474 895 527 καὶ
917 473 984 526 δι’
1033 472 1216 539 αὐτὸν,
1247 473 1333 527 ἵνα
1364 473 1501 545 μήτε
1540 476 1671 539 τοὺς
1713 475 1915 546 ἀνδρας

2034 474 2214 531 lierem
2237 474 2540 538 enarravit,
2573 488 2640 529 eo
2663 474 2811 545 quod
2844 475 3106 531 nimirum
3131 489 3198 530 ex
3227 461 3352 545 ipso
3380 478 3433 527 et
3459 487 3592 541 pro-

339 563 520 636 ὲπάρῃ
560 563 723 618 πλέον
776 563 872 619 τοῦ
923 564 1157 630 δέοντος,
1193 567 1332 637 μήτε
1387 566 1603 630 ὲκείνας
1635 565 1909 621 ταλαιπω-

343 657 506 729 ρήσῃ,
537 656 824 727 ἐπήγαγεν
853 655 954 728 τὴν
986 656 1247 711 διάθεσιν.

417 935 436 968 ι
468 917 533 970 Εί
561 915 619 970 δέ
653 933 737 980 τις
766 915 916 969 δοκεῖ
942 916 1249 986 φιλόνεικος
1272 911 1444 984 εἶναι,
1472 920 1632 990 ἡμεῖς
1660 917 1917 988 τοιαύτην

344 1006 636 1077 συνήθειαν
665 1006 765 1060 οὐκ
793 1005 1017 1077 ἔχομεν.
1045 1024 1065 1058 ι

411 1095 854 1166 Μεμετρημένην
883 1096 983 1166 τὴν
1010 1097 1337 1168 ἐπιτίμησιν
1377 1098 1660 1171 ἐποίησεν,
1697 1100 1918 1156 πλείονα

339 1188 440 1260 τὴν
470 1186 739 1258 ἐντροπὴν
784 1186 983 1256 ἐνθεὶς,
1033 1188 1157 1243 ὅθεν
1200 1191 1292 1243 καὶ
1340 1189 1643 1264 βαρύτερον
1692 1192 1919 1263 ἐποίησε

339 1279 434 1336 τὺν
464 1279 646 1348 λόγον.

418 1389 437 1422 ι
466 1369 602 1424 Οὐδὲ
622 1368 681 1423 αί
719 1370 1040 1443 Ἐκκλησίαι
1063 1371 1157 1426 τοῦ
1196 1371 1356 1426 Θεοῦ.
1386 1391 1404 1423 ι

410 1462 692 1517 Δείκνυσιν
736 1463 819 1517 ὅτι
870 1464 1023 1537 πάσῃ
1063 1467 1130 1535 τῇ
1170 1464 1463 1537 οἰκουμένῃ
1507 1465 1912 1537 ἀντιπίπτουσι,

340 1548 436 1601 καὶ
468 1547 840 1604 ἐναντιοῦνται
866 1551 917 1603 oi
951 1552 1029 1622 μὴ’
1056 1550 1318 1617 εἴκοντες.

419 1658 439 1692 ι
466 1639 653 1695 Τοῦτο
671 1640 729 1695 δὲ
757 1641 1179 1714 παραγγέλλων,
1209 1645 1317 1697 οὐκ
1340 1645 1570 1701 ἐπαινῶ.
1596 1667 1615 1700 ι

422 1730 540 1802 Ἐφ’
565 1732 756 1803 ἕτερον
792 1734 1111 1804 μεταϐαίνει
1161 1734 1436 1809 ἔγκλημα.
1468 1739 1640 1794 Τοῦτο
1682 1740 1738 1796 δέ
1779 1743 1913 1810 ἐστι,

341 1823 402 1877 τὸ
435 1827 591 1896 κοινῇ
630 1824 922 1880 συνιόντων
951 1827 1132 1882 αὐτῶν
1168 1829 1251 1894 είς
1295 1830 1579 1909 ἑστίασιν,
1620 1834 1918 1901 ὲξουθενεῖ-
1947 1825 1992 1881 Β

343 1914 470 1969 σθαι
497 1915 652 1987 παρὰ
668 1916 778 1970 τῶν
809 1916 1083 1974 πλουσίων
1103 1920 1235 1985 τοὺς
1265 1921 1525 1993 πένητας.
1565 1923 1737 1979 Τοῦτο
1769 1926 1827 1981 δὲ
1856 1928 1918 1982 τδ

345 2006 482 2074 ἔθος,
510 2006 627 2062 ἀνω
662 2008 766 2078 μὲν
804 2003 896 2081 ἦν,
932 2009 1030 2063 ἐπὶ
1075 2010 1182 2067 τῶν
1213 2004 1535 2083 τρισχιλίων
1563 2015 1662 2071 καὶ
1717 2034 1919 2074 πεντα-

345 2098 625 2182 κισχιλίων
678 2099 791 2156 τῶν
839 2100 900 2166 ἐξ
944 2101 1124 2173 ἀρχῆς
1180 2105 1633 2162 πιστευσάντωνο
1692 2109 1754 2163 οὐ
1810 2110 1918 2182 μὴν

343 2189 543 2244 ἔσωσεν
573 2180 669 2245 ἐπὶ
700 2192 813 2245 τῶν
838 2191 1067 2264 ὕστερον
1100 2194 1211 2249 τῶν
1241 2197 1337 2250 νῦν
1368 2197 1791 2270 ἐγκαλουμένων
1814 2180 1918 2274 την

342 2281 646 2351 ἁκρίὸειαν.
683 2282 842 2336 Ἐπεὶ
877 2279 974 2338 οὖν
1015 2283 1320 2358 διεσπάσθη
1354 2287 1416 2341 τὸ
1452 2287 1573 2353 ἔθος
1599 2288 1757 2343 τοῦτο
1785 2290 1917 2346 κάλ-

342 2373 517 2427 λιστον
549 2373 611 2428 ὃν
641 2374 890 2446 (καὶγὰρ
917 2376 1138 2448 ἀγάπης
1167 2378 1426 2443 ὑπόθεσις
1455 2374 1567 2451 ἦν),
1597 2380 1918 2451 πληκτικῶς

344 2466 606 2539 κέχρηται
633 2467 712 2539 τῷ
734 2467 901 2539 λόγῳ,
924 2468 1093 2540 βοῶν,
1120 2471 1202 2524 ὅτι
1229 2472 1343 2524 Οὐκ
1385 2472 1720 2545 ἀποδέχομαι
1751 2473 1915 2546 ὑμᾶς,

344 2556 424 2610 ὅτι
473 2558 555 2622 εἰς
601 2558 851 2631 ἀνάγκην
884 2578 953 2632 με
994 2564 1369 2634 κατεστήσατε
1419 2565 1729 2638 συμϐουλῆς
1754 2584 1768 2600 ο
1798 2564 1917 2622 οὐδὲ

345 2647 571 2717 ἐπαινῶ,
595 2649 677 2703 δτι
711 2649 971 2724 ἐδεήθητε
1004 2652 1322 2720 διδασκάλου
1348 2656 1427 2722 είς
1451 2657 1631 2712 τοῦτο.

416 2881 435 2913 ι
462 2861 585 2916 Ὀτι
612 2863 712 2918 οὐκ
745 2865 825 2927 είς
855 2865 918 2918 τὸ
943 2865 1221 2936 κρεῖσσον,
1248 2869 1363 2923 ἀλλ’
1390 2871 1471 2935 εἰς
1504 2870 1565 2935 τὸ
1596 2844 1759 2943 ἦττον
1793 2890 1919 2928 συν-

345 2952 602 3022 έρχεσθε*
662 2955 881 3024 πρῶτον
923 2957 1022 3028 μὲν
1051 2959 1160 3031 γάρ
1208 2962 1623 3033 συνερχομένων
1671 2964 1826 3035 ὑμῶν
1859 2967 1918 3019 ὲν

357 3043 674 3119 Ἐκκλησίᾳ.
709 3065 729 3099 ι

2019 575 2140 639 pter
2170 566 2355 637 ipsum
2390 565 2590 621 mulier
2620 567 2933 633 exstiterit;
2965 583 3035 624 ne
3068 566 3204 622 viris
3235 562 3587 621 occasionem

2019 658 2278 728 praebeat,
2338 663 2400 714 ut
2440 656 2583 711 ultra
2639 671 2802 727 quam
2832 672 2928 727 par
2959 659 3062 722 sit,
3088 657 3409 721 eﬂ'erantur,
3441 652 3589 709 unde

2019 750 2126 805 illae
2181 748 2250 804 ad
2296 748 2591 820 angustias
2654 748 3002 822 redigantur,
3034 749 3123 805 hic
3174 749 3357 806 statim
3381 744 3588 809 subdit,

2018 842 2148 913 quis
2176 856 2377 900 sensus
2414 856 2551 897 suus
2582 840 2672 897 sit.

2088 932 2258 988 Vens.
2291 932 2383 988 16.
2415 952 2434 985 ι
2482 933 2541 988 Si
2575 934 2703 1004 quis
2752 940 2936 989 autem
2972 932 3187 990 videtur
3213 931 3591 988 contentiosus

2020 1039 2166 1089 esse,
2192 1040 2294 1081 nos
2311 1026 2473 1081 talem
2501 1024 2963 1081 consuetudinem
2988 1038 3100 1079 non
3129 1023 3423 1080 habemus.
3458 1040 3477 1072 ι
3554 1044 3557 1049 -

2092 1114 2474 1186 Objurgationi
2526 1115 2751 1172 modum
2795 1114 3004 1186 posuit,
3036 1123 3098 1169 ut
3138 1113 3333 1184 majori
3363 1126 3460 1167 eos
3490 1126 3592 1180 pu~

2022 1207 2156 1264 dore
2213 1206 2581 1274 sulfunderet,
2609 1222 2676 1264 ex
2739 1221 2851 1278 quo
2905 1206 3218 1279 graviorem
3268 1204 3436 1260 etiam
3461 1199 3593 1257 Iccit

2020 1300 2356 1357 orationem.

2098 1410 2116 1444 ι
2140 1389 2328 1460 Neque
2356 1389 2620 1447 Ecclesiae
2650 1389 2766 1446 Dei.
2811 1408 2839 1441 ι

2089 1484 2342 1540 Ostendit
2372 1499 2470 1541 eos
2497 1484 2759 1541 universo
2816 1488 3089 1537 terrarum
3121 1480 3243 1536 orbi
3278 1490 3585 1550 repugnare

2018 1584 2073 1633 et
2108 1575 2415 1644 adversari,
2449 1576 2543 1647 qui
2574 1576 2772 1632 cedere
2801 1574 3034 1629 nollent.

2089 1668 2255 1725 Vens.
2290 1670 2378 1725 l7.
2415 1688 2433 1721 ι
2461 1667 2578 1724 lloc
2605 1676 2788 1724 autem
2819 1669 3164 1739 praecipiens,
3209 1682 3317 1724 non
3347 1665 3535 1723 laudo.
3571 1684 3589 1719 ι

2091 1758 2319 1816 Transit
2369 1760 2438 1816 ad
2490 1761 2727 1817 alterum
2782 1760 3165 1816 accusationis
3221 1756 3595 1830 caput;quod

2020 1849 2296 1919 videlicet,
2343 1850 2802 1907 convenientibus
2834 1849 2916 1906 eis
2948 1849 3018 1905 ad
3064 1862 3597 1918 crenam,pauperes
3709 1878 3715 1884 -

2020 1941 2442 2013 despicerentur
2468 1956 2500 1996 a
2528 1941 2813 1998 divitibus.
2867 1938 3024 1997 Tunc
3060 1955 3226 2010 porro
3254 1937 3596 1995 consuctude

2021 2032 2128 2088 ista
2159 2033 2402 2102 vigebat,
2441 2048 2564 2088 cum
2598 2032 2705 2086 tria
2729 2031 2899 2086 millia
2917 2029 2988 2098 '°,
3031 2037 3086 2088 et
3105 2030 3350 2102 quinque
3373 2043 3595 2084 rursum

2020 2123 2192 2180 millia
2221 2123 2266 2155 ἰ
2294 2124 2579 2179 hominum
2602 2123 2982 2181 credidissent
3011 2142 3025 2180 :
3055 2138 3243 2180 verum
3269 2120 3417 2176 haud
3441 2126 3596 2174 tanta

2022 2215 2371 2286 postmodum
2392 2215 2655 2284 religione
2688 2203 3011 2271 servabatur
3036 2214 3105 2269 ab
3130 2214 3198 2268 iis
3230 2212 3324 2283 qui
3349 2211 3599 2266 nuncin-

2022 2306 2377 2362 simulantur.
2419 2306 2557 2361 Cum
2618 2320 2750 2377 ergo
2799 2307 3006 2376 optima
3071 2304 3189 2360 haec
3246 2300 3594 2358 consuetudo

2021 2397 2229 2455 abolita
2277 2397 2784 2466 esset(eratenim
2843 2394 3076 2451 materia
3109 2402 3166 2450 et
3196 2392 3418 2449 occasio
3438 2390 3601 2447 testi-

2022 2487 2249 2544 ﬁcandm
2296 2488 2681 2559 dilectionis),
2714 2487 2829 2543 acri
2867 2485 3298 2555 vehementique
3347 2496 3601 2539 sermone

2023 2582 2218 2651 utitur,
2277 2590 2333 2638 et
2354 2581 2606 2636 clamat:
2650 2592 2998 2650 nequaquam
3054 2577 3305 2648 approbo
3351 2589 3471 2637 vos,
3502 2576 3598 2643 qui

2023 2673 2079 2729 in
2106 2688 2226 2729 eam
2254 2689 2342 2729 me
2373 2672 2588 2730 consilii
2634 2671 2802 2727 dandi
2843 2669 3231 2727 necessitatem
3264 2665 3596 2736 coegeritis;

2023 2780 2126 2822 nec
2164 2766 2352 2833 laudo,
2385 2765 2535 2836 quod
2566 2764 2745 2819 hacin
2777 2778 2835 2819 re
2865 2761 3131 2833 magistro
3158 2757 3480 2830 indigestis.

2100 2892 2120 2927 ι
2151 2873 2312 2941 Quod
2364 2887 2474 2930 non
2504 2872 2560 2928 in
2591 2870 2812 2938 melius,
2846 2867 2943 2925 sed
2970 2869 3026 2923 in
3053 2865 3301 2923 deterius
3329 2863 3596 2919 conveni-

2023 2965 2118 3021 tis.
2155 2964 2363 3037 [νεεδ.
2394 2964 2478 3019 18.
2502 2961 2522 3035 ]
2547 2961 2794 3017 Primum
2818 2957 3093 3030 siquidem
3125 2953 3592 3013 convenientibus

2022 3056 2182 3113 vobis
2207 3057 2264 3111 in
2287 3054 2555 3111 Ecclesia.
2604 3072 2639 3104 »ς

411 3158 730 3224 Τουτέστιν,
759 3160 847 3214 ὅτι
877 3161 981 3215 οὐκ
1017 3163 1099 3225 είς
1122 3152 1365 3218 ἐπιδοίην
1388 3165 1615 3236 ἀρετῆς.
1650 3169 1778 3222 Δέον
1809 3169 1915 3242 γὰρ

2091 3170 2209 3224 Huc
2228 3173 2334 3232 est,
2366 3167 2495 3239 quia
2524 3180 2634 3221 non
2663 3154 2732 3220 ad
2766 3158 3121 3235 augmentum
3148 3160 3395 3218 virtutis.
3422 3158 3598 3230 Opor-

343 3247 622 3302 ἐπιδοῦναι
646 3289 663 3317 ,
703 3250 800 3304 καὶ
851 3252 1078 3307 πλείονα
1115 3253 1374 3322 γενέσθαι
1418 3257 1521 3326 τὴν
1566 3258 1915 3329 φιλοτιμίαν

344 3337 498 3409 ὑμεῖς
528 3341 623 3395 καὶ
655 3341 719 3395 τὸ
748 3343 851 3415 ἤδη
880 3346 1169 3417 κρατῆσαν
1198 3345 1321 3410 ἔθος
1343 3346 1550 3419 ἄκυρον
1577 3349 1914 3421 ἐπεδείξατε,

339 3430 435 3483 καὶ
464 3432 849 3503 παραγγελίας
880 3435 1141 3507 ἐδεήθητε
1187 3439 1319 3509 napi
1352 3438 1513 3510 ἐμοῦ,
1560 3440 1649 3497 ἵνα
1698 3444 1779 3511 είς
1818 3444 1919 3515 τὴν

346 3523 619 3595 προτέραν
647 3524 983 3599 ὲπανέλθητε
1016 3529 1191 3596 τάξιν.

419 3655 441 3689 ι
479 3616 690 3692 ’Δκοῦω
724 3639 1006 3711 σχίσματα
1034 3641 1092 3696 ἐν
1125 3641 1256 3712 ὑμῖν
1284 3642 1574 3716 ὑπάρχειν.
1609 3662 1629 3696 ι

413 3751 532 3806 Ἵνα
575 3752 652 3826 μὴ
689 3752 816 3827 δόξῃ
846 3753 937 3810 διὰ
968 3755 1098 3819 τοὺς
1151 3756 1392 3829 πένητας
1627 3758 1800 3815 ταῦτα
1828 3761 1917 3817 λέ-

346 3847 596 3914 γειν,οὐκ
617 3848 822 3915 εὐθέως
843 3851 926 3914 εἰς
958 3851 1020 3904 τὸ
1044 3851 1174 3923 περὶ
1207 3852 1317 3907 τῶν
1344 3853 1634 3925 τραπεζῶν
1654 3854 1917 3928 ἐμϐάλλει

344 3938 523 4008 λόγον,
562 3938 705 3994 ὥστε
735 3941 810 4013 μὴ
848 3942 1328 4015 εὐκαταφρόνητον
1386 3945 1613 4016 ποιῆσαι
1653 3947 1754 4020 τὴν
1797 3950 1917 4004 ἐπί-

344 4031 560 4103 πληξιν.
617 4033 711 4086 Διό
762 4051 962 4106 φησιν·
1026 4029 1254 4092 Ἀκούώ
1289 4037 1362 4091 ἐν
1412 4038 1557 4106 ὑμῖν
1605 4040 1917 4111 σχίσματα

342 4122 653 4193 ὑπάρχειν.
690 4126 803 4180 Καὶ
831 4127 932 4180 οὐκ
979 4122 1131 4183 εἶπεν
1158 4142 1172 4158 ο
1202 4127 1412 4182 Ἀκούω
1443 4129 1592 4201 ὑμᾶς
1640 4135 1759 4187 κατ’
1808 4133 1916 4190 ῐδια

344 4217 719 4287 ἑστιάσασθαι,
752 4219 848 4276 καὶ
874 4220 952 4292 μὴ
981 4221 1122 4292 μετά
1144 4222 1254 4279 τῶν
1287 4224 1558 4295 πενήτων.

418 4332 577 4386 sliat
608 4332 779 4405 μέρος
799 4350 856 4387 τι
888 4334 1152 4392 πιστεύω.
1180 4355 1201 4391 ι

2020 3258 2169 3315 tebat
2223 3259 2370 3313 enim
2394 3266 2453 3313 ut
2485 3263 2758 3313 cresceret
2784 3263 2843 3311 et
2884 3256 3061 3326 magis
3087 3261 3381 3326 angeretur
3413 3252 3597 3306 muni-

2020 3349 2243 3406 ﬁcentia
2266 3358 2450 3406 vestra
2480 3364 2610 3405 :vos
2626 3356 2806 3404 autem
2841 3354 3115 3418 receptam
3135 3343 3595 3401 consuetudinem

1996 3478 1999 3481 λ
2026 3441 2380 3507 oblitteratis,
2411 3430 2866 3497 et-admonitione
2902 3453 3022 3494 mea
3047 3452 3186 3508 opus
3218 3433 3512 3502 habuistis,
3532 3441 3595 3488 ut

2022 3535 2096 3590 ad
2127 3532 2431 3603 pristinum
2464 3532 2719 3590 ordinem
2755 3529 3115 3587 revocemini.

2097 3662 2116 3697 ι
2147 3643 2327 3699 Audio
2358 3643 2635 3700 scissuras
2654 3655 2779 3698 esse
2800 3640 2944 3695 inter
2972 3652 3092 3695 vos.
3134 3657 3156 3691 ι

2090 3757 2170 3813 Ne
2216 3763 2477 3827 putarent
2539 3767 2840 3825 egenorum
2898 3749 3169 3807 duntaxat
3194 3746 3373 3821 gratia
3409 3747 3588 3819 ipsum

2020 3849 2193 3922 loqui,
2242 3848 2393 3904 haud
2450 3847 2637 3903 statim
2692 3845 2761 3901 de
2787 3843 2995 3901 mensis
3051 3840 3237 3897 dicere
3272 3840 3488 3910 incipit,
3523 3855 3593 3897 ne

2018 3938 2491 4010 contemptibilem
2522 3935 2690 3991 faciat
2711 3933 3152 4005 objurgationem
3176 3945 3353 3987 suam.
3380 3929 3593 3987 Idcirco

2018 4034 2095 4089 ait
2134 4051 2147 4087 :
2197 4030 2371 4087 Audio
2417 4031 2681 4085 scissuras
2746 4028 2883 4081 inter
2939 4041 3028 4079 vos
3060 4039 3192 4079 esse.
3229 4020 3347 4077 Non
3408 4021 3591 4079 dicit:

2018 4123 2183 4180 audio
2230 4136 2330 4176 vos
2391 4118 2651 4189 privatim
2704 4113 3059 4180 manducare,
3099 4118 3154 4170 et
3185 4126 3296 4167 non
3317 4126 3443 4168 cum
3463 4127 3592 4184 ege-

2018 4214 2128 4270 nis.

2093 4347 2114 4382 ι
2149 4326 2473 4398 Etexparte
2502 4321 2691 4381 credo.
2733 4338 2753 4373 ι

408 4443 529 4497 Ἵνα
556 4442 632 4514 μὴ
669 4444 922 4513 λέγωσιν,
961 4446 1045 4500 ὅτι
1085 4447 1389 4503 Ψεύδονται
1423 4452 1474 4504 ol
1513 4450 1911 4523 διαϐάλλοντες,

2089 4441 2170 4498 Ne
2192 4440 2464 4505 dicerent,
2493 4435 2788 4493 mendaces
2812 4446 2935 4490 esse
2965 4432 3060 4504 qui
3083 4432 3232 4504 ipsos
3256 4429 3593 4497 detulerant,

337 4533 464 4589 οὔτε
499 4536 583 4589 ὅτι
609 4537 881 4601 Πιστεύω,
918 4533 1093 4605 εἷπεν,
1139 4540 1228 4594 ἵνα
1263 4543 1340 4612 μὴ
1388 4545 1911 4616 ἀναισχυντοτέρους

339 4626 563 4697 ποιήσῃ·
595 4624 725 4680 οὔτε
752 4628 936 4694 πάλιν,
955 4630 1039 4682 ὅτι
1073 4628 1336 4699 Ἀπιστῶ,
1364 4631 1452 4685 ἵνα
1479 4634 1553 4704 μὴ
1574 4634 1701 4704 δόξῃ
1730 4635 1910 4706 μάτην

336 4716 635 4789 δπιτιμᾷνο
681 4718 798 4773 ἀλλ’
826 4719 894 4774 ὲκ
923 4721 1123 4792 μέρους
1154 4717 1310 4779 εἶπεν
1353 4724 1657 4792 πιστεύειν,
1684 4728 1911 4795 ,ἐναγω-

334 4807 483 4873 νίους
510 4809 713 4876 αὐτοὺς
732 4810 924 4880 ποιῶν,
949 4812 1046 4867 καὶ
1085 4815 1173 4879 εἰς
1196 4814 1424 4887 τὴν-τῆς
1449 4815 1790 4889 διορθώσεως
1813 4834 1913 4873 κα-

334 4898 441 4956 λῶν
459 4902 743 4958 ἐπάνοδον.

407 5032 432 5067 ι
453 5015 549 5068 Δεῖ
564 5013 678 5086 γὰρ
706 5014 802 5070 καὶ
823 5014 1067 5088 αἱρέσεις
1092 5016 1155 5070 ἐν
1181 5016 1314 5088 ὑμῖν
1341 5012 1504 5073 εῖναι.
1527 5037 1553 5073 ι

381 5103 662 5195 Ἀιρέσεις
701 5124 957 5190 ἐνταῦθα,
1002 5126 1067 5180 οὐ
1119 5126 1221 5191 τὰς
1251 5126 1360 5183 τῶν
1409 5129 1717 5202 δογμάτων,
1772 5131 1913 5187 ἀλλά

331 5214 431 5279 τάς
460 5215 572 5270 τῶν
600 5215 1102 5289 σχισμάτωνίφησί.
1134 5218 1304 5274 Τοῦτο
1331 5220 1388 5274 δὲ
1409 5221 1581 5290 λέγει,
1604 5224 1707 5276 οὐκ
1735 5206 1915 5294 ἀνάγέ

334 5322 440 5377 κην
497 5307 623 5359 τινὰ
661 5306 757 5360 καὶ
782 5306 903 5377 βίαν
926 5307 1157 5377 ἐφιστὰς
1174 5307 1255 5380 τῷ
1284 5308 1413 5380 βίῳ,
1442 5310 1579 5365 ἀλλὰ
1607 5311 1668 5366 τὸ
1691 5313 1912 5379 πάντως

334 5398 591 5469 ἐσόμενον
617 5399 683 5452 lx
699 5397 799 5470 τῆς
821 5399 1189 5470 πονηρᾶίτῶν
1205 5400 1302 5455 ἀνθ
1311 5401 1509 5473 ρώπων
1528 5401 1755 5475 γνώμης
1775 5421 1912 5476 προ-

333 5487 528 5559 λέγων,
553 5490 694 5560 ὄπερ
718 5488 922 5560 ἤμελλε
947 5487 1218 5557 γίνεσθαι,
1239 5492 1301 5545 οὐ
1320 5490 1408 5546 διὰ
1424 5491 1522 5563 τὴν
1548 5492 1714 5546 αὐτοῦ
1736 5493 1910 5566 πρόρ-

336 5580 521 5651 ὐησιν,
555 5579 695 5635 ἀλλὰ
721 5578 814 5635 διὰ
850 5579 949 5651 τὴν
979 5579 1090 5636 τῶν
1126 5582 1366 5648 ἀνιάτως
1392 5582 1628 5654 ἐχόντων
1659 5582 1907 5656 γνώμην.

372 5755 560 5815 "Act.
601 5774 663 5829 ιι,
691 5760 779 5815 ιθ.
854 5717 1039 5814 “Aet.
1103 5775 1155 5826 v,
1211 5758 1307 5815 '59.

2021 4548 2130 4590 non
2184 4532 2263 4588 ait
2312 4545 2373 4588 se
2402 4528 2631 4585 credere
2647 4541 2717 4582 ne
2753 4522 3190 4595 impudentiores
3245 4522 3541 4579 evaderent
3576 4537 3591 4576 :

2020 4638 2202 4696 neque
2243 4637 2465 4679 rursum
2518 4634 2580 4677 se
2627 4632 2739 4674 non
2779 4612 3023 4683 credere,
3071 4628 3141 4671 ne
3172 4628 3457 4686 perperam
3507 4629 3594 4669 re-

2018 4715 2366 4789 prehendere
2411 4711 2730 4778 videretur;
2772 4709 2871 4766 sed
2930 4723 2996 4765 ex
3067 4715 3222 4778 parte
3264 4720 3324 4762 se
3367 4705 3594 4762 credere

2019 4806 2377 4879 signiﬁcavit,
2444 4817 2555 4875 quo
2595 4815 2694 4858 eos
2750 4798 3095 4855 ardentiores
3133 4794 3358 4863 faceret,
3412 4803 3468 4851 et
3524 4794 3593 4850 ad

3124 4886 3149 4913 ι

2018 4897 2464 4955 emendationem
2495 4897 2844 4964 provocaret.

2084 5003 2613 5076 Vens.i9.«0portet
2636 5003 2785 5062 enim
2812 5008 2867 5059 et
2888 5001 3125 5058 haereses
3156 4973 3209 5055 in
3238 4997 3395 5055 vobis
3411 5010 3587 5055 esse.»
3652 5062 3655 5067 ι

2086 5120 2338 5179 Ηιετεεεε
2387 5119 2481 5175 hic
2514 5128 2700 5185 vocat,
2733 5132 2847 5175 non
2881 5132 3006 5189 quae
3033 5115 3326 5182 doctrinis,
3348 5112 3444 5171 sed
3465 5128 3593 5184 qua:

2014 5214 2262 5273 dissidiis
2284 5220 2569 5271 constant.
2620 5209 2713 5267 Sic
2735 5224 2864 5266 vero
2890 5208 3160 5279 loquitur,
3189 5221 3301 5262 non
3344 5205 3499 5274 101
3523 5212 3589 5259 ut

2013 5308 2405 5366 necessitatem
2432 5303 2679 5373 aliquam
2706 5311 2764 5357 et
2806 5301 2918 5357 vim
2943 5299 3074 5356 huic
3105 5307 3315 5354 nostra:
3338 5298 3466 5352 vitae
3482 5297 3593 5352 im-

2011 5406 2203 5470 ponat,
2234 5396 2332 5455 sed
2368 5402 2429 5451 ut
2482 5391 2818 5465 praenuntiet
2885 5388 3022 5460 quid
3074 5387 3302 5444 omnino
3344 5384 3593 5440 futurum

2013 5491 2088 5549 sit
2111 5506 2180 5549 ex
2218 5502 2389 5562 pravo
2417 5484 2709 5543 hominum
2744 5481 3001 5538 consilio.
3042 5479 3101 5536 id
3132 5477 3279 5550 quod
3306 5476 3471 5549 plane
3497 5475 3595 5531 de-

2012 5584 2180 5642 bebat
2223 5580 2500 5647 accidere,
2557 5590 2670 5636 non
2712 5581 2935 5648 propter
2979 5569 3455 5646 praedicationem,
3495 5565 3609 5623 sed.
