3972 6412
335 403 445 469 659

1501 411 1564 472 S.
1600 410 1921 472 JOANNIS
1961 409 2395 474 DAMASCENI

3485 421 3594 486 660

275 541 282 548 -
337 525 562 589 propter
597 517 1056 574 immedicabilem
1097 533 1289 574 eorum
1314 521 1410 592 qui
1437 523 1510 577 ita
1532 521 1710 580 ail'ecti
1742 530 1922 588 erant,

2052 524 2106 578 )6
2137 504 2248 596 γάρ
2286 525 2477 598 ἐπειδὴ
2507 527 2794 596 προεῖπεν,
2827 525 3064 596 ἐγένετο,
3100 525 3213 580 ἀλλ’
3248 527 3437 600 ἐπειδὴ
3464 532 3592 585 πάν-

335 611 699 665 voluntatem.
763 609 882 664 Non
933 611 1080 664 enim
1137 612 1220 668 sic
1251 613 1462 679 evenit,
1493 615 1622 686 quia
1659 629 1918 685 praenun-

339 700 574 757 tiaverat
607 717 622 754 :
673 701 923 772 quinimo
952 703 1083 774 quia
1128 704 1209 760 sic
1231 716 1350 761 erat
1380 706 1651 774 futurum,
1708 706 1922 765 idcirco

337 791 746 862 pratnuntiavit.

413 902 432 935 ι
481 883 550 938 Ut
580 894 634 939 et
664 885 905 956 probati,
953 887 1230 945 manifesti
1269 889 1401 943 [iam
1430 889 1486 944 in
1511 889 1686 946 vobis.
1727 911 1745 943 ›

411 975 484 1030 Ut
543 971 792 1049 fulgeant
824 981 1024 1050 magis.
1059 979 1154 1037 liis
1201 982 1465 1036 nimirum
1499 983 1684 1039 verbis
1704 983 1918 1054 signifi-

336 1082 465 1124 care
525 1070 665 1135 vult,
711 1085 822 1125 non
859 1071 1037 1126 solum
1102 1073 1208 1127 hoc
1256 1073 1393 1129 nihil
1433 1089 1633 1130 nocere
1687 1074 1799 1130 illis
1825 1076 1921 1145 qui

338 1159 553 1228 probati
583 1169 1016 1232 constantesque
1038 1163 1173 1231 sint,
1203 1165 1336 1235 quin
1373 1168 1553 1236 potius
1594 1182 1691 1223 cos
1742 1168 1794 1223 in
1828 1170 1914 1223 lu-

335 1263 454 1305 cem
490 1250 736 1320 proferre
766 1261 822 1306 et
871 1252 1137 1308 clariores
1178 1253 1427 1309 reddere.
1457 1253 1592 1310 Nam
1627 1257 1918 1327 particula,

339 1353 417 1409 ιιι,
448 1359 555 1397 non
581 1358 805 1398 causam
842 1345 1137 1416 signiﬁcat,
1175 1346 1269 1402 sed
1293 1347 1742 1418 frequentissime
1772 1352 1920 1424 ipsos

339 1448 560 1505 quoque
605 1449 788 1490 rerum
821 1445 1050 1493 eventus
1086 1455 1098 1491 :
1159 1439 1324 1493 veluti
1361 1456 1488 1495 cum
1519 1441 1776 1498 Christus
1808 1443 1922 1500 aie-

341 1528 432 1581 bat
459 1544 471 1578 :
511 1526 579 1581 In
600 1527 863 1596 judicium
914 1545 1006 1601 ego
1030 1532 1143 1584 veni
1187 1532 1242 1584 in
1275 1532 1410 1587 hunc
1441 1535 1716 1601 mundum,
1748 1545 1805 1589 ut
1831 1537 1920 1605 qui

341 1634 443 1672 non
494 1619 692 1684 vident,
737 1622 969 1688 videant,
1000 1632 1051 1676 et
1097 1625 1192 1693 qui
1227 1625 1422 1690 vident,
1460 1628 1586 1681 eieci
1612 1629 1770 1697 ﬁant.
1799 1626 1920 1683 Non

339 1711 500 1781 quasi
538 1711 746 1767 idcirco
773 1714 1004 1778 venerit,
1048 1725 1106 1770 ut
1139 1717 1234 1787 qui
1255 1717 1505 1773 viderent
1556 1718 1922 1774 redderentur

339 1804 506 1872 caeci;
548 1804 643 1860 sed
673 1814 867 1860 contra
927 1816 987 1861 ut
1019 1810 1149 1864 caeci
1193 1809 1442 1866 videntes
1507 1811 1721 1866 tierent.
1755 1811 1915 1878 Quod

339 1869 561 1964 quidem
587 1896 835 1968 contigit.
863 1897 954 1954 Sic
985 1900 1150 1954 etiam
1179 1901 1234 1954 in
1255 1900 1363 1956 isto
1392 1901 1514 1956 loco
1540 1902 1752 1958 dictum
1776 1903 1922 1960 istud
1955 1869 1997 1926 Β

340 1986 524 2056 debet,
554 1987 620 2041 Ut
641 1990 732 2059 qui
766 1990 975 2058 probati
1001 2003 1146 2058 sunt,
1179 1993 1452 2062 manifesti
1483 1995 1639 2064 ﬁant.

440 2163 609 2221 Vens.
673 2165 766 2220 20.
838 2183 858 2216 ι
903 2165 1379 2225 Convenientibus
1445 2185 1577 2240 ergo
1653 2172 1809 2227 vobis
1869 2173 1922 2227 in

344 2267 539 2318 unum,
577 2252 690 2322 jam
733 2268 844 2308 non
907 2265 994 2310 est
1032 2255 1370 2312 Dominicam
1421 2272 1638 2314 coenam
1691 2260 1925 2316 mandu-

346 2357 495 2399 care.
528 2361 548 2396 ι

418 2434 540 2491 Non
601 2436 728 2492 ait:
767 2440 1230 2497 convenientibus
1279 2441 1442 2498 vobis
1497 2442 1609 2512 jam
1671 2458 1782 2499 non
1842 2453 1929 2500 est

349 2541 540 2583 mensa
585 2531 867 2586 communi
932 2533 1321 2590 manducare:
1376 2532 1472 2589 sed
1533 2549 1753 2589 rursum
1819 2535 1927 2591 alio

349 2615 533 2682 modo,
591 2627 646 2673 et
683 2633 798 2689 quo
829 2621 1097 2691 majorem
1147 2622 1231 2678 eis
1275 2629 1548 2680 terrorem
1576 2625 1833 2691 incutiat,
1859 2627 1928 2682 ad

349 2720 632 2779 vesperam
669 2711 820 2767 illam
859 2727 954 2770 eos
981 2713 1214 2785 relegat,
1269 2715 1325 2771 in
1353 2731 1461 2787 qua
1485 2715 1743 2774 Christus
1774 2733 1928 2776 reve-

349 2799 518 2856 renda
545 2804 936 2876 tremendaque
961 2807 1227 2878 mysteria
1261 2808 1509 2865 tradidit.

419 2892 586 2950 Vens.
612 2894 705 2951 21.
740 2915 760 2947 ι
784 2896 1179 2968 Unusquisque
1217 2899 1363 2954 enim
1411 2902 1687 2973 propriam
1715 2916 1928 2959 coenam

351 2985 636 3053 praesumit
657 2987 724 3042 ad
753 2988 1223 3045 manducandum.
1252 3009 1272 3042 ι

427 3071 565 3130 Vide
597 3076 873 3145 quomodo
924 3087 1330 3138 commonstret
1368 3097 1466 3139 eos
1501 3084 1801 3154 ignominia
1840 3101 1929 3142 se—

2021 633 2131 681 τως
2159 616 2354 696 ἔμελλε
2385 616 2667 686 γενέσθαι,
2698 617 2786 671 διὰ
2815 615 2976 670 τοῦτο
3006 619 3290 688 προεῖπεν.

2101 902 2119 934 ι
2145 883 2264 936 Ἵνα
2295 883 2345 936 οἱ
2376 883 2593 954 δόκιμοι
2624 883 2849 954 φανεροὶ⁴
2875 885 3143 953 γένωνται
3167 885 3224 936 έν
3255 885 3404 958 ὑμῖν.
3441 906 3461 940 ι

2095 976 2216 1030 Ἵνα
2268 975 2529 1046 λάμψωσι
2561 976 2847 1047 μειζόνως.
2901 979 2967 1030 Ὃ
3013 977 3071 1031 δὲ
3119 978 3371 1048 βούλεται
3404 962 3591 1045 εἰπεῖν.

2020 1066 2260 1119 τοιοῦτόν
2285 1068 2452 1130 ἐστιν,
2488 1068 2572 1120 ὅτι
2625 1067 2766 1132 Τοὺς
2791 1067 3050 1138 ᾶοκίμους
3091 1069 3185 1122 καὶ
3224 1072 3500 1144 στερεοὺς,
3539 1073 3595 1126 οὐ

2027 1157 2190 1227 μόνον
2217 1158 2374 1211 οὐδὲν
2407 1158 2568 1214 τοῦτο
2598 1159 3006 1231 παραϐλὰπτει,
3038 1160 3174 1216 ἀλλὰ
3219 1163 3313 1216 καὶ
3361 1163 3597 1218 δείκνυσι

2028 1249 2254 1321 μᾶλλον,
2289 1253 2386 1306 καὶ
2412 1251 2835 1324 λαμπροτέρους
2873 1254 3196 1324 ἀποφαίνει·
3227 1255 3289 1308 τὸ
3318 1257 3446 1326 γὰρ,
3478 1257 3594 1323 ἵνα,

2022 1343 2122 1395 οὐκ
2150 1341 2486 1411 αἰτιολογίας
2523 1343 2697 1408 ἐστὶν,
2731 1342 2868 1396 ἀλλὰ
2899 1343 3194 1414 πολλαχοῦ,
3231 1345 3324 1398 καὶ
3355 1346 3456 1417 τῆς
3491 1345 3598 1400 τῶν

2023 1435 2372 1504 πραγμάτων
2423 1434 2732 1500 ἐκϐάσεως·
2774 1419 2884 1489 οἷον
2917 1437 3044 1491 ὅταν
3075 1439 3102 1490 6
3144 1437 3379 1509 Χριστὸς
3426 1438 3594 1508 λέγῃ·

2019 1528 2122 1592 Εἰς
2151 1525 2332 1596 κρῖμα
2365 1525 2482 1596 ἐγὼ
2501 1529 2590 1594 εις
2624 1527 2732 1581 τὸν
2760 1527 2994 1597 κόσμον
3012 1527 3228 1583 τοῦτον
3259 1525 3468 1600 ἦλθον,
3503 1530 3600 1583 ἵνα

2023 1621 2077 1672 οὶ
2108 1618 2195 1688 μὴ
2231 1619 2578 1684 βλέποντες
2603 1619 2908 1684 βλέπωσι,
2946 1621 3046 1675 καί
3080 1623 3134 1675 οἱ
3161 1620 3246 1691 μὴ
3263 1621 3600 1689 ,ϐλέποντες

2024 1711 2242 1780 τυφλοί
2270 1706 2404 1767 ὦσι.
2432 1711 2544 1766 Καὶ
2574 1711 2682 1782 μὴν
2702 1713 2762 1766 οὺ
2785 1711 2875 1766 διὰ
2899 1713 3061 1766 τοῦτο
3087 1707 3274 1785 ἦλθεν,
3293 1713 3380 1769 ἵνα
3399 1716 3447 1767 οἱ
3479 1714 3598 1784 βλέ-

2038 1821 2238 1866 ποντες
2273 1803 2464 1873 τυφλοὶ
2493 1805 2783 1873 γένωνται,
2829 1805 2967 1860 ἀλλὰ
3019 1806 3082 1860 τὸ
3133 1806 3398 1871 ἐναντίον,
3433 1807 3520 1861 ἵνα
3551 1808 3600 1861 οἱ

2034 1894 2225 1964 τυφλοὶ
2253 1893 2492 1965 βλέψωσι
2517 1912 2530 1926 °
2564 1895 2766 1962 συνέϐη
2792 1896 2848 1950 δὲ
2872 1893 3050 1952 τοῦτο.
3074 1897 3234 1951 Οὕτω
3254 1897 3347 1951 καὶ
3369 1894 3602 1951 ἐνταῦθα

2026 1989 2230 2059 γνῶναι
2275 1988 2359 2042 δεῖ
2405 1987 2501 2054 τὸ,
2536 1989 2662 2043 ἰνα
2712 1992 2764 2044 οἱ
2812 1989 3045 2059 δόκιμοι
3101 1989 3347 2060 φανεροὶ
3389 1988 3602 2059 γένων-

2027 2099 2142 2136 ται.

2108 2195 2126 2227 ι
2153 2173 2577 2246 Συνερχομένων
2603 2169 2696 2229 οὖν
2727 2173 2882 2244 ὑμῶν
2929 2172 3024 2228 ἐπὶ
3069 2171 3130 2226 τὸ
3159 2169 3311 2239 αὐτὸ,
3348 2169 3451 2225 οὐκ
3488 2168 3602 2224 έστι

2027 2265 2314 2340 Κυριακδν
2343 2267 2558 2322 δεῖπνον
2591 2269 2807 2337 φαγεῖν.
2840 2285 2857 2317 ι

2101 2448 2215 2501 Ούκ
2255 2441 2402 2510 εἷπε,
2459 2445 2873 2516 συνερχομένων
2912 2443 3104 2517 ὑμῶν,
3142 2443 3244 2497 οὐκ
3280 2441 3397 2497 ἐστι
3447 2445 3599 2516 κοινῇ

2032 2542 2250 2610 φαγεῖν,
2277 2537 2414 2594 ἀλλὰ
2440 2539 2604 2592 πάλιν
2630 2537 2835 2609 ἑτέρως
2865 2539 2962 2592 καὶ
2993 2536 3129 2591 πολὺ
3155 2535 3403 2607 φοϐερῶς
3425 2537 3602 2590 αὐτῶν

2031 2632 2394 2698 καθάπτεται,
2438 2632 2520 2695 είς
2557 2631 2776 2702 ἐκείνην
2824 2630 3022 2692 αὐτοὺς
3073 2632 3463 2704 παραπέμπων
3507 2628 3605 2699 τὴν

2031 2725 2295 2793 ἑσπέραν,
2328 2727 2385 2778 ὲν
2466 2723 2536 2777 τὰ
2570 2721 2746 2776 σεπτὰ
2781 2722 2876 2776 καὶ
2907 2722 3111 2794 φρικτὰ
3157 2722 3432 2794 μυστήρια
3461 2737 3606 2792 παρ-

2031 2817 2236 2872 έδωκεν
2265 2817 2294 2868 6
2324 2815 2579 2887 Χριστός.

2109 2908 2424 2970 «Ἕκαστος
2466 2905 2576 2976 γὰρ
2602 2904 2664 2958 τὺ
2717 2903 2849 2958 ἴδιον
2885 2905 3101 2958 δεῖπνον
3145 2900 3520 2976 προλαμϐάνει
3552 2902 3610 2956 ἒν

2032 2999 2110 3071 τῷ
2133 3001 2351 3068 φαγεῖν.
2381 3017 2399 3050 ›
3125 3015 3127 3018 ·

2109 3095 2254 3164 Ὅρα
2280 3091 2399 3155 πῶς
2426 3090 2704 3144 δείκνυσιν
2728 3088 2926 3153 αὐτοὺς
2960 3088 3190 3152 ἑαυτοὺς
3220 3084 3612 3156 καταισχύνον-

353 3168 510 3238 ipsos
559 3168 794 3236 allicere,
843 3172 937 3242 qui
996 3175 1282 3244 proprium
1333 3175 1440 3232 sibi
1492 3174 1743 3231 facerent
1781 3178 1926 3246 quod

2052 3199 2156 3249 ιας,
2185 3183 2320 3236 ὅπου
2352 3197 2418 3249 γε
2449 3179 2511 3233 τὸ
2544 3179 2827 3252 κυριακὸν
2861 3178 3128 3232 ἰδιωτικὸν
3156 3177 3422 3252 ποιοῦ-σιν.
3447 3175 3615 3244 Λέγει

353 3257 703 3316 Dominicum
733 3271 838 3318 est.
893 3263 1062 3321 Docet
1098 3280 1228 3337 ergo
1256 3268 1500 3323 omnino
1555 3271 1926 3326 necessarium

2052 3271 2151 3341 ιῦν,
2171 3276 2248 3338 ὡς
2275 3275 2357 3342 δεῖ
2383 3273 2445 3328 τὸ
2477 3271 2761 3341 κυριακὸν
2788 3271 3002 3351 δεῖπνον
3026 3269 3206 3325 κοινὸν
3239 3266 3400 3324 εἶναι.

351 3363 474 3405 esse
508 3358 569 3405 ut
613 3349 899 3408 Dominica
927 3368 1083 3410 coena
1143 3356 1219 3412 sit
1281 3359 1620 3414 communis.

425 3457 446 3490 ε
486 3437 553 3494 Ει
610 3441 754 3498 alius
807 3443 1028 3514 quidem
1089 3447 1286 3514 esurit,
1326 3448 1472 3504 alius
1525 3456 1708 3506 autem
1740 3451 1928 3509 ebrius

350 3535 456 3586 est.
494 3549 512 3582 ι

422 3620 562 3679 Cum
611 3620 866 3690 dixisset,
923 3630 1222 3695 praesumit,
1278 3629 1429 3699 ipsos
1494 3630 1662 3687 tacito
1703 3630 1927 3700 feriens,

352 3708 492 3778 gulre
525 3710 735 3767 crimen
795 3712 1109 3787 subiungit,
1171 3728 1225 3773 et
1257 3720 1406 3789 quod
1444 3723 1718 3791 sequitur,
1783 3726 1928 3796 quod

354 3801 557 3858 acriter
615 3804 914 3873 percellat;
974 3806 1299 3864 ebrietatem
1333 3811 1566 3868 scilicet.
1601 3813 1770 3886 Atqui
1815 3815 1931 3872 haec

355 3893 516 3949 ambo
539 3894 991 3952 incontinentiam
1025 3899 1410 3968 praeferebant.

426 3985 594 4042 Vens.
629 3988 722 4042 22.
762 4007 782 4041 ι
820 3987 1078 4060 Nunquid
1137 3992 1283 4046 enim
1339 3992 1533 4050 domos
1565 4010 1674 4050 non
1718 3996 1930 4054 habetis

354 4075 422 4131 ad
477 4079 924 4136 manducandum
965 4089 1020 4137 et
1073 4081 1423 4140 bibendum?
1464 4086 1575 4141 Aut
1628 4086 1930 4145 Ecclesiam

356 4167 458 4223 Dei
491 4171 909 4228 contemnitis?»

426 4255 699 4317 Observes
723 4262 885 4318 velim
924 4277 1030 4333 qua
1067 4263 1286 4322 ratione
1339 4281 1370 4319 a
1419 4267 1748 4322 contumelia
1795 4283 1932 4338 pau-

355 4361 550 4418 perum
585 4351 652 4405 ad
677 4350 982 4409 Ecclesiam
1015 4353 1228 4412 crimen
1250 4356 1534 4425 transfert,
1552 4373 1662 4428 quo
1686 4361 1930 4430 asperio-

353 4453 472 4496 rem
511 4442 818 4499 orationem
849 4444 1037 4501 addat.

2120 3476 2138 3511 ι
2164 3456 2275 3513 Καὶ
2301 3453 2492 3526 ὃςμὲν
2525 3455 2704 3526 πεινᾷ,
2738 3454 2795 3516 ὃς
2834 3452 2892 3507 δὲ
2927 3451 3136 3522 μεθύει.
3162 3469 3182 3503 ι

2109 3635 2388 3708 Εῐρηκὼς,
2444 3631 2857 3703 προλαμϐάνει
2891 3629 2986 3684 καὶ
3029 3629 3216 3700 ἡρέμα
3257 3625 3492 3695 πλήξας,
3533 3627 3619 3689 εἰς

2037 3727 2373 3806 λαιμαργίαν
2423 3725 2640 3793 ἐπάγει,
2674 3723 2768 3777 καὶ
2811 3722 2874 3776 τὸ
2923 3723 3051 3793 ἑξῆς
3090 3719 3389 3791 πληκτικὸν
3432 3717 3512 3782 ὃν,
3552 3717 3620 3769 τὸ

2047 3818 2288 3889 μεθύειν,
2319 3817 2466 3888 ἅπερ
2495 3815 2781 3887 ἀμφότερα
2811 3812 3079 3885 ἀμετρίας
3102 3807 3189 3882 ἦν.

2120 4017 2137 4048 ι
2169 3997 2259 4068 Μὴ
2307 3995 2418 4067 γὰρ
2459 3993 2638 4056 οἰκίας
2687 3992 2786 4046 οὐκ
2818 3989 2973 4061 ἔχετε
3015 3991 3094 4053 είς
3155 3987 3216 4040 τὸ
3263 3986 3464 4040 ἐσθίειν
3520 3983 3624 4038 καὶ

2040 4090 2254 4155 πίνειν;
2322 4087 2354 4156 ἢ
2429 4086 2529 4156 τῆς
2593 4083 2922 4152 Ἑκκλησίας
2985 4079 3078 4134 τοῦ
3153 4078 3287 4134 Θεοῦ
3343 4094 3627 4148 καταφρο-

2039 4181 2182 4234 νεῖτε
2205 4197 2220 4246 ;
2256 4196 2275 4231 ι

2117 4274 2263 4342 Ὅρα
2299 4269 2415 4333 πῶς
2444 4268 2552 4322 ἀπὺ
2589 4267 2692 4337 τῆς
2721 4264 2830 4319 τῶν
2861 4265 3110 4335 πενήτων
3149 4261 3361 4334 ὕϐρεως
3395 4260 3486 4314 ἐπὶ
3516 4257 3626 4328 τὴν

2053 4362 2387 4434 Ἐκκλησίαν
2415 4361 2696 4432 μετήγαγε
2716 4357 2778 4412 τδ
2804 4356 3076 4427 ἔγκλημα,
3099 4355 3185 4408 ἵνα
3215 4351 3630 4424 φορτικώτερον

2045 4457 2250 4528 ποιήσῃ
2271 4454 2363 4508 τὸν
2383 4453 2564 4520 λόγον.

432 4551 456 4584 ι
493 4532 560 4588 Et
606 4535 952 4594 confunditis
976 4553 1071 4596 eos
1108 4540 1206 4610 qui
1239 4555 1353 4598 non
1400 4541 1650 4598 habent?
1681 4543 1813 4615 quid
1840 4543 1926 4600 di-

2120 4568 2139 4601 ι
2169 4547 2282 4603 Καὶ
2341 4543 2732 4613 καταισχύνετε
2766 4541 2893 4603 τοὺς
2949 4538 3024 4609 μὴ
3079 4536 3330 4608 έχονταςς
3373 4533 3428 4588 τί
3476 4533 3632 4587 timo

355 4635 477 4680 eam
508 4625 698 4682 vobis?
730 4627 895 4684 laudo
917 4630 1055 4686 vos?
1077 4630 1133 4685 in
1162 4631 1267 4688 hoc
1291 4647 1402 4687 non
1438 4632 1624 4689 laudo.
1661 4652 1680 4686 ι

424 4713 506 4770 ita
533 4715 800 4788 loquitur,
826 4726 890 4774 ut
919 4721 1176 4777 ostendat
1229 4737 1340 4779 non
1380 4730 1594 4778 tantum
1622 4739 1682 4780 se
1703 4724 1932 4780 alendo-

355 4821 480 4863 rum
531 4823 830 4882 egenorum
862 4828 988 4871 esse
1023 4815 1349 4882 sollicitum,
1409 4823 1682 4888 quantum
1721 4817 1936 4888 injuriae

358 4911 480 4968 quae
499 4897 609 4956 illis
637 4901 1008 4972 irrogabatur.

429 4984 599 5043 Vens.
628 4987 822 5044 23-27.
865 5011 883 5045 ι
912 4991 1029 5064 Ego
1043 4994 1190 5049 enim
1224 4995 1417 5064 accepi
1447 5011 1476 5050 a
1502 4995 1755 5063 Domino,
1787 4997 1933 5068 quod

356 5090 412 5138 et
435 5081 635 5137 tradidi
692 5084 882 5152 vobis“,
914 5086 1176 5155 quoniam
1230 5085 1494 5141 Dominus
1526 5085 1706 5154 Iesus,
1739 5087 1793 5141 in
1827 5103 1935 5156 qua

357 5179 516 5229 nocte
538 5172 878 5241 tradebatur,
927 5175 1140 5248 accepit
1171 5189 1389 5245 panem,
1412 5183 1465 5231 et
1494 5177 1701 5247 gratias
1764 5190 1932 5248 agens

356 5261 544 5336 fregit,
570 5271 627 5321 et
660 5265 799 5320 dixit
836 5282 850 5320 :
892 5266 1171 5337 Accipite,
1215 5274 1272 5323 et
1311 5267 1679 5324 manducate:
1711 5268 1816 5324 hoc
1849 5278 1934 5325 est

355 5370 560 5428 corpus
590 5372 799 5422 meum,
831 5358 976 5428 quod
1002 5373 1101 5430 pro
1127 5359 1283 5416 vobis
1302 5358 1589 5427 tradetur;
1625 5360 1732 5416 hoc
1766 5360 1930 5416 facite

259 5454 268 5462 ’
360 5448 420 5513 in
453 5463 631 5506 meam
663 5451 1274 5508 commemorationem.
1333 5450 1602 5507 Similiter
1627 5462 1680 5507 et
1702 5451 1933 5508 calicem

361 5549 656 5611 postquam
687 5543 951 5609 cantavit,
981 5543 1173 5600 dicens
1196 5562 1209 5600 :
1234 5543 1336 5599 ilic
1366 5544 1510 5598 calix
1538 5559 1744 5600 novum
1768 5551 1935 5599 testa-

358 5641 602 5688 mentum
653 5641 739 5690 est
781 5634 836 5688 in
872 5649 994 5692 meo
1021 5636 1311 5706 sanguine.
1352 5635 1468 5690 iloc
1500 5635 1659 5693 facile
1686 5636 1932 5706 quoties.-

293 5729 302 5740 '
358 5738 585 5794 cunque
668 5724 896 5793 bibetis,
949 5727 1006 5781 in
1061 5741 1235 5784 meam
1314 5728 1925 5782 commemorationem.

365 5813 816 5889 Quotiescunque
874 5818 1021 5875 enim
1072 5817 1480 5875 manducabilis
1532 5832 1728 5888 panem
1762 5817 1926 5884 hunc,

2047 4642 2218 4712 ὑμῖν;
2248 4637 2524 4692 ἐπαινέσω
2558 4634 2738 4704 ὑμᾶς;
2765 4633 2824 4686 ὲν
2851 4629 3027 4698 τούτῳ
3061 4629 3162 4682 οὐκ
3189 4625 3416 4680 ἐπαινῶ.
3447 4643 3466 4676 ι

2114 4728 2286 4797 Τοῦτό
2319 4743 2477 4796 φησι,
2507 4724 2745 4789 δεικνὺς,
2779 4721 2859 4785 ὡς
2894 4720 2957 4774 ού
2980 4717 3237 4773 τοσοῦτον
3272 4720 3385 4778 τοῖς
3414 4715 3628 4785 πένησι

2045 4819 2255 4892 τροφῆς
2288 4817 2463 4890 μέλει,
2491 4815 2614 4868 ὅσον
2640 4813 2738 4884 τῆς
2767 4811 2979 4883 ὕϐρεως
3011 4809 3111 4881 τῆς
3143 4810 3223 4872 είς
3250 4807 3447 4871 αὐτοὺς
3471 4821 3629 4886 γινο-

2085 4912 2232 4972 ένης.

2045 4931 2302 5068 μεῖᾨὲγὼ
2324 4998 2432 5069 γὰρ
2457 4993 2768 5068 παρέλαϐον
2795 4992 2904 5048 ἀπὸ
2926 4992 3020 5047 τοῦ
3044 4991 3276 5062 Κυρίου,
3298 4989 3326 5042 ὃ
3352 4988 3440 5044 καῖ
3476 5005 3634 5058 παρ-

2040 5094 2219 5147 έὸωκα
2260 5091 2411 5161 ὑμῖν,
2463 5088 2548 5141 ὅτι
2595 5088 2624 5139 ὁ
2667 5083 2871 5156 Κύριος
2907 5081 3114 5155 Ἰησοῦς
3164 5083 3223 5134 ὲν
3273 5082 3339 5152 τῇ
3380 5079 3528 5133 νυκτὶ
3585 5072 3634 5140 ἦ

2041 5177 2383 5250 παρεδίδοτο,
2408 5174 2602 5228 ἔλαϐεν
2631 5174 2822 5245 ἄρτον,
2855 5173 2952 5228 καὶ
2970 5170 3372 5244 εὐχαριστήσας
3397 5168 3617 5234 έκλασε,

2041 5271 2135 5324 κα)⁸
2159 5264 2340 5322 εἷπεν·
2375 5265 2608 5331 Λάϐετε,
2637 5265 2865 5335 φάγετε,
2888 5263 3046 5317 τοῦτό
3074 5263 3175 5334 μού
3203 5264 3318 5315 ἐστι
3337 5261 3400 5315 τὸ
3434 5261 3630 5332 σῶμα,

2036 5361 2097 5415 τὸ
2145 5359 2286 5430 ὑπὲρ
2340 5356 2498 5429 ὑμῶν
2557 5356 2868 5428 κλώμενον·
2906 5355 3063 5408 τοῦτο
3122 5355 3328 5408 ποιεῖτε
3385 5353 3467 5416 είς
3518 5349 3636 5423 τὴν

2038 5449 2179 5521 ἐμὴν
2208 5447 2537 5518 ἀνάμνησιν.
2573 5445 2851 5509 Ὡσαύτως
2873 5444 2969 5498 καὶ
2997 5441 3059 5497 τὸ
3093 5443 3353 5512 ποτήριον
3389 5439 3529 5512 μετὰ
3556 5441 3637 5494 τὸ

2035 5542 2348 5613 δειπιῆσαι,
2379 5538 2590 5608 λέγων’
2617 5535 2787 5591 Τοῦτο
2826 5537 2888 5590 τὸ
2930 5535 3247 5607 ποτήριονή
3300 5533 3460 5603 καινὴ
3495 5531 3630 5586 δια-

2038 5635 2183 5705 Θήκη
2215 5633 2362 5687 ἐστὶν
2393 5634 2450 5686 ὲν
2467 5631 2544 5702 τῷ
2575 5631 2693 5701 ἐμῷ
2721 5629 2914 5701 αἵματι
2935 5645 2949 5661 ο
2987 5627 3148 5682 τοῦτο
3187 5627 3394 5679 ποιεῖτε
3424 5624 3638 5686 ὁσάκις

2041 5726 2108 5779 ἂν
2140 5719 2354 5795 πίνητε,
2391 5725 2471 5786 εἰς
2494 5722 2592 5793 τὴν
2622 5721 2761 5793 ἐμὴν
2794 5720 3123 5792 ἀνάμνησιν.
3167 5717 3389 5780 Ὁσάκις
3409 5715 3517 5784 γάρ
3548 5713 3636 5766 ἂν

2045 5816 2261 5888 ἐσθίητε
2295 5816 2385 5872 τὸν
2435 5814 2599 5887 ἄρτον
2653 5812 2861 5883 τοῦτον,
2903 5813 3004 5873 καὶ
3051 5813 3112 5872 τὸ
3158 5810 3416 5883 ποτήριον
3457 5806 3636 5862 τοῦτο
