3972 6384
333 403 429 472 661

1492 419 1574 480 ΙΝ
1615 419 1854 482 EPIST.
1885 423 1984 484 AD
2024 423 2386 486 CORINTII.
2420 425 2472 487 Ι.

3473 435 3580 499 662

332 521 548 591 πίνητε,
583 519 677 574 τὸν
701 521 931 576 θάνατον
957 521 1052 577 τοῦ
1075 524 1283 596 Κυρίου
1307 527 1732 596 καταγγέλλετε,
1753 532 1912 602 ἄχρις

2033 534 2327 590 :t'calicem
2384 533 2604 601 bibetis,
2639 547 2870 594 mortem
2907 538 3125 596 Domini
3174 541 3579 603 annuntiabitis

331 604 392 665 οὗ
420 611 567 684 ἔλθῃ.
601 613 766 666 Ὥστε
799 613 857 678 ὃς
884 613 950 668 ἂν
974 615 1130 688 ἐσθίῃ
1161 616 1253 671 τὸν
1279 618 1449 691 ἄρτον
1465 621 1676 692 τοῦτον,
1709 623 1906 697 ἢπίνῃ

2033 625 2168 695 [02
2227 625 2402 682 donec
2433 627 2638 682 veniat.
2699 629 2886 699 Itaque
2913 632 3235 703 quicunque
3268 635 3574 692 manduca-

330 701 390 756 τὸ
417 703 675 774 ποτήριον
711 703 806 758 τοῦ
834 705 1038 776 Κυρίου
1072 707 1305 774 ἀναξίως
1338 708 1438 782 (5),
1471 731 1489 763 ι

398 883 578 937 Θέλων
619 884 820 950 αὐτοὺς
848 887 943 941 καὶ
987 887 1258 962 ἑτέρωθεν
1304 893 1562 965 ἐντρέψαι
1618 895 1900 966 μειζόνως,

331 973 439 1029 ἀπδ
469 974 582 1028 τῶν
613 977 965 1049 κυριωτέρων
994 981 1087 1036 τὸν
1127 982 1286 1053 λόγον
1319 985 1554 1055 ὑφαίνει.
1591 988 1819 1060 Ὅμοιον
1846 991 1905 1043 δὲ

331 1067 406 1129 ὼς
449 1067 497 1120 εί
535 1067 712 1135 λέγοι·
770 1069 828 1124 Ὃ
864 1071 1133 1144 δεσπότης
1185 1092 1279 1130 σου
1337 1078 1437 1148 τῆς
1481 1078 1652 1151 αὐτῆς
1696 1081 1907 1146 πάντας

331 1157 526 1226 ἠξίωσε
551 1159 855 1230 τραπέζης,
893 1164 988 1217 καὶ
1025 1165 1124 1236 τῆς
1172 1167 1378 1240 σφόδρα
1436 1174 1671 1244 φρικτῆς
1713 1172 1904 1244 οὔσης,

334 1250 429 1303 καὶ
453 1249 586 1304 πολὺ
617 1250 716 1322 τὴν
754 1251 1015 1308 ἀπάντων
1060 1256 1509 1331 ὑπερϐαλλούσης
1538 1263 1717 1329 ἀξίαν,
1746 1265 1812 1318 σὺ
1847 1265 1904 1318 δέ

333 1341 530 1404 αὐτοὺς
572 1344 666 1396 καὶ
699 1344 801 1414 τῆς
833 1345 931 1415 σῆς
967 1347 1221 1412 ἀναξίους
1266 1353 1378 1423 ἡγῇ
1409 1353 1507 1422 τῆς
1539 1357 1743 1425 μικρᾶς
1772 1358 1904 1412 ταύ-

337 1449 438 1502 της
463 1433 557 1488 καὶ
580 1435 864 1500 εὐτελοῦς;
898 1439 1140 1493 Ἐκείνου
1169 1441 1224 1494 δὲ
1250 1443 1526 1517 μέμνηται
1546 1446 1640 1500 τοῦ
1664 1447 1902 1519 δείπνου,

335 1522 420 1576 ἵνα
460 1522 580 1594 μεθ’
614 1524 924 1598 ὑπερϐολῆς
952 1528 1252 1604 κατανύξῃ.

415 1613 629 1685 Ἐπειδὴ
687 1617 780 1669 καὶ
809 1617 910 1688 τῆς
951 1620 1186 1686 παλαιᾶς
1238 1621 1504 1697 διαθήκης
1533 1627 1791 1698 ποτήριον
1837 1623 1905 1698 ἦν

333 1703 386 1755 αἱ
421 1704 663 1790 σπονδαί.
693 1706 803 1760 Καὶ
840 1709 948 1780 γὰρ
992 1713 1133 1780 μετά
1176 1712 1235 1768 τὺ
1270 1713 1456 1781 θῦσαι,
1516 1717 1763 1790 ποτηρίῳ
1813 1721 1908 1774 καὶ¹

333 1793 496 1866 φιάλῃ
523 1795 584 1848 τὸ
611 1789 752 1866 αἷμα
776 1798 1078 1870 δεχόμενοι,
1106 1802 1280 1869 οὕτως
1310 1804 1591 1864 ἔσπενδον.
1631 1810 1783 1866 Ἐπεὶ
1814 1808 1907 1868 οὖν

2006 713 2149 768 verit
2179 729 2373 784 panem
2402 715 2571 783 hunc,
2601 716 2687 773 vel
2718 717 2919 773 biberit
2943 721 3164 777 calicem
3191 721 3407 780 Domini
3434 725 3581 784 indi-

2006 817 2134 872 gne,
2161 823 2179 857 ι

2080 893 2151 949 Ut
2181 909 2247 951 ex
2275 897 2385 953 alio
2427 899 2622 970 capite
2647 900 2914 970 majorem
2941 901 3022 957 eis
3054 903 3319 972 pudorem
3338 906 3580 977 injiciat,

2009 998 2040 1038 a
2077 986 2386 1056 potioribus
2425 990 2594 1047 rebus
2631 993 2880 1047 contexit
2932 1007 3266 1050 sermonem.
3298 997 3378 1053 Ae
3412 1000 3460 1054 si
3491 1001 3580 1056 di-

2009 1084 2158 1132 ceret
2184 1093 2198 1131 :
2229 1078 2396 1136 herus
2441 1088 2571 1137 tuus
2604 1083 2796 1138 eadem
2838 1099 3032 1139 omnes
3085 1099 3274 1141 mensa
3310 1086 3572 1158 dignatus

2008 1175 2116 1234 est,
2173 1184 2355 1242 eaque
2413 1173 2697 1229 tremenda
2747 1173 3068 1240 admodum,
3113 1186 3325 1248 etquae
3363 1195 3581 1236 omnem

2007 1260 2331 1329 dignitatem
2407 1273 2733 1321 caeterarum
2761 1266 2922 1337 longe
2949 1275 3172 1338 superet
3204 1287 3218 1326 :
3258 1277 3316 1324 tu
3357 1285 3486 1327 vero
3513 1273 3580 1326 il-

2008 1349 2090 1404 los
2116 1351 2244 1405 exili
2275 1351 2379 1408 hac
2431 1361 2486 1409 et
2512 1356 2908 1426 contemptibili
2942 1371 3132 1413 mensa
3179 1365 3273 1414 tua
3320 1359 3580 1432 indignos

2007 1439 2204 1498 ducis?
2234 1441 2400 1501 lstius
2424 1461 2592 1517 porro
2615 1463 2786 1503 coena:
2825 1450 3161 1506 mentionem
3193 1450 3345 1519 facit,
3383 1460 3446 1508 ut
3475 1467 3573 1512 eos

2008 1549 2174 1606 supra
2204 1537 2430 1593 modum
2462 1546 2692 1611 pungat.

2023 1664 2028 1668 -
2079 1625 2219 1692 Quia
2261 1628 2523 1685 nimirum
2574 1631 2779 1686 veteris
2809 1633 3126 1690 testamenti
3157 1635 3300 1690 calix
3331 1635 3400 1690 ad
3436 1635 3577 1691 liba-

2008 1716 2188 1773 tiones
2237 1719 2622 1779 adhibebatur.
2666 1721 2903 1778 Mactata
2967 1726 3168 1796 quippe
3199 1726 3380 1784 hostia
3405 1728 3582 1785 calice
3658 1742 3664 1747 ·

2009 1815 2065 1862 et
2101 1808 2287 1878 phiala
2315 1812 2688 1883 suscipientes
2707 1814 3059 1886 sanguinem,
3093 1816 3200 1872 hoc
3241 1817 3406 1872 modo
3440 1817 3582 1872 liba-

333 1881 449 1934 ἀντὶ
474 1883 708 1953 αἵματος
752 1888 949 1958 ἀλόγου
992 1887 1133 1962 αἷμα
1179 1895 1446 1966 εἰσήγαγε
1487 1897 1548 1952 τὸ
1593 1898 1782 1968 αὑτοῦ,
1818 1903 1906 1956 ἵνα

2033 1900 2320 1957 ιαιιι.(]ιιιιι
2356 1881 2542 1974 itaque
2569 1881 2837 1963 Christus
2855 1921 2956 1977 pro
2987 1908 3256 1980 sanguine
3290 1908 3581 1963 brutorum

337 1973 408 2042 μὴ
441 1973 714 2049 θορυϐηθῇ
753 1980 914 2034 τοῦτο
945 1982 1184 2049 ἀκούων,
1211 1986 1486 2061 ἀνέμνησε
1536 1992 1637 2062 τῆς
1666 1993 1902 2062 παλαιᾶς

2033 1992 2298 2062 ιιορτὶιιιιι
2335 1973 2664 2066 sanguinem
2717 1998 3037 2069 subjecerit,
3077 2015 3148 2056 ne
3182 1999 3308 2070 quis
3329 1999 3435 2056 hoc
3484 2013 3585 2054 auo

334 2064 597 2138 διαθήκης
623 2068 863 2141 ἐκείνης.

408 2258 426 2290 ι
459 2240 680 2312 Ἔνοχος
705 2240 857 2298 ἔσται
887 2245 981 2299 τοῦ
1015 2247 1270 2318 σώματος
1300 2251 1393 2306 καὶ
1418 2252 1512 2308 τοῦ
1543 2255 1776 2327 αἵματος
1804 2249 1901 2317 τοῦ

336 2329 561 2399 Κυρίου.

403 2421 468 2512 ἸΣί
504 2422 744 2494 δήποτε,
779 2425 861 2480 ὅτι
896 2428 1076 2500 ἐξέχεε
1123 2432 1216 2486 καὶ
1253 2426 1409 2499 οὗτος
1433 2436 1495 2490 τὸ
1524 2433 1684 2510 αἷμα,
1713 2439 1902 2512 ὥσπερ

337 2509 529 2564 ἐκεῖνοι
559 2513 606 2564 οἱ
665 2515 1056 2586 κεντήσαντες,
1085 2517 1184 2591 οὐχ
1244 2521 1332 2576 ἵνα
1379 2509 1620 2595 πίωσιν,
1672 2529 1786 2583 ἀλλ’
1817 2509 1902 2586 ἵνα

335 2601 581 2673 ἐκχέωσι.
1635 2616 1641 2620 ’

408 2712 425 2744 ι
449 2697 806 2766 Δοκιμαζέτω
839 2700 894 2754 δὲ
930 2702 1219 2778 ἄνθρωπος
1255 2707 1471 2776 ἑαυτὸν,
1508 2712 1602 2766 καὶ
1633 2713 1809 2778 οὕτως
1841 2717 1904 2770 ἐκ

337 2784 424 2839 τοῦ
454 2786 620 2860 ἄρτου
652 2792 903 2858 ἐσθιέτω,
939 2797 1033 2850 καί⁵
1063 2799 1128 2852 ἐκ
1153 2799 1246 2853 τοῦ
1279 2802 1542 2874 ποτηρίου
1576 2806 1797 2863 πινέτω.
1845 2807 1905 2861 ὐ

337 2876 438 2949 γὰρ
467 2879 664 2935 ἐσθίων
691 2884 786 2937 καὶ
818 2885 988 2942 πίνων
1017 2888 1274 2960 ἀναξίως,
1316 2894 1491 2966 κρῖμα
1522 2895 1704 2967 ἐαυτῷ
1733 2897 1905 2952 ἐσθίει

339 2967 427 3020 καὶ
457 2968 623 3024 πίνει.
664 2990 683 3024 ι

405 3060 562 3150 Ἔθος
597 3062 756 3119 τοῦτο
793 3065 872 3138 τῷ
912 3067 1134 3140 Παύλῳ,
1170 3071 1247 3143 μὴ
1290 3071 1454 3143 μόνον
1499 3075 1686 3132 ἐκεῖνα
1735 3078 1904 3150 ἐργά-

338 3149 520 3214 ζεσθαι
551 3152 696 3226 ἅπερ
725 3155 876 3210 ἐστὶν
904 3157 1053 3230 αὑτῷ
1076 3160 1436 3232 προκείμενα,
1473 3163 1610 3218 ἀλλὰ
1637 3165 1741 3220 κᾶν
1765 3183 1906 3237 παρα

337 3242 548 3316 εμπέσῃ
604 3244 762 3314 λόγος
809 3249 889 3312 είς
938 3250 1039 3320 τὴν
1090 3251 1370 3319 ὑπόθεσιν,
1418 3254 1513 3306 καὶ
1555 3254 1714 3309 τοῦτο
1769 3253 1979 3326 μετάϐ

339 3329 538 3402 πολλῆς
574 3334 850 3402 ἐπεξιέναι
898 3339 998 3409 τῆς
1033 3341 1306 3413 σπουδῆςο
1348 3345 1442 3398 καὶ
1497 3344 1733 3416 μάλιστα
1779 3349 1909 3402 ὅταν

341 3419 467 3491 περὶ
517 3423 724 3496 σφόδρα
770 3428 1118 3498 ἀναγκαίων,
1173 3434 1270 3486 καὶ
1321 3437 1765 3506 κατεπειγόντων
1817 3434 1907 3510 ἦν.

354 3511 568 3585 Ἐπειδὴ
607 3516 716 3590 γὰρ
748 3519 846 3590 τῆς
895 3521 1002 3575 τῶν
1045 3525 1364 3596 μυστηρίων
1412 3527 1606 3599 ἐδεήθη
1668 3530 1908 3601 μνήμης,

341 3602 630 3672 ἀναγκαῖον
687 3609 932 3680 ἡγήσατο
977 3610 1289 3676 ἐπεξελθεῖν
1331 3617 1397 3686 τῇ
1434 3615 1712 3672 ὑποθέσει.
1773 3619 1912 3673 Οὔτε

343 3691 445 3763 γὰρ
480 3695 514 3766 ή
544 3696 781 3768 τυχοῦσα
812 3694 903 3770 ἦν.
935 3702 1026 3755 Διὸ
1056 3704 1150 3757 καὶ
1185 3704 1388 3777 σφόδρα
1421 3709 1554 3780 περὶ
1597 3709 1768 3780 αὐτῆς
1794 3709 1913 3766 δια-

346 3781 572 3855 λεχθεὶς,
603 3787 665 3841 τὸ
711 3791 1010 3859 κεφάλαιον
1050 3794 1162 3848 τῶν
1207 3797 1432 3866 ἀγαθῶν
1485 3803 1910 3872 κατασκευάζει,

347 3874 405 3928 τὺ
434 3877 574 3948 μετὰ
599 3878 805 3949 ἀγαθοῦ
837 3883 1138 3952 συνειδότος
1174 3889 1459 3959 προσιέναι
1491 3891 1698 3956 αὐτοῖς.

419 4074 438 4108 ι
462 4056 555 4128 Μὴ
587 4057 878 4130 διακρίνων
905 4061 966 4115 τὸ
985 4064 1145 4135 σῶμα
1163 4065 1256 4119 τοῦ
1281 4067 1505 4138 Κυρίου.
1539 4067 1639 4121 Διὰ
1667 4068 1827 4124 τοῦτο
1857 4071 1914 4124 ἐν

349 4148 470 4220 ὑμῖν
510 4151 698 4204 πολλοὶ
737 4147 985 4219 ἀσθενεῖς
1018 4157 1114 4213 καὶ
1155 4156 1453 4230 ἄρρωστοι,
1488 4161 1581 4212 καὶ
1610 4159 1914 4232 κοιμῶνται

349 4242 535 4298 ἱκανοί.
564 4262 585 4296 ι

411 4335 692 4406 Τουτέστι,
722 4339 799 4412 μή
822 4340 1114 4410 ἐξετάζων,
1147 4343 1224 4416 μὴ
1249 4345 1445 4400 ἐννοῶν
1464 4345 1524 4400 τὸ
1556 4345 1785 4416 μέγεθος
1805 4348 1914 4404 τῶν
1963 4405 2006 4436 Is

347 4431 747 4502 προκειμένων.
1931 4458 1933 4494 ε

419 4541 438 4573 ι
468 4523 532 4576 Εἰ
558 4523 668 4596 γὰρ
685 4525 916 4591 ἑαυτοὺς
941 4527 1306 4601 διεκρίνομεν,
1337 4529 1438 4584 οὐκ
1468 4530 1534 4584 ἂν
1559 4531 1909 4603 ἐκρινόμεθα.

346 4589 667 4688 Κρινόμενοι
693 4618 771 4687 δὲ,
798 4589 903 4674 ὑπδ
922 4619 1016 4674 τοῦ
1047 4589 1168 4693 Ῑξυρ
1180 4589 1258 4676 ίου
1292 4589 1691 4695 παιδευόμεθα,
1720 4589 1807 4679 ἵνα
1838 4625 1913 4698 μὴ
1948 4589 1994 4652 θ

350 4711 442 4764 σὺν
461 4710 539 4782 τῷ
566 4709 758 4784 κόσμῳ
789 4713 1245 4786 κατακριθῶμεν.

414 4911 598 4966 Ταῦτα
632 4913 801 4985 λέγει,
839 4916 975 4988 ὁμοῦ
1005 4917 1103 4972 καὶ
1133 4919 1261 4982 τοὺς
1290 4917 1611 4989 ἀρρώστους
1650 4937 1912 4993 παραμυ-

349 5001 630 5076 θούμενος,
659 5009 753 5061 καὶ
780 5010 908 5073 τοὺς
941 5010 1136 5076 ἄλλους
1169 5012 1621 5084 σπουδαιοτέρους
1655 5013 1848 5068 ποιῶν.

423 5125 644 5189 «Ὥστε,
671 5125 893 5196 ἀδελφοί
927 5143 1054 5198 μου,
1083 5127 1474 5198 συνερχόμενοι
1505 5127 1585 5190 εἰς
1618 5127 1680 5179 τὸ
1705 5127 1920 5196 φαγεῖν,

353 5215 606 5289 ἀλλήλους
632 5217 1015 5289 ἐκδέχεσθε.Εί
1039 5218 1098 5273 δέ
1117 5237 1200 5284 τις
1224 5220 1405 5291 πεινᾷ,
1431 5220 1490 5272 ἐν
1515 5218 1651 5289 οἴκῳ
1672 5218 1922 5284 ἐσθιέτω,

354 5309 439 5364 ἵνα
471 5309 544 5382 μὴ
573 5310 652 5374 είς
693 5313 872 5382 κρῖμα
919 5311 1278 5384 συνέρχησθε.
1308 5311 1390 5383 Td
1429 5310 1486 5365 δέ
1531 5310 1713 5378 λοιπὰ,
1741 5311 1818 5374 ὼς
1853 5310 1919 5365 ἂν

355 5400 490 5458 Ξλθω
519 5404 863 5477 διατάξομαι.
897 5423 920 5457 ι

2010 2082 2216 2140 diendo
2237 2087 2674 2156 perturbaretur,
2702 2090 2906 2147 veteris
2947 2091 3096 2148 illius
3124 2093 3442 2150 testamenti
3469 2105 3584 2148 me-

2009 2174 2191 2232 minit.

2088 2290 2106 2323 ι
2135 2270 2284 2329 Reus
2325 2275 2433 2329 erit
2455 2289 2706 2347 corporis
2732 2285 2787 2334 et
2815 2278 3110 2350 sanguinis
3141 2279 3381 2334 Domini.
3412 2298 3450 2333 »τι

2079 2449 2258 2505 Eccur
2292 2453 2469 2507 vero?
2498 2454 2759 2523 quoniam
2778 2464 2833 2511 et
2853 2455 2970 2526 ipse
2997 2457 3322 2528 sanguinem
3353 2456 3584 2523 ell‘udit;

2010 2542 2476 2611 quemadmodum
2511 2553 2566 2601 et
2601 2546 2696 2616 qui
2754 2547 2936 2618 ipsum
2971 2557 3336 2620 pepugerunt,
3373 2565 3484 2606 non
3526 2557 3586 2604 ut

2011 2632 2286 2701 biberent,
2314 2635 2408 2692 sed
2437 2643 2495 2691 ut
2523 2635 2889 2693 eﬂ'underent.

2086 2722 2255 2780 Vens.
2311 2726 2402 2792 28,
2441 2727 2531 2782 29.
2568 2747 2586 2779 ι
2643 2728 2842 2785 Probet
2873 2739 3055 2784 autem
3109 2731 3355 2802 seipsum
3393 2731 3583 2797 homo,

2012 2826 2065 2883 et
2108 2817 2190 2872 sic
2235 2816 2303 2872 de
2357 2833 2497 2888 pane
2528 2819 2621 2874 illo
2669 2821 2796 2876 edat
2843 2828 2897 2877 et
2926 2821 2993 2878 de
3042 2823 3218 2878 calice
3257 2825 3425 2879 bibat.
3458 2825 3567 2891 Qui

2012 2908 2161 2963 enim
2213 2908 2516 2964 manducat
2575 2918 2631 2966 et
2656 2911 2794 2968 bibit
2843 2913 3088 2985 indigne,
3148 2914 3423 2985 judicium
3477 2916 3586 2973 sibi

2014 2997 2312 3054 manducat
2346 3008 2401 3056 et
2438 3001 2593 3057 bibit.
2647 3020 2668 3053 ι
3311 2993 3317 2997 ’
3371 2994 3376 2998 ’

2086 3087 2188 3145 llic
2213 3104 2333 3146 mos
2374 3099 2462 3147 est
2491 3089 2674 3158 Pauli,
2727 3101 2788 3148 ut
2825 3108 2936 3149 non
2967 3108 3035 3149 ea
3069 3094 3416 3152 solummodo
3443 3111 3588 3168 prae-

2015 3188 2124 3238 stet
2150 3197 2270 3253 que
2286 3182 2391 3240 sibi
2410 3185 2696 3255 proposita
2731 3193 2888 3250 sunt,
2920 3185 3019 3241 sed
3042 3192 3102 3243 et
3123 3187 3170 3242 si
3204 3187 3337 3259 quid
3361 3196 3594 3262 propter

2012 3271 2319 3342 subiectam
2376 3273 2663 3328 materiam
2693 3272 2990 3328 dicendum
3023 3274 3258 3343 incidat,
3287 3277 3389 3334 hoc
3417 3279 3591 3334 multa

2012 3363 2299 3435 diligentia
2339 3371 2707 3434 persequatur
2749 3381 2762 3418 :
2802 3370 2970 3437 atque
3020 3366 3080 3422 in
3108 3366 3306 3438 primis
3343 3367 3439 3422 ubi
3471 3381 3592 3424 mos

2012 3464 2258 3513 mentum
2314 3455 2478 3512 valde
2518 3456 2904 3514 necessarium
2945 3467 3054 3528 est,
3083 3467 3138 3516 et
3163 3458 3458 3514 admodum
3493 3473 3588 3514 ur-

2014 3561 2168 3616 gens.
2230 3544 2368 3600 Nam
2419 3545 2551 3616 quia
2601 3563 2741 3619 opus
2793 3539 3014 3616 habuit,
3073 3557 3136 3604 ut
3201 3549 3589 3621 mysteriorum

2015 3638 2350 3694 intentionem
2391 3637 2618 3707 laceret,
2641 3655 2874 3699 necesse
2904 3657 3030 3698 esse
3056 3641 3271 3712 putavit
3299 3656 3594 3714 argumen-

2015 3737 2134 3784 tum
2153 3730 2260 3787 lioe
2291 3731 2476 3790 fusius
2497 3732 2748 3805 exsequi.
2778 3730 2970 3804 Neque
2991 3734 3136 3790 enim
3167 3734 3306 3789 illud
3331 3736 3591 3805 exiguum

2015 3834 2154 3878 erat.
2177 3823 2543 3890 Quamobrem
2570 3833 2860 3897 postquam
2891 3826 3238 3882 vehementer
3274 3827 3342 3883 de
3384 3841 3450 3883 eo
3479 3827 3595 3884 dis-

1921 3964 1925 3977 ,
2018 3914 2254 3986 putavit,
2318 3924 2484 3985 caput
2513 3915 2786 3972 bonorum
2819 3915 2924 3972 hoc
2953 3931 3078 3974 esse
3114 3918 3338 3985 astruit,
3380 3925 3444 3974 ut
3469 3933 3608 3976 cum.

2018 4021 2156 4077 pura
2190 4007 2536 4063 conscientia
2566 4007 2633 4062 ad
2663 4007 2758 4062 illa
2791 4007 3111 4063 accedatur.

2093 4113 2113 4148 ι
2154 4094 2272 4152 Non
2317 4097 2630 4166 dijudieans
2673 4112 2876 4167 corpus
2923 4097 3163 4153 Domini.
3218 4096 3420 4170 [Vr-zu.
3463 4099 3592 4170 30.]

2017 4186 2143 4244 ideo
2177 4187 2319 4242 inter
2341 4202 2440 4244 vos
2486 4188 2643 4243 multi
2675 4188 2875 4244 intirmi
2916 4197 2972 4246 et
3005 4189 3325 4256 imbecilles,
3377 4198 3433 4246 et
3463 4191 3593 4247 der-

2019 4277 2200 4332 miunt
2238 4277 2415 4332 multi.
2445 4295 2467 4329 ι

2089 4367 2202 4424 Hoc
2239 4377 2350 4436 est,
2382 4383 2493 4424 non
2509 4369 2874 4440 perpendens,
2907 4384 3018 4426 non
3048 4369 3412 4428 considerans
3460 4385 3586 4426 ma-

1931 4437 1981 4525 T‘Z:
2019 4459 2355 4534 gnitudinem
2392 4437 2583 4515 eorum
2611 4437 2736 4530 quae
2764 4471 3168 4532 proponuntur.

2091 4549 2262 4606 Vens.
2286 4550 2378 4617 51,
2408 4548 2496 4605 52.
2530 4567 2549 4602 ι
2589 4547 2646 4604 Si
2674 4549 2820 4605 enim
2857 4553 3230 4622 nosmetipsos
3259 4548 3598 4622 diiudicare-

2025 4658 2191 4708 mus,
2249 4655 2361 4697 non
2409 4641 2600 4710 utique
2640 4639 3039 4710 judicare-mur.
3087 4643 3223 4696 Cum
3282 4641 3600 4712 judicamur

2025 4743 2232 4802 autem,
2263 4748 2295 4788 a
2343 4732 2579 4788 Domino
2643 4731 3007 4803 corripimur,
3065 4740 3126 4788 ut
3177 4746 3289 4790 non
3320 4748 3444 4788 cum
3493 4733 3600 4789 hoc

2025 4823 2233 4881 mundo
2263 4823 2608 4880 damnemur.
2643 4839 2662 4874 ι

2094 4935 2219 4991 llaec
2271 4941 2451 4990 autem
2483 4932 2636 4997 dicit,
2670 4940 2786 4988 tum
2823 4943 2883 4989 ut
2912 4933 3220 4993 imbecilles
3239 4939 3604 5007 consoletur,-

2025 5037 2140 5084 tum
2173 5035 2233 5082 ut
2265 5026 2406 5081 alios
2444 5023 2816 5085 studiosiores
2834 5023 3028 5082 faciat.

2110 5139 2277 5198 Vens.
2319 5141 2410 5206 ‘53,
2463 5139 2556 5196 '54.
2592 5157 2610 5191 ι
2643 5137 2855 5211 Itaque,
2898 5138 3103 5198 fratres
3141 5150 3273 5209 mei,
3313 5157 3438 5198 cum
3466 5157 3602 5200 con-

2023 5233 2226 5291 venitis
2264 5231 2332 5287 ad
2380 5231 2856 5299 manducandum,
2897 5233 3132 5289 invicem
3175 5244 3514 5306 exspectate.
3542 5236 3598 5291 Si

2027 5323 2153 5396 quis
2195 5339 2325 5380 vero
2352 5323 2546 5389 esurit,
2577 5323 2726 5379 domi
2757 5323 3076 5392 manducet,
3130 5335 3190 5381 ut
3219 5333 3342 5382 non“
3362 5327 3417 5381 in
3448 5326 3603 5398 judi-

2028 5417 2172 5472 cium
2233 5414 2593 5474 conveniatis.
2628 5414 2839 5472 Cmtera
2884 5423 3068 5474 autem
3094 5431 3219 5472 cum
3253 5431 3455 5474 venero
3487 5417 3604 5476 ὡς·

2030 5521 2246 5576 ponam.
2262 5526 2280 5558 ι

1611 5687 1846 5750 VARI/1'3
1885 5685 2284 5744 LECTIONES.

424 5789 502 5859 (5)
541 5787 600 5842 in
635 5801 803 5859 marg.
833 5790 934 5856 Ση.
970 5787 1101 5858 περὶ
1130 5786 1224 5844 τοῦ
1261 5787 1494 5854 ἀναξίως
1518 5786 1796 5842 κοινωνεῖν
1820 5780 1927 5837 τῶν
1964 5779 2206 5851 φρικτῶν
2255 5778 2592 5854 μυστηρίων.
2661 5777 2835 5851 Nota,
2875 5779 2938 5837 de
2976 5778 3195 5850 indigna
3238 5775 3602 5834 communione

365 5860 738 5916 trcmmdorttm
776 5859 1172 5931 mysteriorum.
