3972 6462
232 485 370 554 665

1418 479 1500 538 IN
1539 477 1774 538 EPIST.
1817 475 1915 534 AD
1944 476 2303 542 CORINTH.
2345 482 2396 543 Ι.

3416 487 3522 551 666

234 601 354 654 καὶ
387 599 419 652 ὃ
455 597 576 651 ἐστι
623 593 894 660 διακονία,
929 589 1091 646 τοῦτό
1127 588 1376 647 ἐστικαὶ
1404 588 1678 658 ἐνέργεια.
1719 585 1845 653 Τὴν

1961 591 2152 645 stratio
2187 600 2311 647 est:
2365 601 2422 646 et
2461 594 2611 662 quod
2657 596 3010 664 ministratio,
3029 597 3136 654 hoc
3175 607 3228 654 et
3251 601 3520 670 operatio.

230 691 368 758 τὰρ
387 689 710 744 διακονίαν
760 703 900 755 μου,
961 681 1117 752 φησί,
1149 681 1682 748 πεπληροφόρηκαο
1712 679 1834 744 καὶ,

233 785 380 852 Τὴν
398 782 717 836 διακονίαν
737 796 856 848 μου
903 774 1144 841 δοξάζω.
1202 773 1315 827 Καὶ
1352 770 1623 841 Τιμοθέῳ,
1685 768 1844 822 Ἄνα-

219 875 582 945 μιμνήσκω
609 887 684 926 σε
705 866 1116 936 ’ἀναζωπυρεῖν
1139 865 1207 920 τὸ
1239 863 1506 933 χάρισμα
1536 861 1645 916 τοῦ
1667 860 1838 925 Θεοῦ,

226 967 268 1019 ὅ
285 968 444 1021 ἐστι
465 965 538 1019 ἐν
569 963 696 1018 σοί.
734 961 848 1016 Καὶ
889 957 1164 1020 Γαλάταις
1191 972 1206 990 ⁸
1249 957 1320 1008 Ὃ
1361 955 1472 1024 γὰρ
1506 949 1844 1021 ἐνεργήσας

224 1053 463 1122 Πέτρῳ
510 1055 599 1119 εἰς
650 1048 980 1120 περιτομὴν
1004 1091 1020 1114 ,
1064 1046 1367 1115 ἐνήργησε
1423 1042 1603 1113 κάμοί
1648 1042 1736 1106 εἰς
1766 1038 1841 1093 τὰ

224 1145 430 1214 ἔθνη.
468 1145 633 1216 Ὁρᾷς
666 1144 748 1196 ὅτι
771 1140 999 1212 οὐδεμία
1013 1139 1164 1193 ἐστὶν
1199 1135 1437 1206 διαφορά
1471 1133 1835 1206 χαρίσματος,

225 1238 337 1291 καὶ
370 1235 681 1300 διακονίας,
706 1234 802 1288 καὶ
831 1230 1132 1304 ἐνεργείας.

311 1330 481 1400 Ὅρα
533 1327 650 1390 πῶς
703 1325 979 1396 πανταχοῦ
1010 1323 1215 1393 ταύτην
1251 1318 1640 1400 ποιεῖται-τὴν
1669 1333 1843 1389 προσ-

226 1395 461 1491 θήκην,
490 1419 560 1472 ἐν
580 1416 658 1482 τῷ
679 1414 840 1481 αὐτῷ
865 1395 1184 1484 Πνεύματι,
1213 1411 1389 1480 λέγων
1415 1426 1430 1442 ·
1454 1395 1572 1472 κάλ,
1601 1407 1752 1462 κατά
1774 1406 1843 1491 τό

225 1483 411 1565 afen;
431 1508 693 1578 Πνεῦμα.
721 1502 874 1561 Οἶδεν
901 1483 1298 1575 γὰρμεγάλην
1321 1495 1490 1556 οὖσαν
1528 1499 1627 1570 τὴν
1655 1483 1844 1551 ἐντεῦέ

229 1602 337 1656 θεν
369 1601 749 1674 παράκλησιν.
787 1599 954 1651 Ὥστε
1015 1597 1068 1649 εἰ
1119 1594 1278 1648 τοῦτο
1325 1590 1654 1655 σπουδάζεις
1715 1591 1839 1642 ἑπι-

229 1692 663 1758 δείξασθαι,ὄτι
697 1688 920 1758 Πνεῦμα
965 1685 1130 1758 ἔχεις,
1183 1683 1374 1738 τούτου
1406 1681 1551 1752 ἔχεις
1583 1681 1684 1750 τὴν
1709 1678 1846 1733 dato-

1947 680 2040 733 Ait
2072 682 2260 737 enim:
2297 683 2656 739 Ministerium
2699 703 2870 740 meum
2921 690 3129 757 implevi
3162 690 3241 756 ";
3285 699 3360 754 et,
3413 688 3525 742 Mi-

1951 772 2234 826 uislerium
2279 791 2453 830 meum
2502 777 2800 847 honoriﬁco
2830 779 2898 832 ⁸³.
2957 779 3024 832 Ει
3053 780 3119 834 ad
3169 780 3521 835 Timotheum

1950 864 2174 934 inquit:
2227 866 2332 922 Sed
2390 885 2576 924 moneo
2604 879 2654 924 te
2691 879 2750 924 ut
2807 872 3091 926 resuscites
3127 875 3355 942 gratiam
3400 873 3520 938 Dei,

1949 973 2066 1028 qua:
2089 967 2168 1014 est
2192 961 2250 1013 in
2283 968 2332 1014 te
2365 961 2432 1016 ⁸⁸.
2465 962 2717 1032 Itemque
2748 963 2815 1015 ad
2849 961 3112 1018 Galatas:
3145 963 3245 1028 Qui
3277 974 3524 1032 operatus

1950 1055 2028 1101 est
2085 1046 2249 1102 Petro
2301 1051 2358 1104 in
2391 1051 2872 1118 circumcisionem,
2903 1062 3151 1119 operatus
3199 1060 3276 1106 est
3313 1064 3362 1106 et
3393 1053 3523 1106 mihi

1949 1141 2004 1195 in
2031 1151 2209 1211 gentes
2243 1142 2314 1198 ⁸⁸.
2339 1142 2512 1199 Vides
2544 1145 2864 1202 nullatenus
2896 1145 3116 1202 diﬂ‘erre
3136 1147 3374 1216 gratiam
3408 1147 3528 1201 sive

1952 1231 2184 1299 donum,
2225 1235 2836 1308 ministrationemque,
2873 1245 2928 1293 et
2953 1239 3359 1309 operationem.

1979 1331 1984 1338 '
2021 1323 2224 1392 Aspice
2269 1325 2549 1394 quomodo
2589 1325 2799 1396 ubique
2844 1326 2952 1380 hoc
3008 1324 3197 1391 addat,
3239 1327 3294 1379 in
3345 1324 3529 1378 eodem

1951 1411 2161 1482 Spiritu
2189 1428 2211 1478 ;
2252 1423 2329 1479 et,
2358 1414 2646 1470 secundum
2675 1419 2914 1471 eumdem
2959 1414 3244 1485 Spiritum.
3289 1417 3531 1472 Noverat

1949 1505 2098 1558 enim
2152 1519 2415 1576 magnum
2477 1505 2606 1563 inde
2666 1509 3070 1584 consolationis
3131 1516 3523 1578 argumentum

1951 1595 2118 1651 sumi.
2145 1596 2338 1667 Itaque
2370 1597 2415 1652 si
2461 1598 2758 1654 ostendere
2787 1600 2989 1655 niteris
3029 1609 3081 1654 te
3128 1597 3400 1670 Spiritum
3429 1600 3530 1653 ha-

1949 1687 2291 1760 bere,hujus
2329 1691 2864 1747 demonstrationem
2916 1692 3088 1748 habes
3121 1707 3187 1747 eo
3239 1691 3386 1762 quod
3427 1692 3531 1746 ba-

228 1785 431 1849 δειξιν
461 1781 679 1837 ἀπὸτοῦ
722 1778 1110 1850 βαπτισθῆναι.
1142 1775 1233 1845 Τῷ
1275 1774 1334 1827 δὲ
1379 1772 1597 1843 ἀπίστῳ
1620 1769 1849 1841 οὐδαμό-

1961 1780 2194 1850 ptizatus
2221 1783 2325 1838 sis.
2355 1783 2572 1839 lnlideli
2604 1799 2740 1840 vero
2785 1784 2839 1838 id
2888 1785 3242 1855 perspicuum
3265 1799 3374 1838 non
3401 1784 3526 1848 erit,

230 1880 344 1934 θεν
375 1879 537 1932 ἔσται
563 1875 720 1930 τοῦτο
738 1871 1072 1942 καταφανὲς.
1103 1869 1218 1924 ἀλλ’
1240 1869 1275 1940 ἢ
1301 1867 1409 1923 ἀπὸ
1434 1866 1544 1920 τῶν
1573 1864 1844 1936 σημείων,

229 1968 410 2023 ὥστε
469 1968 571 2021 κᾶν
633 1965 882 2020 ἐντεῦθεν
937 1962 1128 2027 πάλιν,
1184 1960 1246 2015 οὐ
1298 1957 1474 2030 μικρά
1498 1955 1846 2027 παραμυθία.

235 2060 312 2112 Εἰ
353 2057 474 2132 γὰρ
527 2056 621 2110 καὶ
678 2055 747 2110 τὰ
797 2053 1118 2124 χαρίσματα
1170 2050 1426 2120 διάφορα,
1498 2033 1617 2110 ἀλλ’
1674 2047 1710 2116 ἡ
1758 2044 1850 2098 εν-

232 2148 434 2216 δειξις
468 2145 588 2218 μία,
620 2143 727 2200 κᾶν
759 2143 895 2199 πολὺ
930 2141 1136 2214 μεῖξον,
1180 2141 1216 2212 ἢ
1275 2138 1481 2208 ὀλίγον,
1525 2135 1730 2208 ὁμοίως
1765 2135 1849 2199 είς

236 2241 452 2294 αὐτόν.
669 2227 676 2230 ”
1464 2302 1492 2309 _

330 2350 356 2382 ι
403 2328 463 2386 Ὀ
495 2329 551 2384 δὲ
579 2328 742 2394 αὑτός
776 2328 896 2381 ἔστι
949 2324 1103 2392 Θεὸς,
1142 2325 1172 2378 δ
1211 2321 1452 2395 ἐνεργῶν
1482 2321 1556 2375 τά
1586 2320 1767 2375 πάντα
1792 2319 1851 2375 ὲν

243 2423 459 2475 πᾶσιν.
511 2419 760 2490 Ἑκάστῳ
808 2417 866 2472 δὲ
911 2416 1116 2470 δίδοται
1148 2416 1185 2486 ὴ
1215 2413 1526 2486 φανέρωσις
1550 2410 1644 2466 τοῦ
1679 2409 1851 2465 Πνεύο

251 2527 448 2582 ματος
480 2509 615 2580 πρὸς
648 2507 709 2561 τὸ
730 2507 1038 2578 συμφέρον.
1075 2525 1096 2560 ι
1452 2556 1454 2558 τ

331 2599 456 2653 Ἵνα
485 2600 559 2670 μή
586 2615 671 2662 τις
697 2597 944 2674 λέγῃ,⁴Εί
965 2596 1059 2650 καὶ
1076 2595 1237 2660 αὐτὸς
1261 2593 1492 2666 Κύριος,
1516 2591 1613 2646 καὶ
1631 2590 1693 2645 τὸ
1717 2588 1851 2646 αὐτὸ

248 2692 520 2762 Πνεῦμα,
573 2691 672 2745 καὶ
716 2691 746 2744 ὁ
791 2689 952 2753 αὐτὸς
981 2687 1137 2754 Θεδς,
1179 2686 1297 2744 ἀλλ’
1334 2687 1447 2756 ἐγὼ
1490 2685 1713 2740 ἔλαττον
1771 2685 1851 2738 είς

250 2784 437 2854 ληφα·
475 2783 659 2853 φησὶν,
690 2781 846 2836 Οῦτω
871 2766 1189 2852 συνέφερεν.
1226 2781 1394 2834 Ὅταν
1424 2775 1540 2845 οὖν,
1571 2777 1726 2848 φησι,
1754 2774 1852 2830 καὶ

253 2870 351 2939 εἷς
408 2876 437 2928 ὁ
489 2873 758 2938 δεδωκὼς,
813 2873 907 2927 καὶ
961 2872 1207 2944 χάρισμα
1261 2871 1324 2925 τὸ
1381 2870 1466 2925 σοὶ
1519 2869 1693 2935 δοθὲν,
1754 2867 1852 2921 καὶ

254 2968 297 3038 ἡ
325 2965 640 3037 φανέρωσις
667 2963 916 3019 ἐντεῦθεν
933 2963 1164 3033 γίνεται,
1191 2960 1458 3019 καὶτοῦτο
1477 2961 1679 3034 μᾶλλον
1707 2976 1850 3030 συμ-

258 3056 453 3128 φέρει,
485 3056 558 3127 μὴ
585 3056 743 3125 ἄλγει
765 3054 842 3118 ὡς
861 3055 1315 3127 καταφρονηθείς.
1341 3056 1418 3109 Οὐ
1434 3055 1541 3125 γὰρ
1563 3053 1851 3123 ἀτιμάζων

262 3167 334 3204 σε
351 3150 508 3204 τοῦτο
529 3148 855 3219 πεποίηκεν,
881 3147 1017 3201 ἀλλά
1029 3147 1092 3200 τὸ
1106 3145 1386 3218 συμφέρον
1406 3144 1646 3199 σκοπῶν.
1670 3141 1852 3198 Φανέ-
1877 3133 1921 3191 C

251 3258 463 3312 ρωσιν
476 3242 543 3296 δὲ
561 3241 905 3310 Πνεύματος
925 3239 1094 3308 λέγει,
1111 3239 1192 3305 τὸ,
1211 3238 1270 3291 ἓν
1287 3255 1340 3290 τι
1361 3236 1470 3290 τῶν
1491 3235 1850 3308 χαρισμάτων

173 3368 178 3370 ~
263 3334 483 3387 λαϐεῖν.
539 3331 693 3402 Ἐμοὶ
764 3329 862 3400 μὲν
914 3329 1022 3400 γάρ
1057 3328 1136 3400 τῷ
1185 3326 1359 3398 πιστῷ
1383 3327 1598 3398 δῆλοςό
1627 3323 1852 3394 Πνεῦμα

262 3426 434 3498 ἔχων.

1953 1872 2065 1927 nisi
2104 1887 2203 1944 per
2234 1873 2394 1943 signa
2421 1882 2476 1930 et
2515 1875 2789 1944 prodigia.
2828 1877 3010 1945 Atque
3041 1875 3126 1929 vel
3152 1891 3219 1930 ex
3251 1873 3410 1945 104
3425 1873 3529 1927 hoc

1953 1965 2152 2041 saltem
2185 1966 2386 2036 capite,
2421 1981 2535 2021 non
2566 1981 2762 2036 parum
2784 1967 3188 2022 consolationis
3224 1965 3528 2036 percipias.

1952 2057 2284 2128 Quanquam
2317 2059 2467 2115 enim
2512 2060 2669 2114 varia
2693 2058 2838 2114 dona
2883 2067 3034 2124 sunt,
3064 2073 3177 2113 una
3223 2067 3404 2112 tamen
3442 2064 3530 2111 est

1951 2147 2327 2205 manifestatio
2354 2167 2370 2216 ;
2406 2158 2461 2205 et
2496 2149 2614 2205 sive
2645 2163 2905 2220 magnum
2938 2149 3013 2204 sit
3039 2147 3155 2204 sive
3184 2161 3437 2217 parvum,
3460 2146 3531 2200 ad

1952 2239 2134 2311 ipsum
2163 2241 2391 2310 perinde
2417 2240 2767 2297 referendum
2798 2249 2906 2296 est.

2031 2354 2052 2389 ι
2096 2335 2242 2390 Idem
2283 2349 2416 2391 vero
2458 2333 2630 2400 Deus,
2659 2335 2754 2405 qui
2797 2343 3058 2405 operatur
3100 2331 3284 2387 omnia
3327 2329 3386 2384 in
3414 2344 3534 2384 om-

1950 2424 2419 2498 nibus.[Vsns.7.]
2457 2423 2765 2495 Unicuique
2795 2431 2981 2479 autem
3015 2422 3181 2477 datur
3205 2419 3532 2476 manifesta-

1950 2518 2030 2573 tio
2056 2517 2297 2588 Spiritus
2331 2515 2401 2570 ad
2431 2517 2754 2572 utilitatem.
2805 2535 2826 2568 ι

2021 2607 2104 2663 Ne
2143 2606 2273 2677 quis
2321 2606 2496 2671 dicat,
2554 2605 2660 2663 etsi
2713 2603 2980 2660 Dominus
3027 2602 3194 2667 idem,
3236 2602 3342 2657 etsi
3387 2599 3532 2655 idem

1953 2695 2218 2768 Spiritus,
2251 2695 2359 2752 etsi
2386 2695 2528 2751 idem
2560 2695 2705 2750 Deus
2725 2701 2850 2762 est;
2886 2701 2972 2750 ast
2998 2708 3100 2764 ego
3135 2693 3318 2746 minus
3370 2705 3534 2745 acce-

1951 2790 2036 2860 pi;
2072 2787 2278 2844 idcirco
2307 2785 2421 2841 ait:
2446 2787 2532 2840 lta
2565 2785 2916 2855 expediebat.
2947 2783 3086 2838 Cum
3119 2783 3286 2846 enim,
3327 2781 3532 2850 inquit,

1951 2892 2098 2942 unus
2126 2876 2363 2948 largitor
2398 2876 2496 2944 sit,
2534 2890 2599 2931 ac
2629 2886 2745 2930 tum
2788 2887 3122 2930 concessum
3167 2871 3266 2926 tibi
3297 2870 3532 2935 donum,

1951 2977 2069 3024 tum
2097 2968 2221 3039 ejus
2255 2966 2638 3022 manifestatio
2683 2981 2750 3022 ex
2784 2964 2976 3020 eadem
3009 2977 3183 3017 causa
3229 2961 3533 3025 exsistant,

1952 3062 2120 3133 idque
2147 3061 2246 3116 tibi
2279 3061 2472 3116 utilius
2505 3061 2598 3127 sit,
2632 3075 2701 3115 ne
2734 3066 2934 3113 moeste
2981 3056 3127 3111 feras
3157 3069 3222 3110 ac
3261 3055 3309 3109 si
3357 3054 3536 3124 despi-

1954 3155 2125 3210 ciare.
2160 3151 2458 3207 Non~enim
2508 3152 2563 3212 id
2597 3149 2729 3204 fecit
2763 3159 2822 3212 ut
2867 3157 2919 3204 te
2955 3148 3228 3203 dedecore
3269 3161 3535 3216 asperge-

1953 3254 2069 3314 ret;
2107 3245 2204 3301 sed
2233 3243 2504 3314 spectavit
2527 3242 2714 3312 potius
2741 3241 2890 3311 quod
2919 3238 3338 3295 convenientius
3365 3236 3531 3292 foret.

1953 3339 2127 3394 Porro
2176 3336 2672 3406 manifestationem
2714 3332 2952 3402 Spiritus
2995 3337 3181 3398 vocat,
3216 3347 3385 3386 unum
3430 3332 3535 3386 ali-

1953 3431 2100 3502 quod
2132 3431 2402 3485 donorum
2445 3427 2719 3496 accipere.
2749 3426 2880 3480 Mihi
2912 3439 3149 3494 namque
3177 3423 3275 3493 qui
3315 3438 3436 3478 sum
3471 3423 3536 3476 li-

1863 3539 1868 3542 ·
1951 3523 2113 3587 delis,
2141 3517 2468 3575 manifestus
2496 3528 2582 3573 est
2606 3517 2700 3588 qui
2732 3515 3004 3586 Spiritum
3046 3515 3267 3568 habeat.

347 3624 369 3659 ι
412 3598 485 3676 ’ᾩ
542 3605 639 3675 μὲν
686 3604 794 3676 γὰρ
840 3601 930 3656 διὰ
959 3599 1054 3655 τοῦ
1100 3598 1418 3670 Πνεῦματος
1457 3598 1658 3653 δίδοται
1695 3596 1854 3666 λόγος

269 3698 496 3768 σοφίας·
529 3695 675 3766 ἄλλῳ
723 3695 779 3748 δὲ
818 3693 976 3762 λόγος
1019 3691 1297 3762 γνώσεως,
1343 3691 1485 3744 κατά
1530 3689 1593 3742 τὸ
1634 3688 1768 3741 αὐτὸ
1793 3687 1854 3741 τὸ

269 3789 521 3860 Πνεῦμα.
565 3787 772 3858 Ἐτέρῳ
821 3785 880 3840 δὲ
912 3784 1096 3849 πίστις
1139 3785 1198 3838 ὲν
1225 3783 1303 3854 τῷ
1332 3781 1484 3853 αὑτῷ
1527 3781 1849 3850 Πνεῦματι·

267 3880 421 3952 ἁλλῳ
448 3879 505 3933 δὲ
539 3877 855 3949 χαρίσματα
901 3875 1148 3944 ἰαμάτων
1182 3876 1240 3927 ὲν
1277 3873 1355 3945 τῷ
1401 3872 1484 3926 ἑνὶ
1535 3870 1850 3941 Πνεύματιο

267 3972 419 4042 ἄλλῳ
471 3970 531 4023 δὲ
591 3969 944 4040 ἐνεργήματα
991 3967 1272 4036 δυνάμεων
1300 3981 1313 3994 °
1363 3963 1512 4036 ἄλλῳ
1540 3963 1599 4016 δὲ
1642 3977 1856 4034 προφη-

271 4063 426 4116 τεία’
458 4060 606 4131 ἀλλῳ
631 4060 692 4112 δὲ
709 4057 1014 4130 διακρίσεις
1035 4057 1388 4127 πνευμάτων.
1429 4073 1448 4108 ι

341 4152 410 4207 Τί
447 4154 564 4206 ἐστι
610 4152 769 4220 λόγος
830 4150 1056 4219 σοφίαςς
1108 4148 1168 4202 τὸ
1210 4149 1308 4201 καὶ
1337 4146 1498 4200 αὐτὸν
1531 4145 1693 4217 σοφὸν
1714 4140 1854 4200 εἰναί

275 4264 418 4311 τινα,
448 4246 546 4300 καὶ
573 4244 769 4305 ἄλλους
798 4242 1063 4296 δύνασθαι
1089 4240 1249 4295 τοῦτο
1298 4242 1493 4295 ποιεῖν.
1517 4240 1582 4293 Τί
1610 4241 1667 4294 δὲ
1696 4239 1855 4308 λόγος

276 4338 529 4408 γνώσεως
552 4356 568 4405 ;
599 4337 662 4391 τὸ
693 4335 897 4405 γνῶσιν
923 4335 1022 4405 μὲν
1044 4333 1194 4404 ἔχειν
1225 4333 1320 4386 καῖ⁸
1343 4333 1541 4387 εἰδέναι
1563 4331 1632 4386 τά
1644 4333 1855 4402 μυστήο

2024 3612 2192 3668 Vsss.
2232 3610 2390 3664 8-10.
2440 3627 2460 3660 ε
2519 3609 2630 3663 Alii
2689 3617 2874 3662 autem
2919 3621 3018 3676 per
3058 3604 3325 3675 Spiritum
3368 3603 3536 3657 datur

1955 3717 2139 3760 sermo
2183 3701 2506 3772 sapientiai:
2541 3700 2636 3754 alii
2688 3708 2872 3753 autem
2923 3712 3107 3754 sermo
3148 3697 3401 3752 scientia:
3445 3711 3534 3750 se-

1954 3793 2198 3849 cundum
2224 3793 2476 3846 eumdem
2529 3789 2826 3861 Spiritum.
2854 3788 3026 3844 Alteri
3060 3787 3196 3844 ﬁdes
3244 3789 3300 3842 in
3340 3787 3534 3842 eodem

1955 3887 2208 3958 Spiritu:
2245 3885 2341 3939 alii
2365 3887 2544 3955 gratia
2570 3884 2880 3941 sanitatum
2920 3883 2975 3937 in
3000 3897 3113 3938 uno
3145 3882 3354 3952 Spiritu
3383 3898 3396 3934 :
3441 3882 3536 3936 alii

1954 3980 2309 4050 operationes
2332 3978 2600 4033 virtutum
2623 4020 2638 4045 ,
2670 3977 2763 4032 alii
2794 3976 3108 4047 prophetia,
3142 3976 3238 4030 alii
3271 3975 3537 4030 discretio

1955 4074 2273 4144 spirituum.
2312 4091 2332 4124 ι

2025 4165 2300 4230 Quidnam
2335 4171 2421 4220 est
2445 4164 2538 4218 ille
2567 4177 2752 4220 sermo
2791 4159 3126 4231 sapientiae?
3163 4160 3356 4228 utique
3388 4158 3533 4228 quod

1952 4255 2083 4325 quis
2122 4255 2345 4325 sapiens
2392 4254 2485 4317 sit,
2512 4260 2568 4306 et
2597 4253 2738 4306 alios
2779 4251 2950 4320 possit
3009 4249 3287 4319 sapientes
3331 4246 3533 4300 facere.

1954 4345 2256 4402 Scientiam
2285 4345 2512 4408 habere,
2553 4350 2639 4399 est
2671 4358 2836 4398 nosse
2861 4341 3084 4411 quidem
3115 4338 3402 4410 mysteria,
3438 4336 3534 4389 sed

279 4449 390 4501 ρια,
417 4431 692 4484 διδάσκειν
749 4427 808 4480 δὲ
869 4427 942 4498 μὴ
980 4425 1262 4489 δύνασθαι,
1307 4423 1452 4494 μηδὲ.
1475 4424 1556 4487 εἰς
1583 4423 1740 4478 ἀλλον
1766 4423 1850 4487 ἒξ-

1961 4455 2069 4495 non
2101 4445 2162 4492 ut
2200 4452 2265 4493 ea
2295 4436 2494 4492 docere
2541 4436 2636 4491 ille
2665 4443 2853 4505 queat,
2889 4442 2944 4487 et
2983 4431 3144 4485 alteri
3172 4428 3368 4484 etl‘erre
3413 4442 3537 4496 quae

275 4525 522 4593 ενεγκεῖν
562 4520 804 4583 εὐκόλως
864 4519 1008 4590 άπερ
1065 4518 1234 4574 ἐστίν.
1271 4518 1335 4571 Τί
1370 4518 1428 4571 δέ
1468 4519 1587 4571 ἐστι
1627 4515 1813 4580 πίστις
1834 4535 1863 4585 ;-

275 4618 373 4672 οὐκ
389 4616 529 4687 αὑτὴ
556 4616 591 4686 ἡ
611 4613 722 4668 τῶν
752 4611 1061 4682 δογμάτων,
1096 4611 1212 4665 ἀλλ’
1239 4611 1398 4681 ήτῶν
1431 4608 1694 4680 σημείων,
1725 4610 1855 4678 περὶ

274 4707 339 4782 ἧς
360 4710 549 4778 ἔλεγον
582 4709 633 4762 οί
672 4705 982 4768 ἀπόστολοι,
1012 4705 1281 4772 Πρόσθες
1312 4703 1459 4773 ἡμῖν
1479 4703 1722 4758 πίστιν
1760 4703 1856 4757 καὶ

278 4802 405 4871 περὶ
433 4795 507 4871 ἧς
566 4799 786 4870 είρηται
812 4835 827 4859 ,
870 4796 1011 4850 Ἐὰν
1057 4795 1236 4864 ἔχητε
1285 4795 1495 4850 πίστιν
1525 4795 1606 4861 ὡς
1632 4795 1858 4849 κόκκον

280 4890 604 4955 σινάπεως.
627 4887 775 4958 Λῦτη
823 4887 931 4958 γὰρ
965 4888 999 4957 ἡ
1042 4888 1225 4960 μήτηρ
1260 4886 1370 4940 τῶν
1414 4887 1656 4958 σημείων
1685 4886 1856 4944 ἐστίν.

283 4984 444 5038 ¹’Δλλο
464 4983 527 5037 δέ
550 4984 700 5036 ἐστιν
730 4981 1078 5052 ἐνεργήματα
1098 4980 1404 5051 δυνάμεων,
1424 4982 1519 5036 καὶ⁸
1541 4981 1859 5053 χαρίσματα

283 5077 526 5146 ἰαμάτων
551 5072 793 5144 ﬁxam/30
819 5073 918 5144 μὲν
939 5062 1047 5144 γὰρ
1070 5073 1391 5145 χαρίσματα
1426 5074 1671 5143 ἰαμάτων
1696 5073 1856 5144 ἔχων,

284 5166 427 5220 ἰᾶται
453 5165 616 5235 μόνον
633 5177 650 5193 ⁸
684 5165 713 5216 ὁ
739 5163 797 5215 δὲ
825 5163 1019 5233 ὲνεργή
1029 5178 1174 5229 ματα
1199 5161 1482 5233 δυνάμεων
1501 5164 1859 5235 κεκτημένος,

280 5259 379 5310 οὐκ
423 5258 574 5310 ἰᾶται
607 5254 794 5325 μόνον,
824 5252 964 5307 ἀλλά
989 5255 1084 5306 καὶ
1113 5253 1334 5318 κολάζει
1358 5269 1374 5285 ο
1403 5254 1595 5324 ὥσπερ
1635 5257 1663 5308 ὁ
1703 5254 1863 5308 Ἀπό-

285 5347 471 5410 στολος
495 5344 766 5416 ὲπώρωσε
789 5345 883 5398 τὸν
924 5344 1098 5415 μάγον
1119 5360 1133 5376 ο
1165 5344 1356 5416 ὥσπερ
1384 5348 1414 5399 ὁ
1446 5345 1654 5417 Πέτρος
1679 5347 1862 5400 ἀνεῖλε

282 5435 372 5490 τὸν
413 5435 684 5490 Ἀνανίαν.
732 5434 1017 5507 Διάκρισις
1049 5435 1107 5490 δὲ
1159 5437 1489 5507 πνευμάτων
1521 5437 1658 5503 ἐστὶ,
1690 5439 1752 5490 τὸ
1784 5439 1864 5491 εἰ·

283 5525 431 5580 δέναι
461 5525 547 5589 τίς
578 5527 608 5578 δ
640 5524 1034 5595 πνευματικὸς,
1066 5527 1160 5579 καὶ
1188 5525 1270 5587 τίς
1292 5527 1320 5579 ὁ
1346 5527 1423 5598 μὴ
1451 5528 1824 5600 πνευματικός
1841 5544 1858 5560 ο

283 5613 366 5676 τίς
391 5616 422 5668 ό
439 5615 751 5686 προφήτης,
785 5613 884 5666 καὶ
906 5613 991 5677 τίς
1009 5615 1038 5666 ὁ
1061 5613 1340 5669 ἀπατεὼν.

1957 4534 2080 4604 ipsa
2122 4533 2258 4589 sint.
2293 4529 2570 4596 Quidnam
2627 4541 2756 4582 vero
2808 4522 2983 4579 ﬁdes?
3039 4536 3151 4575 non
3190 4534 3253 4575 ea
3294 4527 3379 4574 est
3427 4532 3537 4586 qua

1957 4623 2228 4696 dogmatis
2258 4621 2580 4686 credimus;
2615 4618 2711 4674 sed
2749 4631 2858 4688 qua
2901 4614 3074 4685 signis
3140 4620 3195 4669 ct
3239 4609 3534 4682 prodigiis.

1958 4715 2035 4771 De
2065 4731 2172 4786 qua
2203 4713 2463 4768 nimirum
2502 4711 2759 4766 dicebant
2788 4705 3022 4778 apostoli
3060 4723 3075 4759 :
3118 4704 3340 4772 Adauge
3386 4700 3537 4755 nobis

1961 4808 2120 4878 ﬁdem
2151 4807 2218 4861 ⁸⁸.
2257 4806 2331 4862 De
2376 4817 2485 4875 qua
2534 4817 2752 4858 rursum
2785 4800 3044 4856 Christus
3073 4816 3088 4852 :
3132 4796 3191 4850 Si
3221 4793 3536 4858 habueritis,

1958 4900 2163 4971 inquit,
2197 4898 2357 4968 ﬁdem
2408 4897 2550 4951 sicut
2594 4909 2825 4965 granum
2871 4890 3078 4959 sinapis
3105 4889 3177 4943 ⁸⁷.
3220 4887 3347 4941 Haec
3387 4885 3536 4939 enim

1957 4995 2245 5064 signorum
2275 4999 2361 5045 est
2395 5002 2619 5059 parens.
2654 4984 2818 5039 Aliud
2856 4991 3039 5038 autem
3064 4989 3150 5037 est
3183 4977 3540 5047 operationes

1959 5081 2230 5137 virtutum
2261 5079 2488 5142 habere,
2521 5086 2577 5133 et
2608 5076 2757 5131 aliud
2805 5075 2949 5128 dona
2988 5072 3364 5128 sanationum.
3396 5067 3538 5120 Nam

1961 5173 2058 5244 qui
2095 5169 2447 5227 sanationum
2478 5167 2748 5222 duntaxat
2773 5165 2919 5219 dona
2960 5163 3146 5227 habet,
3169 5161 3263 5215 hic
3293 5166 3539 5212 tantum-

1963 5257 2128 5319 modo
2154 5265 2330 5314 sanat.
2359 5256 2463 5324 Qui
2489 5270 2624 5311 vero
2644 5253 3000 5324 operationes
3033 5251 3203 5307 habet
3245 5251 3540 5309 virtutum,

1967 5369 2079 5411 non
2108 5336 2285 5410 solum
2312 5354 2494 5414 sanat,
2513 5361 2706 5404 verum
2735 5353 2791 5401 et
2819 5345 2988 5399 infert
3016 5357 3232 5413 pinnas.
3263 5335 3542 5405 Quemad-

1969 5446 2197 5502 modum
2225 5456 2423 5511 nempe
2467 5437 2768 5510 Apostolus
2797 5439 3033 5506 magum'
3057 5431 3362 5488 obca-cavit
3388 5427 3459 5493 ⁸⁸,
3488 5436 3545 5482 et

1971 5536 2169 5591 Petrus
2197 5531 2468 5587 Ananiam
2505 5527 2776 5584 exstinxit
2804 5527 2872 5580 ".
2921 5523 3097 5579 Porro
3138 5519 3398 5576 discretio
3426 5517 3544 5587 spi-

1967 5620 2180 5674 rituum
2203 5624 2312 5680 est,
2335 5627 2568 5669 noscere
2598 5611 2724 5679 quis
2749 5607 3070 5679 spiritualis
3093 5605 3252 5668 sit,et
3277 5603 3406 5674 quis
3433 5614 3544 5658 non

1971 5709 2316 5781 spiritualis:
2348 5705 2475 5776 quis
2499 5702 2788 5774 propheta,
2806 5710 2862 5757 et
2885 5699 3011 5771 quis
3036 5698 3262 5768 planus.

358 5812 407 5844 ι·
446 5810 608 5889 ευρ.
639 5811 841 5889 ius.
870 5814 952 5889 nu
986 5815 1120 5873 ibid.
1214 5816 1321 5872 tun
1347 5814 1486 5872 Tim.
1524 5833 1560 5883 1,
1605 5817 1656 5873 6.
1738 5818 1842 5877 δυο

1966 5861 1982 5881 .
2013 5837 2072 5889 u,
2109 5825 2166 5887 8.
2243 5819 2292 5852 ⁸⁸
2327 5819 2457 5875 Luc.
2493 5829 2627 5882 xvn,
2653 5815 2706 5869 6.
2760 5811 2806 5847 "
2840 5809 3035 5866 Matth.
3067 5822 3202 5877 χιιι,
3236 5805 3324 5862 19.
3351 5803 3399 5838 ⁸⁸
3419 5802 3544 5858 Act.

285 5896 408 5950 un,
441 5883 527 5937 tl.
553 5879 598 5913 ⁸⁸
623 5882 747 5939 Act.
773 5899 822 5950 ν,
867 5882 947 5972 5.‘
