3972 6430
381 530 401 550 vi
454 451 557 513 667

1626 447 1686 506 S.
1728 442 2050 506 JOANNIS
2078 436 2494 532 IDAMASCEN
2503 445 2530 503 Ι

533 581 552 613 ι
599 561 705 616 Alii
748 575 950 631 genera
989 559 1326 630 linguarum,
1364 557 1453 611 alii
1492 555 1877 625 interpretatio
1912 569 2028 607 ser-

2210 571 2231 604 (
2275 555 2481 628 Ἐτέρῳ
2531 556 2588 610 δὲ
2625 557 2759 630 γένη
2804 557 3104 626 γλωσσῶν·
3146 559 3292 630 ἄλλῳ
3339 561 3402 614 δὲ
3448 561 3732 633 ἑρμηνεία

3610 441 3732 506 668

461 670 707 710 menum.
763 651 952 724 ﬂens.
1013 650 1126 722 IL}
1176 649 1302 704 llaec
1333 649 1481 704 enim
1527 648 1715 703 omnia
1770 651 2033 715 operatur

2175 643 2422 700 λωσσῶν.
2455 646 2646 703 Πάντα
2673 648 2732 702 δὲ
2760 647 2933 702 ταῦτα
2963 649 3179 719 ἐνεργεῖ
3198 649 3259 704 τὸ
3286 649 3344 707 ἓν
3366 651 3460 705 καὶ
3491 651 3552 705 τὸ
3583 651 3738 706 αὐτὸ

462 763 607 803 unus
631 753 686 802 et
726 745 869 800 idem
905 744 1172 814 Spiritus.
1218 762 1237 794 ι

533 835 637 892 llic
676 835 824 891 enim
857 835 1072 890 sciebat
1099 831 1234 904 quid
1279 833 1398 901 ipse
1431 830 1677 895 diceret;
1729 829 1826 884 sed
1875 826 2036 881 alteri

461 939 726 982 enarrare
763 939 873 978 non
900 931 1117 994 poterat
1143 938 1156 973 :
1184 921 1327 976 alius
1372 922 1488 974 haec
1515 926 1753 988 utraque
1783 914 2038 987 posside-

462 1015 577 1080 bat,
615 1014 779 1084 idque
810 1013 1085 1069 excellens
1119 1027 1240 1067 esse
1285 1011 1489 1066 donum
1513 1008 1836 1074 videbatur;
1865 1007 2037 1077 quip-

467 1120 532 1176 pe
560 1103 708 1176 quod
738 1107 920 1175 ipsum
957 1103 1145 1159 statim
1169 1116 1501 1157 concessum
1535 1099 1806 1169 apostolis
1839 1098 2037 1154 fuerat.

467 1197 739 1263 Quoniam
775 1209 910 1266 ergo
949 1195 1181 1249 nimium
1237 1192 1608 1248 efferebantur
1643 1190 1792 1262 quod
1820 1205 1884 1244 eo
1926 1187 2041 1258 pri-

468 1304 616 1344 mum
640 1287 875 1357 apostoli
901 1285 1159 1342 instructi
1191 1283 1415 1340 fuerant
1442 1284 1613 1350 dono,
1647 1290 1930 1353 postremo
1962 1280 2042 1334 lo-

466 1393 533 1433 co
563 1377 699 1432 illud
729 1378 951 1432 statuit.

541 1460 600 1516 Si
638 1459 882 1532 Spiritus
913 1461 1206 1532 dignitatis
1252 1468 1340 1514 est
1397 1457 1680 1513 inferioris
1711 1464 1766 1512 et
1803 1456 2042 1512 alterius

471 1561 704 1616 naturae,
741 1560 801 1607 ut
837 1552 1064 1622 quidam
1110 1550 1450 1612 fabulantur,
1499 1549 1637 1602 nihil
1676 1547 2045 1618 prodest-«liam

399 1652 406 1658 '
471 1644 799 1710 consolatio,
823 1657 924 1698 nec
955 1641 1100 1712 quod
1126 1641 1440 1704 audiamus,
1465 1640 1604 1694 idem
1631 1637 1890 1707 Spiritus.
1910 1639 2045 1693 Nam

470 1738 562 1806 qui
591 1737 793 1806 accipit
820 1751 850 1788 a
875 1750 1026 1804 rege,
1059 1747 1318 1807 magnum
1351 1733 1458 1786 hoc
1485 1732 1748 1788 solatium
1770 1731 2044 1798 habuerit,

470 1826 616 1896 quod
664 1826 768 1882 sibi
828 1825 920 1880 ille
970 1824 1204 1894 largitus
1243 1823 1336 1879 sit.
1385 1822 1490 1889 Qui
1538 1831 1721 1878 autem
1772 1837 1804 1877 a
1861 1837 2046 1887 servo,

2137 732 2381 805 Πνεῦμα.
2420 755 2438 788 ι

2224 827 2285 882 '0
2320 829 2420 899 μὲν
2447 831 2554 900 γὰρ
2583 831 2702 902 ᾔδει
2730 831 2783 884 τί
2835 831 3024 900 ἔλεγεν
3053 833 3236 898 αὐτὸς,
3271 834 3418 905 ἄλλῳ
3452 835 3509 890 δέ
3543 836 3750 906 ἐρμηο·

2140 920 2329 975 νεῦσαι
2356 920 2458 975 οὐκ
2487 920 2738 990 ἠδύνατο.
2755 921 2814 973 '0
2833 920 2891 974 δέ
2923 921 3211 992 ἀμφότερα
3235 922 3410 977 ταῦτα
3431 924 3736 996 ἐκέκτητο.

2154 1011 2358 1066 Ἐδόκει
2375 1010 2434 1065 δὲ
2450 1011 2608 1064 τοῦτο
2633 1011 2880 1083 χάρισμα
2903 1007 3041 1065 εἶναι
3068 1011 3230 1082 μέγα,
3250 1013 3438 1083 ἐπειδὴ
3457 1015 3552 1068 καὶ
3567 1013 3742 1085 πρῶσ
3813 1021 3824 1026 ’

2142 1118 2233 1156 τον
2270 1101 2402 1155 αὐτὸ
2451 1099 2644 1154 ἔλαϐον
2678 1103 2728 1154 oi
2762 1101 3068 1156 ἀπόστολοι.
3113 1102 3334 1174 Ἐπειδὴ
3363 1103 3543 1158 τοίνυν
3561 1103 3734 1157 τοῦτο

2142 1194 2339 1257 αὐτοὺς
2377 1191 2610 1263 μάλιστα
2639 1193 2862 1263 ἐπῆρεν,
2901 1193 2960 1246 τὸ
2991 1192 3206 1265 πρῶτον
3227 1195 3308 1258 είς
3338 1195 3466 1272 τοὺς
3491 1196 3738 1250 ἀποστόο

2143 1284 2269 1348 λους
2299 1282 2690 1354 κατενεχθῆναι
2733 1283 2792 1338 τὸ
2837 1285 3104 1358 χάρισμα,
3138 1287 3197 1341 ἐν
3219 1285 3299 1357 τῷ
3325 1287 3469 1358 λόγῳ
3497 1287 3733 1360 ὕστερον

2145 1375 2380 1444 τίθησιν.

2156 1444 2174 1465 ’
2219 1467 2285 1519 Εἰ
2321 1465 2543 1520 ἔλαττον
2570 1465 2630 1520 τὸ
2653 1466 2898 1538 Πνεῦμα,
2928 1469 3024 1522 καὶ
3069 1468 3265 1540 ἐτέρας
3302 1470 3513 1535 οὐσίας,
3540 1470 3738 1535 καθώς

2150 1557 2294 1620 τινές
2339 1574 2524 1626 φασιν,
2577 1558 2733 1612 οὐδὲν
2780 1557 2987 1629 ὤνησεν
3044 1561 3077 1630 ἡ
3114 1560 3459 1632 παραμυθία,
3503 1562 3624 1616 οὐδὲ
3665 1563 3736 1616 τὺ

2149 1648 2402 1714 ἀκοῦσαι,
2457 1649 2524 1703 τὸ
2563 1651 2708 1704 αὐτὸ
2769 1651 3032 1722 Πνεῦμα.
3069 1652 3127 1705 '0
3169 1653 3268 1722 μὲν
3307 1652 3414 1723 γὰρ
3449 1654 3602 1725 παρὰ
3627 1653 3733 1707 τοῦ

2151 1737 2418 1810 βασιλέως
2433 1737 2630 1802 λαϐὼν,
2663 1741 2930 1812 μεγίστην
2960 1741 3028 1795 ἄν
3053 1742 3258 1813 ταύτην
3290 1746 3410 1814 σχοῖ
3433 1745 3531 1815 τὴν
3548 1761 3738 1814 παρα-

2156 1830 2374 1900 μυθίαν,
2401 1832 2484 1885 ὅτι
2517 1831 2677 1896 αὐτὸς
2698 1832 2846 1903 αὐτῷ
2869 1833 3089 1890 ἔδωκεν.
3143 1835 3202 1890 '0
3223 1835 3279 1888 δέ
3302 1835 3455 1906 παρὰ
3481 1835 3576 1890 τοῦ
3598 1836 3733 1890 δού-

471 1895 602 1972 tunc
636 1916 784 1973 dolet
820 1915 1018 1987 magis,
1051 1915 1272 1986 quando
1306 1915 1360 1970 id
1409 1914 1515 1970 sibi
1541 1929 1570 1968 a
1599 1915 1862 1985 quopiam
1894 1914 2039 1983 obji-

2174 1940 2270 1989 tou,
2328 1923 2450 1977 τότε
2514 1925 2714 1994 μᾶλλον
2766 1895 2954 1993 ἀλγεῖ,
3051 1927 3182 1982 ὅταν
3227 1895 3395 1982 τοῦτό·
3442 1945 3528 1992 τις
3579 1927 3739 1998 αὺτῷ

469 2011 635 2066 citur.
672 2010 752 2075 Ex
785 2010 892 2065 hoc
934 2009 1108 2082 igitur
1134 2009 1300 2063 etiam
1341 2008 1524 2078 capite
1553 2007 1727 2079 liquet
1773 2005 2042 2077 Spiritum

469 2111 724 2160 sanctum
761 2117 873 2158 non
897 2100 1140 2168 servilis,
1186 2099 1284 2156 sed
1320 2101 1485 2172 regia:
1527 2101 1858 2156 substantia:
1893 2113 2038 2156 esse.

543 2298 701 2367 Quod
749 2305 876 2355 ante
929 2297 998 2354 de
1025 2295 1194 2352 Patre
1218 2295 1460 2362 dicebat,
1512 2295 1620 2362 Qui
1655 2303 1908 2364 operatur
1937 2311 2051 2349 om-

470 2395 562 2447 nia
595 2395 650 2444 in
671 2389 948 2453 omnibus,
984 2388 1129 2444 idem
1155 2388 1320 2443 etiam
1357 2387 1465 2442 hoc
1496 2387 1552 2440 in
1590 2386 1712 2440 loco
1741 2384 1811 2439 de
1837 2383 2050 2454 Spiritu

476 2483 632 2554 105
673 2483 1015 2552 pronuntiat.
1048 2481 1174 2534 Hazc
1209 2487 1386 2534 autem
1416 2478 1599 2533 omnia
1633 2485 1886 2546 operatur
1912 2492 2050 2532 unus

470 2586 520 2631 et
547 2576 687 2630 idem
715 2573 991 2645 Spiritus;
1023 2583 1080 2629 et
1121 2573 1324 2642 ubique
1356 2571 1560 2643 passim
1606 2569 1837 2625 honoris
1867 2584 2053 2640 aequa-

472 2668 685 2721 litatem
711 2666 981 2721 declarat.
1023 2663 1184 2730 Quod
1224 2673 1406 2719 autem
1457 2663 1556 2730 ait,
1592 2663 1648 2716 in
1683 2661 1951 2727 omnibus,
1983 2661 2051 2716 de

471 2753 796 2810 hominibus
818 2752 1034 2808 dictum
1064 2761 1170 2809 est.
1206 2751 1568 2823 Nequaquam
1613 2767 1747 2808 vero
1781 2750 2050 2822 Spiritum

468 2859 596 2900 cum
626 2843 943 2900 hominibus
973 2845 1350 2901 accensueris.

544 2953 565 2987 ι
602 2933 862 2990 Dividens
889 2934 1124 3004 singulis
1153 2942 1313 3003 prout
1347 2935 1482 2990 vult.
1521 2953 1541 2988 ι

544 3024 665 3081 Νοη
693 3026 874 3082 solum
908 3027 1251 3091 consolatur,
1283 3043 1472 3082 verum
1504 3037 1558 3084 et
1589 3043 1654 3086 os
1684 3030 1957 3095 obstruit,
2007 3030 2054 3086 si

473 3117 604 3187 quis
637 3115 773 3188 quid
807 3116 1045 3173 effutiat.
1085 3117 1220 3172 Nam
1251 3120 1298 3175 si
1328 3120 1625 3191 unicuique
1657 3121 1855 3177 dividit
1892 3130 2058 3193 prout

2156 2015 2500 2088 προσενέγκῃ
2529 2055 2544 2080 ,
2607 2016 2750 2070 ὥστε
2805 2017 3103 2072 κάντεῦθεν
3155 2019 3336 2091 δῆλον,
3380 2021 3464 2074 ὅτι
3511 2021 3574 2074 οὐ
3629 2023 3737 2090 τῆς

2152 2105 2439 2176 δουλικῆς,
2498 2106 2634 2161 ἀλλὰ
2702 2107 2804 2177 τῆς
2862 2107 3152 2180 βασιλικῆς
3208 2109 3398 2174 οὐσίας
3452 2110 3514 2163 τὸ
3567 2110 3735 2180 ἅγιον

2153 2195 2396 2266 Πνεῦμα.

2227 2309 2406 2383 Ὅπερ
2428 2311 2688 2384 ἀνωτέρω
2710 2313 2950 2385 περὶτοῦ
2983 2314 3194 2387 Πατρδς
3226 2312 3401 2384 εἶπεν,
3435 2319 3463 2372 δ
3491 2318 3736 2391 ἐνεργῶν

2151 2406 2219 2459 τὰ
2251 2405 2428 2457 πάντα
2474 2405 2533 2457 ἐν
2565 2408 2722 2470 πᾶσι,
2771 2406 2931 2460 τοῦτο
2959 2407 3239 2462 κάνταῦθα
3269 2410 3399 2482 περὶ
3425 2411 3519 2464 τοῦ
3553 2411 3734 2465 Πνεῦ-

2156 2514 2345 2568 ματος.
2361 2497 2566 2552 Πάντα
2596 2498 2665 2552 δὲ
2688 2499 2872 2554 ταῦτα
2899 2498 3126 2572 ἐνεργεῖ
3155 2502 3220 2556 τὸ
3246 2502 3317 2556 ἓν
3345 2504 3443 2557 καὶ
3484 2504 3552 2558 τὸ
3582 2505 3738 2560 αὐτὸ

2153 2587 2398 2658 Πνεῦμα
2423 2628 2438 2655 ,
2503 2589 2785 2663 πανταχοῦ
2837 2591 2936 2663 τὴν
2970 2593 3276 2665 ὁμοτιμίανι
3302 2594 3499 2666 δηλῶν.
3536 2595 3610 2648 Τὸ
3649 2595 3735 2659 δὲ,

2151 2680 2222 2733 ἐν
2251 2679 2460 2745 πᾶσιν,
2498 2681 2628 2754 περὶ
2671 2683 2975 2755 ἀνθρώπων
3020 2673 3171 2754 λέγει
3195 2701 3210 2718 ο
3249 2687 3457 2742 οὐδέπω
3494 2687 3552 2741 δὲ
3591 2686 3740 2759 μετὰ

2154 2771 2260 2825 τῶν
2291 2772 2590 2847 ἀνθρώπων
2624 2774 2719 2828 καὶ
2746 2776 2808 2829 τὸ
2831 2775 3055 2847 Πνεῦμα
3080 2777 3426 2850 ἀριθμήσεις.

2234 2973 2251 3005 ι
2285 2951 2540 3023 Διαιροῦν
2567 2953 2673 3025 ἰδίᾳ
2701 2954 2936 3026 ἑκάστῳ,
2969 2954 3152 3020 καθὼς
3180 2955 3453 3027 βούλεται.
3497 2977 3518 3012 ι

2229 3046 2304 3098 Οὐ
2335 3045 2748 3117 παραμυθεῖται
2789 3047 2970 3116 μόνον,
2986 3047 3121 3102 ἀλλὰ
3153 3049 3249 3102 καὶ
3273 3050 3612 3122 ἐπιστομίζει
3643 3054 3742 3109 τὸν

2158 3137 2406 3206 λέγοντα.
2441 3137 2503 3191 Et
2549 3137 2682 3210 γὰρ,
2747 3137 2823 3202 ὦς
2871 3137 3143 3210 βούλεται,
3197 3139 3397 3212 διαιρεῖ
3428 3143 3665 3216 ἑκάστῳ,
3710 3150 3742 3199 ὁ

477 3209 632 3274 vult;
667 3208 761 3278 qui
814 3208 1009 3278 iniquo
1065 3208 1170 3264 fert
1222 3212 1410 3266 animo
1445 3226 1774 3268 concessum
1813 3212 1920 3268 sibi
1958 3213 2051 3269 do-

2174 3228 2454 3299 Ξιδημονῶν
2523 3208 2639 3283 ἐπι
2678 3208 3017 3302 χαρίσματι,
3096 3231 3266 3301 ἐγγὺς
3315 3208 3588 3304 ἀντιλέγει
3614 3208 3626 3216 ’
3659 3237 3744 3310 τῷ

477 3315 644 3365 num,
693 3299 969 3353 voluntati
1020 3297 1263 3369 Spiritus
1317 3299 1694 3367 contradicit,
1745 3315 1815 3356 ac
1864 3301 1911 3356 si
1959 3301 2053 3358 ille

477 3408 584 3447 non
620 3398 768 3448 recte
805 3391 1174 3452 distribuerit.

548 3481 714 3537 Vens.
739 3482 837 3545 12,
872 3483 954 3538 15.
989 3502 1008 3536 1
1045 3482 1204 3540 Sicut
1239 3482 1388 3539 enim
1425 3497 1595 3538 unum
1636 3497 1844 3553 corpus
1865 3492 1976 3550 est,
1999 3492 2056 3540 et

475 3573 718 3628 membra
741 3573 906 3629 habet
923 3575 1123 3630 multa:
1144 3575 1328 3636 omnia
1348 3584 1531 3632 autem
1548 3575 1792 3633 membra
1810 3577 2056 3647 corporis

476 3665 666 3730 unius,
694 3680 819 3721 cum
844 3666 959 3722 sint
985 3667 1156 3723 multa
1177 3706 1193 3731 ,
1220 3683 1394 3724 unum
1421 3676 1605 3724 tamen
1629 3682 1830 3739 corpus
1863 3676 2047 3724 sunt.»

548 3756 846 3829 Postquam
886 3773 984 3814 eos
1023 3759 1128 3815 hac
1178 3760 1394 3817 ratione
1439 3759 1720 3824 deliuivit,
1754 3759 1907 3831 quod
1955 3760 2055 3816 do-

477 3863 611 3903 num
655 3857 710 3904 et
754 3849 935 3920 gratia
985 3850 1059 3907 sit
1103 3851 1242 3908 illud
1287 3854 1436 3923 quod
1467 3854 1817 3918 conceditur.
1851 3855 2057 3925 quippe

477 3955 605 3995 cum
643 3955 711 3996 ex
751 3956 862 3997 uno
898 3957 1093 3999 omnes
1133 3944 1446 4014 accipiant,
1480 3953 1536 4002 et
1569 3952 1628 4000 ut
1657 3944 1858 4016 cuique
1887 3961 2055 4017 expe-

479 4033 588 4099 dit,
619 4033 970 4103 praebeatur:
1008 4035 1235 4091 occlusa
1269 4036 1498 4106 insuper
1533 4037 1720 4108 lingua
1774 4039 2052 4110 ipsorum,

480 4130 542 4178 ut
581 4124 842 4195 potentias
889 4125 1134 4196 Spiritus
1179 4126 1380 4183 cedere
1417 4127 1742 4197 discerent,
1773 4143 1841 4184 ex
1877 4128 2056 4184 altero

476 4215 590 4285 jam
623 4215 815 4290 capite.
835 4216 990 4288 ipsos
1020 4218 1368 4286 consolatur,
1397 4234 1462 4276 ex
1492 4220 1777 4275 communi
1803 4219 2059 4276 videlicet

479 4307 757 4378 exemplo,
794 4317 960 4380 atque
994 4310 1060 4366 ad
1098 4321 1354 4366 naturam
1385 4311 1564 4382 ipsam
1598 4311 1862 4368 recurrit.
1899 4310 2054 4378 Quod

481 4407 664 4454 autem
695 4391 806 4469 ait,
842 4402 991 4458 hunc
1023 4403 1190 4460 liabet
1242 4419 1512 4460 sensum:
1564 4405 1614 4460 si
1660 4405 1836 4461 multa
1883 4419 2054 4459 unum

479 4501 636 4558 sunt,
661 4499 715 4548 et
739 4508 907 4548 unum
936 4495 1104 4550 multa
1128 4536 1144 4562 ,
1175 4496 1399 4552 ubinam
1427 4505 1683 4567 superest
1711 4495 2060 4553 discrimen?

484 4581 586 4639 Ubi
617 4584 672 4639 id
704 4584 848 4655 quod
881 4587 1286 4656 praecellentius
1319 4589 1438 4644 sit?
1469 4590 1562 4644 ubi
1597 4588 1746 4658 quod
1780 4589 2063 4645 deterius?
2096 4591 2141 4656 D_

549 4675 672 4731 Non
715 4676 887 4745 dixit,
933 4692 1060 4733 cum
1106 4679 1283 4734 multa
1330 4680 1478 4744 sint,
1527 4679 1594 4734 ad
1643 4693 1846 4750 corpus
1888 4695 2057 4735 unum

481 4767 802 4837 pertinent;
860 4768 958 4824 sed
1007 4769 1188 4839 ipsum
1236 4783 1446 4839 corpus
1494 4768 1667 4824 multa
1716 4779 1836 4833 est,
1882 4784 2060 4840 eaque

478 4857 728 4914 membra
760 4858 933 4914 multa
964 4859 1069 4915 hoc
1097 4873 1271 4915 unum
1304 4865 1459 4915 sunt.

555 4965 576 4999 ι
603 4947 686 5004 lta
719 4957 775 5005 et
797 4949 1079 5007 Christus.
1110 4949 1332 5006 Etenim
1372 4949 1429 5005 in
1466 4963 1577 5004 uno
1618 4948 1829 5021 Spiritu
1868 4967 2059 5008 omnes

478 5051 605 5094 110⁸.
639 5057 659 5093 ι

549 5128 690 5184 Cum
729 5129 915 5188 dicere
951 5131 1272 5199 debuisset,
1308 5130 1384 5186 ita
1413 5139 1470 5186 et
1502 5130 1749 5190 Ecclesia
1770 5171 1787 5198 ,
1811 5149 1944 5189 -non
1977 5141 2061 5189 ta-

479 5237 609 5280 men
640 5223 748 5278 hoc
771 5224 944 5291 dixit,
973 5224 1070 5282 sed
1096 5223 1218 5295 ejus
1245 5224 1367 5280 loco
1393 5221 1676 5282 Christum
1704 5227 1923 5296 posuit;
1948 5240 2059 5294 quo

479 5330 679 5386 nempe
707 5315 874 5372 altius
902 5316 1210 5373 orationem
1241 5315 1490 5382 attollat,
1523 5325 1579 5373 et
1603 5317 1909 5373 auditorem
1941 5331 2057 5370 ma-

477 5407 588 5477 jori
635 5406 832 5464 afﬁciet
882 5407 1118 5478 pudore.
1173 5405 1344 5475 Quasi
1397 5407 1592 5464 dicat:
1644 5408 1720 5464 ita
1759 5415 1818 5465 et
1854 5422 2058 5478 corpus

480 5498 721 5564 Christi,
753 5499 900 5570 quod
925 5507 1016 5556 est
1039 5497 1308 5556 Ecclesia.
1352 5499 1489 5555 Nam
1521 5500 1693 5556 veluti
1746 5515 1951 5570 corpus
2005 5509 2060 5554 et

481 5599 648 5660 caput
674 5606 821 5649 unus
853 5591 1020 5647 homo
1047 5601 1170 5660 est;
1207 5593 1284 5648 ita
1333 5603 1389 5649 et
1437 5590 1746 5649 Ecclesiam
1793 5599 1849 5647 et
1895 5589 2056 5645 Chri-

484 5689 630 5737 stum
663 5696 832 5736 unum
857 5697 980 5740 esse
1006 5682 1257 5740 afﬁrmat.

479 5830 486 5836 _
558 5760 578 5823 ι
610 5769 672 5826 1η
705 5787 876 5829 unum
907 5787 1112 5844 corpus
1143 5774 1403 5845 baptizati
1440 5789 1634 5830 sumus
1657 5816 1670 5843 ,
1707 5774 1818 5832 sive
1847 5771 2053 5840 Judtci,

490 5861 604 5920 sive
635 5862 810 5924 Graeci
832 5906 846 5935 ,
882 5866 998 5923 sive
1031 5866 1172 5925 servi
1195 5907 1210 5937 ,
1247 5867 1362 5925 sive
1395 5866 1572 5924 liberi.
1606 5885 1625 5916 ι

2165 3315 2464 3390 βουλήματι
2515 3317 2609 3371 τοῦ
2669 3320 3006 3391 Πνεύματος,
3073 3319 3151 3384 ὠς
3200 3320 3301 3374 οὑκ
3335 3319 3511 3394 ὀρθῶς
3537 3325 3743 3382 διελόν-

2161 3419 2270 3466 τος.

2241 3515 2258 3545 ι
2302 3495 2574 3569 Καθάπερ
2631 3496 2741 3569 γὰρ
2770 3498 2831 3552 τὸ
2877 3499 3036 3572 σῶμα
3067 3501 3126 3556 ἐν
3154 3503 3294 3572 ἐστι,
3329 3507 3423 3560 καὶ
3449 3505 3585 3578 μέλη
3623 3507 3741 3578 ἔχει

2163 3581 2354 3650 πολλὰ,
2386 3585 2566 3639 πάντα
2592 3585 2742 3640 δὲτὰ
2771 3587 2908 3659 μέλη
2933 3589 3028 3643 τοῦ
3043 3589 3294 3663 σώματος
3312 3593 3403 3648 τοῦ
3436 3596 3554 3660 ἐνὸς
3570 3595 3743 3652 πολλὰ

2161 3672 2312 3741 ὄντα,
2343 3673 2403 3728 ἓν
2439 3678 2555 3730 ἐστι
2586 3675 2765 3747 σῶμα.
2793 3696 2812 3730 ι

2235 3764 2785 3836 Παραμυθησάμενος
2845 3766 2910 3820 ἐκ
2948 3766 3044 3822 τοῦ
3089 3769 3336 3842 χάρισμα
3382 3768 3522 3828 εἶναι
3563 3774 3624 3829 τὺ
3663 3774 3744 3829 δι-

2163 3855 2412 3925 δόμενον,
2443 3856 2540 3908 καὶ
2569 3855 2634 3909 ἐκ
2673 3855 2768 3910 τοῦ
2806 3858 3018 3922 πάντας
3051 3859 3110 3928 ἐξ
3147 3861 3266 3925 ἐνὸς
3295 3862 3614 3933 λαμϐάνειν,
3647 3871 3746 3921 καὶ

2163 3945 2230 3997 ἐκ
2255 3942 2352 3998 τοῦ
2383 3943 2775 4014 συμφερόντως
2832 3945 3094 4014 δίδοσθαι,
3146 3949 3242 4003 καὶ
3276 3949 3414 4019 μετὰ
3457 3951 3615 4006 τοῦτο
3644 3953 3745 4006 καὶ

2164 4035 2526 4106 ἐπιστομίσας
2554 4037 2619 4089 ἐκ
2647 4036 2742 4091 τοῦ
2769 4037 2882 4092 δεῖν
2912 4043 3268 4112 παραχωρεῖν
3290 4044 3355 4114 τῇ
3396 4042 3616 4116 ἐξουσίᾳ
3645 4045 3745 4098 τοῦ

2164 4127 2503 4198 Πνεύματος,
2543 4127 2638 4181 καὶ
2677 4128 2736 4196 ἐξ
2776 4129 2966 4200 ἑτέρου
2999 4133 3195 4196 αὐτοὺς
3257 4134 3446 4188 λοιπὸν
3476 4151 3742 4204 παραμυ-

2166 4218 2342 4272 θεῖται
2368 4217 2551 4271 κοινοῦ
2573 4219 3044 4290 παραδείγματος,
3076 4223 3172 4276 καὶ
3201 4224 3294 4277 ἐπὶ
3321 4224 3421 4295 τὴν
3455 4224 3618 4294 φύσιν
3646 4227 3742 4278 αὐ-

2165 4307 2267 4376 τὴν
2302 4307 2662 4378 καταφεύγει.
2696 4310 2762 4361 Ὀ
2781 4309 2840 4362 δὲ
2873 4309 3023 4378 λέγει
3067 4310 3310 4365 τοιοῦτόν
3371 4314 3536 4365 ἐστιν·
3583 4312 3645 4366 Et
3684 4313 3744 4367 ἓν

2166 4399 2283 4452 ἐστι
2332 4397 2403 4452 τὰ
2461 4399 2654 4464 πολλὰ,
2687 4399 2874 4452 καὶτὸ
2925 4399 2984 4453 ἓν
3018 4401 3211 4465 πολλὰ,
3260 4401 3362 4456 ποῦ
3401 4403 3551 4457 ἐστιν
3586 4402 3671 4456 ἔτι
3711 4408 3744 4472 ἡ

2166 4486 2440 4559 διαφορά;
2466 4487 2571 4542 ποῦ
2596 4486 2659 4541 τὸ
2693 4487 2996 4558 ὕπέροχσν;
3027 4488 3140 4543 ποῦ
3165 4488 3226 4542 τὸ
3249 4489 3503 4557 ἔλαττονς

2237 4667 2354 4721 Οὐκ
2413 4663 2561 4730 εἶπε,
2613 4665 2788 4720 πολλὰ
2833 4665 2964 4721 ὄντα
3004 4665 3099 4720 τοῦ
3143 4665 3262 4730 ἐνός
3309 4667 3426 4720 ἐστι
3467 4667 3742 4738 σώματος,

2165 4757 2322 4823 ἀλλὰ,
2351 4757 2485 4811 αὐτὸ
2511 4756 2572 4810 τὸ
2624 4756 2786 4828 σῶμα
2819 4756 2994 4812 πολλὰ
3023 4757 3166 4819 ἐστι,
3215 4758 3446 4811 κάκεῖνα
3473 4757 3544 4811 τὰ
3572 4759 3746 4812 πολλὰ

2169 4848 2329 4920 μέλη,
2351 4847 2510 4902 τοῦτό
2531 4847 2649 4902 ἐστι
2675 4849 2738 4902 τὸ
2765 4848 2858 4912 ἓν.,

2241 4958 2260 4991 ι
2299 4938 2458 4994 οὕτω
2487 4939 2582 4994 καὶ
2606 4940 2634 4994 ὁ
2658 4938 2915 5010 Χριστός.
2956 4939 3067 4994 Καὶ
3105 4939 3214 5012 γὰρ
3250 4940 3309 4994 ἐν
3348 4938 3428 4991 ἐνὶ
3467 4936 3745 5008 Πνεύματι

2166 5033 2328 5102 ἡμεῖς
2345 5031 2569 5094 πάντες.
2589 5049 2609 5083 ι

2235 5122 2368 5178 Δέον
2393 5123 2591 5188 εἰπεῖν,
2621 5120 2766 5175 οὕτω
2790 5121 2886 5176 καὶ
2914 5122 2948 5190 ή
2989 5119 3284 5191 Ἐκκλησία
3304 5135 3320 5152 ο
3349 5117 3509 5173 τοῦτο
3563 5119 3664 5189 μὲν
3683 5117 3748 5172 οὗ

2167 5231 2361 5287 φησιν·
2394 5215 2510 5269 ἀντ’
2549 5215 2767 5284 ἐκείνης
2799 5213 2857 5266 δὲ
2877 5212 2969 5266 τὸν
3001 5211 3242 5283 Χριστὸν
3260 5211 3497 5281 τίθησιν,
3515 5211 3597 5273 εἰς
3614 5209 3748 5279 ὕψος

2165 5307 2317 5377 ἄγων
2337 5306 2429 5360 τὸν
2449 5305 2630 5375 λόγον,
2663 5305 2757 5358 καὶ⁹
2788 5303 3052 5374 μειζόνως
3105 5302 3387 5373 ἐντρέπων
3421 5303 3514 5357 τὸν
3542 5303 3746 5373 ἀκροα-

2164 5401 2286 5470 τήν.
2333 5401 2398 5454 Ὃ
2420 5397 2476 5452 δέ
2524 5397 2675 5465 λέγει
2705 5393 2946 5450 τοιοῦτόν
2997 5395 3145 5448 ἐστιν
3171 5411 3186 5426 ·
3216 5392 3373 5448 Οὕτω
3402 5393 3500 5446 καὶ
3525 5393 3585 5446 τὸ
3613 5394 3745 5463 Χρι-

2168 5489 2296 5546 στοῦ
2333 5490 2515 5565 σῶμα,
2553 5490 2693 5559 ὅπερ
2726 5488 2876 5543 ἐστὶν
2901 5489 2935 5558 ἠ
2987 5485 3307 5555 Ἐκκλησία.
3339 5483 3611 5554 Καθάπερ
3638 5485 3753 5554 γὰρ.

2170 5585 2329 5655 σῶμα
2357 5583 2452 5637 καὶ
2482 5581 2696 5651 κεφαλὴ
2723 5576 2806 5643 εἷς
2835 5583 2984 5634 ἐστιν
3019 5577 3326 5648 ἄνθρωπος,
3352 5576 3496 5631 οὕτω
3528 5575 3621 5630 καὶ
3649 5577 3745 5643 τὴν

2178 5675 2506 5741 Ἐκκλησίαν
2530 5673 2624 5726 καὶ
2652 5672 2745 5726 τὸν
2773 5670 3007 5742 Χριστὸν
3031 5665 3243 5725 ἐνεῖναί
3278 5686 3463 5740 φησιν.

2244 5787 2264 5821 ι
2305 5766 2398 5830 Εἰς
2420 5765 2478 5818 ἓν
2502 5765 2664 5835 σῶμα
2698 5762 3142 5830 ἐϐαπτίσθημεν,
3191 5760 3301 5814 εἴτε
3336 5759 3602 5825 Ἰουδαῖοι,
3635 5755 3743 5810 εἴτε

2173 5859 2454 5928 Ἕλληνες,
2487 5858 2595 5912 εἴτε
2627 5854 2823 5922 δοῦλοι,
2845 5856 2950 5909 εἴτε
2982 5855 3278 5924 ἐλεύθεροι.
3312 5871 3330 5906 ι
