3972 6430
252 417 379 487 εδει

1433 429 1515 490 ΙΝ
1556 430 1796 490 EPIST.
1828 430 1927 490 AD
1960 431 2320 495 CORINTH.
2361 435 2390 494 Ι

310 537 442 592 ’Καὶ
472 538 561 607 ἐφ’
593 538 783 613 ἕτερον
827 541 1046 612 ἔρχεται
1095 543 1390 612 κεφάλαιον
1443 543 1837 615 πνευματικόν.

2025 546 2110 600 Ad
2167 547 2404 603 alterum
2468 564 2690 621 quoque
2745 562 2909 625 caput
2972 555 3263 629 spirituale
3322 558 3544 612 transit.

271 632 327 684 0
350 629 412 684 δι
434 630 587 699 λέγει
617 631 861 686 τοιοῦτόν
888 634 1027 686 ἐστι’
1050 633 1125 688 Τὸ
1160 635 1583 691 κατασκευάσαν
1607 635 1756 706 ἡμᾶς
1790 633 1849 686 ἓν

243 722 427 795 σῶμα
440 725 721 794 γενέσθαι,
745 727 843 781 καὶ
875 728 1254 798 ἀναγεννῆσαν
1295 729 1465 799 ἡμᾶς,
1494 726 1553 780 ἓν
1575 728 1746 780 ἐστιν.
1771 724 1848 779 Οὐ

239 814 369 885 γὰρ
409 817 471 869 ὲν
499 815 646 887 ἄλλῳ
684 817 788 888 μὲν
840 819 1021 887 αὐτὸς,
1064 820 1121 874 ἐν
1153 820 1327 891 ἑτέρῳ
1373 818 1430 872 δὲ
1475 818 1687 881 ἐκεῖνος
1715 815 1851 871 ἐϐα-

236 905 464 978 πτίσθη
520 908 821 980 Πνεύματι.
872 911 947 963 Οὐ
986 910 1147 982 μόνον
1197 911 1257 965 δὲ
1301 910 1363 965 τδ
1405 908 1676 981 βαπτίσαν
1702 908 1849 978 ἡμᾶς

236 996 331 1061 ἓν,
372 998 518 1053 ἀλλὰ
552 1001 647 1054 καὶ
701 1002 782 1064 εἰς
819 1001 849 1055 ὀ
877 1000 1230 1072 βεϐάπτικεν.
1287 1002 1403 1056 Οὐκ
1440 1001 1510 1056 ἂν
1536 997 1631 1055 οὖν
1658 1001 1848 1069 ἐσμεν,

236 1089 422 1158 φησὶ,
444 1089 646 1144 δίκαιοι
701 1091 952 1162 ἀθυμεῖν.
987 1092 1062 1146 Οὐ
1113 1091 1225 1163 γὰρ
1287 1091 1400 1162 ἔχει
1455 1093 1638 1162 χώραν
1669 1091 1703 1158 ὴ
1733 1088 1850 1142 δια-

235 1180 427 1249 φορά.
458 1181 598 1237 Οὖτε
629 1182 739 1255 γὰρ
769 1183 856 1237 ἵνα
906 1183 1138 1254 διαφορὰ
1180 1184 1406 1253 γένηται
1450 1182 1699 1253 σώματα,
1732 1178 1849 1232 ἀλλ’

238 1269 348 1324 ἶνα
389 1270 595 1335 πάντες
608 1272 722 1343 ’τὴν
755 1272 876 1337 ἑνὸς
903 1273 1155 1343 σώματος
1181 1269 1469 1342 ἀκρίϐειαν
1505 1270 1645 1342 πρὸς
1685 1266 1853 1337 ἀλλή-

235 1361 392 1428 λους
418 1362 795 1435 διασώζωμεν,
828 1364 1265 1436 ἐϐαπτίσθημεν.

1956 633 2117 700 Quod
2153 638 2353 693 autem
2407 639 2487 694 ait
2538 641 2814 711 ejusmodi
2870 654 2977 701 est.
3028 647 3084 703 ld
3136 646 3285 719 quod
3324 663 3428 703 nos
3469 647 3542 701 ita

1953 727 2311 784 conﬁrmavit
2338 738 2399 786 ut
2430 749 2600 788 unum
2635 749 2840 804 corpus
2863 752 3145 805 essemus,
3183 747 3237 795 et
3262 738 3408 810 quod
3441 754 3545 792 nos

1952 823 2334 889 regeneravit,
2367 838 2539 879 unum
2570 834 2675 882 est.
2718 825 2839 882 Non
2883 829 3031 884 enim
3069 830 3161 886 hic
3212 830 3434 901 quidem
3486 829 3542 884 in

1953 908 2065 964 alio
2086 953 2100 976 ,
2133 921 2186 967 et
2218 911 2311 969 ille
2344 914 2398 969 in
2438 917 2615 973 altero
2650 917 2865 989 Spiritu
2896 920 3208 991 baptizatus
3241 921 3363 975 fuit.
3395 918 3542 986 Quin

1951 1003 2118 1056 etiam
2154 1018 2264 1059 non
2300 1004 2468 1061 modo
2502 1009 2595 1065 ille
2635 1026 2734 1081 per
2780 1027 2946 1083 quem
2996 1011 3258 1083 baptizati
3309 1027 3540 1074 sumus,

1952 1106 2100 1149 unus
2137 1092 2380 1165 Spiritus
2410 1106 2536 1165 est;
2574 1116 2762 1156 verum
2792 1112 2847 1158 et
2879 1104 2969 1158 ille
3003 1104 3121 1174 ipse
3158 1104 3214 1158 in
3244 1120 3407 1173 quem
3441 1121 3543 1160 nos

1957 1182 2290 1253 baptizavit.
2336 1185 2622 1245 Immerito
2658 1191 2827 1263 igitur
2881 1194 3131 1249 animum
3178 1193 3544 1264 desponderi-

1957 1288 2118 1337 ntus,
2176 1274 2358 1345 inquit
2410 1296 2425 1334 :
2493 1279 2803 1337 dili‘erentia
2860 1285 3066 1355 quippe
3116 1285 3328 1339 nullum
3380 1283 3544 1339 habet

1953 1362 2159 1421 locum.
2202 1366 2495 1425 Enimvero
2529 1386 2876 1443 nequaquam
2912 1375 3117 1429 idcirco
3152 1375 3413 1445 baptizati
3449 1390 3543 1430 su-

234 1467 413 1519 mus,
444 1464 505 1510 ut
529 1457 746 1511 diversa
772 1469 1007 1526 corpora
1031 1469 1306 1521 essemus,
1336 1454 1432 1511 sed
1461 1460 1523 1509 ut
1555 1450 1721 1509 unius
1748 1462 1942 1506 omnes
1969 1455 2224 1524 corporis
2251 1468 2501 1515 exactam
2529 1459 2761 1518 formam
2791 1464 2936 1519 inter
2961 1478 3065 1520 nos
3091 1464 3327 1519 invicem
3349 1479 3541 1520 serva-

238 1563 483 1604 remus.

325 1565 385 1604 ω
466 1591 483 1604 .

325 1660 353 1693 ι
390 1565 506 1696 ιΙέἶιὶ
533 1643 736 1706 πάντες
765 1647 848 1708 εἰς
865 1644 927 1699 ἒν
949 1642 1110 1713 σῶμα
1139 1640 1577 1712 ἐϐαπτίσθημεν.
1604 1638 1716 1694 Καὶ
1740 1636 1850 1708 γὰρ

232 1729 308 1786 τὸ
346 1731 519 1804 σῶμα
539 1733 639 1788 οὐκ
673 1733 822 1789 ἐστιν
851 1734 910 1788 ἓν
941 1734 1123 1804 μέλος.
1153 1732 1291 1787 ἀλλὰ
1308 1731 1502 1788 πολλὰ.
1538 1750 1558 1784 ι

2034 1652 2054 1687 ι
2086 1635 2156 1691 Et
2185 1652 2382 1696 omnes
2409 1639 2464 1695 in
2494 1658 2665 1697 unum
2704 1642 2971 1715 Spiritum
3020 1644 3285 1718 baptizati
3322 1662 3535 1705 sumus.

1956 1721 2148 1796 lens.
2190 1728 2305 1804 14.]
2338 1730 2471 1786 Nam
2517 1741 2571 1788 et
2614 1748 2816 1805 corpus
2862 1752 2970 1792 non
3024 1747 3110 1793 est
3141 1753 3311 1793 unum
3359 1756 3536 1795 mem-

1955 1818 2113 1873 brum
2137 1864 2151 1888 ,
2187 1822 2284 1878 sed
2320 1825 2515 1880 multa.
2547 1843 2568 1877 ι

324 1898 652 1978 τουτέστιν,
688 1913 825 1967 ’Υπό
847 1914 948 1987 τὴν
969 1913 1139 1985 αὐτὴν
1163 1912 1411 1985 ἤλθομεν·
1432 1906 1846 1982 μυσταγωγίαν,

2026 1909 2144 1967 Hoc
2172 1919 2293 1977 est,
2331 1915 2433 1971 sub
2470 1929 2638 1971 unam
2679 1923 2734 1972 et
2772 1916 3020 1973 eamdem
3067 1932 3261 1975 omnes
3306 1920 3537 1975 institu-

229 2001 361 2071 τῆς
390 2003 561 2073 αὐτῆς
588 2005 872 2078 τραπέζης
920 2005 1292 2077 ἀπολαόομεν.
1327 2005 1393 2060 Εἰ
1422 2003 1607 2058 τοίνυν
1644 2002 1742 2056 καὶ
1788 2000 1848 2056 ἒιν

233 2092 495 2164 Πνεῦμα
517 2096 667 2166 ἡμᾶς
716 2097 1115 2163 κατεσκεύασε,
1154 2097 1254 2153 καὶ
1291 2099 1373 2161 εἰς
1408 2095 1634 2167 Πνεῦμα
1685 2094 1849 2165 ἡμεῖς

234 2187 357 2238 καὶ
415 2188 499 2250 εις
537 2181 699 2258 σῶμα
757 2187 1203 2261 ἐϐαπτίσθημεν,
1254 2187 1352 2242 καὶ
1396 2186 1526 2257 μίαν
1565 2182 1849 2258 τράπεζαν

241 2277 404 2347 ἡμῖν
459 2278 777 2350 ἐχαρίσατο,
837 2279 892 2332 τί
934 2278 1024 2350 μοι
1068 2268 1168 2349 τῆν
1193 2276 1459 2349 διαφορὰν
1488 2273 1845 2347 προσφέρεις,

239 2368 333 2433 ὡς
375 2370 470 2423 ἐπὶ
496 2371 674 2440 φυτῶν
698 2372 781 2426 ὅτι
819 2371 927 2426 ἀπὸ
964 2371 1062 2444 τῆς
1094 2371 1266 2442 αὐτῆς
1318 2367 1502 2440 πηγῆς
1559 2364 1740 2421 πάντα
1778 2363 1848 2418 τὰ

240 2460 461 2536 δένδρα
502 2462 792 2535 ἀρδεύεται
812 2482 827 2531 ;

336 2663 363 2699 ε
393 2644 520 2698 Ἐὰν
541 2644 672 2716 εἴπῃ
698 2646 727 2700 ὀ
748 2643 908 2711 ποῦς,
925 2643 1008 2699 ὅτι
1028 2643 1142 2699 Οὐκ
1175 2641 1295 2713 εἰμὶ
1327 2641 1470 2714 χεὶρ,
1491 2639 1593 2693 οὐκ
1634 2637 1751 2709 εἰμὶ
1780 2637 1846 2690 ἐκ

246 2736 360 2792 τοῦ
389 2733 662 2808 σώματος,
681 2737 743 2789 οὗ
771 2736 925 2809 παρὰ
951 2735 1109 2790 τοῦτο
1140 2735 1241 2789 οὐκ
1270 2733 1417 2788 ἔστιν
1445 2733 1509 2785 ἐκ
1535 2728 1631 2784 τοῦ
1667 2728 1847 2799 σῶμα·

245 2845 354 2889 τος
371 2844 385 2893 ;
411 2828 506 2883 καὶ
537 2827 632 2882 ἐὰν
663 2826 792 2900 εἴπῃ
815 2828 876 2882 τὸ
901 2822 1113 2895 οὖς,ὃτι
1142 2827 1256 2881 Οὐκ
1276 2825 1394 2896 εἰμὶ
1423 2818 1726 2893 ὀφθαλμὸς,
1744 2820 1846 2874 οὐκ

248 2921 380 2992 εἰμὶ
401 2922 468 2974 ὲκ
493 2919 587 2976 τοῦ
631 2919 905 2993 σώματος,
949 2922 1012 2974 οὐ
1060 2917 1213 2992 παρὰ
1242 2917 1402 2973 τοῦτο
1444 2916 1547 2971 οὐκ
1599 2916 1747 2969 ἔστιν
1777 2916 1844 2967 ὲκ

248 3014 360 3067 τοῦ
388 3010 641 3083 σώματος
659 3030 675 3079 ;

342 3125 654 3198 Ἀνεπαχθῆ
687 3125 1011 3198 βουλόμενος
1045 3124 1270 3196 ποιῆσαι
1300 3122 1389 3176 τὸν
1431 3120 1589 3190 λόγον
1621 3120 1718 3173 καὶ
1751 3119 1845 3172 εὐ-

251 3218 621 3291 παράόεκτον,
645 3218 716 3274 τὰ
762 3218 898 3290 μέλη
934 3215 1149 3285 εἰσάγει
1210 3215 1520 3286 λεγόμενα⁹
1557 3212 1672 3308 τὸνΔ
1706 3212 1845 3308 πόὀα
1871 3248 1914 3308 c

252 3313 440 3382 λέγειν
464 3314 532 3384 τῇ
551 3311 716 3385 χειρὶ,
755 3312 850 3366 καὶ
879 3311 939 3366 τὸ
958 3306 1051 3375 οὖς
1083 3309 1163 3379 τῷ
1203 3306 1493 3379 ὀφθαλμῷ,
1515 3305 1587 3360 τὰ
1616 3303 1846 3376 πλησίον

251 3403 509 3477 ἀλλήλων
543 3403 707 3476 μέλη,
739 3403 834 3459 καὶ
855 3403 916 3458 οὐ
934 3402 1026 3457 τὸν
1053 3402 1191 3456 πόδα
1218 3400 1299 3471 τῷ
1323 3397 1607 3471 ὀφθαλμῷ.
1624 3396 1846 3469 Ἐπειδὴ

253 3499 321 3553 οὐ
350 3497 557 3568 σφόδρα
579 3498 694 3561 τοῖς
725 3496 1106 3568 ὑπερέχουσιν,
1134 3494 1272 3550 ἀλλὰ
1292 3495 1407 3558 τοῖς
1432 3492 1613 3561 ὀλίγον
1647 3489 1846 3545 ἀναϐε-

254 3589 458 3660 ϐηκόσι
484 3587 701 3659 φθονεῖν
739 3587 1033 3668 εἰώθαμεν.
1088 3586 1225 3641 Οὐδὲ
1278 3585 1388 3658 γὰρ
1425 3583 1517 3638 τὸν
1554 3583 1655 3654 μὲν
1679 3582 1847 3655 ἠλατ-

254 3680 489 3747 τῶσθαι,
522 3681 617 3735 τδν
646 3680 704 3734 δὲ
738 3678 1053 3752 ὑπερέχειν,
1090 3678 1317 3749 ἀφίησιν
1353 3673 1493 3730 εῖναι
1516 3676 1581 3763 ἐκ
1601 3672 1698 3728 τοῦ
1726 3671 1848 3727 σώ-

258 3791 457 3847 ματος’
473 3774 569 3830 καὶ
595 3773 707 3845 γὰρ
731 3773 759 3826 ὁ
788 3771 924 3837 ποῦς
951 3771 1052 3843 τὴν
1063 3770 1326 3826 ἐλάττονα
1346 3765 1499 3833 τάξιν
1526 3765 1662 3838 ἔχει,
1688 3764 1849 3819 τοῦτο

256 3870 320 3925 δι
341 3870 515 3924 τόπου
558 3867 828 3940 διαφορά’
867 3865 1007 3923 ἀλλὰ
1040 3863 1150 3921 ἀπὸ
1194 3862 1290 3920 τοῦ
1342 3861 1613 3934 συνῆφθαι
1654 3859 1690 3932 ἢ
1741 3858 1846 3913 ἀπ-

255 3960 497 4036 έχεσθαι.

334 4256 355 4291 ς
378 4237 445 4292 Ei
464 4237 590 4293 ὅλον
619 4237 679 4292 τὸ
713 4236 876 4308 σῶμα
917 4235 1215 4306 ὀφθαλμὸς,
1248 4233 1354 4290 ποῦ
1378 4236 1414 4307 ἠ
1449 4235 1618 4308 ἀκοή;
1644 4235 1695 4291 εἰ
1721 4234 1844 4291 ὅλον

263 4328 422 4401 ἀκοὴ,
449 4328 556 4383 ποῦ
586 4331 621 4400 ή
643 4329 946 4400 ὄσφρησις
978 4347 999 4383 ι

341 4417 561 4490 Ἐπειδὴ
593 4418 676 4483 εἰς
719 4416 818 4488 τὴν
867 4417 976 4472 τῶν
1021 4418 1202 4489 μελῶν
1249 4417 1513 4490 ἰμπεσὼν
1553 4417 1842 4490 διαφορὰν,

264 4512 338 4572 εἰς
361 4510 575 4566 ἔννοιαν
597 4510 796 4575 αὐτοὺς
823 4508 1177 4578 ἐλαττώσεως
1202 4513 1299 4568 καὶ
1315 4511 1591 4583 ὑπεροχῆς
1610 4511 1841 4581 ἤγαγεν,

264 4602 360 4674 ὅρα
387 4601 509 4667 πῶς
531 4601 734 4667 αὐτοὺς
781 4594 1211 4674 παραμυθεῖται,
1268 4602 1486 4667 δεικνὺς
1518 4602 1636 4666 πῶς
1686 4602 1845 4659 τοῦτο
1873 4587 1921 4646 Ῑ)

267 4694 540 4766 συμφέρον
566 4689 658 4766 ἦν.
692 4694 767 4748 Τὸ
811 4694 922 4767 γὰρ
955 4694 1185 4766 πολλους
1214 4688 1355 4748 εἶναι
1383 4692 1482 4748 καὶΙ
1522 4691 1837 4764 διαφόρους,

264 4784 415 4839 τοῦτο
448 4785 692 4859 μάλιστα
710 4787 860 4842 ποιεῖ
890 4786 949 4842 ἓν
977 4788 1140 4858 σῶμα
1158 4783 1322 4845 εἶναι.

338 5004 360 5040 ι
389 4986 508 5044 Νῦν
530 4987 592 5042 δὲ
622 4989 653 5043 ὀ
673 4988 807 5053 Θεὸς
846 4988 1005 5044 ἔθετο
1046 4990 1114 5044 τὰ
1146 4989 1284 5063 μέλη
1312 4990 1373 5045 ἓν
1401 4991 1637 5047 ῑκαστον
1666 4992 1846 5051 αὐτῶν

266 5079 324 5135 ιν
346 5081 428 5153 τῷ
458 5080 701 5152 σώματι,
728 5080 925 5146 καθὼς
960 5081 1253 5153 ἠθέλησεν.
1285 5083 1348 5136 ΕΙ
1385 5082 1444 5137 δὲ
1475 5080 1545 5153 ἦν
1564 5086 1634 5139 τὰ
1669 5086 1847 5139 πάντα

268 5169 322 5226 ιν
358 5172 542 5244 μέλος,
582 5171 691 5227 ποῦ
714 5174 777 5227 τὸ
805 5173 1003 5245 adipes;
1035 5172 1134 5229 νῦν
1155 5174 1214 5229 δὲ
1246 5174 1425 5230 πολλὰ
1487 5176 1590 5248 μὲν
1623 5177 1765 5250 μέλη
1785 5176 1846 5231 ἓν

266 5262 440 5337 σῶμα.
484 5283 507 5318 ι

324 5466 500 5525 Πάλιν
531 5469 628 5524 ἐπὶ
666 5468 765 5541 τὴν
819 5471 914 5525 τοῦ
973 5469 1110 5528 Θεοῦ
1148 5473 1406 5546 βούλησιν
1456 5475 1721 5548 ἀναφέρει
1753 5474 1846 5531 τδν

264 5555 442 5629 λόγον,
489 5560 580 5615 ενα
625 5560 703 5633 μὴ
735 5561 1129 5634 ,ἀντιλέγοιμεν
1156 5564 1236 5636 τῷ
1272 5564 1416 5621 οὕτω
1454 5567 1845 5639 προστάξαντι,

271 5648 401 5721 μηδὲ
422 5650 704 5725 λέγωμεν,
734 5653 831 5708 Διὰ
857 5653 909 5708 τί
935 5654 1102 5721 οὕτω,
1139 5658 1235 5712 καλ⁵
1270 5658 1362 5713 διὰ
1408 5658 1462 5713 τί
1517 5659 1616 5731 οὐχ
1658 5659 1843 5730 obrui;

270 5740 386 5795 Κᾶν
421 5742 534 5815 γὰρ
579 5744 810 5816 μυρίους
842 5746 1042 5815 λόγους
1074 5747 1294 5821 ἔχωμεν
1337 5752 1536 5818 εἰπεῖν,
1568 5751 1666 5823 οὐχ
1700 5751 1846 5808 οὕτω

268 5830 542 5906 δυνάμεθα
571 5835 742 5904 δεῖξαι
770 5839 885 5926 iis:
895 5840 1099 5907 καλῶς.
1140 5842 1236 5925 ⁴Ὠς
1269 5843 1399 5902 ὅταν
1434 5843 1680 5915 εἴπωμεν
1701 5884 1717 5914 ,
1772 5847 1844 5913 Ως

1950 1999 2156 2056 tionem
2205 2006 2606 2074 convenimus,
2651 2007 2843 2063 eadem
2898 2024 3090 2065 mensa
3152 2010 3412 2067 fruimur.
3475 2010 3533 2067 Si

1949 2103 2081 2161 ergo
2108 2106 2211 2148 nos
2240 2108 2385 2150 unus
2415 2109 2638 2166 quoque
2664 2095 2913 2167 Spiritus
2948 2091 3318 2156 conformavit
3345 2119 3358 2155 :
3396 2102 3440 2157 si
3477 2102 3536 2157 in

1951 2193 2121 2233 unutn
2153 2179 2421 2251 Spiritum
2442 2225 2458 2249 ,
2487 2191 2542 2239 et
2578 2184 2632 2238 in
2674 2200 2844 2239 unum
2891 2199 3098 2256 corpus
3130 2202 3321 2243 sumus
3352 2188 3536 2259 bapti-

1948 2270 2057 2326 zati
2085 2288 2100 2326 :
2130 2271 2179 2327 si
2211 2274 2433 2329 tandem
2468 2289 2716 2331 mensam
2756 2291 2922 2331 unam
2966 2274 3202 2349 largitus
3240 2290 3363 2346 est;
3403 2280 3538 2350 quid

1949 2361 2085 2417 mihi
2112 2363 2415 2419 discrimen
2472 2364 2676 2433 aﬂ‘ers,
2712 2368 2935 2437 quando
2966 2370 3194 2439 perinde
3234 2371 3290 2425 in
3331 2372 3537 2442 plantis

1949 2452 2186 2516 accidit,
2224 2465 2288 2509 ut
2320 2471 2522 2526 nempe
2553 2473 2621 2515 ex
2648 2458 2840 2516 eodem
2879 2461 3030 2517 fonte
3054 2462 3287 2518 arbores
3314 2463 3536 2519 univer-

1947 2558 2024 2599 sae
2054 2544 2395 2614 irrigcntur?
3322 2554 3325 2557 ’

2022 2635 2183 2707 106
2219 2635 2385 2694 Vsus.
2431 2640 2535 2706 {5,
2573 2639 2662 2695 16.
2696 2661 2714 2693 ‹
2754 2639 2812 2697 Si
2853 2642 3056 2699 dixerit
3092 2658 3231 2714 pes:
3271 2645 3534 2715 quoniam

1947 2743 2057 2782 non
2089 2745 2209 2785 sum
2239 2745 2437 2788 manus
2458 2770 2474 2797 ,
2512 2748 2621 2788 non
2655 2749 2777 2789 sum
2812 2733 2881 2790 de
2917 2749 3158 2806 corpore
3188 2754 3204 2792 :
3241 2752 3371 2791 num
3408 2737 3537 2794 ideo

1947 2833 2060 2874 non
2091 2829 2177 2877 est
2208 2820 2279 2877 de
2314 2825 2593 2892 corpore?
2617 2833 2671 2880 et
2707 2826 2755 2881 si
2789 2825 2994 2881 dixerit
3028 2826 3222 2883 auris:
3256 2827 3521 2896 quoniam

1946 2926 2057 2966 non
2092 2927 2213 2968 sum
2248 2914 2447 2971 oculus
2469 2954 2486 2979 ,
2524 2929 2633 2969 non
2667 2931 2791 2972 sum
2826 2917 2895 2973 de
2924 2932 3201 2989 corpore;
3241 2934 3371 2974 num
3409 2919 3536 2977 ideo

1926 3016 2060 3073 {non
2089 3013 2177 3060 est
2203 3003 2272 3061 de
2302 3005 2586 3077 corpore?
2616 3026 2634 3061 ι

2018 3116 2159 3182 Quia
2208 3119 2435 3174 minime
2490 3120 2822 3188 molestam,
2876 3121 2975 3179 sed
3024 3132 3304 3196 acceptam
3352 3124 3538 3197 potius

1946 3211 2255 3266 orationem
2306 3212 2510 3268 habere
2553 3213 2712 3282 vult,
2763 3214 2821 3269 in
2875 3215 3120 3271 medium
3165 3216 3389 3272 adducit
3415 3234 3538 3288 quae

1950 3301 2117 3373 vulgo
2172 3302 2424 3358 membra
2471 3303 2755 3359 dicuntur.
2813 3303 3016 3363 Pedem
3072 3309 3355 3378 componit
3405 3325 3536 3365 cum

1947 3407 2112 3474 manu
2136 3433 2152 3461 ,
2182 3400 2238 3449 et
2268 3408 2460 3451 aurem
2492 3409 2619 3450 cum
2670 3397 2880 3463 oculo;
2935 3414 3001 3454 ea
3050 3398 3240 3470 utique
3286 3399 3536 3456 membra

1946 3498 2071 3554 quae
2097 3485 2284 3540 minus
2314 3485 2561 3552 distant,
2598 3501 2709 3542 non
2744 3489 2935 3558 pedem
2982 3503 3112 3544 cum
3167 3488 3369 3544 oculo:
3402 3490 3533 3560 quia

1946 3575 2112 3647 vulgo
2145 3591 2255 3633 non
2289 3576 2603 3633 invidemus
2652 3576 2857 3649 iisqui
2914 3578 3210 3635 admodum
3264 3579 3534 3638 sublimes

1947 3675 2114 3732 sunt,
2145 3667 2243 3723 sed
2274 3666 2387 3723 illis
2421 3668 2608 3739 potius
2636 3669 2729 3741 qui
2763 3684 2991 3740 parvum
3035 3670 3272 3733 honoris
3298 3670 3531 3743 gradum

1947 3760 2196 3817 assecuti
2246 3767 2399 3817 sunt.
2446 3759 2637 3832 Neque
2683 3762 2831 3817 enim
2891 3776 2960 3818 ex
3013 3777 3080 3818 eo
3113 3762 3259 3833 quod
3302 3763 3408 3817 hoc
3448 3762 3533 3817 in-

1949 3851 2122 3908 ferius
2155 3853 2264 3918 sit,
2298 3852 2433 3908 illud
2471 3868 2603 3910 vero
2657 3854 2949 3925 superius,
3003 3868 3068 3910 ea
3121 3870 3183 3910 re
3215 3852 3535 3926 excluditur
3566 3926 3579 3935 ‘

1947 3958 2017 3999 ne
2045 3944 2157 3999 sint
2186 3943 2256 4000 de
2280 3958 2516 4015 corpore
2547 3945 2710 4014 (nam
2744 3945 2851 4001 etsi
2884 3945 3211 4002 inferiorem
3241 3945 3411 4003 situm
3440 3959 3537 4016 pes

1946 4024 2195 4103 Obtinet,
2252 4036 2357 4090 hoc
2393 4035 2497 4092 loci
2529 4034 2901 4107 discrepantia
2930 4036 3087 4107 est),
3120 4036 3218 4093 sed
3269 4051 3336 4094 eo
3383 4037 3533 4108 quod

1944 4125 2308 4195 coniunctum
2336 4125 2473 4194 illud
2507 4127 2615 4194 sit,
2653 4136 2749 4182 aut
2778 4127 3035 4183 avulsum
3056 4166 3071 4179 .

2016 4234 2186 4293 Vsus.
2228 4236 2316 4293 17.
2352 4254 2371 4289 ι
2405 4237 2463 4294 Si
2507 4244 2684 4294 totum
2717 4253 2925 4309 corpus
2967 4239 3161 4296 oculus
3186 4274 3202 4306 ,
3245 4239 3341 4295 ubi
3374 4238 3534 4295 audi-

1945 4337 2035 4388 tus
2057 4327 2082 4382 ?
2107 4328 2154 4385 si
2189 4335 2368 4384 totum
2401 4329 2627 4388 auditus
2652 4370 2668 4398 ,
2707 4330 2803 4386 ubi
2834 4330 3173 4387 odoratus?»

2013 4441 2290 4510 Quoniam
2341 4442 2723 4500 diversitatem
2777 4444 3152 4501 membrorum
3197 4456 3534 4500 commemo-

1946 4535 2163 4605 rando,
2194 4536 2264 4592 de
2298 4533 2690 4594 inierim-italis
2736 4545 2791 4593 et
2825 4535 3237 4608 superioritatis
3270 4534 3537 4607 gradibus

1947 4628 2337 4700 cogitationem
2382 4628 2684 4700 iniecerat,
2736 4627 2863 4684 vide
2906 4640 3017 4698 quo
3064 4634 3229 4696 pacto
3289 4639 3388 4681 eos
3435 4624 3532 4680 de-

1947 4721 2193 4789 mulcet;
2220 4720 2566 4777 ostendendo
2597 4720 2861 4775 nimirum
2894 4718 2950 4774 id
2985 4718 3363 4775 necessarium
3393 4714 3532 4771 fuis-

1946 4826 2028 4869 se.
2060 4812 2121 4866 In
2148 4811 2347 4883 primis
2378 4811 2525 4868 enim
2562 4811 2667 4867 hoc
2702 4811 2825 4881 ipso
2875 4808 3023 4881 quod
3078 4808 3240 4864 multi
3295 4814 3431 4864 sunt
3472 4815 3533 4863 et

1948 4903 2197 4972 diversi,
2235 4918 2437 4976 corpus
2471 4918 2643 4959 unum
2676 4902 3067 4959 constituitur.

2019 5016 2191 5075 Vit-ms.
2237 5017 2431 5074 l8—20.
2469 5035 2489 5070 ‹
2519 5016 2679 5073 Nune
2726 5025 2911 5071 autem
2954 5014 3138 5087 posuit
3181 5012 3327 5069 Deus
3358 5025 3533 5067 mem-

1948 5108 2047 5165 bra
2069 5150 2085 5178 ,
2114 5108 2551 5182 unumquodque
2582 5124 2807 5166 eorum/
2821 5107 2879 5163 in
2920 5121 3182 5178 corpore,
3238 5104 3386 5162 sicut
3432 5118 3535 5159 vo-

1946 5200 2071 5258 luit.
2108 5200 2353 5269 Quodsi
2384 5211 2574 5258 essent
2599 5200 2785 5257 omnia
2821 5213 2996 5254 unum
3032 5198 3339 5254 membrum
3366 5236 3384 5264 ,
3435 5194 3531 5251 ubi

1947 5293 2201 5366 corpus?
2225 5291 2383 5350 Nunc
2409 5304 2594 5351 autem
2623 5293 2796 5349 multa
2827 5290 3049 5365 quidem
3081 5289 3327 5347 membra
3359 5303 3530 5345 unum

1947 5397 2175 5454 corpus.
2208 5402 2231 5438 ι

2018 5470 2312 5529 Rationem
2347 5471 2519 5543 hujus
2558 5472 2759 5528 iterum
2797 5468 2983 5540 reiicit
3014 5467 3069 5523 in
3102 5466 3197 5523 Del
3232 5466 3531 5522 consilium

1946 5573 2003 5622 et
2033 5558 2376 5623 voluntatem
2400 5606 2416 5633 ,
2447 5581 2517 5622 ne
2547 5564 3002 5622 contradicamus
3030 5563 3111 5619 illi
3142 5561 3234 5634 qui
3269 5562 3351 5617 sic
3381 5560 3534 5615 ordi-

1948 5660 2140 5725 navit;
2173 5674 2311 5715 neve
2340 5672 2657 5730 quaeramus
2680 5699 2696 5725 ,
2730 5671 2831 5713 cur
2869 5655 2978 5712 hoc
3018 5655 3149 5719 illo,
3182 5667 3351 5710 curve
3394 5651 3532 5706 illud

1947 5751 2057 5807 isto
2079 5751 2155 5807 sit
2184 5751 2390 5808 factum
2416 5749 2603 5806 modo.
2635 5748 2775 5805 Nam
2805 5749 2938 5806 licet
2965 5755 3258 5804 sexcentas
3288 5744 3536 5801 rationes

1947 5859 2240 5918 possemus
2276 5842 2472 5903 aﬂcrrc
2494 5882 2510 5913 ,
2541 5858 2827 5915 nunquam
2859 5858 2925 5900 ca
2959 5851 3111 5899 recte
3156 5854 3280 5897 esse
3327 5836 3532 5909 proba-

3436 443 3545 507 6‘70
3640 408 3650 419 ’
