3972 6452
429 402 533 469 ῦ71

1626 414 1685 472 S.
1729 414 1965 475 JOANN
1981 415 2050 475 lS
2074 417 2504 479 DAMASCENI

3588 415 3708 480 672

355 503 387 525 "
432 517 706 579 verimus,
739 513 851 580 pisi
884 513 1120 568 dicendo
1157 515 1232 569 ita
1276 518 1471 572 factum
1515 533 1638 575 esse
1680 523 1848 575 veluti
1885 524 2004 577 exi-

2187 528 2580 597 άριστοτέχνης
2625 525 2912 597 ἠθέλησεν,
2951 525 3128 590 οὕτως
3177 526 3415 596 ἐγένετο.
3462 527 3548 592 Ὧς
3587 531 3710 597 γὰρ

432 607 542 660 mio
569 605 764 659 artiﬁci
797 605 1022 674 placuit.
1057 603 1135 659 lta
1167 608 1372 678 quippe
1417 609 1531 663 vult
1576 612 1722 666 sicut
1756 623 1840 666 est
1874 627 2009 666 cou-

431 701 679 755 veniens.

498 791 773 857 Quocirca
804 806 915 846 non
951 792 1130 847 solum
1162 791 1363 860 capiti,
1397 791 1494 846 sed
1527 792 1692 847 etiam
1727 792 1849 863 pedi
1879 808 2012 848 con-

426 884 660 939 veniens
693 891 748 938 et
784 885 918 938 utile
949 891 1070 948 est,
1100 884 1246 939 hunc.
1281 884 1460 938 locum
1495 892 1550 939 et
1581 885 1748 940 silum
1784 885 2008 941 habere.

427 977 507 1028 Ac
537 974 584 1030 si
617 974 880 1044 positura:
913 991 1025 1030 suae
1057 976 1486 1045 repugnaverit,
1515 983 1571 1030 et
1604 975 1728 1030 loco
1770 992 1872 1031 suo
1921 993 2013 1032 re-
2050 1043 2055 1052 ο

428 1065 562 1121 licto
596 1066 765 1121 alium
797 1075 1070 1137 occupet,
1105 1075 1280 1122 totum
1315 1066 1581 1137 perdidit.
1614 1068 1823 1148 Qrdine
1857 1084 2010 1124 nam-

428 1171 539 1227 que
576 1171 678 1212 suo
707 1156 954 1222 excidit,
991 1165 1046 1211 et
1075 1157 1241 1210 alium
1279 1173 1388 1211 non
1423 1159 1762 1228 assequitur.

503 1247 583 1302 Et
609 1263 720 1316 quo
747 1248 1019 1317 putabant
1045 1247 1318 1318 dignitate
1347 1249 1589 1319 impares
1615 1265 1760 1314 esse,
1789 1255 2013 1320 propter

430 1339 626 1411 ingens
659 1339 804 1408 quod
839 1341 983 1394 inter
1025 1355 1122 1395 eos
1164 1347 1283 1394 erat
1326 1339 1665 1405 discrimen,
1708 1356 1774 1394 ex
1819 1340 2013 1396 eodem

429 1433 607 1501 capite
639 1431 878 1501 aequales
909 1432 1058 1502 ipsos
1090 1431 1357 1487 ostendit.
1401 1431 1518 1488 Nisi
1551 1433 1693 1486 inter
1722 1447 1822 1488 vos
1863 1440 2014 1488 esset

432 1541 633 1597 magna
691 1526 1100 1596 discrepantia,
1161 1525 1379 1594 inquit,
1437 1526 1760 1579 nullatenus
1808 1538 2014 1593 corpus

431 1631 603 1671 unum
635 1616 852 1672 essetis.
886 1616 1042 1682 Quod
1074 1618 1118 1672 si
1149 1633 1260 1671 non
1297 1632 1470 1671 unum
1500 1631 1741 1686 corpus,
1773 1615 2016 1686 aequales

432 1707 755 1777 neutiquam
805 1706 1049 1762 fueritis.
1109 1707 1515 1772 Quamobrem,
1564 1707 1694 1776 quia
1742 1722 1853 1762 non
1895 1721 2018 1762 om-

2121 617 2400 688 συμφέρον
2424 616 2592 683 ἐστὶν,
2623 615 2798 680 οὓτως
2822 615 3092 686 βούλεται.

2190 801 2356 854 Ὥστε
2409 800 2504 853 καὶ
2557 799 2634 870 τῷ
2671 799 2795 853 ποδὶ
2840 796 3112 868 συμφέρει
3152 795 3213 848 τὸ
3241 795 3384 850 οὕτω
3415 793 3706 865 τετάχθαι,

2114 890 2236 961 οὐχὶ
2265 891 2331 961 τῇ
2361 890 2569 961 κεφαλῇ
2603 889 2783 960 μόνον.
2823 887 2943 943 Κᾶν
2976 886 3236 957 ἀντιλέγῃ
3265 886 3363 957 τὴν
3392 886 3568 950 τάξιν,
3603 887 3709 939 καὶ

2111 980 2211 1051 τὴν
2247 980 2384 1035 ίδίαν
2407 981 2588 1052 χώραν
2602 981 2758 1051 ἀφεὶς
2794 980 2877 1050 ἐφ’
2901 979 3094 1051 ἑτέραν
3128 977 3279 1050 ἔλθῃ,
3314 979 3374 1032 τὸ
3407 979 3515 1030 πᾶν
3551 976 3710 1032 ἀπώ·

2114 1073 2292 1125 λεσεν.
2335 1073 2448 1143 Τῆς
2479 1089 2538 1125 τε
2570 1071 2679 1142 γὰρ
2712 1071 2919 1134 οἰκείας
2955 1071 3232 1135 ἐκπίπτει,
3259 1072 3352 1122 καὶ
3379 1069 3479 1138 τῆς
3503 1070 3706 1140 ἐτέρας

2114 1164 2213 1218 οὐκ
2243 1164 2623 1234 ἐπιτυγχάνει.

2196 1256 2315 1323 Ἀφ’
2343 1247 2418 1308 ὧν
2443 1253 2692 1324 ἐνόμιζον
2721 1255 2821 1308 οὐκ
2850 1251 2990 1308 εἶναι
3039 1255 3268 1325 ἰσότιμοι
3299 1253 3377 1324 τῷ
3410 1254 3608 1326 πολλὴν
3642 1256 3706 1308 ὲν

2118 1342 2301 1406 αὐτοῖς
2328 1337 2470 1397 εἶναι
2501 1343 2603 1413 τὴν
2630 1342 2917 1414 διαφοράν,
2941 1343 3049 1398 άπὸ
3073 1344 3264 1397 τούτου
3295 1344 3566 1398 δείκνυσιν
3584 1347 3705 1400 ίσο-

2115 1433 2330 1502 τίμους.
2358 1435 2421 1488 El
2455 1434 2532 1506 μὴ
2558 1429 2648 1506 ἦν,
2677 1435 2866 1505 φησιν,
2920 1435 2979 1488 έν
3010 1435 3140 1505 ὑμῖν
3185 1435 3354 1506 πολλὴ
3385 1437 3419 1506 ἡ
3442 1436 3708 1507 διαφορὰ,

2117 1524 2218 1576 οὐκ
2247 1521 2313 1576 ἂν
2339 1518 2438 1594 ἦτε
2466 1523 2627 1594 σῶμα
2655 1525 2734 1580 ἓν.
2772 1525 2940 1596 Σῶμα
2973 1525 3030 1578 δὲ
3074 1527 3171 1579 οὐκ
3212 1525 3360 1590 ὄντες
3388 1526 3467 1593 ἓν,
3497 1529 3597 1580 οὐκ
3631 1527 3704 1581 ἂν

2116 1609 2212 1684 ἦτε
2242 1614 2500 1685 ἰσότιμοι.
2550 1613 2664 1668 Νῦν
2710 1616 2767 1668 δὲ
2797 1616 2986 1687 ἐπειδὴ
3035 1617 3136 1670 οὐκ
3162 1616 3286 1669 ἐστὲ
3328 1617 3527 1680 πάντες
3557 1618 3614 1670 ἓν
3649 1636 3705 1671 τι

2119 1704 2366 1776 χάρισμα
2409 1704 2649 1774 ἔχοντες,
2701 1705 2790 1759 διὰ
2821 1705 2980 1758 τοῦτο
3029 1705 3192 1776 σῶμά
3227 1708 3388 1758 ἐστε·
3445 1706 3604 1777 σῶμα
3643 1705 3708 1759 δὲ

431 1813 534 1854 nes
566 1813 736 1853 unum
769 1799 994 1868 aliquod
1040 1786 1244 1852 donum
1291 1798 1505 1854 habetis
1526 1837 1540 1861 ,
1578 1797 1785 1854 idcirco
1815 1813 2018 1868 corpus

2144 1794 2296 1862 iwsc,
2341 1794 2542 1858 πάντες
2596 1795 2721 1848 ἐστὲ
2775 1795 2856 1862 ἓν,
2916 1796 3010 1849 καὶ
3051 1797 3200 1850 οὐδὲν
3241 1796 3527 1866 διαφέρετε
3558 1799 3707 1851 κατὰ

430 1891 588 1946 estis.
624 1889 761 1944 Cum
794 1899 976 1945 autem
1005 1905 1213 1960 corpus
1245 1889 1370 1945 sitis
1392 1932 1406 1956 ,
1435 1904 1626 1944 omnes
1655 1889 1824 1958 igitur
1851 1905 2022 1942 unum

2144 1885 2187 1938 ιδ
2216 1885 2375 1956 σῶμα
2407 1882 2568 1940 εἶναι.
2603 1887 2767 1940 Ὥστε
2791 1887 3079 1960 ήδιαφορὲι
3115 1887 3252 1960 αὕτη
3289 1888 3527 1959 μάλιστά
3551 1891 3709 1943 ἐστιν

434 1979 610 2047 estis,
653 1995 758 2036 nec
807 1980 1144 2051 discrepatis
1190 1996 1299 2050 qua
1349 1993 1554 2048 corpus
1598 1979 1756 2034 estis.
1819 1977 2026 2044 Quam-

433 2073 644 2128 obrem“
680 2073 976 2129 diversitas
1031 2072 1147 2128 haec
1198 2072 1254 2126 in
1300 2071 1496 2143 primis
1537 2079 1768 2142 praestat
1797 2070 2027 2126 honoris

434 2164 831 2234 aequalitatem.

511 2250 680 2310 Vens.
714 2252 806 2308 2-1.
841 2272 860 2307 ι
889 2253 1009 2309 Non
1038 2261 1220 2324 potest
1250 2258 1438 2308 autem
1468 2251 1665 2307 oculus
1690 2250 1879 2307 dicere
1911 2265 2027 2306 ma-

440 2345 534 2398 nui
563 2363 576 2399 :
612 2343 791 2415 Opera
826 2352 920 2400 tua
944 2360 1056 2400 non
1090 2345 1330 2416 indigeo.
1361 2362 1384 2396 ι

513 2431 714 2489 Sedata
747 2434 1076 2492 inferiorum
1113 2436 1421 2503 anxietate,
1457 2434 1774 2505 superbiam
1805 2447 2026 2504 quoque

441 2526 828 2582 sublituiorum
862 2526 1143 2598 deprimit.

517 2636 536 2670 ι
563 2617 676 2672 Αυι
706 2618 902 2674 iterum
933 2627 1097 2689 caput
1128 2618 1361 2688 pedibus
1389 2638 1402 2676 :
1435 2617 1557 2674 Non
1584 2617 1720 2674 estis
1755 2617 1890 2672 mihi
1921 2632 2018 2673 ne-

439 2709 694 2768 cessarii.
731 2729 750 2762 ι

508 2799 775 2870 Quamvis
803 2801 952 2856 enim
985 2801 1172 2859 minus
1198 2803 1405 2860 donum
1439 2804 1540 2869 sit,
1574 2803 1759 2872 inquit
1781 2843 1796 2867 ,
1823 2811 1908 2860 est
1944 2812 2025 2858 ta-

438 2910 566 2951 men
597 2896 1000 2950 necessarium.
1052 2894 1187 2949 Nam
1243 2895 1709 2965 quemadmodum
1766 2895 1858 2949 illo
1914 2910 2023 2949 non

440 2994 696 3042 exstante
722 2987 890 3041 multa
920 2987 1355 3056 praepediuntur,
1379 2988 1454 3041 ita
1481 2997 1536 3043 et
1561 2989 1682 3043 sine
1703 2987 1810 3042 isto
1835 3000 2028 3042 manca

441 3084 528 3131 est
558 3077 821 3130 Ecclesize
851 3076 1162 3145 plenitudo.

2127 1977 2160 2046 ή
2189 1975 2421 2032 ποιοῦσα
2445 1977 2545 2049 τὴν
2571 1978 2862 2049 ἰσοτιμίαν.

2204 2259 2221 2292 ι
2249 2241 2323 2294 Οὐ
2354 2240 2577 2296 δύναται
2607 2242 2662 2296 δὲ
2691 2241 2965 2315 ὀφθαλμὸς
2990 2245 3162 2300 εἰπεῖν
3201 2247 3267 2317 τῇ
3307 2264 3472 2318 χειρι,
3504 2249 3713 2320 Χρείαν

2127 2350 2222 2386 σου
2255 2334 2355 2387 οὐκ
2383 2333 2509 2405 έχω.
2551 2353 2568 2384 ι

2198 2423 2572 2490 Καταστεῐλας
2598 2426 2706 2479 τῶν
2752 2426 3056 2482 ἐλασσόνων
3089 2429 3188 2500 τὴν
3222 2431 3481 2502 ἀθυμίαν,
3515 2449 3710 2485 ταπει-

2127 2520 2208 2570 νοῖ
2243 2517 2339 2570 καὶ
2369 2517 2480 2571 τῶν
2509 2518 2771 2586 μειζόνων
2793 2522 2885 2572 τὸν
2912 2520 3098 2589 τύφον.

2208 2628 2227 2660 ι
2255 2609 2328 2662 ’Ἡ
2358 2610 2521 2664 πάλιν
2553 2612 2584 2681 ή
2610 2611 2818 2681 κεφαλὴ
2838 2615 2952 2677 τοῖς
2982 2613 3158 2680 ποσὶν,
3194 2614 3396 2685 Χρείαν
3411 2615 3567 2685 ὑμῶν
3604 2617 3710 2670 οὐκ

2126 2701 2253 2771 ἔχω.
2303 2719 2322 2754 ι

2192 2790 2253 2845 El
2287 2792 2396 2863 γὰρ
2417 2795 2509 2847 καὶ
2532 2793 2754 2848 ἔλαττον
2777 2795 2836 2850 τὸ
2860 2797 3132 2868 χάρισμα,
3172 2800 3360 2870 φησὶν,
3378 2801 3514 2855 ἀλλὰ
3537 2803 3712 2869 ἀναγ-

2129 2885 2303 2937 καῖον.
2338 2883 2551 2955 Ὥσπερ
2603 2884 2711 2956 γὰρ
2751 2887 2959 2940 ἐκείνου
2987 2889 3085 2942 οὐκ
3105 2889 3277 2954 ὄντος,
3310 2892 3480 2945 πολλὰ
3529 2895 3704 2961 ἐμπο-

2127 2973 2357 3038 segem,
2385 2974 2557 3038 οὕτως
2587 2978 2682 3030 καὶ
2703 2977 2895 3031 τούτου
2925 2980 3093 3049 χωρὶς
3145 2982 3312 3050 χωλοῖ
3338 2983 3400 3036 τὸ
3435 2984 3716 3056 πλήρωμα

2129 3061 2228 3131 τῆς
2274 3061 2622 3133 Ἐκκλησίας.

518 3128 1090 3236 ἶ
1114 3128 1219 3223 sed
1242 3167 1416 3222 multo
1435 3167 1607 3239 magis
1629 3183 1752 3238 quae
1769 3128 2027 3222 videnlur

2183 3128 2225 3258 ζα
2275 3128 2680 3227 Ἀλλὰ-πολλῷ
2757 3159 2957 3228 μᾶλλον
2997 3161 3065 3214 τὰ
3110 3161 3368 3216 δοκοῦντα
3422 3164 3557 3235 μέλη
3608 3164 3709 3217 τοῦ

443 3257 689 3312 membra
716 3257 970 3328 corporis
999 3259 1311 3333 inﬁrmiora
1344 3275 1486 3321 esse,
1521 3259 1835 3314 necessaria
1866 3265 2020 3312 sunt:

443 3353 500 3401 et
523 3361 643 3416 quae
675 3356 936 3417 putamus
965 3347 1294 3416 ignobiliora
1323 3347 1570 3402 membra
1604 3361 1729 3400 esse
1747 3347 2024 3416 corpOris,

445 3438 817 3496 hishonorem
848 3440 1310 3495 abundantiorem
1340 3440 1757 3495 circumdamus
1783 3455 1795 3492 :
1830 3449 1883 3495 et
1906 3454 2029 3510 quae

446 3533 740 3590 inhonesta
789 3540 942 3598 sunt,
1008 3533 1470 3588 abundantiorem
1529 3534 1873 3588 honestatem
1931 3533 2030 3586 ha-

445 3625 600 3679 bent.
650 3627 896 3680 Honesta
960 3632 1145 3680 autem
1192 3635 1385 3682 nostra
1437 3625 1642 3681 nullius
1691 3632 1887 3696 egent,
1923 3622 2030 3680 sed

449 3715 616 3773 Deus.
655 3735 676 3769 ι

522 3805 998 3876 Superjectionem
1025 3807 1255 3862 alteram
1283 3809 1456 3878 ponit,
1493 3807 1682 3878 aitque
1708 3823 1820 3862 non
1848 3805 2028 3861 solum

397 3927 415 3943 .
448 3896 838 3965 praestantiora
865 3895 1234 3954 deterioribus
1265 3913 1408 3968 opus
1447 3898 1673 3964 habere,
1711 3897 1806 3952 sed
1838 3904 1892 3951 ct
1917 3911 2031 3950 ma-

450 3998 622 4053 gnum
660 3999 820 4055 opus.
857 3985 1060 4055 Aspice
1087 3985 1367 4053 quomodo
1402 3986 1470 4043 de
1504 3985 1904 4042 inﬁrmioribus
1948 3987 2030 4042 lo-

450 4074 674 4143 quendo
705 4075 861 4139 dicit,
891 4092 1012 4145 quae
1046 4076 1323 4144 videntur,-
1353 4076 1578 4148 quando
1610 4085 1794 4132 autem
1833 4091 2030 4132 neces-

450 4163 600 4218 saria
640 4173 1064 4230 commemorat,
1116 4183 1226 4222 non
1286 4167 1526 4238 amplius
1573 4167 1747 4235 addit,
1800 4183 1917 4236 qua:
1949 4167 2031 4222 vi-

450 4252 667 4320 dentur,
696 4256 791 4311 sed
823 4257 941 4328 ipse
983 4259 1311 4327 pronuntiat
1339 4273 1403 4314 ea
1433 4260 1748 4315 necessaria
1773 4273 1921 4314 esse.

521 4345 824 4402 Enimvero
869 4349 1000 4418 quid
1035 4340 1378 4420 genitalibus
1411 4350 1680 4406 membris
1721 4347 2029 4420 ignobilius

449 4435 747 4492 videatur?
791 4435 1184 4494 Verumtamen
1233 4441 1303 4495 ad
1343 4439 1647 4510 liberorum
1687 4437 2032 4508 procreatio-

2133 3239 2385 3312 σώματος
2445 3245 2815 3318 ἀσθενέστερα
2881 3250 3169 3322 ὑπάρχειν,
3227 3254 3501 3320 ἀναγκαῖά
3549 3255 3667 3306 ἐστι
3700 3271 3714 3285 ·

2129 3330 2226 3382 καὶ
2254 3329 2290 3383 ἃ
2315 3331 2580 3402 δοκοῦμεν
2611 3333 2929 3406 ἀτιμώτερα
2963 3337 3102 3408 μέλη
3145 3332 3282 3390 εἶναι
3313 3338 3408 3391 τοῦ
3437 3340 3714 3409 σώματος,

2129 3421 2337 3486 τούτοις
2389 3424 2556 3494 τιμὴν
2607 3428 3002 3498 περισσοτέραν
3058 3431 3458 3500 παρατίθεμενο
3509 3433 3602 3485 καὶ
3647 3435 3719 3488 τά

2131 3513 2415 3583 ἀσχήμονα
2463 3514 2642 3586 ήμῶν,
2688 3518 3103 3588 εὐσχημοσύνην
3143 3523 3536 3594 περισσοτέραν
3563 3525 3715 3593 ἔχει·

2129 3599 2199 3653 τὰ
2227 3600 2284 3653 δὲ
2315 3603 2628 3675 εὐσχήμονα
2650 3605 2808 3676 ήμῶν
2830 3607 2890 3660 οὐ
2918 3608 3105 3679 χρείαν
3132 3609 3264 3680 ἔχει,
3291 3609 3428 3665 ἀλλὰ
3456 3615 3483 3665 ὁ
3505 3612 3659 3678 Θεός.
3693 3633 3712 3667 ι

2200 3781 2312 3837 Καὶ
2351 3783 2546 3854 ἑτέραν
2576 3784 2885 3858 ὑπερϐολὴν
2904 3787 3087 3858 τίθησι
3112 3803 3125 3816 ·
3150 3787 3300 3856 λέγει
3328 3789 3410 3842 ὅτι
3434 3789 3496 3843 οὐ
3527 3791 3720 3861 χρείαν

2131 3874 2244 3945 ἔχει
2278 3875 2348 3930 τὰ
2373 3876 2598 3947 μείζονα
2629 3877 2738 3932 τῶν
2765 3878 3097 3946 ἐλασσόνων,
3137 3879 3251 3934 ἀλλ’
3281 3883 3364 3936 ὅτι
3393 3883 3487 3936 καὶ
3517 3883 3720 3954 πολλὴν

2135 3967 2350 4039 χρείαν.
2430 3968 2576 4043 Ὅρα
2621 3969 2679 4022 δὲ
2717 3971 2864 4034 ὅπως
2907 3971 2999 4024 ἐπὶ
3042 3971 3150 4026 τῶν
3197 3971 3723 4044 ἀσθενεστέρων,τὰ

2131 4058 2430 4116 δοκοῦντα
2469 4062 2653 4133 φησίν.
2705 4064 2876 4118 Ὅταν
2908 4063 2966 4116 δὲ
3003 4065 3298 4134 ἀναγκαῖα,
3341 4065 3524 4120 οὐκέτι
3559 4085 3726 4138 προσ-

2131 4148 2312 4221 τίθησι
2362 4151 2436 4205 τὰ
2480 4150 2777 4208 δοκοῦντα
2807 4191 2822 4221 ,
2857 4153 2972 4207 ἀλλ’
3014 4153 3178 4218 αὐτὸς
3208 4155 3569 4226 ἀποφαίνεται
3592 4199 3606 4224 ,
3638 4157 3725 4211 ὅτι

2131 4241 2408 4310 ἀναγκαῖά
2451 4245 2619 4300 ἐστιν.

2206 4335 2272 4388 Τί
2304 4336 2414 4406 γὰρ
2445 4335 2553 4390 τῶν
2591 4336 2796 4408 μορίων
2837 4337 2945 4393 τῶν
3017 4339 3354 4411 γεννητικῶν
3382 4340 3726 4413 ἀτιμώτερον

2134 4430 2192 4482 ἐν
2218 4429 2353 4499 ἡμῖν
2395 4422 2535 4482 εἶναι
2580 4429 2761 4495 δοκεῖ;
2821 4429 2960 4484 Ἀλλ’
3007 4431 3157 4501 ὅμως
3204 4433 3452 4504 χρήσιμα
3495 4431 3583 4485 διὰ
3624 4432 3728 4504 τὴν

454 4542 582 4582 nem
634 4527 937 4597 pertinent.
983 4527 1340 4600 Quapropter
1392 4527 1774 4584 Romanorum
1843 4528 2027 4597 legum

2144 4520 2513 4574 παιδοποιίαν
2544 4519 2633 4574 διὰ
2671 4520 2830 4575 τοῦτο
2874 4523 2967 4576 καὶ
3007 4525 3057 4576 οί
3089 4525 3374 4594 νομοθέται
3413 4525 3726 4594 Ῥωμαίων,

453 4617 776 4673 conditores
826 4617 882 4672 in
928 4634 1026 4674 eos
1067 4621 1163 4689 qui
1195 4627 1383 4690 partes
1421 4619 1560 4674 istas
1587 4617 1940 4688 praeciderint
1979 4627 2027 4674 et

2144 4612 2261 4675 τοὺς
2283 4611 2459 4667 ταῦτα
2485 4611 3006 4683 ἀκρωτηριάζοντας
3032 4615 3102 4668 τὰ
3134 4614 3292 4685 μέλη,
3316 4616 3408 4667 καὶ⁸
3437 4614 3730 4677 ποιοῦντας

453 4708 747 4763 eunuchos
798 4707 1056 4774 fecerint,
1099 4707 1557 4762 animadvertunt.
1592 4718 1855 4777 tanquam
1901 4723 2032 4778 erga

455 4795 684 4851 humani
735 4798 956 4866 generis
1002 4797 1404 4864 destructores,
1441 4805 1498 4852 et
1537 4797 1632 4866 qui
1677 4806 1891 4853 naturae
1928 4800 2033 4869 ipsi

454 4885 719 4955 injuriam
751 4886 1016 4942 inferant.
1065 4888 1175 4944 Sed
1216 4897 1447 4959 pereant
1496 4890 1764 4959 protervi,
1812 4892 1907 4960 qui
1936 4892 2034 4948 Dei

456 4977 679 5046 opiﬁcia
722 4979 1161 5035 calumniantur.
1214 4979 1350 5034 Nam
1393 4979 1544 5035 sicut
1595 4981 1912 5053 complures
1948 4985 2037 5040 vi-

456 5083 589 5123 num
615 5072 891 5125 exsecrati
934 5079 1067 5128 sunt
1103 5079 1333 5142 propter
1379 5072 1655 5140 ebriosos,
1690 5075 1824 5144 quin
1867 5077 2035 5132 etiam

458 5160 788 5215 muliebrem
838 5177 1034 5217 sexum
1079 5173 1304 5234 propter
1344 5165 1650 5228 adulteras.
1695 5168 1781 5247 sic
1819 5177 1874 5224 et
1918 5169 2036 5225 haec

425 5251 708 5327 ‘membra
749 5255 936 5324 turpia
965 5271 1092 5312 esse
1125 5263 1407 5326 putavere,
1448 5259 1579 5329 quia
1603 5259 1761 5314 multi
1809 5260 1877 5316 iis
1936 5261 2038 5316 ab-

461 5343 758 5399 utebantur
796 5358 958 5400 secus
1006 5361 1072 5400 ac
1119 5345 1324 5403 decens
1351 5359 1517 5404 esset.
1569 5348 1629 5404 Id
1683 5350 1830 5420 quod
1875 5352 2040 5422 plane

463 5449 575 5490 non
609 5436 1000 5492 conveniebat.
1029 5437 1388 5509 Nequaquam
1417 5441 1562 5496 enim
1583 5449 1801 5497 naturae
1829 5444 1910 5496 rei
1944 5459 2040 5498 ne-

462 5525 809 5582 cessitudine
838 5527 1008 5584 sortis
1043 5540 1332 5598 peccatum
1355 5529 1677 5601 adjunctum
1708 5533 1919 5600 est,sed
1947 5548 2042 5588 vo-

467 5615 683 5671 luutatc
711 5617 956 5688 gignitur
987 5618 1247 5676 delictum
1281 5621 1429 5694 quod
1467 5622 1592 5694 quis
1629 5624 1794 5681 audet
1845 5623 2044 5679 admit-

467 5714 605 5763 tere.

549 5813 568 5846 ι
618 5795 968 5870 Temperavit
1009 5818 1227 5873 corpus.
1281 5822 1298 5854 )

2135 4703 2427 4774 εὐνούχους
2480 4703 2825 4770 κολάζουσιν,
2869 4705 2965 4758 ἆτε
2997 4704 3076 4774 τῷ
3122 4705 3287 4776 κοινῷ
3334 4707 3485 4776 γένει
3519 4707 3726 4776 λυμαι-

2136 4794 2419 4864 νομένους,
2476 4794 2574 4848 καὶ
2604 4795 2741 4866 αὐτῇ
2786 4798 2853 4868 τῇ
2905 4797 3065 4866 φύσει
3111 4796 3534 4868 ὲπηρεάζοντας.
3585 4797 3729 4851 Ἀλλ’

2137 4886 2428 4942 ἀπόλοιντο
2463 4887 2512 4938 οἱ
2545 4885 2859 4953 ἀκόλαστοι,
2888 4887 2939 4940 οἱ
2968 4887 3062 4940 τοῦ
3101 4887 3236 4941 Θεοῦ
3277 4888 3345 4941 τὰ
3391 4889 3733 4959 δημιουργή-

2143 4996 2293 5049 ματα
2349 4977 2776 5043 ὰποϐάλλοντες.
2828 4981 3039 5050 Ὠσπερ
3085 4979 3196 5051 γὰρ
3241 4979 3321 5051 τῷ
3369 4981 3499 5051 οἴνῳ
3539 4981 3733 5034 πολλοὶ

2137 5070 2227 5140 διὰ
2259 5071 2387 5133 τοὺς
2433 5069 2732 5139 μεθύοντας
2774 5071 3178 5142 κατηράσαντο,
3211 5070 3308 5126 καὶ
3333 5075 3400 5142 τῇ
3429 5072 3592 5141 φύσει
3617 5071 3731 5125 τῶν

2138 5160 2419 5230 γυναικῶν
2446 5161 2535 5214 διὰ
2567 5161 2668 5224 τὰς
2706 5161 3124 5232 μοιχευομέναις,
3157 5161 3302 5215 οὕτω
3349 5164 3445 5216 καὶ
3486 5162 3554 5215 τὰ
3589 5163 3729 5234 μέλη

2154 5251 2332 5306 ταῦτα
2373 5251 2572 5322 αἰσχρὰ
2614 5247 2756 5304 εἷναι
2783 5251 3064 5322 ἐνόμισαν,
3101 5251 3189 5306 διά
3221 5252 3346 5317 τούς
3378 5253 3480 5306 οὐκ
3506 5254 3585 5317 είς
3607 5253 3735 5307 δέον

2142 5343 2328 5405 αὐτοῖς
2355 5341 2694 5412 χρωμένους.
2736 5340 2875 5393 Ἀλλ’
2899 5341 2999 5394 οὐκ
3022 5343 3190 5415 ὲχρῆν
3211 5358 3223 5371 ·
3249 5342 3310 5395 οὐ
3336 5342 3444 5414 γὰρ
3469 5345 3534 5413 τῇ
3564 5341 3734 5411 φύσει

2144 5433 2238 5487 τοῦ
2271 5435 2601 5506 πράγματος
2628 5434 2662 5504 ἡ
2691 5432 2936 5504 ἁμαρτία
2969 5433 3440 5506 συγκεκλήρωται,
3475 5435 3594 5488 ἀλλ’
3620 5433 3735 5488 ἀπὸ

2143 5525 2242 5595 τῆς
2272 5525 2647 5596 προαιρέσεως
2691 5525 2936 5580 τίκτεται
2966 5524 3059 5578 τοῦ
3077 5525 3421 5598 τολμήματος
3447 5525 3504 5580 τὸ
3542 5525 3736 5597 πλήμη

2149 5616 2283 5688 μέλη
2293 5633 2389 5687 μα.

2229 5830 2244 5864 ι
2282 5812 2648 5883 Συνεκέρασεν
2685 5813 2743 5866 τὸ
2775 5814 2951 5884 σῶμα.
2999 5832 3017 5866 ι
