3972 6436
262 311 389 377 6Ἱ3

1448 315 1529 374 IN
1565 315 1804 375 EPIST.
1843 314 1942 373 AD
1969 314 2329 404 CORINTH.
2372 321 2422 379 ι.

3437 327 3546 389 67/.

348 427 416 479 Εί
463 425 520 479 δὲ
563 425 944 498 συνεκέρασεν,
1003 427 1103 482 οὐκ
1158 427 1336 498 ἀφῆκε
1385 427 1480 481 τοῦ
1528 427 1856 498 ἁτιμώτεροι

2046 426 2203 492 Quod
2237 428 2285 482 si
2323 430 2764 498 contemperarit
2787 469 2802 494 ,
2829 445 2939 486 non
2969 442 3099 501 ergo
3117 445 3317 503 passus
3350 443 3456 500 est,
3490 448 3548 490 ut

259 515 594 584 φαίνεσθαι.

347 627 369 658 ι
408 607 504 679 Τῷ
571 607 954 679 ὑστερουμένῳ
1006 607 1398 680 περισσοτέραν
1445 607 1567 671 δοὺς
1619 606 1802 676 τιμήν.
1842 622 1861 655 ι

351 784 585 854 Ἐπειδὴ
605 783 714 854 γὰρ
736 784 832 837 καὶ
853 783 1058 854 πολλῆς
1086 782 1440 853 παραμυθίας
1460 783 1716 854 τυχόντες
1741 782 1866 836 έλυ-

256 875 486 930 ποῦντο
525 876 601 940 ὡς
632 877 853 929 ἔλαττον
894 875 1174 942 λαϐόντες,
1205 875 1476 928 δείκνυσιν
1523 877 1604 929 ὅτι
1665 875 1866 946 μᾶλλον

252 967 644 1039 ἐτιμήθησαν.
677 966 770 1038 Τῷ
800 967 908 1040 γὰρ
937 966 1342 1039 ὑστερουμένῳ,
1382 968 1539 1038 φησὶ,
1571 968 1742 1039 τιμὴν
1767 984 1868 1020 πε-

253 1059 606 1131 ρισσοτέραν
644 1059 864 1164 ἔδωκεν.
918 1105 932 1116 .

339 1351 366 1385 ο
403 1333 530 1387 Ἵνα
551 1329 681 1406 μ.ὴῇ
715 1333 992 1402 σχίσματα
1018 1333 1076 1385 ὲν
1104 1329 1182 1402 τῷ
1213 1328 1446 1401 σώματι,
1479 1329 1614 1384 ἀλλὰ
1641 1330 1701 1383 τὸ
1730 1329 1862 1383 αὐτὸ

248 1424 426 1496 ὕπὲρ
465 1424 712 1494 ἀλλήλων
743 1423 1052 1494 μεριμνῶσι
1085 1422 1156 1476 τὰ
1196 1423 1333 1492 μέλη
1353 1436 1369 1451 ·
1400 1421 1496 1474 καὶ
1523 1422 1631 1474 εἴτε
1663 1422 1860 1492 πάσχει

250 1518 318 1569 ἒν
363 1518 557 1588 μέλος,
585 1517 898 1586 συμπάσχει
929 1515 1107 1570 πάντα
1134 1515 1202 1568 τά
1243 1515 1403 1586 μέλη,
1435 1513 1545 1568 εἴτε
1578 1514 1863 1579 δοξάζεται

249 1606 318 1661 ἓν
378 1607 569 1679 μέλος,
611 1605 893 1677 συγχαίρει
927 1605 1104 1661 πάντα
1136 1605 1205 1659 τὰ
1245 1603 1405 1675 μέλη.
1449 1621 1468 1655 ι

1971 519 2119 586 quod
2157 518 2456 588 ignobilius
2486 527 2625 583 erat,
2667 530 2976 589 appareret.

2045 622 2066 656 ι
2111 605 2212 660 Cui
2245 607 2452 675 deerat,
2497 609 2958 665 abundantiorem
3005 612 3303 669 tribuendo
3366 613 3548 668 hono-

1970 708 2108 748 rem.
2160 715 2179 748 ι

2039 785 2314 853 Quoniam
2383 791 2552 853 enim,
2605 791 2828 847 tametsi
2873 793 3233 863 multiplicem
3285 796 3544 850 consola-

1977 878 2187 936 tionem
2214 893 2564 950 acceperant,
2592 883 2953 939 nihilominus
2980 885 3240 940 dolebant
3269 895 3538 957 tanquam

1969 969 2023 1024 id
2053 970 2198 1039 quod
2235 972 2422 1028 minus
2480 983 2627 1028 esset
2657 975 2964 1037 consecuti,
3019 976 3265 1030 ostendit
3297 992 3392 1032 eos
3419 993 3543 1032 ma-

1965 1059 2079 1128 jori
2121 1077 2244 1116 esse
2310 1063 2536 1120 aﬂ'ectos
2570 1065 2802 1118 honore.
2847 1064 2985 1118 Nam
3022 1065 3103 1118 illi
3135 1065 3302 1134 parti,
3337 1067 3543 1136 inquit,

1969 1165 2095 1220 quae
2122 1153 2376 1221 pluribus
2419 1153 2800 1219 deﬁeiebatur,
2834 1155 3291 1210 abundantiorem
3340 1157 3544 1226 imper-

1968 1244 2107 1298 titus
2143 1253 2226 1299 est
2265 1246 2554 1300 honorem.

1997 1387 2004 1392 ,
2037 1333 2206 1391 Vens.
2237 1337 2327 1400 9.5,
2353 1338 2442 1391 26.
2479 1355 2498 1388 ‹
2534 1335 2606 1391 Ut
2643 1352 2754 1392 non
2787 1337 2861 1392 sit
2899 1337 3142 1395 schisma
3198 1339 3253 1394 in
3284 1354 3541 1410 corpore,

1966 1425 2064 1480 sed
2107 1428 2161 1480 in
2195 1427 2378 1497 ipsum
2406 1442 2511 1498 pro
2557 1427 2800 1483 invicem
2834 1429 3075 1485 sollicita
3105 1431 3220 1486 sint
3265 1435 3538 1487 membra.

1965 1515 2033 1570 Et
2060 1517 2177 1572 sive
2203 1518 2410 1588 patitur
2430 1535 2599 1574 unum
2624 1521 2953 1584 membrum,
2985 1522 3404 1591 compatiuntur
3425 1537 3546 1577 om-

1964 1606 2057 1660 nia
2090 1608 2369 1673 membra;
2408 1610 2526 1664 sive
2556 1609 2828 1681 gloriatur
2857 1626 3027 1665 unum
3052 1612 3546 1678 membrum,con-

1966 1697 2204 1768 gaudent
2241 1700 2428 1753 omnia
2463 1701 2738 1755 membra.
2773 1719 2792 1751 ι

334 1788 458 1840 Τὸν
501 1786 656 1854 λόγον
703 1785 801 1854 τῆς
845 1783 1249 1855 περισσοτέρας
1292 1782 1458 1854 τιμῆς
1502 1782 1856 1847 ἀποδέδωκεν,

1984 1765 1992 1768 ν
2041 1787 2326 1843 Rationem
2385 1791 2569 1846 reddit
2623 1791 3047 1848 abundantioris
3085 1793 3238 1848 illius
3285 1795 3543 1860 honoris,

249 1879 383 1933 ἀπὸ
412 1877 508 1931 τοῦ
549 1875 916 1946 συμφέροντος
954 1873 1380 1938 κατασκευάζων
1429 1874 1611 1941 αὑτὸν,
1648 1874 1738 1928 ἵνα
1788 1874 1864 1945 μὴ

250 1968 291 2044 ᾗ
354 1971 654 2041 σχίσματα,
705 1967 902 2036 λέγων.
950 1967 1050 2019 "Av
1107 1983 1165 2018 τε
1210 1965 1320 2035 γὰρ
1356 1965 1655 2036 ὀφθαλμὸς,
1689 1966 1756 2020 ἄν
1800 1981 1860 2017 τε

255 2064 386 2134 ῥὶς,
411 2061 704 2134 διατηρῶσι
747 2059 808 2113 τὸ
852 2059 1073 2124 οἰκεῖον,
1108 2057 1202 2111 τοῦ
1247 2057 1546 2128 συνδέσμου
1585 2057 1860 2124 λυθέντος,

252 2155 472 2223 δφελος
516 2152 669 2206 οὐδὲν
711 2150 863 2204 ἔσται
902 2149 1111 2204 λοιπόν.
1148 2151 1245 2203 Ἂν
1281 2149 1339 2202 δὲ
1379 2149 1572 2203 τούτου
1612 2151 1862 2221 μένοντος

254 2249 466 2300 ἐκεῖνα
519 2244 712 2316 βλαϐᾔ,
741 2243 837 2297 καὶ
885 2241 1332 2309 διαδαστάζεται,
1367 2242 1464 2296 καὶ
1493 2242 1628 2314 πρὸς
1670 2241 1860 2311 ὑγείαν

258 2338 528 2393 ἐπάνεισι
555 2334 783 2407 ταχέως.

348 2451 372 2483 σ
419 2429 609 2502 Ὑμεῖς
644 2427 702 2484 δέ
737 2429 861 2482 ὲστε
893 2424 1054 2497 σῶμα
1081 2425 1340 2497 Χριστοῦ.
1380 2444 1399 2476 ι

343 2524 412 2576 Εἰ
435 2523 497 2576 δὲ
521 2521 584 2575 τὺ
611 2520 880 2592 ἡμέτερον
907 2517 970 2571 οὐ
999 2517 1080 2570 δεῖ
1112 2515 1424 2580 στασιάζειν
1471 2513 1650 2586 σῶμα,
1676 2512 1857 2585 πολλῷ

268 2614 482 2684 μᾶλλον
503 2613 563 2666 τὸ
586 2610 681 2665 τοῦ
708 2608 972 2682 Χριστοῦ.

353 2723 373 2757 ι
413 2706 526 2759 Καὶ
558 2703 694 2775 μέλη
726 2703 790 2755 ὲκ
822 2701 1045 2772 μέρους.
1090 2718 1109 2752 ι

359 2798 425 2850 Ἠ
469 2795 762 2866 Ἐκκλησία
811 2795 846 2863 ή
886 2793 1018 2864 παρ’
1053 2793 1202 2862 ὑμῖν,
1229 2789 1386 2861 φησὶ,
1425 2789 1594 2861 μέρος
1613 2788 1731 2842 ἐστὶ
1756 2788 1857 2859 τῆς

268 2884 556 2956 πανταχοῦ
613 2883 962 2954 Ἐκκλησίας,
1011 2881 1152 2935 ὥστε
1205 2881 1328 2951 οὐχὶ
1391 2881 1530 2952 πρὸς
1595 2879 1860 2950 ἀλλήλους

272 2981 464 3050 μόνον,
489 2976 626 3032 ἀλλά
667 2975 764 3031 καὶ
801 2974 939 3047 πρδς
968 2975 1187 3030 ἃπασαν
1225 2974 1326 3044 τὴν
1361 2973 1505 3027 κατὰ
1541 2973 1638 3042 τὴν
1677 2974 1858 3026 οἰκου-

273 3073 449 3142 μένην
491 3068 817 3141 Ἐκκλησίαν
845 3066 1151 3140 είρηνεύειν
1178 3066 1244 3120 ἂν
1281 3066 1428 3136 εἴητε
1455 3065 1671 3128 δίκαιοι,
1712 3066 1768 3117 εί
1793 3080 1856 3132 γε
1884 3111 1926 3170 C

267 3161 478 3224 παντός
506 3162 630 3214 ἔστε
656 3158 793 3230 μέλη
822 3157 917 3212 τοῦ
949 3157 1223 3228 σώματος.

349 3272 370 3305 ι
409 3253 519 3306 Kal
559 3251 655 3316 οὒς
704 3249 804 3320 μὲν
853 3248 1005 3303 ἔθετο
1043 3248 1073 3300 ὁ
1104 3247 1236 3310 Θεὸς
1286 3248 1344 3302 ἐν
1399 3248 1466 3317 τῇ
1537 3244 1854 3317 Ἐκκλησία,

274 3345 494 3415 πρῶτον
531 3340 883 3404 ἀποστόλους.
927 3358 947 3391 ι

345 3435 668 3502 Κατάλογον
722 3435 958 3487 ποιεῖται
1003 3429 1112 3484 τῶν
1151 3427 1531 3500 χαρισμάτων,
1560 3427 1667 3481 ’καὶ
1706 3426 1856 3498 πρώ-

273 3545 402 3592 τους
431 3545 492 3594 γε
525 3527 708 3580 τάττει
732 3525 861 3601 τοὺς
891 3521 1243 3589 ἀποστόλους,
1281 3520 1331 3574 οἳ
1360 3519 1457 3574 καὶ
1487 3519 1763 3591 πανταχοῦ
1796 3521 1854 3574 ὲν

274 3622 488 3684 ἑαυτοῖς
508 3614 652 3691 εἶχον
683 3618 752 3672 τὰ
775 3617 1115 3688 χαρίσματα.

351 3733 370 3764 ι
415 3711 677 3781 Δεύτερον
705 3709 1009 3778 προφήτας.
1053 3725 1071 3758 ι
1197 3707 1204 3714 ’

343 3803 457 3858 Kal
478 3803 587 3874 γὰρ
621 3804 680 3855 ὲν
708 3805 773 3873 τῇ
804 3783 988 3871 χάριτι
1027 3793 1169 3870 ἦσαν
1215 3788 1362 3851 οὗτοι
1394 3795 1852 3868 προφητεύοντες,

270 3889 386 3950 οἷον
412 3894 670 3963 ΙἌγαϐος,
705 3893 800 3947 καὶ
838 3893 886 3945 oi
917 3892 1034 3962 μετ’
1067 3888 1256 3944 αὑτοῦ.

350 4006 369 4038 ο
414 3985 611 4058 Τρίτον
641 3982 1015 4044 διδασκάλους.
1061 3998 1080 4032 ι

357 4076 721 4138 Ἐπισκόπους
750 4073 936 4144 φησίν.

347 4169 579 4221 Ἔπειτα
598 4162 879 4235 δυνάμεις,
901 4162 1092 4215 ἔπειτα
1111 4159 1429 4230 χαρίσματα
1451 4158 1720 4229 ἰαμάτων.
1754 4176 1774 4214 r

353 4257 410 4311 '0
454 4255 684 4326 δύναμιν
723 4253 884 4324 ἔχων,
927 4253 1024 4307 καὶ
1065 4251 1337 4318 κολάζειν,
1373 4250 1469 4304 καὶ
1503 4249 1686 4304 ἰᾶσθαι
1728 4250 1852 4326 ἠδύ-

275 4366 418 4404 νατο.
461 4348 521 4401 Ὀ
550 4347 608 4400 δὲ
641 4346 890 4418 χάρισμα
933 4345 1178 4415 ἰαμάτων
1206 4343 1369 4413 ἔχων,
1401 4342 1701 4412 ἐθεράπευε
1749 4343 1847 4413 μό-

1967 1893 2130 1948 quam
2159 1893 2189 1932 a
2223 1880 2616 1934 convenientia
2677 1881 2853 1936 astitui
2881 1896 2894 1932 :
2933 1891 2994 1934 ut
3026 1897 3134 1935 non
3171 1881 3246 1936 sit
3273 1882 3542 1946 scbisma,

1967 1965 2171 2035 inquit.
2209 1966 2344 2021 Nam
2376 1968 2423 2022 si
2449 1969 2672 2032 oculus,
2707 1968 2754 2023 si
2787 1969 2963 2031 naris,
2992 1969 3217 2038 propria
3253 1969 3362 2025 sibi
3383 1985 3543 2026 seor-

1965 2057 2070 2111 sim
2127 2059 2432 2124 vindicant,
2468 2060 2651 2114 soluto
2683 2059 2927 2125 vinculo,
2949 2060 3086 2114 nihil
3114 2060 3261 2130 quod
3291 2070 3546 2129 superest

1966 2148 2503 2220 deincepsjuvatur.
2547 2150 2646 2205 Sin
2691 2161 2875 2206 autem
2927 2167 2995 2207 eo
3031 2162 3290 2208 manente
3329 2153 3420 2207 illa
3446 2154 3544 2209 la:-

1963 2240 2192 2308 dantur,
2228 2252 2411 2297 totum
2468 2243 2830 2312 compatitur,
2861 2249 2916 2299 et
2951 2243 3156 2299 mederi
3201 2244 3544 2314 quantocius

1963 2329 2092 2387 festi
2103 2339 2220 2386 nat.

2035 2423 2202 2480 Vens.
2235 2425 2324 2480 27.
2365 2442 2382 2476 ι
2432 2423 2544 2481 Vos
2572 2425 2711 2482 estis
2738 2441 2946 2498 corpus
2973 2425 3203 2482 Christi.
3253 2445 3272 2478 ι

2038 2515 2195 2579 Quod
2229 2515 2278 2570 si
2311 2531 2422 2570 non
2456 2517 2680 2587 expedit
2710 2527 2770 2572 ut
2819 2527 3074 2572 nostrum
3111 2533 3316 2587 corpus
3344 2515 3544 2573 factio-

1961 2605 2130 2661 nibus
2163 2607 2398 2673 laboret,
2435 2610 2618 2664 multo
2645 2610 2822 2679 magis
2855 2611 3064 2665 Christi
3089 2625 3320 2680 corpus.

2039 2716 2058 2751 ι
2096 2697 2161 2752 Ει
2191 2701 2438 2754 membra
2468 2701 2536 2756 de
2561 2703 2831 2757 membro.
2875 2721 2894 2754 ι

2036 2787 2290 2844 Ecclesia
2338 2799 2563 2858 vestra,
2621 2791 2825 2860 inquit,
2881 2805 3013 2861 pars
3065 2798 3150 2848 est
3217 2790 3369 2847 illius
3416 2805 3539 2860 quae

1965 2879 2175 2949 ubique
2203 2879 2556 2936 dill'unditur.
2598 2882 2868 2946 Quocirca
2903 2881 3030 2952 jure
3065 2883 3263 2938 merito
3297 2898 3409 2936 non
3440 2897 3536 2937 so-

1965 2972 2081 3027 lum
2114 2973 2262 3028 inter
2311 2989 2411 3028 vos
2469 2981 2664 3028 mutuo
2700 2989 2894 3044 pacem
2933 2975 3117 3030 colere
3162 2974 3396 3039 debetis,
3452 2990 3541 3029 ve-

1961 3079 2083 3118 rum
2139 3065 2305 3119 etiam
2357 3079 2485 3119 cum
2544 3065 2805 3120 universa
2853 3081 2950 3134 per
3001 3067 3193 3122 orbem
3263 3075 3540 3122 terrarum

1961 3153 2254 3221 Ecclesia;
2299 3154 2342 3209 si
2377 3155 2542 3210 modo
2581 3155 2838 3225 corporis
2873 3156 3064 3213 totius
3096 3155 3346 3211 membra
3375 3158 3536 3213 estis.

2035 3245 2197 3315 108
2243 3245 2412 3302 Vens.
2460 3246 2554 3305 28.
2601 3265 2618 3298 ι
2656 3245 2723 3300 Ει
2776 3247 3047 3317 quosdam
3093 3246 3316 3318 quidem
3352 3249 3542 3322 posuit

1957 3333 2107 3390 Deus
2143 3334 2381 3403 primum
2413 3335 2734 3406 Apostolos.
2765 3354 2784 3387 ι

2028 3425 2303 3483 Recenset
2365 3427 2547 3492 dona,
2605 3442 2670 3483 ac
2701 3428 2881 3497 primo
2947 3428 3073 3482 loco
3134 3430 3330 3483 statuit
3391 3444 3534 3498 apo-

1956 3519 2152 3584 stolos,
2185 3519 2281 3588 qui
2317 3519 2540 3590 quidem
2577 3518 2840 3574 omnibus
2865 3518 3113 3591 undique
3139 3519 3300 3574 donis
3333 3527 3536 3592 etgra-

1957 3611 2054 3668 tiis
2079 3611 2336 3667 instructi
2363 3618 2549 3667 erant.

2033 3721 2053 3754 ι
2101 3701 2358 3758 Secundo
2391 3701 2715 3772 prophetas.
2759 3719 2777 3752 ι

2029 3791 2145 3846 Sub
2184 3792 2359 3862 gratia
2400 3793 2606 3863 quippe
2657 3791 2937 3863 prophetae
2965 3798 3149 3858 erant,
3186 3791 3339 3846 velut
3375 3791 3523 3864 Ag»

1954 3883 2084 3951 bus,
2117 3884 2348 3954 ejusque
2381 3885 2541 3938 socii.

2030 3993 2050 4027 ι
2089 3972 2278 4029 Tertio
2318 3973 2602 4031 doctores.
2647 3991 2666 4025 ι

2023 4061 2328 4133 Episcopos
2368 4063 2663 4118 nimirum.

2027 4175 2046 4209 ι
2096 4155 2303 4213 Deinde
2333 4157 2594 4222 virtutes,
2635 4155 2834 4211 exinde
2859 4156 3072 4226 gratias
3109 4155 3526 4210 curationum.»

2014 4245 2124 4313 Qui
2188 4248 2453 4303 virtutem
2531 4245 2811 4306 habebat.
2878 4253 3100 4314 poterat
3154 4252 3269 4299 tum
3333 4260 3532 4314 poenas

1950 4336 2221 4409 inﬂigere,
2258 4345 2372 4391 tum
2413 4335 2582 4392 etiam
2622 4351 2843 4392 sanare.
2882 4340 2951 4389 At
2974 4336 3068 4405 qui
3101 4337 3250 4390 dono
3283 4336 3529 4390 curatio-

277 4456 383 4492 νον.
410 4436 709 4508 Προτάττει
745 4435 802 4488 δὲ
834 4432 927 4487 τοῦ
958 4434 1301 4505 χαρίσματος
1341 4432 1451 4486 τῶν
1484 4432 1730 4502 ἰαμάτων
1760 4433 1850 4487 τὸν

1984 4441 2088 4478 lum
2122 4426 2437 4481 instructus
2476 4433 2619 4491 erat,
2649 4423 2885 4478 sanabat
2928 4423 3217 4477 duntaxat.
3255 4422 3528 4476 Cmterum

275 4531 425 4598 λόγον
449 4529 551 4600 τῆς
583 4524 948 4590 διδασκαλίας.
989 4525 1193 4590 Μεῖζον
1239 4524 1350 4596 γὰρ
1388 4523 1450 4577 τὸ
1499 4523 1852 4594 καταγτεῖλαι

219 4627 222 4630 ’
275 4621 362 4674 τὸν
386 4622 544 4691 λόγον
574 4621 668 4674 καὶ
696 4617 797 4689 τὴν
823 4617 1104 4670 εὐσέϐειαν
1149 4617 1228 4679 είς
1265 4615 1367 4680 τὰς
1409 4615 1518 4670 τῶν
1545 4616 1852 4671 ἀκουόντων

275 4713 466 4785 ψυχὰς,
496 4711 593 4767 τοῦ
625 4710 884 4782 δυνάμεις
912 4709 1109 4762 ποιεῖν.

344 4908 364 4942 ι
415 4885 779 4958 ’Δντιλήψεις.
811 4903 830 4935 ι

338 4981 411 5033 Τὸ
437 4972 935 5048 ἀντιλαμϐάνεσθαι
963 4970 1074 5026 τῶν
1102 4969 1367 5025 ἀσθενῶν.

346 5091 364 5125 ι
402 5070 798 5142 κυϐερνήσεις.
830 5084 849 5118 ι

338 5167 411 5220 Τὸ
452 5163 761 5233 οἰκονομεῖν
820 5155 1189 5229 πνευματικά.
1239 5152 1351 5207 Kal
1394 5151 1465 5207 τὰ
1499 5151 1746 5224 ἡμέτερα
1792 5148 1850 5206 δὲ

159 5266 170 5271 “
276 5255 670 5330 κατορθώματα
728 5247 1075 5321 πνευματικά
1125 5247 1297 5315 λέγει,
1349 5243 1566 5308 δεικνὺς
1615 5244 1695 5298 δτι
1750 5243 1850 5314 τῆς

273 5348 360 5403 τοῦ
382 5348 516 5402 Θεοῦ
538 5343 818 5415 πανταχοῦ
846 5339 1080 5412 δεόμεθα
1110 5337 1386 5410 βοηθείας.

198 5423 206 5438 ⁸
343 5459 362 5493 ι
396 5440 534 5510 Γένη
562 5434 847 5506 γλωσσῶν.
888 5450 908 5484 ο
1493 5487 1496 5490 ,

337 5533 604 5604 ’Υστερον
640 5528 887 5598 τίθησιν,
945 5525 1032 5594 ἐφ’
1065 5515 1110 5590 ᾧ
1164 5520 1398 5592 μάλιστα
1449 5519 1648 5572 ἐκεῖνοι
1701 5517 1845 5588 μέγα

275 5628 542 5698 ἐφρόνουν,
574 5622 842 5677 διδάσκων
879 5617 1077 5678 αὐτοὺς
1107 5614 1182 5685 μὴ
1220 5610 1568 5682 φυσιοῦσθαι.

346 5696 364 5765 ι
402 5712 490 5783 Μὴ
529 5711 732 5771 πάντες
784 5705 1106 5769 ἀπόστολοι;
1155 5701 1230 5772 μὴ
1283 5700 1487 5771 πάντες
1521 5696 1838 5769 προφῆται;

1955 4514 2223 4570 doctrina:
2244 4529 2447 4569 munus
2465 4513 2750 4583 anteponit
2771 4513 2959 4582 gratiae
2982 4513 3354 4567 curationum.
3387 4511 3528 4564 Nam

1955 4605 2315 4676 praestantius
2363 4612 2451 4660 est
2482 4602 2815 4658 annuntiare
2847 4603 3098 4664 verbum,
3126 4603 3206 4657 'et
3263 4602 3528 4670 pietatem

1958 4696 2164 4752 animis
2217 4696 2534 4751 auditorum
2594 4695 2880 4761 inserere,
2940 4705 3109 4763 quam
3161 4691 3398 4747 virtutes
3448 4689 3530 4745 fa-

1954 4797 2099 4839 cere.

2034 4893 2054 4926 ι
2100 4873 2529 4944 Opitulationes.
2582 4892 2601 4924 ι

2023 4965 2194 5036 Opem
2229 4965 2465 5019 inﬁrmis
2499 4970 2786 5033 praestare.

2030 5075 2050 5110 ι
2083 5056 2550 5113 Gubernationes.
2596 5071 2617 5105 ι

2025 5150 2353 5221 Spiritualia
2387 5148 2734 5219 dispensare.
2772 5142 2967 5198 Nostra
3001 5155 3168 5212 porro
3201 5149 3352 5197 recte
3385 5141 3529 5196 facta

1953 5241 2268 5312 spiritualia
2313 5239 2516 5305 innuit,
2582 5245 2644 5294 ut
2693 5234 2956 5293 ostendat
3016 5233 3111 5290 Dei
3167 5248 3274 5290 nos
3323 5232 3530 5304 ubique

1952 5328 2160 5384 auxilio
2196 5328 2466 5399 indigere.

1927 5473 1936 5480 .
2026 5438 2045 5471 ι
2091 5418 2309 5475 Genera
2351 5419 2691 5488 linguarum.
2742 5434 2762 5468 ι

2027 5510 2291 5566 Ultimum
2328 5509 2484 5580 ponit
2533 5506 2589 5561 id
2642 5522 2750 5575 quo
2782 5503 2863 5561 illi
2911 5502 3070 5560 valde
3121 5499 3523 5573 gloriabantur,

1951 5611 2013 5659 ut
2046 5617 2145 5658 eos
2171 5601 2399 5656 doceret
2432 5615 2543 5656 non
2573 5598 2780 5655 eﬂ‘erri.

1940 5693 1943 5700 '
2025 5692 2186 5749 Vsus.
2215 5693 2306 5758 29,
2337 5691 2428 5748 50.
2463 5710 2482 5744 ι
2527 5689 2791 5762 Nunquid
2839 5702 3036 5746 omnes
3063 5682 3345 5759 apostoli?
3376 5683 3529 5742 Nun-
