3970 6442
439 306 546 370 675

1660 297 1719 355 S.
1749 288 2071 354 JOANNIS
2109 290 2544 353 DAMASCENI

3591 290 3709 350 676

393 409 402 422 “
441 413 577 486 quid
634 427 826 469 omnes
865 409 1178 482 prophetae?
1208 404 1458 476 nunquid
1489 416 1684 458 omnes
1721 381 2016 456 doctores?

2139 399 2199 470 ,ιὴ
2244 400 2445 465 πάντες
2482 401 2834 466 διδάσκαλοι;
2887 398 2964 471 μὴ
3017 399 3218 462 πάντες
3260 396 3566 467 δυνάμειςς
3622 397 3706 468 μὴ

439 502 690 575 nunquid
723 518 919 558 omnes
967 498 1250 556 virtutes?
1288 494 1544 566 nunquid
1574 506 1769 548 omnes
1793 488 2008 560 gratias

441 598 645 652 habent
698 592 1088 649 curationum?
1133 586 1388 658 nunquid
1441 597 1640 640 omnes
1689 580 1896 650 linguis
1931 577 2014 633 lo-

441 684 722 758 quuntur?
755 681 1011 754 nunquid
1033 695 1226 734 omnes
1268 669 1755 744 interpretantur?
1787 687 1806 720 ι

449 756 472 807 Ῐ
507 775 648 844 Quia
680 774 983 830 verisimile
1015 778 1138 827 erat
1167 784 1264 825 eos
1303 767 1400 838 qui
1451 765 1569 819 haec
1604 760 1886 821 audirent,
1926 756 2016 812 di-

445 876 674 923 cturos:
716 864 896 919 Eccur
927 878 1061 918 vero
1083 876 1194 916 non
1231 859 1361 913 facti
1403 869 1598 912 sumus
1625 847 1908 922 apostoli?
1935 847 2014 902 ita

441 958 693 1029 loquitur
717 954 1113 1011 vehementiori
1141 964 1428 1008 sermone:
1452 947 1586 1017 quin
1611 953 1666 1000 et
1693 943 1750 999 id
1780 954 2009 997 rursum

438 1048 691 1116 exemplo
727 1043 983 1115 corporis
1009 1042 1323 1097 conﬁrmat.
1381 1080 1384 1084 .

510 1138 678 1196 Vens.
711 1139 800 1193 3i.
845 1156 865 1189 ι
899 1134 1261 1190 )Emulamini
1291 1131 1631 1186 charismata
1667 1127 1926 1184 meliora.
1948 1123 2018 1179 Et

439 1231 624 1288 adhuc
651 1227 1104 1286 excellentiorem
1137 1225 1298 1280 vobis
1314 1223 1458 1276 viam
1488 1220 1838 1276 demonstro.
1878 1235 1899 1270 ι

1059 1315 1214 1370 CAP.
1257 1313 1403 1369 Xlll.

511 1411 677 1468 Vens.
718 1412 851 1476 1,3.
886 1429 907 1462 ι
945 1408 1002 1464 Si
1029 1406 1234 1476 linguis
1266 1402 1550 1458 hominum
1581 1399 1781 1468 loquar
1820 1402 1875 1450 et
1914 1408 2019 1448 an-

441 1504 716 1575 gelorum,
733 1502 1061 1557 charitatem
1080 1504 1262 1552 autem
1287 1509 1399 1550 non
1424 1487 1879 1553 habuero,faclus
1895 1499 2018 1542 sum

439 1595 591 1650 velut
618 1609 694 1650 res
727 1609 960 1659 sonans,
985 1599 1078 1646 aut
1102 1585 1420 1659 cymbalum
1445 1581 1713 1636 tinniens.
1753 1577 1888 1632 Etsi
1920 1576 2021 1638 ha-

2116 493 2318 556 πάντες
2370 493 2686 563 χαρίσματα
2741 492 2958 562 ἔχουσιν
3020 491 3294 561 ίαμάτων;
3362 490 3438 561 μὴ
3497 489 3712 552 πάντες

2117 584 2394 654 γλώσσαις
2445 583 2698 651 >.αλοῦσι;
2742 583 2817 655 μὴ
2853 583 3051 647 πάντες
3081 581 3560 654 διερμηνεύουσιν;
3602 602 3624 634 ι

2199 764 2420 834 Ἐπειδὴ
2465 763 2612 826 εἰκὸς
2652 759 2722 834 ἦν
2762 761 2937 816 ταῦτα
2984 761 3322 825 ἀκούσαντας
3350 761 3550 828 λέγειν,
3583 759 3701 815 Καὶ

2116 853 2206 906 διά
2229 853 2283 906 τί
2312 852 2388 923 μὴ
2413 853 2613 916 πάντες
2634 852 2920 906 ἀπόστολοι
2941 851 3271 923 ἒγενόμεθα;
3297 850 3467 904 Τοῦτό
3495 867 3700 920 φησιν,

2119 943 2652 1016 ἒπιπληκτικώτερον
2677 943 2958 1016 χρώμενος
2986 944 3064 1016 τῷ
3087 945 3232 1014 λόγῳ
3248 958 3262 973 ⁸
3312 941 3408 997 καὶ
3432 942 3594 996 τοῦτο
3635 943 3706 995 ὲκ

2116 1035 2211 1089 τοῦ
2249 1036 2499 1104 σώματος
2533 1036 2694 1089 πάλιν
2744 1036 3170 1108 κατασκευάζει.

2195 1144 2214 1177 ι
2255 1125 2486 1196 Ζηλοῦτε
2511 1125 2580 1178 τὰ
2613 1127 2925 1197 χαρίσματα
2956 1126 3025 1180 τά
3065 1124 3439 1197 μείζοναξκαὶ
3466 1122 3548 1177 ἔτι
3580 1121 3714 1176 καθ’

2118 1217 2426 1291 ὑπερϐολὴν
2451 1218 2569 1272 ὁδὸν
2593 1219 2724 1289 ὑμῖν
2756 1219 3027 1289 δείκνυμι.
3063 1237 3082 1270 ι

2716 1311 2968 1366 ΚΕΦΑΛ.
3009 1311 3109 1375 II".

2201 1398 2327 1453 Ἐάν
2351 1402 2472 1464 ταῖς
2501 1398 2775 1469 γλώσσαις
2812 1401 2920 1454 τῶν
2946 1399 3248 1472 ἀνθρώπων
3271 1399 3416 1454 λαλῶ
3469 1401 3563 1455 καὶ
3593 1401 3713 1455 τῶν

2120 1489 2392 1558 ἀγγέλων,
2414 1490 2637 1562 ἀγάπην
2680 1490 2740 1544 δὲ
2791 1489 2867 1562 μὴ
2905 1489 3034 1560 ἔχω,
3064 1489 3268 1559 γέγονα
3305 1489 3506 1559 χαλκδς
3550 1489 3711 1560 ἠχῶν

2120 1582 2153 1652 ἢ
2185 1581 2468 1652 κύμϐαλον
2501 1580 2788 1646 ἀλαλάζον.
2817 1579 2928 1635 Καὶ
2960 1580 3054 1636 έάν
3084 1582 3191 1652 ἔχω
3222 1581 3583 1653 προφητείαν,
3609 1582 3715 1635 καὶ

439 1689 613 1744 buero
644 1686 1016 1758 prophetiam,
1053 1689 1109 1737 et
1145 1678 1396 1734 noverim
1431 1673 1702 1747 mysteria
1729 1671 1938 1738 omnia,
1959 1677 2015 1725 et

2139 1673 2217 1726 ’δω
2243 1674 2311 1727 τά
2342 1674 2621 1745 μυστήρια
2669 1673 2908 1738 ἅπαντα,
2953 1673 3051 1728 καὶ
3094 1673 3275 1726 πᾶσαν
3325 1673 3425 1743 τὴν
3474 1673 3713 1741 γνῶσιν,

439 1745 662 1834 omnem
691 1745 1014 1843 scientiam;
1039 1783 1093 1830 et
1125 1773 1171 1828 si
1207 1771 1454 1826 habuero
1481 1781 1699 1822 omnem
1728 1764 1912 1829 fidem,
1943 1764 2020 1817 ita

2139 1765 2221 1819 ιαί
2248 1764 2346 1818 δάν
2379 1764 2487 1835 εχω
2529 1766 2710 1819 πᾶσαν
2755 1764 2860 1836 τὴν
2900 1765 3106 1830 πίστιν,
3137 1763 3282 1817 ὥστε
3310 1764 3411 1834 ὅρη
3441 1763 3715 1834 μεθιστά-

439 1877 498 1922 ut
529 1876 748 1923 montes
788 1865 1152 1928 transferam,
1180 1862 1510 1918 charitatem
1540 1865 1727 1914 autem
1761 1869 1872 1910 non
1910 1855 2007 1909 ba-

439 1959 633 2023 buero,
664 1958 805 2013 nihil
833 1973 978 2014 sum.
1007 1955 1070 2010 Et
1093 1955 1140 2010 si
1163 1954 1506 2009 distribuero
1531 1951 1586 2005 in
1619 1949 1778 2005 cibos
1809 1960 2020 2018 paupe-

440 2063 562 2103 rum
605 2063 798 2104 omnes
834 2047 1130 2102 facultates
1162 2058 1339 2108 meas,
1399 2050 1456 2098 et
1487 2041 1536 2098 si
1573 2039 1861 2095 tradidero
1897 2051 2021 2091 cor-

442 2154 550 2210 pus
574 2155 758 2196 meum
797 2135 870 2195 ita
905 2148 966 2194 ut
1009 2139 1273 2204 ardeam;
1307 2134 1637 2192 charitatem
1671 2139 1857 2186 autem
1909 2144 2022 2185 non

342 2256 348 2262 -
441 2229 710 2294 habuero,
735 2229 876 2283 nihil
913 2227 1048 2282 mihi
1081 2225 1332 2297 prodest.
1372 2241 1391 2275 ι

512 2340 640 2397 Haec
670 2340 803 2396 dum
859 2340 1129 2409 loquitur,
1194 2337 1440 2393 insinuat
1494 2334 1710 2405 culpam
1757 2334 2008 2404 ipsorum

443 2431 617 2488 fuisse
649 2440 709 2487 ut
749 2431 967 2486 minora
1023 2430 1367 2500 acciperent,
1411 2434 1466 2484 et
1512 2441 1611 2497 per
1649 2425 1802 2495 ipsos
1850 2435 2021 2491 stare,

443 2522 644 2578 altiora
668 2523 956 2594 consequi,
989 2523 1036 2577 si
1055 2522 1250 2578 velint.
1285 2519 1455 2590 Atqui
1480 2517 1725 2574 Charitas
1757 2517 2022 2572 omnibus

442 2613 604 2670 donis
633 2613 999 2668 excellentior
1033 2619 1140 2667 est.
1190 2609 1247 2666 ld
1278 2609 1428 2682 quod
1459 2609 1687 2673 evincit,
1719 2621 2019 2678 compara-

442 2704 595 2758 tione
632 2702 779 2759 facta
816 2705 966 2758 illius
998 2703 1067 2757 ad
1097 2711 1294 2758 caetera
1325 2700 1493 2769 dona,
1525 2714 1647 2771 quae
1683 2698 1804 2755 sine
1836 2697 2026 2752 chari-

442 2803 555 2851 tate
599 2795 739 2850 nihil
795 2795 1025 2849 omnino
1065 2801 1214 2850 sunt.
1245 2792 1315 2846 At
1344 2792 1470 2847 vide
1499 2805 1610 2862 qua
1655 2790 1877 2845 ratione
1917 2788 2025 2843 hoc

443 2886 624 2958 ipsum
651 2886 873 2956 probat.
905 2885 1028 2941 Non
1065 2886 1214 2940 enim
1249 2885 1427 2939 dixit:
1461 2882 1520 2938 Si
1551 2881 1724 2938 sciam
1768 2882 2022 2952 linguas;

444 2976 574 3030 sed:
619 2973 677 3027 Si
708 2973 904 3042 linguis
947 2972 1277 3044 augewrum‘
1300 2973 1511 3041 loquar.
1547 2971 1661 3027 Nec
1693 2970 2022 3041 simpliciter

445 3063 558 3117 ait:
585 3061 642 3118 Si
669 3063 1102 3134 prophetavero;
1134 3063 1231 3119 sed
1275 3080 1289 3117 :
1322 3063 1384 3118 Si
1419 3063 1653 3117 noverim
1695 3064 1878 3116 omnia
1912 3078 2021 3134 my-

444 3153 631 3216 steria,
663 3162 712 3208 et
749 3170 954 3209 omnem
982 3155 1281 3220 scientiam,
1338 3168 1465 3208 cum
1502 3153 1811 3209 intensione
1840 3153 2010 3207 nimi-

446 3258 591 3309 rum,
627 3252 684 3300 ct
740 3243 1010 3315 augendo.
1059 3244 1249 3316 Neque
1291 3259 1512 3299 rursum
1556 3244 1728 3300 dicit:
1765 3244 1928 3315 109
1959 3243 2020 3299 Si

444 3334 650 3390 dedero
688 3333 989 3389 facultates
1017 3349 1168 3390 meas
1194 3351 1210 3400 ;
1242 3333 1374 3389 sed:
1411 3332 1472 3388 Si
1496 3332 1824 3388 distribuere
1858 3334 1912 3386 in
1940 3333 2021 3386 cia

445 3427 560 3494 bos,
599 3433 661 3481 ut
697 3426 948 3496 sumptui
980 3425 1359 3481 ministerium
1385 3424 1672 3495 adjungat.
1705 3426 1834 3479 Haec
1854 3423 2024 3495 igitur

443 3519 631 3572 omnia
661 3517 912 3588 augendo
935 3532 1258 3583 recensens,
1273 3517 1546 3574 charitate
1565 3517 1729 3588 longe
1750 3515 2026 3572 deteriora

446 3608 719 3664 exsistere
755 3609 1026 3664 ostendit.
1062 3609 1438 3675 Quamobrem
1481 3609 1529 3665 si
1574 3622 1898 3679 magnorum
1927 3608 2028 3664 d0-

444 3714 644 3756 norum
705 3700 895 3770 cupidi
945 3700 1117 3762 estis.
1198 3700 1419 3771 inquit,
1474 3699 1741 3754 charitati
1800 3712 2028 3769 operam

441 3789 595 3844 date.

515 3899 779 3970 Apprime
823 3907 976 3955 recte
1025 3899 1348 3956 charitatem
1386 3901 1546 3957 donis
1587 3917 1712 3958 esse
1761 3902 2026 3973 majorem

442 3987 623 4043 docet.
663 3987 738 4042 Ea
766 3989 970 4059 quippe
997 3991 1366 4046 scissurarnm
1396 4003 1574 4046 causa:
1612 3992 1870 4049 fuerant:
1915 3993 2030 4049 hate

443 4087 624 4135 autem
657 4080 987 4138 dissidentes
1017 4082 1320 4156 conjungit.

512 4190 733 4250 Videsis
765 4193 912 4249 unde
943 4194 1205 4262 incipiat;
1264 4195 1333 4251 ab
1383 4197 1476 4252 illo
1509 4196 1820 4267 linguarum
1857 4197 2026 4265 dono,

441 4283 586 4355 quod
624 4299 879 4358 magnum
907 4286 1042 4357 ipsis
1072 4287 1377 4344 videbatur.
1413 4288 1558 4355 Quin
1590 4306 1704 4345 non
1733 4291 1896 4347 modo
1924 4291 2030 4345 lino

443 4391 580 4448 guas
617 4375 903 4432 hominum
950 4379 1155 4448 posuit,
1203 4395 1392 4436 verum
1438 4387 1494 4436 et
1540 4381 1884 4452 angelorum.
1923 4380 2025 4435 Hic

441 4481 608 4537 porro
649 4465 891 4537 linguam
936 4469 1241 4524 nominavit
1284 4470 1599 4540 angelorum
1623 4509 1640 4536 ,
1701 4485 1810 4525 non
1841 4479 1900 4526 ut
1930 4485 2027 4526 an-

439 4558 580 4628 gelis
635 4557 855 4629 allingat
901 4574 1140 4631 corpus:
1179 4561 1273 4616 sed
1316 4560 1434 4630 ejus
1485 4561 1778 4617 verborum
1833 4578 2029 4620 sensus

443 4649 548 4706 iste
583 4657 708 4708 est:
742 4648 969 4707 Etiamsi
995 4652 1184 4707 eodem
1213 4653 1373 4708 modo
1397 4654 1676 4724 loquerer,
1707 4668 1816 4725 quo
1849 4653 2026 4726 angeli

442 4740 587 4795 inter
637 4755 697 4796 se
744 4741 1089 4796 confabulari
1146 4743 1345 4798 solent.
1387 4743 1547 4798 Velut
1604 4743 1732 4797 dum
1791 4745 1915 4800 ait:
1959 4745 2030 4800 Ei

442 4831 690 4899 ﬂectatur
721 4849 872 4887 omne
896 4850 1050 4903 genu,
1071 4835 1388 4898 caelestium,
1413 4843 1464 4888 et
1485 4835 1840 4904 terrestrium,
1867 4845 1916 4892 et
1946 4838 2028 4891 in-

325 4985 327 4987 .
443 4923 714 4992 femorum
734 4941 754 4988 ;
787 4940 892 4979 non
927 4925 1005 4980 sic
1037 4924 1188 4991 fatur
1213 4933 1274 4980 ut
1313 4941 1494 4997 genua
1544 4927 1749 4996 angelis
1788 4935 1842 4984 et
1898 4942 2027 4984 ossa

443 5013 728 5078 attribuat,
800 5014 896 5069 sed
951 5015 1208 5070 eximiam
1266 5015 1643 5072 adorationem
1713 5017 2026 5089 significare

443 5101 582 5168 vult,
613 5112 933 5158 consuetum
971 5105 1131 5160 nobis
1173 5103 1420 5160 habitum
1450 5105 1700 5176 corporis
1733 5108 2025 5162 enuntian-

441 5193 536 5249 do.
569 5191 664 5249 Sic
706 5201 762 5249 et
789 5193 894 5249 hoc
923 5194 1042 5250 loco
1083 5193 1343 5251 familiari
1387 5197 1544 5253 nobis
1593 5199 1806 5253 ratione
1834 5207 2024 5254 mutua

439 5283 762 5354 angelorum
799 5283 1072 5354 colloquia
1106 5285 1296 5341 volens
1319 5287 1648 5357 exprimere,
1685 5287 1882 5358 lingute
1917 5302 2020 5343 no-

437 5389 486 5427 m
502 5389 570 5429 en
597 5373 902 5445 usurpavit.
949 5386 962 5392 ί

514 5484 684 5542 Vens.
710 5487 765 5541 4.
807 5503 828 5537 ι
856 5482 1108 5542 Charitas
1135 5486 1351 5555 patiens
1382 5496 1491 5545 est.
1525 5508 1544 5542 ι

515 5575 778 5642 Observa,
833 5577 1109 5645 quomodo
1156 5579 1296 5634 hanc
1327 5581 1513 5635 statim
1548 5586 1737 5650 ponat,
1773 5578 2019 5636 omnium

445 5666 712 5723 bonorum
776 5666 1239 5725 honestissimum.
1302 5670 1513 5743 Ecquid
1570 5687 1700 5730 vero
1749 5671 1855 5728 hoc
1905 5671 2022 5729 est?

2127 1872 2260 1920 νειν,
2291 1855 2515 1926 ἀγάπην
2551 1855 2611 1909 δὲ
2655 1854 2730 1927 μὴ
2783 1855 2913 1925 ἔχω,
2941 1854 3098 1910 οὐδέν
3132 1855 3269 1923 εἰμι.
3300 1853 3421 1906 Κάν
3469 1852 3716 1924 ψωμίσω

2127 1945 2308 2000 πάντα
2337 1945 2404 2000 τά
2423 1946 2742 2019 ὑπάρχοντά
2771 1964 2895 2017 μου,
2925 1945 3028 2000 κᾶν
3055 1944 3283 2016 παραδῶ
3310 1944 3373 1998 τὸ
3399 1944 3560 2016 σῶμά
3577 1963 3716 2016 μου,

2129 2040 2217 2096 ἵνα
2257 2041 2643 2113 καυθήσωμαι,
2678 2042 2902 2112 ἀγάπην
2950 2040 3008 2095 δὲ
3048 2040 3124 2113 μή
3169 2040 3299 2112 έχω,
3355 2039 3508 2095 οὐδὲν
3557 2039 3718 2110 ώερεσσ

2126 2131 2350 2204 λοῦμαι.
2392 2152 2412 2186 ι
3310 2147 3324 2158 ’

2201 2331 2373 2386 Τοῦτο
2401 2333 2593 2400 εἰπὼν,
2627 2331 2849 2404 ᾐνίξατο
2877 2332 3086 2398 αἰτίους
3127 2333 3288 2394 ὄντας
3327 2331 3421 2387 τοῦ
3444 2332 3512 2387 τά
3542 2332 3714 2388 ἐλάσ-

2131 2442 2263 2480 σονα
2304 2425 2626 2496 λαμϐάνειν,
2683 2427 2778 2480 καὶ⁵
2827 2427 3068 2497 κυρίους,
3109 2427 3160 2480 εί
3194 2426 3488 2497 βούλοιντο,
3515 2427 3607 2480 τοῦ
3643 2427 3716 2481 τά

2132 2516 2378 2589 μείζονα.
2416 2520 2573 2571 Ἐστι
2601 2519 2660 2572 δὲ
2683 2518 2817 2572 πολὺ
2843 2519 3044 2590 μείζων
3076 2520 3111 2590 ή
3139 2521 3326 2591 ἀγάπη
3357 2519 3574 2574 πάντων
3597 2519 3715 2574 τῶν

2129 2610 2502 2681 χαρισμάτων.
2536 2611 2959 2675 Κατασκευάζει
2984 2611 3042 2664 δὲ
3074 2611 3235 2664 τοῦτο
3278 2611 3374 2666 καὶ
3420 2612 3520 2682 τὴν
3570 2611 3712 2680 σύγ-

2127 2718 2309 2772 κρίσιν
2335 2701 2569 2766 δεικνὺς,
2599 2701 2676 2764 ὡς
2715 2702 2891 2755 πάντα
2932 2703 3002 2755 τὰ
3029 2701 3163 2758 ἄλλα
3203 2703 3524 2774 χαρίσματα
3553 2702 3713 2757 οὐδέν

2127 2793 2243 2846 ἔστι
2266 2795 2364 2864 τῆς
2404 2792 2626 2862 ἀγάπης
2651 2792 2919 2861 ἀπούσης.
2957 2793 3102 2863 Ὅρα
3131 2793 3189 2847 δὲ
3221 2794 3340 2858 πῶς
3370 2793 3503 2848 αὐτὸ
3532 2809 3714 2847 κατα-

2129 2885 2402 2950 σκευάζει.
2437 2885 2512 2938 Οὐ
2563 2885 2672 2956 γὰρ
2708 2880 2883 2945 εἶπεν,
2955 2884 3082 2939 'an
3122 2884 3216 2939 ἴδω
3251 2885 3532 2954 γλώσσας,
3590 2885 3714 2941 ἀλλ’

2140 2975 2280 3030 Ἐὰν
2323 2975 2455 3042 ταῖς
2483 2976 2792 3046 γλώσσαις
2825 2976 2944 3030 τῶν
2963 2975 3234 3047 ἀγγέλων
3257 2975 3446 3032 λαλῶ.
3476 2977 3586 3030 Καὶ
3608 2976 3714 3030 οὐκ

2052 3095 2097 3156 c
2131 3065 2283 3122 εἶπεν
2312 3068 2521 3133 ἁπλῶς,
2540 3067 2666 3122 Ἐάν
2690 3069 3042 3140 προφητεύω,
3075 3069 3190 3124 ἀλλ’
3221 3069 3356 3124 Ἐὰν
3380 3070 3484 3123 ιδω
3502 3069 3576 3124 τὰ
3596 3087 3716 3139 pw-

2129 3157 2349 3227 στήρια
2384 3159 2583 3214 πάντα
2605 3159 2701 3214 καί
2727 3159 2935 3215 πᾶσαν
2964 3159 3080 3228 τὴν
3118 3161 3367 3231 γνῶσιν,
3405 3159 3546 3231 μετά
3588 3160 3716 3214 ἑπι-
3794 3189 3800 3194 -

2125 3254 2352 3317 τάσεως.
2411 3252 2523 3306 Καὶ
2568 3253 2670 3305 οὐκ
2724 3248 2868 3316 εἷπε,
2924 3253 3012 3307 At?)
3063 3253 3131 3307 τά
3187 3254 3522 3324 ὑπάρχοντα,
3571 3250 3716 3306 ἀλλὰ

2126 3341 2398 3411 ψωμίσω,
2434 3342 2521 3394 ἵνα
2555 3341 2692 3412 πρὸς
2727 3343 2792 3412 τῇ
2823 3341 3037 3413 δαπάνῃ
3083 3342 3179 3396 καὶ
3221 3339 3466 3396 διακονία
3504 3336 3710 3412 προσῇ.

2125 3437 2313 3493 Πάντα
2354 3434 2451 3492 οὖν
2492 3439 2608 3507 μετ’
2669 3438 2975 3502 ἐπιστάσεως
3021 3437 3230 3506 δείξας,
3281 3438 3522 3492 δείκνυσι
3571 3437 3711 3492 πολὺ

2127 3529 2328 3600 ἥττονα
2379 3529 2481 3600 τῆς
2531 3530 2774 3599 ἀγάπης.
2818 3530 2983 3584 Ὥστε
3032 3531 3078 3583 εί
3131 3530 3385 3601 μεγάλων
3431 3529 3714 3602 χαρισμά·

2127 3637 2235 3676 των
2264 3623 2448 3692 ἐρᾶτε,
2478 3622 2578 3692 τὴν
2600 3623 2822 3693 ἀγάπην
2851 3621 3224 3694 ἐπιτηδεύετε,
3249 3623 3407 3694 φησί.

2200 3877 2442 3976 Εἰκότως⁹
2484 3910 2686 3982 μείζων
2723 3909 2833 3964 τῶν
2859 3908 3219 3982 χαρισμάτων
3246 3911 3279 3981 ή
3308 3909 3498 3982 ἀγάπη
3521 3923 3537 3940 ο
3570 3909 3625 3963 εί
3647 3927 3712 3979 γε

2129 4004 2304 4060 ταῦτα
2339 4003 2438 4075 μὲν
2470 4003 2768 4074 διέσχισαν,
2801 4001 2941 4072 αὕτη
2981 4001 3040 4056 δὲ
3069 4002 3183 4057 ἑνοῖ
3209 4002 3337 4066 τοὺς
3363 4001 3711 4066 διαστάντας.

2201 4191 2344 4263 Ὀρα
2376 4191 2538 4246 πόθεν
2581 4192 2833 4263 ἄρχεται,
2862 4190 2970 4244 ἀπὸ
3005 4190 3102 4246 τοῦ
3142 4191 3380 4263 μεγάλου
3426 4191 3712 4260 δοκοῦντος

2129 4285 2263 4354 παρ’
2294 4285 2480 4348 αὐτοῖς
2531 4283 2626 4338 τοῦ
2671 4283 2781 4338 τῶν
2823 4283 3107 4352 γλωσσῶν,
3160 4285 3255 4338 καὶ
3299 4285 3362 4339 οὗ
3414 4285 3573 4356 μόνον
3602 4286 3713 4340 τῶν

2132 4374 2460 4448 ἀνθρώπων,
2481 4375 2619 4430 ἀλλά
2645 4374 2739 4427 καὶ
2764 4374 2873 4429 τῶν
2899 4375 3167 4444 ἀγγέλων.
3193 4375 3445 4430 Γλῶτταν
3467 4376 3524 4431 δὲ
3545 4379 3714 4447 ἀγγέ-

2129 4465 2238 4522 λων
2266 4467 2525 4533 ένταῦθα,
2553 4467 2674 4538 οὗχὶ
2716 4467 2875 4538 σῶμα
2921 4467 3166 4540 περιθεὶς
3193 4469 3468 4538 ἀγγέλοις.
3509 4471 3653 4525 Ἀλλ’
3683 4471 3713 4524 ὃ

2130 4559 2280 4629 λέγει
2314 4559 2556 4613 τοιοῦτόν
2595 4561 2733 4612 ἐστι*
2780 4559 2899 4614 Κάν
2937 4559 3080 4614 οὕτω
3125 4559 3472 4632 φθέγγωμαι,
3509 4561 3586 4628 ὡς
3621 4563 3712 4618 νό-

2134 4667 2235 4720 μος
2270 4650 2526 4720 ἀγγέλοις
2572 4649 2709 4722 πρὸς
2752 4650 3016 4723 ἀλλήλους
3053 4651 3414 4722 διαλέγεσθαι.
3456 4653 3543 4716 Ὦς
3583 4655 3711 4708 ὅταν

2129 4742 2286 4816 λέγῃ,
2308 4745 2390 4797 ὅτι
2418 4741 2590 4809 Αὐτῷ
2624 4741 2843 4814 κάμψει
2885 4743 3008 4800 πᾶν
3039 4747 3187 4814 γόνυ
3216 4745 3591 4815 ἐπουρανίων
3610 4747 3712 4804 καί

2127 4834 2404 4903 ἐπιγείων
2447 4835 2549 4888 καὶ
2617 4835 3045 4904 καταχθονίων,
3099 4837 3160 4889 οὐ
3200 4836 3404 4905 γόνατα
3441 4837 3534 4892 καὶ
3575 4837 3712 4892 ὀστᾶ

2129 4924 2432 4995 περιτιθεὶς
2454 4925 2566 4988 τοῖς
2596 4925 2851 4994 ἀγγέλοις
2875 4925 3050 4980 ταῦτα
3076 4926 3249 4994 λέγει,
3303 4926 3439 4981 ἀλλὰ
3461 4927 3560 4997 τὴν
3583 4929 3709 4980 ἐπι-

2127 5016 2434 5086 τεταμένην
2456 5003 2830 5090 προσκύνησιν
2855 5017 2942 5072 διὰ
2975 5017 3068 5072 τοῦ
3104 5019 3235 5090 παρ’
3268 5019 3399 5090 ήμῖν
3428 5019 3710 5089 σχήματος

2127 5103 2434 5170 αἰνίξασθαι
2495 5105 2765 5176 βούλεται.
2817 5105 2972 5160 Οὕτω
3012 5106 3106 5160 καὶ
3141 5106 3374 5160 ἐνταῦθα
3415 5107 3713 5177 γλῶσσαν

2125 5197 2372 5264 ἐκάλεσε,
2394 5197 2496 5271 τὴν
2519 5198 2659 5268 πρὸς
2687 5198 2955 5272 ἀλλήλους
2981 5197 3160 5252 αὐτῶν
3206 5197 3424 5269 ὁμιλίαν
3457 5198 3537 5270 τῷ
3564 5215 3710 5268 γνω-

2129 5289 2273 5360 ρίμῳ
2311 5289 2441 5360 παρ’
2467 5290 2599 5360 ἡμῖν
2630 5289 2814 5362 τρόπῳ
2848 5289 3186 5359 ἐνδείξασθαι
3221 5289 3563 5363 βουλόμενος.

2199 5505 2220 5539 ι
2265 5486 2331 5542 Ἦ
2359 5487 2552 5557 ἀγάπη
2585 5487 2949 5560 μακροθυμεῖ.
2986 5505 3006 5540 ι

2193 5579 2416 5644 Σκόπει,
2470 5579 2588 5643 πῶς
2651 5574 2867 5650 πρῶτον
2916 5580 3089 5650 αὐτὴν
3145 5579 3326 5651 τίθησι
3376 5580 3436 5634 τὸ
3489 5581 3707 5637 πάντων

2121 5669 2470 5746 άστειότατον
2497 5670 2607 5726 τῶν
2641 5671 2882 5740 ἀγαθῶν.
2923 5670 2987 5728 Τί
3019 5671 3077 5726 δὲ
3108 5671 3266 5727 τοῦτό
3303 5673 3450 5740 ὲστι;
3497 5690 3706 5745 μακρο-
