3970 6376
475 196 500 231 ⁸
540 253 680 318 m9.
1731 237 1793 296 ς.
1831 232 2043 296 JOANl

2207 226 2648 288 DAMASCENI.
3685 233 3775 296 680

547 366 643 420 Dei
673 362 830 429 Filio,
863 374 991 415 vero
1014 358 1104 412 illo
1134 371 1297 427 agno,
1321 369 1498 424 eoque
1532 350 1837 414 immolato,
1872 347 2040 401 futilis
2065 352 2115 400 et

2220 341 2318 395 τοῦ
2357 341 2515 408 Θεοῦ,
2551 341 2647 396 τοῦ
2685 341 2860 412 ἀμνοῦ
2905 341 3002 396 τοῦ
3033 342 3314 415 ἀληθινοῦ,
3351 345 3448 402 καὶ
3478 347 3776 418 σφαγέντος,

2226 433 2407 488 ἀργεῖ.

515 454 1049 597 ’νθῗἎΕῗζρυοιιὶιιιισ
1071 537 1218 608 quod
1245 549 1310 590 ex
1347 543 1501 606 parte
1527 541 1629 588 est.
1662 531 1853 604 [νεεδ.
1884 531 1972 596 Il,
2007 529 2077 585 12

2226 449 2262 486 α
2339 449 2407 488 ει.

2268 449 2335 576 PI
2360 523 2437 577 Τὸ
2467 525 2533 578 ικ
2569 523 2768 594 μέρους
2804 525 3310 597 καταργηθήσεται.
3349 529 3479 583 Ὅτε
3519 531 3665 602 ἥμην
3694 531 3781 602 νή-

546 634 679 689 Cum
765 647 941 687 essem
1018 628 1317 700 parvulus,
1395 624 1657 694 loquebar
1710 631 1770 677 ut
1833 620 2114 691 parvulus,

2227 633 2373 682 πιος,
2409 617 2635 672 ἐλάλουν
2669 618 2745 681 ὡς
2774 617 2990 689 νήπιος,
3021 619 3286 690 ἐφρόνουν
3325 620 3403 685 ὡς
3439 621 3651 693 νήπιος,
3681 620 3785 676 ἑλο-

548 723 827 793 sapiebam
896 729 956 775 ut
1010 718 1290 789 parvulus,
1355 714 1658 785 cogitabam
1723 723 1784 766 ut
1843 711 2116 781 parvulus.

2226 709 2462 781 γιζόμην
2488 709 2566 773 ώς
2619 711 2833 782 νήπιος.
2876 711 3006 766 Ὅτε
3040 711 3097 765 δὲ
3140 713 3343 783 γέγονα
3383 715 3545 787 ἀνὴρ,
3601 715 3787 786 κατηρ-

453 836 463 846 ·
547 814 777 880 Quando
824 821 1002 866 autem
1052 811 1229 864 factus
1274 824 1394 863 sum
1430 805 1534 871 vir,
1573 804 1834 859 evacuavi
1885 819 1952 857 ea
2004 819 2021 858 (

2227 820 2376 872 γηκα
2402 801 2473 856 τά
2501 801 2594 856 τοῦ
2618 803 2837 873 νηπίου.
2873 803 3164 876 Βλέπομεν
3211 807 3340 878 γάρ.
3368 807 3494 879 ἀρτι
3540 807 3608 862 δι’
3643 807 3787 864 ἰσόπ-

546 917 701 960 erant
752 901 988 974 parvuli.
1019 899 1283 956 Videmus
1333 912 1482 952 nunc
1511 911 1609 966 per
1655 895 1940 966 speculum
1971 905 2028 950 ut
2071 895 2114 950 in

1414 912 1482 952 nc
1511 911 1609 966 per
1655 895 1940 966 speculum
1971 905 2028 950 ut
2071 895 2126 950 iu
2228 911 2380 965 τρου,
2406 894 2482 960 ὡς
2514 895 2573 989 ἐν
2602 895 2910 965 αἰνίγματι.
2955 915 2977 951 ι

545 997 853 1065 aenigmate.
899 1013 917 1046 ι

619 1086 770 1141 Idem
803 1100 867 1140 ac
895 1085 941 1139 si
973 1085 1198 1149 diceret,
1231 1096 1354 1137 esse
1381 1080 1614 1144 desinet,
1649 1087 1704 1134 et
1734 1079 1985 1135 sistetur.

1843 1085 1985 1133 etur.
2313 1073 2463 1128 Ἀντὶ
2493 1074 2609 1141 τοῦ,
2634 1074 2810 1148 πέρας
2837 1076 2984 1148 ἥξει,
3005 1077 3099 1133 καὶ
3129 1079 3411 1151 στήσεται.

621 1195 640 1228 ι
676 1175 830 1230 Tunc
860 1182 1042 1230 autem
1075 1173 1215 1228 facie
1244 1172 1312 1226 ad
1343 1170 1561 1226 faciem.
1588 1169 1744 1225 Nunc
1769 1181 2042 1240 cognosco
2061 1181 2129 1223 ex

2305 1182 2325 1216 ι
2361 1163 2494 1218 Τότε
2525 1165 2583 1220 δὲ
2623 1168 2918 1239 πρόσωπον
2976 1171 3116 1242 πρὸς
3163 1174 3477 1244 πρόσωπον.
3515 1175 3671 1247 Ἀρτι
3712 1191 3793 1245 γι-

545 1278 724 1337 parte,
751 1275 881 1322 tunc
911 1275 1090 1321 autem
1113 1279 1438 1336 cognoscam
1465 1263 1604 1319 sicut
1625 1269 1680 1318 et
1708 1262 1963 1332 cognitus
1983 1275 2113 1318 sum.

2231 1254 2426 1318 νώσκω
2460 1257 2524 1311 ὲκ
2575 1258 2806 1329 μέρους·
2871 1261 2993 1315 τότε
3040 1262 3098 1316 δὲ
3147 1264 3580 1336 ἑπιγινώσκομαι
3627 1265 3795 1332 καθὼς

548 1359 742 1433 [νεεδ.
775 1358 888 1431 13.]
922 1358 1078 1414 Nunc
1102 1366 1284 1413 autem
1320 1362 1565 1411 manent.
1614 1374 1633 1406 ι

2231 1349 2326 1402 καὶ
2349 1349 2720 1422 ἐπεγνώσθην.
2750 1351 2866 1407 Νῦν
2893 1353 2949 1408 δὲ
2983 1354 3156 1425 μένει.
3199 1375 3219 1408 ι

616 1449 674 1504 Id
707 1457 814 1514 est,
847 1449 1054 1504 clarius
1080 1456 1135 1502 et
1162 1445 1535 1502 manifestius.

2315 1439 2464 1492 Ἀντὶ
2491 1440 2586 1496 τοῦ
2615 1441 2950 1514 σαφέστερον
2974 1445 3071 1499 καὶ
3097 1447 3445 1519 τρανότερον.

625 1561 643 1594 ι
681 1540 864 1605 Fides,
901 1555 1047 1612 spes,
1083 1539 1354 1605 charitas,
1385 1537 1491 1592 tria
1526 1537 1675 1602 haec;
1724 1534 1902 1605 major
1946 1544 2128 1591 autem

2309 1545 2328 1578 ι
2357 1529 2572 1594 Πίστις,
2593 1530 2775 1598 ἐλπὶς,
2804 1532 3020 1605 ἀγάπη,
3049 1535 3119 1590 τὰ
3142 1537 3270 1608 τρία
3291 1538 3495 1593 ταῦτα·
3524 1539 3721 1610 μείζων
3747 1543 3800 1596 δὲ

545 1630 739 1684 horum
771 1629 1132 1684 estcharitas.
1156 1646 1176 1680 ι

2161 1681 2203 1696 _
2231 1619 2438 1676 τούτων
2465 1623 2498 1693 ή
2529 1624 2738 1696 ἀγάπη.
2782 1644 2802 1678 ι

596 1681 1169 1789 :Fideanuide—miet
1217 1731 1383 1787 spes,
1427 1723 1718 1789 postquam
1761 1730 1884 1786 qua:
1929 1715 2126 1771 crede-
2161 1681 2164 1737 ἶ

2315 1711 2381 1765 Ἦ
2419 1681 2518 1783 μὲν
2543 1681 2729 1780 πίστις
2767 1718 2863 1772 καὶ
2907 1719 3084 1786 ἐλπὶς,
3111 1721 3224 1776 τῶν
3280 1722 3674 1779 πιστευθέντων
3716 1726 3802 1780 καὶ

543 1813 746 1868 bantur
774 1823 829 1869 et
860 1814 1225 1883 sperabantur
1254 1813 1400 1867 bona
1444 1811 1792 1878 advenerim,
1841 1809 2111 1865 desinunt.

2233 1803 2337 1856 τῶν
2369 1804 2738 1862 ἐλπισθέντων
2781 1809 3004 1879 ἀγαθῶν
3041 1813 3524 1884 παραγινομένων,
3557 1814 3801 1873 παύεται.

543 1904 799 1959 Charitas
830 1917 962 1959 vero
998 1911 1128 1958 tunc
1161 1902 1399 1958 maxime
1442 1901 1786 1972 provehitur,
1833 1897 2004 1968 ﬁtque
2035 1911 2111 1954 ve-

2242 1894 2310 1948 'H
2337 1896 2396 1949 δὲ
2417 1897 2606 1972 ἀγάπη
2628 1900 2752 1956 τότε
2793 1902 2939 1974 μέγα
2969 1905 3281 1976 ἐπαίρεται,
3318 1909 3416 1963 καὶ
3450 1908 3663 1978 γίνεται
3684 1925 3807 1979 σφο-

544 1992 873 2049 hemeutior.

2227 1985 2478 2060 δροτέρα.

1175 2124 1330 2182 CAP.
1372 2125 1515 2182 XIV.

2825 2122 3078 2180 ΚΕΦΑΛ.
3112 2123 3211 2179 IA'.

616 2239 790 2300 Vsus.
824 2241 877 2299 l.
909 2257 932 2293 ι,
964 2237 1264 2298 Sectamini
1296 2237 1642 2296 charitatem.
1685 2255 1703 2288 ι

1501 2246 1642 2293 ιιι-ιη.
1685 2255 1703 2288 ι
2311 2249 2328 2282 t
2371 2231 2608 2286 Διώκετε
2641 2233 2740 2305 τὴν
2769 2235 3010 2306 ἀγάπην.
3051 2256 3069 2288 ι

617 2335 789 2391 Nobis
819 2335 1090 2405 siquidem
1118 2331 1411 2388 admodum
1455 2345 1591 2401 opus
1622 2339 1706 2385 est
1739 2333 1800 2384 ut
1837 2339 2003 2383 cursu
2053 2323 2122 2379 ad

2301 2325 2414 2381 Kal
2445 2325 2552 2397 γὰρ
2581 2326 2783 2396 δρόμου
2816 2328 3022 2398 σφόδρα
3049 2329 3181 2400 ἡμῖν
3206 2329 3287 2393 είς
3314 2327 3484 2402 αὐτὴν
3517 2328 3699 2403 χρεία.

549 2443 673 2483 eam
704 2427 1121 2482 contendamus.

627 2551 646 2583 ι
684 2530 1037 2585 Ειηυιοωίηἰ
1084 2528 1388 2600 spiritualia
1419 2544 1434 2582 :
1482 2526 1658 2598 magis
1690 2534 1871 2581 autem
1897 2531 1958 2580 ut
2002 2536 2130 2594 pro-

2311 2543 2330 2576 ι
2373 2522 2610 2595 Ζηλοῦτε
2637 2521 2695 2577 δὲ
2717 2521 2786 2578 τά
2821 2521 3190 2595 πνευματικὰ,
3240 2523 3444 2595 μᾶλλον
3479 2522 3537 2577 δὲ
3566 2523 3656 2578 ἵνα
3683 2539 3824 2598 προ-

551 2622 811 2692 phetet—is.
860 2641 878 2674 ι

2237 2613 2531 2686 φητεύητε.
2575 2633 2592 2667 ι

620 2726 701 2784 Ne
726 2729 848 2798 quis
874 2728 1223 2784 existimaret
1249 2741 1374 2783 eum
1419 2726 1488 2782 de
1519 2724 1788 2780 charitate
1819 2735 2130 2778 sermonem

2306 2721 2424 2774 Ἵνα
2453 2721 2527 2792 μή
2559 2738 2644 2786 τις
2675 2721 2894 2794 νομίζῃ,
2934 2721 3017 2774 ὅτι
3048 2719 3136 2775 διά
3160 2719 3320 2774 τοῦτο
3356 2720 3448 2774 τὸν
3480 2720 3580 2792 τῆς
3601 2719 3830 2791 ἀγάπης

553 2819 810 2884 movisse,
847 2829 907 2873 ut
936 2821 1078 2874 dona
1103 2819 1505 2889 exstingueret,
1537 2817 1664 2870 ideo
1685 2814 1906 2885 adjecit,
1936 2813 2121 2867 [Emu-

2269 2815 2529 2887 ἰσήγαγεν
2567 2815 2746 2884 λόγον,
2792 2815 2880 2869 ἵνα
2924 2815 3094 2886 σϐέσῃ
3135 2815 3203 2868 τὰ
3252 2814 3594 2884 χαρίσματα,
3627 2812 3829 2867 τούτου

555 2910 742 2964 lamini
771 2909 1107 2977 spiritantia.
1136 2907 1434 2978 Comparat
1467 2913 1649 2961 autem
1700 2904 1846 2960 inter
1871 2917 1932 2958 se
1965 2903 2123 2965 dona1

2260 2907 2400 2976 [ἀριν
2455 2907 2728 2978 ἐπήγαγε,
2761 2906 2967 2975 λέγων·
3004 2905 3271 2973 Ζηλοῦτε
3311 2906 3386 2958 τὰ
3418 2904 3828 2974 πνευματικά·

550 3009 607 3054 et
637 3000 952 3071 linguarum
983 2997 1188 3052 donum
1211 2997 1293 3052 sic
1324 3004 1602 3061 extenuat,
1634 3000 1694 3049 ut
1721 3008 1904 3064 neque
1935 2991 2118 3048 inutilt

2265 2998 2530 3070 τύγκρισιν
2561 2998 2618 3052 δὲ
2645 3001 2881 3052 ποιεῖται
2906 2997 3012 3051 τῶν
3039 2996 3416 3068 χαρισμάτων,
3448 2994 3542 3048 καὶ
3567 2994 3833 3062 καθαιρεῖ

551 3105 678 3150 esse
697 3105 947 3163 prorsus,
970 3103 1150 3160 neque
1174 3103 1274 3161 per
1290 3101 1415 3144 sese
1431 3087 1589 3145 valde
1605 3086 1741 3142 utile
1761 3085 2029 3142 ostendat.

2264 3091 2298 3144 τὸ
2321 3091 2430 3145 τῶν
2452 3090 2735 3160 γλωσσῶν,
2763 3089 2887 3143 οὒτε
2935 3089 3112 3160 πάντη
3146 3089 3438 3160 ἄχρηστον,
3465 3085 3589 3164 οὔτε
3619 3085 3832 3156 σφόδρα

2237 3181 2515 3252 ὠφέλιμον
2546 3181 2665 3236 καθ’
2705 3182 2868 3234 ἑαυτὸ
2895 3180 3128 3244 δεικνύς.

622 3287 791 3343 Vens.
821 3286 944 3341 2-4.
983 3303 1002 3338 ι
1040 3284 1142 3352 Qui
1175 3284 1323 3341 enim
1353 3283 1600 3356 loquitur
1627 3284 1836 3356 lingua,
1886 3299 1992 3339 non
2035 3285 2138 3340 ho-

2316 3316 2336 3350 ι
2385 3297 2443 3350 '0
2489 3298 2597 3368 γάρ
2633 3295 2814 3351 λαλῶν
2864 3295 3112 3369 γλώσσῃ,
3161 3296 3264 3353 οὐκ
3295 3292 3606 3365 ἀνθρώποις
3646 3291 3829 3354 λαλεῖ,

552 3379 795 3434 minibus
821 3376 1084 3448 loquitur,
1117 3375 1210 3432 sed
1243 3376 1355 3432 Deo
1386 3377 1572 3443 (nemo
1605 3377 1756 3432 enim
1783 3375 1982 3447 audit).
2011 3375 2120 3446 Spi-

2265 3389 2374 3444 ιλλά
2413 3389 2498 3460 τῷ·
2518 3389 2638 3460 Θεῷ
2659 3406 2672 3419 °
2705 3389 2882 3453 οὐδεὶς
2905 3389 3014 3460 γάρ
3037 3387 3260 3442 ἀκούει·
3289 3387 3567 3456 πνεύματι
3587 3387 3648 3440 δὲ
3671 3385 3833 3439 λαλεῖ

553 3472 692 3526 ritus
725 3478 907 3524 autem
947 3468 1190 3538 loquitur
1219 3467 1501 3538 mysteria.
1532 3466 1637 3533 Qui
1669 3481 1800 3523 vero
1823 3468 2121 3538 prophetat,

2262 3481 2536 3552 ιυστήρια.
2574 3482 2632 3534 '0
2653 3481 2710 3535 δὲ
2739 3481 3122 3552 προφητεύων,
3155 3477 3465 3549 ἀνθρώποις
3492 3477 3647 3530 λαλεῖ
3675 3477 3830 3530 οἰκο-

554 3561 868 3616 hominibus
896 3559 1158 3630 loquitur,
1180 3557 1300 3630 [ad]
1326 3560 1773 3626 aedificationem,
1804 3569 1861 3613 et
1884 3559 2122 3614 exhorta-

2266 3568 2410 3639 ῑομὴν
2437 3569 2533 3623 καὶ
2567 3569 2916 3640 παράκλησιν
2972 3570 3067 3623 καὶ
3106 3568 3478 3640 παραμυθίαν.
3535 3568 3593 3642 '_O
3647 3566 3834 3621 λαλῶν

554 3655 783 3720 tionem,
819 3652 972 3720 111
1023 3658 1078 3706 et
1105 3650 1561 3707 consolationem.
1608 3649 1712 3716 Qui
1756 3649 1996 3720 loquitur
2033 3650 2122 3703 liu-

2265 3659 2486 3733 νλώσσῃ,
2526 3661 2718 3715 ἑαυτὸν
2757 3663 3059 3732 οἰκοδομεῖ·
3103 3664 3140 3729 ὁ,
3166 3662 3225 3716 δὲ
3263 3659 3650 3733 προφητεύων,
3701 3660 3833 3714 Ἐκ-

556 3762 688 3816 gua,
715 3747 957 3817 scipsum
990 3745 1222 3799 mdiﬁcat
1254 3761 1268 3811 ;
1302 3745 1396 3816 qui
1447 3751 1631 3800 autem
1672 3743 1985 3816 prophetat,
2028 3744 2124 3800 Ec-

1302 3745 1396 3816 qui
1447 3751 1631 3800 autem
1672 3743 1985 3816 prophetat,
2028 3744 2139 3800 Ec-
2240 3753 2470 3824 κλησίαν
2491 3741 2783 3825 οἰκοδομεῖ.
2827 3773 2847 3806 υ

558 3839 782 3894 clesiam
813 3837 908 3891 Dei
938 3836 1197 3891 aedificat.
1241 3855 1262 3889 ι

626 3928 876 3986 Ostendit
917 3928 1174 3983 eximium
1223 3928 1444 3998 quidem
1483 3942 1607 3985 esse
1659 3925 1829 3983 Deum
1879 3926 2134 3998 alloqui;

2311 3922 2385 3977 Τὸ
2425 3923 2525 3994 μὲν
2546 3924 2726 3978 λαλεῖν
2749 3925 2828 3996 τῷ
2868 3925 2986 3997 Θεῷ
3005 3966 3018 3991 ,
3051 3925 3197 3997 μέγα
3235 3927 3532 3993 δείκνυσιν,
3563 3926 3626 3980 τδ
3657 3926 3723 3981 δὲ
3757 3925 3842 3998 μὴ

556 4022 810 4091 exiguum
864 4034 1014 4086 vero,
1039 4017 1340 4075 Ecclesium
1397 4035 1507 4074 non
1539 4019 1832 4075 aediﬁcare.
1865 4016 2003 4072 Nam
2034 4018 2124 4074 hoc

2277 4017 2640 4087 ῐκοδομεϊσθαι
2695 4016 2795 4084 τὴν
2833 4018 3184 4090 Ἐκκλησίαν,
3220 4019 3438 4090 μικρόν.
3481 4016 3657 4100 Τοῦτο
3720 4019 3845 4092 γάρ

555 4114 760 4183 ubique
791 4115 1006 4184 quaerit,
1038 4123 1098 4168 ut
1128 4114 1282 4169 multi
1313 4113 1678 4170 aedificentur.

2241 4106 2522 4176 πανταχοῦ
2557 4106 2732 4177 ζητεῖ,
2764 4108 2867 4179 τὴν
2889 4109 3179 4180 οἰκοδομὴν
3199 4110 3307 4164 τῶν
3341 4109 3572 4164 πολλῶν.

626 4204 794 4260 Vsus.
833 4205 886 4261 5.
926 4224 946 4257 ι
983 4195 1120 4260 Volo
1145 4213 1328 4261 autem
1375 4220 1570 4260 omnes
1604 4220 1704 4261 vos
1735 4204 1888 4276 loqui
1917 4204 2137 4276 linguis,

2317 4217 2336 4251 t
2370 4198 2520 4253 Θέλω
2547 4199 2606 4253 δὲ
2638 4199 2848 4265 πάντας
2887 4203 3034 4273 ὑμᾶς
3057 4203 3238 4257 λαλεῖν
3267 4202 3540 4272 γλώσσαις
3567 4204 3848 4274 ,μᾶλλον

555 4299 729 4368 magis
775 4304 956 4351 autem
1008 4303 1069 4351 ut
1106 4297 1462 4367 prophetetis.
1509 4295 1644 4349 Nam
1697 4297 1874 4367 major
1911 4303 1994 4352 est
2044 4311 2117 4367 qu

2280 4291 2299 4344 ὲ
2328 4291 2414 4344 ἵνα
2461 4294 2869 4364 προφητεύητε.
2894 4294 3112 4358 Μείζων
3147 4295 3256 4366 γὰρ
3288 4295 3316 4348 ὁ
3362 4282 3765 4367 προφητεύων,
3809 4296 3848 4368 ἦ

556 4387 865 4457 prophetat,
899 4401 1061 4456 quam
1101 4387 1196 4457 qui
1225 4387 1468 4457 loquitur
1499 4387 1722 4456 linguis.
1742 4406 1780 4440 ,ι

1277 4387 1468 4457 quitur
1499 4387 1722 4456 linguis.
1742 4406 1780 4440 ,ι
2169 4376 2216 4401 ν
2242 4381 2270 4432 ὁ
2289 4376 2468 4438 λαλῶν
2492 4380 2788 4450 γλώσσαις.
2826 4401 2845 4435 ι

625 4487 704 4543 Ne
747 4488 1087 4543 arbitrentur
1114 4489 1293 4559 ipsum
1349 4504 1418 4544 ex
1473 4488 1681 4544 invidia
1725 4488 1945 4557 linguas
1983 4489 2175 4560 parvi.

2316 4484 2434 4539 Ἵνα
2465 4485 2540 4556 μὴ
2582 4487 2879 4558 νομίσωσιν
2912 4489 2994 4542 ὅτι
3027 4488 3336 4560 βασκαίνων
3360 4488 3542 4552 αὐτοῖς
3570 4487 3858 4559 καθαιρεῖ

557 4565 760 4642 facere,
793 4585 854 4631 ut
879 4577 1250 4646 suspicionem
1280 4576 1424 4632 hanc
1468 4577 1731 4647 corrigat,
1757 4577 2125 4648 hujuscemodi

2286 4577 2341 4641 Ξις
2392 4575 2685 4646 γλώσσας,
2712 4578 3096 4651 διορθούμενος
3148 4581 3328 4636 αὐτῶν
3383 4580 3482 4652 την
3537 4580 3854 4646 ὑπόνοιαν,

555 4681 905 4738 sermonibus
940 4683 1137 4738 utitur.

1060 4698 1137 4738 ur.
2243 4678 2406 4734 τοῦτό
2443 4696 2628 4750 φησιν.

632 4789 654 4824 ι
691 4771 809 4827 Nisi
837 4770 993 4856 forte
1016 4773 1435 4844 interpretetur,
1459 4781 1518 4828 ut
1551 4769 1796 4829 Ecclesia
1819 4773 2140 4832 aedificatio-

2319 4791 2340 4824 ι
2393 4771 2582 4836 Ἐκτδς
2612 4773 2662 4826 εί
2708 4774 2785 4846 μὴ
2816 4773 3172 4856 διερμηνεύῃ,
3200 4775 3289 4831 ἵνα
3339 4776 3373 4848 ἠ
3421 4775 3741 4848 Ἐκκλησία
3775 4778 3862 4831 0!-

559 4877 683 4918 nem
711 4853 966 4933 accipiat.
1015 4882 1033 4914 ›

2143 4933 2146 4936 γ
2245 4860 2482 4933 κοδομὴν
2507 4861 2669 4936 λάϐῃ.
2713 4881 2733 4916 ι
2921 4853 2923 4856 ⁴

630 4965 810 5022 Minus
829 4976 932 5037 est,
967 4967 1168 5038 inquit,
1197 4967 1401 5038 linguis
1428 4967 1602 5038 loqui,
1631 4984 1796 5040 quam
1828 4971 2137 5028 vaticinari.

2317 4971 2606 5038 Ἕλαττον,
2638 4974 2794 5042 φησὶ,
2821 4974 2918 5030 τοῦ
2945 4978 3309 5049 προφητεύειν
3339 4979 3398 5034 τὸ
3423 4979 3716 5049 γλώσσαις
3755 4981 3865 5033 λα-

559 5055 679 5113 Nisi
720 5057 859 5114 forte
891 5059 1091 5130 aliquis
1117 5059 1282 5114 etiam
1309 5059 1582 5130 interpres
1611 5058 1774 5128 adsit,
1802 5063 1898 5134 qui
1923 5062 2127 5134 linguas

2293 5061 2386 5118 ςῖν”
2423 5066 2474 5119 εξ
2525 5068 2600 5139 μή
2636 5085 2719 5133 τις
2751 5069 2861 5140 ἄρα
2902 5071 2998 5125 καὶ
3047 5072 3378 5146 διερμηνεύῃ
3422 5075 3491 5128 τά
3528 5073 3820 5144 γλώσσας
3845 5113 3861 5139 ,

563 5151 702 5205 sciat
729 5150 1098 5224 interpretari,
1121 5151 1213 5207 ille
1231 5151 1459 5223 aequalis
1485 5153 1767 5225 prophetat
1788 5171 2041 5228 uequaqu
2051 5170 2131 5210 am

1901 5170 2139 5228 uaquam
2243 5157 2344 5211 οὐκ
2371 5157 2438 5214 ἂν
2470 5158 2699 5231 γένηται
2728 5161 2826 5216 τοῦ
2853 5164 3293 5235 προφητεύοντος
3329 5167 3469 5232 ἴσος.

561 5241 752 5300 fuerit.

631 5345 800 5404 Vsus.
833 5345 887 5402 6.
920 5365 939 5400 ι
969 5345 1125 5406 Nunc
1152 5356 1354 5413 autem,
1383 5345 1606 5414 fratres,
1638 5349 1686 5405 si
1707 5366 1911 5408 venero
1945 5352 2012 5408 ad
2044 5368 2142 5410 vos

2321 5377 2339 5410 t
2379 5357 2494 5412 Νῦν
2527 5359 2607 5421 δὲ,
2641 5359 2884 5430 ἀδελφοὶ,
2916 5360 3011 5416 ὲάν
3041 5361 3180 5416 ἔλθω
3216 5365 3352 5436 πρὸς
3380 5364 3524 5435 ὑμᾶς
3547 5364 3786 5436 λαλῶν,
3812 5362 3870 5419 τί

562 5437 766 5511 linguis
797 5439 1027 5510 loquens
1060 5458 1074 5494 :
1105 5441 1238 5510 quid
1269 5441 1424 5498 vobis
1451 5441 1686 5512 prodero
1719 5442 1742 5495 ?
1801 5463 1820 5495 ι

1211 5441 1238 5496 ti
1269 5441 1424 5498 vobis
1451 5441 1686 5512 prodero
1719 5442 1742 5495 ?
1801 5463 1820 5495 ι
2245 5447 2394 5518 ὑμᾶς
2424 5447 2728 5520 ὠφελήσως
2761 5469 2779 5501 ι

636 5528 741 5584 Sed
774 5528 906 5600 quid
950 5528 1088 5585 alios
1132 5528 1298 5584 dico?
1329 5529 1532 5600 inquit.
1565 5530 1622 5584 Si
1661 5546 1761 5600 ego
1790 5532 1909 5602 ipse
1939 5547 2144 5589 venero

2315 5541 2380 5593 Τί
2424 5542 2569 5609 λέγω
2615 5543 2742 5616 τοὺς
2787 5543 2979 5606 ἄλλους
3007 5586 3022 5611 ,
3058 5545 3225 5616 φησίς
3255 5548 3374 5604 Κᾶν
3426 5550 3536 5621 γὰρ
3578 5550 3709 5620 ἐγὼ
3762 5549 3874 5604 αύ-

563 5618 635 5676 ad
655 5633 752 5680 vos
783 5619 988 5693 linguis
1023 5620 1272 5712 loquens
1297 5661 1315 5691 ,
1341 5621 1480 5680 nihil
1526 5621 1754 5696 niajoris
1784 5625 2131 5684 emolumenti

2307 5649 2336 5700 ς
2387 5631 2668 5703 γλώσσαις
2703 5634 2845 5692 ἔλθω
2874 5635 3088 5714 λαλῶν,
3119 5638 3270 5698 οὐδὲν
3330 5618 3485 5698 ἔσται
3505 5618 3696 5701 πλέον
3739 5642 3874 5702 τοῖς
