3970 6398
296 421 377 489 681
1433 427 1513 496 ΙΝ
1538 437 1774 497 EPIST.
1817 441 1845 496 Α

1975 439 2310 503 ῙΟΗΙΝΤΗ.
2338 441 2384 504 Ι.

3439 449 3541 516 689

289 531 551 589 ἀκούουσι.
591 531 775 588 Ταῦτα
819 531 876 588 δέ
926 533 1075 602 λέγει
1107 535 1342 600 δεικνὺς,
1389 539 1470 592 ὅτι
1513 544 1574 595 τὸ
1619 544 1843 596 ἐκείνων

1975 547 2578 617 mrcipientauzlitores.
2617 549 2694 608 lla
2740 569 2907 624 porro
2967 556 3233 631 loquitur,
3272 573 3328 616 ut
3358 578 3542 623 osten-

290 624 542 694 συμφέρον
573 626 747 694 ζητεῖ,
787 625 849 678 ού
883 625 1019 698 πρὸς
1063 628 1189 693 τοὺς
1220 630 1466 700 χάρισμα
1495 631 1719 701 ἔχοντας
1762 636 1845 688 ἀπ

1975 636 2052 689 lat
2100 653 2289 693 corum
2344 657 2403 695 se
2435 643 2656 696 utilitati
2692 645 2946 713 studere,
2975 624 3083 706 non
3114 624 3296 710 autem
3327 656 3544 716 infenso

291 711 444 782 εχθῶς
464 713 596 783 ἔχει.

355 823 371 856 ι
417 804 540 858 Ἐὰν
569 805 644 875 μὴ
699 805 827 876 ὑμῖν
871 807 1124 880 λαλήσω,
1158 810 1190 882 ἦ
1222 811 1280 864 ἐν
1329 813 1697 883 ἀποκαλύψει,
1733 807 1763 886 ἧ
1799 817 1856 867 ἐν

289 894 490 964 γνώσει,
521 896 554 966 ἢ
584 897 642 949 ἐν
673 898 1005 972 προφητείᾳ,
1034 902 1066 972 ἢ
1096 902 1154 953 ἐν
1181 903 1400 976 διδαχῇ.
1444 923 1463 954 ι

361 989 476 1044 Ἐὰν
507 987 582 1059 μὴ
617 989 773 1053 εἴπω,
802 993 956 1062 φησι,
980 992 1040 1046 τὸ
1085 994 1389 1066 δυνάμενον
1417 997 1547 1068 ὑμῖν
1585 999 1853 1071 εὔληπτον

288 1077 543 1146 γενέσθαι,
574 1079 690 1131 ἀλλ’
720 1081 979 1148 ἐπιδείξω
1013 1085 1174 1153 μόνον
1205 1086 1288 1138 ὅτι
1315 1085 1574 1158 γλώσσης
1613 1091 1722 1158 ἔχω
1750 1093 1851 1161 χά-

1959 727 2140 781 animo
2171 743 2296 784 esse
2324 747 2450 803 erga
2478 733 2602 789 illos
2635 736 2727 804 qui
2752 737 2956 793 donum
2989 743 3131 797 istud
3164 745 3388 802 habent.

2031 835 2049 868 ι
2083 818 2200 874 Nisi
2258 823 2415 879 vobis
2450 825 2677 896 loquar,
2721 837 2816 882 aut
2867 829 2922 884 in
2974 835 3324 901 revelatione.
3358 851 3450 894 aut
3486 843 3540 897 in

1955 909 2204 972 scientia.
2237 914 2404 969 autin
2439 918 2747 987 prophetia,
2791 929 2888 974 aut
2928 921 2981 976 in
3029 923 3298 982 doctrina.
3338 947 3356 978 ›

1959 1037 1980 1052 κ
2022 995 2137 1053 Nisi
2169 1001 2223 1053 id
2263 1001 2475 1069 dixero,
2508 1005 2730 1077 inquit,
2757 1009 2908 1080 quod
2938 1010 3098 1068 facile
3130 1029 3160 1068 a
3213 1016 3370 1072 vobis
3419 1022 3542 1089 capi

1954 1091 2150 1158 possit,
2186 1091 2281 1148 sed
2337 1105 2722 1153 monstravero
2755 1101 3024 1158 duntaxat
3087 1104 3398 1176 linguarum
3454 1127 3542 1165 me

289 1191 461 1245 ρισμα,
495 1175 646 1228 οὐδὲν
680 1176 747 1230 ἂν
779 1177 1142 1248 κερδήσαντες
1171 1180 1560 1240 ἀπελεύσεσθε.
1589 1185 1714 1249 Πῶς
1742 1185 1845 1256 γὰρ

1975 1195 2072 1236 rese
2119 1191 2378 1240 ornatum
2436 1187 2605 1255 dono,
2641 1191 2778 1245 nihil
2845 1194 2973 1250 inde
3023 1175 3538 1258 lucriiretuleritis.

285 1269 380 1322 ἀτὺ
404 1267 586 1338 φωνῆς
609 1261 680 1339 ἧς
715 1269 777 1322 ού
815 1272 1045 1322 συνιεῖτε
1071 1289 1085 1336 ;

250 1453 256 1462 ’
353 1491 368 1522 ι
409 1471 596 1541 Ὅμως
650 1469 717 1523 τὰ
765 1469 950 1541 ἄψυχα
996 1473 1180 1546 φωνὴν
1220 1473 1470 1541 διδόντα,
1505 1477 1613 1531 εἴτε
1649 1453 1844 1542 αὐλὸς,

281 1563 380 1616 εἴτε
406 1560 623 1633 κιθάρα,
650 1560 746 1615 ἐάν
794 1562 1078 1634 διαστολὴν
1123 1568 1236 1629 τοῖς
1267 1567 1526 1637 φθόγγοις
1571 1571 1647 1641 μὴ
1693 1571 1844 1642 διδῷ,

282 1653 389 1717 πῶς
431 1653 805 1724 γνωσθήσεται
839 1655 901 1708 τὸ
934 1655 1292 1728 αὐλούμενον,
1322 1659 1356 1731 ἢ
1394 1661 1456 1714 τὸ
1500 1658 1846 1734 κιθαριζόμεο

277 1759 394 1806 νον;
425 1744 534 1798 Καὶ
585 1747 694 1815 γὰρ
728 1746 824 1800 ἐάν
867 1747 1063 1817 ἄδηλον
1117 1751 1301 1822 φωνὴν
1355 1753 1597 1824 σάλπιγξ
1643 1755 1738 1826 δῷ,
1763 1757 1845 1820 τίς

279 1836 746 1906 παρασκευάσεται
779 1839 858 1901 είς
900 1839 1178 1909 πόλεμον;
1213 1841 1403 1907 Οὕτως
1429 1845 1522 1897 καὶ
1571 1845 1727 1916 ὑμεῖς
1756 1845 1846 1898 διὰ

275 1924 366 1994 τῆς
398 1925 663 1998 γλώσσης.
690 1945 710 1978 ι

339 2019 402 2072 Τί
425 2019 587 2088 λέγω,
606 2021 793 2092 φησιν,
825 2021 908 2076 ὅτι
937 2022 1023 2093 ἐφ’
1055 2023 1213 2096 ὑμῶν
1247 2028 1308 2080 τδ
1341 2030 1577 2098 πρᾶγμα
1617 2029 1845 2096 ἀκερδές

272 2113 416 2178 ἐστι,
440 2111 536 2164 καὶ
559 2113 652 2165 ἐπὶ
676 2113 787 2167 τῶν
819 2114 1043 2186 ἀψύχων
1073 2117 1234 2171 τοῦτο
1268 2119 1398 2172 εῖδοι
1417 2136 1502 2178 τις
1524 2119 1612 2184 ἂν,
1632 2120 1726 2173 καὶ
1755 2121 1847 2174 ἐπὶ

271 2205 362 2275 τῆς
399 2202 650 2274 κιθάρας,
685 2205 785 2258 καὶ
811 2204 909 2260 ἐπὶ
940 2207 1268 2278 σάλπιγγος.

340 2314 361 2348 ι
407 2295 532 2348 Ἐάν
560 2300 635 2368 μὴ
673 2295 917 2370 εὔσημον
946 2299 1104 2370 λόγον
1137 2301 1298 2369 δῶτε,
1335 2301 1451 2366 πῶς
1471 2303 1846 2373 γνωσθήσεται

268 2387 328 2441 τὸ
358 2387 706 2459 λαλούμενον.
740 2407 758 2440 ι

346 2479 491 2533 Ἀντὶ
519 2479 635 2546 τοῦ,
661 2480 788 2537 Ἐὰν
821 2483 898 2555 μὴ
932 2484 1350 2557 διερμηνεύητε.

340 2588 359 2621 ε
401 2570 628 2624 Ἔσεσθε
656 2572 765 2644 7&9
789 2575 872 2638 είς
892 2576 1036 2647 ἀέρα
1059 2577 1369 2643 λαλοῦντες.
1413 2599 1429 2632 ι

333 2662 653 2731 Τουτθέστιν,
687 2664 866 2720 οὐδενὶ
920 2669 1329 2741 φθεγγόμενοι,
1362 2673 1499 2744 πρὸς
1527 2674 1718 2728 οὐδένα
1752 2675 1847 2728 λα-

263 2751 450 2806 λοῦντε
457 2770 504 2818 ς.
952 2769 986 2786 θ

337 2885 358 2919 ι
393 2865 645 2923 Τοσαῦτα
695 2869 745 2922 εἰ
774 2868 928 2941 τύχοι
970 2873 1104 2943 γένη
1135 2874 1330 2941 φωνῶν
1372 2878 1508 2931 εἰσιν
1546 2881 1606 2933 ἐν
1631 2878 1845 2952 κόσμῳ,

263 2959 359 3012 καὶ
383 2959 537 3014 οὐδὲν
585 2960 823 3030 ἄφωνον.
877 2961 1004 3016 Ἐὰν
1043 2961 1138 3019 οὖν
1173 2966 1249 3039 μὴ
1307 2969 1434 3023 εῖδω
1473 2971 1574 3040 τὴν
1617 2971 1848 3045 δύναμιν

259 3050 364 3120 τῆς
384 3051 590 3122 φωνῆς,
615 3053 812 3124 ἔσομαι
842 3054 922 3126 τῷ
943 3055 1194 3112 λαλοῦντι
1225 3058 1523 3132 βάρϐαρος,
1560 3065 1654 3117 καὶ
1693 3069 1721 3119 6
1751 3066 1847 3119 λα-

256 3143 372 3199 λῶν
403 3145 526 3216 ἐμοὶ
562 3144 837 3220 βάρϐαρος
856 3161 871 3178 ⁸
905 3148 1080 3214 οὕτως
1104 3151 1199 3204 καὶ
1230 3152 1438 3223 ὑμεῖς.»

327 3322 600 3377 Τουτέστι
627 3360 644 3389 ,
684 3324 946 3380 τοσαῦται
1003 3326 1280 3396 γλῶσσαι,
1317 3325 1574 3384 τοσαῦται
1640 3329 1845 3399 φωναὶ,

254 3415 522 3482 Σκυθῶν,
559 3416 818 3490 Θρᾳκῶν,
881 3420 1208 3494 Ῥωμαίων,
1260 3423 1526 3495 Περσῶν,
1580 3425 1845 3495 Μαύρων,

265 3506 479 3572 Ἰνδῶν,
508 3508 849 3578 Αἰγυπτίων,
870 3511 956 3566 ἐτέ
967 3530 1076 3584 ρων
1099 3514 1312 3586 μυρίων
1338 3515 1530 3570 ἐθνῶν.

334 3617 357 3650 ι
411 3598 568 3652 Ἐπεὶ
607 3599 852 3670 ζηλωταί
884 3602 1010 3656 ἐστε
1039 3604 1369 3675 πνευμάτων
1405 3606 1486 3669 είς
1511 3604 1612 3676 τὴν
1641 3605 1846 3659 οἰκοδο·

251 3690 377 3761 μὴν
437 3691 538 3760 τῆς
602 3691 971 3761 Ἐκκλησίας,
1026 3695 1241 3766 ζητεῖτε
1303 3697 1391 3750 ἵνα
1457 3697 1847 3769 περισσεύητε.

246 3782 356 3835 Διὸ
396 3783 426 3834 ὁ
471 3781 650 3836 λαλῶν
701 3781 922 3856 γλώσσῃ
950 3824 966 3852 ,
999 3787 1392 3858 προσευχέσθω
1421 3827 1436 3851 ,
1473 3789 1562 3842 ἵνα
1617 3791 1848 3860 διερμη-

243 3890 418 3946 νευῃ.
454 3894 473 3926 ι

331 3966 402 4019 Et
442 3965 640 4038 ζηλοῦν
690 3968 811 4032 δεῖ,
845 3967 916 4024 τὰ
952 3968 1268 4040 χαρίσματα
1315 3969 1488 4024 ταῦτα
1523 3970 1748 4041 ζηλοῦτε
1772 4011 1787 4034 ,
1815 3969 1850 4024 ἀ

243 4058 366 4129 τὴν
389 4060 716 4131 Ἐκκλησίαν
749 4061 1042 4132 οἰκοδομεῖ.
1074 4061 1166 4114 Διὸ
1202 4061 1396 4131 ἐπάγει
1438 4061 1634 4131 λέγων,
1659 4064 1853 4128 Προσ-

243 4150 558 4218 ευχέσθω,
590 4151 693 4205 ἵνα
725 4151 1109 4222 διερμηνεύῃ.

337 4277 363 4310 ι
425 4262 554 4316 Ἐὰν
595 4262 704 4336 γὰρ
758 4261 1007 4334 εῦχωμαι
1055 4263 1317 4337 γλώσσῃ,
1354 4264 1417 4317 τὸ
1461 4262 1687 4335 Πνεῦμά
1750 4279 1850 4334 μου

244 4355 676 4426 προσεύχεται,
701 4356 730 4409 6
759 4354 816 4408 δὲ
871 4355 994 4420 νοῦς
1047 4375 1152 4425 μου
1193 4356 1442 4430 ἄκαρπός
1488 4357 1728 4412 ἐστι..Τί
1758 4351 1850 4410 οὗν

240 4445 418 4511 tam;
454 4466 474 4501 ι

1951 1268 2185 1334 Quinam
2216 1273 2361 1328 enim
2415 1275 2563 1331 istud
2613 1295 2680 1334 ex
2737 1295 2871 1337 voce
2906 1299 3070 1354 quam
3121 1301 3232 1343 non
3271 1287 3542 1362 intelliga-

1953 1364 2074 1416 tis?

2019 1467 2184 1526 Vens.
2221 1467 2337 1529 7-9.
2371 1494 2389 1526 ‹
2426 1475 2628 1533 Tamen
2659 1497 2781 1550 quae
2804 1481 2923 1538 sine
2955 1482 3136 1540 anima
3167 1498 3316 1553 sunt,
3351 1504 3536 1546 vocem

1947 1554 2156 1625 dautia,
2190 1559 2308 1617 sive
2354 1563 2512 1630 tibia,
2544 1565 2659 1623 sive
2703 1569 2939 1635 cithara,
2970 1572 3077 1628 nisi
3121 1573 3539 1636 distinctionem

1948 1648 2227 1704 sonituum
2268 1655 2544 1724 dederint,
2571 1662 2850 1730 quomodo
2882 1665 3090 1722 scietur
3115 1667 3168 1722 id
3196 1671 3342 1740 quod
3376 1675 3536 1727 cani-

1948 1745 2055 1804 tur,
2092 1751 2188 1796 aut
2242 1747 2388 1814 quod
2450 1749 2814 1808 citharizatur
2845 1753 2870 1808 ἲ
2901 1755 3116 1811 Etenim
3152 1759 3198 1814 si
3263 1759 3535 1816 incertam

1947 1845 2135 1887 vocem
2167 1835 2259 1892 det
2283 1839 2439 1902 tuba,
2469 1843 2592 1912 quis
2625 1847 2953 1915 praeparabit
3001 1864 3060 1904 se
3092 1849 3159 1904 ad
3186 1849 3386 1906 bellant
3414 1850 3535 1906 ?lta

1886 1907 1926 1960 Β
1957 1931 2011 1976 et
2046 1941 2146 1981 vos
2178 1942 2274 1996 per
2316 1907 2584 2001 linguam.
2626 1907 2644 1987 λ

2023 2016 2164 2082 Quid
2195 2019 2303 2087 aio,
2337 2022 2552 2093 inquit,
2583 2026 2639 2080 in
2673 2026 2832 2084 vobis
2867 2043 2984 2085 rem
3032 2031 3150 2088 sine
3185 2031 3340 2089 lucro
3363 2050 3488 2091 esse
3517 2047 3535 2103 ;

1951 2109 2174 2180 quando
2206 2113 2392 2170 nullus
2433 2115 2486 2170 id
2526 2131 2639 2172 non
2671 2119 2727 2173 in
2765 2116 3023 2177 inanimis
3069 2125 3374 2193 agnoverit,
3403 2133 3536 2199 puta

1952 2201 2006 2255 in
2042 2202 2259 2258 cithara
2288 2214 2342 2262 et
2368 2205 2584 2264 intuba
2611 2210 2634 2262 ?
2850 2215 2852 2218 ’

2028 2310 2046 2346 ι
2081 2290 2195 2350 Nisi
2221 2297 2574 2355 manifestum
2605 2315 2914 2358 sermonem
2949 2299 3226 2370 dederitis,
3261 2308 3538 2378 quomodo

1952 2384 2160 2440 scietur
2189 2385 2242 2441 id
2284 2389 2431 2459 quod
2471 2391 2728 2447 dicitur?
2771 2413 2790 2446 ι

2020 2477 2134 2533 Hoc
2159 2487 2272 2543 est,
2300 2480 2409 2536 nisi
2442 2481 2906 2554 interpretemini.

2031 2587 2049 2620 ι
2098 2567 2265 2625 Eritis
2286 2572 2435 2627 enim
2462 2574 2514 2628 in
2547 2590 2675 2632 aere
2699 2577 3007 2648 loquentes.
3035 2598 3052 2631 ι

2025 2660 2081 2716 ld
2107 2672 2209 2730 est,
2258 2667 2466 2721 nemini
2524 2680 2712 2724 vocem
2759 2667 3024 2732 edentes.
3053 2673 3261 2729 nemini
3307 2675 3538 2747 loquen-

1954 2757 2057 2806 tes.
3091 2786 3094 2788 '

2012 2863 2180 2922 Vens.
2208 2865 2393 2923 10-12.
2421 2888 2438 2921 ι
2478 2869 2611 2926 Tam
2639 2872 2812 2928 multa
2842 2882 2902 2929 ut
2922 2881 3053 2946 puta
3091 2891 3290 2948 genera
3318 2878 3537 2950 lingua-

1954 2973 2073 3012 rum
2111 2967 2242 3014 suut
2273 2958 2328 3014 in
2359 2960 2462 3016 hoc
2505 2962 2746 3033 mundo;
2779 2973 2836 3021 et
2864 2966 3002 3021 nihil
3039 2967 3160 3023 sine
3183 2983 3317 3026 voce
3338 2979 3446 3026 est.
3478 2971 3539 3026 Si

1953 3064 2055 3120 ego
2115 3049 2368 3107 nesciero
2419 3053 2676 3110 virtutem
2726 3056 2917 3123 vocis,
2950 3072 3048 3113 ero
3096 3059 3147 3114 ei
3205 3060 3294 3114 cui
3346 3060 3541 3130 loquor

1954 3135 2243 3203 barbarus,
2281 3149 2335 3194 et
2387 3137 2480 3210 qui
2527 3141 2769 3212 loquitur
2821 3141 2955 3198 mihi
2980 3183 2996 3209 ,
3029 3145 3316 3202 barbarus.
3348 3142 3456 3204 Sic
3487 3161 3542 3205 et

1877 3239 1924 3302 ο
1956 3245 2073 3298 vos,
2111 3249 2130 3280 ›

2027 3319 2256 3389 Hocest,
2291 3331 2370 3379 tot
2408 3323 2610 3396 lingua:
2660 3335 2810 3394 sunt,
2843 3335 2925 3383 tot
2950 3344 3115 3387 voces
3138 3369 3154 3397 ,
3183 3331 3536 3402 Scytharum,

1951 3410 2225 3469 Thracum
2255 3456 2270 3482 ,
2336 3412 2745 3484 Romanorum,
2795 3417 3084 3475 Persarum
3116 3463 3132 3487 ,
3174 3422 3486 3478 Maurorum
3519 3463 3538 3489 ,

1950 3504 2358 3578 Egyptiorum,
2392 3518 2447 3566 et
2500 3516 2885 3565 sexcentarum
2939 3511 3174 3567 aliarum
3205 3513 3473 3585 gentium.

2022 3596 2189 3654 Vens.
2248 3597 2338 3666 12,
2374 3601 2461 3656 15.
2508 3619 2528 3653 ι
2569 3600 2841 3668 Quoniam
2864 3603 3220 3660 emulatores
3255 3605 3393 3662 estis
3423 3604 3541 3676 spi-

1951 3686 2157 3747 rituum
2190 3729 2206 3756 ,
2240 3689 2309 3745 ad
2363 3691 2784 3750 aediﬁcationem
2849 3693 3111 3751 Ecclesia:
3178 3697 3409 3767 quarrite
3478 3703 3540 3750 ut

1954 3781 2268 3838 ahundetis.
2306 3776 2430 3838 Ideo
2458 3785 2552 3855 qui
2588 3785 2836 3856 loquitur
2887 3784 3094 3859 lingua,
3124 3798 3244 3844 oret
3275 3797 3335 3843 ut
3365 3788 3538 3843 inter-

1953 3880 2218 3940 pretetur.
2256 3892 2276 3925 ι

2029 3963 2188 4032 112
2217 3964 2272 4017 Si
2308 3975 2546 4040 oportet
2578 3966 2826 4022 aemulari
2852 4003 2869 4031 ,
2901 3968 3235 4024 aemulamini
3270 3969 3365 4024 illa
3394 3970 3540 4026 doua

1955 4054 2158 4122 quibus
2207 4051 2454 4110 Ecclesia
2501 4053 2824 4113 aediﬁcatur.
2860 4057 3134 4123 Quocirca
3178 4060 3370 4116 addit:
3409 4059 3514 4115 Ore

1955 4153 2011 4197 ut
2036 4145 2430 4214 interpretetur.

2027 4260 2192 4314 Vens.
2232 4259 2322 4326 M,
2361 4260 2449 4314 15.
2503 4279 2520 4311 ι
2569 4259 2703 4316 Nam
2739 4261 2786 4316 si
2821 4275 2973 4317 orem
3029 4263 3252 4333 lingua,
3305 4263 3539 4333 spiritus

1955 4366 2112 4406 meus
2150 4360 2274 4405 orat
2299 4371 2312 4406 :
2347 4367 2503 4407 mens
2523 4360 2705 4407 autem
2736 4368 2857 4408 mea
2897 4353 3018 4409 sine
3049 4353 3231 4408 fructu
3261 4361 3365 4410 est.
3391 4353 3537 4421 Quid

1954 4459 2085 4515 ergo
2105 4451 2191 4499 est
2215 4445 2239 4498 ?
2271 4463 2289 4495 ›

331 4537 623 4604 Τωτὲστι,
655 4538 718 4592 τὺ
747 4538 995 4611 χάρισμα
1022 4541 1082 4593 τὸ
1111 4537 1262 4594 δοθέν
1297 4557 1410 4612 μοι,
1435 4540 1529 4594 καὶ
1552 4541 1734 4594 κινοῦν
1754 4541 1845 4612 τὴν

2026 4537 2088 4592 ld
2121 4547 2230 4605 est,
2258 4537 2391 4592 illud
2416 4539 2620 4593 donum
2653 4538 2800 4608 quod
2829 4539 2960 4594 mihi
2990 4539 3176 4595 datum
3201 4548 3306 4603 est,
3345 4547 3400 4596 et
3429 4540 3536 4595 lin-

237 4629 546 4697 γλῶσσαν.

330 4741 354 4775 σ
389 4724 774 4795 Πρυσεύξομαι
803 4723 1098 4796 πνεύματι,
1122 4723 1493 4798 προσεύξομαι
1516 4728 1608 4781 καὶ
1633 4725 1709 4798 τῷ
1734 4726 1814 4779 νοΐ
1834 4744 1846 4757 ·

235 4807 421 4878 ψαλῶ
455 4810 536 4881 τῷ
558 4813 853 4883 πνεύματι,
876 4813 1034 4883 ψαλῶ
1068 4815 1164 4869 καὶ
1195 4814 1274 4887 τῷ
1305 4817 1406 4869 νοῖ.
1454 4815 1609 4869 Ἐπεὶ
1637 4814 1732 4869 ἐὰν
1761 4815 1852 4868 εύ-

238 4902 434 4976 ).ογῇς
462 4903 762 4975 πνεύματι,
797 4908 825 4960 6
877 4903 1210 4979 ἀναπληρῶν
1248 4907 1340 4962 τὸν
1369 4907 1535 4961 τόπον
1567 4900 1663 4962 τοῦ
1709 4901 1852 4961 ἰδιώ-

236 5011 378 5061 του,
411 4995 533 5060 πῶς
562 4998 680 5069 ἐρεῖ
700 4997 761 5051 τὺ
789 4983 1116 5069 ”Αμὴν,ἐπὶ
1145 4997 1212 5070 τῇ
1234 5002 1299 5071 σῇ
1318 4997 1640 5070 εὐχαριστίᾳ
1665 5001 1850 5065 ;ἐπει-

237 5085 321 5156 δὴ
351 5087 409 5140 τί
442 5087 624 5155 λέγεις
657 5089 757 5143 οὐκ
779 5085 941 5143 οἶδεν.
984 5108 1002 5142 ι

333 5178 556 5249 Ὤαπερ
602 5180 745 5244 τινὸς
784 5180 1056 5249 λέγοντος,
1078 5181 1143 5234 Τί
1168 5175 1262 5234 οὖν
1291 5181 1409 5234 ἐστι
1433 5181 1494 5234 τὸ
1521 5177 1848 5245 διδακτικὸν,

241 5271 358 5324 καὶ
379 5270 669 5342 ὠφέλιμον
697 5288 713 5338 ;
748 5273 858 5326 Καὶ
908 5273 1028 5336 πῶς
1085 5272 1193 5345 χρὴ
1248 5273 1429 5340 λέγειν
1457 5289 1472 5337 ;
1504 5273 1615 5326 Καὶ
1643 5273 1697 5327 τί
1744 5274 1851 5344 χρὴ

239 5365 444 5418 αἰτεῖν
474 5364 624 5438 παρά
664 5365 760 5418 τοῦ
792 5365 962 5432 Θεοῦ;
1012 5365 1392 5439 Ἀποκρίνεται
1425 5365 1600 5434 λέγων
1626 5365 1710 5430 τὸ,
1750 5366 1850 5419 καὶ

238 5455 341 5520 τῷ
364 5457 690 5527 πνεύματι,
717 5458 964 5514 τουτέστι
995 5457 1076 5528 τῷ
1093 5457 1397 5531 χαρίσματι
1428 5455 1521 5512 καὶ
1552 5459 1619 5528 τῇ
1643 5455 1851 5525 διανοίᾳ

239 5548 697 5620 προσεύχεσθαι,
725 5549 813 5603 ῖνα
866 5550 964 5604 καὶ
989 5551 1024 5620 ἠ
1068 5548 1290 5618 γλῶσσα
1335 5548 1662 5618 φθέγγηται,
1694 5547 1790 5601 καὶ
1824 5547 1853 5598 6

240 5639 389 5704 νοῦς
449 5642 526 5713 μὴ
570 5641 736 5714 ἀγνοῇ
769 5643 837 5696 τά
859 5641 1151 5714 λεγόμενα.
1175 5644 1286 5698 Καὶ
1323 5643 1433 5714 γὰρ
1464 5641 1560 5694 ἐὰν
1589 5643 1666 5713 μὴ
1693 5640 1854 5694 τοῦτο

241 5729 316 5806 ᾗς
346 5734 456 5787 καὶ
477 5734 638 5806 ἑτέρα
669 5736 932 5806 σύγχυσις
955 5722 1297 5805 γίνεται-ἑοῖο
1332 5735 1442 5805 γὰρ
1463 5729 1606 5786 οἶδεν
1632 5735 1852 5801 ὑποφω-

244 5827 379 5880 νεῖν
427 5827 454 5880 6
479 5825 662 5889 λαῑκδς
685 5827 748 5880 τὸ
796 5827 1005 5895 Ἀμήν-ο
1044 5827 1145 5879 οὐκ
1174 5823 1282 5880 οἶδε
1308 5827 1418 5895 γὰρ
1451 5825 1503 5879 τί
1544 5824 1744 5893 λέγεις.

598 5941 867 6006 PATROL.
915 5945 1028 6006 Gn.
1076 5943 1247 6010 XCV.

1956 4643 2117 4699 guam
2150 4639 2355 4685 movet.

2030 4739 2050 4770 ε
2089 4719 2274 4776 Orabo
2311 4721 2527 4791 spiritu,
2567 4722 2738 4776 orabo
2786 4728 2841 4775 et
2877 4730 3080 4775 mente.
3135 4719 3369 4774 Psallam
3423 4722 3539 4788 spi-

1954 4813 2088 4876 ritu,
2119 4813 2345 4882 psallam
2370 4820 2424 4868 et
2458 4819 2657 4868 mente.
2687 4811 2878 4883 (Vsus.
2913 4809 3028 4884 16.]
3062 4809 3204 4877 Quia
3237 4811 3283 4866 si
3312 4811 3538 4866 benedi-

1956 4905 2102 4959 xeris
2142 4903 2363 4973 spiritu,
2419 4904 2511 4974 qui
2553 4905 2770 4974 supplet
2809 4903 2990 4958 locum
3037 4903 3235 4968 idiotae,
3259 4901 3540 4972 quomodo

1954 4995 2122 5059 dicet.
2149 4997 2345 5060 Amen,
2375 5011 2543 5066 super
2575 5004 2722 5050 tuam
2760 4995 3201 5051 benedictionem
3225 4995 3249 5049 2
3275 4995 3536 5065 quoniam

1955 5086 2088 5157 quid
2119 5086 2274 5142 dicas
2307 5088 2504 5143 nescit.
2543 5105 2564 5138 ι

2026 5178 2184 5234 Velut
2207 5181 2252 5234 si
2281 5181 2407 5249 quis
2427 5179 2576 5234 dicat
2609 5199 2620 5233 :
2663 5178 2807 5245 Quid
2840 5189 2970 5250 ergo
2994 5187 3080 5234 est
3114 5188 3296 5250 aptum
3321 5193 3446 5238 esse
3473 5195 3541 5234 an

1954 5274 2261 5330 docendum
2314 5284 2480 5344 atque
2518 5272 2703 5329 utile?
2737 5271 2988 5339 Quonam
3021 5273 3150 5327 item
3193 5272 3358 5328 modo
3385 5271 3540 5328 eﬂart

1952 5365 2218 5436 oportet?
2253 5363 2464 5430 Quidve
2486 5378 2517 5417 a
2560 5363 2671 5419 Deo
2692 5363 2975 5435 postulare
3013 5363 3036 5416 Ἰ
3068 5361 3407 5434 Respondet,
3425 5370 3543 5422 tum

1955 5459 2177 5528 spiritu,
2224 5457 2328 5512 hoc
2359 5465 2446 5513 cst
2498 5454 2686 5520 dono,
2716 5465 2832 5509 tum
2888 5455 3223 5527 cogitatione
3259 5463 3315 5508 et
3363 5463 3546 5511 mente

1953 5551 2225 5607 orandum
2257 5564 2400 5616 esse,
2437 5555 2500 5604 ut
2529 5557 2584 5605 et
2609 5549 2797 5619 lingua
2827 5549 3114 5618 loquatur,
3136 5557 3192 5604 et
3233 5562 3390 5604 mens
3433 5561 3543 5601 non

1955 5644 2170 5700 nesciat
2222 5657 2345 5713 quae
2375 5641 2660 5697 dicuntur.
2695 5638 2763 5696 Ni
2822 5639 2976 5696 enim
3012 5640 3087 5694 ita
3119 5639 3233 5705 ﬁat,
3273 5640 3380 5694 alia
3404 5653 3543 5710 quo-

1955 5751 2061 5806 que
2092 5733 2350 5789 confusio
2378 5734 2630 5790 nascitur
2661 5748 2675 5785 :
2704 5747 2830 5788 nam
2859 5731 3037 5788 laicus
3075 5731 3410 5801 respondere
3437 5744 3544 5783 non

1957 5824 2130 5899 novit,
2161 5825 2323 5906 Arnen
2353 5841 2372 5878 :
2401 5823 2604 5894 quippe
2628 5824 2722 5893 qui
2752 5823 2968 5900 ignorat
2996 5821 3124 5893 quid
3144 5835 3238 5876 ore
3273 5820 3539 5888 proferas.

3119 5932 3194 5993 22
