3970 6398
401 426 508 490 683

1603 423 1665 477 ὃ.
1686 421 1870 478 JUAN
1883 421 1925 473 Ν
1938 424 1957 472 Ι
1971 421 2011 474 b
2047 416 2480 479 DAMASCENI

3585 421 3683 486 684

486 534 644 591 Vens.
676 534 763 588 11.
798 552 815 585 ι
855 531 989 585 Nam
1036 541 1093 588 tu
1148 529 1372 602 quidem
1402 528 1540 583 bene
1591 529 1798 599 gratias
1830 527 1948 596 agis
1982 545 1994 580 :

2179 547 2197 580 ι
2238 529 2309 582 Σὺ
2336 529 2438 600 μὲν
2462 528 2572 602 γὰρ
2610 530 2793 593 καλῶς
2819 531 3186 600 εὐχαριστεῖς,
3221 531 3338 586 ἀλλ’
3372 532 3560 604 ἔτερος
3589 533 3684 587 οὐκ

372 673 375 677 .
405 628 500 685 sed
525 628 665 682 alter
691 641 801 682 non
834 623 1161 679 aediﬁcatur.
1204 642 1223 675 ι

473 717 553 775 Ne
594 718 752 775 nihili
799 732 1031 788 prorsus
1086 715 1268 772 facere
1300 715 1505 772 donum
1537 716 1808 780 videatur,
1842 712 1994 767 hisce

404 812 589 869 verbis
622 814 820 866 utitur.
872 809 1016 876 Quin
1049 817 1104 866 et
1131 809 1234 863 hoc
1291 808 1550 879 superius
1586 806 1742 870 fecit,
1770 803 1994 875 quando

405 904 591 960 aiebat
630 921 644 958 :
685 903 792 969 Qui
821 902 1062 970 loquitur
1114 901 1449 972 mysterium,
1499 909 1550 954 et
1589 899 1701 955 Deo
1733 899 1990 969 loquitur,

401 1007 453 1053 et
484 997 721 1065 seipsum
768 994 1027 1064 a‘diﬁcat.
1059 993 1141 1049 Tu
1180 1009 1333 1064 ergo.
1371 994 1576 1063 inquit,
1601 1000 1751 1049 recte
1783 991 1993 1062 gratias

406 1089 547 1162 agis.
582 1086 721 1143 Nam
786 1086 1001 1158 Spiritu
1058 1092 1312 1140 movente
1338 1084 1584 1154 loqueris
1617 1101 1631 1151 ;
1663 1085 1755 1141 ille
1809 1093 1992 1139 autem

407 1179 543 1236 nihil
572 1178 824 1245 audiens,
842 1192 944 1233 nec
972 1178 1153 1233 sciens
1174 1191 1298 1248 quas
1322 1175 1608 1243 dicuntur,
1627 1185 1996 1246 stat,parum~

405 1286 515 1342 que
557 1271 705 1341 capit
738 1270 1017 1327 utilitatis.

474 1361 645 1416 Vsus.
690 1361 792 1424 £8,
825 1360 908 1416 i9.
973 1379 993 1413 ι
1049 1358 1268 1415 Gratias
1318 1374 1423 1430 ago
1485 1357 1597 1415 Deo
1654 1372 1793 1423 meo,
1844 1356 1993 1426 quod

400 1452 651 1508 omnium
686 1458 932 1506 vestrum
964 1452 1148 1522 lingua
1185 1451 1402 1520 loquor.
1439 1448 1544 1505 Sed
1590 1450 1646 1504 in
1688 1448 1932 1504 Ecclesia
1970 1466 1989 1498 ι

476 1538 556 1594 ita
590 1540 858 1609 loquitur,
883 1556 952 1596 ne
976 1538 1228 1595 videatur
1259 1553 1354 1595 eos
1400 1539 1680 1594 morosius
1708 1536 1993 1604 inscctari,

406 1641 529 1681 cum
558 1627 663 1687 hoc
688 1628 804 1699 ipse
837 1627 983 1683 dono
1014 1627 1434 1685 destitueretur.

482 1738 501 1772 ι
537 1712 679 1773 Volo
709 1717 961 1789 quinque
991 1720 1161 1777 verba
1212 1734 1384 1777 sensu
1436 1735 1563 1777 meo
1600 1720 1789 1791 loqui,
1824 1728 1887 1776 ut
1940 1729 1995 1776 et

405 1811 542 1867 alios
571 1810 865 1867 instruam.
914 1831 933 1865 ι

474 1901 591 1958 Hoc
649 1912 855 1969 cst,ea
901 1903 1215 1975 intelligens
1264 1919 1386 1975 quae
1433 1903 1579 1971 dico,
1605 1904 1682 1959 ita
1729 1912 1788 1960 ut
1826 1905 1993 1962 etiam

402 1992 553 2067 potis
581 1994 687 2048 sim
725 1993 850 2049 aliis
885 2010 1111 2066 quoque
1140 1996 1519 2065 interpretari.

484 2101 502 2133 ι
531 2083 707 2163 Quam
733 2083 922 2140 decem
954 2084 1125 2139 millia
1161 2085 1458 2141 verborum
1500 2087 1555 2141 in
1596 2086 1805 2158 lingua.
1848 2106 1867 2139 ι

474 2173 595 2231 Hoc
644 2176 790 2231 enim
845 2177 1274 2233 ostentationem
1326 2178 1503 2234 solam
1557 2178 1779 2250 prati'ert
1809 2196 1827 2247 ;
1861 2178 1994 2235 illud

376 2290 381 2293 -
401 2281 535 2327 vero
557 2283 813 2340 magnam
838 2270 1154 2327 utilitatem.

475 2353 645 2433 Vens.
671 2356 765 2413 20.
804 2378 823 2411 ι
856 2357 1293 2426 Fratres,nolite
1313 2362 1529 2431 parvuli
1560 2362 1678 2420 ﬁeri
1711 2363 1992 2427 sensibus,

368 2450 502 2507 sed
538 2451 751 2505 malitia
802 2453 1019 2524 parvuli
1067 2460 1286 2511 estote:
1333 2456 1589 2513 sensibus
1642 2462 1828 2512 autem
1865 2471 1995 2527 per-

364 2580 369 2589 .
402 2540 533 2597 fecti
572 2548 771 2598 estote.
808 2561 828 2595 ι

472 2632 638 2693 Pueri
660 2633 865 2705 quippe
891 2634 1071 2690 solent
1094 2637 1281 2706 parvis
1308 2636 1528 2708 quidem
1556 2638 1722 2694 rebus
1740 2637 1991 2705 inhiare;

362 2758 367 2765 ι
400 2739 591 2781 eorum
616 2741 747 2782 vero
774 2742 896 2797 quae
926 2727 1164 2783 maxima
1189 2714 1341 2795 sunt,
1373 2730 1739 2786 admiratione
1770 2731 1997 2801 perinde

372 2817 651 2888 percelli.
704 2817 847 2884 Quia
899 2818 1071 2889 igitur
1123 2820 1201 2874 illi
1238 2860 1253 2885 ,
1286 2836 1412 2876 cum
1470 2822 1617 2877 dono
1678 2822 1993 2892 linguarum

388 2907 715 2978 pollerent,
750 2914 927 2962 totum
968 2906 1073 2964 sibi
1125 2909 1459 2964 videbantur
1508 2910 1711 2965 habere
1741 2949 1756 2975 ,
1788 2914 1891 2966 etsi
1941 2913 1993 2966 id

401 3006 671 3054 enternm
705 2998 999 3054 minimum
1033 3006 1190 3067 erat;
1221 2999 1430 3056 idcirco
1470 3000 1549 3057 ait
1591 3021 1604 3056 :
1637 3000 1824 3057 Nolite
1867 3020 1995 3073 par-

404 3090 515 3146 uuli
573 3088 1013 3162 ﬁeri'sensibus;
1049 3091 1155 3147 hoc
1192 3103 1314 3157 est,
1349 3108 1418 3147 ne
1469 3093 1796 3164 insipientes
1844 3096 1993 3162 silis,

2097 621 2485 691 οἰκοδομεῖται.
2533 642 2553 676 ι

2172 715 2288 767 Ἵνα
2348 713 2423 785 μὴ
2471 714 2601 785 δόξῃ
2657 714 2867 785 σφόδρα
2909 714 3273 780 ἐξευτελίζειν
3319 717 3381 769 τὸ
3420 715 3679 788 χάρισμα.

2095 804 2255 859 τοῦτό
2283 820 2449 875 gsner
2487 806 2647 860 τοῦτο
2672 806 2728 859 δὲ
2757 808 2852 860 καὶ
2881 808 3142 879 ἀνωτέρω
3170 802 3424 879 ὲττοίησεν
3450 811 3539 864 ὅτε
3563 810 3672 864 lite.

2097 915 2216 966 γεν,
2258 898 2323 951 '0
2346 898 2554 952 λαλῶν
2574 898 2939 969 μυστήριον,
2965 900 3065 954 καὶ
3122 900 3204 966 τῷ
3230 899 3351 966 Θεῷ
3371 902 3565 969 λαλεῖ,
3590 902 3685 957 και

2092 990 2317 1045 ἑαυτὸν
2343 990 2662 1060 οἰκοδομεῖ.
2685 993 2759 1045 Σὺ
2785 986 2900 1057 οὖν,
2921 991 3077 1062 φησὶ,
3099 994 3277 1057 καλῶς
3311 995 3683 1067 εὐχαριστεῐς·

2097 1079 2380 1151 Πνεύματι
2428 1082 2541 1153 γὰρ
2573 1083 2893 1153 κινούμενος
2943 1084 3190 1157 φθέγγῃ·
3216 1085 3334 1139 ἀλλ’
3365 1088 3575 1152 ἐκεῖνος
3599 1086 3687 1141 οὔ·

2096 1172 2187 1227 δὲν
2219 1174 2433 1230 ἀκούων
2452 1214 2466 1239 ,
2498 1176 2623 1229 οὐδὲ
2671 1175 2825 1240 εἰδὼς
2873 1175 2943 1230 τά
2990 1176 3260 1248 λεγόμενα
3279 1220 3294 1244 ,
3324 1178 3562 1252 ἔστηκεν
3586 1222 3601 1248 ,
3625 1180 3683 1235 οὐ

2098 1263 2301 1333 πολλὴν
2332 1264 2622 1335 δεχόμενος
2649 1266 2748 1336 τὴν
2773 1265 3069 1335 ὠφέλειαν.

2174 1373 2193 1407 ι
2230 1356 2557 1428 Εὐχαριστῶ
2590 1356 2668 1427 τῷ
2723 1357 2845 1427 Θεῷ
2883 1374 3007 1427 μου,
3044 1358 3267 1413 πάντων
3301 1360 3455 1431 ὑμῶν
3490 1362 3687 1432 μᾶλλον

2095 1447 2320 1523 γλώσσῃ
2355 1450 2534 1505 λαλῶν
2558 1467 2572 1481 ·
2605 1449 2722 1503 ἀλλ’
2751 1452 2808 1502 ἐν
2850 1450 3148 1523 Ἐκκλησία
3180 1470 3198 1503 ι

2172 1541 2291 1595 Ἵνα
2326 1542 2403 1613 μὴ
2438 1542 2565 1614 δόξῃ
2623 1540 2989 1613 κατατρέχειν
3049 1544 3126 1606 ὡς
3166 1544 3541 1615 ἐστερημένος
3595 1542 3689 1599 τοῦ

2098 1630 2460 1702 χαρίσματος,
2484 1631 2642 1687 τοῦτό
2670 1649 2831 1703 φησι.

2174 1744 2194 1777 ι
2236 1726 2388 1780 Θέλω
2417 1726 2581 1779 πέντε
2607 1725 2802 1795 λόγους
2830 1725 2911 1797 τῷ
2938 1727 3021 1780 νοΐ
3061 1744 3164 1797 μου
3195 1726 3457 1796 λαλῆσαι,
3490 1727 3580 1783 δια
3601 1726 3691 1782 καὶ

2097 1818 2292 1883 ἄλλους
2328 1820 2645 1890 κατηχήσω.
2676 1837 2695 1870 a
2982 1879 2986 1883 4
3322 1892 3329 1896 ⁸

2173 1910 2458 1977 Τουτέστι,
2485 1911 2625 1966 νοῶν
2653 1911 2689 1966 ἃ.
2714 1911 2881 1982 λέγω.
2915 1913 3013 1966 καὶ
3040 1912 3339 1981 δυνάμενος
3361 1911 3457 1964 καὶ
3480 1911 3692 1981 ἑτέροις

2102 2003 2461 2077 ἑρμηνεῦσαι.
2662 2030 2665 2033 ·
3102 2064 3115 2071 ,

2177 2115 2197 2151 ι
2239 2100 2305 2152 “il
2341 2097 2571 2172 μυρίους
2611 2097 2806 2168 λόγους
2839 2100 2897 2154 ἑν
2927 2099 3173 2169 γλώσσῃ.
3213 2114 3231 2147 ι

2171 2191 2344 2246 Τοῦτο
2373 2194 2470 2264 μὲν
2496 2194 2606 2266 γὰρ
2632 2195 2895 2260 ἐπίδειξιν
2934 2194 3052 2265 ἔχει
3082 2194 3255 2264 μόνην
3274 2233 3289 2258 ,
3317 2193 3450 2262 φησι
3476 2206 3490 2221 ·
3522 2192 3698 2244 extim

2098 2286 2157 2341 δὲ
2184 2286 2385 2358 πολλὴν
2410 2289 2510 2359 τὴν
2539 2288 2836 2357 ὠφέλειαν.

2176 2397 2195 2431 ι
2250 2380 2520 2451 Ἀδελφοῖ,
2553 2382 2628 2454 μὴ
2669 2382 2863 2436 παιδία
2901 2382 3124 2452 γίνεσθε
3167 2382 3289 2445 ταῖς
3322 2379 3537 2451 φρεσὶν,
3564 2376 3699 2432 ἀλλά

2097 2476 2164 2543 τῇ
2199 2474 2373 2547 κακίᾳ
2426 2474 2750 2547 νηπιάζετε.
2781 2478 2904 2540 ταῖς
2948 2475 3006 2529 δὲ
3059 2474 3256 2546 φρεσὶν
3300 2472 3499 2528 τέλειοι
3548 2470 3697 2539 γίνε-

2102 2564 2217 2618 σθε.
2258 2584 2277 2617 ι

2169 2657 2281 2712 Καὶ
2310 2657 2422 2728 γάρ
2459 2658 2528 2714 τά
2556 2658 2749 2713 παιδία
2791 2659 2931 2731 πρὸς
2968 2659 3066 2728 μὲν
3108 2656 3179 2711 τὰ
3226 2658 3401 2729 μικρὰ
3443 2656 3696 2727 κέχηνεν,

2097 2750 2206 2805 τῶν
2236 2751 2293 2804 δὲ
2343 2750 2553 2823 σφόδρα
2591 2750 2845 2821 μεγάλων
2879 2751 2940 2804 οὐ
2996 2749 3255 2804 τοσοῦτον
3311 2749 3425 2821 ἔχει
3483 2748 3693 2821 θαῦμα.

2078 2842 2269 2896 -Ἐπεὶ
2299 2836 2392 2895 οὖν
2419 2842 2516 2897 καὶ
2567 2835 2718 2895 οὗτοι
2771 2841 3038 2912 γλωσσῶν
3086 2841 3303 2913 ἔχοντες
3359 2842 3610 2912 χάρισμα
3634 2840 3697 2893 τὸ

2099 2935 2208 2985 πᾶν
2238 2931 2380 3004 ἔχειν
2406 2931 2678 3003 ἐνόμιζον,
2707 2933 2845 3005 ὅπερ
2871 2932 2982 2987 τῶν
3015 2932 3194 2987 ἄλλων
3227 2932 3452 2987 ἔλαττον
3481 2928 3573 3003 ἦν,
3598 2931 3690 2987 διὰ

2098 3024 2253 3080 τοῦτό
2299 3043 2455 3098 φησι,
2499 3025 2595 3095 Μὴ
2627 3026 2835 3083 παιδία
2879 3028 3124 3099 γίνεσθε
3152 3027 3280 3094 ταῖς
3307 3027 3484 3096 φρεσί
3503 3042 3516 3058 ·
3550 3042 3703 3081 τουτο

2100 3116 2239 3181 ἐστι,
2278 3114 2354 3186 μὴ
2404 3116 2626 3188 ἀνόητοι
2651 3156 2666 3181 ,
2700 3114 2831 3172 ἔνθα
2866 3118 3127 3181 συνετοὺς
3170 3112 3311 3172 εἶναι
3359 3118 3485 3190 χρή.
3534 3116 3701 3173 Ἀλλὰ

412 3183 509 3239 ubi
541 3181 842 3253 prudentes
875 3198 996 3239 esse
1027 3192 1264 3254 oportet.
1297 3185 1466 3255 Atqui
1506 3185 1581 3240 ibi
1616 3187 1829 3257 parvuli
1865 3196 1994 3242 sunt

2120 3214 2213 3265 κεί
2234 3181 2417 3283 νηπϋιοι
2458 3181 2555 3265 καὶ
2581 3211 2824 3281 ἀφελεῖς,
2893 3211 3024 3265 ἔνθα
3068 3181 3543 3279 κενοδοξίας-’ἔνθα
3594 3228 3700 3280 φυ-

405 3280 469 3330 et
494 3275 794 3345 simplices,
820 3274 914 3330 ubi
955 3289 1093 3331 vana
1117 3276 1291 3346 gloria
1313 3315 1329 3341 ,
1363 3276 1456 3333 ubi
1493 3278 1767 3349 superbiae
1798 3278 1985 3337 ﬂatus.

391 3366 549 3433 Quid
569 3381 701 3422 vero
722 3374 809 3423 est
827 3381 1061 3438 puerum
1088 3369 1296 3424 malitia
1329 3371 1620 3438 exsistere,
1651 3371 1759 3428 nisi
1778 3373 1997 3432 nescire

403 3458 538 3532 quid
559 3460 783 3516 tandem
808 3460 1019 3516 malitia
1046 3460 1119 3517 sit
1139 3459 1162 3513 2

477 3546 645 3606 Vens.
676 3550 771 3606 21.
807 3569 827 3602 ι
884 3549 943 3605 in
996 3552 1116 3624 lege
1152 3551 1419 3623 scriptum
1468 3561 1592 3609 est:
1624 3552 1897 3622 Quoniam
1928 3556 1986 3610 in

392 3642 533 3699 aliis
575 3642 802 3713 linguis,
836 3648 892 3698 et
916 3642 1079 3699 labiis
1132 3643 1257 3699 aliis
1306 3644 1504 3714 loquar
1541 3647 1747 3715 p0pulo
1769 3645 1917 3713 huic,
1943 3656 1999 3701 et

407 3748 510 3791 nec
532 3734 614 3790 sic
637 3733 939 3790 eaaudient
967 3749 1075 3801 me,
1098 3735 1232 3789 dicit
1268 3733 1559 3791 Dominus.
1600 3755 1619 3790 ο

426 3829 441 3836 ’
480 3824 671 3895 L-egem
708 3835 869 3881 vocat
918 3825 1231 3897 Scriptura,
1280 3828 1429 3897 ipsos
1484 3844 1705 3900 quoque
1760 3831 2000 3904 prOphe-

480 4007 642 4085 113
693 4007 854 4065 Vsus.
899 4008 1089 4065 22-50.
1128 4027 1147 4061 ι
1198 4010 1391 4082 Itaque
1444 4012 1645 4086 lingua:
1680 4014 1735 4069 in
1780 4015 1996 4088 signum

408 4108 575 4166 sunt,
608 4114 721 4154 non
783 4100 1035 4157 ﬁdelibus
1066 4141 1081 4166 ,
1118 4102 1217 4157 sed
1282 4101 1595 4160 infidelibus
1633 4123 1646 4159 :
1693 4107 1999 4178 prophetiae

407 4196 591 4244 autem
632 4203 743 4244 non
765 4188 1100 4255 inﬁdelibus,
1144 4190 1244 4247 sed
1266 4190 1549 4249 ﬁdelibus.
1600 4192 1657 4249 Si
1691 4211 1821 4267 ergo
1863 4212 1999 4252 con-

406 4280 593 4338 veniat
618 4282 880 4339 universa
918 4278 1166 4339 Ecclesia
1208 4284 1267 4339 in
1318 4299 1490 4342 unum
1515 4326 1531 4351 ,
1563 4296 1619 4342 et
1661 4303 1852 4345 omnes
1889 4289 1998 4345 lin-

404 4374 531 4446 guis
564 4374 896 4446 loquantur;
920 4376 1129 4431 intrent
1150 4385 1332 4432 autem
1363 4379 1569 4446 idiotze,
1596 4388 1691 4434 aut
1717 4381 1997 4440 infideles:

2100 3305 2308 3376 σίωμα.
2344 3303 2410 3357 Τί
2450 3303 2509 3358 δέ
2539 3305 2658 3358 ἔστι
2706 3305 2907 3374 νήπιον
2935 3300 3079 3359 εἶναι
3116 3304 3286 3377 κακίᾳ
3308 3343 3324 3365 ,
3352 3303 3387 3374 ἢ
3413 3303 3475 3357 τὸ
3502 3302 3579 3372 μὴ
3615 3304 3699 3356 εί-

2096 3399 2246 3453 δέναι
2275 3397 2330 3451 τί
2357 3397 2490 3451 ποτέ
2519 3399 2637 3452 ἐστι
2668 3397 2837 3452 κακία
2863 3415 2879 3465 ;

2176 3597 2195 3631 ι
2245 3578 2333 3631 Ἐν
2348 3575 2425 3649 τῷ
2438 3574 2638 3649 [νόμῳ]
2665 3576 3001 3647 γέγραπται,
3033 3576 3115 3631 ὅτι
3151 3576 3210 3629 ὲν
3242 3572 3696 3647 ἑτερογλώσσοις,

2099 3668 2195 3724 καὶ
2225 3672 2284 3724 ὲν
2340 3670 2581 3741 χείλεσιν
2608 3668 2819 3739 ἑτέροις
2849 3669 3073 3739 λαλήσω
3102 3666 3180 3738 τῷ
3204 3667 3322 3737 λαῷ
3360 3666 3558 3737 τούτῳ,
3599 3667 3705 3719 καὶ

2099 3764 2208 3818 οὐδ’
2242 3763 2417 3831 οὕτως
2446 3763 2772 3818 ἀκούσονταί
2815 3780 2940 3833 μου,
2980 3761 3129 3832 λέγει
3162 3762 3390 3832 Κύριος.
3433 3780 3452 3813 ι

2170 3858 2375 3924 Νόμον
2418 3856 2450 3926 ἡ
2502 3854 2623 3908 θεία
2676 3855 2891 3927 Γραφὴ,
2944 3857 3039 3908 καὶ
3084 3857 3215 3918 τοὺς
3262 3855 3551 3926 προφήτας
3593 3873 3711 3928 φη-

2038 3956 2045 3963 ’
2104 3948 2206 4001 σίν.

2175 4039 2338 4093 Ὥστε
2377 4040 2432 4095 αἱ
2462 4039 2711 4109 γλῶσσαι
2754 4041 2836 4103 εἱς
2883 4040 3113 4109 σημεῖόν
3158 4042 3318 4107 εἰσιν,
3355 4041 3417 4094 οὐ
3457 4043 3573 4104 τοῖς
3606 4058 3712 4094 πι-

2105 4130 2394 4184 στεύουσιν
2414 4168 2429 4195 ,
2459 4130 2600 4183 ἀλλά
2638 4132 2749 4193 τοῖς
2782 4130 3034 4199 ἀπίστοις
3065 4146 3080 4162 ·
3107 4132 3141 4203 ἡ
3176 4132 3235 4187 δὲ
3278 4131 3613 4202 προφητεία,
3635 4133 3711 4187 οὐ

2101 4222 2216 4287 τοῖς
2239 4220 2514 4286 ἀπίστοις,
2553 4219 2691 4275 ἀλλὰ
2715 4221 2828 4282 τοῖς
2871 4219 3241 4274 πιστεύουσιν.
3283 4220 3410 4277 Ἐὰν
3448 4220 3541 4276 οὖν
3573 4238 3716 4277 συν-

2104 4308 2284 4383 έλθῃή
2322 4308 2622 4381 Ἐκκλησία
2652 4309 2748 4380 ὅλη
2782 4310 2875 4362 ἐπὶ
2902 4310 2964 4363 τὸ
2990 4310 3140 4372 αὐτὸ,
3171 4312 3266 4364 καὶ
3299 4311 3499 4373 πάντες
3520 4310 3715 4378 γλώσο

2106 4418 2226 4465 σαις
2262 4400 2526 4466 λαλῶσιν,
2556 4384 2842 4454 εἰσέλθωσι
2892 4400 2949 4453 δὲ
2990 4403 3084 4453 atati.
3127 4400 3354 4464 ἰδιῶται,
3387 4401 3419 4471 ἢ
3449 4399 3715 4467 ἄπιστοι,

405 4480 592 4522 nonne
639 4467 851 4530 dicent,
908 4469 1057 4537 quod
1114 4469 1373 4527 insanitis
1409 4470 1434 4525 i
1465 4470 1521 4525 Si
1573 4479 1754 4526 autem
1806 4488 1995 4532 omnes

2120 4493 2211 4545 σῦκ
2244 4492 2489 4564 ἐροῦσιν,
2523 4492 2604 4545 ὅτι
2639 4491 2932 4563 μαίνεσθε;
2970 4492 3095 4545 Ἐὰν
3135 4492 3190 4545 δὲ
3238 4467 3441 4556 πάντες
3478 4508 3718 4569 apag“-

392 4557 782 4628 .prophetent;
816 4558 984 4614 intret
1019 4570 1203 4616 autem
1235 4563 1359 4631 quis
1392 4562 1631 4619 inﬁdelis
1674 4566 1760 4619 Vel
1807 4567 1995 4633 idiota,

2120 4557 2359 4649 :sétos‘tv,
2398 4583 2617 4655 εἰσέλθῃ
2639 4557 2698 4637 δέ
2727 4602 2811 4646 τις
2846 4557 3100 4649 ἄπιστος,
3130 4584 3162 4655 ἢ
3198 4582 3439 4649 ἰδιώτης,
3477 4557 3722 4653 ὲὲέὶχὲ-

392 4650 763 4707 convincitur
788 4651 860 4706 ab
881 4653 1167 4720 omnibus,
1199 4653 1542 4724 diiudicatur
1573 4655 1643 4709 ab
1679 4661 1937 4717 omnibus
1978 4681 1991 4718 :

394 4752 466 4797 et
505 4742 589 4798 sic
636 4743 854 4799 occulta
885 4744 1071 4799 cordis
1102 4744 1226 4814 ejus
1272 4746 1571 4801 manifesta
1604 4747 1739 4803 tium
1776 4768 1788 4802 :
1826 4761 1880 4808 et
1922 4753 1997 4809 ita

392 4831 612 4889 cadens
633 4833 691 4888 in
718 4832 917 4889 faciem
938 4835 1195 4891 adorabit
1228 4837 1422 4903 Deum,
1451 4842 1821 4909 pronuntians
1847 4847 1996 4915 quod

396 4936 538 4978 were
574 4923 719 4980 Deus
772 4924 833 4979 in
891 4926 1051 4981 vobis
1082 4927 1174 4981 sit.
1229 4925 1373 4993 Quid
1423 4946 1557 5001 ergo
1594 4943 1679 4989 est
1704 4974 1720 4999 ,
1750 4934 2000 4992 fratres?

392 5025 541 5069 eum
590 5016 945 5084 convenitis,
982 5019 1371 5091 unusquisque
1432 5031 1675 5079 vestrum
1722 5030 1995 5096 psalmum

396 5106 575 5163 'babet
600 5144 616 5171 ,
656 5105 964 5162 doctrinam
1017 5109 1204 5175 habet,
1243 5115 1614 5186 apocaiypsim
1671 5116 1857 5184 habet,
1891 5120 1999 5174 lin-

405 5210 568 5273 guam
625 5198 826 5268 habetl,
866 5201 1373 5271 interpretationem
1439 5207 1605 5263 habet
1648 5226 1663 5277 ;
1699 5213 1884 5266 omnia
1927 5213 1993 5267 ad

408 5290 821 5349 mdiiicationem
854 5292 1008 5349 ﬁant.
1042 5294 1169 5352 Sive
1197 5296 1382 5369 lingua
1432 5303 1557 5370 quis
1599 5302 1863 5374 loquitur,
1909 5296 2000 5362 se-

410 5382 652 5438 cundum
681 5381 844 5448 duos,
869 5382 956 5439 vel
1001 5393 1059 5440 ut
1092 5387 1327 5443 multum
1362 5398 1497 5455 tres,
1531 5402 1587 5448 et
1635 5410 1731 5465 per
1764 5406 1950 5465 partes
1980 5416 1995 5465 ;

406 5483 465 5529 at
506 5489 652 5530 unus
700 5475 1115 5547 interpretetur.
1157 5479 1217 5535 Si
1250 5490 1431 5538 autem
1470 5501 1579 5540 non
1614 5486 1782 5543 fuerit
1826 5491 1999 5545 inter-

408 5580 561 5638 pres,
586 5576 770 5623 taceat
806 5570 863 5625 in
916 5569 1164 5629 Ecclesia
1210 5588 1226 5629 :
1262 5576 1369 5631 sibi
1429 5578 1615 5633 autem
1654 5581 1916 5651 loquatur
1945 5591 1999 5638 ct

406 5655 538 5714 Deo.
564 5656 851 5731 Prophetas
905 5675 1085 5721 autem
1118 5666 1229 5721 duo
1284 5677 1379 5723 aut
1407 5677 1523 5727 tres
1556 5672 1761 5739 dicant,
1796 5686 1850 5730 et
1892 5692 1999 5731 ca:-

404 5749 509 5846 leri
547 5749 873 5896 diiudicent.
922 5756 1080 5823 Quod
1111 5760 1157 5815 si
1217 5769 1399 5817 autem
1438 5764 1529 5819 alii
1559 5767 1857 5824 revelatum
1891 5768 2002 5826 fuc-

404 5844 477 5891 rtt
513 5852 572 5893 se
611 5843 746 5896 enti.
779 5860 800 5894 ι
1418 5888 1425 5895 .
1540 5888 1543 5891 -

404 5843 477 5891 rit
513 5843 746 5897 sedenti.
779 5860 800 5894 ι
1418 5888 1425 5895 .
1540 5888 1543 5891 .

2100 4696 2190 4732 ται
2223 4678 2328 4733 ὑπὸ
2360 4678 2604 4744 πάντων,
2625 4678 2985 4749 ἀνακρίνεται
3012 4679 3119 4730 ὑπὸ
3148 4678 3369 4734 πάντων
3395 4694 3408 4707 ο
3430 4677 3526 4730 καὶ
3554 4677 3725 4731 οὕτω

2098 4768 2169 4822 τὰ
2217 4767 2439 4838 κρυπτά
2471 4770 2570 4838 τῆς
2617 4767 2851 4840 καρδίας
2881 4769 3046 4822 αὐτοῦ
3088 4770 3300 4839 φανερά
3336 4770 3570 4838 γίνεται,
3603 4770 3727 4822 καὶ

2100 4859 2242 4914 οὕτω
2288 4858 2471 4914 πεσὼν
2529 4861 2623 4914 ἐπὶ
2671 4863 2965 4931 πρόσωπον
3002 4863 3377 4933 προσκυνήσει
3423 4862 3499 4933 τῷ
3552 4861 3721 4932 Θεῷ,

2101 4952 2490 5021 ἀπαγγέλλων,
2521 4953 2657 5006 ὃτιὸ
2697 4954 2829 5017 Θεὸς
2861 4954 3029 5019 ὅντως
3060 4958 3118 5009 ἐν
3158 4956 3286 5025 ὑμῖν
3335 4957 3472 5011 ἐστι.
3496 4957 3565 5008 Τί
3606 4954 3729 5011 οὖν

2099 5045 2249 5097 ἐστιν
2280 5083 2295 5109 ,
2329 5042 2587 5112 ἀδελφοί;
2641 5045 2771 5097 ὅταν
2835 5046 3176 5121 συνέρχησθε
3203 5087 3218 5110 ,
3249 5048 3480 5110 ἕκαστος
3542 5048 3730 5120 ὑμῶν

2100 5135 2316 5208 ψαλμὸν
2341 5136 2455 5207 ἔχει
2476 5177 2491 5202 ,
2523 5136 2746 5208 διδαχὴν
2778 5137 2894 5208 ἔχει
2920 5177 2933 5203 ,
2961 5138 3216 5207 γλῶσσαν
3245 5139 3387 5211 ἔχει,
3418 5141 3733 5195 ἀποκάλυ-

2100 5229 2194 5298 ψιν
2242 5229 2357 5298 ἔχει
2390 5270 2403 5293 ,
2432 5230 2735 5299 ἑρμηνείαν
2794 5230 2932 5300 ἔχει.
2972 5232 3159 5287 Πάντα
3214 5232 3352 5307 πρὸς
3405 5234 3733 5305 οἰκοδομὴν

2101 5321 2367 5388 γενέσθω.
2410 5321 2535 5399 Εἴτε
2586 5321 2811 5395 γλώσσῃ
2853 5341 2937 5387 τις
2993 5324 3180 5393 λαλεῖ,
3210 5325 3354 5380 κατὰ
3396 5325 3510 5391 δύο,
3551 5327 3587 5399 ἢ
3650 5328 3736 5382 ’τὸ

2102 5382 2354 5468 ⁸ιτλεῖστον
2383 5394 2554 5485 τρεῖς,
2573 5382 2668 5469 καὶ
2697 5382 2811 5470 ἀνέί
2826 5382 3017 5489 μέρος,
3047 5419 3139 5471 καὶ
3164 5382 3251 5484 εἷς
3268 5382 3733 5491 διερμηνευέτω.
3775 5382 3783 5431 ι

2116 5506 2243 5560 Ἐὰν
2292 5506 2347 5559 δὲ
2379 5508 2454 5579 μὴ
2575 5508 3001 5583 διερμηνευτὴς,
3057 5514 3266 5581 σιγάτω
3300 5515 3357 5567 ὲν
3391 5514 3730 5587 ὲκκλησζᾳςο
3790 5514 3795 5517 ’

2104 5599 2281 5669 ἑαυτῷ
2315 5600 2372 5654 δὲ
2404 5600 2670 5667 λαλείτω,
2698 5605 2792 5659 καὶ
2824 5602 2901 5675 τῷ
2941 5602 3081 5676 Θεῷ.
3125 5606 3411 5679 Ιιροφῆται
3442 5608 3501 5662 δὲ
3531 5606 3638 5662 δύο
3687 5609 3733 5679 ἢ

2106 5694 2254 5763 τρεῖς
2294 5692 2648 5759 λαλείτωσαν,
2683 5697 2776 5751 καὶ
2807 5699 2857 5752 οἱ
2907 5699 3058 5753 ἄλλοι
3107 5700 3540 5772 διακρινέτωσαν
3564 5715 3578 5729 ’
3600 5700 3739 5755 ἐὰν

2103 5781 2160 5834 δὲ
2192 5782 2338 5854 ἄλλῳ
2372 5786 2740 5860 ἀποκαλυφθῇ
2776 5790 3097 5864 καθημένῳ.
3137 5813 3156 5846 ι
