3970 6406
380 520 502 585 6.3-5

451 739 474 771 ι
535 720 595 774 '0
629 723 848 793 πρῶτος
881 730 1108 795 σιγάτω.
1152 750 1167 780 ι

447 814 535 866 Οὐ
569 815 676 886 γὰρ
700 817 831 885 ἔδει,
857 821 1051 873 τούτου
1093 823 1407 894 κινηθέντος
1448 830 1581 898 πρὸς
1615 839 1974 907 προφητείαν,

365 906 603 961 ἐκεῖνον
628 908 832 977 λέγειν.

453 1018 476 1051 ε
520 1001 762 1055 Δύνασθε
811 1006 919 1076 γάρ
975 1007 1099 1060 καθ’
1145 1009 1240 1064 ἕνα
1299 1015 1503 1079 πάντες
1563 1023 1930 1092 προφητεύειν
1960 1065 1973 1088 ,

360 1089 472 1144 ῐνα
533 1095 735 1160 πάντες
794 1099 1144 1168 μανθάνωσι,
1200 1105 1294 1158 καὶ
1352 1108 1554 1173 πάντες
1611 1115 1977 1183 παρακαλῶν·

359 1198 492 1238 ται.
551 1203 570 1236 ³

443 1275 632 1331 Τοῦτό
674 1297 846 1351 φησι,
895 1284 987 1335 τὸν
1046 1288 1486 1360 ἐπιστομηθέντα
1540 1299 1973 1371 παραμυθούμε-

355 1387 488 1437 ⁴νος.

451 1486 473 1518 ι
508 1471 623 1524 Καὶ
659 1472 946 1544 πνεύματα
978 1479 1279 1549 προφητῶν
1315 1485 1634 1556 προφήταις
1669 1488 1973 1545 ὑποτάσσε-

350 1574 463 1612 ται
507 1579 528 1612 1

441 1651 572 1703 Ἵνα
604 1653 678 1722 μὴ
730 1654 1036 1722 φιλόνεικός
1085 1677 1172 1723 τις
1226 1658 1285 1734 ᾖ,
1315 1663 1346 1734 ἢ
1399 1664 1676 1734 βάσκανος
1703 1712 1716 1736 ,
1751 1673 1884 1726 αὐτὸ
1913 1675 1973 1728 τὸ

351 1739 626 1812 χάρισμα
667 1744 939 1800 δείκνυσιν
970 1749 1434 1822 ὑποτασσόμενον,
1473 1762 1717 1831 Πνεῦμα
1746 1764 1854 1835 γὰρ
1885 1769 1973 1820 ἐν-

349 1833 553 1887 ταῦθα
600 1836 698 1904 τὴν
746 1838 1031 1910 ἐνέργειαν
1083 1844 1263 1913 λέγει·
1305 1849 1352 1900 εἰ
1399 1849 1456 1901 δὲ
1492 1853 1554 1904 τὸ
1587 1855 1806 1924 πνεῦμα
1827 1833 1972 1911 -ὑπο-

347 1926 658 1991 τάσσεται,
695 1930 872 2000 πολλῴ
899 1933 944 1984 δ’
967 1933 1034 1987 ἂν
1067 1935 1151 1989 σύ.

1557 539 1638 599 ΙΝ
1658 540 1892 602 EPIST-
1935 544 2032 602 AD
2072 544 2435 608 CORINTH.
2461 548 2511 607 Ι.

451 629 754 684 Τουτὲστιν
785 632 1068 704 ἔκπληξιν,
1106 638 1208 692 οὐκ
1247 641 1322 703 εἰς
1370 646 1675 716 κατήχησιν
1706 651 1979 704 τοσοῦτον.
2018 659 2059 711 Α

2160 653 2272 708 lloc
2307 665 2408 720 est,
2439 658 2505 710 ad
2534 663 2834 727 stuporem,
2863 674 2969 715 non
3004 664 3071 716 ad
3103 664 3530 721 institutionem.

2170 766 2186 796 ι
2219 750 2378 802 Prior
2409 756 2611 803 taceat.
2649 768 2668 798 ι

2155 841 2275 895 Non
2328 843 2473 896 enim
2523 851 2954 898 consentaneum
3014 855 3168 910 erat,
3207 859 3268 901 ut
3299 851 3405 905 isto
3437 853 3505 906 ad
3540 868 3664 922 pro-

2086 933 2325 1001 phetiam
2357 933 2742 988 cﬂ‘undendam
2767 937 3034 1000 excitato,
3067 937 3155 991 ille
3179 939 3454 1010 loquatur.

2161 1023 2323 1079 Vens.
2377 1025 2464 1079 51.
2502 1045 2520 1077 ι
2567 1026 2807 1083 Potestis
2849 1029 2992 1083 enim
3034 1044 3228 1084 omnes
3274 1047 3371 1100 per
3419 1034 3668 1104 singulos

2083 1117 2432 1187 prophetare,
2463 1126 2522 1172 ut
2555 1135 2747 1174 omnes
2781 1121 3017 1186 discant,
3043 1130 3099 1176 et
3143 1136 3335 1177 omnes
3369 1125 3670 1181 exhorten-
3743 1191 3746 1200 ι

2083 1219 2245 1262 ιυτ..

2155 1294 2269 1350 Hoc
2298 1297 2392 1364 ait,
2431 1308 2488 1353 ut
2518 1313 2641 1353 eum
2671 1301 2766 1369 qui
2808 1300 2958 1370 loqui
2992 1301 3308 1370 prohibitus
3337 1303 3434 1368 sit,
3460 1305 3669 1362 demul-

2079 1397 2220 1443 ceat.

2150 1480 2318 1537 Vens.
2353 1483 2442 1537 52.
2486 1503 2503 1535 ι
2541 1483 2605 1536 Ει
2654 1485 2888 1553 spiritus
2942 1487 3335 1558 prophetarum
3384 1491 3668 1560 prophetis

2072 1573 2312 1642 subjecti
2344 1582 2492 1629 sunt.
2533 1595 2550 1626 ι

2145 1666 2226 1722 Ne
2279 1667 2403 1736 quis
2453 1669 2834 1725 contentiosus
2885 1671 3142 1733 exsistat,
3174 1679 3270 1726 aut
3316 1673 3662 1739 invidiosus,

2079 1760 2321 1814 declarat
2352 1761 2644 1830 ipsummet
2673 1761 2882 1814 donum
2907 1764 3190 1817 subditum
3223 1781 3367 1819 esse.
3393 1765 3492 1820 Hic
3516 1767 3663 1820 enim

2078 1853 2299 1918 spiritus
2321 1853 2543 1908 nomine
2585 1855 2965 1923 operationem
3012 1857 3216 1910 innuit.
3249 1857 3407 1923 Quod
3451 1859 3498 1913 si
3550 1859 3665 1930 spi-

2079 1942 2218 1994 ritus
2251 1941 2566 2010 Sulnjicitur,
2594 1953 2649 1996 tu
2687 1959 2908 2014 quoque
2940 1960 2970 1999 a
3001 1945 3236 2001 fortiori.

437 2035 462 2067 σ
507 2020 587 2071 Οὐ
644 2021 753 2089 γάρ
804 2025 956 2076 ἐστιν
1009 2021 1426 2097 ἀκαταστασίας
1471 2039 1501 2088 ὁ
1541 2035 1694 2102 Θεὸς,
1725 2039 1864 2092 ἀλλὰ
1892 2045 1951 2095 εἰ·

2145 2030 2314 2086 Vsns.
2366 2033 2454 2086 '55.
2510 2051 2528 2084 ι
2578 2033 2695 2088 Νοη
2739 2037 2888 2090 enim
2937 2047 3021 2091 est
3072 2037 3441 2095 dissensionis
3492 2037 3656 2105 Deus,

356 2111 548 2181 ρήνης
575 2153 588 2176 ,
619 2113 694 2177 ὡς
747 2115 804 2166 ἐν
858 2116 1062 2180 πάσαις
1105 2124 1223 2184 ταῖς
1271 2125 1623 2196 Ἐκκλησιαις
1653 2130 1762 2183 τῶν
1791 2133 1964 2200 ἁγίων

346 2201 755 2275 διατάσσομαι.
803 2226 822 2258 ι

432 2297 729 2351 Δείκνυσιν
762 2299 840 2363 ὡς
868 2301 967 2354 καὶ
996 2303 1075 2372 τῷ
1107 2302 1227 2376 Θεῷ
1267 2304 1428 2359 τοῦτο
1453 2307 1618 2376 δοκεῖ,
1652 2309 1738 2364 ἵνα.
1785 2316 1962 2384 κρῖμα

348 2384 553 2456 ἔχωνὸ
582 2391 1060 2460 ἀντιταττόμενος,
1091 2395 1166 2466 μὴ
1201 2397 1502 2469 φιλονεικῇ.

441 2495 466 2529 ι
504 2482 568 2532 Αἱ
603 2485 863 2548 γυναῖκες
890 2486 948 2537 ὲν
977 2487 1097 2549 ταῖς
1131 2488 1487 2559 Ἐκκλησίαις
1525 2493 1959 2561 σιγάτωσαν.οὐ

354 2570 476 2640 γάρ
509 2573 870 2642 ἐπιτρέπεται
910 2577 1103 2640 αὑταῖς
1134 2577 1340 2642 λαλεῖν,
1376 2581 1492 2632 ἀλλ’
1531 2582 1960 2640 ὑποτασσέσθω-

359 2675 502 2722 σαν,
537 2660 718 2725 καθὼς
763 2665 859 2742 καλ⁷
891 2668 919 2718 ὁ
957 2666 1122 2736 νόμος
1151 2667 1322 2736 λέγει.
1355 2671 1419 2723 Et
1461 2671 1516 2724 δέ
1554 2689 1606 2724 τι
1635 2674 1828 2744 μαθεῖν
1869 2677 1961 2730 θέ-

355 2749 531 2805 λωσιν
563 2754 622 2805 ἐν
663 2753 820 2824 οἴκῳ,
853 2756 981 2820 τοὺς
1039 2757 1205 2821 ἰδίους
1250 2761 1452 2831 ἄνδρας
1497 2764 1956 2835 ἐπερωτάτωσαν.

357 2843 600 2913 Αίσχρὸν
629 2846 740 2916 γάρ
768 2849 888 2901 ἐστι
919 2851 1144 2917 γυναικὶ
1181 2851 1364 2907 λαλεῖν
1403 2856 1464 2907 ἐν
1500 2855 1824 2931 Ἐκκλησία.
1865 2881 1881 2912 ι

438 2937 743 3007 Περικόψας
774 2939 864 2992 τὸν
892 2940 1124 3013 θόρυϐον
1153 2945 1245 2996 τὸν
1268 2945 1378 2997 άπὸ
1399 2946 1506 3001 τῶν
1542 2949 1830 3015 γλωσσῶν,
1861 2955 1956 3006 καὶ

358 3026 471 3079 τῶν
522 3033 888 3098 προφητειῶν,
919 3034 1107 3088 λοιπὸν
1161 3037 1254 3089 ἐπὶ
1287 3039 1387 3108 τὴν
1441 3041 1690 3112 ταραχὴν
1725 3044 1824 3112 τὴν
1851 3045 1958 3097 ἀπὸ

360 3118 471 3172 τῶν
517 3123 793 3187 γυναικῶν
848 3128 1143 3198 γινομένην
1205 3129 1546 3198 μεταϐαίνει,
1584 3131 1681 3202 τὴν
1727 3134 1956 3204 ἄκαιρον

362 3211 539 3264 αὐτῶν
567 3215 854 3268 ἐκκόπτων
892 3220 1228 3289 παρρησίαν,
1267 3223 1361 3273 καὶ
1409 3221 1616 3294 σφόδρα
1658 3224 1952 3297 εὐκαίρως,

364 3303 432 3354 El
460 3304 565 3372 γὰρ
593 3307 706 3367 τοῖς
736 3305 805 3358 τά
836 3307 1157 3377 χαρίσματα
1198 3308 1418 3379 ἔχουσιν
1452 3313 1640 3375 ἁπλῶς
1668 3316 1767 3368 οὐκ
1801 3318 1952 3385 ἐφίε-

359 3409 452 3445 ται
506 3393 709 3457 λαλεῖν,
745 3395 924 3466 πολλῷ
957 3398 1158 3466 μᾶλλον
1214 3401 1475 3463 ὲκείναις.
1504 3403 1644 3467 Τοὺς
1673 3405 1871 3476 ἄνδρας
1894 3408 1951 3460 δὲ

359 3486 642 3556 ἐφίστησιν
677 3489 857 3541 αὐτῶν
885 3490 1244 3557 διδασκάλους
1266 3533 1280 3554 ,
1320 3494 1672 3568 ἀμφοτέρους
1702 3499 1947 3567 ὠφελῶν.

373 3576 615 3641 Ἒκείνας
658 3579 768 3648 γὰρ
799 3581 1034 3651 κοσμίας
1063 3586 1491 3653 κατασκευάζει,
1521 3588 1744 3653 τούτους
1773 3591 1829 3643 δὲ
1865 3593 1950 3644 ὲν-

357 3669 623 3737 ιγωνίους
654 3673 819 3736 ποιεῖ,
839 3671 935 3725 ἆτε
964 3672 1027 3744 δὴ
1059 3673 1354 3743 μέλλοντας
1378 3676 1522 3748 άπερ
1543 3678 1784 3750 ἤκουσαν
1811 3683 1949 3751 μετὰ

356 3761 560 3833 πολλῆς
591 3764 883 3834 ἀκριϐείας
933 3767 1055 3829 ταῖς
1087 3767 1305 3834 γυναιξὶ
1353 3771 1775 3841 παρατίθεσθαι.
1807 3774 1950 3845 Ὅρα

354 3851 416 3903 δὲ
439 3851 547 3904 ἀπὸ
578 3853 760 3907 πόσων
793 3853 953 3908 τοῦτο
982 3855 1408 3922 κατασκευάζει.
1442 3859 1666 3929 Πρῶτον
1692 3861 1790 3930 μὲν
1839 3863 1947 3916 ἀπὸ

351 3941 451 3994 τοῦ
497 3943 661 4012 νόμου
691 3943 786 3997 τοῦ
838 3944 998 4012 Θεοῦ,
1033 3946 1231 3999 ἔπειτα
1273 3948 1380 4001 ἀπὸ
1412 3948 1508 4002 τοῦ
1555 3950 1820 4023 λογισμοῦ
1849 3951 1944 4008 τοῦ

355 4032 538 4086 κοινοῦ
579 4034 674 4087 καὶ
718 4034 819 4103 τῆς
871 4034 1187 4105 συνηθείας.
1216 4036 1362 4106 Πρὸς
1382 4038 1440 4091 δὲ
1472 4038 1683 4103 τούτοις
1714 4043 1808 4094 καὶ
1836 4044 1943 4096 ἀπὸ

350 4124 464 4179 Δθῶν
509 4126 644 4178 πᾶσι
675 4124 986 4179 δοκούντων
1016 4128 1111 4181 καὶ
1146 4127 1428 4199 πάνταχοῦ
1463 4131 1824 4185 τυπωθὲντων
1858 4134 1943 4187 ἐν-

352 4215 563 4284 τρέπει.
621 4215 795 4269 Τοῦτο
844 4217 954 4286 γάρ
1009 4219 1159 4270 ἐστιν
1193 4218 1221 4270 ὃ
1251 4219 1422 4288 λέγει,
1455 4222 1532 4276 ’Ἠ
1583 4222 1685 4291 ἀφ’
1717 4222 1884 4292 ὑμῶν
1908 4229 1941 4278 ό

351 4309 534 4377 ,λόγος
577 4309 686 4364 τοῦ
719 4309 870 4364 Θεοῦ
903 4309 1238 4380 ἐξῆλθεν,ἣ
1281 4316 1369 4378 εἰς
1403 4313 1560 4382 ὑμᾶς
1581 4318 1780 4383 μόνον
1809 4333 1940 4370 κατ-

349 4399 619 4467 ήντησε;
646 4402 754 4456 Καὶ
773 4402 882 4474 γὰρ
909 4403 1008 4464 τὰς
1053 4403 1247 4466 λοιπὰς
1291 4404 1619 4474 Ἐκκλησίας
1644 4407 1935 4477 παρήγαγε

346 4493 542 4548 τοῦτον
585 4495 976 4560 πιστευθείσας
1019 4497 1113 4549 τὸν
1159 4497 1345 4567 νόμον.
1389 4499 1462 4550 Οὐ
1523 4500 1686 4567 μόνον
1718 4499 1776 4553 δὲ
1830 4501 1937 4553 ἀπὸ

345 4584 576 4650 τούτων,
618 4586 756 4640 ἀλλὰ
785 4587 880 4639 καὶ
908 4587 1046 4657 ὅπερ
1080 4583 1148 4657 ἦν
1179 4588 1529 4658 ίσχυρότερον
1586 4590 1830 4653 πάντων,
1857 4591 1938 4644 τί·

2069 2126 2164 2182 sed
2201 2128 2353 2196 pacis
2385 2145 2398 2180 :
2428 2129 2573 2182 sicut
2623 2137 2678 2183 et
2729 2129 2782 2183 in
2819 2132 3075 2186 omnibus
3109 2131 3378 2194 Ecclesiis
3431 2144 3658 2190 sancto-

2067 2232 2188 2271 rum
2223 2204 2418 2274 doceo.
2450 2239 2468 2271 ι

2135 2309 2392 2365 Ostendit
2445 2313 2548 2366 hoc
2592 2329 2814 2384 quoque
2861 2314 2970 2370 Deo
3003 2315 3246 2383 placere,
3276 2330 3347 2372 ne
3395 2317 3658 2374 adversa-

2063 2399 2180 2456 rius
2201 2410 2418 2471 arrepta
2443 2407 2739 2459 occasione
2763 2406 3099 2461 contendere
3131 2407 3290 2462 velit.

2138 2492 2300 2549 Vens.
2326 2495 2418 2560 54,
2445 2496 2565 2550 55.‹
2591 2495 2851 2554 Mulieres
2877 2498 2933 2552 in
2966 2497 3230 2554 Ecclesiis
3260 2506 3478 2555 taceant
3503 2517 3517 2553 :
3547 2515 3656 2556 non

2062 2586 2206 2640 enim
2241 2588 2578 2658 permittitur
2622 2590 2704 2642 eis
2738 2590 2911 2658 loqui,
2947 2590 3042 2646 sed
3075 2590 3326 2646 subditas
3357 2599 3522 2656 esse,
3555 2594 3656 2648 sic-

2064 2686 2120 2731 ut
2147 2686 2198 2732 ct
2231 2679 2313 2734 lex
2345 2680 2498 2734 dicit.
2542 2680 2599 2734 Si
2631 2681 2760 2750 quid
2797 2689 2981 2736 autem
3009 2683 3202 2736 volunt
3235 2684 3472 2750 discere,
3501 2685 3650 2738 domi

2062 2773 2209 2826 viros
2234 2787 2364 2826 suos
2395 2773 2760 2844 interrogent.
2781 2773 2967 2844 Turpe
2997 2783 3082 2830 est
3120 2777 3266 2830 enim
3318 2778 3534 2832 mulieri
3564 2778 3650 2831 lo-

2061 2864 2154 2932 qui
2189 2863 2245 2917 in
2275 2853 2543 2918 Ecclesia.
2588 2884 2606 2915 ι

2132 2950 2393 3006 Tumultu
2434 2955 2765 3022 composito,
2803 2954 2894 3023 qui
2926 2957 3220 3010 occasione
3245 2957 3514 3010 donorum
3545 2959 3645 3010 Iin-

2059 3056 2292 3111 guarum
2339 3051 2394 3097 et
2439 3044 2741 3113 prephetiae
2786 3054 2944 3100 ortus
3004 3057 3147 3109 erat,
3179 3049 3373 3100 transit
3414 3047 3478 3099 ad
3510 3056 3642 3103 stre.

2057 3135 2234 3202 pilum
2281 3150 2442 3202 quem
2497 3137 2758 3189 mulieres
2811 3137 3166 3200 excitarent,
3193 3147 3246 3192 et
3281 3139 3646 3208 importunam

2056 3221 2364 3277 libertatem
2396 3239 2585 3278 carum
2627 3225 2958 3295 comprimit,
2987 3225 3155 3295 idque
3204 3229 3456 3296 apposite
3489 3243 3644 3296 pror-

2057 3328 2174 3369 sus.
2200 3313 2494 3369 Enimvero
2533 3316 2578 3369 si
2633 3317 2702 3372 iis
2762 3317 2857 3386 qui
2894 3319 3515 3388 praeditiessentdonis,
3547 3335 3642 3374 ne-

2055 3404 2275 3472 quidem
2307 3419 2570 3459 concessa
2595 3414 2714 3459 erat
2745 3407 3005 3475 loquendi
3037 3407 3283 3470 licentia,
3327 3410 3499 3463 multo
3529 3425 3643 3464 ma-

2055 3494 2137 3563 gis
2170 3495 2312 3548 istis.
2346 3493 2511 3550 Viros
2557 3511 2722 3566 porro
2755 3498 3046 3551 constituit
3069 3498 3166 3568 qui
3212 3515 3305 3554 eas
3334 3502 3642 3566 erudirent,

2054 3586 2202 3642 haud
2226 3589 2346 3643 sine
2379 3596 2744 3659 utrorumque
2791 3590 3187 3646 emolumento.
3218 3592 3346 3647 lllas
3371 3594 3516 3648 enim
3551 3595 3641 3650 ho-

2053 3688 2238 3735 nestas
2297 3696 2420 3736 esse
2453 3682 2569 3735 vult
2600 3698 2614 3747 ;
2651 3683 2751 3736 hos
2802 3692 2986 3738 autem
3023 3684 3294 3740 instantes
3339 3688 3492 3756 operi
3526 3705 3540 3742 :
3583 3695 3644 3742 ut

2053 3788 2248 3840 nempe
2278 3787 2341 3828 ea
2372 3787 2495 3843 quae
2551 3775 2847 3841 audirent,
2875 3775 3147 3830 uxoribus
3181 3778 3328 3831 omni
3359 3778 3644 3849 diligentia

2049 3865 2363 3920 recitarunt.
2387 3865 2600 3935 Inspice
2623 3881 2753 3920 vero
2775 3865 2980 3936 quibus
3011 3868 3064 3922 id
3092 3870 3386 3924 momentis
3407 3879 3640 3925 astruat.

2049 3955 2295 4009 Primum
2335 3957 2554 4026 quidem
2592 3972 2622 4009 a
2671 3957 2786 4026 lege
2835 3957 2928 4012 Dei
2971 3958 3220 4022 ;dcinde
3273 3975 3302 4014 a
3356 3962 3642 4016 communi

2047 4065 2214 4103 sensu
2248 4055 2302 4102 et
2359 4049 2782 4105 consuetudine.
2818 4049 2896 4102 Ad
2950 4051 3065 4103 haec
3112 4052 3278 4104 etiam
3332 4067 3427 4108 eos
3469 4054 3642 4124 pudc-

2049 4123 2178 4195 faciz
2209 4156 2238 4193 a
2266 4141 2547 4194 communi
2577 4129 2824 4194 omnium
2862 4141 3161 4204 sententia,
3187 4151 3241 4197 et
3268 4143 3337 4196 iis
3370 4135 3495 4214 quae
3521 4145 3641 4198 ubi-

2042 4249 2149 4302 que
2197 4232 2403 4286 sancita
2451 4239 2628 4286 erant.
2678 4230 2789 4284 Hoc
2838 4233 2982 4285 enim
3029 4232 3324 4301 significat,
3357 4236 3448 4289 ubi
3512 4236 3634 4290 alt:

2045 4322 2303 4393 Nunquid
2339 4341 2371 4376 a
2401 4323 2544 4378 vobis
2576 4321 2736 4395 Illi,
2771 4321 3122 4378 V’erbumDei
3150 4327 3406 4393 processit
3432 4328 3459 4380 .’
3490 4343 3558 4381 an
3582 4330 3637 4382 in

2042 4434 2129 4470 vos
2167 4415 2342 4470 solum
2375 4417 2648 4485 pervenit?
2676 4415 2808 4468 Nam
2843 4415 3120 4471 Ecclesias
3155 4431 3347 4472 omnes
3374 4418 3636 4475 laudave-

2041 4521 2148 4579 rat,
2186 4511 2387 4582 quibus
2418 4511 2689 4580 ejusmodi
2721 4511 2806 4564 lex
2839 4510 3161 4565 concredita
3196 4520 3337 4566 erat.
3360 4510 3503 4577 Quin
3537 4527 3637 4567 nec

2041 4602 2166 4658 istis
2195 4602 2463 4656 duntaxat
2512 4602 2850 4671 argumentis
2910 4603 3106 4663 utitur,
3131 4601 3223 4656 sed
3257 4612 3306 4655 et
3352 4602 3501 4674 quod
3533 4620 3635 4658 cae-

346 4673 474 4746 θησι
503 4678 565 4732 τὸ
613 4679 695 4732 ὅτι
723 4680 784 4732 '0
817 4679 950 4742 Θεὸς
997 4680 1172 4733 ταῦτα
1223 4681 1322 4732 καὶ
1367 4681 1463 4733 νῦν
1510 4682 1839 4752 προστάττει
1870 4685 1936 4737 δι’

2072 4695 2177 4750 eris
2230 4693 2490 4747 omnibus
2548 4692 2782 4746 validius
2838 4700 2958 4755 est,
3001 4690 3110 4745 hoc
3160 4691 3309 4745 addit
3346 4673 3499 4746 :Per
3548 4707 3633 4746 me

347 4768 501 4838 ἐμοῦ.
556 4771 877 4825 Γινωσκέτω
929 4772 1040 4840 γάρ
1095 4772 1270 4825 ταῦτα
1316 4773 1352 4826 a
1388 4774 1606 4842 γράφω,
1641 4776 1830 4845 φησιν,
1860 4775 1941 4829 ὅτι

345 4861 551 4933 Κυρίου
591 4863 732 4917 εἰσὶν
763 4862 998 4922 ἔντολαί.

417 5063 437 5095 ι
481 5047 553 5098 Ἦ
585 5048 678 5116 ἀφ’
719 5045 875 5116 ὑμῶν
911 5046 940 5095 ὁ
987 5045 1147 5113 λόγος
1187 5046 1283 5099 τοῦ
1331 5045 1467 5098 Θεοῦ
1503 5044 1764 5115 ἐξῆλθεν;
1797 5046 1829 5116 ἢ
1860 5049 1939 5110 εἰς

343 5137 490 5206 ὑμᾶς
528 5139 723 5207 μόνους
745 5139 1128 5208 κατήντησεν;
1166 5137 1232 5190 E't'
1277 5154 1360 5199 τις
1405 5137 1556 5190 δοκεῖ
1608 5138 1895 5208 προφήτης
1920 5178 1936 5203 ,

343 5225 501 5296 εἶναι,
524 5230 562 5300 ἦ
593 5230 984 5299 πνευματικὸς,
1027 5227 1442 5296 ἐπιγινωσκέτω
1473 5227 1509 5280 ἃ
1538 5227 1735 5298 γράφω
1765 5227 1898 5294 ὑμῖν
1918 5267 1934 5292 ,

339 5323 422 5375 ὅτι
462 5324 670 5392 Κυρίου
704 5323 843 5375 εἰσὶν
877 5321 1117 5388 ἐντολαί.
1165 5339 1182 5371 ι

413 5416 553 5468 Οὔτε
580 5416 686 5486 γάρ
711 5414 869 5468 τοῦτο
896 5415 963 5467 ἂν
986 5413 1159 5484 ἔχοιτε
1176 5416 1348 5466 εἰπεῖν
1365 5455 1379 5478 ,
1403 5413 1591 5483 φησὶν,
1625 5414 1706 5466 ὅτι
1741 5413 1934 5481 Ἡμεῖς

337 5506 447 5559 τῶν
477 5507 656 5562 ἄλλων
681 5506 995 5560 διδάσκαλοι
1031 5504 1357 5575 ἐγενόμεθα,
1396 5506 1488 5556 καὶ
1513 5505 1614 5556 οὐκ
1644 5505 1711 5556 ἂν
1741 5503 1823 5571 εἴη
1834 5517 1934 5570 μεν

340 5600 539 5654 δίκαιοι
597 5602 726 5672 παρ’
776 5601 979 5671 ἑτέρων
1029 5599 1326 5672 μανθάνειν
1354 5615 1366 5627 ·
1401 5597 1527 5650 οὔτε
1575 5597 1655 5649 ὅτι
1698 5592 1932 5647 ἐνταῦθα

341 5690 468 5761 ἔστη
500 5690 569 5743 τὰ
593 5692 694 5760 τῆς
721 5691 960 5754 πίστεως
990 5689 1172 5760 μόνον,
1210 5690 1302 5742 καὶ
1331 5690 1389 5741 οὗ
1425 5689 1528 5758 χρὴ
1570 5687 1700 5754 παρ’
1728 5684 1930 5754 ἐτέρων

340 5784 407 5837 τὰ
439 5783 871 5853 παραδείγματα
897 5783 1166 5853 δέχεσθαι.

411 5900 431 5931 ι
463 5881 527 5933 ΕΞ
565 5880 624 5932 δέ
656 5898 735 5943 τις
765 5881 972 5948 ἀγνοεῖ,
998 5878 1280 5946 ἀγνοείτω.
1322 5897 1341 5928 ι

406 5973 566 6035 Τίνος
613 5973 801 6025 ἕνεκεν
845 5972 1001 6026 τοῦτο
1055 5973 1331 6038 ὲπὴγαγε;
1363 5968 1642 6022 Δείκνυσιν
1688 5968 1766 6019 ὅτι
1798 5966 1920 6020 οὔτε

2046 4785 2192 4840 Deus
2245 4801 2391 4840 nunc
2441 4799 2660 4854 quoque
2692 4785 2807 4838 haec
2842 4782 3080 4836 ordinat.
3116 4783 3315 4836 Notum
3361 4783 3434 4837 sit
3463 4783 3628 4848 enim,

2045 4877 2272 4946 inquit,
2300 4890 2367 4931 ea
2425 4892 2546 4944 qme
2605 4874 2769 4928 modo
2824 4875 3049 4938 scribo,
3082 4873 3295 4928 Domini
3358 4885 3629 4945 praecepta

2043 4981 2186 5022 CSSC.

2117 5059 2282 5111 Vens.
2305 5057 2396 5124 56,
2422 5058 2509 5111 '57.
2536 5074 2553 5106 ι
2578 5058 2658 5109 An
2693 5071 2722 5108 a
2757 5055 2912 5109 vobis
2938 5055 3164 5108 verbum
3198 5053 3290 5109 Dei
3326 5052 3630 5124 processit?

2041 5163 2110 5203 an
2139 5148 2194 5202 in
2226 5163 2325 5202 vos
2356 5148 2533 5202 solum
2564 5146 2810 5215 pervenit
2832 5146 2854 5197 ?
2874 5144 2930 5197 Si
2960 5145 3084 5213 quis
3117 5145 3333 5199 videtur
3364 5145 3628 5215 propheta

2040 5254 2183 5302 esse,
2222 5245 2318 5292 aut
2364 5237 2692 5306 spiritualis,
2727 5244 3027 5305 cognoscat
3058 5249 3178 5304 qum
3231 5235 3415 5290 scribo
3444 5237 3623 5302 vobis,

2039 5331 2166 5400 quia
2201 5329 2568 5383 Dominisunt
2615 5327 2894 5380 mandata.
2937 5345 2958 5376 ι

2109 5418 2298 5490 Neque
2332 5419 2480 5474 enim
2533 5419 2639 5472 hoc
2695 5418 2879 5473 dicere
2933 5418 3186 5488 possitis,
3217 5418 3416 5488 inquit,
3449 5417 3624 5473 factos

2036 5525 2134 5566 vos
2163 5525 2284 5565 esse
2317 5511 2575 5564 doctores
2634 5508 2894 5573 aliorum,
2943 5524 3050 5564 nec
3099 5509 3328 5579 proinde
3374 5524 3476 5578 par
3501 5523 3625 5566 esse

2037 5614 2093 5657 ut
2124 5603 2192 5656 ab
2232 5602 2356 5655 aliis
2409 5601 2680 5656 discatis:
2716 5609 2810 5654 aut
2869 5602 3016 5670 quod
3080 5601 3204 5654 ﬁdei
3257 5603 3534 5670 negotium
3567 5603 3623 5656 in

2034 5692 2138 5748 hoc
2169 5692 2437 5746 duntaxat
2461 5693 2910 5760 constiterit,nec
2942 5708 3078 5763 opus
3110 5692 3178 5746 sit
3210 5693 3280 5748 ab
3301 5693 3421 5747 aliis
3438 5707 3620 5749 exem-

2031 5785 2116 5851 pla
2157 5799 2398 5839 sumere.
3253 5805 3256 5808 '
3613 5785 3622 5810 "

2105 5875 2266 5930 Vens.
2304 5875 2396 5930 58.
2436 5895 2454 5928 ι
2496 5878 2552 5934 Si
2585 5877 2708 5948 quis
2740 5879 2972 5946 ignorat,
3007 5876 3237 5946 ignoret.
3273 5891 3291 5924 ι

2106 5968 2214 6021 Cur
2265 5967 2436 6023 verbo
2494 5967 3200 6038 hoc'subjunxit?utique
3251 5973 3308 6016 ut
3353 5959 3603 6016 ostendat
