3970 6404
414 533 521 598 63⁸1
1623 519 1684 575 S.
1724 513 2047 575 JUANNIS
2083 508 2514 570 DAMASCENI
3589 500 3675 566 688

297 692 301 696 .
418 661 480 702 se
505 652 848 714 nequaquam
878 636 985 690 vim
1048 631 1272 698 inferre,
1307 643 1408 686 nec
1451 631 1784 684 contendere
1819 643 1832 678 :
1861 648 1865 672 ι

2115 621 2387 692 βιάζεται,
2416 619 2539 673 οὔτε
2567 619 2896 688 φιλονεικεῖ’
2925 618 3062 688 ὅπερ
3092 617 3319 687 σημεῖόν
3350 619 3464 668 ἐστι
3500 615 3600 668 τῶν
3625 618 3677 670 οὐ

421 738 582 808 plane
611 740 939 805 argumento
959 735 1065 792 est,
1098 739 1222 782 eum
1254 739 1322 779 ex
1349 722 1460 777 illis
1491 735 1600 776 non
1627 733 1750 775 esse
1785 716 1878 788 qui
1902 729 1989 770 sua

2111 715 2180 767 τὰ
2206 713 2388 768 αὐτῶν
2423 711 2766 783 βουλομένων
2799 711 2974 780 ιστᾷν.
3002 709 3138 762 ἀλλὰ
3164 709 3223 762 τὸ
3257 708 3468 779 ἑτέροις
3492 709 3679 779 συμφέ-

423 799 898 887 statuere-‘velint,
931 817 1028 874 sed
1085 832 1148 872 ex
1208 814 1291 868 eis
1335 811 1430 884 qui
1487 807 1811 881 provideant
1857 803 1991 867 aliis,

2117 821 2202 875 ρον
2235 803 2605 857 σκοπούντων.
2634 801 2727 854 Διὸ
2772 803 2866 854 καὶ
2899 799 3136 870 ἀλλαχοῦ
3183 816 3349 871 φησιν
3373 815 3387 828 ·
3418 801 3488 853 El
3513 799 3577 852 δέ
3607 817 3685 864 τις

422 917 705 992 quaeipsis
751 914 910 971 utilia
951 911 1082 968 sint.
1117 907 1273 964 Unde
1293 911 1366 960 -et
1407 901 1609 958 alicubi
1637 901 1755 954 ait:
1799 896 1859 952 Si
1887 895 1990 967 qui:

2119 895 2632 964 δοκεῖφιλόνεικος
2680 890 2853 961 εἶναι,
2905 893 3020 961 τὴν
3065 894 3351 960 τοιαύτην
3374 891 3687 957 συνήθειαν

421 1005 921 1068 ιαιιτοηιεηιὶοεκε
948 1016 1081 1065 esse,
1115 1015 1209 1053 nos
1244 994 1403 1049 talem
1434 988 1873 1046 consuetudinem
1905 1001 1989 1040 nor

2118 989 2224 1042 οὐκ
2264 987 2504 1057 ἔχομεν.
2550 986 2690 1040 Ἀλλ’
2729 988 2790 1040 οὐ
2852 984 3129 1055 πανταχοῦ
3167 984 3324 1038 τοῦτο
3378 985 3556 1048 ποιεῖ,
3587 981 3686 1036 ἀλλ’

425 1104 696 1160 habemus.
756 1095 1081 1165 Quanquam
1138 1104 1248 1145 non
1328 1086 1533 1156 ubique
1581 1082 1632 1138 id
1703 1079 1993 1144 facit,sct

2122 1081 2242 1136 ἔνθα
2272 1080 2348 1152 μὴ
2370 1079 2578 1150 σφόδρα
2610 1078 2823 1148 μεγάλα
2846 1077 2914 1132 τὰ
2936 1075 3367 1148 ἁμαρτανόμενα
3392 1071 3448 1148 ᾖ.
3473 1075 3567 1127 καὶ
3586 1074 3690 1126 τότε

424 1195 648 1268 quando
673 1189 820 1246 haud
872 1185 1030 1243 valde
1079 1180 1266 1254 gravia
1301 1187 1528 1250 peccata
1563 1180 1693 1230 sunt
1727 1191 1741 1228 ;
1773 1182 1992 1239 tuncqtu

2123 1172 2396 1243 ἐντρέπων
2430 1171 2653 1241 μᾶλλον.
2703 1170 2857 1225 Ἐπεὶ
2885 1170 3013 1224 ὅταν
3055 1169 3183 1240 περὶ
3214 1168 3417 1238 ἑτέρων
3451 1165 3691 1235 διαλέγη-

426 1258 486 1344 ut
514 1285 727 1358 pudore
756 1281 966 1352 majore
1008 1271 1309 1331 suﬂundat.
1350 1268 1484 1324 Nam
1527 1265 1750 1338 quando
1793 1262 1861 1318 de
1890 1261 1994 1315 alii:

2153 1282 2225 1331 αι,
2279 1263 2339 1316 οὐ
2392 1262 2539 1332 λέγει
2577 1261 2770 1356 οὕτως.
2815 1261 2977 1315 Ἀλλὰ
3023 1260 3138 1325 πῶς
3171 1278 3186 1328 ;
3224 1261 3324 1328 Μὴ
3371 1258 3721 1316 mlas-6008.,

427 1345 692 1450 disputat,
725 1345 938 1430 nonvita
983 1366 1245 1438 loquitur.
1278 1361 1514 1428 Quinam
1541 1372 1676 1415 vero
1706 1358 1730 1412 ἲ
1760 1354 1843 1409 Ne
1874 1367 1995 1408 erret

2128 1355 2257 1410 οὔτε
2284 1355 2517 1422 πόρνοι,
2551 1345 2692 1408 οὕτέ
2717 1351 2982 1423 μαλακοὶ
3013 1352 3349 1416 ,βασιλείαν
3376 1349 3528 1405 Θεοῦ
3560 1351 3696 1414 κλη-

420 1433 538 1533 tis:
569 1466 780 1538 inquit,
811 1477 974 1533 neque
1007 1458 1383 1529 fornicatores,
1415 1467 1580 1521 neque
1627 1445 1858 1502 adulteri
1884 1486 1898 1511 ,
1927 1460 1988 1498 ne

2127 1446 2551 1538 ρονομήσουσι.
2582 1446 2693 1500 Καὶ
2724 1444 2907 1500 πάλινσ
2926 1443 3077 1514 Ἐγὼ
3095 1443 3338 1510 Παῦλος
3357 1441 3514 1507 λέγω
3542 1433 3695 1510 ὗμῖν,

428 1581 527 1634 que
565 1534 750 1616 nio-lies
800 1570 1017 1627 regnum
1057 1551 1157 1606 Dei
1186 1547 1526 1620 possidebunt
1563 1543 1627 1596 '°.
1653 1541 1720 1594 Et
1747 1551 1968 1595 rursum

2129 1539 2209 1634 ὅτι
2241 1537 2351 1592 ἐὰν
2383 1537 2840 1607 περιτέμνησθε,
2869 1536 3125 1606 Χριστὸς
3155 1535 3310 1606 ὑμᾶς
3345 1535 3526 1590 οὐδὲν
3557 1534 3697 1601 ὠφε-

427 1623 567 1710 ὲσσο
591 1668 686 1724 ego
714 1623 916 1704 Paulus
951 1646 1069 1700 dico
1092 1643 1257 1708 vobis,
1281 1640 1554 1712 quoniam,
1577 1636 1624 1690 si
1671 1629 1993 1688 circumcida

2130 1633 2326 1699 λήσει.
2373 1629 2642 1685 Ἐνταῦθα
2669 1631 2728 1684 δὲ
2769 1628 2960 1701 ἐπειδὴ
2993 1630 3125 1701 περὶ
3177 1628 3340 1699 σιγῆς
3365 1623 3434 1698 ἦν
3456 1629 3484 1682 ὁ
3528 1627 3698 1695 λόγος,

425 1747 583 1812 mini,
617 1720 866 1801 Christus
909 1739 1050 1794 vobis
1100 1753 1205 1792 non
1235 1734 1470 1806 proderit
1493 1733 1562 1786 “.
1597 1727 1698 1784 llic
1729 1740 1861 1783 vero
1889 1724 1993 1796 qui:

2133 1727 2184 1780 οὐ
2210 1724 2417 1795 σφόδρα
2465 1723 2812 1790 ἐπιτίθεται,
2842 1722 2993 1794 αὐτῷ
3041 1721 3220 1792 τούτῳ
3264 1720 3465 1792 μᾶλλον
3517 1720 3701 1782 αὐτοὺς

425 1840 499 1896 de
526 1837 746 1895 silentio
783 1847 968 1892 sermo
1009 1838 1116 1897 est,
1152 1844 1269 1885 rem
1315 1841 1426 1883 non
1455 1824 1810 1881 vehementer
1842 1822 1993 1887 urget

1009 1838 1116 1897 est,
1152 1844 1269 1885 rem
1315 1841 1426 1883 non
1455 1824 1810 1881 vehementer
1842 1822 2020 1887 urget.
2126 1817 2567 1892 περισπώμενος.

431 1930 526 1987 sed
546 1928 742 2001 potius
775 1939 872 1981 eos
899 1920 1193 1979 suadendo
1236 1917 1556 1988 compellat.

506 1977 528 2076 ξ
559 1977 1021 2091 idﬁhhdes,
1043 1977 1383 2070 aemulamini
1415 2007 1766 2080 prophetare,
1789 2009 1844 2059 et
1869 1998 2022 2073 loqui
2051 1977 2074 2039 Ῑ

2200 2017 2223 2054 ι
2254 1999 2442 2067 Ὥστε,
2465 1998 2687 2071 ἀδελφοί
2737 2016 2864 2070 μου,
2900 1996 3131 2070 ζηλοῦτε
3188 1997 3250 2049 τὸ
3298 1993 3664 2066 προφητεύειν
3688 2031 3702 2055 ,

431 2113 639 2186 linguis
657 2089 838 2167 nolite
863 2105 1177 2180 prohibere.
1205 2122 1224 2154 ι
1678 2183 1724 2186 __
1767 2182 1781 2186 _
1853 2181 1864 2186 _

1687 2183 1724 2186 __
1767 2182 1781 2186 Α
1853 2181 1864 2186 _
2125 2093 2223 2148 καὶ
2243 2093 2518 2149 τδλαλεϊν
2547 2094 2625 2164 μὴ
2657 2091 2897 2146 κωλύετε
2926 2089 3201 2160 γλώσσας.
3236 2109 3255 2140 ι

500 2181 664 2260 ᾖθᾶίι
695 2203 896 2258 iterum
945 2195 1016 2250 ad
1054 2198 1436 2264 argumentum
1475 2185 1648 2258 prius.
1677 2181 1900 2239 Videsis
1931 2193 2026 2234 au-

2209 2187 2334 2241 Ἐπὶ
2356 2186 2457 2258 τὴν
2479 2185 2755 2259 προτέραν
2794 2184 2960 2238 πάλιν
2994 2183 3251 2238 ὑπόθεσιν
3297 2181 3551 2252 ἔδραμεν.
3572 2181 3705 2252 Ὅρα

428 2305 546 2352 tem
576 2291 856 2366 quomodo
887 2287 958 2344 ad
991 2286 1153 2342 ﬁnem
1191 2298 1374 2354 usque
1407 2280 1707 2336 discrimen
1758 2274 1993 2330 observa

2141 2278 2183 2331 is
2207 2279 2325 2340 πῶς
2357 2276 2520 2349 μέχρι
2559 2275 2750 2330 τούτου
2800 2275 2900 2346 τὴν
2930 2273 3207 2347 διαφορὰν.
3238 2270 3495 2341 ἐφύλαξε,
3517 2271 3579 2325 τὸ
3612 2271 3709 2343 μὲν

435 2388 513 2442 vit
543 2427 559 2453 ,
587 2363 649 2441 ut
682 2381 817 2439 illud
846 2379 1071 2452 quidem
1129 2373 1508 2432 necessarium
1557 2368 1879 2427 aﬂirmaret,
1919 2363 2003 2417 hor

2143 2369 2337 2442 τφόδρα
2392 2369 2728 2438 ἀναγκαῖον,
2791 2367 2851 2421 τὸ
2899 2367 2957 2420 δὲ
3014 2367 3113 2438 οὐχ
3153 2365 3325 2430 οὕτως
3351 2404 3366 2428 ,
3401 2364 3600 2428 τιθείς·
3632 2364 3711 2418 διδ

432 2451 566 2535 vero
603 2486 952 2547 nequaquam
988 2486 1004 2524 :
1038 2470 1167 2525 dum
1234 2479 1431 2534 nempe
1459 2462 1529 2527 de
1559 2460 1656 2515 illo
1685 2454 1906 2528 quidem
1926 2451 2000 2508 ait

2141 2467 2216 2520 ἐπ’
2245 2462 2455 2520 ἐκείνου
2513 2465 2633 2534 μὲν,
2665 2460 2952 2531 Ζηλοῦτε,
2990 2461 3099 2515 ,ἐπὶ
3131 2459 3321 2513 τούτου
3352 2457 3432 2521 δὲ,
3459 2456 3556 2525 Μὴ
3600 2474 3709 2510 κω-

434 2567 769 2627 temulamini
793 2582 814 2632 ,'
845 2565 915 2620 de
944 2562 1055 2618 isto
1084 2574 1236 2623 vero,
1268 2556 1432 2613 nolite
1458 2550 1759 2622 prohibere.
2127 2559 2326 2613 λύετε,

506 2661 676 2718 Vens.
701 2659 792 2715 ιο.
832 2675 851 2709 ι
897 2653 1096 2711 Omnia
1129 2659 1313 2705 autem
1366 2647 1599 2702 honeste
1627 2648 1684 2697 ct
1712 2635 2019 2696 secundum

2206 2669 2226 2702 ι
2259 2650 2444 2705 Πάντα
2493 2649 2550 2703 δὲ
2595 2647 2983 2719 εὐσχημόνως,
3036 2645 3129 2698 καὶ
3181 2643 3323 2696 κατὰ
3379 2640 3532 2707 τάξιν
3571 2641 3716 2710 γινέ-

434 2752 686 2809 ordinem
717 2748 871 2804 ﬂant.
913 2764 932 2798 ι

755 2753 871 2803 ant.
913 2764 932 2798 ι
2132 2739 2264 2794 σθω.
2303 2758 2321 2792 ι

507 2841 625 2898 Hoc
649 2841 860 2896 dictum
901 2834 1112 2900 intulit,
1144 2840 1205 2887 ut
1255 2834 1455 2884 cuncta
1500 2823 1652 2880 velut
1708 2821 1762 2875 in
1812 2829 2027 2874 summa

2211 2834 2300 2896 Ὠς
2325 2833 2384 2886 ὲν
2407 2831 2689 2902 κεφαλαίῳ
2720 2831 2788 2884 τὰ
2822 2831 2998 2886 πάντα
3023 2826 3431 2899 διορθούμενος,
3469 2827 3718 2896 ἐπήγαγε

433 2938 797 3006 componeret
825 2937 883 2986 et
907 2925 1250 2984 emendaret.

859 2937 883 2984 ι
907 2925 1250 2984 emendaret.
2128 2925 2219 2978 τὸν
2245 2923 2424 2993 λόγον.

1067 3052 1220 3109 CAP.
1259 3048 1378 3105 XV-
2723 3055 2973 3112 ΚΕΦΔΛ.
3022 3054 3124 3108 1Ε¹.

510 3175 683 3232 Vens.
713 3175 764 3229 i.
805 3192 824 3226 ι
860 3169 1060 3226 Notum
1111 3175 1296 3222 autem
1362 3160 1519 3222 vobis
1577 3157 1721 3215 facio
1753 3198 1767 3222 ,
1803 3155 2023 3221 fratres,

2207 3187 2225 3221 ι
2265 3169 2523 3240 Γνωρῐζω
2567 3167 2625 3221 δὲ
2660 3168 2808 3239 ὑμῖν,
2847 3165 3090 3235 ἀδελφοὶ,
3116 3165 3176 3219 τὸ
3206 3164 3541 3234 Εὐαγγέλιον
3571 3164 3600 3218 ὃ
3635 3166 3734 3218 εὐ-

405 3267 818 3342 'Evangelium,
855 3263 1006 3336 quod
1063 3257 1356 3333 pradieavi
1391 3255 1583 3321 vobis,
1614 3252 1758 3324 quod
1791 3258 1846 3307 et
1869 3265 1973 3306 accl

2163 3260 2508 3330 ,γγέλισάμην
2536 3259 2730 3332 ὑμῖν,ὃ
2761 3259 2856 3314 καὶ
2889 3256 3253 3328 παρελάϐετε,
3282 3258 3339 3313 ἐν
3371 3251 3417 3326 ᾧ
3448 3257 3542 3311 καὶ
3565 3259 3731 3329 ἑστή-

399 3378 408 3414 ;
439 3319 628 3434 pistis‘:
647 3367 702 3415 et
730 3319 925 3428 an'qu
947 3319 1131 3410 statis.
1176 3372 1194 3404 ι
1570 3319 1576 3321 ⁷
1629 3319 1648 3324 “

780 3319 925 3428 1'qu
947 3319 1131 3410 statis.
1176 3372 1194 3404 ι
1570 3319 1576 3321 ﬁ
1629 3319 1648 3324 _
2056 3319 2098 3378 ϐ
2133 3319 2286 3407 κατε.
2329 3370 2348 3404 ι

471 3494 478 3498 -
509 3453 778 3512 Absoluta
803 3448 1181 3522 disputatione
1213 3445 1283 3502 de
1329 3440 1734 3515 spiritualibus,
1767 3436 1834 3492 ad
1865 3436 2028 3492 aliam

2218 3443 2552 3515 Ἀπαρτίσας
2580 3444 2671 3497 τὸν
2715 3444 2824 3498 τῶν
2859 3444 3253 3517 πνευματικῶν
3286 3445 3467 3514 λόγον,
3496 3444 3590 3497 ἐπὶ
3636 3444 3737 3497 τὸν

397 3575 399 3577 ι
440 3546 690 3603 omnium
723 3543 963 3600 maxime
994 3536 1365 3595 necessariam
1399 3547 1523 3590 sese
1565 3531 1862 3595 convertit,
1898 3545 1965 3600 pu

2169 3535 2352 3591 πάντων
2391 3536 2824 3604 ἀναγκαιότατον
2878 3536 3100 3608 ἔρχεται
3123 3578 3138 3604 ,
3169 3537 3268 3608 τὴν
3299 3535 3430 3606 περὶ
3459 3535 3558 3607 τῆς
3588 3537 3737 3590 ἁνα-

393 3667 396 3671 -
439 3638 512 3693 ad
542 3635 830 3694 materiam
885 3627 1332 3688 resurrectionis.
1384 3624 1522 3680 Nam
1583 3623 1690 3678 hoc
1740 3622 1796 3676 in
1856 3635 1956 3690 cap

2172 3628 2380 3692 τάσεως
2425 3628 2682 3682 ὑπόθεσιν
2707 3645 2720 3660 ’
2756 3629 2851 3683 καὶ
2881 3629 2989 3701 γὰρ
3022 3630 3116 3683 ἐπὶ
3153 3628 3314 3683 τοῦτο
3339 3628 3548 3698 σφόδρα
3596 3627 3740 3680 ἔκα-

440 3729 600 3788 valde
649 3726 1013 3785 desudabant.
1055 3723 1192 3778 Cum
1251 3718 1454 3776 etenim
1483 3716 1600 3772 huic
1631 3713 1812 3771 omnis
1845 3720 2008 3768 nostr:

2175 3737 2290 3773 .vov.
2339 3719 2558 3793 Ἐπειδὴ
2608 3721 2715 3794 γὰρ
2747 3725 2781 3794 ἡ
2809 3724 2958 3777 πᾶσα
3005 3721 3165 3793 ἡμῶν
3196 3722 3355 3786 ἐλπὶς
3388 3719 3552 3792 αὐτη,
3591 3719 3743 3789 πρὸς

407 3846 410 3849 ·
444 3822 517 3880 sit
537 3835 669 3893 spes
693 3858 711 3886 ,
743 3818 811 3873 ad
860 3831 983 3873 eam
1028 3809 1452 3886 oppugnandam
1490 3805 1882 3863 vehementiori
1915 3811 1975 3860 stu

2179 3812 2295 3866 οῠτο
2328 3813 2576 3887 σφοδρῶς
2599 3814 2786 3869 ἵστατο
2810 3816 2838 3869 ό
2872 3815 3138 3880 διάΰολος.
3174 3815 3286 3870 Καὶ
3311 3814 3441 3868 ποτὲ
3499 3812 3601 3884 μὲν
3638 3814 3747 3865 ἁν-

439 3913 540 3970 dio
568 3911 823 3968 diabolus
876 3905 1189 3964 insistebat.
1215 3904 1295 3958 Ac
1324 3901 1485 3956 modo
1519 3898 1742 3970 quidem
1783 3910 1904 3951 eam
1935 3911 2000 3967 pe

2181 3923 2259 3979 ρει
2288 3905 2546 3974 καθάπαξ
2579 3906 2774 3976 αὐτὴν,
2804 3909 2935 3963 ποτὲ
2979 3908 3035 3962 δὲ
3065 3908 3251 3976 ἔλεγεν
3303 3908 3404 3978 ἤδη
3445 3906 3747 3974 γεγονέναι

445 4005 597 4061 nitus
626 4003 900 4070 tollebat;
932 3997 1096 4054 modo
1127 4001 1313 4051 autem
1353 3991 1466 4062 jam
1513 3989 1714 4044 factam
1744 3996 1868 4043 esse
1906 3999 2013 4041 nari

2184 4018 2211 4065 ς
2254 3999 2626 4053 ὲπιστέλλοντι
2673 4001 2925 4071 Τιμοθέῳ
2981 3999 3190 4067 ἔλεγεν,
3238 3992 3313 4070 *ῼ
3357 3999 3530 4052 ἐστιν
3562 3998 3752 4066 ’Υμε-

403 4127 412 4135 -
443 4095 645 4157 tabat;
675 4088 1140 4164 quemadmodum
1173 4098 1370 4155 nempe
1407 4081 1474 4137 ad
1508 4079 1864 4136 Timotheum
1921 4079 1971 4133 ai

2186 4094 2308 4158 αἴος
2351 4091 2452 4146 καὶ
2503 4091 2794 4160 Φιλητός,
2826 4093 3047 4158 οἵτινες
3088 4091 3223 4159 περὶ
3266 4090 3382 4158 τὴν
3434 4088 3754 4156 ἀλήθειαν

407 4185 539 4242 -bat
579 4184 815 4239 Paulus:
854 4179 936 4235 Ea:
955 4178 1145 4242 quibus
1179 4185 1256 4230 est
1291 4173 1615 4246 Hymenaeus
1674 4181 1723 4225 et
1765 4169 1975 4224 Philem

2189 4188 2518 4254 στόχησαν,
2543 4185 2828 4253 λέγοντες
2879 4183 2994 4253 τὴν
3027 4182 3373 4238 ἀνάστασιν
3405 4181 3524 4251 ἤδη
3565 4196 3757 4250 γεγο-

399 4305 402 4308 ·
431 4275 534 4348 ..qui
557 4295 591 4331 α
613 4275 832 4330 ueritate
851 4271 1182 4333 exciderunt,
1200 4265 1432 4321 dicentes
1459 4263 1892 4318 resurrectionem
1923 4277 1967 4316 et

2189 4276 2329 4332 ξναι.
2371 4276 2512 4331 Ποτὲ
2563 4277 2727 4330 πάλιν
2753 4276 2959 4345 ἔλεγον,
2991 4278 3074 4331 ὃτι
3115 4274 3177 4328 τὸ
3204 4273 3362 4345 σῶμα
3383 4274 3484 4326 οὐκ
3503 4272 3757 4326 ἀνίστα-

402 4372 556 4439 iam
582 4369 783 4438 factam
812 4361 1240 4432 ".Quandoque
1265 4373 1487 4416 rursum
1529 4355 1786 4412 dicebant
1834 4369 1967 4424 corp

2191 4386 2248 4436 ιι,
2280 4368 2417 4423 ἀλλὰ
2444 4369 2546 4440 τῆς
2578 4369 2758 4441 ψυχῆς
2782 4373 2811 4425 ὁ
2843 4369 3132 4441 καθαρμός
3157 4371 3303 4423 ἐστιν
3331 4369 3365 4438 ὴ
3406 4366 3759 4428 ἀνάστασις.

405 4477 558 4521 ¹μριιοιι
586 4473 898 4530 resurgere,
927 4455 1022 4512 sed
1054 4451 1520 4511 resurrectionem
1573 4448 1708 4502 nihil
1735 4461 1856 4503 esse
1887 4446 1973 4500 alii

2194 4461 2283 4531 ρὺς
2302 4461 2508 4526 ταύτας
2537 4459 2630 4517 οὖν
2659 4464 2758 4528 τὰς
2788 4463 2946 4528 δόξας
2976 4462 3373 4532 ἀνθιστάμενος
3392 4501 3408 4527 ,
3445 4460 3548 4530 ὅρα
3617 4457 3762 4522 πῶς

408 4561 812 4626 ·τι)ι·ωιει·(ιιιεω
859 4545 1255 4617 purgationem
1291 4541 1508 4596 animm.
1541 4538 1742 4592 Contra
1799 4538 1898 4592 has
1933 4537 1976 4608 ig

2198 4552 2248 4606 τό
2295 4555 2395 4624 τῆς
2425 4556 2599 4626 ἀρχῆς
2635 4555 2868 4623 ἔδειξεν,
2897 4556 2979 4610 ὅτι
3031 4554 3183 4609 οὐδὲν
3232 4552 3420 4607 καινὸν
3460 4550 3766 4620 εἰσφέρει,

443 4657 536 4701 tur
565 4642 854 4715 opiniones
872 4635 1036 4708 115
1065 4635 1370 4703 consurgit.
1395 4631 1533 4686 Vide
1554 4639 1734 4686 autem
1759 4630 2011 4700 QIIOIIIOdl

2205 4645 2261 4698 δὲ
2298 4645 2468 4710 ξένον.
2506 4646 2584 4701 Οὐ
2611 4648 2721 4720 γὰρ
2736 4647 3022 4720 γνωρίζων
3047 4647 3106 4700 τὸ
3132 4646 3233 4717 ήδη
3261 4644 3594 4716 γνωρισθὲν,
3621 4637 3773 4694 εἶτα

441 4736 608 4794 initio
632 4732 880 4791 ostendit
931 4728 1068 4784 nihil
1101 4743 1161 4783 se
1191 4726 1316 4781 novi
1345 4721 1568 4787 afferre,
1596 4737 1696 4777 nec
1728 4722 2006 4794 peregrini

2206 4755 2221 4801 ἶ
2257 4737 2430 4808 λήθην
2476 4739 2737 4810 ἐμπεσὼν
2767 4780 2781 4805 ,
2814 4737 3108 4810 γνωρίζει,
3150 4737 3318 4792 πάλιν
3364 4738 3446 4800 εἰς
3507 4735 3774 4806 μνήμην

443 4825 584 4881 Nam
623 4825 719 4896 qui
747 4833 939 4880 notum
975 4819 1108 4875 facit
1134 4816 1188 4873 id
1223 4815 1372 4887 quod
1400 4823 1529 4868 ante
1575 4814 1858 4885 cognitum
1888 4823 2008 4869 erat

2209 4848 2345 4900 ρων.
2382 4829 2460 4884 Εὖ
2493 4831 2551 4885 δὲ
2579 4833 2670 4885 καὶ
2698 4831 2761 4884 τὸ
2781 4831 3156 4900 Εὐαγγέλιον
3185 4830 3381 4906 εἰπεῖν.
3415 4825 3598 4881 Τοῦτο
3637 4824 3777 4896 γάρ

446 4915 842 4986 excideratque
873 4929 904 4968 e
958 4911 1250 4974 memoria,
1283 4914 1627 4977 compertum
1680 4905 1818 4961 illud
1873 4907 2014 4976 facit,

2140 4915 2258 4968 ἐστι
2286 4914 2394 4971 τῶν
2425 4917 2761 4988 εὐαγγελίων
2792 4919 2853 4973 τὸ
2881 4919 3178 4989 κεφάλαιον
3205 4919 3238 4988 ὴ
3269 4905 3597 4978 ἀνάστασις.

447 5004 505 5060 in
535 5003 858 5060 memoriam
883 5002 1082 5057 iterum
1114 4993 1452 5053 reducendo.
1485 4996 1630 5052 Bene
1670 5009 1822 5062 vero,
1847 4997 2204 5071 Evangelium
2288 5006 2477 5065 dixit:
2549 5010 2822 5066 bonorum
2875 5011 3079 5082 quippe
3163 5012 3484 5066 nuntiorum
3573 5013 3776 5077 caput

449 5106 536 5155 est
559 5098 918 5153 resurrectio.

461 5267 464 5270 _
517 5187 691 5246 Vens.
717 5189 773 5242 2.
809 5207 828 5240 ι
857 5186 964 5242 Per
993 5185 1139 5256 quod
1168 5193 1221 5239 et
1249 5183 1566 5239 salvamini.
1619 5202 1636 5235 ›

1353 5183 1566 5239 mmini.
1619 5202 1636 5235 ›
2222 5206 2242 5238 ‹
2283 5187 2362 5239 Δι’
2401 5179 2460 5240 οὐ
2486 5187 2583 5241 καὶ
2609 5186 2872 5252 σώζεσθε.
2905 5204 2921 5237 ι

369 5277 378 5285 ’
518 5280 774 5352 Explicat
798 5276 930 5349 quid
961 5276 1464 5348 percipiaturlucri
1514 5290 1580 5331 ex
1627 5273 1733 5330 lide
1781 5289 1937 5330 resur

2219 5280 2292 5334 Τὸ
2313 5279 2504 5350 κέρδος
2525 5279 2770 5334 δείκνυσι
2809 5277 2904 5332 τοῦ
2955 5279 3233 5332 πιστεύειν
3258 5276 3338 5337 εἰς
3365 5274 3467 5344 τὴν
3498 5272 3777 5326 ἀνάστα-

451 5373 680 5430 ctionis.

2149 5388 2251 5426 σιν.

529 5485 549 5518 ι
588 5463 709 5532 Qua
741 5460 960 5517 ratione
1019 5455 1434 5529 praedicaverim
1459 5455 1640 5524 vobis,
1687 5455 1734 5511 si
1789 5457 2032 5514 tenetis:

2223 5481 2240 5514 ‹
2277 5461 2398 5514 Τίνι
2439 5459 2584 5530 λόγῳ
2632 5458 3086 5530 εὐηγγελισάμην
3140 5459 3290 5528 ὑμῖν,
3329 5457 3377 5508 εξ
3431 5453 3778 5523 κατέχετε·

451 5564 853 5629 praeterquam,
898 5571 918 5606 ι

787 5569 853 5620 πη,
898 5571 918 5606 ι
2144 5549 2300 5612 ἐκτός
2336 5568 2355 5601 ›

519 5648 642 5706 Non
667 5660 812 5721 opus
841 5645 1080 5713 habetis,
1122 5644 1324 5716 inquit,
1356 5651 1417 5697 ut
1448 5643 1552 5697 hoc
1583 5642 1853 5698 doctrinae
1870 5649 2036 5713 caput

2232 5641 2332 5695 )t‘nt
2355 5640 2490 5695 αὐτὸ
2513 5640 2692 5695 δεῖσθε
2718 5641 2911 5712 μαθεῖν
2939 5640 3001 5696 τὸ
3028 5640 3229 5713 δόγμα,
3255 5637 3440 5709 φησὶν,
3463 5635 3590 5691 ἀλλ’
3623 5635 3800 5688 ὐποκ-

446 5739 703 5808 dissatis,
733 5739 830 5797 sed
863 5736 1211 5798 solummodo
1235 5744 1296 5792 ut
1326 5733 1783 5791 reminiscamini.
1998 5734 2001 5736 ’

1111 5736 1211 5794 odo
1235 5744 1296 5792 ut
1326 5733 1783 5791 reminiscamini.
1998 5734 2001 5736 ’
2150 5732 2462 5806 μνησθῆναι
2497 5733 2679 5806 μόνον.

528 5919 585 5998 ff
622 5919 901 5989 lCor.vr,
935 5915 1276 6005 θὶῦξξ-Ωαι.
1313 5931 1367 5983 v,
1401 5914 1458 5972 2.
1543 5915 1585 5948 “
1617 5913 1662 5970 ll
1686 5911 1830 5972 Tim.
1871 5913 2027 5985 guis.

956 5995 1151 6005 *—

1256 6126 1286 6136 κ
