3970 6408
363 293 481 372 639.

1523 302 1605 362 IN
1637 298 1855 360 EPIST
1913 296 2013 355 AD
2035 293 2396 356 CORlNTH:
2437 294 2488 353 Ι.

3542 284 3648 348 690

438 440 458 473 ι
498 418 562 474 Ei
596 415 672 490 μὴ
701 414 827 485 είκῆ
858 412 1242 469 ἐπιστεύσατε.
1271 410 1576 480 Παρέδωκα
1607 409 1718 479 γὰρ
1743 408 1872 477 ὑμῖν
1898 405 1955 458 ἐν
1982 457 1985 466 ,

2139 421 2156 455 ι
2195 403 2312 458 Nisi
2374 403 2600 490 frustra
2636 398 2972 456 credidistis.
3029 397 3216 470 [Vens
3269 396 3348 469 5.]
3407 398 3630 456 Tradidi

366 526 631 586 πρωτοις,
665 506 693 561 ὃ
717 506 813 562 καὶ
848 503 1182 578 παρέλαϐον.
1225 520 1242 553 ι

448 601 665 673 Ἐπειδὴ
682 596 858 667 εἶπεν,
881 599 952 653 ἐν
978 589 1140 666 ᾧκαί
1167 595 1486 664 ἑστήκατε,
1504 592 1588 646 ἵνα
1620 591 1695 662 μὴ
1720 589 1958 662 ῥᾳθυμο-

366 699 564 772 τέρους
583 693 808 766 ποιήσῃ,
840 689 1066 760 ἐκφοϐεῖ
1099 686 1287 743 πάλιν.

444 806 465 840 ι
500 788 622 841 Ὀτι
653 781 891 855 Χριστὸς
927 777 1203 834 ἀπέθανεν
1233 777 1376 848 ὑπὲρ
1401 774 1692 847 ἁμαρτιῶν
1718 773 1895 846 ήμῶν.
1937 791 1953 823 ι

441 966 558 1020 Ούκ
577 961 733 1016 εἶπεν
761 961 988 1026 εὐθέως,
1029 961 1110 1014 ὅτι
1151 959 1452 1022 ἀνάστασίς
1506 959 1624 1011 ἐστι
1667 955 1960 1028 σωμάτων,

369 1057 512 1111 ἀλλὰ
544 1054 676 1109 αὐτὸ
713 1054 814 1125 μὲν
848 1052 1010 1107 τοῦτο
1042 1048 1474 1116 κατασκευάζει,
1521 1049 1640 1120 ἅμα
1673 1047 1730 1102 δὲ
1754 1047 1848 1100 καὶ
1865 1046 1963 1117 τῆς

371 1147 596 1218 ἀγάπης
624 1145 824 1210 αὐτοὺς
852 1144 1266 1216 ὑπομιμνήσκει
1287 1141 1387 1213 τῆς
1413 1140 1640 1212 πολλῆς,
1666 1135 1736 1214 ἦς
1767 1138 1964 1194 ἐνεδεί-

377 1237 510 1304 ξατο
536 1241 564 1294 ό
588 1237 741 1306 Θεὸς,
768 1239 851 1292 ὅτι
878 1237 968 1291 τὸν
998 1235 1129 1290 Υίὺν
1157 1233 1321 1288 αὑτοῦ
1350 1231 1554 1288 ἔδωκεν
1584 1233 1727 1303 ὑπὲρ
1760 1231 1962 1288 αὐτῶν.

458 1436 478 1467 e
503 1414 662 1471 Κατά
683 1415 784 1480 τὰς
809 1414 1055 1485 Γραφάς.
1080 1431 1098 1464 ι

465 1508 521 1562 Ὀ
554 1508 662 1579 γὰρ
691 1505 822 1571 Θεὸς
851 1505 944 1561 διὰ
971 1504 1068 1558 τοῦ
1101 1505 1385 1576 προφήτου
1421 1504 1587 1576 φησίν
1611 1543 1625 1568 ,
1671 1503 1802 1558 Ἀπὸ
1853 1502 1969 1557 τῶν

379 1595 648 1668 ἀνομιῶν
676 1596 784 1650 τοῦ
809 1594 962 1651 ,ιαοῦ
992 1611 1114 1666 μου
1164 1592 1322 1663 ἢχθη
1368 1595 1457 1659 εις
1491 1592 1759 1649 θάνατον
1784 1610 1796 1624 ·
1836 1594 1928 1646 καὶ
1951 1633 1965 1656 ,

393 1689 461 1741 '0
482 1689 698 1756 Κύριος
716 1685 1062 1753 παρέδωκεν
1086 1684 1277 1739 αὐτὸν
1296 1682 1428 1748 ταῖς
1445 1681 1758 1753 ἁμαρτίαις
1781 1680 1968 1752 ἡμῶν·

381 1783 510 1847 καὶ,
557 1778 1026 1850 Ἐτραυματίσθη
1061 1776 1161 1831 διὰ
1181 1777 1288 1842 τὰς
1316 1773 1618 1846 ἁμαρτίας
1651 1772 1838 1843 ἡμῶν.

464 1916 483 1970 ι
521 1894 634 1949 Καὶ
660 1894 743 1948 ὅτι
773 1893 972 1964 ἐτάφη,
1009 1892 1104 1946 καὶ
1129 1893 1211 1946 ὅτι
1240 1892 1538 1963 ἐγήγερται
1568 1891 1634 1960 τῇ
1657 1887 1818 1960 τρίτῃ
1841 1887 1976 1958 ήμέ-

387 2006 481 2060 ρα,
513 1985 655 2042 κατὰ
690 1987 790 2050 τάς
831 1984 1082 2055 Γραφάς.
1123 2001 1142 2035 ι

461 2079 631 2133 Πάλιν
677 2077 904 2139 Ἡσαΐας
951 2074 1284 2146 μαρτυρῶν,
1315 2074 1398 2128 ὅτι
1433 2073 1528 2127 Ἐκ
1565 2072 1763 2143 μέσον
1804 2071 1976 2144 ἦρται

383 2174 424 2241 ἡ
447 2171 605 2242 ταφὴ
629 2159 836 2228 αὑτοῦ.
870 2169 982 2222 Καὶ
1016 2167 1178 2221 πάλιν
1203 2182 1215 2196 ·
1250 2167 1464 2235 Κύριος
1480 2166 1772 2231 βούλεται
1796 2169 1976 2220 καθα-

383 2259 558 2328 ρίσαι
589 2256 710 2312 ἀπὸ
751 2254 862 2325 τῆς
891 2253 1158 2324 πληγῆς,
1190 2253 1382 2319 δεῖξαι
1415 2252 1576 2320 αὐτῷ
1618 2253 1766 2323 φῶς.
1807 2255 1920 2309 Καὶ
1947 2255 1975 2307 ό

387 2349 578 2417 Δασὶδ,
608 2350 738 2404 Ὅτι
763 2349 874 2404 οὐκ
896 2347 1356 2418 ἐγκαταλείψεις
1384 2345 1495 2415 τὴν
1517 2345 1730 2415 ψυχήν
1749 2363 1867 2415 μου
1890 2349 1978 2414 εἰς

389 2439 564 2509 ᾅδου,
587 2441 716 2511 περὶ
741 2441 835 2494 τοῦ
873 2439 1132 2512 Χριστοῦ.

476 2575 495 2607 i
538 2555 648 2610 Καὶ
681 2555 764 2608 ὅτι
791 2553 950 2625 ὤφθη
988 2555 1174 2625 Κηφᾷ.
1220 2574 1238 2604 ι

469 2647 574 2701 Τὸν
617 2645 936 2712 ἀξιόπιστον
988 2645 1099 2699 τῶν
1143 2645 1460 2700 ἀποστόλων
1488 2643 1707 2716 πρῶτον
1741 2643 1979 2714 παράγει

399 2741 680 2812 μάρτυρα.
701 2737 850 2811 Ὅρα
881 2739 940 2793 δὲ
966 2737 1086 2800 πῶς
1105 2739 1233 2804 τοὺς
1254 2737 1564 2810 προφήτας,
1589 2735 1687 2791 καὶ
1704 2736 1831 2800 τοὺς
1853 2737 1983 2790 ἀπο.

400 2829 623 2895 στόλους
650 2828 1067 2902 μαρτυροῦντας
1103 2829 1302 2900 ἐπάγει
1329 2828 1408 2900 τῷ
1435 2827 1748 2900 πράγματι.

482 3051 500 3084 ι
527 3026 662 3086 Εἶτα
682 3032 797 3094 τοῖς
829 3031 1049 3085 ἕνδεκα·
1087 3031 1278 3086 ἔπειτα
1307 3030 1464 3102 ὤφθη
1503 3031 1690 3086 ἐπάνω
1719 3047 1986 3084 πεντακο-

2060 493 2210 551 enim
2242 491 2400 548 vobis
2432 490 2485 545 in
2523 489 2743 559 primis,
2773 487 2919 560 quod
2954 495 3010 543 et
3033 486 3250 557 accepi.
3293 504 3312 536 ι

2131 583 2405 652 Quoniam
2435 579 2610 636 dixit:
2645 576 2713 633 In
2739 595 2840 649 quo
2867 589 2917 634 et
2962 575 3288 642 credidistis,
3321 590 3393 630 ne
3440 574 3632 630 remis-

2063 683 2240 738 siores
2271 676 2489 743 reddat,
2513 681 2688 731 terret
2707 672 2933 730 iterum.

2138 792 2160 827 ι
2196 769 2354 838 Quod
2388 767 2646 825 Christus
2675 773 2930 822 mortuus
2979 771 3065 820 est
3099 777 3200 834 pro
3245 759 3488 834 peccatis
3541 769 3648 812 ηοξ

2064 863 2217 920 stris.
2265 881 2283 914 ι
3678 877 3682 920 Δ

2135 957 2257 1014 Νοιι
2277 957 2465 1015 statim
2494 955 2823 1027 pronuntiat
2851 949 3320 1007 resurrectionem
3350 960 3648 1017 corporum

2066 1066 2210 1117 esse,
2245 1048 2341 1106 sed
2359 1057 2474 1104 tum
2498 1048 2605 1103 hoc
2625 1044 2853 1118 quidem
2885 1040 3119 1097 afﬁrmat
3145 1056 3159 1105 ;
3185 1050 3300 1095 tum
3331 1051 3460 1093 vero
3486 1036 3648 1092 etiam

2068 1141 2135 1195 ad
2172 1140 2496 1196 memoriam
2525 1153 2622 1194 eos
2665 1141 2888 1192 revocat
2921 1130 3172 1203 ingentis
3218 1127 3370 1185 illius
3400 1125 3651 1183 dilectio-

2069 1231 2175 1297 nis,
2211 1244 2377 1302 quam
2409 1228 2555 1285 Deus
2606 1228 2742 1298 ipsis
2796 1223 3071 1288 exhibuit,
3111 1217 3314 1277 Filium
3358 1232 3520 1276 suum
3551 1230 3653 1288 pro

2069 1324 2150 1378 eis
2179 1320 2473 1377 tradendo.

2146 1434 2163 1466 ι
2207 1412 2532 1469 Secundum
2571 1391 2913 1480 Scripturas.
2951 1426 2968 1458 ›

2145 1507 2288 1562 Deus
2319 1504 2519 1576 quippe
2547 1517 2642 1573 per
2671 1499 2999 1573 prophetam
3027 1497 3139 1551 ait:
3185 1493 3415 1563 Propter
3442 1498 3657 1561 peccata

2073 1598 2250 1669 populi
2285 1596 2389 1650 mei
2413 1595 2604 1648 ductus
2635 1599 2713 1646 est
2754 1589 2823 1645 ad
2841 1598 3066 1644 mortem
3093 1587 3204 1654 ⁹¹⁶;
3244 1592 3340 1641 et:
3397 1580 3657 1642 Dominus

2077 1689 2298 1744 tradidit
2327 1687 2479 1742 illum
2509 1700 2605 1756 pro
2638 1683 2868 1754 peccatis
2899 1680 3102 1735 nostris
3125 1678 3171 1711 “
3200 1694 3214 1742 ;
3248 1685 3314 1744 et
3345 1693 3359 1731 :
3395 1672 3658 1728 Vulnera-

2079 1793 2160 1836 tus
2195 1790 2271 1836 est
2298 1787 2512 1848 propter
2545 1777 2749 1832 scelera
2773 1781 2958 1830 nostra
2982 1771 3055 1826 ".

2147 1896 2308 1951 Vens.
2343 1894 2427 1948 4.(
2454 1891 2519 1947 Et
2538 1887 2950 1964 quiasepultus
2976 1891 3083 1950 est,
3107 1892 3163 1938 et
3189 1880 3319 1952 quia
3351 1877 3663 1935 resurrexit

2077 1975 2241 2046 tertia
2272 1986 2359 2042 die
2391 1983 2701 2041 secundum
2741 1979 3088 2049 Scripturas.
3129 1994 3147 2027 ι

2150 2081 2396 2135 Rursum
2431 2073 2602 2132 Isaias
2646 2070 2829 2128 dicit:
2879 2067 2926 2121 E
2972 2066 3147 2122 medio
3197 2063 3502 2135 sepulcrum
3545 2058 3662 2127 eius

2082 2173 2322 2228 ablatum
2349 2177 2428 2225 est
2473 2167 2542 2221 ".
2579 2163 2644 2218 Et
2676 2164 2915 2219 iterum:
2952 2160 3091 2214 Deus
3118 2160 3228 2213 uult
3254 2171 3376 2212 eum
3407 2150 3667 2208 mundare

2082 2283 2115 2318 a
2140 2263 2371 2325 vulnere,
2393 2257 2666 2314 ostendere
2680 2254 2729 2308 ei
2758 2253 2930 2307 lumen
2960 2251 3030 2306 ".
3059 2244 3324 2315 EtDavid
3349 2245 3405 2301 in
3433 2254 3667 2314 person

2080 2354 2288 2412 Christi
2315 2351 2498 2408 aiebat
2524 2373 2535 2406 :
2569 2347 2716 2414 Quia
2745 2363 2848 2402 non
2876 2343 3204 2412 derelinques
3233 2341 3468 2394 animam
3498 2348 3668 2390 meum

2082 2449 2135 2502 in
2161 2446 2368 2514 inferno
2400 2442 2468 2493 ’⁸.

2155 2556 2322 2613 Vens.
2357 2555 2410 2610 5.
2453 2572 2472 2605 ι
2519 2551 2584 2606 Et
2609 2550 2741 2621 quia
2777 2548 2935 2603 visus
2969 2551 3053 2602 est
3073 2541 3296 2613 (Iephte.
3343 2559 3376 2594 ι.

2153 2648 2344 2703 Primo
2380 2647 2500 2702 loco
2553 2642 2812 2714 producit
2841 2648 3036 2695 testem
3083 2637 3355 2708 quiinter
3389 2627 3670 2702 apostolos

2089 2743 2193 2798 ﬁde
2216 2738 2575 2811 dignissimus
2603 2743 2746 2791 erat.
2785 2732 3030 2789 Observa
3062 2725 3346 2801 quomodo
3373 2723 3673 2811 prophetas

2089 2845 2144 2890 et
2163 2808 2448 2903 apostolos
2475 2825 2688 2890 laudat,
2709 2823 2803 2894 qui
2830 2823 2908 2879 rei
2937 2829 3103 2894 gesta:
3131 2815 3509 2875 testimonium
3547 2808 3674 2866 red-

2091 2927 2305 2982 derent.

2167 3042 2334 3097 Vens.
2365 3038 2419 3093 6.
2456 3056 2475 3090 ι
2524 3036 2591 3092 Et
2645 3041 2772 3106 post
2823 3032 2930 3088 hoc
2974 3027 3257 3084 undecim.
3295 3019 3502 3077 Deinde
3527 3017 3679 3073 visus

405 3125 542 3188 σίοις
565 3124 813 3194 ἀδελφοῖς
829 3123 1071 3194 ἐφάπαξ,
1101 3122 1161 3189 ἐξ
1181 3118 1257 3177 ὧν
1279 3125 1326 3177 οἱ
1354 3123 1574 3188 πλείους
1601 3123 1856 3194 μένουσιν
1887 3123 1985 3187 ἕως

2125 3131 2511 3202 st-plusquam
2545 3121 2872 3196 quingentis
2898 3118 3166 3176 fratribus
3210 3111 3425 3172 semel:
3461 3124 3529 3165 ex
3559 3109 3682 3178 qui-

405 3216 532 3287 ᾶρτι
552 3235 567 3251 ⁸
596 3215 741 3282 τινὲς
774 3216 832 3271 δέ
858 3217 954 3272 καὶ
976 3215 1375 3289 ἐκοιμήθησαν.
1408 3234 1427 3267 ›

479 3400 637 3456 Μετά
665 3399 774 3471 γάρ
812 3399 910 3471 τὴν
935 3398 1206 3468 ἀνάληψιν
1254 3399 1282 3450 ὁ
1313 3396 1564 3462 Ματθίας
1590 3396 1884 3469 κατελέγη,
1933 3397 1994 3451 ού

416 3493 556 3564 μετά
574 3493 674 3564 τὴν
705 3492 1003 3549 ἀνάστασιν
1038 3489 1264 3554 εὐθέως.

493 3692 512 3725 ι
561 3673 576 3714 ί
611 3672 846 3726 Ἔπειτα
874 3669 1032 3742 ὤφθη
1074 3670 1339 3742 Ἰακώϐῳ,
1382 3669 1578 3726 ἔπειτα
1606 3672 1721 3734 τοίς
1765 3671 2002 3725 ἀποστό-

416 3764 530 3828 λοις
555 3765 742 3819 πᾶσιν.
787 3782 807 3815 s

491 3857 606 3912 Οὐκ
635 3853 809 3921 εἷπεν,
843 3857 1132 3926 ἀπέθανον,
1161 3858 1276 3924 ἀλλ’
1299 3838 1844 3930 ἐκοιμήθησαφξκαὶ
1877 3857 2008 3913 ταύ-

421 3971 489 4025 τῃ
515 3956 582 4024 τῇ
611 3949 754 4020 λέξει
783 3951 948 4007 πάλιν
980 3951 1215 4023 βεϐαιῶν
1243 3951 1342 4025 τὴν
1364 3953 1683 4008 ἀνάστασιν.

501 4061 520 4094 ι
567 4042 839 4112 Ἔσχατον
884 4041 943 4095 δέ
989 4041 1210 4096 πάντων
1267 4042 1514 4114 ὡσπερεὶ
1562 4041 1642 4113 τῷ
1691 4041 2009 4114 ἐκτρώματι

2096 3226 2200 3282 bus
2233 3221 2391 3278 multi
2427 3224 2672 3275 manent-
2701 3227 2882 3285 usque
2913 3210 3114 3278 adhuc,
3168 3203 3391 3280 quidam
3419 3207 3599 3257 autem
3629 3203 3684 3254 et

2097 3314 2470 3370 dormierunt.
2512 3327 2553 3360 ι.

2169 3402 2308 3458 Nam
2340 3409 2468 3475 post
2491 3397 2930 3468 assumptionem
2968 3393 3023 3448 in
3053 3390 3256 3448 ccelum
3290 3383 3550 3442 Matthiae
3584 3396 3687 3436 un-
3719 3393 3728 3406 ··

2101 3496 2278 3552 decim
2314 3492 2583 3564 apostolis
2635 3488 2944 3546 accersitus
2979 3483 3109 3550 fuit,
3153 3496 3264 3538 non
3298 3477 3485 3536 statim
3533 3489 3565 3529 a
3602 3485 3689 3526 re-

2103 3585 2475 3646 surrectione.

2179 3677 2342 3734 Vens.
2370 3677 2426 3732 7.
2459 3695 2477 3728 ι
2510 3672 2718 3730 Deinde
2756 3671 2910 3729 visus
2943 3675 3026 3726 est
3059 3665 3265 3723 Jacobo
3291 3700 3308 3729 ,
3336 3658 3536 3718 deinde
3561 3669 3690 3727 apo-

2108 3772 2265 3830 stolis
2292 3768 2574 3826 omnibus.
2621 3785 2640 3818 ι

2177 3859 2298 3915 Non
2331 3859 2472 3915 dixit
2504 3875 2517 3911 :
2549 3853 2750 3910 Mortui
2780 3859 2930 3917 sunt,
2966 3846 3088 3915 sed,
3113 3844 3482 3907 dormierunt;
3510 3837 3707 3894 uthac

2110 3968 2333 4027 quoque
2367 3965 2506 4006 voce
2537 3944 3009 4004 resurrectionem
3056 3942 3256 3995 iterum
3287 3933 3662 3991 conﬁrmaret.

2183 4047 2351 4101 Vens.
2377 4041 2531 4098 8ρ10.
2569 4058 2588 4092 ι
2614 4035 2927 4094 Novissime
2949 4038 3137 4087 autem
3158 4026 3406 4084 omnium
3439 4031 3699 4092 tanquam

426 4133 584 4204 ὤφθη
613 4110 804 4204 κάμοί.
845 4132 988 4203 Ἐγὼ
1034 4133 1145 4206 γάρ
1189 4134 1305 4203 είμι
1345 4134 1375 4186 ὁ
1408 4110 1694 4205 ἐλάχιστος
1727 4110 1838 4186 τῶν
1877 4110 1985 4186 ἀπο

2125 4135 2365 4194 abortivo
2398 4132 2557 4189 visus
2587 4136 2672 4185 est
2703 4135 2759 4183 et
2789 4123 2946 4181 mihi.
2975 4123 3092 4194 Ego
3128 4119 3276 4176 enim
3315 4129 3425 4170 non
3457 4125 3578 4168 sum
3611 4110 3698 4164 di~

428 4225 629 4279 στόλων
650 4242 669 4261 ο
706 4224 768 4290 ὃς
803 4224 906 4279 οὐκ
944 4225 1062 4296 εἰμὶ
1111 4225 1296 4290 ἱκανὸς
1348 4223 1636 4279 καλεῖσθαι
1690 4223 2009 4289 ἀπόστολος,

2114 4244 2255 4303 gnus
2297 4225 2484 4281 vocari
2535 4216 2843 4293 apostorus,
2905 4213 3169 4285 quoniam
3211 4211 3534 4280 persecutus
3578 4213 3699 4255 sum

426 4319 560 4372 διότι
611 4316 808 4382 ἐδίωξα
858 4316 960 4389 τὴν
1002 4294 1334 4389 Ἐκκλησίαν
1386 4316 1494 4387 τοῦ,
1518 4315 1676 4370 Θεοῦ.
1725 4317 1926 4388 Χάριτι
1957 4316 1985 4370 ὃ

2125 4294 2419 4377 ῘΞοοΙοείαπι
2444 4313 2564 4370 Dei.
2590 4311 2782 4368 Gratia
2814 4317 2998 4364 autem
3023 4305 3120 4360 Dei
3149 4316 3272 4359 sum
3298 4298 3351 4354 id
3379 4294 3527 4389 quod
3555 4307 3703 4389 sum,
3757 4335 3761 4338 .

427 4408 565 4464 Θεοῦ
591 4409 731 4481 είμὶ,
761 4409 790 4463 ὅ
837 4382 974 4481 εἰμι,
1025 4410 1122 4464 καὶ
1154 4382 1204 4482 ἡ.
1219 4411 1384 4483 χάρις
1417 4382 1585 4462 αὑτοῦ
1623 4410 1658 4478 ή
1687 4410 1769 4471 εἰς
1818 4382 1920 4477 ἐμὲ
1952 4424 1981 4460 ο

2125 4422 2174 4471 et
2205 4411 2382 4484 gratia
2413 4409 2537 4480 ejus
2575 4407 2631 4461 in
2656 4419 2745 4459 me
2774 4414 2951 4456 vacua
2981 4413 3092 4453 non
3122 4394 3244 4450 fuit.
3279 4389 3384 4447 Sed
3417 4382 3705 4484 abundan:

431 4500 562 4572 κενὴ
610 4470 906 4572 ἐγενήθη·“
929 4470 1067 4556 ἀλλὰ
1120 4470 1511 4574 περισσότερον
1567 4470 1758 4554 αὐτῶν
1795 4470 1985 4554 πάντωη

2126 4470 2240 4562 tiu;
2273 4503 2388 4558 illis
2436 4470 2696 4555 omnibus
2747 4490 3038 4550 laboravi:
3084 4501 3192 4543 non
3231 4497 3334 4554 ego
3365 4488 3570 4544 autem,
3611 4470 3705 4530 sed

431 4592 734 4648 ἐκοπίασα·
780 4594 882 4648 οὐκ
907 4593 1021 4663 ἐγὼ
1050 4594 1128 4660 δὲ,
1163 4594 1277 4650 ἀλλ’
1317 4595 1352 4665 ἡ
1373 4594 1534 4666 χάρις
1561 4591 1657 4648 τοῦ
1683 4592 1820 4646 Θεοῦ
1853 4596 1885 4664 ή
1919 4594 1983 4648 σὺ

2125 4597 2302 4671 gratia
2334 4594 2427 4650 Dei
2461 4605 2583 4662 qure
2615 4601 2831 4644 mecum
2867 4589 2973 4640 est.
3015 4600 3034 4634 ι

432 4683 576 4737 ὲιιοί.
617 4703 636 4737 ι

541 4700 576 4737 ι.
617 4703 636 4737 ι

465 4700 679 4828 μ’ἓοῦτο
711 4773 1222 4847 ταπεινοφροσύνης
1255 4774 1316 4828 τὸ
1353 4773 1508 4845 ῥῆμά
1528 4773 1699 4828 ἐστιν.

515 4884 534 4916 ι
569 4865 695 4920 Εἴτε
725 4861 822 4920 οὖν
862 4865 975 4935 ἐγὼ
1003 4904 1020 4931 ,
1051 4869 1163 4921 εῐτε
1193 4867 1417 4932 ἐκεῖνοι,
1457 4865 1602 4920 οὓτω
1645 4865 2022 4939 κηρύσσομεν,

439 4956 535 5010 καὶ
563 4955 738 5021 οὓτως
766 4955 1156 5011 ἐπιστεύσατε.
1182 4957 1248 5010 Et
1284 4956 1342 5011 δὲ
1375 4954 1614 5027 Χριστὸς
1661 4954 2020 5026 κηρύσσεται,

441 5051 525 5104 ὃτι
548 5051 614 5102 ἐκ
639 5049 850 5122 νεκρῶν
881 5049 1202 5122 ἐγήγερται,
1235 5067 1255 5102 ι

514 5142 650 5212 Παρ*
678 5136 760 5207 οῦ,
794 5143 951 5214 φησι,
1004 5141 1263 5211 βούλεσθε
1297 5142 1516 5213 μαθεῖν,
1573 5142 1798 5215 μάθετε.
1860 5141 2026 5197 Ούδέν

442 5231 798 5304 διαφέρομεν.

524 5343 543 5374 ι
585 5325 708 5389 [Ιῶς
741 5325 992 5394 λέγουσιν
1029 5327 1088 5380 ἐν
1113 5326 1240 5397 ὑμῖν
1266 5343 1433 5392 τινες,
1479 5328 1561 5382 ὅτι
1603 5327 1904 5393 ἀνάστασις
1942 5343 2032 5381 νε-

445 5413 602 5485 κρῶν
628 5416 730 5469 οὐκ
757 5414 942 5483 ἐστιν;
982 5435 1002 5468 ι

524 5553 594 5586 θ’·
620 5550 730 5609 lsa.
755 5567 872 5621 Lm,
893 5551 947 5608 8.
1035 5551 1079 5585 "
1105 5551 1238 5610 ibid.
1269 5553 1323 5608 6.

513 5709 545 5786 ,³
581 5712 704 5772 Haec
745 5713 1203 5788 textuilsuperiori
1225 5711 1508 5787 iungenda
1533 5719 1680 5772 sunt.

1426 5553 1473 5586 ⁸³
1507 5553 1642 5610 ibid.
1664 5553 1719 5608 5.
1787 5553 1834 5588 "
1868 5553 1978 5612 Isa.
2008 5571 2084 5612 χι.
2111 5552 2195 5611 10.

2205 4771 2365 4842 116
2393 4766 2518 4823 Haec
2541 4779 2643 4820 vox
2672 4760 3069 4818 demissionem
3103 4751 3272 4810 animi
3309 4749 3601 4842 signiﬁcat.

2203 4837 2369 4919 iis};
2404 4860 2492 4924 11,
2533 4857 2622 4911 12.
2693 4872 2711 4905 ι
2754 4852 2882 4908 Sive
2929 4850 3099 4920 igitur
3151 4860 3274 4917 ego,
3328 4844 3446 4901 sive
3494 4840 3595 4904 illi,
3633 4837 3716 4894 sic

2129 4939 2519 5029 praedicamus,
2554 4956 2610 5004 et
2663 4945 2746 5003 sic
2777 4941 3118 5000 credidistis.
3154 4937 3214 4994 Si
3243 4943 3427 4992 autem
3456 4932 3717 4989 Christus

2133 5047 2467 5123 pra-dicatur
2500 5040 2648 5113 quod
2675 5036 2984 5096 resurrexit
3011 5050 3041 5089 a
3083 5030 3338 5096 mortuis,
3373 5047 3392 5081 ι

2213 5142 2260 5194 Λ
2286 5149 2620 5210 quocunque
2657 5131 2841 5190 velitis
2873 5128 3090 5185 discere
3110 5166 3126 5193 ,
3170 5122 3409 5189 discite;
3440 5115 3577 5174 nihil
3605 5114 3718 5170 dis.

2136 5246 2449 5304 crepamus.
3336 5301 3348 5306 Α
3615 5292 3627 5306 .

2214 5301 2556 5388 {Quomodo
2603 5313 2828 5385 quidam
2892 5309 3088 5365 dicunt
3123 5306 3179 5361 in
3223 5301 3407 5369 vobis,
3459 5301 3720 5376 quoniam

2144 5411 2483 5484 resurrectio
2508 5415 2854 5463 mortuorum
2882 5416 2992 5459 non
3026 5398 3153 5457 est?
3188 5415 3206 5448 ›
3499 5397 3503 5402 ·

2303 5547 2624 5610 "lsa.t.m,
2673 5541 2754 5596 i2.
2841 5539 2887 5571 "
2935 5535 3081 5594 Psal.
3113 5549 3209 5602 xv,
3255 5528 3344 5588 10.
