3970 6450
450 292 566 356 693

1617 297 1699 358 ΙΝ
1730 299 1966 359 EPIST.
2010 303 2110 361 AD
2137 305 2495 369 CORINTH.
2522 312 2572 395 Ι.

3626 322 3731 389 694

530 421 552 454 ι
601 402 820 474 Ἐπειδὴ
851 402 960 474 γάρ
992 402 1059 456 δι’
1099 401 1398 474 ἀνθρώπου
1428 403 1680 470 Θάνατος,
1725 408 1818 459 καὶ
1847 408 1914 461 δι’
1951 410 2047 461 άν-

2410 415 2574 473 V'slts.
2628 418 2714 473 2|.
2754 439 2772 472 ι
2809 421 3078 486 Quoniam
3121 423 3265 477 enim
3306 439 3401 494 per
3449 428 3729 488 hominem

447 491 681 558 Optimos
709 494 1008 558 ἀνάστασις
1041 497 1104 548 ὲκ
1138 496 1369 566 νεκρῶν.
1412 515 1429 547 ι

522 585 858 653 Αἱτιολογὶα.
900 587 1120 658 Ἐπειδὴ
1156 587 1266 658 γὰρ
1315 589 1495 643 πάντα
1537 589 1928 657 ἀποφαντικῶς
1965 586 2046 644 εῖ-

447 693 579 742 πεν,
612 680 828 752 ἀνάγκῃ
857 681 955 732 καὶ
993 680 1310 749 αἰτιολογεῖ,
1342 683 1752 753 εὑπαράδεκτον
1771 686 1883 747 τοῖς
1910 683 2043 737 πολ·

444 769 570 834 λοίς
595 773 1032 838 κατασκευάζων
1061 775 1152 828 τὸν
1182 775 1362 842 λόγον.

530 880 553 912 ‹
588 863 795 933 Ὠσπερ
820 865 928 936 γὰρ
952 867 1008 919 ὲν
1035 865 1112 935 τῷ
1151 866 1328 937 Ἀδάμ
1357 866 1559 930 πάντες
1582 867 2045 939 ἀποθνήσκουσιν,

444 950 633 1016 οὕτως
661 957 754 1008 καὶ
784 956 842 1010 ὲν
871 957 946 1026 τῷ
985 958 1207 1029 Χριστῷ
1246 957 1446 1020 πάντες
1469 957 1994 1028 ζωοποιηθήσονται.
2022 981 2042 1014 ι

527 1045 633 1097 Τὸν
661 1046 769 1116 γάρ
789 1048 1117 1116 ἡττηθέντα,
1150 1049 1336 1118 φησὶν,
1385 1049 1548 1102 αὑτὸν
1597 1051 2048 1120 ἀναμαχέσασθαι

445 1133 569 1188 ἔδει
608 1137 705 1208 τὴν
736 1138 1174 1208 καταὸληθεῖσαν
1220 1139 1381 1208 φύσιν
1435 1138 1607 1211 αὐτὴν
1655 1142 1757 1195 καὶ
1795 1141 2043 1212 νικῆσαι.

445 1225 618 1281 οὕτω
644 1228 751 1299 γὰρ
785 1231 848 1283 τὸ
879 1230 1084 1296 ὄνειδος
1108 1231 1456 1304 ἀπετρίϐετο.

535 1430 554 1462 ι
590 1411 862 1476 Ἕκαστος
888 1414 948 1467 δὲ
976 1415 1033 1468 ὲν
1073 1415 1150 1485 τῷ
1178 1417 1294 1485 ἰδίῳ
1321 1417 1602 1487 τάγματι·
1648 1420 1870 1490 ἀπαρχὴ
1916 1421 2045 1492 Χριρ

451 1501 608 1567 στός.
659 1521 678 1555 ι

419 1594 434 1602 ’
528 1595 622 1666 Μὴ
646 1598 832 1668 ἐπειδὴ
863 1599 1162 1651 ἀνάστασιν
1189 1599 1449 1669 ἤκουσας,
1489 1603 1680 1673 νόμιζε
1706 1605 1909 1668 πάντας
1939 1606 2044 1658 τῶν

449 1687 640 1740 αὑτῶν
678 1688 994 1742 ἀπολαύειν.

536 1797 554 1829 ι
601 1779 836 1832 Ἔπειτα
863 1781 913 1832 οἱ
941 1780 1036 1832 τοῦ
1065 1781 1304 1852 Χριστοῦ
1327 1784 1385 1836 ἐν
1415 1786 1479 1854 τῇ
1512 1786 1786 1857 παρουσία
1815 1787 1998 1843 αὑτοῦ.
2020 1809 2038 1841 ι
2079 1764 2118 1816 Β

533 1867 846 1936 Τουτέστιν,
883 1871 930 1924 οἱ
953 1871 1136 1924 πιστοὶ
1162 1873 1257 1925 καὶ
1283 1871 1729 1944 εὑδοκιμηκότες.

538 1980 556 2012 ι
590 1956 724 2013 Εἶτα
749 1962 810 2013 τὸ
861 1962 1034 2028 τέλος,
1077 1964 1207 2018 ὅταν
1253 1965 1481 2035 παραδῷ
1520 1967 1618 2038 τὴν
1661 1967 1940 2037 βασιλείαν
1969 1971 2043 2038 τῷ

451 2051 582 2122 Θεῷ
612 2053 706 2106 καὶ
739 2054 934 2124 Πατρί.
972 2073 991 2106 ι

533 2144 703 2197 Ὅταν
729 2145 838 2216 γὰρ
860 2147 1165 2200 ἀναστῶσιν
1195 2148 1416 2214 ἐκεῖνοι,
1439 2150 1508 2203 τά
1528 2152 1831 2222 πράγματα
1865 2154 2046 2208 πάντα

453 2235 691 2306 λήψεται
712 2238 888 2302 τέλος.
932 2239 1007 2293 Οὐ
1039 2239 1291 2312 καθάπερ
1315 2241 1410 2295 νῦν
1431 2244 1763 2308 ἀναστάντος
1790 2246 1882 2299 τοῦ
1907 2247 2043 2319 Χρι-

459 2329 614 2393 στοῦ,
647 2331 714 2384 τὰ
746 2333 1050 2402 πράγματα
1088 2331 1327 2403 ἔστησαν
1352 2334 1431 2389 ἔτι
1473 2337 1852 2407 μετέωρα.Διδ
1875 2357 2044 2408 προσ-

456 2418 666 2490 τίθησι,
711 2422 883 2491 ἡμεῖς
914 2424 985 2476 ἐν
1029 2423 1102 2491 τῇ
1139 2427 1441 2494 παρουσίᾳ
1483 2429 1693 2493 αὐτοῦ,
1742 2430 1828 2483 ἴνα
1864 2431 2045 2503 μάθῃς

457 2514 544 2567 ὅτι
574 2514 704 2584 περὶ
734 2516 948 2568 ἐκείνου
982 2515 1078 2570 τοῦ
1112 2518 1306 2588 καιροῦ
1333 2519 1662 2588 διαλέγεται.

538 2623 556 2655 ι
601 2604 766 2659 Ὅταν
793 2609 1120 2680 καταργήσῃ
1153 2611 1333 2663 πᾶσαν
1361 2611 1535 2681 ἀρχὴν
1555 2613 1648 2664 καὶ
1677 2615 1862 2668 πᾶσαν
1895 2613 2044 2681 ἑξου·

465 2694 590 2749 σεαν
623 2699 717 2750 καὶ
745 2697 999 2768 δύναμιν.
1038 2718 1058 2750 ι

534 2788 848 2852 Τουτέστιν,
903 2791 1032 2844 ὅταν
1080 2791 1146 2844 δι’
1178 2793 1346 2845 αὑτοῦ
1402 2797 1734 2871 προσαγάγῃ
1768 2799 1947 2853 πάντα
1976 2801 2045 2854 τὰ

463 2879 590 2950 εθνη
621 2880 896 2936 δουλεύειν
921 2883 999 2954 τῷ
1034 2885 1232 2955 Πάτρί,
1267 2885 1479 2954 Οὐδεὶς
1510 2889 1622 2957 γὰρ
1650 2890 1906 2960 ἔρχεται,
1941 2910 2046 2965 φη-

464 2971 536 3037 σὶ,
574 2971 725 3039 πρὸς
751 2973 860 3026 τὸν
892 2977 1143 3044 Πατέρα,
1185 2980 1237 3031 ει
1255 2977 1341 3046 μὴ
1365 2979 1438 3031 δι’
1463 2981 1632 3049 ἐμοῦ.

538 3079 557 3112 ι
595 3064 687 3113 Δεῖ
734 3063 844 3134 γὰρ
898 3065 1062 3118 αὑτὸν
1115 3066 1421 3136 βασιλεύειν
1451 3071 1604 3142 ’ἄχρι
1631 3066 1694 3127 οὗ
1743 3073 1808 3146 θῇ
1837 3075 2043 3142 πάντας
2071 3088 2115 3147 C

464 3152 587 3217 τοὺς
613 3153 842 3226 ἐχθροὺς
865 3157 970 3210 ὑπὸ
1000 3159 1127 3222 τοὺς
1173 3160 1342 3224 πόδας
1373 3163 1561 3217 αὑτοῦ.
1589 3165 1775 3220 Πάντα
1801 3168 1910 3239 γὰρ
1942 3171 2046 3221 ὑπ-ο

464 3245 654 3312 ἔταξεν
685 3247 788 3300 ὑπὸ
819 3248 945 3311 τοὺς
974 3250 1141 3314 πόδας
1169 3252 1356 3307 αὑτοῦ.
1388 3256 1659 3324 Ἐσχατος
1688 3257 1883 3327 ἐχθρὸς
1910 3277 2045 3313 κατ-

465 3338 717 3403 αργεῖται
745 3339 774 3390 ὁ
804 3337 1055 3403 θάνατος.
1099 3341 1270 3395 Ὅταν
1297 3343 1354 3395 δὲ
1393 3343 1522 3415 εἴπῃ
1549 3346 1631 3398 ὅτι
1660 3347 2044 3414 ὑποτέτακται,

464 3425 624 3495 δῆλον
658 3427 815 3492 ἐκτὸς
843 3429 937 3482 τοῦ
963 3429 1333 3497 ὑποτάξαντος
1375 3435 1524 3504 αὑτῷ
1549 3437 1616 3488 τά
1651 3439 1854 3493 πάντα.
1880 3441 2048 3495 Ὅταν

466 3516 520 3572 δὲ
554 3518 803 3590 ὑποταγῇ
835 3520 985 3591 αὑτῷ
1030 3521 1098 3586 τὰ
1145 3524 1326 3578 πάντα
1350 3565 1364 3589 ,
1401 3527 1520 3578 τότε
1551 3528 1648 3581 καὶ
1673 3529 1835 3593 αὑτὸς
1858 3533 1886 3583 ὁ
1920 3531 2046 3596 Υἱὸς

467 3608 874 3679 ὑποταγήσεται
905 3611 984 3680 τῷ
1011 3612 1343 3679 ὑποτάξαντι
1387 3616 1534 3684 αὑτῷ
1567 3617 1636 3670 τὰ
1670 3618 1875 3672 πάντα·
1903 3617 2047 3693 ῖναῇ

466 3701 496 3751 ὁ
539 3699 674 3762 Θεὸς
721 3701 790 3754 τὰ
849 3703 1028 3756 πάντα
1056 3706 1114 3757 ὲν
1141 3706 1328 3761 πᾶσιν.
1372 3707 1526 3760 Ἐπεὶ
1549 3709 1602 3759 τί
1642 3711 1958 3780 ποιήσουσιν
2001 3714 2051 3764 οἱ

471 3790 854 3862 βαπτιζόμενοι
880 3794 1022 3863 ὑπὲρ
1044 3795 1150 3848 τῶν
1181 3796 1426 3866 νεκρῶν;
1461 3817 1478 3850 ι

540 3882 633 3943 Τὸ,
665 3883 823 3952 ἄχρι,
877 3887 980 3939 οὑκ
1019 3887 1136 3940 ἐστι
1163 3889 1358 3957 χρόνου
1400 3891 1736 3962 σημαντικὸν
1790 3894 1941 3964 παρά
1985 3896 2051 3965 τῇ

469 3971 683 4044 Γραφῇ,
734 3975 930 4046 ὥσπερ
980 3976 1101 4028 οὑδὲ
1131 3979 1212 4042 τὸ,
1260 3978 1408 4044 ἕως’
1445 3983 1586 4034 κατὰ
1629 3983 1689 4036 τὸ
1737 3984 2050 4053 εἰρημένον,

467 4059 586 4117 ἀπὸ
621 4063 726 4117 τοῦ
749 4064 984 4130 αἰῶνος,
1016 4068 1117 4122 καὶ
1137 4067 1248 4135 ἕως
1269 4070 1375 4123 τοῦ
1401 4071 1617 4136 αἰῶνος
1642 4074 1724 4126 σὺ
1745 4071 1818 4127 εἷ.

548 4154 665 4207 Ἵνα
698 4158 772 4227 μή
804 4174 884 4219 τις
912 4157 1008 4209 δύο
1045 4159 1219 4228 ἀρχάς
1238 4161 1515 4230 άνάρχους
1547 4164 1855 4235 ὑποπτεύῃ.
1899 4166 2055 4228 Τινὲς

469 4246 568 4316 τῆς
596 4246 794 4310 κακίας
819 4247 1086 4320 δηλοῦντα
1118 4249 1240 4315 τὴν
1263 4251 1543 4321 ἀναίρεσιν
1569 4253 1727 4306 τοῦτό
1765 4271 1930 4322 φασιν
1961 4256 2056 4309 αὑ-

468 4338 560 4390 τὸν
588 4339 896 4408 εἰρηκέναι.

547 4446 565 4479 ι
607 4429 668 4480 Εἰ
699 4430 833 4492 ὅλως
861 4430 1047 4502 νεκροὶ
1073 4431 1176 4485 οὑκ
1199 4431 1528 4503 ἐγείρονται,
1554 4435 1607 4487 τί
1637 4435 1731 4488 καὶ
1763 4435 2053 4506 βαπτίζον-
2086 4420 2132 4477 Ῑ)

469 4535 560 4574 ται
590 4521 732 4590 ὑπὲρ
757 4521 971 4587 αὑτῶν;
1017 4541 1035 4574 ι

542 4611 713 4664 Τοῦτό
743 4630 930 4682 φησιν,
963 4613 1045 4667 ὅτι
1071 4615 1166 4668 καλ⁸
1192 4615 1392 4686 σαρκὸς
1421 4616 1722 4672 ἀνάστασιν
1754 4620 2053 4689 ὁμολογοῦ-

475 4721 575 4775 μεν
606 4707 664 4757 ἐν
693 4705 773 4774 τῷ
808 4706 1178 4778 βαπτίσματι.

553 4813 573 4846 ι
611 4795 675 4848 Τί
715 4798 809 4850 καὶ
841 4800 1008 4868 ἡμεῖς
1043 4799 1428 4871 κινδυνεύομεν
1457 4803 1636 4856 πᾶσαν
1658 4803 1845 4874 ὥραν;
1888 4823 1906 4856 ι

541 4979 658 5032 Οὐκ
709 4974 903 5043 εἶπεν,
957 4980 1100 5049 ἐγὼ,
1163 4981 1302 5046 ἀλλ’,
1361 4982 1567 5050 ἡμεῖς,
1618 4986 2062 5057 παραλαμϐάνων

2154 492 2323 567 ιιιοῗὲ,
2362 509 2416 555 et
2452 519 2549 572 per
2566 503 2844 560 hominem
2871 509 3203 563 resurrectio
3243 492 3320 566 exi
3343 516 3599 572 mortuis.
3633 538 3650 569 ι

2223 591 2419 647 Causa:
2461 594 2718 649 redditio.
2777 595 2909 652 Nam
2964 602 3091 668 quia
3150 603 3406 658 universa
3462 605 3727 663 hactenus

2153 683 2473 742 afﬁrmando
2495 689 2892 756 pronuntiavit,
2921 707 3098 760 operte
3140 697 3374 763 pretium
3403 694 3505 750 fuit
3534 697 3729 753 afferre

2153 789 2376 830 causam
2425 792 2533 846 qua
2561 779 2866 834 orationem
2897 783 3058 852 vulgo
3083 786 3420 853 probabilem
3456 798 3696 857 pararet.

2223 867 2392 924 Vens.
2419 871 2510 924 9.2.
2549 888 2567 921 ι
2597 869 2729 924 Nam
2785 872 2929 926 sicut
2953 875 3004 926 in
3049 875 3220 929 Adam
3246 892 3436 934 omnes
3479 881 3727 935 moriun-

2152 965 2260 1024 tur,
2297 960 2373 1013 ita
2398 970 2451 1014 et
2481 960 2536 1015 in
2563 962 2786 1017 Christo
2817 978 3008 1020 omnes
3035 965 3478 1024 viviﬁcabuntur.
3524 991 3543 1022 ι

2223 1051 2541 1120 Oportebat,
2601 1055 2800 1124 inquit,
2853 1065 2911 1110 ut
2960 1060 3053 1127 qui
3083 1069 3371 1128 superatus
3422 1061 3620 1129 fuerat,
3656 1065 3724 1120 ad

2153 1158 2389 1213 pugnam
2416 1154 2826 1215 reverteretur;
2870 1158 2924 1203 et
2983 1158 3041 1204 ut
3085 1152 3309 1207 subacta
3363 1163 3558 1208 natura
3607 1157 3725 1226 ipsa

2150 1237 2371 1291 tandem
2396 1239 2658 1294 vinceret.
2687 1239 2798 1296 Hac
2825 1243 3024 1312 quippe
3049 1244 3261 1300 ratione
3282 1245 3573 1301 delendum
3603 1257 3722 1303 erat

2149 1331 2528 1400 approbrium.

2221 1417 2386 1474 Vens.
2421 1421 2510 1476 25.
2551 1441 2568 1473 ι
2611 1420 3007 1494 Unusquisque
3044 1433 3223 1482 autem
3265 1426 3319 1481 in
3357 1442 3458 1484 suo
3491 1429 3724 1498 ordine;

2146 1508 2406 1577 primitiae
2434 1511 2709 1568 Christus.
2750 1532 2768 1566 ι

2219 1600 2296 1655 Ne
2326 1603 2624 1670 putaveris,
2651 1605 2779 1658 dum
2813 1606 2971 1662 audis
2995 1607 3480 1676 resurrectionem,
3505 1624 3728 1666 corum-

2147 1693 2269 1747 dem
2292 1708 2482 1750 omnes
2523 1697 2786 1750 bonorum
2818 1709 3100 1768 compotes
3123 1699 3361 1756 futuros.

2223 1800 2242 1834 ι
2281 1784 2485 1841 Deinde
2516 1786 2583 1840 iis
2613 1788 2706 1862 qui
2732 1797 2858 1842 sunt
2887 1787 3113 1855 Christi,
3154 1791 3208 1844 in
3238 1791 3476 1846 adventu
3511 1793 3653 1862 ejus.
3699 1810 3718 1846 ι

2218 1872 2332 1928 Hoc
2356 1882 2458 1939 est,
2493 1861 2699 1941 fideles,
2735 1887 2788 1931 et
2819 1878 2911 1947 qui
2944 1879 3158 1948 probati
3196 1889 3344 1935 sunt.

2215 1962 2384 2020 Vens.
2411 1965 2502 2019 24.
2536 1985 2555 2017 ι
2597 1967 2801 2024 Deinde
2835 1969 2975 2036 ﬁnis,
3004 1986 3130 2025 cum
3162 1971 3452 2027 tradiderit
3491 1987 3725 2044 regnum

2147 2054 2259 2111 Deo
2281 2063 2335 2110 et
2360 2056 2530 2111 Patri.
2555 2077 2576 2110 ι

2217 2150 2448 2216 Quando
2494 2152 2573 2206 illi
2626 2161 2937 2223 resurgent,
2994 2170 3082 2210 res
3135 2171 3325 2212 omnes
3381 2157 3544 2212 ﬁnem
3579 2157 3726 2211 acci-

2146 2243 2348 2313 pient:
2403 2258 2572 2311 nam,
2636 2245 3098 2314 quemadmodum
3173 2247 3368 2314 hodie,
3434 2257 3722 2317 postquam

2146 2335 2398 2389 Christus
2424 2335 2760 2399 resurrexit,
2793 2351 3077 2404 suspensae
3113 2352 3203 2392 res
3230 2343 3490 2392 tenentur
3521 2339 3723 2392 adhuc.

2146 2418 2417 2484 Quocirca
2456 2421 2628 2484 addit,
2686 2440 2779 2476 nos
2811 2423 2863 2475 in
2901 2423 3130 2478 aduentu
3162 2425 3303 2494 ejus,
3347 2435 3408 2480 ut
3461 2425 3727 2497 signiticet

2145 2524 2206 2565 se
2229 2511 2296 2565 de
2329 2511 2423 2564 illo
2458 2519 2701 2582 tempore
2729 2514 2894 2568 verba
2935 2515 3137 2572 facere.

2221 2625 2241 2659 ι
2273 2605 2412 2661 Cum
2443 2609 2792 2663 evacuaverit
2831 2624 3047 2665 omnem
3081 2611 3450 2680 principatum
3483 2618 3536 2666 et
3576 2618 3730 2680 pote-

2148 2705 2343 2752 statem
2375 2705 2428 2750 et
2459 2697 2740 2758 virtutem.
2774 2718 2794 2750 ι

2217 2788 2274 2843 id
2312 2799 2413 2856 est,
2467 2800 2818 2859 posteaquam
2874 2792 3124 2846 nationes
3155 2805 3346 2847 omnes
3369 2790 3440 2845 ad
3477 2790 3727 2846 servien-

2148 2879 2276 2934 dum
2317 2879 2465 2934 Patri
2497 2880 2805 2935 adduxerit.
2838 2881 3005 2935 Nemo
3045 2883 3207 2949 enim,
3241 2883 3420 2952 inquit
3450 2881 3727 2946 Christus,

2149 2972 2284 3025 venit
2312 2971 2380 3024 ad
2423 2970 2633 3025 Patrem
2665 2972 2768 3024 nisi
2793 2987 2882 3039 per
2909 2989 2990 3026 me
3022 2973 3090 3025 ⁸³.

2220 3057 2388 3112 Vens.
2414 3058 2604 3114 25-29.
2634 3078 2653 3110 ι
2689 3059 2918 3130 Oportet
2949 3069 3128 3116 autem
3155 3061 3310 3115 illum
3359 3077 3611 3132 regnare,
3632 3062 3732 3116 do-

2151 3164 2252 3204 nec
2275 3157 2442 3218 ponat
2473 3165 2665 3205 omnes
2694 3150 2953 3207 inimicos
3001 3153 3105 3208 sub
3134 3153 3369 3223 pedibus
3398 3152 3541 3222 ejus.
3597 3150 3732 3207 Nam

2149 3241 2334 3296 omnia
2363 3241 2600 3309 subjecit
2625 3241 2728 3298 sub
2767 3243 2997 3313 pedibus
3023 3242 3167 3312 ejus.
3204 3242 3516 3297 Novissima
3549 3248 3734 3294 autem

2151 3333 2373 3387 inimica
2394 3334 2709 3388 destruetur
2737 3349 2907 3389 mors.
2941 3335 3078 3388 Cum
3118 3343 3300 3389 autem
3347 3333 3518 3396 dicat,
3575 3329 3736 3396 Quod

2151 3423 2398 3492 subjecta
2429 3430 2581 3488 sunt,
2623 3426 2742 3479 sine
2772 3423 2944 3481 dubio
2991 3431 3192 3493 praeter
3220 3439 3346 3478 eum
3379 3423 3474 3491 qui
3498 3421 3740 3490 subjecit

2151 3514 2256 3584 ipsi
2278 3515 2488 3569 omnia.
2521 3516 2657 3570 Cum
2689 3523 2874 3570 autem
2905 3514 3156 3582 subjecta
3184 3514 3389 3569 fuerint
3415 3513 3490 3566 illi
3523 3513 3734 3577 omnia,

2153 3615 2283 3661 tunc
2335 3616 2391 3660 et
2428 3607 2544 3676 ipse
2573 3605 2747 3662 Filius
2800 3606 3080 3676 subjectus
3114 3606 3223 3662 erit
3273 3606 3324 3660 ei
3371 3605 3465 3675 qui
3500 3603 3739 3672 subjecit

2153 3697 2255 3752 sibi
2285 3697 2500 3764 omnia;
2556 3705 2616 3750 ut
2651 3699 2722 3752 sit
2751 3697 2899 3752 Deus
2943 3696 3208 3751 omniain
3253 3695 3535 3750 omnibus.
3580 3694 3733 3749 Alio-

2154 3789 2285 3861 quin
2321 3790 2454 3858 quid
2481 3788 2703 3850 facient,
2732 3790 2826 3858 qui
2864 3789 3220 3858 baptizantur
3257 3802 3358 3857 pro
3394 3786 3675 3842 mortuis?
3714 3805 3731 3838 ι
3757 3819 3772 3834 ο

2229 3879 2368 3944 Vox,
2420 3881 2606 3943 donec,
2661 3881 2716 3933 in
2749 3878 3030 3950 Scriptura
3067 3887 3285 3950 tempus
3327 3879 3621 3950 significat,
3656 3880 3736 3933 uti

2158 3988 2278 4038 nec,
2309 3989 2490 4042 usque.
2535 3971 2696 4028 Velut
2749 3972 2806 4040 in
2857 3972 2963 4029 hoc
2999 3972 3183 4038 eﬂ'ato,
3214 3990 3248 4027 a
3269 3973 3466 4028 σακκία
3496 3979 3547 4027 et
3574 3985 3738 4040 usque

2157 4063 2212 4116 in
2242 4064 2496 4117 swculum
2529 4072 2585 4116 tu
2604 4079 2658 4118 es
2685 4063 2753 4116 9°.

2227 4151 2306 4206 Ne
2340 4155 2465 4222 quis
2500 4153 2773 4222 principia
2812 4154 2924 4209 duo
2975 4153 3222 4222 expertia
3263 4153 3524 4224 principii
3553 4155 3736 4224 suspi-

2159 4252 2334 4298 cetur.
2380 4243 2638 4298 Nonnulli
2687 4245 2884 4300 dicunt
2923 4244 3027 4299 hoc
3059 4259 3185 4298 cum
3216 4244 3630 4314 pronuntiasse,
3679 4254 3741 4298 ut

2160 4335 2419 4404 nequitiae
2449 4335 2885 4391 destructionem
2914 4335 3277 4405 signiﬁcaret.

2237 4446 2256 4478 ι
2297 4427 2352 4480 Si
2395 4428 2622 4484 omnino
2654 4429 2861 4482 mortui
2905 4443 3016 4484 non
3050 4433 3392 4498 resurgunt,
3427 4433 3487 4480 ut
3530 4423 3664 4495 quid
3687 4432 3742 4480 et

2161 4523 2512 4592 baptizantur
2546 4537 2644 4591 pro
2679 4520 2830 4574 illis?
2869 4537 2890 4570 ι

2232 4615 2347 4671 Hoc
2381 4617 2477 4682 ait,
2509 4616 2636 4684 quia
2668 4614 2724 4668 in
2753 4613 3093 4683 baptismate
3121 4609 3589 4667 resurrectionem
3617 4623 3746 4664 ear-

2160 4709 2245 4766 nis
2268 4708 2609 4777 proﬁtemur.

2235 4800 2400 4856 Vens.
2435 4799 2524 4854 '50.
2567 4819 2584 4851 ι
2627 4797 2696 4853 Ut
2720 4798 2850 4871 quid
2880 4805 2936 4854 et
2961 4811 3064 4854 nos
3088 4794 3466 4868 periclitamur
3498 4792 3554 4848 in
3591 4792 3744 4848 omni

2164 4893 2300 4948 hora
2323 4895 2347 4946 ‘l
2382 4913 2400 4946 ι

2233 4987 2355 5040 Non
2379 4984 2538 5047 dixit,
2565 4997 2689 5050 ego,
2722 4982 2840 5046 sed,
2871 4997 2989 5047 nos,
3039 4986 3102 5034 ut
3127 4962 3635 5050 apostolosb‘mnes
3667 4975 3744 5031 si-

474 5071 683 5134 πάντας
705 5074 828 5135 τοὺς
850 5073 1180 5136 ἀποστόλους
1201 5090 1214 5104 ο
1249 5075 1344 5127 καὶ
1371 5075 1540 5147 ταύτῃ
1585 5079 1916 5146 μετριάζων,
1964 5080 2054 5133 καὶ

2188 5079 2273 5132 nul
2313 5077 2663 5147 signiﬁcaret.
2719 5076 2901 5144 Atque
2934 5074 3036 5128 hac
3071 5087 3204 5128 voce
3245 5070 3576 5127 modestiam
3609 5083 3739 5139 pro—

473 5161 783 5225 ἁξιὸπιστον
809 5163 902 5215 τὸν
929 5163 1087 5231 λόγον
1118 5167 1309 5218 ποιῶν.

551 5271 569 5302 ι
604 5253 744 5306 Καθ’
767 5255 980 5324 ἡμέραν
1005 5255 1357 5324 ἀποθνήσκω,
1387 5258 1450 5328 νὴ
1480 5259 1578 5328 τὴν
1617 5261 1886 5332 ὑμετέραν
1918 5264 2051 5318 καύ-

473 5360 654 5415 χησιν,
691 5344 757 5416 ἣν
789 5345 896 5414 ἔχω
920 5347 978 5397 ἐν
1010 5345 1233 5416 Χριστῷ
1275 5348 1452 5417 Ἰησοῦ
1482 5350 1560 5417 τῷ
1584 5351 1794 5420 Κυρίῳ.
1824 5371 1843 5403 ι

446 5451 455 5470 ι
495 5495 499 5498 η
558 5437 824 5490 Ἐνταῦθα
845 5438 944 5508 τὴν
974 5439 1157 5492 αὑτῶν
1190 5442 1474 5514 προκοπὴν
1499 5442 1669 5510 λέγει.
1695 5444 1817 5508 Πῶς
1843 5447 1900 5501 δὲ
1923 5449 2058 5503 ἀπο-

475 5526 700 5600 θνήσκει
735 5530 856 5584 καθ’
889 5532 1128 5603 ἑκάστην
1159 5532 1393 5603 ἡμέραν,
1431 5534 1463 5605 ἢ
1493 5538 1558 5607 τῇ
1591 5536 1912 5611 προθυμίας

559 5703 788 5766 9"Joan.
814 5725 925 5770 xw.
964 5710 1018 5764 6.
1105 5709 1316 5765 "f’sal.
1353 5722 1442 5769 XL.
1479 5709 1561 5762 Η.

2156 5171 2280 5236 mit,
2313 5181 2364 5224 et
2394 5168 2630 5224 orationi
2660 5167 2818 5221 ﬁdem
2851 5164 3072 5220 asserit.

2234 5257 2402 5314 Vsus.
2425 5259 2514 5312 5|.
2550 5276 2568 5308 ‹
2591 5255 2844 5322 Quotidie
2875 5254 3104 5316 morior,
3131 5252 3198 5306 ad
3219 5250 3450 5323 gloriam
3478 5255 3744 5314 vestram,

2165 5366 2330 5422 quam
2367 5351 2542 5406 habeo
2574 5350 2628 5404 in
2660 5348 2880 5404 Christo
2907 5344 3038 5401 Jesu
3074 5343 3328 5398 Domino.
3363 5359 3384 5393 ι

2243 5443 2406 5512 118
2431 5440 2528 5496 llic
2553 5442 2804 5496 emmtiat
2823 5447 3089 5508 quantum
3121 5433 3438 5507 profecerit.
3456 5427 3746 5497 Quomodo

2164 5534 2311 5590 enim
2346 5532 2592 5604 quotidie
2619 5532 2907 5598 moriatur,
2938 5529 3044 5586 nisi
3077 5526 3276 5585 ardore
3305 5521 3519 5581 animi?
