3970 6444
303 250 414 318 625

1515 252 1577 310 S.
1599 251 1784 311 JOAN
1795 250 1921 308 N15
1951 250 2346 316 DAMASCEN
2354 249 2382 318 Ι

3479 254 3583 320 696

377 366 545 425 Vens.
579 367 667 430 '52.
707 387 725 419 ι
770 365 826 421 Si
859 365 1195 439 (secundum
1236 367 1551 438 hominem)
1584 368 1652 422 ad
1686 368 1877 424 bestia:

2072 390 2089 422 ι
2133 371 2194 424 Ei
2233 373 2250 442 (
2286 372 2430 425 κατά
2473 371 2759 442 ἄνθρωπον
2795 373 3262 445 )ὲθηριομάχησα
3307 375 3381 428 ἐν
3417 375 3580 448 Ἑφέ-

304 460 545 532 pugnavi
579 458 802 530 Ephesi.
847 477 866 511 ι

379 548 495 606 Hoc
534 558 638 615 est,
663 555 930 620 quantum
978 549 1033 604 in
1068 548 1319 610 homines
1365 549 1540 614 cadit;
1575 563 1890 619 quanquam

305 651 358 698 et
386 641 528 698 Deus
568 655 656 699 nte
688 639 964 704 liberavit,

383 753 402 786 ι
433 732 574 800 Quid
610 730 746 788 mihi
777 730 1026 802 prodest,
1076 732 1122 788 si
1155 733 1359 792 mortui
1393 747 1505 790 non
1545 733 1892 804 resurgunt?

305 827 703 887 manducemus
735 832 788 879 et
831 821 1135 889 bibamus:
1194 837 1320 882 cras
1368 824 1514 879 enim
1569 825 1885 879 moriemur.

306 918 472 974 Vnus.
511 915 632 988 55.]
661 914 845 972 Nolite
866 930 1054 978 errare
1077 915 1486 988 :Corrmnpuut
1509 931 1690 973 mores
1716 918 1888 973 bonos

303 1007 581 1077 colloquia
615 1007 779 1062 mala.
819 1028 840 1060 ι

374 1102 565 1165 Isthaec
593 1103 778 1159 omnia
813 1103 1212 1174 pronuntiavit,
1261 1118 1368 1158 non
1393 1103 1539 1172 quod
1571 1104 1704 1159 nihil
1735 1119 1888 1160 emo-

303 1195 535 1257 lumenti
567 1195 905 1265 percipiebat
936 1211 1001 1250 ex
1032 1209 1097 1251 eo
1122 1193 1273 1264 quod
1303 1194 1638 1266 patiebatur,
1666 1196 1760 1266 qui
1788 1210 1888 1250 nec

300 1286 572 1342 mercedis
593 1287 1010 1358 exspectatione
1047 1297 1317 1343 curreret.
1346 1285 1475 1342 Sola
1503 1289 1706 1358 quippe
1734 1290 1888 1344 retri-

299 1379 455 1442 butio
477 1377 594 1437 haec
615 1379 664 1434 ci
692 1379 1019 1446 suﬂiciebat,
1061 1380 1114 1435 id
1156 1389 1422 1451 praestare
1447 1384 1594 1452 quod
1627 1380 1884 1452 placitum

301 1482 449 1529 esset
507 1471 637 1529 Deo.
674 1471 783 1528 Sed
835 1480 1062 1544 propter
1107 1473 1475 1544 plurimorum
1510 1473 1884 1530 iulirmitatem

297 1564 376 1629 ita
411 1563 761 1636 loquebatur.
794 1562 1068 1631 Quocirca
1101 1564 1173 1619 ob
1219 1565 1468 1620 eamdem
1494 1565 1764 1621 rationem
1803 1565 1886 1619 tli-

299 1657 498 1712 cebat:
531 1655 593 1711 Si
641 1657 695 1711 in
742 1657 842 1716 hac
867 1657 977 1710 vita
1011 1664 1222 1710 tantum
1262 1657 1318 1709 in
1367 1653 1581 1711 Christo
1612 1667 1885 1726 sperantes

1999 481 2097 517 σω.
2135 483 2152 515 1

2049 517 2379 623 ,Τουτέστιη
2417 557 2542 611 ὅσον
2564 558 2644 620 είς
2663 558 2761 611 ἀνθ
2771 559 2986 629 ρώπους
3018 555 3178 630 ἧκεν,
3199 561 3249 612 εί
3284 559 3380 613 καὶ
3399 559 3427 612 ὁ
3446 560 3579 626 Θεὸς

1994 648 2285 721 ἐρρύσατο.

2070 759 2087 790 ι
2125 737 2191 791 Ti
2226 755 2317 810 μοι
2340 739 2399 794 τὸ
2427 739 2640 810 ὄφελος,
2677 741 2726 793 εί
2751 741 2936 812 νεκροὶ
2968 742 3070 795 οὐκ
3115 741 3449 814 ἐγείρονται;
3475 743 3581 814 φά-

1993 847 2180 900 γωμεν
2227 831 2323 884 καὶ
2370 831 2617 902 πίωμεν·
2649 831 2839 904 αὖριον
2867 832 2976 904 γὰρ
3005 833 3448 906 ἀποθνήσκομεν.
3483 834 3582 906 Μὴ
3658 851 3670 871 τ

1991 921 2300 977 πλανᾶσθε-,ο
2341 922 2619 995 φθείρουσι
2654 923 2762 994 γὰρ
2792 922 2944 996 [ἤθη]
2983 926 3195 999 χρηστά
3250 923 3456 998 ὁμιλίαι
3477 943 3578 980 καο
3653 925 3664 948 ‘

1991 1015 2103 1072 καί.
2146 1031 2167 1065 ι

2061 1104 2198 1159 Τάδε
2221 1105 2402 1159 πάντα
2430 1103 2640 1172 ἔλεγεν,
2669 1106 2771 1156 οὐκ
2807 1104 2994 1176 ἐπειδὴ
3054 1106 3154 1159 οὐκ
3195 1123 3339 1178 ειχεν
3383 1105 3578 1174 ὄφελος

1991 1199 2085 1252 καὶ
2114 1199 2172 1252 ἐν
2200 1197 2349 1268 αὐτῷ
2378 1197 2459 1270 τῷ
2482 1196 2737 1268 πάσχειν.
2767 1199 2842 1250 Uti
2865 1197 2976 1267 γὰρ
3005 1197 3096 1251 ἐπὶ
3126 1198 3309 1269 μισθῷ
3332 1197 3574 1270 ἔτρεχεν

1990 1291 2239 1364 ἀρκοῦσα
2277 1291 2388 1362 γὰρ
2421 1289 2570 1361 αὐτῷ
2601 1286 2670 1361 ἦν
2715 1290 2988 1354 ἀντίδοσις
3035 1289 3097 1344 τὸ
3134 1293 3358 1362 ποιῆσαι
3407 1292 3467 1344 τὸ
3490 1292 3576 1345 δο-

1989 1385 2120 1440 κοῦν
2168 1383 2247 1456 τῷ
2279 1384 2429 1456 Θεῷ·
2477 1383 2614 1438 ἀλλά
2644 1383 2736 1438 διὰ
2767 1383 2867 1455 τὴν
2891 1383 3179 1438 ἀσθένειαν
3207 1383 3316 1439 τῶν
3341 1383 3572 1438 πολλῶν.

1992 1478 2153 1531 Ὥστε
2187 1478 2280 1530 καὶ
2309 1478 2438 1530 ὅταν
2480 1476 2637 1546 λέγῃ,
2675 1478 2742 1530 Ei
2764 1476 2835 1528 ἐν
2860 1459 2949 1544 τεῖ
2975 1475 3092 1545 ζωῇ
3124 1478 3312 1546 ταύτῃ
3343 1477 3412 1532 ἐν
3441 1480 3576 1546 Χρι-

1989 1568 2112 1636 στῷ
2132 1570 2458 1637 ἠλπικότες
2476 1567 2667 1637 ἐσμὲν
2684 1569 2897 1637 μόνον,
2923 1568 3311 1638 ἐλεεινότεροι
3331 1568 3576 1627 πάντων

1987 1658 2316 1728 ἀνθρώπων
2348 1657 2556 1728 ἐσμὲν,
2583 1658 2671 1712 διὰ
2696 1658 2795 1729 τὴν
2835 1659 3005 1730 αὐτὴν
3050 1660 3234 1714 αἰτίαν
3257 1660 3427 1729 λέγει,
3482 1660 3576 1712 καὶ

299 1766 508 1815 attinuit,
567 1748 980 1812 miserabiliores
1033 1766 1217 1808 sumus
1255 1748 1500 1804 omnibus
1561 1749 1877 1805 hominibus.

2007 1752 2130 1805 ὒστε
2151 1751 2229 1821 τῷ
2267 1750 2416 1820 φόϐῳ
2438 1751 2536 1821 τῆς
2562 1749 2881 1821 ἀθλιότητος
2925 1751 3131 1821 ταύτης
3163 1751 3435 1807 διασεῖσαι
3471 1752 3576 1806 αὑο

299 1842 418 1914 Quo
447 1856 646 1918 nempe
682 1841 765 1896 vel
805 1840 1037 1912 hujusce
1060 1842 1296 1898 miserim
1309 1850 1375 1898 et
1407 1841 1748 1900 infelicitatis
1775 1843 1887 1900 for-

296 1933 508 1996 midine
534 1947 726 1990 eorum
750 1931 901 1988 circa
933 1929 1402 1987 resurrectionem
1436 1931 1884 1992 incredulitatem

299 2024 618 2097 exagitaret.

366 2114 535 2176 Vsus.
557 2117 646 2178 δι».
686 2139 703 2171 ι
734 2119 1192 2189 Evigilatejuste.
1235 2136 1253 2168 ι

366 2209 485 2272 Hoc
527 2219 636 2279 est,
666 2212 764 2282 puti
797 2211 1132 2268 conveniens
1182 2220 1237 2267 et
1287 2210 1416 2269 utile
1449 2211 1573 2273 erit.
1607 2211 1770 2269 Velut
1810 2215 1876 2269 ad

298 2303 549 2366 ebriosos
573 2311 630 2360 et
655 2311 923 2360 amentes.

372 2414 392 2452 ι
423 2392 491 2450 Ει
517 2394 692 2452 nolite
718 2410 974 2466 peccare.
1008 2415 1028 2448 ι

365 2487 578 2543 Annuit
636 2503 704 2544 ex
745 2503 916 2560 prava
964 2489 1091 2545 vitae
1146 2491 1365 2546 ratione
1396 2490 1606 2545 semina
1654 2491 1884 2563 hujusce

295 2576 639 2636 infidelitatis
673 2577 967 2648 pullulare.
1011 2577 1167 2634 Multi
1221 2577 1496 2650 siquidem
1536 2595 1750 2648 eorum,
1786 2582 1882 2653 qui

296 2668 505 2724 conscii
529 2668 634 2724 sibi
665 2678 798 2724 sunt
823 2669 1122 2735 malorum,
1151 2685 1257 2726 nec
1283 2686 1478 2743 ptenas
1506 2673 1702 2728 volunt
1759 2688 1884 2744 per-

295 2761 529 2828 solvere,
566 2763 624 2817 in
650 2760 758 2818 lide
785 2763 1213 2821 resurrectionis
1233 2765 1559 2821 sanciantur
1579 2783 1593 2832 ;
1617 2766 1882 2836 quemad-

293 2853 515 2914 modum
543 2869 573 2909 e
596 2857 880 2911 contrario
913 2857 1010 2927 qui
1043 2872 1242 2928 magna
1286 2858 1459 2914 edunt
1492 2858 1741 2914 facinora
1773 2861 1884 2914 vir-

294 2952 496 3011 tutum,
535 2944 786 3016 quotidie
812 2947 1044 3016 cupiunt
1069 2945 1218 3004 diem
1239 2947 1390 3002 illam
1423 2948 1628 3005 videre.

365 3054 386 3088 ι
424 3037 795 3107 lgnorantiam
818 3038 965 3093 enim
991 3038 1088 3095 Dei
1123 3038 1348 3110 quidam
1375 3039 1597 3096 habent.
1642 3061 1661 3093 ι

361 3124 503 3183 Vide
542 3129 823 3199 quomodo
877 3130 934 3186 in
969 3129 1092 3185 illos
1128 3130 1551 3188 criminationes
1591 3133 1876 3190 transfert.

294 3219 430 3273 Nam
483 3221 952 3278 resurrectionem
1005 3223 1264 3289 inliciari,
1325 3224 1476 3280 illius
1531 3228 1740 3295 estqui
1773 3243 1880 3283 non

293 3319 591 3380 pernoscat
624 3310 884 3369 virtutem
932 3313 1028 3370 Dei
1062 3315 1518 3385 insuperabilem,
1571 3327 1629 3374 et
1668 3319 1737 3374 ad
1767 3335 1882 3374 om-

293 3403 387 3458 nia
409 3402 793 3463 sulﬁcientem.
826 3405 1110 3478 Siquidem
1139 3410 1288 3464 enim
1315 3423 1384 3465 ex
1417 3409 1588 3466 nullis
1616 3412 1881 3466 exstanti-

294 3496 418 3563 bus,
447 3511 512 3554 ea
548 3513 672 3569 quae
693 3507 937 3566 exstant,
969 3500 1164 3558 fecerit
1192 3543 1208 3570 ,
1261 3502 1439 3560 multo
1472 3504 1646 3576 magis
1676 3507 1882 3576 poterit

293 3586 535 3644 excitare
554 3603 677 3659 qua:
705 3589 887 3646 soluta
919 3601 1098 3646 erant.

367 3696 388 3731 ι
431 3677 514 3733 Ad
547 3681 916 3736 reverentiam
949 3679 1110 3736 vobis
1130 3681 1350 3753 loquor.
1396 3703 1414 3734 ›

363 3771 423 3827 ιει
447 3780 554 3838 est,
586 3771 664 3826 ita
691 3781 751 3828 ut
772 3786 870 3829 vos
902 3772 1222 3844 corripiam,
1245 3783 1327 3843 ιιι,
1360 3777 1570 3848 pudore
1591 3787 1878 3850 conceptu,

293 3865 553 3922 meliores
583 3864 850 3923 evadatis.

364 3950 533 4009 Vsus.
560 3953 650 4009 55.
689 3974 709 4009 ι
750 3953 858 4011 Sed
897 3955 1045 4013 dicet
1076 3957 1279 4030 aliquis
1310 3976 1323 4013 :
1371 3961 1658 4026 Quomodo
1695 3976 1882 4016 resur-

293 4053 430 4119 gunt
457 4047 709 4102 mortui?
741 4049 960 4119 qualive
1003 4063 1242 4120 corpore
1274 4050 1541 4106 venient?
1571 4071 1590 4104 ι

364 4138 653 4209 Objectum
681 4141 847 4196 solvit
872 4143 1020 4212 quod
1044 4140 1283 4213 gentiles
1316 4141 1660 4198 invexerant.

361 4228 532 4288 Vens.
562 4231 651 4300 56,
682 4233 770 4288 57.
816 4252 834 4286 ι
879 4232 1170 4305 Insipiens,
1194 4243 1253 4290 tu
1281 4234 1428 4305 quod
1469 4236 1733 4302 seminas,
1768 4252 1876 4293 non

292 4323 624 4392 viviﬁcatur,
656 4327 762 4384 nisi
792 4327 948 4398 prius
971 4328 1282 4383 moriatur?
1302 4327 1366 4383 Et
1393 4331 1540 4399 quod
1564 4331 1824 4394 seu‘tiuas,
1853 4350 1870 4383 ι

1989 1843 2097 1899 τῶν
2123 1842 2220 1914 τὴν
2251 1841 2513 1899 ἀπιστίαν
2544 1841 2794 1912 περὶτῆς
2818 1841 3188 1907 ἀναστάσεως.

2067 2136 2084 2168 ‹
2136 2115 2440 2186 Ἐκνήψατε
2463 2115 2709 2180 δικαίως.
2750 2132 2768 2166 ι

2058 2207 2371 2273 Τουτέστιν,
2405 2208 2500 2260 ἐπὶ
2526 2207 2605 2278 τῷ
2647 2207 3017 2278 συμφέροντιο
3049 2205 3124 2269 ὼς
3154 2203 3293 2275 πρὸς
3343 2203 3570 2276 μεθύονο

1986 2316 2084 2362 τας
2115 2298 2209 2351 καὶ
2245 2297 2627 2368 μαινομένους.

2063 2408 2082 2445 ι
2122 2388 2232 2441 Καὶ
2257 2387 2335 2458 μὴ
2369 2387 2741 2458 ἁμαρτάνετε.
2784 2409 2803 2440 ι

2057 2481 2395 2545 Δεικνὺςεότι
2428 2481 2537 2535 ἀπὸ
2557 2480 2801 2552 πονηροῦ
2831 2481 2948 2552 βίου
2983 2481 3052 2535 τὰ
3087 2482 3378 2554 σπέρματα
3401 2483 3574 2552 αὐτῆς

1984 2574 2084 2643 τῆς
2121 2572 2402 2636 ἀπιστίας.
2434 2573 2548 2627 Καὶ
2577 2573 2687 2641 γὰρ
2711 2571 2897 2626 πολλοὶ
2937 2573 3046 2628 τῶν
3087 2573 3302 2646 πονηρά
3336 2571 3566 2628 συνειδό-

1984 2681 2093 2717 των
2119 2664 2356 2728 ἑαυτοῖς,
2408 2664 2500 2716 καὶ
2535 2664 2597 2716 οὐ
2633 2663 2982 2735 βουλομένων
3037 2665 3222 2720 δοῦναι
3253 2665 3432 2736 δίκην,
3475 2662 3572 2717 καὶ

1985 2760 2066 2820 είς
2086 2755 2184 2827 τὴν
2201 2773 2269 2809 πε
2280 2757 2330 2826 ρὶ
2358 2756 2461 2827 τῆς
2481 2757 2834 2821 ἀναστάσεως
2856 2757 3338 2828 παραϐλάπτονται
3363 2756 3572 2810 πίστιν·

1984 2848 2174 2918 ὥσπερ
2219 2843 2312 2900 οὖν
2358 2849 2408 2901 οἱ
2453 2849 2668 2917 μεγάλα
2707 2847 3128 2920 κατορθοῦντες,
3170 2847 3293 2903 καθ’
3333 2848 3573 2918 ἑκάστην

1984 2937 2154 3009 αὐτὴν
2181 2937 2512 3009 ἐπιθυμοῦσι
2542 2938 2646 3009 τὴν
2673 2939 2893 3010 ἡμέραν
2918 2937 3070 2996 ἰδεῖν.

2061 3051 2080 3085 ι
2117 3031 2421 3102 Ἀγνωσίαν
2442 3032 2550 3105 γὰρ
2579 3032 2716 3086 Θεοῦ
2747 3031 2894 3097 τινές
2922 3016 3162 3104 ἐχουσινῖ
3194 3051 3212 3084 ι

2057 3125 2198 3196 Ὅρα
2218 3123 2334 3189 πῶς
2362 3123 2527 3178 πάλιν
2547 3125 2628 3188 είς
2655 3125 2906 3190 ἐκείνους
2935 3126 3234 3196 μεταφέρει
3266 3124 3337 3178 τά
3367 3123 3571 3194 ἐγκλή-

1988 3233 2154 3288 ματα.
2186 3216 2258 3269 Τὸ
2289 3215 2402 3287 γὰρ
2431 3217 2498 3286 τῇ
2543 3217 2840 3272 ἀναστάσει
2894 3216 3218 3282 διαπιστεῖν,
3267 3216 3330 3270 οὐ
3365 3215 3573 3287 σφόδρα

1984 3309 2185 3374 εἰδότος
2216 3309 2335 3363 ἐστὶ
2366 3309 2468 3382 τὴν
2495 3308 2592 3363 τοῦ
2621 3309 2757 3364 Θεοῦ
2786 3309 3041 3381 δύναμιν,
3069 3311 3170 3381 τὴν
3207 3309 3445 3380 ἄμαχον,
3477 3309 3574 3362 καὶ

1983 3403 2121 3475 πρὸς
2165 3403 2343 3458 πάντα
2372 3399 2675 3474 ἀρκοῦσανί
2709 3403 2773 3456 Εί
2803 3401 2912 3474 γὰρ
2944 3401 3006 3466 ἐξ
3027 3402 3131 3455 οὐκ
3154 3401 3327 3455 ὄντων
3345 3399 3415 3455 τά
3443 3399 3573 3454 ὂντα

1984 3493 2231 3565 ἐποίησε,
2257 3493 2439 3566 πολλῷ
2471 3492 2676 3564 μᾶλλον
2702 3493 2771 3548 τὰ
2797 3491 3121 3546 διαλυθέντα
3141 3490 3447 3561 ἀναστῆσαι
3473 3491 3571 3545 δυ-

1983 3587 2231 3658 νήσεται.

2059 3698 2077 3730 ι
2117 3678 2262 3750 Πρὸς
2290 3677 2561 3750 ἐντροπὴν
2599 3678 2729 3748 ὑμῖν
2755 3677 2920 3747 λέγω.
2955 3695 2978 3728 ι

2055 3767 2373 3834 Τουτέστιν,
2407 3768 2549 3823 ὥστε
2604 3768 2932 3840 διορθῶσαι,
2994 3767 3137 3823 ὥστε
3182 3766 3570 3839 αἰσχυνθέντας

1984 3862 2132 3932 ὑμᾶς
2161 3860 2420 3930 γενέσθαι
2453 3860 2720 3932 βελτίους.

2059 3972 2078 4005 ι
2125 3951 2266 4006 Ἀλλ’
2292 3954 2413 4024 ἐρεῖ
2436 3967 2556 4015 τις·
2589 3951 2716 4016 Πῶς
2757 3951 3063 4024 ἐγείρονται
3092 3953 3144 4005 oi
3174 3951 3396 4024 νεκροί;
3432 3950 3572 4025 ποίῳ

1982 4048 2040 4102 δὲ
2062 4046 2280 4118 σώματι
2303 4047 2558 4118 ἔρχονται
2581 4063 2596 4114 ;
2623 4063 2644 4098 ι

2069 4137 2369 4194 Ἀντίθεσιν
2401 4138 2522 4193 λύει
2553 4139 2686 4210 παρ’
2719 4137 2991 4209 Ἐλλήνων
3021 4137 3408 4208 είσαγομὲνην.

2059 4250 2079 4284 ι
2120 4232 2353 4303 ΙἈιγιιρον,
2380 4229 2445 4285 σὺ
2471 4229 2501 4284 ὃ
2539 4231 2809 4302 σπείρεις,
2839 4230 2902 4283 οὐ
2951 4227 3324 4297 ζωοποιεῖται,
3351 4229 3448 4281 ἐὰν
3496 4225 3572 4298 μὴ

1984 4323 2276 4395 ἀποθάνῃ;
2312 4325 2406 4377 καὶ
2439 4323 2468 4377 ὃ
2497 4323 2766 4395 σπείρεις,
2800 4342 2819 4374 ι

361 4412 419 4469 ιιι
453 4426 558 4477 est.
593 4431 761 4488 penes
803 4418 1151 4489 temetipsum
1203 4419 1399 4474 horum
1445 4420 1877 4480 demonstratio-

2057 4417 2373 4482 Τουτέστιν,
2422 4415 2584 4487 Παρὰ
2635 4415 2818 4487 σαυτῷ
2863 4415 2963 4487 τὴν
2985 4413 3261 4479 ἀπόδειξιν
3283 4413 3427 4484 ἔχεις
3451 4411 3570 4466 τού-

290 4525 419 4566 nem
445 4510 637 4578 habes,
683 4526 748 4566 ex
787 4511 854 4566 iis
877 4527 1002 4582 quae
1033 4511 1134 4567 abs
1184 4519 1238 4566 te
1285 4511 1531 4580 quotidie
1563 4514 1698 4569 [lunt
1748 4531 1760 4566 :
1818 4524 1875 4570 tu

290 4615 425 4656 vero
454 4601 819 4656 nihilominus
842 4600 1022 4654 adhuc
1047 4599 1389 4656 contradicis
1407 4599 1432 4654 ?
1452 4599 1647 4671 inquit.
1670 4603 1876 4669 Quant-

290 4694 479 4750 obrem
515 4694 645 4762 jure
675 4701 731 4750 te
763 4692 1116 4764 insipientem
1147 4693 1384 4762 appello,
1417 4694 1508 4764 qui
1541 4709 1603 4750 ea
1654 4696 1877 4766 ignoras

289 4800 414 4858 quae
438 4783 686 4856 quotidie
710 4783 868 4840 facis.
898 4785 969 4838 At
990 4784 1198 4839 videsis
1227 4786 1712 4856 superjectioncm.
1737 4786 1873 4841 Nam

289 4875 438 4948 quod
458 4876 534 4930 illi
560 4875 823 4947 neganda:
844 4877 1268 4932 resurrectionis
1292 4889 1679 4950 argumentum
1706 4881 1875 4938 habe-

289 4970 447 5034 bant,
475 4983 546 5024 ex
574 4969 682 5025 hoc
719 4969 837 5039 ipse
875 4969 1097 5025 coniicit
1126 4969 1652 5029 demonstrationem
1685 4989 1872 5029 resur-

289 5060 570 5115 rectionis.
625 5059 889 5114 Dicebant
946 5060 1093 5116 enim
1128 5079 1143 5115 :
1176 5061 1536 5133 Nequaquam
1599 5072 1870 5134 resurget,

289 5149 734 5220 quandoquidem
758 5160 1014 5208 mortuus
1047 5161 1154 5208 est.
1185 5152 1390 5210 Contra
1435 5154 1527 5209 ille
1555 5156 1631 5209 ait
1660 5171 1676 5208 :
1708 5154 1875 5212 Plane

290 5241 512 5310 quidem
541 5241 649 5300 nisi
685 5249 932 5299 mortuus
960 5244 1052 5309 sit,
1087 5260 1366 5316 nunquam
1399 5247 1786 5302 resurrexerit.

364 5347 384 5379 ι
414 5326 536 5382 Non
565 5344 786 5399 corpus,
813 5332 956 5401 quod
990 5331 1234 5388 futurum
1270 5341 1377 5397 est,
1407 5334 1670 5390 seminas.
1711 5354 1732 5388 ι

361 5417 526 5489 119
559 5417 676 5476 Hoc
701 5431 806 5486 cst,
842 5438 948 5478 non
981 5425 1191 5495 spicam
1245 5427 1538 5496 integrant,
1586 5443 1694 5481 non
1732 5427 1874 5481 triti-

289 5525 418 5566 cum
450 5527 676 5576 uovum,
709 5530 818 5569 non
872 5516 1016 5587 quod
1068 5519 1315 5573 culmum
1365 5518 1588 5585 habeat,
1636 5535 1745 5575 non
1779 5534 1874 5590 pa-

294 5603 456 5658 leam.
495 5601 595 5658 llic
625 5605 767 5660 enim
805 5623 914 5662 non
954 5609 1022 5664 de
1051 5609 1286 5680 ipsamet
1320 5611 1728 5666 resurrectione
1758 5610 1874 5666 dis-

292 5702 470 5766 Dum.
529 5695 622 5749 scil
669 5696 734 5754 de
792 5701 1218 5758 resurrectionis
1259 5700 1423 5756 modo
1464 5718 1474 5754 :
1518 5708 1644 5758 nuta
1704 5702 1865 5753 συοηέοσ

1985 4527 2116 4575 των,
2143 4509 2210 4563 δι’
2238 4502 2314 4563 ὧν
2337 4507 2600 4580 πράττεις
2626 4506 2751 4561 καθ’
2772 4507 3010 4578 ἑκάστην
3034 4505 3270 4577 ἡμέραν,
3301 4503 3396 4558 καὶ
3423 4505 3570 4558 ἀντι-

1984 4601 2166 4670 λέγεις
2192 4600 2312 4666 ἒτι;
2349 4599 2504 4671 φησί.
2541 4599 2634 4652 Διὸ
2677 4599 2775 4653 καὶ
2826 4599 3038 4670 ἄφρονά
3065 4614 3126 4651 σε
3160 4597 3335 4662 καλῶ,
3377 4597 3460 4650 ὅτι
3500 4593 3572 4649 τὰ

1985 4694 2108 4749 καθ’
2135 4695 2354 4765 ἡμέραν
2387 4691 2492 4744 ὑπὸ
2523 4691 2618 4745 σοῦ
2652 4692 2914 4763 γινόμενα
2946 4690 3181 4758 ἀγνοεῖς.
3210 4688 3321 4743 Καὶ
3341 4688 3444 4759 ὅρα
3470 4689 3571 4760 τὴν

1985 4785 2315 4859 ὑπερϐολήν.
2350 4783 2419 4840 '0
2439 4783 2547 4855 γὰρ
2569 4783 2790 4837 ἐποίουν
2819 4783 3019 4836 ἐκεῖνοι
3037 4780 3340 4851 τεκμήριον
3364 4776 3464 4832 τοῦ
3493 4779 3570 4849 μὴ

1984 4877 2329 4941 ἀνίστασθαι,
2356 4875 2516 4929 τοῦτο
2537 4873 2633 4928 τοῦ
2656 4872 2981 4928 ἀνίστασθαι
3011 4872 3246 4925 ποιεῖται
3269 4867 3565 4935 ἀπόδειξιν.

1985 4966 2096 5021 Καὶ
2129 4965 2240 5034 γὰρ
2269 4963 2478 5033 ἔλεγον,
2506 4964 2620 5017 Οὐκ
2648 4962 2956 5028 ἀνίσταται,
2980 4961 3168 5031 ἐπειδὴ
3191 4959 3482 5014 ἀπέθανεν.
3509 4957 3570 5011 ὐ

1982 5056 2040 5109 δὲ
2066 5053 2454 5124 ἀντιστρέψας.
2479 5054 2666 5124 φησιν,
2688 5053 2798 5107 Καὶ
2833 5052 2939 5124 μὴν
2965 5053 3014 5105 εί
3046 5051 3121 5122 μὴ
3149 5049 3442 5115 ἀπέθανεν,
3469 5044 3570 5102 οὒκ

1983 5150 2049 5204 ἂν
2081 5149 2303 5217 ἀνέστη.

2062 5352 2080 5384 ι
2122 5333 2196 5385 Οὐ
2229 5331 2292 5384 τὸ
2317 5331 2480 5400 σῶμα
2504 5329 2566 5381 τὸ
2593 5326 2964 5398 γενησόμενον
2995 5324 3264 5396 σπείρεις.
3307 5340 3326 5375 ι

2057 5423 2369 5490 Τουτὲστιν,
2397 5423 2458 5475 οὐ
2489 5421 2690 5491 στάχυν
2715 5418 3033 5489 ὀλόκληρον,
3058 5416 3120 5469 οὐ
3163 5417 3311 5469 σῖτον
3335 5411 3479 5478 νέον,
3505 5411 3566 5465 οὒ

1987 5518 2243 5590 καλάμην
2275 5516 2490 5587 ἔχοντα,
2522 5516 2625 5568 οὐκ
2667 5513 2890 5584 ἄχυρον.
2939 5508 3206 5565 Ἐνταῦθα
3241 5509 3352 5578 γὰρ
3385 5504 3569 5560 οὐκέτι

1992 5609 2127 5679 πρὸς
2147 5609 2246 5678 τὴν
2278 5607 2585 5662 ἀνάστασιν
2619 5608 2648 5659 ὁ
2679 5604 2859 5670 λόγος,
2889 5601 3029 5656 ἀλλά
3061 5601 3197 5671 πρὸς
3241 5597 3335 5653 τὸν
3361 5596 3568 5669 τρόπον

1986 5704 2081 5752 τε·
2116 5700 2464 5758 ἀναστάσεως
2489 5715 2501 5728 ·
2539 5697 2780 5754 ποταπὸν
2813 5697 2972 5752 σῶιια
3005 5695 3063 5749 τὸ
3103 5691 3296 5752 μέλλον
3340 5689 3563 5746 ἀνίστα-
