3970 6402
254 320 345 383 697
1382 322 1465 384 IN
1502 323 1739 384 EPIST.
1770 324 1814 382 Α

1929 326 2250 388 ξΟΒΙΝΤΗ.
2286 324 2333 385 Ι.
3392 316 3497 383 698

256 435 368 491 σθαι
388 476 403 499 ,
432 428 543 487 οἷον
580 432 629 486 εί
648 432 709 486 τὸ
735 430 913 500 αύτδῖ,
946 432 979 503 ἢ
1021 431 1114 487 καὶ⁵
1142 430 1350 503 βέλτιον
1383 433 1476 487 καὶ
1501 433 1813 504 λαμπρότε-

1922 449 2122 505 corpus
2189 436 2263 491 sit
2314 444 2768 492 reurrecturum
2799 447 2903 487 :an
2950 430 3056 486 hoc
3101 428 3280 499 ipsum
3311 446 3325 481 :
3354 443 3490 483 nuu-

255 543 358 595 pov.
393 525 501 579 Καὶ
533 524 822 596 ἀμφότερα
857 525 922 578 ὲκ
944 522 1042 577 τοῦ
1065 521 1233 577 αὐτοῦ
1259 522 1661 594 ύποδείγματος
1680 524 1817 595 λαμ-

1920 526 2047 595 quid
2075 542 2183 581 non
2210 526 2410 582 melius
2440 536 2495 580 et
2520 524 2902 596 splendidius?
2926 521 3088 593 Atqui
3126 519 3315 577 isthzec
3347 527 3488 574 utra-

249 616 414 685 6ἁνει,
443 618 656 682 δεικνὺς
675 619 759 673 ὅτι
792 615 976 688 πολλῷ
1009 598 1243 687 β’ἐλτιον.

1923 634 2023 689 que
2074 634 2143 674 ex
2201 619 2394 675 eodem
2427 618 2679 688 exemplo
2707 615 2938 686 colligit,
3000 610 3305 670 ostendens
3339 613 3491 682 longe

1916 709 2113 765 melius
2144 708 2609 779 praestantiusque
2638 720 2840 776 corpus
2874 704 3141 760 futurum.

316 833 335 866 ι
372 815 433 868 El
452 814 601 884 τύχοι
641 812 814 880 σίτου,
844 814 880 885 ἦ
913 830 1059 878 τινος
1095 814 1206 868 τῶν
1234 814 1458 870 λοιπῶν.
1507 832 1526 865 »

1995 819 2014 851 ι
2051 798 2123 855 Ut
2149 809 2280 871 puta
2308 798 2501 863 tritici,
2529 805 2627 853 aut
2666 796 2907 863 alicujus
2945 805 3291 850 ceterorum.
3329 812 3347 845 ι

318 926 336 957 ι
369 904 537 959 Τοῦτό
559 921 749 975 φησιν,
796 905 883 960 ἵνα
912 905 988 978 μὴ
1027 905 1159 961 ἄλλο
1183 923 1270 971 τις
1302 906 1623 979 ὑποπτεύσῃ
1657 906 1817 978 σῶμα

1983 890 2170 961 Itaque
2207 892 2473 963 loquitur,
2501 907 2570 948 ne
2608 890 2782 946 alicui
2803 891 2859 945 in
2888 889 3266 961 suspicionem
3292 891 3489 955 veniat,

245 996 511 1067 εἰρῆσθαι.
547 1015 568 1049 ι

1916 982 2147 1037 alterum
2175 998 2235 1038 se
2257 998 2465 1054 corpus
2492 982 2721 1040 dixisse.

312 1104 335 1136 ι
374 1086 436 1139 '0
465 1085 523 1139 δὲ
543 1084 680 1150 Θεὸς
712 1086 931 1141 δίδωσιν
952 1087 1105 1159 αὐτῷ
1123 1086 1307 1159 σῶμα.
1326 1089 1508 1155 καθὼς
1522 1088 1810 1160 ἠθέλησε.»

1987 1073 2158 1131 Vens.
2175 1074 2454 1130 58.tDeus
2474 1083 2654 1131 autem
2677 1075 2772 1131 dat
2800 1076 2877 1130 illi
2897 1090 3125 1147 corpus,
3153 1075 3295 1131 sicut
3320 1080 3454 1131 vult.
3470 1094 3486 1127 ι

310 1177 400 1247 Mi)
448 1175 628 1230 τοίνυν
680 1177 1080 1250 περιεργάζου,
1151 1177 1290 1250 μηδὲ
1340 1178 1811 1251 πολυπραγμόνει,

1987 1166 2216 1238 Neergo
2272 1167 2551 1224 curiosius
2598 1167 2874 1238 inquiras,
2932 1184 3031 1224 nec
3088 1167 3273 1225 dedita
3331 1181 3493 1237 opera

243 1268 357 1331 πῶς
385 1270 479 1323 καὶ
508 1268 621 1323 τίνι
642 1270 856 1341 τρόπῳ,
889 1271 1019 1325 ὅταν
1044 1270 1185 1326 Θεοῦ
1216 1269 1449 1343 δύναμιν
1479 1272 1576 1326 καὶ
1604 1271 1811 1342 θέλημα

1924 1260 2205 1326 scruteris,
2238 1259 2490 1330 quinam,
2545 1275 2725 1331 quave
2755 1262 2991 1328 ratione,
3026 1261 3159 1316 dum
3206 1259 3302 1315 Dei
3334 1259 3492 1316 virtu-

242 1357 499 1433 ἀκούσῃς.

1918 1358 2027 1406 tem
2059 1358 2115 1405 et
2147 1351 2442 1420 potentiam
2467 1351 2647 1408 audis.

313 1469 335 1500 ι
372 1450 484 1504 Καὶ
513 1449 734 1522 ἑκάστῳ
767 1452 877 1507 τῶν
932 1452 1268 1524 σπερμάτων
1295 1453 1359 1507 τὸ
1402 1452 1538 1507 ίδιον
1571 1453 1752 1524 σῶμα.
1792 1474 1810 1506 ι

1795 1474 1810 1506 ,
1993 1460 2012 1493 ‹
2048 1439 2114 1495 Ει
2142 1441 2445 1511 unicuique
2467 1443 2741 1498 seminum
2783 1444 3068 1514 proprium
3091 1458 3316 1515 corpus.
3345 1463 3363 1495 ι

321 1540 535 1611 Ἐπειδὴ
563 1556 709 1604 τινες
738 1541 981 1613 ἠπόρουν
1011 1543 1140 1615 περὶ
1185 1544 1288 1615 τῆς
1318 1542 1693 1617 ἀναστάσεως,
1723 1543 1817 1597 καὶ

1980 1532 2120 1600 Quia
2152 1534 2406 1589 nonnulli
2440 1535 2510 1590 de
2536 1535 2949 1591 resurrectione
2990 1535 3343 1600 dubitabant,
3384 1535 3496 1591 aieo

239 1630 451 1699 ελεγον·
483 1629 638 1696 Ποίῳ
658 1630 729 1684 δὲ
772 1630 1000 1702 σώματι
1026 1631 1349 1703 ἐρχονται;
1412 1633 1607 1688 τούτου
1654 1633 1807 1705 χάριν

1928 1625 2164 1695 bantque
2194 1641 2207 1678 :
2242 1624 2407 1692 Quali
2452 1641 2569 1679 vero
2600 1642 2820 1697 corpore
2852 1627 3053 1681 venient
3079 1627 3104 1680 ?
3130 1626 3338 1682 idcirco
3369 1626 3496 1682 sub-

238 1719 498 1793 ύποφέρει
532 1720 608 1784 ὡς
632 1721 728 1773 ἐπὶ
758 1721 1185 1793 ύποδείγματος,
1216 1723 1279 1777 τὸ
1310 1723 1422 1778 τῶν
1482 1723 1806 1795 σπερμάτων

1925 1715 2058 1787 iicit,
2088 1723 2350 1786 tanquam
2381 1716 2620 1787 exempli
2651 1715 2852 1785 gratia,
2883 1717 3169 1788 proprium
3219 1719 3493 1773 seminum

237 1781 368 1866 ἴδιον
392 1781 555 1884 σῶμα
588 1781 786 1883 λέγων.
815 1813 927 1867 Ποῦ
958 1781 1232 1869 τοίνοιίτὸ
1259 1781 1669 1888 ἀλλότριονίτδ
1703 1816 1805 1889 γὰρ

1926 1822 2118 1879 corpus
2137 1806 2351 1864 dicens.
2384 1806 2619 1863 Ubinam
2657 1822 2792 1879 ergo
2832 1809 3094 1876 alienum,
3121 1808 3342 1880 quando
3363 1824 3494 1879 pro-

235 1903 362 1957 τδιον
384 1902 621 1960 δίδωσιν.

1915 1899 2097 1970 prium
2121 1897 2323 1954 datur?

304 2014 325 2048 ι
361 1996 439 2050 ού
472 1998 628 2052 πᾶσα
689 1998 830 2069 σὰρξ
860 2001 894 2070 ἡ
937 2000 1080 2072 αὐτὴ
1130 2000 1268 2074 σάρξ
1298 2017 1311 2031 ’
1355 2001 1495 2056 ἀλλὰ
1530 2002 1665 2075 άλλη
1713 2003 1815 2074 μὲν

1985 1988 2153 2045 Vens.
2188 1989 2382 2047 39-42.
2417 2009 2435 2043 ι
2471 1990 2591 2046 Νοιι
2637 1992 2822 2048 omnis
2881 2006 3031 2060 caro,
3069 1991 3257 2047 eadem
3311 2007 3442 2046 caro
3479 2010 3491 2045 :

227 2084 557 2156 ἀνθρώπιον,
590 2086 724 2159 ἄλλη
769 2087 830 2142 δὲ
876 2086 1013 2159 σὰρξ
1042 2090 1283 2161 πτηνῶν,
1322 2089 1456 2163 άλλη
1496 2091 1553 2147 δὲ
1574 2092 1795 2164 κτηνῶν

1924 2082 2012 2140 sed
2045 2082 2150 2137 alia
2167 2082 2389 2153 quidem
2424 2082 2732 2148 hominum,
2755 2084 2861 2138 alia
2887 2098 3016 2139 vero
3039 2098 3170 2139 caro
3185 2084 3492 2148 volucrum.

226 2177 362 2248 ἄλλη
395 2178 454 2232 δὲ
500 2177 724 2250 ἰχθύων.
786 2180 898 2233 Καὶ
937 2178 1170 2253 σώματα
1197 2183 1523 2254 ἐπουράνια,
1566 2185 1662 2238 καὶ
1708 2182 1794 2238 ad»

1925 2172 2021 2227 alia
2050 2188 2331 2243 pecorum,
2374 2174 2482 2228 alia
2523 2182 2708 2231 autem
2734 2175 2995 2246 piscium.
3022 2174 3087 2228 Et
3113 2190 3345 2246 corpora
3377 2190 3493 2230 coe-

226 2286 373 2340 ματα
407 2270 633 2354 ἐπίγεια
657 2285 674 2302 ο
705 2270 823 2326 ἀλλ’
857 2272 1024 2347 ἑτέρα
1062 2273 1165 2345 μὲν
1215 2276 1249 2346 ἡ
1300 2274 1411 2330 τῶν
1469 2276 1794 2347 ὲπουρανίωι

1927 2263 2093 2329 .estia,
2117 2272 2173 2319 et
2202 2279 2438 2336 corpora
2478 2267 2763 2322 terrestria
2801 2282 2815 2319 :
2847 2266 2944 2323 sed
2979 2268 3089 2323 alia
3118 2268 3341 2354 q‘uidem
3374 2281 3495 2321 coa-

216 2360 369 2426 δόξα,
397 2360 564 2432 ἑτέρα
591 2360 649 2415 δὲ
675 2360 841 2432 ἡτῶν
869 2363 1132 2433 ἐπιγείων
1149 2379 1162 2392 ·
1193 2363 1331 2435 ἄλλη
1358 2365 1486 2432 δόξα
1516 2365 1692 2437 ἡλίου,
1714 2383 1784 2422 κα

1932 2355 2135 2411 estium
2176 2356 2375 2426 gloria,
2402 2356 2508 2412 alia
2564 2365 2748 2413 autem
2782 2359 3155 2415 terrestrium.
3189 2358 3307 2412 Alia
3330 2357 3498 2413 clari-

220 2453 355 2524 ἄλλη
391 2452 650 2524 σελήνης,
685 2454 783 2508 καὶ
820 2453 956 2527 ἄλλη
988 2454 1116 2521 δόξα
1145 2455 1415 2529 ἀστέρων.
1458 2457 1661 2529 Ἀστὴρ
1696 2457 1788 2530 γάε

1926 2446 2045 2501 -itas
2068 2445 2221 2510 solis,
2245 2446 2351 2502 alia
2387 2447 2614 2504 claritas
2637 2449 2798 2515 lunae,
2830 2456 2885 2504 et
2918 2450 3025 2505 alia
3048 2450 3276 2506 claritas
3306 2449 3494 2507 stella-

215 2545 450 2617 ἀστέρος
479 2544 730 2616 διαφέρει
763 2547 820 2600 ὲν
846 2546 995 2619 δόξῃ.
1039 2548 1196 2603 Οὕτω
1223 2551 1319 2603 καὶ
1355 2549 1655 2615 ἀνάστασις
1697 2550 1783 2606 τῶ·

1927 2551 2060 2592 'um.
2120 2535 2290 2593 Stella
2345 2536 2530 2594 diﬂert
2558 2553 2590 2593 a
2625 2540 2785 2597 stella
2824 2540 2880 2595 in
2908 2540 3182 2596 claritate.
3213 2541 3305 2597 Sic
3328 2548 3386 2596 et
3410 2556 3495 2598 re-

210 2632 466 2704 νεκρῶν·
521 2634 806 2706 σπείρεται
848 2637 907 2690 ὲν
936 2635 1133 2710 φθορᾷ,
1181 2638 1455 2711 ἐγείρεται
1487 2641 1545 2693 ὲν
1587 2638 1775 2711 άφθαρ

1922 2627 2182 2684 turrectio
2234 2634 2607 2684 mortuorum.
2664 2628 2984 2685 Seminatur
3017 2631 3073 2685 in
3104 2631 3490 2702 corruptione,

210 2728 379 2799 ϐίᾳ.»

1908 2725 2095 2789 surget
2124 2718 2180 2773 in
2208 2718 2647 2790 ineorruptione.
2690 2738 2708 2771 ι

282 2820 408 2874 Ἵνα
441 2821 519 2893 μὴ
567 2820 634 2875 ὲκ
678 2821 775 2876 τοῦ
813 2821 1215 2895 ύποδείγματος
1255 2822 1551 2895 ὁμοτιμία-δ
1603 2823 1807 2888 πάντες

1975 2808 2056 2865 Ne
2086 2809 2471 2866 existimarent
2542 2810 2616 2866 ob
2663 2811 2890 2866 allatum
2918 2810 3258 2882 exemplum,
3298 2826 3493 2866 omnes

202 2914 515 2985 νομίσωσιν
573 2916 632 2969 ὲν
666 2913 746 2987 τῷ
795 2915 1045 2987 μέλλοντι
1088 2916 1411 2988 λαμϐάνειν,
1466 2916 1665 2989 φησιν’
1698 2921 1764 2970 0

1930 2918 1963 2956 ιι
1993 2900 2181 2957 futuro
2204 2917 2322 2957 aevo
2347 2901 2616 2973 atqualem
2646 2902 2875 2974 gloriam
2910 2910 3258 2974 accepturos,
3288 2903 3495 2958 idcirc‘o

201 3002 384 3062 πᾶσα
410 3004 573 3076 σὰρξ
606 3006 646 3075 ἡ
671 3005 827 3075 αὑτὴ
869 3005 1048 3077 σάρξ.
1085 3006 1310 3078 Ὅμοιον
1338 3008 1413 3073 ὡς
1437 3009 1485 3062 εἰ
1522 3008 1701 3077 λέγοις
1737 3009 1769 3062 Ἰ

1926 2995 2021 3051 tit:
2048 2993 2177 3049 Non
2210 2995 2382 3051 omnis
2421 3010 2570 3063 caro,
2634 2995 2819 3050 eadem
2866 3012 3014 3050 caro.
3042 2995 3122 3051 Ac
3160 2996 3208 3052 si
3249 2995 3494 3053 diceret:

198 3095 378 3167 λέγω,
417 3097 607 3169 φησὶν,
634 3098 727 3152 ἐπὶ
772 3098 882 3154 τῶν
914 3101 1285 3170 σπερμάτωνς
1326 3100 1451 3152 Ἐπὶ
1472 3100 1583 3153 τῶν
1615 3100 1766 3170 σωμὰ

1923 3087 2051 3154 Quid
2097 3088 2166 3144 de
2233 3087 2539 3145 seminibus
2584 3087 2837 3159 loquor?
2887 3086 3005 3144 lloc
3054 3088 3235 3160 ipsum
3275 3088 3345 3145 de
3374 3105 3491 3160 quo

196 3202 315 3240 των
341 3187 727 3258 γυμνάσωμεν
751 3186 914 3242 τοῦτο
944 3189 1077 3243 αὐτὸ
1099 3229 1115 3253 ,
1152 3190 1283 3261 περὶ
1310 3182 1371 3245 οὗ
1400 3189 1429 3241 ὁ
1463 3189 1621 3258 λόγος
1669 3191 1764 3261 ήμί

1929 3195 2058 3236 tunc
2103 3180 2454 3251 disputamus
2500 3181 2822 3237 accuratius
2865 3180 3025 3252 juvat
3067 3180 3369 3252 explicare,
3400 3181 3496 3237 ad—

194 3275 298 3329 νῦν
328 3295 343 3309 ·
369 3276 569 3349 ἐπειδὴ
597 3278 693 3332 τὸν
714 3279 815 3351 τῆς
835 3279 1186 3343 ἀναστάσεως
1214 3279 1591 3334 κατεσκεύασε
1617 3280 1762 3350 λόγοι

1925 3272 2089 3327 luctis
2120 3272 2176 3327 in
2208 3270 2454 3327 medium
2491 3271 2846 3340 corporibus.
2879 3271 3021 3339 Quia
3066 3273 3493 3331 resurrectionis

190 3366 456 3422 δείκνυσι
483 3367 696 3439 λοιπὸν,
727 3369 811 3425 ὅτι
833 3361 1006 3442 πολλῆ
1031 3371 1064 3442 ἡ
1090 3369 1187 3441 τῆς
1215 3369 1374 3442 δόξης
1396 3369 1519 3425 τότε
1539 3369 1758 3442 διαφορά

1919 3363 2214 3418 loctrinatn
2245 3370 2407 3421 antea
2448 3362 2741 3429 stabilivit,
2790 3363 3052 3434 deinceps
3109 3364 3352 3418 ostendit
3378 3379 3487 3418 ma-

189 3459 245 3511 εἰ
281 3459 391 3513 καὶ
442 3459 745 3526 ἀνάστασις
809 3461 933 3533 μία.
967 3461 1079 3516 Καὶ
1124 3461 1423 3534 διαιρέσεις
1464 3460 1581 3528 δύο,
1617 3462 1695 3526 εἰς
1728 3479 1757 3515 τ

1918 3471 2070 3528 gnum
2103 3463 2238 3512 tunc
2293 3462 2564 3527 quantum
2626 3456 2696 3511 ad
2741 3454 2975 3528 gloriam
3013 3454 3315 3510 discrimen
3352 3453 3486 3519 fore.

184 3550 541 3623 ἐπουράνια,
592 3551 687 3606 καὶ
732 3552 803 3607 τὰ
844 3552 1089 3622 ἐπίγεια.
1139 3554 1261 3609 Ὅτι
1298 3552 1399 3626 μὲν
1443 3553 1554 3625 γὰρ
1583 3553 1654 3608 τὰ
1686 3553 1752 3607 σά

1917 3548 2158 3620 quamvis
2191 3564 2297 3604 una
2334 3548 2409 3606 sit
2435 3549 2772 3605 resurrectio
2800 3563 2816 3602 :
2846 3560 3012 3618 atque
3033 3547 3144 3603 duo
3172 3546 3485 3619 distinguit,

184 3658 357 3711 ματα
390 3643 705 3708 ἀνίσταται,
745 3642 949 3710 ἔδειξεν
989 3644 1078 3699 διά
1101 3644 1197 3699 τοῦ
1246 3645 1418 3699 σίτου.
1458 3646 1587 3715 Ὅτι
1613 3646 1672 3700 δὲ
1701 3645 1752 3700 οἰ

1922 3642 2152 3698 :celestia
2190 3649 2247 3698 et
2298 3642 2612 3700 terrestria.
2676 3641 2975 3697 Enimvero
3028 3641 3282 3712 exemplo
3319 3641 3490 3697 tritici

179 3735 248 3790 ἑν
277 3738 359 3807 τῇ
396 3734 540 3806 αὐτῇ
565 3734 694 3808 δόξῃ
730 3737 931 3804 πάντα,
960 3737 1236 3793 δείκνυσιν
1265 3737 1539 3792 ἐντεῦθεν.
1574 3739 1747 3793 Δείκνι

1925 3745 2287 3791 esurrectura
2311 3724 2552 3806 corpora
2582 3734 2841 3807 probavit
2874 3750 2890 3792 :
2925 3748 2992 3788 ex
3026 3732 3133 3788 hoc
3166 3742 3352 3788 autem
3383 3733 3493 3788 alio

178 3842 279 3883 σιν
312 3821 427 3882 οὖν
471 3827 550 3892 ὡς
591 3830 690 3883 καὶ
721 3828 834 3884 τῶν
884 3829 1114 3885 δικαίων
1145 3830 1319 3903 πολλὴ
1348 3833 1382 3903 ὴ
1412 3830 1672 3902 διαφορὰ,
1702 3830 1746 3885 τι

1923 3829 2263 3893 Iemonstrat,
2301 3842 2411 3884 non
2437 3827 2626 3883 omnia
2656 3826 2891 3898 gloriam
2920 3823 3174 3881 eamdem
3209 3824 3491 3881 habitura.

173 3917 290 3987 μὲν
314 3918 493 3989 ἡλίῳ,
516 3919 609 3974 τὸν
640 3919 697 3976 δὲ
718 3920 912 3993 ἀστέρι
939 3921 1297 3992 παρεικάζων
1310 3902 1331 3954 θ’
1361 3902 1587 3976 καὶτῶν
1614 3922 1741 3993 ἀμαι

1926 3917 2147 3974 lstendit
2174 3931 2307 3990 ergo
2339 3917 2573 3972 multam
2625 3914 2747 3973 fore
2779 3902 2928 3972 inter
2942 3915 3128 3987 justos
3167 3912 3494 3985 discrepan-

167 4008 395 4063 πυλῶν
420 4010 595 4084 πολλὴ
619 4011 657 4083 η
684 4012 940 4086 διαφορὰ,
999 4013 1157 4079 ζώων
1187 4014 1418 4086 σώματα
1457 4013 1657 4084 λέγων,
1700 4030 1735 4067 κ

1922 4014 2058 4083 iam,
2104 4012 2237 4068 dum
2290 4012 2460 4068 alium
2505 4026 2633 4067 cum
2682 4012 2802 4068 sole
2828 4018 3136 4082 comparat,
3163 4010 3331 4064 alium
3362 4024 3490 4065 cum

170 4098 431 4170 ἰχθύων,
486 4102 583 4159 καὶ
621 4102 870 4173 κτηνῶν·
925 4104 1025 4160 καὶ
1074 4105 1211 4170 ὅλως
1258 4105 1325 4159 δι’
1374 4103 1738 4173 ύποδειγμάτο

1927 4120 2057 4168 una.
2090 4110 2146 4158 et
2184 4102 2355 4157 alium
2399 4116 2526 4157 cum
2577 4102 2778 4171 stella;
2828 4101 3073 4165 itemque
3132 4108 3489 4171 peccatorum

166 4190 315 4258 ἄγει
345 4191 451 4245 τὸν
475 4191 657 4262 λόγον,
686 4196 784 4250 καὶ
807 4197 903 4251 ἐπὶ
931 4197 1040 4253 τῶν
1061 4198 1198 4266 ἀνω,
1228 4200 1324 4255 καὶ
1361 4200 1455 4254 ἐπὶ
1478 4199 1588 4254 τῶν
1620 4199 1734 4253 κάτε

1920 4192 2341 4250 liversissimum
2365 4205 2493 4247 esse
2523 4200 2730 4247 statum
2752 4232 2769 4257 ,
2821 4205 2949 4246 cum
2971 4189 3340 4245 animantium
3405 4189 3486 4260 pi—

167 4285 501 4358 wiquue
541 4292 598 4343 et
639 4289 929 4347 volucrum
985 4307 1224 4364 corpora
1265 4291 1442 4350 aﬂert.
1492 4292 1574 4347 Ac
1622 4297 1799 4347 tctum
1876 4285 1983 4341 hoc
2057 4290 2444 4355 argumentum
2499 4283 2839 4353 exsequitur,
2873 4276 3130 4337 adductis
3184 4281 3240 4336 in
3300 4296 3489 4337 exem-

164 4381 377 4452 plum,
406 4390 521 4436 tam
551 4397 675 4454 quae
704 4399 929 4442 sursum
974 4394 1127 4455 sunt,
1151 4402 1315 4458 quam
1348 4401 1472 4458 quae
1497 4386 1781 4443 deorsum.

254 4494 279 4528 ι
320 4475 633 4548 Σπείρεται
661 4478 722 4532 ὲν
748 4477 968 4552 ἀτιμίᾳ,
994 4480 1275 4553 ἐγείρεται
1304 4482 1364 4537 ὲν
1382 4481 1531 4553 δόξῃ.
1571 4499 1590 4534 ›

1967 4469 2135 4526 Vsus.
2168 4469 2259 4526 45.
2308 4466 2690 4526 (Seminatur
2747 4468 2804 4524 in
2854 4466 3238 4541 ignobilitate;
3296 4471 3486 4538 surget

1899 4566 1955 4620 itt
1988 4564 2184 4620 gloria.
2227 4581 2245 4615 ι

249 4654 334 4706 Τί
360 4653 479 4725 γὰρ
531 4656 863 4730 ἀτιμότερον
909 4657 1130 4724 δζοντος
1184 4659 1437 4731 σώματος
1485 4661 1580 4715 καὶ
1629 4660 1787 4732 διαρέ

1922 4582 1955 4620 ιι
2027 4582 2184 4619 torta.
2227 4582 2245 4615 ι

1967 4582 2177 4724 ἔοαυίσι
2229 4652 2378 4709 enim
2430 4651 2731 4725 ignobilius
2790 4651 2867 4709 sit
2914 4664 3147 4722 corpore
3186 4648 3391 4705 leteate
3429 4656 3484 4704 et

172 4747 454 4814 ῥέοντος
1272 4730 1277 4731 ν
1724 4730 1733 4732 ⁷

1272 4730 1277 4731 ί
1724 4730 1733 4732 ⁷
1758 4730 1769 4759 ¹
1897 4746 2176 4803 diﬁluente
2196 4745 2221 4800 ?

259 4858 285 4891 σ
331 4840 639 4910 Σπείρεται
667 4843 727 4896 ὲν
759 4842 1039 4917 ἀσθενείᾳ.
1078 4862 1097 4896 ι

1973 4860 1992 4894 ι
2029 4840 2341 4898 Seminatur
2373 4841 2432 4898 in
2465 4840 2808 4896 inﬁrmitate.
2856 4858 2875 4892 ι

252 4930 444 4985 υῦπω
468 4932 581 5004 γὰρ
640 4933 848 5005 ἡμέραι
902 4935 1223 5006 τριάκοντα,
1265 4939 1359 4993 καὶ
1393 4939 1457 4993 τὸ
1520 4942 1633 4997 πᾶν
1669 4941 1788 4997 δια-

1963 4933 2217 4989 Nondum
2245 4933 2393 4991 enim
2427 4932 2637 5005 elapsis
2661 4932 2888 5004 triginta
2914 4929 3137 4997 diebus,
3167 4937 3343 4986 totum
3363 4928 3482 4986 dis-

170 5019 407 5078 λύεται.
1520 5049 1541 5057 -

1520 5049 1541 5057 -
1895 5025 2142 5082 solvitur.

252 5152 279 5186 ¢
343 5136 740 5207 Ἐγείρεταιὲν
762 5139 1018 5211 δυνάμει.
1052 5160 1071 5193 ι

1054 5160 1071 5193 ι
1969 5159 1988 5191 ι
2026 5137 2225 5210 Surget
2252 5138 2309 5193 in
2339 5138 2566 5195 virtute.
2605 5157 2622 5189 ι

244 5245 404 5300 Τότε
435 5247 549 5318 γάρ
576 5248 741 5304 αὐτοῦ
763 5250 917 5305 οὐδὲν
949 5253 1238 5325 περιέσται
1273 5254 1482 5309 λοιπόν.

1959 5252 2110 5308 Nihil
2133 5252 2282 5308 enim
2304 5252 2578 5324 ejusmodi
2612 5259 2748 5309 tunc
2786 5251 3085 5323 supererit.

254 5382 278 5415 σ
325 5362 633 5436 Σπείρεται
664 5363 827 5437 σῶμα
853 5364 1103 5438 ψυχικὸν,
1129 5368 1404 5441 ἐγείρεται
1440 5367 1599 5440 σῶμα
1624 5385 1787 5422 πνεν-

1958 5365 2125 5423 νειιε.
2159 5344 2307 5421 44.ἰ
2356 5364 2679 5422 Seminatur
2730 5381 2937 5441 corpus
2988 5363 3247 5429 animale,
3289 5370 3472 5432 surget

163 5457 460 5523 μαντικόν.
502 5477 521 5508 ι
1378 5510 1395 5519 ,

1378 5510 1395 5519 ,
1770 5500 1775 5505 ι
1888 5472 2089 5530 corpus
2123 5458 2432 5530 spirituale.
2470 5476 2487 5510 ι

248 5569 449 5626 Τοῦτό
478 5587 665 5641 φησιν,
695 5573 798 5643 οὐχ
838 5573 913 5637 ὡς
952 5573 1030 5644 μὴ
1072 5572 1225 5639 ὄντος
1260 5575 1360 5629 καὶ
1411 5573 1529 5640 νῦν,
1572 5573 1660 5629 διὰ
1694 5572 1785 5627 τὸν

1967 5572 2127 5643 120
2152 5570 2267 5628 Hoc
2301 5572 2525 5636 ait,non
2548 5569 2710 5642 quasi
2748 5568 2912 5625 modo
2940 5583 3049 5623 non
3078 5567 3169 5633 sit,
3209 5578 3472 5621 concesso

160 5660 499 5733 ἀρραὁῶνα
534 5662 653 5737 [τοῦ
671 5662 1040 5737 Πνεύματος].
1072 5666 1167 5721 τοῦ
1201 5666 1453 5738 σώματος
1482 5684 1728 5739 πνευματ

1901 5663 2129 5736 Spiritus
2203 5662 2451 5735 pignore,
2505 5661 2804 5733 spirituale
2855 5674 3084 5730 corpus,
3125 5655 3218 5712 sed
3254 5656 3387 5726 quia
3417 5654 3469 5709 id

158 5752 309 5824 κοῦ,
351 5754 477 5809 ἀλλ’
511 5754 587 5822 ὡς
631 5757 751 5811 τότε
794 5756 972 5827 πολὶῴ
1009 5757 1167 5813 πλέον
1198 5758 1370 5823 ὄντος.
1410 5758 1523 5812 Νῦν
1552 5759 1647 5824 μὲν
1678 5758 1726 5824 γέ

1900 5766 2023 5814 ium;
2083 5756 2434 5822 praestantius
2500 5756 2613 5811 ﬁet.
2689 5752 2863 5812 llodic
2910 5752 3182 5819 siquidem
3239 5749 3468 5814 spiritus
