3970 6390
540 319 644 385 699

1786 314 1848 372 S.
1873 304 2111 371 IOANN
2122 303 2193 363 IS
2228 292 2660 363 DAMASCENI

3702 272 3823 354 πο.

541 444 650 484 non
681 437 905 491 manet;
941 430 1255 502 frequenter
1281 430 1422 485 enim
1485 426 1730 483 abscedit
1780 425 1848 478 ab
1906 423 1976 476 iis
2019 419 2108 492 qui

2248 413 2277 465 ὑ
2304 411 2455 483 μένει
2474 409 2800 479 τὺἯνεῦμαι
2823 406 3080 470 πολλάκις
3095 403 3203 476 γὰρ
3224 403 3650 477 ἁμαρτανόντων
3680 403 3825 473 ἀφίο,

542 529 773 591 peccant
807 539 820 576 :
857 529 990 578 tunc
1054 537 1182 578 vero
1216 531 1481 577 Constans
1513 530 1567 575 ct
1605 519 1762 573 ﬁrma
1791 517 1871 572 illi
1901 517 2121 570 habita-

539 610 619 665 tio
648 610 774 664 erit.

685 699 740 755 Si
776 711 861 756 cst
892 718 1095 773 corpus
1124 703 1381 768 animale,
1412 700 1496 758 est
1526 710 1579 757 ct
1614 700 1920 771 spirituale.
1965 696 2120 753 Sicut

540 803 594 845 et
624 795 891 863 scriptum
916 805 1017 849 cst.
1050 814 1069 846 ι

612 881 707 937 Vel
737 884 866 952 quia
897 900 1101 955 corpus
1155 887 1357 955 agilius
1386 884 1488 939 erit
1538 892 1592 939 et
1631 882 1920 948 subtilius,
1956 882 2027 935 ita
2061 890 2121 937 ut

540 990 673 1029 aura
710 978 959 1030 vehatur.

613 1062 778 1121 Vsus.
804 1068 997 1123 45-50.
1045 1087 1063 1120 ι
1103 1067 1304 1125 Factus
1336 1078 1422 1124 est
1470 1070 1681 1140 primus
1712 1069 1880 1123 homo
1914 1068 1971 1123 in
1999 1066 2122 1121 ani-

539 1172 682 1211 mam
708 1159 978 1214 viventem
1009 1171 1096 1215 :et
1143 1150 1479 1216 novissimus
1529 1161 1698 1214 Adam
1750 1162 1806 1216 in
1861 1160 2118 1229 spiritum

538 1246 927 1304 vivificantem.
962 1250 1067 1305 Sed
1135 1266 1243 1304 non
1303 1252 1455 1320 prius
1498 1251 1644 1321 quod
1689 1252 1959 1321 spiritale,
2019 1250 2120 1306 sed

537 1344 682 1408 quo‘l
716 1342 954 1396 animale
981 1359 994 1406 ;
1024 1343 1224 1398 deinde
1250 1344 1394 1413 quod
1426 1343 1694 1413 spiritale.
1716 1342 1936 1397 Primus
1954 1343 2120 1398 homo

538 1430 607 1483 de
642 1437 791 1484 terra
856 1439 1110 1488 terrenus
1139 1452 1153 1488 :
1186 1435 1467 1489 secundus
1523 1434 1691 1489 homo
1752 1434 2020 1489 Dominus
2051 1434 2121 1489 de

536 1522 699 1575 cmlo.
737 1521 930 1589 Qualis
962 1532 1234 1589 terrenus,
1280 1527 1414 1582 tales
1466 1532 1519 1581 et
1576 1526 1804 1581 terreni.
1844 1524 1910 1578 Et
1938 1526 2120 1596 qualis

535 1614 803 1678 «:(elestis,
842 1615 980 1671 tales
1021 1624 1075 1671 et
1132 1619 1407 1673 cmlestes.
1464 1616 1527 1671 Et
1570 1618 1717 1673 sicut
1774 1619 2118 1688 portavimus

533 1705 826 1776 imaginem
864 1712 1090 1773 terreni,
1127 1718 1414 1778 portemus
1434 1709 1806 1779 etimaginem
1846 1709 2115 1766 cmlcstis.

532 1791 648 1848 Hoc
684 1807 862 1853 autem
886 1800 1032 1866 dico,
1072 1799 1291 1868 lratres,
1325 1820 1342 1853 ι

602 1883 717 1940 Hoc
751 1898 855 1952 est,
894 1904 1118 1944 crassus
1181 1899 1237 1945 et
1274 1893 1647 1959 praesentibus
1689 1891 1901 1948 all'lxus.
1938 1890 2118 1948 Simul

527 1989 661 2029 vero
687 1976 757 2030 dc
789 1977 912 2030 vitae
944 1978 1170 2048 agendae
1201 1979 1514 2033 rationibus
1546 1981 1820 2049 loquitur.

590 2086 623 2117 4
663 2067 803 2133 Quia
859 2084 992 2124 caro
1056 2081 1110 2126 et
1155 2072 1385 2143 sanguis
1433 2087 1668 2142 regnum
1702 2071 1796 2126 Dei
1827 2072 2117 2141 possidere

527 2170 636 2210 non
670 2167 924 2226 possunt.
966 2177 987 2210 ι

621 2247 853 2316 Carnem
877 2261 931 2307 et
956 2254 1280 2323 sanguinem
1317 2252 1422 2308 hoc
1453 2253 1649 2307 inloco
1666 2252 1901 2322 appellat
1941 2254 2116 2312 actio-

526 2356 624 2396 nes
655 2357 874 2411 pravas,
912 2352 972 2396 ut
997 2359 1123 2398 cum
1149 2346 1326 2400 dicit:
1366 2344 1468 2399 Vos
1494 2359 1597 2399 non
1637 2348 1766 2398 estis
1792 2345 1845 2398 in
1872 2362 2039 2400 carne
2066 2347 2108 2402 ².

524 2429 593 2486 Et
619 2449 836 2489 rursum
866 2435 1010 2502 :Qui
1062 2436 1119 2490 in
1167 2452 1327 2490 carne
1378 2444 1522 2501 sunt,
1591 2434 1702 2489 Deo
1752 2435 1961 2503 placere
2006 2452 2111 2493 non

522 2537 750 2595 possunt
779 2530 824 2583 ⁸.

601 2637 622 2669 ‹
655 2617 842 2688 Neque
900 2621 1187 2690 corruptio
1243 2622 1723 2693 incorruptionem
1785 2623 2108 2694 possidebit.

522 2704 720 2780 Usus.
753 2709 869 2785 51.]
917 2710 1059 2767 Ecce
1100 2713 1425 2784 mysterium
1475 2715 1636 2769 vobis
1701 2715 1823 2769 dico
1864 2712 2110 2771 :Omnes

521 2801 743 2869 quidem
792 2816 903 2856 non
954 2802 1298 2859 dormietnus
1352 2822 1366 2859 :
1422 2804 1520 2860 sed
1593 2792 1788 2861 omn‘es
1847 2805 2109 2860 immuta-

519 2889 727 2946 bimur.
765 2912 785 2945 ι

591 2979 648 3037 id
679 2993 781 3047 est,
811 2985 1019 3041 malitia
1052 3003 1161 3042 non
1196 2997 1530 3058 asseqnetur
1571 2988 1720 3041 illam
1779 2987 2007 3059 gloriam
2055 2997 2108 3044 ct

518 3076 934 3145 possessionem
970 3080 1118 3132 illam
1163 3094 1346 3135 rerum
1385 3082 1851 3152 iucorruptarmn.

592 3165 762 3223 Vsus.
803 3169 891 3223 5'2.
933 3189 951 3221 ‹
990 3171 1043 3224 In
1080 3183 1387 3228 momento.
1426 3191 1445 3224 ι

587 3256 645 3311 ld
680 3265 787 3321 est,
816 3259 966 3314 brevi
1001 3263 1267 3331 temporis
1301 3262 1554 3317 instanti.

595 3367 615 3400 ι
662 3348 721 3402 in
748 3350 861 3405 ictu
902 3354 1072 3416 oculi,
1116 3354 1171 3407 in
1222 3355 1527 3411 novissima
1579 3356 1708 3411 tuba
1736 3356 1917 3426 (canet
1957 3356 2106 3411 enim

518 3433 696 3506 tuba),
727 3445 780 3491 et
822 3441 1023 3493 mortui
1053 3451 1342 3511 resnrgent
1366 3444 1695 3513 incorrupti.
1741 3465 1763 3497 ι

587 3528 701 3584 Hoc
737 3531 868 3585 dicti
905 3534 1117 3602 prioris
1152 3536 1539 3605 interpretatio
1567 3545 1689 3591 est:
1725 3538 1880 3607 quasi
1913 3537 2061 3593 dicat
2091 3557 2103 3593 :

518 3619 795 3687 Quantum
840 3624 979 3678 satis
1028 3625 1103 3679 sit
1141 3627 1416 3695 palpebrae
1449 3626 1720 3682 duntaxat
1761 3630 2105 3686 claudendas.

592 3730 613 3763 ι
657 3711 721 3767 Et
753 3727 854 3766 nos
897 3714 1337 3770 immutabimur.
1373 3735 1393 3769 ι

588 3802 704 3860 Hoc
734 3805 868 3861 dicit
894 3805 962 3862 de
989 3807 1097 3863 illis
1123 3810 1218 3879 qui
1241 3819 1377 3865 tunc
1402 3811 1671 3882 temporis
1698 3813 1755 3867 in
1789 3813 1929 3871 vivis
1956 3831 2106 3886 repe-

517 3899 755 3952 rieutur.
854 3946 869 3951 _

588 3984 753 4041 Visus.
786 3987 874 4052 53,
909 3990 995 4046 54.
1053 3988 1281 4060 Oportet
1332 3994 1481 4047 enim
1536 3994 1967 4069 incorruptibile
1998 4001 2103 4056 hoc

517 4075 748 4133 induere
804 4080 1308 4152 incorruptionem,
1356 4095 1410 4139 et
1446 4089 1680 4143 mortale
1712 4090 1817 4146 hoc
1873 4092 2105 4150 induere

515 4170 1013 4227 immortalitatem.
1073 4174 1210 4229 Cum
1244 4184 1427 4231 autem
1480 4184 1854 4252 corruptibilc
1884 4186 1988 4241 hoc
2023 4188 2105 4241 in-

502 4259 704 4315 duerit
722 4263 1330 4337 incorruptibilitatem,
1348 4278 1483 4327 tunc
1512 4273 1604 4327 lict
1631 4289 1813 4332 sermo
1835 4277 1929 4347 qui
1961 4279 2105 4334 seri-

513 4360 642 4422 plus
671 4364 774 4411 est.
817 4374 837 4407 ι

2225 520 2412 559 σταται
2433 516 2447 535 ο
2470 501 2593 554 τότε
2618 500 2677 553 δὲ
2706 498 2900 572 βεϐαία
2924 497 3075 568 αὐτῷ
3105 498 3264 552 ἔσται
3284 501 3317 569 η
3348 497 3663 569 παραμονή.

2300 710 2318 743 ι
2363 693 2430 746 Εἰ
2468 692 2584 745 ἔστι
2622 692 2781 761 σῶμα
2809 690 3062 760 ψυχικὸν,
3119 689 3234 742 ἔστι
3281 687 3376 741 καὶ
3411 666 3828 768 πνευματικόνς

2223 782 2381 837 Οῦτω
2404 785 2498 837 καὶ
2528 785 2840 855 γέγραπται
2859 798 2875 812 ’
2911 801 2929 831 ι
3328 822 3335 827 .
3822 850 3829 855 .

2296 876 2367 928 Ἢ
2396 876 2479 928 ὅτι
2513 875 2845 944 κουιρότερον
2868 874 3025 927 ἔσται
3055 870 3152 925 καὶ
3182 869 3535 942 λεπτότερόν,
3578 870 3679 924 καί¹
3695 863 3807 923 οἷον

2223 965 2319 1018 καὶ
2350 966 2435 1019 ἐπ’
2466 966 2630 1036 ἀέρος
2656 964 2923 1035 ὀχεῖσθαι.
3152 968 3153 971 “

2298 1076 2321 1110 ι
2364 1058 2618 1127 Ἐγένετο
2651 1060 2680 1111 ὁ
2703 1057 2921 1128 πρῶτος
2946 1053 3234 1126 ἅνθρωπος
3273 1054 3357 1116 είς
3383 1052 3566 1123 ψυχὴν
3599 1051 3803 1119 ζῶσαν,

2219 1150 2251 1202 ό
2302 1150 2533 1219 ἔσχατος
2577 1149 2751 1219 Ἀδὰμ
2792 1150 2875 1213 είς
2916 1145 3138 1216 πνεῦμα
3190 1144 3518 1211 ζωοποιοῦν.
3561 1143 3704 1197 Ἀλλ’
3745 1144 3807 1196 ού

2224 1241 2440 1314 πρῶτον
2468 1242 2530 1296 τὸ
2568 1242 2962 1313 πνευματικὸν,
2997 1238 3133 1293 ἀλλὰ
3155 1238 3217 1292 τὸ
3247 1236 3505 1308 ψυχικὸν,
3534 1235 3729 1291 ἔπειτα
3744 1234 3811 1288 τὸ

2222 1335 2619 1405 πνευματικόν.
2665 1335 2726 1387 Ὀ
2779 1334 2996 1405 πρῶτος
3041 1331 3331 1402 ἄνθρωπος
3362 1332 3428 1383 ὲκ
3459 1331 3566 1401 γῆς
3600 1328 3802 1399 χοῖκδς,

2220 1425 2255 1477 ό
2286 1425 2542 1497 δεύτερος
2593 1425 2884 1497 ἄνθρωπος
2926 1425 2955 1477 ό
2999 1423 3209 1494 Κύριος
3242 1423 3300 1490 ἐξ
3327 1420 3584 1492 οὐρανοῦ.
3621 1416 3748 1484 υἷος
3780 1420 3810 1473 ό

2221 1517 2425 1585 χοϊκός,
2450 1518 2685 1571 τοιοῦτοι
2729 1518 2824 1570 καὶ
2858 1517 2908 1569 οἱ
2939 1515 3116 1586 χοϊκοί
3140 1532 3153 1546 ·
3184 1514 3280 1570 καὶ
3323 1508 3437 1577 οἷος
3486 1514 3515 1566 ό
3564 1512 3808 1583 ἐπουρά-

2224 1628 2360 1675 νιος,
2378 1612 2610 1665 τοιοῦτοι
2641 1613 2734 1665 καὶ
2756 1613 2805 1665 οί
2829 1612 3166 1678 ἐπουράνιοι.
3189 1610 3301 1663 Καὶ
3328 1608 3517 1672 καθὼς
3543 1608 3813 1680 ἐφόριοι-

2225 1719 2325 1773 μεν
2347 1703 2448 1773 τὴν
2478 1703 2660 1756 είκόνα
2679 1702 2772 1756 τοῦ
2801 1701 3008 1772 χοϊκοῦ,
3034 1701 3357 1772 φορέσωμεν
3386 1702 3482 1755 καὶ
3502 1700 3604 1771 τὴν
3622 1698 3813 1755 εἰκόνα

2148 1767 2191 1822 Β
2220 1767 2313 1850 τοῦ
2344 1767 2691 1864 ἐπουρανίου.
2725 1767 2896 1848 Τοῦτο
2916 1792 2973 1847 δέ
2996 1767 3160 1864 φημι,
3196 1767 3438 1863 ἀδελφοὶ,
3484 1809 3505 1844 ι

2293 1886 2575 1949 Τουτέστι,
2603 1888 2781 1955 παχὺς
2808 1886 2903 1939 καὶ
2928 1888 3041 1949 τοῖς
3065 1884 3334 1956 παροῦσιν
3357 1884 3809 1956 προσηλωμένος.

2226 1974 2290 2030 ⁸’Δ
2301 1994 2376 2047 μα
2401 1977 2458 2030 δὲ
2477 1977 2583 2031 ’καὶ
2616 1978 2707 2030 τὸν
2741 1980 2873 2049 περὶ
2914 1977 3201 2031 πολιτειῶν
3225 1977 3437 2043 εἰσάγει
3467 1976 3648 2044 λόγον.

2301 2087 2320 2120 ι
2364 2070 2486 2122 Ὅτι
2524 2067 2662 2139 σὰρξ
2691 2070 2786 2123 καὶ
2814 2063 2953 2141 αἷμα
2980 2067 3260 2139 βασιλείαν
3284 2067 3422 2122 Θεοῦ
3459 2067 3812 2139 κληρονομη-

2220 2175 2313 2213 σαι
2335 2160 2398 2213 ού
2427 2159 2710 2216 δύνανται.
2747 2177 2766 2211 ι

2295 2254 2483 2323 Σάρκα
2521 2255 2616 2307 καὶ
2654 2248 2795 2324 αἷμα
2846 2252 3085 2309 ἐνταῦθα
3130 2249 3232 2315 τὰς
3272 2249 3528 2319 πονηρὰς
3574 2248 3811 2320 πράξεις

2217 2341 2392 2407 καλεῖ,
2426 2341 2503 2405 ὡς
2532 2342 2661 2395 ὅταν
2684 2342 2820 2415 λέγῃ
2841 2358 2855 2372 ·
2893 2340 3092 2410 Ὑμεῖς
3115 2338 3186 2393 δὲ
3208 2341 3321 2393 οὐκ
3344 2337 3487 2392 ἐστὲ
3506 2338 3576 2390 ἐν
3598 2336 3807 2404 σαρκί.

2218 2436 2328 2489 Καὶ
2354 2434 2539 2503 πάλιν,
2579 2438 2643 2490 οι
2677 2436 2748 2489 ἂν
2780 2434 2960 2503 σαρκί
2992 2434 3166 2501 ὄντες
3198 2432 3320 2499 Θεῷ
3345 2430 3563 2500 ἀρέσαι
3593 2431 3667 2485 οὐ
3695 2429 3807 2484 δύο

2215 2542 2334 2580 ναν
2340 2542 2428 2580 ται
2436 2566 2448 2580 .

2294 2636 2315 2669 ι
2350 2617 2541 2689 Οὑδὲὴ
2576 2618 2753 2690 φθορά
2785 2617 2885 2689 τὴν
2915 2616 3229 2689 ἀφθαρσίαν
3273 2617 3627 2688 κληρονομεῖ.
3667 2614 3809 2668 Ἰδοὺ

2219 2711 2518 2781 μυστήριον
2545 2712 2674 2778 ὑμῖν
2704 2711 2867 2779 λέγω·
2890 2711 3091 2775 πάντες
3115 2710 3213 2782 μὲν
3235 2710 3297 2763 οὐ
3324 2706 3807 2782 κοιμηθησόμεθα,

2216 2802 2419 2866 πάντες
2446 2802 2504 2855 δὲ
2527 2800 2975 2874 ἀλλαγησόμεθα.
3018 2820 3037 2853 ι

2286 3002 2580 3057 Τουτέστιν
2613 3005 2645 3076 ἠ
2684 3003 2876 3069 κακία,
2919 3004 3018 3076 τὴν
3068 3003 3228 3068 δόξαν
3281 3002 3533 3075 ἐκείνην,
3574 3001 3669 3057 καὶ
3704 2999 3810 3077 τὴν

2136 3099 2183 3162 c
2212 3093 2320 3146 τῶν
2350 3094 2645 3165 ἀφθάρτων
2677 3095 3017 3166 πραγμάτων
3055 3094 3377 3150 ἀπόλαυσιν.

2293 3203 2313 3237 ι
2364 3187 2452 3239 Ἐν
2483 3188 2692 3259 ἀτόμῳ.
2734 3205 2754 3238 ι

2284 3278 2598 3342 Τουτέστιν,
2634 3280 2692 3332 ὲν
2727 3278 2961 3352 βραχείᾳ.
2997 3279 3195 3351 καιροῦ
3232 3281 3398 3351 ῥοπῇ.

2292 3386 2311 3420 ι
2365 3370 2454 3423 Ἐν
2499 3371 2632 3441 ῥιπῇ
2675 3367 2981 3440 ὀφθαλμοῦ,
3026 3370 3084 3424 ὲν
3141 3373 3207 3442 τῇ
3244 3370 3454 3444 ἐσχάτῃ
3497 3369 3810 3439 σάλπιγγιο

2214 3461 2469 3514 σαλπίσει
2488 3462 2617 3533 γάρ’
2643 3462 2737 3515 καὶ
2756 3444 2805 3515 οὶ
2822 3461 3008 3532 νεκροὶ
3036 3464 3443 3533 ἀναστήσονται
3465 3462 3755 3533 ἄφθαρτοι.
3780 3480 3805 3515 ι

2283 3552 2455 3607 Τοῦτο
2491 3555 2764 3625 ἑρμηνεία
2787 3552 2883 3607 τοῦ
2910 3554 3128 3626 πρώτου
3149 3572 3163 3586 ·
3199 3549 3312 3609 οἷον
3348 3558 3431 3619 είς
3477 3555 3599 3608 ὅσον
3630 3556 3713 3618 εἰς
3741 3554 3811 3608 τὸ

2211 3661 2282 3698 κα
2289 3663 2327 3716 μ
2335 3645 2406 3715 μύ
2416 3662 2506 3699 σαι
2545 3647 2729 3717 μόνον.

2281 3754 2300 3788 ι
2341 3736 2452 3789 Καὶ
2481 3738 2642 3808 ἡμεῖς
2673 3738 3129 3810 ἀλλαγησόμεθα.
3173 3756 3192 3792 ι

2279 3830 2417 3900 Περὶ
2437 3828 2545 3883 τῶν
2573 3829 2695 3883 τότε
2736 3830 2955 3896 ζώντων
2984 3831 3401 3903 εὑρισκομένων
3420 3831 3579 3886 τοῦτό
3605 3848 3805 3904 φησιν.

2282 4026 2301 4060 ι
2338 4008 2431 4061 Δεῖ
2450 4008 2559 4081 γὰρ
2585 4007 2646 4062 τὸ
2671 4009 2911 4080 φθαρτὸν
2932 4008 3091 4063 τοῦτο
3114 4006 3438 4063 ἐνδύσασθαι
3460 4007 3806 4079 ἀφθαρσίαν,

2206 4098 2301 4153 καὶ
2324 4098 2384 4152 τὸ
2414 4100 2608 4171 θνητὸν
2631 4100 2795 4153 τοῦτο
2820 4100 3147 4154 ἐνδύσασθαι
3183 4101 3505 4155 ἀθανασίαν.
3547 4102 3721 4152 Ὅταν
3743 4100 3809 4154 δὲ

2202 4190 2265 4245 τὸ
2291 4191 2536 4263 φθαρτὸν
2557 4192 2718 4245 τοῦτο
2741 4192 3032 4262 ἐνδύσηται
3067 4191 3401 4261 ἀφθαρσίαν,
3442 4194 3536 4245 καὶ
3565 4193 3627 4244 τὸ
3652 4190 3809 4262 θνη’-

2203 4284 2297 4338 τὸν
2322 4285 2482 4337 τοῦτο
2502 4283 2793 4356 ἐνδύσηται
2816 4285 3143 4350 ἀθανασίαν,
3183 4285 3307 4338 τότε
3335 4286 3625 4356 γενήσεται
3655 4287 3684 4339 ό
3716 4284 3806 4338 λό-

2204 4394 2300 4446 γος
2328 4379 2357 4429 ό
2380 4379 2800 4448 γεγραμμένος·
2842 4395 2864 4428 ι

582 4441 826 4500 Rursum
900 4446 1041 4501 redit
1098 4448 1165 4503 ad
1225 4453 1538 4522 exemplum
1592 4456 1816 4512 aliatum
1853 4498 1869 4522 ,
1917 4466 1972 4513 et
2030 4474 2098 4516 au

2276 4438 2681 4537 Πάλὶν’τὶερι’τδ
2700 4438 3009 4536 ὑπόδειγμα
3039 4466 3260 4539 ἔρχεται
3293 4465 3389 4519 και
3417 4466 3507 4520 τὸν
3540 4465 3640 4535 τῆς
3659 4466 3806 4519 ἀνα-

514 4537 791 4606 incepunn
828 4539 896 4593 de
930 4543 1340 4597 resurrectione
1403 4559 1735 4613 sermonem,
1765 4551 2100 4611 dimissisiis

508 4644 635 4700 quae
662 4632 727 4682 ad
760 4632 887 4685 vitae
917 4635 1166 4688 rationes
1201 4636 1386 4690 varias
1419 4638 1792 4706 pertinebant.

586 4738 607 4811 ι
641 4719 912 4790 Ahsorpta
937 4732 1020 4778 est
1056 4741 1206 4780 mors
1236 4727 1295 4781 in
1331 4729 1584 4782 victoria.
1622 4728 1817 4801 [νειιε.
1852 4734 1944 4801 55,
1977 4737 2094 4811 56.]

510 4806 611 4862 Ubi
642 4820 745 4874 est,
789 4828 960 4881 mors,
1000 4817 1233 4872 victoria
1262 4820 1401 4872 tua?
1465 4821 1560 4874 ubi
1591 4832 1697 4889 est,
1720 4823 1957 4895 inferne,
1990 4806 2094 4886 sti;

510 4897 695 4954 mulus
738 4903 909 4959 tuus?
972 4905 1236 4963 stimulus
1289 4914 1477 4964 autem
1537 4914 1737 4969 mortis
1804 4926 2095 4988 peccatum

509 4998 615 5045 est.
656 5008 676 5042 ι

580 5078 635 5133 ld
663 5082 872 5140 evincit
893 5086 1095 5141 iterum
1127 5104 1195 5144 ex
1234 5091 1544 5161 prophetis.

586 5190 606 5223 ι
648 5172 837 5231 Virtus
863 5193 993 5233 vero
1024 5183 1232 5248 peccati
1264 5184 1371 5240 lex.
1410 5184 1602 5263 [Vsus
1628 5189 1744 5264 57.]
1777 5191 1884 5248 Deo
1908 5203 2092 5251 autem

508 5266 740 5334 gratias,
775 5272 866 5338 qui
908 5271 1060 5325 dedit
1113 5276 1276 5331 nobis
1306 5278 1617 5348 victoriam,
1650 5298 1748 5353 per
1796 5283 2090 5344 Dominum

510 5364 761 5412 nostrum
795 5357 982 5415 Jesum
1007 5363 1314 5424 Christum.
1361 5387 1380 5421 ι

579 5450 718 5514 Quia
787 5454 905 5508 sine
932 5456 1072 5526 _lcge
1127 5458 1405 5518 inlirmum
1443 5476 1615 5520 erat:
1659 5469 1806 5538 quod
1865 5472 2089 5542 quidem

515 5540 671 5611 121
696 5555 1127 5617 perpetraretur,
1154 5567 1265 5609 non
1291 5563 1476 5612 tamen
1524 5566 1582 5614 ut
1613 5540 1954 5619 damnationi
1985 5566 2089 5622 ob-

562 5719 769 5778 ‘Bom.
808 5742 901 5781 nn
964 5728 1018 5780 8.
1098 5732 1262 5780 ’ῆιεά
1337 5735 1388 5785 0.

2204 4561 2449 4625 στάσεως
2486 4558 2668 4629 λόγον,
2692 4560 2760 4614 τὰ
2787 4561 2916 4630 περὶ
2946 4559 3222 4622 πολιτείας
3250 4559 3429 4627 ἀφείς.

2268 4760 2288 4794 ι
2324 4742 2617 4812 Κατεπόθη
2645 4743 2675 4795 ό
2706 4741 2935 4804 θάνατος
2968 4743 3048 4804 εἰς
3074 4740 3243 4804 νῖκος.
3264 4738 3372 4794 Ποῦ
3406 4754 3518 4799 σου,
3553 4735 3801 4801 θάνατε,

2207 4833 2271 4887 τὸ
2295 4837 2482 4899 νῖκος;
2535 4834 2644 4888 Ποῦ
2673 4851 2788 4897 σου,
2824 4833 2947 4904 ᾷδη,
2975 4833 3037 4886 τὸ
3071 4833 3334 4903 κέντρον;
3388 4832 3451 4884 τὸ
3479 4829 3535 4883 δὲ
3562 4827 3805 4899 κέντρον

2198 4926 2295 4980 τοῦ
2319 4926 2551 4983 θανάτου
2581 4928 2615 4998 ἡ
2645 4927 2910 4996 ἁμαρτία.
2960 4942 2980 4975 ι

2275 5105 2445 5157 Πάλιν
2472 5105 2536 5158 ὲκ
2562 5104 2900 5174 προφητείας
2932 5106 2965 5175 ὴ
2996 5103 3292 5168 ἀπόδειξις.

2282 5214 2300 5247 ι
2346 5197 2413 5249 Ἡ
2455 5196 2511 5249 δὲ
2542 5196 2771 5267 δύναμις
2827 5196 2930 5266 τῆς
2973 5196 3249 5268 ἁμαρτίας
3279 5194 3309 5246 ὁ
3353 5192 3543 5262 νόμος.
3583 5189 3674 5261 Τῷ
3734 5191 3802 5243 δὲ

2199 5285 2318 5357 Θεῷ
2345 5287 2508 5359 χάρις
2540 5286 2618 5358 τῷ
2653 5286 2852 5340 διδόντι
2878 5288 3011 5357 ἡμῖν
3039 5286 3102 5339 τὸ
3126 5288 3274 5348 νῖκος
3306 5284 3395 5337 διὰ
3441 5280 3536 5337 τοῦ
3577 5281 3801 5354 Κυρίου

2203 5381 2360 5452 ἡμῶν
2406 5382 2583 5452 Ἰησοῦ
2617 5380 2882 5452 Χριστοῦ.
2915 5398 2933 5431 ι

2277 5475 2400 5528 Ὅτι
2435 5478 2605 5546 χωρὶς
2639 5472 2807 5528 αὐτοῦ
2844 5470 3077 5540 ἀσθενὴς
3105 5466 3175 5543 ἦν
3200 5488 3212 5501 ·
3256 5469 3608 5541 πραττομένη
3661 5468 3799 5540 μὲν,

2197 5566 2257 5621 οὐ
2288 5568 2561 5639 δυναμένη
2590 5568 2646 5623 δὲ
2671 5568 2816 5622 οὕτω
2844 5563 3227 5619 καταδικάσαι.
3254 5563 3327 5617 Τὸ
3358 5563 3459 5633 μὲν
3481 5562 3587 5635 γὰρ
3613 5561 3801 5617 κακὸν
