3970 6404
217 324 311 394 701

1374 334 1457 395 IN
1492 336 1729 398 EPIST.
1773 340 1872 398 AD
1907 306 2289 402 CORINTH;
2312 343 2361 403 I.

3391 344 3497 411 702

219 441 443 513 ἐγίνετο,
496 444 684 515 σαφῶς
714 444 783 499 ’δὲ
844 446 946 499 οὐκ
985 445 1265 500 ἐδείκνυτο
1296 446 1491 511 οὕτως.
1542 449 1708 503 Ὥστε
1742 451 1803 503 οὐ

1954 453 2139 507 oxium
2165 454 2442 511 redderet.
2480 453 2746 524 Equidem
2777 459 2923 512 enim
2975 456 3180 511 malum
3208 454 3407 525 ﬂebat;
3442 468 3495 512 at

219 533 369 589 τοῦτό
399 551 587 607 φησιν,
619 536 703 591 δτι
731 539 1055 609 εἰσήνεγκεν
1085 539 1114 591 ὀ
1144 538 1310 610 νόμος
1348 541 1449 612 τὴν
1495 542 1797 612 ἁμαρτίαν,

217 627 328 682 ἀλὲ
358 629 446 682 ὅτι
474 629 720 683 ἐπέτεινε
754 632 855 701 τὴν
894 630 1143 685 κόλασιν.

287 828 307 861 ι
347 811 533 872 Ὥστε,
564 810 786 879 ἀδελφοί
835 828 937 882 μου
985 813 1289 884 ἀγαπητοὶ,
1327 813 1531 885 ἑδραῖοι
1559 812 1796 882 γίνεσθε,

217 903 629 973 ἂμετακίνητοι,
660 923 679 954 ι

285 994 559 1064 Εὔκαιρος
586 995 776 1048 λοιπὸν
809 997 851 1066 ἠ
878 998 1229 1066 παραίνεσις,

289 1103 311 1137 ι
353 1087 781 1156 Περισσεύοντες
808 1090 866 1141 ὲν
897 1089 976 1158 τῷ
996 1087 1145 1161 ἔργῳ
1171 1089 1266 1144 τοῦ
1304 1091 1512 1162 Κυρίου
1542 1091 1798 1159 πάντοτε,

217 1176 420 1241 εἰδότες
451 1179 532 1232 ὅτι
574 1181 610 1231 ὑ
652 1181 825 1244 κόπος
867 1180 1022 1252 ὑμῶν
1067 1184 1168 1235 οὐκ
1212 1180 1332 1236 ἐστι
1379 1183 1533 1247 κενὸς
1580 1185 1639 1239 ὲν
1682 1185 1801 1237 Κυ-

221 1268 340 1339 9‘49-
381 1286 401 1321 ι

292 1365 606 1430 Τουτέστιν,
636 1368 694 1419 ἐν
723 1364 804 1436 τῷ
840 1364 942 1436 βίῳ
980 1364 1060 1436 τῷ
1091 1364 1342 1437 καθαρῷ.

805 1496 1058 1551 ΚΕΦΑΛ.
1101 1496 1222 1564 ΚΓ.

292 1630 315 1663 ι
352 1610 495 1681 Περὶ
520 1609 577 1661 δὲ
599 1608 701 1678 τῆς
733 1608 920 1677 λογίας
950 1608 1051 1678 τῆς
1085 1621 1165 1673 εις
1196 1607 1325 1673 τοὺς
1355 1608 1570 1679 ἁγίους.
1616 1625 1635 1661 ο

300 1792 645 1858 Ἀπαρτίσας
675 1789 767 1843 τὸν
799 1790 929 1858 περὶ
980 1789 1087 1841 τῶν
1135 1790 1427 1857 δογματων
1479 1788 1661 1855 λογον,
1711 1788 1808 1839 καὶ
1844 1822 1886 1877 Β

218 1879 435 1949 μέλλων
472 1882 551 1943 είς
585 1880 678 1932 τδν
733 1879 923 1948 ἠθικὸν
961 1879 1331 1950 μεταϐαίνειν,
1376 1880 1554 1933 ’πάντα
1585 1880 1654 1931 τὰ
1677 1878 1812 1933 ἄλλα

215 1971 397 2039 ἀφεὶς,
417 1970 509 2023 τὸν
534 1971 663 2043 περὶ
690 1971 788 2042 τῆς
816 1970 1192 2041 ὲλεημοσύνης
1218 1973 1360 2025 κινεῖ
1384 1971 1564 2041 λόγον.
1589 1971 1813 2041 Λογίαν

214 2063 273 2116 δὲ
307 2063 575 2132 συλλογὴν
604 2061 713 2115 τῶν
747 2065 1047 2134 χρημάτων
1079 2064 1263 2135 φησίν.

289 2173 312 2207 ι
354 2157 580 2227 Ὠσπερ
602 2155 822 2220 διέταξα
846 2158 964 2220 ταῖς
1009 2156 1360 2230 Ἐκκλησίαις
1391 2158 1490 2229 τῆς
1521 2157 1811 2225 Γαλατίας,

216 2246 362 2302 οὕτω
396 2249 493 2301 καὶ
531 2249 691 2318 ὑμεῖς
727 2249 1019 2320 ποιήσατε.
1067 2269 1086 2301 ι

290 2341 411 2394 Ούκ
444 2335 588 2408 εἶπε,
623 2340 906 2411 παρῄνεσα
955 2343 1050 2395 καὶ
1080 2340 1513 2407 συνεϐούλευσα,
1554 2340 1691 2401 ἀλλά
1729 2341 1815 2395 διο

219 2429 430 2496 ἔταξα,
467 2432 607 2503 ὅπερ
628 2430 1117 2502 αὑθεντικώτερον.

301 2544 320 2577 ί
352 2524 515 2577 Κατὰ
549 2524 678 2594 μίαν
703 2523 1001 2579 Σκὸϐἁτων
1032 2523 1266 2588 ἕκαστος
1294 2523 1448 2593 υμῶν
1499 2523 1631 2593 παρ’
1666 2521 1815 2594 αὐτῷ

216 2617 441 2683 τιθέτω,
463 2618 492 2671 ὃ
524 2635 574 2671 τι
608 2616 673 2671 ἂν
701 2616 961 2688 εὐοδωθῇ.
1002 2634 1022 2669 ι

307 2818 731 2890 ’Δναμνήσθητε
780 2818 913 2890 γὰρ,
946 2818 1145 2888 φησὶν,
1187 2818 1351 2871 τίνων
1405 2818 1628 2889 ἐτύχετε
1660 2819 1719 2871 ὲν
1749 2820 1815 2889 τῇ

215 2911 409 2981 ἡμέρᾳ
435 2910 635 2982 ταύτῃ.
693 2909 774 2961 Τὰ
828 2908 939 2979 γὰρ
983 2908 1278 2979 ἀπόρρητα
1308 2908 1491 2978 ἀγαθὰ
1542 2910 1602 2961 ὲν
1642 2907 1815 2978 ταύτῃ

213 3003 474 3069 γέγονεν,
502 3001 598 3054 καὶ
628 3001 664 3070 ἡ
698 2999 826 3070 ῥίζα
863 3002 957 3053 καὶ
1000 3001 1034 3070 ή
1066 2999 1210 3071 ἀρχὴ
1240 3000 1340 3070 τῆς
1372 2999 1520 3070 ζωῆς
1548 3001 1648 3070 τῆς
1678 3001 1819 3071 ἠμε-

212 3092 385 3163 τέρας
413 3110 428 3124 ο
464 3091 606 3161 μετὰ
647 3091 706 3143 δὲ
736 3090 966 3156 τούτων,
1006 3089 1100 3143 καὶ
1132 3091 1194 3143 τὸ
1248 3092 1552 3161 μυστήριον
1592 3093 1650 3144 ἐν
1677 3091 1815 3161 αὐτῇ

1909 562 2021 602 non
2052 548 2217 602 talem
2256 548 2498 618 speciem
2552 549 2901 617 praeferebat.
2936 549 3210 616 Quocirca
3240 564 3350 605 non
3390 550 3497 604 hoc

1911 638 2007 702 ait,
2063 653 2095 692 a
2149 640 2265 708 lege
2302 640 2587 694 invectum
2623 654 2750 693 esse
2780 649 3094 708 peccatum,
3129 639 3227 697 sed
3267 649 3498 712 propter

1910 742 2029 784 eam
2055 738 2279 783 auctum
2326 731 2663 800 supplicium
2696 729 2891 785 fuisse.

1983 818 2177 890 [Vens
2210 820 2327 892 58.]
2362 821 2574 891 Itaque,
2610 821 2813 876 fratres
2866 821 2972 875 mei
3014 821 3225 887 dilecti,
3262 822 3497 881 stabiles

1909 919 2110 977 estote,
2135 914 2471 969 immobiles.
2514 932 2534 965 ι

1982 1002 2309 1073 Opportuna
2342 1020 2572 1075 prorsus
2613 1004 2952 1059 adhortatio.
3104 1076 3111 1081 θ

1990 1113 2009 1147 ι
2046 1094 2409 1151 Abundantes
2436 1098 2489 1150 in
2517 1111 2685 1166 opere
2716 1095 2934 1151 Domini
2970 1111 3226 1166 semper:
3258 1097 3496 1153 scientes

1884 1190 2057 1259 .quod
2086 1188 2248 1244 labor
2276 1199 2464 1245 vester
2499 1206 2614 1246 non
2645 1201 2731 1246 est
2761 1191 2946 1247 inanis
2982 1190 3037 1245 in
3073 1187 3325 1246 Domino.
3367 1210 3385 1240 ι

1983 1366 2103 1424 Hoc
2143 1376 2248 1434 est,
2282 1369 2339 1425 in
2374 1370 2480 1425 vita
2510 1386 2651 1440 pura
2676 1379 2728 1427 ct
2755 1371 2982 1443 integra.

2534 1504 2684 1565 CAP.
2716 1507 2863 1563 XVI.

1987 1622 2154 1679 Vens.
2184 1624 2236 1678 l.
2273 1643 2291 1677 ι
2332 1623 2408 1680 De
2438 1624 2686 1680 collectis
2716 1632 2901 1680 autem
2929 1641 3051 1695 quae
3107 1624 3246 1677 tiunt
3283 1625 3337 1677 in
3371 1640 3500 1679 sau-

1913 1724 2056 1772 ctos.
2088 1736 2108 1768 ι
2517 1767 2527 1783 κ

1985 1806 2255 1861 Absoluta
2310 1805 2380 1859 de
2420 1804 2696 1876 dogmatis
2748 1804 3103 1867 tractatione,
3151 1802 3377 1873 jamque
3434 1800 3502 1853 ad

1916 1898 2148 1952 moralia
2180 1888 2561 1956 transiturus,
2620 1894 2749 1949 aliis
2813 1895 3075 1947 omnibus
3123 1891 3398 1955 dimissis,
3435 1888 3505 1944 de

1915 1988 2265 2059 elecmosyna
2300 2002 2611 2041 sermonem
2654 1993 2858 2040 movet.
2901 1983 3164 2040 Collectas
3194 1995 3378 2038 autem
3406 1997 3505 2036 vo-

1917 2088 2005 2136 cat
2038 2081 2425 2134 collectionem
2470 2077 2855 2146 pecuniarum.

1991 2191 2012 2223 ι
2055 2171 2213 2225 Sicut
2243 2169 2499 2226 ordinavi
2544 2167 2806 2223 Ecclesiis
2830 2164 3078 2229 Galatiae,
3118 2166 3196 2219 ita
3220 2173 3274 2221 et
3307 2178 3403 2220 vos
3426 2163 3507 2217 fa-

1916 2265 2047 2321 cite.
2083 2283 2101 2315 ι

1988 2353 2107 2408 Non
2134 2353 2312 2408 dixit:
2338 2351 2610 2408 Hortatus
2638 2358 2860 2416 sum,et
2889 2350 3185 2406 consilium
3208 2347 3358 2415 dedi,
3385 2347 3506 2413 sed,

1918 2446 2183 2511 ordiuam',
2227 2444 2376 2515 quod
2407 2445 2635 2515 majoris
2667 2452 2752 2499 est
2788 2443 3148 2498 auctoritatis

1990 2535 2158 2591 Vens.
2211 2537 2267 2594 2.
2298 2555 2318 2588 ι
2367 2533 2474 2591 Per
2545 2550 2710 2589 unam
2771 2532 3148 2588 Sabbatorum
3202 2530 3512 2599 unusquise

1917 2645 2029 2700 que
2054 2638 2302 2685 vestrum
2338 2628 2485 2698 apud
2508 2642 2569 2683 se
2597 2634 2791 2697 ponat,
2823 2633 3096 2696 quantum
3137 2623 3245 2680 sibi
3271 2622 3510 2678 facultas

1917 2722 2043 2776 erit.
2096 2741 2114 2774 τ
2636 2730 2641 2735 ’

1990 2812 2246 2879 Pensate,
2288 2813 2489 2883 inquit,
2534 2813 2830 2869 facultates
2886 2820 3103 2867 vestras
3162 2810 3218 2864 in
3254 2809 3359 2863 hac
3389 2808 3504 2863 die.

1923 2904 2142 2958 Arcana
2185 2904 2390 2975 quippe
2418 2905 2562 2959 dona
2612 2906 2667 2958 in
2696 2920 2762 2958 ea
2797 2912 3172 2974 praestantur;
3215 2902 3325 2955 imo
3349 2901 3508 2954 radix

1921 3000 2030 3059 est,
2060 3002 2119 3050 et
2142 2996 2481 3064 principium
2515 2994 2644 3048 vita:
2690 3002 2897 3048 nostra:
2933 3009 2948 3044 :
2983 2992 3214 3058 insuper
3244 2999 3297 3045 et
3329 2991 3384 3044 in
3415 3005 3512 3044 ca-

1908 3085 2045 3143 .dem
2082 3086 2474 3158 mysteriorum
2530 3086 2836 3156 participes
2893 3084 3185 3145 eﬂicimnr.
3234 3083 3372 3137 Vide
3403 3099 3513 3152 qua

212 3186 528 3236 κοινωνεῖν.
561 3183 706 3253 Ὅρα
747 3183 866 3245 πῶς
915 3181 1013 3235 καλ¹
1044 3183 1154 3237 ἀπὸ
1175 3183 1269 3236 τοῦ
1329 3182 1529 3254 καιροῦ
1566 3183 1812 3254 συμϐου-

1955 3183 2144 3237 atione
2166 3180 2471 3235 consilium
2505 3179 2757 3246 instruit,
2795 3189 2907 3245 tum
2942 3192 2973 3231 a
3008 3186 3279 3248 tempore,
3329 3185 3447 3229 tum
3480 3190 3515 3227 a

208 3274 387 3339 λεύει,
418 3276 516 3328 καὶ
545 3274 655 3328 ἀπὸ
677 3273 773 3328 τοῦ
803 3275 1033 3344 τρόπον.

289 3384 311 3417 ς
346 3367 472 3420 Ἵνα
505 3368 578 3438 μὴ
605 3367 734 3420 ὅταν
764 3367 923 3435 ἔλθω,
950 3368 1074 3422 τότε
1110 3369 1287 3438 λογιαι
1325 3369 1607 3438 γίνωνται.
1645 3370 1813 3424 Ὅταν

202 3454 269 3509 ἃ
304 3457 739 3528 παραγένωμαι,
779 3477 801 3510 ι

295 3546 365 3599 Ἠ
421 3550 537 3618 γὰρ
589 3550 891 3621 προσδοκία
933 3551 1029 3606 τού
1074 3550 1289 3607 Παύλου
1359 3552 1814 3624 προθυμοτέρους

198 3641 422 3704 αὐτοὺς
454 3643 624 3696 ποιεῖ.

285 3752 306 3783 ι
342 3732 459 3796 33;
514 3733 611 3786 ἐὰν
674 3733 1015 3805 δοκιμάσητε
1072 3735 1144 3788 δι’
1200 3737 1543 3799 ἐπιστολῶν,
1592 3737 1818 3801 τούτους

197 3823 424 3893 πέμψω
448 3825 778 3893 ἀπενεγκεῖν
796 3825 895 3895 τὴν
913 3827 1073 3897 χάριν
1092 3827 1121 3879 ύ
1131 3828 1250 3897 μῶν
1272 3828 1353 3891 είς
1381 3828 1765 3899 Ἰερουσαλήμ.
1789 3846 1809 3880 ι

286 3915 645 3968 ’Δνύποπτον
677 3918 824 3971 ποιεῖ
848 3917 942 3970 τὸν
989 3917 1171 3987 λόγον,
1208 3917 1284 3989 μὴ
1309 3917 1489 3987 λέγων
1523 3919 1615 3972 τὸν
1643 3918 1816 3985 δεῖνα,

192 4005 233 4058 ’Ξ
270 4006 377 4059 τὸν
404 4006 577 4059 δεῖνα.
612 4003 685 4061 Εὖ
719 4008 777 4062 δὲ
805 4009 903 4062 καὶ
933 4008 1043 4080 τὴν
1069 4009 1268 4079 χάριν,
1302 4011 1380 4082 μὴ
1429 4009 1531 4082 τὴν
1584 4011 1817 4081 ἐλεημοο

195 4098 411 4170 σύνην,
438 4099 640 4156 εἰπεῖν.

276 4208 300 4244 ι
361 4191 501 4245 Ἐὰν
526 4190 585 4243 δὲ
680 4191 831 4256 ἄξιον
855 4193 952 4247 τοῦ
984 4194 1132 4261 κάμὲ
1163 4193 1518 4265 πορεύεσθαι,
1560 4195 1661 4248 σὺν
1691 4195 1817 4265 ἐμοὶ

196 4275 611 4349 στας-εύσονται.
659 4280 985 4351 Ἐλεύσομαι
1015 4282 1072 4335 δὲ
1095 4283 1230 4353 πρὸς
1259 4285 1430 4352 ὑμᾶς,
1462 4286 1594 4338 ὅταν
1624 4285 1816 4338 Μακε-

191 4369 397 4426 {aviam
415 4371 635 4425 διέλθω.
660 4374 1001 4429 Μακεδονίαν
1030 4377 1142 4447 γὰρ
1171 4377 1477 4449 διέρχομαι.
1503 4379 1549 4431 Π
1556 4379 1651 4448 ρὸς
1671 4379 1817 4447 ὑμᾶς

194 4462 260 4517 δὲ
294 4464 477 4533 τυχὸν
513 4466 835 4535 καταμενῶ,
864 4466 899 4537 ἦ
928 4468 1024 4521 καὶ
1054 4471 1482 4539 παραχειμάσω,
1518 4471 1611 4523 ἵνα
1653 4472 1814 4541 ὑμεῖς

194 4557 308 4624 ἐμὲ
358 4557 757 4629 προπέμψητε,
803 4553 865 4613 οὗ
896 4562 992 4612 ἐὰν
1030 4561 1378 4632 πορεύωμαι.
1427 4562 1503 4617 Οὐ
1546 4562 1688 4617 θέλω
1708 4563 1819 4634 γὰρ

197 4648 364 4719 ὑμᾶς
393 4650 524 4719 ἄρτι
544 4652 606 4703 ὲν
632 4651 857 4722 παρόδῳ
890 4653 1040 4707 ίδεῖν.
1081 4673 1100 4705 ι

297 4741 590 4796 Ἐνταῦοα
613 4743 782 4797 πάλιν
809 4745 1094 4813 δαψίλειαν
1125 4746 1514 4818 συμϐουλεύει.

285 4852 305 4884 ι
374 4833 616 4899 Ἐλπίζω
645 4835 758 4906 γὰρ
792 4837 983 4907 χρόνον
1007 4838 1130 4893 τινὰ
1164 4840 1449 4908 ἐπιμεῖναι
1474 4841 1617 4911 πρὸς
1642 4842 1811 4913 ὑμᾶς,

204 4924 307 4979 Liv
350 4926 386 4979 ὁ
414 4926 553 4992 Θεὸς
593 4929 888 5003 ἐπιτρέπῃ.
942 4931 1221 5003 Ἐπιμενῶ
1261 4933 1318 4987 δὲ
1363 4935 1421 4987 ἐν
1469 4935 1686 5007 Ἐφέσῳ
1713 4936 1819 5001 ἓως

206 5021 314 5089 τῆς
352 5019 763 5091 Πεντηκοστῆς.
788 5022 940 5093 Θύρα
971 5024 1080 5096 γάρ
1113 5042 1203 5095 μοι
1242 5026 1454 5098 ἀνέῳγε
1486 5029 1699 5100 μεγάλη
1724 5031 1820 5083 καὶ

207 5111 481 5181 ἐνεργὴς,
508 5114 604 5168 καὶ
634 5115 1001 5187 ἀντικείμενοι
1032 5118 1244 5173 πολλοί.
1290 5119 1420 5174 Ἐὰν
1464 5120 1600 5196 ἔλθῃ
1649 5123 1820 5194 Τιμό-

210 5201 363 5268 Θεος,
390 5203 648 5274 βλέπετε,
693 5223 715 5257 ι

283 5405 485 5459 ταῦτα
524 5405 733 5475 ἔλεγεν,
769 5408 905 5479 ὁμοῦ
945 5409 1046 5481 μὲν
1089 5412 1190 5484 τὴν
1230 5415 1457 5485 ἀγάπην
1507 5417 1811 5472 ἐπιδεικνύ-

213 5512 407 5568 μενος,
436 5497 579 5569 ὁμοῦ
610 5498 668 5552 δὲ
696 5501 823 5565 τοὺς
849 5502 1273 5574 ἁμαρτάνοντας
1307 5508 1683 5581 σωφρονίζων.

287 5607 313 5641 ι
355 5589 478 5643 Ἵνα
508 5590 732 5659 ἀφόϐως
764 5593 992 5664 γένηται
1021 5597 1158 5669 πρὸς
1184 5599 1351 5669 ὑμᾶς.
1390 5620 1409 5651 ι

283 5683 609 5749 τουτέστιν,
630 5685 718 5738 ἵνα
748 5688 823 5757 μή
846 5705 931 5753 τις
957 5690 1124 5743 αὐτοῦ
1153 5693 1528 5765 κατεξαναστῇ
1554 5696 1661 5748 τῶν
1683 5714 1810 5750 κατ-

210 5778 589 5846 ιγνωσμένων
612 5778 702 5831 ἑκε
713 5777 857 5835 ἔνων.

1852 4533 1895 4588 Ι)

1915 3271 2097 3328 modo.

1992 3381 2013 3416 ι
2059 3362 2129 3418 Ut
2158 3378 2291 3428 non,
2317 3377 2443 3418 cum
2472 3376 2701 3427 venero,
2734 3361 2979 3415 collecta:
3020 3360 3171 3413 ﬁant.
3210 3357 3402 3430 (Vnus.
3432 3355 3514 3430 3.]

1916 3452 2056 3510 Cum
2091 3463 2274 3509 autem
2306 3467 2556 3523 presens
2586 3451 2766 3516 fuero,
2807 3470 2828 3503 ι

1991 3547 2357 3619 Ειεροοιοιίο
2408 3546 2618 3617 quippe
2659 3543 2819 3599 Pauli
2874 3540 3179 3598 alacriores
3255 3555 3356 3596 eos
3425 3540 3513 3593 fa-

1919 3644 2124 3701 ciebat.
3480 3698 3485 3703 Α

1995 3754 2016 3787 ‹
2053 3734 2210 3801 Quos
2257 3733 2632 3804 probaveritis
2667 3746 2766 3803 per
2822 3730 3118 3800 epistolas,
3162 3729 3267 3783 lios
3299 3726 3515 3782 mittam

1920 3826 2171 3896 perferre
2201 3825 2438 3894 gratiam
2472 3833 2714 3880 vestram
2756 3821 2812 3875 in
2844 3819 3182 3876 Jerusalem.
3224 3837 3244 3870 ι

1991 3915 2118 3971 Non
2141 3917 2241 3979 ait,
2273 3916 2445 3980 hunc,
2474 3915 2560 3970 vel
2610 3915 2788 3979 illum,
2828 3928 2899 3968 ne
2930 3928 3095 3982 quant
3136 3911 3516 3981 suspicionem

1916 4009 2186 4078 injiciat:
2223 4008 2366 4065 bene
2419 4022 2555 4064 vero
2609 4010 2847 4077 gratiam
2895 4005 3056 4071 dicit,
3106 4021 3218 4060 non
3272 4004 3516 4060 clcemo-

1919 4116 2137 4172 syuam.
2472 4150 2477 4157 .

1990 4191 2157 4259 Vens.
2184 4193 2307 4249 4-7.
2356 4210 2377 4244 ι
2407 4191 2566 4258 Quod
2612 4195 2662 4249 si
2705 4194 2955 4265 {dignum
3016 4192 3184 4248 fuerit
3231 4198 3291 4245 ut
3330 4199 3386 4245 et
3412 4205 3515 4259 ego

1916 4300 2065 4350 eam,
2128 4300 2343 4340 mecum
2402 4285 2581 4339 ibunt.
2618 4284 2847 4340 Veniam
2886 4293 3070 4339 autem
3120 4283 3188 4338 ad
3217 4299 3339 4347 vos,
3386 4297 3513 4339 cum

1916 4376 2298 4432 Macedoniam
2336 4380 2737 4447 pertransiero.
2777 4378 2913 4432 Nam
2963 4378 3343 4433 Macedoniam
3393 4390 3515 4446 per-

1922 4469 2197 4524 transibo.
2252 4470 2412 4539 Apud
2477 4486 2576 4528 vos
2617 4481 2805 4528 autem
2849 4472 3086 4526 forsitan
3119 4472 3380 4533 maneto,
3430 4469 3513 4523 vel

1924 4563 2094 4618 etiam
2146 4562 2428 4629 liiemabo,
2481 4573 2543 4620 ut
2596 4580 2696 4622 vos
2727 4581 2815 4620 me
2855 4564 3148 4620 deducatis
3177 4577 3515 4634 quocunque

1922 4655 2061 4713 iero.
2090 4654 2235 4711 Nolo
2267 4657 2418 4712 enim
2450 4673 2547 4714 vos
2574 4657 2739 4713 modo
2765 4660 2820 4712 in
2855 4658 3096 4712 transitu
3121 4657 3332 4710 videre.
3380 4673 3402 4705 ι

1992 4749 2097 4804 Hic
2121 4767 2344 4806 rursum
2376 4751 2639 4807 hortatur
2671 4767 2767 4808 eos
2789 4752 2855 4806 ad
2886 4752 3297 4806 liberalitatem.

2000 4860 2021 4894 σ
2063 4840 2237 4911 Spero
2275 4844 2424 4898 enim
2474 4861 2564 4901 me
2598 4846 3012 4917 aliquantulum
3078 4844 3347 4913 temporis
3395 4857 3514 4895 ma-

1920 4950 2056 4991 nere
2109 4936 2256 5005 apud
2291 4951 2411 5001 vos,
2446 4937 2493 4991 si
2527 4937 2670 4994 Deus
2708 4939 3047 5008 permiserit.
3090 4936 3287 5009 [Vuas.
3323 4930 3513 5006 840.]

1921 5025 2267 5084 Permanebo
2290 5037 2475 5085 autem
2511 5029 2720 5100 Ephesi
2771 5047 2949 5101 usque
2997 5030 3066 5084 ad
3118 5030 3514 5084 l’cutecosten.

1921 5117 2134 5175 Ostium
2165 5121 2312 5175 enim
2368 5122 2505 5175 mihi
2575 5133 2830 5191 apertum
2855 5131 2941 5178 est
2975 5136 3261 5191 magnum,
3293 5127 3349 5174 et
3403 5115 3517 5171 em.

1922 5228 2046 5276 cax,
2082 5224 2139 5268 et
2166 5213 2475 5270 adversarii
2516 5217 2699 5271 multi.
2737 5216 2796 5271 Si
2848 5226 3032 5271 autem
3075 5213 3293 5270 venerit
3330 5211 3511 5266 Timo-

1925 5304 2107 5370 theus,
2133 5305 2334 5362 videte.
2376 5326 2396 5360 ›

1995 5418 2124 5475 Haec
2148 5419 2361 5485 dicens,
2400 5428 2515 5474 tum
2555 5428 2949 5491 praemonstrat
3011 5421 3368 5484 cliaritatem,
3392 5426 3512 5473 tum

1919 5510 2085 5567 etiam
2116 5510 2422 5582 flagitiosos
2450 5513 2517 5568 ad
2548 5514 2844 5570 sanitatem
2865 5524 3108 5571 revocat.

1995 5624 2016 5657 ι
2050 5604 2122 5661 Ut
2146 5607 2265 5661 sine
2290 5606 2491 5663 timore
2515 5608 2586 5664 sit
2615 5608 2761 5680 apud
2789 5623 2910 5665 vos.
2948 5629 2969 5661 ο

1992 5698 2045 5753 Id
2073 5708 2179 5761 est,
2206 5716 2272 5756 ne
2313 5701 2440 5771 quis
2464 5702 2844 5773 improborum
2885 5703 3105 5761 illorum
3155 5714 3346 5760 contra
3378 5717 3508 5758 cum

1920 5790 2193 5859 insurgat.
