3970 6386
1059 108 1091 116 ..-

557 298 664 363 703

634 510 790 581 122
834 507 1011 578 llujus
1069 506 1393 563 ﬁdelitatem
1447 506 1817 563 commendat
1875 521 1910 560 a
1974 503 2149 560 mini-

559 613 799 743 .thts.
839 687 922 740 ll.
983 704 1002 737 ι
1066 686 1142 744 Ne
1208 689 1335 760 quis
1367 687 1529 743 illum
1577 694 1849 758 spernat:
1886 685 2147 743 deducite

557 780 933 849 autem‘illum
968 781 1021 835 in
1057 796 1215 851 pace.
1247 788 1307 837 ut
1347 781 1531 837 veniat
1551 781 1619 835 ad
1661 795 1765 835 me.
1803 799 1822 833 ι

628 870 783 954 Quia
835 886 1032 943 nempe
1075 873 1271 943 junior
1298 888 1426 930 cum
1454 881 1626 938 esset,
1687 878 1896 928 tantam
1928 871 2143 943 plebem

558 963 956 1019 moderandam
983 973 1338 1037 susceperat.
1826 964 1833 969 ’

634 1073 653 1106 ε
689 1053 971 1125 Exspecto
996 1056 1145 1110 enim
1181 1055 1336 1111 illum
1357 1071 1483 1112 cum
1507 1055 1802 1112 fratribus.
1829 1055 2022 1129 [νεεδ.
2053 1055 2141 1121 12,

559 1145 675 1221 13.]
710 1145 789 1203 De
811 1147 1010 1218 Apollo
1038 1156 1225 1204 autem
1250 1147 1442 1217 fratre,
1475 1149 1710 1204 multum
1750 1150 1939 1221 rogavi
1978 1163 2141 1214 eum,

472 1314 478 1319 _
555 1249 616 1295 ut
654 1240 867 1297 veniret
921 1251 1050 1298 cum
1116 1242 1387 1299 fratribus
1428 1250 1528 1297 :et
1562 1243 1757 1315 utique
1780 1257 1890 1298 non
1924 1241 2029 1297 fuit
2048 1256 2144 1298 voc

555 1333 763 1400 luntas,
804 1343 867 1388 ut
919 1349 1070 1390 nunc
1135 1334 1374 1391 veniret.
1441 1332 1641 1392 Veniet
1690 1344 1895 1402 autem,
1931 1347 2059 1390 cum
2088 1334 2143 1391 ei

553 1440 790 1481 vacuum
832 1425 1022 1482 fuerit.
1061 1424 1318 1497 Vigilate.
1345 1446 1367 1479 ι

624 1518 739 1574 Hoc
757 1533 982 1589 quoque
1012 1519 1323 1575 territantis
1352 1526 1495 1584 erat,
1531 1526 1594 1574 ut
1630 1518 1903 1590 aequiores
1934 1516 2134 1585 forent,

552 1624 679 1666 cum
716 1608 900 1679 ipsum
923 1608 1214 1666 Timotheo
1230 1618 1584 1666 narraturum
1607 1625 1731 1682 qua
1751 1624 1952 1682 passus
1968 1620 2135 1677 esset,

550 1698 945 1771 intelligerent.
981 1698 1209 1754 Multam
1241 1706 1425 1756 autem
1460 1715 1593 1773 erga
1624 1700 1750 1757 illos
1777 1699 2134 1756 dilectionem

1750 293 1811 352 S.
1848 291 2170 353 JOANNIS
2205 288 2639 352 DAMASCENI
3453 351 3484 367 .,
3553 360 3561 366 ,
3711 350 3730 365 ,.

633 439 652 471 ε
680 417 829 486 Opus
862 416 1007 472 enim
1066 414 1283 472 Domini
1343 421 1631 485 operatur,
1668 417 1818 471 sicut
1848 423 1903 470 et
1932 429 2060 486 ego.
2110 432 2121 466 l

2323 433 2342 465 ε
2383 411 2494 467 Kal
2521 414 2633 484 γὰρ
2673 412 2836 484 ἔργον
2865 409 3101 482 ιΚυρίου
3135 408 3459 480 ἐργάζεται,
3492 404 3568 471 ὥς
3599 403 3775 475 κάγώ.
3812 423 3831 456 ι

3743 278 3837 348 7M

2341 504 2474 558 Ἀπὸ
2500 504 2600 576 τῆς
2623 501 2902 567 διακονίας
2924 498 3239 567 ἀξιόπιστον
3275 499 3441 553 αὐτὸν
3471 497 3733 577 δείκνυσι.

2330 707 2350 740 ι
2386 689 2581 758 Μῆτις
2607 686 2702 740 οὖν
2747 685 2915 742 αὐτὸν
2962 685 3295 759 ἐξουθενήσῃ
3339 702 3352 714 ο
3396 666 3836 756 προπέμψατεδέ

2255 779 2415 835 αὐτὸν
2445 779 2503 832 ἐν
2526 779 2740 850 εἰρήνῃ,
2772 777 2861 832 ἵνα
2889 776 3017 849 ἔλθῃ
3047 777 3183 849 πρὸς
3221 778 3345 848 ἐμέ.
3387 796 3407 829 ι

2337 868 2555 940 Ἐπειδὴ
2581 869 2678 924 καὶ
2705 868 2825 932 νέος
2853 863 2943 941 ἦν,
2974 868 3068 923 καὶ
3100 868 3259 940 μόνος
3282 867 3627 941 ἐνεχειρίσθη
3650 866 3836 923 τοσού-

2251 980 2346 1016 του
2374 961 2507 1014 λαοῦ
2545 961 2629 1015 διό
2638 960 2861 1032 ρθωσιν.

2329 1074 2348 1107 ι
2396 1053 2717 1125 Ἐκδέχομαι
2752 1051 2861 1124 γάρ
2889 1053 3053 1108 αὐτὸν
3090 1052 3230 1125 μετά
3264 1052 3376 1106 τῶν
3399 1051 3666 1121 ἀδελφῶν.
3698 1050 3833 1122 Περὶ
3868 1110 3877 1127 Α

2250 1148 2309 1202 δὲ
2355 1146 2601 1202 ’Δπολλῶ
2637 1145 2735 1200 τοῦ
2764 1146 3019 1217 ἀδελφοῦ,
3068 1146 3243 1200 πολλά
3285 1144 3641 1217 παρεκάλεσα
3669 1144 3831 1197 αὐτὸν

2253 1240 2342 1295 ἵνα
2370 1238 2499 1310 ἔλθῃ
2527 1236 2666 1309 πρὸς
2701 1237 2845 1309 ὑμᾶς
2883 1237 3024 1308 μετά
3051 1237 3161 1291 τῶν
3191 1235 3460 1305 ἀδελφῶν,
3491 1234 3586 1289 καὶ
3613 1234 3829 1299 πάντως

2248 1333 2348 1386 οὐκ
2368 1326 2438 1404 ἦν
2458 1331 2673 1404 θέλημα
2698 1331 2785 1386 ἵνα
2814 1330 2912 1386 νῦν
2934 1329 3086 1404 ἐλθῃ.
3130 1329 3444 1386 Ἐλεύσεται
3482 1330 3540 1383 δέ
3570 1329 3701 1384 ὅταν
3737 1329 3829 1382 εὐ-

2249 1424 2512 1497 καιρήσῃ.
2538 1423 2896 1496 Γρηγορεῖτε,
2937 1439 2957 1474 ι

2323 1514 2438 1569 Kal
2492 1514 2653 1569 τοῦτο
2698 1513 2995 1585 φοδοῦντος
3040 1509 3132 1585 ἦν,
3182 1513 3271 1567 ἵνα
3320 1512 3541 1581 εἰδότεςἒ
3590 1512 3679 1571 ὅτι
3709 1512 3833 1589 ἐρεῖ

2246 1607 2384 1679 πρὸς
2413 1606 2578 1660 αὐτὸν
2618 1606 2764 1677 άπερ
2798 1607 2865 1661 ἀν
2895 1604 3067 1677 πάθῃ,
3104 1605 3502 1679 ἐπιεικέστεροι
3545 1608 3827 1675 γένωνται.

2245 1699 2359 1756 Kal
2379 1699 2605 1771 ἀγάπην
2629 1698 2689 1752 δέ
2725 1700 2806 1763 είς
2838 1697 3085 1763 ἐκείνους
3115 1698 3456 1755 ἐνδείκνυται
3488 1700 3712 1772 πολλὴν,
3747 1701 3828 1753 δτι

537 1786 788 1863 'praefert,
826 1805 952 1846 cum
982 1789 1162 1846 virum
1201 1788 1352 1845 hunc
1398 1791 1672 1862 optimum
1723 1796 1948 1862 propter
1980 1790 2121 1862 ipsos

2255 1792 2333 1848 τὸν
2359 1791 2504 1848 οὕτω
2537 1793 2832 1865 χρήσιμον,
2865 1776 2951 1845 διθ
2966 1790 3194 1855 ἑαυτοὺς
3229 1791 3499 1861 ἐπεμψεν.

546 1881 812 1938 mitteret.

620 1992 640 2024 ε
683 1966 836 2030 State
871 1973 925 2029 in
957 1972 1068 2029 fide
1093 1990 1108 2041 ;
1133 1974 1376 2031 viriliter
1400 1974 1567 2047 agite,
1599 1982 1655 2032 ct
1678 1973 2133 2032 conforlamini.»

615 2060 735 2119 Non
777 2064 831 2118 in
852 2064 1125 2134 sapientia
1157 2074 1446 2121 extranea.

611 2149 781 2208 Vens.
812 2152 897 2216 14,
931 2151 1018 2206 15.
1051 2169 1069 2202 ι
1108 2149 1311 2207 Omnia
1349 2160 1535 2209 vestra
1570 2155 1626 2207 in
1651 2153 1928 2209 cliaritate
1973 2154 2130 2209 flant.

540 2243 784 2301 Obsecro
807 2252 990 2300 autem
1025 2260 1143 2310 vos,
1187 2243 1392 2300 fratres
1416 2286 1430 2312 ,
1473 2246 1654 2302 nostis
1708 2245 2004 2318 Stephana:
2031 2247 2132 2303 do-

537 2349 688 2391 mum
707 2342 762 2391 et
789 2332 1082 2390 Fortunati
1110 2353 1126 2402 ;
1154 2335 1423 2405 quoniam
1446 2345 1530 2392 est
1564 2355 1583 2389 ι

607 2426 849 2498 quuod
880 2425 1071 2481 omnia
1113 2426 1351 2482 crimina
1389 2425 1460 2482 de
1490 2426 1694 2498 quibus
1735 2426 1948 2483 dictum
2016 2437 2128 2493 est,

536 2516 739 2587 inquit,
757 2529 824 2571 ex
848 2514 1159 2571 omissione
1186 2514 1476 2571 charitatis
1504 2515 1848 2571 acciderunt.

610 2625 632 2659 ε
670 2604 937 2661 Primitiae
967 2604 1210 2674 Achaiae,
1247 2614 1303 2662 et
1322 2606 1376 2660 in
1402 2606 1779 2663 ministerium
1804 2617 2126 2664 sanctorum

531 2694 935 2753 ordinaverunt
982 2695 1225 2765 seipsos,
1283 2692 1478 2768 [Vnam
1521 2694 1611 2769 16]
1645 2704 1707 2753 ιιι
1758 2703 1817 2753 et
1866 2711 1966 2754 vos
2001 2698 2130 2754 sub-

533 2788 635 2843 diti
666 2787 793 2843 sitis
842 2786 1225 2858 ejusmodi,et
1277 2787 1430 2844 omni
1482 2789 1816 2859 cooperauti
1865 2798 1923 2847 et
1977 2791 2129 2847 labo-

532 2880 703 2934 ranti.
736 2898 756 2933 ι
778 2942 803 2950 _

601 2968 767 3026 Initio
786 2987 1010 3043 quoque
1047 2972 1298 3044 epistolae
1351 2973 1679 3030 eorumdem
1720 2976 1996 3043 meminit,
2031 2976 2116 3033 di—

530 3077 713 3119 cens:
750 3062 1037 3133 Baptizavi
1073 3072 1252 3128 autem
1284 3073 1337 3120 et
1368 3063 1655 3135 Stephana:
1684 3065 1925 3123 domum.
1963 3061 2123 3125 Nunc

531 3170 662 3211 vero
691 3129 968 3227 primitias
1016 3172 1141 3216 eum
1185 3166 1372 3226 vocat,
1425 3129 1539 3215 non
1583 3158 1767 3215 solum
1832 3160 2117 3228 Corinthi,
2147 3129 2191 3187 c

526 3259 722 3301 verum
746 3253 801 3302 et
832 3244 1062 3304 Graeciaa
1119 3249 1314 3306 totius.
1367 3249 1541 3321 Atqui
1576 3249 1723 3307 haud
1766 3251 1967 3324 exigua
1999 3251 2119 3310 laus

526 3344 614 3395 est
642 3337 885 3409 primum
916 3338 1167 3396 omnium
1199 3340 1268 3396 ad
1296 3340 1591 3399 Christum
1615 3345 1945 3401 accessisse.
1978 3343 2120 3412 Quo-

524 3429 676 3486 circa
706 3430 762 3486 in
801 3429 1056 3502 Epistola
1091 3432 1261 3489 etiam
1320 3432 1390 3489 ad
1420 3431 1708 3490 Romanos
1737 3435 2008 3506 quosdam
2050 3450 2118 3494 eo

524 3525 749 3579 nomine
782 3522 1070 3590 laudabat,
1111 3523 1267 3596 quod
1318 3532 1452 3581 ante
1483 3538 1546 3581 se
1596 3524 1837 3581 fuissent
1869 3525 1924 3581 in
1952 3526 2118 3582 Chri-

524 3622 616 3669 sto
642 3614 682 3668 ³.
699 3611 812 3669 Nec
840 3615 1006 3680 dixit,
1038 3616 1172 3687 quia
1209 3614 1368 3687 prius
1423 3616 1808 3682 crediderunt,
1835 3617 1955 3684 sed,
1984 3618 2117 3689 quia

524 3704 780 3772 primitiis
811 3704 1037 3760 fuerunt
1062 3723 1078 3773 ;
1104 3716 1166 3761 ut
1191 3706 1533 3778 signiﬁcaret
1545 3720 1642 3763 eos
1658 3706 1825 3762 simul
1855 3723 1984 3764 cum
2011 3707 2118 3764 ﬁde

526 3794 789 3866 optimam
822 3796 994 3850 vitam
1028 3797 1367 3866 praetulisse.
1908 3779 1954 3788 ”
2077 3786 2086 3791 ’

600 3883 764 3942 Vens.
821 3886 913 3951 l7,
968 3886 1054 3943 18.
1104 3907 1124 3942 ι
1167 3888 1394 3946 Gaudeo
1455 3899 1640 3946 autem
1698 3891 1757 3945 in
1822 3892 2116 3962 prasentia

525 3976 820 4049 Stephanae
838 3986 894 4035 et
930 3978 1218 4035 Fortunati
1249 3988 1305 4037 et
1332 3980 1583 4047 Achaici,
1608 3982 1877 4052 quoniam
1897 3981 1951 4037 id
1965 3982 2115 4055 quod

524 4070 683 4128 vobis
722 4072 936 4139 deerat,
976 4073 1088 4146 ipsi
1112 4075 1546 4146 suppleverunt.
1595 4072 1932 4131 Refeaerunt
1960 4075 2112 4131 enim

520 4163 787 4236 spiritum
845 4180 1033 4223 meum
1066 4174 1123 4223 et
1169 4174 1444 4224 vestrum.
1475 4166 1809 4239 Cognoscite
1850 4181 1984 4239 ergo
2017 4166 2112 4240 qui

520 4256 794 4328 ejusmodi
825 4266 977 4315 sunt.
1017 4278 1038 4312 ι

594 4348 736 4416 Quia
761 4351 1069 4408 verisimile
1093 4361 1217 4408 erat
1242 4352 1368 4410 illos
1396 4368 1528 4426 erga
1561 4354 1698 4410 istos
1750 4361 2112 4424 exasperatos

2309 1996 2329 2028 ε
2354 1976 2595 2047 Στήκετε
2622 1975 2681 2028 ἐν
2698 1962 2766 2044 τῇ
2787 1973 2990 2038 πίστει,
3020 1971 3366 2045 ἀνδρίζεσθε,
3383 1972 3772 2042 κραταιοῦσθε.
3798 1992 3819 2026 ι

2311 2068 2425 2124 Οὐκ
2455 2069 2511 2121 ἐν
2538 2070 2607 2140 τῇ
2644 2067 2812 2138 σοφίᾳ
2838 2068 2905 2138 τῇ
2937 2065 3162 2133 ἔξωθεν.

2316 2180 2334 2213 ι
2370 2159 2556 2215 Πάντα
2607 2158 2763 2233 ὑμῶν
2796 2160 2856 2213 ἐν
2906 2158 3098 2231 ἀγάπῃ
3123 2157 3385 2227 γινέσθω.
3416 2157 3734 2230 Παρακαλῶ
3764 2157 3825 2212 δέ

2236 2252 2401 2322 ὑμᾶς,
2429 2250 2674 2321 ἀδελφοὶ,
2700 2249 2881 2305 οῐδατε
2912 2250 3014 2320 τὴν
3043 2249 3223 2303 οίκίαν
3246 2249 3499 2318 Στεφανᾶ
3526 2249 3621 2303 καὶ
3653 2249 3829 2319 teop-

2231 2347 2512 2412 τουνάτου,
2545 2346 2629 2400 ὅτι
2662 2344 2813 2398 ἐστὶν
2848 2363 2868 2395 υ

2316 2434 2534 2504 Ἐπειδὴ
2554 2433 2650 2487 xal
2671 2432 2740 2487 τὰ
2762 2435 2888 2504 είρη
2898 2431 3037 2503 μένα
3061 2430 3263 2497 πάντα,
3287 2433 3473 2503 φησιν,
3498 2431 3669 2503 ἐγκλή
3678 2447 3827 2502 ματα.

2226 2527 2294 2585 ἐκ
2324 2526 2420 2581 τοῦ
2449 2525 2656 2598 ταύτην
2682 2522 2990 2596 ἠμελῆσθαι
3024 2523 3328 2596 περίεστιν.
3464 2582 3483 2597 ο

2308 2638 2327 2671 ι
2375 2618 2628 2688 Ἀπαρχὴ
2663 2617 2765 2687 τῆς
2808 2616 3057 2686 Ἀχαΐας,
3095 2617 3190 2670 καὶ
3243 2617 3323 2679 είς
3368 2616 3649 2670 διακονίαν
3695 2618 3811 2679 τοῖς

2229 2709 2409 2778 άγίοις
2438 2707 2637 2773 ἔταξαν
2668 2708 2918 2774 ἑαυτοὺς,
2951 2708 3039 2761 ἵνα
3084 2708 3179 2762 καὶ
3221 2708 3382 2779 ὑμεῖς
3431 2708 3820 2780 ὑποτάσσησθε

2224 2803 2339 2865 τοῖς
2367 2801 2652 2864 τοιούτοις,
2685 2799 2784 2854 καὶ⁴
2833 2798 3001 2852 παντὶ
3050 2797 3130 2870 τῷ
3185 2799 3541 2871 συνεργοῦντι
3592 2800 3691 2854 καὶ
3716 2817 3818 2855 κοο

2226 2889 2442 2945 πιῶντι.
2483 2909 2502 2941 ι

2296 2983 2412 3036 Kal
2466 2981 2775 3054 ἀρχόμενος
2823 2978 3017 3035 τούτου
3086 2979 3364 3050 μέμνηται
3414 2978 3611 3047 λέγων,
3659 2978 3827 3035 Ἐ’σά-

2225 3088 2413 3128 πτισα
2433 3071 2503 3127 δὲ
2537 3071 2637 3127 και
2677 3072 2787 3126 τὸν
2813 3069 3091 3141 Στεφανᾶ
3118 3066 3290 3125 οἷκον
3310 3084 3326 3100 ’
3359 3069 3456 3124 καὶ
3492 3067 3589 3123 νῦν
3628 3070 3821 3143 ἀπαρ-

2222 3169 2328 3240 χὴν
2360 3167 2544 3231 αὐτὸν,
2577 3165 2701 3238 οὐχὶ
2747 3164 2848 3235 τῆς
2879 3162 3150 3235 Κορίνθου
3181 3162 3366 3234 μόνον,
3400 3160 3544 3217 ἀλλὰ
3567 3160 3663 3217 καὶ
3686 3161 3827 3229 ὅλης

2222 3259 2320 3331 τῆς
2355 3257 2610 3322 Ἑλλάδος
2657 3256 2846 3328 φησίν.
2884 3256 2961 3309 Od
2996 3253 3194 3327 μικρὸν
3231 3253 3292 3308 δέ
3324 3254 3424 3308 καὶ
3451 3252 3615 3308 τοῦτο
3638 3253 3826 3323 ἐγκώ-

2225 3366 2368 3424 μιον,
2397 3352 2460 3405 τὸ
2488 3349 2707 3423 πρῶτον
2749 3346 2830 3418 τῷ
2861 3345 3087 3417 Χριστῷ
3128 3344 3476 3418 προσελθεῖν.
3511 3344 3605 3399 Διὸ
3633 3344 3730 3400 καὶ
3758 3346 3825 3399 ἐν

2219 3445 2286 3514 τῇ
2317 3442 2454 3513 πρὸς
2492 3440 2801 3512 Ῥωμαίους
2835 3436 3126 3509 Ἐπιστολῇ
3162 3435 3416 3491 ἐντεῦθεν
3452 3436 3829 3506 ἐγκωμιάζων

2218 3532 2374 3598 τινάς
2402 3532 2589 3601 ἐλεγεν
2608 3547 2623 3563 ·
2644 3531 2710 3585 Ol
2733 3529 2828 3584 καὶ
2853 3527 2962 3599 πρὸ
2989 3527 3124 3599 ἐμοῦ
3154 3527 3448 3597 γεγόνασιν
3473 3528 3533 3581 ἐν
3564 3528 3822 3599 Χριστῷ.

2218 3623 2332 3678 Kal
2349 3622 2449 3676 οὐκ
2471 3617 2627 3674 εἶπεν
2643 3636 2657 3650 ’
2682 3621 2765 3675 ὅτι
2783 3617 3001 3691 πρῶτον
3019 3617 3374 3681 ἐπίστευσαν,
3407 3616 3548 3671 ἀλλά
3565 3617 3825 3688 ἀπαρχὴ

2218 3714 2488 3783 ἐγένοντο,
2541 3711 2758 3775 δεικνὺς
2810 3711 2894 3765 ὅτι
2937 3708 3076 3781 μετά
3127 3710 3227 3781 τῆς
3269 3704 3504 3772 πίστεως
3550 3710 3647 3763 καὶ
3699 3708 3826 3780 βίον

2218 3806 2441 3879 ἄριστον
2464 3804 2835 3869 ἐπεδείξαντο.

2295 3915 2315 3950 ι
2354 3896 2547 3967 Χαίρω
2574 3896 2633 3951 δέ
2663 3897 2760 3951 ἐπὶ
2805 3898 2873 3968 τῇ
2919 3895 3196 3967 παρουσία
3221 3894 3474 3964 Στεφανᾶ
3516 3893 3611 3948 καὶ
3640 3893 3828 3964 Φουρ-

2215 3989 2475 4045 τουνάτου
2505 3989 2602 4045 καὶ
2643 3987 2927 4061 Ἀχαϊκοῦ,
2965 3988 3049 4041 ὅτι
3072 3984 3137 4040 τὸ
3163 3984 3320 4057 ὑμῶν
3346 3985 3633 4059 ὑστέρημα
3661 3978 3827 4039 οὗτοι

2214 4081 2637 4155 ἀνεπλήρωσαν.
2687 4080 3031 4135 Ἀνέπαυσαν
3064 4076 3174 4150 γὰρ
3195 4077 3258 4131 τὸ
3283 4076 3420 4149 ἐμδν
3440 4075 3683 4146 πνεῦμα,
3716 4077 3829 4130 καὶ

2213 4174 2279 4230 τὸ
2304 4173 2481 4247 ὑμῶν.
2524 4171 2950 4243 Ἐπιγινώσκετε
2984 4165 3081 4226 οῦν
3102 4169 3232 4233 τοὺς
3257 4169 3559 4232 τοιούτους.
3604 4186 3625 4221 ι

2299 4353 2520 4426 Ἐπειδὴ
2534 4352 2684 4418 sua;
2701 4348 2771 4426 ἦν
2787 4353 2988 4415 αὐτοὺς
3009 4350 3385 4424 ἐξηγριῶσθαι
3405 4349 3544 4421 πρὸς
3559 4348 3819 4411 τούτους·

519 4456 682 4498 esse:
715 4443 773 4497 hi
822 4443 970 4498 enim
1001 4452 1159 4499 erant
1194 4445 1291 4515 qui
1318 4443 1499 4515 ipsum
1533 4452 1937 4511 convenerant,
1971 4460 2112 4500 nun-

2255 4448 2371 4504 ὐτοὶ
2393 4448 2503 4518 γὰρ
2524 4442 2667 4519 ἦσαν
2698 4449 2752 4501 οἱ
2782 4446 3033 4510 ἐλθόντες
3063 4444 3161 4501 καὶ
3186 4443 3534 4515 δηλώσαντες
3557 4440 3714 4511 αὐτῷ
3745 4440 3828 4493 τὰ

520 4533 914 4606 tiaverantque
967 4534 1266 4592 dissidium
1317 4552 1483 4594 omne
1516 4549 1531 4587 :
1564 4550 1687 4592 eam
1741 4537 1813 4592 ob
1857 4552 1975 4595 rem
2011 4538 2108 4604 ait,

519 4622 816 4692 refecerunt
842 4625 1095 4695 spiritum
1117 4643 1315 4683 meum.
1347 4625 1550 4693 Meum,
1588 4627 1794 4699 inquit,
1825 4640 1888 4684 ut
1919 4637 2110 4686 osten-

2213 4537 2360 4594 κατὰ
2378 4539 2481 4608 τὴν
2510 4536 2720 4591 στάσιν.
2754 4535 2962 4591 Τούτου
3002 4535 3167 4607 χάριν
3201 4534 3388 4606 φησὶν,
3445 4530 3829 4587 ἀνέπαυσαν

2209 4628 2281 4684 τὸ
2303 4629 2454 4700 ἐμὸν
2479 4627 2741 4697 πνεῦμα,
2768 4627 2883 4681 Kal
2930 4627 3013 4694 τὸ,
3043 4624 3236 4697 ὑμῶν,
3265 4623 3485 4687 δεικνὺς
3517 4622 3638 4676 ἀντὶ
3667 4622 3826 4676 πάν-

518 4714 613 4770 dat
653 4715 776 4774 illos
824 4716 948 4773 vice
996 4718 1245 4773 omnium
1274 4718 1518 4783 venisse,
1547 4726 1603 4774 et
1635 4734 1736 4787 pro
1776 4721 1859 4778 eis
1903 4727 2109 4777 tantam

2255 4738 2318 4776 ην
2360 4720 2617 4785 ἐλθόντας
2655 4719 2752 4773 xa‘t
2797 4718 3089 4790 ἑλομένους
3143 4714 3459 4787 ἀποδημίαν
3485 4713 3827 4768 στέλλεσθαι

518 4806 767 4863 voluisse
803 4810 1309 4880 peregrinationem
1344 4812 1647 4882 suscipere.

591 4894 755 4955 Vens.
816 4900 905 4968 l9,
967 4901 1057 4956 20.
1110 4922 1130 4955 ι
1199 4901 1456 4960 Salutant
1493 4921 1594 4962 vos
1648 4906 1901 4963 ecclesiae
1933 4908 2098 4962 Asim.

523 4985 780 5045 Salutant
809 5006 905 5046 vos
933 4991 988 5047 in
1021 4992 1253 5050 Domino
1292 4996 1530 5065 Aquilas
1552 5009 1607 5054 et
1653 4997 1935 5062 Priscilla,
1970 5015 2097 5054 cum

517 5077 824 5136 domestica
848 5095 949 5137 sua
982 5081 1252 5141 Ecclesia.
1314 5084 1570 5144 Salutant
1602 5104 1699 5146 vos
1745 5105 1941 5146 omnes
1987 5089 2102 5144 l‘ra-

519 5179 661 5227 "‘68.

584 5279 831 5340 Membra
866 5284 1076 5357 colligit
1106 5295 1161 5342 ct
1188 5289 1537 5360 conglutinat
1568 5294 1920 5352 salutatione.

590 5499 610 5533 ε
659 5480 903 5539 Salutate
937 5485 1174 5545 invicem
1213 5490 1266 5545 in
1297 5492 1493 5549 osculo
1523 5503 1734 5553 sancto.
1778 5515 1797 5549 ι

582 5588 643 5647 In
675 5592 775 5649 hac
803 5592 1075 5655 duntaxat
1117 5601 1352 5675 epistola
1391 5614 1647 5664 sanctum
1701 5610 1955 5668 osculum
1990 5628 2094 5684 po-

587 5701 610 5737 ³
642 5702 801 5761 Rom.
833 5724 944 5775 xvi,
985 5711 1035 5765 7.

2208 4814 2483 4885 τοσαύτην
2514 4813 2618 4866 ύπέ
2625 4830 2658 4885 ρ
2695 4811 2898 4866 αὐτῶν.

2212 4958 2219 4963 .
2285 4925 2306 4959 ι
2357 4904 2721 4968 Ἀσπάζονται
2773 4904 2917 4975 ὑμᾶς
2964 4905 3020 4957 αἱ
3074 4902 3397 4974 Ἐκκλησίαι
3441 4903 3541 4973 τῆς
3593 4898 3822 4961 Ἄσίας.

2211 4995 2579 5062 Ἀσπάζονται
2601 4995 2748 5066 ὑμᾶς
2775 4996 2834 5048 ἐν
2861 4994 3057 5066 Κυρίῳ
3085 4994 3324 5059 Ἀκύλας
3356 4995 3450 5049 καὶ
3476 4989 3821 5063 Πρίσκιλλα,

2209 5090 2309 5142 σὺν
2362 5091 2430 5159 τῇ
2487 5086 2611 5141 κατ’
2643 5081 2794 5141 οἷκον
2830 5085 3011 5141 αὐτῶν
3063 5085 3385 5158 Ἐκκλησία.
3433 5082 3825 5146 Ἀσπάζονται

2209 5182 2356 5254 ὑμᾶς
2378 5180 2429 5233 οἱ
2455 5178 2677 5249 ἀδελφοὶ
2710 5179 2933 5243 πάντες.
2977 5197 2995 5231 ι

2281 5293 2634 5362 Ἐπισυνάγει
2665 5291 2760 5349 καὶ
2790 5290 3069 5364 συγκολλᾷ
3093 5291 3164 5347 τὰ
3194 5292 3333 5364 μέλη
3367 5291 3459 5347 διά
3483 5292 3579 5345 τοῦ
3609 5294 3818 5348 ἀσπα-

2211 5402 2374 5457 σμου.

2283 5518 2305 5553 ι
2336 5497 2685 5555 ’Δσπάσασθε
2710 5497 2978 5572 ἀλλήλους
2997 5502 3060 5556 ἐν
3083 5499 3352 5572 φιλήματι
3386 5501 3547 5572 ἁγίῳ.
3587 5520 3605 5552 ι

2277 5614 2497 5686 Ταύτην
2528 5613 2626 5689 τὴν
2677 5614 2800 5691 τοῦ⁵
2823 5613 2982 5685 άγίου
3019 5614 3323 5687 ἀσπασμοῦ
3365 5615 3600 5672 ἐνταῦθα
3633 5612 3821 5688 μόνον
