3970 6446
261 477 377 542 705

1334 419 1336 424 ι
1413 468 1489 526 ΙΝ
1535 468 1775 525 EPlS'l‘.
1807 469 1904 526 AD
1943 468 2302 526 CORINTH.
2339 469 2420 525 Il.

3438 469 3542 532 706

260 590 454 660 τίθησι
489 584 826 658 προσθήκην,
867 578 1056 648 ἐπειδὴ
1105 576 1314 648 σφόδρα
1365 575 1726 644 διεστήκεσαν
1756 576 1854 642 ἀφ’

1982 576 2072 630 .uit
2103 592 2114 626 :
2140 575 2270 644 quia
2297 575 2454 629 valde
2497 575 2840 633 dissidebant
2901 581 2970 633 ab
3009 579 3268 643 invicem,
3323 579 3541 634 dicente

261 678 507 744 ἑαυτῶν,
565 675 645 746 τῷ
681 675 894 744 λέγειν,
939 669 1080 739 Ἐγὼ
1112 667 1210 740 μέν
1265 669 1379 735 εἰμι
1430 665 1602 732 τοῦδε,
1655 665 1765 734 ἐγὼ
1796 665 1851 718 δὲ

258 769 448 824 τοῦδε.

344 881 366 915 ε
414 861 478 915 ’0
504 857 796 928 ἀσπασμὸς
823 859 891 926 τῇ
912 856 1019 925 ἐμῇ
1049 852 1194 925 χειρὶ
1227 852 1462 906 Παύλου.
1508 870 1526 902 ι

337 955 597 1009 Δείκνυσι
625 949 763 1022 μετὰ
789 949 986 1019 πολλῆς
1017 946 1256 1016 σπουδῆς
1280 946 1377 1016 τὴν
1407 945 1700 1016 ἐπιστολὴν
1731 962 1854 997 συν-

258 1042 568 1098 τεθεῖσθαι.

343 1152 365 1184 ε
400 1133 470 1187 Εἴ
493 1149 576 1195 τις
599 1129 658 1184 οὺ
682 1129 827 1200 φιλεῖ
855 1126 945 1181 τὸν
970 1125 1177 1197 Κύριον
1209 1125 1420 1195 Ἰησοῦν
1448 1125 1704 1197 Χριστὸν,
1739 1125 1852 1194 ἤτω

262 1222 544 1292 ἀνάθεμα.
591 1241 609 1272 ι

337 1313 423 1366 Δι’
466 1303 584 1375 ὲνδς
625 1311 820 1364 τούτου
865 1309 1108 1380 ῥήματος
1153 1307 1363 1370 πάντας
1400 1304 1688 1374 ἐφόϐησεν,
1721 1303 1847 1366 τοὺς

261 1401 335 1453 τὰ
364 1400 504 1470 μέλη
544 1398 756 1454 ἑαυτῶν
789 1397 1084 1461 ποιοῦντας
1108 1397 1242 1468 μέλη
1275 1396 1502 1467 πόρνης,
1527 1397 1654 1458 τοὺς
1689 1411 1853 1448 σκαν-

261 1489 588 1554 δαλίζοντας
615 1488 743 1551 τοὺς
770 1489 1036 1557 ἀδελφοὺς
1059 1487 1148 1540 διὰ
1176 1487 1286 1541 τῶν
1311 1484 1698 1550 εἰδωλοθύτων,
1727 1485 1852 1548 τοὺς

261 1583 332 1653 τῇ
364 1581 664 1635 ἀναστάσει
703 1580 1092 1644 ἀπιστοῦντας.
1129 1579 1246 1634 Οὐκ
1284 1576 1524 1648 ἐφόϐησε
1565 1575 1624 1629 δὲ
1667 1575 1851 1646 μόνον,

263 1671 410 1727 ἀλλὰ
439 1673 534 1726 καὶ
572 1671 776 1740 ἔδειξεν
814 1673 914 1741 τῆς
949 1673 1151 1744 ἀρετῆς
1182 1671 1286 1740 τὴν
1319 1670 1459 1735 ὁδὸν,
1493 1667 1589 1722 καὶ
1617 1667 1716 1739 τὴν
1753 1668 1854 1739 τῆς

264 1765 474 1827 κακίας
505 1763 848 1816 δυσσέϐειαν.

343 1874 362 1908 ι
389 1854 725 1926 Μαραναθᾶ.
758 1874 776 1906 ι

1957 671 2086 734 alio,
2116 670 2230 740 Ego
2262 685 2382 724 sum
2416 667 2613 738 hujus;
2649 679 2703 722 et
2729 671 2857 734 alio,
2895 670 3004 740 Ego
3036 671 3221 727 istius.

2029 851 2199 906 Vsus.
2229 852 2319 905 21.
2363 869 2381 902 ι
2422 849 2694 905 Salutatio
2730 864 2849 904 mea
2888 864 3049 903 manu
3085 849 3260 903 Pauli.
3296 869 3314 901 ι

2027 942 2312 1014 Significat
2345 958 2402 999 se
2453 945 2627 999 multo
2671 957 2798 997 cum
2841 942 3024 997 studio
3052 941 3340 1012 epistolam
3389 942 3536 997 hanc

1955 1033 2272 1103 scripsisse.

2025 1123 2193 1179 Vens.
2232 1123 2322 1178 22.
2355 1142 2373 1174 ι
2407 1123 2462 1178 Si
2488 1124 2612 1194 quis
2637 1139 2741 1179 non
2776 1130 2921 1177 amat
2958 1121 3250 1178 Dominum
3283 1130 3535 1178 nostrum

1953 1214 2142 1271 Jesum
2168 1213 2477 1280 Christum,
2508 1215 2584 1271 sit
2613 1216 2931 1270 auathema.
2969 1232 2988 1266 ι

2027 1307 2184 1378 123
2223 1307 2337 1362 Hoc
2376 1322 2488 1362 uno
2537 1307 2704 1363 verbo
2759 1307 3017 1363 universo
3076 1308 3377 1378 perterruit
3438 1307 3533 1376 qui

1955 1400 2198 1454 membra
2231 1414 2328 1454 sua
2381 1398 2686 1454 meretricis
2722 1398 2963 1454 membra
2992 1398 3238 1454 facerent
3266 1415 3280 1464 ;
3309 1399 3400 1468 qui
3428 1397 3538 1452 l’ra-

1957 1491 2137 1547 tribus
2204 1491 2466 1545 scandala
2517 1490 2822 1559 objicerent
2878 1489 3093 1545 edendo
3144 1505 3346 1546 carnes
3375 1489 3539 1544 idolis

1957 1583 2298 1648 immolatus;
2337 1583 2429 1654 qui
2455 1583 2926 1638 resurrectionem
2959 1591 3248 1653 negarent.
3284 1580 3403 1636 Non
3441 1597 3537 1635 so-

1958 1674 2066 1729 lum
2111 1683 2293 1730 autem
2344 1675 2564 1738 terruit,
2593 1674 2687 1728 sed
2728 1681 2782 1729 et
2801 1673 2946 1727 viam
2976 1674 3200 1730 virtutis
3239 1673 3450 1744 pandit,
3481 1683 3535 1728 et

1957 1768 2292 1839 impietatem
2326 1767 2606 1838 nequitiae.

2033 1879 2050 1908 ι
2085 1857 2436 1914 Maranatha.
2477 1879 2494 1909 ›

348 1946 572 2018 Ἐπειδὴ
608 1946 827 2001 πάντων
856 1945 966 2000 τῶν
992 1946 1183 2000 κακῶν
1199 1947 1228 1999 ὀ
1253 1945 1423 2016 τῦφος
1443 1945 1615 2009 αἴτιος
1646 1941 1734 2017 ἦν,
1760 1947 1854 1999 καὶ

2028 1948 2296 2016 Quoniam
2329 1949 2587 2020 superbia
2618 1957 2739 2004 erat
2760 1951 3008 2006 omnium
3043 1951 3313 2006 maiorum
3341 1965 3533 2012 causa,

261 2040 475 2096 τούτων
521 2040 579 2094 δὲ
615 2041 707 2092 τὸν
751 2040 922 2108 τῦφον
966 2041 999 2109 ἡ
1055 2038 1258 2104 ἔξωθεν
1303 2038 1464 2106 σοφία
1516 2039 1714 2104 ἐποίει,
1762 2039 1856 2091 καὶ

261 2135 425 2188 τοῦτο
452 2132 513 2187 τὸ
537 2133 839 2202 κεφάλαιον
868 2128 937 2203 ἦν
967 2131 1079 2185 τῶν
1109 2131 1317 2198 κακῶν,
1342 2129 1724 2185 καταστέλλων
1756 2130 1854 2183 αὖ-

262 2226 363 2293 τὴν
393 2224 521 2278 οὐδὲ
563 2223 773 2277 Ἐλλάδι
807 2224 1077 2296 κέχρηται
1115 2226 1292 2295 φωνῇ,
1329 2223 1466 2276 ἀλλὰ
1487 2225 1553 2294 τῇ
1587 2221 1853 2294 Ἐϐραΐδι,

261 2319 506 2384 δεικνὺς,
545 2319 630 2372 δτι
663 2317 724 2370 οὐ
765 2316 928 2387 μόνον
963 2315 1393 2386 καταισχύνεται
1425 2314 1525 2386 τὴν
1563 2313 1853 2378 ἰδιωτείαν,

261 2412 400 2466 ἀλλὰ
439 2413 538 2466 καὶ
571 2413 711 2483 μετὰ
745 2411 950 2482 πολλῆς
993 2410 1094 2481 τῆς
1140 2409 1484 2482 θερμότητος
1523 2405 1854 2471 ἀσπάζεται.

261 2506 329 2558 Τί
378 2503 440 2558 δέ
483 2505 636 2558 ἐστιν
669 2503 754 2568 τὸ,
794 2501 1162 2572 Μαραναθᾶ;
1197 2502 1280 2556 ὅτι
1321 2501 1376 2553 ’0
1404 2501 1622 2569 Κύριος
1646 2495 1853 2570 ἦλθεν.

262 2595 424 2661 Τίνος
450 2595 510 2648 δὲ
555 2594 748 2648 ἕνεκεν
784 2593 918 2648 αὑτό
973 2611 1161 2666 φησιν,
1207 2593 1240 2664 ἦ
1273 2592 1366 2646 τὸν
1398 2591 1717 2662 οἰκονομίας
1770 2591 1857 2662 βε-

262 2687 436 2741 δαιῶν
463 2687 644 2756 λόγον,
670 2685 742 2755 »ἐξ
765 2682 828 2742 οὗ
874 2685 1113 2757 μάλιστα
1153 2684 1222 2738 τὰ
1256 2683 1552 2754 σπέρματα
1593 2683 1691 2753 τῆς
1722 2683 1856 2736 ἀνα-

262 2779 516 2842 στάσεως
550 2777 850 2847 συνέθηκεν
867 2795 882 2844 ;
1537 2837 1543 2842 .

343 2870 566 2924 Ὠσανεὶ
598 2869 807 2940 ἔλεγεν,
834 2870 893 2924 '0
923 2869 1102 2933 κοινὸς
1131 2869 1350 2923 πάντων
1379 2867 1657 2937 Δεσπότης
1685 2881 1859 2919 κατα·

261 2954 428 3028 ῧῆναι
485 2954 742 3010 τοσοῦτον
793 2956 1126 3028 κατηξίωσε,
1156 2959 1254 3012 καὶ
1303 2957 1464 3028 ὑμεῖς
1509 2957 1568 3010 ἑν
1596 2954 1860 3017 τοιούτοις

262 3045 385 3101 ἐπέ
415 3063 431 3111 ς

338 3157 357 3190 ι
380 3137 449 3192 Ἦ
480 3137 643 3210 χάρις
668 3136 766 3192 τοῦ
786 3139 994 3212 Κυρίου
1021 3140 1198 3211 Ἰησοῦ
1232 3140 1472 3210 Χριστοῦ
1493 3141 1615 3212 μεθ’
1643 3140 1852 3212 ὑμῶνη

1961 2048 2127 2111 atque
2179 2041 2494 2111 superbiam
2525 2041 2666 2096 hanc
2696 2048 2960 2097 extranea
2999 2043 3269 2113 sapientia
3299 2057 3532 2114 pepere-

1959 2143 2066 2199 rat,
2095 2137 2239 2205 quod
2265 2134 2539 2188 malorum
2573 2143 2688 2188 erat
2725 2141 2922 2204 caput;
2948 2143 3008 2188 ut
3035 2149 3153 2190 eam
3184 2134 3534 2204 comprimat,

1958 2223 2387 2296 haudquaquam
2433 2223 2622 2279 Graeca
2658 2240 2796 2280 voce
2824 2226 3023 2288 utitur,
3075 2227 3169 2282 sed
3228 2225 3532 2288 chraica;

1957 2295 2258 2373 ostendens
2289 2332 2400 2371 non
2437 2318 2614 2372 solum
2651 2332 2713 2372 se
2743 2332 2853 2373 non
2894 2318 3102 2388 pudere
3135 2317 3536 2386 simplicitatis.

1959 2409 2054 2464 sed
2106 2415 2159 2464 et
2202 2409 2378 2463 multo
2403 2422 2523 2462 eam
2555 2409 2754 2465 ardore
2803 2409 3118 2480 complecti.
3161 2407 3303 2474 Quid
3330 2418 3515 2464 autem

1958 2499 2064 2555 hoc
2107 2509 2211 2566 est,
2275 2497 2598 2558 Maranatha
2622 2504 2648 2556 ?
2677 2499 2936 2554 Dominus
3001 2501 3163 2556 venit.
3194 2500 3376 2566 Quare
3410 2516 3539 2555 vero

1959 2590 2307 2661 pronuntiat,
2343 2591 2452 2646 nisi
2484 2597 2542 2645 ut
2573 2591 2775 2646 divina:
2813 2591 3256 2660 dispensationis
3283 2592 3543 2647 incarna-

1961 2683 2199 2747 tionisve
2225 2683 2387 2739 iidem
2416 2685 2730 2749 conlirmet,
2768 2699 2834 2740 ex
2860 2698 2970 2754 qua
3002 2685 3312 2753 praesertim
3346 2700 3536 2739 resur-

1959 2773 2225 2830 rectionis
2245 2784 2531 2844 compacta
2563 2776 2734 2830 sunt?

2028 2867 2106 2920 Ac
2141 2867 2188 2920 si
2220 2865 2428 2921 diceret
2462 2883 2476 2919 :
2507 2865 2828 2922 Communis
2849 2867 3097 2921 omnium
3127 2865 3391 2922 Dominus
3415 2877 3539 2922 tau-

1960 2965 2077 3012 tum
2123 2972 2184 3012 se
2229 2957 2514 3014 demittere
2545 2958 2802 3028 dignatus
2857 2965 2963 3026 est,
3014 2966 3069 3015 et
3100 2974 3198 3015 vos
3233 2960 3452 3015 interim
3484 2961 3541 3014 iu

1960 3047 2234 3118 ejusmodi
2269 3048 2424 3104 vitiis
2451 3048 2793 3104 versamini?

2033 3139 2200 3194 Vens.
2271 3139 2362 3195 25.
2401 3157 2418 3190 ι
2455 3138 2643 3194 Gratia
2683 3139 2901 3194 Domini
2959 3140 3133 3196 nostri
3166 3138 3296 3197 Jesu
3338 3139 3545 3195 Christi

1963 3231 2274 3287 vobiscum.
2307 3250 2326 3283 ι

330 3318 511 3373 Τοῦτο
553 3319 664 3390 γὰρ
708 3319 1060 3386 διδασκάλου,
1096 3319 1157 3374 τὸ
1193 3319 1269 3390 μὴ
1317 3319 1481 3390 μόνον
1511 3320 1851 3391 συμϐουλεῦ-

2031 3322 2394 3394 Praeceptoris
2442 3322 2681 3379 oliicium
2737 3331 2843 3389 est,
2896 3338 3007 3378 non
3039 3323 3207 3379 modo
3241 3323 3536 3378 consilium

259 3428 378 3476 σαι,
418 3411 556 3466 ἀλλὰ
583 3412 680 3467 καὶ
713 3411 905 3482 εὐχαῖς
932 3411 1175 3483 βοηθεῖν.

336 3522 358 3555 ι
398 3503 465 3558 Ἦ
507 3503 700 3574 ἀγάπη
744 3520 848 3575 μου
889 3503 1033 3574 μετὰ
1082 3503 1302 3559 πάντων
1345 3503 1501 3575 ὑμῶν
1530 3505 1589 3558 ὲν
1632 3502 1856 3576 Χριστῷ

270 3593 480 3668 Ἰησοῦ,
528 3595 723 3666 ’Δμήν.
753 3613 773 3646 ›
1169 3601 1179 3611 “

341 3680 576 3754 Ἐπειδὴ
608 3681 858 3754 σφοδρῶς
887 3681 1072 3736 αὐτῶν
1105 3682 1304 3754 ἥψατο,
1334 3685 1714 3756 καταπραΰνει
1747 3682 1857 3737 λοι-

263 3775 390 3838 πόν,
426 3774 518 3828 ἵνα
561 3774 619 3829 δὲ
654 3774 729 3846 μὴ
762 3774 1086 3846 νομίσωσιν,
1120 3777 1203 3832 ὅτι
1245 3777 1506 3832 ἱκετεύων
1536 3777 1736 3842 αὐτοὺς
1774 3779 1856 3842 είς

263 3864 428 3919 τοῦτο
455 3866 775 3936 κατέληξεν,
807 3867 1120 3939 προσέθηκε
1153 3869 1234 3934 τὸ,
1289 3870 1386 3922 Ἐν
1405 3868 1638 3940 Χριστῷ
1658 3887 1671 3900 ο
1702 3869 1856 3924 οὐδὲν

264 3957 378 4029 τὰρ
413 3956 766 4029 ἀνθρώπινον
797 3958 937 4029 ἔχει,
964 3957 1090 4012 οὔτε
1122 3961 1410 4030 σαρκικδν,
1445 3961 1582 4016 ἀλλὰ
1604 3978 1854 4032 πνευμα-

263 4049 396 4118 τική
430 4048 519 4110 τίς
550 4049 722 4105 ἐστιν.

330 4140 499 4208 Πρὸς
533 4142 886 4212 Κορινθίους
934 4150 986 4198 α’
1048 4145 1277 4214 στίχων
1295 4185 1311 4209 ,
1375 4145 1541 4214 ωμβκ
1599 4142 1855 4212 Έγράφη

263 4233 392 4290 ἀπὸ
425 4234 747 4289 Φιλίππων
784 4235 886 4290 διὰ
913 4236 1214 4306 Στεφανᾶ,
1250 4237 1347 4292 καὶ
1377 4234 1854 4305 Φουρτουνὰτου,

265 4329 367 4382 καὶ
397 4328 704 4398 Ἀχαϊκοῦ,
736 4329 833 4383 καί
861 4329 1159 4398 Τιμοθέου.
1194 4329 1580 4400 Ἁναγνώονεις
1599 4327 1612 4379 i
1632 4369 1646 4393 ,
1678 4335 1722 4382 ε’
1753 4345 1854 4382 κε-

265 4419 501 4487 φάλαια
525 4424 594 4486 θ’,
628 4422 930 4492 μαρτύρια
955 4422 1042 4488 ιζ’,
1079 4423 1281 4493 στίχοι
1305 4422 1648 4476 ὀκτακόσιοι
1686 4419 1856 4474 ἐσδο-

266 4508 563 4577 ιιήκοντα.

1959 3415 2113 3481 dare,
2147 3430 2339 3470 verum
2359 3415 2525 3471 etiam
2578 3414 2836 3486 precibus
2866 3416 3151 3487 Opitulari.

2031 3506 2198 3563 Vens.
2222 3507 2312 3562 24.
2355 3524 2374 3558 ι
2403 3507 2658 3563 Charitas
2691 3502 2812 3563 mea
2843 3523 2966 3562 cum
3022 3507 3281 3566 omnibus
3308 3509 3465 3566 vobis
3485 3510 3542 3565 in

1971 3598 2195 3654 Christo
2227 3596 2382 3663 Jesu,
2412 3600 2608 3654 Amen.
2649 3618 2668 3651 ι

2032 3687 2176 3753 Quia
2206 3687 2342 3742 dure
2373 3702 2470 3742 eos
2495 3689 2842 3758 perstrinxit,
2873 3691 3060 3745 mitius
3085 3690 3200 3759 jam
3236 3691 3484 3762 loquitur
3519 3711 3532 3746 :

1965 3793 2034 3832 ne
2060 3787 2242 3833 autem
2268 3785 2528 3846 putarent
2564 3779 2744 3849 ipsum
2773 3780 3042 3850 supplicis
3075 3781 3255 3836 instar
3286 3782 3392 3837 hoc
3423 3797 3544 3838 mo-

1963 3860 2034 3916 do
2080 3861 2432 3932 concludere,
2491 3862 2724 3930 addidit,
2784 3863 2839 3917 in
2891 3862 3132 3920 Christo.
3186 3863 3332 3919 Nihil
3397 3867 3542 3920 enim

1962 3951 2213 4006 clausula
2275 3951 2393 4006 haec
2425 3951 2652 4021 praefert
2698 3953 2950 4018 humani,
2986 3961 3080 4007 aut
3138 3953 3408 4018 carnalis,
3444 3955 3543 4007 sed

1963 4057 2116 4098 mere
2137 4041 2470 4112 spiritualis.

2035 4131 2118 4184 Ad
2158 4131 2461 4187 Corinthios
2521 4136 2717 4201 prima,
2772 4150 3017 4188 versuum
3051 4133 3180 4190 842.
3219 4135 3436 4202 Scripta
3467 4147 3547 4189 est

1975 4224 2234 4293 Philippis
2262 4240 2354 4292 per
2385 4224 2734 4293 Stephanum,
2769 4223 3154 4290 Fortunatam,
3187 4227 3474 4280 Achaicum
3495 4237 3547 4281 et

1974 4319 2328 4374 Timotheum.
2354 4317 2630 4374 Lectiones
2665 4319 2915 4390 quinque,
2959 4321 3134 4390 capita
3175 4335 3376 4385 norem,
3406 4323 3552 4374 terti-

1965 4413 2148 4466 mouia
2182 4411 2270 4477 17,
2338 4427 2514 4466 versus
2571 4410 2696 4466 870.

1578 4649 1810 4706 VARl/E
1849 4650 2147 4708 LECTION
2153 4652 2254 4714 ES.

345 4770 366 4824 i
391 4771 726 4834 Eustathius
761 4777 1058 4838 Sulcensis
1087 4785 1313 4844 eosdem
1345 4802 1609 4844 numeros
1633 4790 1818 4856 habet,
1839 4807 1950 4848 non
1979 4795 2244 4864 priorem.

277 4993 1640 5022 -.—-_-—————-—————-——————.—_

814 5141 987 5228 ΕΙΣ
1059 5138 1710 5228 ΕΠΙΣΤΟΛΗΝ
1783 5141 2076 5229 ΠΡΟΣ
2149 5143 2837 5235 ΚΟΡΙΝΘΙΟΥΣ
2909 5137 2989 5231 B'
3014 5211 3033 5232 .

761 5511 891 5599 IN
1009 5509 1694 5606 EPISTOLAM
1812 5513 1904 5600 ΙΙ
2025 5515 2174 5603 AD
2293 5516 3086 5614 CORINTHIOS.

769 5720 1028 5777 ΚΕΦΑΛ.
1069 5721 1372 5778 ΠΡΩΤΟΝ.

347 5831 366 5866 ι
399 5813 615 5878 Παῦλος
659 5812 958 5879 ἀπόστολος
992 5813 1170 5883 Ἰησοῦ
1223 5813 1464 5886 Χριστοῦ
1497 5816 1591 5892 διὰ.
1622 5817 1717 5872 τοῦ
1749 5817 1839 5872 οε-

277 5907 512 5976 ληματος
537 5906 698 5975 Θεοῦ,
735 5907 830 5962 καὶ
864 5907 1130 5978 Τιμόθεος
1155 5909 1184 5962 ό
1217 5907 1466 5976 ἁδελφός.
1495 5928 1514 5960 ι

2463 5732 2695 5788 CAPUT
2742 5732 3033 5793 PRIMUM.

2024 5817 2184 5878 Vens.
2215 5824 2268 5878 1.
2312 5844 2333 5879 ι
2371 5823 2576 5882 Paulus
2605 5829 2900 5896 Apostolus
2926 5829 3052 5886 Jesu
3081 5833 3286 5892 Christi
3316 5848 3414 5906 per
3434 5847 3532 5892 νο·
3561 5877 3569 5890 .

1961 5912 2373 5992 luntatempei,
2402 5929 2456 5976 et
2483 5919 2801 5980 Timotheus
2830 5921 3015 5980 frater.
3049 5944 3068 5978 ι
