3970 6402
217 405 308 467 ’109

1341 398 1414 452 Ιλ
1461 397 1699 456 El’lST.
1747 398 1844 455 AD
1874 399 2235 460 CORINTH.
2277 401 2350 458 [Ι.

3379 402 3480 464 7ὶο

219 519 368 587 μένης
400 517 532 586 ἡμῖν
566 515 624 566 ὲν
658 515 723 583 τῇ
783 511 960 582 Ἀσίᾳ,
999 511 1083 562 ὅτι
1131 509 1252 563 καθ’
1293 511 1605 581 ὑπερϐολὴν
1655 512 1782 564 ἑδα-

1914 519 2038 575 tsm,
2075 529 2202 582 mna
2231 528 2397 583 supra
2429 514 2650 567 modum
2688 515 2896 584 gravati
2934 531 3128 571 sumus
3167 532 3335 586 supra
3367 517 3478 569 vir-

217 609 478 678 ρύνθημεν
526 605 668 676 ὑπὲρ
711 603 965 672 δύναμιν,
1003 601 1145 654 ὥστε
1196 601 1603 672 ἐξαπορηθῆναι
1637 604 1784 671 ἡμᾶς

215 701 295 752 καὶ
323 700 412 752 τοῦ
451 699 570 768 ζῇν.
598 717 617 749 ι

276 794 486 862 Ὥσπερ
518 789 871 859 διωκομένων
902 787 1062 859 ἡμῶν
1090 788 1337 856 ἀλγεττε,
1368 786 1556 857 φησιν,
1595 787 1670 848 ὼς
1693 787 1790 838 αὗ·-

212 884 283 937 eoi.
312 883 472 936 τοῦτο
503 885 829 952 πάσχοντες,
863 879 1039 942 οὕτως
1081 878 1242 948 ἴσμεν
1271 879 1351 932 ὅτι
1395 878 1490 931 καὶ
1527 895 1788 948 παρακα-

209 977 500 1048 λουμένων,
527 976 683 1028 αὐτοὶ
708 974 921 1028 τούτων
955 973 1286 1027 ἀπολαύετε.

273 1173 291 1207 ι
333 1154 494 1207 Ἀλλὰ
527 1151 685 1208 αὐτοὶ
709 1156 770 1207 ὲν
805 1154 1020 1215 ἑαυτοῖς
1057 1153 1118 1205 τὸ
1151 1151 1442 1223 ἀπόκριμα
1475 1149 1570 1205 τοῦ
1615 1149 1784 1205 θανά-

208 1269 292 1305 του
322 1249 662 1318 ἐσχήκαμεν,
691 1246 780 1300 ἵνα
801 1245 880 1317 μὴ
902 1243 1229 1307 πεποιθότες
1258 1239 1410 1314 ὦμεν
1431 1244 1516 1313 ἐφ’
1549 1245 1784 1310 ἑαυτοῖς,

207 1344 315 1399 ἀλλ’
343 1343 438 1394 ἐπὶ
464 1341 545 1410 τῷ
571 1339 716 1410 Θεῷ.
749 1359 768 1391 ι

265 1430 550 1492 Τουτέστι,
583 1430 684 1498 τὴν
723 1429 908 1498 κρίσιν
954 1429 1050 1482 καὶ
1083 1429 1184 1499 τὴν
1242 1427 1592 1498 προσδοκίαν.
1636 1428 1702 1481 ‘0
1729 1426 1788 1480 δὲ

204 1525 344 1590 λέγει
395 1521 640 1575 τοιοῦτον
674 1523 793 1575 ἐστι
817 1537 831 1552 ο
885 1520 1158 1590 Τοιαύτην
1201 1519 1534 1590 προσδοκίαν
1572 1513 1687 1589 εἶχε
1719 1518 1789 1571 τὰ

203 1618 520 1686 πράγματα,
546 1616 629 1668 ὅτι
651 1613 1078 1684 ἀποθανούμεθα
1103 1615 1328 1676 πάντες,
1352 1609 1467 1666 ἀλλ’
1489 1611 1550 1664 οὐ
1577 1611 1784 1682 προέϐη

202 1708 372 1768 τοῦτο,
405 1706 544 1760 ἀλλὰ
575 1705 740 1776 μέχρι
791 1705 890 1775 τῆς
944 1706 1224 1776 ἡμετέρας
1277 1705 1488 1768 ἐννοίας
1529 1704 1682 1773 ἔστη.
1713 1703 1788 1756 Τὸ

201 1803 266 1859 ἃ.
312 1801 414 1852 ἵνα
467 1799 553 1868 μὴ
603 1800 959 1864 πεποιθότες
999 1794 1178 1867 ὦμεν,
1231 1799 1331 1852 οὐκ
1381 1798 1569 1868 ἐπειδὴ
1625 1796 1787 1859 αὐτὸς

1893 615 2085 672 tutem,
2123 607 2200 660 ita
2243 615 2296 659 u-t
2331 617 2384 660 et
2414 607 2638 672 taederet
2669 623 2768 661 nos
2799 610 3003 663 vivere.
3040 629 3057 661 ι

1960 784 2190 850 Doletls,
2263 788 2461 856 inquit,
2498 787 2646 856 quod
2705 801 2805 840 nos
2869 797 3293 856 persequantur,
3332 803 3395 842 ac
3427 787 3474 842 si

1891 876 2007 931 inec
2059 879 2164 947 ipsi
2195 881 2570 934 sustineretis.
2631 880 2706 932 Ita
2750 894 2850 932 nos
2882 881 3091 932 scimus
3141 891 3307 948 quod,
3342 881 3471 932 dum

1893 969 2098 1023 solatio
2132 969 2434 1034 relicitnur,
2473 971 2662 1024 eodem
2717 985 2938 1038 quoque
2967 984 3064 1022 vos
3089 971 3196 1038 ipsi
3225 971 3473 1038 perimam

1891 1059 2054 1113 mini.

1961 1148 2126 1206 Vens.
2157 1152 2209 1205 9.
2247 1169 2266 1202 ι
2309 1150 2412 1206 Sed
2449 1152 2553 1221 ipsi
2599 1153 2652 1205 in
2683 1150 3101 1218 nobismetipsis
3152 1163 3476 1219 responsum

1889 1242 2087 1294 mortis
2123 1241 2442 1306 habuimus,
2481 1250 2540 1296 ιιι
2576 1255 2685 1297 non
2717 1244 2894 1296 simus
2930 1243 3163 1296 ﬁdentes
3199 1243 3253 1294 in
3296 1242 3477 1306 nobis,

1891 1336 1988 1389 sed
2021 1334 2074 1388 ill
2106 1333 2269 1389 υθο.»

1959 1426 2017 1481 Id
2039 1437 2144 1492 est,
2178 1428 2511 1481 sententiam
2544 1435 2598 1481 ct
2651 1428 3142 1495 exspectationem.
3169 1425 3346 1495 Atque
3375 1425 3479 1478 liu-

1885 1519 1978 1590 jus
2009 1520 2114 1574 loci
2148 1536 2348 1575 sensus
2407 1522 2511 1575 iste
2557 1529 2640 1575 est
2675 1537 2687 1571 :
2722 1520 3004 1589 Ejusmodi
3042 1518 3500 1588 expectationem-

1890 1629 2073 1668 rerum
2106 1621 2289 1668 status
2315 1613 2625 1681 injiciebat,
2659 1629 2851 1667 omnes
2875 1628 2976 1667 nos
3007 1613 3170 1667 morti
3193 1613 3477 1681 proximcs

1889 1722 2010 1760 esse
2044 1725 2056 1756 :
2093 1721 2283 1760 verum
2341 1721 2430 1760 res
2468 1721 2577 1758 non
2607 1722 2674 1760 eo
2703 1705 3013 1775 processit;
3060 1705 3152 1758 sed
3182 1706 3327 1758 intra
3385 1718 3480 1756 su-

1891 1798 2194 1866 spicionem
2238 1804 2482 1852 nostram
2521 1798 2797 1852 constitit.
2841 1797 2995 1862 Quod
3033 1813 3164 1850 vero
3201 1795 3474 1864 sequitur,

199 1891 334 1945 οὕτω
367 1891 607 1946 διέκειτο
657 1890 829 1959 λέγει,
864 1890 1002 1942 ἀλλὰ
1051 1890 1181 1953 τοὺς
1233 1889 1432 1951 ἄλλους
1464 1891 1523 1941 ἐν
1569 1889 1684 1949 τοῖς
1715 1886 1782 1951 ὡς

1914 1898 1949 1941 ιι
1970 1906 2074 1942 non
2102 1893 2266 1944 simus
2291 1889 2635 1957 confidentes,
2662 1905 2771 1943 non
2803 1890 2878 1943 ita
2908 1904 3031 1944 eum
3060 1904 3184 1943 esse
3219 1887 3476 1941 aﬂectum

198 1984 322 2051 περὶ
345 1983 514 2036 αὐτοῦ
553 1983 874 2052 λεγομένοις
905 1982 1209 2053 ῥυθμίζων.

261 2181 283 2214 ‹
310 2163 406 2232 Τῷ
437 2164 716 2234 ἐγείροντι
747 2163 875 2226 τοὺς
928 2163 1184 2232 νεκροὺς,
1229 2162 1288 2225 ὃς
1343 2163 1409 2216 ὲκ
1461 2161 1784 2232 τηλικούτου

201 2255 436 2309 θανάτου
478 2255 754 2326 ὲρῤύσατο
782 2257 954 2324 ἡμᾶς,
989 2256 1084 2309 καὶ
1133 2255 1357 2328 ῥύσεται
1379 2273 1392 2287 ο
1425 2257 1503 2319 είς
1544 2257 1602 2309 ὃν
1624 2258 1788 2328 ὴλπίυ

197 2361 370 2414 κάμεν
402 2345 488 2396 ὃτι
523 2345 619 2398 καὶ
670 2343 753 2396 ἔτι
804 2347 1052 2414 ῥύσεται,
1109 2345 1638 2416 συνυπουργούντων
1690 2347 1785 2400 καὶ

195 2436 341 2506 ὑμῶν
374 2437 522 2507 ὑπὲρ
547 2436 710 2507 ἡμῶν
737 2440 804 2508 τῇ
831 2437 1040 2508 δεήσει.
1075 2457 1092 2488 ι

257 2529 432 2582 Πάλιν
489 2530 620 2592 τοὺς
689 2531 820 2598 περὶ
865 2530 1219 2593 ἀναστάσεως
1271 2533 1460 2593 αὐτοῖς
1514 2533 1654 2584 κινεῖ
1695 2531 1784 2582 λό-

194 2638 334 2688 γους.

257 2730 279 2762 ι
307 2711 438 2764 Ἵνα
472 2712 539 2764 ὲκ
571 2709 792 2764 πολλῶν
824 2711 1136 2781 προσώπων
1162 2711 1223 2765 τὸ
1254 2714 1332 2775 εἰς
1363 2715 1510 2784 ἡμᾶς
1539 2717 1786 2787 χάρισμα

189 2801 274 2854 διὰ
302 2800 526 2855 πολλῶν
563 2802 938 2873 εὐχαριστηθῇ
963 2801 1104 2871 ὑπὲρ
1139 2801 1320 2872 ὑμῶν.
1353 2821 1372 2854 ι

251 2984 376 3035 ἰνα
423 2980 494 3034 τὰ
549 2981 723 3034 πολλὰ
760 2983 1055 3052 πρόσωπα,
1105 2985 1302 3054 φησιν,
1363 2987 1516 3057 αὐτῷ
1559 2988 1786 3059 εὐχαρι-

185 3077 383 3146 στήσῃ.
414 3074 610 3144 ἐπειδὴ
639 3076 734 3128 καὶ
757 3075 827 3127 τὰ
851 3076 1025 3128 πολλὰ
1046 3075 1146 3147 τὴν
1169 3079 1330 3149 χάριν
1356 3078 1572 3133 ἔλαϐεν.
1598 3080 1786 3134 Ταῦτα

180 3168 234 3221 δὲ
282 3169 468 3235 λέγει,
496 3166 635 3237 ὁμοῦ
669 3167 771 3237 μὲν
805 3170 902 3222 καὶ
948 3171 1028 3232 είς
1071 3169 1175 3234 τὰς
1214 3171 1355 3240 ὑπὲρ
1387 3172 1594 3242 ἑτέρων
1617 3173 1784 3243 εὐχὰς

1891 1978 2190 2048 signiﬁcat,
2251 1980 2346 2035 sed
2403 1980 2544 2033 alios
2582 1979 2735 2034 hisce
2760 1979 3140 2036 locutionibus
3172 1978 3378 2042 erudit,
3413 1992 3479 2030 ac

1890 2073 1934 2126 si
1962 2072 2030 2126 de
2059 2073 2242 2141 seipse
2266 2086 2448 2126 sermo
2481 2071 2645 2126 foret.

1961 2161 2062 2228 Qui
2125 2165 2362 2218 suscitat
2393 2173 2684 2229 mortuos;
2727 2161 2932 2234 [\Tsns.
2970 2162 3056 2226 10,
3103 2165 3159 2217 ll
3220 2175 3236 2236 ι
3287 2163 3378 2233 qui
3410 2161 3478 2214 de

1891 2255 2058 2309 tantis
2088 2255 2350 2323 periculis
2378 2271 2480 2310 nos
2531 2255 2740 2324 eripuit
2764 2263 2817 2308 et
2847 2262 3024 2316 eruet,
3067 2257 3119 2308 in
3153 2271 3312 2325 quem
3354 2270 3481 2323 Spe-

1889 2359 2098 2407 ramus,
2124 2348 2388 2415 quoniam
2413 2347 2573 2417 125
2607 2355 2663 2401 et
2694 2346 2875 2400 adhuc
2902 2347 3120 2416 eripiet,
3155 2345 3478 2415 adjuvanti-

1889 2435 1994 2490 bus
2027 2448 2078 2490 οι
2110 2439 2267 2492 vobis
2295 2441 2348 2491 in
2379 2441 2629 2492 oratione
2674 2452 2773 2507 pro
2810 2439 2992 2492 nobis.
3027 2457 3044 2490 ι

1959 2529 2284 2584 Sermonem
2317 2537 2502 2584 movet
2536 2531 2738 2586 iterum
2776 2530 2843 2584 de
2873 2531 3312 2584 resurrectione.

1967 2725 1986 2757 ι
2029 2703 2100 2758 Ut
2127 2721 2193 2760 ex
2237 2704 2533 2758 multorum
2571 2705 2857 2773 personis,
2895 2702 3022 2772 ejus
3071 2720 3190 2772 qua:
3223 2705 3273 2756 in
3314 2706 3476 2761 nobis

1889 2806 1976 2853 est
2028 2798 2369 2865 donationis,
2417 2813 2514 2867 per
2545 2799 2750 2852 multos
2810 2797 3004 2866 gratia:
3031 2798 3343 2852 habeantur
3377 2814 3476 2868 pro

1889 2890 2074 2945 nobis.
2119 2907 2139 2941 ι

1965 2981 2054 3037 Uti
2101 2997 2355 3052 personae
2405 2981 2614 3046 multa,
2662 2981 2864 3052 inquit,
2897 2983 2947 3036 ei
2985 2983 3160 3052 gratia
3189 2981 3477 3047 referant;

1890 3078 2090 3148 quippe
2118 3091 2242 3129 cum
2275 3085 2328 3129 et
2356 3074 2544 3128 multae
2580 3077 2813 3144 gratiam
2842 3077 3183 3145 acceperint.
3218 3076 3347 3129 Hzee
3378 3091 3480 3127 au-

1890 3178 1998 3224 tem
2032 3170 2106 3222 ait
2134 3207 2149 3231 ,
2207 3175 2267 3221 ut
2296 3175 2412 3220 tum
2453 3182 2548 3222 eos
2576 3166 2644 3219 ad
2673 3166 2947 3220 orandum
2980 3181 3079 3237 pro
3103 3166 3223 3220 aliis
3254 3166 3478 3227 excitet,

178 3259 381 3320 αὐτοὺς
409 3256 720 3327 διεγείρων,
752 3257 890 3328 ὁμοῦ
923 3257 980 3311 δὲ
1009 3259 1106 3312 καὶ
1135 3262 1650 3330 ταπεινοφροσύνην
1680 3259 1780 3314 αύ-

1914 3276 2000 3314 um
2055 3261 2224 3315 etiam
2293 3269 2356 3314 ut
2383 3259 2774 3314 demissionem
2825 3259 2995 3312 animi
3043 3257 3262 3323 doceat,
3293 3266 3342 3312 el
3411 3257 3479 3309 ad

177 3349 304 3410 τοὺς
337 3346 638 3409 διδάσκων,
668 3348 767 3400 καὶ
795 3347 875 3410 είς
905 3349 1134 3418 ἀγάπην
1176 3350 1350 3416 ἄγων.
1391 3351 1534 3421 Πρδς
1565 3351 1622 3402 δὲ
1655 3351 1778 3404 τού-

176 3455 291 3501 τοις
336 3437 590 3503 κάκεῖνο,
628 3437 710 3491 ὅτι
749 3436 854 3492 κᾶν
893 3437 1002 3491 ἀπὸ
1039 3438 1341 3509 οἰκτιρμῶν
1395 3440 1595 3510 ποιήσῃ
1649 3441 1780 3504 Θεὸς

176 3529 352 3599 μέγα,
395 3527 633 3582 ἐνταῦθα
657 3529 754 3582 καὶ
787 3528 926 3601 εὐχὴ
968 3529 1364 3600 συμϐάλλεται.

253 3640 272 3671 ι
315 3621 394 3674 Ἡ
421 3619 532 3690 γὰρ
551 3619 822 3692 καύχησις
852 3620 1012 3692 ἡμῶν
1042 3620 1187 3692 αὕτη
1211 3623 1352 3687 ἐστὶ,
1388 3622 1450 3675 τὸ
1475 3622 1779 3694 μαρτύριον

171 3715 270 3784 τῆς
307 3716 685 3785 συνειδήσεως
715 3715 897 3786 ἡμῶν,
929 3718 1013 3770 δτι
1053 3719 1112 3770 ὲν
1143 3718 1418 3787 ἁγιότητι,
1442 3736 1461 3769 ι

242 3804 466 3876 Τρίτην
527 3807 712 3860 αἰτίαν
773 3807 1183 3876 παρακλήσεως
1223 3806 1460 3878 τίθησιν.
1514 3807 1665 3877 Αὕτη
1724 3809 1779 3862 δέ

168 3900 351 3961 ἔστιν,
398 3898 433 3966 ἡ
466 3897 526 3950 ὲν
561 3897 792 3968 καθαρῷ
843 3898 1112 3953 συνειδότι
1155 3899 1431 3970 πανταχοῦ
1460 3902 1561 3971 τῆς
1603 3903 1781 3954 οίκου-

168 3990 356 4059 μένης
411 3989 873 4059 ἀναστρέφεσθαι.
922 3989 1110 4044 Ταῦτα
1153 3990 1212 4044 δὲ
1270 3991 1457 4060 λέγει,
1509 3992 1780 4046 παιδεύων

168 4079 386 4142 αὐτοὺς
423 4079 523 4136 καὶ
549 4080 606 4134 ἒν
634 4083 755 4143 ταῖς
789 4080 1004 4150 θλίψεσι
1031 4083 1106 4150 μὴ
1143 4085 1535 4147 καταπίπτειν,
1565 4086 1694 4138 ὅταν
1721 4085 1780 4136 τὸ

169 4168 427 4236 συνειδὸς
463 4169 703 4240 καθαρὸν
735 4169 955 4241 ἔχωσιν.
995 4171 1053 4225 '0
1073 4171 1130 4226 δὲ
1158 4173 1282 4236 νοῦς
1311 4171 1486 4236 οὕτως
1510 4191 1522 4204 ·
1559 4174 1622 4226 Ἣ
1648 4175 1779 4227 καύο
1828 4213 1833 4217 .

167 4277 339 4330 χησις
373 4261 536 4333 ἡμῶν
573 4261 714 4332 αῦτη
750 4263 892 4326 ἐστι,
926 4266 1118 4334 φησιν.
1165 4266 1198 4336 ἡ
1252 4265 1559 4336 συνείδησις
1598 4266 1775 4335 ἡμῶν,

171 4355 272 4407 οὐκ
335 4353 546 4422 ἔχουσα
606 4355 754 4423 ἡμᾶς
803 4354 1196 4418 καταδικάζειν
1243 4356 1318 4418 ὡς
1368 4358 1459 4408 ἐπὶ
1519 4363 1777 4427 πονηροῖς

178 4449 508 4517 κρὰγμασιν
545 4447 972 4517 ἐλαυνομένους.

244 4556 264 4586 ι
301 4539 420 4590 Καὶ
454 4537 785 4608 εἰλικρινείᾳ
818 4537 915 4590 τοῦ
948 4538 1107 4593 Θεοῦ.
1149 4559 1166 4590 ι

242 4629 574 4689 Τουτέστιν,
599 4630 753 4682 οὐδὲν
777 4630 1016 4703 δολερὸν.

253 4740 270 4771 ι
298 4722 418 4774 Οὐκ
446 4723 502 4774 ἐν
539 4722 702 4792 σοφίᾳ
731 4727 992 4796 σαρκικῇ.
1017 4744 1036 4777 ι

246 4811 572 4876 Τουτέστιν,
600 4816 701 4868 ούκ
747 4817 805 4869 ἐν
845 4819 1176 4890 κακουργίᾳ,
1222 4818 1344 4872 οὐδὲ
1389 4818 1655 4889 δεινότητι
1692 4819 1778 4872 λό-

192 4922 314 4970 γων,
350 4906 381 4977 ἢ
419 4907 712 4979 συμπλοκῇ
742 4913 928 4979 σοφοῖς
957 4913 1318 4981 χαρισμάτων
1345 4913 1417 4965 ι’.

256 5013 275 5043 ι
329 4996 472 5048 Ἀλλ’
503 5001 560 5050 ὲν
604 4999 786 5070 χάριτι
833 5000 971 5054 Θεοῦ
1017 5003 1442 5073 ἀνεστράφημεν
1479 5004 1534 5055 ἐν
1573 5001 1651 5071 τῷ
1685 5005 1776 5056 κό-

187 5103 328 5158 σμῳ,
357 5077 774 5163 περισσοτέρωξ
795 5091 851 5144 δὲ
881 5093 1020 5164 πρὸς
1047 5095 1214 5163 ὑμᾶς.
1246 5113 1264 5145 ι

254 5181 368 5251 Τὴν
398 5184 529 5255 παρ’
574 5185 741 5238 αὑτοῦ
789 5186 1020 5256 δύναμιν
1063 5186 1356 5258 δεδομένην
1384 5187 1512 5257 ὑμῖν
1547 5187 1635 5240 διὰ
1667 5187 1774 5240 τῶν

189 5273 434 5341 σημείων
473 5275 718 5328 ὲνδεικνύ
728 5293 902 5345 μενοι.

263 5384 283 5412 σ
315 5366 389 5419 Ού
426 5366 536 5439 γὰρ
579 5368 716 5421 ἄλλα
751 5371 1037 5441 γράφομεν
1073 5373 1239 5442 ἡμῖν,
1272 5372 1386 5426 ἀλλ’
1506 5373 1541 5427 ἆ
1584 5374 1777 5443 ἀναγι-

185 5453 457 5521 νώσκετε,
486 5458 518 5529 ἦ
555 5461 651 5512 καὶ
678 5461 1098 5529 ἐπιγινώσκετε.
1129 5483 1148 5516 ι

270 5545 496 5621 Ἐπειδὴ
531 5553 744 5621 μεγάλα
762 5554 1068 5624 ἐφθέγξατο
1114 5557 1245 5628 περὶ
1286 5558 1506 5623 ἑαυτοῦ,
1537 5561 1676 5628 ὅπερ
1713 5554 1780 5629 ἦν

1883 3353 2211 3407 charitatem
2245 3358 2527 3420 provocet.
2562 3347 2708 3416 Quin
2735 3357 2791 3402 et
2821 3349 2928 3402 hoc
2983 3348 3250 3414 insinuat,
3282 3362 3481 3420 quam-

1881 3449 1968 3499 vis
1999 3445 2143 3498 Deus
2199 3457 2398 3512 magna
2430 3457 2526 3512 per
2557 3440 3000 3496 misericordiam
3043 3449 3288 3512 praestet,
3321 3440 3388 3494 ad
3421 3440 3473 3493 id

1885 3548 2070 3592 tamen
2096 3535 2354 3591 conferre
2380 3549 2574 3604 preces
2606 3543 2660 3590 et
2689 3535 3146 3604 supplicationes.

1982 3628 2153 3684 Vsus.
2191 3628 2278 3682 12.
2319 3646 2338 3678 ι
2365 3626 2502 3682 Nam
2561 3627 2736 3697 gloria
2777 3635 2968 3681 nostra
3034 3627 3151 3681 hac
3187 3634 3294 3692 est,
3330 3626 3478 3681 testi-

1883 3721 2134 3775 monium
2181 3720 2546 3776 conscientiae
2575 3727 2798 3786 nostrae,
2829 3719 2976 3788 quod
3009 3722 3062 3771 in
3100 3719 3424 3774 sanctitate.
3454 3738 3471 3767 υ

1955 3813 2204 3868 Tertium
2231 3812 2631 3868 consolationis
2667 3819 3055 3882 argumentum
3091 3811 3284 3880 ponit;
3320 3811 3478 3865 nimi-

1883 3922 2008 3962 rum
2038 3906 2188 3977 quod
2237 3906 2584 3961 conscientia
2619 3918 2758 3973 pura
2791 3903 2995 3974 ubique
3026 3911 3300 3957 terrarum
3343 3917 3479 3956 eon-

1883 4009 2155 4054 versetur.
2221 3998 2315 4054 Sic
2371 4006 2552 4050 autem
2593 3995 2862 4064 loquitur,
2926 4003 2987 4047 ut
3017 4009 3114 4048 eos
3147 3993 3366 4048 erudiat
3407 4008 3476 4046 ne

1882 4091 1942 4143 in
1989 4087 2389 4142 afﬂictionibus
2425 4086 2810 4154 despondeant
2841 4084 3108 4150 animum,
3163 4083 3291 4137 dum
3338 4097 3472 4137 co"-

1883 4178 2174 4232 scientiam
2232 4191 2426 4245 puram
2467 4175 2724 4229 habeant.
2773 4172 2876 4227 llic
2907 4188 3042 4228 vero
3095 4188 3296 4228 sensus
3324 4181 3414 4227 est
3453 4188 3468 4221 :

1881 4271 2146 4326 Gloriatio
2169 4278 2358 4324 nostra
2390 4269 2502 4321 haec
2522 4277 2630 4328 cst,
2656 4267 2857 4336 inquit,
2881 4266 3220 4320 conscientia
3251 4275 3467 4327 nostra,

1880 4380 2002 4433 quae
2050 4378 2152 4418 nes
2181 4377 2288 4416 non
2320 4359 2497 4431 possit
2550 4359 2947 4424 condemnare,
2980 4359 3140 4428 quasi
3173 4358 3338 4414 factis
3367 4358 3471 4410 im-

1881 4459 2070 4528 probis
2101 4473 2130 4510 a
2157 4465 2306 4511 recto
2333 4454 2766 4509 excesserimus.

1956 4570 1974 4600 ι
2001 4548 2064 4601 Et
2097 4549 2416 4603 sinceritate
2443 4547 2558 4601 Dei.
2602 4567 2619 4598 ι

1959 4640 2015 4693 ld
2049 4649 2153 4703 est,
2189 4642 2394 4709 absque
2427 4639 2538 4692 ullo
2591 4638 2736 4692 dolo.

1962 4752 1980 4782 ι
2004 4732 2120 4786 Non
2161 4733 2214 4786 in
2248 4731 2519 4801 sapientia
2557 4727 2786 4784 carnali.
2819 4747 2839 4780 ι

1959 4824 2070 4877 lloc
2101 4831 2207 4886 est,
2244 4839 2351 4876 non
2384 4823 2437 4875 in
2477 4819 2717 4880 vafritic,
2779 4833 2879 4872 nec
2911 4819 2964 4872 in
2989 4818 3226 4873 artificio
3259 4834 3470 4872 sermo-

1888 4917 1995 4982 nis,
2024 4925 2118 4970 aut
2149 4918 2202 4971 in
2231 4914 2608 4985 implicatione
2641 4912 3069 4982 suphismatum.

1963 5026 1982 5056 ι
2022 5007 2127 5062 Sed
2161 5009 2215 5062 in
2259 5006 2440 5077 gratia
2493 5004 2587 5060 Dei
2649 5005 2964 5060 conversati
3023 5021 3217 5059 sumus
3250 5005 3304 5058 in
3369 5005 3471 5060 hoc

1887 5099 2090 5154 mundo
2122 5119 2135 5156 ;
2171 5099 2543 5154 abundantius
2576 5107 2757 5152 autem
2786 5096 2854 5150 ad
2889 5112 3007 5151 vos.
3035 5115 3052 5148 ι

1956 5190 2060 5246 Per
2093 5192 2250 5261 signa
2283 5199 2662 5246 monstrantes
2686 5190 2944 5243 virtutem
2979 5201 3146 5257 quam
3181 5186 3297 5255 ipse
3335 5202 3467 5240 con—

1886 5285 2057 5337 cessit
2081 5283 2258 5338 nobis.
2286 5301 2305 5334 ι

1960 5372 2126 5428 Vens.
2164 5374 2250 5428 15.
2282 5392 2300 5424 ι
2325 5371 2444 5425 Non
2472 5372 2617 5427 enim
2644 5372 2752 5426 alia
2787 5372 3087 5426 scribimus
3119 5372 3275 5428 vobis
3307 5387 3470 5442 quam

1888 5483 2008 5538 qum
2037 5479 2132 5522 aut
2159 5467 2364 5538 legitis,
2393 5476 2489 5521 aut
2526 5471 2694 5523 etiam
2729 5465 3090 5538 cognoscitis.
3126 5485 3144 5518 ι

1958 5559 2096 5625 Quia
2153 5558 2218 5615 de
2276 5559 2460 5630 seipso
2512 5561 2715 5616 eximia
2758 5560 3086 5630 prolocutus
3153 5557 3357 5622 fuci'at,
3413 5556 3472 5610 id

1489 5735 1575 5792 VA
1589 5735 1724 5791 Rl/E
1769 5732 2175 5790 LECTIUNES.

260 5814 314 5854 ¹ι⁹
334 5815 462 5885 Leg.
486 5823 855 5885 σοφισμάτων.
