3970 6436
461 395 563 464 711

1668 405 1726 462 S.
1766 397 2087 462 IOANNIS
2121 399 2552 459 DAMASCENI

3633 396 3753 464 712

463 513 610 584 quod
642 513 975 568 invidiosum
1011 521 1066 569 ct
1105 529 1275 586 grave
1321 515 1632 580 videbatur,
1690 523 1862 570 testes
1895 514 2040 583 ipsos

2166 513 2431 582 ιφορτικὸν,
2468 514 2665 577 αὐτοὺς
2712 514 2952 585 παράγει
3007 515 3297 588 μάρτυρας
3355 515 3464 568 τῶν
3507 515 3748 588 λεγομέ-

461 606 699 676 appellat
732 619 922 660 eorum
960 621 1081 676 quae
1108 606 1208 663 abs
1246 622 1306 661 se
1332 607 1621 687 dicyntur.

529 699 698 755 Vens.
770 700 856 754 14.
895 720 912 751 ι
953 699 1128 773 Spero
1154 711 1338 759 autem
1394 703 1538 774 quod
1574 718 1749 773 usque
1805 704 1856 756 in
1884 703 2043 756 tinem

457 793 830 861 cognoscetis,
883 793 1028 848 sicut
1076 803 1131 850 et
1179 796 1520 862 cognovistis
1563 810 1665 851 nos
1707 811 1770 849 ex
1806 803 1978 865 parte.
2021 813 2038 844 ι

526 883 572 934 Α
619 882 915 952 prmteritis
973 883 1135 940 ﬁdem
1195 885 1326 940 facit
1356 885 1697 941 futurorum.
1749 884 1892 950 Quin
1943 899 2045 938 nec

455 969 790 1042 simpliciter
821 973 1046 1028 ctnude
1077 973 1132 1028 id
1172 976 1576 1046 pronuntiavit,
1619 976 1716 1032 sed
1756 985 1932 1030 totum
1959 989 2045 1030 re-

453 1060 654 1132 iiciens
683 1063 740 1118 in
771 1061 942 1119 Deum
970 1075 1024 1120 et
1055 1081 1210 1136 spem
1230 1083 1353 1137 quae
1382 1067 1437 1121 in
1472 1065 1622 1123 illum
1660 1082 1762 1128 est.

531 1171 550 1204 ι
587 1153 744 1221 Quod
767 1155 940 1226 gloria
975 1165 1154 1212 vestra
1186 1173 1383 1214 sumus
1435 1158 1583 1216 sicut
1613 1167 1668 1212 et
1703 1174 1800 1228 vos
1831 1169 2042 1222 nostra,

455 1243 510 1300 in
542 1245 631 1300 die
662 1247 878 1302 Domini
915 1250 1091 1304 nostri
1123 1247 1276 1306 Jesu.
1313 1269 1332 1304 ι

525 1336 627 1392 Hic
656 1349 980 1410 conceptam
1013 1337 1155 1395 forte
1185 1356 1250 1396 ex
1291 1348 1420 1398 ante
1472 1341 1640 1399 dictis
1664 1342 1926 1398 invidiam
1962 1343 2046 1396 vel

455 1426 608 1484 rixas
663 1427 878 1495 adimit,
940 1429 1070 1484 dum
1108 1445 1206 1485 eos
1240 1447 1463 1504 quoque
1496 1434 1550 1488 in
1601 1441 1817 1504 partem
1852 1433 2043 1503 gloria:

453 1520 656 1589 recipit
685 1535 914 1576 suorum
941 1531 1093 1576 recte
1133 1520 1432 1580 factorum.
1474 1524 1837 1596 Nequaquam
1873 1528 2043 1590 enim,

454 1611 658 1683 inquit,
705 1614 852 1668 intra
889 1629 992 1670 nos
1049 1614 1166 1670 haec
1194 1617 1469 1682 constitit,
1503 1616 1601 1672 sed
1651 1617 1718 1671 ad
1749 1633 1849 1674 vos
1876 1618 2043 1672 etiam

451 1705 776 1762 dimanavit.

530 1799 692 1858 Vens.
740 1801 928 1856 15-17.
985 1821 1003 1855 ι
1041 1801 1106 1857 Et
1152 1802 1253 1857 bac
1312 1803 1644 1860 conﬁdentia
1695 1805 1834 1859 volui
1890 1805 2046 1875 prius

452 1895 641 1950 venire
669 1894 736 1950 ad
770 1910 890 1961 vos,
925 1903 984 1950 ut
1012 1894 1316 1951 secundam
1361 1897 1600 1963 gratiam
1655 1897 1958 1963 haberetis,
1991 1907 2047 1953 et

451 2003 547 2057 per
577 2001 676 2042 vos
736 1987 977 2044 transire
1000 1988 1057 2043 in
1117 1987 1522 2056 Macedoniam,
1558 1998 1614 2045 et
1642 1990 1840 2046 iterum
1869 2007 1898 2046 a
1931 1989 2046 2044 Ma-

450 2080 681 2134 cedonia
709 2080 896 2137 venire
925 2080 993 2134 ad
1025 2095 1142 2146 vos,
1167 2091 1220 2137 et
1249 2080 1449 2138 avobis
1472 2081 1673 2138 deduci
1699 2083 1754 2138 in
1779 2080 2042 2139 Judaeam.

449 2171 588 2228 Cum
633 2188 765 2245 ergo
801 2175 903 2229 hoc
936 2175 1262 2239 voluissem,
1302 2195 1321 2228 ι

521 2348 638 2413 Qua
669 2349 864 2419 utique
893 2348 947 2402 in
978 2349 1137 2404 vobis
1167 2364 1407 2406 maxnne
1439 2350 1698 2406 ﬁduciam
1732 2365 2039 2420 ponamus;

452 2454 561 2512 qua
612 2440 918 2511 gloriamur
975 2443 1029 2497 in
1055 2441 1236 2507 vobis,
1262 2451 1316 2495 et
1369 2443 1544 2514 gloria
1606 2451 1797 2499 nostra
1827 2457 1924 2498 vos
1951 2457 2044 2499 es-

452 2533 549 2588 tis.

526 2624 688 2696 126
719 2642 738 2675 ι
771 2622 1028 2698 Nunquid
1062 2627 1285 2682 levitate
1318 2643 1454 2684 usus
1485 2629 1652 2684 sum?
1681 2637 1776 2683 aut
1799 2644 1922 2701 quas
1951 2644 2044 2685 co-

451 2714 586 2784 gito,
638 2715 945 2771 secundum
996 2731 1220 2773 carnem
1280 2718 1489 2788 cogito,
1525 2729 1582 2775 ut
1611 2720 1684 2776 sit
1727 2721 1870 2791 apud
1929 2734 2037 2787 me,

452 2805 570 2873 Est,
611 2816 715 2875 est,
747 2816 821 2874 et,
852 2805 998 2876 Non,
1019 2811 1170 2864 non?

520 2897 639 2965 Qua
664 2897 732 2954 de
761 2914 929 2956 causa
962 2917 1074 2956 non
1104 2904 1250 2970 veni,
1282 2903 1504 2975 inquit?
1537 2906 1784 2976 nunquid
1818 2905 2041 2962 levitate

451 2997 506 3043 et
535 2990 838 3046 mobilitate
860 2992 1076 3048 animi?
1105 3009 1472 3067 nequaquam.
1509 2994 1690 3052 Eccur
1722 2997 1891 3052 vero?
1912 2997 2040 3068 quia

452 3096 573 3150 qua:
624 3096 894 3152 propono,
943 3099 1053 3138 non
1115 3087 1421 3142 secundum
1479 3101 1703 3142 carnem
1765 3101 2038 3158 propono.

452 3173 700 3240 Quorum
726 3174 1017 3254 verborum
1041 3176 1168 3234 talis
1189 3187 1276 3234 est
1307 3195 1542 3236 sensus:
1569 3179 1820 3236 Carnalis
1848 3181 2038 3245 homo,

452 3266 565 3320 sive
595 3265 690 3334 qui
739 3267 904 3323 rebus
945 3270 1315 3337 praesentibus
1366 3271 1625 3328 addictus
1655 3279 1780 3336 .est,
1813 3279 1868 3326 et
1901 3286 2037 3342 ope-

449 3359 684 3416 rationis
725 3359 974 3432 Spiritus
1027 3379 1224 3422 exsors
1255 3366 1503 3432 exsistit,
1561 3382 1792 3439 quoquo
1817 3382 2039 3424 versum

450 3451 603 3508 abire
653 3463 837 3523 potest
883 3463 940 3510 et
986 3456 1252 3513 oberrare
1278 3473 1389 3527 quo
1441 3460 1703 3515 voluerit.
1745 3459 1854 3526 Qui
1909 3473 2042 3515 vero

449 3543 662 3614 Spiritu
715 3547 925 3618 agitur,
988 3564 1099 3603 non
1157 3557 1341 3621 potest
1373 3550 1580 3621 ubique
1609 3550 1898 3607 sententia;
1927 3565 2044 3607 sua;

441 3635 704 3695 dominus
762 3654 907 3702 esse,
958 3641 1168 3711 quippe
1230 3655 1400 3712 quam
1451 3643 1522 3696 ab
1558 3643 1650 3696 illa
1707 3641 2042 3698 auctoritate

448 3728 778 3797 pendentem
835 3729 1060 3785 habeat.
1098 3731 1204 3786 Sed
1261 3747 1597 3803 quocunque
1645 3733 1876 3806 Spiritui
1912 3735 2040 3791 libi-

449 3827 565 3872 tum
621 3821 731 3875 erit
761 3821 1005 3889 ducitur,
1043 3823 1201 3894 isque
1247 3823 1427 3894 jussis
1456 3825 1730 3883 berilibus
1761 3827 2039 3883 obsecun-

448 3911 560 3965 dat.
595 3912 686 3967 Ait
702 3929 870 3986 ergo:
903 3914 1230 3974 Nullatenus
1263 3934 1386 3974 sum
1419 3935 1451 3974 a
1480 3921 1883 3992 gubernatione
1913 3920 2040 3992 Spi-

447 4004 590 4062 ritus
621 4007 858 4073 alienus,
890 4023 994 4064 nec
1046 4025 1218 4080 penes
1257 4026 1346 4066 me
1378 4021 1466 4068 est
1498 4013 1632 4068 illuc
1669 4028 1896 4083 pergere
1925 4029 2038 4085 quo

447 4098 702 4152 voluero.
727 4097 995 4156 Paracleti
1022 4103 1296 4173 siquidem
1320 4103 1560 4174 jussioni
1584 4121 1706 4160 sum
1735 4105 2034 4168 obnoxius,

446 4191 680 4262 ipseque
732 4192 865 4246 mihi
899 4195 1188 4267 praecipit:
1224 4197 1434 4253 idcirco
1493 4198 1680 4253 venire
1719 4212 1829 4252 non
1861 4198 2036 4269 potui,

445 4283 576 4353 quia
629 4299 790 4340 secus
823 4285 999 4341 visum
1059 4297 1146 4344 est
1173 4287 1429 4361 Spiritui.
1465 4287 1579 4345 Hoc
1607 4305 1775 4362 porro
1806 4291 1860 4345 in
1886 4291 2038 4344 Acti-

447 4378 550 4433 bus
579 4377 749 4432 etiam
775 4379 1161 4447 apostolorum
1190 4382 1466 4453 scriptum
1499 4391 1608 4447 est,
1641 4398 1766 4437 eum
1785 4383 1833 4438 is
1855 4383 2039 4452 aliquo

449 4483 678 4540 pergere
728 4474 1046 4540 statuisset,
1082 4475 1325 4543 iussisse
1350 4475 1624 4545 Spiritum
1650 4483 1708 4529 nt
1736 4475 1847 4531 alio
1874 4477 2039 4530 vade-

2149 623 2276 660 νων.

2227 715 2244 747 ι
2281 698 2516 763 Ἐλπίζω
2545 698 2601 752 δέ
2630 699 2806 768 κάγὼ,
2843 701 2922 752 ὅτι
2982 701 3088 764 ἓως
3119 701 3308 764 τέλους
3340 698 3746 768 ἐπιγνώσεσθε,

2150 786 2334 850 καθὼς
2359 789 2454 841 καὶ
2478 787 2755 857 ἐπέγνωτε
2785 790 2936 860 ἡμᾶς
2961 789 3071 843 ἀπὸ
3107 790 3332 860 μέρους.

2230 879 2366 931 Ἀπὸ
2409 877 2518 932 τῶν
2569 879 2954 950 παρελθόντων
2999 881 3288 936 πιστοῦται
3329 880 3400 935 τὰ
3448 881 3744 953 μέλλοντα.

2150 964 2303 1033 Εἶτα,
2339 971 2427 1023 καὶ
2454 971 2554 1042 οὐχ
2592 971 2781 1035 ἁπλῶς
2812 970 2968 1025 τοῦτο
2996 973 3340 1045 ἀπεφήνατο,
3365 973 3503 1027 ἀλλὰ
3530 972 3594 1026 τὸ
3627 973 3748 1026 πᾶν

2149 1063 2493 1135 ἐπιρρίπτων
2523 1062 2599 1133 τῷ
2630 1062 2773 1134 Θεῷ,
2805 1063 2898 1116 καὶ
2923 1065 2990 1135 τῇ
3023 1065 3105 1128 εἱς
3138 1065 3301 1119 αὐτὸν
3323 1065 3519 1119 ἐλπίδι.

2228 1175 2244 1204 ι
2277 1156 2399 1209 ’Ὁτι
2431 1154 2698 1226 καύχημα
2748 1155 2904 1227 ὑμῶν
2934 1157 3126 1228 ἐσμεν,
3158 1157 3413 1228 καθάπερ
3452 1159 3547 1212 καὶ
3578 1158 3750 1227 ὑμεῖς

2149 1247 2326 1320 ἡμῶν,
2361 1250 2419 1301 ἐν
2443 1251 2509 1320 τῇ
2544 1249 2730 1320 ἡμέρᾳ
2755 1249 2850 1302 τοῦ
2879 1250 3090 1321 Κυρίου
3123 1250 3282 1322 ἡμῶν
3318 1249 3518 1320 Ἰησοῦ.
3543 1270 3561 1302 ι

2233 1339 2501 1394 Ἐνταῦθα
2556 1342 2647 1396 τὸν
2717 1345 2781 1395 ἐκ
2839 1341 2948 1395 τῶν
3007 1346 3316 1414 εἰρημένων
3371 1341 3748 1414 ὑποτέμνεται

2150 1431 2346 1500 φθόνον
2393 1433 2427 1504 ἢ
2479 1432 2682 1503 ἐριδας,
2721 1432 2918 1497 αὐτοὺς
2965 1435 3061 1488 καὶ
3103 1435 3392 1498 κοινωνοὺς
3425 1434 3598 1488 ποιῶν
3639 1437 3749 1505 τῆς

2148 1523 2305 1595 δόξης
2345 1524 2455 1579 τῶν
2513 1523 2685 1579 αὐτοῦ
2747 1526 3219 1597 κατορθωμάτων.
3256 1527 3332 1580 Οὐ
3383 1526 3493 1597 γὰρ
3543 1527 3750 1596 μέχρις

2150 1616 2308 1686 ἡμῶν
2366 1618 2701 1689 κατήντησε,
2741 1618 2897 1689 φησὶ,
2954 1618 3092 1672 ἀλλὰ
3128 1619 3224 1672 καὶ
3282 1618 3364 1682 εἰς
3415 1619 3565 1689 ἡμᾶς
3615 1618 3747 1673 διας

2150 1709 2348 1766 ϐαίνει.

2229 1821 2246 1853 ι
2279 1801 2390 1856 Καὶ
2439 1802 2613 1875 ταύτῃ
2645 1804 2712 1875 τῇ
2751 1802 3081 1873 πεποιθήσει
3127 1801 3432 1874 ἐϐουλόμην
3470 1801 3750 1873 πρότερον

2155 1893 2292 1965 πρὸς
2323 1894 2468 1964 ὑμᾶς
2509 1893 2710 1962 ἐλθεῖν,
2753 1894 2844 1950 ἴνα
2885 1896 3147 1967 δευτέραν
3198 1894 3358 1967 χάριν
3409 1893 3598 1964 σχῆτε,
3641 1897 3748 1946 καὶ

2153 1987 2219 2040 δι’
2252 1986 2409 2056 ὑμῶν
2431 1985 2688 2040 ἀπελθεῖν
2739 1989 2819 2051 εἰς
2866 1986 3232 2052 Μακεδονίαν,
3275 1985 3372 2039 καὶ
3420 1985 3584 2038 πάλιν
3629 1985 3752 2038 ἀπὺ

2153 2079 2497 2141 Μακεδονίας
2531 2077 2708 2132 ἐλθεῖν
2753 2079 2891 2150 πρὸς
2939 2078 3103 2148 ὑμᾶς,
3135 2076 3230 2131 καὶ
3279 2077 3370 2145 ὑφ’
3397 2072 3556 2146 ἡμῶν
3602 2091 3748 2143 προ-

2154 2169 2478 2244 πεμφθῆναι
2513 2171 2594 2234 είς
2643 2169 2741 2240 τήν
2796 2169 3082 2224 Ἰουδαίαν.
3116 2166 3291 2222 Τοῦτο
3329 2162 3428 2222 οὖν
3474 2166 3750 2238 βουλόμε-

2153 2279 2262 2326 νος,
2291 2282 2309 2314 ι

2223 2353 2298 2407 Τὸ
2330 2355 2536 2426 σφόδρα
2583 2354 2809 2427 θαρρεῖν
2841 2353 2995 2425 ὑμῖν,
3032 2353 3094 2408 τὸ
3121 2353 3434 2425 καυχᾶσθαι
3464 2351 3550 2422 ἐφ’
3584 2351 3750 2420 ὑμῖν,
3827 2381 3829 2385 ι

2151 2445 2248 2500 καὶ
2275 2445 2540 2517 καύχημα
2566 2445 2726 2518 ἡμῶν
2756 2445 2903 2516 ὑμᾶς
2929 2440 3091 2500 εἶναι.

2229 2645 2246 2678 ι
2278 2626 2427 2696 Μήτι
2465 2626 2574 2697 ἄρα
2601 2628 2668 2698 τῇ
2691 2625 2929 2698 ἐλαφρίᾳ
2956 2625 3318 2698 ἐχρησάμην;
3351 2625 3384 2696 ἢ
3414 2623 3451 2678 ἃ.
3483 2622 3742 2694 βουλεύο-

2153 2737 2276 2790 μαι,
2313 2719 2456 2773 κατὰ
2487 2719 2671 2791 σάρκα
2723 2717 3075 2790 βουλεύομαι,
3120 2718 3209 2772 ἵνα
3339 2717 3470 2785 παρ’
3509 2717 3635 2787 ἐμοὶ
3679 2713 3742 2766 τὺ

2151 2809 2280 2877 Ναὶ,
2314 2809 2424 2876 ναὶ,
2454 2810 2549 2864 καὶ
2575 2810 2657 2878 τὸ,
2678 2807 2776 2876 OB,
2801 2810 2894 2878 ob;
2924 2828 2944 2862 ξ

2222 2901 2382 2967 Τίνος
2405 2903 2593 2956 ἕνεκεν
2637 2902 2738 2955 οὐκ
2771 2896 2958 2971 ἦλθον,
2996 2901 3199 2973 φησίν;
3241 2895 3353 2972 ἆρα
3398 2902 3478 2964 ὼς
3534 2898 3742 2969 κοῦφος

2151 2995 2248 3048 καὶ
2277 2992 2608 3064 εὐριπιστής
2635 3009 2649 3058 ;
2673 2993 2950 3064 οὐδαμῶς.
2994 2992 3156 3046 Ἀλλὰ
3175 2992 3263 3046 διὰ
3286 2991 3375 3058 τί;
3399 2991 3523 3044 ’Ότι
3550 2990 3586 3044 ἃ
3614 2990 3741 3059 βου-

2148 3086 2402 3156 λεύομαι,
2437 3086 2500 3139 οὺ
2548 3086 2690 3140 κατὰ
2746 3087 2929 3157 σάρκα
2985 3084 3331 3156 βουλεύομαι.
3371 3084 3437 3137 '0
3485 3082 3541 3137 δὲ
3589 3082 3740 3150 λέγει

2147 3175 2392 3230 τοιοῦτόν
2424 3177 2595 3230 ἐστιν·
2637 3177 2696 3228 '0
2726 3175 2992 3247 σαρκικὸς
3025 3174 3340 3247 ἄνθρωπος,
3373 3172 3678 3239 τουτέστιν,
3709 3175 3741 3225 6

2147 3271 2259 3333 τοῖς
2287 3267 2523 3340 παροῦσι
2555 3265 2849 3338 πράγμασι
2899 3265 3348 3338 προσηλωμένος,
3386 3264 3480 3317 καὶ
3506 3262 3606 3333 τῆς
3638 3262 3739 3315 τοῦ

2147 3361 2290 3415 Πνεύ
2297 3379 2468 3432 ματος
2487 3359 2770 3432 ἐνεργείας
2792 3359 2949 3424 ἐκτὸς
2967 3357 3556 3430 τυγχάνων,πανταχοῦ
3577 3358 3740 3412 ἀπιέ-

2147 3471 2238 3505 ναι
2272 3452 2524 3516 δύναται,
2562 3452 2656 3506 καὶ
2710 3449 3023 3505 πλανᾶσθαι
3081 3451 3216 3504 ὅπου
3261 3449 3532 3521 βούλεται.
3569 3447 3632 3504 ’0
3676 3448 3736 3500 δὲ

2147 3545 2254 3600 ὑπὸ
2295 3543 2392 3597 τοῦ
2435 3543 2756 3614 Πνεύματος
2800 3541 3091 3612 ἀγόμενος,
3119 3542 3178 3595 οὐ
3208 3542 3308 3612 τῆς
3351 3539 3546 3594 ἐαυτοῦ
3591 3538 3740 3608 γνώ-

2149 3655 2256 3710 μης
2308 3635 2589 3709 πανταχοῦ
2640 3636 2871 3692 δύναται
2916 3635 3108 3707 κύριος
3163 3632 3472 3705 εἶναιξτῆς
3519 3632 3737 3687 ἐκεῖθεν

2145 3730 2394 3795 ἐξουσίας
2449 3729 2759 3801 ἐξαρτήσας
2796 3728 2990 3800 αὐτὴν,
3043 3727 3161 3780 ἀλλ’
3222 3727 3359 3780 ὅπου
3423 3726 3491 3779 ἂν
3556 3725 3740 3777 ἐκεῖνο

2147 3825 2430 3896 βούληται,
2477 3823 2695 3891 ἄγεται,
2739 3822 3085 3883 δεσποτικοίς
3135 3818 3479 3888 παλαίσμασι
3510 3815 3737 3887 χρώμε-

2143 3934 2253 3982 νος.
2283 3915 2456 3969 Τοῦτο
2489 3910 2582 3969 οῦν
2627 3931 2816 3984 φησιν,
2849 3915 2930 3966 ὅτι
2963 3912 3078 3965 Οὐκ
3118 3909 3236 3980 εἰμὶ
3267 3909 3367 3980 τῆς
3416 3907 3509 3962 τοῦ
3555 3907 3739 3961 ΙΙνεὺ-

2145 4025 2315 4080 ματος
2347 4007 2505 4071 ἐκτὸς
2537 4005 2950 4078 κυϐερνήσεως,
2987 4001 3109 4056 οὒδέ
3145 4000 3400 4066 ἐξουσίαν
3437 3999 3548 4071 ἔχω
3581 3998 3738 4066 βοιδί⁴

2143 4100 2258 4166 ζειν
2292 4101 2427 4154 ὅπου
2477 4097 2762 4170 βούλομαι.
2818 4097 2930 4150 Kal
2973 4097 3084 4168 γὰρ
3138 4096 3436 4166 ὑπόκειμαι
3484 4093 3564 4164 τῷ
3615 4094 3739 4146 ἐπει

2142 4193 2387 4263 τάγματι
2441 4188 2536 4244 τοῦ
2597 4188 2996 4262 Παρακλήτου,
3051 4188 3146 4242 καὶ
3196 4187 3581 4258 ἐπιτάττομαι.
3633 4188 3740 4238 Διά

2141 4284 2301 4337 τοῦτο
2334 4284 2434 4338 οὐκ
2468 4282 2742 4354 ἠδυνήθην
2779 4281 2978 4348 ἐλθεῖν,
3017 4282 3078 4334 οὐ
3111 4281 3218 4350 γὰρ
3262 4280 3408 4344 ἔδοξε
3447 4277 3526 4349 τῷ
3563 4276 3738 4332 [hisd-

2147 4394 2298 4449 ματι.
2333 4377 2505 4430 Τοῦτο
2530 4376 2586 4429 δὲ
2613 4377 2706 4430 καὶ
2737 4379 2796 4430 ἐν
2834 4377 2955 4439 ταῖς
2997 4373 3233 4445 πράξεσι
3267 4372 3377 4425 τῶν
3413 4370 3739 4426 ἀποστόλων

2145 4471 2478 4541 γέγραπται.
2521 4467 2782 4539 Ἀλλαχοῦ
2815 4467 2924 4539 γὰρ
2961 4465 3404 4539 Προαιρούμενον
3439 4463 3639 4527 ἐλθεῖν,
3672 4462 3743 4515 τὸ

449 4572 533 4618 ret
557 4562 600 4617 ⁸.
631 4562 753 4619 Non
803 4581 938 4636 ergo
961 4567 1174 4622 levitati
1206 4583 1363 4632 meae,
1399 4568 1502 4622 hoc
1540 4575 1646 4633 est,
1674 4584 1784 4623 non
1819 4569 2040 4624 mobili-

2166 4565 2376 4636 Ινεῦμα
2411 4563 2647 4635 ἀλλαχοῦ
2699 4563 2938 4633 βαδίζειν
2975 4561 3283 4616 ἐκέλευσεν.
3316 4559 3479 4612 ’Ὥστε
3523 4557 3586 4611 οὐ
3634 4557 3736 4625 τῆς

447 4655 546 4708 tati
594 4657 762 4710 animi
815 4657 1169 4714 tribuendum
1230 4659 1377 4729 quod
1434 4674 1543 4714 non
1602 4660 1896 4729 venerim;
1939 4661 2036 4715 sed

447 4749 696 4817 Oportuit
743 4759 802 4804 ut
851 4751 945 4822 qui
991 4751 1224 4822 Spiritui
1263 4752 1521 4810 subditus
1553 4770 1700 4821 sum,
1732 4755 1907 4811 eidem
1944 4757 2039 4810 ob-

448 4846 834 4909 temperarem.

525 4929 691 4988 Veas.
718 4932 805 4986 18.
854 4952 872 4985 ι
902 4933 1108 4992 Fidelis
1131 4945 1317 4992 autem
1351 4938 1518 5002 Deus,
1567 4939 1697 5010 quia
1733 4955 1914 4996 sermo
1940 4956 2039 4994 no—

448 5029 584 5088 ster,
605 5024 700 5093 qui
730 5025 835 5080 fuit
865 5027 920 5083 in
952 5028 1072 5097 illo,
1094 5029 1212 5094 Est,
1237 5038 1313 5094 et,
1337 5030 1477 5086 Non.
1513 5050 1530 5083 ι

428 5151 453 5160 -
519 5113 900 5188 Emergentem
925 5121 1295 5192 objectionem
1319 5124 1504 5178 solvit.
1531 5126 1742 5181 Dixerit
1764 5126 2036 5196 quispiam

449 5204 495 5260 si
525 5219 634 5260 non
663 5215 750 5262 est
775 5210 918 5279 apud
952 5221 1025 5275 te,
1057 5211 1177 5278 Est,
1210 5223 1286 5279 et,
1316 5213 1471 5280 Non;
1494 5232 1592 5272 cur
1619 5218 1852 5287 posthac
1886 5234 2040 5273 ever-

450 5298 543 5364 tis,
573 5314 699 5368 quae
725 5302 886 5358 modo
915 5308 1149 5370 asseris,
1202 5307 1670 5376 quemadmodum
1707 5311 1776 5364 de
1810 5325 2039 5366 accessu

453 5399 546 5444 tuo
579 5390 812 5461 loquens
844 5393 1062 5451 fecisti?
1113 5396 1208 5451 Va:
1245 5399 1403 5454 nobis
1434 5400 1481 5454 si
1511 5415 1753 5470 unquam
1809 5401 1860 5456 id
1892 5403 2042 5457 acci-

455 5481 532 5536 dit
555 5483 610 5538 in
638 5487 1034 5556 praedicatione
1066 5499 1278 5546 nostra.
1304 5491 1492 5562 Itaque
1515 5508 1584 5546 ne
1616 5493 1730 5547 haec
1749 5495 2042 5565 cogitando

458 5576 926 5651 perturbarentur,
956 5583 1034 5636 ait
1065 5601 1079 5636 :
1115 5582 1264 5636 Nihil
1311 5584 1421 5638 tale
1463 5586 1696 5656 contigit
1730 5586 1784 5641 in
1845 5589 2044 5658 praedi-

459 5666 765 5726 cationibus
792 5674 952 5730 meis.
981 5673 1230 5728 Ilnmana
1262 5671 1540 5744 siquidem
1589 5677 1880 5736 mendacio
1909 5692 2037 5736 sunt

510 5843 533 5876 δ
577 5846 699 5904 Act.
726 5865 839 5915 xw,
884 5850 935 5904 7.

2147 4660 2291 4730 ἐμῆς
2324 4658 2619 4730 ἐλαφρίας,
2660 4657 2971 4721 τουτέστιν,
3003 4655 3128 4709 οὔτε
3159 4657 3259 4725 τῆς
3308 4652 3643 4722 κουφότητος
3673 4650 3742 4703 τὸ

2151 4755 2227 4826 μὴ
2247 4753 2445 4819 ἐλθεῖν,
2468 4751 2606 4806 ἀλλὰ
2623 4753 2702 4822 τὸ,
2724 4751 2804 4822 τῷ
2828 4749 3109 4821 Πνεῦματι
3133 4747 3518 4819 ὑποκείμενον,
3539 4745 3740 4814 ἐκείνῳ

2149 4845 2459 4900 πείθεσθαι.

2229 4959 2247 4989 ε
2277 4940 2476 5002 Πιστὸς
2509 4938 2565 4992 δὲ
2587 4939 2614 4991 6
2647 4938 2802 5003 Θεὸς,
2831 4937 2916 4990 ὅτι
2942 4937 2972 4988 6
2999 4934 3157 5003 λόγος
3185 4935 3219 5004 ἡ
3229 4932 3344 5004 μῶν
3375 4933 3403 4985 6
3432 4930 3566 5002 πρὸς
3592 4930 3746 5000 ὑμᾶς

2149 5032 2248 5084 οὐκ
2279 5030 2499 5099 ἐγένετο
2525 5030 2658 5091 Ναὶ,
2690 5030 2804 5095 καὶ,
2829 5027 2925 5082 Οὔ.
2965 5046 2984 5078 ι

2237 5123 2538 5178 ’Λντίθεσιν
2569 5120 2989 5177 ἀνακύπτουσαν
3019 5119 3156 5172 λύει.
3189 5119 3252 5172 Εί
3279 5118 3379 5170 οὐκ
3409 5114 3545 5181 ἔστι,
3579 5111 3747 5180 φησὶ,

2152 5219 2304 5289 παρὰ
2339 5219 2423 5271 σοὶ
2467 5217 2527 5270 τὸ
2555 5218 2688 5281 Ναί,
2729 5215 2844 5280 καὶ,
2883 5214 2988 5279 Οὒ,
3018 5214 3156 5268 ἀλλὰ
3190 5213 3226 5267 ἃ
3259 5210 3354 5266 νῦν
3378 5209 3579 5277 λέγεις,
3610 5209 3751 5261 ἀνα-

2149 5311 2374 5378 τρέπεις
2409 5309 2549 5378 μετὰ
2582 5306 2780 5370 ταῦτα,
2813 5303 3004 5376 ὥσπερ
3041 5306 3133 5356 ἐπὶ
3177 5301 3279 5372 τῆς
3319 5298 3617 5370 ἐπιδημίας
3641 5296 3749 5366 τῆς

2151 5403 2254 5471 σῆς
2291 5401 2580 5469 ἐποίησας,
2623 5399 2750 5452 οὐαὶ
2795 5399 2929 5467 ἡμῖν
2965 5397 3039 5468 μή
3071 5412 3201 5450 ποτε
3229 5395 3326 5448 καὶ
3359 5394 3418 5448 ὲν
3447 5390 3530 5461 τῷ
3561 5391 3749 5461 κηρύ-

2151 5511 2324 5564 γματι
2359 5491 2519 5545 τοῦτο
2549 5490 2795 5560 γέγονεν.
2827 5489 2947 5541 Ἵνα
2974 5483 3068 5548 οὖν
3113 5487 3189 5559 μὴ
3219 5485 3393 5540 ταῦτα
3431 5481 3750 5543 ἐννοοῦντες

2152 5575 2750 5660 πράττωνται,.φησὶν
2801 5582 2886 5636 ὅτι
2943 5582 3046 5637 οὐκ
3094 5581 3188 5634 ἐπὶ
3234 5578 3329 5633 τοῦ
3379 5576 3755 5648 κηρύγματος

2149 5679 2326 5743 οὕτως
2351 5678 2588 5747 ἐγένετο.
2623 5676 2702 5729 Τὰ
2737 5675 2836 5746 μὲν
2871 5674 2981 5744 γὰρ
3012 5671 3333 5745 ἀνθρώπινα
3379 5670 3582 5724 οἴονται
3619 5665 3753 5720 δια-
