3970 6442
316 407 394 466 715
863 336 904 356 ﬁ
1392 388 1474 452 IN
1514 390 1756 451 EPIST.
1786 389 1882 448 AD

2010 386 2289 445 'RINTH.
2341 383 2422 443 II.

3440 376 3546 444 7H

309 514 594 584 ψευσθῆναι,
628 509 695 564 τὰ
741 508 799 562 δὲ
830 504 924 558 τοῦ
966 502 1100 557 Θεοῦ
1152 501 1250 572 οὐχ
1295 501 1492 564 οὕτως.
1539 502 1631 554 Διό
1677 515 1847 570 «metu

2010 497 2200 554 onoxia
2229 514 2242 549 :
2275 502 2331 548 at
2379 506 2490 547 non
2539 492 2665 546 item
2697 505 2762 545 ea
2802 505 2927 562 quze
2979 490 3074 546 Dei
3138 499 3291 547 sunt.
3344 491 3548 558 Quam-

306 606 494 669 Πιστὸς
524 605 556 656 ό
593 600 758 664 Θεὸς,
791 597 1074 651 τουτέστιν
1103 593 1332 664 ἀληθής.
1380 591 1473 662 Μὴ
1508 592 1690 646 τοίνυν
1723 590 1856 642 ὑπό-

309 715 442 751 πιευε
482 697 551 748 τὰ
588 693 800 747 ἐκείνου
851 691 1027 753 οὕτως
1051 703 1063 716 ’
1108 687 1260 740 οὐδὲν
1291 686 1400 756 γὰρ
1448 687 1504 737 ἐν
1555 683 1737 747 αὐτοῖς
1767 682 1859 735 ἀν-

306 789 571 862 θρώπινον.

358 923 379 956 ι
410 903 464 956 ’0
494 899 604 971 γὰρ
624 897 718 952 τοῦ
739 896 874 950 Θεοῦ
908 894 1038 958 Υίὸς
1075 891 1280 964 ιΙησοῦς·
1320 892 1624 960 Χριστὸς,ὑ
1648 891 1706 942 ἐν
1731 888 1859 957 ὑμῖν

303 991 520 1062 δι’ήμῶν
549 987 874 1059 κηρυχθείς,
916 985 983 1038 δι’
1015 983 1154 1055 ἐμοῦ
1188 983 1284 1036 καί⁵
1311 979 1599 1034 Σιλουανοῦ
1635 977 1730 1031 καὶ
1769 978 1861 1031 Τι-

307 1082 497 1155 μοθέου,
528 1080 629 1133 οὐκ
651 1079 872 1145 ἐγένετο
897 1073 1019 1142 ναὶ,
1043 1073 1159 1138 καὶ,
1197 1070 1290 1126 οὔ.
1323 1090 1342 1121 ι

365 1193 578 1264 Ἐπειδὴ
607 1185 731 1244 εἷπε
783 1188 991 1258 λόγον,
1040 1185 1239 1254 ἐπάγει
1269 1182 1457 1236 λοιπὸν
1499 1183 1654 1235 ποῖον
1699 1178 1860 1247 λόγον

303 1287 433 1359 φησί.
462 1285 538 1338 Τὸ
585 1282 664 1348 δὲ,
712 1281 849 1346 ναὶ,
900 1278 1016 1342 καὶ,
1061 1278 1164 1342 οὐ,
1212 1275 1371 1329 τοῦτο
1409 1271 1689 1344 σημαίνει.
1749 1268 1864 1323 Οὐκ

301 1378 569 1452 ἐπέτρεψα,
617 1376 804 1446 φησὶν,
852 1370 889 1428 ἃ
936 1371 1204 1443 πρδτερόν
1247 1363 1402 1422 εἷπον
1449 1369 1506 1420 ἐν
1559 1363 1640 1436 τῷ
1689 1360 1866 1434 κηρύ-

299 1489 472 1543 γματι.
499 1468 635 1522 Οὑδέ
664 1465 760 1520 νῦν
795 1464 896 1536 μὲν
941 1462 1121 1526 τοῦτο,
1157 1460 1252 1515 νῦν
1282 1460 1339 1514 δέ
1382 1459 1558 1513 ἐκεῖνο
1585 1454 1866 1525 διελέχθην

299 1568 441 1637 ὑμῖν·
491 1561 653 1616 τοῦτο
687 1560 798 1630 γὰρ
843 1557 1029 1612 οὐκέτι
1079 1555 1338 1620 πίστεως,
1399 1551 1538 1608 ἀλλὰ
1585 1549 1866 1619 πεπλανη-

302 1657 456 1730 μένης
482 1653 723 1716 διανοίας
749 1650 921 1706 ἐστίν.

362 1790 379 1822 r
412 1768 596 1832 Ἀλλὰ,
616 1769 738 1834 ναί,
769 1767 828 1820 ἐν
866 1762 1016 1835 αὐτῷ
1047 1763 1264 1834 γέγονε.
1289 1781 1308 1814 ι

1966 593 2156 644 obrem
2188 586 2326 642 dicit
2359 603 2373 640 :
2412 582 2614 638 Fidelis
2639 582 2803 647 Deus,
2836 584 2888 637 id
2932 593 3040 646 est,
3082 599 3273 639 verax.
3309 583 3552 641 Promde

1968 697 2036 737 ne
2066 681 2164 736 tibi
2198 687 2458 750 suspecta
2491 677 2626 742 sint,
2650 691 2774 746 quae
2791 685 2920 731 sunt
2947 677 3117 733 illius.
3138 677 3196 732 lu
3235 677 3319 732 his
3347 677 3551 748 quippe

1967 774 2103 830 nihil
2132 782 2218 829 est
2244 770 2492 828 humani.

2038 887 2209 942 Vens.
2242 887 2328 942 l9.
2373 905 2391 938 ι
2421 885 2516 940 Dei
2541 885 2692 940 enim
2730 883 2905 940 Filius
2942 883 3101 940 Jesus
3142 883 3428 949 Christus,
3453 885 3549 956 qui

1969 983 2028 1036 in
2064 979 2224 1036 vobis
2257 994 2353 1050 per
2377 993 2479 1038 nos
2511 978 2845 1049 prmdicatus
2872 984 2978 1042 est,
3029 989 3127 1046 per
3160 991 3247 1033 me
3289 986 3344 1033 et
3371 977 3552 1032 Silva-

1858 1113 1884 1129 .
1971 1088 2099 1129 num
2134 1079 2188 1128 et
2207 1071 2582 1135 Timotheum,
2613 1085 2728 1126 non
2783 1068 2911 1136 fuit,
2939 1077 3038 1135 est,
3073 1076 3149 1134 et,
3181 1083 3306 1123 non.
3335 1088 3354 1121 ι

2041 1188 2182 1254 Quia
2239 1203 2532 1242 sermonem
2577 1187 2906 1253 nominavit,
2948 1184 3121 1241 infert
3153 1184 3316 1240 modo
3341 1185 3410 1240 de
3447 1201 3558 1254 quo

1971 1295 2224 1336 sermone
2267 1279 2438 1335 dicat.
2497 1279 2613 1336 Hoc
2663 1294 2829 1349 porro
2878 1278 3172 1348 signiﬁcat,
3203 1287 3304 1341 est,
3328 1284 3404 1342 et,
3430 1292 3556 1342 non,

1971 1369 2091 1425 Non
2157 1372 2349 1436 everti,
2387 1370 2587 1442 inquit,
2641 1385 2765 1441 quas
2810 1369 3046 1425 antehac
3102 1367 3453 1440 praedicando
3476 1367 3563 1422 di-

1971 1480 2182 1521 xeram.
2247 1463 2436 1536 Neque
2481 1480 2632 1520 nunc
2661 1464 2884 1536 quidem
2937 1464 3108 1529 istud,
3160 1465 3324 1519 modo
3375 1472 3561 1519 autem

1975 1553 2126 1610 aliud
2167 1554 2323 1612 vobis
2348 1571 2472 1612 sum
2497 1556 2734 1610 locutus.
2763 1552 2876 1610 Hoc
2903 1554 3051 1610 enim
3073 1553 3196 1609 ﬁdei
3229 1569 3338 1608 non
3366 1552 3560 1618 fuerit,

1977 1647 2075 1703 sed
2108 1647 2421 1704 oberrantis
2450 1647 2645 1703 animi.

2053 1782 2073 1816 ι
2102 1762 2235 1831 Sed,
2261 1773 2361 1829 est,
2399 1765 2456 1819 in
2487 1777 2554 1818 eo
2586 1762 2712 1818 fuit.
2753 1781 2776 1815 ς

356 1882 646 1938 Τουτέστιν
671 1881 810 1953 ὅπερ
838 1876 1013 1946 εἷπον,
1039 1874 1494 1950 ἀπαρασὸιλευτος
1525 1873 1621 1929 καὶ
1646 1872 1868 1944 βέϐαιος

2042 1879 2158 1938 Hoc
2208 1890 2318 1946 est,
2352 1897 2537 1938 sermo
2581 1896 2746 1953 quem
2810 1880 3194 1952 pronuntiavi,
3253 1876 3562 1934 immobilis

294 1977 318 2032 δ
342 1977 497 2046 λόγος
530 1976 705 2048 μένει.

361 2113 380 2147 ι
402 2095 570 2148 Ὅσαι
616 2091 728 2162 γὰρ
758 2088 1087 2158 ἐπαγγελίαι
1120 2085 1290 2152 Θεοῦ,
1333 2085 1393 2140 ἐν
1438 2082 1588 2154 αὐτῷ
1618 2081 1706 2153 τῷ
1736 2081 1841 2136 ναι
1858 2097 1874 2111 ·

289 2187 364 2242 διδ
390 2187 488 2241 καὶ
526 2186 596 2239 δι’
631 2183 802 2239 αὐτοῦ
834 2181 916 2250 τὸ,
968 2179 1140 2253 ἀμὴν,
1182 2177 1262 2250 τῷ
1291 2176 1412 2250 Θεῷ
1440 2177 1578 2250 πρὸς
1608 2173 1778 2240 ’δόξαν
1805 2174 1878 2228 δι’

294 2280 479 2352 ἡμῶν.
505 2297 524 2330 ι

353 2393 529 2447 Τοῦτό
560 2409 717 2464 φησι,
748 2390 840 2444 διὰ
869 2389 930 2444 τὸ
978 2386 1148 2442 πολλὰ
1181 2386 1243 2440 τὸ
1285 2386 1548 2458 κήρυγμα
1587 2383 1877 2455 ὐπισχνεῖο

287 2487 432 2551 σθαι,
459 2485 556 2539 καὶ
579 2483 777 2546 αὐτοὺς
813 2483 883 2535 τὰ
907 2480 1082 2534 πολλά
1105 2478 1278 2533 ταῦτα
1299 2476 1758 2548 ἐπαγγέλλεσθαι,
1783 2475 1880 2530 καὶ

288 2577 607 2650 κηρύττειν.
638 2575 749 2631 Καὶ
781 2575 892 2644 γὰρ
936 2573 1068 2645 περὶ
1097 2570 1456 2633 ἀναστάσεως
1497 2568 1877 2640 διελέχθησαν,

289 2673 382 2725 καὶ
411 2668 756 2741 ἀναλήψεως,
787 2668 884 2721 καὶ
930 2665 1062 2736 περὶ
1096 2661 1427 2734 ἀφθαρσίας,
1456 2662 1552 2716 καὶ
1599 2661 1729 2732 περὶ
1770 2660 1882 2714 τῶν

290 2763 550 2834 μεγάλων
588 2759 792 2826 ἄθλων,
846 2759 942 2811 καὶ
990 2756 1122 2828 περὶ
1149 2754 1261 2814 τῶν
1290 2753 1622 2825 ἀπορρήτων
1653 2751 1882 2806 ἐκείνων

281 2855 535 2926 ἀγαθῶν.
573 2853 796 2916 Ταύτας
840 2847 938 2905 οὖν
979 2850 1079 2914 τὰς
1113 2847 1448 2919 ἐπαγγελίας
1493 2846 1675 2919 μένειν
1717 2843 1882 2916 φησὶν

284 2949 607 3018 ἀκινήτους.
643 2944 719 2998 Οὐ
765 2942 874 3014 γὰρ
925 2941 1144 3010 ἐγένετο
1185 2943 1244 2994 ἐν
1304 2939 1490 3001 αὐτοῖς
1531 2937 1630 2992 ναὶ
1661 2937 1756 2990 καὶ
1785 2937 1880 3002 οὑ,

284 3041 602 3104 course-1w,
649 3038 712 3091 οὐ
749 3037 882 3091 ποτὲ
934 3035 1034 3106 μὲν
1074 3034 1252 3106 ἀληθῆ
1297 3032 1367 3086 τὰ
1412 3030 1717 3104 εἰρημένα,
1751 3029 1884 3084 ποτέ

282 3131 340 3185 δὲ
380 3128 586 3200 ψευδῆ,
637 3127 895 3198 καθάπερ
943 3127 977 3196 ἡ
1033 3122 1300 3196 ἐπιδημία
1349 3122 1384 3192 ἡ
1433 3121 1583 3192 ἐμὴ,
1627 3119 1745 3174 ἀλλ’
1793 3119 1885 3173 ἀεὶ

282 3224 493 3294 ἀληθῆ.

356 3314 508 3369 Είδέ
543 3313 581 3369 ἃ.
618 3311 908 3383 ὑπέσχετο,
961 3309 1177 3382 βέϐαια,
1233 3304 1416 3378 πολλῷ
1459 3303 1662 3377 μᾶλλον
1702 3302 1890 3371 αὐτὸς,

279 3408 389 3462 καὶ
417 3407 446 3460 ὁ
477 3407 611 3479 περὶ
638 3404 806 3461 αὐτοῦ
837 3404 1016 3473 λόγος.

363 3519 392 3554 ι
419 3501 482 3555 '0
495 3500 554 3554 δὲ
575 3497 811 3570 βεϐαιῶν
826 3498 974 3569 ἡμᾶς
1007 3495 1106 3550 σὺν
1129 3495 1258 3568 ὑμῖν
1273 3497 1353 3560 εἰς
1371 3491 1631 3564 Χριστὸν,
1658 3490 1754 3544 καὶ
1769 3488 1893 3561 χρί-

281 3607 398 3655 σας
426 3592 576 3662 ἡμᾶς
601 3589 758 3654 Θεὸς,
793 3589 891 3643 καὶ
939 3587 1389 3658 σφραγισάμενος
1436 3585 1608 3656 ἡμᾶς,
1640 3583 1737 3637 καὶ
1765 3581 1894 3646 δοὺς

276 3684 383 3739 τὸν
413 3682 716 3756 ἀρραϐῶνα
731 3680 825 3736 τοῦ
858 3681 1000 3736 Πνεύ
1009 3697 1179 3752 ματος
1209 3681 1269 3733 ἐν
1293 3681 1415 3742 ταῖς
1435 3677 1689 3748 καρδίαις
1712 3673 1891 3746 ἡμῶν.

291 3773 456 3843 Ἐγὼ
497 3773 559 3828 δὲ
615 3774 873 3845 μάρτυρα
925 3773 1020 3826 τὸν
1065 3770 1200 3825 Θεὸν
1249 3767 1623 3838 ἐπικαλοῦμαι
1671 3766 1766 3819 ἐπὶ
1793 3764 1894 3837 τὴν

277 3868 442 3941 ἐμὴν
473 3867 676 3938 ψυχήν.
713 3885 733 3919 ›

363 3959 696 4024 Τουτέστιν,
725 3959 756 4013 ὁ
782 3958 860 4031 μὴ
891 3957 997 4012 ἐῶν
1019 3959 1171 4028 ἡμᾶς
1189 3953 1674 4029 ’παρασαλεύεσθαι
1705 3953 1772 4006 ἐκ
1793 3950 1897 4022 τῆς

276 4052 540 4116 πίστεως
565 4052 665 4123 τῆς
692 4052 773 4116 είς
795 4051 1053 4120 Χριστὸν,
1091 4050 1187 4104 καὶ
1225 4049 1385 4112 αὐτὸς
1416 4049 1445 4101 δ
1489 4047 1688 4118 χρίσας
1725 4045 1896 4116 ἡμᾶς,

281 4143 408 4199 καὶ
438 4143 564 4207 δοὺς
591 4144 654 4196 τὸ
683 4141 914 4215 Πνεῦμα
939 4145 997 4197 ἐν
1021 4144 1140 4206 ταῖς
1161 4137 1418 4212 καρδίαις
1445 4138 1627 4210 ἡμῶν,
1665 4135 1784 4199 πῶς
1826 4135 1898 4190 τὰ

280 4237 572 4310 μέλλοντα
599 4236 664 4290 οὐ
689 4236 912 4304 δίδωσι;
941 4235 1016 4289 Τὸ
1045 4235 1102 4289 δὲ
1128 4235 1351 4304 χρίσας
1381 4230 1542 4302 ἡμᾶς
1565 4231 1665 4284 καὶ
1698 4243 1895 4298 σφρα-

277 4321 653 4394 γισάμενος,
687 4322 787 4394 τὴν
817 4321 914 4375 τοῦ
947 4320 1268 4391 Πνεῦματος
1291 4318 1503 4389 δωρεὰν
1527 4314 1809 4385 σημαίνει.

373 4433 403 4469 σ
441 4413 571 4469 Ὀτι
619 4414 942 4486 φειδόμενος
981 4413 1138 4484 ὑμῶν
1169 4412 1355 4467 οὐκέτι
1394 4407 1562 4483 ἦλθον
1584 4410 1666 4472 είς
1695 4407 1900 4479 Κόριν-

1977 1981 2034 2031 et
2057 1973 2252 2031 ﬁrmus
2273 1986 2478 2031 manet.

2050 2084 2219 2144 Vens.
2259 2085 2350 2143 20.
2407 2107 2426 2140 ι
2462 2085 2742 2157 Quotquot
2787 2085 2934 2141 enim
2975 2093 3107 2143 sunt
3159 2085 3566 2158 promissione:

1979 2177 2100 2247 Dei,
2128 2190 2261 2236 sunt
2291 2181 2350 2236 in
2383 2181 2601 2239 illoest.
2632 2181 2760 2237 ldeo
2776 2189 2830 2236 et
2863 2194 2962 2252 per
2983 2182 3188 2251 ipsum,
3219 2180 3419 2247 Anien,
3452 2177 3568 2234 Deo

1979 2271 2048 2325 ad
2068 2271 2296 2342 gloriam
2329 2285 2430 2342 per
2465 2287 2593 2334 nos,
2625 2289 2645 2324 ι

2055 2381 2148 2442 Sic
2205 2387 2472 2458 laquitur,
2514 2402 2581 2443 eo
2619 2384 2771 2458 quod
2806 2381 3210 2458 praedicatione
3245 2381 3419 2441 multa
3441 2400 3569 2457 pro-

1981 2483 2358 2548 mitterentur,
2419 2491 2474 2538 et
2507 2482 2745 2553 apostoli
2779 2483 2955 2536 multa
3006 2481 3123 2536 haec
3173 2474 3575 2552 pollicerentur

1981 2585 2038 2632 et
2068 2575 2489 2632 annuntiarent.
2543 2573 2680 2628 Nam
2741 2575 2884 2630 etde
2930 2570 3345 2630 resurrectione
3384 2568 3573 2630 disse-

1981 2677 2229 2737 ruerant,
2255 2683 2473 2725 necnon
2516 2667 2586 2723 de
2619 2667 3026 2737 assumptione,
3051 2673 3107 2721 et
3134 2665 3572 2730 immortalitate,

1982 2763 2053 2818 de
2097 2762 2417 2834 ingentibus
2468 2761 2732 2831 praemiis,
2767 2761 2911 2816 etde
2965 2761 3186 2817 arcanis
3241 2759 3352 2816 illis
3382 2760 3568 2815 bonis.

1985 2852 2101 2912 Has
2160 2865 2334 2926 porro
2387 2849 2818 2922 pollicitationes
2866 2866 3093 2907 manere
3123 2851 3380 2907 immotas
3409 2845 3569 2905 dicit.

1985 2943 2108 3000 Non
2145 2944 2295 3000 enim
2324 2942 2427 2998 luit
2466 2945 2523 2998 in
2555 2943 2659 3009 eis,
2691 2952 2792 3010 est,
2821 2951 2898 3007 et,
2927 2957 3072 3006 non;
3120 2945 3180 2996 ut
3212 2934 3552 3011 quandoque

1986 3051 2119 3092 vera
2151 3034 2360 3092 fuerint
2389 3050 2508 3105 qua:
2549 3031 2906 3101 dicebantur,
2951 3038 3006 3088 et
3043 3033 3375 3104 quandoque
3415 3031 3579 3100 falsa,

1989 3125 2462 3201 quemadmodum
2501 3125 2772 3182 adventus
2811 3139 3003 3194 meus;
3049 3124 3149 3182 sed
3187 3140 3317 3181 vera
3361 3137 3584 3197 semper

1911 3216 1956 3277 ο
1996 3222 2282 3278 exstitere.

2067 3311 2227 3382 127
2265 3309 2424 3378 Quod
2461 3310 2510 3367 si
2542 3308 2704 3365 ﬁrma
2733 3316 2904 3374 sunt,
2933 3323 3056 3379 quae
3082 3308 3343 3379 promisit
3363 3349 3378 3377 ,
3409 3309 3587 3365 multo

1993 3401 2170 3471 magis
2207 3403 2365 3472 ipse,
2398 3404 2453 3456 et
2481 3400 2578 3472 qui
2613 3400 2680 3456 de
2713 3401 2835 3470 ipso
2873 3414 3060 3455 sermo
3089 3400 3171 3453 ﬁt.

2065 3491 2234 3552 Vens.
2272 3493 2465 3548 21-23.
2497 3512 2515 3546 ι
2545 3492 2654 3560 Qui
2692 3501 2878 3548 autem
2919 3490 3217 3548 conﬁrmat
3249 3508 3351 3549 nos
3395 3491 3588 3551 vobis-

1996 3602 2122 3644 cum
2175 3589 2231 3643 in
2281 3588 2544 3653 Christo,
2579 3595 2636 3644 et
2674 3589 2772 3659 qui
2813 3588 2973 3643 unxit
3020 3604 3124 3645 nos
3168 3583 3347 3656 Deus,
3400 3598 3456 3645 et
3490 3590 3589 3661 qui

1998 3682 2236 3754 signavit
2273 3696 2411 3747 nos,
2459 3691 2518 3737 et
2559 3680 2715 3736 dedit
2764 3677 2928 3736 nobis
2979 3683 3182 3752 pignus
3238 3677 3480 3752 Spiritus
3531 3684 3588 3737 in

1997 3774 2267 3830 cordibus
2299 3775 2533 3830 nostris.
2570 3769 2686 3846 Ego
2719 3781 2905 3829 autem
2932 3773 3135 3829 testem
3179 3772 3351 3830 Deum
3391 3773 3592 3830 invoco

1999 3869 2057 3924 in
2085 3868 2330 3924 animam
2362 3883 2563 3924 meam.
2600 3887 2620 3921 ι

2071 3962 2190 4020 Hoc
2218 3973 2339 4031 est,
2378 3964 2480 4035 qui
2512 3978 2624 4019 non
2658 3960 2796 4020 sinit
2826 3978 2932 4018 nos
2967 3956 3174 4016 moveri
3218 3977 3246 4015 a
3282 3962 3390 4018 ﬁde
3423 3979 3593 4034 quam

2000 4053 2273 4112 habemus
2307 4056 2364 4110 in
2394 4053 2680 4110 Christum
2703 4098 2717 4121 ,
2747 4050 2957 4125 quique
2986 4065 3088 4107 nos
3123 4053 3318 4118 unxit,
3354 4062 3410 4108 et
3444 4054 3596 4108 dedit

2003 4146 2272 4219 Spiritum
2310 4145 2366 4202 in
2397 4145 2663 4203 cordibus
2693 4148 2907 4202 nostris
2927 4185 2941 4210 ,
2978 4144 3257 4214 quomodo
3285 4159 3396 4198 non
3434 4144 3597 4199 daret

1999 4235 2240 4292 futura?
2270 4233 2512 4292 Diceudo
2533 4235 2856 4305 'autem,qui
2887 4224 3078 4299 unxit,
3111 4239 3187 4301 et,
3212 4233 3302 4302 qui
3325 4234 3592 4304 signavit,

1999 4329 2210 4384 donum
2243 4325 2492 4398 Spiritus
2522 4326 2886 4399 signiﬁcavit.

2079 4439 2099 4474 ι
2137 4419 2294 4488 Quod
2333 4435 2567 4492 parcens
2603 4420 2796 4486 vobis,
2847 4433 2961 4475 non
3015 4415 3143 4476 veni
3193 4420 3338 4475 ultra
3393 4418 3596 4474 Corin-

280 4508 428 4563 θονθ
455 4507 564 4575 ὀὐχ
586 4507 669 4561 ὅτι
690 4507 1024 4581 κυριεύομεν
1053 4505 1211 4578 ὑμῶν
1242 4506 1344 4576 τῆς
1382 4502 1640 4565 πίστεως,
1669 4497 1786 4553 ἀλλ’
1815 4500 1882 4553 ὂτη

2010 4515 2161 4571 thum
2192 4533 2206 4569 :
2235 4530 2345 4571 non
2371 4513 2500 4584 quia
2529 4511 2887 4568 dominamur
2919 4508 3044 4569 ﬁdei
3075 4523 3274 4570 vestra:
3295 4555 3309 4578 ,
3342 4513 3439 4568 sed
3463 4513 3594 4584 quia

285 4605 566 4677 συνεργοί
611 4606 781 4675 ἐσμεν
822 4601 924 4673 τῆς
969 4602 1146 4674 χαρᾶς
1196 4598 1373 4672 ὑμῶν.
1429 4599 1510 4671 Τῇ
1565 4596 1674 4668 γὰρ
1715 4594 1902 4648 πίστει

287 4699 602 4774 ἑστήκατε.
646 4717 666 4750 ι

922 4808 1178 4864 ΚΕΦΔΛ.
1212 4805 1290 4861 B'.

371 4945 400 4980 σ
437 4923 1003 5000 Ἕκριναδέἐμαυτῷ
1027 4922 1189 4978 τοῦτο
1225 4921 1287 4975 τὸ
1334 4921 1411 4992 μὴ
1451 4919 1615 4975 πάλιν
1649 4920 1716 4972 -ἐν
1757 4913 1906 4991 λύπῃ

294 5023 444 5099 πρὸς
459 5022 609 5092 ὑμᾶς
637 5019 833 5075 ἐλθεῖν.
861 5019 922 5073 Et
943 5017 1052 5089 γὰρ
1085 5013 1196 5085 ἐγὼ
1234 5013 1394 5066 λυπῶ
1413 5011 1578 5083 ὑμᾶς.
1613 5031 1632 5064 ι

379 5211 606 5264 Βέλτιον
641 5207 750 5276 γὰρ
780 5206 1009 5278 ἐνόμισα
1034 5203 1281 5257 ἐνδοῦναι
1321 5202 1400 5264 εἰς
1436 5197 1502 5252 τὸ
1542 5200 1904 5270 μετανσῆσαι,

302 5305 505 5374 φησὶν,
535 5301 568 5372 ἢ
597 5299 791 5373 παρὼν
817 5298 1129 5364 ἐπεξελθεῖν
1179 5297 1275 5350 καὶ
1315 5287 1724 5366 παροξυνθῆναι
1782 5309 1906 5363 μει-

303 5397 508 5462 ζύνως.

397 5513 416 5542 ι
457 5493 570 5546 Καὶ
601 5491 686 5556 τίς
720 5491 748 5544 ὁ
776 5485 1087 5561 εὐφραίνων
1119 5500 1209 5556 με,
1237 5484 1285 5537 εί
1321 5483 1397 5553 μὴ
1425 5480 1454 5533 ὁ
1483 5477 1822 5549 λυπούμενος
1849 5477 1910 5544 ἐξ

301 5583 486 5655 ἑμοῦ;
513 5602 531 5635 ι

395 5680 456 5734 Et
487 5681 583 5734 καὶ
616 5682 672 5733 ἐν
705 5678 872 5752 λύπῃ,
907 5678 1098 5752 φησὶν,
1131 5671 1360 5746 ἔμελλον
1391 5671 1553 5738 εἶναι,
1601 5671 1912 5742 ἀναγκαζό-

308 5787 489 5841 μενος
523 5773 650 5841 ὑμῖν
710 5773 973 5842 ἐπιτιμᾷν
1029 5770 1124 5823 καὶ
1160 5769 1292 5839 ὁρᾷν
1335 5766 1737 5837 λυπουμένους,
1797 5765 1911 5820 ἀλλ’

1931 4563 1981 4623 D

2012 4605 2300 4676 adjutores
2335 4614 2532 4662 sumus
2565 4602 2752 4677 gaudii
2783 4603 2986 4660 vestri.
3022 4598 3158 4659 Nam
3197 4604 3305 4660 ﬁde
3341 4606 3528 4662 statis.
3573 4624 3593 4658 ι

2678 4811 2832 4869 CAP.
2872 4810 2938 4868 11.

2085 4923 2253 4986 Vsus.
2296 4930 2350 4996 1,
2375 4929 2432 4983 2.
2465 4944 2484 4980 ι
2509 4926 2693 4983 Statui
2728 4933 2914 4981 autem
2950 4926 3260 4997 hoc’ipsum
3298 4929 3444 5000 apud
3476 4945 3598 4994 me.

2015 5038 2088 5078 ne
2120 5023 2322 5078 iterum
2361 5022 2417 5076 in
2453 5019 2686 5077 tristitia
2739 5018 2990 5073 venirem
3040 5017 3109 5073 ad
3156 5034 3281 5076 vos.
3341 5019 3399 5076 Si
3453 5021 3605 5076 enim

2015 5131 2118 5185 ego
2157 5115 2431 5172 contristo
2470 5128 2591 5170 vos.
2628 5131 2647 5164 ι

2092 5207 2279 5262 Satius
2322 5207 2520 5262 abesse
2551 5205 2717 5269 duxi,
2753 5203 2974 5274 inquit,
3002 5210 3064 5257 ut
3103 5203 3291 5259 darem
3328 5201 3607 5274 pmniten-

2019 5301 2110 5355 tite
2136 5300 2318 5354 locum
2341 5339 2355 5362 ,
2390 5312 2556 5368 quam
2595 5305 2653 5350 ut
2689 5310 2933 5367 praesens
2964 5309 3160 5364 pcenas
3187 5293 3524 5365 inﬁigerem,
3553 5300 3608 5346 et

2019 5393 2196 5463 magis
2233 5405 2618 5461 exasperarer.

2098 5503 2116 5535 ι
2146 5485 2211 5536 Ει
2240 5488 2369 5554 quis
2406 5489 2492 5536 est
2526 5481 2623 5551 qui
2655 5495 2743 5534 me
2780 5477 3023 5534 laetiﬁcet
3046 5519 3062 5542 ,
3097 5478 3208 5532 nisi
3247 5476 3344 5547 qui
3387 5475 3610 5533 contri-

2023 5586 2202 5632 statur
2235 5592 2299 5631 ex
2336 5574 2466 5630 me?
2495 5593 2515 5626 ι

2093 5670 2212 5726 Etsi
2247 5671 2304 5724 in
2336 5682 2575 5724 maerore
2605 5672 2937 5721 versaturus
2973 5677 3126 5718 eram
3150 5699 3166 5725 ,
3209 5661 3426 5730 inquit,
3459 5655 3608 5728 quod

2023 5771 2252 5817 coactus
2284 5775 2463 5816 essent
2492 5773 2588 5813 vos
2621 5757 2921 5826 objurgare
2958 5765 3012 5809 et
3055 5754 3242 5826 videre
3269 5758 3561 5807 atterentes
3585 5780 3603 5807 ,

304 5839 474 5935 ὅμως
499 5839 591 5919 καὶ
617 5867 685 5918 δι’
713 5866 840 5918 αὐτὸ
861 5839 1018 5917 τοῦτο
1044 5862 1434 5932 εὐφραίνομαι.
1477 5859 1760 5930 Μεγίστης
1803 5861 1876 5929 γὰ

2024 5863 2269 5912 attamen
2300 5853 2406 5908 hoc
2437 5851 2620 5922 ipsum
2652 5864 2741 5924 me
2770 5846 3033 5904 laetiﬁcat.
3057 5843 3192 5899 Nam
3241 5843 3494 5896 maxima:
3525 5839 3614 5894 di-

609 5958 886 6019 PATROL.
910 5958 1025 6021 GR.
1079 5953 1249 6020 XCV.

3238 5934 3312 5996 23
