3970 6448
400 366 511 440 717

1532 362 1615 433 IN
1645 357 1887 434 EPIST.
1928 363 2028 432 AD
2065 370 2425 432 CORINTH.
2466 353 2548 431 1'1.

3572 366 3678 433 718

482 490 611 546 ὀτι
630 486 724 544 καὶ
751 485 1101 558 προσχήματι
1123 481 1411 547 εὐλαϐείας
1448 482 1773 550 ἀπόλλυσιν,
1797 485 1860 537 ού
1907 482 2003 553 μό·

2174 479 2310 536 Nam
2338 482 2444 537 sub
2473 478 2755 552 religionis
2783 481 2963 553 Specie
2993 480 3162 537 infert
3187 480 3419 537 exitium
3443 521 3458 544 ,
3484 478 3545 535 ut
3572 497 3683 537 non

406 601 500 638 νον
528 581 606 653 τῷ
627 582 706 644 είς
735 578 991 649 πορνείαν
1016 577 1267 646 ἀγαγεῖν,
1298 576 1435 632 ἀλλά
1463 577 1561 630 καὶ
1607 574 1721 631 ἀπὸ
1773 577 1999 630 τούναν-

2109 571 2293 627 solum
2323 571 2391 626 ad
2422 583 2676 643 stuprum
2704 573 2948 637 illicere,
2981 588 3175 629 verum
3207 580 3261 629 et
3289 573 3568 628 contraria
3599 588 3689 627 ra-

403 675 524 730 τίου
549 674 772 728 δύναται
806 670 1140 743 διαφθεῖραι,
1178 670 1243 725 ὲκ
1266 668 1369 740 τῆς
1390 669 1635 742 ἀμέτρου
1663 668 1846 741 λύπης
1900 669 2000 740 τῆς

2128 667 2255 722 ione
2286 666 2621 722 labefactare
2664 667 2871 739 possit,
2898 667 3207 725 immodica:
3244 665 3689 737 ni'mirumpceni-

401 768 506 821 ἐπὶ
543 768 611 838 τῇ
647 765 933 837 μετανοίᾳ.

490 878 510 913 ι
558 856 761 913 Ἐλθὼν
807 856 865 912 δὲ
901 856 982 921 εἰς
1013 854 1112 928 τὴν
1154 854 1388 928 Τρωάδα
1415 853 1506 909 διὰ
1562 854 1625 908 τδ
1667 847 2002 924 Εὐαγγέλιον

403 950 506 1005 τοῦ
543 946 805 1020 Χριστοῦ,
836 946 934 1002 καὶ
967 945 1144 1019 θύρας
1170 962 1264 1018 μοι
1293 942 1650 1017 ἀνεῳγμένης
1699 945 1758 998 ὲν
1785 943 1999 1015 Κυρίῳ,

403 1042 513 1096 οὐκ
545 1041 755 1112 ἔσχηκα
784 1040 967 1095 ἄνεσιν
996 1037 1074 1112 τῷ
1095 1037 1373 1110 πνεύματί
1402 1054 1530 1108 μου,
1581 1035 1663 1107 τῷ
1707 1028 1781 1109 μὴ
1821 1037 2004 1109 εὑρεῖν

410 1148 484 1201 με
513 1130 673 1184 Τίτον
702 1129 794 1184 τὸν
818 1127 1046 1199 ἀδελφόν
1085 1144 1210 1199 μου,
1252 1125 1392 1181 ἀλλὰ
1440 1125 1856 1198 ἀποταξάμενος
1905 1123 2005 1180 αύ-

404 1224 547 1290 τοῖς,
587 1221 813 1293 ἐξῆλθον
842 1223 923 1286 είς
954 1214 1323 1276 Μακεδονίαν.
1357 1230 1377 1273 t

485 1396 671 1452 Εἰπὼν
705 1398 764 1451 ὲν
795 1396 993 1470 ἀρχαῖς
1028 1395 1110 1450 ὅτι
1168 1395 1228 1450 ὲν
1281 1395 1348 1467 τῇ
1396 1393 1555 1466 Ἀσίᾳ
1580 1389 1828 1464 ἐδειρῆοη
1860 1384 2006 1465 ὑπερ

409 1490 668 1561 δύναμιν,
696 1492 791 1545 καὶ
824 1490 1008 1556 δείξας
1036 1487 1158 1552 πῶς
1188 1487 1517 1560 ἀπηλλάγη,
1548 1486 1647 1541 καὶ
1673 1484 1742 1540 τὰ
1772 1486 1832 1539 ὲν
1857 1484 2007 1557 μέσῳ

409 1582 703 1654 ⁸ΐταριιλθὼν
724 1580 1063 1652 ἀναγκαίως,
1091 1580 1335 1636 διδάσκει
1364 1580 1557 1646 πάλιν,
1595 1579 1679 1634 ὅτι
1735 1579 1833 1633 καὶ
1882 1578 2006 1631 ἐτέ-

408 1683 529 1746 pio;
559 1672 769 1745 ὲθλίὸη.
797 1674 924 1738 Πῶς
951 1672 1046 1728 οῦν
1070 1672 1168 1729 καὶ
1197 1672 1307 1728 τίνι
1330 1670 1556 1745 τρόπῳ;
1586 1671 1665 1744 τῷ
1697 1671 1775 1745 μὴ
1816 1670 2007 1743 εὑρεῖν

409 1755 595 1821 Τίτον.
638 1758 815 1829 Οὗτος
831 1762 889 1818 δὲ
918 1765 977 1818 ὲν
1006 1762 1260 1837 Κορίνθῳ
1293 1762 1586 1834 διέτριϐεν.

492 1963 511 1999 ι
534 1943 628 2018 Τῷ
649 1943 715 2000 ’δὲ
743 1942 864 2017 Θεῷ
895 1942 1058 2017 χάρις
1081 1941 1161 2014 τῷ
1187 1940 1423 1997 πάντοτε
1442 1929 1836 2013 θριαμϐεύοντι
1858 1926 2010 2011 ἡμᾶς

411 2040 475 2093 ἒν
499 2037 578 2109 τῷ
606 2036 851 2109 Χριστῷ.
902 2055 921 2089 ι

488 2132 608 2186 Ἵνα
637 2131 712 2203 μὴ
737 2130 866 2204 δόξῃ
885 2131 960 2195 ὡς
994 2127 1212 2202 θρηνῶν
1239 2125 1417 2185 ταῦτα
1445 2123 1851 2198 ἀποδύρεσθαι,
1903 2120 2013 2194 ,χά-

412 2240 503 2299 ριν
553 2223 870 2296 ἀναπέμπει
927 2223 1005 2296 τῷ
1041 2219 1194 2295 Θεῷδ
1227 2214 1256 2276 ὃ
1284 2221 1342 2277 δὲ
1382 2219 1533 2291 λέγει
1580 2218 1823 2274 τοιοῦτόν
1866 2215 2009 2271 ἐστι.

410 2314 705 2390 Πανταχοῦ
734 2317 937 2389 θλίψις,
984 2315 1263 2387 πανταχοῦ
1303 2312 1656 2386 στενοχωρία.
1695 2306 1899 2365 ’Ἦλθον
1929 2311 2011 2375 εἰς

407 2410 513 2482 τὴν
560 2410 771 2476 Ἀσίαν,
833 2407 1112 2482 ἐϐαρήθην
1168 2407 1311 2481 ὑπὲρ
1375 2406 1627 2476 δύναμιν.
1662 2398 1872 2458 Ἦλθον
1930 2402 2012 2466 είς

406 2502 671 2575 Τρωάδα,
705 2502 807 2572 οὑχ
836 2493 996 2573 εὗρον
1043 2500 1134 2556 τὸν
1181 2500 1411 2571 ἀδελφόν
1436 2515 1451 2531 ⁸
1516 2498 1619 2552 οὐκ
1668 2491 1834 2568 ἦλθον
1872 2492 2013 2566 πρὸς

409 2596 586 2666 ὑμᾶς,
619 2594 681 2648 οὐ
720 2594 928 2666 μικράν
958 2610 1050 2665 μοι
1079 2592 1175 2647 καὶ
1222 2592 1382 2648 τοῦτο
1413 2589 1655 2663 ἀθυμίαν
1714 2587 1973 2658 ἐποίησεν
1993 2596 2008 2617 δ

406 2685 532 2739 ἀλλ’
566 2686 626 2739 ὲν
678 2684 894 2750 τούτοις
941 2687 1099 2749 πᾶσι,
1133 2684 1332 2756 φησὶν,
1379 2683 1485 2737 οὐκ
1538 2680 1838 2752 ἀλγοῦμεν,
1873 2678 2013 2736 ἀλλὰ

408 2779 513 2834 καὶ
546 2778 837 2851 χαίρομεν,
861 2778 925 2832 ού
951 2776 1111 2849 μόνον
1140 2775 1232 2831 διὰ
1264 2774 1332 2830 τὰ
1375 2774 1665 2848 μέλλοντα,
1727 2772 1866 2828 ἀλλὰ
1914 2771 2013 2825 καὶ

404 2870 599 2926 διὰτὰ
632 2870 896 2942 παρόντα,
937 2870 1021 2924 ὅτι
1052 2870 1111 2925 ὲν
1162 2868 1350 2933 αὐτοῖς
1407 2866 1653 2940 λαμπροί
1702 2869 1871 2938 ἐσμεν
1914 2864 2013 2920 καὶ

406 2967 778 3038 ⁴ιτροσφανεεῖς.
814 2964 907 3019 Διὸ
933 2962 1093 3017 τοῦτο
1114 2961 1210 3016 καὶ
1238 2959 1531 3032 θρίαμϐον
1556 2960 1620 3014 τὸ
1650 2961 1887 3032 πρᾶγμα
1913 2975 2013 3012 κα-

406 3059 522 3115 λεῖ.
563 3058 620 3113 '0
642 3059 752 3130 γὰρ
775 3054 1046 3129 θρίαμϐος
1067 3053 1229 3109 τοῦτό
1284 3056 1425 3119 ἔστι,
1474 3051 1536 3107 τὺ
1572 3054 1708 3107 πᾶσι
1753 3050 2012 3122 γενέσθαι

410 3151 971 3224 περιφανής.Καίούχ
996 3149 1183 3213 ἁπλῶς
1204 3148 1636 3219 θριαμϐεύοντι,
1676 3142 1852 3213 εἶπεν,
1876 3143 2011 3199 ἀλλά

411 3244 519 3299 καὶ
547 3245 617 3298 ὲν
638 3241 896 3313 Χριστῷ,
924 3239 1174 3297 τουτέστι
1200 3239 1290 3295 διὰ
1305 3238 1400 3295 τὸν
1430 3238 1670 3312 Χριστὸν
1697 3238 1794 3291 καὶ
1822 3236 1884 3291 τὸ
1906 3240 2010 3306 κη-

414 3352 631 3408 ρυγμαε

502 3617 528 3663 δ
559 3609 670 3664 Καὶ
691 3607 793 3682 τὴν
812 3598 991 3679 ὀσμὴν
1020 3594 1122 3678 τῆς
1159 3602 1418 3674 γνώσεως
1468 3598 1636 3657 αὐτοῦ
1690 3588 2013 3672 φανεροῦντι

411 3701 488 3756 δι’
520 3700 677 3772 ἡμῶν
704 3702 764 3755 ἐν
797 3700 961 3755 παντὶ
988 3698 1163 3769 τόπῳ,
1192 3696 1277 3750 δτι
1305 3692 1544 3767 Χριστοῦ
1587 3692 1787 3748 εὐωδία
1845 3692 2014 3764 ἐσμὲν

410 3793 499 3866 τῷ
527 3792 649 3864 Θεῷ
678 3792 737 3848 ὲν
763 3794 879 3857 τοῖς
906 3789 1259 3862 σωζομένοις,
1292 3787 1385 3842 καὶ
1437 3788 1497 3842 ἐν
1546 3788 1660 3850 τοῖς
1706 3782 2015 3856 ἀπολλυμέ-

410 3894 574 3951 νοις·
627 3881 709 3950 οἷς
761 3885 871 3959 μὲν
926 3883 1075 3955 ὀσμὴ
1126 3881 1364 3937 θανάτου
1414 3881 1498 3945 είς
1536 3878 1789 3949 θάνατον,
1842 3871 1925 3943 οἷς
1956 3876 2015 3947 δὲ

409 3977 569 4049 ὀσμὴ
606 3977 753 4048 ζωῆς
778 3979 857 4040 εἰς
880 3974 1050 4044 ζωήν·
1091 3990 1110 4024 ’
1760 3982 1765 3987 ’

490 4067 777 4120 Δείκνυσιν
800 4064 885 4119 δτι
901 4062 998 4117 καὶ
1018 4060 1189 4123 τόπος
1219 4059 1315 4114 καὶ
1346 4059 1538 4132 καιρὸς
1562 4060 1671 4124 πᾶς
1699 4057 1810 4113 τῶν
1830 4056 2010 4112 ἄθλων

414 4157 806 4229 ἐμπέπλησται
829 4153 939 4207 τῶν
965 4150 1347 4208 άποστολικῶν
1366 4169 1381 4184 ο
1433 4153 1531 4205 καὶ
1561 4152 1649 4205 ἐτέ
1660 4167 1729 4223 pq.
1758 4150 1814 4204 δὲ
1842 4147 2010 4202 πάλιν

412 4253 693 4323 τιέχρηται
748 4248 1035 4320 μεταφορᾷ
1086 4249 1152 4319 τῇ
1200 4246 1303 4317 τῆς
1356 4244 1608 4308 admotoq.
1641 4240 1777 4297 Εἶτα
1820 4239 2012 4313 ἐπειδὴ

412 4339 569 4405 εἷπε,
591 4340 699 4397 Καὶ
724 4341 795 4395 ἐν
818 4340 944 4407 τοῖς
972 4336 1421 4409 ἀπολλυμένοις
1434 4335 1652 4391 εὐωδία
1678 4333 1891 4405 ἐσμὲν,
1920 4332 2012 4388 ἱνα

421 4438 500 4508 μή
541 4452 624 4498 τις
644 4432 841 4504 νομίσῃ
867 4432 951 4486 ὅτι
982 4432 1225 4486 κάκεῖνοι
1255 4426 1656 4499 εὐπαράδεκτοξ
1702 4426 1830 4489 εἰσι,
1861 4440 2010 4495 παρδ

2037 3183 2081 3243 α

2100 758 2289 814 tentias
2316 758 2373 813 vi
2404 765 2460 814 et
2486 757 2698 814 dolore.

2185 848 2353 907 Vens.
2397 851 2499 919 12,
2542 852 2630 908 15.
2664 871 2682 905 ‹
2707 842 2849 907 Ειιιη
2886 851 3157 908 venissem
3196 860 3379 909 autem
3413 848 3689 907 Troadem

2104 947 2331 1010 propter
2362 938 2725 1013 Evangelium
2755 940 2997 1008 Christi,
3031 943 3087 997 et
3124 942 3326 997 ostium
3356 942 3491 999 mihi
3526 950 3691 1014 aper-

2104 1030 2221 1087 tum
2252 1039 2403 1088 esset
2430 1033 2492 1088 in
2526 1031 2797 1102 Domino,
2832 1049 2946 1089 non
2981 1033 3149 1089 habui
3183 1034 3429 1103 requiem
3464 1032 3692 1102 spiritui

2105 1136 2271 1188 meo,
2330 1136 2398 1179 eo
2459 1124 2608 1193 quod
2661 1126 2772 1180 non
2833 1125 3142 1181 invenerim
3202 1116 3390 1179 Titum
3456 1122 3691 1179 fratrem

2108 1229 2292 1270 meum
2334 1232 2348 1269 :
2401 1214 2502 1272 sed
2552 1217 2888 1275 valefacicns
2946 1219 3064 1286 eis,
3126 1216 3409 1289 profectus
3456 1229 3581 1273 sum
3634 1214 3693 1269 in

2107 1298 2512 1365 Macedoniam.
2546 1328 2566 1362 ι

2174 1400 2344 1457 initio
2369 1401 2587 1457 dixerat
2618 1409 2907 1475 gravatum
2937 1414 2998 1458 se
3024 1404 3193 1472 supra
3220 1399 3445 1457 modum
3479 1400 3692 1457 fuisse:

2107 1498 2162 1548 et
2222 1500 2519 1564 postquam
2560 1493 2899 1560 declaravit,
2933 1508 3044 1565 quo
3087 1504 3247 1565 pacto
3293 1493 3561 1548 liberatus
3604 1492 3703 1548 θεέ

2108 1590 2221 1649 set,
2252 1583 2479 1640 omissis
2508 1598 2634 1655 qua:
2666 1585 3039 1640 intercessere
3063 1623 3079 1649 ,
3119 1584 3310 1636 narrat
3348 1584 3553 1637 iterum
3588 1582 3698 1637 alio

2108 1675 2273 1731 modo
2320 1690 2382 1734 se
2431 1672 2608 1733 fuisse
2640 1676 2979 1732 divexatum.
3025 1674 3261 1743 Quinam
3300 1690 3466 1741 vero,
3517 1686 3699 1747 quave

2111 1767 2371 1829 ratione?
2399 1767 2518 1824 Non
2551 1775 2777 1841 reperto
2806 1766 2955 1825 Tito.
3003 1767 3054 1825 is
3095 1780 3230 1825 vero
3274 1767 3531 1825 Corinthi
3573 1780 3697 1823 mea

2033 1826 2083 1897 Β
2111 1826 2358 1916 rebatur.

2181 1950 2350 2011 Vens.
2392 1954 2480 2010 14.
2532 1965 2554 2008 ‘r
2602 1941 2716 2012 Deo
2772 1950 2955 2009 autem
3010 1952 3262 2026 gratias,
3324 1951 3420 2025 qui
3477 1958 3696 2024 semper

2110 2045 2419 2117 triumphat
2455 2062 2555 2103 nos
2587 2047 2641 2103 in
2673 2046 2919 2103 Christo.
2955 2066 2975 2100 ι

2180 2124 2262 2193 Ne
2301 2135 2688 2193 videaturhaac
2717 2137 3096 2210 gemebundus
3129 2140 3340 2211 lugere,
3385 2143 3573 2209 grates
3606 2145 3700 2190 re:-

2110 2227 2306 2299 pendit
2337 2228 2469 2286 Deo.
2505 2223 2662 2297 Quod
2697 2239 2879 2285 autem
2916 2230 3093 2295 dicit,
3137 2230 3291 2286 hunc
3331 2238 3558 2286 sensum
3605 2227 3704 2282 ba-

2112 2316 2247 2374 bet:
2285 2317 2501 2390 Ubique
2532 2311 2793 2385 afﬂictio,
2829 2320 3035 2391 ubique
3071 2320 3351 2391 angustia.
3405 2320 3464 2374 In
3512 2306 3702 2373 Asiam

2112 2411 2365 2482 perrexi,
2394 2421 2770 2484 gravatusque
2799 2429 2924 2469 sum
2955 2424 3124 2483 snpra
3154 2413 3402 2469 modum.
3429 2404 3705 2467 Troadem

2112 2501 2239 2557 Veni
2261 2542 2275 2569 ,
2309 2517 2412 2559 nec
2445 2503 2674 2558 fratrem
2712 2504 2916 2574 reperi.
2955 2503 3066 2560 Vos
3098 2517 3212 2559 non
3242 2504 3507 2569 conveni,
3540 2501 3707 2571 idque

2112 2607 2225 2648 non
2265 2592 2525 2665 exiguam
2570 2594 2706 2649 mihi
2751 2594 3092 2651 anxietatem
3139 2596 3375 2666 peperit.
3408 2592 3706 2650 Verumta-

2111 2700 2239 2741 men
2275 2685 2331 2741 in
2364 2686 2488 2744 istis
2519 2672 2812 2754 omnibus,
2852 2688 3070 2760 inquit,
3106 2696 3462 2759 nequaquam
3501 2692 3704 2741 m'ceSto

2114 2780 2302 2836 animo
2335 2794 2565 2847 sumus,
2621 2779 2718 2835 sed
2755 2779 3032 2847 laetamur,
3081 2794 3194 2835 non
3240 2786 3454 2833 tantum
3490 2790 3588 2846 spe
3619 2774 3706 2829 fn-

2115 2878 2404 2939 turorum,
2442 2870 2540 2927 sed
2571 2878 2625 2926 et
2661 2872 2884 2943 propter
2922 2871 3017 2927 illa
3052 2885 3177 2942 qua:
3211 2877 3362 2926 nunc
3393 2866 3702 2930 accidunt:

2101 2963 2319 3034 'quippe
2350 2977 2476 3018 cum
2510 2978 2609 3036 per
2649 2978 2714 3019 ea
2761 2963 3035 3020 clariores
3083 2964 3531 3035 illustrioresqu‘e
3571 2966 3706 3021 e‘va-

2114 3055 2337 3114 damus.
2372 3054 2649 3124 Quocirca
2687 3056 3013 3128 triumphum
3065 3056 3202 3113 illud
3249 3056 3317 3113 de
3364 3070 3476 3127 quo
3527 3057 3709 3126 agitur

2115 3150 2374 3221 appellat.
2409 3148 2547 3204 Nam
2582 3150 2692 3206 hoc
2720 3150 2885 3223 plane
2916 3149 3239 3222 triumphus
3281 3159 3400 3214 est,
3449 3150 3543 3204 tibi
3581 3150 3709 3221 quis

2116 3240 2356 3297 illustris
2387 3240 2532 3313 apud
2564 3256 2761 3299 omnes
2792 3242 2854 3299 ﬁt
2896 3250 2952 3299 et
3000 3243 3364 3312 conspicuus.
3413 3241 3555 3308 Quin
3606 3247 3710 3297 nec

2116 3333 2454 3405 simpliciter
2487 3334 2670 3402 dixit,
2701 3336 2792 3405 qui
2836 3335 3166 3406 triumphat,
3213 3335 3309 3391 sed
3358 3334 3599 3405 adjecit,
3651 3336 3710 3389 in

2114 3424 2331 3485 Christo
2352 3468 2371 3494 ,
2402 3428 2459 3486 id
2490 3434 2577 3484 est
2604 3437 2835 3500 propter
2861 3428 3230 3497 Christum_et
3252 3428 3539 3500 Evangelii
3566 3443 3706 3500 prae-

2114 3516 2476 3577 dicationem.

2191 3627 2211 3663 ι
2249 3609 2318 3665 Ει
2370 3611 2595 3669 odorem
2648 3606 2860 3669 notitiae
2911 3616 3028 3670 suae
3085 3608 3408 3666 maniiestat
3456 3616 3556 3682 ‘per
3605 3622 3708 3664 nos

2119 3696 2282 3773 129
2313 3701 2371 3757 in
2401 3705 2554 3759 omni
2589 3704 2711 3760 loco
2748 3721 2762 3758 :
2794 3702 3004 3777 [Vena
3043 3703 3110 3761 i5
3134 3740 3150 3767 ,
3190 3698 3291 3776 16]
3324 3701 3458 3773 quia
3500 3700 3707 3756 Christi

2114 3793 2296 3849 bonus
2335 3794 2472 3851 odor
2500 3806 2697 3853 sumus
2744 3795 2856 3852 Deo
2901 3797 2955 3851 in
3006 3795 3077 3851 iis
3119 3795 3214 3866 qui
3258 3795 3399 3850 salvi
3444 3795 3618 3861 tiunt,
3656 3800 3709 3849 et

2114 3885 2171 3940 in
2207 3885 2278 3941 iis
2311 3886 2406 3956 qui
2441 3896 2676 3957 pereunt
2709 3903 2723 3941 :
2760 3888 2886 3945 aliis
2938 3885 3163 3958 quidem
3218 3884 3361 3942 odor
3409 3887 3608 3941 mortis
3653 3886 3710 3940 in

2114 3982 2352 4033 mortem
2381 3994 2397 4044 ;
2434 3961 2561 4035 aliis
2592 3966 2777 4035 autem
2805 3978 2944 4035 odor
2970 3978 3099 4034 vitae
3128 3977 3181 4033 in
3211 3979 3405 4033 vitam.
3439 3993 3460 4031 ι

2187 4067 2440 4124 Declarat
2465 4070 2644 4137 locum
2697 4082 2917 4126 omnem
2950 4077 3006 4126 et
3054 4080 3271 4140 tempus
3297 4084 3464 4126 omne
3494 4077 3711 4140 aposto-

2115 4153 2242 4215 licis
2297 4160 2699 4217 certaminibus
2748 4163 2972 4234 plenum
3018 4177 3146 4217 esse
3190 4179 3203 4216 :
3252 4168 3421 4231 atque
3474 4162 3705 4216 alteram

2114 4270 2340 4313 rursum
2370 4255 2752 4326 metaphoram
2790 4254 3039 4318 adhibet,
3076 4254 3146 4309 ab
3186 4253 3374 4310 Odoris
3402 4252 3709 4324 fragrantia

2116 4331 2431 4417 sumptam:
2456 4345 2664 4401 Deinde
2689 4360 2844 4408 vero,
2874 4344 3007 4416 quia
3037 4343 3180 4398 dixit
3213 4361 3227 4398 :
3262 4340 3328 4397 In
3356 4344 3424 4398 iis
3455 4344 3547 4415 qui
3588 4358 3710 4412 per-

2114 4446 2259 4505 eunt,
2286 4435 2452 4492 bonus
2500 4437 2632 4492 odor
2648 4450 2869 4501 sumus;
2896 4451 2963 4491 ne
2989 4435 3116 4507 quis
3143 4436 3471 4500 arbitretur,
3494 4444 3548 4491 ct
3579 4437 3705 4492 illos

414 4530 630 4599 ήγαγεν
652 4542 666 4557 ο
698 4521 799 4591 Οἷς
822 4525 941 4594 μὲν
981 4521 1143 4592 ὀσμὴ
1188 4522 1258 4577 ἐκ
1289 4519 1552 4575 θανάτου
1591 4520 1681 4585 εις
1726 4519 2010 4586 θάνατον,

2126 4536 2381 4598 acceptos
2432 4542 2596 4591 esse,
2646 4527 2937 4597 subiunxit
2969 4545 2985 4584 :
3014 4526 3153 4582 Aliis
3212 4526 3426 4598 quidem
3479 4527 3613 4581 odor
3642 4538 3710 4583 ex

414 4616 513 4687 οἷς
560 4617 630 4672 δὲ
670 4615 830 4687 ὀσμὴ
869 4616 938 4671 ἐκ
994 4613 1144 4685 ζωῆς
1193 4616 1282 4681 εις
1319 4602 1494 4680 ζωήν.
1534 4612 1602 4665 Ὀ
1632 4611 1689 4665 δὲ
1710 4611 1861 4681 λέγει
1900 4626 2013 4665 τοι·

414 4710 582 4768 οῦτόν
642 4713 799 4766 ἐστι·
852 4710 954 4781 τὴν
1018 4706 1253 4762 εὐωδίαν
1290 4704 1518 4778 ταύτην,
1580 4703 1770 4775 φησιν,
1823 4704 1872 4758 οἳ
1912 4703 2012 4775 μὲν

413 4805 598 4869 οὕτως
627 4801 944 4875 προσίενται
987 4799 1130 4854 ὥστε
1188 4796 1455 4869 σωθῆναι,
1490 4795 1542 4849 oi
1577 4795 1634 4850 δὲ
1665 4794 1838 4858 οὕτως
1868 4792 2011 4847 ὥστε

414 4895 761 4953 ἀπολέσθαι·
794 4892 939 4947 ὥστε
994 4890 1098 4947 κᾶν
1144 4888 1446 4945 ἀπόλλυταί
1478 4905 1582 4954 τις,
1624 4886 1757 4958 παρ’
1784 4884 1952 4940 αὑτοῦ
1977 4886 2012 4957 ἡ

415 4988 589 5045 αἰτία.
645 4985 804 5040 Ἐπεὶ
856 4982 1121 5048 πολλάκις
1167 4981 1390 5049 λέγεται
1438 4976 1500 5033 τὸ
1572 4978 1744 5049 μύρον
1796 4976 2013 5044 πνίγειν

413 5083 548 5142 τοὺς
577 5081 817 5152 χοίρους,
880 5076 977 5131 καὶ
1018 5075 1145 5139 τοὺς
1196 5071 1450 5136 ἀσθενεῖς
1475 5071 1586 5125 τῶν
1615 5067 1913 5140 ὀφθαλμῶν
1950 5066 2013 5121 τὸ

416 5176 541 5247 φῶς
570 5174 831 5239 σκοτίζει.

499 5288 518 5321 ι
551 5267 661 5322 Καὶ
694 5265 832 5338 πρὸς
861 5262 1038 5317 ταῦτα
1054 5261 1139 5326 τίς
1165 5258 1385 5327 ίκανόςι
1419 5276 1438 5309 ι

506 5356 725 5429 Ἐπειδῆ
785 5353 1000 5427 μεγάλα
1025 5351 1354 5422 ἐφθέγξατο,
1391 5347 1476 5402 ὅτι
1508 5344 1676 5399 θυσία
1705 5342 1876 5415 ἐσμὲν
1914 5341 2011 5397 τοῦ

414 5449 687 5523 Χριστοῦ,
727 5448 826 5502 καὶ
859 5444 1081 5511 εὐωδία,
1141 5443 1237 5498 καὶ
1282 5435 1767 5513 ὲθριαμϐευόμεθα
1803 5442 2015 5491 παντα-

416 5542 545 5613 χοῦ,
577 5540 742 5596 πάλιν
769 5538 849 5610 τῷ
873 5537 997 5609 θεῷ
1025 5535 1317 5608 ἀνατίθησι
1341 5531 1523 5587 ταῦτα
1546 5545 1560 5560 ο
1604 5527 1688 5582 διὸ
1724 5526 1821 5580 καί
1853 5544 2010 5600 φησι,

419 5633 536 5690 Καὶ
561 5634 713 5702 πρὸς
757 5632 948 5688 ταῦτα
996 5631 1090 5697 τίς
1124 5628 1366 5694 ῑκανός;
1389 5624 1453 5679 τὸ
1482 5621 1596 5694 γάρ
1626 5621 1736 5678 πᾶν
1753 5619 1849 5673 τοῦ
1877 5621 2016 5692 Χριο

420 5724 574 5790 στοῦ,
597 5726 753 5796 φησὶ,
785 5724 881 5778 καὶ
912 5722 1066 5776 οὐδὲν
1101 5720 1392 5793 ἡμέτερον.

504 5835 522 5868 ι
546 5816 621 5870 Οὐ
649 5815 760 5887 γάρ
804 5816 974 5885 ἐσμεν
1003 5812 1082 5879 ὡς
1128 5813 1179 5867 oi
1231 5809 1419 5867 πολλοὶ
1448 5807 1881 5888 καπηλεύοντες
1921 5804 2016 5859 τὸν

2119 4631 2289 4676 morte
2313 4622 2368 4676 in
2400 4632 2619 4676 mortem
2637 4638 2655 4687 ;
2692 4618 2817 4675 aliis
2848 4636 3022 4675 autem
3052 4618 3185 4676 odor
3222 4636 3287 4676 ea:
3305 4622 3414 4675 vita
3436 4622 3492 4675 in
3523 4622 3706 4677 vitam.

2119 4712 2294 4781 Cujus
2313 4713 2442 4769 dicti
2471 4712 2835 4784 significantia
2859 4712 2975 4768 haec
3004 4721 3124 4769 est:
3158 4711 3519 4784 fragrantiam
3547 4713 3708 4769 istam

2121 4803 2216 4858 alii
2239 4805 2463 4876 quidem
2500 4805 2584 4861 sic
2617 4804 2942 4871 admittunt,
2977 4806 3037 4859 ut
3066 4805 3206 4861 salvi
3248 4803 3416 4870 ﬂant;
3458 4804 3551 4860 alii
3581 4815 3711 4861 vero

2121 4895 2203 4953 sic
2223 4904 2283 4951 ut
2310 4905 2557 4968 pereant.
2577 4897 2773 4967 itaque
2800 4897 2850 4952 si
2876 4898 3003 4967 quis
3028 4907 3239 4967 pereat,
3272 4897 3391 4969 ipse
3415 4898 3521 4954 sibi
3541 4912 3711 4955 causa

2119 4997 2223 5045 est.
2256 4990 2417 5061 Atqui
2451 4990 2617 5063 vulgo
2649 4990 2911 5046 dicuntur
2933 5007 3060 5048 sues
3086 5000 3371 5063 unguento
3393 4990 3710 5066 praefocari,

2120 5086 2173 5136 et
2201 5081 2514 5153 gramiosos
2541 5080 2734 5140 oculos
2767 5082 2974 5140 lumine
3003 5098 3180 5142 caecos
3208 5080 3349 5139 ﬁeri.

2197 5277 2217 5313 ι
2256 5259 2322 5314 Ει
2354 5259 2422 5315 ad
2449 5259 2566 5315 haec
2595 5261 2724 5331 qtiis
2746 5260 3021 5319 idoneus?
3058 5276 3079 5315 ι

2192 5349 2335 5418 Quia
2369 5364 2567 5423 magna
2594 5351 2845 5422 quaedam
2878 5352 3143 5423 praefatus
3169 5352 3274 5419 est,
3304 5351 3582 5407 victimam
3607 5354 3713 5407 nos

2120 5457 2244 5499 esse
2278 5439 2508 5510 Christi,
2556 5457 2775 5498 necnon
2812 5442 3019 5497 bonum
3048 5442 3311 5509 odorem;
3369 5441 3575 5514 ubique
3606 5456 3711 5498 nos

2122 5531 2504 5602 triumphare:
2534 5530 2728 5588 isthaee
2760 5546 2987 5587 rursum
3016 5533 3202 5588 omnia
3233 5532 3289 5588 in
3321 5530 3493 5587 Deum
3523 5531 3708 5589 refert.

2128 5623 2283 5681 Unde
2304 5626 2431 5680 ait:
2472 5623 2540 5680 Et
2585 5624 2654 5679 ad
2685 5625 2798 5681 haec
2836 5627 2956 5697 quis
3005 5626 3273 5684 idoneus!
3331 5632 3512 5683 totum
3562 5625 3709 5681 enim

2121 5714 2335 5774 Christi
2366 5724 2475 5785 est,
2505 5715 2716 5787 inquit,
2749 5726 2806 5775 et
2836 5718 2975 5775 nihil
3004 5729 3281 5776 nostrum.

2197 5796 2490 5865 Vens.'i7.
2527 5827 2547 5862 ι
2575 5806 2697 5866 Non
2720 5809 2865 5866 enim
2902 5823 3093 5867 sumus
3127 5817 3186 5864 ut
3221 5806 3466 5877 quidam,
3499 5798 3709 5858 aduiie’x
