3970 6404
305 313 414 376 .719

1507 307 1566 365 Β.
1605 305 1642 366 J
1648 305 1740 365 ΟΛ
1755 305 1854 365 NN
1863 306 1932 365 IS
1972 307 2405 371 DAMASCENI

3181 365 3211 394 ,
3473 315 3582 378 37:20

311 436 501 480 rantes
532 423 760 478 verbum
799 423 916 487 Dei,
967 419 1061 476 sed
1113 429 1374 492 tanquam
1422 435 1485 475 ex
1539 422 1860 476 sinceritate

2010 423 2158 490 λόγον
2195 423 2289 476 τοῦ
2312 423 2471 489 Θεοῦ,
2503 423 2620 478 ἀλλ’
2651 425 2724 488 ῶς
2771 423 2831 490 ἐξ
2853 424 3224 497 είλικρινείας,
3265 425 3380 478 ἀλλ’
3407 427 3481 491 ὠς
3520 432 3585 483 ἐκ

310 520 404 573 sed
435 515 592 587 quasi
625 530 689 568 ex
723 513 848 568 Deo.
891 533 908 564 ι

384 609 442 662 Si
475 623 669 676 magna
705 603 1220 675 pronuntiavimus,
1275 609 1330 656 at
1376 600 1512 656 nihil
1545 600 1741 656 bormn
1793 612 1895 652 no-

308 709 482 753 strum
507 714 631 753 esse
673 699 1020 753 benefactum
1054 694 1328 765 apparuit,
1372 693 1464 748 sed
1495 691 1702 748 Christi
1736 704 1896 762 pror-

307 807 404 846 sus
439 790 647 846 omnia.
697 789 820 846 Non
857 789 1006 843 enim
1037 787 1210 843 falsos
1237 785 1516 855 apostolos
1545 783 1893 846 annulamur,

304 885 398 954 qui
433 885 693 956 pleraque
714 898 815 938 sua
843 897 968 938 esse
999 889 1281 937 asserunt.
1311 876 1448 932 Nam
1481 877 1588 931 hoc
1619 886 1705 930 est
1734 875 1895 928 adul-

303 986 505 1043 terare,
540 976 630 1031 ubi
669 974 947 1047 quispiam
991 973 1176 1027 vinum
1209 971 1386 1038 vitiat,
1421 978 1475 1025 et
1511 967 1734 1040 quando
1768 967 1895 1038 quis

285 1071 536 1141 ,pccunia
569 1071 777 1134 vendit,
813 1069 957 1140 quod
1000 1068 1174 1140 gratis
1211 1067 1345 1122 dare
1372 1066 1564 1136 jussus
1589 1072 1694 1120 est.

378 1185 396 1214 ι
433 1164 628 1218 Coram
663 1163 798 1228 Deo,
835 1164 887 1217 in
921 1161 1141 1218 Christo
1174 1161 1472 1231 loquimur.
1509 1175 1530 1209 ›

371 1256 490 1311 Non
512 1257 592 1312 sic
614 1258 1001 1328 praedicamus,
1025 1265 1083 1310 ut
1117 1271 1212 1311 vos
1252 1253 1682 1315 hallucinemur,
1715 1261 1896 1319 neque

301 1349 355 1403 in
409 1358 598 1404 nostra
667 1351 938 1421 sapientia
993 1349 1249 1415 nitimur,
1306 1347 1403 1404 sed
1448 1346 1697 1402 divinum
1728 1344 1894 1399 nobis

301 1445 469 1498 robur
500 1444 906 1514 suppeditatur.

977 1579 1132 1636 CAP.
1192 1578 1282 1634 ΙΙΙ.

351 1689 536 1744 "Vens.
592 1691 640 1756 1.,
691 1691 747 1744 9..
808 1690 1191 1762 «incipimus
1259 1692 1459 1746 iterum
1520 1687 1890 1758 nosmetipsos

1999 514 2155 570 Θεοῦ.
2202 535 2221 568 ι

2071 607 2133 660 Εἰ
2159 607 2374 678 μεγάλα
2427 607 2832 680 ἐφθεγξάμεθα,
2889 608 3002 663 ἀλλ’
3033 609 3184 663 οὐδὲν
3224 611 3283 664 τὸ
3313 611 3585 682 ἡμέτερον

1998 699 2195 770 ἔφανεν
2217 695 2358 754 εἶναι
2388 700 2742 771 κατόρθωμα,
2795 701 2932 756 ἀλλά
2966 701 3148 756 πάντα
3190 701 3286 756 τοῦ
3319 703 3582 774 Χριστοῦ.

1999 792 2073 845 υῦ
2108 791 2216 864 γὰρ
2271 791 2588 863 μιμούμεθα
2629 797 2758 858 τοὺς
2799 793 3295 862 ψευδαποστόλους,
3349 797 3477 859 τοῦς
3511 798 3584 850 τὰ

1998 884 2169 938 πολλά
2196 885 2376 940 αὐτῶν
2409 885 2667 955 λέγοντας
2699 881 2861 941 εἶναι.
2903 888 3076 942 Τοῦτο
3103 889 3213 958 γάρ
3247 890 3364 943 ἐστι
3398 889 3462 942 τὸ
3485 907 3586 945 κα-

1997 975 2286 1047 πηλεῦσαι,
2343 976 2473 1030 ὅταν
2525 994 2612 1040 τις
2643 977 2842 1052 νοθεύῃ
2878 978 2970 1032 τὸν
3010 974 3174 1045 οἶνον,
3209 980 3308 1034 καὶ
3337 980 3466 1036 ὅταν
3500 999 3585 1042 τις

1997 1066 2295 1138 χρημάτων
2321 1067 2498 1136 πωλῇ,
2530 1064 2559 1118 δ
2588 1066 2884 1139 ἐκελεύσθη
2911 1067 3119 1140 δωρεὰν
3141 1067 3348 1123 δοῦναι.

2073 1177 2092 1210 ι
2130 1159 2239 1212 Καὶ
2271 1158 2502 1212 ἐνώπιον
2521 1158 2615 1212 τοῦ
2645 1158 2782 1214 Θεοῦ
2812 1161 2870 1213 ἑν
2892 1161 3116 1232 Χριστῷ
3140 1161 3434 1232 λαλοῦμεν.
3459 1179 3480 1212 ι

2067 1251 2181 1304 Οὐκ
2222 1251 2542 1316 ἀπατῶντες
2604 1252 2751 1323 ὑμᾶς
2797 1252 2930 1306 αὐτὸ
2979 1253 3344 1325 κηρύττομεν,
3376 1253 3499 1307 οὐδὲ
3522 1254 3585 1306 ἐν

1994 1345 2062 1414 τῇ
2088 1345 2334 1415 ἡμετέρα
2382 1343 2566 1415 σοφίᾳ,
2625 1343 2764 1398 ἀλλά
2815 1346 2882 1416 τῇ
2907 1347 3038 1416 παρ’
3085 1345 3296 1400 ἐκείνου
3351 1345 3584 1416 δυνάμει

1996 1435 2234 1508 χορηγού
2242 1453 2417 1508 μενοι.

2600 1578 2859 1634 ΚΕΦΑΛ.
2904 1579 2981 1634 Ρ.

2075 1709 2094 1743 ι
2143 1690 2454 1762 Ἀρχόμεθα
2511 1689 2676 1746 πάλιν
2723 1691 2954 1754 ἑαυτοὺς
3015 1689 3379 1754 συνιστάνειν,
3421 1690 3581 1763 τίμὴ

293 1782 702 1840 cmnmendare.
739 1784 847 1840 Aut
886 1785 1137 1856 nunquid
1171 1799 1419 1856 egemus,
1456 1784 1600 1838 sicut
1630 1779 1875 1851 quidam.

2010 1783 2262 1856 [ρῄζομεν
2297 1783 2373 1848 ὥς
2398 1801 2542 1848 τινες
2565 1783 2906 1838 συστατικῶν
2928 1782 3228 1837 ἐπιστολῶν
3247 1783 3388 1856 πρὸς
3411 1784 3580 1855 ὑμᾶς,

293 1877 764 1933 emntttendatitiis
796 1879 1051 1950 epistolis
1089 1879 1158 1933 ad
1192 1894 1312 1941 vos,
1343 1885 1438 1930 aut
1463 1892 1530 1931 ex
1553 1873 1738 1930 vobis?
1759 1873 1890 1942 Epi-

292 1971 434 2025 stola
485 1979 670 2025 nostra
713 1986 811 2028 vos
843 1971 998 2034 estis,
1034 1971 1246 2041 scripta
1281 1969 1334 2024 in
1365 1967 1626 2024 cordibus
1652 1965 1882 2033 nostris,

291 2078 412 2132 qua:
441 2063 617 2118 scitur
647 2072 703 2116 et
733 2063 936 2134 legitur
963 2061 1034 2118 ab
1075 2062 1336 2117 omnibus
1367 2059 1702 2114 hominibus.
1739 2075 1757 2108 ι
1795 2057 1804 2067 '

278 2153 284 2159 ’
359 2155 770 2210 Antevertendo
800 2157 964 2211 solvit
1013 2155 1067 2210 id
1105 2154 1252 2226 quod
1309 2153 1379 2207 ab
1432 2151 1542 2207 illis
1585 2143 1704 2206 erat
1739 2148 1882 2219 obji-

288 2247 583 2313 ciemlmn,
625 2248 889 2303 videlicet
936 2246 1082 2317 quod
1143 2245 1388 2317 seipsum
1438 2243 1748 2299 extolleret.
1803 2241 1882 2296 Ac

288 2337 562 2406 ejusmodi
615 2337 903 2409 quidpiam
961 2338 1215 2408 loquitur
1252 2356 1265 2390 :
1297 2334 1451 2390 Adeo
1509 2350 1618 2390 non
1654 2347 1881 2404 egemus

289 2427 766 2484 commendatitiis
821 2429 1099 2496 epistolis,
1161 2436 1222 2482 ut
1272 2441 1371 2481 vos
1426 2425 1576 2496 ipsos
1630 2423 1881 2495 epistolae

275 2519 410 2573 loco
453 2519 775 2577 habeamus.
821 2520 964 2588 Quin
1005 2520 1178 2576 etiam
1222 2520 1300 2573 ait
1345 2518 1510 2574 :Etsi
1539 2532 1680 2589 opus
1733 2523 1880 2572 esset

285 2625 387 2664 nos
416 2611 560 2680 apud
621 2611 758 2666 alios
803 2611 1208 2678 commendari,
1249 2625 1350 2666 vos
1393 2610 1586 2680 utique
1627 2607 1880 2679 epistolae

285 2702 406 2756 ioco
446 2704 499 2756 in
530 2704 770 2758 medium
809 2704 1262 2776 produceremus.

386 2793 551 2851 Visus.
607 2797 662 2852 '5.
719 2815 738 2849 ι
787 2795 1158 2864 Manifestati,
1235 2795 1384 2866 quod
1451 2793 1690 2867 epistola
1742 2791 1876 2849 estis

279 2887 516 2951 Christi,
556 2889 873 2944 ministrata
905 2903 935 2942 a
966 2889 1142 2944 vobis.
1188 2907 1207 2940 ι

356 2979 468 3034 lloc
523 2982 576 3034 in
638 2980 760 3035 loco
809 2968 918 3036 non
969 2981 1136 3037 modo
1183 2980 1561 3037 testimonium
1619 2979 1876 3051 perhibet

281 3070 568 3125 charitatis
595 3073 842 3142 illorum,
873 3088 1006 3128 veru
1019 3088 1071 3127 tn
1105 3075 1273 3128 etiam
1299 3079 1449 3127 recte
1474 3071 1766 3126 factorum.

357 3180 378 3215 ι
419 3163 636 3235 Scripta
673 3180 780 3221 non
821 3173 1160 3234 atramento,
1207 3164 1303 3221 sed
1345 3163 1555 3235 Spiritu
1586 3162 1680 3218 Dei
1712 3162 1864 3218 vivi:
1897 3161 1940 3219 C

278 3269 389 3308 non
417 3253 474 3310 in
495 3254 698 3311 tabulis
721 3255 975 3327 lapideis,
1017 3256 1112 3311 sed
1138 3255 1192 3309 in
1215 3253 1421 3309 tabulis
1450 3250 1636 3308 cordis
1668 3263 1870 3306 carna-

274 3347 444 3402 ‘libus.
483 3367 503 3401 ι
1046 3418 1049 3422 ι

355 3442 514 3512 130
553 3441 666 3498 lloc
691 3450 802 3510 est,
837 3456 1006 3514 quam
1051 3439 1368 3510 intelligunt
1395 3452 1610 3495 omnes.
1651 3433 1746 3490 Sic
1773 3447 1872 3490 vos

279 3533 488 3603 ubique
518 3534 996 3604 circumferimus,
1031 3543 1089 3591 et
1117 3542 1301 3590 mente
1334 3543 1646 3587 versamus.

340 3621 520 3680 'Vsns.
553 3626 609 3681 4.
649 3643 668 3678 ι
709 3624 1001 3681 Fiduciam
1045 3635 1230 3680 autem
1281 3623 1438 3678 talem
1467 3621 1733 3677 habemus
1776 3632 1873 3689 per

275 3714 558 3772 Christum
589 3716 658 3771 ad
691 3717 888 3773 Deum.
926 3737 945 3770 ι
1179 3715 1182 3718 ’

350 3809 567 3866 Rursus
588 3818 766 3865 totum
793 3811 868 3865 ad
907 3810 1082 3865 Deum
1119 3807 1308 3864 refert.
1345 3807 1515 3864 Nobis
1536 3807 1680 3864 enim
1709 3805 1871 3862 Chri-

279 3911 399 3957 stus
433 3903 817 3958 universorum
849 3912 1054 3957 auctor
1083 3901 1317 3968 exstitit,
1350 3899 1548 3971 inquit.

349 3993 517 4050 Vsus.
551 3993 606 4050 5.
646 4013 666 4048 ι
697 3993 817 4050 Νοη
850 3995 1008 4066 quod
1043 3993 1379 4051 sufficientes
1409 4005 1602 4049 sumus
1631 3989 1872 4059 cogitare

275 4085 481 4157 aliquid
512 4101 579 4142 ex
615 4087 798 4153 nobis,
841 4087 1002 4157 quasi
1034 4101 1101 4141 ex
1136 4085 1320 4140 nobis.
1348 4103 1369 4138 ι

345 4177 484 4234 Vide
513 4193 736 4235 rursum
759 4187 817 4235 et
841 4180 1070 4234 alteram
1097 4177 1520 4233 correctionem.
1538 4175 1632 4230 Ait
1652 4183 1868 4232 autem:

274 4269 394 4325 Non
427 4286 490 4325 ea
519 4280 701 4327 mente
735 4271 872 4338 dixi,
913 4269 1176 4326 fiduciam
1214 4284 1319 4326 nos
1351 4268 1572 4336 habere,
1611 4277 1872 4340 tanquam

271 4365 408 4420 illud
435 4365 656 4436 quidem
691 4367 765 4422 sit
795 4365 913 4434 Dei,
935 4375 989 4422 et
1018 4365 1124 4422 hoc
1147 4381 1180 4421 a
1205 4365 1385 4421 nobis.
1412 4363 1673 4431 Quinimo
1697 4371 1872 4419 totum

272 4472 506 4526 prorsus
540 4456 653 4514 Deo
679 4459 874 4514 tribuit
903 4465 958 4515 et
991 4468 1282 4530 acceptum
1317 4457 1507 4514 refert.

345 4571 364 4604 ι
401 4552 508 4609 Sed
558 4551 888 4611 sufficientia
937 4563 1128 4610 nostra
1162 4569 1231 4610 ex
1280 4551 1394 4608 Deo
1432 4563 1538 4620 est,
1574 4552 1775 4626 [Vens
1809 4554 1864 4630 6]

268 4645 363 4714 qui
386 4653 440 4700 et
482 4645 713 4703 idoneos
742 4661 847 4703 nos
877 4647 1010 4703 fecit
1035 4646 1327 4703 ministros
1353 4648 1480 4703 novi
1507 4651 1863 4718 testamenti;

269 4753 379 4792 non
415 4738 628 4803 littera,
668 4739 763 4794 sed
802 4740 1054 4810 spiritus.
1095 4759 1114 4793 ι

339 4827 496 4894 Quod
523 4832 620 4897 ait,
642 4832 863 4886 idoneos
897 4831 1045 4901 fecit,
1066 4833 1210 4888 idem
1238 4843 1325 4888 est
1344 4847 1408 4888 ac
1432 4841 1684 4903 potentes
1713 4833 1863 4900 fecit,

270 4922 610 4992 aptavitque.
670 4922 826 4978 llaud
891 4925 1042 4980 enim
1099 4926 1364 4996 exiguum
1421 4925 1527 4980 fuit
1586 4925 1864 4996 ejusmodi

267 5012 533 5068 victorias
567 5022 620 5069 et
651 5023 926 5086 praecepta
960 5014 1211 5084 proferre
1245 5031 1368 5086 qua:
1395 5015 1676 5088 prioribus
1701 5017 1865 5087 longe

268 5104 654 5173 praestantiora
681 5116 891 5161 essent.
923 5105 1279 5178 Quapropter
1303 5107 1507 5179 adjecit
1552 5128 1565 5164 :
1613 5107 1737 5163 Non
1772 5109 1864 5162 lit-

268 5206 412 5260 terw,
447 5195 536 5249 sed
561 5197 807 5264 spiritus.

343 5304 362 5338 ι
411 5286 616 5343 Littera
670 5289 820 5345 enim
869 5287 1112 5356 occidit,
1163 5291 1396 5362 spiritus
1447 5300 1631 5348 autem
1685 5291 1862 5345 vivifi-

268 5385 378 5433 cat.
411 5397 429 5429 ›

337 5491 464 5548 liam
497 5495 593 5559 ait,
619 5505 679 5550 ut
710 5495 833 5551 illos
862 5496 1100 5565 obterat,
1131 5499 1224 5569 qui
1263 5507 1485 5570 propter
1511 5497 1857 5553 Judaismum

265 5586 618 5654 arrogantius
657 5585 1054 5642 efferebantur.
1087 5589 1207 5644 Non
1243 5590 1392 5644 enim
1447 5587 1665 5660 Moyses
1695 5588 1857 5657 apiri-

269 5686 386 5728 tum
439 5678 709 5745 praebuit,
755 5680 955 5751 inquit,
1009 5680 1104 5736 sed
1161 5681 1394 5736 litteras.
1454 5679 1624 5736 Nobis
1672 5687 1855 5734 autem

270 5768 372 5823 hoc
403 5785 604 5827 munus
637 5773 905 5829 creditum
937 5783 1039 5843 est,
1080 5784 1138 5828 ut
1170 5775 1422 5844 Spiritum
1458 5775 1853 5830 tribueremus.

1992 1877 2026 1948 ἢ
2052 1875 2112 1940 ἑξ
2136 1875 2290 1947 ὑμῶν
2322 1874 2688 1930 συστατικῶν.
2705 1875 2770 1928 Ἦ
2791 1872 3052 1946 ἐπιστολὴ
3082 1874 3240 1946 ἡμῶν
3273 1874 3432 1946 ὑμεῖς
3452 1874 3580 1926 ἐστε

1993 1968 2428 2040 ὲγγεγραμμένη
2455 1968 2513 2021 ἑν
2537 1967 2658 2031 ταῖς
2689 1967 2944 2040 καρδίαις
2967 1970 3001 2040 ἡ
3011 1966 3130 2038 μῶν
3155 1983 3169 1996 ·
3203 1965 3580 2038 γινωσκομένη

1993 2058 2089 2113 καὶ
2126 2058 2616 2131 ἀναγινωσκομένη
2645 2058 2753 2112 ὑπὸ
2783 2059 3004 2112 πάντων
3033 2056 3364 2129 ἀνθρώπων.
3392 2075 3412 2109 ι

2063 2155 2245 2225 Ὅπερ
2283 2153 2509 2226 ἔμελλεν
2557 2153 2705 2225 αὐτῷ
2757 2153 2889 2224 παρ’
2939 2152 3167 2206 ἐκείνων
3201 2150 3581 2222 ἀνθυποφέρε-

1993 2248 2140 2311 σθαι,
2169 2246 2250 2299 ὃτι
2289 2245 2569 2316 Ἐπαίρεις
2623 2243 2840 2308 σαυτὸν,
2872 2241 3032 2297 τοῦτο
3087 2240 3377 2312 προλασὼν
3413 2241 3581 2305 αὐτὸς

1989 2338 2129 2396 λύει.
2164 2339 2229 2391 Ὃ
2257 2337 2314 2392 δὲ
2347 2337 2498 2406 λέγει
2523 2333 2766 2389 τοιοῦτόν
2814 2335 2965 2388 ἐστι’
2997 2333 3266 2388 Τοσοῦτον
3294 2333 3578 2404 ἀπέχομεν

1987 2430 2080 2483 τοῦ
2112 2428 2374 2501 δεηθῆναι
2410 2427 2548 2500 πρὸς
2575 2428 2718 2498 ὑμᾶς
2767 2426 3110 2480 συστατικῶν
3147 2423 3470 2486 ἐπιστολῶν,
3499 2423 3577 2487 ὡς

1988 2523 2134 2594 ὑμᾶς
2156 2522 2272 2576 ἀντ’
2301 2521 2593 2592 ἐπιστολῆς
2624 2521 2793 2592 ἔχειν.
2823 2521 2989 2588 Λέγει
3011 2519 3090 2582 δὲ,
3122 2519 3199 2582 ὡς
3221 2519 3280 2571 ΕΞ
3298 2517 3404 2571 ἔδει
3438 2516 3576 2588 πρὸς

1985 2617 2207 2687 ἑτέρους
2243 2615 2529 2685 συστῆναι,
2561 2613 2707 2685 ὑμᾶς
2743 2611 2810 2666 ἂν
2852 2611 3254 2684 παρηγάγομεν
3299 2610 3380 2672 είς
3407 2606 3576 2680 μέσον

1983 2708 2108 2764 ἀντὶ
2127 2707 2436 2778 ἐπιστολῆς.

2061 2819 2080 2852 ι
2119 2800 2547 2872 Φανερούμενοι,
2582 2801 2665 2853 ὅτι
2709 2797 2832 2851 ἑστὲ
2862 2796 3122 2868 ἐπιστολὴ
3161 2795 3424 2868 Χριστοῦ,
3458 2794 3574 2851 δια-

1983 2894 2279 2966 κονηθεῖσα
2304 2894 2393 2963 ὑφ’
2428 2893 2603 2964 ὑμῶν.
2639 2911 2656 2945 ι

2066 2987 2332 3042 Ἐνταῦθα
2366 2987 2427 3040 οῦ
2463 2987 2622 3058 μόνον
2653 2986 2834 3048 αὐτοῖς
2861 2985 3104 3056 ἀγάπην,
3135 2983 3271 3040 ἀλλά
3303 2985 3401 3038 καὶ
3437 3000 3572 3038 κατ-

1981 3077 2279 3152 ορθώματα
2303 3081 2589 3152 μαρτυρεῖ.

2056 3192 2075 3225 ι
2112 3172 2593 3245 Ἐγγεγραμμένη,
2621 3172 2682 3225 οὐ
2710 3169 2926 3243 μέλανι,
2957 3169 3097 3226 ἀλλά
3119 3169 3400 3240 Πνεύματι
3433 3167 3570 3222 Θεοῦ

1977 3265 2182 3331 ζῶντος
2205 3281 2218 3296 '
2251 3267 2353 3319 οῦκ
2382 3268 2438 3320 ἐν
2477 3263 2673 3329 πλαξὶν
2712 3263 2967 3329 λιθίναις,
2994 3262 3111 3318 ἀλλ’
3141 3263 3199 3317 ἐν
3228 3260 3394 3327 πλαξὶ
3422 3277 3567 3334 καρ-

1973 3358 2093 3424 δίας
2130 3358 2435 3429 σαρκίναις.
2477 3378 2496 3412 ι

2051 3452 2366 3514 Τουτέστιν,
2387 3453 2452 3523 ἢν
2476 3453 2679 3515 πάντες
2715 3450 2896 3505 ἴσασιν
2918 3467 2933 3482 ο
2967 3449 3141 3514 οὕτως
3171 3449 3317 3521 ὑμᾶς
3357 3464 3568 3504 πανταο

1979 3543 2075 3616 χοῦ
2109 3544 2506 3616 περιφέρομεν,
2526 3545 2621 3598 καὶ
2643 3547 2700 3598 ἑν
2736 3544 2811 3615 νῷ
2834 3543 3050 3616 ἔχομεν.

2061 3655 2078 3690 ι
2112 3637 2448 3708 Πεποίθησιν
2475 3636 2531 3691 δὲ
2562 3636 2819 3709 τοιαύτην
2860 3637 3058 3708 ἔχομεν
3087 3635 3177 3690 διὰ
3197 3633 3292 3688 τοῦ
3325 3631 3567 3705 Χριστοῦ

1979 3727 2120 3802 πρὸς
2151 3729 2242 3784 τὸν
2272 3730 2425 3785 Θεόν.
2470 3749 2487 3781 ι

2049 3822 2219 3876 Πάλιν
2270 3823 2331 3876 τὸ
2385 3822 2506 3878 ὅλον
2549 3822 2842 3895 ἀνατίθησι
2878 3820 2957 3894 τῷ
3013 3819 3155 3892 Θεῷ.
3195 3819 3415 3875 Τούτων
3455 3817 3568 3892 γὰρ

1977 3915 2108 3988 ἡμῖν
2135 3917 2163 3970 ὁ
2184 3916 2420 3988 Χριστὸς
2440 3917 2636 3982 αἴτιος,
2673 3916 2862 3988 φησίν.

2056 4031 2074 4065 ι
2111 4010 2225 4082 Οὐχ
2259 4009 2341 4062 ὃτι
2374 4009 2553 4063 ἱκανοί
2577 4010 2745 4078 ἐσμεν
2777 4008 2871 4078 ἀφ’
2899 4005 3114 4061 ἑαυτῶν
3154 4003 3483 4076 λογίσασθαί
3510 4018 3566 4058 τι

1973 4109 2049 4173 ὡς
2072 4106 2134 4171 ἑξ
2161 4101 2393 4158 ἑαυτῶν.
2422 4121 2440 4153 ο

2045 4200 2191 4270 Ὅρα
2222 4195 2384 4251 πάλιν
2411 4194 2604 4266 ἑτέραν
2617 4193 2925 4266 διόρθωσιν.
2955 4194 3118 4263 Λέγει
3139 4194 3198 4248 δέ
3217 4211 3230 4225 ·
3253 4193 3366 4264 Οὐχ
3391 4193 3564 4258 οὓτως

1972 4289 2150 4356 εἷπον,
2176 4286 2503 4358 πεποίθησιν
2533 4285 2756 4356 ἔχομεν,
2777 4285 2853 4349 ὼς
2875 4284 2936 4338 τὸ
2967 4283 3067 4356 μὲν
3098 4284 3370 4356 ἡμέτερον
3397 4280 3561 4350 εἷναι,

1972 4383 2036 4437 τὸ
2073 4381 2130 4435 δὲ
2149 4378 2244 4433 τοῦ
2279 4377 2417 4431 Θεοῦ
2443 4393 2457 4405 ο
2484 4375 2622 4431 ἀλλὰ
2668 4376 2729 4430 τὸ
2777 4376 2887 4430 πᾶν
2921 4373 3074 4444 αὐτῷ
3123 4373 3416 4445 ἀνατίθησι
3466 4374 3564 4428 καὶ

1973 4472 2270 4545 λογίζεται.

2052 4583 2072 4618 ι
2121 4563 2266 4618 Ἀλλ’
2301 4560 2611 4633 ήὶκανότης
2631 4559 2792 4632 ἡμῶν
2828 4561 2893 4612 ἐκ
2922 4558 3019 4612 τοῦ
3037 4557 3197 4624 Θεοῦ,
3230 4559 3288 4622 ὃς
3309 4557 3404 4612 καὶ
3441 4557 3562 4613 ίκάο

1969 4674 2141 4714 νωσεν
2169 4656 2316 4727 ἡμᾶς
2344 4653 2624 4718 διακόνους
2659 4651 2855 4722 καινῆς
2884 4652 3172 4724 διαθήκης,
3205 4653 3265 4705 οὐ
3295 4652 3562 4724 γράμμα-

1967 4768 2081 4814 τος,
2113 4747 2251 4803 ἀλλά
2286 4746 2616 4816 πνεύματος,
2654 4764 2674 4797 ι

2038 4841 2112 4894 Τὺ
2136 4841 2214 4906 δὲ,
2245 4837 2564 4903 ἱκάνωσεν,
2597 4837 2870 4903 τουτέστι,
2895 4837 3158 4902 δυνατοὺς
3188 4837 3419 4910 ἐποίησε
3462 4834 3560 4889 καὶ

1967 4931 2331 5002 ἐπιτηδείους.
2379 4929 2456 4983 Οὐ
2503 4930 2702 5002 μικρὸν
2746 4930 2858 5001 γὰρ
2889 4930 3229 5002 προκομίσαι
3259 4933 3329 5002 τῇ
3375 4931 3561 4983 οἰκου-

1971 5024 2110 5096 μένῃ
2162 5021 2420 5086 τοιαύτας
2476 5021 2653 5085 νίκας,
2710 5021 2806 5074 καὶ
2851 5021 3073 5086 ἐντολὰς
3127 5021 3308 5092 πολλῷ
3335 5020 3559 5092 μείζους

1968 5115 2077 5169 τῶν
2107 5115 2411 5186 προτέρων.
2437 5113 2530 5166 Διὸ
2561 5113 2656 5168 καὶ
2693 5114 3006 5185 ἐπήγαγεν,
3066 5116 3137 5168 οὺ
3193 5113 3557 5183 γράμματος,

1966 5206 2125 5260 ἀλλὰ
2175 5205 2536 5274 πνεύματος.

1965 5344 1968 5348 .
2045 5315 2063 5347 ι
2100 5297 2173 5350 Τὸ
2205 5298 2316 5368 γὰρ
2362 5297 2600 5368 γράμμα
2635 5297 2977 5364 ἀποκτείνει,
3006 5296 3066 5351 τὸ
3086 5295 3142 5350 δὲ
3184 5295 3398 5365 πνεῦμα
3431 5293 3573 5359 ζωο-

1965 5392 2129 5444 ποιεῖ.
2146 5410 2162 5440 ι

2035 5500 2224 5555 Ταῦτὰ
2245 5516 2433 5570 φησιν,
2472 5499 2716 5562 ἐκείνους
2742 5498 3026 5567 καθαιρῶν
3058 5500 3184 5561 τοὺς
3222 5497 3572 5568 μεγαλοφρο-

1964 5588 2190 5652 νοῦντας
2222 5591 2318 5641 ἐπὶ
2349 5587 2430 5658 τῷ
2477 5587 2814 5659 Ἰουδαϊσμῷ.
2849 5589 2924 5642 Οὐ
2952 5590 3061 5660 γὰρ
3085 5588 3326 5663 πνεῦμα,
3364 5587 3556 5659 φησὶν,

1964 5683 2220 5754 ἐκόμιζεν
2248 5685 2512 5754 Μωῦσῆς,
2559 5684 2700 5738 ἀλλὰ
2736 5684 3042 5756 γράμματα
3068 5702 3080 5714 ·
3114 5687 3275 5756 ἡμεῖς
3317 5684 3372 5736 δὲ
3431 5685 3557 5736 ἐπ·-

1966 5776 2274 5847 στεύθημεν
2336 5775 2558 5848 πνεῦμα
2605 5776 2828 5832 διδόναι.
2878 5777 3128 5850 Γράμμα
3173 5778 3230 5830 δὲ
3291 5775 3551 5844 ἐνταῦθα,
