3970 6452
196 341 301 407 727

1387 341 1452 402 S.
1493 341 1812 402 JOANNIS
1849 343 2281 405 DAMASCENI

3358 348 3465 411 798

267 460 432 513 Vens.
469 458 556 513 12.
612 476 630 509 ι
671 456 810 528 Ergo
860 469 1008 510 mors
1048 456 1103 508 in
1139 453 1298 509 nobis
1339 460 1633 521 operatur;
1669 453 1779 506 vita

1963 472 1981 505 ι
2015 455 2177 508 Ὥστε
2233 453 2462 520 θάνατος
2490 456 2557 510 ἐν·
2579 456 2714 527 ἡμῖν
2770 453 3094 528 ἐνεργεῖται,
3127 455 3235 526 ἡδὲ
3261 455 3374 528 ζωὴ
3405 459 3466 509 ὲν

197 561 379 608 autem
414 552 468 604 in
505 551 681 604 vobis.
724 569 743 600 ι

263 643 384 697 Non
418 641 508 694 hic
536 637 772 708 amplius
798 636 866 692 de
911 643 1092 690 morte
1123 633 1251 691 Jesu
1289 634 1556 704 loqui-tur,
1587 632 1679 688 sed
1713 633 1780 687 d'c

193 730 596 791 tentatiouibus
622 737 676 784 et
703 728 1062 783 relaxatione.
1099 728 1212 782 Nos
1252 727 1457 782 etenim
1500 723 1696 780 mediis
1724 724 1779 778 iu

193 822 454 894 periculis
503 831 558 875 et
609 819 1008 876 tentatiouibus
1059 833 1372 883 versamur,
1429 816 1645 887 inquit;
1681 830 1779 872 vos

198 914 377 972 securi
416 921 628 983 partam
658 911 813 967 hisce
851 910 1114 980 periculis
1142 911 1307 965 vitam
1343 907 1664 978 reportatis.
1701 906 1780 961 Ac

196 1021 299 1062 nos
333 1005 556 1077 quidem
585 1005 898 1074 periculosa
931 1004 1266 1072 toleramus;
1309 1018 1408 1058 vos
1443 1001 1602 1058 bonis
1645 1001 1778 1072 ipsis

194 1097 464 1151 fruimini.

266 1188 431 1244 Vens.
463 1189 552 1243 15.
596 1207 615 1241 ι
653 1187 932 1244 llabentes
981 1193 1165 1242 autem
1215 1185 1474 1243 eumdem
1519 1184 1778 1256 spiritum

199 1281 345 1346 ﬁdei,
395 1281 542 1337 sicut
593 1281 863 1352 scriptum
910 1273 1031 1336 est'
1061 1278 1335 1341 =Credidi,
1367 1285 1594 1350 propter
1634 1277 1781 1348 quod

197 1373 420 1430 locutus
451 1387 597 1442 sum,
625 1381 681 1429 et
722 1386 826 1428 nos
859 1370 1160 1440 credimus,
1194 1379 1420 1442 propter
1441 1368 1588 1440 quod
1618 1378 1672 1424 et
1706 1370 1784 1425 lo-

197 1465 442 1536 quimur.
473 1483 501 1517 »-

266 1558 326 1613 ln
363 1557 686 1614 memoriam
703 1571 894 1613 eorum
913 1556 1127 1613 reducit
1163 1555 1431 1625 psalmum
1487 1556 1582 1628 qui
1615 1568 1780 1627 quam

195 1650 435 1705 maxime
462 1649 698 1706 idoneus
745 1657 828 1706 est
859 1649 925 1704 ad
959 1647 1380 1720 praeparandum
1403 1648 1472 1704 ad
1513 1647 1778 1720 pericula.

1885 565 2035 618 υμιν.
2065 567 2084 600 ι

1951 640 2151 694 Οὐκέτι
2179 640 2310 712 ἰτερῖ¹
2341 638 2432 694 τοῦ
2473 639 2646 711 Ἰησοῦ
2681 639 2919 695 θανάτου
2953 640 3124 708 λέγει,
3151 639 3288 692 ἀλλὰ
3335 641 3465 710 περὶ

1883 732 2208 804 πειρασμῶν
2253 733 2349 786 καὶ
2381 732 2642 794 ἀνέσεως.
2685 733 2876 803 Ἡμεῖς
2917 734 3018 804 μὲν
3060 732 3166 804 γὰρ
3197 735 3254 786 ἐν
3285 733 3466 786 κινδύ-

1882 839 2025 886 νοις·
2052 825 2149 876 καὶ
2178 824 2531 893 πειρασμοῖς,
2562 821 2727 893 φησίν
2761 839 2774 853 ·
2807 824 2963 892 ὑμεῖς
3000 821 3060 876 δὲ
3089 825 3148 875 ὲν
3182 821 3337 891 ἀδείᾳ
3363 821 3465 891 τὴν

1881 917 1944 968 ὲκ
1977 914 2182 967 τούτων
2224 914 2333 967 τῶν
2367 912 2632 967 κινδύνων
2663 913 3040 984 καρπούμενοι
3075 913 3241 984 ζωὴν,
3270 913 3366 965 καὶ
3395 915 3464 966 τὰ

1885 1008 1986 1079 μὲν
2012 1007 2328 1062 ἐπικίνδυνα
2363 1009 2524 1080 ἡμεῖς
2558 1008 2923 1079 ὑπομένομεν,
2987 1007 3095 1061 τῶν
3123 1007 3181 1060 δὲ
3210 1007 3464 1078 χρηστῶν

1883 1100 2046 1169 ὑμεῖς
2075 1098 2404 1156 ἀπολαύετε.

1959 1208 1977 1241 ι
2015 1190 2273 1259 Ἔχοντες
2293 1189 2352 1243 δὲ
2376 1189 2437 1243 τὸ
2469 1191 2603 1244 αὐτὸ
2634 1190 2853 1261 πνεῦμα
2875 1189 2978 1259 τῆς
3023 1189 3258 1252 πίστεως
3279 1229 3295 1254 ,
3321 1187 3464 1243 κατὰ

1881 1279 1944 1334 τὸ
1970 1282 2378 1354 γεγραμμένον,
2406 1282 2726 1349 ἐπίστευσα,
2747 1282 2828 1335 διὸ
2853 1282 3118 1354 ἐλάλησα,
3155 1283 3249 1335 καὶ
3293 1282 3457 1353 ἡμεῖς

1884 1373 2338 1445 πιστεύομεν,διὸ
2362 1375 2459 1430 καλ⁸
2483 1374 2776 1447 λαλοῦμεν.
2804 1392 2822 1425 ι

1970 1555 2302 1628 Ἀνέμνησεν
2351 1557 2549 1621 αὐτοὺς
2591 1557 2814 1629 ψαλμοῦ
2885 1556 3073 1612 ἱκανοῦ
3127 1557 3362 1630 μάλιστα
3403 1557 3462 1610 ἔν

1883 1649 2153 1714 κινδύνοις
2203 1649 2470 1720 ἀλείφειν.
2523 1649 2636 1721 Τὴν
2677 1651 2786 1720 γὰρ
2840 1649 2987 1722 ᾠδὴν
3025 1649 3231 1721 ταύτην
3260 1651 3319 1705 ἐν
3349 1653 3465 1715 τοῖς

183 1730 334 1796 Nam
378 1741 570 1811 justus
608 1741 702 1796 ille
749 1740 1030 1796 canticum
1075 1738 1181 1794 hoc
1211 1739 1404 1806 edidit,
1447 1738 1670 1811 quando
1725 1739 1780 1793 in

1907 1744 2072 1809 ιύτοῖς
2125 1743 2396 1807 κινδύνοις
2423 1742 2502 1796 ὢν
2543 1743 2574 1797 ύ
2619 1742 2829 1807 δίκαιος
2882 1744 3092 1808 ἐκεῖνος
3139 1742 3461 1811 ἐφθέγξατο.

197 1823 616 1890 discriminibus
662 1834 1008 1891 versabatur.
1085 1830 1345 1887 Eumdem
1385 1842 1570 1887 autem
1606 1831 1780 1902 Spiri-

1907 1837 1956 1891 Γὺ
1980 1837 2060 1905 δὲ,
2087 1837 2235 1892 αὐτὸ
2272 1836 2516 1906 Πνεῦμα
2541 1837 2860 1907 συμμαχίας
2880 1877 2896 1903 ,
2919 1835 3200 1890 τουτέστιν
3227 1835 3336 1891 ἀπὸ
3364 1835 3465 1904 τῆς

200 1935 310 1979 tunc
343 1924 497 1988 dicit,
533 1923 725 1978 auxilii
774 1923 1075 1991 nimirum;
1112 1923 1223 1977 huc
1264 1931 1349 1978 est
1388 1923 1580 1978 eadem
1613 1938 1776 1993 opera

1907 1929 2053 2000 ιύτῆς
2072 1926 2460 1999 δημιουργίας,
2492 1927 2586 1996 ἀφ’
2614 1923 2684 1999 ἦς
2717 1928 2923 1991 ἐκεῖνος
2952 1926 3156 1997 ἐσώθη,
3185 1927 3280 1982 καὶ
3303 1928 3464 1998 ἡμεῖς

197 2032 308 2088 qua
344 2018 433 2074 hic
480 2017 658 2075 evasit
710 2017 939 2085 salvus,
995 2031 1098 2072 nos
1146 2030 1368 2087 quoque
1413 2015 1551 2070 salvi
1611 2014 1782 2071 cilici-

198 2124 342 2164 mur.

268 2199 437 2257 Vsus.
474 2201 664 2257 14-16.
730 2221 759 2256 ι-
786 2203 1042 2258 Scientcs
1073 2202 1333 2273 quoniam
1367 2201 1462 2272 qui
1492 2198 1783 2256 suscitavit

196 2291 407 2360 Jesum,
450 2303 504 2348 et
548 2308 649 2349 nos
701 2309 826 2348 cum
873 2293 1005 2350 Jesu
1035 2294 1348 2358 suscitabit,
1392 2303 1447 2349 et
1479 2293 1782 2347 constituet

199 2385 510 2441 vobiscum.
567 2384 763 2441 Omnia
810 2389 958 2442 enim
1009 2394 1235 2458 propter
1289 2401 1388 2441 vos
1438 2400 1453 2438 :
1501 2393 1560 2439 ut
1602 2383 1781 2455 gratia

200 2476 512 2542 abundans,
548 2494 647 2548 per
667 2478 873 2534 multos
906 2480 961 2532 in
1001 2480 1302 2549 gratiarum
1335 2477 1554 2532 actione
1601 2476 1781 2530 abun-

198 2571 291 2626 det
321 2571 375 2625 iu
411 2572 637 2642 gloriam
676 2571 792 2627 Dei.
837 2571 1066 2639 Pmpter
1106 2570 1254 2641 quod
1303 2586 1414 2625 non
1447 2568 1776 2626 deﬁcimus:

199 2663 295 2718 sed
326 2664 452 2720 licet
487 2665 534 2718 is
567 2663 660 2734 qui
702 2665 836 2720 l‘oris
867 2671 970 2727 est,
1019 2671 1211 2719 noster
1243 2663 1408 2718 homo
1458 2677 1782 2732 corrumpa-

199 2764 308 2816 tur.
378 2764 558 2811 tamen
602 2757 653 2813 is
699 2755 804 2827 qui.
833 2755 983 2812 intus
1022 2764 1131 2822 est,
1167 2754 1558 2812 renovatur-de
1603 2755 1693 2811 die
1724 2756 1782 2810 in

197 2847 364 2903 diem.
404 2867 423 2899 ι

265 2937 406 3004 Quia
433 2940 604 2994 dixit:
635 2950 684 2996 et
714 2941 1328 3014 noscredimus.propter
1357 2941 1496 3013 quod
1543 2951 1594 2996 et
1620 2941 1782 3012 loqui-

197 3043 339 3090 mur,
381 3027 548 3084 infert
588 3029 731 3100 quid.
778 3030 910 3086 illud
952 3033 1026 3086 sit
1071 3031 1217 3100 quod
1264 3029 1563 3086 credimus.
1607 3027 1781 3083 Nimi-

1886 2019 2192 2091 σωζόμεθα.

1893 2233 1909 2246 -
1956 2221 1975 2253 ι
2000 2200 2218 2262 Είδὸτες
2259 2199 2340 2255 ὅτι
2366 2199 2636 2272 ὁὲγείρας
2693 2199 2788 2253 τδν
2819 2199 3026 2271 Κύριον
3089 2198 3317 2270 Ἰησοῦν,
3371 2197 3466 2253 καὶ

1882 2296 2032 2366 ἡμᾶς
2060 2293 2151 2347 διὰ
2189 2293 2365 2364 Ἰησοῦ
2402 2295 2606 2364 ἐγερεῖ,
2640 2294 2736 2346 καὶ
2787 2293 3138 2364 παραστήσει
3187 2291 3285 2344 σὺν
3310 2292 3464 2362 ἡμῖν.

1883 2387 1964 2441 Τὰ
1994 2387 2102 2456 γὰρ
2132 2385 2314 2440 πάντα
2344 2385 2416 2439 δι’
2444 2386 2612 2456 ὑμᾶς,
2647 2385 2736 2438 ἵνα
2761 2385 2796 2456 ἡ
2827 2385 2988 2455 χάρις
3015 2383 3358 2438 πλεονάσασα
3377 2381 3466 2435 διὰ

1881 2480 1990 2534 τῶν
2029 2479 2292 2532 πλειόνων
2329 2478 2430 2550 τὴν
2478 2477 2839 2551 εὐχαριστίαν
2876 2475 3213 2547 περισσεύσῃ
3245 2476 3326 2538 είς
3365 2473 3467 2544 τὴν

1881 2570 2041 2638 δόξαν
2077 2570 2174 2625 τοῦ
2197 2569 2357 2626 Θεοῦ.
2395 2573 2487 2625 Διδ
2515 2571 2616 2625 οὐκ
2652 2568 3027 2639 ὲκκακοῦμεν,
3069 2568 3208 2623 ἀλλὰ
3231 2569 3283 2621 εἰ
3315 2566 3410 2622 καὶ¹
3437 2567 3468 2621 ό

1881 2668 1990 2734 ἔξω
2028 2667 2188 2740 ἡμῶν
2226 2666 2514 2737 ἄνθρωπος
2564 2666 2970 2738 διαφθείρεται,
3001 2664 3118 2719 ἀλλ’
3140 2665 3167 2718 ὁ
3196 2663 3303 2718 ἔσω
3332 2663 3468 2718 ἀνα-

1882 2760 2168 2817 καινοῦται
2202 2759 2388 2833 ἡμέρᾳ
2412 2760 2509 2814 καὶ
2528 2761 2735 2831 ἡμέρᾳ.
2770 2778 2788 2810 ι

1955 2943 2165 3009 Εἰπὼν,
2189 2945 2274 2998 ὅτι
2305 2941 2410 2997 καί
2437 2943 2610 3013 ἡμεῖς
2642 2942 3042 3010 πιστεύομεν,
3071 2939 3164 2993 διὸ
3193 2937 3298 2992 καὶ
3338 2938 3469 2991 ’λο-

1882 3035 2112 3105 αιοῦμεν
2131 3074 2147 3101 ,
2177 3034 2233 3090 τί
2263 3033 2598 3103 πιστεύομεν
2618 3030 2875 3101 ἐπι-φέρει
2903 3047 2918 3097 ;
2971 3029 3092 3084 Ὅτι
3113 3029 3209 3084 καὶ
3235 3026 3470 3098 ἐγείρας

197 3133 342 3184 rum,
387 3121 512 3189 quia
557 3122 648 3191 qui
691 3123 969 3177 suscitavit
1004 3119 1210 3187 Jesmn,
1260 3131 1310 3176 et
1347 3138 1443 3176 nos
1491 3137 1610 3175 cum
1647 3119 1778 3174 Jesu

1907 3127 2166 3196 Ἰησοῦν,
2198 3126 2298 3181 καὶ
2350 3124 2510 3196 ἡμᾶς
2559 3123 2756 3194 ἐγερεῖ
2813 3123 2912 3176 διὰ
2951 3120 3171 3189 Ἰησοῦ.
3223 3118 3469 3175 Πάλινδὲ

197 3212 498 3268 suscitabit.
546 3211 794 3269 Rursum
843 3223 1026 3270 autem
1086 3229 1180 3268 eos
1241 3213 1440 3268 ﬁducia
1486 3212 1679 3281 implet
1725 3219 1781 3265 et

1907 3217 2084 3290 ιληροῖ
2112 3216 2314 3280 αὐτοὺς
2354 3217 2730 3287 φρονήματος,
2755 3215 2848 3270 ἵνα
2897 3212 2974 3284 μὴ
3007 3211 3315 3284 ἀνθρώποις
3370 3211 3472 3282 χά·

197 3304 672 3374 magnanimitate,
699 3320 771 3360 ne
806 3305 1125 3361 hominibus
1149 3304 1432 3360 habendas
1461 3313 1648 3374 grates
1679 3317 1781 3372 pu-

199 3403 336 3456 tent,
367 3393 538 3458 falsis,
581 3395 829 3464 inquam,
861 3395 1151 3465 apostolis.

267 3485 434 3541 Vsus.
485 3487 577 3566 1-7...
627 3507 654 3540 «μ
690 3487 751 3550 Id
789 3489 1110 3560 cnimquod.
1155 3489 1208 3544 in
1257 3488 1513 3559 praesenti
1545 3495 1630 3543 est
1663 3487 1781 3542 leve

198 3576 571 3634 tribulationis
607 3591 831 3646 nostrae,
873 3596 1042 3651 supra
1083 3579 1308 3636 modum
1342 3579 1398 3634 iu
1440 3578 1782 3634 sublimitate

193 3677 461 3725 aeternum
497 3670 687 3742 gloria:
719 3672 934 3744 pondus
963 3671 1297 3744 operaturin
1335 3665 1508 3723 nobis.
1544 3689 1562 3720 ι

271 3759 408 3816 Vide
449 3777 613 3832 quam
653 3763 796 3819 levia
825 3763 1068 3834 pericula
1103 3761 1426 3828 reddiderit,
1471 3760 1782 3816 imminutis

195 3869 385 3908 eorum
412 3864 675 3924 tempore,
717 3870 782 3910 ac
808 3855 1209 3926 magnitudine.
1245 3854 1339 3908 Ait
1360 3854 1533 3916 enim,
1565 3853 1620 3908 in
1645 3867 1784 3920 pra:-

195 3944 355 4010 senti,
391 3951 465 4010 et,
504 3945 628 4000 leue.
668 3943 773 4000 Ubi
821 3943 1101 4000 contraria
1134 3945 1245 4000 duo
1274 3951 1563 4014 comparat
1589 3940 1778 4004 simul,

193 4050 431 4103 presens
479 4043 535 4090 et
571 4044 995 4095 momentaneum
1046 4048 1171 4090 cum
1215 4041 1456 4100 aeterno;
1506 4033 1612 4088 leve
1657 4045 1780 4086 cum

195 4126 508 4197 ponderoso
530 4143 557 4194 ;.
579 4135 634 4182 et
663 4127 1016 4188 alilictioncm
1048 4142 1174 4182 cum
1233 4124 1393 4202 135.
1447 4124 1620 4195 gloria
1665 4143 1680 4180 :
1729 4131 1786 4179 et

195 4217 346 4275 velut
372 4217 491 4274 haec
512 4233 625 4274 non
646 4219 944 4287 sulliciant,
975 4217 1275 4276 dictionem
1311 4217 1456 4274 hanc
1477 4215 1780 4281 interserit,

194 4322 358 4375 supra
393 4307 608 4365 modum
639 4308 872 4366 scilicet.

180 4469 184 4473 γ
267 4398 435 4455 Vana.
472 4399 562 4454 18.
610 4418 629 4451 ι
657 4398 777 4455 Non
815 4400 1326 4471 contemplantibus
1356 4400 1516 4456 nobis
1543 4414 1668 4470 qua:
1701 4397 1787 4454 vi-

1883 3330 1969 3383 ριν
2002 3311 2211 3379 είδωσι,
2243 3311 2357 3374 τοῖς
2385 3308 2866 3380 ψευδαποστόλοις.

1953 3514 1974 3547 ‹
2015 3495 2089 3549 Τὸ
2112 3494 2220 3566 γὰρ
2253 3493 2576 3563 παραυτίκα
2604 3491 2842 3564 ἐλαφρὸν
2885 3491 2986 3561 τῆς
3026 3488 3261 3559 θλίψεως
3309 3486 3474 3560 ἡμῶν

1878 3588 2002 3642 καθ’
2030 3585 2334 3658 ὑπερϐολὴν
2391 3586 2473 3649 εἰς
2504 3584 2832 3656 ὑπερϐολὴν,
2864 3583 3081 3639 αἰώνιον
3109 3581 3277 3654 βάρος
3315 3580 3473 3652 δόξης

1880 3680 2280 3753 κατεργάζεται
2312 3681 2463 3750 ἡμῖν.
2492 3697 2510 3731 ι

1955 3775 2097 3842 Ὅρα
2124 3771 2288 3828 πόσον
2313 3771 2422 3824 τῶν
2446 3770 2708 3825 κινδύνων
2756 3768 3040 3839 ὶκούφισε,
3067 3769 3164 3822 καὶ
3198 3766 3294 3821 τοῦ
3342 3765 3474 3838 χρό-

1881 3882 1975 3919 νου
2005 3860 2240 3932 ὑφελὼν,
2290 3860 2386 3914 καὶ
2441 3858 2539 3912 τοῦ
2605 3857 2896 3929 μεγέθους.
2957 3854 3284 3927 Παραυτίκα
3339 3853 3470 3921 γὰρ..

1885 3953 2044 4026 φησι,
2091 3953 2186 4006 καὶ
2215 3950 2474 4022 ἐλαφρὸν,
2511 3947 2630 4021 ἅμα
2669 3949 2727 4003 δὲ
2759 3947 2854 4003 καὶ⁸
2882 3945 3365 4014 ἀντιπαρατίθησι.
3401 3941 3477 3994 Τὸ

1883 4045 1986 4117 μὲν
2013 4043 2143 4116 γὰρ,
2179 4041 2535 4112 παραυτίκα,
2584 4041 2722 4112 πρὸς
2740 4039 2804 4093 τὸ
2836 4037 3053 4094 αἰώνιον
3073 4077 3092 4101 ,
3119 4037 3182 4091 τὸ
3208 4035 3287 4100 δὲ,
3340 4033 3477 4088 ἐλαμ-

1883 4141 2069 4210 ςρρὸν,
2099 4137 2236 4209 πρὸς
2266 4135 2328 4190 es
2355 4135 2520 4208 βαρὺ,
2568 4133 2672 4205 τὴν
2705 4131 2890 4203 θλίψιν
2948 4130 3089 4201 πρὸς
3148 4128 3264 4200 τὴν·
3291 4128 3471 4196 δόξαν.

1883 4231 1991 4288 Καὶ
2015 4229 2135 4285 οὐδὲ
2162 4229 2378 4292 τούτοις
2404 4227 2686 4299 ἀρκεῖται,
2717 4224 2857 4282 ἀλλὰ
2875 4221 3276 4298 προῦποφέρει,
3296 4219 3391 4274 καὶ
3415 4217 3477 4272 τὸ

1885 4321 2017 4376 καθ’
2042 4318 2408 4389 ὑπερϐολήν.

1962 4430 1982 4463 ι
2006 4409 2099 4481 Μὴ
2155 4408 2508 4463 σκοπούντων
2575 4406 2734 4480 ἡμῶν
2757 4406 2828 4461 τὰ
2855 4405 3188 4479 βλεπόμενα,
3244 4400 3384 4456 ἀλλὰ
3407 4400 3478 4453 τὰ

197 4493 431 4560 dentur,
464 4493 557 4549 sed
590 4509 710 4563 quae
741 4509 851 4554 non
881 4493 1156 4554 videntur.
1179 4493 1312 4562 Quae
1335 4493 1481 4548 enim
1500 4493 1781 4575 videntur,

1907 4503 1974 4572 ai;
1998 4499 2334 4572 βλεπόμενα.
2365 4500 2449 4554 Τὰ
2479 4498 2592 4572 γὰρ
2619 4497 2932 4570 βλεπόμενα
2956 4497 3291 4570 πρόσκαιρα,
3319 4493 3394 4548 τὰ
3420 4491 3478 4544 δὲ

199 4585 523 4655 temporalia
552 4594 682 4641 sunt
707 4603 722 4640 :
752 4599 874 4655 qua:
906 4591 1088 4640 autem
1120 4599 1230 4640 non
1253 4583 1534 4646 videntur,
1577 4587 1784 4635 acterna

197 4685 350 4734 sunt.
392 4696 411 4730 ι

267 4769 528 4825 Declarat
571 4785 682 4841 quo
722 4778 886 4841 pacto
931 4770 1070 4828 levis
1114 4778 1204 4827 est
1238 4776 1395 4824 tanta
1424 4765 1782 4823 aﬂlictiouum

200 4861 394 4922 moles.
427 4859 739 4933 Quomodo,
797 4861 1058 4932 inquam,
1106 4860 1215 4918 nisi
1252 4861 1324 4917 ob
1372 4875 1524 4934 spem
1569 4857 1785 4915 futuro.—

201 4968 324 5012 rum
341 4952 364 5014 ’ἔ

875 5093 1028 5152 CAP.
1061 5093 1128 5150 ν.

279 5206 445 5262 Vsus.
481 5206 534 5260 1.
577 5225 598 5261 ε
637 5208 859 5264 Scimus
889 5207 1062 5275 enim,
1093 5206 1381 5278 quoniam,
1412 5208 1459 5265 si
1505 5205 1786 5264 terrestris

202 5297 400 5354 domus
437 5308 626 5355 nostra
668 5299 836 5369 hujus
869 5297 1235 5354 habitationis
1263 5298 1620 5365 dissolvatur,
1652 5296 1784 5353 aedi-

1893 4591 1972 4664 ίέεὴ
2004 4590 2334 4662 βλεπόμενα,
2357 4589 2573 4646 αἰώνια.
2600 4609 2624 4645 ι

1965 4771 2076 4826 Τὸν
2130 4769 2334 4842 τρόπον
2393 4767 2568 4838 λέγει,
2599 4768 2718 4833 πῶς
2743 4767 2980 4839 ἐλαφρὸν
3005 4767 3066 4820 τὸ
3096 4764 3322 4820 τοσοῦτο
3367 4763 3476 4817 τῶν

1896 4861 2150 4933 θλίψεων.
2203 4861 2316 4916 Καὶ
2345 4861 2465 4926 πῶς
2489 4903 2514 4930 ,
2547 4861 2589 4933 ἡ
2629 4861 2740 4916 ἀπὸ
2788 4862 2890 4940 τῆς
2936 4858 3240 4932 μελλούσης
3325 4855 3479 4912 ἐλπίς-

1889 4955 1985 5020 δος,
2000 4970 2016 5020 ς

2484 5089 2740 5146 ΚΕΦΑΛ.
2761 5089 2837 5144 E".

1964 5224 1983 5257 ‹
2017 5200 2150 5260 Οἶδα
2209 5203 2311 5276 μὲν
2342 5203 2452 5274 γὰρ
2485 5203 2587 5271 ὅτι,
2637 5203 2796 5276 ἐὰνὴ
2839 5203 3080 5273 ἐπίγειος
3127 5201 3286 5273 ἡμῶν
3331 5199 3482 5256 olida

1883 5295 1980 5351 τοῦ
2012 5297 2246 5368 σκήνους
2293 5294 2613 5366 καταλυθῇ,¹
2643 5296 2937 5366 οἰκοδομὴν
2966 5297 3030 5348 ὲκ
3065 5293 3202 5348 Θεοῦ
3257 5292 3478 5364 ἔχομεν,

204 5390 519 5446 ﬁcationem
540 5405 606 5445 ex
639 5391 750 5446 Deo
784 5379 1070 5456 habemus,
1102 5389 1335 5446 domum.
1378 5406 1490 5447 non
1535 5387 1781 5445 manufa‘

1907 5387 2069 5443 ιῖκίαν
2093 5386 2518 5458 ἀχειροποίητον
2542 5383 2763 5439 αἰώνιον
2797 5387 2856 5438 ἐν
2889 5386 3003 5448 τοῖς
3034 5385 3303 5456 οὐρανοῖς.
3334 5401 3354 5435 ι

207 5489 376 5546 ctam,
412 5489 676 5537 aeternam
708 5481 766 5536 in
803 5481 983 5537 caelis.
1025 5501 1045 5536 ι

285 5571 404 5626 Non
443 5579 664 5642 oportet
717 5571 932 5627 turbari
967 5573 1013 5628 si
1065 5575 1208 5630 male
1237 5588 1527 5630 vexamur.
1589 5572 1796 5628 Multos

1959 5577 2036 5630 Ού
2061 5576 2178 5638 δεῖ,
2225 5573 2397 5644 φησὶ,
2450 5572 2798 5646 θορυϐεῖσθαι
2839 5573 2888 5626 εἰ
2931 5573 3117 5637 κακῶς
3172 5571 3480 5642 πάσχυμεντ

204 5662 349 5719 enim
403 5662 603 5720 exinde
654 5663 870 5723 fructus
913 5667 1280 5740 percipimus.
1330 5668 1580 5726 Observa
1608 5674 1781 5723 autem

1907 5669 2007 5724 Kal.
2034 5670 2142 5742 γὰρ
2170 5664 2339 5720 πολλὰ
2384 5663 2635 5720 ἐντεῦθεν
2686 5663 3071 5736 καρπούμεθα.
3103 5664 3247 5735 Ὅρα
3271 5662 3330 5721 δὲ
3358 5661 3479 5730 πῶς

301 5801 324 5834 ⁷
350 5799 496 5859 Psal.
513 5801 680 5870 cxv,i
715 5819 832 5878 seq.
