3970 6408
267 339 382 407 τ29

1404 341 1488 404 IN
1512 343 1752 404 EPIST.
1792 345 1892 404 AD
1927 344 2297 406 CORINTH.
2326 343 2409 404 II.

3441 355 3547 420 730

267 461 512 515 δείκνυσι
545 457 642 529 τὴν
669 457 977 528 ὑπερϐολὴν
1003 457 1110 511 τῶν
1149 457 1452 528 μελλόντων
1479 462 1615 529 πρὸς
1645 463 1714 513 τὰ
1745 480 1850 514 πα-

1985 463 2239 530 μιοιηοᾶο
2275 462 2584 517 futurorum
2617 463 2871 520 ostendat
2903 463 3330 536 praecellentiam
3378 486 3546 541 supra

271 557 456 628 ρὸντα.
486 552 672 607 Εἰπὼν
694 552 802 623 γὰρ
829 551 1386 622 ἐπίγειον-,ἀντέθηκε
1407 552 1522 620 τὴν
1551 556 1645 621 ei);
1661 553 1855 608 ἁνιονο

269 644 468 708 εἰπὼν,
503 645 734 698 οἰκείαν
759 642 1060 711 σκήνους,
1090 643 1185 696 καὶ
1216 643 1275 695 τὸ
1303 642 1616 696 εὐδιάλυτον
1651 643 1855 712 δείξας,

270 735 560 806 ἀντέθηκε,
584 734 700 802 τὴν
727 733 996 788 αἰώνιον.

350 933 370 964 ε
411 912 522 965 Καὶ
563 911 672 982 γὰρ
699 912 758 964 ἐν
807 910 988 984 τούτῳ
1049 914 1410 986 στενάζομεν,
1438 914 1499 968 τὸ
1540 916 1860 986 οἰκητήριον

273 1005 478 1074 ἡμῶν,
528 1005 591 1058 τὸ
639 1005 698 1070 ἐξ
750 1005 1022 1078 οὐρανοῦ,
1075 1007 1472 1062 ἐπενδύσασθαι
1531 1008 1858 1062 ἐπιποθοῦν-

274 1113 390 1161 τες.
417 1115 436 1147 )

348 1187 464 1241 Καὶ
522 1190 677 1242 ποῖον
731 1189 1192 1261 οἶκητήριον;Τὸ
1236 1191 1397 1260 σῶμα
1443 1191 1508 1247 τὸ
1559 1191 1857 1262 ἄφθαρτον.

279 1278 394 1332 Καὶ
422 1277 509 1333 διὰ
529 1279 604 1343 τί,
621 1279 681 1332 ἐν
703 1280 881 1352 τούτῳ
899 1280 1247 1350 στενάζομεν;
1285 1281 1438 1336 Ἐπεὶ
1454 1281 1638 1352 πολλῷ
1655 1281 1862 1352 βέλτιον

282 1372 480 1425 ἐκεῖνο.
525 1371 616 1437 Ἐξ
643 1372 878 1445 οὐρανοῦ
912 1373 970 1428 δὲ
993 1373 1175 1437 τοῦτο,
1211 1375 1347 1444 φησὶ
1369 1414 1384 1438 ,
1446 1373 1536 1429 διὰ
1561 1374 1620 1428 τὸ
1653 1374 1865 1446 ἄφθαρ-

279 1479 396 1518 τον.
429 1463 505 1516 Οὑ
531 1463 641 1536 γάρ
668 1465 733 1536 δὴ
761 1464 970 1519 ἄνωθεν
998 1467 1134 1536 ἡμῖν
1165 1467 1379 1521 κάτεισι
1403 1467 1466 1520 τὸ
1498 1468 1686 1537 σῶμα,
1729 1469 1865 1527 ἀλλὰ

280 1553 384 1626 τὴν
434 1554 649 1609 ἐκεῖθεν
701 1555 863 1630 χάριν
917 1557 1281 1629 πεμπομένην
1327 1558 1480 1629 δηλοῖ
1514 1559 1592 1632 τῷ
1636 1561 1864 1632 ὀνόματι

276 1644 480 1717 τούτῳ.
524 1644 612 1712 Ὠς
637 1646 705 1701 ἂν
733 1649 779 1702 εἰ
814 1649 997 1718 λέγον
1028 1650 1264 1716 Στένεις.
1296 1652 1380 1706 ὅτι
1424 1652 1710 1726 φθείρεται
1769 1673 1864 1710 σου

276 1737 441 1804 δέξω
486 1741 805 1813 ἄνθρωποςς
865 1741 1040 1807 οὕτως
1104 1746 1419 1810 στενάζων,
1481 1747 1566 1801 ὅτι
1620 1747 1697 1820 μὴ
1744 1750 1864 1819 μεθ’

275 1827 594 1902 ὑπερϐολῆς
651 1829 812 1886 τοῦτο
871 1833 1082 1903 γίνεται
1104 1875 1121 1902 ,
1169 1835 1306 1909 μηδέ
1364 1835 1657 1910 ὁλόκληρος
1717 1838 1869 1908 φθεί-

275 1939 460 1994 ρεται.

362 2033 382 2066 ι
413 2016 483 2070 Et
514 2032 579 2085 γε
627 2018 724 2071 καὶ
779 2019 1157 2093 ἐνδυσάμενοι.
1205 2023 1266 2077 οὐ
1319 2023 1520 2094 γυμνοὶ
1577 2023 1868 2095 εὑρεθησό-

274 2099 446 2167 μεθα.
490 2101 602 2155 Καὶ
655 2102 765 2175 γὰρ
792 2105 840 2157 οἱ
873 2105 1027 2170 ὄντες
1056 2108 1116 2161 ἐν
1143 2106 1222 2177 τῷ
1269 2109 1477 2177 σκήνει,
1533 2108 1867 2177 στενάζομεν

275 2188 637 2265 βαρούμενοι,
669 2194 756 2263 ἐφ’
786 2187 831 2263 ᾧ
862 2195 924 2250 οὐ
956 2195 1184 2270 θέλομεν
1216 2196 1574 2263 ἐκδύσασθαι,
1627 2197 1744 2252 ἀλλ’
1767 2199 1866 2252 ἐπ’

271 2284 634 2342 ενδύσασθαι.
663 2305 683 2340 ι

354 2373 640 2445 Τουτέστὶ,
699 2379 794 2437 καὶ
831 2381 880 2434 εἰ
912 2381 1030 2434 ἐκεῖ
1073 2381 1174 2451 τὴν
1239 2381 1555 2454 ἀφθαρσίαν
1604 2381 1865 2447 λαϐόντες

271 2468 357 2537 μὴ
386 2471 588 2540 γυμνοὶ
616 2469 718 2541 τῆς
755 2471 918 2541 δόξης
956 2473 1053 2526 καὶ
1091 2472 1193 2542 τῆς
1237 2473 1540 2542 ἀσφαλείας
1584 2473 1862 2545 ὀφθῶμεν.

267 2558 454 2614 Τοῦτο
473 2561 532 2615 δέ
556 2579 752 2631 φησιν,
791 2564 878 2618 ἶνα
919 2563 996 2636 μὴ
1021 2565 1130 2619 άπὸ
1157 2567 1258 2636 τῆς
1296 2568 1651 2631 ἀναστάσεως
1703 2568 1865 2639 μόνον

267 2651 485 2714 πάντες
538 2652 862 2726 θαρρῶμεν,
897 2655 1034 2713 ἀλλὰ
1079 2655 1520 2728 ἐπιτηδεύσωμεν
1572 2658 1667 2713 καὶ
1729 2661 1866 2732 ἔργα

265 2743 530 2815 λαμπρά.
575 2747 639 2800 Ἦ
675 2747 775 2815 μὲν
807 2748 918 2820 γάρ
943 2749 1240 2814 ἀνάστασις
1277 2751 1432 2822 κοινὴ
1476 2750 1718 2815 πάντων,
1747 2751 1781 2822 ἡ
1807 2752 1866 2808 δὲ

267 2837 404 2904 δόξα
435 2839 622 2894 οὐκέτι
651 2841 828 2912 κοινὴ,
856 2841 974 2895 ἀλλ’
1001 2845 1049 2898 οἱ
1093 2843 1195 2912 μὲν
1226 2845 1284 2898 ἐν
1303 2849 1462 2916 τιμῇ,
1490 2845 1543 2897 οἱ·
1571 2844 1629 2897 δὲ
1659 2845 1720 2896 ἐν
1749 2845 1866 2897 άτι-

272 2930 381 3004 μιᾳ
407 2945 423 2960 ·
452 2932 547 2985 καὶ
561 2933 612 2986 oi
639 2933 738 3004 μὲν
758 2935 841 2996 εἰς
881 2932 1188 3004 βασιλείαν,
1217 2937 1267 2990 οἱ
1287 2936 1345 2991 δὲ
1371 2937 1452 3002 εἰς
1474 2936 1720 2993 κόλασιν.

353 3137 375 3172 ι
417 3119 537 3173 Ἶνα
568 3120 858 3194 καταποθῇ
889 3120 952 3175 τὸ
975 3120 1167 3192 θνητὸν
1194 3121 1299 3175 ὑπὸ
1317 3120 1420 3191 τῆς
1443 3121 1617 3192 ζωῆς.
1647 3138 1666 3172 ι

351 3211 428 3265 Ού
449 3211 615 3281 λέγω,
643 3215 829 3284 φησὶν,
858 3213 940 3267 ὅτι
974 3213 1328 3284 στενάζομεν,
1353 3213 1443 3268 ἴνα
1457 3212 1518 3267 τὸ
1540 3213 1697 3285 σῶμα
1732 3213 1868 3268 ἁπο-

271 3302 530 3374 οὼμεθα,
556 3304 673 3359 ἀλλ’
704 3306 791 3358 ἵνα
823 3303 1251 3376 ἐπενδυσὼμεθα
1300 3303 1451 3377 αὐτῷ
1499 3304 1600 3376 τὴν
1653 3304 1868 3377 ἀφθαρ-

273 3396 425 3450 σίαν.
471 3397 581 3451 Καὶ
618 3397 729 3468 γὰρ
780 3396 1150 3470 βαρυνόμεθα,
1192 3399 1292 3471 οὐχ
1318 3399 1400 3453 ὃτι
1430 3397 1592 3470 σῶμα
1645 3395 1864 3470 ἔχομεν,

270 3487 404 3540 ἀλλ’
426 3488 509 3540 ὅτι
533 3487 773 3559 φθαρτὸν
797 3488 1189 3562 περικείμεθα.
1565 3562 1569 3566 η

358 3599 378 3634 ι
431 3582 494 3636 '0
545 3581 604 3636 δέ
635 3581 1124 3656 κατεργασάμενος
1179 3583 1330 3654 ἡμᾶς
1389 3583 1470 3648 εἰς
1523 3582 1657 3638 αὐτὸ
1708 3581 1868 3638 τοῦτο

273 3671 438 3736 Θεός.
466 3690 486 3724 ι

351 3762 640 3819 Δείκνυσιν
684 3763 896 3819 ἄνωθεν
932 3764 1109 3820 ταῦτα
1157 3763 1612 3836 προτυπωθέντα.
1663 3765 1739 3818 Οὐ
1762 3763 1870 3836 γάρ

270 3843 588 3924 νῦνξφησὶ,
617 3853 780 3910 τοῦτο
828 3855 1034 3922 ἔδοξεν,
1083 3855 1199 3910 ἀλλ’
1235 3857 1324 3910 ὅτε
1353 3859 1413 3924 ἐξ
1445 3856 1622 3929 ἀρχῆς
1669 3855 1872 3911 ἔπλατ-

275 3961 375 3998 τεν
422 3946 574 4016 ἡμᾶς
622 3946 732 4002 ἀπὸ
760 3946 887 4018 γῆς.
928 3947 1056 4012 Πῶς
1112 3947 1168 4001 δέ
1212 3948 1444 4018 γίνεται,
1489 3947 1648 4002 τοῦτο
1666 3949 1743 4020 μὴ
1773 3949 1873 4019 ζή-

276 4051 391 4097 τει,
447 4035 612 4106 φησιν
647 4053 662 4068 ⁸
691 4035 729 4091 ἃ
757 4036 868 4110 γὰρ
896 4039 924 4091 ὁ
964 4037 1096 4102 Θεδς
1130 4041 1296 4104 ποιεῖ,
1345 4038 1421 4110 μή
1475 4036 1870 4110 περιεργάζου.

281 4124 376 4179 Διδ
401 4126 594 4198 φησὶν,
637 4126 692 4180 '0
715 4125 786 4180 δὲ
822 4127 1371 4199 κατεργασάμενος.

368 4323 390 4358 ι
434 4304 549 4359 Καὶ
589 4303 768 4370 διδοὺς
819 4306 951 4378 ἡμῖν
997 4305 1092 4361 τὸν
1145 4303 1443 4378 ἀρραϐῶνα
1497 4302 1592 4358 τοῦ
1630 4302 1874 4376 πνεύμα-

278 4414 447 4462 sec.»

1959 556 2277 625 prmsentia.
2305 553 2441 608 Nam
2492 565 2785 625 postquam
2829 559 2964 612 dixit
2998 569 3319 625 terrestrem,
3345 579 3410 616 ex
3444 562 3546 617 ad-

1961 664 2144 717 verso,
2187 649 2467 713 caelestem,
2514 649 2718 717 posuit.
2754 646 3002 716 Itemque
3045 651 3140 706 ubi
3197 651 3414 706 domum
3445 652 3548 706 ha-

1963 739 2235 794 bitationis
2264 740 2524 804 dicendo,
2559 739 2890 810 significavit
2942 755 3062 795 eam
3097 740 3258 796 facile
3295 741 3548 805 dissolvi,

1961 842 2215 887 wternam
2245 833 2523 902 opposuit.

2032 923 2198 979 Vens.
2230 925 2284 978 9..
2330 945 2348 977 ι
2384 923 2520 978 Nam
2563 932 2617 978 et
2658 924 2712 977 i-n
2744 923 2846 979 hoc
2883 923 3295 994 ingemiscimus
3313 927 3546 996 gravati,

1964 1013 2358 1068 habitationem
2395 1021 2643 1068 nostram
2676 1028 2799 1082 (tua:
2815 1013 2882 1067 de
2919 1012 3063 1067 coelo
3085 1021 3190 1078 est,
3225 1015 3548 1083 superindui

1964 1108 2268 1176 cupientes.
2303 1127 2320 1158 ι

2043 1194 2271 1263 Qualem
2297 1211 2427 1249 vero
2447 1195 2874 1250 babitalionem?
2895 1195 3108 1263 Corpus
3134 1209 3165 1249 a
3194 1193 3550 1265 corruptione

1965 1284 2222 1341 liberum.
2261 1285 2438 1340 Eccnr
2476 1287 2640 1342 etiam
2669 1287 2724 1339 in
2765 1288 2874 1341 isto
2924 1287 3548 1358 ingemiscimus?Qula

1967 1379 2142 1434 multo
2163 1377 2361 1433 melius
2389 1386 2472 1433 est
2511 1377 2664 1432 illud.
2691 1376 2783 1430 Ait
2805 1387 2988 1432 autem
3023 1378 3129 1433 hoc
3155 1393 3280 1434 esse
3295 1377 3362 1434 de
3385 1379 3550 1444 caelo,

1964 1485 2031 1524 eo
2065 1469 2213 1539 quod
2266 1471 2679 1539 incorruptum.
2724 1468 3085 1539 Nequaquam
3123 1469 3269 1524 enim
3312 1469 3386 1525 de
3409 1469 3554 1524 caelo

1967 1561 2127 1616 nobis
2160 1576 2365 1631 corpus
2395 1559 2748 1615 demittitur:
2787 1560 2883 1616 sed
2920 1561 2994 1615 ita
3032 1559 3308 1631 loquendo
3341 1559 3554 1632 signiti-

1967 1660 2058 1706 cat
2091 1652 2313 1722 corpori
2367 1650 2605 1721 gratiam
2651 1650 2851 1707 exinde
2893 1651 3064 1706 mitti.
3103 1650 3184 1705 Ac
3218 1651 3265 1707 si
3300 1650 3550 1706 diceret:

1969 1743 2292 1813 ingemiscis
2315 1742 2444 1812 quia
2487 1741 2734 1798 exterior
2763 1741 2927 1796 homo
2972 1740 3389 1812 corrumpitur?
3440 1739 3556 1795 imo

1971 1835 2154 1906 potius
2184 1849 2361 1904 genie,
2384 1832 2532 1904 quod
2559 1849 2680 1897 non
2698 1830 2753 1887 id
2793 1831 2938 1888 ultra
2969 1831 3193 1888 modum
3222 1832 3339 1900 ttat,
3373 1845 3554 1901 neque

1969 1943 2036 1982 ex
2072 1935 2186 1980 toto
2217 1927 2310 1981 ille
2345 1935 2758 1996 corrumpatur.

2039 2020 2208 2076 Vens.
2236 2022 2293 2087 5,
2328 2020 2385 2076 4.
2431 2038 2450 2072 ι
2493 2019 2550 2074 Si
2592 2029 2778 2076 tamen
2819 2019 3030 2084 vestiti,
3065 2033 3175 2073 non
3224 2015 3356 2072 nudi
3396 2016 3556 2071 inve-

1967 2110 2207 2166 niamur.
2260 2109 2396 2164 Nam
2447 2116 2502 2165 et
2551 2109 2648 2179 qui
2701 2125 2898 2165 sumus
2933 2107 2988 2162 in
3028 2107 3134 2163 boc
3168 2105 3554 2171 tabernaculo,

1968 2201 2389 2274 ingemiscimns
2413 2204 2621 2272 gravati
2645 2219 2661 2269 ;
2687 2214 2756 2256 eo
2779 2199 2930 2272 quod
2952 2199 3214 2256 nolumus
3238 2196 3555 2269 exspoliari,

1967 2296 2065 2354 sed
2097 2295 2474 2366 supervestiri.
2509 2314 2531 2350 ι
3151 2365 3172 2374 ν

2035 2387 2152 2444 Hoc
2184 2395 2288 2454 est,
2325 2387 2370 2442 si
2402 2388 2566 2443 modo
2620 2387 3060 2443 immortalitatis
3085 2388 3372 2454 compotes
3399 2380 3554 2444 facti,

1967 2497 2079 2538 non
2099 2480 2234 2536 nudi
2265 2481 2444 2552 gloria
2471 2489 2526 2535 et
2553 2480 2855 2536 securitate
2880 2477 3254 2533 inveniamur.
3281 2475 3446 2544 Atqui
3475 2472 3558 2528 sic

1965 2575 2233 2646 loquitur,
2262 2589 2371 2628 non
2408 2572 2588 2628 solum
2622 2581 2683 2627 ut
2707 2579 2858 2627 certa
2901 2569 3099 2624 ﬁducia
3124 2581 3411 2639 speremus
3438 2580 3561 2626 om-

1965 2682 2066 2723 nes
2095 2665 2582 2728 resurrectionem,
2633 2663 2730 2719 sed
2769 2670 2824 2717 et
2875 2659 3161 2733 praeclaris
3214 2657 3558 2714 facinoribus

1966 2774 2196 2830 operum
2228 2757 2440 2812 demus.
2465 2754 2829 2811 Resurrectio
2865 2753 3136 2823 siquidem
3159 2751 3376 2808 cunctis
3408 2764 3557 2805 com-

1966 2849 2150 2906 munis
2175 2857 2261 2903 est
2289 2866 2302 2903 :
2343 2857 2431 2902 ast
2456 2847 2582 2902 aliis
2603 2845 2824 2916 quidem
2856 2845 2913 2898 in
2948 2844 3238 2908 honorem,
3268 2841 3394 2896 aliis
3423 2853 3561 2894 vero

1967 2940 2025 2996 in
2065 2937 2421 3009 opprobrium
2450 2955 2467 3006 ;
2503 2937 2627 2992 aliis
2650 2935 2782 2991 item
2811 2933 2880 2990 ad
2902 2947 3154 3004 regnum,
3186 2929 3310 2986 aliis
3340 2929 3409 2984 ad
3429 2943 3559 2999 sup-

1967 3027 2218 3102 plicium.

1893 3143 1941 3204 c
2049 3140 2068 3174 ‹
2111 3119 2183 3177 Ut
2210 3121 2575 3177 absorbeatur
2604 3117 2755 3188 quod
2782 3115 3013 3172 mortale
3037 3123 3178 3180 esta
3211 3113 3341 3169 vita.
3371 3130 3392 3164 ι

2040 3210 2160 3266 Non
2196 3211 2343 3274 dico,
2395 3210 2605 3281 inquit,
2653 3224 2756 3265 nos
2801 3207 3186 3279 ingemiscere,
3243 3214 3303 3261 nt
3354 3218 3560 3276 corpus

1969 3303 2350 3374 deponamus:
2387 3301 2483 3359 sed
2528 3309 2588 3356 ut
2617 3299 2751 3355 illud
2782 3299 3209 3369 incorruptione
3229 3295 3557 3353 vestiamus.

1969 3394 2278 3452 Gravamur
2303 3395 2475 3460 enim,
2527 3409 2639 3448 non
2673 3391 2804 3464 quia
2837 3405 3042 3459 corpus
3091 3395 3412 3460 gestamus,
3459 3386 3558 3444 sed

1967 3489 2101 3561 quia
2128 3485 2476 3559 corruptioni
2501 3485 2749 3542 obnoxio
2779 3480 3213 3538 circumdamur.

2040 3579 2213 3644 Vens.
2243 3579 2297 3635 5.
2347 3597 2366 3632 ι
2395 3576 2505 3647 Qui
2556 3584 2742 3634 autem
2782 3575 2920 3632 fecit
2966 3589 3070 3631 nos
3111 3573 3170 3628 in
3224 3571 3330 3628 hoc
3376 3570 3556 3641 ipsum

1969 3672 2137 3730 Deus.
2171 3691 2191 3726 ι

2041 3764 2300 3821 Declarat
2321 3765 2436 3822 haec
2479 3765 2592 3838 jam
2629 3771 2759 3820 ante
2801 3763 3035 3832 ﬁgurata
3060 3774 3204 3816 esse.
3247 3755 3367 3812 Non
3411 3753 3558 3811 enim

1971 3873 2121 3913 nunc
2153 3859 2393 3929 primum
2418 3858 2493 3913 ita
2530 3857 2606 3912 illi
2635 3857 2816 3914 visum
2849 3862 2959 3920 est,
2983 3853 3194 3923 inquit;
3227 3849 3324 3907 sed
3340 3845 3564 3919 quando

1971 3951 2247 4022 principio
2287 3965 2474 4006 rerum
2519 3964 2631 4004 nos
2673 3948 2743 4003 de
2789 3955 2938 4002 terra
2991 3945 3168 4000 ﬁnxit.
3225 3941 3457 4008 Quinam
3508 3936 3564 3992 id

1973 4038 2067 4094 ﬁat
2109 4055 2180 4095 ne
2238 4038 2526 4111 quaesieris
2567 4052 2582 4092 :
2642 4051 2770 4092 nam
2819 4051 2955 4092 cave
3007 4050 3078 4091 ne
3139 4034 3360 4089 curiose
3401 4045 3563 4084 scru-

1971 4132 2110 4189 teris
2148 4147 2272 4203 quae
2306 4130 2452 4186 Deus
2478 4129 2668 4185 faciat.
2689 4127 3060 4196 Quamobrem
3091 4126 3170 4181 ait
3197 4143 3212 4180 :
3247 4123 3352 4191 Qui
3385 4130 3562 4176 autem

1973 4225 2116 4298 fecit.

1979 4372 1991 4388 ,
2051 4335 2070 4370 ‹
2109 4313 2177 4369 Ει
2203 4311 2297 4386 qui
2322 4311 2476 4370 dedit
2505 4311 2673 4369 nobis
2708 4312 2909 4384 pignus
2943 4307 3196 4382 spiritus.
3228 4326 3248 4363 ι

356 4491 614 4562 Συνεχῶς
642 4490 947 4566 ἀρραϐῶνα
994 4491 1176 4558 καλεῖ,
1210 4489 1499 4562 ὁφειλετὴν
1527 4489 1724 4546 ἐαυτὸν
1758 4488 1868 4544 δεμ

2045 4492 2397 4564 Frequenter
2431 4489 2636 4563 pignus
2681 4488 2953 4556 nominat,
2998 4489 3126 4559 quia
3170 4487 3313 4544 Deus
3333 4474 3565 4542 univer-

283 4580 373 4648 ξαι
407 4581 735 4652 βουλόμενος
753 4582 849 4636 τοῦ
880 4583 1104 4646 παντός.

361 4693 382 4726 ι
415 4673 761 4745 Θαρροῦντες
789 4670 883 4729 οὖν
913 4675 1172 4735 πάντοτε.
1202 4674 1299 4730 καὶ
1343 4674 1569 4738 εἰδότες,
1602 4673 1685 4729 ὅτι
1722 4675 1878 4744 ἐνδη-

288 4764 527 4835 μοῦντες
557 4766 617 4818 ἐν
665 4763 744 4835 τῷ
803 4763 1041 4839 σώματι,
1083 4765 1430 4836 ἐκδημοῦμεν
1477 4763 1586 4819 ἀπὸ
1625 4762 1718 4817 τοῦ
1765 4765 1878 4819 Κυ-

289 4857 434 4926 ρίου.
506 4857 608 4911 Διά
655 4857 895 4922 πίστεως
940 4857 1050 4929 γὰρ
1108 4857 1558 4930 περιπατοῦμεν,
1590 4859 1653 4912 οὐ
1687 4858 1777 4912 διὰ
1802 4859 1879 4913 εἴη

284 4950 432 5014 δῠυς.
464 4969 484 5002 ι

359 5041 439 5095 Τὸ
469 5042 855 5113 θαρῤοῦντες,
926 5041 1066 5113 πρὸς
1111 5043 1238 5107 τοὺς
1270 5042 1570 5115 διωγμοὺς,
1603 5044 1740 5114 πρὸς
1780 5043 1880 5108 τὰς

222 5189 228 5196 ,
288 5132 612 5198 ἐπιϐουλάς,
643 5135 786 5206 πρὸς
809 5137 938 5200 τοὺς
965 5134 1253 5199 θανάτους.
1284 5134 1374 5199 Ὠς
1403 5138 1451 5189 εξ
1475 5135 1662 5204 ἔλεγεν
1688 5150 1702 5164 °
1731 5136 1882 5190 ἐλαύ-

287 5241 375 5281 νει
410 5242 499 5288 τις
521 5266 537 5290 ,
585 5227 684 5280 καὶ
719 5226 950 5291 διώκει,
992 5229 1087 5282 καὶ
1125 5227 1390 5299 ἀναιρεῖς
1434 5227 1509 5299 μὴ
1535 5226 1876 5301 καταπέσῃς.

295 5312 483 5390 Ὑπὲρ
503 5317 612 5389 γάρ
644 5335 741 5372 σου
771 5319 1005 5389 γίνεται.

375 5512 400 5545 ο
434 5492 761 5566 Θαῤῥοῦμεν
780 5495 838 5549 δὲ
864 5496 962 5550 καὶ
1001 5494 1330 5568 εὐδοκοῦμεν
1376 5494 1578 5566 μᾶλλον
1635 5495 1881 5567 ἐκδημῆο

289 5601 390 5639 σαι
412 5584 600 5642 ἐκιτοῦ
643 5585 919 5659 σώματος,
961 5588 1056 5642 καὶ
1100 5587 1404 5658 ἐνδημῆσαι
1466 5586 1604 5658 πρὸς
1642 5585 1735 5642 τδν
1777 5590 1882 5644 Κύ-

295 5692 437 5745 ριον.
463 5676 554 5729 Διὸ
587 5678 679 5731 καὶ
703 5678 1162 5753 φιλοτιμούμεθα,
1190 5681 1299 5735 εἴτε
1339 5679 1699 5752 ἐνδημοῦντες
1719 5723 1733 5750 ,
1768 5683 1876 5738 εἴτε

287 5769 430 5844 ὲκδη
441 5771 685 5842 μοῦντες.
719 5795 738 5828 ι

1975 4599 2164 4642 eorum
2191 4599 2252 4640 se
2286 4581 2596 4638 debitorem
2629 4579 2872 4651 proﬁteri
2909 4579 3101 4635 voluit.

2051 4673 2210 4748 135
2249 4693 2268 4727 ι
2310 4674 2482 4730 Vens.
2517 4671 2574 4739 6,
2607 4673 2664 4727 7.
2711 4671 2993 4727 Audentes
3039 4679 3224 4725 autem
3257 4657 3487 4740 semper
3510 4677 3566 4726 et

1979 4770 2248 4834 scientes,
2283 4767 2580 4840 quoniam,
2614 4765 2748 4821 dum
2793 4778 2997 4820 sumus
3027 4761 3083 4817 in
3126 4776 3377 4833 corpore,
3405 4776 3565 4829 pere-

1979 4863 2270 4935 grinamur
2316 4873 2347 4912 a
2369 4856 2605 4913 Domino
2633 4875 2650 4914 :
2688 4872 2786 4929 per
2819 4855 2978 4912 [idem
3011 4855 3158 4910 enim
3191 4852 3565 4916 ambulamus,

1981 4962 2039 5012 et
2067 4968 2178 5009 non
2214 4965 2312 5022 per
2344 4950 2607 5020 speciem.
2649 4970 2668 5002 ι
3565 5013 3568 5016 ,

2051 5042 2364 5104 Audientes,
2428 5040 2529 5105 ait,
2593 5048 2790 5096 contra
2857 5039 3312 5112 persecutiones,
3371 5045 3568 5093 contra

1980 5136 2256 5206 impetus,
2335 5129 2609 5188 adversus
2681 5142 2912 5190 mortes.
2971 5131 3138 5190 Velut
3200 5131 3248 5188 si
3310 5131 3566 5188 diceret:

1981 5228 2060 5286 Te
2092 5227 2371 5299 quispiam
2418 5225 2700 5296 exagitat,
2746 5235 2801 5282 et
2850 5227 3228 5298 persequitur,
3277 5234 3373 5279 aut
3411 5222 3570 5280 occi-

1981 5321 2107 5376 dit?
2139 5336 2206 5376 ne
2226 5316 2573 5389 despondeas
2621 5316 2890 5373 animum.
2922 5319 3041 5375 Hoc
3077 5319 3226 5375 enim
3258 5324 3484 5387 propter
3518 5325 3573 5370 te

1982 5413 2221 5486 geritur.

2052 5503 2224 5559 Vens.
2254 5503 2310 5570 8,
2345 5503 2400 5559 9.
2445 5520 2464 5555 ι
2497 5500 2790 5558 Audemus
2818 5511 3002 5557 autem
3046 5509 3101 5557 et
3129 5501 3326 5557 bonam
3375 5497 3571 5554 volun-

1985 5603 2152 5652 tatem
2207 5592 2514 5662 babemus,
2551 5591 2731 5663 magis
2781 5591 3121 5664 peregrinari
3156 5607 3187 5645 a
3231 5604 3464 5660 corpore
3516 5598 3574 5643 et

1985 5697 2290 5761 prasentes
2313 5703 2438 5746 esse
2465 5690 2533 5746 ad
2573 5687 2888 5743 Dominum.
2911 5687 3036 5743 Ideo
3057 5692 3113 5742 et
3150 5685 3468 5742 contendite
3480 5695 3568 5743 us:

1986 5782 2104 5839 sive
2129 5783 2411 5853 absentes,
2441 5783 2557 5840 sive
2581 5788 2903 5854 praesentes.
2939 5798 2971 5866 ι¹
