3970 6456
421 422 528 486 735

1568 418 1631 478 S.
1671 415 1993 478 JOANNIS
2033 415 2462 484 DAMASCENI

3577 416 3697 483 736

420 530 626 602 opiﬁcii
676 544 847 600 genus
887 526 1211 583 concessit:
1266 540 1502 596 superne
1558 527 1835 598 siquidem
1903 541 1999 598 per

2129 550 2196 589 ἐν
2250 539 2654 614 δημιουργίαν·
2710 539 2805 594 καὶ
2856 537 2964 608 γὰρ
3017 535 3224 592 ἄνωθεν
3275 531 3544 603 ἐγεννήθη
3593 528 3695 585 διὰ

423 621 690 691 Spiritum
726 617 942 689 genitus
987 627 1090 671 est.
1135 615 1500 683 Quamobrem
1544 618 1709 672 etiam
1744 617 1821 670 ait
1855 633 1867 670 :
1897 616 2002 670 De-

423 714 615 767 bemus
658 713 705 764 ei
755 711 936 764 vivere
963 750 978 773 ,
1010 725 1122 764 non
1158 711 1333 764 solum
1365 711 1494 780 quia
1529 726 1626 779 pro
1661 709 1818 764 nobis
1855 725 2002 762 mor-

423 813 530 858 tem
590 803 856 872 oppetiit,
911 819 1020 856 non
1084 801 1245 857 modo
1312 804 1439 873 quia
1505 803 1675 856 nostri
1729 801 2003 872 primitias

421 896 704 960 excitavit,
763 894 857 949 sed
892 895 1022 963 quia
1055 895 1108 948 in
1140 895 1302 950 aliam
1337 909 1554 966 quoque
1598 895 1764 948 vitam
1817 901 2001 947 trans-

421 985 642 1041 ivimus.

496 1094 516 1128 ι
569 1075 770 1131 Vetera
837 1077 1195 1132 transierunt.
1252 1073 1394 1130 Ecce
1440 1071 1585 1129 iacta
1639 1080 1770 1129 sunt
1816 1070 2003 1126 omnia

421 1181 584 1223 nova.
628 1187 645 1219 ι

494 1262 602 1314 Aut
633 1262 697 1316 de
725 1260 968 1331 peccatis
998 1259 1264 1329 loquitur,
1303 1264 1398 1312 aut
1435 1257 1501 1310 de
1528 1253 1776 1312 Judaicis
1807 1252 2004 1307 ritibus

423 1351 719 1409 universis.
748 1355 862 1409 lmo
889 1361 947 1408 et
975 1354 1089 1407 haec
1126 1359 1182 1406 et
1216 1350 1310 1405 illa
1337 1351 1538 1405 innuit.

493 1441 662 1499 Vnus.
689 1443 780 1498 18.
814 1461 833 1496 ι
871 1440 1065 1498 Omnia
1097 1449 1280 1496 autem
1312 1456 1377 1495 ex
1410 1439 1543 1494 Deo.
1587 1455 1606 1490 ι

493 1533 629 1589 Nam
667 1543 723 1590 et
747 1534 978 1603 ipsamet
1001 1531 1334 1587 condonatio
1356 1537 1728 1600 peccatorum,
1769 1523 1999 1580 libertas

421 1639 659 1697 quoque,
690 1634 746 1680 ct
779 1626 1100 1696 incorrupta
1127 1620 1396 1679 claritudo
1427 1634 1523 1692 per
1555 1634 1682 1676 eum
1715 1617 1878 1674 nobis
1900 1615 2001 1671 do-

498 1826 518 1859 ι
557 1806 662 1875 Qui
719 1824 822 1864 nos
869 1806 1247 1866 reconciliavit
1295 1806 1399 1863 sibi
1443 1819 1542 1877 per
1585 1802 1888 1864 Christum,
1945 1806 2002 1854 et

2105 638 2442 708 Πνεύματος,
2496 633 2638 687 ὥστε
2682 633 2776 685 καὶ
2823 630 2910 683 διὰ
2942 627 3119 693 τοῦτο,
3166 625 3353 697 φησὶν,
3391 623 3698 694 ὀφείλομεν

2105 731 2254 801 αὖτῷ
2297 731 2415 801 ζῇν,
2441 729 2538 797 οὐχ
2583 727 2664 780 ὅτι
2690 724 2964 778 ἀπέθανεν
2995 721 3141 790 ὑπὲρ
3167 717 3326 788 ήμῶν
3353 715 3536 786 μόνον,
3572 711 3695 766 οὐδ’

2102 823 2184 876 ὅτι
2228 823 2527 889 ἀνέστησεν
2573 817 2731 887 ἡμῶν
2770 818 2870 885 τὴν
2909 812 3167 884 ἀπαρχὴν
3206 809 3365 881 μόνον
3390 819 3406 834 ·
3441 803 3563 859 ἀλλ’
3599 804 3694 856 ὅτι

2103 912 2200 968 καὶ
2226 913 2304 975 είς
2329 909 2494 980 ἄλλην
2520 907 2758 980 ήλθομεν
2785 906 2954 978 ζωήν.

2181 1109 2198 1143 ‹
2233 1088 2317 1143 Τὰ
2369 1087 2572 1158 ἀρχαῖα
2629 1083 2930 1155 παρῆλθεν.
3001 1081 3137 1134 Ἰδοὺ
3173 1079 3364 1147 γέγονε
3404 1071 3568 1127 καινὰ
3614 1069 3703 1126 τὰ·

2104 1183 2307 1237 πάντα.
2348 1199 2366 1232 ι

2177 1271 2247 1321 Ἦ
2268 1268 2337 1321 τὰ
2364 1263 2738 1337 ἁμαρτήματά
2782 1278 2968 1331 φησιν,
3007 1261 3038 1330 ἦ
3077 1261 3144 1312 τὰ
3182 1256 3450 1312 Ἰουδαϊκὰ
3481 1254 3688 1319 πάντα,

2106 1359 2308 1430 μᾶλλον
2333 1359 2392 1411 δὲ
2427 1357 2525 1411 καὶ
2552 1355 2728 1410 ταῦτα
2759 1355 2985 1408 κάκεῖνα
3011 1351 3182 1420 λέγει.

2179 1465 2201 1498 ι
2233 1445 2317 1499 Τὰ
2339 1445 2396 1500 δὲ
2434 1447 2616 1501 πάντα
2642 1448 2706 1498 ἑκ
2732 1442 2828 1497 τοῦ
2857 1440 3016 1495 Θεοῦ.
3063 1458 3083 1492 ι

2173 1539 2287 1593 Καὶ
2313 1536 2423 1610 γὰρ
2448 1536 2589 1608 αῦτη
2621 1537 2654 1607 ή
2679 1534 2876 1604 ἄφεσις
2908 1532 3022 1606 τῶν
3049 1531 3490 1603 ἁμαρτημάτων,
3523 1527 3617 1584 καὶ
3652 1528 3690 1598 ή

2102 1629 2385 1702 ἐλευθερία
2409 1669 2426 1697 ,
2456 1628 2551 1682 καὶ
2596 1629 2629 1700 ή
2661 1625 2790 1692 δόξα
2825 1625 2862 1697 ἡ
2903 1624 3208 1697 ἄφθαρτος,
3250 1622 3320 1677 δι’
3351 1619 3517 1676 αὑτοῦ
3552 1622 3694 1692 ἡμῖν

2100 1721 2420 1793 δεδώρηται.

2179 1833 2200 1867 ι
2231 1811 2338 1868 Τοῦ
2363 1809 2797 1876 καταλλάξαντος
2822 1808 2972 1878 ἡμᾶς
3006 1803 3184 1877 ἑαυτῷ
3217 1803 3309 1858 διὰ
3351 1799 3528 1875 Ἰησοῦ
3551 1801 3693 1871 Xpt-

422 1896 575 1953 dedit
605 1897 764 1954 nobis
794 1899 1112 1970 mysterium
1141 1894 1632 1953 reconciliationis.
1663 1892 1856 1965 [νκιε.
1885 1888 2002 1962 19.]

2129 1903 2254 1969 ῖτοῦ,
2278 1903 2374 1958 καὶ
2395 1902 2578 1966 δόντος
2600 1902 2730 1972 ἡμῖν
2752 1877 2852 1970 τὴν
2870 1877 3154 1952 διακονίαν
3181 1895 3282 1966 τῆς
3311 1891 3693 1962 καταλλαγῆς,

422 1987 696 2054 Quoniam
722 1990 948 2060 quidem
991 1989 1134 2044 Deus
1162 1997 1281 2044 erat
1327 1988 1380 2041 in
1427 1985 1650 2042 Christo
1682 2024 1698 2050 ,
1737 1981 2002 2038 mundum

421 2081 786 2135 reconcilians
816 2079 944 2145 sibi,
979 2093 1090 2134 non
1123 2089 1385 2149 reputans
1418 2077 1526 2133 illis
1549 2077 1756 2132 delicta
1781 2089 1999 2140 eorum,

421 2177 477 2225 et
504 2185 711 2240 ponens
738 2172 794 2225 in
829 2171 986 2226 nobis
1017 2171 1245 2226 verbum
1274 2168 1764 2225 reconciliationis.
1802 2185 1823 2219 ι

492 2263 630 2318 Nam
679 2265 1133 2320 reconciliatione
1178 2263 1364 2320 omnia
1401 2263 1561 2319 nobis
1597 2263 1736 2317 bona
1782 2259 2005 2317 alllnxe-

421 2365 573 2412 runt.
609 2353 1007 2411 Reconciliatio
1053 2362 1237 2411 autem
1287 2355 1527 2410 amicitia
1579 2361 1684 2410 est.
1719 2351 1825 2420 Qui
1871 2366 2007 2422 ergo

422 2463 526 2503 nos
547 2449 756 2503 amicos
786 2446 936 2514 fecit,
978 2448 1026 2504 is
1048 2447 1173 2503 aliis
1206 2462 1305 2504 nos
1347 2447 1508 2503 bonis
1537 2446 1806 2516 implevit.
1833 2444 2002 2514 Atqui

422 2541 515 2597 hic
551 2541 716 2596 etiam
745 2542 986 2598 ostendit
1014 2541 1334 2612 dignitatem
1378 2539 1777 2611 apostolorum,
1819 2554 2006 2610 quan-

421 2641 537 2687 tum
573 2633 706 2687 item
751 2632 1028 2702 negotium
1070 2633 1151 2688 eis
1180 2631 1546 2688 commissum
1593 2630 1688 2700 sit,
1733 2639 1788 2688 et
1834 2643 2004 2702 quam

421 2721 624 2779 eximia
652 2724 873 2780 dilectio
906 2723 1001 2780 Dei
1029 2725 1222 2781 fuerit.

497 2813 667 2873 Vsus.
685 2815 776 2870 20.
808 2835 827 2869 ι
857 2816 962 2871 Pro
981 2816 1202 2874 Christo
1225 2832 1360 2889 ergo
1388 2817 1664 2889 legatione
1696 2814 2005 2888 fungimur,

421 2913 681 2976 tanquam
721 2908 834 2964 Deo
860 2909 1190 2965 exhortante
1221 2925 1317 2981 per
1350 2925 1476 2968 nos.
1501 2909 1869 2968 Obsecramus
1901 2919 2005 2978 pro

419 2997 669 3057 Christo.
708 3018 730 3052 ι

493 3089 656 3147 Pater
680 3091 889 3148 Filium.
921 3092 1094 3161 misit,
1131 3092 1334 3165 inquit,
1362 3104 1425 3150 ut
1468 3092 1732 3151 suaderet
1771 3097 1828 3148 et
1862 3089 2006 3161 lega-

2103 1999 2180 2062 ὡς
2210 1998 2292 2052 ὅτι
2311 1994 2448 2058 Θεδς
2477 1989 2547 2064 ἦν
2578 1994 2636 2046 ὲν
2663 1990 2888 2064 Χριστῷ
2916 1989 3125 2060 κόσμον
3143 1985 3538 2041 καταλλάσσων
3557 1983 3708 2036 eatu-

2103 2089 2202 2161 τῷ,
2238 2087 2314 2160 μὴ
2342 2084 2691 2156 λογιζόμενος
2714 2083 2902 2144 αὐτοῖς
2932 2080 3002 2134 τὰ
3029 2076 3458 2151 παραπτώματα
3482 2074 3708 2140 αὐτῶν,.

2107 2184 2203 2240 καὶ
2233 2182 2464 2252 θέμενος
2490 2180 2548 2233 ὲν
2584 2179 2719 2250 ἡμῖν
2740 2177 2832 2231 τὺν
2861 2175 3022 2246 λόγον
3059 2175 3159 2244 τῆς
3184 2169 3557 2241 καταλλαγῆς.
3589 2187 3612 2220 ι

2187 2272 2323 2328 ’Λπὺ
2357 2271 2466 2343 γὰρ
2496 2270 2597 2341 τῆς
2629 2266 2978 2337 καταλλαγῆς
3007 2265 3186 2320 πάντα
3225 2264 3353 2334 ὑμῖν
3389 2259 3596 2333 ὑπῆρξε
3619 2259 3711 2313 τὼ

2105 2365 2323 2437 ἀγαθόν
2353 2360 2671 2431 καταλλαγὴ
2701 2359 2759 2414 δέ
2794 2360 2942 2412 ἐστιν
2989 2357 3024 2429 ή
3055 2355 3231 2424 φιλία.
3257 2351 3469 2408 Οὐκοῦν
3500 2351 3694 2422 φίλους

2105 2459 2256 2531 ἡμᾶς
2282 2455 2517 2527 ποιήσας
2543 2452 2725 2519 αὐτὸς,
2754 2450 2850 2504 καὶ
2876 2447 2988 2502 τῶν
3013 2447 3205 2502 ἄλλων
3232 2444 3530 2514 ἐνέπλησεν
3551 2443 3693 2511 ἀγα-

2107 2551 2239 2608 θῶν.
2285 2549 2570 2604 Δείκνυται
2601 2545 2661 2600 δὲ
2711 2546 2804 2600 καὶ
2840 2543 2903 2597 τὸ
2947 2541 3059 2596 τῶν
3095 2537 3414 2595 ἀποστόλων
3447 2536 3689 2605 ἀξίωμα,

2107 2643 2294 2716 ἡλίκον
2319 2642 2555 2713 πρᾶγμα
2587 2634 3034 2709 ἐγχειρίσθησαν,
3075 2632 3294 2704 καὶτῆς
3325 2631 3546 2700 ἀγάπης
3591 2625 3694 2682 τοῦ

2107 2735 2245 2791 Θεοῦ
2277 2736 2312 2806 ἡ
2343 2731 2640 2806 ὑπερϐολή.

2185 2848 2205 2882 ι
2246 2825 2420 2898 ’Υπὲρ
2467 2822 2707 2895 Χριστοῦ
2746 2816 2841 2876 οῦν
2873 2818 3272 2891 πρεσϐεύομεν,
3302 2815 3380 2879 ὡς
3424 2812 3520 2868 τοῦ
3551 2809 3712 2866 Θεοῦ.

2107 2917 2554 2994 παρακαλοῦντος
2586 2915 2654 2969 δι’
2684 2912 2845 2985 ήμῶν
2867 2928 2882 2944 ·
2913 2909 3151 2982 δεόμεθα
3186 2907 3327 2981 ὑπὲρ
3357 2902 3620 2977 Χριστοῦ.
3667 2922 3688 2956 ι

2183 3097 2472 3171 Ἔπεμψεν
2498 3097 2591 3151 τὸν
2613 3094 2767 3162 Υίδν,
2801 3093 2990 3166 φησὶν,
3012 3092 3043 3146 ὁ
3066 3089 3258 3162 Πατὴρ
3308 3085 3698 3160 παρακαλέσαι

423 3183 578 3239 tione
627 3199 728 3255 pro
789 3200 849 3240 se
899 3181 1226 3256 fungeretur
1273 3186 1416 3256 apud
1468 3185 1756 3242 hominum
1804 3195 2001 3256 genus.

2129 3193 2208 3250 tat
2245 3188 2697 3264 πρεσϐεύσασθαι·
2740 3186 2878 3258 πρὸς
2903 3183 3004 3255 τὴν
3032 3183 3157 3237 τῶν
3191 3179 3499 3253 ἀνθρώπων
3527 3176 3700 3246 φύσιν

423 3273 564 3341 Quia
616 3277 784 3346 igitur
830 3285 962 3346 post
1013 3277 1351 3333 occisionem
1395 3278 1488 3333 ille
1521 3277 1700 3344 abiit,
1744 3290 1846 3332 nos
1875 3287 2006 3330 vero

2129 3287 2259 3358 ὅπερ
2291 3280 2477 3338 αὑτοῦ.
2542 3280 2697 3335 Ἐπεὶ
2743 3273 2836 3333 οῦν
2895 3275 3126 3347 σφαγεὶς
3173 3275 3383 3336 ἐκεῖνος
3424 3269 3715 3340 ἀπῆλθεν,

425 3365 751 3436 legationem
793 3367 1175 3438 suscepimus,
1215 3369 1365 3424 illius
1413 3369 1533 3423 vice
1581 3375 1638 3424 et
1691 3381 1791 3437 pro
1843 3365 2007 3420 Patre

424 3471 527 3512 vos
575 3457 948 3512 exhortamur.
1014 3455 1194 3513 Tanto
1256 3467 1438 3514 autem
1510 3466 1769 3514 naturam
1827 3455 2008 3512 homi-

425 3561 559 3602 num
607 3547 818 3601 honore
882 3546 1056 3612 auxit,
1100 3555 1160 3601 ut
1201 3545 1402 3602 Filium
1475 3547 1796 3612 tradiderit,
1843 3545 2009 3616 idque

425 3653 551 3696 cum
583 3647 882 3708 praenosset
925 3638 1318 3694 immolandum
1351 3658 1365 3694 :
1420 3639 1653 3710 insuper
1697 3653 1800 3695 nos
1835 3637 2006 3694 vestri

425 3745 595 3788 causa
660 3732 868 3786 creavit
925 3733 1230 3801 apostolos.
1307 3733 1674 3798 Quamobrem
1759 3730 2008 3800 apprime

425 3825 592 3881 etiam
625 3833 772 3880 recte
798 3825 1016 3880 dicebat
1047 3842 1063 3877 :
1097 3823 1293 3881 Omnia
1322 3835 1537 3896 propter
1560 3839 1670 3878 vos.
1700 3821 1858 3889 Quod
1881 3836 2009 3892 ergo

425 3916 528 3984 ait,
559 3915 668 3971 Pro
697 3915 914 3971 Christo
963 3917 1226 3988 legatione
1275 3917 1549 3988 fungimur
1571 3957 1588 3982 ,
1622 3915 1764 3972 idem
1808 3921 1912 3980 est,
1944 3927 2010 3968 ac

424 4009 652 4065 Christo
699 4010 1068 4066 successimus
1100 4018 1160 4065 ut
1193 4025 1424 4066 munera
1466 4009 1642 4081 ipsius
1678 4021 2010 4078 exsequere-

425 4115 572 4157 ntur.
601 4101 757 4170 Quod
805 4102 850 4157 si
901 4102 954 4158 id
994 4103 1091 4158 tibi
1127 4118 1387 4174 magnum
1418 4103 1656 4168 videtur,
1690 4101 1796 4156 hoc
1841 4099 2008 4156 etiam

425 4193 579 4261 audi,
617 4195 764 4265 quod
797 4193 914 4249 vice
937 4193 1117 4250 Patris
1145 4193 1284 4254 illud
1317 4201 1602 4264 praestant.
1636 4193 1849 4248 Idcirco
1880 4195 2012 4248 sub-

420 4284 638 4356 junxit,
705 4291 960 4356 tauquam
1027 4283 1139 4340 Deo
1189 4283 1504 4339 exhortante
1571 4298 1667 4353 per
1719 4299 1838 4337 nos.
1888 4278 2012 4335 Non

425 4377 605 4434 solum
656 4379 806 4432 enim
849 4392 948 4449 per
1001 4375 1203 4432 Filium
1253 4378 1580 4434 adhortatus
1634 4382 1763 4442 est,
1814 4385 2012 4429 verum

422 4473 589 4527 etiam
640 4486 738 4542 per
783 4486 910 4538 nos,
960 4470 1053 4541 qui
1112 4467 1241 4525 Filii
1295 4470 1418 4542 ejus
1473 4482 1616 4540 opus
1668 4465 2010 4534 excepimus.

2113 3379 2276 3452 ἡμεῖς
2296 3376 2354 3431 δὲ
2382 3371 2687 3444 ἐδεξάμεθα
2732 3369 2832 3442 τήν
2869 3368 3194 3439 πρεσϐείαν,
3245 3365 3343 3419 καὶ
3377 3363 3492 3418 ἀντ’
3525 3360 3698 3415 αὐτοῦ

2113 3468 2210 3523 καὶ
2242 3466 2384 3538 ὑπὲρ
2413 3464 2510 3519 τοῦ
2535 3460 2752 3533 Πατρδς
2790 3456 3228 3530 παρακαλοῦμεν
3261 3455 3427 3526 ὑμᾶς.
3455 3451 3716 3508 Τοσοῦεεο⁴

2113 3562 2344 3634 τιμᾶται
2375 3557 2438 3613 τὸ
2482 3555 2589 3612 τῶν
2634 3553 2941 3626 ἀνθρώπων
2967 3553 3145 3621 γένος,
3196 3551 3282 3605 ὃτι
3317 3547 3417 3604 καὶ
3442 3547 3535 3600 τὸν
3565 3544 3703 3602 Υῑὸν

2115 3655 2380 3721 ἐπέδωκε,
2403 3651 2498 3709 καὶ
2525 3648 2720 3716 ταῦτα,
2751 3647 2908 3711 εἰδὼς
2937 3647 3022 3700 ὅτι
3053 3644 3422 3715 σφαγήσεται,
3451 3641 3548 3694 καὶ
3563 3639 3704 3694 ἀπο-

2118 3746 2336 3808 στόλους
2359 3743 2506 3815 ήμᾶς
2532 3742 2598 3796 δι’
2633 3742 2777 3813 ὑμᾶς
2803 3739 3126 3810 πεποίηκεν.
3161 3736 3326 3788 Ὥστε
3352 3733 3578 3794 είκὸτως
3601 3731 3705 3786 κει)⁸

2115 3838 2292 3907 ἔλεγε,
2330 3834 2535 3889 Πάντα
2577 3832 2653 3886 δι’
2689 3831 2868 3902 ὑμᾶς.
2913 3830 2988 3886 To
3037 3824 3165 3895 οὖν,
3211 3825 3394 3896 ’Υπὲρ
3439 3821 3703 3894 Χριστοῦ

2116 3927 2546 3999 πρεσϐεύομεν,
2579 3923 2881 3987 τουτέστιν,
2933 3922 3057 3977 ἀντὶ
3102 3920 3200 3976 τοῦ
3238 3915 3480 3991 Χριστοῦ
3536 3915 3704 3986 ἡμεῖς

2114 4017 2471 4091 διεδεξάμεθα
2499 4017 2572 4071 τὰ
2604 4015 2839 4070 ἐκείνου.
2867 4015 2931 4069 Ei
2954 4014 3013 4068 δὲ
3050 4012 3196 4085 μέγα
3227 4029 3312 4065 σοι
3336 4009 3500 4064 τοῦτο
3527 4006 3706 4072 δοκεῖ,

2115 4113 2282 4170 ἄκουε
2311 4111 2408 4167 καὶ
2441 4111 2522 4166 ὅτι
2560 4108 2683 4164 ἀντὶ
2725 4107 2820 4164 τοῦ
2854 4107 3070 4178 Πατρδς
3102 4104 3263 4161 τοῦτο
3290 4101 3557 4158 ποιοῦσιν.
3601 4101 3706 4154 Διὰ

2117 4205 2229 4278 γὰρ
2270 4205 2428 4259 τοῦτο
2474 4203 2569 4258 καὶ
2623 4202 2906 4272 ἐπήγαγεν
2930 4240 2947 4266 ,
2985 4199 3069 4266 ὡς
3111 4197 3222 4253 τοῦ
3255 4197 3404 4252 Θεοῦ
3431 4209 3706 4263 παρακα-

2118 4293 2376 4360 λοῦντος
2393 4292 2468 4347 δι’
2503 4290 2693 4362 ἡμῶν.
2728 4290 2804 4344 οὐ
2826 4290 2934 4362 γὰρ
2958 4289 3050 4343 διὰ
3076 4288 3172 4342 τοῦ
3201 4286 3333 4342 Υίοῦ
3365 4285 3532 4340 αὑτοῦ
3561 4301 3703 4357 παρ-

2117 4383 2344 4441 εκάλεσε
2365 4384 2548 4457 μόνον,
2584 4383 2720 4437 ἀλλὰ
2746 4383 2840 4436 καὶ
2858 4383 2924 4436 δι’
2952 4379 3112 4452 ήμῶν
3141 4380 3250 4434 τῶν
3293 4377 3389 4432 τοῦ
3443 4376 3576 4432 Υἱοῦ
3604 4376 3708 4432 αὑο

2118 4477 2216 4532 τοῦ
2234 4476 2651 4548 ἀναδεξαμένων
2673 4476 2856 4548 ἔργον.
2883 4473 3072 4530 Ταῦτα
3104 4473 3163 4527 δὲ
3182 4471 3382 4541 λέγων,
3403 4469 3504 4542 τὴν
3531 4470 3708 4542 ὑπερ-

424 4564 635 4632 Qnihus
703 4563 886 4620 verbis
952 4563 1316 4619 humanitatis
1387 4561 1484 4617 Dei
1551 4554 2006 4628 exsuperantiam

2129 4570 2280 4644 ϐολήν
2313 4570 2686 4625 ἐπιδείκνυται
2709 4569 2812 4640 τῆς
2835 4565 3251 4640 φιλανθρωπίας
3278 4563 3375 4620 τοῦ
3410 4561 3576 4618 Θεοῦι

425 4655 788 4712 demonstrat.

498 4765 518 4799 ι
559 4746 1014 4802 Reeonciliamini
1043 4745 1173 4802 Deo.
1209 4763 1227 4800 ι

492 4836 610 4893 Νοη
667 4838 827 4900 dixit,
877 4838 1044 4893 Deum
1087 4837 1242 4892 vobis
1291 4834 1667 4892 reconciliate.
1701 4832 1822 4890 Non
1859 4832 2008 4891 enim

425 4928 518 4984 ille
541 4929 742 4998 estqui
775 4927 1094 4983 inimicitias
1128 4926 1286 4997 gerit,
1323 4924 1420 4980 sed
1455 4940 1573 4980 vos.

493 5020 662 5077 Vens.
697 5020 786 5074 29..
819 5019 955 5075 Eum
990 5021 1138 5076 enim
1169 5019 1266 5090 qui
1295 5033 1407 5073 non
1437 5028 1666 5082 noverat
1688 5025 2002 5090 peccatum,

424 5129 526 5186 pro
554 5115 715 5170 nobis
747 5121 1034 5185 peccatum
1067 5112 1214 5166 fecit.
1253 5130 1274 5164 ι

492 5205 625 5272 Quae
680 5206 954 5261 anteriora
1003 5211 1165 5267 sunt,
1211 5203 1415 5273 inquit,
1465 5219 1578 5259 non
1619 5219 1816 5270 narro,
1860 5201 2009 5272 quod

426 5299 776 5354 contumeliis
807 5295 1103 5351 aﬂ'cceritis
1133 5306 1256 5351 eum
1290 5297 1384 5366 qui
1428 5297 1568 5351 nihil
1615 5295 1830 5368 injuriae
1867 5297 2016 5351 intu-

427 5388 589 5456 lerat,
620 5391 826 5460 quique
853 5389 1035 5460 potius
1065 5403 1162 5444 vos
1192 5388 1350 5444 bonis
1399 5397 1649 5453 auxerat,
1706 5404 1809 5444 nec
1863 5387 2009 5458 quod

429 5494 462 5534 ε
494 5482 650 5537 vobis
688 5496 797 5534 non
829 5479 1081 5550 poposcit
1109 5494 1322 5548 poenas,
1353 5493 1408 5534 ct
1443 5495 1567 5535 cum
1603 5479 1719 5550 ipse
1749 5479 1902 5550 prior
1933 5479 2015 5532 la-

427 5569 672 5624 cessitus
724 5575 906 5632 esset,
972 5567 1338 5624 nihilominus
1391 5569 1763 5624 obsecrabat:
1800 5568 1896 5622 sed
1944 5584 2008 5622 ea

431 5661 705 5716 duntaxat
731 5677 854 5732 quae
886 5677 1038 5717 nunc
1068 5664 1342 5733 praestitit.
1374 5663 1584 5734 Ecquid
1621 5679 1751 5720 vero
1791 5664 2010 5734 praesti-

433 5751 538 5806 tit?
570 5751 730 5822 138
761 5752 954 5809 Filiqu
992 5753 1205 5810 dedidit
1246 5772 1345 5826 pro
1391 5755 1854 5822 contumeliosis;
1886 5769 2010 5810 eum

438 5842 529 5907 qui
560 5843 692 5898 nihil
726 5844 937 5910 iniuriae
988 5855 1421 5910 nerpctraverat,
1458 5862 1555 5910 pro
1608 5847 1832 5911 iniustis
1885 5860 2012 5922 pere

2196 4761 2218 4798 ι
2251 4735 2649 4813 Καταλλᾶγητε
2673 4739 2751 4812 τῷ
2779 4736 2920 4810 Θεῷ.
2953 4757 2972 4792 ι

2187 4835 2307 4890 Οὐκ
2353 4830 2499 4902 εἶπε,
2551 4832 2931 4899 καταλλάξατε
2958 4830 3051 4885 τὸν
3102 4830 3237 4884 Θεὸν
3261 4830 3319 4885 ὲν
3360 4829 3596 4892 ὲαυτοῖς.
3627 4826 3710 4882 οὑ

2119 4928 2230 5002 γὰρ
2258 4927 2466 4992 ἐκεῖνός
2498 4928 2646 4980 ἐστιν
2678 4929 2706 4979 ὁ
2739 4924 3062 4996 ὲχθραίνων,
3093 4924 3208 4978 ἀλλ’
3239 4925 3424 4994 ὑμεῖς.

2197 5040 2218 5074 ι
2255 5020 2360 5074 Τὸν
2381 5019 2492 5090 γὰρ
2516 5018 2592 5090 μὴ
2623 5017 2821 5088 γνόντα
2850 5015 3155 5088 ἁμαρτίαν,
3177 5017 3318 5087 ὑπὲρ
3341 5013 3502 5086 ήμῶν
3528 5014 3714 5086 ἁμαρρ

2115 5110 2242 5166 τίαν
2267 5107 2544 5178 ἐποίησεν.
2584 5126 2610 5160 ιε

2190 5203 2266 5259 Οὐ
2299 5201 2465 5271 λέγω,
2510 5202 2668 5271 φησὶ,
2699 5199 2768 5254 τὰ
2816 5198 3084 5270 πρότερα.
3135 5197 3218 5250 ὅτι
3258 5195 3523 5268 ὑϐρίσατε
3553 5193 3713 5247 οὐδὲν

2118 5292 2443 5364 ἠδικηκότα,
2499 5291 2636 5345 ἀλλὰ
2665 5291 2762 5345 καὶ
2814 5289 3283 5361 εὐεργετήσαντα,
3316 5286 3409 5340 καὶ
3436 5287 3520 5339 ὅτι
3553 5285 3711 5350 δίκας

2116 5386 2218 5439 οὑκ
2266 5384 2552 5456 ἀπῄτησεν
2603 5384 2769 5452 ὑμᾶς,
2824 5381 2946 5436 οὑδὲ
3001 5382 3085 5435 δτι
3127 5376 3442 5452 παρακαλεῖ
3491 5377 3711 5449 πρῶτος

2116 5476 2419 5549 ὑϐρισθεὶς,
2447 5474 2582 5530 ἀλλὰ
2601 5475 2690 5528 διὰ
2706 5473 2881 5528 ταῦτα
2901 5473 2936 5527 ἃ
2958 5474 3185 5544 εποίησε
3214 5473 3327 5526 νῦν.
3361 5472 3428 5524 Τί
3446 5471 3503 5524 δὲ
3525 5468 3682 5539 ἐποίῃ
3698 5499 3713 5508 -

2117 5586 2210 5634 σε;
2245 5569 2348 5622 Τὸν
2373 5566 2502 5621 Υἱὸν
2541 5567 2682 5639 ὑπὲρ
2703 5566 2810 5620 τῶν
2845 5566 3148 5636 ὑϐρικότων
3202 5564 3392 5630 ἔδωκε,
3417 5563 3508 5616 τὸν
3537 5561 3713 5632 μηδὲν

2121 5659 2423 5732 ἠδικηκότα
2476 5658 2614 5730 ὑπὲρ
2654 5657 2762 5711 τῶν
2813 5657 3155 5727 ἠδικηκότων
3202 5655 3499 5710 ἀποθανεῖν
3531 5655 3705 5706 εἴασε.

2123 5753 2233 5807 Καὶ
2261 5755 2359 5822 οὑχ
2390 5749 2578 5813 ἁπλῶς
2615 5750 2787 5814 οὑτως
2815 5753 3053 5822 εἴρηται,
3082 5749 3220 5803 ἀλλὰ
3248 5749 3277 5802 ὃ
3309 5747 3492 5818 πολλῷ
3515 5745 3709 5798 τούτου

2129 5843 2311 5908 μεῖζόν
2345 5847 2518 5909 ἐστιν,
2543 5842 2700 5897 τοῦτο
2725 5841 2906 5904 ἔθηκε.
2933 5842 3071 5896 Τίδέ
3103 5844 3218 5896 ἐστι
3251 5841 3406 5896 τοῦτο
3431 5858 3446 5908 ;
3486 5840 3594 5897 Τὸν
3619 5837 3711 5908 μὴ
