3970 6436
225 336 332 397 737

1365 337 1442 395 ΙΝ
1489 339 1728 395 El’lS'l‘.
1769 338 1870 394 AD
1896 333 2260 399 CORINTH.
2301 337 2385 399 II.

3407 337 3517 400 738

224 446 459 514 γνόντα
477 443 791 514 ἁμαρτίαν,
825 445 1009 515 φησὶν,
1030 444 1281 499 τουτέστι
1306 445 1397 501 τὸν
1428 446 1588 500 αὑτὸν
1621 445 1828 499 δικαιο-

1961 433 2096 502 ηἱεὶί
2120 446 2280 501 mori.
2327 445 2515 518 Neque
2546 445 2601 501 id
2636 462 2768 503 vero
2800 447 3130 520 simpliciter
3169 448 3514 504 enuntiatum

226 536 402 608 σύνην
434 536 585 602 ὅντα,
610 530 888 608 ἁμαρτίαν
919 537 1199 606 ἐποίησεν,
1226 536 1507 591 τουτέστιν
1543 535 1619 601 ὡς
1640 536 1823 607 ἀμαρ-

226 628 405 681 τωλὸν
441 628 845 700 κατακριθῆναι
875 629 1112 700 ἀφῆκεν.

1932 548 2061 596 est:
2122 539 2216 595 sed
2269 540 2414 610 quod
2475 541 2634 610 longe
2696 541 2875 610 majus
2929 550 3059 608 cst,
3108 542 3319 612 posuit.
3377 539 3518 606 Quid

1932 645 2064 686 vero
2109 630 2302 686 istud?
2335 629 2472 684 Eum
2520 631 2610 702 qui
2663 647 2766 686 non
2822 643 3035 688 noverat
3085 647 3380 703 peccatum,
3433 634 3522 688 in-

226 717 387 787 quit;
416 718 472 772 id
503 725 612 783 est,
642 733 764 772 eum
795 719 894 790 qui
923 718 1145 790 justitia
1174 719 1414 790 ipsamet
1454 724 1599 786 erat,
1634 725 1925 789 peccatum
2000 720 2170 788 fecit;
2255 737 2352 778 seu
2405 729 2669 793 tanquam
2750 731 3094 791 peccatorem
3165 725 3523 781 condemnari

227 809 507 878 permisit.

307 920 330 954 σ
357 903 480 956 Ἵνα
505 903 666 972 ἡμεῖς
693 901 979 974 γενώμεθα
1003 903 1320 974 δικαιοσύνη
1352 900 1488 957 Θεοῦ
1511 903 1570 957 ἐν
1597 902 1770 972 αὐτῷ.
1800 921 1820 955 ι

300 992 407 1047 Διά
441 994 621 1062 τοῦτο,
655 995 844 1065 φησὶν,
875 996 1045 1050 ἔδωκε
1076 997 1213 1067 πρὸς
1250 994 1519 1066 αἰσχύνην
1557 996 1650 1050 τὸν
1678 995 1826 1064 Υἱὸν,

231 1086 323 1140 ενα
351 1086 423 1139 τὰ
479 1087 694 1158 μεγάλα
728 1090 882 1160 ἡμῖν,
911 1088 1211 1161 χαρίσηται
1251 1087 1458 1158 ἀγαθὰ,
1504 1088 1540 1143 ἃ.
1569 1088 1827 1142 οὐδέποτε

230 1179 749 1250 προσεδοκήσαμεν.

845 1317 1101 1371 ΚΕΦΑΛ.
1143 1318 1238 1383 Cl".

311 1472 329 1504 ο
356 1449 765 1524 Συνεργοῦντες
793 1449 850 1504 δὲ
884 1450 978 1504 καὶ
1023 1447 1474 1521 παρακαλοῦμεν,
1522 1433 1707 1520 μὴέίς
1736 1464 1830 1502 κε-

237 1543 322 1598 νὸν
353 1544 462 1614 τὴν
490 1544 654 1615 χάριν
675 1541 773 1596 τοῦ
807 1541 944 1595 Θεοῦ
977 1542 1242 1610 δέξασθαι
1285 1541 1450 1613 ὑμᾶς.
1484 1541 1652 1608 Λέγει
1684 1539 1827 1610 γάρ·

236 1634 434 1706 Καιρῷ
455 1633 633 1705 δεκτῷ
658 1634 948 1705 ἐπήκουσὰ
979 1650 1096 1703 σου,
1122 1633 1220 1687 καὶ
1253 1633 1312 1686 ἐν
1338 1630 1524 1704 ἡμέρᾳ
1557 1630 1832 1701 σωτηρίας

235 1725 520 1797 ἐϐοήθησά
546 1743 648 1779 σοι.
680 1743 700 1775 ι

2014 920 2032 954 ι
2069 901 2143 959 Ut
2173 917 2274 958 nos
2301 902 2882 974 clliceremurjustitia
2913 902 3007 957 Dei
3051 903 3106 956 in
3141 904 3279 974 ipso.
3321 921 3341 956 ι

2007 993 2222 1049 Idcirco
2267 993 2472 1049 Filium
2530 995 2895 1050 contumeliis
2941 993 3285 1048 adiciendum
3349 994 3520 1060 dedit,

1935 1083 2143 1155 inquit,
2179 1085 2259 1140 uti
2295 1101 2493 1156 magna
2521 1086 2664 1140 bona
2695 1087 2860 1142 nobis
2886 1084 3240 1157 elargiretur,
3271 1101 3396 1157 qua:
3423 1103 3521 1144 ne—

1936 1187 2214 1246 quaquam
2233 1176 2699 1247 speravissemus.

2583 1313 2742 1370 CAP.
2778 1314 2869 1368 Vl.

2013 1444 2174 1503 Vens.
2203 1447 2255 1514 1,
2285 1447 2340 1504 2.
2389 1467 2408 1502 ι
2445 1449 2788 1522 Adjuvantes
2845 1463 3051 1519 autem,
3080 1459 3135 1506 et
3171 1451 3532 1508 exhortamur

1938 1553 2010 1594 ne
2043 1538 2098 1593 in
2129 1554 2370 1596 vacuum
2418 1544 2651 1612 gratiam
2705 1543 2800 1600 Dei
2853 1546 3162 1615 recipiatis.
3211 1544 3304 1598 Ait
3336 1544 3528 1599 enim:

1939 1627 2209 1702 Tempore
2238 1644 2470 1704 accepto
2489 1635 2752 1692 exaudivi
2782 1644 2857 1702 te,
2886 1645 2948 1694 ‘et
2989 1638 3047 1693 in
3080 1637 3168 1693 die
3198 1637 3396 1693 salutis
3435 1638 3532 1691 ad-

1933 1720 2049 1793 juvi
2081 1733 2152 1779 te.
2193 1743 2212 1776 ι

308 1817 545 1891 Ἐπειδὴ
601 1817 817 1889 μεγάλα
861 1816 1042 1882 εἶπεν,
1086 1814 1170 1869 ὅτι
1199 1813 1333 1877 Θεὸς
1380 1810 1707 1885 παρεκάλει,
1741 1813 1834 1867 καὶ

2010 1816 2149 1882 Quia
2177 1832 2375 1889 magna
2403 1817 2653 1888 quaedam
2686 1817 3024 1889 praelocutus
3066 1827 3172 1885 est,
3206 1819 3532 1890 quodDeus

229 1912 397 1982 ᾐμείς
450 1909 832 1982 πρεσϐεύομεν
859 1950 874 1976 ,
917 1909 1010 1964 ἵνα
1045 1907 1120 1981 μὴ
1167 1907 1520 1962 ἀναπέσωσιν
1557 1905 1832 1974 ἐντεῦθεν,

226 2000 399 2052 πάλιν
433 1999 636 2060 αὐτοὺς
662 1999 839 2069 φοϐεῖ,
867 1997 1043 2067 λέγων
1065 2017 1080 2032 ·
1119 1997 1218 2066 Μὴ
1251 2001 1339 2064 είς
1368 1995 1556 2051 κενὸν
1579 1997 1695 2066 τὴν
1725 1996 1836 2066 χά-

219 2109 322 2159 ριν
347 2091 464 2144 τοῦ
495 2089 646 2146 Θεοῦ
675 2089 968 2156 δέξασθαι
988 2087 1167 2160 ὑμᾶς.
1204 2088 1298 2160 Μὴ
1335 2089 1470 2161 γάρ,
1506 2089 1698 2161 ἐπειδὴ
1727 2106 1835 2143 πα-

227 2185 490 2254 ρακαλεῖ,
520 2185 676 2255 φησὶ,
713 2185 808 2238 καὶ
843 2183 1058 2256 ἔπεμψε
1095 2182 1529 2254 πρεσϐεύοντας,
1561 2183 1653 2238 διὰ
1679 2181 1837 2236 τοῦτο

197 2276 676 2347 ,ρᾳθυμήσωμεη
735 2275 872 2330 ἀλλά
931 2275 1134 2347 μᾶλλον
1189 2273 1549 2345 ἐπειγώμεθα
1607 2272 1744 2345 πρὸς
1775 2273 1837 2325 τὸ

228 2367 438 2436 ἀρέσαι
480 2365 667 2438 αὐτῷ,
703 2366 793 2422 ἵνα
825 2365 903 2438 μὴ
939 2365 1051 2420 τῶν
1085 2365 1347 2420 τοιούτων
1388 2365 1663 2434 ἐκπέσητε
1695 2365 1836 2430 ἁγα-

231 2456 362 2510 θῶν.

305 2569 324 2600 ι
379 2549 525 2603 Ἰδοὺ
555 2546 652 2604 νῦν
678 2549 874 2623 καιρὸς
904 2548 1342 2621 ,εὐπρόσδεκτος
1382 2547 1492 2602 ἰδοὺ
1527 2545 1622 2602 νῦν
1653 2545 1837 2618 ἡμέρα

231 2641 542 2712 σωτηρίας.
579 2660 598 2694 ι

297 2735 414 2788 Τὸν
452 2738 556 2806 τῆς
580 2735 812 2806 δωρεᾶς,
847 2730 1040 2804 φησὶν,
1086 2731 1177 2786 τὸν
1207 2733 1308 2803 τῆς
1345 2730 1588 2803 χάριτος,
1621 2731 1707 2785 ὅτε
1737 2729 1838 2785 οὐκ

227 2830 385 2882 ἔστιν
411 2827 656 2891 εὐθύνας
686 2825 1059 2898 ἀπαιτηθῆναι
1085 2825 1195 2880 τῶν
1237 2824 1678 2896 ἁμαρτημάτων,
1717 2823 1839 2876 οὺδέ

232 2919 392 2990 δίκην
413 2917 627 2985 δοῦναι,
659 2917 795 2972 ἀλλὰ
830 2918 970 2989 μετά
995 2919 1096 2989 τῆς
1117 2917 1466 2987 ἀπαλλαγῆς,
1498 2918 1592 2970 καὶ
1628 2914 1838 2986 μυρίων

243 3011 598 3081 ἀπολαύομεν
632 3009 834 3065 καλῶν.
867 3011 960 3082 Μὴ
989 3011 1170 3064 τοίνυν
1209 3010 1499 3080 προδῶμεν
1549 3007 1610 3062 τὸ
1649 3007 1839 3062 εὔκαι-

238 3119 348 3175 ρον,
377 3103 502 3156 ἀλλ’
531 3101 932 3172 ἐπιδειξώμεθα
959 3101 1110 3169 ἄξιον
1154 3102 1255 3174 τῆς
1281 3103 1506 3173 χάριτος
1533 3101 1635 3172 τὴν
1670 3116 1840 3154 σπου·
1865 3139 1908 3198 c

231 3196 354 3268 δῄν.

307 3314 330 3344 ς
371 3289 671 3361 Μηδεμίαν
693 3290 751 3343 ἐν
773 3287 967 3361 μηδενὶ
997 3287 1232 3352 διδόντες
1267 3287 1613 3360 προσκοπήν,
1638 3287 1726 3342 ἵνα
1761 3285 1839 3359 μὴ

234 3383 490 3452 μωμηθῇ
524 3384 556 3452 ὴ
584 3381 864 3435 διακονία·
891 3379 1010 3435 ἀλλ’
1043 3383 1103 3434 ἐν
1130 3378 1296 3434 παντὶ
1327 3379 1684 3444 συνιστῶντες
1710 3380 1839 3432 έαυ-

231 3476 366 3538 τοὺς
387 3475 465 3538 ὡς
499 3473 634 3528 Θεοῦ
662 3473 922 3542 διάκονοι,
956 3474 1016 3528 ἐν
1049 3473 1296 3544 ὑπομονῇ
1330 3471 1525 3544 πολλῇ,
1563 3474 1621 3526 ἐν
1657 3471 1840 3542 θλίψε-

237 3582 346 3633 σιν,
395 3567 456 3618 ἐν
495 3565 798 3635 ἀνάγκαις,
835 3567 895 3620 ἐν
953 3565 1366 3638 στενοχωρίαις,
1394 3567 1454 3618 ἐν
1484 3565 1746 3637 πληγαῖς,
1782 3567 1840 3619 ἐν

239 3654 538 3722 φυλακαῖς,
567 3657 624 3710 ἐν
671 3655 1104 3720 ἀκαταστασίαις
1126 3697 1142 3722 ,
1175 3656 1234 3708 ἐν
1288 3655 1480 3718 κόποις
1502 3693 1517 3722 ,
1572 3657 1630 3709 ἐν
1664 3657 1842 3725 ἀγρυ-

239 3749 457 3814 πνίαις,
511 3752 571 3803 ἐν
611 3749 893 3818 νηστείαις
919 3789 934 3814 ,
967 3749 1028 3803 ἐν
1087 3746 1369 3819 ἁγνότητι,
1418 3748 1477 3801 ἐν
1518 3746 1738 3817 γνώσει,
1779 3749 1838 3801 ἐν

238 3837 628 3910 μακροθυμίᾳ,
669 3841 726 3894 ἐν
781 3839 1138 3911 χρηστότητι.

309 3931 607 3998 Τουτέστι,
635 3929 865 4002 μέμψιν,
901 3930 1252 4000 κατάγνωσιν
1285 3927 1479 4002 μηδενὶ
1503 3927 1842 4001 παρέχοντες

241 4023 370 4080 καθ’
389 4023 575 4095 ήμῶν.

315 4136 338 4170 ε
389 4117 486 4172 'Ev
513 4117 798 4188 Πνεύματι
835 4116 998 4189 ἁγίῳ,
1031 4117 1090 4172 ἐν
1123 4115 1318 4189 ἀγάπῃ
1363 4113 1738 4186 ἀνυποκρίτῳ,
1784 4112 1844 4166 ἐν

239 4209 390 4282 λόγῳ
419 4207 703 4280 ἀληθείας.
739 4226 758 4261 ι

325 4303 421 4356 Ἐν
453 4300 603 4373 αὑτῷ
633 4301 772 4372 γὰρ,
796 4300 963 4372 φησὶ,
997 4298 1175 4355 ταῦτα
1205 4299 1386 4354 πάντα
1425 4294 1805 4370 κατορθοῦμεν
1825 4313 1841 4330 ο

235 4400 270 4469 ἢ
305 4400 496 4452 ἐκεῖνο
522 4397 703 4467 λέγει,
735 4397 821 4452 ὅτι
853 4397 951 4452 καὶ
992 4395 1317 4468 Πνεύματος
1358 4395 1516 4464 ἁγίου
1546 4391 1846 4465 πεπληρώ-

237 4491 414 4562 μεθα.

317 4603 342 4634 ι
395 4585 490 4636 Ἐν
517 4581 750 4654 δυνάμει
788 4579 925 4636 Θεοῦ
941 4622 958 4650 ,
984 4580 1074 4637 διὰ
1099 4578 1210 4635 τῶν
1232 4578 1413 4635 ὃπλων
1437 4577 1539 4650 τῆς
1562 4575 1843 4634 δικαιοσύ-

239 4695 362 4749 νης.
402 4696 424 4729 ι

313 4767 496 4822 Τοῦτο
518 4767 607 4821 ἀεὶ
630 4765 804 4836 λέγει,
830 4765 892 4820 τὸ
923 4766 1032 4821 πᾶν
1061 4764 1342 4830 ἀνατιθεὶς
1378 4765 1458 4837 τῷ
1488 4763 1630 4836 Θεῷ.

319 4969 341 5003 ί
382 4949 511 5002 Τῶν
534 4947 724 5015 δεξιῶν
756 4946 855 5002 καὶ
877 4945 1192 5020 ἀριστερῶν
1217 4960 1232 4975 '
1281 4943 1372 4999 διὰ
1417 4943 1578 5015 δόξης
1604 4942 1700 4996 καὶ
1726 4942 1845 4996 ἀτι-

244 5043 408 5115 μίας·
453 5041 544 5096 διὰ
573 5040 890 5114 δυσφημίας
917 5042 1013 5094 καὶ
1042 5038 1326 5110 εὐφημίας
1347 5054 1361 5069 ο
1393 5037 1469 5100 ὼς
1501 5035 1696 5090 πλάνοι
1750 5035 1846 5090 καὶ

238 5135 509 5205 ἀληθεῖς·
534 5133 610 5200 ὡς
636 5133 996 5204 ἀγνοούμενοι
1027 5133 1125 5186 καὶ
1157 5129 1673 5200 ἐπιγινωσκόμενοι.
1715 5145 1733 5177 ι

327 5226 650 5296 ,Ἀριστερὰ
672 5225 918 5279 καλεῖτά
938 5224 1200 5278 δοκοῦντα
1229 5218 1370 5276 εἶναι
1401 5218 1644 5291 λυπηρὰ,
1667 5217 1844 5270 καίτοι

243 5320 427 5374 ταῦτά
445 5322 565 5373 ἐστι
597 5318 665 5373 τὰ
687 5318 780 5372 τὸν
807 5317 998 5389 μισθὸν
1014 5317 1231 5388 ἔχοντα,
1255 5313 1392 5369 ἀλλά
1412 5312 1555 5367 κατὰ
1585 5311 1681 5382 τὴν
1717 5307 1847 5362 ὑπό-

243 5414 418 5484 ληψιν
449 5411 562 5465 τῶν
593 5411 804 5465 πολλῶν
830 5410 1005 5468 καλεῖ.
1037 5409 1214 5475 Δεξιὰ
1243 5408 1321 5473 δὲ,
1345 5406 1445 5471 τὰς
1471 5405 1727 5474 δυνάμεις
1749 5403 1845 5466 τὰς

246 5506 336 5558 ἐνε
346 5521 482 5575 ργου
493 5503 682 5574 μένας.

325 5618 346 5650 ι
396 5599 484 5661 Ὠς
507 5597 970 5669 ἀποθνήσκοντες,
1003 5595 1098 5649 καὶ
1135 5593 1244 5648 ίδοὺ
1271 5590 1478 5664 ζῶμεν.
1517 5609 1535 5641 ι

323 5691 502 5745 Τοῦτο
533 5691 707 5761 λέγει,
748 5691 964 5755 δεικνὺς
1004 5674 1104 5761 τὴν
1128 5687 1338 5758 ἄφατον
1371 5685 1462 5740 τοῦ
1506 5681 1640 5738 Θεοῦ
1680 5680 1843 5735 δύνα-

253 5803 370 5856 μιν.

1867 4496 1918 4557 D

1939 1906 2288 1973 adhortatur,
2319 1923 2530 1980 nosque
2559 1910 2833 1982 legatione
2868 1909 3155 1982 fungimur
3181 1929 3196 1967 :
3230 1928 3300 1968 ne
3325 1928 3391 1967 ex
3423 1912 3532 1966 hoc

1939 2009 2085 2056 statu
2113 2001 2453 2064 relabantur,
2484 2001 2584 2058 hos
2609 2019 2830 2060 rursum
2859 2011 3050 2070 terret,
3079 2003 3271 2060 dicens
3306 2024 3320 2059 :
3353 2002 3435 2058 Ne
3473 2005 3531 2058 in

1938 2110 2161 2148 vacuum
2183 2094 2420 2165 gratiam
2446 2093 2546 2150 Dei
2587 2095 2878 2165 accipiant.
2910 2095 3066 2150 Absit
3100 2096 3280 2162 enim,
3330 2096 3531 2166 inquit,

1941 2201 2030 2250 ne,
2089 2187 2352 2255 quoniam
2410 2185 2500 2240 ille
2560 2187 2929 2252 exhortatur,
2981 2192 3038 2242 et
3087 2186 3299 2256 legatos
3343 2187 3530 2253 misit,

1939 2285 2238 2348 propterea
2291 2277 2641 2348 negligentes
2703 2279 2904 2334 simus.
2962 2278 3110 2344 Quin
3153 2280 3338 2348 potius
3399 2294 3535 2334 con-

1939 2370 2169 2425 tendere
2204 2369 2470 2426 debemus
2513 2379 2572 2425 ut
2609 2371 2932 2442 placeamus
2963 2410 2979 2438 ,
3015 2385 3089 2426 ne
3131 2367 3336 2425 talibus
3371 2369 3536 2424 bonis

1938 2460 2288 2516 exeidamus.

2015 2568 2034 2602 ‹
2074 2549 2215 2606 Ecce
2252 2565 2400 2606 nunc
2433 2559 2650 2622 tempus
2684 2551 3049 2624 acceptabile,
3079 2565 3210 2608 ecce
3235 2565 3388 2606 nunc
3417 2549 3536 2608 dies

1939 2641 2155 2698 salutis.
2199 2661 2218 2694 ι
3128 2701 3130 2703 ,

1943 2774 1964 2797 -_
2019 2731 2262 2802 Tempus
2305 2731 2444 2789 dicit
2485 2731 2778 2799 donorum,
2816 2739 3036 2804 tempus
3062 2732 3274 2803 gratiae,
3309 2730 3536 2804 quando

1942 2833 2306 2896 peccatorum
2360 2843 2470 2881 non
2528 2834 2901 2896 reposcuntur
2947 2841 3144 2897 poenae,
3189 2841 3292 2883 nec
3324 2825 3536 2896 persol-

1942 2927 2186 2987 vuntur;
2227 2919 2480 2993 quinimo
2529 2919 2694 2974 simul
2727 2933 2854 2974 cum
2899 2917 3360 2975 reconciliatione
3410 2931 3538 2974 sex-

1943 3012 2123 3068 centis
2149 3028 2371 3084 quoque
2403 3012 2568 3068 bonis
2601 3012 2765 3082 potiri
2805 3012 2957 3068 licet.
2989 3011 3069 3069 Ne
3108 3027 3242 3083 ergo
3269 3019 3537 3082 Opportu-

1943 3105 2180 3160 nitatem
2233 3106 2507 3176 temporis
2539 3105 2913 3176 prodigamus,
2945 3104 3042 3161 sed
3091 3105 3319 3176 dignum
3348 3104 3540 3176 gratia:

1942 3197 2191 3254 studium
2215 3197 2599 3270 praeferamus.

2015 3287 2186 3343 Vens.
2224 3287 2347 3343 5-6.
2399 3307 2417 3340 ι
2445 3287 2664 3344 Nemini
2697 3287 2898 3344 dantes
2929 3286 3097 3344 ullam
3143 3284 3536 3350 offensionem,

1942 3390 2005 3436 ut
2044 3394 2154 3434 non
2192 3380 2534 3451 vituperetur
2577 3380 2978 3437 ministerium.
3033 3377 3146 3435 Sed
3188 3379 3245 3434 in
3276 3378 3540 3435 omnibus

1941 3471 2303 3528 exliibeamus
2334 3488 2435 3528 nos
2479 3472 2627 3528 sicut
2660 3473 2758 3529 Dei
2799 3472 3066 3540 ministri,
3127 3471 3186 3526 in
3231 3471 3406 3526 multa
3440 3484 3540 3542 pa-

1942 3565 2159 3631 tientia,
2199 3566 2256 3620 in
2293 3565 2775 3630 tribulationibus,
2799 3565 2853 3621 in
2870 3564 3322 3628 necessitatibus,
3358 3564 3414 3618 in
3443 3577 3543 3617 au-

1946 3656 2176 3726 gustiis,
2211 3657 2266 3712 in
2288 3656 2494 3728 plagis,
2517 3657 2575 3711 in
2605 3656 2947 3722 carceribus,
2981 3656 3039 3710 in
3071 3654 3461 3721 seditionibus,
3481 3652 3539 3707 in

1943 3747 2170 3818 vigiliis,
2205 3748 2261 3803 in
2309 3747 2586 3818 jejuniis,
2641 3751 2698 3804 in
2755 3749 3036 3816 castitate,
3080 3749 3137 3804 in
3177 3746 3436 3814 scientia,
3482 3746 3542 3800 in

1944 3839 2392 3910 longanimitate,
2423 3842 2480 3896 in
2518 3841 2817 3897 suavitate.
2863 3860 2882 3895 ι

2018 3927 2134 3985 Hoc
2184 3941 2304 3997 est,
2340 3931 2545 3988 nemini
2580 3932 2781 3988 dantes
2830 3931 3186 3988 occasionem
3233 3945 3337 3986 nos
3379 3943 3548 3986 accu-

1945 4021 2106 4077 sandi
2137 4028 2193 4076 et
2219 4021 2653 4080 condemnandi.

1934 4145 1939 4148 -
2022 4132 2043 4167 ι
2099 4113 2159 4168 ln
2208 4113 2420 4186 Spiritu
2468 4124 2699 4180 sancto,
2750 4115 2808 4171 in
2865 4115 3136 4172 charitate
3190 4130 3304 4171 non
3373 4114 3542 4182 ﬁcta,

1949 4205 2139 4280 [Vnam
2181 4204 2236 4278 7]
2271 4207 2325 4261 in
2356 4206 2524 4262 verbo
2561 4207 2838 4262 veritatis.
2875 4225 2895 4258 ι
3589 4286 3591 4288 η

2015 4296 2154 4353 Nam
2191 4313 2286 4367 per
2316 4298 2524 4370 ipsum,
2565 4299 2783 4370 inquit,
2832 4298 3022 4354 omnia
3063 4306 3214 4355 recte
3263 4296 3490 4368 agimus
3523 4313 3540 4352 :

1945 4390 2036 4448 vel
2071 4391 2178 4446 hoc
2212 4391 2417 4459 innuit,
2443 4390 2683 4463 repletos
2712 4405 2811 4448 nos
2841 4405 2970 4448 esse
3007 4389 3222 4462 Spiritu
3250 4393 3468 4448 sancto.

2026 4569 2138 4636 «Jn
2179 4569 2386 4626 virtute
2405 4567 2522 4637 Dei,
2553 4583 2650 4640 per
2682 4582 2836 4624 arma
2863 4568 3117 4640 justitize.
3161 4587 3182 4622 ι

2022 4756 2140 4814 Hoc
2201 4768 2470 4830 perpetuo
2529 4758 2767 4830 repetit,
2839 4771 2951 4828 quo
3016 4765 3195 4811 totum
3258 4755 3316 4810 in
3370 4752 3541 4813 Deum

1949 4847 2176 4905 referat.
2756 4856 2770 4876 '

2028 4958 2049 4993 ι
2083 4942 2130 4995 Α
2152 4940 2363 4997 dextris
2396 4951 2450 4998 et
2477 4955 2508 4996 a
2541 4940 2818 5008 sinistris;
2853 4937 3045 5012 [Vens
3075 4938 3136 5012 8]
3183 4953 3283 5009 per
3311 4939 3543 5011 gloriam

1953 5041 2007 5089 et
2037 5033 2484 5104 ignobilitatem;
2510 5048 2608 5105 per
2632 5037 2836 5089 bonam
2867 5043 2922 5089 et
2952 5032 3154 5087 malam
3185 5030 3428 5099 famam;
3484 5041 3547 5087 ut

1951 5129 2271 5184 scductores
2309 5137 2362 5184 et
2395 5143 2647 5195 veraces;
2680 5137 2741 5183 ut
2772 5126 2944 5199 ignoti
2981 5135 3036 5181 et
3079 5124 3307 5197 cogniti.
3343 5143 3362 5177 ι
3396 5138 3401 5166 '-

2022 5219 2262 5274 Sim‘stra
2297 5220 2541 5291 appellat
2559 5235 2683 5290 quae
2709 5219 2894 5275 tristia
2921 5226 3070 5275 sunt.
3096 5216 3266 5288 Atqui
3292 5213 3547 5284 hmcipsa

1951 5322 2219 5384 suntquae
2244 5314 2555 5370 mercedem
2581 5314 2940 5369 demerentur
2966 5329 2980 5367 :
3016 5309 3112 5364 sed
3138 5309 3221 5365 sic
3247 5323 3314 5365 ea
3340 5307 3545 5364 vocitat

1930 5403 2252 5460 secundum
2271 5403 2733 5459 existimationem
2779 5402 2945 5473 vulgi.
2977 5401 3182 5456 Dextra
3227 5412 3378 5466 vero,
3425 5396 3541 5452 vir-

1954 5502 2098 5552 tutcs
2136 5510 2258 5566 qua:
2293 5507 2614 5567 operantur.

2031 5587 2189 5643 Vens.
2217 5589 2270 5644 9.
2311 5608 2331 5640 ι
2364 5587 2533 5654 Quasi
2566 5587 2889 5652 morientes,
2918 5595 2973 5639 et
2998 5597 3127 5639 ecce
3151 5582 3408 5638 vivimus.
3441 5596 3464 5634 ι

2028 5698 2047 5731 ι
2083 5681 2202 5738 Hoc
2232 5680 2388 5738 dicto
2425 5678 2872 5752 inexplicabilem
2914 5676 3010 5734 Dei
3055 5674 3316 5751 virtutem
3356 5678 3544 5729 osten-

1833 5847 1842 5853 _
1936 5771 2052 5864 .dit.
