3970 6450
277 349 384 404 7H

1433 347 1514 415 IN
1533 353 1776 416 EPIST.
1813 354 1912 415 AD
1946 353 2306 420 CORINTI—I.
2340 353 2423 423 ῙῘ.

3459 361 3567 428 742

279 459 517 532 δέξομαι
541 461 687 533 ὑμᾶς
705 480 719 494 ο
747 461 845 518 καὶ
869 459 1067 533 ἔσομαι
1091 463 1221 534 ὑμῖν
1240 461 1322 528 είς
1343 463 1586 535 Πατέρα,
1609 466 1704 520 καὶ
1726 467 1859 536 ὐμεῖ.

1996 485 2058 525 ne
2091 470 2392 542 tetigeritis
2417 489 2431 524 :
2462 478 2517 528 et
2543 480 2644 542 ego
2661 470 2929 543 recipiam
2949 485 3048 526 vos
3078 477 3170 526 :et
3194 485 3292 526 ero
3321 473 3479 529 vobis
3508 474 3566 529 in

286 550 491 605 ἔσεσθέ
524 569 637 622 μοι,
671 554 754 617 εἰς
786 553 936 617 υἱοὺς
978 552 1074 606 καὶ
1109 553 1441 625 θυγατέρας,
1491 554 1641 625 λέγει
1679 554 1885 627 Κύριος

286 640 718 712 παντοκράτωρ.
755 659 774 694 ι

895 734 1150 790 ΚΕΦΔΛ.
1188 737 1266 790 Ζ’.

369 843 394 875 ι
425 824 645 888 Ταύτας
673 819 766 878 οὖν
799 823 1018 896 ἔχοντες
1050 825 1148 889 τὰς
1176 824 1536 896 ἐπαγγελίας,
1577 827 1879 898 ἀγαπητοὶ,

1987 559 2235 627 Patrem,
2293 570 2352 618 et
2383 578 2482 622 vos
2521 564 2683 622 eritis
2717 567 2856 622 mihi
2913 565 2971 620 in
3011 564 3156 620 ﬁlios
3184 572 3242 620 et
3275 564 3444 631 tilias,
3482 564 3570 622 dio

1984 655 2060 709 cit
2095 653 2254 726 140
2291 654 2560 712 Dominus
2592 657 2970 726 omnipotens.
3013 675 3032 708 ι

2661 745 2813 802 CAP.
2846 746 2959 802 VII.

2065 831 2230 888 Vens.
2263 833 2314 890 1.
2354 853 2374 890 ι
2428 835 2540 895 Has
2591 853 2724 911 ergo
2774 839 3045 895 habentes
3122 839 3564 910 promissiones,

276 915 683 988 καθαρίσωμεν
731 917 962 981 ἑαυτοὺς
993 917 1104 972 ἀπὸ
1135 918 1337 982 παντὸς
1361 918 1644 989 μολυσμοῦ
1679 920 1859 992 σαρκὺ‹

1996 929 2332 994 :harissimi,
2395 931 2729 990 mundemus
2788 946 2892 986 nos
2961 932 3030 987 ab
3091 933 3243 987 omni
3301 932 3566 1004 inquina-

276 1009 384 1063 καὶ
423 1009 761 1080 πνεύματος,
789 1008 1170 1074 ἐπιτελοῦντες
1193 1009 1529 1082 ἁγιωσύνην.
1559 1029 1580 1062 ι

353 1103 434 1154 Ού
460 1104 572 1173 γὰρ
600 1103 662 1164 τὸ
690 1103 766 1173 μὴ
793 1102 1108 1175 ἀκαθάρτου
1135 1100 1409 1162 ἅπτεσθαι
1437 1105 1582 1162 ποιεῖ
1612 1101 1875 1177 καθαρὸν,

274 1194 425 1248 ἀλλὰ
459 1196 557 1248 καὶ
580 1194 757 1251 ἄλλων
783 1197 918 1266 ἡμῖν
944 1195 1108 1267 χρεία
1138 1192 1276 1266 πρὸς
1304 1194 1366 1248 τὸ
1387 1195 1641 1264 γενέσθαι
1663 1196 1874 1263 ἁγίους,

278 1287 552 1358 σπουδῆς,
595 1288 894 1359 προσοχῆς,
941 1287 1257 1356 εὐσεϐείας,
1318 1290 1411 1343 καὶ
1464 1287 1649 1352 ἁπλῶς
1701 1291 1876 1343 εἰπεῖν

275 1379 494 1449 ἀρετῆς
523 1379 726 1448 πάσης.

358 1489 383 1522 ε
422 1469 514 1523 Ἐν
540 1472 693 1542 φόϐῳ
717 1471 874 1526 Θεοῦ.
919 1489 939 1523 ι

355 1560 522 1614 Ἐστι
574 1561 686 1634 γὰρ
737 1562 1011 1616 ἐπιτελεῖν
1057 1563 1415 1634 σωφροσύνην
1459 1562 1561 1618 ούκ
1616 1563 1675 1616 ὲν
1724 1561 1872 1632 φόϐῳ

274 1651 444 1719 Θεοῦ,
480 1652 617 1708 ἀλλὰ
663 1653 752 1708 διὰ
805 1655 1145 1722 κενοδοξίαν⁹
1176 1655 1351 1719 ἄλλως
1382 1671 1445 1712 τε
1499 1655 1594 1710 καὶ
1624 1655 1724 1726 τὴν
1756 1654 1872 1712 ὁδὸν

1980 1031 2164 1079 mento
2185 1026 2376 1080 carnis
2397 1031 2453 1079 et
2479 1023 2736 1094 spiritus,
2769 1022 3119 1095 perlicientes
3149 1024 3558 1080 sanctitatem.»

2047 1111 2168 1168 Non
2199 1113 2352 1174 enim
2385 1112 2733 1170 immundum
2758 1128 2868 1168 non
2905 1113 3258 1182 contingere.
3289 1113 3396 1168 hoc
3414 1128 3567 1167 mun-

1976 1203 2107 1264 dum
2138 1203 2295 1271 facit,
2328 1204 2424 1260 sed
2455 1206 2584 1262 aliis
2613 1220 2837 1275 quoque
2868 1219 3014 1276 opus
3045 1203 3322 1264 habemus
3354 1211 3414 1263 ut
3433 1219 3564 1260 san-

1976 1291 2051 1346 cti
2080 1290 2277 1355 simus,
2318 1291 2601 1362 diligentia
2637 1293 2925 1358 nimirum,
2959 1291 3292 1357 attentione,
3350 1293 3557 1362 pietate

1972 1390 2049 1450 et,
2083 1395 2142 1438 ut
2163 1399 2272 1438 uno
2306 1385 2472 1443 verbo
2498 1385 2807 1451 absolvam,
2836 1385 3130 1457 omnigena
3154 1385 3386 1445 virtute.

2047 1493 2067 1527 ι
2098 1474 2155 1530 In
2181 1475 2380 1534 timore
2411 1476 2504 1534 Dei
2545 1497 2568 1532 ι

2042 1564 2323 1637 Contingit
2365 1568 2513 1622 enim
2549 1577 2608 1622 ut
2643 1567 2878 1624 castitas
2911 1576 2966 1622 et
3010 1565 3282 1628 modestia
3317 1567 3564 1632 colatur;

1971 1672 2081 1712 non
2105 1658 2302 1720 timore
2317 1658 2435 1726 Dei,
2467 1661 2566 1716 sed
2601 1661 2783 1716 inanis
2814 1659 3004 1731 gloriae
3035 1675 3228 1717 causa.
3265 1659 3566 1732 Propterea

269 1745 383 1815 τῆς
415 1747 776 1820 σωφροσύνης
809 1749 961 1819 ἡμᾶς
985 1749 1248 1813 διδάσκει,
1271 1749 1554 1819 μονονουχὶ
1578 1747 1751 1817 λέγων
1775 1765 1788 1779 ·
1820 1748 1859 1801 el

1996 1764 2076 1805 tos
2106 1750 2248 1805 viam
2277 1753 2554 1808 castitatis
2581 1751 2673 1806 his
2704 1753 2823 1808 fere
2868 1752 3054 1809 verbis
3102 1753 3286 1808 docet.
3317 1752 3564 1810 Tametsi

271 1838 378 1892 καὶ
416 1837 800 1912 τυραννικὸνῇ
825 1840 1120 1914 ἐπιθυμία,
1151 1841 1267 1898 ἀλλ’
1299 1840 1398 1898 ἐὰν
1421 1842 1758 1912 ἐπιτυχήσῃς
1779 1841 1859 1899 tbi

1996 1841 2146 1902 ibido
2182 1845 2528 1915 tyrannidem
2564 1852 2810 1910 exercet,
2847 1845 3014 1900 modo
3051 1845 3303 1904 timorem
3337 1847 3431 1900 Dei
3467 1848 3567 1904 ba-

269 1929 377 1986 τοῦ
431 1931 572 1986 Θεοῦ
626 1932 793 2002 φόϐον
819 1974 835 1999 ,
893 1932 1224 2006 καταλύσεις
1277 1933 1448 2003 αὐτῆς
1487 1933 1587 2004 τὴν
1648 1933 1868 2004 μανίαν,

283 2024 668 2094 armavi-nr
713 2025 773 2081 δὲ
802 2025 1056 2090 ἐνταῦθα,
1110 2027 1173 2083 οὐ
1211 2025 1310 2097 τὴν
1341 2026 1871 2099 σωφροσύνηνλέγει

272 2117 470 2187 μόνον,
494 2115 630 2170 ἀλλὰ
657 2117 752 2170 καὶ
787 2118 968 2188 πάσης
999 2116 1273 2191 ἁμαρτίας
1305 2118 1658 2190 ἀπαλλαγήν.

348 2223 370 2258 ι
417 2206 727 2277 Χωρήσατε
759 2207 924 2276 ὑμεῖς.
968 2225 988 2260 ο

343 2295 525 2355 Πάλιν
552 2296 643 2358 τὸν
673 2299 802 2370 περὶ
828 2300 1052 2371 ἀγάπης
1079 2302 1220 2361 κινεῖ
1250 2299 1430 2371 λόγον,
1467 2302 1775 2358 συστέλλων
1807 2303 1869 2365 τὸ

266 2386 455 2455 τραχὺ
480 2386 584 2457 τῆς
607 2389 1002 2459 ἐπιτιμήσεως.
1039 2391 1184 2461 Ὅρα
1231 2392 1289 2445 δὲ
1327 2392 1445 2456 πῶς
1492 2394 1586 2450 καὶ
1621 2394 1870 2461 ἐλεεινῶς

264 2477 348 2543 τὸ,
377 2479 731 2546 Χωρήσατε.
785 2481 1012 2552 Ὅμοιον
1057 2482 1115 2536 δὲ
1143 2483 1220 2547 ὠς
1249 2486 1302 2538 εί
1343 2483 1494 2553 λέγοι
1517 2501 1531 2515 ·
1580 2483 1868 2558 Ἰ’ίς’ἡμᾶς

257 2567 581 2639 ᾁπήλασεν,
603 2571 762 2641 φησὶ,
792 2573 878 2636 τις
904 2571 1134 2637 ἐξέϐαλε
1163 2574 1263 2646 τῆς
1293 2575 1534 2641 διανοίας
1550 2576 1648 2647 τῆς
1669 2577 1866 2648 ὑμετέ-

258 2679 409 2733 ρας
444 2663 614 2718 πόθεν
648 2666 1136 2739 πενοχωρούμεθα
1161 2670 1224 2723 ὲν
1263 2669 1426 2738 ύμῖν;

334 2773 360 2808 ε
399 2756 616 2810 Οὐδένα
654 2756 1019 2829 ἠδικήσαμεν.
1057 2777 1079 2811 ι

333 2843 490 2916 Ὅρα
533 2846 654 2911 πῶς
685 2848 851 2902 πάλιν
879 2849 940 2901 ού
967 2848 1154 2921 τίθησι
1204 2851 1305 2917 τὰς
1335 2851 1658 2924 εὐεργεσίας
1677 2892 1693 2919 ,
1748 2852 1866 2910 ἀλλ’

257 2937 683 3010 ἐπαχθέστερον
711 2939 805 2993 καὶ
839 2939 1286 3014 πληκτικώτερον
1315 2943 1408 2998 τὸν
1440 2944 1598 3014 λόγον
1629 2947 1791 3000 ποιεῖ.

334 3050 354 3082 ι
405 3031 628 3085 Οὐδένα
657 3031 1015 3104 ἐφθείραμεν.
1053 3051 1074 3086 ›

327 3125 660 3188 Τουτέστιν,
682 3125 883 3226 ,οὐδένα
936 3127 1318 3226 ἡπατήσαμὶεν,
1349 3125 1540 3201 ὥσπερ
1576 3129 1674 3183 καὶ
1702 3129 1866 3185 ἀλλαι-
1891 3166 1935 3226 c

1973 1933 2134 2000 beas,
2174 1933 2415 1994 furorem
2460 1937 2582 2008 ejus
2625 1937 2996 1996 destruxeris.
3035 1935 3212 1992 Porro
3253 1938 3562 1994 sanctitatis

1973 2027 2216 2092 nomine,
2249 2044 2356 2084 non
2393 2028 2571 2085 solum
2603 2031 2913 2086 castitatem
2950 2037 3002 2084 et
3038 2029 3366 2087 modestiam
3409 2029 3562 2085 indi—

1972 2125 2080 2182 cat,
2109 2133 2298 2172 verum
2324 2126 2379 2174 ct
2403 2119 2774 2175 omnimodam
2811 2118 3217 2174 immunitatem
3236 2134 3268 2174 a
3293 2127 3520 2191 peccato
3541 2155 3560 2176 .

2046 2203 2210 2262 Vens.
2245 2205 2299 2262 2.
2336 2223 2355 2259 ι
2384 2206 2582 2278 Capite
2607 2222 2732 2266 nos.
2775 2228 2795 2262 ι

2047 2294 2119 2354 De
2149 2298 2420 2355 cltaritate
2445 2308 2629 2358 mavet
2664 2301 2868 2355 iterum
2894 2313 3232 2366 sermonem,
3270 2307 3325 2354 et
3361 2298 3563 2370 objur-

1970 2391 2208 2459 gationis
2233 2391 2480 2447 retundit
2505 2393 2890 2463 asperitatem.
2918 2390 3054 2447 Vide
3073 2400 3253 2448 autem
3276 2391 3559 2463 quomodo

1970 2492 2244 2550 quantave
2277 2484 2789 2548 commiseratione.
2825 2481 3012 2553 Capite
3042 2499 3159 2538 nos.
3202 2481 3374 2548 Quasi
3407 2481 3563 2536 dice-

1967 2582 2083 2630 ret:
2117 2575 2252 2642 Quis
2284 2589 2387 2631 nos
2412 2576 2646 2645 expulit,
2680 2575 2898 2646 inquit;
2933 2574 3060 2645 quis
3092 2590 3123 2630 e
3158 2583 3342 2629 mente
3379 2581 3564 2629 vestra

1967 2680 2072 2723 nos
2104 2666 2318 2735 abegit?
2342 2681 2512 2737 quare
2544 2666 2600 2722 in
2629 2667 2786 2723 vobis
2815 2665 3211 2724 coarctamur?

2045 2774 2064 2809 ι
2103 2755 2382 2813 Neminem
2417 2759 2684 2814 lasimus.
2718 2776 2740 2810 ι

2038 2847 2240 2919 Aspice
2269 2849 2548 2918 quomodo
2599 2863 2821 2906 rursum
2852 2863 2962 2906 non
2999 2855 3250 2904 recenset
3272 2846 3562 2918 beneﬁcia,

1969 2937 2067 2994 sed
2099 2939 2374 2994 acriorem
2397 2951 2451 2995 et
2478 2941 2793 3011 graviorem
2826 2941 3135 2996 orationem
3168 2939 3356 2996 struit.

2046 3050 2066 3084 ι
2102 3028 2386 3096 Neminem
2414 3032 2788 3102 corrupimus.
2837 3049 2858 3084 ι

2039 3122 2098 3177 Id
2124 3131 2231 3187 est,
2258 3124 2543 3179 neminem
2564 3121 2886 3193 decepimus
2911 3140 2925 3177 :
2951 3119 3421 3193 quemadmodum
3454 3118 3568 3174 sci-

247 3217 361 3287 χοῦ
378 3216 542 3286 λέγει
566 3234 579 3248 '
601 3215 827 3285 Μήπως
847 3219 928 3286 ὡς
953 3223 985 3273 ὁ
1007 3219 1144 3291 ὄφις
1158 3215 1328 3286 εὔαν
1346 3219 1690 3292 ἠπάτησεν,
1707 3223 1859 3289 οὕτω

1996 3216 2095 3271 icet
2119 3216 2253 3274 alibi
2289 3218 2403 3272 ait:
2436 3215 2516 3271 Ne
2547 3216 2685 3286 forte
2711 3216 2850 3270 sicut
2879 3232 3092 3286 serpens
3122 3213 3294 3269 Evam
3319 3214 3557 3281 seduxit,

251 3308 475 3379 ,φθαρῇ
508 3307 582 3362 τὰ
600 3309 869 3379 νοήματα
895 3309 1086 3382 ὑμῶν.

335 3419 362 3454 ε
401 3400 616 3456 Οὐδένα
631 3401 1161 3476 ἐπλεονεκτήσαμεν.
1199 3420 1219 3454 ι

334 3493 462 3564 Οὐχ
482 3495 838 3566 ήρπάσαμεν,
876 3496 1032 3567 φησὶ,
1063 3497 1133 3558 τά
1151 3514 1312 3556 τινων
1331 3497 1612 3571 χρήματα.

341 3605 367 3643 ι
401 3587 484 3640 Οὐ
514 3587 649 3658 πρὸς
681 3588 1010 3659 κατάκρισιν
1031 3574 1195 3658 λέγω.
1233 3607 1253 3641 ι

331 3677 582 3750 Ἐπειδὴ
607 3678 804 3750 ᾔσθετο
830 3680 929 3750 τῆς
961 3680 1290 3753 βαρύτητος,
1324 3681 1728 3755 ὲπιδιορθοῠται
1754 3683 1862 3741 πά-

258 3767 372 3824 λιν.

342 3879 365 3914 ι
405 3861 726 3933 Προείρηκα
747 3861 878 3935 γὰρ,
902 3863 985 3918 ὅτι
1011 3864 1071 3917 ἐν
1092 3866 1216 3932 ταῖς
1246 3865 1499 3937 καρδίαις
1525 3865 1685 3937 ήμῶν
1715 3868 1860 3935 ἐστε,

257 3957 347 4020 είς
373 3957 441 4009 τὸ
467 3957 867 4013 συναποθανεῖν
893 3959 988 4020 καὶ
1014 3959 1204 4032 συζῇν.
1237 3979 1258 4014 s

336 4049 502 4121 Αὕτη
529 4050 756 4124 μεγίστη
789 4049 972 4119 φιλίας
1001 4052 1299 4119 ἀπόδειξις,
1327 4053 1460 4106 ὅταν
1489 4050 1863 4125 καταφρονού-

267 4157 438 4211 μενος
470 4142 565 4205 καὶ
596 4142 994 4197 συναποθανεῖν
1013 4145 1199 4209 αὐτοῖς
1219 4145 1445 4216 αἱρῆται
1473 4145 1568 4198 καὶ
1601 4144 1858 4217 συζῆσαι.

269 4233 445 4287 Τοῦτο
479 4233 538 4287 δέ
565 4251 752 4307 φησιν,
813 4237 1102 4294 ἐπιτείνων
1148 4235 1248 4309 τὴν
1287 4237 1530 4310 ἀγάπην.
1582 4238 1706 4291 Ἔνι
1750 4237 1860 4310 γὰρ

261 4325 364 4382 καὶ
399 4325 579 4395 φιλεῖν
627 4329 724 4382 καὶ
778 4328 1063 4394 κινδύνους
1109 4329 1353 4399 φεύγειν,
1383 4330 1500 4384 ἀλλ’
1545 4330 1644 4400 οὐχ
1698 4331 1860 4401 ἡμεῖς

255 4416 436 4482 οὕτω,
474 4419 664 4490 φησίν.
721 4420 781 4474 '0
819 4421 878 4474 δὲ
923 4421 1049 4486 νοῦς
1082 4415 1258 4487 οὗτος.
1291 4423 1390 4475 Ἂν
1421 4421 1631 4493 συμϐῇ,
1669 4424 1856 4496 φησιν,

1968 3306 2048 3362 ila
2079 3317 2489 3377 corrumpantur
2515 3324 2698 3365 sensus
2725 3307 2882 3362 vestri
2914 3309 2979 3362 ¹³.

2041 3416 2061 3451 ι
2091 3396 2376 3452 Neminem
2410 3397 2898 3454 circumvenimus.
2941 3414 2962 3450 ι

2034 3489 2157 3546 Non
2185 3490 2500 3560 rapuimus,
2535 3489 2740 3560 inquit,
2782 3489 3015 3544 aliorum
3049 3486 3373 3546 facultates.

2035 3581 2203 3638 Vens.
2230 3583 2284 3637 5.
2331 3598 2351 3633 ι
2381 3579 2498 3636 Non
2528 3581 2596 3635 ad
2626 3581 3136 3636 condemnationem
3161 3578 3338 3636 dico.»

2034 3675 2309 3742 Quoniam
2337 3673 2615 3746 persensit
2636 3673 2910 3731 orationis
2926 3674 3279 3746 gravitatem,
3299 3673 3441 3730 banc
3458 3671 3560 3730 (ιε-ι

1965 3783 2077 3825 nuo
2102 3767 2359 3838 corrigit.

2041 3877 2061 3913 ι
2097 3858 2236 3914 Nam
2263 3855 2516 3929 prmdixi,
2554 3855 2704 3930 quod
2734 3857 2790 3911 in
2825 3856 3091 3912 cordibus
3142 3856 3354 3913 nostris
3399 3857 3560 3926 estis,

1964 3950 2033 4006 ad
2067 3947 2546 4006 commoriendum
2577 3955 2632 4006 et
2655 3948 2722 4003 ad
2753 3948 3180 4005 convivendum.
3223 3967 3244 4003 ι

2034 4041 2334 4098 Maximum
2381 4041 2486 4096 hoc
2539 4042 2760 4096 exsistit
2827 4049 3219 4112 argumentum
3275 4043 3555 4108 amicitiae,

1963 4135 2187 4206 quando
2221 4135 2314 4205 qui
2361 4134 2688 4204 despicitur,
2711 4134 2757 4188 is
2801 4133 3165 4190 nihilominus
3219 4134 3385 4189 simul
3429 4149 3557 4189 cum
3637 4197 3664 4214 '

1963 4227 2093 4292 illis,
2115 4234 2170 4282 et
2191 4226 2348 4287 mori,
2374 4232 2428 4278 et
2449 4225 2632 4280 vivere
2653 4224 2842 4295 eligit:
2870 4225 2977 4278 hoc
2996 4233 3180 4279 autem
3204 4225 3302 4288 ait,
3321 4232 3380 4279 ut
3407 4240 3559 4280 amoe

1963 4334 2078 4374 rem
2101 4325 2324 4388 augeat.
2341 4315 2626 4386 Contingit
2642 4315 2810 4379 enim,
2831 4321 2890 4368 ut
2909 4313 3036 4382 quis
3055 4323 3218 4379 amet,
3235 4324 3289 4368 et
3310 4315 3556 4385 pericula

1965 4410 2137 4482 fugiat
2173 4424 2187 4463 :
2225 4424 2328 4464 nos
2357 4423 2490 4463 vero
2520 4423 2630 4461 non
2664 4404 2988 4461 ita.Sensus
3021 4413 3201 4460 autem
3223 4405 3312 4460 hic
3341 4415 3425 4461 est
3453 4423 3465 4457 :
3495 4405 3555 4461 Si

259 4508 632 4580 ἐπενεχθῆναι
655 4510 919 4580 κίνδυνον,
945 4514 1119 4570 πάντα
1147 4513 1364 4584 ἕτοιμός
1394 4516 1511 4584 είμι
1541 4514 1681 4586 ὑπὲρ
1704 4504 1858 4584 ὑμῶν

1996 4501 2281 4557 ›ρι·ἱοιι1υῐῐι
2311 4501 2602 4571 contingat
2650 4498 2967 4560 imminere,
3020 4498 3407 4570 paratissimus
3431 4515 3554 4554 sum

259 4601 492 4666 παθεῖν,
517 4601 615 4656 καὶ¹
635 4601 762 4656 οὗτε
787 4604 1039 4670 θάνατος,
1065 4604 1188 4659 οὔτε
1214 4606 1326 4676 ζωή
1348 4605 1439 4676 μοί
1456 4622 1508 4658 τι
1541 4605 1682 4658 κατὰ
1701 4605 1860 4662 τοῦτο

1963 4612 2068 4668 pro
2099 4595 2257 4658 vobis
2288 4592 2398 4666 pati
2428 4610 2442 4646 :
2469 4605 2647 4664 neque
2671 4589 2995 4645 mihihacin
3019 4605 3213 4654 causa,
3239 4591 3355 4645 sive
3380 4605 3552 4655 mors,

1961 4689 2080 4743 sive
2105 4687 2216 4741 vita
2243 4683 2453 4755 aliquid
2485 4698 2608 4739 esse
2662 4682 2921 4736 videntur
2954 4679 3088 4735 :sed
3121 4680 3251 4735 dum
3276 4695 3375 4735 vos
3402 4681 3554 4734 viva-

1959 4778 2059 4842 tis,
2097 4778 2204 4832 hoc
2230 4777 2365 4830 mihi
2389 4781 2474 4829 est
2522 4772 2850 4846 eligibilius,
2911 4785 3176 4841 morsque
3209 4771 3325 4826 vita
3372 4771 3554 4841 potior

1961 4877 2067 4931 est,
2096 4874 2152 4921 et
2179 4866 2287 4919 vita
2315 4870 2513 4918 morte.

2034 4956 2202 5012 Vens.
2235 4958 2290 5012 4.
2323 4975 2340 5008 ι
2395 4953 2566 5008 Multa
2619 4952 2757 5007 mihi
2814 4950 3019 5007 ilducia
3088 4959 3174 5007 est
3218 4948 3364 5022 apud
3405 4963 3550 5019 vos;

1958 5048 2132 5103 multa
2169 5046 2303 5100 mihi
2332 5043 2589 5116 gloriatio
2625 5057 2727 5113 pro
2755 5042 2937 5098 vobis.
2990 5060 3010 5092 ι

2035 5140 2183 5205 Ideo,
2223 5137 2424 5207 inquit,
2485 5135 2604 5189 haec
2661 5133 2839 5188 audeo
2898 5131 3060 5187 vobis
3093 5131 3246 5202 loqui
3282 5146 3298 5194 ;
3339 5144 3448 5184 non
3491 5138 3552 5184 ut

1960 5236 2352 5302 condemnem,
2384 5231 2480 5289 sed
2518 5246 2626 5302 qua
2657 5229 2804 5302 apud
2835 5244 2932 5286 vos
2968 5239 3094 5285 utor
3155 5229 3410 5285 libertate
3463 5226 3550 5282 di-

1957 5325 2139 5381 cettdi.

2040 5434 2059 5468 ‹
2093 5411 2360 5483 Repletus
2383 5423 2506 5464 sum
2539 5407 2946 5464 consolatione.
2993 5425 3013 5458 ›

2033 5503 2195 5572 Quali
2249 5515 2386 5578 vero
2441 5499 2846 5565 consolatione,
2884 5498 2990 5553 nisi
3023 5512 3087 5552 ea
3121 5511 3283 5566 quam
3325 5510 3355 5549 a
3395 5494 3551 5551 vobis

1963 5597 2178 5667 accepi,
2215 5609 2324 5664 qua
2353 5591 2584 5648 mutatis
2615 5590 2780 5647 factis
2819 5599 2876 5647 ct
2906 5589 3238 5657 emendatis,
3295 5588 3546 5646 solamen

1963 5692 2101 5748 mibi
2142 5686 2408 5744 attulistis
2438 5684 2462 5740 ‘I

255 4693 521 4762 φαίνεται
541 4710 556 4725 °
584 4694 700 4748 ἀλλ’
734 4694 863 4752 ἔνθα
896 4695 992 4754 ἐὰν
1026 4696 1158 4772 ζῆτε
1187 4698 1366 4768 ὑμεῖς,
1398 4697 1558 4754 τοῦτο
1581 4698 1708 4768 ἐμοὶ
1727 4715 1861 4768 προο

257 4785 598 4860 τιμώτερον,
633 4788 731 4843 καὶ
762 4787 994 4853 θάνατος
1021 4787 1192 4860 ζωῆς,
1230 4790 1327 4845 καὶ
1351 4789 1466 4862 ζωὴ
1495 4789 1748 4848 θανάτου.

339 4981 362 5018 ι
397 4963 582 5035 Πολλὴ
622 4982 713 5035 μοι
744 4965 1031 5037 παρρησία
1055 4964 1192 5036 πρὸς
1211 4967 1356 5038 ὑμᾶς
1377 4983 1392 5000 ·
1418 4967 1586 5040 πολλή
1615 4984 1706 5040 μοι
1734 4966 1861 5022 καύ-

261 5074 425 5129 χησις
453 5056 598 5129 ὑπὲρ
621 5057 796 5129 ὑμῶν.
837 5075 857 5109 ι

337 5148 441 5202 Διὰ
477 5148 656 5217 τοῦτο,
681 5151 840 5221 φησὶ,
879 5151 1108 5216 τοιαῦτα
1145 5152 1329 5222 λέγειν
1359 5151 1542 5222 τολμῶ
1563 5193 1578 5214 ,
1627 5151 1689 5204 οὐ
1722 5151 1860 5223 πρὸς

268 5242 624 5312 κατάκρισιν,
657 5243 795 5298 ἀλλὰ
813 5243 902 5299 διὰ
926 5245 1027 5313 τὴν
1062 5245 1264 5318 πολλὴν
1291 5244 1629 5319 παρρησίαν.

345 5442 364 5476 ι
391 5424 775 5497 Πεπλήρωμαι
801 5429 868 5499 τῇ
899 5427 1268 5501 παρακλήσει.
1302 5445 1322 5480 ι

337 5513 481 5567 Ποία
520 5513 888 5586 παρακλήσει,
943 5517 977 5589 ἢ
1035 5520 1102 5590 τῇ
1144 5518 1274 5591 παρ’
1303 5518 1479 5590 ὑμῶν,
1510 5517 1593 5570 ὅτι
1630 5514 1857 5587 διορθω-

267 5602 478 5671 θέντες,
517 5605 704 5673 φησιν,
737 5606 827 5661 διὰ
848 5607 956 5662 τῶν
985 5608 1166 5680 ἔργων
1212 5607 1636 5686 παρακαλέσατέ
1676 5624 1782 5680 us;

344 5811 390 5843 "
424 5808 445 5866 ι
473 5805 602 5866 Cor.
643 5824 720 5879 XI,
753 5808 812 5865 '5.
