3970 6428
440 344 548 411 743

1634 337 1694 394 S.
1727 327 2053 394 JOA'NNIS
2080 329 2514 400 DAMASCENL

3611 328 3715 391 745

516 451 672 525 141
730 469 747 503 ι
785 444 1185 520 Superabundo
1248 443 1446 516 gaudio
1494 443 1548 498 in
1597 444 1747 498 omni
1793 443 2027 497 tribula-

2201 462 2228 516 _c
2262 441 2842 512 Ύπερπερισσεύομαι
2871 441 2936 511 τῇ
2965 439 3111 510 χαρᾷ
3132 437 3223 492 ἐπὶ
3256 438 3405 510 πάσῃ
3436 440 3501 509 τῇ
3537 438 3716 510 θλίψει

440 549 588 604 tione
626 553 837 601 nostra.
882 541 1075 615 [Vens
1105 542 1188 613 5.]
1238 539 1374 595 Nam
1407 553 1533 595 cum
1576 539 1924 594 venissemus
1969 535 2026 589 in

440 638 858 701 Macedoniam,
887 655 907 687 ι

510 731 569 786 ld
599 741 704 795 est,
739 730 886 785 haud
918 729 1155 800 amplius
1193 727 1373 799 lugeo,
1407 725 1508 782 sed
1536 738 1659 780 sum
1695 730 1949 778 sanatus.

509 839 538 876 ς
572 820 791 877 Nullam
821 821 1070 892 requiem
1104 821 1297 876 habuit
1321 833 1450 875 caro
1473 823 1684 872 nostra.
1719 833 1739 866 ι

508 915 650 981 Quia
707 913 1062 970 afﬂictionem
1118 913 1371 978 dixerat,
1430 915 1640 981 quanta
1694 921 1912 977 quoque
1964 918 2029 959 ea

438 1005 608 1061 fuerit
646 1002 866 1072 eﬂ‘atur,
913 1018 1144 1075 eamque
1198 1001 1382 1058 verbis
1422 999 1656 1062 extollit,
1690 1007 1751 1051 ut
1794 996 2034 1066 explicet

443 1111 605 1167 quam
636 1111 897 1168 magnum
931 1094 1132 1151 exinde
1171 1107 1417 1148 amorem
1455 1090 1798 1161 conceperit,
1831 1102 2034 1143 conso-

445 1191 851 1261 .ationemque,
910 1195 964 1245 et
999 1187 1295 1260 gaudium,
1352 1183 1581 1254 expulso
1636 1181 1858 1238 demum
1918 1188 2031 1234 tam

442 1282 599 1354 gravi
629 1282 839 1337 dolore.

517 1394 537 1428 ι
570 1374 677 1429 Sed
713 1388 931 1429 omnem
967 1372 1385 1427 tribulationem
1416 1368 1568 1440 passi
1596 1383 1812 1425 sumus.
1845 1385 1864 1419 ι

514 1462 751 1528 Quinam
785 1463 839 1518 id
868 1463 1072 1517 factum
1102 1463 1194 1528 sit,
1223 1462 1280 1516 in
1313 1459 1580 1515 orationis
1605 1459 1746 1515 serie
1768 1457 2030 1514 declarat.

519 1576 539 1609 ι
573 1555 732 1614 Foris
760 1570 975 1627 pugnae.
1011 1573 1033 1608 ι

513 1651 599 1707 Ab
624 1649 948 1705 incredulis.

519 1761 541 1795 ‹
575 1745 728 1800 lntus
761 1743 1006 1798 timores.
1039 1740 1234 1815 [νεεδ.
1265 1740 1319 1808 θ,
1347 1738 1432 1813 7.]
1463 1738 1571 1796 Sed
1592 1739 1690 1812 qui
1719 1739 2036 1796 consulatur

2129 535 2309 605 ἡμῶν.
2352 537 2463 589 Καὶ
2491 535 2601 606 γὰρ
2632 534 2898 588 ἐλθόντων
2925 535 2958 605 ή
2969 532 3087 604 μῶν
3121 533 3201 596 είς
3231 533 3594 588 Μακεδονίαν.
3615 551 3637 586 ι

2201 711 2485 779 Τουτέστι,
2509 712 2698 768 πλεῖον
2732 714 2790 766 ού
2817 712 3162 784 ιλε-λύπημαι,
3205 713 3645 787 τεθεράπευμαι.

2207 820 2226 853 ε
2253 803 2523 874 Οὐδεμίαν
2551 805 2790 876 ἔσχηκεν
2816 805 3057 878 ἄνεσινή
3099 806 3236 878 σὰρξ
3262 807 3445 876 ήμῶν.
3467 826 3490 859 ι

2149 945 2152 948 .
2215 894 2437 966 Ἐπειδὴ
2486 893 2662 963 εἶπεν,
2711 900 2814 972 τὴν
2847 900 3064 970 θλίψιν,
3092 900 3250 968 λέγει
3293 901 3387 953 καὶ
3419 901 3641 970 ποταπή
3685 901 3718 970 il

2132 985 2336 1059 θλίψις,
2373 990 2471 1044 καὶ
2495 991 2717 1064 ἐπαίρει
2746 992 2919 1064 αὐτὴν
2949 994 3028 1064 τῷ
3054 992 3220 1065 λόγῳ,
3245 993 3332 1048 ἵνα
3360 993 3511 1065 δείξῃ
3543 993 3723 1063 πόσην

2134 1082 2375 1155 σπουδὴν
2415 1085 2480 1138 ἐκ
2537 1085 2782 1152 τούτων,
2836 1086 2931 1139 καὶ
2988 1087 3378 1158 παραμυθίαν,
3413 1088 3508 1142 καὶ
3538 1087 3725 1159 χαρὰν

2133 1177 2416 1250 ἐποίησεν,
2453 1178 2508 1232 εἰ
2544 1195 2608 1248 γε
2639 1179 2912 1252 τοσαύτην
2945 1180 3330 1252 ἀπεκρούσατο
3356 1177 3576 1253 ὃδύνην.

2212 1378 2232 1411 ι
2273 1358 2413 1412 Ἀλλ’
2443 1360 2502 1414 ἐν
2536 1359 2703 1414 παντὶ
2732 1359 3066 1431 θλιϐόμενοι.
3093 1377 3113 1412 ι

2207 1449 2318 1503 Καὶ
2343 1449 2491 1518 πῶςς
2522 1450 2782 1523 δηλοῦται
2809 1449 2898 1504 διὰ
2933 1451 3042 1505 τῶν
3068 1451 3218 1522 ἑξῆς.

2208 1560 2233 1592 1
2260 1541 2504 1608 Ἕξωθεν
2539 1543 2736 1614 μάχαι.
2762 1560 2782 1594 ι

2207 1634 2370 1706 Παρὰ
2396 1634 2508 1689 τῶν
2530 1636 2797 1691 ἀπίστων.

2214 1745 2234 1779 ‹
2263 1728 2512 1783 Ἔσωθεν
2545 1729 2742 1799 φόϐος·
2785 1729 2949 1785 ἁλλ’ὁ
3010 1729 3346 1801 παρακαλῶν
3376 1731 3502 1796 τοὺς
3529 1748 3732 1787 ταπει-

443 1832 704 1898 humiles,
737 1834 1061 1890 consolatus
1090 1843 1176 1890 est
1208 1849 1314 1890 nos
1354 1833 1499 1889 Deus
1521 1833 1579 1888 in
1611 1831 1850 1886 adventu
1898 1831 2029 1886 Titi.

2152 1818 2262 1883 min;
2290 1822 2319 1874 ὁ
2341 1820 2497 1887 Θεὸς,
2540 1823 2922 1894 παρεκάλεσεν
2950 1825 3102 1895 ἡμᾶς
3130 1826 3189 1879 ἐν
3222 1828 3287 1896 τῇ
3323 1827 3597 1898 παρουσίᾳ
3625 1829 3730 1881 Tit

443 1920 567 1977 Non
599 1923 777 1978 solum
825 1932 1010 1980 autem
1044 1925 1101 1980 in
1157 1925 1396 1981 adventu
1426 1925 1550 1995 ejus
1579 1965 1595 1990 ,
1653 1923 1751 1980 sed
1779 1925 1944 1979 etiam
1975 1923 2032 1986 in

445 2014 848 2082 consolatione,
881 2031 992 2088 qua
1023 2017 1344 2074 consolatus
1375 2025 1461 2073 est
1490 2016 1545 2070 in
1573 2015 1754 2082 vobis,
1788 2015 2034 2073 referens

443 2104 628 2161 nobis.
658 2125 678 2159 ι

514 2194 750 2270 Propter
786 2197 1039 2256 inllrmos
1097 2214 1328 2270 nempe,
1383 2216 1454 2257 ne
1507 2199 1862 2259 seducantur.
1913 2197 2034 2257 Non

445 2289 627 2345 solum
664 2291 811 2346 enim
873 2291 1182 2348 Corinthiis
1236 2293 1369 2349 talia
1419 2293 1792 2368 signiﬁcabat,
1842 2309 2035 2352 verum

445 2382 611 2437 etiam
646 2383 703 2437 in
731 2384 852 2440 aliis
878 2384 1037 2442 locis.

523 2492 544 2525 ι
577 2473 832 2529 Vestrum
875 2475 1237 2542 desiderium,
1272 2485 1517 2534 vestrum
1552 2477 1763 2546 ﬂetum,
1791 2489 2033 2537 vestram

446 2564 850 2622 aemulationem
881 2582 983 2636 pro
1019 2582 1126 2633 me,
1165 2569 1238 2622 ita
1273 2577 1332 2623 ut
1369 2572 1545 2641 magis
1583 2571 1903 2641 gauderem.
1939 2589 1959 2624 ι

515 2654 786 2722 Quoniam
813 2671 1012 2727 magna
1036 2657 1104 2713 de
1133 2658 1243 2715 illis
1267 2661 1597 2718 testiﬁcatus
1625 2673 1730 2731 est,
1753 2680 1822 2719 ne
1847 2680 2038 2723 assen-

445 2751 551 2803 tari
577 2757 883 2819 putaretur,
922 2751 1110 2805 Titum
1149 2759 1347 2808 testem
1384 2753 1634 2823 adhibet,
1665 2758 1758 2828 qui
1799 2759 1868 2814 ab
1899 2759 2037 2830 ipsis

443 2839 512 2896 ad
550 2839 782 2896 Paulum
822 2852 1161 2912 perrexerat,
1193 2861 1319 2901 cum
1354 2846 1486 2904 data
1537 2857 1690 2905 esset
1740 2851 1890 2922 prior
1919 2853 2038 2924 epi-

444 2933 612 2989 stola.

521 3024 685 3081 Vens.
713 3027 766 3092 8,
799 3028 854 3084 9.
909 3046 928 3080 ι
969 3028 1242 3096 Quoniam
1277 3040 1333 3088 et
1365 3032 1414 3088 si
1462 3034 1790 3092 contristari
1831 3049 1929 3092 vos
1980 3036 2037 3094 in

2135 1927 2254 1967 του.
2287 1914 2363 1967 Οὐ
2388 1915 2552 1985 μόνον
2585 1915 2643 1970 δὲ
2665 1917 2724 1970 ἐν
2746 1919 2815 1989 τῇ
2845 1918 3124 1990 παρουσίᾳ
3157 1918 3348 1986 αὐτοῦ,
3373 1918 3515 1974 ἀλλὰ
3535 1920 3635 1974 καὶ
3667 1921 3732 1974 ἐν

2135 2008 2205 2078 τῇ
2236 2006 2614 2080 παρακλήσειο
2643 2001 2678 2084 ᾗ
2711 2009 3036 2082 παρεκλήθη
3062 2011 3150 2081 ἐφ’
3182 2012 3341 2082 ὑμῖν,
3364 2011 3732 2080 ¹ἀναγγέλλων

2136 2099 2290 2170 ἡμῖν.
2321 2116 2342 2151 ο

2207 2191 2310 2246 Διὰ
2341 2194 2470 2257 τοὺς
2505 2192 2754 2258 ἀσθενεῖς
2777 2193 2887 2248 τῶν
2914 2194 3147 2262 πιστῶν,
3183 2197 3260 2266 μή
3301 2197 3729 2269 παρασυρῶσιν.

2137 2283 2277 2338 Οὐδὲ
2306 2285 2418 2357 γὰρ
2457 2286 2610 2358 παρὰ
2633 2286 2948 2359 Κορινθίοις
2973 2288 3134 2359 μόνον
3160 2288 3388 2344 τοιαῦτα
3417 2291 3727 2362 ἐσήμανεν,

2137 2371 2278 2431 ἀλλὰ
2307 2377 2403 2430 καὶ
2436 2375 2699 2448 ἀλλαχοῦ.

2213 2487 2235 2522 ι
2261 2469 2375 2543 Τήν
2422 2471 2580 2542 ὑμῶν
2625 2472 2978 2546 ἐπιπόθησιν,
3009 2473 3102 2528 τὸν
3141 2474 3299 2547 ὑμῶν
3334 2475 3598 2548 ὀδυρμὸν,
3631 2475 3729 2530 τὸν

2139 2564 2295 2638 ὑμῶν
2323 2565 2487 2637 ζῆλον
2516 2569 2659 2642 ὑπὲρ
2683 2570 2844 2642 ἐμοῦ,
2876 2571 3019 2626 ὥστε
3049 2573 3150 2645 ἐμὲ
3178 2573 3382 2645 μᾶλλον
3405 2576 3666 2647 χαρῆναι.
3698 2595 3719 2629 ι

2223 2657 2443 2731 Ἐπειδὴ
2481 2661 2696 2730 μεγάλα
2723 2663 2910 2726 αὐτοῖς
2938 2664 3348 2736 ἐμαρτύρησεν,
3373 2666 3460 2720 ἵνα
3493 2667 3567 2740 μὴ
3595 2669 3728 2744 δόξῃ

2139 2748 2482 2815 κολακεύειν,
2518 2751 2776 2822 μάρτυρα
2798 2752 2988 2816 αὐτοῖς
3012 2753 3256 2823 παράγει
3283 2755 3466 2819 Τίτον,
3495 2755 3558 2819 ὃς
3590 2759 3727 2828 παρ’

2138 2843 2322 2898 αὐτῶν
2344 2843 2574 2914 ἀφίκετο
2593 2846 2734 2918 πρὸς
2763 2835 2977 2902 Παῦλον
3007 2849 3151 2919 μετὰ
3179 2847 3276 2919 τὴν
3294 2849 3569 2921 προτέραν
3604 2851 3730 2903 ἐπι-

2141 2935 2358 3007 στολήν.

2220 3047 2238 3081 ι
2268 3030 2392 3083 Ὅτι
2425 3029 2474 3084 εί
2523 3030 2619 3085 καὶ
2651 3029 2904 3102 ἐλύπησα
2950 3030 3098 3103 ὑμᾶς
3134 3033 3194 3086 ἐν
3237 3033 3303 3106 τῇ
3346 3035 3630 3108 ἐπιστολῇ,
3663 3035 3726 3091 οὗ

444 3119 702 3189 epistola,
735 3135 847 3174 non
896 3136 982 3176 me
1022 3124 1297 3192 poenitet;
1329 3135 1386 3180 et
1415 3127 1463 3182 si
1494 3127 1806 3196 pceniteret,
1842 3129 2029 3186 videns

2152 3122 2551 3194 μεταμέλομαι,
2587 3125 2634 3177 εί
2671 3122 2767 3179 καὶ
2815 3125 3222 3198 μετεμελόμην.
3248 3127 3443 3181 Βλέπω
3473 3128 3605 3200 γὰρ,
3642 3129 3727 3183 ὅτι

444 3209 591 3280 quod
620 3213 852 3281 epistola
885 3213 980 3267 illa
1017 3215 1144 3284 (etsi
1175 3214 1242 3269 ad
1273 3217 1491 3289 horam)
1528 3234 1627 3276 vos
1661 3221 2032 3290 contristavit,

443 3319 586 3357 nunc
618 3304 851 3374 gaudeo,
890 3321 1002 3362 non
1038 3307 1168 3378 quia
1204 3310 1519 3366 contristati
1549 3313 1706 3368 estis.
1744 3334 1762 3366 ι

517 3395 641 3450 Ilaec
679 3398 1056 3464 denuntiabat,
1084 3415 1153 3455 eo
1184 3403 1335 3471 quod
1375 3411 1528 3458 tanta
1559 3402 1739 3461 fuerat
1764 3409 2037 3478 pceniten-

443 3486 516 3540 tia
539 3487 982 3556 Corinthiorum,
1016 3501 1223 3564 quanta
1252 3496 1554 3552 amulatio.
1584 3497 2034 3570 (Emulationem,

441 3580 756 3635 studiumve
808 3581 964 3651 dicit,
1012 3598 1125 3654 quo
1159 3583 1341 3654 ipsum
1388 3589 1890 3659 prosequebantur.
1945 3593 2038 3647 Ait

440 3687 574 3742 ergo
604 3691 618 3727 :
657 3672 794 3739 Quia
819 3689 917 3729 vos
948 3676 1168 3731 accensi
1195 3678 1330 3732 estis
1353 3687 1407 3733 et
1440 3677 1788 3749 inﬂammati,
1814 3684 2037 3754 quando

441 3766 731 3835 epistolam
765 3781 944 3822 meam
977 3768 1291 3838 accepistis,
1328 3769 1537 3827 idcirco
1565 3773 1766 3830 eximie
1799 3779 2032 3848 gaudeo.

518 3874 536 3908 ι
576 3857 685 3912 Sed
719 3860 850 3928 quia
886 3861 1204 3916 contristati
1236 3866 1374 3922 estis
1398 3865 1466 3921 ad
1502 3869 1906 3938 paenitentiam.
1939 3892 1960 3926 ι

511 3949 833 4024 Apologiam
871 3957 1007 4010 texit
1036 3956 1285 4026 epistolae
1317 3959 1546 4029 prioris.
1569 3960 1711 4019 Nam
1742 3979 1868 4020 cum
1906 3982 2036 4040 pec-

439 4051 623 4097 catum
659 4043 1015 4100 emendatum
1062 4057 1233 4114 esset,
1273 4051 1415 4107 citra
1455 4055 1764 4124 periculum
1815 4067 2035 4130 poterat

437 4152 534 4192 eos
569 4153 792 4194 curare.
825 4136 985 4195 Velut
1032 4145 1078 4196 si
1141 4142 1394 4205 diceret:
1439 4149 1707 4216 Quamvis
1758 4152 1833 4207 ita
1891 4155 2034 4210 scri-

436 4231 694 4300 psissem,
743 4241 804 4287 ut
838 4232 1245 4306 objurgationis
1275 4245 1662 4311 transgressus
1693 4258 1874 4301 essem
1913 4259 2033 4301 mo-

436 4321 591 4389 dum,
629 4332 683 4378 et
716 4339 862 4378 nunc
899 4340 986 4381 me
1031 4329 1360 4400 pmniteret;
1406 4341 1650 4389 attamen
1699 4335 1894 4406 ingens
1946 4337 2032 4392 lu-

437 4429 592 4469 crum
623 4416 767 4485 quod
808 4417 935 4474 inde
965 4418 1093 4482 feci,
1139 4437 1252 4476 non
1287 4438 1375 4479 me
1403 4425 1659 4494 permisit
1691 4429 2024 4497 pcenitentia

2137 3213 2172 3280 ή
2214 3211 2475 3284 ἐπιστολὴ
2531 3213 2744 3286 ἐκείνη,
2786 3216 2836 3268 εί
2894 3216 2992 3269 καὶ
3047 3217 3187 3288 πρὸς
3243 3216 3395 3290 ὥραν
3455 3219 3729 3291 ἐλύπησεν

2141 3302 2308 3373 ὑμᾶς,
2349 3302 2447 3357 νῦν
2481 3305 2681 3378 χαίρω,
2715 3306 2814 3378 οὐχ
2835 3307 2918 3361 ὅτι
2941 3307 3278 3381 ἐλυπήθητε,
3305 3329 3324 3363 ι

2211 3392 2400 3448 Ταῦτα
2431 3395 2782 3468 ἀπήγγελλεν
2799 3397 2850 3464 ι,
2887 3398 2970 3452 ὅτι
2998 3400 3270 3472 τοσαύτην
3301 3403 3594 3472 μετάνοιαν
3623 3403 3728 3476 τὴν

2140 3486 2452 3556 Κορινθίων
2473 3529 2489 3554 ,
2525 3489 2617 3542 τὸν
2647 3488 2834 3558 ζῆλον.
2870 3489 3077 3560 Ζῆλον
3121 3491 3179 3545 δέ
3225 3509 3381 3563 φησι,
3414 3495 3504 3549 τὸν
3532 3495 3749 3550 αύτοῦ.’

2138 3581 2304 3649 Λέγει
2323 3576 2439 3636 οὖν’
2477 3582 2851 3654 Ἑπυρώθητε,
2878 3585 2974 3639 καὶ
2991 3584 3278 3656 ἐξεκᾶιητε,
3298 3585 3587 3656 δεξάμενοι
3621 3602 3729 3660 μου

2137 3673 2208 3727 τὰ
2233 3674 2494 3747 γράμμα,
2524 3675 2614 3729 διὰ
2632 3675 2806 3730 ταῦτα
2831 3677 3146 3749 περισσεύω
3173 3680 3242 3750 τῇ
3271 3679 3437 3750 χαρᾷ.

2215 3875 2234 3909 ι
2280 3857 2421 3911 Ἀλλ’
2453 3859 2533 3912 ὅτι
2564 3857 2876 3931 ἐλυπήθητε
2904 3860 2984 3924 εἰς
3027 3863 3341 3932 μετάνοιαν.
3370 3879 3389 3914 ι

2223 3950 2600 4019 Ἀπολογεῖται
2659 3949 2847 4006 λοιπὸν
2901 3952 3046 4023 ὑπὲρ
3103 3953 3206 4025 τῆς
3259 3955 3592 4026 ἐπιστολῆς,
3642 3957 3730 4012 ὅτι

2135 4040 2421 4096 ἀκίνδυνον
2449 4039 2518 4115 ἦν
2550 4042 2752 4107 αὐτοὺς
2793 4043 3123 4115 θεραπεύειν
3169 4048 3270 4118 τῆς
3298 4047 3580 4119 ἁμαρτίας
3621 4048 3730 4118 τῆς

2133 4135 2545 4209 διορθωθείσης.
2574 4137 2805 4208 Ὅμοιον
2833 4137 2891 4192 δέ
2910 4138 2984 4202 ὡς
3009 4139 3058 4191 εί
3090 4137 3239 4209 λέγοι
3259 4155 3274 4171 ·
3301 4141 3350 4194 εί
3376 4141 3472 4194 καὶ
3497 4141 3730 4195 τοιαῦτα

2132 4222 2203 4300 ἦν
2251 4227 2322 4282 τὰ
2353 4229 2642 4302 γραφέντα
2686 4230 2820 4302 παρ’
2867 4230 3026 4303 ἐμοῦ,
3063 4230 3207 4286 ὥστε
3261 4234 3616 4306 ὑπερϐαίνειν
3661 4235 3728 4290 τὸ

2137 4321 2338 4392 μέτρον
2365 4322 2468 4393 τῆς
2489 4324 2884 4395 ἐπιτιμήσεως,
2912 4325 3011 4380 καὶ
3035 4326 3262 4397 ποιῆσαί
3305 4345 3373 4398 με
3411 4327 3732 4400 μεταμελη-

2134 4414 2318 4488 θῆναι,
2357 4415 2497 4470 ἀλλὰ
2533 4417 2598 4471 τὸ
2627 4418 2787 4485 πολὺ,
2814 4419 3008 4491 κέρδος
3031 4419 3095 4473 τὸ
3135 4419 3195 4486 ἐξ
3218 4420 3400 4475 αὐτῶν
3429 4421 3531 4475 οὐκ
3569 4421 3730 4476 εἴασέ

437 4504 585 4560 duci.
609 4505 703 4561 Sic
726 4522 893 4578 porro
930 4509 1282 4581 loquebatur,
1319 4529 1431 4568 non
1473 4515 1602 4586 quia
1635 4517 1780 4572 ultra
1802 4520 2029 4576 modum

2152 4524 2206 4560 ιε
2239 4507 2709 4581 μεταμεληθῆναι.
2743 4510 2934 4566 Ταῦτα
2965 4512 3024 4566 δὲ
3067 4511 3275 4582 ἔλεγεν,
3309 4513 3407 4583 οὐχ
3450 4513 3528 4577 ὡς
3583 4513 3732 4584 ἀμέ-

438 4599 842 4670 increpaverat,
875 4601 972 4657 sed
1019 4611 1080 4658 ut
1119 4604 1431 4676 majoribus
1456 4623 1552 4664 eos
1600 4609 1862 4670 laudibus
1903 4629 2035 4686 pro-

436 4699 784 4762 sequeretur.
811 4689 1001 4748 Talem
1033 4695 1181 4750 enim
1209 4696 1656 4756 emendationem
1679 4702 2028 4776 exhibuistis,

438 4783 640 4855 inquit,
667 4795 749 4854 ut,
771 4787 989 4842 etiamsi
1014 4788 1397 4847 vehementius
1424 4807 1522 4849 vos
1549 4796 2026 4867 perstrinxissem,

439 4878 631 4948 sicque
660 4887 718 4932 ut
749 4894 837 4935 me
868 4878 1032 4934 modo
1066 4880 1522 4946 condemnarem,
1558 4881 1724 4940 hodie
1753 4886 2028 4958 meipsum

440 4970 678 5037 laudem,
720 4971 850 5040 quia
881 4971 1090 5026 bonum
1129 4972 1337 5026 exitum
1372 4989 1462 5028 res
1491 4973 1702 5031 habuit.

515 5081 534 5112 ι
573 5061 904 5117 Contristati
942 5063 1089 5117 enim
1134 5063 1270 5118 estis
1300 5066 1606 5121 secundum
1639 5067 1833 5135 Deum,
1881 5079 1942 5126 ut
1969 5072 2026 5126 in

440 5156 595 5210 nullo
629 5155 1023 5210 detrimentum
1055 5156 1341 5226 patiamini
1377 5175 1441 5213 ex
1475 5161 1658 5217 nobis.
1705 5161 1899 5235 [Vens.
1934 5164 2023 5232 10,

439 5248 554 5330 [1.]
590 5249 721 5314 Quae
748 5249 894 5302 enim
927 5249 1236 5302 secundum
1279 5249 1450 5307 Deum
1494 5255 1722 5309 tristitia
1756 5266 1862 5324 est,
1903 5273 2024 5330 pm-

435 5324 724 5396 nitcntiam
765 5341 820 5393 in
881 5343 1114 5397 salutem
1169 5343 1424 5400 stabilem
1467 5356 1730 5417 operatur
1773 5365 1788 5402 :
1835 5324 2022 5406 saeculi

437 5445 620 5490 autem
652 5433 883 5488 tristitia
934 5442 1172 5490 mortem
1210 5445 1495 5507 cperatur.
1533 5438 1676 5494 Ecce
1721 5440 1869 5494 enim
1920 5441 2022 5496 hoc

436 5526 614 5598 ipsum
673 5529 978 5583 secundum
1033 5529 1203 5583 Deum
1246 5533 1566 5588 contristari
1601 5549 1719 5600 vos,
1756 5545 2020 5606 quantam

437 5619 494 5674 in
531 5618 686 5675 vobis
717 5630 975 5690 operatur
997 5620 1469 5676 sollicitudinem?
1496 5641 1514 5672 ι

2127 4620 2277 4676 τρως
2305 4605 2662 4677 ἐπιτιμήσας,
2703 4604 2841 4659 ἀλλὰ
2878 4605 2950 4660 τὰ
2981 4609 3236 4678 ἐγκώμια
3280 4606 3463 4661 αὐτῶν
3514 4605 3726 4674 αὔξων.

2129 4697 2404 4769 Τοιαύτην
2435 4699 2545 4770 γὰρ
2596 4699 2953 4767 ἐπεδείξασθε
3001 4700 3102 4772 τὴν
3128 4699 3439 4772 διόρθωσιν,
3491 4700 3636 4755 ὥστε
3670 4702 3728 4754 εί

2130 4793 2227 4846 καὶ
2263 4791 2458 4862 ἔτυχον
2512 4792 2877 4866 σφοδρότερον
2926 4792 3260 4865 ἐπιπλήξας,
3295 4795 3391 4848 καὶ
3437 4792 3614 4858 οὕτως
3643 4794 3725 4858 ὡς

2129 4887 2227 4939 καὶ
2257 4884 2612 4955 καταγνῶναι
2644 4887 2910 4960 ἐμαυτοῦ,
2948 4887 3195 4942 ἐπαινεῖν
3217 4885 3312 4944 νῦν
3345 4887 3582 4960 ἐμαυτὸν
3609 4888 3726 4942 ἀπὸ

2130 4978 2226 5032 τοῦ
2252 4979 2466 5043 τέλους.

2208 5091 2227 5123 ι
2269 5071 2613 5144 Ἐλυπήθητε
2663 5073 2773 5144 γὰρ
2804 5073 2950 5128 κατὰ
2996 5074 3151 5142 Θεὸν,
3183 5075 3272 5129 ἵνα
3302 5076 3360 5130 ἐν
3396 5075 3587 5147 μηδενὶ
3619 5074 3728 5144 ζη-

2129 5166 2374 5238 μιωθῆτε
2426 5167 2484 5234 ἐξ
2531 5167 2708 5238 ήμῶν.
2751 5166 2817 5221 Ἦ
2857 5167 2965 5239 γὰρ
2999 5168 3144 5222 κατὰ
3192 5169 3327 5223 Θεὸν
3360 5169 3506 5241 λύπη
3553 5170 3730 5240 μετά⁴

2126 5276 2278 5314 νοιαν
2309 5261 2390 5324 εἰς
2429 5263 2710 5333 σωτηρίαν
2738 5262 3158 5333 ἀμεταμέλητον
3208 5261 3541 5333 ἐργάζεται·
3576 5263 3610 5332 ἠ
3661 5259 3730 5314 δὲ

2126 5351 2221 5404 τοῦ
2253 5353 2468 5422 κόσμου
2501 5351 2671 5424 λύπη,
2699 5352 2932 5407 θάνατον
2970 5354 3399 5426 κατεργάζεται.
3446 5353 3580 5408 Ἰδοὺ
3609 5352 3732 5422 γὰρ

2126 5444 2259 5496 αὐτὸ
2290 5443 2455 5498 τοῦτο
2483 5445 2570 5498 ’τὸ
2622 5445 2767 5498 κατὰ
2809 5446 2943 5499 Θεὸν
2974 5447 3285 5519 λυπηθῆναι
3319 5446 3485 5518 ὑμᾶς,
3537 5446 3730 5515 πόσην

2126 5537 2531 5606 κατειργάσατο
2553 5537 2679 5607 ὑμῖν
2707 5536 2982 5608 σπουδήν;
3012 5555 3030 5589 ι

512 5801 537 5841 ¹ι
572 5803 779 5865 Tcxtus
812 5823 1042 5867 mancus
1079 5818 1133 5865 et
1161 5809 1406 5865 luxatus.
1439 5807 1541 5865 llic
1574 5808 1779 5880 legero,
1811 5810 1894 5866 ὅτι
1925 5827 2029 5866 τος

2152 5828 2172 5883 γ
2199 5809 2458 5880 μετάνοια
2490 5807 2602 5867 τῶν
2629 5808 2956 5880 Κορινθίων.
2989 5807 3093 5862 Τὸν
3117 5806 3280 5880 ζῆλον
3301 5805 3358 5861 δέ
3391 5819 3549 5878 φησι.
