3970 6390
359 322 456 392 751

1000 437 1154 496 CAP.
1213 436 1306 494 IX.

429 545 738 610 VsasJ-a‘i.
776 572 793 604 ι
825 546 961 607 Nam
990 552 1059 609 de
1092 549 1426 619 ministerio,
1457 546 1606 622 quod
1639 549 1696 605 lit
1729 551 1783 605 in
1814 566 1944 606 san-

354 655 498 714 ctos,
525 663 594 704 ex
629 645 939 703 abundanti
989 655 1076 702 est
1133 644 1269 701 mihi
1304 644 1554 701 scribere
1586 645 1767 700 vobis.
1818 641 1947 699 Scio

353 741 504 795 enim
534 747 851 811 promptum
883 740 1134 794 animum
1176 746 1445 804 vestrum,
1484 753 1585 809 pro
1612 751 1723 808 quo
1753 735 1822 793 de
1842 750 1948 792 vo-

358 829 444 884 bis
477 828 685 900 glorior
731 829 877 901 apud
931 825 1277 886 Macedones.
1330 827 1604 896 Quoniam
1649 835 1705 883 et
1737 825 1949 883 Achaia

358 931 553 990 parata
587 931 675 977 est
703 922 772 976 ab
825 937 973 977 anno
1029 922 1329 991 prmterito,
1357 930 1410 976 et
1453 927 1641 976 vestra
1672 918 1951 976 aamulatio

356 1017 684 1086 provocavit
729 1015 1022 1086 plurimos.
1058 1014 1181 1071 Misi
1232 1020 1419 1070 autem
1470 1013 1672 1070 fratres
1722 1020 1820 1078 ut,
1883 1026 1952 1068 ne

355 1109 506 1180 quod
541 1107 701 1180 145
732 1107 1040 1180 gloriamur
1082 1107 1150 1163 de
1187 1103 1364 1175 vobis,
1392 1113 1697 1163 evacuetur
1742 1105 1797 1159 in
1849 1103 1952 1160 hac

357 1211 553 1273 parte,
599 1209 658 1255 ut
713 1199 1214 1272 (quemadmodum
1264 1197 1413 1269 dixi)
1442 1197 1624 1270 parati
1668 1194 1838 1254 sitis:
1884 1211 1954 1252 ne

359 1306 486 1347 cum
511 1291 769 1346 venerint
796 1286 1127 1345 Macedones
1160 1303 1399 1368 mecum,
1423 1295 1478 1344 et
1511 1284 1826 1344 invenerint
1853 1301 1954 1342 vos

363 1384 691 1456 imparatos,
724 1381 1125 1438 erubescamus
1156 1395 1260 1436 nos
1295 1380 1380 1451 (ut
1410 1393 1518 1434 non
1542 1379 1798 1434 dicamus
1829 1375 1952 1449 vos)

358 1479 416 1532 in
453 1476 556 1531 hac
597 1474 912 1530 substantia
965 1472 1340 1545 gloriationis.
1385 1470 1774 1528 Necessarium
1820 1469 1954 1542 ergo

360 1566 681 1626 existimavi
713 1581 914 1639 rogare
962 1564 1191 1629 fratres,
1233 1574 1296 1620 ut
1350 1563 1692 1636 praeveniant
1723 1561 1794 1617 ad
1834 1577 1952 1628 vos,

359 1670 416 1716 et
467 1666 779 1732 praeparent
845 1657 1244 1728 repromissam
1307 1654 1750 1712 benedictionem
1811 1653 1956 1709 hanc

359 1763 600 1812 vestram
633 1758 881 1824 paratam
918 1763 1044 1806 esse
1079 1749 1181 1806 sic.
1219 1767 1237 1801 ι

430 1924 670 1994 Quando
715 1923 784 1981 de
835 1921 1112 1979 cbaritate
1164 1933 1272 1978 tam
1327 1921 1498 1977 multa
1547 1921 1700 1988 dixi,
1752 1920 1952 1992 inquit,

359 2033 540 2090 operae
577 2019 816 2090 pretium
843 2032 956 2074 nou
979 2026 1067 2073 est
1100 2023 1159 2070 ut
1186 2016 1427 2072 scribam
1462 2014 1638 2071 vobis.
1663 2014 1744 2069 Ac
1774 2029 1956 2084 neque

361 2113 464 2166 hoc
501 2111 682 2167 solum
709 2110 959 2167 declarat
983 2108 1162 2180 ipsius
1195 2107 1565 2181 prudentiam,
1601 2105 1697 2163 sed
1719 2113 1775 2163 et
1807 2104 1954 2178 quod

360 2203 560 2258 iterum
601 2201 670 2258 de
695 2201 886 2258 eadem
923 2200 1020 2255 ait.

435 2314 455 2348 ι
485 2294 654 2362 Quasi
697 2293 1162 2361 benedictionem,
1203 2305 1258 2349 et
1293 2307 1407 2348 non
1459 2300 1724 2364 tanquam
1773 2289 1956 2346 avari-

362 2389 519 2445 tiam.
545 2386 740 2462 [νεεδ.
762 2385 912 2456 6-9.1
943 2384 1060 2442 Hoc
1083 2396 1269 2442 autem
1306 2384 1477 2459 [dico]
1511 2401 1522 2434 :
1551 2387 1642 2456 qui
1678 2398 1844 2455 parce
1866 2397 1956 2438 se-

361 2477 560 2543 minat,
599 2491 766 2548 parce
799 2486 855 2532 et
907 2482 1076 2532 metet
1122 2493 1136 2530 :
1185 2483 1241 2530 ct
1285 2474 1382 2543 qui
1427 2475 1665 2530 seminat
1700 2476 1757 2529 in
1793 2473 1958 2528 bene-

361 2569 740 2633 dictionibus,
785 2567 854 2623 de
899 2567 1382 2624 benedictionibus
1431 2573 1488 2623 et
1536 2573 1720 2622 metet.
1772 2562 1959 2621 Unus-

360 2663 600 2734 quisque
637 2667 804 2733 prout
849 2659 1150 2717 destinavit
1204 2659 1262 2718 ln
1321 2659 1489 2717 corde
1551 2673 1676 2726 suo,
1733 2673 1844 2714 non
1892 2673 1958 2714 ex

361 2754 615 2820 tristitia,
656 2762 753 2808 aut
778 2768 845 2809 ex
874 2752 1235 2809 necessitate.
1271 2751 1513 2807 Hilarem
1535 2751 1685 2807 enim
1712 2751 1959 2807 (latorem

361 2843 543 2918 diligit
571 2845 737 2901 Deus.
775 2843 986 2901 Potens
1021 2852 1108 2901 est
1157 2854 1344 2901 autem
1397 2842 1546 2900 Deus
1590 2859 1809 2900 omnem
1841 2857 1962 2914 gra-

363 2938 494 2992 tiam
542 2936 828 2992 abundare
865 2934 1053 2992 facere
1106 2934 1164 2990 in
1216 2934 1406 3002 vobis;
1469 2943 1530 2989 ut
1587 2933 1645 2990 in
1705 2933 1963 2989 omnibus

362 3043 584 3100 semper
620 3043 843 3085 omnem
884 3026 1269 3085 suﬂicientiam
1329 3027 1623 3095 habentes,
1671 3025 1964 3083 abundetis

1524 322 1591 387 8.
1629 322 1952 386 JOANNIS
1991 319 2387 382 DAMASCEN
2398 320 2418 378 Ι

1975 441 2022 497 Α

3525 321 3634 387 ’7ῦᾶ

2659 433 2909 490 ΚΕΦΑΑ.
2955 432 3031 487 Θ’.

2123 565 2140 598 ι
2177 548 2314 619 Περὶ
2340 548 2439 619 μέν
2475 547 2580 619 γὰρ
2611 546 2711 618 τῆς
2734 546 3010 610 διακονίας
3037 545 3138 615 τῆς
3163 545 3244 608 είς
3283 545 3414 610 τοὺς
3442 545 3631 612 ἁγίους

2047 641 2311 710 περισσόν
2345 639 2440 710 μοί
2493 641 2613 692 ἐστι
2643 637 2738 692 τοῦ
2768 637 3003 711 γράφειν
3043 638 3194 708 ὑμῖν.
3227 631 3358 690 οῖδα
3397 636 3634 708 γὰρ’τὴν
3748 668 3750 670 τ

2045 728 2363 801 προθυμίαν
2406 729 2586 800 ὑμῶν,
2623 729 2691 800 ἢν
2741 729 2881 799 ὑπὲρ
2908 726 3065 799 ὑμῶν
3112 725 3406 798 καυχῶμαι
3449 727 3636 782 Μακε-

2047 817 2218 885 δόσιν,
2273 820 2356 875 δτι
2397 820 2593 890 Ἀχαΐα
2616 819 3067 891 παρεσκεύασται
3097 817 3206 871 ἀπὸ
3234 817 3458 891 πέρυσι,
3487 818 3581 871 καὶ
3606 819 3635 871 ό

2047 911 2111 978 ιε
2151 898 2305 984 ὑμῶν
2333 909 2494 982 ζῆλος
2537 911 2765 985 ἠρέθισε
2817 913 2946 976 τοὺς
2975 909 3254 975 πλείονας.
3291 910 3555 982 Ἐπεμψα
3579 911 3635 966 δι

2048 1006 2178 1072 τοὺς
2208 1004 2494 1075 ἀδελφοὺς,
2525 1002 2616 1058 ἶνα
2651 1004 2728 1076 μὴ
2773 1003 2834 1057 τδ
2883 1002 3150 1074 καύχημα
3199 1001 3357 1073 ὑμῶν
3389 1003 3451 1056 τὸ
3496 1003 3635 1073 ὑπὲρ

2053 1098 2210 1171 ὑμῶν
2238 1099 2454 1170 κενωθῇ
2504 1100 2563 1152 tv
2615 1097 2692 1168 τῷ
2738 1097 2896 1168 μέρει
2929 1095 3125 1166 τούτῳ.
3162 1096 3281 1150 Ἵνα
3313 1094 3494 1159 καθὼς
3524 1094 3640 1149 ἕλι-

2052 1207 2172 1261 γον,
2206 1189 2716 1263 παρεσκευασμένοι
2769 1185 2903 1260 ἦτεο
2956 1189 3158 1260 μήπως
3186 1188 3282 1242 έὰν
3315 1186 3514 1241 ἔλθωσι
3542 1187 3639 1241 σὺν

2055 1281 2180 1352 ἐμοὶ
2230 1281 2564 1345 Μακεδόνες,
2622 1281 2720 1335 καὶ⁹
2774 1277 3013 1351 εὕρωσιν
3056 1279 3200 1349 ὑμᾶς
3248 1277 3642 1348 ἀπαρασκευά-

2055 1390 2250 1439 στους,
2305 1375 2798 1445 καταισχυνθῶμεν
2863 1373 3022 1443 ἡμεῖς
3086 1371 3218 1443 (τνα
3266 1372 3343 1443 μὴ
3391 1369 3642 1440 λέγωμεν

2063 1466 2259 1538 ὑμεῖς)
2321 1469 2380 1521 ὲν
2429 1470 2498 1538 τῇ
2554 1467 2852 1522 ὑποστάσει
2907 1464 3080 1536 ταύτῃ
3144 1464 3244 1534 τῆς
3296 1463 3638 1532 καυχήσεως.

2069 1558 2393 1628 Ἀναγκαῖον
2425 1555 2518 1614 οῦν
2565 1556 2865 1632 ἡγησάμην
2911 1547 3298 1629 παρακαλέσαι
3327 1556 3458 1616 τοὺς
3489 1553 3645 1621 ἀδελ-

2058 1654 2214 1724 φοὺς,
2241 1652 2330 1708 ἴνα
2360 1653 2705 1726 προέλθωσιν
2732 1655 2812 1718 είς
2844 1652 3012 1724 ὑμᾶς,
3041 1652 3134 1706 καὶ
3163 1647 3646 1720 προκαταρτίσωσι

2056 1748 2157 1819 τὴν
2192 1747 2763 1820 προκατηγγελμένην
2791 1745 3049 1814 εὐλογίαν
3081 1742 3238 1816 ὑμῶν
3264 1741 3490 1812 ταύτην,
3513 1739 3649 1794 ἑτοί-

2064 1856 2174 1911 μην
2203 1833 2344 1892 εἶναι
2372 1837 2566 1904 οὕτως.
2597 1859 2617 1891 ι

2131 1927 2383 1984 Τοσαῦτα
2423 1930 2552 2002 περὶ
2591 1929 2764 2000 αὐτῆς
2793 1928 3024 1992 είπόντι,
3069 1925 3226 1998 φησι,
3259 1922 3514 1994 περιττόν
3550 1936 3649 1993 ¹μοι

2060 2021 2297 2091 γράφειν
2329 2021 2478 2092 ὑμῖν.
2517 2023 2629 2075 Καὶ
2658 2021 2721 2076 οὑ
2750 2020 2910 2074 τοῦτο
2961 2019 3125 2091 μόνον
3180 2017 3242 2071 τὸ
3287 2014 3507 2070 συνετὸν
3545 2013 3646 2067 αὑο

2061 2111 2180 2181 τοῦ,
2214 2114 2352 2171 ἀλλὰ
2375 2115 2471 2170 καὶ
2500 2116 2529 2169 ὃ
2557 2133 2611 2170 τι
2644 2111 2804 2169 πάλιν
2838 2113 2987 2183 λέγει
3021 2113 3151 2184 περὶ
3189 2111 3383 2182 αὐτῆς.

2142 2295 2158 2327 ι
2211 2275 2298 2339 Ὠς
2329 2273 2607 2343 εὐλογίαν,
2642 2272 2740 2326 καί¹
2769 2271 2845 2342 μὴ
2873 2267 2951 2335 ὡς
2993 2267 3334 2334 πλεονεξίαν.
3361 2267 3534 2323 Τοῦτο
3563 2267 3650 2334 δὲ,

2063 2371 2094 2424 ό
2147 2369 2387 2440 σπείρων
2442 2365 2798 2436 φειδομένως,
2857 2361 3193 2434 φειδομένως
3249 2360 3344 2416 καὶ
3399 2358 3606 2433 θερίσει
3631 2374 3649 2391 ·

2064 2461 2160 2516 καὶ
2181 2462 2210 2514 ό
2248 2459 2488 2532 σπείρων
2516 2458 2603 2511 ἐπ’
2624 2456 2920 2526 εὐλογίαις,
2955 2455 3044 2508 ἐπ’
3071 2453 3347 2523 εὐλογίαις
3371 2451 3470 2506 καὶ
3497 2450 3653 2522 θερί-

2066 2572 2174 2610 σει.
2203 2553 2479 2617 Ἕκαστος
2517 2549 2701 2614 καθὼς
2741 2548 3090 2621 προαιρεῖται
3126 2548 3194 2617 τῇ
3225 2543 3446 2617 καρδίᾳ,
3483 2541 3560 2614 μὴ
3585 2543 3656 2596 ἐκ

2065 2645 2266 2717 λύπης,
2318 2641 2352 2716 ἥ
2385 2641 2446 2708 ἐξ
2491 2641 2758 2712 ἀνάγκης.
2814 2637 3023 2710 Ἱλαρδν
3069 2636 3179 2710 γὰρ
3217 2637 3379 2708 δότην
3410 2635 3599 2706 ἀγαπᾷ
3623 2635 3654 2689 δ

2066 2736 2232 2800 Θεός·
2259 2733 2486 2797 δυνατὸς
2526 2731 2583 2784 δὲ
2616 2732 2646 2784 ό
2684 2730 2817 2793 Θεὸς
2859 2728 3043 2788 πᾶσαν
3094 2725 3257 2797 χάριν
3290 2721 3653 2796 περισσεῦσαι

2069 2829 2150 2893 εἰς
2177 2827 2343 2897 ὑμᾶς,
2374 2824 2463 2878 ἴνα
2507 2824 2566 2877 tv
2608 2821 2772 2876 παντὶ
2816 2819 3054 2874 πάντοτε
3101 2817 3286 2872 πᾶσαν
3319 2813 3658 2883 αὐτάρκειαν

2070 2922 2306 2994 ἔχοντες,
2342 2916 2706 2991 περισσεύητε
2737 2915 2818 2977 είς
2851 2913 2961 2967 πᾶν
2991 2911 3154 2984 εργον
3183 2906 3413 2978 ἀγαθὸν,
3469 2903 3654 2968 καθὼς

2070 3015 2382 3088 γέγραπται
2403 3028 2417 3041 ·
2445 3007 2806 3081 Εσκόρπισεν,
2846 3005 3050 3059 ἔδωκεν
3078 3002 3193 3068 τοῖς
3231 2999 3481 3073 πένησιν,
3507 2999 3544 3069 ή
3574 2995 3663 3049 δι-

365 3125 422 3177 in
455 3094 619 3178 omne
639 3137 780 3194 opus
807 3121 1036 3191 bonum,
1063 3121 1208 3178 sicut
1233 3119 1508 3192 εοτίριιιιῐι
1525 3094 1644 3176 est:
1675 3138 1694 3173 ι
1733 3117 1962 3190 Disper-

2078 3104 2337 3177 καιοσύνη
2369 3102 2535 3159 αὑτοῦ
2571 3101 2722 3174 μένει
2752 3100 2834 3165 εἰς
2852 3098 2945 3153 τὸν
2976 3094 3170 3151 αίῶνα.
3208 3111 3232 3149 ι

363 3218 462 3282 sit,
497 3213 651 3272 dedit
672 3215 1012 3287 pauperibus
1038 3230 1053 3272 :
1077 3214 1300 3287 justitia
1328 3213 1452 3285 ejus
1486 3221 1672 3271 manet
1703 3212 1761 3270 in
1792 3228 1969 3271 saecu-

364 3309 478 3365 lum
515 3308 728 3364 saeuit.
767 3325 788 3361 ι

434 3399 560 3457 Non
605 3399 784 3456 invito
820 3413 922 3456 nec
953 3407 1150 3456 coacto
1184 3399 1395 3460 animo.
1431 3393 1527 3452 sed
1577 3403 1884 3468 spontaneo
1911 3405 1965 3450 et
2045 3425 2054 3432 -

365 3495 538 3550 libera
569 3494 877 3549 voluntate.

442 3584 607 3642 Vens.
641 3585 729 3651 l0,
779 3583 873 3639 tl.
915 3601 936 3637 ι
975 3581 1081 3650 Qui
1133 3591 1317 3639 autem
1374 3580 1728 3638 administrat
1778 3596 1968 3638 semen

367 3677 690 3741 seminanti,
728 3683 786 3732 et
808 3689 1007 3746 panem
1042 3673 1113 3728 ad
1162 3673 1609 3729 manducandum
1640 3679 1884 3745 praestet,
1916 3681 1972 3730 et

370 3766 707 3838 multiplioet
769 3778 958 3820 semen
1014 3771 1304 3829 vestrum,
1356 3770 1414 3818 et
1470 3769 1670 3833 augeat
1720 3763 1970 3835 germina

369 3860 588 3930 frugum
613 3855 852 3928 iustitiae
891 3863 1124 3923 vestrm';
1159 3863 1219 3909 ut
1255 3855 1312 3910 in
1345 3854 1606 3910 omnibus
1665 3853 1968 3924 locupletes

366 3949 494 4006 sitis
542 3947 598 4002 in
647 3960 867 4002 omnem
924 3944 1363 4016 simplicitatem,
1401 3959 1528 4017 qum
1567 3952 1832 4017 operatur
1873 3960 1970 4016 per

366 4054 467 4099 vos
501 4039 804 4113 gratiarum
834 4038 1112 4095 actionem
1145 4036 1279 4094 Deo.
1315 4055 1336 4090 ι

439 4131 694 4190 Ostendit
732 4144 799 4187 ea
839 4130 1032 4197 etiam,
1059 4145 1184 4201 quae
1213 4129 1323 4201 ipsi
1373 4129 1708 4201 largiuntur,
1756 4144 1823 4185 ex
1857 4126 1969 4182 Deo

366 4241 524 4293 esse;
567 4240 636 4282 ne
661 4224 788 4296 quis
821 4236 1026 4295 nempe
1048 4222 1384 4278 lntumeseat
1416 4219 1586 4288 fastu,
1615 4234 1717 4276 ceu
1746 4217 1969 4289 propria

367 4333 470 4376 sua
507 4317 792 4389 largiatur.
821 4315 992 4386 Atqui
1021 4327 1198 4371 εειιιοη
1231 4313 1326 4369 hic
1349 4312 1759 4384 eleemosynam
1781 4313 1966 4364 vocat.

366 4405 619 4467 Declarat
661 4415 843 4463 autem
873 4405 988 4463 illis
1032 4419 1288 4477 magnam
1331 4402 1606 4460 benefacti
1658 4397 1967 4456 mercedem

367 4517 515 4568 esse,
550 4501 784 4558 dicendo
820 4499 1082 4572 germina,
1110 4503 1480 4568 proventusve
1503 4491 1752 4564 iustitiae.

438 4593 610 4650 Vsus.
642 4592 835 4650 1245.
872 4609 892 4644 ι
930 4589 1203 4657 Quoniam
1237 4586 1612 4644 ministerium
1658 4582 1827 4654 hujus
1855 4581 1968 4638 offl-

367 4687 438 4742 cii
473 4701 584 4742 non
639 4685 818 4741 solum
847 4681 1067 4754 supplet
1093 4693 1313 4754 eaquae
1339 4678 1545 4735 desunt
1579 4675 1814 4742 sanctis,
1865 4673 1964 4730 sed

367 4779 532 4832 rtidtn
565 4775 810 4833 abundat
855 4749 1180 4845 per—multas
1205 4749 1510 4843 gratiarum
1550 4767 1798 4824 actiones
1831 4765 1964 4833 Deo,

370 4881 469 4936 per
523 4865 908 4936 probationem
959 4859 1258 4917 ministerii
1323 4856 1534 4928 hujus,
1589 4853 1965 4927 gloriﬁcantes

375 4958 551 5012 Deum
587 4958 643 5012 in
676 4955 994 5012 obedientia
1025 4950 1400 5011 confessionis
1440 4955 1639 5007 vestra
1675 4948 1733 5004 in
1781 4946 1966 5001 Evan-

373 5051 576 5124 gelium
635 5049 888 5116 Christi,
928 5056 986 5106 et
1034 5046 1396 5119 simplicitate
1447 5041 1969 5101 communicationis

377 5147 433 5200 in
471 5143 622 5207 illos,
654 5152 711 5199 et
747 5144 806 5199 in
835 5155 1054 5205 omnes,
1099 5147 1154 5195 et
1189 5139 1244 5194 in
1301 5138 1553 5209 ipsorum
1583 5135 1972 5193 obsecratione

378 5251 479 5308 pro
511 5237 694 5301 vobis,
741 5232 1182 5292 desiderantium
1235 5245 1337 5287 vos
1381 5236 1606 5301 propter
1634 5228 1971 5284 eminentem

381 5328 616 5398 gratiam
654 5326 749 5384 Dei
781 5327 838 5382 in
869 5323 1055 5380 vobis.
1089 5321 1312 5379 Gratias
1340 5320 1452 5379 Deo
1487 5335 1655 5392 super
1683 5319 1976 5375 inenarra-

377 5419 473 5474 bili
499 5420 647 5475 dono
683 5418 824 5490 ejus.
865 5435 886 5469 ι

459 5509 830 5567 Ministerium
876 5507 1087 5579 utique,
1130 5506 1198 5564 de
1241 5521 1353 5577 quo
1387 5505 1441 5560 in
1491 5501 1723 5573 epistola
1747 5499 1978 5564 dieitur,

2141 3373 2236 3446 Μὴ
2293 3372 2544 3434 ἄκοντες,
2605 3366 2762 3440 φησι,
2825 3362 2961 3436 μηδὲ
3022 3357 3485 3431 ἀναγκαζόμενοι,
3540 3350 3674 3408 ἀλλ’

2069 3466 2310 3530 ἑκόντες,
2339 3463 2437 3519 καὶ
2467 3457 2920 3533 προαιρούμενοι.

2152 3576 2169 3610 ι
2249 3554 2309 3608 '0
2337 3553 2394 3608 δὲ
2436 3547 2789 3621 ἐπιχορηγῶν
2835 3544 3058 3617 σπέρμα
3103 3539 3182 3614 τῷ
3217 3537 3515 3610 σπείροντι,
3563 3533 3663 3589 καὶ

2070 3649 2236 3720 ἄρτον
2272 3647 2355 3709 είς
2390 3643 2594 3716 βρῶσιν
2627 3637 2961 3712 χορηγήσαι,
2989 3635 3086 3690 καὶ¹
3111 3629 3382 3720 πληθύναι
3407 3627 3498 3720 ἐδ-ν
3531 3625 3666 3680 σπό-
3733 3676 3742 3683 ,

2074 3717 2168 3811 ρον
2213 3737 2388 3809 ὑμῶν,
2429 3734 2526 3789 καὶ
2569 3731 2804 3801 αὑξήσαι
2846 3727 2916 3782 τὰ
2964 3725 3284 3796 γεννήματα
3324 3719 3425 3792 τῆς
3455 3717 3658 3772 δικαιο-

2073 3831 2242 3898 σύνης
2291 3827 2447 3900 ὑμῶν
2473 3841 2488 3856 ·
2543 3825 2602 3878 tv
2655 3821 2822 3877 παντὶ
2873 3815 3292 3887 πλουτιζόμενοι
3342 3814 3423 3876 εἰς
3477 3811 3662 3864 πᾶσαν

2072 3923 2380 3994 ἀπλᾶιητα,
2415 3921 2539 3992 ήτις
2599 3912 2999 3987 κατεργάζεται
3038 3909 3104 3964 δι’
3127 3906 3281 3980 ὑμῶν
3307 3901 3665 3976 εὐχαριστίαν

2069 4015 2149 4088 τῷ
2177 4013 2314 4086 Θεῷ.
2365 4031 2384 4066 ι

2141 4081 2427 4164 Δείκνυσιν
2488 4103 2572 4157 ὅτι
2619 4099 2716 4154 καὶ
2751 4096 2895 4152 αὐτὰ
2921 4094 2992 4149 τὰ
3020 4090 3274 4171 διδόμενα
3303 4089 3368 4142 ὲκ
3399 4083 3492 4140 τοῦ
3522 4081 3663 4138 Θεοῦ

2070 4202 2242 4266 εστιν,
2271 4199 2361 4252 ἵνα
2407 4195 2483 4266 μὴ
2532 4189 2750 4264 μεγάλα
2775 4205 2860 4253 τις
2901 4185 3098 4258 φρονῇ,
3147 4182 3224 4244 ὡς
3258 4179 3435 4235 οἰκεῖα
3460 4173 3659 4266 διδούς.

2071 4293 2315 4361 Σπέρμα
2337 4265 2448 4358 γὰρ
2472 4265 2572 4340 νῦν
2590 4282 2691 4355 τὴν
2724 4276 3094 4352 ἐλεημοσύνην
3124 4271 3302 4348 καλεῖ.
3327 4269 3581 4361 Δείκνυσι
3603 4265 3662 4318 δὲ

2070 4359 2258 4448 αὐτοῖς
2285 4381 2380 4436 καὶ
2405 4379 2589 4450 μέγαν,
2621 4375 2753 4429 ὄντα
2787 4371 2880 4426 τὸν
2923 4367 3117 4442 μισθὸν
3147 4364 3242 4420 τοῦ
3282 4359 3669 4430 ἀποτελέσμα-

1999 4501 2046 4562 D
2072 4495 2180 4543 τος,
2206 4473 2556 4546 γεννήματα
2573 4465 2922 4562 δικαιοσύνης
2956 4463 3157 4562 λέγων.

2154 4587 2173 4620 ι
2195 4542 2320 4621 ’Ὅτι
2339 4565 2374 4636 ή
2396 4542 2646 4619 διακονία
2668 4558 2768 4630 τῆς
2797 4551 3144 4626 λειτουργίας
3166 4545 3467 4620 ταύτης,οὑ
3500 4542 3668 4618 μόνον

2072 4660 2194 4715 εστὶ
2224 4649 2762 4729 προσαναπληροῦσα
2805 4649 2874 4703 τὰ
2916 4644 3276 4717 ὑστερήματα
3312 4639 3422 4696 τῶν
3467 4636 3667 4729 ᾄγίων,

2074 4751 2212 4806 ἀλλὰ
2244 4725 2340 4802 καὶ
2383 4741 2787 4814 περισσεύουσα
2819 4737 2910 4793 διὰ
2940 4733 3156 4791 πολλῶν
3189 4727 3551 4805 εὐχαριστιῶν
3585 4725 3668 4795 τῷ

2074 4840 2216 4912 Θεῷ,
2250 4838 2339 4894 διὰ
2363 4837 2462 4908 τῆς
2493 4833 2722 4904 δοκιμῆς
2763 4830 2864 4900 τῆς
2901 4823 3177 4890 διακονίας
3228 4821 3456 4906 ταύτης,
3478 4817 3671 4912 Δδοξά-

2074 4908 2260 4998 ζοντες
2311 4929 2405 4982 τὸν
2460 4925 2593 4980 Θεὸν
2649 4921 2743 4975 ἐπὶ
2807 4922 2874 4991 τῇ
2921 4918 3170 4988 ὑποταγῇ
3221 4913 3324 4984 τῆς
3373 4908 3676 4982 ὁμολογίας

2074 5025 2230 5096 ὑμῶν
2260 5023 2340 5085 είς
2367 5020 2430 5074 τὺ
2457 5014 2797 5086 Εὑαγγέλιον
2832 5010 2928 5065 τοῦ
2969 5004 3232 5081 Χριστοῦ,
3265 5003 3360 5058 καὶ
3395 4999 3678 5096 ἁπλότητι

2073 5089 2173 5188 τῆς
2203 5111 2487 5176 κοινωνίας
2523 5110 2603 5173 είς
2641 5105 2860 5168 αὐτοὺς,
2893 5102 2990 5155 καὶ
3035 5100 3115 5163 είς
3164 5097 3398 5158 πάντας,
3431 5090 3526 5146 καὶ
3570 5089 3674 5188 αὑ.-

2074 5180 2186 5264 τῶν
2239 5206 2427 5277 δεήσει
2481 5201 2622 5272 ὑπὲρ
2681 5196 2839 5268 ὑμῶν
2907 5189 3318 5247 ἐπιποθούντων
3373 5180 3672 5277 ὑμᾶς-διὰ

2078 5297 2179 5370 τήν
2214 5271 2664 5367 ὑπερϐάλλουσαν
2699 5287 2862 5359 χάριν
2889 5282 2984 5337 τοῦ
3017 5278 3154 5336 Θεοῦ
3185 5277 3453 5370 ὲφξὺμῖν.
3490 5271 3684 5344 Χάρις

2083 5368 2254 5458 δεμ-τῷ
2282 5385 2403 5456 Θεῷ
2433 5383 2526 5438 ἐπὶ
2557 5383 2625 5453 τῇ
2657 5375 3037 5447 ἀνεκδιηγήτῳ
3067 5369 3236 5427 αὑτοῦ
3268 5368 3466 5440 δωρεᾷ.
3507 5381 3528 5416 ι

2144 5452 2238 5530 νἰί
2270 5452 2516 5532 διακονία
2548 5452 2649 5545 τῆς
2684 5465 2979 5539 ἐπιστολῆς
3013 5477 3076 5536 ιι,
3114 5462 3394 5519 ⁸τουτέστιν
3437 5459 3473 5528 ή
3515 5452 3687 5526 φιλο-

1683 5617 1922 5709 νιιιιιίε
1962 5652 2363 5713 caenosus.

457 5766 502 5796 α·
530 5754 717 5822 Ferte,
754 5721 1242 5826 τῆς-λειτουργίας,
1276 5764 1334 5810 ut
1374 5751 1474 5808 fert
1506 5745 1659 5804 Pauli
1687 5754 1891 5803 textus.
