3970 6458
325 420 414 484 753

1455 435 1536 494 IN
1570 435 1820 521 EPIST.‘
1851 437 1953 498 AD
1996 437 2361 502 CORINTH.
2393 440 2476 502 II.

3479 441 3590 511 ἰδ-ι

323 532 459 603 τιμία
489 530 599 586 τῶν
626 532 954 606 χρημδιτων,
987 537 1081 592 καὶ
1107 537 1140 611 ἡ
1165 537 1479 612 λειτουργία
1508 543 1667 616 ἡμῶν
1690 545 1828 616 αὕτη
1858 547 1892 617 ἡ

2028 545 2054 602 d
2084 551 2170 605 est
2197 547 2457 606 muniﬁca
2480 550 2839 621 pecuniarum
2861 551 3129 624 eragatio,
3160 562 3217 609 et
3243 552 3378 609 illud
3409 555 3590 623 ipsum

323 624 671 696 πνευματικὴ,
700 627 795 680 καὶ
821 628 854 698 ἡ
880 627 947 690 δι’
976 631 1008 701 ή
1017 629 1136 701 μῶν
1161 630 1428 698 διακονία,
1460 636 1523 688 οὐ
1551 636 1711 708 μόνον
1737 637 1897 692 τοῦτο

325 715 580 788 κατορθοῖ,
614 717 694 772 ὅτι
727 718 797 771 τὰ
831 719 1188 794 ὑστερήματα
1212 724 1321 778 τῶν
1353 725 1525 795 ἁγίων
1557 727 1776 800 πληροῖ,
1805 729 1897 784 καὶ

323 804 612 877 διορθοῦται
639 809 822 864 αὐτῶν
842 812 943 883 τὴν
967 813 1182 880 πενίαν,
1207 815 1324 872 ἀλλ’
1343 817 1427 873 ὅτι
1449 819 1538 874 διὰ
1565 821 1778 876 πολλῶν
1803 823 1898 878 καὶ

323 896 448 969 ὑπὲρ
487 899 699 955 πολλῶν
753 903 1026 972 εὐποιίαν,
1061 906 1418 980 εὐχαριστίαν
1470 913 1898 985 ἀναπέμπεσθαι

325 994 741 1063 παρασκευάζει.
771 997 942 1052 Τοῦτο
975 1001 1083 1072 γάρ
1111 1002 1228 1056 ἐστι
1252 1002 1335 1067 τὸ,
1373 1005 1548 1062 Ἀλλὰ
1572 1007 1670 1063 καὶ
1690 1024 1898 1080 περισ-

323 1085 583 1140 σεύουσα
636 1087 722 1142 διὰ
787 1090 998 1145 πολλῶν
1045 1093 1427 1166 εὐχαριστιῶν.
1497 1099 1724 1155 Ἐκεῖνοι
1787 1102 1898 1175 γὰρ

324 1176 702 1249 ἀποδεχόμενοι
731 1180 800 1235 τὰ
833 1183 1096 1254 χρήματα
1119 1225 1136 1251 ,
1174 1186 1457 1253 δοξάζουσι
1498 1189 1587 1244 τὸν
1641 1190 1773 1246 Θεὸν
1798 1192 1899 1248 ἐπὶ

323 1266 388 1338 τῇ
407 1270 680 1342 ὑποταγῇ
713 1271 824 1340 τῆς
862 1277 1191 1348 ὁμολογίας
1219 1280 1387 1351 ὑμῶν
1421 1285 1510 1352 είς
1535 1285 1600 1339 τὸ
1635 1287 1897 1358 Εὐαγγέ-

321 1361 464 1415 λιον.
495 1361 611 1415 Ἵνα
635 1363 694 1416 δὲ
718 1362 795 1436 μὴ
817 1363 970 1438 δείξῃ
991 1368 1189 1434 αὐτοὺς
1211 1370 1301 1426 διὰ
1327 1372 1485 1428 τοῦτο
1504 1374 1896 1448 εὐχαριστοῦν-

322 1470 411 1518 τας
444 1453 606 1526 μόνον
633 1454 724 1510 διὰ
759 1457 822 1510 τὸ
867 1458 1077 1526 λαϐεῖν,
1103 1462 1208 1534 δρα
1244 1463 1364 1530 πῶς
1408 1466 1608 1531 αὐτοὺς
1662 1468 1899 1540 ὑψηλοὺς

321 1548 476 1599 ποιεῖ.
515 1544 864 1616 Δοξάζουσι,
909 1551 1097 1624 φησιν,
1128 1554 1211 1610 ὅτι
1265 1555 1442 1624 οὕτως
1470 1558 1899 1632 ὑποτεταγμένα

320 1637 434 1692 ἐστὶ
465 1637 543 1708 τῷ
573 1639 922 1722 Εὑαγγελίιρ’
952 1638 1015 1701 οὗ
1043 1649 1270 1720 σημεῖον
1296 1649 1454 1706 τοῦτό
1480 1651 1618 1717 ἐστι,
1656 1653 1717 1707 τὸ
1756 1653 1900 1708 οὕτω

317 1727 546 1798 δαψιλῶς
573 1732 887 1804 ιίσφέρεινο
942 1735 1104 1793 τοῦτο
1151 1739 1262 1814 γὰρ
1306 1742 1369 1797 τὸ
1417 1743 1750 1815 Εὑαγγέλιον
1779 1747 1899 1801 ἑπι-

318 1835 516 1878 ταττει.

937 1965 1186 2024 ΚΕΦΛΔ.
1221 1969 1279 2024 l'.

380 2067 552 2134 Αὐτὸς
578 2070 636 2126 δὲ
675 2073 788 2144 ἐγὼ
839 2074 1057 2142 Παῦλος
1096 2078 1406 2150 παρακαλῶ
1462 2081 1607 2153 ὑμᾶς
1655 2081 1745 2138 διὰ
1796 2084 1900 2148 τῖες

313 2159 615 2233 πραότητος
637 2165 732 2218 καὶ
758 2167 1065 2233 ἐπιεικείας
1099 2166 1195 2223 τοῦ
1230 2170 1498 2243 Χριστοῦ.

394 2253 732 2327 Ἀπαρτίσας
763 2259 854 2313 τὸν
882 2259 1013 2332 περὶ
1055 2260 1159 2332 τῆς
1199 2261 1572 2336 δλεημοσύνης
1605 2265 1781 2337 λόγον,
1824 2267 1901 2333 ὡς

307 2339 984 2421 ἔδει,ιπιτιμητικωτέριι›ν
1000 2349 1232 2408 ἅπτεται
1284 2353 1494 2424 λόγων.
1573 2357 1699 2421 τοὺς
1740 2359 1901 2429 ψευδ-

307 2433 646 2501 αποστόλους
698 2439 1076 2513 αίνιττόμενος
1115 2442 1215 2500 διὰ
1267 2443 1380 2515 τῆς
1431 2449 1772 2518 πραότητος
1803 2450 1900 2505 καί

306 2526 653 2598 ἐπιεικείας,
728 2531 938 2607 σφόδρα
978 2535 1178 2602 αὐτοὺς
1232 2538 1494 2610 ὲντρέψαι
1555 2538 1898 2614 βουλόμενος.

307 2621 684 2692 Προσάλλεται
719 2625 813 2683 οὖν
855 2628 956 2701 τὴν
996 2631 1284 2704 πραότητα
1313 2633 1408 2687 καὶ
1437 2633 1536 2706 τὴν
1577 2635 1903 2704 ἐπιείκειαν,

305 2712 486 2786 ταύτῃ
513 2715 738 2784 μείζονα
759 2718 928 2774 ποιῶν
953 2722 1054 2795 τὴν
1081 2725 1442 2796 κατηγορίαν.

386 2823 407 2856 ι
445 2807 543 2870 ’Ὀς
570 2809 712 2879 κατὰ
739 2811 1036 2882 πρόσωπον
1060 2816 1162 2887 μὲν
1189 2818 1447 2882 ταπεινὸς
1476 2819 1534 2875 ὲν
1565 2819 1714 2891 ὑμῖν,
1743 2819 1902 2876 ἀπὼν

300 2894 364 2948 δὲ
390 2897 584 2971 θαρρῶ
609 2902 692 2966 είς
725 2904 890 2974 ὑμᾶς.
922 2923 941 2958 ι
1617 2973 1620 2976 .

381 2988 556 3045 Τοῦτό
591 3010 778 3065 φησιν,
805 2997 886 3060 είς
919 2997 1164 3064 ἐκείνους
1192 3002 1567 3074 αἰνιττόμενος
1597 3005 1725 3069 τοὺς
1751 3004 1904 3076 ψευδ-

307 3082 648 3148 αποστόλους
691 3086 821 3151 τοὺς
869 3086 1131 3156 λέγοντας
1154 3131 1168 3156 ,
1221 3092 1303 3146 ὅτι
1333 3097 1403 3150 Αἰ
1427 3095 1747 3151 ἐπιστολαὶ
1785 3097 1904 3163 ,βα-

2000 624 2289 711 spirituala
2325 657 2530 713 munus
2556 651 2809 699 nostrum
2835 655 2894 700 et
2935 645 3176 711 functio,
3202 644 3464 718 quodque
3494 662 3593 718 per

1998 742 2104 786 nos
2135 728 2504 786 ministerium
2519 730 2724 800 agitur,
2750 745 2865 788 non
2895 732 3000 790 hoc
3031 733 3211 792 solum
3245 740 3496 805 praestat,
3532 726 3627 788 ιιι(

1997 835 2121 890 quae
2147 818 2349 877 desunt
2377 820 2589 878 sanctis
2612 822 2846 892 expleat,
2879 833 2936 880 ct
2961 822 3320 894 indigentiam
3346 824 3594 894 ipsorum

2002 911 2317 977 resarciat;
2354 912 2450 968 sed
2487 919 2543 967 ut
2588 928 2689 983 pro
2713 913 3015 972 multorum
3069 915 3432 971 beneﬁcentia
3478 915 3596 970 Deo

1998 1009 2187 1069 grates
2215 1001 2546 1057 habeantur.
2578 1001 2713 1058 Nam
2754 1003 2810 1060 id
2842 1002 3186 1075 signiflCatur
3224 1004 3311 1062 his
3354 1005 3540 1061 verbis
3575 1026 3592 1065 :

2001 1090 2108 1146 Sed
2144 1093 2308 1147 etiam
2360 1093 2598 1149 abundat
2637 1111 2730 1165 per
2761 1097 2958 1152 multas
2991 1098 3294 1166 gratiarum
3338 1097 3592 1152 actiones.

1998 1183 2136 1238 Nam
2168 1185 2265 1256 qui
2314 1186 2516 1258 stipem
2559 1189 2858 1260 accipiunt,
2890 1191 3122 1260 gloriam
3161 1191 3272 1248 Deo
3321 1192 3592 1255 tribuunt.

1999 1273 2055 1328 in
2090 1276 2385 1331 obedientia
2411 1277 2755 1347 confessionis
2787 1289 2975 1334 vestrae
3009 1280 3066 1336 in
3111 1279 3476 1351 Ecangetium.
3517 1279 3597 1337 Ne

2000 1375 2180 1422 autem
2215 1367 2320 1423 hac
2348 1367 2619 1424 duntaxat
2640 1370 2864 1427 nomine
2884 1371 3032 1442 quod
3060 1371 3364 1443 accipiant,
3386 1371 3597 1442 gratias

2001 1471 2163 1528 agere
2214 1458 2377 1533 146
2425 1459 2722 1532 signiﬁcet,
2755 1460 2882 1518 vide
2919 1469 3190 1532 quantum
3217 1476 3316 1518 eos
3346 1460 3594 1516 extollat.
3655 1513 3660 1520 .

2001 1547 2340 1620 Gloriﬁcant,
2381 1551 2583 1624 inquit,
2637 1551 2833 1620 Deum,
2889 1553 3151 1625 quoniam
3205 1552 3410 1609 subditi
3461 1551 3598 1608 adeo

1999 1643 2135 1699 estis
2181 1643 2501 1715 Evangelia.
2560 1644 2735 1716 Cujus
2788 1646 2868 1702 rei
2907 1647 3013 1702 hoc
3046 1652 3436 1716 argumentum
3490 1651 3596 1709 est,

2001 1733 2148 1802 quod
2193 1735 2276 1791 sic
2327 1735 2632 1794 liberaliter
2672 1736 2934 1794 offeratis.
3004 1734 3062 1794 ld
3106 1736 3254 1793 enim
3300 1734 3598 1808 Evangelia

2002 1823 2334 1894 praecipitur.

2667 1959 2819 2018 CAP.
2855 1960 2920 2017 Χ.

2077 2065 2243 2124 Vens.
2281 2068 2333 2123 1.
2394 2088 2412 2122 ι
2447 2068 2569 2140 Ipse
2620 2076 2802 2125 autem
2845 2084 2947 2141 ego
2983 2067 3186 2126 Paulus
3235 2067 3470 2125 obsecra
3499 2081 3602 2124 vos

2003 2173 2100 2230 per
2139 2159 2627 2216 mansuetudinem
2655 2167 2711 2214 et
2741 2159 3072 2215 modestiam
3098 2157 3326 2215 Christi.
3365 2177 3385 2210 ι

2071 2248 2367 2318 Absoluta,
2399 2248 2482 2305 uti
2532 2248 2789 2315 decebat,
2821 2246 2890 2304 de
2923 2248 3272 2320 eleemosyna
3321 2261 3600 2309 sermone,

2002 2340 2336 2397 severiorem
2372 2339 2714 2412 aggreditur,
2746 2339 3116 2410 dicendoque,
3176 2354 3268 2409 per
3294 2345 3602 2393 ntansueltt-

2002 2431 2179 2486 dinem
2211 2442 2262 2486 et
2293 2431 2641 2498 modestiam,
2700 2431 2875 2488 falsos
2923 2431 3208 2502 apostolos
3259 2429 3601 2502 perstringit,

2001 2528 2064 2576 ut
2082 2521 2443 2578 vehementer
2471 2536 2569 2578 eos
2599 2520 2942 2593 pudefaciat.
2986 2519 3251 2577 Producit
3291 2536 3421 2590 ergo
3449 2535 3602 2575 man-

2003 2614 2352 2671 suetudinem
2395 2622 2450 2670 et
2482 2614 2835 2682 modestiam,
2881 2613 3088 2686 quibus
3117 2612 3385 2684 majorem
3417 2619 3600 2668 struat

2003 2707 2440 2764 accusationem.

2081 2818 2101 2853 ι
2139 2799 2248 2868 Qui
2277 2801 2330 2855 in
2375 2799 2523 2858 facie
2573 2799 2799 2872 quidem
2856 2799 3084 2856 humilis
3122 2813 3246 2856 sum
3291 2796 3437 2854 inter
3479 2811 3603 2861 vos,

2006 2893 2207 2950 absens
2238 2901 2420 2949 autem
2449 2893 2670 2949 confido
2693 2893 2749 2948 in
2775 2893 2953 2949 vobis.
2995 2911 3014 2945 ι

2078 2985 2180 3043 His
2217 2988 2403 3044 verbis
2432 2985 2730 3043 mendaces
2768 2985 3051 3057 apostolos
3075 2985 3205 3041 illos
3245 2981 3472 3046 indicat,
3511 2979 3606 3052 qui

2007 3079 2259 3136 dicerent
2305 3097 2320 3136 :
2353 3077 2615 3149 Epistolas
2642 3078 2855 3149 quidem
2884 3093 3070 3150 graves
3120 3085 3245 3132 sunt
3275 3091 3294 3131 :
3322 3075 3608 3146 prmentia

259 3193 262 3195 λ
297 3170 483 3240 ρεῖαι,
507 3174 548 3242 ἠ
573 3174 643 3228 δὲ
680 3178 988 3246 παρουσία
1023 3180 1130 3236 τοῦ
1167 3182 1443 3253 σώματος
1496 3185 1786 3256 ἀσθενής.
1833 3191 1905 3244 Ἦ

2028 3180 2185 3226 mtem
2223 3172 2462 3242 corporis
2488 3172 2728 3241 inﬁrma.
2755 3169 2854 3226 Vel
2877 3171 2984 3226 hoc
3015 3185 3182 3226 sensu
3215 3187 3229 3224 :
3267 3166 3381 3222 Etsi
3412 3181 3608 3236 magna

300 3261 486 3329 οὕτως
507 3281 520 3296 ·
553 3266 626 3320 Ἦ
665 3267 747 3322 δτι
775 3269 879 3324 κᾶν
906 3271 1116 3342 μεγάλα
1156 3251 1502 3346 φθέήγξωμαι,
1541 3276 1642 3332 οὐκ
1671 3251 1894 3344 ὲξ-ἅποσ

2028 3265 2346 3333 pronuntio,
2399 3278 2512 3320 non
2559 3273 2744 3320 tamen
2785 3277 2850 3318 ex
2889 3260 3214 3333 arrogantia
3254 3259 3474 3330 loquor,
3510 3259 3605 3313 sed

304 3355 485 3420 νοίας,
523 3357 639 3411 ἀλλ’
663 3359 729 3413 ὲκ
753 3359 849 3414 τοῦ
882 3360 1110 3434 θαρρεῖν
1149 3363 1304 3435 ὑμῶν
1333 3364 1668 3438 φθέγγομαι.

386 3464 407 3496 ι
444 3447 647 3535 κλέομαι
670 3451 748 3515 δὲ,
788 3453 851 3507 τὸ
880 3455 957 3526 μὴ
997 3454 1192 3526 παρὼν
1224 3455 1498 3529 θαρρῆσαι
1528 3461 1596 3532 τῇ
1631 3462 1902 3535 πεποιθή-

307 3554 418 3606 est,
505 3539 1074 3618 λογίζομαιτολμῆσαι
1099 3545 1195 3601 ἐπί
1227 3565 1398 3613 τινας.
1445 3568 1464 3602 ι

385 3632 589 3705 Δέομαι
637 3637 814 3708 ὑμῶν,
868 3639 1026 3712 φησὶ,
1068 3642 1145 3714 μή
1188 3658 1255 3713 με
1300 3643 1648 3715 ἀναγκάζητε
1700 3647 1897 3716 δεῖξαι,

304 3724 398 3779 ὅτι
453 3728 552 3782 καὶ
601 3730 796 3803 παρὼν
845 3733 1069 3806 ἰσχυρός
1116 3736 1258 3807 είμι,
1321 3736 1418 3792 καὶ
1478 3736 1711 3804 δύναμιν
1769 3740 1900 3812 ἔχω.

321 3817 549 3890 Ἐπειδὴ
578 3820 687 3893 γὰρ
717 3821 924 3894 ἔλεγεν,
948 3825 1031 3884 ὅτι
1075 3824 1262 3886 Ἀπὼν
1307 3826 1470 3885 πάνυ
1506 3829 1650 3902 ὑμῖν
1685 3832 1902 3903 θαρῤὥ,

302 3907 529 3974 ⁴τούτοις
557 3911 827 3985 κέχρηται
849 3919 962 3982 τοῖς
992 3919 1226 3989 ῥήμασι.

394 4105 414 4139 ι
460 4089 603 4191 Τοὺς
633 4088 1022 4164 λογιζομένους
1056 4095 1230 4166 ἡμᾶς,
1252 4097 1330 4160 ὡς
1363 4097 1507 4152 κατὰ
1535 4099 1717 4172 σάρκα
1749 4119 1904 4174 περι-

309 4194 645 4246 πατουντας.
682 4200 702 4235 ι

402 4268 633 4325 Ἐκεῖνοι
679 4272 788 4345 γὰρ
843 4275 1006 4330 αὑτὸν
1051 4276 1330 4334 διέϐαλλον
1365 4279 1441 4345 ὡς
1472 4281 1796 4356 ὑποκριτὴν,
1829 4285 1904 4348 ὡς

306 4363 580 4436 πονηρὸν,
602 4365 678 4430 ὡς
717 4368 1031 4426 ἀπατεῶνα.

394 4472 416 4506 ι
463 4457 555 4510 Ἐν
592 4459 758 4528 σαρκὶ
803 4459 914 4532 γὰρ
950 4462 1403 4533 περιπατοῦντες,
1444 4467 1506 4518 οὗ
1551 4465 1695 4522 κατὰ
1726 4453 1926 4540 σάρκα

303 4548 749 4620 στρατευόμεθα.
797 4569 817 4603 ι

402 4638 676 4694 Ἐνταῦθα
717 4640 906 4694 λοιπὸν
945 4643 1039 4698 καὶ
1079 4644 1255 4713 φοϐεῖ.
1307 4646 1496 4717 Σάρκα
1525 4647 1635 4721 γὰρ
1668 4652 1915 4720 περικεί-

306 4729 485 4798 μεθα,
519 4733 808 4804 όμολογῶ’
879 4737 1022 4791 κατὰ
1075 4737 1254 4812 σάρκα
1306 4741 1429 4796 οὐδὲ
1485 4742 1690 4814 ζῶμεν.
1738 4749 1918 4816 Στρα-

303 4821 489 4880 τείαν
518 4824 577 4880 δὲ
614 4826 902 4897 ὠνόμασεν
921 4829 1155 4905 ταύτην,
1190 4833 1430 4906 μάλιστα
1469 4837 1738 4906 ἐκφοϐῶν.

394 5019 415 5054 ι
462 5001 546 5056 Τὰ
575 5002 684 5077 γὰρ
713 5004 855 5059 ὅπλα
881 5007 982 5080 τῆς
1015 5009 1310 5079 στρατείας
1341 5009 1520 5082 ἡμῶν,
1561 5011 1623 5066 οὐ
1653 5012 1914 5085 σαρκικὰ,

305 5094 458 5149 ἀλλὰ
489 5092 692 5151 δυναοῒὰ
714 5095 794 5168 τῷ
821 5098 962 5168 Θεῷ.
1003 5118 1023 5152 ι

391 5208 582 5262 Ὅπλα
635 5210 903 5280 σαρκικὰ,
959 5211 1190 5279 πλοῦτός
1235 5214 1374 5284 ἐστι,
1413 5214 1562 5283 δόξα,
1601 5216 1916 5281 δυναστεία,

307 5299 648 5370 εὐγλωττία,
692 5303 960 5376 δεινότης,
1006 5307 1362 5379 περιδρομαὶ,
1414 5308 1724 5376 κολακεῖαι,
1783 5310 1920 5365 ὕπο-

305 5392 558 5464 κρίσεις,
584 5392 772 5449 καὶτὰ
795 5393 931 5449 ἄλλα
955 5395 1130 5450 ταῦτα
1150 5398 1265 5461 τοῖς
1291 5397 1554 5464 τοιούτοις
1574 5399 1813 5456 ἐοικότα.
1837 5399 1920 5454 Τὰ

306 5485 374 5539 δὲ
403 5486 656 5558 ἡμέτερα
683 5487 743 5541 οὐ
771 5488 1018 5555 τοιαῦτα,
1047 5491 1237 5560 φησὶν,
1273 5489 1411 5545 ἀλλὰ
1444 5491 1644 5547 δυνατὰ
1676 5489 1752 5561 τῷ
1777 5491 1918 5564 Θεῷ.

309 5578 524 5645 Καλῶς
545 5580 604 5633 δὲ
629 5579 798 5634 πάλιν
833 5581 1014 5637 πᾶσαν
1040 5583 1143 5654 τὴν
1172 5581 1406 5654 δύναμιν
1432 5584 1599 5638 αὐτοῦ
1627 5585 1919 5656 ἀνατίθησι

309 5669 398 5743 τῷ
425 5671 571 5744 Θεῷ.
599 5671 828 5742 Ὅμοιον
849 5663 924 5726 ’δὲ
954 5676 1032 5739 ὡς
1063 5674 1113 5728 εί
1145 5674 1320 5744 λέγοιο
1355 5675 1470 5747 Οὐχ
1505 5665 1686 5748 ἡμεῖς,
1730 5677 1918 5746 φησὶν,

313 5764 465 5818 αὐτὰ
507 5765 737 5820 τοιαῦτα
775 5765 1283 5838 κατεσκευάσαμεν,
1313 5767 1455 5822 ἀλλὰ
1482 5768 1649 5831 αὐτὸς
1686 5769 1716 5822 ὸ
1762 5768 1917 5833 Θεός.

330 5857 566 5931 Ἐπειδὴ
620 5861 728 5932 γὰρ
783 5861 1168 5934 μαστιζόμενοι
1224 5863 1318 5918 καὶ
1351 5863 1698 5935 ἐλαυνόμενοι
1760 5863 1920 5936 ἐκρά-

2001 3358 2136 3431 quia
2166 3358 2222 3413 in
2255 3357 2412 3415 vobis
2439 3357 2681 3413 confido.

2077 3449 2248 3506 Vens.
2285 3449 2345 3506 2.
2383 3467 2403 3502 ι
2441 3449 2598 3520 Rogo
2627 3455 2837 3515 autem,
2861 3463 2931 3503 ne
2959 3460 3204 3516 praesens
3246 3443 3476 3500 audeam
3511 3458 3605 3512 per

2003 3542 2398 3600 confidentiam
2426 3557 2535 3612 qua
2569 3541 2864 3597 existimor
2898 3539 3103 3594 audere
3151 3538 3208 3593 in
3246 3536 3538 3608 quasdam.
3576 3552 3596 3584 ι

2076 3637 2232 3708 Baga
2263 3651 2386 3704 vos,
2420 3635 2624 3706 inquit,
2658 3649 2730 3690 ne
2761 3648 2851 3688 me
2881 3631 2948 3688 ad
2988 3632 3095 3687 hac
3129 3630 3390 3702 adigatis,
3417 3635 3478 3683 ut
3511 3642 3608 3699 pa-

2003 3729 2114 3784 lam
2145 3727 2343 3784 faciam
2365 3765 2382 3792 ,
2417 3741 2506 3782 me
2545 3738 2766 3796 quoque
2799 3722 2996 3778 fortem
3026 3736 3152 3778 esse
3195 3719 3420 3792 quando
3459 3731 3606 3786 pra:-

2005 3835 2137 3876 sens
2189 3834 2336 3885 sum,
2368 3824 2424 3873 et
2462 3819 2668 3872 virtute
2717 3813 2946 3886 pollere.
2998 3809 3136 3867 Nam
3165 3810 3297 3883 quia
3338 3810 3602 3864 dixerat:

2005 3910 2206 3966 Absens
2238 3910 2452 3965 omnino
2483 3907 2690 3977 conﬁdo
2718 3908 2773 3963 in
2811 3907 2978 3970 vobis,
3008 3904 3202 3962 iisdem
3236 3915 3388 3957 nunc
3423 3899 3605 3955 verbis

2005 4004 2208 4060 utitur.

2082 4116 2102 4150 ι
2136 4093 2240 4164 Qui
2283 4092 2630 4148 arbitrantur
2677 4104 2780 4146 nos
2833 4097 3094 4157 tanquam
3138 4084 3440 4142 secundum
3483 4095 3604 4137 car-

2005 4203 2130 4245 nem
2164 4184 2539 4241 ambulemus.
2584 4201 2604 4234 ι

2077 4279 2261 4352 Ipsum
2304 4276 2453 4332 enim
2494 4273 2852 4330 incessebant
2911 4280 3178 4341 tanquam
3233 4264 3602 4340 hypocritam.

2008 4380 2272 4441 tanquam
2306 4367 2621 4438 improbum
2651 4371 2708 4420 et
2738 4363 3109 4435 deceptarem.

2079 4458 2249 4514 Vens.
2288 4457 2346 4513 ὅ.
2399 4473 2420 4509 ι
2458 4456 2516 4512 1η
2545 4469 2715 4512 carne
2757 4454 2904 4510 enim
2944 4451 3332 4513 ambulantes,
3379 4464 3490 4504 non
3522 4464 3601 4505 sev

2015 4552 2261 4609 cundum
2293 4564 2518 4606 carnem
2554 4547 2880 4603 militamus.
2918 4564 2937 4599 ι

2091 4644 2196 4700 llic
2226 4657 2360 4700 vero
2376 4656 2475 4699 eos
2501 4641 2742 4698 territat.
2774 4637 2910 4693 Nam
2944 4651 3112 4692 carne
3142 4651 3245 4691 nos
3266 4631 3604 4695 circumdari

2021 4736 2200 4793 fateor
2234 4755 2247 4790 :
2281 4741 2545 4791 caeterum
2597 4745 2945 4803 nequaquam
3011 4727 3322 4785 secundum
3375 4740 3605 4781 carnem

2020 4827 2285 4885 vivimus.
2322 4825 2439 4882 Hoc
2480 4835 2662 4881 autem
2699 4821 2954 4896 estquod
2986 4820 3240 4875 militiam
3273 4817 3605 4881 nominavit,

2018 4935 2128 4992 quo
2150 4926 2458 4975 exterreret
2483 4916 2682 4992 magis.

2091 5011 2261 5068 Vens.
2285 5011 2340 5066 4.
2386 5029 2404 5063 ι
2440 5008 2577 5066 Nam
2609 5025 2766 5066 arma
2806 5008 3020 5068 militiis
3063 5013 3268 5062 nostra:
3318 5018 3430 5062 non
3487 5017 3604 5062 car-

2021 5103 2167 5162 nalia
2206 5111 2360 5172 sunt,
2391 5102 2488 5161 sed
2520 5103 2767 5176 potentia
2796 5099 2927 5164 Deo.
2977 5119 2996 5153 ι

2091 5219 2256 5273 Arma
2296 5216 2488 5273 carnis
2521 5227 2673 5284 sunt,
2712 5215 2944 5279 divitia,
2989 5213 3187 5286 gloria,
3221 5213 3490 5285 potentia,
3526 5209 3606 5264 fs-

2019 5309 2247 5376 cundia,
2274 5316 2443 5377 artes,
2478 5308 2842 5373 famulitium,
2889 5306 3326 5372 assentationes,
3377 5303 3606 5360 simula-

2020 5403 2224 5468 tianes,
2261 5409 2316 5458 et
2348 5401 2452 5456 alia
2475 5400 2674 5456 horum
2710 5400 2936 5456 similia.
2964 5396 3169 5454 Nostra
3207 5411 3359 5462 vero,
3399 5395 3606 5466 inquit,

2022 5496 2154 5550 talia
2195 5509 2304 5550 non
2341 5502 2496 5560 sunt,
2543 5491 2642 5550 sed
2687 5507 2717 5546 a
2767 5491 2879 5547 Deo
2922 5489 3096 5548 robur
3149 5488 3380 5545 habent.
3437 5484 3610 5543 Recte

2019 5596 2206 5642 autem
2250 5584 2512 5641 virtutem
2569 5584 2768 5640 iterum
2828 5597 2987 5638 suam
3047 5595 3268 5638 omnem
3326 5587 3608 5648 acceptam

2021 5677 2190 5735 refert
2223 5676 2356 5732 Deo.
2400 5677 2480 5732 Ac
2507 5676 2563 5733 si
2585 5675 2796 5732 diceret
2830 5693 2845 5731 :
2879 5673 3000 5730 Non
3031 5688 3134 5730 nos
3161 5672 3359 5730 isthac
3387 5669 3607 5742 praesti-

2023 5771 2214 5832 timus.
2265 5767 2361 5825 sed
2408 5769 2533 5841 ipso
2557 5767 2724 5825 Deus.
2771 5761 2911 5822 Nam
2942 5763 3100 5836 quia,
3128 5779 3257 5821 cum
3287 5759 3606 5832 vapularant

2023 5862 2562 5933 expellerenturque,
2618 5859 2864 5916 victores
2918 5863 3102 5924 erant,
3143 5856 3222 5913 ait
3274 5854 3377 5909 hoc
3423 5851 3604 5922 ipsum
