3970 6440
312 363 426 430 781

1460 365 1543 429 IN
1582 365 1819 429 EPIST.
1853 364 1955 426 AD
1992 364 2353 431 CORINTH.
2388 370 2471 434 ΙΙ.

3478 370 3592 437 762

309 474 487 544 ὑμεῖς
518 469 793 543 ὑψωθῆτε,
824 470 910 526 δτι
941 470 1151 543 δωρεάν
1179 473 1241 525 τὸ
1274 471 1368 526 τοῦ
1400 473 1539 528 Θεοῦ
1586 474 1906 544 Εὑαγγέλιοι

2043 490 2202 546 psum
2234 477 2628 545 humilians,ut
2650 492 2750 537 vos
2767 479 3109 548 exaltemini,
3129 480 3389 552 quoniam
3418 484 3590 553 gratis

311 563 773 636 εὐηγγελισάμην
791 563 960 634 ὑμῖν;
996 563 1199 627 Ἀλλας
1268 564 1600 636 Ἐκκλησίας
1644 566 1909 640 ἐσύλησα,

308 655 510 711 λαϐὼν
537 654 768 726 ὀψώνιον
803 654 943 726 πρὸς
963 656 1063 727 τὴν
1110 656 1266 726 ὑμῶν
1320 656 1617 713 διακονίαν.
1662 660 1775 714 Kal.
1808 678 1913 715 πα-

312 749 437 820 ρὼν
483 752 621 825 πρὸς
676 752 846 823 ὑμᾶς,
901 755 996 807 καὶ
1054 753 1398 826 ὑστερηθεὶς,
1432 755 1494 809 οὑ
1521 758 1913 829 κατενάρκησα

304 839 570 905 οὐθενός.
590 842 663 896 To
686 841 795 915 γὰρ
822 844 1112 916 ὑστέρημά
1142 863 1244 916 μου
1274 848 1818 919 προσανεπλήρωσαν
1861 850 1913 904 οί

307 932 569 1003 ἀδελφοὶ,
622 934 869 1000 ἐλθόντες
914 936 1023 990 άπὸ
1075 938 1439 1005 Μακεδονίας,
1482 940 1582 995 καὶ
1637 942 1695 993 ἐν
1746 942 1915 997 παντὶ

307 1024 509 1098 ἁδαρῆ
552 1029 679 1099 ὑμῖν
701 1029 945 1100 ἐμαυτὸν
980 1030 1250 1101 ἐτήρησα,
1287 1032 1383 1087 καὶ
1410 1033 1660 1103 τηρήσω.
1694 1051 1713 1085 ι

397 1120 474 1175 ⁸0
501 1120 647 1189 λέγει
667 1114 908 1173 τοιοῦτόν
928 1122 1099 1174 ἐστιν·
1127 1120 1223 1176 Ἑν
1250 1123 1585 1195 στενοχωρίᾳ
1611 1122 1799 1194 διῆγον
1817 1125 1913 1179 καὶ

311 1211 493 1283 πενία
524 1211 749 1284 ἐσχάτῃ,
782 1212 917 1284 παρ’
956 1213 1089 1283 ὑμῖν
1142 1212 1238 1278 ὣν,
1285 1216 1381 1269 καὶ
1439 1214 1729 1288 κηρύττων
1782 1217 1915 1287 ὑμῖν

308 1301 420 1355 τὸν
457 1303 632 1373 λόγον.
666 1303 839 1358 Τοῦτο
859 1298 953 1358 οὖν
995 1320 1089 1375 μοι
1112 1304 1265 1376 ἔχετε
1305 1306 1586 1374 ἐγκαλεῖν,
1624 1309 1718 1361 καὶ
1753 1306 1914 1362 τοῦτο

309 1391 599 1465 ἥμαρτον,
654 1394 736 1448 δτι
785 1394 1015 1466 εἱλόμην
1064 1394 1307 1464 ἐμαυτὸν
1359 1395 1565 1467 θλίψαι,
1621 1398 1710 1453 ἵνα
1756 1399 1915 1470 ὑμεῖς

310 1483 668 1558 ὡφεληθῆτε.
697 1485 871 1540 Τοῦτο
898 1486 1006 1559 γάρ
1023 1487 1139 1542 ἐστι
1164 1486 1253 1554 τὸ,
1275 1487 1579 1558 ὑψωθῆτε.

395 1805 419 1838 ι
465 1788 654 1842 Ἔστιν
678 1785 908 1857 ἀλήθεια
939 1786 1177 1858 Χριστοῦ
1211 1789 1270 1843 ἐν
1294 1789 1439 1860 ἐμοί.
1481 1808 1500 1842 ι

388 1878 491 1949 Μὴ
506 1878 789 1949 νομίσητε,
822 1878 1011 1949 φησὶν,
1043 1879 1125 1933 ὅτι
1151 1878 1240 1933 διὰ
1258 1879 1419 1934 τοῦτο
1450 1876 1601 1935 εἷπον
1629 1882 1713 1935 ἵνα
1738 1881 1909 1938 λάϐω.

308 1970 485 2024 Ἔστι
509 1970 637 2040 γὰρ,
676 1971 864 2040 φησὶν,
893 1969 1123 2041 ἀλήθεια
1147 1971 1206 2025 ἐν
1234 1971 1378 2042 ἐμοί.

394 2081 420 2114 ς
454 2061 640 2133 ὀτιή
680 2061 955 2133 καύχησις
986 2061 1125 2133 αὕτη
1160 2063 1222 2116 οὑ
1278 2065 1627 2137 φραγήσεται
1683 2067 1765 2131 είς
1813 2067 1913 2139 ἐμὲ

305 2154 375 2207 ἐν
404 2156 524 2218 τοῖς
549 2154 777 2223 κλίμασι
797 2153 902 2225 τῆς
927 2155 1175 2228 Ἀχαΐας.
1208 2155 1310 2210 Διὰ
1336 2157 1391 2211 τί
1416 2176 1431 2225 ;
1462 2158 1545 2212 ὅτι
1578 2159 1680 2213 οὑκ
1712 2160 1912 2229 ἀγαπῶ

307 2245 505 2316 apag;
546 2245 603 2300 '0
631 2246 766 2312 Θεὸς
792 2242 952 2301 οἶδεν.
998 2246 1141 2301 ’0δέ
1169 2247 1331 2314 ποιῶ,
1364 2251 1460 2304 καὶ
1499 2251 1733 2320 ποιήσω.
1777 2272 1796 2306 ι

387 2409 676 2482 Καύχησιν
694 2410 753 2464 δέ
775 2410 836 2465 τὸ
866 2412 1100 2482 πρᾶγμα
1131 2412 1305 2467 καλεῖ.

400 2523 418 2555 ι
452 2504 572 2559 Ἵνα
616 2502 675 2557 δέ
738 2502 959 2573 ἐκκόψω
1017 2503 1119 2574 τὴν
1166 2503 1424 2575 ἀφορμὴν
1481 2503 1593 2557 τῶν
1645 2503 1911 2556 θελόντων

309 2594 616 2665 ἀφορμήνο
660 2592 749 2647 ἵνα
819 2592 879 2646 ἐν
935 2584 981 2662 ᾧ
1023 2592 1361 2665 καυχῶνται,
1413 2594 1679 2667 εὑρεθῶσι
1730 2592 1912 2657 καθὼς

312 2690 416 2743 καὶ
441 2691 626 2759 ἡμεῖς.
668 2707 686 2742 ι
837 2745 848 2756 ,

401 2782 622 2852 Ἐπειδὴ
648 2781 761 2852 γὰρ
787 2779 949 2835 τοῦτο
979 2779 1315 2846 ἐσπούδαζον
1336 2781 1559 2843 ἐκεῖνοι,
1586 2780 1761 2852 λαϐήν
1788 2796 1911 2832 τινα

311 2873 502 2946 εὑρεῖν
548 2875 669 2927 κατ’
709 2871 877 2927 αὐτοῦ
934 2873 1011 2935 ὡς
1070 2872 1508 2946 φιλοχρημάτου,
1554 2874 1651 2926 καὶ
1701 2871 1912 2944 ταύτην

308 2968 564 3050 ἀναιρεῖν
583 2965 935 3032 ἐσπούδαζεν.

390 3077 412 3111 ι
447 3060 512 3112 0i
544 3059 656 3129 γάρ
683 3056 916 3111 τοιοῦτοι
944 3055 1393 3127 ψευδαπόστολοι.
1430 3056 1665 3127 ἐργάται
1720 3055 1906 3124 δόλιοι,

314 3148 931 3221 μετασχηματιζόμενοι
972 3150 1053 3214 είς
1111 3148 1443 3212 ἀποστόλους
1471 3150 1735 3222 Χριστοῦ.
1798 3152 1910 3206 Καὶ
1940 3176 1982 3234 C

311 3244 376 3297 οὑ
404 3242 723 3315 θαυμαστόν
748 3260 765 3279 ο
796 3243 961 3306 αὐτὸς
993 3243 1108 3315 γάρ
1135 3244 1165 3298 ὁ
1193 3242 1440 3308 Σατανᾶς
1495 3244 1914 3315 μετασχηματί-

313 3336 472 3402 ζεται
500 3337 584 3400 είς
615 3334 850 3405 ἄγγελον
885 3336 1086 3406 φωτός.
1127 3355 1147 3389 ι
1470 3359 1472 3363 ν

384 3428 488 3483 Διὰ
521 3427 701 3492 τοῦτο,
733 3428 891 3499 φησι,
921 3426 1393 3498 ψευδαποστόλους
1438 3426 1608 3490 καλῶ,
1672 3428 1755 3481 ὅτι
1811 3445 1917 3482 τοις

313 3518 462 3574 αὔτα
486 3518 880 3591 ὑποκρίνονται
902 3519 1106 3587 πάντα,
1139 3518 1227 3575 ἵνα
1253 3519 1634 3591 ἀπατήσωσιν.
1690 3519 1912 3591 Ἐπειδὴ

311 3608 426 3683 γὰρ
482 3609 685 3677 ἵησιν,
734 3612 818 3665 ὅτι
870 3610 1074 3683 ἑτέρως
1119 3611 1221 3667 οὑκ
1264 3610 1332 3666 ἃν
1383 3611 1630 3680 γένοιντο
1672 3611 1913 3683 εὑπαρά⁶

311 3700 516 3767 δεκτοι,
540 3701 604 3755 τὸ
628 3701 923 3773 πρόσωπον
949 3702 1292 3773 λαμϐάνουσι
1344 3701 1447 3772 τῆς
1489 3701 1776 3783 ἀληθείας,
1824 3702 1914 3758 ἵνα

311 3794 376 3847 τὸ
399 3794 589 3866 δράμα
652 3795 757 3865 τῆς
796 3792 1007 3863 πλάνης
1042 3793 1473 3866 ὑποκρίνωνται,
1503 3794 1599 3847 καὶ
1650 3795 1913 3866 χρήματα

313 3882 585 3951 φάσκουσι
626 3882 703 3955 μὴ
723 3882 1046 3953 λαμϐάνειν,
1073 3881 1160 3935 ῐνα
1200 3880 1422 3935 πλείονα
1452 3881 1720 3935 λάϐωσιν.

389 3991 413 4025 ο
451 3972 531 4027 υὺ
562 3973 705 4044 μέγα
729 3971 847 4038 οὖν,
878 3974 927 4027 εί
957 3972 1054 4027 xal
1083 3973 1134 4026 οί
1163 3972 1401 4028 διάκονοι
1434 3974 1604 4027 αὑτοῦ
1632 3990 1911 4046 μετασχη-

317 4063 663 4135 ματίζονται.
704 4082 722 4116 ι

386 4158 685 4228 Ἀττελον
706 4157 923 4228 φωτὸς,
950 4158 1044 4211 τὸν
1094 4158 1410 4230 παρρησίαν
1435 4156 1627 4228 ἔχοντα
1675 4158 1908 4229 ἄγγελον

309 4249 483 4318 λέγει.
538 4249 665 4303 Είσὶ
714 4248 822 4322 γὰρ
853 4249 1078 4317 ἄγγελοι
1125 4250 1350 4313 σκότους
1385 4242 1554 4316 οὗτοι,
1589 4249 1639 4302 oi
1665 4247 1760 4302 τοῦ
1789 4249 1905 4303 δια-

314 4339 497 4395 ϐόλου.
1212 4370 1215 4374 -

386 4445 408 4479 ι
440 4428 527 4492 Ὠς
556 4427 796 4483 διάκονοι
819 4428 1189 4499 δικαιοσύνης,
1210 4423 1288 4484 ὧν
1320 4429 1381 4483 τὸ
1401 4429 1558 4494 τέλος
1579 4429 1734 4484 ἐσται
1760 4429 1905 4485 κατὰ

301 4519 380 4575 τά
412 4520 549 4593 ἔργα
586 4521 789 4579 αὐτῶν.
830 4541 848 4574 ι

380 4612 562 4686 Ὅπερ
590 4614 755 4687 ἡμεῖς
776 4614 970 4687 ἐσμεν,
1009 4614 1200 4685 φησιν,
1228 4613 1281 4669 oi
1320 4614 1383 4669 τὸ
1418 4614 1753 4685 Εὑαγγέλιον
1802 4633 1905 4688 κη-

308 4702 623 4774 ρύττοντες.

392 4814 413 4851 ι
438 4797 608 4853 Πάλιν
628 4796 775 4869 λέγω
800 4798 900 4871 (μή
937 4815 1025 4863 τις
1047 4816 1114 4870 με
1137 4798 1266 4871 δόξῃ
1295 4800 1510 4871 ἄφρονα
1532 4795 1721 4870 εῖναι).
1779 4818 1800 4853 ι

382 4981 493 5035 Kal
520 4979 631 5052 γὰρ
660 4978 764 5050 ήδη
785 4979 1266 5053 προδιωρθώσατο.

385 5090 405 5125 ι
455 5074 519 5128 ΒΞ
545 5073 603 5127 δὲ
635 5071 710 5143 μή
738 5088 825 5141 γυε,
866 5072 972 5126 κᾶν
993 5072 1068 5136 ὡς
1096 5074 1308 5143 ἄφρονα
1343 5072 1572 5143 δέξασθέ
1608 5092 1697 5146 με.
1737 5093 1763 5128 ι

383 5166 553 5220 Τοῦτο
574 5165 687 5237 γὰρ
714 5164 939 5233 ἐκείνων
960 5159 1030 5239 ἦν
1062 5164 1246 5239 ἔργον,
1277 5166 1340 5222 τὸ
1368 5168 1549 5233 αίτίας
1604 5167 1683 5241 μὴ
1736 5168 1905 5243 οὔσης

305 5256 645 5326 καυχᾶσθαι.

384 5366 405 5400 ι
439 5347 554 5401 Ἵνα
592 5347 749 5417 κάγὼ
782 5348 981 5421 μικρόν
1014 5366 1068 5405 τι
1105 5352 1492 5422 καυχήσωμαι.
1533 5352 1599 5405 '0
1633 5350 1802 5415 λαλῶ,
1838 5352 1902 5406 οὑ

248 5462 251 5463 ν
308 5440 453 5493 κατὰ
483 5440 690 5511 Κύριον
726 5439 896 5513 λαλῶ,ι
918 5440 1034 5496 ἀλλ’
1064 5441 1142 5508 ὡς
1169 5444 1229 5497 ἐν
1253 5441 1553 5514 ἀφροσύνῃ.
1598 5461 1617 5494 ι

383 5624 554 5687 Πάλιν
598 5627 665 5695 τῇ
704 5625 999 5699 προσθήκῃ
1040 5625 1149 5685 τοῦ
1186 5623 1407 5697 μικροῦ
1451 5622 1797 5694 ἐπικουφίζει
1836 5622 1897 5684 τὸ

318 5715 499 5793 βάρος.

383 5826 406 5875 ς
453 5806 542 5879 ἐν
586 5808 759 5895 ταύτῃ
794 5812 859 5881 τῆ
895 5810 1194 5871 ὑποστάσει
1217 5810 1313 5882 τῆς
1343 5809 1689 5881 καυχήσεως.
1727 5826 1745 5862 ι

2013 566 2371 641 Evangelium
2400 568 2505 626 Dei’
2517 572 2886 641 evangeliuvi
2909 571 3103 630 vobis?
3130 573 3286 630 Alias
3310 570 3591 629 Ecclesiae

2012 663 2338 734 exspoliavi,
2386 662 2664 735 accipiens
2718 665 3050 735 stipendium
3090 665 3160 722 ad
3214 664 3589 723 ministerium

2011 761 2280 809 vestrum.
2315 752 2383 809 Et
2409 769 2535 810 cum
2559 769 2740 811 essem
2773 756 2921 826 apud
2950 772 3071 823 vos,
3102 766 3155 814 et
3183 772 3427 828 egerem,
3449 753 3593 811 nulli

2012 860 2283 902 onerosus
2310 845 2407 901 fui.
2441 844 2603 913 Quod
2634 847 2769 903 mihi
2812 846 3025 915 deerat,
3058 850 3453 919 suppleverunt
3475 847 3591 901 l'ra-

2010 944 2146 1003 tres,
2195 939 2287 1008 qui
2319 947 2590 995 venerunt
2634 939 2703 996 de
2737 938 3086 995 Macedonia.
3137 940 3205 994 Et
3233 940 3288 994 in
3334 938 3593 994 omnibus

2013 1028 2136 1086 sine
2166 1043 2336 1085 onere
2364 1045 2451 1086 me
2478 1030 2643 1087 vobis
2664 1031 2881 1088 servavi
2912 1038 2967 1086 et
3001 1030 3258 1086 servabo.
3293 1049 3312 1083 ι

2083 1120 2203 1178 Hoc
2250 1122 2401 1193 quod
2432 1123 2591 1190 dicit,
2623 1124 2772 1180 hunc
2814 1124 2979 1180 habet
3018 1137 3243 1179 sensum
3276 1140 3290 1177 :
3332 1122 3387 1177 lu
3418 1137 3593 1195 angu-

2012 1218 2117 1275 stia
2144 1214 2394 1290 agebam,
2419 1228 2476 1275 et
2505 1219 2561 1276 in
2590 1226 2837 1276 extrema
2876 1219 3109 1290 penuria
3149 1218 3413 1273 versabar
3448 1218 3595 1288 apud

2012 1324 2133 1374 vos,
2165 1309 2297 1365 dum
2337 1311 2570 1367 verbum
2606 1310 2781 1368 .vobis
2831 1310 3215 1381 praedicarem.
3262 1309 3380 1364 Hoc
3412 1310 3599 1380 itaque

2010 1400 2287 1472 estcuius
2318 1416 2407 1458 me
2455 1416 2722 1458 accusare
2770 1402 3020 1472 possitis,
3068 1401 3281 1472 hocque
3312 1410 3599 1469 peccatum

2018 1506 2199 1547 meum
2256 1499 2363 1559 est,
2412 1492 2564 1563 quod
2618 1506 2708 1547 me
2745 1491 2986 1562 alﬂigere
3034 1492 3153 1563 ipse
3196 1490 3488 1557 voluerim,
3541 1500 3603 1545 ut

2016 1579 2178 1635 vobis
2208 1580 2533 1649 adiumento
2560 1594 2764 1637 essent.
2811 1578 2949 1635 Nam
2999 1578 3056 1635 id
3103 1580 3450 1651 signiﬁcatur
3492 1579 3603 1634 isto

2014 1672 2201 1738 verbo,
2233 1680 2290 1726 ut
2318 1671 2656 1726 exattemiui.

2087 1763 2258 1821 Vsus.
2298 1763 2385 1820 ιο.
2415 1782 2435 1817 ι
2472 1763 2572 1820 Est
2600 1764 2809 1820 veritas
2850 1762 3058 1818 Christi
3105 1762 3163 1817 in
3199 1776 3304 1817 me.
3342 1779 3362 1814 ι

1950 1816 1990 1873 Β
2088 1854 2166 1911 Ne
2194 1855 2550 1922 existimetis,
2580 1853 2787 1925 inquit,
2814 1855 2931 1910 haec
2962 1868 2993 1909 a
3032 1868 3120 1909 me
3149 1852 3299 1908 dicta
3328 1867 3457 1908 esse
3481 1850 3601 1907 ani-

2018 1961 2111 2002 mo
2135 1946 2470 2018 accipiendi.
2507 1946 2641 2002 Nam
2671 1946 2728 2001 in
2765 1961 2853 2003 me
2882 1945 3089 2001 veritas
3124 1943 3367 1999 exsistit.

2090 2036 2261 2094 Vsus.
2298 2038 2386 2093 ll.
2435 2054 2456 2090 ι
2507 2036 2785 2105 Quoniam
2832 2036 2949 2092 haec
3007 2036 3267 2107 gloriatio
3304 2049 3418 2090 non
3462 2049 3602 2105 pne-

2019 2131 2275 2187 cludetur
2308 2131 2363 2185 in
2394 2145 2482 2186 me
2523 2130 2580 2184 in
2611 2128 2934 2200 regionibus
2968 2127 3209 2183 Achaiae.
3250 2126 3445 2200 [Vsns.
3482 2124 3600 2198 ll.]

2019 2217 2242 2286 Quare?
2267 2219 2397 2289 quia
2430 2233 2542 2273 non
2578 2216 2747 2290 diligo
2786 2217 2930 2274 vos?
2958 2216 3106 2274 Deus
3133 2216 3258 2273 scit.
3308 2215 3464 2285 Quod
3495 2231 3600 2272 au-

2020 2316 2128 2365 tem
2153 2309 2321 2376 facio,
2349 2315 2405 2365 et
2429 2306 2648 2364 faciam.
2690 2327 2709 2360 ι

2090 2400 2225 2457 Rem
2257 2416 2425 2473 porro
2458 2398 2848 2471 gloriationem
2878 2408 3062 2455 vocat.

2096 2490 2262 2547 Vens.
2298 2490 2385 2545 12.
2427 2509 2446 2542 ι
2488 2489 2559 2546 Ut
2594 2499 2776 2547 autem
2811 2500 3088 2561 amputem
3122 2491 3468 2546 occasionem
3509 2503 3604 2543 eo-

2020 2598 2162 2647 rum,
2197 2583 2293 2653 qui
2327 2583 2520 2638 volunt
2546 2582 2929 2650 occasionem,
2967 2592 3025 2638 ut
3054 2584 3109 2638 in
3136 2598 3247 2653 quo
3274 2582 3604 2656 gloriantur,

2019 2673 2377 2729 inveniantur
2403 2673 2550 2728 sicut
2578 2682 2634 2728 et
2662 2689 2784 2730 nos.
2824 2692 2846 2727 ι

2091 2762 2229 2829 Quia
2276 2763 2353 2818 illi
2388 2762 2630 2818 studium
2662 2762 2960 2834 ponebant,
3009 2773 3070 2819 ut
3108 2763 3261 2819 illius
3296 2762 3604 2833 reprehen-

2018 2853 2186 2912 dendi
2240 2869 2466 2909 causam
2522 2855 2858 2922 invenirent,
2912 2856 3074 2928 quasi
3131 2870 3333 2911 avarus
3406 2861 3602 2922 esset;

2019 2947 2163 3002 hanc
2196 2945 2389 3002 tollere
2424 2946 2545 3018 ipse
2582 2946 2973 3004 contendebat.

2094 3037 2256 3095 Vens.
2295 3039 2396 3105 l5,
2444 3038 2533 3093 14.
2563 3056 2583 3091 ι
2630 3036 2767 3094 Nam
2812 3048 2867 3095 et
2913 3039 3183 3111 ejusmodi
3251 3039 3600 3111 pseudoapo-

2018 3130 2152 3187 stoli
2186 3138 2321 3187 sunt
2368 3129 2616 3200 operarii
2663 3128 2906 3200 subdoli,
2941 3131 3400 3203 transtigurautes
3453 3145 3514 3186 se
3546 3133 3603 3183 in

2018 3220 2299 3293 apostolos
2326 3219 2559 3277 Christi.
2609 3219 2679 3275 Et
2715 3236 2827 3277 non
2872 3222 3071 3279 mirum
3106 3242 3121 3278 :
3159 3223 3277 3292 ipse
3309 3223 3458 3280 enim
3498 3222 3605 3281 Sa-

2019 3324 2180 3369 tanas
2208 3312 2572 3383 transﬁgurat
2606 3328 2668 3369 se
2703 3312 2760 3367 in
2799 3314 3057 3384 angelum
3096 3315 3259 3369 lucis.
3294 3333 3316 3368 ι

2091 3399 2253 3473 150
2298 3399 2538 3466 Idcirco,
2585 3401 2687 3468 ait,
2741 3401 2916 3458 falsos
2962 3404 3250 3475 apostolos
3290 3403 3436 3467 dico,
3470 3404 3603 3474 quia

2015 3492 2209 3548 istltaac
2242 3493 2432 3548 omnia
2471 3491 2762 3559 simulant,
2811 3502 2870 3549 ut
2924 3493 3224 3565 decipiant.
3279 3491 3416 3550 Nam
3470 3509 3598 3552 cum

2015 3583 2205 3640 sciant
2231 3584 2395 3641 aliter
2428 3599 2540 3641 non
2568 3598 2731 3655 posse
2757 3584 2875 3641 ﬁeri
2902 3594 2962 3642 ut
2996 3586 3211 3656 accepti
3251 3587 3383 3653 sint,
3415 3602 3603 3656 perso-

2014 3690 2144 3732 nam
2176 3676 2425 3734 veritatis
2450 3676 2712 3746 iuduuut,
2757 3685 2820 3733 ut
2863 3676 3108 3735 fabulam
3146 3678 3341 3733 ludant
3371 3681 3599 3744 erroris,

2014 3770 2279 3840 aiuntque
2312 3785 2375 3826 se
2403 3786 2513 3828 non
2549 3772 2804 3844 accipere
2854 3773 3144 3845 pecunias,
3211 3784 3270 3829 ut
3309 3775 3603 3846 ampliores

2010 3869 2335 3931 emungant.

2084 3949 2254 4008 Vsus.
2295 3952 2385 4007 l5.
2422 3969 2442 4004 ι
2478 3951 2596 4009 Non
2629 3967 2764 4026 ergo
2800 3968 3060 4026 magnum
3109 3955 3159 4013 si
3203 3954 3441 4011 ministri
3482 3956 3604 4028 ejus

2012 4045 2498 4118 transﬁgurantur.
2537 4066 2558 4101 ι

2011 4130 2020 4141 ’
2080 4136 2343 4208 Angelum
2386 4139 2520 4194 lucis
2548 4139 2685 4195 dicit
2741 4140 2895 4196 illum
2921 4142 3017 4213 qui
3053 4141 3285 4201 ﬁdenter
3317 4150 3376 4199 et
3426 4142 3603 4201 libere

2008 4227 2284 4297 loquatur.
2323 4226 2460 4282 Nam
2496 4238 2626 4285 sunt
2647 4230 2854 4303 alioqui
2881 4232 3063 4304 angeli
3100 4232 3192 4289 isti
3217 4235 3601 4301 tenebrarum,

2006 4316 2208 4373 diaboli
2252 4318 2530 4376 videlicet.

2083 4428 2102 4462 ι
2147 4409 2305 4466 Sicut
2332 4412 2574 4467 ministri
2615 4411 2871 4484 justitiaa,
2899 4430 3133 4486 quorum
3170 4416 3295 4474 linis
3347 4418 3455 4474 erit
3514 4433 3599 4475 sev

1941 4527 1985 4583 ι)
2014 4502 2255 4558 cundum
2284 4518 2449 4574 opera
2482 4504 2751 4575 ipsorum.
2795 4522 2814 4557 ι

2084 4592 2288 4661 Quales
2316 4612 2419 4651 nos
2444 4612 2661 4663 sumus,
2695 4597 2895 4670 inquit,
2924 4600 3016 4670 qui
3031 4597 3397 4671 prmdicamus
3426 4598 3600 4656 Evan-

2010 4686 2237 4758 gelium.

2082 4775 2253 4834 Vens.
2295 4778 2383 4833 l6.
2435 4797 2454 4832 ι
2486 4776 2690 4834 lterum
2718 4778 2845 4834 dico
2873 4779 2968 4852 (ne
2992 4781 3118 4852 quis
3154 4798 3240 4838 me
3269 4760 3426 4855 putet
3455 4782 3599 4841 insi-

2007 4869 2248 4941 pientem
2293 4870 2459 4943 esse).
2504 4890 2523 4924 ι

2076 4958 2197 5017 Jam
2226 4962 2373 5018 enim
2407 4971 2533 5018 ante
2560 4976 2983 5034 pramonuerat.

2085 5069 2105 5104 ι
2134 5050 2355 5121 Alioqui
2399 5051 2548 5108 velut
2573 5054 2928 5126 insipientem
2960 5056 3197 5130 accipite
3220 5073 3326 5114 me.
3364 5077 3384 5113 ι

2078 5141 2200 5200 lloc
2227 5144 2432 5217 quippe
2463 5160 2606 5218 opus
2648 5147 2875 5205 illorum
2916 5160 3061 5219 erat,
3090 5157 3153 5207 ut
3182 5150 3355 5223 gratis
3394 5150 3596 5224 gloria-

2005 5246 2223 5293 rentur.

2083 5348 2104 5383 ι
2144 5329 2217 5386 Ut
2249 5337 2305 5386 et
2340 5345 2442 5403 ego
2476 5333 2755 5391 modicum
2803 5337 2937 5408 quid
2980 5338 3202 5410 glorier.
3251 5337 3443 5413 [νειε.
3480 5337 3598 5412 l1]

2009 5420 2167 5489 Quod
2225 5423 2441 5493 loquor,
2479 5440 2589 5481 non
2640 5426 2837 5498 loquor
2891 5429 3194 5486 secundum
3246 5430 3441 5497 Deum,
3496 5430 3596 5487 sed

2010 5515 2170 5587 quasi
2204 5514 2258 5569 in
2300 5514 2640 5585 insipientia.
2675 5537 2696 5572 ι

2078 5626 2413 5684 Gravitatem
2442 5626 2587 5684 levat
2624 5630 2845 5701 iterum,
2874 5633 3148 5706 addendo,
3175 5634 3464 5694 modicum.

2084 5826 2104 5864 ι
2142 5806 2201 5866 In
2239 5809 2342 5871 hac
2383 5813 2699 5873 substantia
2741 5815 2949 5889 gloria.
2986 5833 3008 5869 ι
