3970 6456
219 386 343 448 ’165

1344 385 1427 445 ΙΝ
1466 384 1705 447 EPIST.
1737 383 1837 444 AzD
1879 381 2240 461 COR-INTH.
2280 391 2364 453 ΙΙ.

3395 387 3503 450 Ἷῦδ

219 503 256 559 ὁ
288 501 399 553 τῶν
423 495 614 567 ψυχῶν
650 494 808 566 ήμῶν
843 493 1191 566 κυϐερνήτης
1219 493 1717 567 Χριστὸς,⁴’στήσας
1754 494 1813 547 τὸ

1942 512 2077 577 »ωε
2112 508 2241 578 ρει,
2284 499 2463 577 donec
2511 497 2791 581 Christus.
2821 496 3135 559 animarum
3182 504 3500 555 nostrarum

222 592 404 648 ἰστέον
430 588 527 645 τοῦ
556 586 795 659 σταυροῦ
829 586 1059 659 ἑμμέσῳ
1083 588 1155 658 τῇ
1179 588 1274 657 γῇ,
1308 586 1641 657 ἀχείμαστον
1669 587 1802 657 ἡμῖν

222 686 322 741 τὸν
353 685 436 747 εἰς
464 681 884 751 Οὐρανόπολιν
907 676 1076 733 πλοῦν
1106 677 1446 750 ᾠκονόμησε.

297 882 322 914 ι
362 857 729 931 Νυχθήμερον
757 858 815 913 ἐν
838 854 917 929 τῷ
944 855 1093 928 βυθῷ
1118 857 1416 927 πεποίηκα.
1462 874 1480 908 ιι
1629 886 1635 925 ε

293 952 498 1007 Νύκτα
522 950 692 1019 λέγει,
721 948 822 1021 τὴν
856 948 963 1019 πρὸ
992 947 1088 1001 τοῦ
1141 931 1380 1021 Χριστοῦ
1412 944 1724 1020 παρουσίας
1760 951 1820 1005 ἐν

224 1047 291 1117 τῇ
330 1044 588 1115 σκοτεινῇ
635 1041 817 1113 πλάνῃ
869 1038 1180 1112 διατριὸήν.
1228 1037 1475 1111 Ἦμέραν
1525 1038 1582 1094 δὲ
1635 1039 1820 1110 λέγει,

224 1137 327 1210 τὴν
386 1136 530 1208 μετὰ
570 1132 806 1206 Χριστοῦ
855 1132 1161 1205 παρουσίαν
1212 1133 1271 1185 ὲν
1318 1131 1394 1204 τῷ
1440 1133 1692 1206 φωτεινῷ
1721 1133 1820 1207 βα.

222 1228 506 1298 πτέσματι
534 1224 833 1295 διαγωγήν.

299 1337 323 1372 ι
362 1317 728 1389 Νυχθήμερον
751 1317 809 1369 ἐν
830 1312 909 1386 τῷ
934 1312 1081 1387 βυθῷ
1112 1315 1409 1387 πεποίηκα.
1444 1314 1819 1388 Ὀδοιπορίαις

225 1410 519 1473 πολλάκις,
561 1428 583 1461 ι

296 1504 368 1555 Ol
402 1501 503 1571 μὲν
532 1501 641 1572 γάρ
675 1517 861 1568 φασιν,
900 1501 983 1553 ὅτι
1021 1500 1080 1553 ὲν
1135 1500 1287 1571 μέσῳ
1327 1501 1559 1569 πελάγει
1592 1500 1773 1555 πλέων
1796 1518 1809 1531 ·

224 1597 275 1646 οἱ
307 1593 391 1657 δὲ,
424 1593 512 1646 ὅτι
540 1592 842 1662 νηχόμενος
869 1592 926 1645 ἐν
962 1592 1117 1663 μέσῳ
1144 1592 1399 1661 πελάγει,
1425 1592 1556 1647 ἔνθα
1591 1593 1654 1648 ού
1692 1593 1820 1663 γῆν,

224 1686 333 1738 οὐκ
363 1683 493 1755 ὅρος
546 1678 613 1755 ἧν
655 1681 806 1749 ἰδεῖν,
863 1682 1000 1753 ὅπερ
1057 1683 1152 1737 καὶ
1206 1682 1597 1755 ἀληθέστερον.
1664 1685 1823 1738 Ἐπεὶ

1922 592 2275 662 gubernator,
2303 592 2701 653 et'ccuerucis
2728 601 2965 649 antcnna
2999 590 3063 673 in
3089 586 3269 647 medio
3302 595 3466 641 terra:
3487 625 3504 652 ,

1868 720 1873 725 -
1923 683 1997 737 ita
2023 684 2432 756 navigationem
2460 683 2823 754 temperavit,
2856 692 2917 737 ut
2942 681 3066 738 sine
3091 681 3336 753 procella
3368 674 3507 733 Ura-

1923 776 2189 851 napoh‘m.
2221 793 2317 837 seu
2350 776 2417 839 ad
2449 776 2732 843 coalestem
2760 775 3042 835 civitatem
3074 773 3502 846 appelleremus.

1998 886 2017 929 ᾳ
2050 866 2223 929 Nocte
2251 875 2308 931 et
2337 868 2427 931 die
2463 867 2518 922 in
2550 867 2831 940 profundo
2862 858 3035 923 maris
3065 865 3162 922 fui.
3197 885 3215 919 ι

1990 956 2221 1033 Nouem
2258 966 2419 1015 vocat
2450 959 2598 1014 illam
2634 972 2846 1014 moram
2897 973 3060 1029 quam
3108 957 3161 1011 in
3207 955 3504 1012 tenebroso

1920 1066 2112 1111 errore
2140 1061 2266 1111 ante
2295 1054 2591 1110 adventum
2614 1051 2825 1111 ChriSti
2850 1052 3087 1124 egimus.
3117 1049 3269 1104 Diem
3322 1058 3504 1103 autem

1924 1143 2165 1212 appellat
2205 1143 2330 1203 vitae
2384 1144 2656 1200 rationem
2707 1143 2983 1209 alteram,
3028 1155 3230 1213 quam,
3278 1154 3344 1195 ex
3399 1153 3507 1210 qno

1922 1231 2180 1288 Christus
2208 1234 2390 1300 venit,
2427 1234 2479 1287 in
2514 1231 2701 1289 lucido
2737 1233 3076 1305 baptismate
3120 1231 3400 1295 inivimus.

2000 1342 2022 1376 ι
2049 1322 2221 1379 Nocte
2241 1335 2293 1379 et
2315 1322 2406 1380 die
2435 1324 2489 1378 in
2520 1323 2792 1393 profundo
2824 1325 2997 1379 maris
3033 1323 3133 1377 fni.
3164 1320 3358 1396 [Vsus
3389 1317 3508 1392 26].
3544 1306 3553 1313 ’

1927 1415 1981 1472 In
2009 1416 2301 1473 itineribus
2332 1432 2498 1489 saepe.
2532 1436 2551 1469 ι

1995 1510 2101 1564 Alii
2127 1508 2349 1580 quidem
2380 1511 2538 1565 aiunt
2572 1525 2702 1566 eum
2737 1511 2792 1565 in
2825 1509 3001 1565 maris
3032 1506 3215 1563 medio
3253 1505 3513 1575 navigas-

1926 1616 2024 1659 se:
2060 1603 2157 1657 alii
2187 1616 2322 1658 vero
2353 1603 2638 1661 innatasse
2673 1603 2730 1659 in
2767 1601 2948 1658 medio
2980 1600 3196 1673 pelagi,
3228 1596 3375 1655 unde
3410 1610 3512 1652 nec

1926 1703 2128 1751 terram
2153 1734 2170 1760 ,
2200 1710 2305 1751 nec
2335 1704 2580 1753 montem
2608 1710 2839 1753 cernere
2874 1702 3125 1766 poterat:
3164 1690 3310 1764 quod
3352 1690 3513 1761 plane

224 1775 413 1831 ἐκεῖνό
466 1791 531 1845 γε
567 1772 690 1829 οὐδὲ
746 1772 1030 1845 θαύματος
1088 1774 1271 1842 ἄξιον,
1328 1776 1436 1830 οὐδ’
1468 1776 1704 1847 ἂνμετὰ
1754 1776 1823 1831 τὰ

1942 1787 2116 1843 verius
2148 1795 2251 1843 est.
2285 1784 2420 1840 Nam
2456 1786 2692 1841 alterum
2726 1782 2948 1859 quidem
2993 1799 3099 1839 nec
3140 1779 3515 1837 admiratione

224 1868 475 1938 ναυάγια
497 1868 635 1923 αὐτὸ
653 1866 902 1924 τέθεικεν
920 1866 997 1933 ὡς
1018 1865 1127 1923 τῶν
1153 1869 1428 1939 ναυαγίων
1458 1870 1643 1942 μεῖζον
1667 1868 1748 1926 ὄν.

310 2066 335 2101 ι
367 2046 654 2111 Κινδύνοις
694 2045 979 2118 ποταμῶν,
1036 2046 1304 2110 κινδύνοις
1359 2046 1599 2118 λῃστῶν,
1640 2044 1828 2102 κινδύ-

233 2158 352 2205 νοις
367 2140 436 2194 ὲκ
462 2139 678 2209 γένους,
704 2139 971 2204 κινδύνοις
1002 2138 1063 2205 ἐξ
1099 2138 1292 2201 ὲθνῶν,
1327 2138 1599 2205 κινδύνοις
1629 2141 1689 2196 ὲν
1729 2139 1827 2194 πό-

231 2232 347 2295 λει,
402 2231 678 2293 κινδύνοις
734 2233 795 2286 ὲν
846 2230 1073 2304 ἐρημίᾳ,
1122 2229 1391 2296 κινδύνοις
1439 2231 1498 2285 ὲν
1557 2230 1828 2307 θαλάσσῃ,

237 2324 512 2390 κινδύνοις
537 2325 596 2378 ὲν
630 2324 1043 2396 ψευδαδέλφοις.
1090 2342 1110 2377 ι

323 2415 699 2487 Ἠναγκάζετο
720 2416 829 2488 γὰρ
852 2415 1283 2490 διαπορθμεύειν
1313 2415 1616 2488 ποταμούς.

316 2528 336 2561 ι
387 2509 481 2562 Ἐν
514 2509 672 2580 κόπῳ
704 2510 803 2565 καὶ
831 2509 1041 2583 μόχθῳ,
1071 2510 1131 2563 ὲν
1174 2508 1510 2582 ἀγρυπνίαις
1540 2508 1827 2574 πολλάκις,

238 2604 296 2655 ἐν
318 2602 465 2673 λιμῶ
483 2602 580 2657 καὶ
599 2601 762 2672 δίψει,
787 2603 844 2656 ὲν
867 2602 1143 2676 νηστείαις
1161 2602 1447 2669 πολλάκις,
1467 2603 1525 2656 ἐν
1543 2601 1705 2674 ψύχει
1734 2603 1830 2659 καὶ

237 2695 544 2766 γυμνότητι
562 2712 578 2728 ’
610 2696 781 2768 χωρὶς
800 2696 908 2763 τῶν
933 2697 1230 2769 παρεκτὸς,
1256 2699 1291 2767 ή
1325 2695 1689 2760 ὲπισύστασίς
1720 2713 1827 2767 μου

235 2790 269 2858 ἠ
310 2788 662 2861 καθημέραν,
694 2790 728 2858 ἡ
760 2790 1005 2871 μέριμνα
1058 2789 1257 2844 πασῶν
1293 2788 1405 2843 τῶν
1459 2786 1828 2861 Ἐκκλησιῶν.

234 2883 332 2946 Τίς
357 2883 609 2949 ἀσθενεῖ,
640 2883 737 2937 καὶ
756 2883 860 2938 οὐκ
889 2882 1132 2952 deﬂevit);
1166 2885 1251 2949 τίς
1277 2881 1714 2951 σκανδαλίζεται,
1736 2882 1835 2937 καὶ
1859 2906 1868 2913 ·

241 2973 342 3026 οὐκ
379 2971 500 3040 ἐγὼ
544 2970 863 3044 πυροῦμαι;
898 2975 962 3030 Εἰ
1005 2974 1319 3045 καυχᾶσθαι
1376 2974 1478 3041 δεῖ,
1530 2973 1630 3038 τὰς
1668 2969 1833 3027 ἀσθε-

234 3064 386 3128 νείας
425 3082 531 3136 μου
567 3066 947 3138 καυχήσομαι.
987 3066 1044 3122 '0
1079 3066 1215 3131 Θεὸς
1238 3067 1336 3123 καὶ
1368 3065 1561 3137 Πατὴρ
1587 3064 1683 3120 τοῦ
1715 3066 1831 3120 Κυ-

1857 1838 1905 1895 Β

1926 1876 2155 1950 dignum
2183 1876 2326 1933 foret
2344 1916 2360 1941 ,
2390 1893 2494 1933 nec
2521 1884 2645 1948 post
2677 1872 2975 1946 naufragia
3005 1874 3111 1935 hoc
3145 1873 3263 1943 ipse
3291 1871 3513 1943 posuis-

1929 1978 2047 2036 set,
2084 1984 2184 2026 ceu
2213 1969 2499 2041 quidpiam
2536 1967 2850 2039 naufragiis
2885 1966 3087 2041 majus.
3532 2032 3537 2041 ί

2007 2084 2026 2116 ι
2057 2061 2329 2120 Periculis
2358 2062 2653 2119 fluminum
2676 2102 2691 2127 ,
2732 2058 2996 2131 periculis
3028 2060 3306 2115 latronum
3327 2097 3342 2123 ,
3374 2056 3513 2128 peri-

1928 2155 2074 2215 culis
2097 2170 2166 2211 ex
2192 2168 2391 2226 genere
2413 2193 2428 2218 ,
2463 2152 2729 2224 periculis
2755 2166 2818 2208 ex
2850 2150 3137 2223 gentibus,
3167 2140 3430 2222 periculis
3457 2146 3512 2203 in

1930 2248 2177 2314 civitate,
2214 2246 2477 2319 periculis
2504 2246 2562 2300 in
2592 2242 2915 2313 solitudine,
2943 2241 3210 2315 periculis
3243 2239 3300 2296 in
3331 2238 3470 2296 mari
3493 2277 3539 2319 ,_

1929 2340 2194 2411 periculis
2235 2339 2290 2394 in
2326 2337 2481 2395 falsis
2518 2336 2812 2393 fratribus.
2850 2352 2869 2387 ι

1999 2428 2136 2485 Nam
2171 2429 2471 2499 cogebatur
2498 2429 2663 2485 etiam
2697 2426 2923 2481 ﬂumina
2953 2424 3240 2496 trajicere.

2005 2522 2167 2579 Vens.
2203 2521 2400 2579 27-35.
2439 2540 2458 2573 ι
2491 2523 2554 2577 in
2598 2522 2792 2576 labore
2825 2527 2884 2575 et
2913 2532 3197 2584 aerumna,
3229 2517 3283 2571 in
3311 2514 3537 2595 vigiliis,

1932 2631 2110 2687 saepe,
2164 2615 2220 2670 in
2274 2614 2415 2670 fame
2458 2623 2514 2669 et
2563 2613 2687 2681 siti,
2720 2612 2775 2666 in
2810 2610 3056 2682 jejuniis
3086 2609 3428 2681 frequenter,
3461 2605 3517 2661 in

1933 2707 2140 2779 frigore
2168 2716 2225 2763 et
2255 2707 2549 2772 nuditate;
2598 2712 2802 2779 praeter
2851 2702 2945 2756 illa
2997 2716 3120 2773 quae
3168 2699 3519 2754 extrinsecus

1932 2811 2095 2868 sunt,
2129 2799 2394 2856 instantia
2437 2812 2563 2853 mea
2611 2788 2977 2869 quotidiana,
3029 2791 3352 2848 sollicitudo
3394 2805 3517 2845 om-

1932 2892 2084 2951 nium
2120 2890 2517 2961 Ecclesiarum.
2542 2886 2679 2954 Quis
2709 2885 3050 2947 infirmatur,
3079 2891 3133 2938 et
3159 2896 3259 2953 ego
3286 2895 3396 2935 non
3425 2880 3515 2934 in-

1936 2982 2168 3046 firmor?
2212 2981 2337 3052 quis
2385 2979 2818 3045 scandalizatur,
2864 2984 2920 3032 et
2965 2989 3066 3045 ego
3100 2989 3209 3029 non
3248 2971 3418 3027 uror?
3457 2969 3518 3027 Si

1934 3071 2161 3145 gloriari
2195 3078 2456 3143 oportet,
2489 3070 2559 3124 de
2592 3064 3010 3123 infirmitatibus
3046 3063 3182 3119 meis
3217 3060 3529 3134 gloriabor.‘

235 3158 354 3228 ρίου
406 3155 588 3248 ςλησοῦ
624 3158 882 3229 Χριστοῦ,
913 3161 941 3213 ὁ
969 3157 1047 3212 ὣν
1077 3159 1377 3231 εὐλογητὸς
1413 3161 1494 3222 εἰς
1533 3160 1663 3223 τοὺς
1692 3157 1824 3215 αἰῶ-

1942 3166 2082 3222 Deus
2116 3173 2172 3221 et
2204 3162 2367 3219 Pater
2398 3160 2616 3216 Domini
2652 3158 2830 3214 nostri
2861 3155 2996 3212 Jesu
3028 3153 3276 3222 Christi,
3310 3152 3403 3224 qui
3435 3158 3520 3208 est

234 3268 350 3316 νας,
386 3246 534 3305 οἶδεν
562 3251 647 3305 ὅτι
677 3251 738 3304 ού
784 3250 1080 3322 ψεύδομαι.
1123 3250 1213 3307 Ἐν
1242 3251 1522 3323 Δαμασκῷ
1564 3254 1594 3307 ὁ
1631 3251 1824 3322 ἐθνάρ-

1942 3256 2262 3313 benedictus
2294 3256 2348 3309 iu
2378 3252 2580 3311 saecula
2604 3291 2619 3315 ,
2651 3250 2754 3307 scit
2784 3249 2913 3321 quia
2958 3263 3071 3302 non
3118 3245 3374 3300 mentior.
3412 3241 3522 3297 Da-

237 3358 337 3413 χης
427 3341 626 3412 ’Δρέτα
685 3341 779 3397 τοῦ
849 3342 1118 3413 βασιλέως
1169 3343 1331 3415 ('1),
1406 3343 1669 3416 ἐφρούρει
1727 3344 1833 3415 τὴν

241 3432 624 3505 Δαμασκηνῶν
650 3434 832 3498 πόλιν,
864 3434 1060 3489 πιάσαι
1095 3453 1163 3507 με
1203 3436 1399 3503 θέλων,
1428 3439 1524 3491 καὶ
1553 3437 1642 3492 διὰ
1674 3437 1829 3511 θυρί-

239 3521 327 3586 δος
354 3525 419 3579 ἐν
440 3524 689 3598 σαργάνῃ
750 3526 1058 3599 ἐχαλάσθην
1084 3527 1176 3583 διὰ
1203 3527 1299 3582 τοῦ
1328 3528 1567 3600 τείχους,
1627 3530 1723 3585 καὶ
1743 3528 1833 3596 ἐξ·

251 3612 459 3685 έφυγον
483 3617 584 3681 τὰς
608 3619 799 3690 χεῖρας
827 3616 1019 3673 αὑτοῦ.
1058 3637 1077 3671 ι

839 3746 1095 3810 ΚΕΦΔᾹ.
1134 3748 1234 3811 ΙΒη.

327 3887 348 3921 ι
378 3869 700 3940 Καυχᾶσθαι
724 3869 790 3940 δὴ
822 3868 884 3922 ού
935 3868 1210 3941 συμφέρει
1266 3887 1361 3943 μοι
1388 3887 1401 3901 ⁸
1442 3870 1738 3944 ἐλεύσομαι
1771 3873 1830 3927 δὲ

257 3964 329 4026 είς
360 3961 625 4025 ὀπτασίας
656 3962 752 4016 καὶ
783 3960 1157 4032 ἀποκαλύψεις
1182 3962 1413 4035 Κυρίου.
1457 3982 1476 4016 ι

318 4054 490 4109 Τοῦτό
518 4071 704 4125 φησιν,
725 4054 824 4127 οὐχ
861 4052 937 4119 ὡς
966 4054 1120 4109 οὐδὲν
1170 4054 1428 4127 εἰρηκὼς,
1476 4055 1593 4110 ἀλλ’
1630 4057 1824 4130 ἐπειδὴ

261 4145 433 4216 μέλλει
472 4145 820 4217 μεταϐαίνειν
864 4146 944 4211 εἰς
998 4145 1185 4217 ἕτερον
1225 4146 1551 4218 καυχήσεως
1608 4143 1771 4217 εἶδος,
1800 4148 1830 4202 ὃ

256 4238 631 4311 λαμπρότερον
697 4237 858 4294 αὐτὸν
918 4236 1164 4293 δείκνυσι
1230 4238 1327 4292 καὶ
1393 4237 1824 4311 ἐπισημότερον.

258 4334 433 4388 Ταῦτα
455 4334 512 4389 δέ
541 4349 707 4404 φησιν
737 4333 795 4387 ὲν
828 4332 1029 4406 ἑαυτῷ,
1054 4331 1299 4399 ἐκείνους
1326 4334 1603 4391 παιδεύων
1630 4353 1826 4391 ταπει-

256 4431 547 4499 νοφρονεῖν.
579 4428 763 4500 Είγὰρ
789 4430 835 4485 ὁ,
852 4428 1094 4484 τοσαῦτα
1125 4429 1289 4500 ἔχων,
1339 4431 1603 4502 τοιοῦτος,
1632 4434 1686 4487 τί
1719 4435 1820 4488 οὐκ

254 4519 479 4590 ὤφειλον
501 4523 707 4579 ἐκεῖνοι
725 4523 899 4576 ποιεῖν
919 4537 935 4585 ;
1494 4516 1533 4539 "

323 4632 344 4665 ι
376 4609 507 4668 οἴδα
525 4612 811 4685 ἄνθρωπον
840 4614 903 4669 ὲν
926 4614 1153 4687 Χριστῷ
1173 4615 1282 4689 πρὸ
1310 4616 1448 4671 ὲτῶν
1489 4616 1824 4675 δεκατεσσά-

256 4721 361 4775 ρων
382 4719 399 4735 ·
434 4703 545 4758 εἴτε
582 4705 640 4757 ἐν
676 4703 910 4775 σώματι,
946 4706 1047 4761 οὐκ
1086 4703 1224 4772 οἶδα,
1252 4708 1364 4761 εἴτε
1409 4709 1568 4773 ἐκτὸς
1595 4708 1688 4762 τοῦ
1722 4708 1826 4777 σῴα

256 4813 445 4867 ματος,
469 4795 570 4857 οὐκ
595 4792 737 4867 οῖδα,
762 4798 792 4855 ὁ
816 4798 952 4864 Θεὸς
972 4796 1116 4855 οἶδεν
1135 4814 1150 4829 °
1184 4800 1507 4870 ἁρπαγέντα
1538 4801 1629 4855 τὸν
1653 4800 1828 4857 τοιοῦο

254 4904 339 4943 τον
364 4888 473 4952 tu;
507 4887 690 4961 τρίτου
725 4891 980 4963 οὐρανοῦ.
1033 4893 1145 4947 Καὶ
1173 4887 1292 4949 οἶδα
1314 4870 1407 4948 τὸν
1445 4891 1687 4953 τοιοῦτον
1728 4892 1821 4948 ἆν-

257 4983 466 5056 θρωιτον
487 5000 503 5017 ο
546 4983 658 5038 εῐτε
697 4985 756 5038 ὲν
797 4983 1032 5058 σώματι,
1079 4986 1189 5041 εἴτε
1239 4986 1397 5051 ἐκτὸς
1429 4987 1525 5045 τοῦ
1574 4986 1825 5059 σώματος

256 5076 349 5128 οὐκ
382 5070 522 5141 οἶδα,
550 5077 580 5128 ὀ
616 5076 748 5141 Θεὸς
777 5072 919 5131 οἶδεν
944 5094 957 5108 ο
1005 5078 1089 5132 ὅτι
1119 5080 1348 5152 ἡρπάγη
1397 5082 1478 5144 εἰς
1506 5080 1598 5135 τὸν
1644 5081 1823 5153 παρά-

255 5166 445 5235 δεισον,
470 5167 563 5224 καὶ
595 5168 830 5240 ἤκουσεν
856 5169 1076 5242 ἄρρητα
1108 5172 1355 5245 ῥήματα,
1374 5171 1413 5229 ἃ
1445 5173 1547 5231 οὐκ
1587 5172 1707 5245 ἐξὸν
1731 5176 1826 5228 dw-

259 5257 453 5330 Optiunp
487 5259 737 5332 λαλῆσαι.
773 5260 946 5335 Ὑπὲρ
978 5261 1075 5318 τοῦ
1125 5262 1369 5323 τοιούτου
1424 5252 1774 5337 καυχήσομαι
1802 5283 1816 5296 ·

1937 3351 2107 3406 masci
2151 3346 2483 3418 pncpositus
2515 3343 2699 3415 gentis
2743 3342 2923 3401 Aretae
2969 3338 3115 3412 regis
3163 3328 3525 3393 custodiebat

1933 3441 2211 3496 civitatem
2250 3437 2720 3492 Damascenorum
2757 3440 2818 3486 ut
2849 3444 2938 3485 me
2983 3426 3517 3499 comprehenderet,

1933 3543 1987 3590 ct
2020 3549 2115 3605 per
2148 3531 2443 3587 fenestram
2478 3530 2533 3585 in
2569 3535 2759 3601 sporta
2791 3523 3076 3580 demissus
3110 3537 3230 3578 sum
3262 3534 3361 3593 per
3390 3512 3518 3579 mu-
3587 3559 3594 3566 .

1933 3643 2055 3683 rum
2076 3667 2092 3694 ,
2121 3638 2186 3682 et’
2207 3626 2289 3682 sic
2318 3623 2470 3680 evasi
2502 3635 2702 3677 manus
2730 3618 2876 3689 ejus.
2901 3636 2920 3670 ι

2465 3757 2625 3830 152
2660 3753 2821 3815 esp.
2858 3753 2978 3811 xu.

2004 3878 2173 3935 Vens.
2217 3878 2270 3933 1.
2311 3894 2331 3933 ι
2361 3873 2604 3933 Gloriari
2638 3886 2774 3931 sane
2805 3886 2919 3928 non
2952 3865 3178 3942 expedit
3209 3863 3344 3943 mihi
3372 3879 3386 3919 :
3418 3874 3520 3921 vei

1932 3969 2084 4025 niam
2111 3975 2293 4024 autem
2325 3964 2395 4022 ad
2423 3965 2668 4023 visiones
2701 3970 2757 4020 et
2785 3959 3159 4018 revelationes
3183 3954 3429 4012 Domini.
3461 3972 3481 4007 ι

2006 4059 2121 4114 Hoc
2153 4060 2270 4127 ait,
2303 4073 2416 4113 non
2447 4056 2611 4128 quasi
2643 4054 2781 4109 nihil
2815 4053 3087 4117 dixisset,
3134 4048 3230 4107 sed
3272 4047 3405 4120 quia
3444 4043 3523 4109 ad

1933 4151 2081 4207 aliud
2131 4151 2323 4223 gloriae
2370 4154 2711 4204 momentum
2766 4146 3108 4200 transithrns
3154 4151 3319 4206 erat,
3371 4134 3521 4210 quod

1933 4242 2156 4315 quidem
2190 4255 2317 4296 eum
2358 4236 2790 4315 splendidiorem
2838 4232 3019 4290 reddit
3053 4241 3107 4288 et
3138 4228 3517 4311 insigniorem.

1933 4334 2057 4389 Haec
2089 4342 2272 4388 autem
2302 4332 2371 4386 de
2403 4331 2588 4402 seipso
2617 4333 2851 4392 narrat,
2885 4325 3148 4381 erudiens
3178 4323 3302 4377 illos
3334 4318 3523 4375 humiq

1935 4427 2062 4482 liter
2094 4425 2317 4481 sentire.
2350 4418 2486 4476 Nam
2518 4421 2564 4478 si
2599 4419 2724 4475 talis
2756 4427 2878 4474 erat
2903 4417 2999 4488 qui
3030 4424 3179 4471 tanta
3208 4412 3325 4467 hazc
3349 4408 3531 4466 habe-‘

1859 4544 1906 4609 ι)
1936 4529 2048 4586 ret,
2076 4516 2209 4591 quid
2240 4530 2351 4573 non
2383 4514 2463 4569 illi
2502 4512 2687 4569 facere
2715 4508 3081 4567 debuissent?

2005 4611 2173 4668 Vsus.
2214 4611 2336 4666 2-7.
2371 4629 2389 4662 ι
2426 4608 2552 4664 Scio
2582 4608 2859 4662 hominem
2897 4605 2953 4660 in
2982 4602 3207 4660 Christo
3250 4604 3380 4655 ante
3414 4606 3519 4653 ξιιμ.

1936 4724 2039 4765 nos
2093 4703 2518 4779 quatuordecim
2569 4700 2727 4773 (sive
2771 4701 2826 4754 in
2875 4711 3149 4769 corpore,
3199 4697 3315 4750 sive
3344 4698 3517 4746 extra

1934 4814 2177 4872 corpus,
2225 4797 2452 4864 nescio,
2510 4793 2657 4849 Deus
2708 4791 2891 4862 scit),
2924 4798 3140 4860 raptqu
3196 4783 3521 4854 hujusmodi

1934 4908 2107 4964 usque
2137 4888 2202 4945 ad
2233 4889 2460 4944 tertium
2495 4886 2718 4942 coelum.
2776 4882 2839 4937 Et
2874 4883 2993 4939 scio
3041 4876 3361 4950 hujusmodi
3418 4882 3518 4928 ιιυετ

1934 4986 2132 5041 minem
2164 4979 2316 5054 (sive
2347 4980 2400 5033 in
2430 4992 2680 5048 corpore,
2712 4977 2830 5031 sive
2850 4985 3009 5031 extra
3038 4985 3265 5042 corpus.
3300 4966 3520 5033 nescio,

1933 5078 2074 5135 Deus
2116 5074 2274 5146 scit),
2308 5070 2569 5143 quoniam
2603 5077 2793 5138 raptus
2839 5077 2924 5123 est
2956 5066 3013 5120 in
3066 5062 3429 5136 paradisum;
3466 5068 3519 5113 et

1929 5170 2136 5231 audivit
2161 5183 2364 5225 arcana
2399 5166 2567 5222 verba
2594 5206 2609 5226 .
2639 5179 2764 5236 quae
2794 5177 2903 5218 non
2942 5161 3070 5233 licet
3100 5157 3311 5213 homini
3338 5152 3513 5226 loqui.

1931 5264 2034 5321 Pro
2064 5261 2375 5332 hujusmodi
2409 5259 2697 5331 gloriabor
2728 5274 2743 5312 :
2774 5270 2874 5328 pro
2905 5270 2993 5311 me
3026 5260 3207 5308 autem
3248 5251 3368 5323 ipso
3405 5262 3516 5311 non

258 5347 388 5420 ὑπὲρ
419 5349 474 5404 δὲ
500 5351 739 5423 ἐμαυτοῦ
761 5353 822 5407 οὐ
852 5355 1227 5427 καυχήσομαι,
1256 5355 1306 5409 εί
1337 5357 1412 5428 μὴ
1431 5357 1491 5410 ὲν
1509 5361 1632 5422 ταῖς
1659 5358 1824 5414 ἀσθε-

1942 5356 2224 5431 gloriabor,
2258 5351 2366 5408 nisi
2404 5352 2457 5407 in
2494 5348 2920 5405 infirmitatibus
2957 5346 3121 5402 meis.
3155 5343 3290 5398 Nam
3326 5343 3372 5397 si
3418 5351 3516 5395 νοις

258 5439 421 5506 νείαις
446 5459 567 5514 μου.
608 5444 737 5498 Ἐὰν
757 5444 867 5517 γὰρ
896 5444 1113 5518 θελήσω
1135 5448 1541 5520 καυχήσασθαι,
1569 5450 1670 5505 οὐκ
1699 5451 1820 5506 ἔσο-

264 5547 356 5603 μαι
378 5534 581 5608 ἄφρων.
625 5535 907 5610 ’Δλήθειαν
934 5538 1044 5612 γὰρ
1070 5539 1203 5612 ἐρῶ.
1238 5542 1494 5615 Φείδομσι
1525 5543 1601 5610 δὲ,
1630 5547 1702 5618 μή
1735 5563 1822 5611 τις
1850 5532 1857 5567 ³

1932 5428 2086 5506 luero
2117 5446 2376 5520 gloriari,
2414 5460 2522 5497 non
2556 5444 2653 5497 cr‘o
2692 5439 2989 5511 insipiens.
3022 5432 3318 5492 Veritatem
3361 5428 3515 5492 enim

1898 5532 1903 5539 ’
1931 5534 2131 5601 dicam.
2162 5536 2339 5610 Pareo
2368 5547 2550 5595 autem
2579 5577 2595 5603 ,
2633 5550 2705 5592 ne
2736 5535 2868 5607 quis
2896 5547 2984 5588 me
3023 5527 3304 5588 existimet
3340 5534 3515 5594 supra

1760 5733 1989 5795 ΝΟΤίΕ.
2020 5780 2027 5789 .

325 5835 400 5911 (η
422 5836 480 5897 in
506 5854 678 5919 marg.
709 5842 1000 5916 Πενθερὸς
1042 5845 1283 5917 Ἡρώδου
1309 5850 1338 5903 ὁ
1369 5848 1598 5925 Ἀρέτας
1622 5846 1800 5949 οὗτος.

1942 5804 2251 5909 rer‘lierodis
2272 5852 2384 5902 erat
2411 5842 2601 5896 Amas
2634 5838 2755 5897 iste.
