3970 6464
391 389 501 454 767
1578 399 1640 458 S.
1667 394 1990 460 JOANNlS
2029 395 2461 459 DAMASCENI
3543 398 3657 465 768

393 505 448 560 id
484 501 634 576 quod
665 501 814 561 videt
842 503 896 559 in
928 516 1050 568 me.
1082 509 1180 560 aut
1213 501 1427 578 aliquid
1457 505 1612 564 audit
1661 521 1729 564 ex
1781 523 1888 564 me.
1919 507 1983 562 Et

2110 510 2154 575 ίς
2181 510 2282 583 ἐμὲ
2317 511 2607 584 λογίσηται
2634 511 2776 584 ὑπὲρ
2799 511 2828 566 δ
2858 510 3044 584 βλέπει
3087 530 3178 584 με,
3213 514 3247 586 ἢ
3281 514 3472 570 ἀκούει
3501 534 3554 570 τι
3593 516 3662 582 ἐξ

393 612 464 652 ne
494 595 818 669 magnitudo
853 596 1256 654 revelationum
1282 597 1514 655 extollat
1543 613 1631 657 me
1649 639 1667 667 ,
1692 599 1860 656 datus
1900 607 1983 656 est

2110 602 2227 673 μοῦ.
2264 605 2376 659 Καὶ
2429 606 2497 677 τῇ
2535 603 2812 678 ὑπερϐολῇ
2859 604 2970 659 τῶν
3009 605 3414 676 ἀποκαλύψεων
3455 608 3544 662 ἵνα
3578 608 3664 681 μὴ

389 684 526 741 mihi
565 688 828 744 stimulus
861 688 1040 744 carni.
1072 709 1092 743 ι

2110 701 2480 774 περαίρωμαι,
2512 701 2668 774 ἐδόθη
2703 720 2794 774 μοι
2828 701 3030 774 σκόλοψ
3055 706 3120 775 τῇ
3150 705 3338 776 σαρκί.
3386 724 3406 759 ι

457 779 594 834 Cum
625 780 812 837 multa
839 781 945 839 sibi
971 784 1344 845 revelationes
1373 789 1568 846 tierent
1591 829 1606 856 ,
1637 788 1784 845 hanc
1815 804 1979 845 unam

387 870 565 938 ponit.
599 870 759 940 Quod
786 884 975 931 autem
1011 879 1330 950 complures
1368 888 1594 946 essent,
1637 881 1757 952 ipse
1796 881 1985 938 decla-

393 963 533 1017 ravit
566 963 804 1022 dicendo
825 1010 840 1035 ,
873 985 934 1023 ne
968 971 1336 1040 magnitudine
1374 974 1760 1029 revelationum
1806 974 1984 1030 extol-

395 1052 500 1107 lar.
531 1051 744 1110 Idcirco
772 1073 902 1112 vero
943 1064 1370 1130 quatuordecim
1427 1081 1703 1122 annorum
1763 1073 1982 1136 tempus

393 1145 654 1214 scripsit.
690 1155 752 1201 ut
783 1151 1132 1218 ostenderet,
1159 1154 1309 1225 quod
1338 1155 1431 1227 qui
1467 1164 1624 1213 tanto
1648 1171 1710 1214 se
1733 1163 1984 1230 tempore

391 1239 740 1294 continuerat
761 1282 775 1306 ,
803 1241 948 1299 hanc
981 1260 1264 1317 nunquam
1293 1251 1589 1308 recitasset
1608 1289 1624 1316 ,
1653 1250 1761 1308 nisi
1788 1267 1849 1308 se
1881 1266 1981 1306 ne-

389 1331 653 1389 cessitate
681 1337 1029 1406 compulsum
1063 1341 1352 1399 sensisset.

467 1441 486 1474 ι
513 1425 759 1498 Angelus
788 1425 1006 1486 Satanae
1025 1469 1040 1496 ,
1074 1431 1171 1502 qui
1203 1447 1291 1490 me
1312 1433 1626 1507 colaphizet
1645 1476 1660 1503 ,
1689 1451 1759 1493 ne
1785 1450 1974 1509 super-

388 1516 642 1572 extollar.
677 1535 698 1569 ι

465 1605 636 1661 8αιαπ
676 1605 909 1665 ΗΘΜ-πο
930 1624 1186 1666 sermone
1203 1610 1559 1667 adversarius
1583 1610 1814 1669 dici!ur.
1839 1609 1975 1666 Nam

395 1697 685 1768 Scriptura
731 1699 800 1754 de
847 1699 1146 1758 Salomone
1202 1717 1440 1761 narrans
1498 1703 1574 1758 ait
1618 1720 1634 1758 :
1691 1701 1815 1758 Non
1859 1713 1978 1759 erat

392 1786 565 1842 Salan
596 1789 649 1843 in
677 1789 862 1846 diebus
895 1792 1052 1862 ejus;
1083 1793 1137 1850 id
1184 1806 1271 1851 est
1317 1795 1411 1866 qui
1458 1795 1664 1852 bellqu
1708 1795 1974 1866 inferret,

2138 793 2358 850 Πολλῶν
2385 793 2562 848 οὐσῶν
2583 795 3002 870 ἀποκαλύψεων,
3029 798 3159 870 μίαν
3179 797 3385 868 ταύτην
3408 797 3628 866 τίθησιν
3645 813 3666 830 ο

2069 886 2153 941 δτι
2182 886 2240 941 δὲ
2267 881 2410 960 ἦσαν
2437 880 2653 958 πολλαὶ,
2680 889 2844 955 αὐτὸς
2877 889 3113 959 ἐπεξιὼν
3135 887 3312 954 εἶπεν,
3348 887 3670 960 ὑπερϐολῇ

2073 981 2190 1034 τῶν
2206 980 2678 1054 ἀποκαλύψεων,
2702 986 2804 1040 ἵνα
2826 985 2914 1056 μὴ
2938 986 3362 1056 ὑπεραίρωμαι.
3383 983 3482 1037 Διά
3497 986 3673 1036 τοῦτο

2069 1075 2126 1129 δὲ
2155 1076 2252 1132 καὶ
2281 1075 2373 1132 τὸν
2406 1078 2603 1150 χρόνον
2628 1077 2811 1150 τίθησι
2857 1078 2969 1137 τῶν
3017 1079 3438 1150 δεκατεσσάρων
3492 1077 3671 1142 ἑτῶν,

2074 1167 2160 1220 ἵνα
2185 1167 2360 1240 δείξῃ,
2391 1169 2596 1224 ὅτιούκ
2630 1169 2697 1224 ἂν
2721 1171 2749 1224 ὁ
2768 1170 3024 1224 τοσοῦτον
3050 1169 3403 1242 καρτερήσας
3439 1159 3671 1241 χρόνον,

2071 1259 2168 1313 νῦν
2197 1259 2264 1315 ἀν
2292 1259 2530 1328 ἐξεῖπεν,
2560 1261 2608 1314 εί
2637 1261 2714 1333 μὴ
2740 1260 2943 1333 πολλὴν
2971 1259 3088 1333 ᾔδει
3113 1260 3214 1334 τὴν
3243 1260 3512 1333 ἀνάγκην.

2150 1450 2169 1484 ι
2216 1431 2475 1501 Ἀγγελος
2493 1429 2798 1498 Σατὰν,ἴνα
2831 1447 2901 1503 με
2931 1429 3223 1502 κολαφίζῃ,
3256 1430 3342 1485 ἵνα
3375 1431 3451 1504 μὴ
3489 1431 3674 1506 ὑπερ-

2073 1521 2339 1595 αίρωμαι.
2379 1542 2398 1576 ο

2146 1615 2346 1669 Σατὰν
2377 1615 2407 1668 ὁ
2435 1611 2815 1684 ἀντικείμενος
2861 1614 3084 1686 λέγεται
3119 1617 3185 1688 τῇ
3219 1615 3330 1671 τῶν
3391 1615 3678 1688 Ἑϐραίων

2077 1708 2253 1777 φωνῇ.
2281 1704 2454 1758 Τοῦτο
2482 1703 2593 1776 γάρ
2617 1706 2710 1760 ἐπὶ
2742 1706 3092 1778 Σολομῶντος
3123 1706 3458 1778 διηγουμένη
3491 1706 3679 1777 φησὶν

2078 1799 2112 1869 ἡ
2138 1797 2326 1870 Γραφή
2352 1811 2366 1826 ⁶
2397 1799 2521 1852 Οὐκ
2547 1793 2628 1869 ἦν
2656 1797 2856 1854 Σατάν
2885 1808 2907 1836 ³
2929 1797 3144 1866 ἐνταῒς
3171 1798 3420 1870 ἡμέραις
3447 1796 3673 1854 αὐτοῦ·

391 1889 485 1934 aut
537 1895 606 1936 ex
667 1881 904 1940 adverso
961 1892 1162 1942 staret.
1219 1885 1377 1952 Quod
1430 1902 1565 1958 ergo
1617 1887 1784 1954 dicit,
1825 1886 1977 1942 hunc

2110 1887 2324 1942 λουτέστι
2380 1887 2660 1960 πολεμῶν,
2701 1889 3099 1961 ἀντικείμενος.
3145 1891 3212 1944 ’0
3253 1889 3437 1943 τοίνυν
3486 1888 3678 1959 λέγει,

392 1971 559 2027 habet
587 1987 811 2029 sensum
852 1993 866 2031 :
908 1975 1031 2032 Non
1087 1978 1344 2050 permisit
1393 1979 1539 2037 Deus
1585 1988 1643 2035 ut
1692 1978 1979 2052 Evangelii

2113 1977 2319 2033 οιοῦτόν
2360 1981 2538 2034 ἐστιν⁸
2573 1983 2690 2034 Οὐκ
2721 1981 2903 2036 εἴασεν
2936 1984 2965 2036 ὁ
3003 1981 3136 2046 Θεὸς
3176 1981 3410 2052 ἀπονητὶ
3447 1999 3679 2054 προχω-

393 2063 712 2134 pmdicatio
737 2064 896 2122 nullo
925 2067 1121 2124 labore
1151 2069 1604 2141 progrederetur,
1649 2071 1729 2125 uti
1774 2069 1976 2125 fastum

2110 2067 2250 2138 ιῆσαι
2279 2065 2341 2120 τδ
2373 2068 2658 2140 κήρυγμα,
2685 2071 3066 2126 καταστέλλων
3097 2071 3255 2142 ἡμῶν
3285 2071 3346 2126 τδ
3367 2072 3631 2143 φρόνημα
3656 2086 3673 2104 ο

390 2162 646 2211 nostrum
677 2157 1070 2229 comprimeret
1099 2177 1114 2215 :
1148 2160 1244 2217 sed
1279 2159 1619 2218 adversariis
1678 2177 1780 2218 nos
1824 2162 1982 2218 inva-

2110 2157 2218 2212 ιλλά
2269 2158 2622 2233 συνεχώρησε
2690 2163 2806 2226 τοῖς
2858 2161 3267 2234 ἀντικειμένοις
3325 2161 3676 2217 ἐπιτίθεσθαι

392 2245 558 2303 dendi
613 2255 952 2317 potestatem
1008 2250 1158 2308 fecit.
1215 2252 1476 2326 Angelum
1530 2253 1718 2323 itaque
1765 2251 1981 2313 Satame

2110 2253 2234 2323 ιμῖν.
2269 2253 2571 2326 ’Ἄγγελον
2609 2253 2790 2308 τοίνυν
2830 2253 3071 2313 Σατανᾶ
3097 2255 3270 2325 λέγει,
3315 2255 3677 2326 Ἀλέξανδρον

391 2341 632 2413 appellat
656 2342 1030 2400 Alexandrum
1054 2343 1312 2401 aerarium
1337 2385 1352 2406 ,
1385 2345 1737 2418 Hymenaeum
1763 2353 1818 2401 et
1850 2344 1976 2399 Phi-

2113 2343 2170 2397 δν
2211 2343 2445 2414 χαλκέα,
2514 2343 2807 2415 Ὑμέναιον
2836 2343 2930 2398 καὶ
2965 2344 3218 2416 Φιλητὸν,
3241 2345 3368 2410 τοὺς
3389 2344 3491 2416 τὴν
3534 2344 3675 2400 ἀνά-

393 2431 598 2501 letum,
625 2434 720 2505 qui
770 2435 1235 2493 resurrectionem
1279 2435 1478 2492 factam
1521 2452 1646 2494 esse
1696 2452 1983 2493 assevera-

2110 2451 2272 2490 ’τασιν
2327 2435 2588 2507 λέγοντας
2635 2435 2741 2508 ἢδη
2788 2435 3098 2505 γεγονέναι,
3139 2435 3235 2490 καὶ
3283 2435 3491 2500 πάντας
3540 2437 3677 2500 τοὺς

392 2532 560 2593 rent;
593 2543 706 2584 uno
735 2529 908 2584 verbo
939 2543 1135 2585 omnes
1164 2544 1395 2600 prorsus
1426 2530 1523 2600 qui
1566 2528 1980 2600 praedicationis

2110 2527 2494 2597 Ντικειμένους
2521 2525 2602 2599 τῷ
2651 2525 2798 2600 λόγῳ
2851 2525 2948 2581 τοῦ
2980 2526 3362 2600 κηρύγματος,
3392 2527 3489 2582 καὶ
3516 2527 3678 2598 φιλο-

394 2620 640 2675 sermoni
681 2619 1164 2687 contradicerent,
1195 2621 1400 2692 quique
1442 2628 1639 2677 contra
1674 2635 1732 2677 se
1759 2621 1887 2678 lites
1926 2629 1981 2677 et

2110 2618 2398 2685 »εικοῦντας
2421 2619 2595 2692 αὐτῷ,
2622 2618 2720 2674 καὶ
2746 2618 3142 2692 πολεμοῦντας,
3176 2618 3273 2674 καὶ
3295 2617 3677 2689 ὲμσάλλοντας

393 2725 607 2781 pugnas
665 2712 1016 2780 excitarent,
1073 2723 1131 2768 et
1185 2713 1242 2768 in
1302 2727 1560 2770 carceres
1613 2711 1978 2783 conjicerent.

392 2800 872 2868 Quemadmodum
913 2818 1048 2876 ergo
1084 2801 1308 2862 Iudaeos
1347 2802 1554 2860 diaboli
1589 2803 1734 2859 ﬁlios
1761 2819 1982 2859 nuncu-

393 2902 526 2965 pat,
557 2894 652 2964 qui
683 2909 855 2966 opera
885 2895 1037 2952 illius
1069 2895 1494 2962 aemularentur,
1525 2897 1602 2952 ita
1633 2895 1857 2952 Satanae
1885 2911 1983 2952 an-

393 2986 550 3056 gelos
579 2986 706 3043 illos
738 2995 934 3050 vocat,
969 2989 1288 3059 quicunque
1321 2988 1756 3046 adversarentur
1803 2987 1984 3044 Evan-

395 3076 561 3146 gelio.
590 3075 892 3145 Quocirca,
920 3076 1090 3134 Datus
1140 3089 1221 3135 est
1258 3079 1389 3134 mihi
1438 3080 1720 3151 stimulus,
1767 3081 1981 3153 inquit,

2081 2713 2163 2776 είς
2207 2712 2585 2785 δεσμωτήρια.
2628 2711 2848 2784 ’Ὠσπερ
2878 2706 2972 2767 οῦν
3011 2711 3165 2774 υἱοὺς
3222 2709 3474 2766 διαϐόλου
3513 2709 3680 2764 καλεῖ

2081 2804 2209 2868 τοὺς
2261 2802 2574 2870 Ἰουδαίους,
2625 2802 2697 2858 τὰ
2747 2804 2959 2859 ἐκείνου
3002 2801 3323 2875 ζηλοῦντας,
3375 2800 3521 2856 οὕτω
3570 2800 3678 2855 καὶ

2067 2892 2350 2964 ’ἀγγέλους
2385 2894 2602 2949 Σατανᾶ
2660 2893 2843 2950 πάντα
2884 2894 2978 2950 τδν
3019 2892 3419 2947 ἀντιπίπτοντα
3451 2891 3530 2962 τῷ
3563 2909 3676 2962 κηο

2088 2984 2350 3059 ρύγματι.
2384 2985 2560 3040 Τοῦτο
2579 2979 2695 3053 οὗν,
2725 2985 2907 3054 ἐδόθη
2931 3003 3036 3055 μοι
3065 2985 3331 3052 σκόλοψ,
3357 2983 3544 3054 φησιν,
3569 2983 3680 3036 ἵνα

2079 3094 2157 3148 με
2186 3075 2485 3148 κολαφίζῃ
2506 3095 2521 3110 ο
2547 3077 2650 3150 οὐχ
2679 3077 2756 3142 ὡς
2780 3076 2878 3132 τοῦ
2903 3076 3041 3131 Θεοῦ
3069 3077 3199 3141 τοὺς
3223 3075 3500 3139 τοιούτους
3527 3075 3680 3152 61:5!-

394 3173 455 3219 ιιι
490 3181 570 3219 me
599 3165 928 3236 colaphizet,
963 3181 1073 3222 non
1106 3169 1272 3239 quasi
1309 3167 1452 3225 Deus
1485 3169 1760 3240 ejusmodi
1801 3171 1981 3226 homi-

2110 3172 2308 3234 ζοντοςο
2353 3169 2429 3242 μὴ
2460 3169 2709 3240 γένοιτοο
2753 3168 2877 3224 οὐδὲ
2926 3166 3274 3234 κολάζοντος,
3325 3166 3449 3221 οὐδὲ
3492 3182 3677 3237 τιμω-

396 3272 496 3316 nes
519 3268 755 3316 armaret
776 3259 957 3331 (absit
980 3261 1127 3317 enim
1155 3261 1363 3333 istud),
1390 3263 1475 3318 vel
1499 3262 1556 3318 in
1587 3263 1765 3335 ipsum
1799 3265 1979 3318 anim-

397 3350 732 3406 advertendo
789 3353 1102 3422 plecteret:
1151 3354 1248 3411 sed
1299 3355 1429 3427 quia
1476 3355 1549 3411 ita
1595 3357 1712 3412 lierl
1755 3359 1979 3429 pennit-

397 3444 548 3500 lebat
569 3487 582 3508 .
619 3447 888 3502 ultionem
916 3449 1222 3517 rejicieudo
1253 3451 1306 3505 in
1337 3452 1482 3508 diem
1510 3451 1732 3522 judicii.

474 3534 638 3591 Vens.
682 3537 736 3593 8.
772 3556 791 3590 ι
831 3535 1062 3609 Propter
1094 3539 1242 3611 quod
1284 3548 1368 3596 ter
1406 3539 1701 3597 Dominum
1754 3543 1980 3614 rogavi,

400 3637 460 3683 ut
488 3628 801 3685 discederet
831 3645 862 3684 a
893 3646 1002 3687 me.
1035 3649 1055 3684 ι

469 3720 636 3792 Atqui
661 3735 876 3790 magna;
894 3720 1000 3778 hoc
1020 3721 1383 3780 demissionis
1402 3723 1574 3779 animi
1599 3734 1984 3796 argumentum

401 3816 520 3873 est,
558 3808 707 3879 quod
734 3822 838 3864 nec
863 3809 1164 3868 celaverat.

446 3901 634 3974 .153
663 3901 836 3959 γιιε.
871 3899 930 3957 9.
961 3920 982 3955 ι
1013 3901 1081 3956 Et
1110 3900 1250 3956 dixit
1276 3901 1413 3956 mihi
1446 3919 1460 3958 :
1507 3899 1717 3958 Suﬂicit
1743 3901 1842 3957 tibi
1863 3917 1988 3976 gra-

402 3994 482 4050 tia
511 4008 651 4048 mea.
693 4011 713 4045 ι

469 4081 768 4154 Nimirum,
809 4084 956 4156 quod
989 4092 1241 4141 mortuos
1273 4086 1515 4144 suscitas
1537 4126 1552 4153 ,
1579 4100 1757 4144 caecos
1798 4102 1984 4154 curas,

401 4184 460 4232 et
485 4175 590 4232 alia
615 4193 963 4250 quaecunque
993 4176 1244 4252 prodigia
1279 4175 1439 4234 facis.

478 4285 500 4320 ι
535 4263 672 4322 Nam
709 4267 889 4324 virtus
908 4282 1029 4324 mea
1063 4268 1120 4323 in
1154 4267 1478 4324 inﬁrmitate
1505 4267 1813 4340 perficitur.
1860 4287 1880 4321 ι

333 4377 352 4397 α
375 4379 395 4402 ο
473 4356 611 4416 Cum
635 4357 994 4428 abigerentur
1015 4360 1568 4433 exagitarenturque,
1597 4367 1836 4416 cunctos
1869 4357 1992 4413 vin-

401 4449 620 4506 cebant.

2090 3260 2355 3333 ρουμένου
2406 3261 2568 3326 τέως.
2602 3262 2740 3318 ἀλλὰ
2791 3259 3226 3333 συγχωροῦντος,
3269 3258 3368 3314 καὶ
3414 3258 3679 3328 ἀφιέντος

2084 3353 2144 3405 έν
2173 3352 2356 3425 ἡμέρᾳ
2385 3354 2639 3424 κρίσεως.

2163 3551 2184 3586 ι
2237 3531 2412 3604 ’Υπὲρ
2442 3532 2632 3587 τούτου
2661 3533 2785 3606 τρὶς
2818 3528 2918 3588 τὸν
2943 3532 3151 3602 Κύριον
3184 3527 3560 3602 παρεκάλεσα,
3588 3527 3680 3581 ἵνα

2087 3627 2299 3696 ἀποστῇ
2323 3625 2420 3678 ἀπ’
2451 3623 2609 3696 ἐμοῦ.
2654 3643 2674 3677 ι

2160 3717 2274 3772 Καὶ
2344 3717 2504 3772 τοῦτο
2575 3715 2781 3789 πολλῆς
2861 3711 3371 3788 ταπεινοφροσύνης
3393 3752 3410 3779 ,
3464 3710 3529 3764 es
3595 3708 3681 3779 μὴ

2087 3809 2318 3882 κρύψαι.

2168 3921 2186 3956 ι
2219 3903 2330 3957 Καὶ
2369 3901 2559 3974 είρηκέ
2592 3915 2722 3972 μοι·
2771 3899 2956 3970 Ἀρκεῖ
2985 3913 3068 3952 σοι
3095 3897 3130 3968 ἡ
3157 3895 3319 3968 χάρις
3350 3909 3475 3964 μου.
3511 3909 3532 3944 ι

2165 4081 2482 4143 Τουτέστιν,
2521 4080 2604 4134 ὅτι
2624 4077 2876 4150 Νεκροῦς
2901 4074 3164 4147 ὲγείρεις,
3195 4071 3291 4127 καὶ
3315 4067 3556 4139 τυφλοὺς
3586 4065 3684 4122 θε-

2002 4186 2005 4188 ’
2095 4175 2378 4248 ραπεύεις,
2415 4173 2514 4226 καὶ
2545 4169 2614 4224 τὰ
2638 4169 2775 4226 ἄλλα
2800 4167 2912 4220 τῶν
2944 4164 3192 4237 σημείων
3225 4163 3421 4225 ποιεῖς.

2171 4285 2188 4318 ι
2242 4265 2306 4318 Ἦ
2329 4263 2440 4334 γὰρ
2465 4261 2696 4332 δύναμίς
2751 4275 2858 4331 μου
2899 4259 2960 4312 ὲν
2996 4252 3254 4326 ἀσθενείᾳ
3288 4250 3618 4307 τελειοῦται.
3659 4271 3678 4301 ο

2175 4355 2558 4428 Ἐλαυνόμενοι
2591 4353 2722 4425 γάρ,
2779 4352 2876 4408 καὶ
2912 4349 3260 4422 διωκόμενοι,
3314 4346 3536 4401 πάντων
3573 4361 3677 4397 πε-

2099 4450 2421 4522 ριεγένοντο.

482 4561 506 4598 ι
567 4541 834 4600 Libenter
893 4545 1064 4614 igitur
1123 4545 1410 4617 gloriabor
1463 4545 1518 4600 in
1574 4541 1983 4601 inﬁrmitatibus

2175 4560 2194 4594 ι
2235 4541 2470 4596 Ἥδιστα
2503 4539 2599 4595 οῦν
2632 4537 2834 4611 μᾶλλον
2866 4535 3218 4608 καυχήσομαι
3257 4531 3318 4586 ὲν
3361 4532 3486 4594 ταῖς
3522 4527 3692 4588 ἀσθε-

405 4637 568 4701 meis,
608 4643 667 4691 ut
697 4630 969 4695 inhabitet
1000 4638 1057 4693 in
1085 4653 1171 4695 me
1203 4638 1387 4694 virtus
1418 4636 1648 4694 Christi.
1690 4656 1709 4690 ο

477 4814 557 4874 Ne
583 4818 946 4875 conciderent
994 4819 1201 4887 animo,
1254 4829 1379 4876 eum
1417 4821 1658 4892 apostoli
1694 4821 1994 4882 mendaces

405 4908 478 4966 ob
511 4925 601 4967 res
636 4912 952 4968 contrarias
993 4911 1390 4984 gloriarentur,
1423 4912 1527 4985 ipsi
1559 4929 1689 4970 vero
1716 4914 1771 4970 in
1802 4930 1994 4986 perse-

409 4998 734 5057 cutienibus
766 5014 1028 5075 agerent;
1072 5002 1312 5060 ostendit
1342 5001 1492 5074 ipsos
1521 5019 1620 5076 per
1654 5021 1750 5062 eas
1776 5005 1986 5064 clario-

410 5104 504 5148 res
535 5107 826 5150 evasuros.

497 5181 672 5243 Vens.
701 5184 790 5242 10.
823 5205 842 5239 ι
885 5183 1117 5257 Propter
1143 5187 1292 5258 quod
1341 5187 1534 5259 placeo
1577 5189 1711 5245 mihi
1747 5189 1804 5246 in
1841 5189 1994 5245 inﬁr-

417 5276 706 5334 mitatibus
756 5279 920 5344 meis,
974 5279 1030 5334 in
1085 5280 1461 5349 contumeliis,
1528 5281 1585 5338 in
1647 5281 1996 5339 necessitati-

415 5368 542 5442 bus,
574 5369 630 5428 in
653 5372 1160 5444 persecutionibus,
1185 5373 1243 5430 in
1274 5375 1548 5447 angustiis
1585 5390 1686 5448 pro
1713 5375 1992 5433 Christo.»

2101 4634 2272 4700 νείαις
2300 4651 2424 4706 μου,
2464 4633 2554 4687 ίνα
2606 4629 2968 4704 ἐπισκηνώσῃ
2999 4628 3086 4682 ἐπ’
3128 4625 3231 4698 εμὲ
3260 4627 3294 4698 ἡ
3321 4623 3557 4695 δύναμις
3584 4620 3686 4677 τοῦ

2100 4727 2360 4801 Χριστοῦ.
2403 4747 2422 4780 ι

2173 4821 2292 4876 Ἵνα
2331 4820 2408 4893 μὴ
2431 4818 2811 4884 καταπέσωσι,
2836 4814 2948 4870 τῶν
2975 4809 3436 4884 ψευδαποστόλων
3457 4807 3554 4862 ἐπὶ
3573 4805 3693 4871 τοῖς

2102 4912 2369 4976 ἐναντίοις
2412 4909 2810 4981 καυχωμένων,
2855 4907 2951 4961 καὶ
2980 4904 3152 4958 δντων
3189 4901 3400 4956 τούτων
3429 4901 3489 4954 ὲν
3520 4898 3691 4966 διωγ·

2104 5011 2248 5082 μοῖς,
2304 5005 2580 5060 δείκνυσιν
2631 5004 2713 5058 δτι
2756 4999 2848 5056 διὰ
2902 4997 3112 5052 τούτων
3172 4994 3554 5065 λαμπρότεροι
3607 4987 3694 5058 γίο

2102 5118 2328 5245 νοῖτῗιδ
2349 5187 2556 5244 εὐδοκῶ
2589 5187 2648 5242 ἐν
2669 5182 3001 5249 ἀσθενείαις,
3053 5181 3114 5235 ἐν
3144 5178 3392 5248 ὕϐρεσιν,
3425 5175 3486 5228 έν
3525 5172 3699 5239 ἀνάγο

2105 5300 2250 5350 καις,
2274 5283 2334 5339 ὲν
2365 5279 2650 5353 διωγμοῖς,
2675 5279 2734 5333 ὲν
2769 5273 3158 5348 στενοχωρίαις
3185 5270 3330 5341 ὑπὲρ
3373 5262 3641 5337 Χριστοῦ.
3674 5281 3694 5316 ι

1713 5504 1952 5563 VABIE
1993 5503 2404 5563 LELTIONES.

491 5651 518 5684 ³
545 5643 671 5698 Οὐκ
697 5638 778 5715 ἦν
802 5643 1018 5699 Σατάν.
1049 5643 1169 5700 Lib.
1201 5643 1290 5710 lll,
1324 5644 1459 5718 Reg.
1486 5663 1610 5718 cap.
1641 5663 1696 5712 v,
1739 5645 1792 5700 in
1827 5644 2056 5700 Hebraeo
2106 5661 2205 5700 vox
2259 5639 2391 5734 pati
2417 5642 2590 5700 Salen
2619 5642 2856 5713 legitur:
2885 5640 3032 5734 unde
3071 5637 3442 5734 Hieronymus
3469 5634 3523 5689 in
3563 5630 3697 5734 ναι-

422 5739 548 5803 gata
573 5733 795 5805 posuit,
830 5749 933 5788 non
963 5744 1043 5789 est
1070 5733 1262 5800 Suum,
1293 5737 1348 5790 in
1379 5735 1567 5792 Graeca
1595 5752 1726 5791 vero
1755 5734 1896 5791 LXX
1921 5725 2287 5805 interpretum
2329 5734 2714 5805 translatione,
2742 5733 3048 5788 secundum
3076 5729 3310 5805 codices.
3338 5741 3550 5805 omnes,
3584 5725 3689 5779 sal-

422 5796 535 5858 tem
570 5796 892 5868 hodiernos,
946 5806 1178 5860 habetur
1213 5796 1318 5876 οὒκ
1345 5807 1496 5860 ἐστὶν
1519 5807 1824 5870 ἐπίϐουλος,
1857 5821 1958 5860 nec
1984 5796 2216 5876 usquam
2247 5802 2470 5860 Hebraea
2507 5796 2612 5860 'vox
2634 5796 2964 5861 inconversa
2993 5810 3237 5871 apparet.
3271 5797 3427 5855 Unde
3450 5796 3691 5870 Chryso—

424 5889 641 5933 Itomus
694 5878 860 5934 verba
899 5876 1012 5933 haec
1037 5891 1159 5948 quae
1205 5875 1404 5934 Noster
1453 5878 1644 5934 recitat
1683 5879 1977 5948 acceperit,
2018 5892 2125 5933 non
2169 5875 2362 5946 liquet.
