3970 6398
225 341 324 402 ’ἶθὲ

1367 334 1446 396 1N
1479 334 1721 395 EPIST.
1764 332 1864 391 AD
1897 330 2262 392 CORINTH.
2309 331 2390 393 II.

3389 331 3494 404 770

302 449 415 503 ἰνα
453 452 529 522 μή
567 469 653 516 τις
691 451 889 526 νομίσῃ
938 449 1258 522 σωματικὴν
1289 445 1581 499 ἀσθένειαν
1627 444 1809 512 λέγειν

1982 441 2061 496 Ne
2090 443 2220 512 quis
2257 443 2622 499 arbitraretur
2647 459 2774 500 eum
2809 446 2962 517 loqui
3005 447 3072 502 de
3097 446 3380 518 corporali
3407 448 3492 501 iu-

234 537 406 604 αὐτὸν,
440 541 537 596 καὶ
565 543 690 598 κατ’
717 541 858 607 εἶδος
894 543 995 613 τὴν
1037 539 1326 596 ἀσθένειαν
1355 538 1680 606 διηγήσατο,
1715 535 1807 587 λέ-

234 650 338 702 γων
368 651 382 665 ·
428 635 528 688 ἐν
554 635 825 706 ὕϐρεσιν,
863 636 932 689 ἐν
959 631 1260 702 διωγμοῖς,
1296 631 1366 684 ἐν
1391 628 1704 698 ἀνάγκαις,
1741 626 1811 679 ἐν

230 728 668 797 στενοχωρίαις.
720 723 875 791 Εἶδες
927 727 1076 788 ὅπως
1106 723 1270 776 αὑτὸν
1300 720 1394 774 νῦν
1429 716 1807 785 ἀπεκάλυψεν,

227 819 283 873 δν
309 816 458 873 εἶπεν
486 821 600 874 ἀνω
628 820 895 882 Σατανᾶν,
925 818 1021 872 καὶ
1058 815 1182 884 οὐχὶ
1224 814 1410 882 ἄλγος,
1449 810 1526 874 ὣς
1560 824 1725 879 φασιν
1756 807 1808 858 ot

229 911 535 982 ληροῦντες,
569 911 700 980 περὶ
727 911 825 982 τὴν
857 907 1103 980 κεφαλὴν
1137 902 1307 978 εῖχεν.

303 1108 322 1141 ι
360 1090 527 1143 Ὅταν
557 1089 666 1160 γὰρ
693 1087 930 1152 ἀσθενῶ,
970 1087 1093 1140 τότε
1123 1084 1347 1149 δυνατός
1379 1085 1516 1154 εἰμι.
1556 1101 1576 1134 ι

299 1181 467 1234 Ἔνθα
495 1181 692 1250 θλίψις,
727 1183 842 1234 ἐκεῖ
875 1181 969 1233 καὶ
1000 1178 1370 1249 παράκλησις.
1401 1176 1511 1229 Καὶ
1542 1173 1672 1227 ἔνθα
1701 1190 1808 1227 πα-

233 1271 508 1342 ράκλησις,
542 1274 657 1326 snsi
688 1272 782 1326 καὶ
825 1271 1007 1342 χάρις.
1041 1271 1174 1322 Ὅτε
1204 1267 1335 1337 γοῦν
1369 1267 1450 1331 είς
1479 1265 1541 1319 τὸ
1593 1266 1809 1334 δεσμω-

230 1365 410 1435 τήριον
439 1363 624 1427 ἔπεσε,
663 1364 791 1417 τότε
832 1361 1125 1433 θαυμαστά
1154 1361 1412 1430 ἐποίησεν
1442 1358 1648 1409 ἐκεῖνα.
1679 1355 1810 1408 Ὅτε

232 1454 584 1521 ἐναυάγησεν,
615 1455 710 1507 καὶ
739 1454 819 1516 είς
853 1452 952 1522 τὴν
985 1449 1260 1522 βάρϐαρον
1294 1445 1561 1517 ἐξηνέχθη
1590 1443 1801 1515 χώραν,

230 1545 346 1598 τότε
397 1546 634 1615 μάλιστα
695 1544 980 1615 ἐδοξάσθη.
1014 1544 1145 1596 Ὅτε
1193 1543 1274 1604 είς
1321 1540 1382 1594 τὸ
1437 1539 1812 1609 δεσμωτήριον

230 1636 463 1707 εἰσῆλθε,
492 1635 615 1689 τότε
638 1636 734 1691 καὶ
765 1635 860 1688 τοῦ
895 1633 1152 1689 δικαστοῦ
1191 1631 1563 1703 περιεγένετο.

1912 535 2195 600 ﬁrmitate,
2231 535 2552 606 singulatim
2598 537 2936 593 inﬁrmitatis
2967 553 3168 610 genera
3198 538 3496 601 enarravit,

1909 623 2146 678 dicendo
2189 645 2202 678 :
2246 623 2314 678 In
2364 625 2744 691 contumeliis,
2808 628 2863 680 in
2916 629 3392 696 persecutionibus,
3440 626 3496 680 in

1909 715 2338 781 necessitatibus,
2395 716 2450 770 in
2500 717 2792 785 angustiis.
2830 715 2997 774 Vides
3030 719 3309 789 quomodo
3349 731 3498 773 nunc

1908 821 2032 862 eum
2073 811 2289 879 retegit,
2323 825 2486 880 quem
2521 818 2682 864 antea
2713 809 2976 865 Satanam
3009 814 3257 879 vocabat,
3290 823 3494 867 ac‘non

1909 900 2155 955 dolorem
2199 900 2376 955 fuisse
2413 903 2612 972 capitis
2644 918 2758 973 quo
2792 909 3110 970 vexaretur,
3153 904 3232 957 uti
3267 901 3494 973 quidam

1909 991 2168 1062 nugando
2197 1001 2448 1048 narrant.
2826 989 2835 998 ’

1985 1104 2004 1134 ι
2039 1082 2177 1138 Cum
2218 1086 2364 1140 enim
2399 1085 2674 1151 inlirmor,
2709 1093 2844 1140 tunc
2878 1095 3081 1158 potens
3111 1101 3255 1141 sum.
3294 1102 3314 1137 ι

1980 1174 2115 1230 Nam
2149 1177 2240 1230 ubi
2281 1177 2512 1232 obvenit
2547 1177 2796 1241 alllictio,
2838 1178 2997 1234 adest
3046 1183 3102 1232 et
3143 1177 3497 1234 consolatio:

1907 1273 1965 1320 et
2003 1267 2094 1321 ubi
2119 1269 2461 1334 consolatio,
2504 1269 2622 1324 illic
2645 1277 2696 1324 et
2740 1269 2942 1340 gratia.
2971 1267 3208 1335 Quando
3243 1269 3410 1340 igitur
3445 1269 3501 1324 in

1909 1370 2188 1413 carcerem
2213 1359 2506 1428 coniectus
2536 1367 2652 1423 est,
2690 1366 2826 1414 tunc
2856 1359 3209 1414 admirabilia
3241 1358 3336 1412 illa
3372 1373 3502 1430 ges-

1885 1447 2005 1508 .sit.
2039 1448 2275 1514 Quando
2331 1449 2680 1521 naufragium
2734 1450 2887 1515 fecit,
2937 1460 2993 1506 et
3044 1451 3099 1506 in
3157 1451 3501 1508 barbaricam

1910 1541 2188 1610 regionem
2227 1541 2557 1612 deportatus
2597 1551 2702 1608 est,
2739 1549 2872 1598 tunc
2908 1543 3289 1624 maximopere
3327 1544 3503 1598 incla—

1915 1632 2045 1686 ruit.
2082 1632 2315 1698 Quando
2349 1648 2635 1690 carcerem
2684 1635 2937 1702 intravit,
2965 1642 3098 1689 tunc
3154 1645 3210 1690 et
3253 1635 3504 1706 judicetn

1916 1723 2196 1791 superavit
2229 1723 2294 1777 ".

302 1831 320 1864 ι
359 1812 568 1880 Γέγονα
597 1810 786 1881 ἄφρων
819 1807 1200 1880 καυχώμενος,
1255 1807 1416 1877 ὑμεῖς
1448 1823 1516 1878 με
1568 1805 1810 1876 ἠναγκά-

1989 1788 2155 1869 Vens.
2190 1813 2373 1870 11-15.
2411 1833 2432 1867 ι
2474 1813 2676 1871 Factus
2707 1830 2830 1870 sum
2863 1816 3134 1886 insipiens
3180 1816 3498 1886 gloriando,

229 1923 374 1960 σατε.
420 1904 564 1973 Ἐγὼ
585 1904 695 1975 γὰρ
727 1903 957 1974 ὤφειλον
985 1903 1078 1972 ὑφ’
1110 1902 1266 1972 ὑμῶν
1289 1900 1666 1955 συνίστασθαι.
1702 1901 1809 1954 Οὑ-

223 2003 309 2056 δὲν
342 2000 452 2071 γὰρ
474 2000 749 2070 ὑστέρησα
781 1998 891 2051 τῶν
921 1997 1062 2068 ὑπὲρ
1091 1996 1212 2049 λίαν
1252 1994 1589 2060 ἀποστόλων,
1622 1995 1672 2047 εί
1716 1993 1812 2048 καὶ

223 2091 375 2146 οὐδέν
418 2091 537 2160 εἰμι
562 2107 578 2121 ·
622 2090 692 2143 τὰ
727 2088 909 2158 μέντοι
945 2091 1150 2158 σημεῖα
1177 2086 1272 2140 τοῦ
1319 2083 1646 2139 Ἀποστόλου
1678 2101 1815 2139 κατ·

223 2181 494 2254 ιιργάσθη
543 2183 603 2236 ὲν
644 2181 794 2252 ὑμῖν,
841 2180 901 2234 ιν
940 2179 1090 2251 πάσῃ
1139 2178 1410 2248 ὑπομονῇ,
1441 2177 1689 2247 σημείοις
1726 2194 1809 2244 τε,

222 2277 321 2330 καὶ
349 2274 566 2350 τέρασι,
589 2273 685 2326 καὶ
716 2272 1005 2343 δυνάμεσι.
1049 2269 1114 2324 Τί
1145 2269 1256 2342 γάρ
1289 2269 1438 2322 ἐστιν
1467 2269 1495 2321 δ
1536 2269 1811 2340 ἡττήθητε

223 2364 368 2435 ὑπὲρ
395 2363 499 2427 τὰς
524 2362 718 2426 λοιπὰς
745 2360 1062 2433 ἐκκλησίας,
1090 2360 1139 2414 εί
1169 2359 1244 2431 μὴ
1273 2359 1356 2412 ὅτι
1407 2357 1570 2422 αὐτὸς
1607 2359 1720 2427 ἐγὼ
1748 2359 1809 2412 οὐ

223 2454 617 2526 κατενάρκησα
639 2452 792 2524 ὑμῶν
813 2471 829 2520 ;
867 2471 887 2505 ι

295 2542 721 2614 Καυχώμενος.
740 2541 1075 2614 Ἀπαρτίσας
1098 2544 1154 2598 δὲ
1183 2545 1276 2600 τὸν
1303 2546 1441 2618 ,περὶ
1458 2545 1566 2599 τῶν
1595 2543 1812 2598 οἰκείων

224 2633 523 2703 δγκωμίων
555 2632 738 2702 λόγον,
767 2632 869 2686 οὐκ
899 2632 1030 2705 ἔστη
1068 2633 1231 2705 μέχρι
1259 2635 1454 2689 τούτου
1487 2635 1626 2688 ἀλλά
1675 2635 1814 2687 ἁπο-

224 2725 470 2793 λσγεϊται
498 2725 683 2789 πάλιν,
716 2726 811 2779 καὶ
833 2725 1164 2799 συγγνώμην
1201 2727 1342 2801 ὑπὲρ
1366 2728 1476 2782 τῶν
1506 2727 1814 2799 εἰρημένων

223 2818 394 2872 αἰτεῖ.
437 2816 640 2888 ’Υμεῖς
670 2818 803 2888 γὰρ,
835 2818 1020 2887 φησὶν,
1053 2817 1462 2888 ἠναγκάσατε.
1497 2818 1557 2870 El
1585 2817 1685 2888 μὲν
1706 2817 1813 2889 γὰρ

224 2907 585 2980 καυχώμενος
624 2910 671 2974 ί,
703 2909 798 2962 καὶ
854 2911 1051 2963 ἐκεῖνοι
1099 2909 1176 2981 μὴ
1233 2910 1373 2977 μετὰ
1403 2910 1502 2980 τῆς
1537 2909 1816 2980 ὑμετέρας

224 3000 389 3054 τοῦτο
434 2999 658 3054 ἐποίουν
715 3000 914 3054 ἐκεῖνοι
954 2999 1184 3072 πλάνης,
1213 3001 1315 3055 οὐκ
1354 3002 1421 3056 ἂν
1457 3001 1630 3064 οὕτως
1678 3017 1818 3073 προ-

229 3093 413 3164 ήχθην
447 3094 530 3156 είς
558 3092 782 3158 τούτους
816 3094 1050 3164 ἐμαυτὸν
1081 3094 1310 3162 ἀγαγεῖν
1339 3095 1550 3163 λόγους.
1594 3094 1815 3165 Ἐπειδὴ

225 3184 287 3239 δὲ
311 3185 614 3256 ὀλόκληρον
642 3185 973 3255 Ἐκκλησίαν
998 3185 1323 3258 διέφθειρον,
1347 3187 1428 3249 εἰς
1447 3186 1507 3240 τὸ
1535 3187 1817 3258 συμφέρον

227 3277 361 3348 ὗμιν
388 3275 557 3348 δρῶν,
597 3276 954 3348 ἠναγκάσθην
983 3276 1178 3350 ἄφρων
1209 3277 1486 3347 γενέσθαι.

305 3387 325 3419 ι
373 3367 691 3440 Χαρίσασθέ
721 3386 813 3440 μοι
842 3369 941 3441 τὴν
966 3370 1183 3424 ἀδικίαν
1210 3369 1437 3442 ταύτην.
1477 3371 1611 3426 Ἰδοὺ
1633 3372 1818 3444 τρίτον

225 3455 394 3512 τοῦτο
426 3459 663 3529 ἑτοίμως
695 3459 805 3530 ἔχω
831 3458 1005 3514 ἐλθεῖν
1029 3459 1166 3532 πρὸς
1211 3459 1377 3531 ὑμᾶς,
1425 3461 1520 3515 καὶ
1550 3461 1610 3514 οὐ
1650 3477 1819 3516 κατα⁹

226 3548 678 3621 ναρκήσωύμῶν.
701 3551 775 3604 Οὔ
799 3553 902 3621 γὰρ
919 3548 1060 3621 ξητῶ
1077 3551 1139 3604 τὰ
1162 3549 1484 3619 ὑμῶν,ἀλλά
1513 3551 1660 3622 ὑμᾶς
1691 3568 1706 3584 ·
1755 3551 1818 3605 οὐ

227 3641 341 3714 γὰρ
369 3641 580 3712 ὀφείλει
606 3641 679 3696 τὰ
701 3641 873 3696 τέκνα
909 3644 1020 3706 τοῖς
1055 3641 1275 3710 γονεῦσι
1295 3641 1670 3713 θησαυρίζειν,
1703 3641 1820 3696 ἀλλ’

225 3735 282 3786 οι
323 3735 507 3802 γονεῖς
537 3735 652 3797 τοῖς
686 3733 919 3797 τέκνοις.
969 3732 1112 3802 Ἐγὼ
1165 3733 1223 3787 δὲ
1270 3732 1464 3803 ἥδιστα
1501 3732 1818 3804 δαπανήσω,

229 3828 326 3879 καὶ
345 3825 874 3897 ἐκδαπανηθήσομαι
899 3825 1042 3896 ὑπὲρ
1065 3825 1173 3878 τῶν
1189 3825 1380 3896 ψυχῶν
1415 3823 1592 3895 ὑμῶν,
1637 3825 1686 3877 εἰ
1727 3825 1836 3878 καὶ

228 3915 644 3986 περισσοτέρως
679 3915 825 3984 ὑμᾶς
858 3913 1110 3982 ἀγαπῶν,
1134 3909 1301 3987 ἦττον
1329 3913 1655 3983 ἀγαπῶμαι.
1691 3932 1710 3965 ι

314 4089 630 4160 Ἐγκώμιον
657 4091 885 4144 ἐκείνων
912 4091 1153 4163 τίθησιν,
1183 4091 1238 4145 εἴ
1263 4107 1327 4160 γε
1372 4092 1589 4146 ἀδικίαν
1612 4090 1822 4145 οἰκείαν

228 4172 376 4232 εἶναι
402 4179 790 4252 νομίζουσι,τδ
820 4183 896 4254 μὴ
920 4181 1322 4247 καταδέξασθαι
1357 4182 1448 4235 τὸν
1493 4182 1823 4235 Ἀπόστολον

227 4268 421 4323 λαϐεῖν
454 4287 507 4324 τι
547 4270 682 4342 παρ’
729 4272 932 4340 αὐτῶν,
967 4273 1102 4344 μηδὲ
1143 4273 1509 4346 ἀναηεθῆναι
1545 4275 1821 4345 τραφῆναι

225 4360 470 4418 ἐκεῖθεν.

1920 1921 2017 1961 vos
2053 1921 2140 1960 me
2185 1908 2466 1977 coegistis.
2504 1907 2620 1978 Ego
2654 1909 2800 1963 enim
2849 1923 2880 1962 a
2925 1909 3081 1963 vobis
3126 1908 3292 1965 deb’ui
3345 1925 3504 1964 com-

1920 1995 2191 2049 mendari.
2217 1992 2365 2048 Nihil
2395 1994 2542 2049 enim
2585 1995 2769 2049 minus
2801 1994 2878 2048 l'ui
2909 1997 2978 2049 ab
3007 1995 3101 2059 iis,
3130 1996 3223 2065 qui
3255 2006 3385 2050 sunt
3410 2011 3504 2049 su-

1919 2099 2016 2155 pra
2050 2083 2271 2138 ntodum
2303 2083 2544 2153 apostoli
2579 2101 2593 2138 :
2629 2084 2850 2139 tametsi
2881 2085 3019 2139 nihil
3039 2100 3185 2140 sum.
3216 2085 3384 2158 Signa
3419 2095 3503 2140 ta-

1918 2191 2045 2231 men
2077 2175 2316 2246 apostoli
2349 2174 2494 2230 l'acta
2529 2183 2663 2232 sunt
2695 2175 2750 2230 in
2794 2175 2952 2231 vobis
2978 2217 2992 2241 ,
3025 2177 3079 2230 in
3111 2177 3262 2231 omni
3290 2177 3508 2247 patien-

1919 2267 2014 2331 tis,
2058 2267 2365 2338 signisque,
2421 2274 2481 2322 et
2540 2267 2815 2338 prodigiis
2870 2277 2926 2322 et
2981 2267 3306 2323 virtutibus.
3359 2267 3502 2333 Quid

1918 2361 2064 2416 enim
2132 2367 2261 2424 est,
2321 2359 2469 2431 quod
2523 2359 2710 2415 minus
2767 2359 3078 2425 habuistis,
3130 2376 3245 2432 pra:
3290 2361 3505 2416 eaateris

1919 2450 2204 2516 Ecelcsiis,
2233 2451 2341 2507 nisi
2375 2451 2525 2523 quod
2557 2453 2680 2520 ipse
2718 2465 2827 2506 non
2866 2452 3090 2522 gravavi
3123 2451 3264 2507 vos?
3304 2469 3324 2503 ι

1991 2541 2309 2606 Cloriando,
2343 2543 2542 2612 inquit.
2577 2541 2856 2597 Absoluta
2887 2550 3072 2597 autem
3110 2543 3178 2597 de
3210 2543 3329 2596 suis
3383 2540 3506 2593 lau-

1921 2635 2084 2690 dibus
2131 2649 2410 2699 sermone,
2462 2649 2573 2688 non
2624 2635 2897 2689 hactenus
2931 2633 3107 2696 stetit,
3139 2631 3235 2687 sed
3282 2647 3504 2685 rursum

1925 2726 2368 2783 satisfactionem
2413 2725 2576 2781 offert
2600 2768 2616 2792 ,
2649 2733 2704 2781 et
2737 2725 2954 2782 veniam
2987 2726 3280 2780 'dictornm
3324 2731 3503 2794 rogat.

1936 2819 2037 2875 Vos
2069 2822 2232 2885 enim,
2263 2820 2362 2885 ait,
2396 2835 2479 2874 me
2525 2818 2798 2888 coegistis.
2834 2816 2950 2873 Nisi
2987 2818 3135 2872 enim
3171 2817 3250 2871 illi
3287 2831 3510 2887 quoque

1923 2911 2302 2967 ostentatione
2333 2926 2438 2967 sua
2464 2911 2521 2964 in
2540 2923 2789 2965 errorem
2819 2924 2919 2964 vos
2943 2909 3331 2974 adduxissent,
3364 2923 3513 2961 nun-

1923 3019 2090 3075 quam
2129 3001 2504 3069 admisissem,
2541 3009 2604 3057 ut
2632 3001 2700 3057 de
2748 3015 2835 3056 me
2873 3015 3190 3056 sermonem
3221 3000 3512 3055 inferrem.

1924 3094 2130 3150 Verum
2201 3096 2334 3167 quia
2383 3095 2655 3166 integram
2716 3093 3023 3149 Ecclesiatn
3081 3093 3511 3160 labefactarunt,

1918 3195 2150 3244 coactus
2212 3201 2338 3243 sum
2401 3186 2520 3242 ﬁeri
2573 3185 2868 3257 insipiens,
2929 3195 2990 3240 ut
3044 3185 3270 3240 utilitati
3314 3192 3516 3240 vestrae

1919 3277 2296 3334 consulerem.

1997 3390 2017 3425 ι
2058 3370 2271 3426 Donate
2321 3369 2456 3424 mihi
2492 3369 2638 3425 hanc
2687 3367 2974 3439 injuriam.
3026 3366 3217 3439 [Vsas.
3257 3367 3344 3433 ιι,
3397 3363 3514 3440 ιε]

1921 3463 2063 3520 Ecce
2109 3462 2280 3518 tertio
2315 3460 2420 3517 hoc
2462 3469 2692 3533 paratus
2747 3475 2871 3516 sum
2920 3460 3112 3515 venire
3149 3459 3218 3514 ad
3269 3474 3404 3522 vos,
3457 3468 3516 3514 et

1919 3565 2032 3606 non
2067 3563 2164 3605 ero
2191 3549 2380 3616 gravis
2400 3549 2583 3606 vobis.
2616 3547 2738 3604 Non
2771 3550 2918 3604 enim
2951 3565 3141 3621 quaero
3171 3565 3295 3620 quae
3326 3556 3515 3604 vestra

1922 3650 2081 3704 sunt,
2126 3639 2222 3695 sed
2262 3654 2385 3695 vos.
2421 3638 2536 3694 Nec
2584 3638 2734 3695 enim
2778 3639 2981 3694 debent
3033 3628 3130 3694 ﬁlii
3185 3639 3516 3709 parentibus

1923 3731 2324 3794 tltesaurizarc,
2358 3731 2453 3788 sed
2489 3739 2758 3803 parentes
2790 3731 2937 3787 ﬁliis.
2978 3730 3090 3803 Ego
3119 3739 3304 3786 autem
3340 3731 3518 3787 liben-

1924 3823 2140 3879 tissime
2165 3821 2504 3894 impendam,
2527 3831 2594 3878 et
2628 3823 3095 3895 superimpendar
3123 3823 3240 3893 ipse
3270 3839 3372 3894 pro
3406 3825 3518 3878 anl-

1924 3912 2124 3967 mabus
2149 3913 2373 3978 vestris,
2404 3913 2533 3970 licet
2561 3913 2941 3970 abundantius
2978 3929 3076 3969 vos
3115 3912 3380 3985 diligens,
3408 3912 3517 3969 mi-

1923 4016 2033 4057 nus
2063 3999 2286 4071 diligar.
2332 4019 2352 4054 ι

1992 4091 2053 4147 1η
2111 4093 2356 4162 ipsorum
2415 4091 2636 4148 laudem
2692 4093 2895 4150 cedere
2957 4099 3170 4160 censet,
3234 4093 3512 4163 siquidem

1926 4183 2196 4255 iniuriam
2245 4183 2573 4240 existiment
2625 4199 2804 4252 suam,
2840 4185 2992 4256 quod
3027 4185 3328 4257 Apostolus
3377 4183 3514 4238 nihil

1925 4275 1996 4332 ab
2043 4275 2180 4345 ipsis
2237 4274 2494 4346 accipere
2541 4275 2825 4338 voluerit,
2889 4289 2991 4329 nec
3064 4273 3397 4331 sustinuerit
3445 4271 3518 4328 ab
3613 4352 3624 4360 .

1925 4367 2008 4424 eis
2032 4367 2130 4422 ali.

307 4473 328 4507 ι
371 4455 467 4518 Et;
496 4454 656 4509 τοῦτο
682 4454 739 4508 δὲ
769 4464 797 4493 ιι
829 4455 942 4525 ἐγὼ
983 4457 1044 4510 οὐ
1089 4455 1448 4526 κατεὸάρησα
1486 4457 1652 4526 ὑμᾶς,
1687 4455 1816 4509 ἀλλὰ

2001 4458 2170 4515 Vens.
2225 4457 2417 4514 16-20.
2465 4475 2484 4509 ι
2536 4456 2599 4513 ιιι
2635 4457 2741 4513 hoc
2786 4462 2966 4512 autem
3001 4471 3105 4528 ego
3147 4470 3257 4510 non
3295 4455 3516 4524 gravavi

227 4545 503 4620 {amittit
536 4547 855 4618 πανοῦργος
881 4547 1019 4617 δόλῳ
1045 4549 1192 4618 ὑμᾶς
1214 4548 1430 4604 ἔλαϐον.
1461 4551 1551 4620 Μή
1587 4566 1710 4604 τινα
1747 4544 1824 4604 ὧν

227 4638 566 4691 ἀπέσταλκα
612 4639 748 4709 πρὸς
813 4639 987 4710 ὑμᾶς,
1036 4640 1107 4693 δι’
1173 4641 1343 4696 αὑτοῦ
1418 4642 1825 4715 ἐπλεονέκτησα

231 4729 418 4798 apag;
463 4730 824 4801 Παρεκάλεσα
881 4731 1072 4796 Τίτον,
1117 4733 1214 4786 καὶ
1271 4732 1689 4787 συναπέσταλκα
1731 4733 1828 4787 τὸν

231 4819 492 4890 ἀδελφόν.
531 4823 622 4892 Μή
661 4839 715 4875 τι
749 4822 1174 4896 ἐπλεονέκτησεν
1204 4823 1350 4894 ὑμᾶς
1401 4824 1604 4891 Τίτος;
1637 4824 1713 4877 Οὐ
1748 4823 1830 4894 τῷ

232 4911 389 4982 αὐτῷ
451 4913 730 4983 πνεύματι
787 4916 1315 4986 περιεπατήσαμενς
1372 4915 1432 4968 οὐ
1485 4916 1598 4977 τοῖς
1643 4915 1827 4979 αὐτοῖς

233 5001 412 5072 ἴχνεσι
436 5021 452 5067 ς
482 5004 653 5058 Πάλιν
679 5005 887 5059 δοκεῖτε
917 5007 1000 5059 ὅτι
1026 5007 1158 5077 ὑμῖν
1194 5005 1648 5077 ἀπολογούμεθας
1680 5007 1827 5060 Κατ-

234 5093 423 5148 έναντι
453 5096 547 5148 τοῦ
575 5095 712 5151 Θεοῦ
748 5097 806 5149 ὲν
845 5097 1071 5170 Χριστῷ
1090 5097 1382 5169 λαλοῦμεν.
1412 5097 1494 5150 Τὰ
1530 5097 1588 5151 δὲ
1621 5097 1824 5162 πάντα,

233 5185 542 5261 ἀγαπητοὶ,
583 5190 722 5262 ὑπὲρ
751 5190 853 5262 τῆς
877 5191 1036 5263 ὑμῶν
1057 5191 1374 5263 οἰκοδομῆς.
1409 5190 1686 5263 Φοϐοῦμαι
1715 5191 1828 5262 γὰρ

314 5371 358 5402 ⁸⁷
406 5373 530 5429 Act.
559 5388 753 5439 χινιιι,
778 5371 804 5425 ι
840 5389 967 5444 sqq.

1931 4564 2068 4607 vos:
2102 4550 2197 4606 sed
2239 4547 2400 4621 154
2428 4564 2572 4605 cum.
2593 4564 2776 4606 essem
2811 4555 3050 4616 astutus,
3084 4546 3212 4601 dolo
3238 4561 3333 4602 vos
3371 4545 3516 4615 cepi.

1928 4641 2189 4713 Nunquid
2228 4658 2324 4712 per
2357 4643 2598 4711 aliquem
2649 4657 2844 4696 eorum
2893 4656 3037 4712 quos
3089 4639 3214 4695 misi
3266 4639 3334 4692 ad
3386 4653 3515 4701 vos,

1931 4732 2684 4806 circumvenivos‘lRogavi
2734 4733 2942 4797 Titum,
2989 4741 3044 4788 et
3075 4733 3203 4788 misi
3253 4747 3379 4786 cum
3423 4731 3520 4785 illo

1933 4825 2181 4881 fratrem.
2231 4825 2494 4896 Nunquid
2530 4842 2633 4882 vos
2672 4825 2834 4882 Titus
2881 4824 3292 4881 circumvenit?
3333 4838 3520 4878 nonne

1933 4918 2126 4972 eodem
2155 4917 2357 4988 spiritu
2393 4916 2838 4985 ambulavimus?
2884 4915 3078 4972 Nonne
3122 4915 3320 4971 iisdem
3354 4917 3522 4970 vesti-

1931 5007 2082 5080 giis?
2116 5007 2362 5064 Rursum
2392 5011 2610 5081 putatis
2653 5009 2802 5081 quod
2844 5025 3175 5066 excusemus
3217 5024 3321 5064 nos
3377 5009 3521 5080 apud

1934 5101 2095 5157 vos?
2154 5101 2357 5156 Coram
2409 5101 2523 5158 Deo
2577 5101 2635 5158 in
2691 5101 2918 5158 Christo
2967 5101 3269 5173 loquimur.
3323 5097 3520 5154 Omnia

1933 5201 2140 5258 autem,
2172 5192 2514 5260 charissimi,
2550 5203 2777 5267 propter
2801 5193 3226 5252 aediﬁcationem
3253 5199 3520 5248 vestram.

1549 5531 1785 5589 unus
1823 5509 2242 5591 menonss.

358 5683 382 5724 ⁸
421 5681 711 5756 Chrysoﬂ.
738 5683 1074 5756 ικαυχῶντσ,
1105 5685 1242 5742 alias
1266 5686 1476 5754 legero,
1500 5683 1872 5752 καυχώμενοι.
1943 5700 1970 5728 ιι
1999 5685 2172 5743 Codd.
2204 5691 2259 5742 et
2287 5684 2412 5740 libri
2453 5698 2668 5744 osnnes.
2689 5683 2830 5740 ιστω
2864 5681 2944 5741 δέ.
