3970 6424
407 303 517 368 775
1607 300 1669 360 s.
1709 259 2030 361 IOANNlS
2063 299 2493 365 DAMASCENI
3572 319 3667 389 πθ

483 414 648 487 153
685 432 705 467 (
741 414 853 471 Nos
883 421 1070 469 autem
1102 418 1161 467 ut
1189 411 1415 484 reprobi
1444 411 1642 467 simus.
1685 432 1702 463 ι
2018 423 2051 478 Α

1560 428 1642 467 us.
1685 432 1702 463 ι
2018 423 2067 478 Α
2175 433 2193 467 ι
2216 415 2405 487 Ἡμεῖς
2428 417 2486 471 δὲ
2517 418 2595 480 ὡς
2618 418 2870 491 ἀδόκιμοι
2898 414 3071 490 ὦμεν.
3108 441 3128 477 ι

479 506 586 573 Qui
642 522 751 561 non
813 504 1313 559 monstraverimus
1374 502 1641 573 puniendi
1704 503 1984 557 virtutem.

2102 504 2280 594 “05%
2353 506 2790 578 ἐπιδεικνύμενοι
2876 510 3037 582 ἡμῶν
3132 514 3232 587 τὴν
3293 523 3665 594 τιμωρητικὴν

407 597 531 653 Non
583 607 765 652 autem
818 596 982 661 dixit,
1018 593 1266 662 reprobi,
1322 593 1442 660 sed,
1475 603 1532 648 ut
1566 592 1796 662 reprobi.
1832 593 1975 649 llauc‘

2102 592 2347 664 δύναμιν.
2398 597 2509 649 Καὶ
2569 597 2670 651 ούκ
2718 594 2873 653 εἷπεν
2911 601 3186 675 ἀδόκιμοι,
3231 604 3347 660 ἀλλ’
3378 608 3458 675 ὡς
3486 592 3670 667 ἀδόκλ.

407 687 558 742 enim
606 684 994 755 reprobandus
1030 689 1173 751 erat,
1227 683 1485 754 quamvis
1519 697 1623 737 nec
1654 680 1975 753 punivisset

2105 700 2208 771 μοι.
2245 684 2322 739 Ού
2354 683 2463 760 γάρ
2490 685 2717 757 ἔμελλεν
2748 687 2889 744 εῖναι
2924 691 3209 765 ἀδόκιμος,
3246 695 3295 749 εί
3339 696 3437 751 κα)⁸
3463 697 3539 771 μὴ
3566 702 3673 755 ἑκό-

2092 770 2278 839 λαζεν.

478 864 648 922 Vsas.
678 863 735 929 8,
768 864 823 920 9.
864 883 883 916 ε
921 864 1045 919 Non
1096 862 1245 919 enim
1303 875 1604 933 possumus
1645 855 1859 935 aliquid
1890 857 1988 912 ad-

1952 860 1988 912 l-
2170 884 2190 918 ε
2232 867 2308 921 ού
2337 867 2447 939 γὰρ
2481 868 2763 942 δυνάμεθά
2782 889 2834 927 τι
2863 874 3008 929 κατὰ
3036 874 3141 947 τῆς
3173 876 3460 949 ἀληθείας.
3502 899 3520 934 ι

409 972 604 1015 versus
639 959 949 1013 veritatem.
985 973 1004 1007 ι

475 1050 532 1106 Id
582 1049 733 1122 quod
781 1058 979 1104 natura
1028 1047 1109 1102 rei
1143 1045 1409 1118 postulat,
1459 1053 1813 1116 praestamus.
1866 1047 1988 1103 Non

2170 1038 2237 1096 ⁴’0
2286 1044 2321 1115 ἡ
2366 1038 2461 1098 τοῦ
2518 1046 2881 1118 πράγματος,
2932 1049 3140 1120 φησὶν,
3191 1052 3419 1108 ἀπαιτεῖ
3483 1055 3674 1125 φύσις.

403 1145 554 1201 enim
586 1142 633 1198 si
674 1141 961 1197 videamus
994 1155 1094 1195 vos
1130 1137 1615 1195 commendatione
1665 1137 1863 1210 dignos
1893 1155 1971 1211 pel

2107 1134 2254 1190 τοῦτο
2290 1134 2573 1209 ποιοῦμεν.
2599 1137 2722 1192 Κᾶν
2748 1138 2857 1209 7&9
2890 1140 3092 1211 ῐδωμεν
3124 1141 3273 1214 ύμᾶς
3328 1144 3675 1217 εὐδοκιμοῦν-

406 1236 819 1308 ptenitentiam,
855 1233 1098 1304 plectere
1130 1230 1397 1302 deinceps
1420 1230 1728 1302 possimus.

2104 1245 2193 1292 τας
2224 1227 2314 1283 διὰ
2343 1228 2445 1301 τῆς
2502 1228 2815 1301 μετανοίας,
2841 1232 2904 1285 ού
2932 1231 3217 1305 δυνάμεθα
3279 1236 3511 1292 κολάσαι
3565 1237 3672 1291 λοιο

2092 1319 2215 1375 πόν.

480 1431 498 1466 ι
538 1411 782 1487 Sedpro
805 1410 1060 1468 veritate.
1091 1410 1413 1467 Gaudemus
1442 1410 1620 1467 enim.
1647 1427 1666 1462 ι

2168 1430 2188 1465 ι
2236 1411 2377 1465 Ἀλλ’
2411 1412 2554 1485 ὑπὲρ
2578 1414 2679 1486 τῆς
2710 1408 2992 1485 ἀληθείας.
3023 1414 3303 1488 Χαίρομεν
3333 1418 3463 1490 γάρ.
3497 1437 3516 1471 ι

472 1503 707 1573 Quando
740 1504 1126 1561 existimamur
1150 1501 1380 1570 inﬁrmi,
1415 1516 1525 1558 non
1548 1501 1770 1573 quando
1792 1516 1989 1560 sumus

2164 1501 2335 1556 Ὅταν
2355 1502 2709 1574 νομιζώμεθα
2734 1504 3009 1573 ἀσθενεῖς,
3039 1505 3140 1577 οὐχ
3163 1507 3294 1562 ὅταν
3323 1508 3493 1579 ἐσμὲν
3518 1492 3675 1565 dolit-

404 1596 631 1652 inﬁrmi.
2090 1593 2223 1657 νεϊς.

478 1706 497 1739 ε
531 1685 767 1752 Quando
805 1699 907 1741 nos
942 1682 1149 1739 infirmi
1198 1698 1416 1750 sumus,
1450 1697 1553 1740 vos
1579 1691 1762 1739 autem
1796 1690 1989 1754 poten-

2101 1702 2117 1738 ι
2159 1682 2334 1738 Ὅταν
2388 1681 2552 1756 ἡμεῖς
2607 1684 2955 1759 ἀσθενῶμεν,
3017 1686 3255 1761 ύμεῐςδὲ
3280 1690 3521 1758 δυνατοὶγ
3546 1686 3669 1762 ἦτε.

400 1786 485 1833 tes
516 1778 674 1834 estis.
714 1775 827 1832 Hoc
851 1784 908 1833 et
954 1790 1202 1842 oramus,
1249 1783 1496 1831 vestram
1544 1773 1968 1831 consummatio

2100 1776 2258 1831 Γοῦτο
2320 1777 2416 1832 καὶ
2454 1778 2751 1851 εὐχόμεθα,
2795 1780 2895 1852 τὴν
2955 1782 3110 1852 ὑμῶν
3149 1783 3491 1855 κατάρτισιν.
3572 1785 3668 1839 Διὰ

401 1883 546 1923 nem.
579 1866 772 1940 [Vens
812 1865 922 1939 10.]
958 1866 1088 1923 ldeo
1136 1866 1253 1922 haec
1287 1866 1494 1921 absens
1528 1864 1738 1932 scribo,
1775 1871 1836 1919 ut
1871 1878 1969 1919 nor

2107 1865 2248 1922 τοῦτο
2302 1868 2460 1924 άπὼν
2517 1869 2693 1926 ταῦτα
2736 1871 2959 1944 γράφω,
3020 1872 3109 1927 ἵνα
3148 1872 3450 1944 παρὼνρμὴ
3476 1875 3675 1929 ἀποτό-

399 1973 644 2029 praesens
724 1958 924 2015 durius
1001 1971 1160 2029 agam
1240 1956 1549 2013 secundum
1624 1962 1967 2027 potestatem.

2107 1974 2208 2021 ιως
2227 1958 2523 2030 χρήσωμαι
2546 1959 2689 2014 κατὰ
2713 1960 2814 2031 τὴν
2839 1960 3108 2030 ἐξουσίαν,
3130 1962 3201 2035 ἣν
3225 1964 3256 2018 ό
3278 1963 3485 2036 Κύριος
3508 1964 3675 2020 ἔδωκά

398 2067 564 2123 quam
606 2051 875 2107 Dominus
908 2049 1058 2107 dedit
1085 2048 1247 2103 mibi.
1289 2066 1310 2102 ι

695 2052 875 2107 minus
908 2049 1058 2107 dedit
1085 2048 1247 2103 mibi.
1289 2066 1310 2102 ι
2100 2066 2213 2120 μοι.
2243 2067 2263 2102 ι

470 2144 586 2199 Hoc
610 2149 718 2208 est,
756 2143 975 2214 probati
1010 2148 1066 2198 et
1096 2139 1315 2210 accepti
1345 2138 1508 2196 estis.

2160 2140 2448 2211 Τουτέστι,
2471 2138 2689 2215 δόκιμοι
2719 2144 2815 2200 καὶ
2849 2140 3154 2217 εὐάρεστοι.

475 2255 494 2289 ε
556 2237 614 2292 ln
662 2235 1111 2299 aediﬁcationem,
1146 2240 1202 2289 et
1250 2246 1360 2288 non
1415 2233 1471 2287 in
1522 2231 1984 2289 destructionem.

2166 2247 2186 2283 ι
2227 2230 2323 2295 Είς
2351 2232 2664 2305 οἰκοδομὴν,
2702 2234 2799 2289 καὶ
2828 2236 2930 2289 οὐκ
2959 2238 3042 2302 είς
3076 2233 3427 2307 καθαίρεσιν.
3447 2236 3673 2305 Λοιπὸν,

398 2327 593 2399 [Vsns.
624 2326 743 2399 “.1
776 2326 853 2383 De
885 2333 1113 2392 caetero,
1145 2324 1369 2390 fratres,
1403 2322 1657 2394 gaudete.
1690 2342 1711 2376 ι

2090 2315 2335 2387 ἀδελφοὶ,
2370 2318 2614 2390 χαίρετε.
2647 2339 2667 2374 ι

470 2418 664 2475 Fidem
696 2418 851 2483 lacit,
881 2431 1229 2488 nequaquam
1264 2430 1325 2471 se
1353 2415 1614 2486 cupidum
1641 2429 1767 2471 esse
1793 2413 1983 2471 utendi

2168 2409 2454 2465 Δείκνυσιν
2495 2411 2577 2466 δτι
2622 2413 2726 2466 οὐκ
2782 2413 3050 2486 ἐπεθύμει
3070 2417 3139 2488 τῇ
3172 2415 3396 2490 εξουσία
3445 2415 3531 2483 είς
3575 2418 3678 2491 τὴν

398 2520 672 2585 potestate
704 2511 777 2566 ad
814 2511 1039 2565 illorum
1074 2510 1367 2565 ultionem.

2086 2501 2314 2557 εκείνων
2346 2502 2657 2575 χρήσασθαι
2697 2505 2992 2577 τιμωρίαν.

474 2623 493 2657 ε
519 2602 756 2658 Perfecti
787 2611 983 2658 estote.
1020 2619 1041 2655 ι

2169 2613 2189 2646 ι
2221 2593 2660 2666 Καταρτίξεσθε.
2690 2613 2710 2649 ι

446 2693 796 2749 .Et’ﬁciamini
831 2690 1093 2764 perfecti,
1145 2689 1353 2763 inquit,
1415 2688 1699 2762 implendo
1730 2702 1856 2761 qua:
1884 2687 1985 2748 de-

2158 2684 2370 2741 Τέλειοι
2424 2687 2665 2758 γίνεσθε,
2725 2685 2888 2761 φησὶ,
2929 2688 3267 2764 πληροῦντες
3294 2691 3365 2747 τὰ
3396 2690 3675 2750 λείποντα.

395 2793 551 2843 ευιιι.

472 2894 491 2927 ε
514 2872 923 2942 Ειιιοτιοιηίιιί,
944 2872 1085 2929 idem
1103 2873 1301 2944 sapite,
1325 2887 1518 2944 pacem
1537 2871 1757 2941 habete,
1773 2879 1828 2929 et
1839 2871 1986 2929 Deus

2163 2881 2183 2917 ι
2235 2864 2655 2936 Παρακαλεὶᾏθε
2679 2906 2695 2933 ,
2719 2867 2783 2921 τὸ
2812 2866 2947 2922 αὐτὸ
2990 2869 3264 2940 φρονεῖτε,
3318 2867 3631 2941 εἰρηνεύετε
3658 2908 3678 2931 .

393 2968 551 3039 pacis
580 2974 637 3022 et
660 2964 980 3021 dilectionis
1010 2965 1120 3020 erit
1151 2963 1460 3020 vobiscum.
1514 2961 1707 3035 [νειιε.
1739 2963 1829 3030 12,
1868 2964 1956 3020 15.

2114 2957 2183 3013 Lai.
2214 2958 2244 3013 ό
2287 2957 2420 3022 Θεὸς
2480 2958 2581 3030 τῆς
2632 2960 2857 3043 άγάτιης
2912 2960 3009 3015 κα)⁸
3057 2960 3285 3034 είρήνης
3342 2959 3501 3016 ἔσται
3555 2960 3682 3032 μεθ’

395 3054 649 3123 Salutate
679 3055 925 3109 invicem
957 3054 1154 3109 osculo
1190 3059 1411 3108 sancto.
1450 3051 1712 3109 Salutant
1741 3058 1839 3108 vos
1867 3067 1963 3108 om

2111 3049 2264 3119 ιμῶν.
2319 3048 2669 3104 Ἀσπάσασθε
2729 3050 2998 3121 ἀλλήλους
3045 3052 3103 3105 ὲν
3148 3051 3291 3123 ἁγίῳ
3358 3050 3630 3122 φιλήματι
3662 3067 3679 3083 ·

394 3164 494 3205 nes
529 3148 731 3203 sancti.
766 3146 957 3203 Gratia
1000 3145 1217 3203 Domini
1271 3147 1448 3202 nostri
1488 3145 1621 3203 .lesu
1669 3144 1899 3212 Christi,
1927 3160 1958 3201 e

2116 3140 2422 3205 anatona:
2453 3141 2602 3213 ὑμᾶς
2632 3142 2685 3195 οἱ
2705 3140 2854 3212 ἆγιοι
2880 3142 3103 3207 πάντες.
3146 3143 3213 3197 Ἦ
3241 3143 3403 3216 χάρις
3426 3142 3524 3197 τοῦ
3562 3144 3684 3198 Κυ-

393 3239 640 3295 cbaritas
662 3238 783 3305 Dei,
810 3250 864 3295 et
894 3239 1336 3295 communicatio
1381 3237 1564 3295 sancti
1600 3236 1864 3308 Spiritus,
1905 3238 1961 3293 sil

2116 3228 2205 3282 ιίου
2248 3227 2424 3301 Ἰησοῦ
2472 3227 2740 3301 Χριστοῦ,
2789 3231 2886 3285 καὶ
2920 3233 2955 3302 ὴ
2986 3231 3178 3302 ἀγάπη
3226 3231 3323 3286 τοῦ
3374 3230 3536 3297 Θεοῦ,
3580 3232 3684 3285 καὶ

394 3346 521 3387 cum
556 3332 816 3389 omnibus
845 3333 1023 3389 vobis.
1063 3332 1265 3388 Amen.

2109 3323 2121 3391 ι
2152 3320 2407 3376 κοινωνία
2428 3320 2523 3377 τοῦ
2546 3322 2705 3394 ἁγίου
2735 3323 3061 3397 Πνεύματος
3084 3322 3225 3395 μετὰ
3249 3323 3470 3380 πάντων
3494 3323 3524 3377 ύ
3530 3322 3677 3396 μῶν.

2099 3413 2294 3469 Ἀμήν.

469 3508 598 3563 Haec
629 3506 786 3573 dicit,
815 3506 948 3577 quia
1000 3505 1191 3562 multa
1239 3504 1578 3562 tentationes
1626 3501 1977 3574 ingruebant,

2110 3414 2158 3467 'A
2245 3432 2294 3469 ν.

2160 3414 2334 3559 $2616
2383 3520 2572 3577 φησιν,
2626 3504 2817 3578 ἐπειδὴ
2867 3506 3055 3562 πολλοὶ
3086 3500 3230 3579 ἦσαν
3263 3506 3312 3561 οί
3350 3505 3678 3579 πειρασμοὶ,

389 3606 447 3654 et
483 3612 682 3670 magna
714 3596 992 3669 pericula.

2086 3598 2180 3651 καὶ
2212 3597 2441 3669 μεγάλοι
2470 3599 2522 3651 οί
2551 3598 2811 3654 κίνδυνοι.

391 3687 610 3759 Scripta
658 3699 738 3745 est
774 3683 1006 3759 epistola
1063 3687 1333 3757 Philippis
1390 3689 1446 3741 in
1493 3683 1835 3749 Macedonia,
1884 3700 1959 3754 pel

2112 3687 2357 3758 Εγράφη
2385 3689 2507 3745 ἀπὸ
2540 3691 2859 3744 Φιλίππων
2897 3684 3006 3761 τῆς
3030 3687 3411 3752 Μακεδονίας
3436 3686 3535 3743 διὰ
3562 3686 3680 3742 τοῦ

462 3780 666 3835 Lucam
713 3788 763 3835 et
809 3778 1009 3835 Titum.
1066 3778 1153 3835 Ad
1207 3777 1516 3836 Corinthios
1568 3775 1822 3842 secunda,
1858 3791 1974 3830 ver-

2154 3779 2360 3837 Λουκᾶ
2414 3781 2515 3837 καί
2573 3782 2769 3842 Τίτου.
2825 3781 2984 3852 Πρὸς
3038 3782 3391 3852 Κορινθίους
3404 3780 3488 3847 β’,
3541 3779 3682 3834 στί-

462 3889 554 3929 ειιε
582 3872 708 3930 612.

2162 3892 2262 3945 χοι
2293 3875 2431 3945 χιβ.

1201 4055 1207 4061 _
1663 3999 1903 4057 VARIE
1942 4001 2347 4063 LECTlONES.

466 4132 467 4135 η
508 4109 538 4140 ιι
565 4098 894 4157 Eustathius
935 4092 1253 4160 Sulcensis,
1273 4091 1448 4164 στίχοι
1470 4088 1588 4161 φιί,
1620 4107 1803 4149 versus
1834 4093 1962 4152 590.

412 4286 3666 4322 W—W

1047 4452 1223 4540 ΕΙΣ
1326 4408 1995 4538 ΕΠΙΣΤΟΑΗΝ
2092 4443 2385 4535 ΠΡΟΣ
2487 4438 3015 4533 ΓΑΛΑΤΑΣ.

2000 4644 2059 4660 ν

1201 4799 1326 4891 ΙΝ
1413 4790 2088 4889 EPISTOLAM
2141 4793 2291 4885 AD
2343 4789 2895 4890 GALATAS.

1992 5006 2059 5022 '

890 5130 1124 5192 CAPUT
1176 5129 1476 5190 PRIMUM.
2005 5141 2050 5199 ιι
2510 5142 2909 5200 ΚΕΦΑΛΑΙΟΝ
2949 5143 3253 5204 ΠΡΩΤΟΝ.
3280 5168 3287 5175 ο

463 5249 632 5311 Vens.
673 5252 725 5307 Ι.
764 5268 784 5307 ι
818 5250 1029 5308 Paulus
1056 5248 1359 5323 apostolus,
1391 5263 1503 5305 non
1537 5263 1605 5305 ex
1632 5248 1976 5321 hominibus,
2160 5272 2181 5309 ι
2222 5252 2437 5322 Παῦλος
2481 5256 2802 5326 ἀπόστολος,
2842 5260 2943 5314 οὐκ
2994 5262 3092 5317 ἀπ’
3134 5262 3442 5334 ἀνθρώπιον
3477 5309 3491 5331 ,
3546 5266 3737 5333 οὐδὲ,

390 5358 573 5415 neque
607 5343 705 5415 p’er
758 5343 1065 5410 hominem,
1098 5342 1196 5399 sed
1243 5356 1344 5413 per
1385 5338 1575 5398 Jesum
1608 5341 1893 5401 Christum
1924 5353 1980 5403 et
2084 5346 2151 5400 δι’
2187 5346 2502 5419 ἀνθρώπου,
2553 5348 2691 5403 ἀλλὰ
2738 5349 2826 5405 διὰ
2857 5351 3034 5423 Ἰησοῦ
3074 5354 3338 5427 Χριστοῦ,
3379 5357 3474 5412 καὶ
3532 5356 3703 5413 Θεοῦ

392 5434 561 5489 Deum
600 5432 842 5489 Patrem.
878 5451 898 5485 ι
2088 5440 2326 5511 Πατρός.
2353 5459 2373 5493 ι

461 5523 541 5579 Ex
571 5523 780 5582 Iudaeis
819 5524 916 5598 qui
956 5524 1335 5594 crediderant,
1364 5524 1496 5595 quia
1528 5521 1801 5581 Judaismi
1834 5540 1977 5597 prte-
2155 5532 2219 5586 Οί
2241 5531 2301 5600 ἐξ
2340 5531 2613 5588 Ἰουδαίων
2677 5534 3093 5605 πιστεύσαντες,
3129 5538 3267 5611 όμοῦ
3309 5540 3411 5612 μὲν
3444 5544 3513 5615 τῇ
3538 5560 3703 5614 προ-

388 5617 620 5690 judiciis
650 5620 907 5692 occupati
932 5628 1114 5687 erant,
1150 5632 1373 5675 necnon
1410 5615 1596 5673 inanis
1618 5617 1809 5689 gloria:
1834 5627 1973 5676 testu
2086 5624 2247 5695 λήψει
2298 5624 2398 5678 τοῦ
2434 5624 2773 5699 Ἰουδαϊσμοῦ
2826 5631 3208 5702 κατεχόμενοι,
3252 5633 3390 5706 όμοῦ
3419 5633 3477 5689 δὲ
3523 5654 3704 5690 κενο-

393 5710 562 5791 ebrii,
601 5718 660 5768 ut
697 5713 803 5770 sibi
855 5713 1249 5787 magistrorum
1284 5710 1481 5767 titulos
1529 5718 1880 5781 arrogarent,
1917 5709 1975 5766 in
2083 5715 2235 5787 δοξιᾳ
2266 5714 2583 5788 μεθύοντες,
2636 5722 2732 5774 καὶ
2766 5719 3084 5794 βουλόμενοι
3116 5722 3453 5783 διδασκάλων
3504 5726 3701 5798 ἀξιώ-
