3970 6400
304 361 383 426 777

1447 363 1526 422 ΙΝ
1571 362 1812 422 EPIST.
1854 363 1956 421 AD
1998 363 2356 426 GAIATAS.

3430 381 3537 446 778

305 491 426 543 ματα
476 475 689 536 ἑαυτοῖς
740 471 1068 540 περιθεῖναι,
1122 472 1368 536 ἐλθόντες
1401 476 1478 537 εἰς
1504 474 1564 527 τὸ
1596 472 1852 527 Γαλατῶν

1977 471 2236 528 Ialatiam
2274 477 2528 545 profecti,
2565 479 2832 535 deet-bant
2883 493 3139 552 opmterc
3184 484 3536 555 circumcidi,

303 565 444 630 ἔθνος,
476 565 755 618 ἐδίδασκον
783 567 863 619 ὃτι
885 567 966 618 δεῖ
989 564 1438 635 περιτέμνεσθαι,
1461 565 1556 619 καὶ
1579 566 1852 630 Σάϐϐατα,

303 657 376 708 καὶ
425 656 736 726 Νεομηνίας
792 658 1010 724 τηρεῖν,
1061 657 1155 708 καὶ
1190 656 1262 726 μὴ
1291 656 1580 727 ἀνέχεσθαι
1639 657 1854 710 Παύλου

304 750 446 801 ταῦτα
469 747 848 818 ἀναιροῦντος.
879 749 940 800 Οἱ
978 747 1090 817 γάρ
1123 749 1251 817 περὶ
1301 749 1508 818 Πέτρον
1540 749 1634 801 καὶ
1667 748 1856 801 Ἰάκω-

302 839 401 902 ϐον,
435 839 530 892 καὶ
569 839 845 907 Ἰωάννην,
900 839 1093 908 φησὶν,
1138 838 1312 892 ταῦτα
1344 840 1405 891 οὐ
1437 838 1769 905 κωλύουσιν,
1807 841 1855 892 οἱ

300 932 480 1002 πρῶτοι
511 930 620 985 τῶν
660 932 994 987 ἀποστόλων.
1052 927 1220 994 Οὗτος
1267 931 1368 1002 μὲν
1418 930 1528 1000 γὰρ
1577 930 1705 1000 χθὲς
1759 930 1856 984 καὶ

301 1026 516 1093 σήμερον
544 1024 742 1094 ἐφάνη,
775 1025 1054 1079 ἐκεῖνοιδέ
1085 1024 1316 1096 πρῶτοι,
1356 1025 1406 1077 οἱ
1433 1025 1561 1095 περὶ
1603 1024 1813 1094 Πέτρον
1842 1040 1855 1053 ·

298 1115 376 1167 καὶ
399 1109 554 1179 οὗτος
607 1117 707 1186 μὲν
763 1116 1012 1187 μαθητὴς
1050 1117 1159 1171 τῶν
1208 1115 1544 1180 ἀποστόλων,
1578 1117 1773 1168 ἐκεῖνοι
1799 1116 1856 1170 δὲ

296 1205 372 1258 τοῦ
418 1206 678 1276 Χριστοῦο
727 1208 819 1260 καὶ
845 1201 1003 1271 οὗτος
1057 1209 1237 1277 μόνος,
1283 1209 1481 1260 ἐκεῖνοι
1523 1208 1581 1261 δὲ
1625 1209 1812 1261 πολλοὶ
1839 1249 1853 1274 ,

294 1298 372 1349 καὶ
423 1297 604 1350 στύλοι
669 1298 770 1364 τῆς
812 1299 1160 1365 Ἐκκλησίας.
1199 1299 1354 1352 Ἐπεὶ
1408 1295 1502 1352 οὖν
1546 1299 1857 1370 ἔμπροσθεν

293 1387 413 1443 εἶδεν
457 1389 611 1452 ἔθνος
664 1389 980 1461 ὀλόκληρον,
1031 1391 1124 1443 καὶ
1177 1391 1360 1462 πυράν
1385 1393 1448 1444 ἐκ
1470 1392 1568 1463 τῆς
1598 1391 1857 1445 Γαλατῶν

291 1480 606 1549 ἀναφθεῖσαν
651 1480 1000 1550 Ἐκκλησίας,
1031 1481 1233 1552 γράφει
1256 1482 1355 1552 τὴν
1402 1482 1690 1554 ἐπιστολὴν
1723 1483 1855 1553 πρὸς

290 1575 489 1629 ἅπαντα
521 1573 694 1629 ταῦτα
752 1576 1212 1646 ἀπολογούμενος,
1275 1577 1370 1630 καὶ
1435 1578 1499 1629 ἐκ
1554 1577 1857 1646 προοιμίων

289 1666 475 1731 εὐθέως
543 1669 682 1739 πρὸς
731 1670 910 1722 ἐκεῖνο
979 1669 1365 1733 ἀνατείνεται,
1405 1670 1432 1721 ὃ
1491 1668 1858 1738 διορύττοντες

287 1760 436 1812 αὐτοῦ
486 1761 586 1832 τὴν
634 1760 906 1832 ὑπόληψιν
971 1761 1177 1829 ἔλεγον,
1233 1762 1314 1814 ὅτι
1353 1762 1403 1813 οἱ
1440 1761 1538 1830 μὲν
1579 1759 1728 1812 ἄλλοι
1760 1757 1855 1811 τοῦ

1958 576 2011 618 et
2065 567 2366 622 observare
2415 569 2659 625 Sabbata
2701 580 2757 626 et
2787 571 3144 641 Neomenias,
3175 593 3277 632 nee
3308 577 3536 634 Paulum

1957 673 2080 712 esse
2106 659 2458 715 tolerandum
2487 663 2581 732 qui
2617 666 2734 719 haec
2755 666 2999 722 auferret
3032 687 3046 724 :
3074 668 3294 725 Petrum
3315 672 3537 742 quippe,

1958 743 2246 814 Jacobum,
2277 758 2331 804 et
2353 749 2647 817 Joannem,
2685 755 2778 824 qui
2833 757 3042 826 primas
3087 759 3232 815 inter
3257 764 3539 830 apostolos

1963 838 2241 904 tenebant,
2310 857 2374 895 ea
2434 858 2542 898 non
2603 846 2936 915 prohibere:
3003 865 3125 904 cum
3177 852 3267 907 hic
3315 855 3536 909 vixdum

1962 924 2078 978 heri
2119 937 2173 982 et
2205 929 2363 986 hodie
2393 933 2716 1002 prodiisset,
2756 935 2958 994 Petrus
3001 954 3130 995 vero
3164 943 3319 1010 prior
3355 953 3537 1000 esset:

1961 1032 2130 1086 atque
2189 1021 2280 1076 hic
2303 1023 2525 1092 quidem
2588 1029 2973 1097 apostolorum
3023 1041 3171 1088 esset
3203 1033 3537 1104 discipulus.

1960 1110 2040 1163 illi
2081 1127 2208 1166 vero
2253 1113 2461 1170 Christi
2499 1135 2513 1170 :
2549 1118 2642 1172 hie
2692 1120 2873 1187 solus,
2914 1121 2995 1175 illi
3034 1123 3366 1193 complures,
3407 1127 3541 1194 ipsi-

1960 1218 2064 1270 que
2105 1204 2379 1260 columna:
2428 1207 2714 1266 Ecclesiae.
2756 1211 3001 1268 Proinde
3041 1228 3167 1268 cum
3214 1224 3341 1270 ante
3372 1218 3542 1272 vidis-

1959 1304 2042 1350 set
2091 1305 2313 1366 gentem
2362 1299 2509 1354 illam
2547 1317 2611 1355 ex
2639 1309 2758 1357 toto
2796 1304 2953 1375 157
2985 1321 3176 1361 sanam
3215 1323 3336 1363 esse
3365 1318 3420 1363 et
3460 1312 3544 1363 in-

1959 1387 2255 1455 columem,
2313 1399 2428 1445 tum
2496 1395 2735 1451 subinde
2785 1412 2851 1452 ex
2901 1397 3222 1453 Galatarum
3298 1399 3542 1457 Ecclesia

1959 1478 2278 1533 incendium
2337 1483 2591 1548 excitari,
2647 1486 2938 1555 epistolam
2983 1490 3230 1560 scripsit,
3273 1507 3380 1560 qua
3426 1507 3544 1546 mo-

1959 1571 2157 1625 mentis
2203 1573 2328 1629 istis
2395 1577 2657 1633 onmibus
2715 1579 3014 1645 satisfacit,
3094 1591 3260 1652 atque
3311 1582 3545 1651 ipsemet

1959 1665 2189 1720 exordio
2242 1666 2294 1720 in
2353 1668 2484 1724 illud
2525 1670 2714 1725 statim
2755 1673 3016 1741 intendit,
3063 1677 3208 1746 quod
3247 1685 3304 1730 ut
3339 1692 3545 1732 conce-

1959 1764 2106 1822 ptam
2141 1756 2206 1810 de
2250 1759 2372 1827 ipso
2413 1762 2884 1819 existimationem
2941 1764 3265 1831 effoderent,
3309 1769 3544 1836 objicie—

287 1827 714 1922 Χριστοῦξοῦτος
747 1827 809 1906 δὲ⁷
825 1827 932 1906 τῶν
962 1827 1282 1907 ἀποστόλων
1314 1827 1536 1920 γέγονεν
1578 1851 1852 1922 μαθητής.

1977 1852 2129 1909 iant;
2163 1855 2292 1915 puta
2327 1849 2465 1905 alios
2495 1852 2716 1920 quidem
2754 1855 3063 1926 discipulos
3098 1857 3304 1914 Christi
3348 1858 3541 1926 fuisse,

402 2033 510 2086 Τοῦ
544 2032 862 2104 ἐγείραντος
892 2035 1056 2088 αὐτὸν
1092 2037 1154 2088 ἐκ
1184 2033 1415 2105 νεκρῶν.
1445 2052 1462 2084 ι

345 2125 444 2179 Διά
480 2125 533 2177 τί
562 2125 662 2178 οὐκ
687 2125 793 2177 ἀπὸ
830 2125 938 2179 τῶν
981 2125 1302 2197 θεοπρεπῶν
1331 2124 1557 2196 ἤρξατο,
1611 2123 1724 2176 ἀλλ’
1761 2125 1853 2177 ἀπ’

275 2217 437 2272 αὐτοῦ
483 2217 579 2270 τοῦ
636 2216 845 2281 πάθους
877 2236 892 2284 ;
923 2217 1046 2271 ’Ότι
1095 2219 1284 2288 ἐπειδὴ
1316 2219 1392 2282 ὡς
1453 2218 1739 2287 μέλλοντες
1769 2234 1852 2269 τι·-

277 2309 620 2381 μωρεῖσθαι,
669 2312 720 2362 εί
767 2311 1066 2364 ἀποσταῖεν
1124 2311 1218 2364 τοῦ
1274 2312 1473 2383 νόμου,
1533 2311 1856 2374 ἐστασίαζον

272 2402 406 2472 7:95.;
467 2401 650 2465 αὐτὸν,
693 2401 782 2454 διὰ
823 2401 982 2455 τοῦτο
1025 2401 1353 2474 πράγματος
1404 2404 1675 2473 μέμνηται
1697 2402 1762 2455 δι’
1794 2395 1856 2456 οὗ

271 2493 454 2544 πᾶσαν
478 2490 730 2545 ἐκϐάλλει
785 2491 878 2544 τοῦ
909 2492 1077 2562 νόμου
1113 2491 1212 2562 τὴν
1235 2493 1448 2562 χρείαν.
1481 2493 1637 2560 Λέγω
1662 2493 1725 2564 δὴ
1758 2494 1857 2564 τὴν

270 2585 334 2637 ἐκ
355 2585 446 2636 τοῦ
481 2583 720 2655 σταυροῦ
756 2585 851 2636 καί¹
883 2585 983 2655 τῆς
1008 2585 1367 2648 ἀναστάσεως
1395 2583 1574 2636 αἰτίαν
1625 2587 1855 2655 γενομέ-

275 2694 367 2748 ιην
396 2678 573 2731 ἆπασι
611 2677 906 2748 σωτηρίας.

341 2788 362 2820 ι
406 2771 520 2824 Καὶ
550 2771 599 2822 oi
626 2769 722 2822 σὺν
754 2771 876 2840 ἐμοὶ
903 2770 1104 2832 πάντες
1137 2771 1378 2839 ἀδελφοί.
1405 2789 1424 2821 ι

336 2863 488 2933 Πρὸς
507 2864 688 2916 ἐκεῖνο
717 2863 877 2917 πάλιν
902 2863 1276 2928 ἀποτείνεται,
1301 2863 1360 2915 τὸ
1384 2864 1566 2930 λέγειν
1591 2864 1854 2928 ἐκείνους,

259 2954 348 3008 ὅτι
380 2957 409 3008 ὁ
445 2955 550 3025 μὲν
599 2953 812 3018 Παῦλος
841 2949 941 3019 εἷς,
991 2957 1038 3007 οἱ
1080 2955 1138 3008 δὲ
1177 2954 1485 3018 ἀπόστολοι,
1528 2955 1742 3008 πολλοίο
1777 2956 1858 3008 διὸ

260 3047 477 3116 πλῆθος
528 3047 869 3117 ἐπεισήγαγε
905 3047 1002 3100 σὺν
1049 3046 1220 3116 αὐτῷ,
1282 3047 1379 3100 καὶ
1428 3047 1529 3116 οὐχ
1580 3045 1770 3117 ὥσπερ
1799 3049 1857 3099 ἐν

1962 1935 2142 2006 ipsum
2173 1954 2302 1994 vero
2334 1945 2729 2011 apostolorum.

2039 2050 2056 2079 ι
2097 2029 2202 2094 Qui
2237 2033 2528 2087 suscitavit
2557 2050 2681 2089 eum
2722 2052 2749 2090 a
2781 2040 3036 2094 mortuis.
3077 2060 3095 2092 ι

2032 2120 2213 2186 Quare
2267 2139 2400 2178 vero
2441 2140 2550 2180 non
2611 2143 2642 2181 a
2698 2127 3061 2187 divinioribus
3108 2133 3312 2189 Christi
3376 2138 3544 2206 gestis

1961 2211 2250 2266 exordium
2302 2214 2479 2281 ducit,
2534 2217 2629 2272 sed
2687 2232 2716 2271 a
2757 2219 3018 2287 passione
3070 2223 3289 2293 ipsius?
3343 2226 3546 2297 Utique

1963 2312 2087 2353 cum
2121 2299 2197 2354 illi
2234 2301 2503 2361 adversus
2532 2305 2711 2376 ipsum
2742 2309 3116 2379 insurgerent,
3146 2323 3404 2386 tanquam
3426 2334 3545 2388 poe-

1961 2407 2062 2446 nas
2094 2391 2278 2448 daturi
2314 2396 2358 2450 si
2406 2397 2743 2454 defecissent
2777 2416 2807 2454 a
2854 2403 2993 2474 lege,
3027 2405 3242 2462 idcirco
3273 2424 3390 2463 eam
3428 2426 3543 2464 rem

1961 2494 2382 2549 commemorat,
2441 2503 2548 2555 qua
2600 2489 2739 2560 legis
2790 2494 3094 2550 necessitas
3145 2498 3327 2553 omnis
3357 2500 3547 2552 exclu-

1962 2572 2227 2642 deretur;
2318 2593 2567 2645 crucem,
2637 2583 2883 2652 inquam,
2938 2593 2994 2639 et
3053 2592 3543 2660 resurrectionem,

1960 2681 2083 2735 quae
2123 2669 2340 2724 cunctis
2371 2686 2535 2726 causa
2566 2674 2765 2730 salutis
2798 2676 2974 2732 fuere.

2038 2758 2201 2814 Vens.
2236 2762 2292 2815 9..
2328 2780 2346 2812 ι
2388 2762 2450 2815 Ει
2481 2765 2574 2834 qui
2627 2746 2844 2844 mecum
2879 2779 3008 2824 sunt
3044 2786 3240 2826 omnes
3268 2773 3488 2830 fratres.
3521 2796 3537 2826 ι

2035 2851 2113 2904 Ad
2168 2853 2304 2908 illud
2351 2872 2574 2927 quoque
2625 2860 2914 2927 collineat,
2967 2865 3111 2934 quod
3151 2867 3228 2920 illi
3263 2867 3542 2930 dicebant.

1965 2939 2194 2994 Paulum
2237 2944 2460 3012 quidem
2499 2962 2624 3002 esse
2657 2950 2858 3018 solum,
2897 2952 3168 3023 plurimos
3197 2967 3378 3012 autem
3413 2975 3544 3030 apo-

1966 3033 2157 3088 stolos.
2196 3033 2328 3089 Eam
2355 3039 2426 3094 ob
2469 3055 2582 3095 rem
2620 3043 3033 3101 multitudinem
3079 3065 3186 3102 una
3225 3067 3413 3106 secum
3449 3055 3548 3107 ad-

258 3137 523 3206 ἑτέρως’,
553 3138 585 3209 ἢ
611 3137 822 3201 Παῦλος
853 3138 1089 3208 μόνον,ἢ
1126 3137 1340 3200 Παῦλος
1388 3139 1479 3190 καὶ
1511 3139 1553 3190 Τ
1562 3137 1854 3208 ιμόθεος,ἦ

1977 3123 2164 3180 duxit:
2239 3143 2351 3182 non
2408 3140 2615 3197 autem,
2672 3137 3144 3203 quemadmodum
3201 3141 3254 3194 in
3298 3143 3550 3212 epistolis

255 3233 360 3284 καὶ
383 3232 701 3296 Σιλουανός.

342 3431 362 3462 ι
401 3411 544 3473 Ταῖς
581 3409 936 3480 Ἐκκλησίαις
963 3410 1063 3481 τῆς
1088 3409 1384 3474 Γαλατίας.
1419 3431 1437 3463 ι

337 3504 603 3555 Δείκνυσι
659 3501 721 3554 τὸ
770 3501 1067 3571 ἀναγκαῖον
1126 3503 1223 3572 τῆς
1288 3503 1606 3572 ἐπιστολῆς,
1660 3504 1740 3556 ὅτι
1797 3505 1857 3555 οὐ

263 3598 372 3669 μία
400 3599 794 3652 κινδυνεύουσα
835 3597 1132 3667 Ἐκκλησία
1194 3587 1416 3670 ἦγειρεν
1448 3597 1611 3652 αὐτοῦ
1649 3599 1748 3668 τὴν
1775 3616 1862 3652 το-

260 3692 482 3762 σαύτην
508 3690 768 3761 σπουδὴν,
799 3689 937 3743 ἀλλὰ
981 3689 1185 3760 πλῆθος
1233 3690 1592 3760 Ἐκκλησιῶν.

343 3885 363 3917 ι
407 3866 585 3937 Χάρις
616 3866 744 3934 ὑμῖν
785 3865 881 3917 καὶ
909 3865 1102 3936 είρήνη
1168 3863 1276 3917 ἀπὸ
1335 3864 1471 3918 Θεοῦ
1519 3865 1732 3934 Πατρδς
1770 3869 1872 3919 καὶ

258 3955 482 4027 Κυρίου
525 3953 703 4025 Ἰησοῦ
731 3954 989 4026 Χριστοῦ.
1023 3971 1044 4006 ο

334 4045 629 4116 Πανταχοῦ
692 4044 790 4115 μὲν
851 4042 1008 4098 τοῦτο
1048 4043 1266 4113 τίθησι,
1328 4042 1563 4112 μάλιστα
1585 4041 1642 4095 δὲ
1688 4042 1862 4096 Γαλά-

257 4153 388 4199 ταις
442 4136 781 4190 ἐπιστέλλων
827 4134 946 4201 νῦν,
999 4135 1188 4205 ἐπειδὴ
1244 4135 1344 4204 τῆς
1399 4135 1621 4204 χάριτος
1648 4134 1858 4188 ἐκινδύ-

259 4247 425 4282 νευον
455 4230 730 4295 ἐκπεσεῖν,
761 4228 822 4282 τὸ
848 4228 1011 4282 πάλιν
1037 4227 1210 4282 ἐλθεῖν
1237 4228 1683 4299 περιτέμνεσθαι.

343 4430 362 4462 ι
400 4409 512 4464 Τοῦ
542 4409 726 4472 δύντος
763 4406 954 4459 ἐαυτὸν
988 4405 1128 4476 ὑπὲρ
1157 4405 1265 4458 τῶν
1318 4404 1604 4475 ἁμαρτιῶν
1629 4405 1805 4476 ἡμῶν.
1834 4425 1852 4457 ι

333 4589 601 4658 Μυρίοις,
638 4587 824 4658 φησὶν,
858 4587 1281 4658 περιεπάρημεν
1335 4591 1548 4654 κακοῖς,
1607 4591 1700 4643 καὶ
1755 4591 1854 4660 τῆς

255 4681 512 4749 ἐσχάτης
546 4673 690 4749 ἦμεν
719 4678 1013 4734 ὑπεύθυνοι
1072 4679 1347 4742 κολάσεως
1377 4697 1390 4710 ο
1434 4682 1526 4734 καὶ
1557 4683 1584 4734 ὁ
1621 4682 1720 4750 μὲν
1776 4684 1860 4735 vo"

258 4789 366 4833 uo;
402 4773 469 4823 οὐ
501 4772 665 4840 μόνον
702 4772 764 4823 ού
795 4769 1154 4839 κατήλλαξεν,
1195 4770 1334 4825 ἀλλά
1356 4773 1452 4825 καὶ
1474 4775 1856 4839 κατεδίκασεν,

251 4865 319 4912 τὸ
365 4863 475 4933 μὲν
513 4862 825 4933 ἁμάρτημα
876 4863 1111 4933 φανερὸν
1160 4863 1444 4927 καθιστὰς,
1491 4865 1857 4934 ἐλευθερῶσαι

248 4954 312 5005 δὲ
343 4957 456 5008 οὐκ
496 4953 718 5024 ἰσχύων,
748 4954 872 5008 οὐδὲ
912 4953 1120 5008 παῦσαι
1171 4954 1267 5007 τοῦ
1319 4955 1454 5007 Θεοῦ
1503 4956 1601 5027 τὴν
1661 4957 1856 5028 ὀργήν.

262 5045 329 5100 Ὁ
357 5047 424 5101 δὲ
457 5047 589 5110 Υἱὸς
617 5046 712 5100 τοῦ
741 5044 878 5101 Θεοῦ
901 5085 914 5110 ,
941 5047 1115 5099 καὶτὸ
1140 5046 1403 5102 ἀδύνατον
1429 5049 1653 5101 δυνατὸν
1674 5051 1860 5120 ἐποίη-

249 5157 342 5203 σε,
370 5141 480 5204 τὰς
536 5140 812 5212 ἁμαρτίας
857 5140 1048 5207 λύσας,
1077 5141 1170 5193 καὶ
1202 5141 1328 5203 τοὺς
1359 5141 1586 5211 ἐχθροὺς
1613 5144 1670 5193 ἐν
1708 5141 1858 5207 τάξει

246 5233 446 5301 φίλων
473 5234 844 5303 καταστήσας.

247 5368 262 5375 ,
318 5339 340 5372 ‹
398 5326 600 5387 Ὅπως
657 5324 907 5394 ἐξέληται
960 5327 1110 5395 ἡμᾶς
1159 5327 1225 5378 ἐκ
1283 5326 1378 5378 τοῦ
1431 5325 1626 5388 αἰῶνος
1695 5344 1862 5394 πονη-

245 5412 387 5484 ε,οἱ
422 5429 442 5466 τ

329 5506 417 5558 Οὐ
450 5505 541 5559 τδν
572 5507 760 5577 λερόνον
791 5503 944 5559 εἶπεν
968 5546 982 5569 ,
1023 5507 1162 5559 ἀλλὰ
1190 5507 1288 5577 τὴν
1312 5515 1339 5545 ν
1370 5506 1654 5576 παροῦσαν
1714 5507 1860 5578 ζωὴν

247 5613 410 5670 mw]
425 5597 524 5668 ράν
546 5598 795 5652 ἐκάλεσε.

1968 3217 2114 3283 aliis,
2146 3228 2240 3273 aut
2270 3219 2476 3278 Paulus
2511 3224 2667 3280 solus
2707 3228 3087 3296 praemittitur,
3139 3241 3233 3286 aut
3263 3233 3466 3291 Paulus
3495 3248 3550 3292 et

1963 3307 2312 3379 Timotheus,
2353 3314 2462 3369 imo
2491 3318 2654 3371 etiam
2695 3320 2975 3375 Silvanus.

2040 3417 2058 3448 ι
2097 3399 2363 3459 Ecclesiis
2398 3403 2645 3462 Galatiae.
2689 3428 2706 3459 ›

2038 3490 2328 3560 Significat
2358 3510 2480 3564 quae
2511 3500 2814 3554 necessitas
2867 3515 3084 3569 urgeret
3118 3505 3394 3568 scribendi
3428 3510 3545 3578 epi-

1964 3583 2198 3648 stolam;
2265 3587 2415 3655 quod
2481 3605 2676 3660 nempe
2724 3607 2832 3645 non
2865 3593 3030 3648 unius
3075 3594 3333 3651 Ecclesiae
3362 3601 3548 3668 cujus—

1963 3674 2090 3728 dam
2125 3676 2453 3741 diserimen,
2490 3689 2706 3736 tantum
2763 3684 2869 3737 sibi
2925 3686 3172 3741 studium
3235 3693 3547 3761 suggessis-

1965 3773 2072 3829 set,
2107 3767 2199 3821 sed
2232 3769 2531 3824 multarum
2563 3773 2749 3826 simul.

1951 3881 1974 3898 ο
2039 3857 2205 3914 Vens.
2236 3861 2288 3914 5.
2329 3879 2347 3910 ι
2406 3859 2598 3917 Gratia
2651 3865 2807 3920 vobis
2833 3875 2885 3921 et
2937 3883 3039 3937 pax
3077 3884 3105 3921 a
3151 3868 3258 3924 Deo
3303 3869 3466 3928 Patre
3497 3884 3549 3928 et

1969 3947 2203 4004 Domino
2235 3950 2365 4008 Jesu
2401 3954 2647 4010 Christo.
2688 3975 2705 4008 ι

2035 4041 2148 4098 Hoc
2212 4047 2435 4114 quidem
2501 4051 2706 4120 ubique
2764 4055 2968 4122 passim
3027 4057 3204 4123 ponit,
3257 4057 3308 4108 in
3356 4059 3550 4127 primis

1965 4147 2096 4186 vero
2125 4134 2260 4187 dum
2293 4136 2358 4189 ad
2401 4137 2626 4193 Galatas
2659 4142 2876 4206 scribit,
2911 4145 3039 4211 quia
3092 4147 3397 4214 periculum
3429 4159 3548 4201 erat

1965 4240 2032 4278 ne
2089 4241 2117 4277 a
2169 4227 2350 4296 gratia
2403 4230 2747 4297 exciderent,
2808 4233 2854 4287 si
2914 4235 3114 4287 iterum
3180 4239 3547 4294 circumcide-

1967 4327 2179 4370 I‘CHUII‘.

2045 4408 2210 4464 Vens.
2250 4411 2304 4474 4,
2339 4412 2391 4469 5.
2429 4432 2446 4463 ι
2481 4412 2586 4479 Qui
2633 4415 2785 4470 dedit
2834 4419 3192 4490 semetipsum
3218 4411 3326 4491 pro
3354 4439 3546 4493 pecca-

1890 4507 1934 4559 D
1965 4503 2035 4556 tis
2078 4506 2304 4559 nostris.
2343 4525 2360 4556 ι

2049 4595 2361 4652 lnnunieris
2422 4601 2474 4653 in
2540 4602 2698 4654 malis
2750 4603 3014 4672 implicati
3065 4620 3307 4671 eramus,
3368 4618 3546 4662 extre-

1965 4689 2182 4757 misque
2236 4691 2528 4759 suppliciis
2589 4693 2863 4749 obnoxii:
2905 4696 2989 4749 lex
3047 4712 3177 4750 vero
3230 4715 3336 4752 nou
3386 4699 3546 4753 modo

1969 4795 2078 4834 nou
2116 4783 2514 4848 reconciliavit,
2565 4785 2700 4854 quin
2737 4793 2791 4839 et
2837 4787 3259 4855 condemnavit;
3313 4807 3547 4859 cumque

1968 4882 2258 4942 peccatum
2295 4874 2410 4929 haec
2441 4877 2618 4946 palam
2669 4878 3003 4944 traduceret,
3041 4884 3344 4938 conciliare
3381 4885 3546 4939 liber-

1968 4973 2135 5019 tatem
2173 4983 2279 5020 non
2313 4969 2548 5032 valebat,
2601 4988 2700 5026 nec
2752 4975 2891 5028 iram
2931 4973 3020 5029 Dei
3057 4977 3268 5031 sedare.
3318 4978 3386 5030 At
3422 4996 3548 5033 vero

1971 5054 2065 5111 Dei
2120 5057 2294 5112 Filius
2347 5059 2396 5112 id
2442 5060 2584 5130 quod
2634 5063 2896 5130 possibile
2949 5082 3056 5119 non
3112 5075 3280 5132 esset,
3309 5071 3551 5137 peccatis

1970 5148 2168 5204 deletis
2226 5149 2492 5220 possibile
2553 5155 2811 5218 reddidit,
2852 5167 2966 5211 tum
3019 5159 3182 5213 etiam
3220 5176 3280 5214 ex
3314 5162 3550 5216 inimicis

1969 5243 2175 5296 amicos
2213 5243 2360 5297 fecit.

2048 5352 2064 5382 ι
2103 5333 2173 5387 Ut
2199 5336 2437 5405 eriperet
2472 5353 2573 5393 nos
2603 5339 2673 5412 de
2698 5343 2926 5397 saeculo.
2965 5362 2981 5394 ι

2053 5509 2171 5565 Non
2217 5520 2434 5581 tempus
2473 5513 2674 5580 innuit,
2713 5518 2805 5572 sed
2853 5520 3018 5573 vitam
3073 5506 3396 5589 praesentem
3449 5520 3553 5576 im-

1971 5605 2198 5673 probam
2237 5605 2548 5674 appellavit.

1563 5713 1794 5772 VARIIE
1834 5719 2239 5776 LECTIONISS.

373 5807 621 5860 ν’ᾼλλὰ
655 5806 792 5873 τήν,
837 5806 1045 5861 Vereor
1082 5825 1150 5864 ne
1182 5809 1558 5876 exceptionem
1601 5825 1767 5879 quam
1818 5814 2099 5870 interserit
2131 5815 2581 5886 Chrysostomus,
2624 5836 2722 5891 pro
2757 5832 3100 5882 exposuione
3145 5825 3346 5882 Noster
3400 5839 3565 5884 acce-

564 5901 834 5960 PATROL.
869 5902 983 5959 Gn.
1017 5901 1194 5964 XCV.

3144 5917 3219 5976 ‘25
