3970 6408
407 339 517 403 ’179

1598 330 1663 392 S.
1700 330 1939 390 JOANN
1952 330 2020 387 IS
2055 328 2486 389 DAMASCENI

3564 328 3665 393 vso

490 468 510 501 ι
553 447 821 504 Ρηοςριιιί
867 459 1141 515 nequam,
1179 442 1487 498 secundum
1524 444 1866 499 voluntatem
1902 441 1995 496 Dei

2179 461 2198 495 ι
2241 442 2349 495 Τοῦ
2409 440 2705 505 ἐνεστῶτος
2750 438 2990 510 πονηροῦ
3035 440 3178 494 κατά
3222 439 3283 493 τὸ
3327 439 3541 512 θέλημα
3580 439 3685 494 τοῦ-ι

406 551 467 595 et
495 540 681 596 Patris
712 537 888 593 nostri
919 554 932 591 :
966 534 1060 590 cui
1111 542 1204 591 est
1227 535 1406 606 gloria
1437 535 1493 589 in
1518 535 1721 591 sarcula
1754 532 1993 587 steculo-

414 645 556 686 rum.
590 632 788 683 Amen.
830 644 853 678 ι

474 718 645 774 Malas
670 694 918 774 actiones
947 716 1106 782 dicit,
1143 716 1434 773 distortam
1466 716 1823 770 voluntatem.

478 894 645 950 Vsus.
679 893 735 961 6,
763 893 818 951 7.
853 911 873 946 ι
910 892 1082 949 Miror
1110 893 1257 963 quod
1288 893 1369 949 sic
1402 901 1512 947 tam
1545 891 1655 948 cito
1701 889 1984 947 transferi-

408 986 542 1041 mini
569 987 638 1040 ab
668 1000 736 1041 eo
764 985 859 1057 qui
905 999 1005 1042 vos
1049 984 1267 1040 vocavit
1315 983 1371 1039 in
1420 983 1659 1056 gratiam
1697 982 1929 1040 Christi.
1959 1001 1980 1033 ι

481 1073 597 1129 Hoc
626 1074 784 1141 milii,
840 1074 1041 1145 inquit,
1089 1083 1374 1145 stuporem
1407 1073 1643 1143 creavit,
1672 1074 1822 1143 quod
1856 1087 1982 1127 cum

408 1164 736 1237 mysterium
767 1164 958 1236 gratia:
987 1164 1071 1220 sic
1112 1163 1295 1219 edocti
1319 1172 1536 1232 essent,
1566 1171 1625 1219 ut
1651 1173 1706 1220 et
1728 1164 1984 1220 doctores

411 1256 531 1313 fieri
579 1264 811 1327 possent
852 1257 1110 1321 aliorum,
1134 1254 1198 1311 lii
1260 1262 1374 1311 tam
1412 1255 1575 1313 facile
1603 1256 1991 1327 deceptoribus

411 1350 869 1407 auscultaverim.

487 1544 506 1576 σ
543 1526 603 1581 In
641 1525 788 1582 aliud
840 1525 1220 1596 Evangelium,
1270 1522 1420 1595 quod
1468 1539 1577 1578 non
1630 1532 1716 1580 est
1765 1522 1937 1577 aliud.
1966 1541 1986 1572 ι

486 1620 651 1690 158
683 1619 818 1675 Nam
871 1629 931 1675 ut
960 1619 1159 1675 Petrus
1205 1618 1346 1674 dicit
1392 1636 1407 1674 :
1446 1616 1571 1672 Non
1619 1626 1694 1672 est
1725 1616 1875 1670 aliud
1906 1632 1993 1670 no-

409 1726 526 1765 men
570 1711 667 1764 sub
712 1711 841 1765 ccelo
880 1712 1068 1765 datum
1117 1709 1445 1773 hominibus,
1501 1711 1557 1763 in
1601 1725 1702 1778 quo
1755 1717 1993 1778 oporteat

410 1817 507 1856 nos
540 1800 714 1855 salvos
746 1802 865 1864 fieri
895 1802 964 1856 ".

485 1910 506 1944 ι
541 1890 659 1947 Nisi
704 1893 875 1964 aliqui
919 1902 1078 1959 sunt,
1129 1892 1227 1963 qui
1276 1908 1376 1949 vos
1427 1891 1789 1957 conturbant,
1817 1899 1871 1946 et
1900 1905 1992 1945 vo-

409 1985 529 2041 lunt
555 1995 883 2041 convertere
920 1982 1278 2056 Evangelium
1304 1982 1541 2039 Christi.
1571 2002 1589 2033 ι

479 2074 650 2131 Recte
683 2075 782 2139 ait,
813 2074 907 2145 qui
939 2090 1030 2129 vos
1065 2075 1414 2142 conturbant,
1450 2089 1594 2139 non,
1627 2074 1722 2144 qui
1759 2072 1991 2138 docent;

408 2177 468 2221 ut
496 2167 756 2223 ostendat
781 2180 903 2222 eam
933 2181 1051 2222 rem
1089 2181 1298 2221 meram
1327 2180 1453 2221 esse
1482 2165 1886 2236 deceptionem.

477 2259 648 2316 Vens.
682 2260 736 2315 8.
774 2258 828 2314 9.
892 2278 911 2311 ι
968 2259 1079 2315 Sed
1115 2260 1247 2315 licet
1304 2275 1431 2325 nos,
1495 2267 1592 2315 aut
1642 2258 1876 2330 angelus
1925 2258 1994 2314 de

408 2352 557 2409 coelo
588 2351 935 2424 evangelizet
966 2352 1130 2408 vobis
1179 2360 1546 2423 praeterquam
1578 2349 1728 2422 quod
1756 2364 1993 2421 evange-

409 2444 704 2500 lizavimus
734 2444 917 2511 vobis,
952 2444 1248 2500 anathema
1281 2444 1375 2499 sit.
1416 2442 1574 2499 Sicut
1606 2441 1992 2513 praediximus,

409 2547 463 2593 et
496 2551 647 2592 nunc
678 2537 874 2591 iterum
905 2536 1069 2589 dico:
1104 2533 1152 2589 si
1184 2532 1310 2604 quis
1346 2533 1502 2588 vobis
1531 2529 1997 2603 evangelizaverit

410 2636 609 2700 praeter
633 2628 684 2681 id
715 2625 863 2697 quod
892 2624 1208 2696 accepistis,
1241 2623 1536 2678 anathema
1568 2622 1660 2678 sit.
1702 2640 1722 2676 ι

483 2719 616 2776 Vide
673 2708 1032 2789 prudentiam
1082 2716 1382 2787 Apostoli:
1445 2714 1526 2771 Ne
1579 2714 1708 2785 quis
1765 2712 1994 2778 diceret,

408 2829 532 2869 eum
583 2813 772 2868 inanis
817 2810 1010 2883 gloriae
1049 2809 1329 2865 desiderio
1364 2807 1588 2880 propria
1626 2807 1833 2878 placita
1863 2820 1992 2861 νεη-

409 2908 611 2973 ditare,
642 2910 818 2960 semet
846 2902 1190 2957 anathemati
1222 2902 1497 2958 devovere
1541 2915 1652 2956 non
1698 2898 1997 2955 dubitavit.

411 2997 477 3051 Et
509 2995 640 3067 quia
670 2994 751 3048 illi
788 2993 856 3048 ad
885 2993 1251 3048 auctoritates
1279 2991 1700 3063 confugiebant,
1724 2989 1998 3047 Joannem

411 3096 542 3159 puta
565 3095 623 3143 et
651 3085 927 3141 Jacobum
948 3126 965 3151 ,
994 3099 1116 3140 eam
1151 3084 1223 3139 ob
1255 3098 1368 3139 rem
1405 3082 1631 3153 angelos
1656 3095 1994 3137 commemo-

412 3150 576 3234 ravit.
616 3177 808 3248 Neque
854 3150 1002 3233 enim
1049 3175 1187 3230 mihi
1233 3150 1504 3230 Jacobum
1534 3183 1592 3229 et
1614 3173 1884 3230 Joannem
1915 3174 1993 3229 ci-
2026 3150 2070 3211 θ

412 3270 621 3327 laveris
650 3286 664 3323 :
707 3283 834 3324 nam
860 3266 1115 3339 quamvis
1142 3281 1207 3321 ex
1238 3265 1581 3336 primoribus
1608 3265 1820 3337 angelis
1854 3278 2000 3319 unus

411 3364 504 3431 sit,
538 3363 636 3435 qui
688 3359 1137 3433 praedicationem
1203 3358 1521 3426 labefactet,
1583 3357 1676 3414 ille
1736 3358 1811 3415 sit
1866 3370 1995 3411 ana-

412 3454 644 3512 thema?
1148 3451 1153 3457 ’

480 3542 649 3600 Vens.
697 3542 788 3599 10.
821 3561 840 3595 ι
900 3540 1063 3598 Modo
1098 3541 1249 3597 enim
1289 3540 1617 3597 hominibus
1665 3540 1895 3608 suadeo,
1930 3555 2001 3597 an

414 3633 570 3691 Deo?
602 3653 622 3688 ι

480 3726 620 3781 Nam
652 3712 901 3783 etsiltaec
924 3724 1177 3782 docendo
1202 3740 1298 3782 vos
1324 3725 1576 3798 decipio,
1612 3726 1791 3798 inquit
1814 3767 1829 3793 ,
1859 3742 2003 3783 nun-

414 3820 549 3893 quid
589 3827 644 3875 et
689 3818 803 3874 Deo
831 3818 1044 3874 valeam
1077 3818 1387 3889 imponere,
1422 3818 1514 3873 cui
1546 3826 1836 3889 perspecta
1866 3826 1997 3880 sunt

416 3925 618 3967 arcana
661 3909 1047 3982 cogitationis,
1093 3916 1149 3965 ct
1179 3894 1273 3965 cui
1297 3925 1396 3980 per
1436 3911 1622 3965 omnia
1658 3913 1885 3982 placere
1915 3918 1994 3966 to-

402 4005 489 4077 rtis
523 4003 726 4060 studiis
755 4002 1079 4081 contendo?

490 4116 509 4151 ι
543 4096 601 4153 Si
641 4096 826 4153 adhuc
876 4095 1197 4153 hominibus
1229 4095 1522 4167 placerem,
1561 4112 1757 4154 servus
1795 4096 2003 4153 Christi

416 4205 525 4245 non
563 4204 772 4246 essem.
809 4186 1005 4260 [Vens.
1042 4186 1158 4261 11.]
1192 4187 1397 4244 Notum
1444 4189 1594 4244 enim
1629 4189 1791 4246 vobis
1827 4188 1997 4254 facio,

416 4280 636 4347 fratres,
660 4280 1044 4351 Evangelium,
1077 4279 1228 4351 quod
1249 4281 1691 4353 evangelizatum
1720 4287 1807 4337 est
1834 4295 1867 4334 a
1894 4293 2003 4344 me,

415 4373 546 4443 quia
576 4386 688 4428 non
717 4380 804 4429 est
837 4372 1145 4429 secundum
1180 4373 1496 4433 hominem.
1535 4392 1555 4424 ι

2090 1465 2201 1505 ται.

2097 533 2235 587 Θεοῦ
2272 535 2370 588 καὶ
2403 534 2620 605 Πατρὸς
2658 533 2837 604 ἡμῶν,
2869 524 2973 604 ᾧή
3004 531 3131 596 δόξα
3154 533 3234 595 είς
3280 533 3410 595 τοὺς
3471 530 3665 596 αἰῶνας

2095 626 2204 681 τῶν
2234 625 2477 685 αἰώνων.
2509 626 2708 697 Ἀμήν.
2736 644 2754 678 ι

2174 715 2287 781 Τὰς
2333 719 2564 787 πράξεις
2593 717 2741 787 λέγει
2770 716 2873 781 τὰς
2905 715 3167 787 πονηρὰς,
3206 714 3304 787 τὴν
3351 714 3667 785 προαίρεσιν

2096 806 2196 878 τὴν
2220 806 2691 880 διεστραμμένην.

2175 914 2196 947 ι
2230 896 2506 968 Θαυμάζω
2560 898 2644 952 ὅτι
2688 897 2832 951 οὕτω
2876 897 3092 969 ταχέως
3144 896 3505 969 μετατίθεσθε
3564 897 3671 952 ’ἀπὸ

2100 988 2195 1043 τοῦ
2224 988 2552 1053 καλέσαντος
2579 988 2723 1061 ὑμᾶς
2755 990 2814 1044 ὲν
2831 989 3016 1061 χάριτι
3040 989 3302 1061 Χριστοῦ.
3333 1008 3356 1040 ι

2172 1079 2343 1135 Τοῦτό
2399 1098 2511 1152 μοι,
2540 1077 2714 1152 ’φησὶ,
2789 1081 2889 1152 τὴν
2942 1080 3144 1151 πολλὴν
3196 1080 3458 1148 ἔκπληξιν
3498 1082 3664 1152 ήγει-

2098 1191 2211 1246 ρεν,
2262 1174 2349 1228 δτι
2372 1174 2430 1227 ¹οἱ
2462 1172 2637 1235 οὕτως
2668 1172 2729 1226 τὸ
2756 1173 2856 1241 τῆς
2901 1171 3125 1244 χάριτος
3178 1170 3526 1242 διδαχθέντες
3565 1187 3667 1242 μυ-

2095 1266 2354 1337 στήριον,
2403 1264 2481 1328 ὡς
2525 1262 2789 1318 δύνασθαι
2833 1264 2932 1316 καὶ
2986 1262 3191 1334 ἐτέρων
3226 1260 3535 1316 διδάσκαλοι
3584 1260 3671 1330 γί-

2092 1360 2298 1424 νεσθαι,
2327 1349 2477 1411 οὗτοι
2523 1354 2768 1427 εὐχερῶς
2799 1353 2974 1419 οὕτως
3017 1355 3135 1418 τοῖς
3171 1351 3426 1408 ἀπατῶσι
3463 1351 3678 1406 πείθον-

2177 1558 2200 1590 ‹
2247 1537 2341 1602 Et;
2357 1538 2549 1609 ἕτερον
2580 1534 2939 1605 Εὐαγγέλιον,
2970 1533 3000 1587 ὃ
3016 1532 3120 1589 οὐκ
3147 1531 3295 1586 ἐστιν
3320 1532 3471 1588 ἄλλο.
3488 1551 3517 1583 ι

2171 1628 2261 1693 Ὦς
2281 1629 2393 1700 γὰρ
2411 1629 2441 1682 ὁ
2463 1626 2669 1698 Πέτρος
2696 1625 2896 1696 φησὶν,
2931 1624 3016 1678 ὅτι
3076 1624 3200 1678 Οὐκ
3250 1622 3425 1677 ἔστιν
3469 1621 3681 1690 ἕτερον

2094 1720 2284 1791 ὄνομα
2312 1722 2431 1775 ὑπὸ
2469 1718 2577 1772 τὸν
2611 1715 2873 1787 οὐρανὸν
2898 1715 2966 1770 τὸ
2995 1713 3322 1785 δεδομένον
3346 1713 3417 1768 ἐν
3455 1711 3682 1781 ἀνθρὼ-

2018 1804 2065 1861 Β
2091 1828 2262 1880 ποις,
2287 1812 2359 1866 ἐν
2385 1804 2434 1878 ᾧ
2463 1809 2558 1865 δεῖ
2580 1808 2850 1879 σωθῆναι
2880 1807 3057 1879 ἡμᾶς.

2172 1924 2192 1958 ι
2226 1905 2290 1958 Εί
2320 1905 2395 1976 μή
2427 1902 2575 1966 τινές
2602 1902 2741 1955 εἰσιν
2769 1902 2817 1955 oi
2842 1900 3209 1971 ταράσσοντες
3262 1898 3426 1969 ὑμᾶς,
3471 1898 3566 1951 καὶ
3592 1895 3689 1952 θέ-

2093 2000 2281 2059 λοντες
2343 1994 2718 2067 μεταστρέψαι
2745 1992 2808 2046 τὸ
2833 1991 3177 2060 Ἐύαγγέλιον
3218 1990 3313 2045 τοῦ
3347 1990 3608 2062 Χριστοῦ.
3650 2007 3673 2039 ι

2165 2083 2242 2143 Εὖ
2303 2086 2399 2154 τὸ,
2469 2084 2927 2155 ταράσσοντες,
2985 2082 3048 2137 οὐ
3105 2082 3484 2146 διδάσκοντες,
3551 2079 3686 2134 οὐδε

2097 2179 2376 2243 πείθοντες
2394 2177 2443 2232 ’ἶ
2460 2194 2523 2231 να
2538 2174 2687 2248 δείξῃ
2715 2164 2932 2246 ἀπάτης
2947 2173 3120 2247 μόνης
3133 2172 3195 2228 τδ
3228 2173 3461 2244 πρᾶγμα
3488 2170 3574 2226 δν.

2174 2290 2192 2323 ι
2233 2268 2397 2324 Ἀλλά
2452 2269 2549 2325 καὶ
2603 2268 2699 2323 ὲάν
2734 2268 2899 2341 ήμεῖς
2925 2267 2961 2338 ἢ
2987 2265 3219 2335 ἄγγελος
3246 2263 3308 2329 ἐξ
3332 2260 3561 2333 οὐρανοῦ
3588 2261 3686 2315 εὐ-

2097 2362 2456 2433 αγγελίζηται
2486 2361 2622 2430 παρ’
2658 2359 2688 2416 ὃ
2716 2356 3194 2431 εὐηγγελισάμεθα
3226 2357 3362 2427 ὑμῖν
3382 2394 3402 2419 ,
3434 2353 3689 2423 ἀνάθεμα

2098 2457 2260 2511 ἔστω.
2299 2457 2388 2520 Ὦς
2428 2454 2864 2527 προειρήκαμεν,
2914 2450 3012 2505 καὶ
3061 2450 3187 2522 ἄρτι
3226 2447 3389 2503 πάλιν
3434 2446 3597 2516 λέγω·
3630 2444 3693 2498 εἰ

2098 2567 2183 2613 τις
2216 2549 2363 2620 ὑμᾶς
2387 2545 2803 2616 εὐαγγελίζεται
2836 2544 2967 2615 παρ’
2987 2542 3016 2596 ὃ
3046 2540 3411 2614 παρελάϐετε,
3435 2535 3693 2608 ἀνάθεμα

2099 2643 2261 2696 ἔστω.
2300 2659 2319 2694 ι

2174 2735 2316 2804 Ὅρα
2355 2732 2572 2788 σύνεσιν
2599 2728 2986 2801 ἀποστολικήν’
3024 2727 3145 2783 Ἵνα
3170 2726 3279 2799 γάρ
3312 2726 3387 2796 μή
3415 2740 3498 2786 τις
3524 2721 3692 2795 λέγῃ,

2100 2829 2185 2882 ὅτι
2237 2825 2551 2893 κενοδοξίας
2592 2824 2791 2878 ’ἕνεκεν
2814 2821 2885 2876 τὰ
2909 2820 3022 2876 ἴδια
3077 2819 3370 2889 συγκροτεῖ
3413 2815 3696 2885 δόγματα,

2101 2917 2196 2973 καὶ
2255 2915 2418 2972 αὐτὸν
2465 2902 2880 2985 ἀνεθεμάτισεν·
2936 2908 3128 2981 ἐπειδὴ
3174 2908 3233 2962 δὲ
3284 2908 3363 2971 είς
3397 2904 3698 2977 ἀξιώματα

2102 3009 2434 3079 κατέφυγον,
2482 3005 2745 3062 Ἰάκωὸον
2784 3004 2880 3060 καὶ
2911 2996 3186 3073 Ἰωάννην,
3233 2998 3325 3053 διὰ
3377 2994 3537 3052 τοῦτο
3589 2992 3701 3045 καὶ

2102 3102 2352 3174 ἀγγέλων
2418 3099 2693 3172 ἐμνήσθη.
2770 3097 2872 3169 ’Μὴ
2922 3095 3033 3166 γάρ
3089 3109 3182 3164 μοι
3218 3087 3474 3145 Ἰάκωϐον
3525 3085 3700 3159 εἴπῃς

2107 3198 2201 3253 καὶ
2278 3195 2554 3267 Ἰωάννην.
2632 3192 2752 3247 Κᾶν
2801 3190 2912 3263 γὰρ
2979 3187 3089 3243 τῶν
3145 3183 3379 3255 πρώτων
3441 3178 3703 3249 ἀγγέλων

2101 3292 2256 3371 ᾗτις,
2282 3294 2417 3364 φησὶ
2457 3334 2471 3359 ,
2499 3287 2831 3359 διαφθείρων
2849 3286 2911 3340 τὸ
2931 3285 3219 3357 κήρυγμα,
3243 3278 3496 3349 ἀνάθεμα
3519 3275 3695 3328 ἔστω.

2181 3575 2200 3610 ι
2240 3555 2399 3630 ’Δρτι
2424 3553 2535 3624 γὰρ
2574 3551 2901 3623 ἀνθρώπους
2936 3542 3109 3601 πείθω
3129 3585 3146 3612 ,
3180 3545 3213 3616 ἢ
3243 3543 3333 3598 τδν
3358 3542 3527 3608 Θεόνς
3556 3556 3578 3592 ο

2180 3740 2243 3793 Εἰ
2277 3736 2375 3791 καὶ
2405 3736 2553 3807 ὑμᾶς
2575 3734 2825 3804 ἠπάτων,
2854 3729 3011 3799 φησὶ,
3053 3725 3231 3781 ταῦτα
3261 3725 3456 3793 λέγων,
3492 3721 3568 3793 μὴ
3597 3723 3701 3775 καὶ

2103 3832 2195 3886 τὸν
2221 3829 2356 3884 Θεὸν
2387 3823 2867 3899 παραλογίσασθαι
2902 3821 3162 3892 δύναμαι,
3196 3819 3289 3873 τὸν
3302 3817 3376 3871 τὰ
3399 3815 3705 3896 ἀπόρρητα

2105 3924 2205 3994 τῆς
2232 3920 2475 3984 διανοίας
2502 3919 2703 3984 εἰδότα,
2736 3916 2831 3969 καὶ
2852 3908 2897 3984 ᾧ
2925 3908 3080 3968 πᾶσά
3102 3929 3203 3984 μοι
3243 3909 3450 3982 σπουδὴ
3468 3909 3564 3963 καὶ
3601 3908 3708 3962 διὰ

2107 4013 2328 4068 πάντων
2357 4010 2619 4082 ἀρέσκειν
2643 4028 2659 4076 ;

2192 4125 2211 4157 ι
2250 4104 2315 4158 Et
2374 4102 2458 4156 ἔτι
2515 4099 2826 4171 ἀνθρώποις
2876 4099 3154 4170 ήρεσκον,
3207 4094 3447 4170 Χριστοῦ
3503 4091 3709 4156 δοῦλος

2108 4199 2175 4253 ἂν
2198 4199 2368 4269 ήμην.
2436 4190 2697 4263 Γνωρίζω
2740 4191 2850 4262 γὰρ
2901 4190 3052 4261 ὑμῖν,
3084 4187 3325 4257 ἀδελφοὶ,
3355 4186 3416 4241 τὸ
3441 4186 3710 4253 Εὐαγγέ-

2106 4290 2241 4357 λιον,
2266 4289 2329 4343 τὸ
2355 4282 2747 4354 εὐαγγελισθὲν
2798 4282 2889 4336 ὑπ’
2916 4280 3074 4354 ἐμοῦ,
3111 4284 3195 4336 ὅτι
3243 4280 3342 4334 οὐκ
3376 4279 3492 4332 ἔστι
3548 4275 3709 4330 κατά

2108 4385 2416 4456 ἄνθρωπον.
2441 4399 2460 4432 ι
3440 4387 3461 4391 ’

492 4464 550 4518 Si
582 4463 904 4522 hominibus
940 4465 1162 4536 placere
1214 4466 1521 4531 studerem,
1571 4464 1754 4519 adhuc
1798 4471 1995 4518 starem

2189 4478 2251 4530 Εἰ
2284 4474 2478 4546 Ιήθελον
2514 4470 2827 4543 ἀνθρώποις
2884 4469 3105 4542 ἀρέσαι,
3175 4467 3364 4539 φησὶν,
3420 4465 3502 4519 ἔτι
3552 4464 3713 4536 μετὰ

418 4570 449 4608 a
505 4551 822 4609 Iudaeorum
873 4554 1151 4624 partibus,
1181 4561 1238 4609 et
1265 4554 1578 4610 Ecclesiam
1630 4553 2005 4609 devastarem.

416 4646 558 4701 Cum
609 4660 743 4701 vero
778 4652 950 4701 totam
993 4646 1236 4719 gentem,
1271 4644 1721 4716 consanguineos
1757 4652 1811 4701 et
1841 4645 2007 4700 clari-

418 4744 591 4792 tatem
624 4737 850 4806 generis
879 4745 1218 4808 aspernatus
1256 4737 1385 4802 sim,
1441 4737 1626 4807 iisque
1658 4737 2009 4808 persecutio-

419 4844 544 4896 nes,
576 4828 743 4898 bella,
795 4829 1153 4901 quotidianas
1207 4838 1416 4887 mortes
1444 4831 1855 4898 commutarim,
1883 4845 2011 4899 per-

2121 4564 2395 4620 Ἰουδαίων
2436 4563 2608 4633 ήμην,
2662 4560 2760 4615 καὶ
2801 4559 2901 4630 τὴν
2937 4557 3271 4630 Ἐκκλησίαν
3313 4554 3608 4627 ἐπόρθουν.
3637 4554 3716 4607 Εἰ

2108 4658 2165 4712 δὲ
2194 4656 2381 4719 ἔθνους
2406 4653 2707 4724 ὁλοκλήρου
2731 4653 2833 4706 καὶ
2891 4649 3173 4720 συγγενῶν
3223 4650 3319 4704 καὶ
3359 4647 3519 4718 δόξης
3562 4660 3715 4701 κατ-

2113 4750 2420 4822 εφρόνησα,
2450 4746 2550 4801 καὶ
2597 4743 3022 4815 ἀντηλλαξάμην
3036 4742 3344 4812 διωγμοὺς,
3383 4739 3482 4793 καὶ
3533 4737 3715 4791 πολέ-

2115 4857 2273 4913 μους,
2304 4839 2401 4893 καὶ
2432 4834 3164 4907 θανάτουςκαθημερινούς,
3204 4831 3431 4902 εὐδηλσν
3470 4830 3553 4884 ὅτι
3604 4828 3721 4883 καὶ

423 4920 684 4990 spicuum
719 4930 804 4978 est
849 4936 913 4977 ea
950 4937 1075 4994 qua:
1114 4937 1262 4980 nunc
1295 4921 1526 4989 alIirmo,
1560 4937 1671 4978 non
1709 4923 1900 4994 gloria:
1940 4923 1995 4977 al

2124 4932 2285 4988 ταῦτα
2311 4931 2347 4985 ἀ
2375 4931 2522 4999 λέγω
2548 4928 2668 4994 νῦν,
2695 4928 2758 4982 οὐ
2792 4928 2893 4997 τῆς
2913 4926 3025 4980 τῶν
3055 4925 3367 4997 ἀνθρώπων
3398 4923 3722 4993 ἐφιέμενος

425 5013 743 5071 hominibus
774 5016 1034 5088 parandae
1064 5015 1243 5089 gratia
1277 5016 1410 5073 diei.
1448 5014 1575 5072 llaec
1606 5031 1775 5087 porro
1807 5016 1908 5082 ait,
1941 5031 1995 5072 et

2124 5026 2267 5097 ῑόξης
2319 5024 2488 5093 λέγω.
2547 5020 2798 5076 Τοῦτοδὲ
2826 5019 3076 5091 εἴρηκεν,
3129 5017 3319 5088 ἐπειδὴ
3350 5015 3553 5088 μέλλει
3608 5016 3721 5070 καὶ

425 5104 573 5175 quod
603 5106 896 5176 pristinam
950 5122 1106 5162 suam
1156 5108 1377 5164 vivendi
1436 5111 1710 5167 rationem
1769 5108 1995 5167 subinde

2124 5118 2206 5172 τὸν
2262 5116 2527 5188 πρότερον
2583 5112 2750 5169 αὐτοῦ
2788 5111 3108 5184 διηγεῖσθαι
3142 5110 3277 5183 βίον.
3311 5110 3429 5164 ’τινα
3479 5103 3575 5162 οὖν
3610 5106 3721 5182 ,μὴ

427 5204 756 5252 narraturus
810 5205 950 5252 erat.
1001 5197 1083 5254 Ne
1129 5214 1262 5270 ergo
1312 5210 1600 5272 putarent,
1633 5203 1740 5257 hoc
1775 5218 1901 5257 eum
1928 5201 2012 5255 fa-

2115 5210 2434 5281 νομίσωσιν,
2465 5206 2549 5258 ὅτι
2580 5204 2765 5268 αὐτοῖς
2806 5202 3256 5272 ἀπολογούμενος
3311 5196 3477 5254 τοῦτο
3526 5197 3717 5259 ποιεῖ,

429 5303 555 5345 cere
583 5299 644 5343 ut
676 5306 735 5345 se
765 5290 1047 5358 defendat,
1085 5303 1250 5365 atque
1281 5294 1409 5351 inde
1462 5296 1836 5366 superbirent,
1888 5294 1995 5350 idet

2124 5305 2212 5357 καὶ
2244 5298 2584 5371 ὲπαρθῶσιν,
2623 5298 2712 5352 διὰ
2746 5295 2907 5351 τοῦτύ
2935 5312 3120 5366 φησιν’
3144 5295 3311 5365 ’Ἄρτι
3334 5286 3721 5363 τύρτὰνειρώ-

430 5381 575 5436 dixit
613 5399 626 5436 :
665 5380 851 5436 Adhuc
880 5384 1018 5436 enim
1046 5385 1344 5441 hominibus
1386 5390 1605 5442 suadeo.

497 5495 543 5526 "
562 5498 689 5554 Act.
717 5512 793 5561 tv,
819 5497 908 5551 12.

2117 5409 2268 5457 πους
2302 5389 2504 5443 πείθω.

1755 5595 1995 5654 VARUS
2026 5595 2438 5655 LECTIONES.
3148 5667 3152 5672 ,

425 5687 596 5754 perit.
642 5686 909 5765 {laterum
930 5689 1257 5765 Damasceni
1288 5707 1487 5747 sensus
1521 5693 1592 5765 ita
1624 5692 1875 5750 redditur
1912 5694 2055 5765 apud
2084 5694 2512 5761 OEcumenium,
2545 5702 2605 5749 ut
2638 5693 2896 5750 amulum
2930 5706 3165 5765 nequam
3206 5689 3350 5747 idem
3381 5702 3608 5761 quoque
3642 5689 3742 5745 sit

442 5766 600 5829 atque
643 5758 1011 5833 διεφθαρμένη
1051 5762 1185 5832 ζωὴ,
1220 5771 1469 5829 corrupta
1507 5764 1635 5818 vita.
