3970 6384
272 355 343 425 781
1396 352 1479 412 IN
1525 352 1763 412 EPIST.
1799 353 1898 411 AD
1938 351 2292 410 GALATAS.

3376 357 3481 420 782

321 466 492 522 ιθύδὲ
519 465 631 535 γὰρ
674 464 786 534 ἐγὼ
829 464 959 535 παρ’
1009 461 1301 534 ἀνθρώπου
1363 460 1671 530 παρέλαϐον
1706 459 1803 511 αὐ-

1975 458 2141 514 Vnus.
2192 458 2282 511 19..
2320 477 2338 510 ι
2379 456 2568 530 Neque
2613 462 2758 516 enim
2787 476 2888 532 ego
2932 464 3001 517 ab
3043 462 3266 518 homine
3294 469 3481 533 accepi

268 560 322 624 ιδ,
347 559 452 613 οὐδὲ
495 558 782 630 ἐδιδάχθην
811 573 827 589 ·
886 555 1028 611 ἀλλὰ
1064 555 1135 609 δι’
1174 551 1575 620 ἀποκαλύψεως
1626 550 1801 637 Ἰησοῦ

1937 551 2062 619 llud,
2124 564 2304 621 neque
2359 550 2566 619 didici;
2620 553 2717 609 sed
2767 569 2866 625 per
2916 556 3315 612 revelatiouem
3349 555 3482 612 .Icsu

261 651 478 724 Χριστοῦ.
513 669 532 703 ι

317 747 436 814 Ὅρα
481 744 602 808 πῶς
641 744 756 797 ἀνω
792 743 888 797 καὶ
944 742 1094 795 κάτω
1142 736 1542 809 διισχυρίζεται
1565 774 1579 796 .
1608 734 1685 798 ὡς
1708 731 1803 786 τοῦ

260 836 367 889 Θεοῦ
400 836 593 905 γέγονε
653 834 924 912 μαθητὴς,
974 832 1063 887 διά
1106 832 1170 885 τὸ
1201 830 1333 894 τοὺς
1390 825 1803 895 ἀναγκάζοντας

257 926 649 997 περιτέμνεσθαι
710 926 982 999 Γαλάτας,
1038 924 1221 999 λέγειν
1246 938 1260 951 ⁸
1288 920 1363 984 ὡς
1418 921 1615 973 ἐκεῖνοι
1640 919 1689 971 οἱ
1712 916 1806 970 τοῦ

258 1018 467 1091 Χριστοῦ
507 1018 792 1088 γεγονότες
841 1016 1106 1088 μαθηταὶ,
1163 1014 1373 1091 Πέτρος
1423 1012 1517 1065 καὶ
1552 1007 1808 1071 Ἰάκωϐος

256 1112 332 1163 καὶ
365 1110 630 1181 Ἰωάννης,
658 1109 792 1163 ἐῶσι
827 1108 927 1180 τὴν
991 1104 1317 1179 περιτομὴν,
1370 1098 1525 1163 οὗτος
1543 1101 1600 1155 δὲ
1634 1099 1810 1172 μαθηο

252 1201 342 1254 τῶν
357 1202 468 1254 ἐστι
483 1199 752 1272 μαθητὴς,
796 1199 889 1263 καὶ
918 1198 981 1251 ού
1010 1197 1093 1251 δεῖ
1121 1194 1356 1260 ἐκείνοις
1384 1192 1585 1265 μᾶλλον
1614 1190 1648 1260 ἢ
1683 1189 1809 1242 τού-

251 1309 317 1363 τῳ
344 1292 626 1361 προσέχειν
648 1307 664 1356 ;

312 1397 331 1430 ι
366 1380 670 1434 ’Ἠκούσατε
699 1380 808 1452 γὰρ
858 1379 956 1453 τὴν
1010 1378 1151 1450 ἐμὴν
1189 1373 1541 1446 ἀναστροφήν
1578 1388 1711 1425 ποτε
1753 1373 1812 1422 ἐν

250 1470 315 1540 τῷ
348 1469 685 1545 Ἰουδαϊσμῷ,
710 1471 793 1523 δτι
820 1469 942 1524 καθ’
965 1462 1277 1541 ὑπερδολὴν
1303 1464 1526 1519 ἐδίωκον
1562 1463 1663 1534 τὴν
1690 1463 1812 1535 Ἐκ-

251 1562 458 1632 κλησίαν
485 1561 579 1616 τοῦ
610 1562 747 1616 Θεοῦ
770 1605 784 1630 ,
840 1562 934 1616 καὶ
990 1561 1259 1632 ἐπόρθουν
1302 1558 1508 1629 αὐτὴν,
1553 1555 1648 1610 καὶ
1686 1570 1813 1625 προ·

248 1653 460 1705 ἐκοπτον
485 1653 547 1704 ἐν
568 1650 646 1723 τῷ
662 1651 982 1723 Ἰουδαϊσμῷ
1007 1651 1148 1721 ὑπὲρ
1175 1647 1405 1712 πολλοὺς
1423 1645 1816 1718 συνηλικιώτας

248 1745 299 1796 ἐν
327 1742 399 1814 τῷ
422 1744 569 1812 γένει
609 1760 737 1815 μου,
772 1743 1180 1815 περισσοτέρως
1244 1738 1494 1810 ζηλωτὴς
1550 1738 1816 1809 ὑπάρχων

245 1835 343 1887 τῶν
371 1834 655 1906 πατρικῶν
703 1851 808 1905 μου
848 1820 1228 1907 παραδόσεων.
1257 1830 1389 1884 Ὅτε
1428 1830 1485 1895 δέ
1520 1830 1816 1902 εὐδόκησεν

242 1928 268 1978 ὁ
293 1925 442 1989 Θεός.
474 1944 494 1977 ι

313 2018 471 2072 Ἐστι
516 2019 619 2093 μὲν
660 2018 720 2072 τὺ
756 2017 1310 2088 κατασκευαζόμενον
1360 2017 1481 2081 ὅλον
1542 2016 1818 2081 ἀπόδειξις

238 2107 328 2161 τοῦ
356 2109 435 2179 μὴ
479 2107 613 2179 παρ’
656 2107 971 2178 ἀνθρώπου,
1022 2106 1363 2178 παραλαϐεῖν
1420 2105 1586 2167 αὐτὸν
1630 2105 1692 2159 τὸ
1720 2123 1819 2177 μυ-

239 2201 478 2271 στήριον.
513 2199 582 2252 Ἦ
608 2199 720 2270 γὰρ
779 2197 1019 2269 τοσαύτη
1068 2198 1285 2270 ἀθρόως
1314 2197 1591 2268 γενομένη
1655 2213 1821 2266 μεταο

237 2291 364 2363 ϐολὴ
422 2292 525 2346 οὐκ
576 2292 644 2347 ἂν
669 2292 738 2345 δι’
779 2287 1133 2367 ἀνθρώπου
1163 2291 1389 2346 δυνατὸν
1447 2289 1714 2360 γίνεσθαι.
1754 2289 1819 2342 Ἦ

237 2386 340 2457 γὰρ
356 2385 418 2452 ἐξ
448 2383 755 2458 ἀνθρώπων
777 2384 1097 2438 διδασκαλία
1127 2385 1248 2438 κατ’
1302 2382 1511 2463 ὀλίγον,
1539 2382 1658 2435 ἐστὶ
1680 2398 1819 2453 προ·-

237 2479 535 2532 κὸπτουσα.
592 2477 750 2549 Ἔχει
794 2478 853 2531 δέ
897 2476 993 2532 καὶ
1046 2477 1216 2547 ἄλλην
1271 2474 1395 2533 τινὰ
1447 2474 1822 2529 λανθάνουσαν

237 2569 610 2639 κατασκευήν.
649 2569 866 2640 Ἠρέμα
906 2567 1016 2638 γὰρ
1055 2567 1254 2630 αὐτοὺς
1274 2565 1516 2622 διδάσκει
1547 2565 1622 2638 μὴ
1646 2564 1823 2636 πράσ-

238 2677 348 2712 σειν
371 2661 442 2713 τά
469 2660 673 2730 νομικά
699 2676 714 2691 ·
749 2661 799 2712 εἰ
836 2659 948 2730 γᾴρ
973 2660 1002 2713 ὁ
1039 2657 1334 2731 τοσαύτην,
1392 2657 1548 2729 φησὶ,
1586 2655 1823 2728 σπουδὴν

234 2750 390 2822 ἐντῷ
419 2751 572 2823 νόμῳ
615 2750 1014 2822 ἐνδειξάμενος,
1055 2750 1127 2804 τὰ
1157 2748 1253 2803 τοῦ
1308 2750 1475 2821 νόμου
1511 2749 1691 2826 ἀφεὶς,
1731 2748 1823 2802 ἐπὶ

230 2844 329 2913 τὴν
359 2843 431 2895 ἐκ
459 2842 702 2906 πίστεως
729 2839 863 2914 ἦλθε
910 2841 1209 2912 σωτηρίαν,
1247 2839 1470 2912 εὔδηλον
1500 2839 1577 2903 ὡς
1601 2837 1824 2893 τελειῶ-

231 2952 322 2987 σαι
367 2935 466 2989 τδν
508 2935 674 3005 νόμον
724 2934 804 3007 μὴ
838 2934 1144 3006 δυνηθέντα
1192 2933 1578 2995 καταλέλοιπε.
1634 2930 1824 3002 Πολλῷ

228 3020 322 3077 οὖν
383 3023 591 3094 μᾶλλον
637 3019 700 3076 οῖ’
745 3026 815 3095 τῇ
873 3024 1057 3077 πίστει
1105 3022 1680 3095 προσδεδραμηκότες,
1722 3023 1824 3077 οὐκ

227 3113 513 3183 ὀφείλουσι
540 3113 760 3169 διώκειν
775 3114 867 3169 τὸν
891 3113 967 3186 μὴ
986 3114 1288 3185 δυνάμενον
1323 3102 1587 3169 τελειοῦν.

307 3409 329 3442 ε
386 3385 452 3444 ’0
484 3388 756 3461 ἀφορίσας
806 3408 875 3462 με
902 3391 966 3444 ἐκ
1001 3389 1210 3454 κοιλίας
1270 3391 1483 3464 μητρός
1542 3407 1668 3463 μου,
1730 3392 1825 3445 καὶ

228 3483 480 3545 καλέσας
522 3482 612 3536 διά
672 3482 900 3554 χάριτος
922 3481 1101 3536 ἀὐτοῦ
1158 3483 1511 3557 ἀποκαλύψαι
1557 3484 1651 3539 τὸν
1697 3483 1827 3538 Υἱὸν

225 3574 407 3629 αὑτοῦ
448 3575 508 3627 ὲν
537 3574 690 3646 ἐμοὶ,
750 3574 839 3634 ῐνα
900 3573 1344 3646 εὐαγγελίζωμαι
1410 3575 1573 3629 αὐτὸν
1612 3577 1672 3631 ἐν
1711 3577 1826 3639 τοῖς

225 3666 475 3721 ἔθνεσιν.
503 3686 525 3717 ι

302 3757 372 3813 Εἰ
390 3759 460 3811 ἐκ
480 3756 692 3822 κοιλίας
714 3755 920 3827 ἐκλήθη
943 3756 1171 3828 μητρὸς,
1193 3760 1274 3821 εἰς
1292 3758 1392 3829 τὴν
1410 3758 1719 3832 ἀποστολὴν
1734 3761 1828 3830 δη·-

226 3849 442 3917 λονότι,
491 3847 609 3912 πῶς
670 3848 908 3919 διώκτης
942 3848 1197 3916 ἐγένετο;
1228 3847 1400 3902 Τοῦτο
1448 3849 1505 3902 δέ
1530 3849 1592 3903 τὸ
1625 3849 1829 3922 ἄπορον

225 3942 404 4005 αὐτὸς
426 3943 486 3994 ἐν
517 3940 687 4011 ἑτέρῳ
717 3939 910 3994 ἔλυσεν
937 3940 1108 4011 τόπῳ,
1136 3938 1308 3994 εἰπών
1326 3957 1353 3974 ε’
1394 3957 1414 3992 ι
1457 3941 1575 3994 Ἵνα
1618 3942 1677 3994 ἐν
1705 3945 1830 4015 ἐμοὶ

228 4031 462 4104 πρῶτον
514 4015 816 4104 ἐνδείξηται
848 4033 1085 4103 Χριστὸς
1132 4031 1233 4103 τὴν
1261 4030 1483 4099 ἅπασαν
1540 4022 1822 4105 μακροθυ-

229 4122 370 4193 μίαν
393 4120 586 4187 αὐτοῦ,
607 4124 690 4187 είς
712 4121 1072 4185 ,ὑποτύπωσιν
1086 4121 1196 4176 τῶν
1217 4123 1523 4193 μελλόντων
1549 4126 1827 4179 πιστεύειν

225 4215 319 4265 ἐπ’
342 4212 502 4282 αύτῷ
531 4215 614 4276 είς
645 4212 795 4284 ζωὴν
825 4214 1067 4268 αἰώνιον.
1206 4202 1210 4209 ’
1513 4243 1516 4246 ~

310 4321 330 4351 ι
370 4303 597 4367 Εὐθέως
655 4305 719 4357 οὐ
771 4304 1156 4376 πῳανεθέμην
1216 4307 1382 4376 σαρκὶ
1444 4307 1539 4360 καὶ
1592 4308 1822 4378 αἵματι,

223 4397 354 4451 οὐδὲ
384 4397 625 4467 ἀνῆλθον
656 4400 739 4461 εἰς
781 4397 1141 4470 Ἰερουσαλὴμ
1190 4399 1329 4468 πρὸς
1378 4400 1506 4464 τοὺς
1548 4402 1655 4473 πρὸ
1688 4402 1824 4473 ἐμοῦ

1903 644 2131 699 Christi.
2162 662 2181 695 ι

1982 735 2115 791 Vide
2145 752 2261 807 quo
2296 748 2455 808 pacto
2489 748 2713 792 sursum
2740 735 3000 791 deorsum
3036 735 3273 792 allirmat
3299 737 3393 792 Dei
3425 753 3487 794 se

1910 826 2083 883 fuisse
2136 829 2508 901 discipulum;
2555 835 2844 905 propterea
2908 829 3055 897 quod
3114 830 3205 899 qui
3267 827 3487 886 Galatas

1910 926 2171 992 cogerent
2204 921 2561 988 circumcidi,
2596 920 2703 975 hoc
2751 917 3073 981 dictitarent
3107 938 3120 974 :
3164 920 3248 989 Illi
3279 923 3372 995 qui
3393 923 3486 988 di-

1910 1011 2112 1081 scipuli
2163 1011 2369 1068 Christi
2422 1012 2615 1077 fuere,
2661 1011 2861 1068 Petrus
2909 1011 3200 1079 videlicet,
3249 1011 3489 1069 Jacobus

1911 1111 1958 1156 et
1990 1099 2257 1171 Joannes,
2297 1103 2791 1159 circumcisionem
2847 1103 3219 1174 permittunt;
3279 1104 3327 1159 is
3359 1120 3491 1161 vero

1913 1192 2316 1262 discipulorum
2366 1192 2676 1265 discipulus
2709 1194 2969 1267 exsistit;
3013 1210 3195 1248 annon
3240 1209 3375 1267 ergo
3404 1210 3493 1251 sa-

1915 1285 2027 1340 tius
2062 1294 2150 1340 est
2180 1285 2314 1349 illis,
2358 1300 2524 1365 quam
2562 1285 2679 1353 isti,
2714 1300 2924 1341 morem
2952 1285 3188 1357 gerere?

1984 1376 2155 1434 Vens.
2213 1378 2405 1434 13-15.
2449 1397 2468 1430 ι
2509 1378 2761 1435 Audistis
2809 1379 2956 1435 enim
3006 1378 3491 1437 conversationem

1915 1481 2092 1521 meam
2153 1468 2454 1538 aliquando
2504 1468 2559 1523 in
2608 1467 2947 1537 Judaismo;
3000 1469 3263 1541 quoniam
3328 1485 3496 1541 supra

1915 1557 2138 1613 modum
2180 1561 2554 1632 persequebar
2600 1560 2908 1617 Ecclesiam
2948 1560 3065 1626 Dei,
3120 1572 3175 1617 et
3206 1576 3493 1635 expugna.

1916 1651 2041 1705 bam
2072 1651 2245 1718 illam,
2278 1662 2330 1707 et
2358 1651 2716 1722 proficiebam
2750 1653 2805 1707 in
2831 1651 3121 1709 Judaismo
3158 1669 3326 1724 supra
3356 1654 3498 1709 mul-

1919 1750 2004 1809 tos
2038 1752 2347 1799 coaetaueos
2395 1760 2547 1800 meos
2587 1745 2642 1799 in
2679 1761 2879 1815 genere
2929 1761 3076 1813 meo,
3113 1734 3497 1801 abundantius

1918 1835 2208 1890 aemulator
2234 1835 2515 1892 exsistens
2549 1844 2909 1908 paternarum
2955 1852 3205 1891 mearum
3237 1836 3496 1893 traditio-

1918 1943 2070 1981 uum.
2105 1926 2242 1981 Cum
2270 1937 2452 1983 autem
2484 1929 2819 1999 complacuit
2851 1929 2981 1984 Deo.
3013 1949 3030 1980 ι

1991 2019 2047 2075 Id
2077 2021 2221 2092 quod
2249 2022 2415 2076 modo
2439 2021 2735 2088 astruitur,
2764 2022 2927 2092 plane
2960 2022 3308 2077 demonstrat
3341 2006 3502 2094 159

1919 2128 2046 2169 eum
2081 2128 2194 2169 non
2225 2114 2295 2169 ab
2329 2113 2652 2169 hominibus
2681 2114 2965 2184 accepisse
3008 2115 3361 2187 mysterium.
3393 2114 3502 2169 Ta-

1921 2206 1991 2262 lis
2031 2206 2309 2279 siquidem
2362 2214 2627 2277 tantaque
2675 2207 2913 2263 mutatio
2958 2224 3082 2281 qua:
3127 2209 3312 2265 subito
3356 2207 3503 2265 facta

1921 2305 2028 2362 esl,
2071 2311 2421 2371 nequaquam
2457 2295 2526 2352 ab
2564 2296 2788 2352 homine
2838 2296 2979 2353 eﬂici
3011 2298 3277 2368 potuerit.
3312 2297 3505 2354 Homi-

1921 2402 2054 2443 num
2126 2387 2333 2460 quippe
2368 2387 2624 2444 doctrina
2668 2388 2936 2465 paulatim
2988 2389 3362 2462 progreditur.
3423 2391 3504 2446 Ad

1923 2480 2039 2537 haec
2062 2495 2164 2551 per
2194 2480 2301 2537 hoc
2348 2481 2631 2553 quidpiam
2673 2482 2826 2537 aliud
2875 2482 3103 2538 evincit.
3156 2483 3310 2541 Clam
3356 2484 3505 2541 enim

1924 2570 2164 2626 deterret
2195 2585 2224 2626 a
2280 2571 2552 2644 legalibus
2600 2572 2961 2643 praestandis.
3004 2572 3300 2630 Enimvero
3337 2576 3386 2631 si
3415 2577 3508 2631 ille

1924 2662 2016 2731 qui
2049 2669 2264 2718 tantum
2319 2661 2576 2719 ardorem
2612 2663 2861 2735 praetulit
2907 2663 3037 2718 dum
3076 2665 3182 2720 sub
3220 2664 3337 2736 lege
3370 2679 3507 2735 age-

1924 2755 2040 2820 bat,
2073 2754 2325 2824 dimissis
2349 2754 2491 2828 legis
2519 2754 2761 2812 decretis
2795 2755 2867 2811 ad
2912 2757 3149 2812 salutem
3185 2756 3338 2819 venit
3381 2771 3507 2829 qua:

1925 2847 2031 2904 fide
2081 2848 2411 2920 acquiritur,
2465 2847 2829 2904 manifestum
2880 2857 2965 2905 est
2998 2849 3182 2921 ipsum
3223 2849 3329 2922 legi
3360 2865 3508 2905 nun-

1926 2939 2064 2994 lium
2104 2940 2415 3006 remisisse,
2468 2955 2572 3025 per
2627 2956 2795 3012 quam
2849 2941 2969 2998 fieri
3012 2957 3133 2997 non
3198 2951 3419 3017 poterat
3451 2950 3511 2998 ut

1926 3028 2209 3101 perfectus
2236 3032 2521 3088 evaderet.
2572 3029 2764 3105 Longe
2812 3032 2984 3104 igitur
3015 3034 3219 3107 potiori
3245 3033 3375 3105 jure
3399 3049 3511 3090 non

1925 3123 2131 3178 debent
2189 3123 2266 3179 illi
2315 3123 2408 3194 qui
2458 3123 2525 3179 ad
2578 3124 2742 3180 fidem
2791 3128 3180 3193 accurrerunt,
3212 3133 3366 3182 tanto
3395 3133 3516 3181 stu-

1926 3213 2020 3269 dio
2081 3214 2231 3285 illam
2287 3212 2550 3288 persequi
2601 3227 2724 3285 quae
2772 3212 3173 3285 perfectionem
3204 3213 3516 3269 conciliare

1927 3318 2036 3359 non
2067 3303 2231 3358 valet.
2982 3290 2987 3293 ’

2005 3414 2024 3447 ‹
2054 3395 2159 3461 Qui
2210 3410 2297 3466 me
2342 3396 2651 3469 segregavit
2677 3412 2743 3452 ex
2794 3404 2951 3452 utero
3003 3397 3199 3454 matris
3243 3411 3413 3462 meae,
3458 3401 3515 3452 et

1926 3489 2143 3545 vocavit
2173 3503 2270 3559 per
2306 3488 2541 3567 gratiam
2575 3504 2755 3563 suam,
2787 3487 2979 3562 [Vens.
3013 3488 3103 3562 16}
3148 3489 3395 3555 revelare
3426 3486 3516 3544 Ρίο

1927 3582 2064 3637 lium
2108 3596 2270 3637 suum
2311 3582 2367 3636 in
2396 3596 2503 3649 me,
2537 3590 2595 3637 ut
2628 3581 3067 3654 .evangelizarem
3093 3582 3248 3638 illum
3293 3582 3351 3638 in
3382 3596 3517 3655 gen-

1929 3674 2100 3731 tibus.
2138 3693 2157 3727 ι

2005 3763 2062 3821 Si
2105 3781 2172 3839 ex
2202 3773 2363 3822 utero
2397 3773 2629 3821 vocatus
2655 3773 2742 3822 est
2772 3764 2988 3831 matris,
3032 3763 3101 3819 ad
3153 3763 3517 3834 apostolatum

1931 3866 2084 3929 puta,
2116 3859 2340 3929 quinam
2379 3856 2484 3914 fuit
2517 3858 2875 3930 persecutor?
2903 3857 3137 3929 Dubium
3163 3856 3269 3913 hoc
3310 3858 3367 3911 in
3411 3856 3520 3911 alio

1933 3949 2056 4003 loco
2079 3949 2263 4014 solvit,
2311 3948 2440 4004 dum
2475 3948 2576 4014 ait,
2625 3957 2685 4003 ut
2714 3948 2770 4003 in
2818 3962 2902 4003 me
2942 3948 3181 4019 primum
3207 3936 3520 4002 ostenderet

1929 4038 2185 4094 Christus
2217 4054 2433 4094 omnem
2481 4039 2800 4109 patientiam
2852 4053 3034 4103 suam,
3068 4038 3135 4093 ad
3176 4036 3520 4092 informatio-

1930 4145 2051 4184 nem
2080 4137 2271 4184 eorum
2313 4128 2408 4201 qui
2442 4128 2495 4183 in
2537 4129 2717 4200 ipsum
2745 4116 3013 4184 credituri
3059 4136 3218 4207 erant
3254 4127 3323 4181 ad
3350 4127 3516 4181 vitam

1928 4231 2186 4276 aeternam
2206 4220 2271 4274 ⁸³.
3390 4221 3397 4231 ’

2005 4331 2024 4361 ι
2067 4311 2346 4366 Continuo
2404 4325 2512 4366 non
2574 4310 2824 4380 acquievi
2887 4307 3041 4363 carni
3104 4315 3159 4363 et
3220 4307 3515 4378 sanguini,

1930 4400 2124 4473 ﬂens.
2159 4398 2250 4473 l7]
2289 4415 2468 4472 neque
2499 4400 2622 4459 veni
2653 4399 3093 4471 Hierosolymam
3112 4397 3177 4452 ad
3195 4405 3518 4454 antecesso-

222 4490 601 4558 ἀποστόλους,
633 4490 768 4557 ἀλλά
795 4490 1040 4561 ἀπῆλθον
1071 4494 1150 4555 εἰς
1196 4491 1477 4563 Ἀραδίαν,
1517 4495 1609 4547 καὶ
1664 4498 1821 4553 πάλιν

1937 4509 2026 4551 res
2063 4508 2214 4551 meos
2244 4494 2544 4566 apostolos,
2579 4492 2675 4549 sed
2703 4492 2811 4548 abii
2842 4492 2898 4547 in
2924 4491 3204 4557 Arabiam,
3231 4499 3285 4547 et
3317 4492 3519 4548 iterum

223 4580 559 4652 ἐπέστρεψα
582 4581 662 4645 είς
694 4570 1004 4652 Δαμασκόνζ
1035 4603 1056 4637 ι

302 4672 486 4728 Πάλιν
552 4675 1080 4742 κατασκευαστικὸν,
1121 4675 1184 4729 τὸ
1221 4677 1296 4748 μὴ
1350 4678 1482 4749 παρ’
1522 4677 1829 4751 ἀνθρώπων

221 4766 402 4818 αὑτὸν
438 4766 540 4837 τὴν
571 4766 702 4837 περὶ
732 4766 975 4837 Χριστοῦ
996 4767 1362 4821 διδασκαλίαν
1391 4758 1671 4833 δέξασθαι.
1705 4770 1831 4834 Πῶς

223 4857 349 4927 γὰρ
373 4844 491 4910 και
515 4855 742 4926 ἔμελλεν
771 4856 1083 4927 ἀνθρώποις
1111 4855 1433 4925 ἀναθέσθαι,
1474 4859 1503 4911 ὁ
1526 4860 1626 4928 τῆς
1688 4860 1832 4912 tivo)-

224 4952 328 5006 θεν
356 4952 715 5014 διδασκαλίας
738 4950 1039 5021 ἠξιωμένος
1059 4966 1074 5017 ;

311 5062 333 5095 σ
366 5043 610 5095 Ἔπειτα
634 5042 774 5113 μετά
794 5041 922 5112 τρία
955 5040 1051 5112 ἐτη
1081 5041 1312 5112 ἀνῆλθον
1342 5043 1423 5105 εἰς
1457 5041 1826 5114 Ἰεροσόλυμα,

222 5131 534 5205 ισωρῆσαι
564 5132 802 5204 Πέτρον,
828 5133 927 5186 καὶ
965 5132 1233 5205 ἐπέμεινα
1289 5132 1429 5204 πρὸς
1473 5133 1635 5186 αὐτὸν
1694 5134 1831 5204 ἠμέ-

218 5242 339 5297 ρας
393 5225 533 5278 δέκα
579 5225 677 5287 καὶ
741 5227 903 5278 πέντε
933 5239 950 5256 ο
1017 5223 1205 5295 ἕτερον
1247 5223 1307 5278 δὲ
1344 5225 1456 5305 τῶν
1515 5225 1833 5279 ἀποστόλων

218 5322 335 5375 οὐκ
371 5314 538 5383 εἶδον,
567 5321 618 5373 εἰ
653 5317 728 5391 μὴ
757 5318 1015 5385 Ἰάκωδον
1055 5305 1148 5372 τδν
1202 5318 1438 5389 ἀδελφὺν
1468 5317 1564 5372 τοῦ
1597 5312 1826 5389 Κυρίου.

223 5410 300 5462 Ἀ
326 5407 399 5462 δὲ
422 5409 623 5480 γράφω
677 5410 824 5480 ὑμῖν,
880 5396 990 5463 ἰδοὺ
1037 5407 1270 5463 ἐνώπιον
1324 5407 1419 5461 τοῦ
1473 5407 1631 5475 Θεοῦ,
1661 5409 1824 5462 ὄτιού

210 5498 533 5570 ψεύδομαι.
565 5500 800 5553 Ἔπειτα
852 5494 1021 5571 ἦλθον
1073 5500 1155 5561 είς
1184 5498 1255 5551 τὰ
1289 5498 1532 5569 κλίματα
1571 5500 1672 5569 τῆς
1723 5499 1826 5550 Συ-

213 5592 362 5666 ρίας
406 5591 507 5645 καὶ
549 5590 652 5655 τῆς
709 5592 986 5656 Κιλικίας.
1023 5592 1210 5665 Ἥμην
1244 5591 1300 5644 δὲ
1339 5590 1702 5661 ἀγνοούμενος
1744 5591 1825 5662 τῷ

283 5769 339 5801 ⁸³
364 5768 393 5822 Ι
420 5768 563 5824 Tim.
590 5781 630 5833 ῑ,
655 5766 748 5827 :6.

1933 4602 2188 4643 reversus
2210 4602 2328 4642 smn
2353 4585 2700 4641 Damascum.
2744 4603 2764 4636 ι

2003 4676 2336 4748 Comprobat
2371 4677 2592 4738 iterum,
2633 4675 3056 4746 haudquaquam
3108 4673 3175 4728 ab
3209 4672 3522 4729 hominibus

1933 4771 2240 4826 doctrinam
2294 4769 2499 4825 Christi
2540 4785 2601 4827 se
2650 4769 2952 4840 accepisse.
3013 4766 3136 4834 Quo
3181 4773 3342 4837 pacto
3377 4768 3523 4828 enim

1934 4863 2183 4918 futurum
2223 4869 2339 4918 erat
2371 4872 2428 4915 ut
2478 4876 2537 4917 se
2572 4861 2691 4934 ipse
2742 4859 3060 4919 hominibus
3093 4860 3396 4930 addiceret,
3426 4860 3523 4931 qui

1934 4970 2170 5023 superna
2206 4953 2438 5009 scientia
2463 4950 2724 5024 dignatus
2753 4934 3090 5024 ornatusque
3113 4950 3331 5007 fuerat?

2006 5043 2177 5100 Vens.
2214 5042 2403 5098 εει-ει.
2444 5061 2464 5095 ι
2501 5042 2710 5100 Deinde
2741 5051 2867 5114 post
2893 5050 3009 5101 tres
3037 5058 3212 5099 annos
3232 5043 3357 5099 veni
3394 5039 3524 5098 Hie-

1931 5136 2269 5207 rosolymam
2316 5134 2503 5189 videre
2553 5132 2813 5200 Petrum,
2868 5120 2926 5188 et
2983 5132 3157 5191 mansi
3219 5132 3363 5204 apud
3399 5147 3527 5189 eum

1932 5227 2130 5283 diebus
2168 5226 2483 5297 quindecim
2529 5242 2544 5279 :
2595 5226 2763 5281 alium
2794 5234 2977 5281 autem
3007 5226 3383 5296 apostolorum
3416 5224 3526 5280 vidi

1935 5320 2236 5383 neminem,
2270 5317 2376 5374 nisi
2406 5315 2672 5373 Jacobum
2704 5317 2928 5372 fratrem
2981 5318 3220 5374 Domini.
3258 5317 3390 5383 Qua:
3427 5332 3527 5371 au-

1935 5418 2043 5463 tem
2081 5410 2265 5464 scribo
2304 5408 2484 5474 vobis,
2515 5421 2647 5463 ecce
2678 5420 2863 5462 coram
2897 5405 3029 5472 Deo,
3062 5407 3191 5475 quia
3230 5420 3339 5461 non
3370 5420 3527 5460 men-

1937 5503 2063 5556 tior.
2094 5500 2301 5555 Deinde
2334 5500 2455 5556 veni
2491 5500 2545 5554 in
2575 5509 2760 5570 partes
2789 5498 2964 5570 Syrire
2997 5507 3052 5554 et
3090 5498 3318 5555 Ciliciae.
3365 5497 3527 5552 Eram

1936 5599 2117 5647 autem
2151 5592 2371 5670 ignotus
2408 5591 2549 5648 facie
2580 5591 2844 5647 Ecclesiis
2873 5589 3100 5658 ludam,
3130 5607 3253 5662 qua:
3285 5598 3444 5646 erant
3471 5591 3527 5643 in
