3970 6398
383 343 492 406 783

1569 342 1629 402 S.
1669 341 1990 402 JOANNIS
2030 340 2459 400 DAMASCENI

3562 344 3656 410 784

383 454 605 508 (itu-isto
647 460 909 507 :-tantnm
948 458 1132 504 autem
1182 446 1436 503 auditum
1483 448 1797 513 habebant,
1841 460 1979 517 quo—

2099 444 2365 517 ιιροσώπῳ
2412 448 2535 510 ταῖς
2575 445 2925 519 Ἐκκλησίαις
2984 447 3084 518 τῆς
3128 447 3390 512 Ἰουδαίας
3440 453 3561 514 ταῖς
3605 454 3657 505 ἑν

383 544 530 599 niam
546 543 636 613 qui
662 540 1091 613 persequebatur
1109 554 1211 594 nos
1232 540 1548 610 aliquando,
1577 554 1720 593 nunc
1741 551 1974 606 evange-

383 636 511 689 lizat
544 634 726 697 tidem,
761 647 926 703 quam
959 630 1258 702 aliquando
1292 631 1681 702 expugnabat;
1719 637 1774 685 et
1803 629 1858 683 in
1887 641 1977 687 me.

380 724 750 782 clariticabant
780 722 972 779 Deum.
1010 742 1030 776 ι

1056 859 1209 916 CAP.
1244 861 1312 915 ll.

447 979 615 1036 Vens.
641 978 694 1046 1,
719 979 773 1033 2.
811 997 829 1029 ι
853 976 1056 1032 Deinde
1083 988 1208 1048 post
1230 990 1405 1030 annos
1426 972 1743 1057 quindecim
1774 972 1972 1027 iterum

379 1068 602 1124 aseeudi
631 1067 1066 1138 Hierosolymam
1129 1080 1253 1119 cum
1305 1062 1581 1127 Barnaba,
1608 1069 1663 1115 et
1692 1067 1976 1129 assumpto

379 1156 525 1213 Tito.
563 1157 799 1213 Ascendi
829 1165 1009 1210 autem
1049 1153 1353 1210 secundum
1391 1153 1810 1209 revelationem.
1846 1170 1864 1202 ι

451 1252 569 1306 Νοιι
617 1258 676 1305 ιιι
715 1251 944 1304 docerer
980 1248 1129 1315 veni,
1170 1246 1268 1303 sed
1322 1254 1382 1300 ut
1437 1246 1769 1312 invisercm;
1830 1241 1977 1313 quod

380 1345 606 1401 honoris
638 1344 908 1398 duntaxat
931 1356 1059 1412 erga
1101 1340 1256 1394 illum
1282 1345 1660 1410 argumentem
1694 1344 1797 1391 est.

468 1459 487 1491 ι
527 1437 593 1492 Et
622 1434 833 1492 contuli
875 1434 988 1489 illis
1023 1432 1380 1503 Evangelium
1409 1470 1424 1495 ,
1473 1428 1620 1501 quod
1651 1428 1888 1498 prmdico
1923 1427 1978 1480 in

380 1532 667 1603 gentibus;
720 1544 975 1585 seorsum
1025 1537 1208 1581 autem
1267 1525 1336 1580 iis
1389 1524 1481 1594 qui
1516 1524 1848 1577 videbamur
1881 1519 1981 1573 ali-

381 1626 513 1698 quid
543 1638 699 1680 esse:
734 1636 801 1676 ne
822 1620 966 1674 forte
994 1618 1047 1672 iu
1073 1631 1306 1673 vacuum
1335 1629 1638 1679 currerem,
1660 1620 1752 1667 aut
1787 1626 1982 1666 cucur-

382 1718 600 1774 rissent.
637 1734 656 1767 ι

2078 537 2303 610 Χριστῷ
2324 554 2337 569 ⁸
2374 540 2536 609 μόνον
2565 538 2624 592 δέ
2663 538 3001 604 ἀκούσαντες
3027 534 3191 611 ἦσαν,
3223 541 3306 594 ὅτι
3352 541 3411 594 '0
3458 534 3656 596 διώκων

2075 632 2227 701 ἡμᾶς
2284 648 2448 696 ποτε,
2480 631 2575 685 νῦν
2627 630 3043 702 εὐαγγελίζεται
3071 632 3171 704 τὴν
3223 631 3410 689 πίστιν
3440 635 3509 704 ἣν
3539 651 3659 690 ποτε

2077 722 2302 794 ἐπόρθει
2339 739 2354 755 ο
2392 726 2489 777 καὶ
2518 722 2772 790 ἐδόξαζον
2795 727 2854 779 ἐν
2877 726 3002 796 ἐμοὶ
3023 726 3117 779 τὸν
3146 725 3304 780 Θεόν.
3332 745 3353 778 ι

2686 862 2939 916 ΚΕΦΑΛ.
2967 861 3040 917 Β’.

2078 950 2123 973 ω
2154 994 2174 1026 ι
2226 972 2460 1029 Ἔπειτα
2492 974 2581 1028 διὰ
2608 974 3026 1046 δεκατεσσάρων
3052 974 3191 1029 ἐτῶν
3250 975 3415 1029 πάλιν
3469 977 3662 1048 ἀνέδην

2080 1067 2160 1128 εἰς
2200 1065 2555 1136 Ἰεροσόλυμα
2594 1065 2730 1136 μετά
2765 1065 3047 1137 Βαρνάϐα,
3088 1067 3544 1140 συμπαραλαϐὼν
3578 1070 3665 1124 καὶ

2082 1159 2242 1212 Τίτον
2270 1174 2284 1190 ·
2319 1158 2523 1229 ἀνέϐην
2548 1157 2605 1212 δέ
2628 1158 2771 1213 κατά
2790 1160 3155 1231 ἀποκάλυψιν.
3183 1179 3201 1212 ι

2157 1252 2273 1305 Οὐκ
2322 1246 2487 1322 ἦλθον
2517 1249 2860 1322 διδαχθῆναι,
2917 1253 3107 1323 φησιν,
3161 1253 3275 1308 ἀλλ’
3343 1256 3664 1327 ἱστορῆσαιο

2082 1345 2221 1417 ὅπερ
2251 1345 2372 1399 ἐστὶ
2401 1345 2563 1416 μόνον
2593 1344 2871 1418 τιμῶντος
2903 1346 3090 1403 αὐτόν.

2158 1459 2178 1491 ι
2213 1442 2324 1494 Καὶ
2348 1439 2627 1511 ἀνεθέμην
2659 1440 2846 1504 αὐτοῖς
2873 1440 2933 1496 τὸ
2956 1439 3293 1512 Εὑαγγέλιον
3312 1485 3329 1510 ,
3350 1443 3380 1495 ὃ
3410 1441 3668 1513 κηρύσσω

2084 1535 2143 1589 ἐν
2172 1537 2286 1599 τοῖς
2331 1534 2545 1589 ἔθνεσι·
2594 1537 2717 1588 κατ’
2779 1534 2917 1589 ἰδίαν
2942 1534 2999 1588 δὲ
3031 1537 3144 1599 τοῖς
3194 1533 3414 1589 δοκοῦσι
3473 1534 3668 1605 μήπως

2087 1628 2167 1691 εἰς
2197 1625 2352 1681 κενὸν
2401 1625 2641 1697 τρέχωῆ
2672 1625 2926 1696 ἔδραμον.
2967 1645 2987 1678 ι

452 1807 684 1878 Quando
703 1804 937 1877 primum
956 1799 1203 1870 suscepit
1225 1795 1608 1867 Evangelium,
1640 1808 1749 1847 non
1784 1807 1979 1847 θεοίο-

2154 1801 2297 1854 Κατ’
2326 1800 2501 1870 ᾁρχάς
2533 1799 2632 1870 μὲν
2664 1798 2758 1852 τοῦ
2790 1799 3046 1864 δέξασθαι
3072 1800 3135 1853 τὸ
3184 1799 3519 1869 Εὑαγγέλιον
3571 1800 3670 1853 οὐκ

381 1901 482 1968 dit,
523 1907 583 1954 ut
616 1913 740 1953 cum
789 1892 1057 1964 apostolis
1084 1890 1151 1946 de
1178 1904 1245 1945 co
1277 1886 1578 1943 conferret.
1614 1882 1801 1954 Neque
1834 1883 1977 1939 enim

381 1992 634 2055 doctrina
666 2003 856 2044 eorum
890 1984 1199 2056 indigebat,
1240 1979 1336 2051 qui
1371 1977 1641 2033 didicerat
1671 1992 1700 2029 a
1732 1974 1976 2031 Christo.

381 2081 721 2139 Procedente
746 2093 877 2134 vero
902 2087 1172 2145 tempore,
1222 2085 1347 2126 cum
1390 2066 1747 2137 Evangelium
1778 2065 1981 2119 omissa

380 2174 806 2233 circumcisione
856 2167 1207 2240 praedicaret,
1266 2159 1460 2216 offensi
1515 2157 1739 2228 quidam
1804 2154 1978 2220 fuere,

384 2267 535 2342 quod
602 2265 804 2320 Petrus
843 2257 1167 2317 circumcidi
1220 2269 1331 2310 non
1382 2250 1723 2323 prohiberet,
1774 2245 1981 2301 Paulus

381 2341 516 2418 vero
562 2359 712 2414 solus
768 2355 822 2410 id
877 2352 1142 2408 auferret.
1205 2346 1482 2415 Quocirca
1544 2358 1670 2423 cum
1739 2341 1980 2411 Spiritus

381 2462 607 2510 sanctus
636 2450 795 2506 vellet
830 2443 1222 2501 olfendiculum
1260 2440 1365 2495 hoc
1397 2450 1627 2509 prorsus
1668 2439 1976 2503 amputare,

382 2542 638 2618 praecepit
699 2549 759 2595 ut
812 2538 1049 2595 testibus
1108 2532 1411 2602 assumptis
1465 2535 1751 2599 pergeret,
1818 2533 1981 2594 atque

380 2617 646 2708 apostolis
671 2630 1023 2689 denuntiaret
1053 2641 1114 2683 se
1139 2623 1461 2696 posthabita
1481 2620 1708 2676 omnino
1735 2617 1980 2672 circum-

380 2729 593 2786 cisione
652 2723 984 2796 praedicare,
1028 2727 1104 2773 nt
1141 2725 1197 2773 et
1246 2716 1316 2771 de
1364 2721 1654 2784 compacto
1704 2710 1977 2780 ipsorum,

379 2821 774 2879 otl‘endiculum
806 2813 954 2872 istud
981 2810 1267 2867 hominum
1299 2806 1657 2862 adimeretur.

457 2999 618 3072 160
670 2995 839 3051 Vens.
865 2993 924 3050 '5.
969 3012 988 3045 ι
1030 2988 1137 3047 Se’d
1173 3000 1355 3058 neque
1382 2983 1587 3049 ‘Titus,
1631 2982 1726 3053 qui
1761 2994 1975 3036 mecum

379 3105 524 3163 erat,
570 3109 698 3150 cum
757 3099 906 3149 esset
946 3086 1204 3167 gentilis,
1253 3080 1573 3153 compulsus
1620 3086 1705 3135 est
1739 3079 1976 3133 circum-

381 3191 511 3247 cidi.
545 3209 564 3242 ι

458 3283 541 3335 Ab
584 3275 851 3348 apostolis
891 3272 1173 3330 videlicet.
1227 3265 1386 3337 Quod
1435 3265 1598 3339 plane
1658 3260 1977 3320 certissimo

382 3378 714 3443 argumento
732 3375 881 3434 erat,
931 3366 1004 3421 ab
1055 3363 1166 3421 illis
1209 3377 1319 3418 non
1379 3375 1504 3417 esse
1548 3356 1975 3414 condemnatum

382 3462 732 3535 Apostolum,
773 3457 905 3531 quia
943 3464 1136 3530 gentes
1162 3469 1272 3510 non
1298 3450 1747 3509 circumcideret.

462 3561 622 3612 \‘tzas.
678 3556 731 3610 4.
788 3572 805 3605 ‹
858 3549 965 3605 Sed
1030 3556 1254 3619 propter
1312 3542 1771 3601 subintroductos
1808 3538 1978 3594 falsos

385 3652 623 3715 fratres,
682 3644 775 3716 qui
831 3641 1274 3698 subintroierunt
1319 3635 1608 3707 explorare
1663 3633 1976 3690 libertatem

373 3751 630 3813 _nostram
666 3750 832 3808 quam
860 3735 1127 3789 habemus
1153 3732 1207 3787 in
1231 3729 1455 3785 Christo
1483 3728 1636 3784 Jesu.
1669 3745 1687 3778 ι

464 3830 706 3899 I’rOpter,
748 3826 837 3880 hic
887 3823 1129 3896 positum
1170 3828 1255 3877 est
1296 3834 1417 3890 pro,
1458 3816 1766 3872 secundum.
1799 3816 1979 3883 Atque

386 3921 436 3975 is
469 3927 557 3975 est
602 3927 852 3975 sensus:
888 3911 1176 3985 Apostoli.
1241 3909 1459 3980 inquit,
1521 3923 1626 3962 non
1678 3914 1978 3977 coegerunt

374 4010 572 4089 .Titum
600 4009 694 4081 qui
724 4006 1051 4079 praeputium
1094 4000 1355 4066 habebat,
1400 3998 1764 4054 circumcidi:
1799 4011 1977 4067 quan-

386 4119 551 4176 quam
583 4100 888 4171 subjectitii
931 4096 1155 4170 quidam
1189 4093 1314 4149 falsi
1366 4091 1567 4146 fratres
1598 4090 1694 4161 qui
1742 4089 1846 4143 hoc
1880 4088 1981 4142 ob-

387 4197 706 4261 servabant,
733 4193 1026 4248 voluerunt
1046 4184 1639 4243 uteircumeideretnr.
1682 4181 1788 4237 Uhi
1841 4180 1977 4233 alic-

387 4306 491 4347 nos
513 4305 612 4346 eos
640 4287 822 4345 innuit
843 4300 874 4342 a
908 4284 1166 4347 veritate,
1193 4296 1333 4353 quos
1365 4278 1777 4351 exploratorum
1807 4273 1982 4345 instar

386 4381 605 4438 habeat.

473 4490 492 4523 ι
534 4468 607 4525 Ut
640 4482 747 4523 nos
780 4467 836 4521 in
867 4464 1188 4522 servitutem
1223 4460 1555 4532 redigerent.
1586 4477 1608 4511 ι

463 4560 532 4616 Ut
586 4559 688 4630 legi
732 4572 927 4613 rursus
976 4555 1380 4625 manciparent.
1437 4548 1709 4617 Quocirca
1761 4546 1868 4602 alio
1926 4548 1979 4600 in

389 4654 512 4710 loco
545 4652 681 4708 dicit
722 4669 738 4708 :
793 4649 1040 4705 Christus
1088 4643 1310 4701 redemit
1358 4658 1451 4696 nos
1493 4640 1558 4695 de
1593 4640 1872 4694 maledicto
1905 4641 1981 4695 leo

383 4743 468 4812 gis
495 4742 564 4795 “.

466 4831 629 4889 Vens.
661 4833 716 4890 5.
754 4851 772 4885 ι
805 4830 1017 4899 Quibus
1042 4842 1224 4900 neque
1241 4826 1307 4881 ad
1334 4824 1524 4880 horam
1554 4823 1824 4880 cessimus
1856 4821 1984 4877 sub-

388 4922 665 4995 iectione,
726 4931 786 4977 ut
835 4923 1042 4977 veritas
1118 4915 1402 4987 Evangelii
1466 4921 1785 4985 permaneat
1839 4912 1981 4983 apud

390 5031 514 5071 vos.
546 5034 564 5069 ι
1104 5000 1121 5005 ﬁ

462 5104 549 5164 Ne
580 5110 665 5164 vel
709 5115 991 5163 momento
1049 5102 1270 5174 quidem
1324 5101 1408 5158 eis
1462 5116 1566 5159 nos
1626 5100 1986 5171 subiecimus.

394 5197 614 5268 inquit;
677 5193 1121 5253 subintroductis
1161 5194 1284 5250 istis
1326 5194 1589 5250 nimirum
1625 5211 1638 5248 :
1685 5208 1756 5247 ne
1792 5191 1989 5261 depre-

394 5289 765 5345 henderemur
802 5288 908 5343 alia
943 5286 1164 5359 quidem
1197 5286 1263 5343 de
1307 5285 1602 5359 Evangelio
1634 5286 1989 5353 annuntiare,

396 5380 502 5434 alia
549 5389 733 5434 autem
769 5393 954 5450 agere.
987 5379 1125 5447 Quid
1157 5395 1321 5451 porro
1354 5379 1422 5435 de
1469 5377 1770 5452 Evangelia
1804 5379 1982 5434 dixit?

447 5560 497 5594 “
529 5560 708 5617 Gulal.
741 5574 823 5624 ιιι,
856 5563 937 5619 l5.

2082 1888 2341 1959 ἀνῆλθεν,
2375 1887 2498 1942 οὐδέ
2532 1887 2754 1942 ἀνέθετο
2806 1888 2938 1942 αὐτὸ
2992 1889 3106 1952 τοῖς
3150 1888 3495 1952 ἀποστόλοις.
3537 1887 3672 1953 Οῦρἐ

2082 1979 2193 2050 γὰρ
2223 1980 2395 2032 ἐδεῖτο
2441 1978 2595 2050 παρά
2631 1978 2873 2052 Χριστοῦ
2904 1977 3093 2050 μαθὼν
3129 1979 3230 2050 τῆς
3267 1979 3492 2033 ἐκείνων
3525 1978 3672 2032 διδα-

2085 2070 2342 2134 σκαλίας.
2389 2070 2682 2142 Προϊόντος
2708 2071 2765 2125 δέ
2789 2070 2882 2124 τοῦ
2910 2070 3130 2142 χρόνου,
3162 2072 3256 2124 καὶ
3306 2070 3673 2143 κηρύττοντος

2054 2161 2250 2215 ἀὑτοῦ
2279 2164 2396 2226 τοῖς
2433 2160 2644 2216 ἔθνεσιν
2690 2162 2823 2217 ἄνευ
2880 2162 3188 2236 περιτομῆς
3223 2163 3284 2216 τὸ
3312 2163 3672 2233 Εὑαγγέλιον,

2081 2254 2535 2320 ἐσκανδαλίζοντό
2564 2272 2728 2321 τινες,
2758 2255 2870 2309 τῶν
2891 2256 2990 2326 μὲν
3018 2256 3148 2328 περὶ
3175 2255 3383 2328 Πέτρον
3416 2256 3491 2327 μὴ
3522 2258 3675 2310 ἀναι-

2084 2338 2325 2418 ρούντων
2346 2346 2446 2418 τὴν
2476 2348 2807 2418 περιτομὴν,
2859 2338 3141 2402 τούτοιὶδέ
3177 2349 3342 2419 μόνου
3382 2347 3676 2417 ἀναιροῦν-

2082 2457 2191 2503 τος.
2226 2439 2319 2492 Διὸ
2353 2438 2515 2493 τοῦτο
2542 2440 2603 2492 τὸ
2639 2438 2938 2495 σκάνδαλον
2990 2439 3100 2493 τῶν
3152 2439 3331 2493 ἀλλων
3360 2438 3422 2493 τὸ
3445 2437 3678 2508 Πνεῦμα

2080 2531 2141 2585 τὸ
2165 2530 2322 2599 ἅγιον
2351 2529 2585 2600 ἐκκόψαι
2607 2529 2954 2601 βουλόμενον,
2982 2528 3319 2602 προσέταξεν
3351 2529 3500 2599 αὐτῷ
3534 2527 3678 2598 μετά

2086 2621 2384 2693 μαρτύρων
2415 2617 2680 2686 ἀνελθεῖν,
2718 2620 2811 2673 καλ⁷
2853 2619 3147 2674 ἀναθέσθαι
3186 2621 3297 2683 τοῖς
3355 2617 3680 2681 ἀποστόλοις

2080 2716 2140 2768 τὸ
2165 2715 2294 2768 ἄνευ
2317 2714 2623 2786 περιτομῆς
2638 2712 2935 2785 κηρύσσειν
2954 2754 2969 2776 ,
2992 2702 3079 2767 ἱδνα
3103 2712 3196 2766 καὶ
3226 2710 3451 2765 ἐκείνων
3479 2708 3677 2763 συνοεη

2086 2806 2263 2877 μένων
2306 2804 2477 2875 αὐτῷ,
2513 2805 2672 2858 τοῦτο
2702 2804 2838 2875 λυθῇ
2873 2803 2981 2857 τῶν
3019 2803 3326 2874 ἀνθρώπων
3354 2801 3414 2855 τδ
3444 2799 3685 2854 σκάνδσνο

2080 2897 2191 2953 λον.

2157 3009 2176 3041 ι
2218 2988 2356 3042 Ἀλλ’
2419 2987 2541 3041 οὐδὲ
2584 2986 2741 3050 Τίτος
2774 2985 2802 3037 ὁ
2833 2987 2931 3039 σὺν
2962 2986 3109 3057 ἐμοὶ,
3142 2982 3346 3053 Ἕλλην
3374 2980 3472 3048 ὢν,
3500 2983 3681 3051 ἡναγ-

2082 3083 2260 3153 κάσθη
2296 3100 2361 3136 πε
2371 3079 2718 3154 ριτμηθῆναι.
2752 3099 2770 3130 ι

2116 3294 2119 3297 -
2166 3262 2303 3317 Ὑπὸ
2348 3261 2457 3315 τῶν
2507 3258 2827 3315 ἀποστόλων
2864 3257 3109 3330 δηλονότι
3139 3274 3153 3289 ·
3200 3259 3339 3329 ὅπερ
3391 3255 3684 3322 ἀπόδειξις

2080 3354 2148 3429 ἦν
2176 3355 2412 3429 μεγίστη
2440 3351 2537 3407 τοῦ
2569 3352 2644 3424 μὴ
2665 3349 3104 3420 καταγινώσκειν
3134 3349 3333 3413 αὐτοὺς
3361 3349 3456 3403 τοῦ
3500 3349 3679 3402 Ἀπο-

2083 3450 2294 3514 στόλου,
2326 3448 2395 3501 τὰ
2429 3446 2555 3517 ἔθνη
2587 3444 2663 3516 μὴ
2693 3441 3135 3514 περιτέμνοντος.

2157 3558 2176 3591 ι
2211 3537 2310 3592 Διά
2337 3537 2395 3591 δὲ
2421 3537 2551 3600 τοὺς
2589 3533 2997 3606 παρεισάκτους
3046 3532 3467 3604 ψευδαδέλφους,
3533 3528 3687 3583 οἵτι-

2080 3652 2169 3698 νες
2197 3629 2568 3704 παρεισῆλθον
2584 3629 3002 3699 κατασκοπῆσαι
3034 3625 3133 3698 τὴν
3150 3624 3466 3697 ἐλευθερίαν
3488 3628 3519 3696 ἡ
3528 3623 3682 3695 μῶν,

2080 3729 2148 3801 ἢν
2177 3727 2376 3797 ἔχομεν
2410 3726 2471 3779 ἐν
2496 3720 2718 3794 Χριστῷ
2759 3720 2956 3793 Ἰησοῦ.
2988 3739 3006 3772 ι

2153 3823 2227 3876 Τὸ
2272 3822 2391 3889 διὰ,
2417 3821 2542 3875 ἀντὶ
2568 3818 2692 3884 τοῦ,
2723 3819 2896 3885 κατὰ,
2927 3819 3126 3872 κεῖται.
3170 3815 3232 3869 Ὀ
3259 3814 3317 3868 δέ
3339 3814 3464 3875 νοῦς
3489 3804 3694 3875 οὗτοςδ

2082 3916 2148 3968 Οἱ
2174 3914 2486 3978 ἀπόστολοι,
2542 3911 2709 3981 φησιν
2734 3951 2750 3978 ,
2811 3910 2911 3964 οὐκ
2954 3908 3275 3979 ἠνάγκασαν
3329 3904 3689 3978 ἀκρόδυστον

2080 4008 2209 4061 ὄντα
2246 4004 2341 4059 τὸν
2373 4005 2415 4056 Τ
2423 4004 2532 4057 ίτον
2579 4000 3010 4073 περιτμηθῆναι,
3067 3997 3246 4052 καίτοι
3277 3994 3386 4048 τῶν
3439 4011 3690 4067 παρεισε-

2084 4097 2264 4151 άκτων
2296 4093 2684 4165 ψευδαδέλφων
2724 4090 2859 4144 αὐτὸ
2887 4088 3045 4142 τοῦτο
3066 4086 3551 4159 παρατηρούντων,
3580 4086 3689 4138 καὶ

2083 4185 2504 4257 ἀναγκαζόντων
2564 4182 2956 4253 περιτέμνεινο
2996 4187 3023 4216 ι
3050 4178 3111 4231 τὸ
3165 4176 3315 4244 ξένον
3377 4176 3508 4245 περὶ
3568 4176 3681 4244 τὴν

2084 4280 2345 4352 ἀλήθειαν
2379 4280 2436 4331 ἐν
2466 4275 2619 4344 τάξει
2661 4276 3028 4330 κατασκόπων
3090 4267 3547 4341 προσαγορεύσας
3582 4269 3691 4320 αὖ-

2084 4375 2231 4439 τούς.

2010 4487 2059 4547 υ
2165 4487 2183 4519 ι
2224 4468 2341 4519 ἰνα
2371 4464 2521 4535 ἡμᾶς
2546 4459 3050 4516 καταδουλώσωσιν.
3083 4476 3102 4509 ι
3202 4485 3208 4492 -

2154 4560 2248 4622 Εἰς
2283 4557 2381 4628 τὴν
2442 4554 2713 4619 δουλείαν,
2766 4551 2921 4623 φησι,
2977 4549 3142 4604 πάλιν
3192 4546 3533 4616 εἰσαγάγωσι
3582 4540 3689 4596 τοῦ

2082 4651 2270 4721 νόμου.
2301 4648 2394 4701 Διὸ
2423 4647 2520 4701 καὶ
2551 4643 2789 4716 ἀλλαχοῦ
2840 4660 2975 4714 φησι
3011 4657 3025 4672 °
3058 4639 3314 4711 Χριστὸς
3366 4637 3527 4709 ἡμᾶς
3579 4634 3692 4699 ἐξ·

2083 4742 2385 4812 ηγόρασεν
2408 4738 2477 4793 ἐκ
2502 4738 2613 4806 τῆς
2646 4736 2908 4805 κατάρας
2936 4734 3042 4789 τοῦ
3077 4732 3286 4802 νόμου.

2162 4850 2180 4882 ι
2221 4827 2316 4894 Οἷς
2371 4829 2493 4883 οὐδέ
2553 4829 2690 4902 πρὸς
2747 4828 2898 4899 ὥραν
2929 4826 3153 4896 εἴξαμεν
3186 4825 3250 4895 τῇ
3279 4821 3555 4890 ὑποταγῇ,
3590 4817 3693 4870 ἵνα.

2086 4926 2121 4994 ὴ
2139 4921 2366 4991 ἀλήθεια
2396 4919 2492 4974 τοῦ
2524 4918 2864 4990 Εὑαγγελίου
2893 4918 3148 4989 διαμείνῃ
3173 4915 3313 4987 πρὸς
3348 4914 3515 4983 ὑμᾶς.
3545 4931 3565 4964 ι

2158 5107 2294 5162 Οὑδέ
2351 5104 2491 5177 πρὸς
2542 5104 2743 5176 βραχὺ,
2804 5103 2969 5172 φησιν
2999 5140 3016 5165 ,
3063 5098 3418 5167 ὑπετάγημεν
3468 5092 3663 5153 αὐτοῖς

2089 5198 2483 5272 παρεισάκτοις
2522 5195 2791 5268 δηλονότι,
2826 5196 2913 5248 ἵνα
2950 5192 3026 5265 μὴ
3078 5190 3215 5247 ἄλλα
3255 5187 3503 5248 εἰπόντες
3548 5193 3703 5241 περι

2090 5291 2184 5345 τοῦ
2216 5288 2576 5359 Εὐαγγελίου,
2605 5288 2740 5342 ἀλλα
2774 5286 3105 5359 πράττοντες
3153 5279 3491 5353 εὑρεθῶμεν.
3525 5273 3590 5329 Τί
3626 5272 3705 5326 δὲ

2092 5381 2214 5439 εἷπε
2289 5383 2420 5456 περὶ⁵
2476 5382 2572 5437 τοῦ
2622 5378 3209 5452 ΕὑαγγελίουςπὯστε
3234 5371 3291 5427 εἴ
3329 5387 3421 5436 τις
3447 5367 3519 5422 ἐν
3547 5364 3710 5435 Χριο

1674 5679 1907 5735 VARUE
1944 5678 2238 5739 LECTION
2248 5679 2349 5735 ES.

472 5770 496 5798 ³
527 5775 684 5831 Deest
708 5775 886 5845 aliqua
915 5792 1017 5831 vox
1048 5792 1063 5841 ;
1102 5772 1241 5830 forte
1260 5774 1365 5828 διά.
