  <div class='ocr_page' id='page_1' title='image "/cluster/home/n/w/nwhite01/storage/ocr_20150623/95:no.2/coo.31924054869999/400.png"; bbox 0 0 3970 6394; ppageno 0'>
   <div class='ocr_carea' id='block_1_1' title="bbox 318 352 413 418">
    <p class='ocr_par' dir='ltr' id='par_1_1' title="bbox 318 352 413 418">
     <span class='ocr_line' id='line_1_1' title="bbox 318 352 413 418; baseline 0 0"><span class='ocrx_word' id='word_1_1' title='bbox 318 352 413 418; x_wconf 79' lang='lat'><strong>185</strong></span> 
     </span>
    </p>
   </div>
   <div class='ocr_carea' id='block_1_2' title="bbox 1487 345 2390 409">
    <p class='ocr_par' dir='ltr' id='par_1_2' title="bbox 1487 345 2390 409">
     <span class='ocr_line' id='line_1_2' title="bbox 1487 345 2390 409; baseline -0.007 0"><span class='ocrx_word' id='word_1_2' title='bbox 1487 349 1566 409; x_wconf 90' lang='lat' dir='ltr'><strong>IN</strong></span> <span class='ocrx_word' id='word_1_3' title='bbox 1609 349 1850 409; x_wconf 78' lang='lat' dir='ltr'><strong>EPIST.</strong></span> <span class='ocrx_word' id='word_1_4' title='bbox 1888 346 1988 406; x_wconf 85' lang='lat' dir='ltr'><strong>AD</strong></span> <span class='ocrx_word' id='word_1_5' title='bbox 2025 345 2390 407; x_wconf 78' lang='lat' dir='ltr'><strong>GALATAS.</strong></span> 
     </span>
    </p>
   </div>
   <div class='ocr_carea' id='block_1_3' title="bbox 3465 332 3577 395">
    <p class='ocr_par' dir='ltr' id='par_1_3' title="bbox 3465 332 3577 395">
     <span class='ocr_line' id='line_1_3' title="bbox 3465 332 3577 395; baseline 0 0"><span class='ocrx_word' id='word_1_6' title='bbox 3465 332 3577 395; x_wconf 78' lang='lat'><strong>786</strong></span> 
     </span>
    </p>
   </div>
   <div class='ocr_carea' id='block_1_4' title="bbox 317 439 1915 529">
    <p class='ocr_par' dir='ltr' id='par_1_4' title="bbox 317 457 1886 529">
     <span class='ocr_line' id='line_1_4' title="bbox 317 457 1886 529; baseline -0.006 -11"><span class='ocrx_word' id='word_1_7' title='bbox 317 463 452 529; x_wconf 85' lang='grc' dir='ltr'>στῷ,</span> <span class='ocrx_word' id='word_1_8' title='bbox 485 460 664 528; x_wconf 78' lang='grc' dir='ltr'>καινὴ</span> <span class='ocrx_word' id='word_1_9' title='bbox 735 457 952 524; x_wconf 74' lang='grc' dir='ltr'>κτίσις.</span> <span class='ocrx_word' id='word_1_10' title='bbox 1011 457 1143 523; x_wconf 75' lang='grc' dir='ltr'>Καὶ,</span> <span class='ocrx_word' id='word_1_11' title='bbox 1167 458 1239 514; x_wconf 84' lang='grc' dir='ltr'>τὰ</span> <span class='ocrx_word' id='word_1_12' title='bbox 1270 458 1489 528; x_wconf 73' lang='grc' dir='ltr'>ἀρχαῖα</span> <span class='ocrx_word' id='word_1_13' title='bbox 1553 457 1886 527; x_wconf 76' lang='grc' dir='ltr'><strong>παρῆλθεν,</strong></span> 
     </span>
    </p>
   </div>
   <div class='ocr_carea' id='block_1_5' title="bbox 2029 439 3576 529">
    <p class='ocr_par' dir='ltr' id='par_1_5' title="bbox 2029 439 3576 509">
     <span class='ocr_line' id='line_1_5' title="bbox 2029 439 3576 509; baseline -0.006 -6"><span class='ocrx_word' id='word_1_14' title='bbox 2029 468 2057 504; x_wconf 81' lang='grc' dir='ltr'><em>η</em></span> <span class='ocrx_word' id='word_1_15' title='bbox 2087 450 2298 505; x_wconf 71' lang='lat' dir='ltr'><strong>(llo-isto</strong></span> <span class='ocrx_word' id='word_1_16' title='bbox 2342 463 2531 502; x_wconf 81' lang='lat' dir='ltr'><strong>nouam</strong></span> <span class='ocrx_word' id='word_1_17' title='bbox 2569 462 2681 502; x_wconf 78' lang='lat' dir='ltr'><strong>esse</strong></span> <span class='ocrx_word' id='word_1_18' title='bbox 2708 452 3012 500; x_wconf 78' lang='lat' dir='ltr'><strong>creaturam</strong></span> <span class='ocrx_word' id='word_1_19' title='bbox 3030 442 3098 496; x_wconf 79' lang='lat'><strong>“.</strong></span> <span class='ocrx_word' id='word_1_20' title='bbox 3136 440 3382 509; x_wconf 79' lang='lat' dir='ltr'><strong>Itemque</strong></span> <span class='ocrx_word' id='word_1_21' title='bbox 3418 458 3431 493; x_wconf 92' lang='lat'>:</span> <span class='ocrx_word' id='word_1_22' title='bbox 3478 439 3576 493; x_wconf 82' lang='lat' dir='ltr'><strong>Ve-</strong></span> 
     </span>
    </p>
   </div>
   <div class='ocr_carea' id='block_1_6' title="bbox 319 530 1915 624">
    <p class='ocr_par' dir='ltr' id='par_1_6' title="bbox 319 547 1891 624">
     <span class='ocr_line' id='line_1_6' title="bbox 319 547 1891 624; baseline -0.006 -14"><span class='ocrx_word' id='word_1_23' title='bbox 319 554 439 610; x_wconf 79' lang='grc' dir='ltr'>ιδοὺ</span> <span class='ocrx_word' id='word_1_24' title='bbox 479 552 692 624; x_wconf 74' lang='grc' dir='ltr'>γέγονε</span> <span class='ocrx_word' id='word_1_25' title='bbox 717 551 791 605; x_wconf 83' lang='grc' dir='ltr'>τὰ</span> <span class='ocrx_word' id='word_1_26' title='bbox 817 547 1017 604; x_wconf 76' lang='grc' dir='ltr'>,πάντα</span> <span class='ocrx_word' id='word_1_27' title='bbox 1054 548 1253 604; x_wconf 79' lang='grc' dir='ltr'>καινά.</span> <span class='ocrx_word' id='word_1_28' title='bbox 1312 549 1443 616; x_wconf 71' lang='grc' dir='ltr'>Καὶ,</span> <span class='ocrx_word' id='word_1_29' title='bbox 1477 549 1552 618; x_wconf 74' lang='grc' dir='ltr'>τῇ</span> <span class='ocrx_word' id='word_1_30' title='bbox 1579 549 1891 615; x_wconf 78' lang='grc' dir='ltr'>ἐλευθερίᾳ</span> 
     </span>
    </p>
   </div>
   <div class='ocr_carea' id='block_1_7' title="bbox 2029 530 3575 624">
    <p class='ocr_par' dir='ltr' id='par_1_7' title="bbox 2029 530 3575 607">
     <span class='ocr_line' id='line_1_7' title="bbox 2029 530 3575 607; baseline -0.008 -12"><span class='ocrx_word' id='word_1_31' title='bbox 2029 560 2103 595; x_wconf 77' lang='grc' dir='ltr'><strong>ινα</strong></span> <span class='ocrx_word' id='word_1_32' title='bbox 2130 543 2480 606; x_wconf 77' lang='lat' dir='ltr'><strong>transierunt,</strong></span> <span class='ocrx_word' id='word_1_33' title='bbox 2507 554 2625 593; x_wconf 86' lang='lat' dir='ltr'><strong>ecce</strong></span> <span class='ocrx_word' id='word_1_34' title='bbox 2657 539 2805 607; x_wconf 77' lang='lat' dir='ltr'><strong>facta</strong></span> <span class='ocrx_word' id='word_1_35' title='bbox 2833 546 2954 590; x_wconf 77' lang='lat' dir='ltr'><strong>sunt</strong></span> <span class='ocrx_word' id='word_1_36' title='bbox 2988 533 3171 588; x_wconf 77' lang='lat' dir='ltr'><strong>outnia</strong></span> <span class='ocrx_word' id='word_1_37' title='bbox 3203 548 3335 586; x_wconf 81' lang='lat' dir='ltr'><strong>nova</strong></span> <span class='ocrx_word' id='word_1_38' title='bbox 3359 531 3430 586; x_wconf 82' lang='lat'><strong>“.</strong></span> <span class='ocrx_word' id='word_1_39' title='bbox 3462 530 3527 584; x_wconf 87' lang='lat' dir='ltr'><strong>Et</strong></span> <span class='ocrx_word' id='word_1_40' title='bbox 3556 537 3575 575; x_wconf 69' lang='grc' dir='ltr'><strong><em>ι</em></strong></span> 
     </span>
    </p>
   </div>
   <div class='ocr_carea' id='block_1_8' title="bbox 316 643 1237 720">
    <p class='ocr_par' dir='ltr' id='par_1_8' title="bbox 316 643 1237 720">
     <span class='ocr_line' id='line_1_8' title="bbox 316 643 1237 720; baseline -0.011 -13"><span class='ocrx_word' id='word_1_41' title='bbox 316 648 466 720; x_wconf 73' lang='grc' dir='ltr'>ἡμᾶς</span> <span class='ocrx_word' id='word_1_42' title='bbox 500 646 759 716; x_wconf 80' lang='grc' dir='ltr'>Χριστὸς</span> <span class='ocrx_word' id='word_1_43' title='bbox 793 643 1237 714; x_wconf 68' lang='grc' dir='ltr'>ἠλευθέρωσεν.</span> 
     </span>
    </p>
   </div>
   <div class='ocr_carea' id='block_1_9' title="bbox 386 726 1890 796">
    <p class='ocr_par' dir='ltr' id='par_1_9' title="bbox 386 726 1890 796">
     <span class='ocr_line' id='line_1_9' title="bbox 386 726 1890 796; baseline -0.007 -4"><span class='ocrx_word' id='word_1_44' title='bbox 386 759 404 791; x_wconf 79' lang='grc' dir='ltr'><strong>ι</strong></span> <span class='ocrx_word' id='word_1_45' title='bbox 453 737 587 791; x_wconf 78' lang='grc' dir='ltr'><strong>Ἀπὸ</strong></span> <span class='ocrx_word' id='word_1_46' title='bbox 623 738 683 790; x_wconf 80' lang='grc' dir='ltr'>δὲ</span> <span class='ocrx_word' id='word_1_47' title='bbox 721 734 833 790; x_wconf 85' lang='grc' dir='ltr'><strong>τῶν</strong></span> <span class='ocrx_word' id='word_1_48' title='bbox 879 732 1182 788; x_wconf 76' lang='grc' dir='ltr'><strong>δοκούντων</strong></span> <span class='ocrx_word' id='word_1_49' title='bbox 1245 726 1388 786; x_wconf 73' lang='grc' dir='ltr'><strong>εἶναί</strong></span> <span class='ocrx_word' id='word_1_50' title='bbox 1412 750 1498 796; x_wconf 86' lang='grc' dir='ltr'><strong>τι,</strong></span> <span class='ocrx_word' id='word_1_51' title='bbox 1529 730 1704 784; x_wconf 79' lang='grc' dir='ltr'>ὁποῖοί</span> <span class='ocrx_word' id='word_1_52' title='bbox 1758 748 1890 783; x_wconf 86' lang='grc' dir='ltr'>ποτε</span> 
     </span>
    </p>
   </div>
   <div class='ocr_carea' id='block_1_10' title="bbox 316 819 1894 902">
    <p class='ocr_par' dir='ltr' id='par_1_10' title="bbox 316 819 1894 902">
     <span class='ocr_line' id='line_1_10' title="bbox 316 819 1894 902; baseline -0.007 -19"><span class='ocrx_word' id='word_1_53' title='bbox 316 826 470 902; x_wconf 83' lang='grc' dir='ltr'>ἦσαν,</span> <span class='ocrx_word' id='word_1_54' title='bbox 532 828 688 881; x_wconf 77' lang='grc' dir='ltr'>οὐδέν</span> <span class='ocrx_word' id='word_1_55' title='bbox 719 843 811 896; x_wconf 86' lang='grc' dir='ltr'><strong>μοι</strong></span> <span class='ocrx_word' id='word_1_56' title='bbox 855 823 1108 895; x_wconf 82' lang='grc' dir='ltr'><strong>διαφέρει</strong></span> <span class='ocrx_word' id='word_1_57' title='bbox 1131 840 1144 855; x_wconf 83' lang='grc'><em>’</em></span> <span class='ocrx_word' id='word_1_58' title='bbox 1181 823 1471 895; x_wconf 86' lang='grc' dir='ltr'>πρόσωπον</span> <span class='ocrx_word' id='word_1_59' title='bbox 1500 821 1634 884; x_wconf 83' lang='grc' dir='ltr'>Θεὸς</span> <span class='ocrx_word' id='word_1_60' title='bbox 1685 819 1894 891; x_wconf 84' lang='grc' dir='ltr'><strong>ἀνθρὼ-</strong></span> 
     </span>
    </p>
   </div>
   <div class='ocr_carea' id='block_1_11' title="bbox 319 912 1894 989">
    <p class='ocr_par' dir='ltr' id='par_1_11' title="bbox 319 912 1894 989">
     <span class='ocr_line' id='line_1_11' title="bbox 319 912 1894 989; baseline -0.005 -14"><span class='ocrx_word' id='word_1_61' title='bbox 319 939 415 975; x_wconf 81' lang='grc' dir='ltr'><strong>που</strong></span> <span class='ocrx_word' id='word_1_62' title='bbox 459 920 519 974; x_wconf 87' lang='grc' dir='ltr'><strong>ού</strong></span> <span class='ocrx_word' id='word_1_63' title='bbox 567 917 858 989; x_wconf 72' lang='grc' dir='ltr'>λαμΰάνει.</span> <span class='ocrx_word' id='word_1_64' title='bbox 900 917 1058 987; x_wconf 79' lang='grc' dir='ltr'>Ἐμοὶ</span> <span class='ocrx_word' id='word_1_65' title='bbox 1105 913 1214 985; x_wconf 79' lang='grc' dir='ltr'><strong>γὰρ</strong></span> <span class='ocrx_word' id='word_1_66' title='bbox 1269 915 1319 968; x_wconf 78' lang='grc' dir='ltr'><strong>οἱ</strong></span> <span class='ocrx_word' id='word_1_67' title='bbox 1367 913 1693 982; x_wconf 78' lang='grc' dir='ltr'>δοκοῦντες,</span> <span class='ocrx_word' id='word_1_68' title='bbox 1739 912 1894 967; x_wconf 84' lang='grc' dir='ltr'>οὐδὲν</span> 
     </span>
    </p>
   </div>
   <div class='ocr_carea' id='block_1_12' title="bbox 319 1011 776 1084">
    <p class='ocr_par' dir='ltr' id='par_1_12' title="bbox 319 1011 776 1084">
     <span class='ocr_line' id='line_1_12' title="bbox 319 1011 776 1084; baseline -0.009 -17"><span class='ocrx_word' id='word_1_69' title='bbox 319 1011 729 1084; x_wconf 83' lang='grc' dir='ltr'>προσανέθεντο.</span> <span class='ocrx_word' id='word_1_70' title='bbox 756 1030 776 1062; x_wconf 72' lang='grc' dir='ltr'><strong>ι</strong></span> 
     </span>
    </p>
   </div>
   <div class='ocr_carea' id='block_1_13' title="bbox 384 1095 1894 1172">
    <p class='ocr_par' dir='ltr' id='par_1_13' title="bbox 384 1095 1894 1172">
     <span class='ocr_line' id='line_1_13' title="bbox 384 1095 1894 1172; baseline -0.005 -16"><span class='ocrx_word' id='word_1_71' title='bbox 384 1104 459 1156; x_wconf 85' lang='grc' dir='ltr'><strong>Τὸ</strong></span> <span class='ocrx_word' id='word_1_72' title='bbox 508 1102 632 1172; x_wconf 84' lang='grc' dir='ltr'>μὲν,</span> <span class='ocrx_word' id='word_1_73' title='bbox 671 1101 1037 1165; x_wconf 75' lang='grc' dir='ltr'><strong>δοκούντων,</strong></span> <span class='ocrx_word' id='word_1_74' title='bbox 1095 1099 1216 1152; x_wconf 76' lang='grc' dir='ltr'>ἀντὶ</span> <span class='ocrx_word' id='word_1_75' title='bbox 1239 1096 1356 1161; x_wconf 76' lang='grc' dir='ltr'>τοῦ,</span> <span class='ocrx_word' id='word_1_76' title='bbox 1413 1097 1623 1150; x_wconf 79' lang='grc' dir='ltr'>ὄντων’</span> <span class='ocrx_word' id='word_1_77' title='bbox 1672 1095 1750 1158; x_wconf 86' lang='grc' dir='ltr'>ὡς</span> <span class='ocrx_word' id='word_1_78' title='bbox 1798 1097 1894 1149; x_wconf 80' lang='grc' dir='ltr'>καὶ</span> 
     </span>
    </p>
   </div>
   <div class='ocr_carea' id='block_1_14' title="bbox 322 1188 1898 1265">
    <p class='ocr_par' dir='ltr' id='par_1_14' title="bbox 322 1188 1898 1265">
     <span class='ocr_line' id='line_1_14' title="bbox 322 1188 1898 1265; baseline -0.003 -17"><span class='ocrx_word' id='word_1_79' title='bbox 322 1195 444 1265; x_wconf 75' lang='grc' dir='ltr'>περὶ</span> <span class='ocrx_word' id='word_1_80' title='bbox 491 1192 686 1247; x_wconf 79' lang='grc' dir='ltr'>ἑαυτοῦ</span> <span class='ocrx_word' id='word_1_81' title='bbox 740 1189 862 1246; x_wconf 75' lang='grc' dir='ltr'>εἷπε</span> <span class='ocrx_word' id='word_1_82' title='bbox 893 1208 906 1225; x_wconf 71' lang='grc'><strong><em>⁸</em></strong></span> <span class='ocrx_word' id='word_1_83' title='bbox 943 1189 1108 1245; x_wconf 82' lang='grc' dir='ltr'><strong>Δοκῶ</strong></span> <span class='ocrx_word' id='word_1_84' title='bbox 1140 1188 1211 1243; x_wconf 85' lang='grc' dir='ltr'>δὲ</span> <span class='ocrx_word' id='word_1_85' title='bbox 1243 1189 1407 1260; x_wconf 81' lang='grc' dir='ltr'><strong>κάγὼ</strong></span> <span class='ocrx_word' id='word_1_86' title='bbox 1452 1189 1695 1258; x_wconf 75' lang='grc' dir='ltr'>Πνεῦμα</span> <span class='ocrx_word' id='word_1_87' title='bbox 1747 1189 1898 1244; x_wconf 84' lang='grc' dir='ltr'><strong>Θεοῦ</strong></span> 
     </span>
    </p>
   </div>
   <div class='ocr_carea' id='block_1_15' title="bbox 322 1277 1899 1355">
    <p class='ocr_par' dir='ltr' id='par_1_15' title="bbox 322 1277 1899 1355">
     <span class='ocr_line' id='line_1_15' title="bbox 322 1277 1899 1355; baseline -0.004 -15"><span class='ocrx_word' id='word_1_88' title='bbox 322 1288 498 1354; x_wconf 77' lang='grc' dir='ltr'>ἔχειν.</span> <span class='ocrx_word' id='word_1_89' title='bbox 533 1285 594 1339; x_wconf 82' lang='lat'><strong>&#39;0</strong></span> <span class='ocrx_word' id='word_1_90' title='bbox 626 1285 682 1338; x_wconf 83' lang='grc' dir='ltr'>δὲ</span> <span class='ocrx_word' id='word_1_91' title='bbox 708 1284 832 1349; x_wconf 78' lang='grc' dir='ltr'>νοῦς</span> <span class='ocrx_word' id='word_1_92' title='bbox 862 1277 1020 1346; x_wconf 72' lang='grc' dir='ltr'>οὗτος</span> <span class='ocrx_word' id='word_1_93' title='bbox 1048 1299 1061 1312; x_wconf 91' lang='grc'><strong>·</strong></span> <span class='ocrx_word' id='word_1_94' title='bbox 1105 1283 1169 1335; x_wconf 87' lang='grc' dir='ltr'><strong>Οἱ</strong></span> <span class='ocrx_word' id='word_1_95' title='bbox 1193 1282 1323 1353; x_wconf 75' lang='grc' dir='ltr'>περὶ</span> <span class='ocrx_word' id='word_1_96' title='bbox 1360 1281 1597 1355; x_wconf 81' lang='grc' dir='ltr'>Πέτρον,</span> <span class='ocrx_word' id='word_1_97' title='bbox 1651 1281 1818 1352; x_wconf 70' lang='grc' dir='ltr'>φησὶ,</span> <span class='ocrx_word' id='word_1_98' title='bbox 1846 1282 1899 1334; x_wconf 80' lang='grc' dir='ltr'><strong>τί</strong></span> 
     </span>
    </p>
   </div>
   <div class='ocr_carea' id='block_1_16' title="bbox 324 1374 1900 1445">
    <p class='ocr_par' dir='ltr' id='par_1_16' title="bbox 324 1374 1900 1445">
     <span class='ocr_line' id='line_1_16' title="bbox 324 1374 1900 1445; baseline -0.005 -11"><span class='ocrx_word' id='word_1_99' title='bbox 324 1396 450 1434; x_wconf 87' lang='grc' dir='ltr'>ποτε</span> <span class='ocrx_word' id='word_1_100' title='bbox 502 1377 839 1440; x_wconf 79' lang='grc' dir='ltr'><strong>σκοποῦντες</strong></span> <span class='ocrx_word' id='word_1_101' title='bbox 876 1374 1304 1445; x_wconf 77' lang='grc' dir='ltr'>συγκατέϐαινον</span> <span class='ocrx_word' id='word_1_102' title='bbox 1328 1379 1396 1445; x_wconf 82' lang='grc' dir='ltr'>τῇ</span> <span class='ocrx_word' id='word_1_103' title='bbox 1449 1377 1743 1445; x_wconf 81' lang='grc' dir='ltr'><strong>περιτομῇ,</strong></span> <span class='ocrx_word' id='word_1_104' title='bbox 1800 1374 1900 1427; x_wconf 83' lang='grc' dir='ltr'>οὐκ</span> 
     </span>
    </p>
   </div>
   <div class='ocr_carea' id='block_1_17' title="bbox 322 1459 1897 1538">
    <p class='ocr_par' dir='ltr' id='par_1_17' title="bbox 322 1459 1897 1538">
     <span class='ocr_line' id='line_1_17' title="bbox 322 1459 1897 1538; baseline -0.006 -13"><span class='ocrx_word' id='word_1_105' title='bbox 322 1470 459 1533; x_wconf 74' lang='grc' dir='ltr'>οἶδα,</span> <span class='ocrx_word' id='word_1_106' title='bbox 510 1469 635 1522; x_wconf 76' lang='grc' dir='ltr'>οὐδὲ</span> <span class='ocrx_word' id='word_1_107' title='bbox 675 1468 970 1536; x_wconf 83' lang='grc' dir='ltr'>φιλονεικῶ</span> <span class='ocrx_word' id='word_1_108' title='bbox 1004 1467 1135 1538; x_wconf 66' lang='grc' dir='ltr'>περὶ</span> <span class='ocrx_word' id='word_1_109' title='bbox 1178 1466 1373 1520; x_wconf 83' lang='grc' dir='ltr'>τούτου</span> <span class='ocrx_word' id='word_1_110' title='bbox 1399 1482 1423 1529; x_wconf 83' lang='lat'><strong>&#39;_</strong></span> <span class='ocrx_word' id='word_1_111' title='bbox 1454 1459 1601 1519; x_wconf 68' lang='grc' dir='ltr'>οὗτοι</span> <span class='ocrx_word' id='word_1_112' title='bbox 1629 1464 1688 1518; x_wconf 80' lang='grc' dir='ltr'>δὲ</span> <span class='ocrx_word' id='word_1_113' title='bbox 1732 1465 1897 1529; x_wconf 77' lang='grc' dir='ltr'>ἴσασι,</span> 
     </span>
    </p>
   </div>
   <div class='ocr_carea' id='block_1_18' title="bbox 322 1553 1902 1629">
    <p class='ocr_par' dir='ltr' id='par_1_18' title="bbox 322 1553 1902 1629">
     <span class='ocr_line' id='line_1_18' title="bbox 322 1553 1902 1629; baseline -0.005 -14"><span class='ocrx_word' id='word_1_114' title='bbox 322 1564 394 1625; x_wconf 79' lang='grc' dir='ltr'>ὡς</span> <span class='ocrx_word' id='word_1_115' title='bbox 428 1561 591 1629; x_wconf 84' lang='grc' dir='ltr'>λόγον</span> <span class='ocrx_word' id='word_1_116' title='bbox 634 1558 898 1622; x_wconf 84' lang='grc' dir='ltr'>δώσοντες</span> <span class='ocrx_word' id='word_1_117' title='bbox 931 1559 1006 1629; x_wconf 84' lang='grc' dir='ltr'>τῷ</span> <span class='ocrx_word' id='word_1_118' title='bbox 1039 1557 1181 1628; x_wconf 84' lang='grc' dir='ltr'>Θεῷ.</span> <span class='ocrx_word' id='word_1_119' title='bbox 1211 1559 1309 1611; x_wconf 84' lang='grc' dir='ltr'>Ἓν</span> <span class='ocrx_word' id='word_1_120' title='bbox 1333 1558 1390 1610; x_wconf 83' lang='grc' dir='ltr'>δὲ</span> <span class='ocrx_word' id='word_1_121' title='bbox 1407 1553 1547 1620; x_wconf 79' lang='grc' dir='ltr'>οῖδα,</span> <span class='ocrx_word' id='word_1_122' title='bbox 1571 1558 1655 1611; x_wconf 79' lang='grc' dir='ltr'>ὅτι</span> <span class='ocrx_word' id='word_1_123' title='bbox 1695 1555 1902 1609; x_wconf 78' lang='grc' dir='ltr'><strong>ἐλθόντι</strong></span> 
     </span>
    </p>
   </div>
   <div class='ocr_carea' id='block_1_19' title="bbox 322 1639 1901 1717">
    <p class='ocr_par' dir='ltr' id='par_1_19' title="bbox 322 1639 1901 1717">
     <span class='ocr_line' id='line_1_19' title="bbox 322 1639 1901 1717; baseline -0.004 -13"><span class='ocrx_word' id='word_1_124' title='bbox 322 1651 471 1705; x_wconf 79' lang='grc' dir='ltr'>οὐδὲν</span> <span class='ocrx_word' id='word_1_125' title='bbox 516 1648 681 1703; x_wconf 79' lang='grc' dir='ltr'>πλέον</span> <span class='ocrx_word' id='word_1_126' title='bbox 710 1643 863 1700; x_wconf 74' lang='grc' dir='ltr'>εἶπον</span> <span class='ocrx_word' id='word_1_127' title='bbox 893 1647 1024 1717; x_wconf 73' lang='grc' dir='ltr'>περὶ</span> <span class='ocrx_word' id='word_1_128' title='bbox 1075 1646 1171 1701; x_wconf 70' lang='grc' dir='ltr'>τοῦ</span> <span class='ocrx_word' id='word_1_129' title='bbox 1228 1646 1605 1717; x_wconf 76' lang='grc' dir='ltr'><strong>κηρύγματος.</strong></span> <span class='ocrx_word' id='word_1_130' title='bbox 1633 1641 1706 1699; x_wconf 80' lang='grc' dir='ltr'><strong>Εὖ</strong></span> <span class='ocrx_word' id='word_1_131' title='bbox 1729 1655 1760 1695; x_wconf 68' lang='grc'><strong><em>1</em></strong></span> <span class='ocrx_word' id='word_1_132' title='bbox 1779 1639 1901 1698; x_wconf 77' lang='grc' dir='ltr'>εἷπε</span> 
     </span>
    </p>
   </div>
   <div class='ocr_carea' id='block_1_20' title="bbox 1994 625 3140 698">
    <p class='ocr_par' dir='ltr' id='par_1_20' title="bbox 1994 625 3140 698">
     <span class='ocr_line' id='line_1_20' title="bbox 1994 625 3140 698; baseline -0.004 -14"><span class='ocrx_word' id='word_1_133' title='bbox 1994 633 2111 698; x_wconf 78' lang='lat' dir='ltr'><strong>Qua</strong></span> <span class='ocrx_word' id='word_1_134' title='bbox 2137 632 2376 686; x_wconf 81' lang='lat' dir='ltr'><strong>libertate</strong></span> <span class='ocrx_word' id='word_1_135' title='bbox 2406 647 2501 684; x_wconf 82' lang='lat' dir='ltr'><strong>nos</strong></span> <span class='ocrx_word' id='word_1_136' title='bbox 2533 627 2776 684; x_wconf 74' lang='lat' dir='ltr'><strong>Christus</strong></span> <span class='ocrx_word' id='word_1_137' title='bbox 2811 626 3049 680; x_wconf 71' lang='lat' dir='ltr'><strong>liberavit</strong></span> <span class='ocrx_word' id='word_1_138' title='bbox 3069 625 3140 679; x_wconf 71' lang='grc'><strong>⁸⁷.</strong></span> 
     </span>
    </p>
   </div>
   <div class='ocr_carea' id='block_1_21' title="bbox 2066 709 3580 791">
    <p class='ocr_par' dir='ltr' id='par_1_21' title="bbox 2066 709 3580 791">
     <span class='ocr_line' id='line_1_21' title="bbox 2066 709 3580 791; baseline -0.006 -15"><span class='ocrx_word' id='word_1_139' title='bbox 2066 722 2232 791; x_wconf 67' lang='lat' dir='ltr'><strong>Vens.</strong></span> <span class='ocrx_word' id='word_1_140' title='bbox 2262 724 2318 777; x_wconf 89' lang='lat'><strong>6.</strong></span> <span class='ocrx_word' id='word_1_141' title='bbox 2377 743 2407 779; x_wconf 83' lang='grc' dir='ltr'>ι,</span> <span class='ocrx_word' id='word_1_142' title='bbox 2436 722 2518 775; x_wconf 83' lang='lat' dir='ltr'><strong>Ah</strong></span> <span class='ocrx_word' id='word_1_143' title='bbox 2553 720 2622 775; x_wconf 89' lang='lat' dir='ltr'><strong>iis</strong></span> <span class='ocrx_word' id='word_1_144' title='bbox 2659 727 2839 773; x_wconf 87' lang='lat' dir='ltr'><strong>autem</strong></span> <span class='ocrx_word' id='word_1_145' title='bbox 2883 717 2979 788; x_wconf 85' lang='lat' dir='ltr'><strong>qui</strong></span> <span class='ocrx_word' id='word_1_146' title='bbox 3014 715 3343 770; x_wconf 73' lang='lat' dir='ltr'><strong>videbamur</strong></span> <span class='ocrx_word' id='word_1_147' title='bbox 3373 709 3580 783; x_wconf 84' lang='lat' dir='ltr'><strong>aliquid</strong></span> 
     </span>
    </p>
   </div>
   <div class='ocr_carea' id='block_1_22' title="bbox 1994 804 3582 882">
    <p class='ocr_par' dir='ltr' id='par_1_22' title="bbox 1994 804 3582 882">
     <span class='ocr_line' id='line_1_22' title="bbox 1994 804 3582 882; baseline -0.005 -14"><span class='ocrx_word' id='word_1_148' title='bbox 1994 828 2118 869; x_wconf 89' lang='lat' dir='ltr'><strong>esse</strong></span> <span class='ocrx_word' id='word_1_149' title='bbox 2148 813 2362 882; x_wconf 78' lang='lat' dir='ltr'><strong>(quales</strong></span> <span class='ocrx_word' id='word_1_150' title='bbox 2404 808 2701 881; x_wconf 85' lang='lat' dir='ltr'><strong>aliquando</strong></span> <span class='ocrx_word' id='word_1_151' title='bbox 2743 807 2971 871; x_wconf 76' lang='lat' dir='ltr'><strong>fuerint,</strong></span> <span class='ocrx_word' id='word_1_152' title='bbox 3009 805 3148 860; x_wconf 84' lang='lat' dir='ltr'><strong>nihil</strong></span> <span class='ocrx_word' id='word_1_153' title='bbox 3176 819 3298 860; x_wconf 87' lang='lat' dir='ltr'><strong>mea</strong></span> <span class='ocrx_word' id='word_1_154' title='bbox 3329 804 3582 860; x_wconf 89' lang='lat' dir='ltr'><strong>interest.</strong></span> 
     </span>
    </p>
   </div>
   <div class='ocr_carea' id='block_1_23' title="bbox 1998 894 3583 974">
    <p class='ocr_par' dir='ltr' id='par_1_23' title="bbox 1998 894 3583 974">
     <span class='ocr_line' id='line_1_23' title="bbox 1998 894 3583 974; baseline -0.004 -18"><span class='ocrx_word' id='word_1_155' title='bbox 1998 903 2142 960; x_wconf 90' lang='lat' dir='ltr'><strong>Deus</strong></span> <span class='ocrx_word' id='word_1_156' title='bbox 2171 919 2461 974; x_wconf 82' lang='lat' dir='ltr'><strong>personam</strong></span> <span class='ocrx_word' id='word_1_157' title='bbox 2498 901 2784 957; x_wconf 84' lang='lat' dir='ltr'><strong>hominum</strong></span> <span class='ocrx_word' id='word_1_158' title='bbox 2822 913 2935 953; x_wconf 90' lang='lat' dir='ltr'><strong>non</strong></span> <span class='ocrx_word' id='word_1_159' title='bbox 2976 896 3229 967; x_wconf 87' lang='lat' dir='ltr'><strong>accipit);</strong></span> <span class='ocrx_word' id='word_1_160' title='bbox 3263 895 3398 951; x_wconf 91' lang='lat' dir='ltr'><strong>mihi</strong></span> <span class='ocrx_word' id='word_1_161' title='bbox 3436 894 3583 950; x_wconf 89' lang='lat' dir='ltr'><strong>enim</strong></span> 
     </span>
    </p>
   </div>
   <div class='ocr_carea' id='block_1_24' title="bbox 1997 988 3571 1065">
    <p class='ocr_par' dir='ltr' id='par_1_24' title="bbox 1997 988 3571 1065">
     <span class='ocr_line' id='line_1_24' title="bbox 1997 988 3571 1065; baseline -0.009 -15"><span class='ocrx_word' id='word_1_162' title='bbox 1997 996 2089 1065; x_wconf 89' lang='lat' dir='ltr'><strong>qui</strong></span> <span class='ocrx_word' id='word_1_163' title='bbox 2122 996 2451 1050; x_wconf 77' lang='lat' dir='ltr'><strong>videbantur</strong></span> <span class='ocrx_word' id='word_1_164' title='bbox 2482 1009 2609 1050; x_wconf 87' lang='lat' dir='ltr'><strong>esse</strong></span> <span class='ocrx_word' id='word_1_165' title='bbox 2647 991 2881 1063; x_wconf 90' lang='lat' dir='ltr'><strong>aliquid,</strong></span> <span class='ocrx_word' id='word_1_166' title='bbox 2913 988 3052 1044; x_wconf 88' lang='lat' dir='ltr'><strong>nihil</strong></span> <span class='ocrx_word' id='word_1_167' title='bbox 3092 988 3462 1043; x_wconf 88' lang='lat' dir='ltr'><strong>contulerunt.</strong></span> <span class='ocrx_word' id='word_1_168' title='bbox 3506 1004 3526 1037; x_wconf 69' lang='grc' dir='ltr'><strong>ι</strong></span> <span class='ocrx_word' id='word_1_169' title='bbox 3568 1054 3571 1055; x_wconf 15' lang='grc' dir='ltr'><em>ν</em></span> 
     </span>
    </p>
   </div>
   <div class='ocr_carea' id='block_1_25' title="bbox 2071 1076 3587 1151">
    <p class='ocr_par' dir='ltr' id='par_1_25' title="bbox 2071 1076 3587 1151">
     <span class='ocr_line' id='line_1_25' title="bbox 2071 1076 3587 1151; baseline -0.007 -12"><span class='ocrx_word' id='word_1_170' title='bbox 2071 1086 2177 1151; x_wconf 81' lang='lat' dir='ltr'><strong>Qui</strong></span> <span class='ocrx_word' id='word_1_171' title='bbox 2200 1086 2531 1149; x_wconf 76' lang='lat' dir='ltr'><strong>videbantur,</strong></span> <span class='ocrx_word' id='word_1_172' title='bbox 2571 1083 2666 1149; x_wconf 87' lang='lat' dir='ltr'><strong>ait,</strong></span> <span class='ocrx_word' id='word_1_173' title='bbox 2690 1082 2743 1138; x_wconf 89' lang='lat' dir='ltr'><strong>id</strong></span> <span class='ocrx_word' id='word_1_174' title='bbox 2777 1088 2861 1137; x_wconf 89' lang='lat' dir='ltr'><strong>est</strong></span> <span class='ocrx_word' id='word_1_175' title='bbox 2889 1080 2980 1151; x_wconf 84' lang='lat' dir='ltr'><strong>qui</strong></span> <span class='ocrx_word' id='word_1_176' title='bbox 3008 1088 3163 1134; x_wconf 84' lang='lat' dir='ltr'><strong>erant</strong></span> <span class='ocrx_word' id='word_1_177' title='bbox 3194 1094 3212 1132; x_wconf 91' lang='lat'><strong><em>:</em></strong></span> <span class='ocrx_word' id='word_1_178' title='bbox 3253 1076 3398 1133; x_wconf 88' lang='lat' dir='ltr'><strong>haud</strong></span> <span class='ocrx_word' id='word_1_179' title='bbox 3427 1089 3587 1130; x_wconf 88' lang='lat' dir='ltr'><strong>secus</strong></span> 
     </span>
    </p>
   </div>
   <div class='ocr_carea' id='block_1_26' title="bbox 2000 1167 3588 1246">
    <p class='ocr_par' dir='ltr' id='par_1_26' title="bbox 2000 1167 3588 1246">
     <span class='ocr_line' id='line_1_26' title="bbox 2000 1167 3588 1246; baseline -0.007 -17"><span class='ocrx_word' id='word_1_180' title='bbox 2000 1191 2065 1229; x_wconf 84' lang='lat' dir='ltr'><strong>ac</strong></span> <span class='ocrx_word' id='word_1_181' title='bbox 2094 1176 2161 1233; x_wconf 90' lang='lat' dir='ltr'><strong>de</strong></span> <span class='ocrx_word' id='word_1_182' title='bbox 2185 1192 2244 1232; x_wconf 91' lang='lat' dir='ltr'><strong>se</strong></span> <span class='ocrx_word' id='word_1_183' title='bbox 2282 1177 2400 1246; x_wconf 83' lang='lat' dir='ltr'><strong>ipse</strong></span> <span class='ocrx_word' id='word_1_184' title='bbox 2427 1175 2680 1232; x_wconf 82' lang='lat' dir='ltr'><strong>diccbat:</strong></span> <span class='ocrx_word' id='word_1_185' title='bbox 2722 1173 2917 1228; x_wconf 85' lang='lat' dir='ltr'><strong>Videor</strong></span> <span class='ocrx_word' id='word_1_186' title='bbox 2945 1180 3121 1226; x_wconf 73' lang='lat' dir='ltr'><strong>utilem</strong></span> <span class='ocrx_word' id='word_1_187' title='bbox 3158 1168 3289 1224; x_wconf 83' lang='lat' dir='ltr'><strong>mihi</strong></span> <span class='ocrx_word' id='word_1_188' title='bbox 3327 1167 3588 1239; x_wconf 66' lang='lat' dir='ltr'><strong>Spiritum</strong></span> 
     </span>
    </p>
   </div>
   <div class='ocr_carea' id='block_1_27' title="bbox 2007 1259 3590 1336">
    <p class='ocr_par' dir='ltr' id='par_1_27' title="bbox 2007 1259 3590 1336">
     <span class='ocr_line' id='line_1_27' title="bbox 2007 1259 3590 1336; baseline -0.007 -16"><span class='ocrx_word' id='word_1_189' title='bbox 2007 1266 2101 1322; x_wconf 84' lang='lat' dir='ltr'><strong>Dei</strong></span> <span class='ocrx_word' id='word_1_190' title='bbox 2125 1267 2336 1322; x_wconf 78' lang='lat' dir='ltr'><strong>habere.</strong></span> <span class='ocrx_word' id='word_1_191' title='bbox 2371 1267 2538 1336; x_wconf 82' lang='lat' dir='ltr'><strong>Atqui</strong></span> <span class='ocrx_word' id='word_1_192' title='bbox 2586 1266 2677 1320; x_wconf 89' lang='lat' dir='ltr'><strong>hic</strong></span> <span class='ocrx_word' id='word_1_193' title='bbox 2705 1281 2906 1321; x_wconf 87' lang='lat' dir='ltr'><strong>sensus</strong></span> <span class='ocrx_word' id='word_1_194' title='bbox 2941 1271 3027 1320; x_wconf 91' lang='lat' dir='ltr'><strong>est</strong></span> <span class='ocrx_word' id='word_1_195' title='bbox 3057 1284 3070 1319; x_wconf 87' lang='lat'><strong>:</strong></span> <span class='ocrx_word' id='word_1_196' title='bbox 3104 1261 3202 1331; x_wconf 88' lang='lat' dir='ltr'><strong>qui</strong></span> <span class='ocrx_word' id='word_1_197' title='bbox 3234 1276 3264 1315; x_wconf 88' lang='lat' dir='ltr'><strong>a</strong></span> <span class='ocrx_word' id='word_1_198' title='bbox 3294 1259 3590 1314; x_wconf 81' lang='lat' dir='ltr'><strong>Petro‘sta-</strong></span> 
     </span>
    </p>
   </div>
   <div class='ocr_carea' id='block_1_28' title="bbox 2004 1355 3591 1428">
    <p class='ocr_par' dir='ltr' id='par_1_28' title="bbox 2004 1355 3591 1428">
     <span class='ocr_line' id='line_1_28' title="bbox 2004 1355 3591 1428; baseline -0.008 -16"><span class='ocrx_word' id='word_1_199' title='bbox 2004 1359 2156 1422; x_wconf 88' lang='lat' dir='ltr'><strong>bant,</strong></span> <span class='ocrx_word' id='word_1_200' title='bbox 2173 1374 2300 1428; x_wconf 76' lang='lat' dir='ltr'><strong>erga</strong></span> <span class='ocrx_word' id='word_1_201' title='bbox 2322 1357 2804 1413; x_wconf 89' lang='lat' dir='ltr'><strong>circumcisionem</strong></span> <span class='ocrx_word' id='word_1_202' title='bbox 2824 1355 3261 1426; x_wconf 84' lang='lat' dir='ltr'><strong>indulgentiores</strong></span> <span class='ocrx_word' id='word_1_203' title='bbox 3283 1358 3466 1413; x_wconf 87' lang='lat' dir='ltr'><strong>erant,</strong></span> <span class='ocrx_word' id='word_1_204' title='bbox 3483 1360 3591 1418; x_wconf 87' lang='lat' dir='ltr'><strong>qua</strong></span> 
     </span>
    </p>
   </div>
   <div class='ocr_carea' id='block_1_29' title="bbox 2003 1439 3591 1517">
    <p class='ocr_par' dir='ltr' id='par_1_29' title="bbox 2003 1439 3591 1517">
     <span class='ocr_line' id='line_1_29' title="bbox 2003 1439 3591 1517; baseline -0.008 -16"><span class='ocrx_word' id='word_1_205' title='bbox 2003 1449 2070 1501; x_wconf 81' lang='lat' dir='ltr'><strong>de</strong></span> <span class='ocrx_word' id='word_1_206' title='bbox 2110 1463 2278 1502; x_wconf 63' lang='lat' dir='ltr'><strong>(tunsa</strong></span> <span class='ocrx_word' id='word_1_207' title='bbox 2310 1446 2520 1510; x_wconf 91' lang='lat' dir='ltr'><strong>nescio,</strong></span> <span class='ocrx_word' id='word_1_208' title='bbox 2542 1461 2708 1517; x_wconf 88' lang='lat' dir='ltr'><strong>quam</strong></span> <span class='ocrx_word' id='word_1_209' title='bbox 2740 1445 3027 1515; x_wconf 83' lang='lat' dir='ltr'><strong>inquirere</strong></span> <span class='ocrx_word' id='word_1_210' title='bbox 3051 1458 3162 1498; x_wconf 90' lang='lat' dir='ltr'><strong>non</strong></span> <span class='ocrx_word' id='word_1_211' title='bbox 3189 1456 3325 1497; x_wconf 88' lang='lat' dir='ltr'><strong>curo</strong></span> <span class='ocrx_word' id='word_1_212' title='bbox 3354 1459 3368 1494; x_wconf 88' lang='lat'><strong>:</strong></span> <span class='ocrx_word' id='word_1_213' title='bbox 3394 1439 3463 1493; x_wconf 89' lang='lat' dir='ltr'><strong>de</strong></span> <span class='ocrx_word' id='word_1_214' title='bbox 3483 1454 3591 1507; x_wconf 87' lang='lat' dir='ltr'><strong>qua</strong></span> 
     </span>
    </p>
   </div>
   <div class='ocr_carea' id='block_1_30' title="bbox 2005 1533 3593 1609">
    <p class='ocr_par' dir='ltr' id='par_1_30' title="bbox 2005 1533 3593 1609">
     <span class='ocr_line' id='line_1_30' title="bbox 2005 1533 3593 1609; baseline -0.008 -15"><span class='ocrx_word' id='word_1_215' title='bbox 2005 1556 2103 1595; x_wconf 81' lang='lat' dir='ltr'><strong>nec</strong></span> <span class='ocrx_word' id='word_1_216' title='bbox 2122 1536 2459 1609; x_wconf 82' lang='lat' dir='ltr'><strong>vitilitigandi</strong></span> <span class='ocrx_word' id='word_1_217' title='bbox 2483 1537 2704 1593; x_wconf 88' lang='lat' dir='ltr'><strong>animus</strong></span> <span class='ocrx_word' id='word_1_218' title='bbox 2733 1545 2850 1602; x_wconf 87' lang='lat' dir='ltr'><strong>est;</strong></span> <span class='ocrx_word' id='word_1_219' title='bbox 2901 1537 2956 1591; x_wconf 89' lang='lat' dir='ltr'><strong>id</strong></span> <span class='ocrx_word' id='word_1_220' title='bbox 3002 1536 3108 1608; x_wconf 86' lang='lat' dir='ltr'><strong>ipsi</strong></span> <span class='ocrx_word' id='word_1_221' title='bbox 3157 1533 3435 1595; x_wconf 85' lang='lat' dir='ltr'><strong>noverint,</strong></span> <span class='ocrx_word' id='word_1_222' title='bbox 3469 1540 3593 1584; x_wconf 87' lang='lat' dir='ltr'><strong>tau-</strong></span> 
     </span>
    </p>
   </div>
   <div class='ocr_carea' id='block_1_31' title="bbox 2006 1628 3591 1702">
    <p class='ocr_par' dir='ltr' id='par_1_31' title="bbox 2006 1628 3591 1702">
     <span class='ocr_line' id='line_1_31' title="bbox 2006 1628 3591 1702; baseline -0.006 -19"><span class='ocrx_word' id='word_1_223' title='bbox 2006 1647 2166 1702; x_wconf 85' lang='lat' dir='ltr'><strong>quam</strong></span> <span class='ocrx_word' id='word_1_224' title='bbox 2229 1630 2495 1685; x_wconf 86' lang='lat' dir='ltr'><strong>reddituri</strong></span> <span class='ocrx_word' id='word_1_225' title='bbox 2531 1629 2804 1685; x_wconf 89' lang='lat' dir='ltr'><strong>rationem</strong></span> <span class='ocrx_word' id='word_1_226' title='bbox 2844 1628 2978 1684; x_wconf 90' lang='lat' dir='ltr'><strong>Deo.</strong></span> <span class='ocrx_word' id='word_1_227' title='bbox 3039 1629 3158 1682; x_wconf 87' lang='lat' dir='ltr'><strong>Hoc</strong></span> <span class='ocrx_word' id='word_1_228' title='bbox 3204 1632 3387 1680; x_wconf 88' lang='lat' dir='ltr'><strong>autem</strong></span> <span class='ocrx_word' id='word_1_229' title='bbox 3423 1636 3591 1676; x_wconf 86' lang='lat' dir='ltr'><strong>unum</strong></span> 
     </span>
    </p>
   </div>
   <div class='ocr_carea' id='block_1_32' title="bbox 323 1713 1915 1807">
    <p class='ocr_par' dir='ltr' id='par_1_32' title="bbox 323 1713 1899 1807">
     <span class='ocr_line' id='line_1_32' title="bbox 323 1713 1899 1807; baseline -0.002 -16"><span class='ocrx_word' id='word_1_230' title='bbox 323 1740 413 1792; x_wconf 77' lang='grc' dir='ltr'>καὶ</span> <span class='ocrx_word' id='word_1_231' title='bbox 442 1738 504 1791; x_wconf 71' lang='grc' dir='ltr'>τὸ</span> <span class='ocrx_word' id='word_1_232' title='bbox 545 1736 741 1791; x_wconf 82' lang='grc' dir='ltr'>ὁποῖοι</span> <span class='ocrx_word' id='word_1_233' title='bbox 776 1713 1109 1807; x_wconf 46' lang='grc' dir='ltr'>ἦσανξάλγ</span> <span class='ocrx_word' id='word_1_234' title='bbox 1138 1737 1240 1789; x_wconf 70' lang='grc' dir='ltr'>οὐκ</span> <span class='ocrx_word' id='word_1_235' title='bbox 1288 1713 1428 1789; x_wconf 60' lang='grc' dir='ltr'>εἰσιν</span> <span class='ocrx_word' id='word_1_236' title='bbox 1450 1776 1464 1801; x_wconf 88' lang='grc'><strong>,</strong></span> <span class='ocrx_word' id='word_1_237' title='bbox 1528 1736 1616 1789; x_wconf 77' lang='grc' dir='ltr'>ἵνα</span> <span class='ocrx_word' id='word_1_238' title='bbox 1654 1737 1718 1805; x_wconf 85' lang='grc' dir='ltr'><strong>τῇ</strong></span> <span class='ocrx_word' id='word_1_239' title='bbox 1758 1735 1899 1805; x_wconf 81' lang='grc' dir='ltr'>ἀρχῇ</span> 
     </span>
    </p>
   </div>
   <div class='ocr_carea' id='block_1_33' title="bbox 2029 1713 3593 1807">
    <p class='ocr_par' dir='ltr' id='par_1_33' title="bbox 2029 1713 3593 1789">
     <span class='ocr_line' id='line_1_33' title="bbox 2029 1713 3593 1789; baseline -0.006 -17"><span class='ocrx_word' id='word_1_240' title='bbox 2029 1722 2145 1782; x_wconf 82' lang='lat' dir='ltr'><strong>.cin,</strong></span> <span class='ocrx_word' id='word_1_241' title='bbox 2197 1720 2334 1774; x_wconf 87' lang='lat' dir='ltr'><strong>nihil</strong></span> <span class='ocrx_word' id='word_1_242' title='bbox 2373 1734 2471 1775; x_wconf 89' lang='lat' dir='ltr'><strong>eos</strong></span> <span class='ocrx_word' id='word_1_243' title='bbox 2499 1720 2633 1774; x_wconf 88' lang='lat' dir='ltr'><strong>mihi</strong></span> <span class='ocrx_word' id='word_1_244' title='bbox 2677 1720 2917 1789; x_wconf 87' lang='lat' dir='ltr'><strong>amplius</strong></span> <span class='ocrx_word' id='word_1_245' title='bbox 2956 1719 3027 1774; x_wconf 88' lang='lat' dir='ltr'><strong>de</strong></span> <span class='ocrx_word' id='word_1_246' title='bbox 3057 1713 3446 1789; x_wconf 66' lang='lat' dir='ltr'><strong>praedicatione</strong></span> <span class='ocrx_word' id='word_1_247' title='bbox 3473 1725 3593 1766; x_wconf 82' lang='lat' dir='ltr'><strong>mea</strong></span> 
     </span>
    </p>
   </div>
   <div class='ocr_carea' id='block_1_34' title="bbox 320 1791 1915 1901">
    <p class='ocr_par' dir='ltr' id='par_1_34' title="bbox 320 1791 1902 1901">
     <span class='ocr_line' id='line_1_34' title="bbox 320 1791 1902 1901; baseline -0.003 -19"><span class='ocrx_word' id='word_1_248' title='bbox 320 1829 413 1882; x_wconf 74' lang='grc' dir='ltr'>τοῦ</span> <span class='ocrx_word' id='word_1_249' title='bbox 486 1791 844 1901; x_wconf 71' lang='grc' dir='ltr'>κηρύγματός</span> <span class='ocrx_word' id='word_1_250' title='bbox 902 1791 979 1898; x_wconf 66' lang='grc' dir='ltr'>δῷ</span> <span class='ocrx_word' id='word_1_251' title='bbox 1038 1828 1315 1883; x_wconf 77' lang='grc' dir='ltr'>κάκείνων</span> <span class='ocrx_word' id='word_1_252' title='bbox 1374 1791 1475 1899; x_wconf 81' lang='grc' dir='ltr'>τὴν</span> <span class='ocrx_word' id='word_1_253' title='bbox 1549 1791 1902 1896; x_wconf 55' lang='grc' dir='ltr'><strong>ιιιυγκιινὰέὲιζ</strong></span> 
     </span>
    </p>
   </div>
   <div class='ocr_carea' id='block_1_35' title="bbox 2029 1791 3594 1901">
    <p class='ocr_par' dir='ltr' id='par_1_35' title="bbox 2029 1803 3594 1883">
     <span class='ocr_line' id='line_1_35' title="bbox 2029 1803 3594 1883; baseline -0.006 -18"><span class='ocrx_word' id='word_1_254' title='bbox 2029 1813 2299 1883; x_wconf 67' lang='grc' dir='ltr'>ὼ]οώε.εο,</span> <span class='ocrx_word' id='word_1_255' title='bbox 2339 1811 2562 1883; x_wconf 85' lang='lat' dir='ltr'><strong>quando</strong></span> <span class='ocrx_word' id='word_1_256' title='bbox 2593 1817 2748 1883; x_wconf 84' lang='lat' dir='ltr'><strong>ipsos</strong></span> <span class='ocrx_word' id='word_1_257' title='bbox 2779 1810 3036 1868; x_wconf 80' lang='lat' dir='ltr'><strong>conveni.</strong></span> <span class='ocrx_word' id='word_1_258' title='bbox 3072 1809 3243 1865; x_wconf 72' lang='lat' dir='ltr'><strong>[lecte</strong></span> <span class='ocrx_word' id='word_1_259' title='bbox 3284 1816 3463 1883; x_wconf 84' lang='lat' dir='ltr'><strong>autem</strong></span> <span class='ocrx_word' id='word_1_260' title='bbox 3493 1803 3594 1864; x_wconf 84' lang='lat' dir='ltr'><strong>ait.</strong></span> 
     </span>
    </p>
   </div>
   <div class='ocr_carea' id='block_1_36' title="bbox 323 1938 425 1974">
    <p class='ocr_par' dir='ltr' id='par_1_36' title="bbox 323 1938 425 1974">
     <span class='ocr_line' id='line_1_36' title="bbox 323 1938 425 1974; baseline 0 0"><span class='ocrx_word' id='word_1_261' title='bbox 323 1938 425 1974; x_wconf 85' lang='grc' dir='ltr'>σιν.</span> 
     </span>
    </p>
   </div>
   <div class='ocr_carea' id='block_1_37' title="bbox 402 2198 1162 2273">
    <p class='ocr_par' dir='ltr' id='par_1_37' title="bbox 402 2198 1162 2273">
     <span class='ocr_line' id='line_1_37' title="bbox 402 2198 1162 2273; baseline 0.003 -19"><span class='ocrx_word' id='word_1_262' title='bbox 402 2198 551 2254; x_wconf 77' lang='grc' dir='ltr'>’Δντὶ</span> <span class='ocrx_word' id='word_1_263' title='bbox 581 2198 698 2267; x_wconf 81' lang='grc' dir='ltr'>τοῦ,</span> <span class='ocrx_word' id='word_1_264' title='bbox 733 2201 1162 2273; x_wconf 81' lang='grc' dir='ltr'>έναντιὼθησαν.</span> 
     </span>
    </p>
   </div>
   <div class='ocr_carea' id='block_1_38' title="bbox 405 2292 1905 2367">
    <p class='ocr_par' dir='ltr' id='par_1_38' title="bbox 405 2292 1905 2367">
     <span class='ocr_line' id='line_1_38' title="bbox 405 2292 1905 2367; baseline 0.004 -22"><span class='ocrx_word' id='word_1_265' title='bbox 405 2303 426 2335; x_wconf 73' lang='grc' dir='ltr'><strong>σ</strong></span> <span class='ocrx_word' id='word_1_266' title='bbox 471 2292 632 2347; x_wconf 73' lang='grc' dir='ltr'><strong>Ἀλλὰ</strong></span> <span class='ocrx_word' id='word_1_267' title='bbox 673 2293 984 2349; x_wconf 82' lang='grc' dir='ltr'>τούναντίον</span> <span class='ocrx_word' id='word_1_268' title='bbox 1019 2295 1251 2360; x_wconf 79' lang='grc' dir='ltr'>ἰδόντες,</span> <span class='ocrx_word' id='word_1_269' title='bbox 1286 2296 1376 2349; x_wconf 74' lang='grc' dir='ltr'>ὅτι</span> <span class='ocrx_word' id='word_1_270' title='bbox 1430 2297 1803 2367; x_wconf 81' lang='grc' dir='ltr'><strong>πεπίστευμαι</strong></span> <span class='ocrx_word' id='word_1_271' title='bbox 1841 2297 1905 2350; x_wconf 80' lang='grc' dir='ltr'>τὸ</span> 
     </span>
    </p>
   </div>
   <div class='ocr_carea' id='block_1_39' title="bbox 323 2385 1905 2461">
    <p class='ocr_par' dir='ltr' id='par_1_39' title="bbox 323 2385 1905 2461">
     <span class='ocr_line' id='line_1_39' title="bbox 323 2385 1905 2461; baseline 0.004 -24"><span class='ocrx_word' id='word_1_272' title='bbox 323 2385 657 2454; x_wconf 70' lang='grc' dir='ltr'>Εὖαγγέλιον</span> <span class='ocrx_word' id='word_1_273' title='bbox 706 2385 807 2457; x_wconf 81' lang='grc' dir='ltr'>τῆς</span> <span class='ocrx_word' id='word_1_274' title='bbox 858 2387 1223 2459; x_wconf 77' lang='grc' dir='ltr'>ἀκροϐυστίας</span> <span class='ocrx_word' id='word_1_275' title='bbox 1250 2429 1266 2451; x_wconf 95' lang='grc'><strong>,</strong></span> <span class='ocrx_word' id='word_1_276' title='bbox 1323 2388 1506 2452; x_wconf 84' lang='grc' dir='ltr'>καθὼς</span> <span class='ocrx_word' id='word_1_277' title='bbox 1557 2390 1763 2460; x_wconf 78' lang='grc' dir='ltr'>Πέτρος</span> <span class='ocrx_word' id='word_1_278' title='bbox 1805 2390 1905 2461; x_wconf 79' lang='grc' dir='ltr'>τῆς</span> 
     </span>
    </p>
   </div>
   <div class='ocr_carea' id='block_1_40' title="bbox 324 2477 1901 2552">
    <p class='ocr_par' dir='ltr' id='par_1_40' title="bbox 324 2477 1901 2552">
     <span class='ocr_line' id='line_1_40' title="bbox 324 2477 1901 2552; baseline 0.004 -24"><span class='ocrx_word' id='word_1_279' title='bbox 324 2477 626 2548; x_wconf 72' lang='grc' dir='ltr'>περιτομῆς</span> <span class='ocrx_word' id='word_1_280' title='bbox 663 2477 713 2550; x_wconf 86' lang='grc' dir='ltr'><strong>(ὁ</strong></span> <span class='ocrx_word' id='word_1_281' title='bbox 738 2477 848 2549; x_wconf 83' lang='grc' dir='ltr'><strong>γὰρ</strong></span> <span class='ocrx_word' id='word_1_282' title='bbox 881 2481 1188 2552; x_wconf 78' lang='grc' dir='ltr'><strong>ἐνεργήσας</strong></span> <span class='ocrx_word' id='word_1_283' title='bbox 1239 2481 1434 2552; x_wconf 82' lang='grc' dir='ltr'>Πέτρῳ</span> <span class='ocrx_word' id='word_1_284' title='bbox 1462 2482 1544 2545; x_wconf 86' lang='grc' dir='ltr'><strong>εἰς</strong></span> <span class='ocrx_word' id='word_1_285' title='bbox 1576 2481 1901 2552; x_wconf 84' lang='grc' dir='ltr'>περιτομὴν,</span> 
     </span>
    </p>
   </div>
   <div class='ocr_carea' id='block_1_41' title="bbox 324 2569 1907 2646">
    <p class='ocr_par' dir='ltr' id='par_1_41' title="bbox 324 2569 1907 2646">
     <span class='ocr_line' id='line_1_41' title="bbox 324 2569 1907 2646; baseline 0.006 -27"><span class='ocrx_word' id='word_1_286' title='bbox 324 2570 596 2639; x_wconf 74' lang='grc' dir='ltr'>ἐνήργησε</span> <span class='ocrx_word' id='word_1_287' title='bbox 633 2569 804 2640; x_wconf 79' lang='grc' dir='ltr'>κάμοὶ</span> <span class='ocrx_word' id='word_1_288' title='bbox 837 2571 917 2635; x_wconf 79' lang='grc' dir='ltr'><strong>εἰς</strong></span> <span class='ocrx_word' id='word_1_289' title='bbox 934 2570 1004 2624; x_wconf 78' lang='grc' dir='ltr'><strong>τὰ</strong></span> <span class='ocrx_word' id='word_1_290' title='bbox 1028 2570 1180 2643; x_wconf 69' lang='grc' dir='ltr'>ἔθνη)</span> <span class='ocrx_word' id='word_1_291' title='bbox 1203 2588 1217 2626; x_wconf 75' lang='grc' dir='ltr'><strong>τ</strong></span> <span class='ocrx_word' id='word_1_292' title='bbox 1245 2573 1341 2626; x_wconf 80' lang='grc' dir='ltr'>καὶ</span> <span class='ocrx_word' id='word_1_293' title='bbox 1371 2572 1592 2641; x_wconf 83' lang='grc' dir='ltr'>γνόντες</span> <span class='ocrx_word' id='word_1_294' title='bbox 1619 2575 1722 2646; x_wconf 81' lang='grc' dir='ltr'>τὴν</span> <span class='ocrx_word' id='word_1_295' title='bbox 1746 2575 1907 2645; x_wconf 86' lang='grc' dir='ltr'>χάριν</span> 
     </span>
    </p>
   </div>
   <div class='ocr_carea' id='block_1_42' title="bbox 319 2658 1909 2734">
    <p class='ocr_par' dir='ltr' id='par_1_42' title="bbox 319 2658 1909 2734">
     <span class='ocr_line' id='line_1_42' title="bbox 319 2658 1909 2734; baseline 0.005 -23"><span class='ocrx_word' id='word_1_296' title='bbox 319 2660 421 2729; x_wconf 80' lang='grc' dir='ltr'>τὴν</span> <span class='ocrx_word' id='word_1_297' title='bbox 449 2658 698 2713; x_wconf 81' lang='grc' dir='ltr'>δοθεῖσάν</span> <span class='ocrx_word' id='word_1_298' title='bbox 732 2678 844 2730; x_wconf 90' lang='grc' dir='ltr'>μοι,</span> <span class='ocrx_word' id='word_1_299' title='bbox 883 2661 1163 2727; x_wconf 81' lang='grc' dir='ltr'>Ἰάκωϐος,</span> <span class='ocrx_word' id='word_1_300' title='bbox 1199 2663 1294 2716; x_wconf 67' lang='grc' dir='ltr'>καὶ</span> <span class='ocrx_word' id='word_1_301' title='bbox 1320 2665 1517 2734; x_wconf 80' lang='grc' dir='ltr'><strong>Κηφᾶς</strong></span> <span class='ocrx_word' id='word_1_302' title='bbox 1539 2705 1552 2727; x_wconf 86' lang='grc'><strong>,</strong></span> <span class='ocrx_word' id='word_1_303' title='bbox 1591 2666 1688 2718; x_wconf 73' lang='grc' dir='ltr'>καὶ</span> <span class='ocrx_word' id='word_1_304' title='bbox 1728 2666 1909 2719; x_wconf 77' lang='grc' dir='ltr'>Ἰωάν-</span> 
     </span>
    </p>
   </div>
   <div class='ocr_carea' id='block_1_43' title="bbox 322 2749 1909 2827">
    <p class='ocr_par' dir='ltr' id='par_1_43' title="bbox 322 2749 1909 2827">
     <span class='ocr_line' id='line_1_43' title="bbox 322 2749 1909 2827; baseline 0.006 -26"><span class='ocrx_word' id='word_1_305' title='bbox 322 2767 443 2819; x_wconf 83' lang='grc' dir='ltr'>νης,</span> <span class='ocrx_word' id='word_1_306' title='bbox 479 2751 530 2803; x_wconf 90' lang='grc' dir='ltr'>οἱ</span> <span class='ocrx_word' id='word_1_307' title='bbox 553 2751 838 2816; x_wconf 78' lang='grc' dir='ltr'>δοκοῦντες</span> <span class='ocrx_word' id='word_1_308' title='bbox 886 2753 1068 2808; x_wconf 83' lang='grc' dir='ltr'>στύλοι</span> <span class='ocrx_word' id='word_1_309' title='bbox 1103 2749 1267 2820; x_wconf 76' lang='grc' dir='ltr'>εἶναι,</span> <span class='ocrx_word' id='word_1_310' title='bbox 1293 2755 1474 2823; x_wconf 79' lang='grc' dir='ltr'>δεξιὰς</span> <span class='ocrx_word' id='word_1_311' title='bbox 1527 2757 1737 2811; x_wconf 79' lang='grc' dir='ltr'>ἔδωκαν</span> <span class='ocrx_word' id='word_1_312' title='bbox 1785 2759 1909 2827; x_wconf 69' lang='grc' dir='ltr'>ἐμοὶ</span> 
     </span>
    </p>
   </div>
   <div class='ocr_carea' id='block_1_44' title="bbox 324 2841 1907 2920">
    <p class='ocr_par' dir='ltr' id='par_1_44' title="bbox 324 2841 1907 2920">
     <span class='ocr_line' id='line_1_44' title="bbox 324 2841 1907 2920; baseline 0.007 -29"><span class='ocrx_word' id='word_1_313' title='bbox 324 2841 421 2892; x_wconf 68' lang='grc' dir='ltr'>καὶ</span> <span class='ocrx_word' id='word_1_314' title='bbox 453 2841 717 2914; x_wconf 73' lang='grc' dir='ltr'>Βαρνάᾶᾳς</span> <span class='ocrx_word' id='word_1_315' title='bbox 745 2845 1034 2908; x_wconf 82' lang='grc' dir='ltr'>κοινωνίας</span> <span class='ocrx_word' id='word_1_316' title='bbox 1057 2884 1071 2907; x_wconf 93' lang='grc'><strong>,</strong></span> <span class='ocrx_word' id='word_1_317' title='bbox 1110 2846 1199 2900; x_wconf 76' lang='grc' dir='ltr'><strong>ἵνα</strong></span> <span class='ocrx_word' id='word_1_318' title='bbox 1224 2849 1390 2919; x_wconf 81' lang='grc' dir='ltr'>ἡμεῖς</span> <span class='ocrx_word' id='word_1_319' title='bbox 1421 2848 1520 2917; x_wconf 86' lang='grc' dir='ltr'>μὲν</span> <span class='ocrx_word' id='word_1_320' title='bbox 1550 2851 1632 2914; x_wconf 77' lang='grc' dir='ltr'><strong>είς</strong></span> <span class='ocrx_word' id='word_1_321' title='bbox 1659 2850 1728 2903; x_wconf 82' lang='grc' dir='ltr'>τὰ</span> <span class='ocrx_word' id='word_1_322' title='bbox 1756 2848 1907 2920; x_wconf 76' lang='grc' dir='ltr'>ἔθνη,</span> 
     </span>
    </p>
   </div>
   <div class='ocr_carea' id='block_1_45' title="bbox 321 2931 1202 3008">
    <p class='ocr_par' dir='ltr' id='par_1_45' title="bbox 321 2931 1202 3008">
     <span class='ocr_line' id='line_1_45' title="bbox 321 2931 1202 3008; baseline 0.005 -23"><span class='ocrx_word' id='word_1_323' title='bbox 321 2931 483 2986; x_wconf 76' lang='grc' dir='ltr'>αὐτοὶ</span> <span class='ocrx_word' id='word_1_324' title='bbox 505 2932 563 2986; x_wconf 83' lang='grc' dir='ltr'>δὲ</span> <span class='ocrx_word' id='word_1_325' title='bbox 593 2936 671 2998; x_wconf 84' lang='grc' dir='ltr'>εἰς</span> <span class='ocrx_word' id='word_1_326' title='bbox 698 2933 796 3004; x_wconf 82' lang='grc' dir='ltr'>τὴν</span> <span class='ocrx_word' id='word_1_327' title='bbox 826 2937 1156 3008; x_wconf 86' lang='grc' dir='ltr'>περιτομήν.</span> <span class='ocrx_word' id='word_1_328' title='bbox 1184 2956 1202 2989; x_wconf 74' lang='grc' dir='ltr'><strong>ι</strong></span> 
     </span>
    </p>
   </div>
   <div class='ocr_carea' id='block_1_46' title="bbox 2004 1895 3597 1975">
    <p class='ocr_par' dir='ltr' id='par_1_46' title="bbox 2004 1895 3597 1975">
     <span class='ocr_line' id='line_1_46' title="bbox 2004 1895 3597 1975; baseline -0.006 -17"><span class='ocrx_word' id='word_1_329' title='bbox 2004 1907 2186 1974; x_wconf 76' lang='lat' dir='ltr'><strong>quales</strong></span> <span class='ocrx_word' id='word_1_330' title='bbox 2220 1906 2439 1974; x_wconf 78' lang='lat' dir='ltr'><strong>fuerint,</strong></span> <span class='ocrx_word' id='word_1_331' title='bbox 2478 1920 2587 1959; x_wconf 86' lang='lat' dir='ltr'><strong>non</strong></span> <span class='ocrx_word' id='word_1_332' title='bbox 2628 1905 2820 1975; x_wconf 78' lang='lat' dir='ltr'><strong>quales</strong></span> <span class='ocrx_word' id='word_1_333' title='bbox 2868 1904 3002 1967; x_wconf 84' lang='lat' dir='ltr'><strong>sint,</strong></span> <span class='ocrx_word' id='word_1_334' title='bbox 3037 1910 3099 1958; x_wconf 88' lang='lat' dir='ltr'><strong>ut</strong></span> <span class='ocrx_word' id='word_1_335' title='bbox 3126 1899 3393 1957; x_wconf 83' lang='lat' dir='ltr'><strong>concedat</strong></span> <span class='ocrx_word' id='word_1_336' title='bbox 3432 1895 3597 1950; x_wconf 81' lang='lat' dir='ltr'><strong>initio</strong></span> 
     </span>
    </p>
   </div>
   <div class='ocr_carea' id='block_1_47' title="bbox 2007 1988 3595 2067">
    <p class='ocr_par' dir='ltr' id='par_1_47' title="bbox 2007 1988 3595 2067">
     <span class='ocr_line' id='line_1_47' title="bbox 2007 1988 3595 2067; baseline -0.008 -17"><span class='ocrx_word' id='word_1_337' title='bbox 2007 1995 2419 2066; x_wconf 62' lang='lat' dir='ltr'><strong>praedicationis</strong></span> <span class='ocrx_word' id='word_1_338' title='bbox 2465 1994 2746 2067; x_wconf 70' lang='lat' dir='ltr'><strong>Evangelii</strong></span> <span class='ocrx_word' id='word_1_339' title='bbox 2804 1993 3013 2050; x_wconf 65' lang='lat' dir='ltr'><strong>Iudaeis</strong></span> <span class='ocrx_word' id='word_1_340' title='bbox 3073 1991 3285 2064; x_wconf 89' lang='lat' dir='ltr'><strong>aliquid</strong></span> <span class='ocrx_word' id='word_1_341' title='bbox 3320 1988 3595 2044; x_wconf 85' lang='lat' dir='ltr'><strong>indultum</strong></span> 
     </span>
    </p>
   </div>
   <div class='ocr_carea' id='block_1_48' title="bbox 2009 2088 2210 2143">
    <p class='ocr_par' dir='ltr' id='par_1_48' title="bbox 2009 2088 2210 2143">
     <span class='ocr_line' id='line_1_48' title="bbox 2009 2088 2210 2143; baseline 0 0"><span class='ocrx_word' id='word_1_342' title='bbox 2009 2088 2210 2143; x_wconf 79' lang='lat' dir='ltr'><strong>fuisse.</strong></span> 
     </span>
    </p>
   </div>
   <div class='ocr_carea' id='block_1_49' title="bbox 2078 2176 3074 2249">
    <p class='ocr_par' dir='ltr' id='par_1_49' title="bbox 2078 2176 3074 2249">
     <span class='ocr_line' id='line_1_49' title="bbox 2078 2176 3074 2249; baseline -0.002 -17"><span class='ocrx_word' id='word_1_343' title='bbox 2078 2179 2224 2233; x_wconf 86' lang='lat' dir='ltr'><strong>Idem</strong></span> <span class='ocrx_word' id='word_1_344' title='bbox 2252 2187 2441 2249; x_wconf 85' lang='lat' dir='ltr'><strong>atque,</strong></span> <span class='ocrx_word' id='word_1_345' title='bbox 2474 2176 2757 2235; x_wconf 78' lang='lat' dir='ltr'><strong>adversati</strong></span> <span class='ocrx_word' id='word_1_346' title='bbox 2786 2191 2894 2231; x_wconf 92' lang='lat' dir='ltr'><strong>non</strong></span> <span class='ocrx_word' id='word_1_347' title='bbox 2925 2184 3074 2234; x_wconf 91' lang='lat' dir='ltr'><strong>sunt.</strong></span> 
     </span>
    </p>
   </div>
   <div class='ocr_carea' id='block_1_50' title="bbox 2082 2259 3599 2331">
    <p class='ocr_par' dir='ltr' id='par_1_50' title="bbox 2082 2259 3599 2331">
     <span class='ocr_line' id='line_1_50' title="bbox 2082 2259 3599 2331; baseline -0.007 -7"><span class='ocrx_word' id='word_1_348' title='bbox 2082 2270 2247 2327; x_wconf 79' lang='lat' dir='ltr'><strong>Vens.</strong></span> <span class='ocrx_word' id='word_1_349' title='bbox 2277 2272 2393 2328; x_wconf 88' lang='lat'><strong>7-9.</strong></span> <span class='ocrx_word' id='word_1_350' title='bbox 2451 2291 2470 2325; x_wconf 79' lang='grc' dir='ltr'><strong>ι</strong></span> <span class='ocrx_word' id='word_1_351' title='bbox 2510 2269 2618 2327; x_wconf 89' lang='lat' dir='ltr'><strong>Sed</strong></span> <span class='ocrx_word' id='word_1_352' title='bbox 2644 2286 2676 2326; x_wconf 90' lang='lat' dir='ltr'><strong>e</strong></span> <span class='ocrx_word' id='word_1_353' title='bbox 2713 2277 2908 2327; x_wconf 75' lang='lat' dir='ltr'><strong>contra</strong></span> <span class='ocrx_word' id='word_1_354' title='bbox 2955 2282 3081 2323; x_wconf 89' lang='lat' dir='ltr'><strong>cum</strong></span> <span class='ocrx_word' id='word_1_355' title='bbox 3121 2265 3415 2326; x_wconf 75' lang='lat' dir='ltr'><strong>vidissent,</strong></span> <span class='ocrx_word' id='word_1_356' title='bbox 3452 2259 3599 2331; x_wconf 88' lang='lat' dir='ltr'><strong>quod</strong></span> 
     </span>
    </p>
   </div>
   <div class='ocr_carea' id='block_1_51' title="bbox 2009 2354 3601 2433">
    <p class='ocr_par' dir='ltr' id='par_1_51' title="bbox 2009 2354 3601 2433">
     <span class='ocr_line' id='line_1_51' title="bbox 2009 2354 3601 2433; baseline -0.009 -14"><span class='ocrx_word' id='word_1_357' title='bbox 2009 2364 2279 2423; x_wconf 76' lang='lat' dir='ltr'><strong>creditura</strong></span> <span class='ocrx_word' id='word_1_358' title='bbox 2328 2373 2414 2420; x_wconf 89' lang='lat' dir='ltr'><strong>est</strong></span> <span class='ocrx_word' id='word_1_359' title='bbox 2461 2362 2598 2418; x_wconf 87' lang='lat' dir='ltr'><strong>mihi</strong></span> <span class='ocrx_word' id='word_1_360' title='bbox 2649 2361 3007 2433; x_wconf 74' lang='lat' dir='ltr'><strong>Evangelium</strong></span> <span class='ocrx_word' id='word_1_361' title='bbox 3058 2356 3315 2429; x_wconf 72' lang='lat' dir='ltr'><strong>prteputii</strong></span> <span class='ocrx_word' id='word_1_362' title='bbox 3367 2354 3515 2411; x_wconf 87' lang='lat' dir='ltr'><strong>sicut</strong></span> <span class='ocrx_word' id='word_1_363' title='bbox 3550 2362 3601 2407; x_wconf 85' lang='lat' dir='ltr'><strong>et</strong></span> 
     </span>
    </p>
   </div>
   <div class='ocr_carea' id='block_1_52' title="bbox 2009 2443 3602 2526">
    <p class='ocr_par' dir='ltr' id='par_1_52' title="bbox 2009 2443 3602 2526">
     <span class='ocr_line' id='line_1_52' title="bbox 2009 2443 3602 2526; baseline -0.01 -16"><span class='ocrx_word' id='word_1_364' title='bbox 2009 2454 2458 2510; x_wconf 86' lang='lat' dir='ltr'><strong>circumeisionis</strong></span> <span class='ocrx_word' id='word_1_365' title='bbox 2508 2454 2622 2526; x_wconf 91' lang='lat' dir='ltr'><strong>(qui</strong></span> <span class='ocrx_word' id='word_1_366' title='bbox 2681 2455 2829 2510; x_wconf 85' lang='lat' dir='ltr'><strong>enim</strong></span> <span class='ocrx_word' id='word_1_367' title='bbox 2888 2459 3151 2524; x_wconf 88' lang='lat' dir='ltr'><strong>operatus</strong></span> <span class='ocrx_word' id='word_1_368' title='bbox 3206 2455 3293 2505; x_wconf 90' lang='lat' dir='ltr'><strong>est</strong></span> <span class='ocrx_word' id='word_1_369' title='bbox 3343 2445 3506 2501; x_wconf 84' lang='lat' dir='ltr'><strong>Petro</strong></span> <span class='ocrx_word' id='word_1_370' title='bbox 3549 2443 3602 2496; x_wconf 88' lang='lat' dir='ltr'><strong>in</strong></span> 
     </span>
    </p>
   </div>
   <div class='ocr_carea' id='block_1_53' title="bbox 2008 2533 3603 2617">
    <p class='ocr_par' dir='ltr' id='par_1_53' title="bbox 2008 2533 3603 2617">
     <span class='ocr_line' id='line_1_53' title="bbox 2008 2533 3603 2617; baseline -0.011 -16"><span class='ocrx_word' id='word_1_371' title='bbox 2008 2545 2380 2617; x_wconf 86' lang='lat' dir='ltr'><strong>apostolalum</strong></span> <span class='ocrx_word' id='word_1_372' title='bbox 2409 2544 2881 2610; x_wconf 77' lang='lat' dir='ltr'><strong>circumcisibnis,</strong></span> <span class='ocrx_word' id='word_1_373' title='bbox 2915 2551 3178 2614; x_wconf 81' lang='lat' dir='ltr'><strong>operatus</strong></span> <span class='ocrx_word' id='word_1_374' title='bbox 3225 2548 3313 2595; x_wconf 88' lang='lat' dir='ltr'><strong>est</strong></span> <span class='ocrx_word' id='word_1_375' title='bbox 3358 2545 3414 2593; x_wconf 86' lang='lat' dir='ltr'><strong>et</strong></span> <span class='ocrx_word' id='word_1_376' title='bbox 3472 2533 3603 2588; x_wconf 83' lang='lat' dir='ltr'><strong>mihi</strong></span> 
     </span>
    </p>
   </div>
   <div class='ocr_carea' id='block_1_54' title="bbox 2009 2630 3608 2709">
    <p class='ocr_par' dir='ltr' id='par_1_54' title="bbox 2009 2630 3608 2709">
     <span class='ocr_line' id='line_1_54' title="bbox 2009 2630 3608 2709; baseline -0.009 -16"><span class='ocrx_word' id='word_1_377' title='bbox 2009 2638 2153 2694; x_wconf 79' lang='lat' dir='ltr'><strong>inter</strong></span> <span class='ocrx_word' id='word_1_378' title='bbox 2200 2637 2452 2709; x_wconf 81' lang='lat' dir='ltr'><strong>gentes),</strong></span> <span class='ocrx_word' id='word_1_379' title='bbox 2490 2645 2545 2693; x_wconf 90' lang='lat' dir='ltr'><strong>et</strong></span> <span class='ocrx_word' id='word_1_380' title='bbox 2591 2646 2718 2693; x_wconf 89' lang='lat' dir='ltr'><strong>cum</strong></span> <span class='ocrx_word' id='word_1_381' title='bbox 2774 2634 3166 2708; x_wconf 77' lang='lat' dir='ltr'><strong>cognovissent</strong></span> <span class='ocrx_word' id='word_1_382' title='bbox 3220 2630 3452 2702; x_wconf 78' lang='lat' dir='ltr'><strong>gratiam</strong></span> <span class='ocrx_word' id='word_1_383' title='bbox 3485 2640 3608 2697; x_wconf 81' lang='lat' dir='ltr'><strong>qua:</strong></span> 
     </span>
    </p>
   </div>
   <div class='ocr_carea' id='block_1_55' title="bbox 2011 2713 3605 2797">
    <p class='ocr_par' dir='ltr' id='par_1_55' title="bbox 2011 2713 3605 2797">
     <span class='ocr_line' id='line_1_55' title="bbox 2011 2713 3605 2797; baseline -0.011 -11"><span class='ocrx_word' id='word_1_384' title='bbox 2011 2730 2136 2786; x_wconf 80' lang='lat' dir='ltr'><strong>data</strong></span> <span class='ocrx_word' id='word_1_385' title='bbox 2173 2737 2260 2784; x_wconf 90' lang='lat' dir='ltr'><strong>est</strong></span> <span class='ocrx_word' id='word_1_386' title='bbox 2287 2728 2447 2793; x_wconf 89' lang='lat' dir='ltr'><strong>mihi,</strong></span> <span class='ocrx_word' id='word_1_387' title='bbox 2474 2727 2742 2793; x_wconf 81' lang='lat' dir='ltr'><strong>.lacobus,</strong></span> <span class='ocrx_word' id='word_1_388' title='bbox 2768 2739 2822 2783; x_wconf 90' lang='lat' dir='ltr'><strong>et</strong></span> <span class='ocrx_word' id='word_1_389' title='bbox 2855 2726 3092 2797; x_wconf 87' lang='lat' dir='ltr'><strong>Ccphas,</strong></span> <span class='ocrx_word' id='word_1_390' title='bbox 3122 2730 3179 2778; x_wconf 87' lang='lat' dir='ltr'><strong>et</strong></span> <span class='ocrx_word' id='word_1_391' title='bbox 3208 2721 3471 2783; x_wconf 82' lang='lat' dir='ltr'><strong>Joannes,</strong></span> <span class='ocrx_word' id='word_1_392' title='bbox 3511 2713 3605 2786; x_wconf 85' lang='lat' dir='ltr'><strong>qni</strong></span> 
     </span>
    </p>
   </div>
   <div class='ocr_carea' id='block_1_56' title="bbox 2013 2807 3606 2883">
    <p class='ocr_par' dir='ltr' id='par_1_56' title="bbox 2013 2807 3606 2883">
     <span class='ocr_line' id='line_1_56' title="bbox 2013 2807 3606 2883; baseline -0.01 -7"><span class='ocrx_word' id='word_1_393' title='bbox 2013 2821 2345 2877; x_wconf 83' lang='lat' dir='ltr'><strong>videbantur</strong></span> <span class='ocrx_word' id='word_1_394' title='bbox 2385 2821 2659 2876; x_wconf 65' lang='lat' dir='ltr'><strong>columnae</strong></span> <span class='ocrx_word' id='word_1_395' title='bbox 2687 2833 2838 2883; x_wconf 81' lang='lat' dir='ltr'><strong>esse,</strong></span> <span class='ocrx_word' id='word_1_396' title='bbox 2883 2818 3109 2873; x_wconf 81' lang='lat' dir='ltr'><strong>dextras</strong></span> <span class='ocrx_word' id='word_1_397' title='bbox 3161 2812 3432 2867; x_wconf 83' lang='lat' dir='ltr'><strong>dederunt</strong></span> <span class='ocrx_word' id='word_1_398' title='bbox 3472 2807 3606 2861; x_wconf 90' lang='lat' dir='ltr'><strong>mihi</strong></span> 
     </span>
    </p>
   </div>
   <div class='ocr_carea' id='block_1_57' title="bbox 2014 2903 3603 2978">
    <p class='ocr_par' dir='ltr' id='par_1_57' title="bbox 2014 2903 3603 2978">
     <span class='ocr_line' id='line_1_57' title="bbox 2014 2903 3603 2978; baseline -0.011 -8"><span class='ocrx_word' id='word_1_399' title='bbox 2014 2921 2070 2970; x_wconf 91' lang='lat' dir='ltr'><strong>et</strong></span> <span class='ocrx_word' id='word_1_400' title='bbox 2110 2913 2383 2968; x_wconf 61' lang='lat' dir='ltr'><strong>Barnabas</strong></span> <span class='ocrx_word' id='word_1_401' title='bbox 2413 2912 2742 2968; x_wconf 85' lang='lat' dir='ltr'><strong>societatis:</strong></span> <span class='ocrx_word' id='word_1_402' title='bbox 2776 2918 2836 2966; x_wconf 91' lang='lat' dir='ltr'><strong>ut</strong></span> <span class='ocrx_word' id='word_1_403' title='bbox 2871 2924 2975 2965; x_wconf 90' lang='lat' dir='ltr'><strong>nos</strong></span> <span class='ocrx_word' id='word_1_404' title='bbox 3005 2906 3228 2978; x_wconf 83' lang='lat' dir='ltr'><strong>quidem</strong></span> <span class='ocrx_word' id='word_1_405' title='bbox 3276 2903 3357 2958; x_wconf 82' lang='lat' dir='ltr'><strong>in-</strong></span> <span class='ocrx_word' id='word_1_406' title='bbox 3379 2908 3603 2972; x_wconf 72' lang='lat' dir='ltr'><strong>gentes,</strong></span> 
     </span>
    </p>
   </div>
   <div class='ocr_carea' id='block_1_58' title="bbox 2016 3002 3021 3075">
    <p class='ocr_par' dir='ltr' id='par_1_58' title="bbox 2016 3002 3021 3075">
     <span class='ocr_line' id='line_1_58' title="bbox 2016 3002 3021 3075; baseline -0.009 -16"><span class='ocrx_word' id='word_1_407' title='bbox 2016 3005 2118 3075; x_wconf 77' lang='lat' dir='ltr'><strong>ipsi</strong></span> <span class='ocrx_word' id='word_1_408' title='bbox 2148 3012 2335 3059; x_wconf 86' lang='lat' dir='ltr'><strong>autem</strong></span> <span class='ocrx_word' id='word_1_409' title='bbox 2371 3003 2429 3059; x_wconf 91' lang='lat' dir='ltr'><strong>in</strong></span> <span class='ocrx_word' id='word_1_410' title='bbox 2463 3002 3021 3059; x_wconf 49' lang='lat' dir='ltr'><strong>circumcisionem.)</strong></span> 
     </span>
    </p>
   </div>
   <div class='ocr_carea' id='block_1_59' title="bbox 395 3084 1915 3189">
    <p class='ocr_par' dir='ltr' id='par_1_59' title="bbox 395 3111 1905 3189">
     <span class='ocr_line' id='line_1_59' title="bbox 395 3111 1905 3189; baseline 0.009 -25"><span class='ocrx_word' id='word_1_411' title='bbox 395 3111 509 3183; x_wconf 82' lang='grc' dir='ltr'>Τῷ,</span> <span class='ocrx_word' id='word_1_412' title='bbox 543 3113 707 3167; x_wconf 70' lang='grc' dir='ltr'><em>ἀλλὰ</em></span> <span class='ocrx_word' id='word_1_413' title='bbox 757 3117 1116 3170; x_wconf 83' lang='grc' dir='ltr'>τούναντίον</span> <span class='ocrx_word' id='word_1_414' title='bbox 1172 3117 1423 3187; x_wconf 70' lang='grc' dir='ltr'>ἰδόντες,</span> <span class='ocrx_word' id='word_1_415' title='bbox 1484 3122 1783 3176; x_wconf 89' lang='grc' dir='ltr'>συναπτέον</span> <span class='ocrx_word' id='word_1_416' title='bbox 1807 3124 1868 3178; x_wconf 79' lang='grc' dir='ltr'>τὸ</span> <span class='ocrx_word' id='word_1_417' title='bbox 1891 3165 1905 3189; x_wconf 95' lang='grc'><strong>,</strong></span> 
     </span>
    </p>
   </div>
   <div class='ocr_carea' id='block_1_60' title="bbox 2029 3084 3671 3189">
    <p class='ocr_par' dir='ltr' id='par_1_60' title="bbox 2089 3084 3671 3165">
     <span class='ocr_line' id='line_1_60' title="bbox 2089 3084 3671 3165; baseline -0.009 -15"><span class='ocrx_word' id='word_1_418' title='bbox 2089 3095 2229 3152; x_wconf 85' lang='lat' dir='ltr'><strong>Huic</strong></span> <span class='ocrx_word' id='word_1_419' title='bbox 2278 3096 2564 3161; x_wconf 87' lang='lat' dir='ltr'><strong>commati,</strong></span> <span class='ocrx_word' id='word_1_420' title='bbox 2609 3096 2701 3151; x_wconf 74' lang='lat' dir='ltr'><strong>sed</strong></span> <span class='ocrx_word' id='word_1_421' title='bbox 2731 3111 2760 3150; x_wconf 84' lang='lat' dir='ltr'><strong>e</strong></span> <span class='ocrx_word' id='word_1_422' title='bbox 2789 3102 2976 3148; x_wconf 84' lang='lat' dir='ltr'><strong>contra</strong></span> <span class='ocrx_word' id='word_1_423' title='bbox 3005 3106 3120 3145; x_wconf 85' lang='lat' dir='ltr'><strong>cum</strong></span> <span class='ocrx_word' id='word_1_424' title='bbox 3170 3088 3445 3148; x_wconf 75' lang='lat' dir='ltr'><strong>vidissent,</strong></span> <span class='ocrx_word' id='word_1_425' title='bbox 3481 3084 3610 3153; x_wconf 80' lang='lat' dir='ltr'><strong>jun-</strong></span> <span class='ocrx_word' id='word_1_426' title='bbox 3656 3154 3671 3165; x_wconf 25' lang='grc' dir='ltr'><em>κ</em></span> 
     </span>
    </p>
   </div>
   <div class='ocr_carea' id='block_1_61' title="bbox 325 3202 1914 3280">
    <p class='ocr_par' dir='ltr' id='par_1_61' title="bbox 325 3202 1914 3280">
     <span class='ocr_line' id='line_1_61' title="bbox 325 3202 1914 3280; baseline 0.009 -25"><span class='ocrx_word' id='word_1_427' title='bbox 325 3202 534 3267; x_wconf 78' lang='grc' dir='ltr'>δεξιὰς</span> <span class='ocrx_word' id='word_1_428' title='bbox 570 3204 805 3259; x_wconf 72' lang='grc' dir='ltr'>ἔδωκαν</span> <span class='ocrx_word' id='word_1_429' title='bbox 831 3206 960 3276; x_wconf 75' lang='grc' dir='ltr'>ἐμοὶ</span> <span class='ocrx_word' id='word_1_430' title='bbox 988 3206 1086 3261; x_wconf 77' lang='grc' dir='ltr'>καὶ</span> <span class='ocrx_word' id='word_1_431' title='bbox 1118 3208 1412 3276; x_wconf 76' lang='grc' dir='ltr'>Βαρνάϐᾳ.</span> <span class='ocrx_word' id='word_1_432' title='bbox 1448 3212 1611 3280; x_wconf 82' lang='grc' dir='ltr'>Λέγει</span> <span class='ocrx_word' id='word_1_433' title='bbox 1640 3213 1697 3266; x_wconf 80' lang='grc' dir='ltr'>δὲ</span> <span class='ocrx_word' id='word_1_434' title='bbox 1722 3213 1793 3267; x_wconf 82' lang='grc' dir='ltr'>τὰ</span> <span class='ocrx_word' id='word_1_435' title='bbox 1823 3215 1914 3269; x_wconf 80' lang='grc' dir='ltr'>διὰ</span> 
     </span>
    </p>
   </div>
   <div class='ocr_carea' id='block_1_62' title="bbox 330 3295 1915 3372">
    <p class='ocr_par' dir='ltr' id='par_1_62' title="bbox 330 3295 1915 3372">
     <span class='ocr_line' id='line_1_62' title="bbox 330 3295 1915 3372; baseline 0.007 -24"><span class='ocrx_word' id='word_1_436' title='bbox 330 3295 524 3364; x_wconf 80' lang='grc' dir='ltr'>μέσου,</span> <span class='ocrx_word' id='word_1_437' title='bbox 563 3295 728 3348; x_wconf 80' lang='grc' dir='ltr'>πάλιν</span> <span class='ocrx_word' id='word_1_438' title='bbox 749 3297 987 3363; x_wconf 82' lang='grc' dir='ltr'>δεικνὺς,</span> <span class='ocrx_word' id='word_1_439' title='bbox 1018 3297 1097 3361; x_wconf 82' lang='grc' dir='ltr'>ὡς</span> <span class='ocrx_word' id='word_1_440' title='bbox 1125 3299 1186 3351; x_wconf 84' lang='grc' dir='ltr'>οὐ</span> <span class='ocrx_word' id='word_1_441' title='bbox 1221 3299 1373 3371; x_wconf 83' lang='grc' dir='ltr'>παρὰ</span> <span class='ocrx_word' id='word_1_442' title='bbox 1402 3301 1711 3372; x_wconf 78' lang='grc' dir='ltr'>ἀνθρώπων</span> <span class='ocrx_word' id='word_1_443' title='bbox 1742 3306 1826 3369; x_wconf 83' lang='grc' dir='ltr'><strong>είς</strong></span> <span class='ocrx_word' id='word_1_444' title='bbox 1854 3306 1915 3359; x_wconf 84' lang='grc' dir='ltr'>τὸ</span> 
     </span>
    </p>
   </div>
   <div class='ocr_carea' id='block_1_63' title="bbox 326 3385 1917 3467">
    <p class='ocr_par' dir='ltr' id='par_1_63' title="bbox 326 3385 1917 3467">
     <span class='ocr_line' id='line_1_63' title="bbox 326 3385 1917 3467; baseline 0.008 -30"><span class='ocrx_word' id='word_1_445' title='bbox 326 3385 629 3456; x_wconf 78' lang='grc' dir='ltr'>κηρύσσειν</span> <span class='ocrx_word' id='word_1_446' title='bbox 652 3389 763 3449; x_wconf 79' lang='grc' dir='ltr'>τοῖς</span> <span class='ocrx_word' id='word_1_447' title='bbox 795 3387 974 3442; x_wconf 79' lang='grc' dir='ltr'>ἔθνεσι</span> <span class='ocrx_word' id='word_1_448' title='bbox 1011 3390 1475 3462; x_wconf 76' lang='grc' dir='ltr'>κεχειροτόνηται,</span> <span class='ocrx_word' id='word_1_449' title='bbox 1507 3392 1644 3461; x_wconf 83' lang='grc' dir='ltr'>ὅπερ</span> <span class='ocrx_word' id='word_1_450' title='bbox 1660 3396 1709 3447; x_wconf 77' lang='grc' dir='ltr'>οἱ</span> <span class='ocrx_word' id='word_1_451' title='bbox 1731 3394 1917 3467; x_wconf 77' lang='grc' dir='ltr'>ἐχθροὶ</span> 
     </span>
    </p>
   </div>
   <div class='ocr_carea' id='block_1_64' title="bbox 256 3476 894 3549">
    <p class='ocr_par' dir='ltr' id='par_1_64' title="bbox 256 3476 894 3549">
     <span class='ocr_line' id='line_1_64' title="bbox 256 3476 894 3549; baseline 0.006 -19"><span class='ocrx_word' id='word_1_452' title='bbox 256 3488 265 3495; x_wconf 71' lang='lat'>&quot;</span> <span class='ocrx_word' id='word_1_453' title='bbox 324 3476 518 3546; x_wconf 74' lang='grc' dir='ltr'>ἔλεγον</span> <span class='ocrx_word' id='word_1_454' title='bbox 545 3477 673 3549; x_wconf 86' lang='grc' dir='ltr'>περὶ</span> <span class='ocrx_word' id='word_1_455' title='bbox 703 3479 894 3535; x_wconf 77' lang='grc' dir='ltr'>αὐτοῦ.</span> 
     </span>
    </p>
   </div>
   <div class='ocr_carea' id='block_1_65' title="bbox 406 3654 1921 3737">
    <p class='ocr_par' dir='ltr' id='par_1_65' title="bbox 406 3654 1921 3737">
     <span class='ocr_line' id='line_1_65' title="bbox 406 3654 1921 3737; baseline 0.01 -29"><span class='ocrx_word' id='word_1_456' title='bbox 406 3676 430 3708; x_wconf 72' lang='grc' dir='ltr'><strong>ε</strong></span> <span class='ocrx_word' id='word_1_457' title='bbox 472 3658 648 3712; x_wconf 84' lang='grc' dir='ltr'>Μόνον</span> <span class='ocrx_word' id='word_1_458' title='bbox 681 3661 790 3713; x_wconf 84' lang='grc' dir='ltr'><strong>τῶν</strong></span> <span class='ocrx_word' id='word_1_459' title='bbox 839 3661 1073 3732; x_wconf 85' lang='grc' dir='ltr'>πτωχῶν</span> <span class='ocrx_word' id='word_1_460' title='bbox 1122 3654 1217 3719; x_wconf 78' lang='grc' dir='ltr'>ἵνα</span> <span class='ocrx_word' id='word_1_461' title='bbox 1270 3665 1725 3737; x_wconf 81' lang='grc' dir='ltr'>μνημονεύωμεν,</span> <span class='ocrx_word' id='word_1_462' title='bbox 1761 3668 1789 3721; x_wconf 83' lang='grc' dir='ltr'>ὃ</span> <span class='ocrx_word' id='word_1_463' title='bbox 1827 3672 1921 3723; x_wconf 73' lang='grc' dir='ltr'>καὶ</span> 
     </span>
    </p>
   </div>
   <div class='ocr_carea' id='block_1_66' title="bbox 325 3749 1324 3825">
    <p class='ocr_par' dir='ltr' id='par_1_66' title="bbox 325 3749 1324 3825">
     <span class='ocr_line' id='line_1_66' title="bbox 325 3749 1324 3825; baseline 0.006 -24"><span class='ocrx_word' id='word_1_464' title='bbox 325 3749 644 3804; x_wconf 74' lang='grc' dir='ltr'>ἐσπούδασα</span> <span class='ocrx_word' id='word_1_465' title='bbox 676 3750 810 3805; x_wconf 82' lang='grc' dir='ltr'>αὐτὸ</span> <span class='ocrx_word' id='word_1_466' title='bbox 840 3752 999 3806; x_wconf 83' lang='grc' dir='ltr'>τοῦτο</span> <span class='ocrx_word' id='word_1_467' title='bbox 1029 3753 1274 3825; x_wconf 83' lang='grc' dir='ltr'>ποιῆσαι.</span> <span class='ocrx_word' id='word_1_468' title='bbox 1305 3774 1324 3807; x_wconf 70' lang='grc' dir='ltr'><strong>ι</strong></span> 
     </span>
    </p>
   </div>
   <div class='ocr_carea' id='block_1_67' title="bbox 404 3922 1923 3996">
    <p class='ocr_par' dir='ltr' id='par_1_67' title="bbox 404 3922 1923 3996">
     <span class='ocr_line' id='line_1_67' title="bbox 404 3922 1923 3996; baseline 0.005 -22"><span class='ocrx_word' id='word_1_469' title='bbox 404 3922 470 3974; x_wconf 82' lang='lat' dir='ltr'><strong>Al</strong></span> <span class='ocrx_word' id='word_1_470' title='bbox 507 3922 796 3991; x_wconf 80' lang='grc' dir='ltr'>συνθῆκαι,</span> <span class='ocrx_word' id='word_1_471' title='bbox 844 3924 1000 3995; x_wconf 74' lang='grc' dir='ltr'>φησὶ,</span> <span class='ocrx_word' id='word_1_472' title='bbox 1037 3925 1285 3980; x_wconf 77' lang='grc' dir='ltr'>τοιαῦται</span> <span class='ocrx_word' id='word_1_473' title='bbox 1318 3928 1598 3996; x_wconf 78' lang='grc' dir='ltr'>γεγόνασι,</span> <span class='ocrx_word' id='word_1_474' title='bbox 1637 3929 1780 3983; x_wconf 83' lang='grc' dir='ltr'>ὥστε</span> <span class='ocrx_word' id='word_1_475' title='bbox 1827 3930 1923 3985; x_wconf 86' lang='grc' dir='ltr'>καὶ</span> 
     </span>
    </p>
   </div>
   <div class='ocr_carea' id='block_1_68' title="bbox 327 4014 1925 4092">
    <p class='ocr_par' dir='ltr' id='par_1_68' title="bbox 327 4014 1925 4092">
     <span class='ocr_line' id='line_1_68' title="bbox 327 4014 1925 4092; baseline 0.008 -28"><span class='ocrx_word' id='word_1_476' title='bbox 327 4014 581 4077; x_wconf 83' lang='grc' dir='ltr'>ἐκείνους</span> <span class='ocrx_word' id='word_1_477' title='bbox 644 4017 745 4085; x_wconf 87' lang='grc' dir='ltr'>μὲν</span> <span class='ocrx_word' id='word_1_478' title='bbox 806 4018 921 4079; x_wconf 78' lang='grc' dir='ltr'>τοῖς</span> <span class='ocrx_word' id='word_1_479' title='bbox 971 4015 1286 4081; x_wconf 80' lang='grc' dir='ltr'>Ἰουδαίοις,</span> <span class='ocrx_word' id='word_1_480' title='bbox 1339 4020 1491 4090; x_wconf 80' lang='grc' dir='ltr'>ἡμᾶς</span> <span class='ocrx_word' id='word_1_481' title='bbox 1533 4020 1591 4073; x_wconf 82' lang='grc' dir='ltr'>δὲ</span> <span class='ocrx_word' id='word_1_482' title='bbox 1627 4021 1925 4092; x_wconf 87' lang='grc' dir='ltr'>κηρύσσειν</span> 
     </span>
    </p>
   </div>
   <div class='ocr_carea' id='block_1_69' title="bbox 322 4105 1924 4184">
    <p class='ocr_par' dir='ltr' id='par_1_69' title="bbox 322 4105 1924 4184">
     <span class='ocr_line' id='line_1_69' title="bbox 322 4105 1924 4184; baseline 0.008 -29"><span class='ocrx_word' id='word_1_483' title='bbox 322 4107 451 4169; x_wconf 67' lang='grc' dir='ltr'>τοῖς</span> <span class='ocrx_word' id='word_1_484' title='bbox 507 4105 707 4162; x_wconf 74' lang='grc' dir='ltr'>ἔθνεσι.</span> <span class='ocrx_word' id='word_1_485' title='bbox 763 4108 937 4181; x_wconf 84' lang='grc' dir='ltr'>Κοινὴ</span> <span class='ocrx_word' id='word_1_486' title='bbox 982 4109 1042 4164; x_wconf 85' lang='grc' dir='ltr'>δὲ</span> <span class='ocrx_word' id='word_1_487' title='bbox 1073 4111 1297 4181; x_wconf 87' lang='grc' dir='ltr'>γέγονεν</span> <span class='ocrx_word' id='word_1_488' title='bbox 1350 4112 1687 4182; x_wconf 80' lang='grc' dir='ltr'>ἀμφοτέροις</span> <span class='ocrx_word' id='word_1_489' title='bbox 1730 4115 1763 4184; x_wconf 87' lang='grc' dir='ltr'><strong>ἠ</strong></span> <span class='ocrx_word' id='word_1_490' title='bbox 1815 4115 1924 4168; x_wconf 83' lang='grc' dir='ltr'><strong>τῶν</strong></span> 
     </span>
    </p>
   </div>
   <div class='ocr_carea' id='block_1_70' title="bbox 330 4196 1927 4275">
    <p class='ocr_par' dir='ltr' id='par_1_70' title="bbox 330 4196 1927 4275">
     <span class='ocr_line' id='line_1_70' title="bbox 330 4196 1927 4275; baseline 0.007 -26"><span class='ocrx_word' id='word_1_491' title='bbox 330 4200 592 4269; x_wconf 81' lang='grc' dir='ltr'>πενήτων</span> <span class='ocrx_word' id='word_1_492' title='bbox 649 4201 896 4271; x_wconf 85' lang='grc' dir='ltr'>φροντίς.</span> <span class='ocrx_word' id='word_1_493' title='bbox 953 4196 1115 4258; x_wconf 77' lang='grc' dir='ltr'>Οὗτοι</span> <span class='ocrx_word' id='word_1_494' title='bbox 1142 4204 1200 4256; x_wconf 72' lang='grc' dir='ltr'>δὲ</span> <span class='ocrx_word' id='word_1_495' title='bbox 1229 4199 1371 4275; x_wconf 80' lang='grc' dir='ltr'>ἦσαν</span> <span class='ocrx_word' id='word_1_496' title='bbox 1397 4206 1448 4256; x_wconf 80' lang='grc' dir='ltr'><strong>οἱ</strong></span> <span class='ocrx_word' id='word_1_497' title='bbox 1490 4204 1725 4275; x_wconf 81' lang='grc' dir='ltr'>πένητες</span> <span class='ocrx_word' id='word_1_498' title='bbox 1745 4246 1760 4270; x_wconf 93' lang='grc'><strong>,</strong></span> <span class='ocrx_word' id='word_1_499' title='bbox 1782 4208 1831 4259; x_wconf 77' lang='grc' dir='ltr'><strong>οἱ</strong></span> <span class='ocrx_word' id='word_1_500' title='bbox 1865 4206 1927 4272; x_wconf 81' lang='grc' dir='ltr'>ἐξ</span> 
     </span>
    </p>
   </div>
   <div class='ocr_carea' id='block_1_71' title="bbox 346 4289 1926 4366">
    <p class='ocr_par' dir='ltr' id='par_1_71' title="bbox 346 4289 1926 4366">
     <span class='ocr_line' id='line_1_71' title="bbox 346 4289 1926 4366; baseline 0.006 -25"><span class='ocrx_word' id='word_1_501' title='bbox 346 4289 625 4345; x_wconf 72' lang='grc' dir='ltr'>Ἰουδαίων</span> <span class='ocrx_word' id='word_1_502' title='bbox 647 4292 1040 4357; x_wconf 82' lang='grc' dir='ltr'>πιστεύσαντες</span> <span class='ocrx_word' id='word_1_503' title='bbox 1056 4295 1136 4359; x_wconf 74' lang='grc' dir='ltr'>εἰς</span> <span class='ocrx_word' id='word_1_504' title='bbox 1169 4295 1427 4366; x_wconf 76' lang='grc' dir='ltr'>Χριστὸν,</span> <span class='ocrx_word' id='word_1_505' title='bbox 1453 4294 1504 4349; x_wconf 75' lang='grc' dir='ltr'>οἳ</span> <span class='ocrx_word' id='word_1_506' title='bbox 1532 4295 1755 4350; x_wconf 72' lang='grc' dir='ltr'>καὶτῶν</span> <span class='ocrx_word' id='word_1_507' title='bbox 1780 4297 1926 4353; x_wconf 82' lang='grc' dir='ltr'>ἰδίων</span> 
     </span>
    </p>
   </div>
   <div class='ocr_carea' id='block_1_72' title="bbox 331 4381 1930 4458">
    <p class='ocr_par' dir='ltr' id='par_1_72' title="bbox 331 4381 1930 4458">
     <span class='ocr_line' id='line_1_72' title="bbox 331 4381 1930 4458; baseline 0.006 -24"><span class='ocrx_word' id='word_1_508' title='bbox 331 4381 507 4435; x_wconf 65' lang='grc' dir='ltr'>οἴκων</span> <span class='ocrx_word' id='word_1_509' title='bbox 552 4383 660 4437; x_wconf 80' lang='grc' dir='ltr'><strong>ὑπὸ</strong></span> <span class='ocrx_word' id='word_1_510' title='bbox 714 4384 826 4439; x_wconf 80' lang='grc' dir='ltr'><strong>τῶν</strong></span> <span class='ocrx_word' id='word_1_511' title='bbox 868 4385 1143 4440; x_wconf 79' lang='grc' dir='ltr'>Ἰουδαίων</span> <span class='ocrx_word' id='word_1_512' title='bbox 1188 4386 1682 4458; x_wconf 79' lang='grc' dir='ltr'>ἀπεστερήθησανο</span> <span class='ocrx_word' id='word_1_513' title='bbox 1714 4390 1810 4443; x_wconf 77' lang='grc' dir='ltr'>καὶ</span> <span class='ocrx_word' id='word_1_514' title='bbox 1837 4384 1930 4443; x_wconf 77' lang='grc' dir='ltr'>οὗ·</span> 
     </span>
    </p>
   </div>
   <div class='ocr_carea' id='block_1_73' title="bbox 2021 3176 3615 3259">
    <p class='ocr_par' dir='ltr' id='par_1_73' title="bbox 2021 3176 3615 3259">
     <span class='ocr_line' id='line_1_73' title="bbox 2021 3176 3615 3259; baseline -0.009 -14"><span class='ocrx_word' id='word_1_515' title='bbox 2021 3188 2257 3259; x_wconf 73' lang='lat' dir='ltr'><strong>gendum</strong></span> <span class='ocrx_word' id='word_1_516' title='bbox 2291 3188 2437 3245; x_wconf 83' lang='lat' dir='ltr'><strong>istud</strong></span> <span class='ocrx_word' id='word_1_517' title='bbox 2466 3196 2571 3256; x_wconf 86' lang='lat' dir='ltr'><strong>est,</strong></span> <span class='ocrx_word' id='word_1_518' title='bbox 2607 3187 2827 3242; x_wconf 65' lang='lat' dir='ltr'><strong>dextras</strong></span> <span class='ocrx_word' id='word_1_519' title='bbox 2853 3185 3111 3240; x_wconf 82' lang='lat' dir='ltr'><strong>dederunt</strong></span> <span class='ocrx_word' id='word_1_520' title='bbox 3132 3181 3261 3235; x_wconf 74' lang='lat' dir='ltr'><strong>mihi</strong></span> <span class='ocrx_word' id='word_1_521' title='bbox 3280 3188 3330 3235; x_wconf 84' lang='lat' dir='ltr'><strong>et</strong></span> <span class='ocrx_word' id='word_1_522' title='bbox 3349 3176 3615 3232; x_wconf 71' lang='lat' dir='ltr'><strong>Barnabw</strong></span> 
     </span>
    </p>
   </div>
   <div class='ocr_carea' id='block_1_74' title="bbox 2012 3268 3614 3349">
    <p class='ocr_par' dir='ltr' id='par_1_74' title="bbox 2012 3268 3614 3349">
     <span class='ocr_line' id='line_1_74' title="bbox 2012 3268 3614 3349; baseline -0.01 -15"><span class='ocrx_word' id='word_1_523' title='bbox 2012 3280 2313 3349; x_wconf 59' lang='lat' dir='ltr'><strong>societatis.</strong></span> <span class='ocrx_word' id='word_1_524' title='bbox 2365 3279 2498 3345; x_wconf 84' lang='lat' dir='ltr'><strong>Quae</strong></span> <span class='ocrx_word' id='word_1_525' title='bbox 2557 3292 2689 3333; x_wconf 84' lang='lat' dir='ltr'><strong>vero</strong></span> <span class='ocrx_word' id='word_1_526' title='bbox 2737 3275 3030 3346; x_wconf 73' lang='lat' dir='ltr'><strong>interiecta</strong></span> <span class='ocrx_word' id='word_1_527' title='bbox 3086 3282 3251 3335; x_wconf 88' lang='lat' dir='ltr'><strong>sunt,</strong></span> <span class='ocrx_word' id='word_1_528' title='bbox 3311 3268 3614 3325; x_wconf 84' lang='lat' dir='ltr'><strong>ostendunt</strong></span> 
     </span>
    </p>
   </div>
   <div class='ocr_carea' id='block_1_75' title="bbox 2023 3358 3613 3432">
    <p class='ocr_par' dir='ltr' id='par_1_75' title="bbox 2023 3358 3613 3432">
     <span class='ocr_line' id='line_1_75' title="bbox 2023 3358 3613 3432; baseline -0.009 -3"><span class='ocrx_word' id='word_1_529' title='bbox 2023 3388 2150 3429; x_wconf 89' lang='lat' dir='ltr'><strong>eum</strong></span> <span class='ocrx_word' id='word_1_530' title='bbox 2180 3388 2291 3428; x_wconf 91' lang='lat' dir='ltr'><strong>non</strong></span> <span class='ocrx_word' id='word_1_531' title='bbox 2320 3372 2390 3427; x_wconf 87' lang='lat' dir='ltr'><strong>ab</strong></span> <span class='ocrx_word' id='word_1_532' title='bbox 2428 3371 2747 3425; x_wconf 84' lang='lat' dir='ltr'><strong>hominibus</strong></span> <span class='ocrx_word' id='word_1_533' title='bbox 2795 3368 3108 3423; x_wconf 83' lang='lat' dir='ltr'><strong>ordinatum</strong></span> <span class='ocrx_word' id='word_1_534' title='bbox 3151 3379 3274 3421; x_wconf 88' lang='lat' dir='ltr'><strong>esse</strong></span> <span class='ocrx_word' id='word_1_535' title='bbox 3309 3370 3370 3417; x_wconf 92' lang='lat' dir='ltr'><strong>ut</strong></span> <span class='ocrx_word' id='word_1_536' title='bbox 3416 3358 3613 3432; x_wconf 80' lang='lat' dir='ltr'><strong>praedi~</strong></span> 
     </span>
    </p>
   </div>
   <div class='ocr_carea' id='block_1_76' title="bbox 2025 3454 3616 3537">
    <p class='ocr_par' dir='ltr' id='par_1_76' title="bbox 2025 3454 3616 3537">
     <span class='ocr_line' id='line_1_76' title="bbox 2025 3454 3616 3537; baseline -0.01 -17"><span class='ocrx_word' id='word_1_537' title='bbox 2025 3476 2178 3520; x_wconf 87' lang='lat' dir='ltr'><strong>caret</strong></span> <span class='ocrx_word' id='word_1_538' title='bbox 2209 3464 2469 3537; x_wconf 79' lang='lat' dir='ltr'><strong>gentibus</strong></span> <span class='ocrx_word' id='word_1_539' title='bbox 2503 3480 2517 3517; x_wconf 90' lang='lat'><strong>:</strong></span> <span class='ocrx_word' id='word_1_540' title='bbox 2560 3462 2616 3517; x_wconf 91' lang='lat' dir='ltr'><strong>id</strong></span> <span class='ocrx_word' id='word_1_541' title='bbox 2648 3461 2795 3532; x_wconf 88' lang='lat' dir='ltr'><strong>quod</strong></span> <span class='ocrx_word' id='word_1_542' title='bbox 2829 3460 2897 3516; x_wconf 90' lang='lat' dir='ltr'><strong>de</strong></span> <span class='ocrx_word' id='word_1_543' title='bbox 2940 3459 3060 3530; x_wconf 91' lang='lat' dir='ltr'><strong>ipso</strong></span> <span class='ocrx_word' id='word_1_544' title='bbox 3098 3454 3401 3513; x_wconf 80' lang='lat' dir='ltr'><strong>adversarii</strong></span> <span class='ocrx_word' id='word_1_545' title='bbox 3455 3466 3616 3523; x_wconf 76' lang='lat' dir='ltr'><strong>spor--</strong></span> 
     </span>
    </p>
   </div>
   <div class='ocr_carea' id='block_1_77' title="bbox 2028 3551 3397 3628">
    <p class='ocr_par' dir='ltr' id='par_1_77' title="bbox 2028 3551 3397 3628">
     <span class='ocr_line' id='line_1_77' title="bbox 2028 3551 3397 3628; baseline -0.006 -16"><span class='ocrx_word' id='word_1_546' title='bbox 2028 3551 2249 3628; x_wconf 73' lang='lat' dir='ltr'><strong>gebarit.</strong></span> <span class='ocrx_word' id='word_1_547' title='bbox 2481 3607 2495 3615; x_wconf 89' lang='lat'><em>__</em></span> <span class='ocrx_word' id='word_1_548' title='bbox 3380 3613 3397 3627; x_wconf 36' lang='grc' dir='ltr'><em>ί</em></span> 
     </span>
    </p>
   </div>
   <div class='ocr_carea' id='block_1_78' title="bbox 2104 3645 3616 3720">
    <p class='ocr_par' dir='ltr' id='par_1_78' title="bbox 2104 3645 3616 3720">
     <span class='ocr_line' id='line_1_78' title="bbox 2104 3645 3616 3720; baseline -0.012 -15"><span class='ocrx_word' id='word_1_549' title='bbox 2104 3649 2259 3720; x_wconf 77' lang='lat'><strong>161</strong></span> <span class='ocrx_word' id='word_1_550' title='bbox 2294 3647 2460 3702; x_wconf 74' lang='lat' dir='ltr'><strong>Vens.</strong></span> <span class='ocrx_word' id='word_1_551' title='bbox 2508 3647 2597 3702; x_wconf 78' lang='grc'><strong>10.</strong></span> <span class='ocrx_word' id='word_1_552' title='bbox 2636 3666 2654 3699; x_wconf 86' lang='grc'><strong>‹</strong></span> <span class='ocrx_word' id='word_1_553' title='bbox 2685 3645 2924 3701; x_wconf 83' lang='lat' dir='ltr'><strong>Tantum</strong></span> <span class='ocrx_word' id='word_1_554' title='bbox 2970 3650 3031 3699; x_wconf 92' lang='lat' dir='ltr'><strong>ut</strong></span> <span class='ocrx_word' id='word_1_555' title='bbox 3069 3654 3373 3713; x_wconf 85' lang='lat' dir='ltr'><strong>pauperum</strong></span> <span class='ocrx_word' id='word_1_556' title='bbox 3407 3651 3616 3692; x_wconf 83' lang='lat' dir='ltr'><strong>memo-</strong></span> 
     </span>
    </p>
   </div>
   <div class='ocr_carea' id='block_1_79' title="bbox 2032 3730 3618 3810">
    <p class='ocr_par' dir='ltr' id='par_1_79' title="bbox 2032 3730 3618 3810">
     <span class='ocr_line' id='line_1_79' title="bbox 2032 3730 3618 3810; baseline -0.009 -13"><span class='ocrx_word' id='word_1_557' title='bbox 2032 3755 2120 3796; x_wconf 74' lang='grc' dir='ltr'><strong>τρε</strong></span> <span class='ocrx_word' id='word_1_558' title='bbox 2149 3755 2399 3796; x_wconf 86' lang='lat' dir='ltr'><strong>essemus</strong></span> <span class='ocrx_word' id='word_1_559' title='bbox 2433 3758 2447 3794; x_wconf 89' lang='lat'><strong>:</strong></span> <span class='ocrx_word' id='word_1_560' title='bbox 2487 3739 2633 3810; x_wconf 90' lang='lat' dir='ltr'><strong>quod</strong></span> <span class='ocrx_word' id='word_1_561' title='bbox 2667 3739 2832 3794; x_wconf 86' lang='lat' dir='ltr'><strong>etiam</strong></span> <span class='ocrx_word' id='word_1_562' title='bbox 2861 3735 3137 3793; x_wconf 89' lang='lat' dir='ltr'><strong>sollicitus</strong></span> <span class='ocrx_word' id='word_1_563' title='bbox 3167 3732 3243 3788; x_wconf 84' lang='lat' dir='ltr'><strong>l‘ui</strong></span> <span class='ocrx_word' id='word_1_564' title='bbox 3286 3732 3391 3787; x_wconf 85' lang='lat' dir='ltr'><strong>hoc</strong></span> <span class='ocrx_word' id='word_1_565' title='bbox 3433 3730 3618 3800; x_wconf 83' lang='lat' dir='ltr'><strong>ipsum</strong></span> 
     </span>
    </p>
   </div>
   <div class='ocr_carea' id='block_1_80' title="bbox 2035 3833 2287 3887">
    <p class='ocr_par' dir='ltr' id='par_1_80' title="bbox 2035 3833 2287 3887">
     <span class='ocr_line' id='line_1_80' title="bbox 2035 3833 2287 3887; baseline -0.008 -1"><span class='ocrx_word' id='word_1_566' title='bbox 2035 3833 2232 3887; x_wconf 80' lang='lat' dir='ltr'><strong>facere.</strong></span> <span class='ocrx_word' id='word_1_567' title='bbox 2268 3851 2287 3884; x_wconf 72' lang='grc' dir='ltr'><strong>ι</strong></span> 
     </span>
    </p>
   </div>
   <div class='ocr_carea' id='block_1_81' title="bbox 2108 3912 3620 3990">
    <p class='ocr_par' dir='ltr' id='par_1_81' title="bbox 2108 3912 3620 3990">
     <span class='ocr_line' id='line_1_81' title="bbox 2108 3912 3620 3990; baseline -0.007 -15"><span class='ocrx_word' id='word_1_568' title='bbox 2108 3921 2398 3977; x_wconf 83' lang='lat' dir='ltr'><strong>Pactioncs</strong></span> <span class='ocrx_word' id='word_1_569' title='bbox 2435 3918 2706 3990; x_wconf 88' lang='lat' dir='ltr'><strong>ejusmodi</strong></span> <span class='ocrx_word' id='word_1_570' title='bbox 2752 3925 3049 3975; x_wconf 68' lang='lat' dir='ltr'><strong>transacta:</strong></span> <span class='ocrx_word' id='word_1_571' title='bbox 3096 3922 3259 3979; x_wconf 87' lang='lat' dir='ltr'><strong>sunt,</strong></span> <span class='ocrx_word' id='word_1_572' title='bbox 3315 3912 3513 3984; x_wconf 88' lang='lat' dir='ltr'><strong>inquit,</strong></span> <span class='ocrx_word' id='word_1_573' title='bbox 3559 3919 3620 3965; x_wconf 89' lang='lat' dir='ltr'><strong>ut</strong></span> 
     </span>
    </p>
   </div>
   <div class='ocr_carea' id='block_1_82' title="bbox 2035 4005 3621 4084">
    <p class='ocr_par' dir='ltr' id='par_1_82' title="bbox 2035 4005 3621 4084">
     <span class='ocr_line' id='line_1_82' title="bbox 2035 4005 3621 4084; baseline -0.007 -17"><span class='ocrx_word' id='word_1_574' title='bbox 2035 4014 2110 4068; x_wconf 91' lang='lat' dir='ltr'><strong>illi</strong></span> <span class='ocrx_word' id='word_1_575' title='bbox 2162 4013 2382 4084; x_wconf 85' lang='lat' dir='ltr'><strong>quidem</strong></span> <span class='ocrx_word' id='word_1_576' title='bbox 2416 4010 2642 4076; x_wconf 56' lang='lat' dir='ltr'><strong>Iudaeis,</strong></span> <span class='ocrx_word' id='word_1_577' title='bbox 2675 4026 2780 4066; x_wconf 89' lang='lat' dir='ltr'><strong>nos</strong></span> <span class='ocrx_word' id='word_1_578' title='bbox 2828 4025 2960 4066; x_wconf 87' lang='lat' dir='ltr'><strong>vero</strong></span> <span class='ocrx_word' id='word_1_579' title='bbox 3001 4008 3261 4080; x_wconf 73' lang='lat' dir='ltr'><strong>gentibus</strong></span> <span class='ocrx_word' id='word_1_580' title='bbox 3288 4005 3621 4076; x_wconf 69' lang='lat' dir='ltr'><strong>praedicare-</strong></span> 
     </span>
    </p>
   </div>
   <div class='ocr_carea' id='block_1_83' title="bbox 2032 4094 3620 4172">
    <p class='ocr_par' dir='ltr' id='par_1_83' title="bbox 2032 4094 3620 4172">
     <span class='ocr_line' id='line_1_83' title="bbox 2032 4094 3620 4172; baseline -0.009 -11"><span class='ocrx_word' id='word_1_581' title='bbox 2032 4121 2174 4162; x_wconf 88' lang='lat' dir='ltr'><strong>mus.</strong></span> <span class='ocrx_word' id='word_1_582' title='bbox 2229 4105 2549 4162; x_wconf 87' lang='lat' dir='ltr'><strong>Communis</strong></span> <span class='ocrx_word' id='word_1_583' title='bbox 2597 4118 2729 4160; x_wconf 87' lang='lat' dir='ltr'><strong>vero</strong></span> <span class='ocrx_word' id='word_1_584' title='bbox 2779 4102 3033 4172; x_wconf 89' lang='lat' dir='ltr'><strong>utrisque</strong></span> <span class='ocrx_word' id='word_1_585' title='bbox 3066 4098 3181 4154; x_wconf 83' lang='lat' dir='ltr'><strong>fuit.</strong></span> <span class='ocrx_word' id='word_1_586' title='bbox 3213 4094 3532 4152; x_wconf 87' lang='lat' dir='ltr'><strong>sollicitudo</strong></span> <span class='ocrx_word' id='word_1_587' title='bbox 3566 4100 3620 4149; x_wconf 90' lang='lat' dir='ltr'><strong>et</strong></span> 
     </span>
    </p>
   </div>
   <div class='ocr_carea' id='block_1_84' title="bbox 2034 4189 3620 4269">
    <p class='ocr_par' dir='ltr' id='par_1_84' title="bbox 2034 4189 3620 4269">
     <span class='ocr_line' id='line_1_84' title="bbox 2034 4189 3620 4269; baseline -0.008 -17"><span class='ocrx_word' id='word_1_588' title='bbox 2034 4213 2167 4253; x_wconf 86' lang='lat' dir='ltr'><strong>cura</strong></span> <span class='ocrx_word' id='word_1_589' title='bbox 2199 4212 2526 4269; x_wconf 85' lang='lat' dir='ltr'><strong>pauperum.</strong></span> <span class='ocrx_word' id='word_1_590' title='bbox 2576 4196 2744 4267; x_wconf 87' lang='lat' dir='ltr'><strong>Atqui</strong></span> <span class='ocrx_word' id='word_1_591' title='bbox 2774 4196 2867 4252; x_wconf 89' lang='lat' dir='ltr'><strong>isti</strong></span> <span class='ocrx_word' id='word_1_592' title='bbox 2889 4208 3160 4266; x_wconf 87' lang='lat' dir='ltr'><strong>pauperes</strong></span> <span class='ocrx_word' id='word_1_593' title='bbox 3186 4189 3406 4260; x_wconf 72' lang='lat' dir='ltr'><strong>ipsimet</strong></span> <span class='ocrx_word' id='word_1_594' title='bbox 3438 4194 3620 4249; x_wconf 85' lang='lat' dir='ltr'><strong>erant,</strong></span> 
     </span>
    </p>
   </div>
   <div class='ocr_carea' id='block_1_85' title="bbox 2035 4272 3619 4360">
    <p class='ocr_par' dir='ltr' id='par_1_85' title="bbox 2035 4272 3619 4360">
     <span class='ocr_line' id='line_1_85' title="bbox 2035 4272 3619 4360; baseline -0.009 -16"><span class='ocrx_word' id='word_1_595' title='bbox 2035 4290 2130 4360; x_wconf 91' lang='lat' dir='ltr'><strong>qui</strong></span> <span class='ocrx_word' id='word_1_596' title='bbox 2170 4305 2239 4345; x_wconf 81' lang='lat' dir='ltr'><strong>ex</strong></span> <span class='ocrx_word' id='word_1_597' title='bbox 2270 4287 2479 4345; x_wconf 63' lang='lat' dir='ltr'><strong>ludatis</strong></span> <span class='ocrx_word' id='word_1_598' title='bbox 2516 4286 2870 4343; x_wconf 86' lang='lat' dir='ltr'><strong>crediderant</strong></span> <span class='ocrx_word' id='word_1_599' title='bbox 2925 4286 2982 4339; x_wconf 90' lang='lat' dir='ltr'><strong>in</strong></span> <span class='ocrx_word' id='word_1_600' title='bbox 3026 4281 3335 4352; x_wconf 71' lang='lat' dir='ltr'><strong>Christum,</strong></span> <span class='ocrx_word' id='word_1_601' title='bbox 3383 4272 3619 4349; x_wconf 87' lang='lat' dir='ltr'><strong>quorum</strong></span> 
     </span>
    </p>
   </div>
   <div class='ocr_carea' id='block_1_86' title="bbox 2035 4370 3618 4452">
    <p class='ocr_par' dir='ltr' id='par_1_86' title="bbox 2035 4370 3618 4452">
     <span class='ocr_line' id='line_1_86' title="bbox 2035 4370 3618 4452; baseline -0.011 -14"><span class='ocrx_word' id='word_1_602' title='bbox 2035 4382 2235 4439; x_wconf 89' lang='lat' dir='ltr'><strong>domus</strong></span> <span class='ocrx_word' id='word_1_603' title='bbox 2263 4380 2540 4452; x_wconf 70' lang='lat' dir='ltr'><strong>direptaea</strong></span> <span class='ocrx_word' id='word_1_604' title='bbox 2571 4377 2981 4436; x_wconf 86' lang='lat' dir='ltr'><strong>contribulihus</strong></span> <span class='ocrx_word' id='word_1_605' title='bbox 3016 4373 3237 4429; x_wconf 78' lang='lat' dir='ltr'><strong>fuerant</strong></span> <span class='ocrx_word' id='word_1_606' title='bbox 3276 4390 3292 4427; x_wconf 88' lang='lat'><strong>:</strong></span> <span class='ocrx_word' id='word_1_607' title='bbox 3335 4370 3430 4443; x_wconf 72' lang='lat' dir='ltr'><strong>isti</strong></span> <span class='ocrx_word' id='word_1_608' title='bbox 3470 4375 3618 4433; x_wconf 86' lang='lat' dir='ltr'><strong>sunt,</strong></span> 
     </span>
    </p>
   </div>
   <div class='ocr_carea' id='block_1_87' title="bbox 332 4458 1915 4561">
    <p class='ocr_par' dir='ltr' id='par_1_87' title="bbox 332 4469 1915 4561">
     <span class='ocr_line' id='line_1_87' title="bbox 332 4469 1915 4561; baseline 0.006 -35"><span class='ocrx_word' id='word_1_609' title='bbox 332 4474 421 4527; x_wconf 78' lang='grc' dir='ltr'><strong>τοί</strong></span> <span class='ocrx_word' id='word_1_610' title='bbox 445 4475 585 4528; x_wconf 69' lang='grc' dir='ltr'>εἰσιν</span> <span class='ocrx_word' id='word_1_611' title='bbox 610 4469 693 4539; x_wconf 74' lang='grc' dir='ltr'><strong>οἷς</strong></span> <span class='ocrx_word' id='word_1_612' title='bbox 730 4476 992 4549; x_wconf 75' lang='grc' dir='ltr'>ἔγραφεν,</span> <span class='ocrx_word' id='word_1_613' title='bbox 1026 4479 1137 4533; x_wconf 75' lang='grc' dir='ltr'>Καὶ</span> <span class='ocrx_word' id='word_1_614' title='bbox 1186 4478 1302 4545; x_wconf 80' lang='grc' dir='ltr'>τὴν</span> <span class='ocrx_word' id='word_1_615' title='bbox 1337 4478 1619 4547; x_wconf 71' lang='grc' dir='ltr'>ἁρπαγὴν</span> <span class='ocrx_word' id='word_1_616' title='bbox 1668 4480 1786 4561; x_wconf 39' lang='grc' dir='ltr'>ταῶν</span> <span class='ocrx_word' id='word_1_617' title='bbox 1815 4483 1915 4536; x_wconf 75' lang='grc' dir='ltr'><strong>ὐπ-</strong></span> 
     </span>
    </p>
   </div>
   <div class='ocr_carea' id='block_1_88' title="bbox 2029 4458 3622 4561">
    <p class='ocr_par' dir='ltr' id='par_1_88' title="bbox 2036 4458 3622 4546">
     <span class='ocr_line' id='line_1_88' title="bbox 2036 4458 3622 4546; baseline -0.013 -17"><span class='ocrx_word' id='word_1_618' title='bbox 2036 4476 2287 4546; x_wconf 86' lang='lat' dir='ltr'><strong>inquam,</strong></span> <span class='ocrx_word' id='word_1_619' title='bbox 2343 4472 2411 4528; x_wconf 84' lang='lat' dir='ltr'><strong>ad</strong></span> <span class='ocrx_word' id='word_1_620' title='bbox 2446 4486 2588 4543; x_wconf 86' lang='lat' dir='ltr'><strong>quos</strong></span> <span class='ocrx_word' id='word_1_621' title='bbox 2619 4468 2935 4527; x_wconf 82' lang='lat' dir='ltr'><strong>scribebat:</strong></span> <span class='ocrx_word' id='word_1_622' title='bbox 2970 4464 3039 4519; x_wconf 81' lang='lat' dir='ltr'><strong>Et</strong></span> <span class='ocrx_word' id='word_1_623' title='bbox 3068 4463 3313 4533; x_wconf 80' lang='lat' dir='ltr'><strong>rapinam</strong></span> <span class='ocrx_word' id='word_1_624' title='bbox 3367 4458 3622 4513; x_wconf 81' lang='lat' dir='ltr'><strong>bonorum</strong></span> 
     </span>
    </p>
   </div>
   <div class='ocr_carea' id='block_1_89' title="bbox 334 4565 1749 4641">
    <p class='ocr_par' dir='ltr' id='par_1_89' title="bbox 334 4565 1749 4641">
     <span class='ocr_line' id='line_1_89' title="bbox 334 4565 1749 4641; baseline 0.011 -25"><span class='ocrx_word' id='word_1_625' title='bbox 334 4565 655 4632; x_wconf 68' lang='grc' dir='ltr'>ηρχόντων</span> <span class='ocrx_word' id='word_1_626' title='bbox 677 4567 848 4637; x_wconf 75' lang='grc' dir='ltr'>ἡμῶν</span> <span class='ocrx_word' id='word_1_627' title='bbox 863 4571 1013 4639; x_wconf 79' lang='grc' dir='ltr'>μετὰ</span> <span class='ocrx_word' id='word_1_628' title='bbox 1037 4569 1228 4641; x_wconf 82' lang='grc' dir='ltr'>χαρᾶς</span> <span class='ocrx_word' id='word_1_629' title='bbox 1264 4572 1749 4639; x_wconf 76' lang='grc' dir='ltr'>προσεδέξασθε.</span> 
     </span>
    </p>
   </div>
   <div class='ocr_carea' id='block_1_90' title="bbox 420 4656 1933 4738">
    <p class='ocr_par' dir='ltr' id='par_1_90' title="bbox 420 4656 1933 4738">
     <span class='ocr_line' id='line_1_90' title="bbox 420 4656 1933 4738; baseline 0.009 -30"><span class='ocrx_word' id='word_1_630' title='bbox 420 4674 442 4708; x_wconf 72' lang='grc' dir='ltr'><strong>ι</strong></span> <span class='ocrx_word' id='word_1_631' title='bbox 482 4658 613 4712; x_wconf 85' lang='grc' dir='ltr'>Ὅτε</span> <span class='ocrx_word' id='word_1_632' title='bbox 647 4659 705 4714; x_wconf 75' lang='grc' dir='ltr'>δὲ</span> <span class='ocrx_word' id='word_1_633' title='bbox 733 4656 866 4731; x_wconf 79' lang='grc' dir='ltr'><strong>ἦλθε</strong></span> <span class='ocrx_word' id='word_1_634' title='bbox 893 4663 1091 4734; x_wconf 84' lang='grc' dir='ltr'>Κηφᾶς</span> <span class='ocrx_word' id='word_1_635' title='bbox 1113 4663 1193 4726; x_wconf 74' lang='grc' dir='ltr'>εἰς</span> <span class='ocrx_word' id='word_1_636' title='bbox 1221 4663 1575 4735; x_wconf 68' lang='grc' dir='ltr'>Ἀντιόχειαν,</span> <span class='ocrx_word' id='word_1_637' title='bbox 1595 4665 1736 4720; x_wconf 79' lang='grc' dir='ltr'>κατὰ</span> <span class='ocrx_word' id='word_1_638' title='bbox 1761 4668 1933 4738; x_wconf 83' lang='grc' dir='ltr'>πρόσ-</span> 
     </span>
    </p>
   </div>
   <div class='ocr_carea' id='block_1_91' title="bbox 340 4749 1036 4825">
    <p class='ocr_par' dir='ltr' id='par_1_91' title="bbox 340 4749 1036 4825">
     <span class='ocr_line' id='line_1_91' title="bbox 340 4749 1036 4825; baseline 0.006 -22"><span class='ocrx_word' id='word_1_639' title='bbox 340 4765 498 4803; x_wconf 82' lang='grc' dir='ltr'>ωπον</span> <span class='ocrx_word' id='word_1_640' title='bbox 514 4749 664 4822; x_wconf 83' lang='grc' dir='ltr'>αὐτῷ</span> <span class='ocrx_word' id='word_1_641' title='bbox 693 4751 979 4825; x_wconf 82' lang='grc' dir='ltr'>ἀντέστην.</span> <span class='ocrx_word' id='word_1_642' title='bbox 1015 4773 1036 4807; x_wconf 71' lang='grc' dir='ltr'><strong>ι</strong></span> 
     </span>
    </p>
   </div>
   <div class='ocr_carea' id='block_1_92' title="bbox 430 4843 1936 4924">
    <p class='ocr_par' dir='ltr' id='par_1_92' title="bbox 430 4843 1936 4924">
     <span class='ocr_line' id='line_1_92' title="bbox 430 4843 1936 4924; baseline 0.005 -29"><span class='ocrx_word' id='word_1_643' title='bbox 430 4843 520 4896; x_wconf 86' lang='grc' dir='ltr'><strong>Ἐν</strong></span> <span class='ocrx_word' id='word_1_644' title='bbox 558 4843 959 4917; x_wconf 81' lang='grc' dir='ltr'>Ἰεροσολύμοις</span> <span class='ocrx_word' id='word_1_645' title='bbox 1016 4847 1285 4920; x_wconf 84' lang='grc' dir='ltr'>ὑπάρχων</span> <span class='ocrx_word' id='word_1_646' title='bbox 1326 4850 1356 4903; x_wconf 82' lang='grc' dir='ltr'><strong>ὁ</strong></span> <span class='ocrx_word' id='word_1_647' title='bbox 1395 4851 1607 4924; x_wconf 84' lang='grc' dir='ltr'>Πέτρος</span> <span class='ocrx_word' id='word_1_648' title='bbox 1632 4889 1648 4910; x_wconf 86' lang='grc'><strong>.</strong></span> <span class='ocrx_word' id='word_1_649' title='bbox 1693 4865 1936 4918; x_wconf 84' lang='grc' dir='ltr'>συγκατ-</span> 
     </span>
    </p>
   </div>
   <div class='ocr_carea' id='block_1_93' title="bbox 344 4933 1934 5014">
    <p class='ocr_par' dir='ltr' id='par_1_93' title="bbox 344 4933 1934 5014">
     <span class='ocr_line' id='line_1_93' title="bbox 344 4933 1934 5014; baseline 0.007 -28"><span class='ocrx_word' id='word_1_650' title='bbox 344 4933 535 4988; x_wconf 75' lang='grc' dir='ltr'>έϐαινε</span> <span class='ocrx_word' id='word_1_651' title='bbox 563 4935 641 5007; x_wconf 81' lang='grc' dir='ltr'>τῷ</span> <span class='ocrx_word' id='word_1_652' title='bbox 677 4937 1027 5012; x_wconf 76' lang='grc' dir='ltr'>Ἰουδαϊσμῷ,</span> <span class='ocrx_word' id='word_1_653' title='bbox 1078 4942 1154 5013; x_wconf 82' lang='grc' dir='ltr'>μὴ</span> <span class='ocrx_word' id='word_1_654' title='bbox 1188 4941 1420 4997; x_wconf 83' lang='grc' dir='ltr'>κωλύων</span> <span class='ocrx_word' id='word_1_655' title='bbox 1470 4945 1572 5014; x_wconf 83' lang='grc' dir='ltr'>τὴν</span> <span class='ocrx_word' id='word_1_656' title='bbox 1626 4942 1934 5013; x_wconf 77' lang='grc' dir='ltr'>περιτομὴν</span> 
     </span>
    </p>
   </div>
   <div class='ocr_carea' id='block_1_94' title="bbox 340 5028 1928 5106">
    <p class='ocr_par' dir='ltr' id='par_1_94' title="bbox 340 5028 1928 5106">
     <span class='ocr_line' id='line_1_94' title="bbox 340 5028 1928 5106; baseline 0.004 -25"><span class='ocrx_word' id='word_1_657' title='bbox 340 5028 507 5095; x_wconf 86' lang='grc' dir='ltr'>τέως,</span> <span class='ocrx_word' id='word_1_658' title='bbox 543 5031 686 5102; x_wconf 82' lang='grc' dir='ltr'>μήτε</span> <span class='ocrx_word' id='word_1_659' title='bbox 710 5031 778 5085; x_wconf 82' lang='grc' dir='ltr'><strong>τὰ</strong></span> <span class='ocrx_word' id='word_1_660' title='bbox 828 5032 1106 5089; x_wconf 76' lang='grc' dir='ltr'>Σάϐϐατα.</span> <span class='ocrx_word' id='word_1_661' title='bbox 1154 5036 1454 5091; x_wconf 81' lang='grc' dir='ltr'>Κατελθὼν</span> <span class='ocrx_word' id='word_1_662' title='bbox 1483 5037 1540 5090; x_wconf 82' lang='grc' dir='ltr'>δὲ</span> <span class='ocrx_word' id='word_1_663' title='bbox 1571 5038 1651 5100; x_wconf 84' lang='grc' dir='ltr'><strong>είς</strong></span> <span class='ocrx_word' id='word_1_664' title='bbox 1676 5035 1776 5106; x_wconf 85' lang='grc' dir='ltr'><strong>τὴν</strong></span> <span class='ocrx_word' id='word_1_665' title='bbox 1812 5037 1928 5088; x_wconf 79' lang='grc' dir='ltr'><strong>Ἀνο</strong></span> 
     </span>
    </p>
   </div>
   <div class='ocr_carea' id='block_1_95' title="bbox 343 5120 1939 5197">
    <p class='ocr_par' dir='ltr' id='par_1_95' title="bbox 343 5120 1939 5197">
     <span class='ocr_line' id='line_1_95' title="bbox 343 5120 1939 5197; baseline 0.003 -24"><span class='ocrx_word' id='word_1_666' title='bbox 343 5120 608 5193; x_wconf 75' lang='grc' dir='ltr'>τιόχειαν,</span> <span class='ocrx_word' id='word_1_667' title='bbox 659 5123 974 5196; x_wconf 83' lang='grc' dir='ltr'>ἀδιαφόρως</span> <span class='ocrx_word' id='word_1_668' title='bbox 1023 5126 1282 5197; x_wconf 84' lang='grc' dir='ltr'>συνήσθιε</span> <span class='ocrx_word' id='word_1_669' title='bbox 1335 5130 1450 5192; x_wconf 78' lang='grc' dir='ltr'>τοῖς</span> <span class='ocrx_word' id='word_1_670' title='bbox 1487 5125 1847 5182; x_wconf 85' lang='grc' dir='ltr'>πιστεύσασιν</span> <span class='ocrx_word' id='word_1_671' title='bbox 1880 5124 1939 5191; x_wconf 81' lang='grc' dir='ltr'><strong>ἐξ</strong></span> 
     </span>
    </p>
   </div>
   <div class='ocr_carea' id='block_1_96' title="bbox 344 5213 1941 5287">
    <p class='ocr_par' dir='ltr' id='par_1_96' title="bbox 344 5213 1941 5287">
     <span class='ocr_line' id='line_1_96' title="bbox 344 5213 1941 5287; baseline 0.001 -21"><span class='ocrx_word' id='word_1_672' title='bbox 344 5213 521 5269; x_wconf 81' lang='grc' dir='ltr'>ὲῧνῶν</span> <span class='ocrx_word' id='word_1_673' title='bbox 552 5216 634 5279; x_wconf 74' lang='grc' dir='ltr'>εἰς</span> <span class='ocrx_word' id='word_1_674' title='bbox 653 5216 748 5270; x_wconf 81' lang='grc' dir='ltr'>τὸν</span> <span class='ocrx_word' id='word_1_675' title='bbox 775 5216 1004 5287; x_wconf 83' lang='grc' dir='ltr'>Κύριον.</span> <span class='ocrx_word' id='word_1_676' title='bbox 1049 5215 1183 5272; x_wconf 81' lang='grc' dir='ltr'>Εῐτα</span> <span class='ocrx_word' id='word_1_677' title='bbox 1215 5218 1588 5274; x_wconf 84' lang='grc' dir='ltr'>κατελθόντων</span> <span class='ocrx_word' id='word_1_678' title='bbox 1630 5217 1793 5272; x_wconf 86' lang='grc' dir='ltr'>τινῶν</span> <span class='ocrx_word' id='word_1_679' title='bbox 1832 5216 1941 5270; x_wconf 83' lang='grc' dir='ltr'><strong>ἀπὸ</strong></span> 
     </span>
    </p>
   </div>
   <div class='ocr_carea' id='block_1_97' title="bbox 358 5301 1941 5380">
    <p class='ocr_par' dir='ltr' id='par_1_97' title="bbox 358 5301 1941 5380">
     <span class='ocr_line' id='line_1_97' title="bbox 358 5301 1941 5380; baseline 0.001 -22"><span class='ocrx_word' id='word_1_680' title='bbox 358 5301 774 5375; x_wconf 76' lang='grc' dir='ltr'>Ἰεροσολύμων,</span> <span class='ocrx_word' id='word_1_681' title='bbox 846 5306 1090 5380; x_wconf 77' lang='grc' dir='ltr'>ἐφοϐήθη</span> <span class='ocrx_word' id='word_1_682' title='bbox 1151 5309 1506 5365; x_wconf 74' lang='grc' dir='ltr'>σκανδαλξσαι</span> <span class='ocrx_word' id='word_1_683' title='bbox 1558 5309 1791 5373; x_wconf 78' lang='grc' dir='ltr'>αὐτοὺς,</span> <span class='ocrx_word' id='word_1_684' title='bbox 1846 5307 1941 5361; x_wconf 75' lang='grc' dir='ltr'><strong>καὶ</strong></span> 
     </span>
    </p>
   </div>
   <div class='ocr_carea' id='block_1_98' title="bbox 348 5394 1939 5475">
    <p class='ocr_par' dir='ltr' id='par_1_98' title="bbox 348 5394 1939 5475">
     <span class='ocr_line' id='line_1_98' title="bbox 348 5394 1939 5475; baseline 0.001 -26"><span class='ocrx_word' id='word_1_685' title='bbox 348 5394 618 5469; x_wconf 77' lang='grc' dir='ltr'>ἐχώρισεν</span> <span class='ocrx_word' id='word_1_686' title='bbox 657 5398 852 5453; x_wconf 75' lang='grc' dir='ltr'>ἑαυτὸν</span> <span class='ocrx_word' id='word_1_687' title='bbox 909 5400 1005 5454; x_wconf 80' lang='grc' dir='ltr'><strong>ἀπ’</strong></span> <span class='ocrx_word' id='word_1_688' title='bbox 1053 5402 1313 5467; x_wconf 78' lang='grc' dir='ltr'>ἐκείνων,</span> <span class='ocrx_word' id='word_1_689' title='bbox 1377 5402 1495 5475; x_wconf 83' lang='grc' dir='ltr'>μεθ’</span> <span class='ocrx_word' id='word_1_690' title='bbox 1533 5397 1609 5457; x_wconf 84' lang='grc' dir='ltr'>ὧν</span> <span class='ocrx_word' id='word_1_691' title='bbox 1650 5400 1939 5472; x_wconf 82' lang='grc' dir='ltr'>συδιῃτᾶτο</span> 
     </span>
    </p>
   </div>
   <div class='ocr_carea' id='block_1_99' title="bbox 2036 4557 3523 4635">
    <p class='ocr_par' dir='ltr' id='par_1_99' title="bbox 2036 4557 3523 4635">
     <span class='ocr_line' id='line_1_99' title="bbox 2036 4557 3523 4635; baseline -0.009 -14"><span class='ocrx_word' id='word_1_692' title='bbox 2036 4575 2327 4621; x_wconf 67' lang='lat' dir='ltr'><strong>vestrorum</strong></span> <span class='ocrx_word' id='word_1_693' title='bbox 2360 4580 2481 4619; x_wconf 87' lang='lat' dir='ltr'><strong>cum</strong></span> <span class='ocrx_word' id='word_1_694' title='bbox 2514 4562 2729 4635; x_wconf 71' lang='grc' dir='ltr'>ραιιὰἱοι</span> <span class='ocrx_word' id='word_1_695' title='bbox 2743 4558 3046 4629; x_wconf 71' lang='lat' dir='ltr'><strong>suscepistis</strong></span> <span class='ocrx_word' id='word_1_696' title='bbox 3074 4557 3140 4611; x_wconf 78' lang='grc'><strong>⁸⁸.</strong></span> <span class='ocrx_word' id='word_1_697' title='bbox 3504 4584 3523 4599; x_wconf 48' lang='grc' dir='ltr'><strong>-λ</strong></span> 
     </span>
    </p>
   </div>
   <div class='ocr_carea' id='block_1_100' title="bbox 2111 4640 3622 4716">
    <p class='ocr_par' dir='ltr' id='par_1_100' title="bbox 2111 4640 3622 4716">
     <span class='ocr_line' id='line_1_100' title="bbox 2111 4640 3622 4716; baseline -0.007 -9"><span class='ocrx_word' id='word_1_698' title='bbox 2111 4656 2278 4712; x_wconf 73' lang='lat' dir='ltr'><strong>Vens.</strong></span> <span class='ocrx_word' id='word_1_699' title='bbox 2320 4656 2411 4710; x_wconf 83' lang='lat' dir='ltr'><strong>ll.</strong></span> <span class='ocrx_word' id='word_1_700' title='bbox 2460 4674 2479 4706; x_wconf 77' lang='grc' dir='ltr'><strong>ι</strong></span> <span class='ocrx_word' id='word_1_701' title='bbox 2514 4653 2650 4710; x_wconf 89' lang='lat' dir='ltr'><strong>Cum</strong></span> <span class='ocrx_word' id='word_1_702' title='bbox 2697 4660 2882 4708; x_wconf 83' lang='lat' dir='ltr'><strong>autem</strong></span> <span class='ocrx_word' id='word_1_703' title='bbox 2911 4649 3152 4706; x_wconf 81' lang='lat' dir='ltr'><strong>venisset</strong></span> <span class='ocrx_word' id='word_1_704' title='bbox 3181 4644 3397 4716; x_wconf 80' lang='lat' dir='ltr'><strong>Gephas</strong></span> <span class='ocrx_word' id='word_1_705' title='bbox 3426 4640 3622 4698; x_wconf 75' lang='lat' dir='ltr'><strong>Antio-</strong></span> 
     </span>
    </p>
   </div>
   <div class='ocr_carea' id='block_1_101' title="bbox 2032 4745 2930 4814">
    <p class='ocr_par' dir='ltr' id='par_1_101' title="bbox 2032 4745 2930 4814">
     <span class='ocr_line' id='line_1_101' title="bbox 2032 4745 2930 4814; baseline -0.012 -8"><span class='ocrx_word' id='word_1_706' title='bbox 2032 4750 2238 4814; x_wconf 86' lang='lat' dir='ltr'><strong>chiam,</strong></span> <span class='ocrx_word' id='word_1_707' title='bbox 2273 4748 2328 4802; x_wconf 90' lang='lat' dir='ltr'><strong>in</strong></span> <span class='ocrx_word' id='word_1_708' title='bbox 2361 4747 2558 4804; x_wconf 85' lang='lat' dir='ltr'><strong>faciem</strong></span> <span class='ocrx_word' id='word_1_709' title='bbox 2595 4746 2643 4802; x_wconf 89' lang='lat' dir='ltr'><strong>ei</strong></span> <span class='ocrx_word' id='word_1_710' title='bbox 2678 4745 2875 4801; x_wconf 86' lang='lat' dir='ltr'><strong>restiti.</strong></span> <span class='ocrx_word' id='word_1_711' title='bbox 2912 4762 2930 4795; x_wconf 72' lang='grc' dir='ltr'><strong>ι</strong></span> 
     </span>
    </p>
   </div>
   <div class='ocr_carea' id='block_1_102' title="bbox 2047 4828 3622 4906">
    <p class='ocr_par' dir='ltr' id='par_1_102' title="bbox 2047 4828 3622 4906">
     <span class='ocr_line' id='line_1_102' title="bbox 2047 4828 3622 4906; baseline -0.01 -12"><span class='ocrx_word' id='word_1_712' title='bbox 2047 4835 2051 4841; x_wconf 75' lang='grc'>’</span> <span class='ocrx_word' id='word_1_713' title='bbox 2107 4838 2340 4906; x_wconf 84' lang='lat' dir='ltr'><strong>Quando</strong></span> <span class='ocrx_word' id='word_1_714' title='bbox 2396 4837 2590 4892; x_wconf 86' lang='lat' dir='ltr'><strong>Petrus</strong></span> <span class='ocrx_word' id='word_1_715' title='bbox 2652 4834 3066 4905; x_wconf 74' lang='lat' dir='ltr'><strong>Hierosolymis</strong></span> <span class='ocrx_word' id='word_1_716' title='bbox 3142 4828 3622 4889; x_wconf 81' lang='lat' dir='ltr'><strong>commorabatur,</strong></span> 
     </span>
    </p>
   </div>
   <div class='ocr_carea' id='block_1_103' title="bbox 2035 4922 3624 4999">
    <p class='ocr_par' dir='ltr' id='par_1_103' title="bbox 2035 4922 3624 4999">
     <span class='ocr_line' id='line_1_103' title="bbox 2035 4922 3624 4999; baseline -0.011 -11"><span class='ocrx_word' id='word_1_717' title='bbox 2035 4932 2323 4988; x_wconf 84' lang='lat' dir='ltr'><strong>Judaismo</strong></span> <span class='ocrx_word' id='word_1_718' title='bbox 2361 4931 2469 4987; x_wconf 89' lang='lat' dir='ltr'><strong>hoc</strong></span> <span class='ocrx_word' id='word_1_719' title='bbox 2502 4927 2839 4999; x_wconf 76' lang='lat' dir='ltr'><strong>indulgebat,</strong></span> <span class='ocrx_word' id='word_1_720' title='bbox 2878 4932 2937 4980; x_wconf 91' lang='lat' dir='ltr'><strong>ut</strong></span> <span class='ocrx_word' id='word_1_721' title='bbox 2976 4922 3457 4981; x_wconf 85' lang='lat' dir='ltr'><strong>circumcisionem</strong></span> <span class='ocrx_word' id='word_1_722' title='bbox 3515 4933 3624 4973; x_wconf 90' lang='lat' dir='ltr'><strong>non</strong></span> 
     </span>
    </p>
   </div>
   <div class='ocr_carea' id='block_1_104' title="bbox 2036 5014 3628 5096">
    <p class='ocr_par' dir='ltr' id='par_1_104' title="bbox 2036 5014 3628 5096">
     <span class='ocr_line' id='line_1_104' title="bbox 2036 5014 3628 5096; baseline -0.01 -14"><span class='ocrx_word' id='word_1_723' title='bbox 2036 5028 2265 5082; x_wconf 90' lang='lat' dir='ltr'><strong>omnino</strong></span> <span class='ocrx_word' id='word_1_724' title='bbox 2327 5024 2681 5096; x_wconf 87' lang='lat' dir='ltr'><strong>prohiberet,</strong></span> <span class='ocrx_word' id='word_1_725' title='bbox 2751 5036 2931 5090; x_wconf 87' lang='lat' dir='ltr'><strong>neque</strong></span> <span class='ocrx_word' id='word_1_726' title='bbox 2986 5020 3251 5075; x_wconf 84' lang='lat' dir='ltr'><strong>Sahhata.</strong></span> <span class='ocrx_word' id='word_1_727' title='bbox 3306 5014 3463 5089; x_wconf 46' lang='lat' dir='ltr'><strong>Cum.</strong></span> <span class='ocrx_word' id='word_1_728' title='bbox 3495 5028 3628 5068; x_wconf 83' lang='lat' dir='ltr'><strong>vero</strong></span> 
     </span>
    </p>
   </div>
   <div class='ocr_carea' id='block_1_105' title="bbox 2037 5105 3629 5181">
    <p class='ocr_par' dir='ltr' id='par_1_105' title="bbox 2037 5105 3629 5181">
     <span class='ocr_line' id='line_1_105' title="bbox 2037 5105 3629 5181; baseline -0.009 -9"><span class='ocrx_word' id='word_1_729' title='bbox 2037 5117 2386 5175; x_wconf 82' lang='lat' dir='ltr'><strong>Antiochiam</strong></span> <span class='ocrx_word' id='word_1_730' title='bbox 2439 5115 2709 5181; x_wconf 83' lang='lat' dir='ltr'><strong>venisset,</strong></span> <span class='ocrx_word' id='word_1_731' title='bbox 2749 5112 3241 5170; x_wconf 82' lang='lat' dir='ltr'><strong>indiscriminatim</strong></span> <span class='ocrx_word' id='word_1_732' title='bbox 3297 5105 3629 5164; x_wconf 80' lang='lat' dir='ltr'><strong>convivaba-</strong></span> 
     </span>
    </p>
   </div>
   <div class='ocr_carea' id='block_1_106' title="bbox 2040 5192 3630 5280">
    <p class='ocr_par' dir='ltr' id='par_1_106' title="bbox 2040 5192 3630 5280">
     <span class='ocr_line' id='line_1_106' title="bbox 2040 5192 3630 5280; baseline -0.012 -14"><span class='ocrx_word' id='word_1_733' title='bbox 2040 5221 2130 5269; x_wconf 89' lang='lat' dir='ltr'><strong>tur</strong></span> <span class='ocrx_word' id='word_1_734' title='bbox 2153 5228 2279 5269; x_wconf 90' lang='lat' dir='ltr'><strong>eum</strong></span> <span class='ocrx_word' id='word_1_735' title='bbox 2310 5212 2378 5267; x_wconf 91' lang='lat' dir='ltr'><strong>iis</strong></span> <span class='ocrx_word' id='word_1_736' title='bbox 2409 5210 2504 5277; x_wconf 89' lang='lat' dir='ltr'><strong>qui</strong></span> <span class='ocrx_word' id='word_1_737' title='bbox 2545 5224 2609 5264; x_wconf 77' lang='lat' dir='ltr'><strong>ex</strong></span> <span class='ocrx_word' id='word_1_738' title='bbox 2649 5207 2911 5280; x_wconf 81' lang='lat' dir='ltr'><strong>gentibus</strong></span> <span class='ocrx_word' id='word_1_739' title='bbox 2936 5202 3307 5260; x_wconf 62' lang='lat' dir='ltr'><strong>credidissent</strong></span> <span class='ocrx_word' id='word_1_740' title='bbox 3347 5199 3403 5254; x_wconf 92' lang='lat' dir='ltr'><strong>in</strong></span> <span class='ocrx_word' id='word_1_741' title='bbox 3447 5192 3630 5267; x_wconf 86' lang='lat' dir='ltr'><strong>Domi-</strong></span> 
     </span>
    </p>
   </div>
   <div class='ocr_carea' id='block_1_107' title="bbox 2043 5286 3627 5368">
    <p class='ocr_par' dir='ltr' id='par_1_107' title="bbox 2043 5286 3627 5368">
     <span class='ocr_line' id='line_1_107' title="bbox 2043 5286 3627 5368; baseline -0.014 -7"><span class='ocrx_word' id='word_1_742' title='bbox 2043 5323 2196 5363; x_wconf 87' lang='lat' dir='ltr'><strong>num.</strong></span> <span class='ocrx_word' id='word_1_743' title='bbox 2275 5290 2483 5359; x_wconf 80' lang='lat' dir='ltr'><strong>Deinde</strong></span> <span class='ocrx_word' id='word_1_744' title='bbox 2540 5316 2665 5357; x_wconf 81' lang='lat' dir='ltr'><strong>cum</strong></span> <span class='ocrx_word' id='word_1_745' title='bbox 2736 5299 2871 5353; x_wconf 89' lang='lat' dir='ltr'><strong>illuc</strong></span> <span class='ocrx_word' id='word_1_746' title='bbox 2940 5295 3163 5368; x_wconf 88' lang='lat' dir='ltr'><strong>quidam</strong></span> <span class='ocrx_word' id='word_1_747' title='bbox 3230 5286 3627 5361; x_wconf 77' lang='lat' dir='ltr'><strong>Hierosolymis</strong></span> 
     </span>
    </p>
   </div>
   <div class='ocr_carea' id='block_1_108' title="bbox 2048 5374 3628 5460">
    <p class='ocr_par' dir='ltr' id='par_1_108' title="bbox 2048 5374 3628 5460">
     <span class='ocr_line' id='line_1_108' title="bbox 2048 5374 3628 5460; baseline -0.015 -7"><span class='ocrx_word' id='word_1_748' title='bbox 2048 5393 2487 5460; x_wconf 88' lang='lat' dir='ltr'><strong>descendisscnt,</strong></span> <span class='ocrx_word' id='word_1_749' title='bbox 2520 5391 2727 5449; x_wconf 87' lang='lat' dir='ltr'><strong>veritus</strong></span> <span class='ocrx_word' id='word_1_750' title='bbox 2781 5403 2848 5445; x_wconf 91' lang='lat' dir='ltr'><strong>ne</strong></span> <span class='ocrx_word' id='word_1_751' title='bbox 2898 5386 3335 5450; x_wconf 73' lang='lat' dir='ltr'><strong>oll&#39;endetteutur,</strong></span> <span class='ocrx_word' id='word_1_752' title='bbox 3385 5374 3628 5454; x_wconf 67' lang='lat' dir='ltr'><strong>seiunxit</strong></span> 
     </span>
    </p>
   </div>
   <div class='ocr_carea' id='block_1_109' title="bbox 419 5548 1915 5620">
    <p class='ocr_par' dir='ltr' id='par_1_109' title="bbox 419 5548 1915 5620">
     <span class='ocr_line' id='line_1_109' title="bbox 419 5548 1915 5620; baseline 0.001 -15"><span class='ocrx_word' id='word_1_753' title='bbox 419 5548 467 5578; x_wconf 73' lang='lat'><strong><em>”</em></strong></span> <span class='ocrx_word' id='word_1_754' title='bbox 502 5548 544 5605; x_wconf 85' lang='lat' dir='ltr'><strong>ll</strong></span> <span class='ocrx_word' id='word_1_755' title='bbox 572 5550 700 5608; x_wconf 37' lang='lat' dir='ltr'><strong>Cor,</strong></span> <span class='ocrx_word' id='word_1_756' title='bbox 740 5568 794 5619; x_wconf 88' lang='lat' dir='ltr'><strong>v,</strong></span> <span class='ocrx_word' id='word_1_757' title='bbox 831 5554 915 5610; x_wconf 80' lang='grc'><strong>17.</strong></span> <span class='ocrx_word' id='word_1_758' title='bbox 989 5556 1033 5587; x_wconf 64' lang='grc'><strong>³⁸</strong></span> <span class='ocrx_word' id='word_1_759' title='bbox 1058 5555 1196 5611; x_wconf 83' lang='lat' dir='ltr'><strong>ibid.</strong></span> <span class='ocrx_word' id='word_1_760' title='bbox 1281 5557 1328 5589; x_wconf 78' lang='grc'><strong>³⁷</strong></span> <span class='ocrx_word' id='word_1_761' title='bbox 1360 5556 1536 5611; x_wconf 74' lang='lat' dir='ltr'><strong>Calai.</strong></span> <span class='ocrx_word' id='word_1_762' title='bbox 1571 5573 1621 5620; x_wconf 71' lang='grc' dir='ltr'>ι’,</span> <span class='ocrx_word' id='word_1_763' title='bbox 1657 5555 1708 5607; x_wconf 82' lang='grc'>1.</span> <span class='ocrx_word' id='word_1_764' title='bbox 1789 5554 1836 5586; x_wconf 71' lang='grc'><strong>’⁸</strong></span> <span class='ocrx_word' id='word_1_765' title='bbox 1866 5552 1915 5607; x_wconf 82' lang='grc' dir='ltr'><strong>ΙΙ‹</strong></span> 
     </span>
    </p>
   </div>
   <div class='ocr_carea' id='block_1_110' title="bbox 2029 5548 2257 5620">
    <p class='ocr_par' dir='ltr' id='par_1_110' title="bbox 2029 5550 2257 5615">
     <span class='ocr_line' id='line_1_110' title="bbox 2029 5550 2257 5615; baseline 0.004 -11"><span class='ocrx_word' id='word_1_766' title='bbox 2029 5595 2031 5604; x_wconf 84' lang='grc'><strong>.</strong></span> <span class='ocrx_word' id='word_1_767' title='bbox 2072 5567 2129 5615; x_wconf 83' lang='lat' dir='ltr'><strong>x,</strong></span> <span class='ocrx_word' id='word_1_768' title='bbox 2165 5550 2257 5605; x_wconf 61' lang='grc'><strong>54.</strong></span> 
     </span>
    </p>
   </div>
   <div class='ocr_carea' id='block_1_111' title="bbox 1607 5663 2322 5722">
    <p class='ocr_par' dir='ltr' id='par_1_111' title="bbox 1607 5663 2322 5722">
     <span class='ocr_line' id='line_1_111' title="bbox 1607 5663 2322 5722; baseline -0.008 0"><span class='ocrx_word' id='word_1_769' title='bbox 1607 5701 1611 5706; x_wconf 61' lang='grc' dir='ltr'><strong>ς</strong></span> <span class='ocrx_word' id='word_1_770' title='bbox 1646 5665 1880 5722; x_wconf 74' lang='lat' dir='ltr'><strong>VARle</strong></span> <span class='ocrx_word' id='word_1_771' title='bbox 1915 5663 2322 5721; x_wconf 65' lang='lat' dir='ltr'><strong>LECTIONES.</strong></span> 
     </span>
    </p>
   </div>
   <div class='ocr_carea' id='block_1_112' title="bbox 430 5755 847 5818">
    <p class='ocr_par' dir='ltr' id='par_1_112' title="bbox 430 5755 847 5818">
     <span class='ocr_line' id='line_1_112' title="bbox 430 5755 847 5818; baseline 0.022 -9"><span class='ocrx_word' id='word_1_772' title='bbox 430 5766 465 5809; x_wconf 48' lang='grc' dir='ltr'>κγ</span> <span class='ocrx_word' id='word_1_773' title='bbox 490 5756 654 5815; x_wconf 77' lang='lat' dir='ltr'><strong>Forte</strong></span> <span class='ocrx_word' id='word_1_774' title='bbox 683 5755 740 5815; x_wconf 81' lang='grc' dir='ltr'>εὖ</span> <span class='ocrx_word' id='word_1_775' title='bbox 768 5760 847 5818; x_wconf 76' lang='grc' dir='ltr'><strong>δέ.</strong></span> 
     </span>
    </p>
   </div>
  </div>
