3970 6408
315 352 422 418 787

1523 365 1584 423 S.
1623 363 1940 423 JOANNIS
1980 363 2408 426 DAMASCENI

3475 367 3584 436 788

319 479 382 550 se
411 463 478 518 ab
499 462 609 518 illis
643 459 970 533 quibuscum
1003 473 1131 520 ante
1163 468 1502 524 versabalur.
1533 471 1734 525 Verum
1761 470 1890 523 Pau-

2013 472 2216 544 πρώην.
2266 475 2431 528 Ἀλλά
2457 476 2727 548 πεποίηκέ
2758 492 2880 530 τινα
2907 475 3222 556 οἰκονομίαν
3253 478 3372 546 μετ’
3415 479 3584 533 αὑτοῦ

320 547 405 610 lus
441 555 852 625 dispensatione
896 557 1135 625 quadam
1191 574 1316 615 eum
1379 576 1444 618 eo
1501 577 1635 617 usus
1681 569 1784 626 est,
1841 569 1900 615 ut

315 647 496 716 ipsum
525 661 709 701 coram
739 647 996 702 omnibus
1044 651 1494 718 reprehenderet,
1526 652 1671 722 quod
1705 659 1899 721 gentes

315 745 536 808 cogeret
583 735 904 807 judaizare;
952 741 1030 793 uti
1063 741 1329 812 magistro
1367 744 1482 798 hare
1530 744 1810 809 audiente,
1843 753 1898 799 et

315 837 552 894 tacente,
586 829 708 900 ejus
741 830 1126 902 objurgatione
1153 834 1229 888 illi
1258 833 1611 900 docerentur,
1635 833 1898 890 Judaicos

315 919 455 976 ritus
487 937 597 976 non
646 937 769 979 esse
799 924 1121 981 servandos.
1172 925 1371 981 Totum
1403 941 1570 996 porro
1616 927 1897 997 negotium

315 1010 420 1064 hac
466 1024 616 1066 mera
669 1012 1012 1082 dispensatio
1079 1023 1216 1079 erat,
1275 1023 1508 1088 utroque
1565 1018 1898 1072 connivente

312 1109 542 1172 propter
593 1102 990 1174 discipulorum
1055 1107 1372 1164 utilitatem.
1426 1109 1724 1177 Quocirca,
1785 1109 1900 1165 sive

313 1191 536 1248 Petrum
591 1194 883 1252 simulasse
915 1195 1083 1263 dicat,
1120 1196 1236 1254 sive
1267 1214 1376 1255 non
1409 1205 1560 1256 recte
1602 1201 1899 1257 incessisse

314 1283 382 1337 ad
413 1282 718 1350 veritatem,
779 1287 1108 1344 necessariae
1155 1285 1558 1361 dispensationi
1600 1305 1766 1348 voces
1797 1291 1898 1346 has

309 1375 465 1444 juvat
495 1375 793 1432 ascribere.

393 1484 413 1518 ι
455 1466 596 1532 Quia
627 1468 1079 1539 reprchensibilis
1129 1482 1266 1529 erat.
1318 1473 1508 1545 Heus.
1556 1473 1671 1546 η]
1735 1474 1897 1530 Prius

309 1560 456 1614 enim
485 1576 649 1630 quam
680 1562 932 1619 venirent
961 1564 1181 1634 quidam
1215 1579 1246 1620 a
1290 1563 1516 1632 Jacobo,
1559 1583 1682 1622 cum
1715 1568 1896 1638 genti-

309 1651 414 1705 bus
443 1650 682 1707 edebat:
718 1668 843 1708 cum
885 1663 1068 1711 autem
1117 1658 1420 1726 venissent,
1456 1659 1816 1715 subtrahebat
1845 1669 1898 1716 et

308 1745 627 1814 segregabat
662 1753 740 1800 se.
770 1765 792 1799 ι

380 1811 580 1904 Utique
643 1835 711 1891 ab
774 1836 886 1893 illis
962 1838 1056 1908 qui
1128 1835 1527 1909 Hierosolymis
1594 1837 1896 1895 descende-
1927 1811 1970 1868 Β

305 1932 454 1979 rant.

384 2033 404 2068 ι
441 2013 666 2074 Timens
697 2031 792 2074 eos
815 2017 910 2089 qui
941 2033 1008 2073 ex
1039 2018 1467 2076 circumcisione
1490 2029 1664 2076 erant.
1700 2037 1719 2072 ι

377 2105 649 2164 Nimirum
700 2124 770 2164 ne
820 2109 1091 2178 praeberet
1145 2109 1227 2165 eis
1285 2109 1720 2176 olfendiculum;
1785 2125 1892 2165 non

308 2207 487 2253 autem
523 2215 592 2255 ne
625 2199 758 2268 quid
787 2201 856 2256 ab
883 2200 1020 2272 ipsis
1055 2205 1334 2270 pateretur
1362 2201 1514 2256 mali.

379 2283 544 2346 Vens.
595 2287 684 2346 ts.
750 2299 769 2343 t
818 2291 884 2347 Et
921 2293 1258 2348 simulatiOni
1313 2293 1434 2363 ejus
1490 2305 1892 2352 consenserunt

308 2381 493 2434 caeteri
529 2377 740 2447 Juda-i;
781 2380 855 2435 ita
892 2383 953 2435 ut
984 2369 1270 2438 Barnabas
1315 2379 1612 2437 duceretur
1657 2397 1783 2438 cum
1810 2383 1894 2440 eis

307 2470 361 2524 in
391 2466 539 2524 illam
567 2471 995 2528 simulationem.
1031 2493 1050 2526 ι

379 2561 790 2618 Simulationem
838 2565 1106 2629 nominat,
1159 2564 1599 2621 observationem
1644 2564 1800 2636 legis,
1830 2572 1892 2620 ut

305 2652 503 2711 doceat
530 2656 654 2712 illos
692 2653 762 2712 ab
796 2670 858 2711 ea
889 2657 1171 2714 secedere.

377 2745 547 2801 Vsus.
578 2745 666 2801 Η.
710 2765 730 2799 ο
763 2746 872 2803 Sed
908 2763 1032 2803 eum
1072 2746 1336 2803 'vldissem
1384 2745 1534 2819 Quod
1582 2763 1693 2804 non
1744 2755 1891 2804 recte

306 2839 655 2895 ambularent
712 2840 780 2895 ad
834 2841 1117 2898 veritatem
1180 2840 1503 2915 Etrangelii,
1563 2842 1676 2897 dixi
1727 2841 1891 2897 Petro

303 2943 490 2984 coram
521 2927 796 2988 omnibus.
820 2950 841 2984 ι

375 3020 491 3077 Hoc
525 3031 628 3088 est,
654 3024 803 3095 quod
837 3029 947 3078 nbn
980 3039 1046 3080 ex
1077 3031 1192 3079 toto
1219 3023 1478 3079 traditam
1512 3023 1685 3094 legem
1724 3022 1890 3078 omit-

2002 567 2030 616 ὁ
2062 565 2294 631 Παῦλος,
2331 567 2646 638 ἔμπροσθεν
2673 569 2894 624 πάντων
2927 569 3261 638 ἐπιτιμήσας
3288 569 3458 641 αὐτῷ,
3497 569 3588 626 διὰ

2001 657 2063 710 τὸ
2089 657 2425 727 ἀναγκάζειν
2458 660 2768 725 Ἰουδαΐζειν
2787 659 2856 714 τὰ
2883 657 3036 729 ἔθνη,
3057 660 3207 723 ὅπως
3225 659 3292 713 ἂν
3314 660 3410 713 τοῦ
3436 661 3586 716 διδα-

2004 748 2205 802 σκάλου
2235 749 2410 803 ταῦτα
2443 751 2734 815 ἀκούοντος
2763 753 2858 806 καὶ
2892 751 3226 816 σιωπῶντος,
3276 753 3473 806 ἐκεῖνοι
3495 754 3589 807 διὰ

2001 837 2102 906 τῆς
2128 839 2499 908 ἐπιτιμήσεως
2530 841 2698 895 αὐτοῦ
2724 841 2820 895 τοῦ
2851 841 3177 896 διδασκάλου
3224 835 3470 910 μάθωσιν
3507 844 3590 906 ὡς

2000 927 2060 979 οὐ
2103 927 2188 980 δεῖ
2234 929 2528 996 φυλάττειν
2567 930 2636 984 τά
2670 931 2938 984 Ἰουδαϊκὰ
2986 931 3107 1001 ἔθη.
3156 931 3457 1001 Οίκονομία
3525 931 3589 983 δὲ

2000 1017 2121 1071 ὅλον
2161 1018 2222 1070 τὸ
2262 1020 2499 1090 πρᾶγμα
2553 1015 2654 1091 ἦν,
2688 1022 2754 1074 ἐκ
2791 1021 3063 1084 συνέσεως
3121 1017 3450 1092 ἀμφοτέρων
3496 1020 3590 1074 διὰ

2000 1109 2100 1180 τὴν
2120 1109 2393 1178 ὠφέλειαν
2426 1110 2538 1164 τῶν
2573 1109 2854 1182 μαθητῶν,
2881 1111 3026 1164 ὥστε
3057 1111 3161 1164 κᾶν
3191 1108 3590 1182 ὑποκρίνεσθαι

2001 1198 2136 1272 λέγῃ
2160 1201 2251 1253 τὸν
2280 1201 2510 1272 Πέτρον,
2535 1202 2641 1256 κᾶν
2667 1202 2742 1273 μὴ
2763 1203 3078 1274 ὀρθοποδεῖν
3103 1202 3242 1274 πρὸς
3258 1201 3586 1273 ὠφέλειανι,

2000 1289 2065 1358 τῇ
2083 1288 2366 1360 οἰκονομίᾳ
2391 1291 2492 1360 τῆς
2521 1291 2735 1361 χρείας,
2761 1291 2863 1355 τὰς
2893 1292 3080 1361 φωνὰς
3103 1289 3474 1362 λογισώμεθα.

2080 1484 2097 1516 ι
2138 1464 2264 1520 Ὅτι
2318 1468 2772 1539 κατεγνωσμένος
2813 1464 2901 1539 ἦν.
2936 1469 3052 1540 Πρὸ
3101 1466 3198 1522 τοῦ
3235 1468 3349 1538 γὰρ
3404 1465 3589 1520 ἐλθεῖν

1998 1572 2153 1620 τινας
2183 1557 2292 1610 ἀπὺ
2327 1558 2613 1624 Ἰακώὁου,
2668 1561 2809 1630 μετὰ
2859 1559 2969 1613 τῶν
3001 1559 3230 1612 ἐθνικῶν
3271 1556 3583 1628 συνήσθιενο

1999 1650 2086 1704 ὅτε
2114 1649 2171 1704 δέ
2189 1646 2373 1721 ἦλθον,
2403 1653 2717 1717 ύπέστελλε,
2747 1653 2842 1707 καὶ
2864 1653 3142 1722 ἀφώριζεν
3167 1649 3378 1704 ἑαυτόν.
3411 1667 3432 1700 ι

2081 1827 2218 1881 ’Υπὺ
2275 1827 2384 1883 τῶν
2433 1829 2804 1885 κατελθόντων
2845 1830 3088 1903 δηλονότι
3129 1829 3239 1884 ἀπὸ
3276 1826 3580 1900 Ἱεροσολύ-

1999 1937 2139 1990 μων.

2073 2029 2094 2061 ι
2125 2011 2466 2082 Φοὸούμενος
2497 2012 2624 2076 τοὺς
2644 2013 2709 2066 ἐκ
2741 2009 3066 2083 περιτομῆς.
3093 2031 3113 2064 ι

2065 2099 2158 2170 Μὴ
2186 2101 2514 2172 σκανδαλίσῃ
2545 2101 2767 2168 αὐτοὺς,
2797 2101 3063 2172 δηλονότι,
3096 2100 3172 2172 μή
3206 2117 3259 2154 τι
3287 2099 3437 2172 πάθῃ
3467 2098 3582 2152 δει-

1995 2191 2085 2246 νὺν
2107 2193 2240 2262 παρ’
2267 2191 2466 2246 αὐτῶν.

2071 2303 2090 2337 ι
2130 2285 2244 2338 Καὶ
2306 2283 2790 2358 συνυπεκρίθησαν
2850 2281 3002 2353 αὐτῷ
3035 2281 3131 2336 καὶ
3158 2281 3208 2334 οί
3233 2281 3409 2334 λοιποὶ
3441 2281 3574 2332 Ἰου-

1991 2377 2150 2442 δαῖοι,
2201 2375 2342 2431 ὥστε
2383 2379 2477 2432 καὶ
2524 2375 2810 2446 Βαρνάϐαν
2834 2375 3234 2446 ωναναχθῆναι
3281 2373 3458 2428 αὐτῶν
3502 2375 3577 2442 τῇ

1994 2469 2304 2538 ὑποκρίσει.
2338 2488 2357 2520 ι

2076 2562 2445 2629 Ὑπόκρισιν,
2480 2560 2580 2632 τὴν
2623 2559 2870 2631 φυλακὴν
2901 2557 2996 2614 τοῦ
3025 2558 3190 2628 νόμον
3215 2556 3390 2622 καλεῖ,
3421 2553 3575 2608 διδάσ-

1995 2670 2141 2706 σκων
2171 2652 2374 2723 ταύτης
2398 2651 2749 2723 χωρίζεσθαι.
2929 2642 2932 2646 ’

2069 2761 2089 2795 ι
2136 2742 2279 2796 Ἀλλ’
2313 2743 2403 2796 ὅτε
2433 2737 2596 2808 εἶδον,
2639 2743 2723 2796 ὅτι
2756 2741 2857 2796 οὐκ
2897 2737 3263 2812 ὑρθοποδοῢσι
3287 2738 3423 2810 πρὸς
3467 2737 3575 2809 τὴν

1991 2834 2254 2905 ἀλήθειαν
2280 2834 2376 2888 τοῦ
2401 2834 2763 2903 Εύαγγελίου,
2779 2830 2933 2887 εἷπον
2947 2832 3026 2903 τῷ
3045 2831 3238 2902 Πέτρῳ
3259 2825 3574 2901 ἔμπροσθεν

1991 2943 2213 2980 παντων
2221 2968 2234 2981 .
2275 2945 2294 2976 ι

2066 3015 2351 3079 Τουτέστι,
2386 3014 2669 3077 παντελῶς
2701 3015 2763 3067 ού
2806 3012 3078 3068 παύεσθαι
3112 3012 3212 3082 τῆς
3246 3009 3342 3064 τοῦ
3399 3009 3570 3079 νόμου

302 3123 504 3172 terent.
535 3113 712 3172 Voces
742 3117 946 3184 autem,
972 3123 1035 3171 ut
1068 3115 1233 3172 modo
1262 3114 1606 3178 dicebamus,
1647 3113 1721 3168 ita
1754 3127 1884 3169 con-

2013 3107 2368 3178 ταραδόσεως.
2406 3107 2496 3170 Ὧς
2525 3106 2582 3159 δὲ
2616 3104 2844 3175 εἴπομεν
2892 3103 3014 3174 ἤδη,
3040 3105 3105 3173 τῇ
3142 3101 3304 3172 χρείᾳ
3355 3099 3460 3169 τῆς
3487 3099 3568 3152 οξ-

301 3207 525 3275 format,
551 3220 712 3279 prout
737 3207 1079 3278 dispensatio
1099 3206 1440 3278 postulabat.
1458 3203 1658 3260 Totum
1684 3204 1887 3274 quippe

2013 3199 2251 3270 ιονομίας
2282 3198 2511 3252 πλάττει
2535 3196 2634 3260 τὰς
2663 3196 2848 3267 φωνάς
2873 3212 2888 3226 ο
2919 3192 3200 3263 οἰκονομία
3221 3192 3330 3262 γὰρ
3360 3191 3482 3244 ὅλον
3507 3191 3569 3244 τὸ

303 3300 720 3369 dispensatione
760 3299 1092 3370 gerebatur,
1141 3305 1263 3353 cum
1321 3297 1635 3367 objurgatio
1689 3294 1882 3359 Pauli,

301 3402 420 3446 tum
450 3391 728 3447 silentium
755 3393 810 3446 et
834 3403 1102 3447 assensus
1134 3388 1307 3444 Petri.
1339 3387 1519 3444 Unum
1544 3388 1689 3443 enim
1724 3387 1887 3442 ambo

300 3485 638 3555 quaerebant,
677 3491 740 3538 ut
779 3482 987 3539 Christi
1034 3475 1222 3538 iideles
1265 3481 1334 3536 ab
1385 3479 1728 3537 observanda
1769 3478 1885 3548 lege

300 3577 727 3632 deterrerentur.

377 3686 396 3720 ι
431 3667 488 3723 Si
532 3677 590 3724 tu
617 3666 837 3723 Judaeus
865 3677 988 3723 eum
1022 3668 1122 3732 sis,
1169 3658 1444 3738 gentiliter
1486 3663 1648 3732 vivis,
1679 3673 1734 3721 et
1773 3681 1881 3720 non

299 3753 545 3815 Judaice.
580 3779 605 3812 ι

375 3851 434 3906 Id
470 3860 574 3917 est,
603 3851 928 3907 observator
960 3865 1073 3905 non
1106 3864 1171 3906 es
1200 3849 1356 3919 legis,
1396 3850 1489 3905 sed
1521 3849 1882 3918 quemadmo-

301 3947 432 3998 dum
464 3942 543 3997 illi
576 3943 665 4013 qui
704 3941 1056 3997 crediderunt
1086 3955 1150 3996 ex
1187 3939 1466 4011 gentibus,
1523 3949 1625 3995 nec
1655 3937 1882 3993 Neome-

301 4035 450 4100 nias,
483 4049 582 4089 nec
615 4033 857 4088 Sabbata
885 4031 1131 4087 custodis
1166 4031 1422 4101 amplius.

330 4185 352 4192 κ
376 4145 396 4180 ι
429 4125 716 4192 Quomodo
749 4140 880 4195 ergo
905 4133 1096 4196 gentes
1129 4123 1280 4195 cogis
1302 4114 1603 4193 judalzare.
1644 4139 1663 4173 ι

376 4215 532 4287 162
569 4214 731 4285 Atqui
757 4222 820 4269 ex‘
845 4215 948 4269 hoc
976 4227 1194 4284 quoque
1223 4213 1401 4282 capite
1434 4211 1636 4283 negotii
1659 4210 1879 4280 dispen-

299 4307 442 4360 satio
481 4305 848 4375 pcrnoscitur.
878 4302 1014 4357 Nam
1049 4303 1302 4373 quamvis
1335 4301 1534 4357 Petrus
1575 4315 1754 4370 neque
1787 4314 1880 4354 co-

301 4397 531 4465 egisset,
561 4401 742 4466 neque
768 4395 1038 4450 emisisset
1065 4395 1130 4449 ad
1154 4393 1414 4449 Judaieos
1450 4407 1632 4446 mores
1650 4406 1880 4461 sequen-

1987 3292 2276 3364 γινόμενον
2319 3288 2410 3363 ἦν,
2460 3287 2927 3359 καὶὴἐπίπληξις
2973 3284 3070 3339 τοῦ
3110 3283 3360 3346 Παύλου,
3408 3282 3504 3336 καὶ
3528 3284 3563 3352 ἠ

1989 3385 2169 3457 σιωπὴ
2195 3384 2292 3439 καὶ
2331 3382 2738 3452 συγκατάθεσις
2758 3379 2854 3433 τοῦ
2887 3377 3118 3448 Πέτρου.
3146 3376 3242 3429 Ἓν
3274 3376 3383 3445 γὰρ
3435 3374 3561 3444 ἐζή-

1985 3492 2114 3529 τουν
2136 3475 2460 3544 ἀμφότεροι,
2486 3471 2545 3524 τὸ
2573 3460 2781 3523 παῦσαι
2800 3467 2927 3529 τοὺς
2951 3464 3309 3525 πιστεύοντας
3330 3463 3412 3524 είς
3428 3461 3562 3530 Χρις

1986 3569 2113 3622 στὸν
2141 3567 2237 3621 τοῦ
2275 3567 2366 3619 τὸν
2397 3565 2562 3634 νόμον
2590 3563 2892 3632 ἐπιτηρεῖν.

2065 3680 2083 3710 ι
2116 3661 2180 3713 Ei
2209 3660 2273 3712 σὺ
2319 3655 2571 3718 Ἰουδαῖος
2598 3653 2863 3724 ὑπάρχων
2893 3649 3125 3712 ἐθνικῶς
3150 3647 3270 3717 ζῇς,
3305 3645 3402 3699 καὶ
3443 3642 3560 3712 οὐχὶ

1997 3750 2323 3812 Ἰουδαϊκῶς.
2351 3768 2369 3800 ι

2055 3841 2372 3904 Τουτέστιν,
2408 3839 2483 3893 Οὐ
2518 3839 2707 3907 τηρεῖς
2756 3834 2856 3903 τὴν
2911 3831 3007 3885 τοῦ
3062 3831 3229 3900 νόμου
3291 3823 3556 3895 φυλακὴν,

1983 3933 2099 3989 ἀλλ’
2119 3932 2310 4000 ὥσπερ
2339 3931 2390 3984 oi
2417 3926 2809 3987 πιστεύσαντες
2853 3922 2962 3976 τῶν
3029 3920 3221 3984 ἐθνῶν,
3274 3915 3398 3972 οὔτε
3419 3915 3559 3969 Νου-

1985 4024 2204 4096 μηνίας,
2237 4021 2361 4076 οὗτε
2397 4018 2655 4074 Σάϐϐατα
2676 4015 2963 4085 φυλάττεις
2986 4011 3087 4066 ἔτι.

2055 4133 2076 4166 ι
2119 4111 2242 4175 Πῶς
2266 4111 2334 4164 τὰ
2367 4109 2497 4179 ἔθνη
2521 4099 2856 4175 ἀναγκάζεις
2880 4101 3232 4166 ’ἰουδαΐζειν;
3258 4116 3277 4149 ι

2051 4205 2163 4259 Ka‘t
2190 4205 2256 4256 ἐκ
2283 4201 2473 4256 τούτου
2501 4201 2534 4270 ἡ
2558 4198 2843 4268 οἰκονομία
2865 4194 2962 4250 τοῦ
3000 4195 3324 4264 πράγματος
3343 4187 3556 4242 δείκνυ-

1979 4315 2092 4352 ται.
2133 4295 2326 4349 Καίτοι
2345 4311 2408 4362 γε
2447 4292 2522 4364 μὴ
2569 4289 2976 4359 ἀναγκάζοντος
3014 4284 3204 4349 αὑτοῦ,
3256 4283 3391 4353 μήτε
3437 4278 3556 4332 πεί-

1981 4388 2164 4449 θοντος
2209 4383 2518 4446 ’ἰουδαΐζειν
2565 4380 2636 4434 τὰ
2670 4379 2820 4448 ἔθνη,
2869 4374 3028 4430 τοῦτό
3081 4389 3245 4444 φησιν
3275 4372 3304 4423 ὁ
3349 4367 3557 4432 Παῦλος

301 4458 423 4548 dos,
449 4485 555 4539 hoc
591 4458 776 4539 tamen
817 4483 1021 4538 Paulus
1060 4483 1130 4536 ab
1158 4483 1277 4552 ipso
1315 4481 1517 4534 factum
1561 4458 1744 4543 dixit,
1767 4495 1876 4549 quo

2013 4479 2178 4539 τοιεῖν,
2210 4474 2299 4527 ἵνα
2355 4473 2671 4542 εὐάφορμος
2730 4467 2880 4537 αὐτῷ
2907 4465 2983 4530 ὡς
3013 4465 3152 4534 ὑπὲρ
3186 4462 3332 4552 tam
3371 4458 3555 4552 μαθη-

301 4576 523 4631 Petrum
553 4575 896 4646 obiurgando
931 4574 1278 4630 occasionem
1312 4571 1538 4626 haberet
1582 4570 1883 4641 discipulos

303 4657 614 4722 erudiendi.
671 4666 825 4724 Clam
870 4680 1004 4722 vero
1051 4665 1306 4720 universa
1340 4662 1512 4718 haece
1563 4666 1884 4719 narratione

301 4759 528 4814 Galatas
571 4767 777 4823 monet,
832 4766 892 4812 ut
937 4757 1334 4827 increpatioui-s
1392 4771 1505 4811 suae
1555 4755 1878 4826 gravitatem

300 4862 459 4917 aequo
491 4848 674 4902 animo
711 4847 968 4902 tolerent.
1006 4845 1142 4901 Nam
1180 4845 1227 4902 si
1282 4843 1509 4910 Petrus,
1561 4860 1630 4900 ex
1676 4843 1882 4900 .ludaeis

299 4953 426 4994 cum
459 4947 628 5003 esset,
677 4938 1127 5010 permitteretth
1161 4937 1469 5008 judaizare,
1516 4937 1884 5005 reprehensus

302 5031 443 5100 fuit,
507 5033 1106 5103 reprehensionemque
1167 5030 1390 5085 admisit
1444 5037 1708 5099 tanquam
1776 5029 1883 5081 rite

299 5120 502 5175 factam
526 5138 541 5188 ;
570 5122 743 5175 multo
767 5120 942 5190 magis
972 5119 1199 5187 Galatae,
1233 5119 1348 5190 qui,
1381 5120 1506 5175 licet
1532 5125 1721 5174 essent
1743 5130 1878 5186 gen-

298 5209 449 5276 tiles,
491 5217 547 5264 et
583 5209 952 5265 credidissent
974 5209 1028 5263 in
1056 5209 1361 5273 Christum,
1380 5209 1516 5280 jugo
1537 5215 1718 5261 tamen
1742 5205 1881 5274 legis

298 5317 422 5359 sese
465 5315 687 5358 rursum
726 5301 1196 5372 maneipaverant,
1233 5301 1672 5373 objurgationem
1706 5297 1880 5367 ipsius

297 5393 572 5452 debebant
596 5394 762 5450 ferre.

373 5484 543 5543 Vens.
571 5488 660 5550 15,
689 5489 774 5543 16.
815 5505 834 5539 ι
865 5486 972 5544 Nos
1001 5499 1199 5544 natura
1223 5485 1420 5554 Judaei,
1447 5494 1499 5542 et
1522 5500 1628 5540 non
1649 5499 1712 5538 ex
1740 5497 1870 5553 gen—

1980 4569 2088 4623 τῶν
2113 4569 2152 4638 ἡ
2191 4565 2328 4635 πρὸς
2379 4564 2470 4617 τὸν
2503 4563 2712 4632 Πέτρον
2749 4558 3069 4629 ἐπιτίμησις
3119 4551 3340 4623 εὑρεθῇ.
3379 4550 3556 4617 Λελη-

1981 4661 2152 4723 θότως
2178 4659 2235 4712 δέ
2265 4657 2354 4711 διὰ
2383 4655 2584 4718 παντὸς
2609 4653 2703 4706 τοῦ
2748 4652 3110 4722 διηγήματος,
3161 4642 3406 4700 παιδεύει
3451 4643 3558 4695 Γα-

1981 4752 2149 4812 λάτας
2179 4749 2239 4802 τὸ
2283 4747 2425 4818 βαρὺ
2472 4745 2571 4815 τῆς
2615 4738 2960 4812 ἐπιπλήξεως
3004 4736 3203 4810 ῥᾳδίως
3255 4732 3468 4805 φέρειν.
3494 4731 3556 4784 Εἰ

1979 4842 2087 4912 γὰρ
2117 4843 2146 4894 ὁ
2168 4839 2372 4910 Πέτρος
2392 4837 2452 4902 ἐξ
2492 4835 2762 4890 Ἰουδαίων
2794 4834 2892 4899 ὢν,
2937 4831 3049 4886 καὶ
3087 4827 3401 4893 Ἰουδαΐζειν
3439 4824 3558 4878 πείο

1983 4935 2092 4988 θων
2150 4931 2481 5003 ἐπετιμήθη,
2530 4930 2625 4984 καὶ
2666 4929 2899 5000 ἤνεγκεν
2946 4925 3046 4996 τὴν
3089 4922 3438 4992 ἐπιτίμησιν,
3484 4916 3558 4978 ὡς

1982 5024 2165 5088 καλῶς
2214 5022 2530 5093 γινομένην,
2591 5007 2770 5089 πολλῷ
2826 5007 2986 5071 πλέον
3025 5015 3265 5068 Γαλάται
3288 5010 3352 5076 ἐξ
3386 5007 3561 5062 ἐθνῶν

1976 5116 2149 5181 ὄντες,
2187 5115 2280 5168 καὶ
2301 5112 2697 5174 πιστεύσαντες
2722 5113 2802 5172 εἰς
2826 5108 3061 5178 Χριστὸν
3077 5147 3092 5173 ,
3117 5107 3213 5158 καὶ
3241 5104 3404 5158 πάλιν
3427 5103 3559 5154 ὑπο-

1977 5206 2161 5269 θέντες
2191 5207 2420 5267 ἐαυτοὺς
2440 5208 2507 5276 τῇ
2529 5203 2749 5274 δουλεία
2767 5200 2861 5254 τοῦ
2884 5200 3074 5270 νόμον,
3099 5193 3558 5266 ἐπιπληττὸμενοι

1974 5301 2226 5372 δέχεσθαι
2263 5297 2540 5368 ὀφείλουσι
2567 5296 2668 5367 τὴν
2697 5290 3012 5364 ἐπίπληξιν.

2058 5496 2076 5526 ι
2125 5473 2317 5545 Ἡμεῖς
2338 5473 2495 5542 φύσει
2542 5471 2809 5535 Ἰουδαῖοι,
2840 5468 2934 5523 καὶ
2959 5467 3059 5521 οὐκ
3088 5463 3147 5529 ἐξ
3171 5458 3346 5522 ἐθνῶν
3377 5459 3562 5532 ἁμαρν

1597 5663 1834 5721 VARIIE
1881 5657 2287 5719 LECTlONES.

365 5761 389 5793 ⁸
407 5751 557 5825 Lego
580 5755 860 5829 ἀλήθειαν.
