3970 6392
250 344 352 411 789

1431 331 1509 390 IN
1551 327 1788 389 EPIST.
1829 324 1928 382 AD
1965 318 2325 381 GALATAS.

3405 300 3516 362 790

253 457 428 516 ⁴ιιιιλοί.
456 453 670 526 Είδότες
697 449 866 505 ὅτιού
895 448 1206 503 δικαιοῦται
1238 445 1527 516 ἄνθρωπος
1557 442 1617 506 ἐξ
1649 441 1826 511 ἔργων
1857 447 1872 498 Λ

1981 435 2081 490 bus
2113 399 2458 505 peccatores.
2512 426 2761 483 Scientes
2817 420 2965 494 quod
3012 430 3120 476 non
3171 417 3509 486 justiﬁcatur

258 556 450 620 νόμου,
502 506 600 599 εὰν
759 541 850 597 διὰ
908 540 1147 603 πίστεως
1183 506 1363 610 Ἰησοῦ
1409 534 1648 606 Χριστοῦ
1670 506 1694 598 ,’
1729 506 1830 586 καὶ

1981 542 2101 582 orno
2125 541 2191 581 ex
2211 523 2475 595 operibus
2498 519 2656 590 legis,
2687 517 2792 574 nisi
2815 531 2912 586 per
2938 513 3099 568 ﬁdem
3121 508 3252 566 Iesu
3277 506 3515 566 Christi;

257 643 410 713 ἡμεῖς
460 640 542 702 εἰς
595 632 1089 708 Χριστὸν-νίησοῦν
1151 631 1586 698 ἐπιστεύσαμεν,
1639 625 1726 678 ἵνα
1749 623 1830 677 δι-

1937 627 1992 671 et
2027 631 2130 676 nos
2168 614 2226 669 in
2252 612 2476 669 Christo
2517 607 2650 665 Jesu
2679 605 3037 668 credidimus,
3073 597 3520 670 utjustiﬁcemur

261 689 584 800 καίωιθῶμεν
614 689 679 782 ἐκ
710 689 955 789 πίστεως.
977 722 1218 792 Χριστοῦ
1239 764 1253 788 ,
1287 721 1382 775 καλ⁵
1431 689 1529 772 ei»:
1563 689 1624 782 ἐξ
1652 716 1831 788 ἔργων

1981 723 2003 762 ιι
2039 705 2144 761 ﬁde
2173 704 2402 769 Christi,
2434 709 2489 758 et
2531 715 2642 761 non
2683 713 2751 756 ex.
2779 695 3040 768 operibus
3077 692 3235 772 legis.
3286 689 3521 758 Propter

260 823 443 892 νόμου,
483 781 630 872 Etsi;
649 816 709 882 ἐξ
726 814 905 887 ἔργων
925 781 1100 882 ⁷νόμιου
1123 812 1184 864 οὐ
1217 781 1647 879 δικαιωθήσεται
1683 781 1834 858 πάσα

1983 799 2087 854 uod
2123 813 2191 852 ex
2254 795 2521 868 operibus
2563 791 2701 863 legis
2749 805 2860 844 non
2905 784 3295 858 justiﬁcabitur
3339 781 3521 845 ouantis

325 930 478 968 σαος.
511 930 531 962 ι
1021 941 1026 945 -

325 931 387 966 σα
463 953 478 968 .
511 930 531 962 ι
1021 941 1026 945 -

262 917 294 983 ἡ
329 911 766 1062 Κξὲασκευάσας
795 1000 860 1056 ὲκ
895 997 1005 1058 τῶν
1060 994 1191 1067 περὶ
1239 993 1446 1064 Πέτρον
1482 991 1544 1050 τὸ
1597 993 1672 1062 μὴ
1726 992 1838 1044 δεῖν

266 1091 709 1165 περιτέμνεσθαι,
742 1086 1180 1158 καθολικώτερον
1206 1084 1366 1148 τοῦτο
1409 1083 1835 1148 κατασκευάζει.

269 1188 326 1239 Ei
357 1185 466 1254 γὰρ
511 1185 562 1237 οἱ
614 1185 679 1235 ὲκ
727 1181 918 1243 παιδὸς
963 1178 1229 1244 Ἰουδαῖοι,
1267 1178 1361 1230 καὶ
1393 1177 1454 1229 οὐ
1483 1177 1837 1247 προσήλυτοι,

266 1274 376 1327 ἀλλ’
405 1270 766 1342 ἐντραφέντες
791 1267 871 1337 τῷ
899 1269 1070 1337 νόμῳ,
1105 1265 1206 1336 τὴν
1227 1265 1512 1330 ἀσθένειαν
1537 1264 1843 1335 ἑωρακότες

268 1365 358 1417 τοῦ
397 1364 566 1432 νόμου
598 1365 678 1425 εἰς
714 1361 776 1413 τὸ
808 1359 1098 1413 δικαιῶσαι
1132 1360 1222 1411 τὸν
1265 1357 1575 1430 ἄνθρωπον,
1614 1359 1693 1420 εἰς
1743 1357 1844 1427 τὴν

167 1483 172 1487 -
268 1455 352 1508 διὰ
376 1454 617 1516 πίστεως
679 1452 1020 1522 μετέστησαν
1052 1449 1234 1521 χάριν,
1274 1450 1427 1518 πόσῳ
1477 1447 1676 1517 μᾶλλον
1705 1448 1756 1500 οἱ
1788 1447 1846 1512 ἐξ

269 1546 440 1616 ἀρχῆς
467 1543 547 1614 μὴ
573 1542 726 1605 ὄντες
748 1541 844 1594 τοῦ
878 1543 1070 1611 νόμου,
1097 1541 1213 1594 ἀλλ’
1239 1542 1304 1592 ὲκ
1327 1539 1435 1593 τῶν
1477 1539 1668 1602 ἐθνῶν,
1727 1533 1848 1592 εἷτα

273 1633 658 1697 πιστεύσαντες
695 1635 776 1696 είς
808 1631 1066 1704 Χριστὸν,
1098 1632 1196 1684 οὐκ
1215 1629 1490 1699 ὀφείλουσι
1525 1629 1848 1702 προσκλῖναι

277 1727 352 1798 τῷ
383 1724 700 1780 ἀσθενοῦντι
737 1723 877 1794 πρὸς
899 1723 1184 1795 διόρθωσιν
1217 1721 1391 1792 νόμῳ.

347 1924 374 1956 ιλ
407 1906 469 1957 Εἰ
492 1903 550 1956 δὲ
583 1901 869 1973 ζητοῦντες
896 1900 1254 1971 δικαιωθῆναι
1271 1901 1328 1954 ὲν
1357 1901 1600 1971 Χριστῷ,
1627 1901 1854 1972 εὑρέθη-

277 2013 376 2068 μεν
418 1995 514 2050 καὶ
536 1994 692 2048 αὐτοὶ
731 1992 1073 2064 ἁμαρτωλοὶ,
1106 1989 1217 2062 ἆρα
1276 1992 1512 2064 Χριστὸς
1577 1995 1856 2064 ἁμαρτίας

272 2087 516 2150 διάκονος
534 2103 549 2152 ;
565 2105 582 2137 ι

345 2177 492 2246 Ὅρα
524 2176 608 2238 εἰς
632 2176 768 2244 ὅσην
793 2173 1028 2228 ἀτοπίαν
1064 2173 1253 2242 ἐξάγει
1278 2177 1402 2237 τοὺς
1425 2176 1860 2246 προσκειμένους

277 2265 355 2332 τῷ
378 2263 550 2335 νόμῳ.
582 2264 644 2317 Ei
677 2263 779 2316 οὐκ
812 2262 1013 2333 ἰσχύει,
1045 2263 1231 2332 φησὶν,
1262 2263 1397 2332 ήείς
1418 2263 1656 2334 Χριστὸν
1677 2264 1862 2325 πίστις

277 2353 586 2417 δικαιῶσαι,
653 2351 790 2405 ἀλλά
823 2352 1038 2421 ἀνάγκη
1104 2351 1259 2406 πάλιν
1288 2351 1367 2421 τῷ
1413 2351 1564 2422 νόμῳ
1615 2350 1857 2421 ἔχεσθαι,

281 2443 370 2496 τὸν
393 2443 560 2513 νόμον
593 2441 824 2510 ἀφέντες
856 2441 946 2494 διὰ
978 2441 1238 2511 Χριστὸν,
1261 2439 1355 2493 καὶ
1394 2441 1452 2493 οὐ
1491 2441 1862 2511 δικαιούμενοι

282 2536 352 2589 ἐκ
375 2534 477 2604 τῆς
500 2531 772 2602 ἀφέσεως,
797 2531 933 2586 ἀλλά
961 2531 1436 2601 κατακρινόμενοι,
1461 2533 1562 2602 τῆς
1599 2530 1864 2602 κατακρί-

287 2642 424 2686 σεως
474 2624 784 2694 εὑρήσομεν
842 2621 1004 2676 αὐτὸν
1064 2624 1196 2692 ἡμῖν
1240 2622 1526 2692 γινόμενον
1576 2622 1772 2688 αἴτιον,
1797 2622 1863 2674 δι’

283 2716 341 2770 ὃν
396 2714 488 2770 τὸν
555 2715 719 2786 νόμον
767 2713 997 2784 ἀφέντες
1054 2715 1191 2786 πρὸς
1237 2713 1336 2785 τὴν
1361 2714 1574 2770 -πίστιν
1632 2714 1867 2786 ὲδράμο-

288 2821 410 2876 μεν.

371 2913 394 2947 ι
423 2895 520 2966 Μὴ
550 2895 784 2964 γένοιτο.
811 2913 846 2947 ι.

376 2984 675 3058 Ἐωρακὼς
725 2984 825 3054 τὴν
885 2983 1294 3054 συμϐαίνουσαν
1341 2986 1406 3039 ὲκ
1449 2985 1543 3038 τοῦ
1601 2986 1872 3057 δόγματος

285 3077 543 3166 ἀτοπίαν,
577 3075 787 3147 ταχέως
837 3076 1114 3146 ἀποπηδᾷ,
1140 3075 1238 3146 τῷ,
1262 3075 1357 3148 Μὴ
1379 3074 1632 3146 γένοιτο,
1658 3079 1872 3151 χρώμερ

1981 3092 2101 3133 rum
2131 3069 2489 3142 sequebatur,
2535 3063 2648 3119 cito
2699 3057 2900 3124 resilit,

288 3186 402 3235 νος.

364 3279 389 3314 ε
434 3263 499 3316 Et
531 3260 695 3332 γάρά
717 3261 1011 3326 κατέλυσα,
1043 3260 1218 3320 ταῦτα
1252 3259 1417 3321 πάλιν
1441 3260 1733 3331 οἰκοδομῶ,
1766 3279 1871 3316 πα-

291 3353 543 3424 ραϐάτην
569 3351 804 3423 ἐμαυτὸν
827 3351 1140 3422 συνίστημι.
1175 3369 1196 3402 ι

378 3441 637 3496 Ἐκείνων
669 3441 959 3508 λεγόντοιν,
993 3440 1067 3502 ὡς
1090 3439 1118 3492 ό
1155 3439 1230 3510 μὴ
1265 3439 1551 3508 φυλάττων
1574 3440 1666 3495 τὸν
1705 3443 1872 3513 νόμον
1924 3453 1928 3458 ’

290 3532 626 3603 παραϐάτης
666 3531 837 3595 ἐστὶν,
885 3528 1060 3594 οὕτως
1088 3531 1152 3592 ὲκ
1185 3529 1278 3583 τοῦ
1305 3530 1552 3593 ἐναντίου
1613 3533 1868 3604 παραδά-

290 3642 397 3695 την
429 3622 621 3677 ἑαυτὸν
648 3623 805 3676 καλεί
839 3622 1182 3691 φυλάττοντα
1210 3622 1301 3676 τὸν
1335 3623 1517 3694 νόμον,
1555 3627 1782 3697 Ὅμοιον
1818 3629 1875 3683 δὲ

291 3716 373 3776 ὡς
390 3716 436 3767 εἰ
461 3714 608 3781 λέγοι
634 3730 649 3745 ο
673 3714 956 3766 Πέπαυται
984 3715 1011 3766 ὁ
1033 3713 1217 3782 νόμος,
1253 3715 1346 3768 καὶ
1381 3698 1541 3770 τοῦτο
1583 3717 1875 3791 ὡμολογήφ

297 3820 510 3873 σαμεν,
543 3802 611 3856 δι’
645 3794 726 3856 ὧν
779 3801 1008 3869 ἀφέντες
1065 3802 1232 3860 αὐτὸν
1267 3803 1361 3856 ἐπὶ
1387 3803 1486 3874 τὴν
1528 3804 1594 3859 ἐκ
1637 3807 1878 3872 πίστεως

296 3893 686 3964 κατεφύγομεν
709 3892 1008 3963 σωτηρίαν,
1045 3893 1142 3946 Ἂν
1183 3893 1365 3947 τοίνυν
1405 3895 1876 3971 φιλονεικήσωμεν

298 3985 499 4057 στῆσαι
528 3983 620 4036 τὸν
644 3983 831 4052 νόμον,
874 3982 1024 4053 αὐτῷ
1050 3981 1227 4054 τούτῳ
1255 3983 1570 4058 παραϐάται
1589 3987 1877 4060 γινόμεθα,

295 4074 374 4130 τά
398 4074 550 4146 παρά
572 4073 708 4138 Θεοῦ
731 4071 960 4128 λυθέντα
990 4073 1421 4144 φιλονεικοῦντες
1439 4078 1656 4147 τηρεῖν.

381 4291 400 4326 ι
442 4270 587 4340 Ἐγὼ
623 4273 733 4342 γὰρ
760 4271 850 4325 διὰ
887 4270 1053 4341 νόμου
1083 4271 1234 4341 νόμῳ
1283 4270 1552 4330 ἀπέθανον
1574 4313 1590 4338 ,
1626 4272 1715 4325 ἳνα
1765 4271 1886 4340 Θεῷ

302 4363 481 4432 ζήσω.
511 4360 735 4432 Χριστῷ
771 4360 1255 4431 συνεσταύρωμαι.
1290 4379 1311 4422 ι

1939 903 2089 944 caro.
2123 905 2142 938 ι

2015 976 2309 1046 Postquam
2333 990 2400 1032 ex
2431 973 2501 1028 iis
2539 985 2664 1042 quae
2689 969 2854 1025 Petro
2894 965 3234 1030 acciderant,
3267 975 3522 1031 compro-

1947 1068 2114 1135 bavit,
2149 1082 2259 1123 non
2293 1071 2548 1136 oportere
2581 1059 2932 1134 circumcidi,
2958 1057 3106 1122 idem,
3126 1053 3329 1121 evincit
3353 1067 3522 1123 gene-

1947 1159 2134 1214 raliori
2177 1158 2416 1213 ratione.
2447 1153 2583 1208 Nam
2619 1153 2666 1208 si
2716 1150 2812 1222 qui
2862 1165 2894 1203 a
2937 1160 3108 1218 puero
3152 1141 3325 1212 Judaei
3377 1148 3524 1208 sunt,

1948 1263 2127 1319 neque
2155 1245 2448 1318 proselyti,
2489 1242 2742 1312 quinimo
2773 1236 3002 1305 enutriti
3036 1235 3090 1288 in
3134 1233 3275 1305 lege,
3309 1230 3530 1300 cognita

1949 1342 2084 1412 legis
2130 1339 2198 1394 ad
2249 1338 2530 1392 hominem
2582 1334 2793 1404 justum
2845 1327 3159 1385 faciendum
3189 1323 3529 1384 inﬁrmitate,

1949 1435 2013 1488 ad
2049 1433 2282 1503 gratiam
2305 1445 2424 1501 qua:
2453 1426 2557 1482 ﬁde
2581 1430 2895 1496 prmstatur,
2920 1418 3262 1474 transierunt
3288 1431 3301 1467 :
3325 1419 3533 1484 quanto

1951 1525 2150 1596 potiori
2179 1524 2328 1594 jure,
2363 1521 2458 1592 qui
2499 1534 2529 1573 a
2561 1515 2840 1588 principio
2892 1527 3003 1566 non
3047 1517 3208 1564 erant
3256 1504 3362 1560 sub
3394 1504 3533 1578 lege,

1953 1617 2047 1672 sed
2073 1632 2138 1672 ex
2157 1614 2435 1686 gentibus,
2469 1621 2584 1666 tum
2602 1607 2802 1664 deinde
2828 1607 2885 1660 in
2913 1602 3199 1659 Christum
3225 1596 3534 1661 credidere,

1954 1706 2207 1762 addicere
2239 1720 2301 1761 se
2336 1719 2450 1758 non
2484 1700 2686 1757 debent
2729 1694 2858 1766 legi,
2894 1708 3016 1765 qua:
3047 1697 3260 1746 recture
3305 1685 3536 1756 reddere

1881 1775 1923 1830 Β
1957 1812 2063 1853 non
2093 1795 2260 1852 valet.

2027 1889 2196 1944 Vens.
2248 1887 2333 1941 l7.
2391 1903 2408 1936 ι
2447 1882 2604 1950 Quod
2659 1879 2705 1935 sl
2769 1881 3076 1949 quaerentes
3135 1867 3428 1940 iustiﬁcari
3481 1867 3535 1918 in

1957 1983 2204 2044 Christo,
2245 1977 2452 2032 inventi
2498 1988 2690 2044 sumus
2737 1978 2792 2036 et
2840 1968 2944 2044 ipsi
2993 1971 3349 2038 peccatores;
3405 1973 3538 2026 ergo

1959 2073 2215 2134 Christus
2249 2068 2458 2140 peccati
2484 2066 2737 2120 minister
2764 2061 2894 2120 est?
2930 2080 2950 2113 ι
3005 2045 3008 2048 ’

2033 2164 2254 2220 Vidcsis
2307 2162 2361 2216 in
2413 2167 2682 2228 quantam
2716 2151 3111 2209 absurditatem
3143 2147 3265 2202 illos
3305 2144 3552 2199 deducat

1961 2259 2056 2330 qui
2091 2254 2294 2310 addicti
2329 2262 2459 2309 sunt
2486 2251 2614 2322 legi.
2642 2247 2698 2301 Si
2735 2245 2870 2300 ﬁdes
2893 2245 2947 2298 in
2969 2241 3249 2306 Christum
3274 2253 3380 2300 non
3401 2235 3543 2296 valet.

1964 2333 2147 2403 facere
2176 2345 2413 2414 justum,
2447 2339 2545 2395 sed
2572 2349 2804 2392 necesse
2846 2339 2931 2388 est
2959 2329 3158 2384 iterum
3193 2324 3296 2395 legi
3334 2335 3545 2376 morem.

1964 2409 2192 2508 gerere;
2215 2447 2316 2487 nos
2346 2430 2440 2501 qui
2493 2431 2666 2498 legem
2700 2429 2929 2494 propter
2967 2417 3251 2474 Christum
3297 2409 3544 2466 deserui-

1967 2542 2112 2587 mus,
2145 2538 2245 2579 nec
2283 2521 2405 2591 ejus
2433 2516 2737 2574 emissione
2775 2511 2915 2581 justi
2943 2506 3250 2567 evasimus,
3283 2501 3383 2557 sed
3415 2515 3546 2553 com

1967 2612 2582 2680 demnati,inveniemus
2599 2606 2759 2676 plane
2775 2595 3251 2660 condemnationis
3264 2598 3547 2664 auctorem

1969 2712 2128 2768 nobis
2158 2677 2312 2764 illum
2339 2701 2645 2764 exstitisse,
2668 2702 2894 2767 propter
2920 2702 3085 2761 quem
3115 2685 3308 2742 relicta
3337 2685 3456 2752 lege
3481 2677 3549 2734 ad

1971 2801 2131 2857 ﬁdem
2164 2793 2537 2853 cucurrimus.

2049 2911 2068 2944 ι
2107 2890 2286 2948 Absit.
2331 2905 2350 2945 ι

2044 2983 2180 3040 Cum
2208 2979 2418 3037 videret
2445 2969 2838 3030 absurditatem
2869 2978 2993 3036 quae
3034 2977 3101 3018 ex
3131 2954 3392 3013 doctrina
3418 2951 3553 3005 alio-

2948 3051 3192 3110 adhibita
3240 3047 3346 3102 hac
3395 3057 3551 3106 voce,

1972 3170 2214 3313 Αιῧϊίιε.
2249 3252 2337 3310 l8.
2374 3270 2393 3307 ι
2429 3249 2487 3305 Si
2519 3247 2664 3303 enim
2711 3259 2834 3315 quae
2871 3239 3155 3302 destruxi,
3193 3237 3394 3294 iterum
3440 3234 3554 3288 haec

1971 3350 2202 3412 mdiﬁco,
2239 3342 2714 3415 praevaricatorem
2745 3349 2831 3390 me
2858 3332 3158 3388 constituo.
3190 3347 3211 3379 ι

2043 3441 2184 3506 Quia
2218 3436 2440 3492 aiebant
2478 3431 2580 3495 illi,
2610 3425 3091 3500 pratvaricatorem
3133 3435 3257 3474 esse
3305 3416 3400 3485 qui
3447 3430 3554 3467 non

1971 3540 2224 3590 servaret
2253 3529 2448 3598 legem,
2481 3521 2711 3593 perinde
2742 3531 2965 3588 quoque
2991 3529 3020 3573 a
3053 3507 3334 3567 contrario
3357 3508 3471 3576 ipse
3500 3520 3561 3556 se

1974 3622 2455 3697 praevaricatorem
2486 3614 2602 3669 fore
2646 3612 2805 3674 dicit,
2837 3609 2884 3666 si
2932 3607 3037 3675 legi
3086 3604 3448 3670 obsequatur.
3485 3597 3561 3648 Ae

1977 3689 2087 3770 tale
2115 3709 2399 3782 quidpiam
2454 3705 2575 3758 ait:
2625 3699 2800 3757 Desiit
2843 3700 2949 3762 les,
2985 3697 3151 3766 idque
3194 3689 3430 3763 professi
3469 3705 3564 3742 su—

1975 3779 2248 3872 mus,_ubi
2277 3799 2506 3856 dimissa
2539 3797 2655 3865 lege
2685 3793 2753 3848 ad
2785 3791 3024 3848 salutem
3056 3801 3182 3857 qua:
3216 3790 3301 3840 est
3338 3798 3404 3838 ex
3441 3779 3565 3845 ﬁde.

1978 3897 2349 3969 confugimus.
2379 3889 2538 3958 Quod
2568 3886 2614 3944 si
2644 3886 2810 3958 igitur
2835 3883 3005 3954 legem
3041 3879 3307 3940 roborare
3335 3881 3568 3928 conten-

1979 3967 2196 4054 damus,
2227 3988 2331 4044 hoc
2365 3985 2488 4054 ipso
2537 3978 2998 4052 praevaricatores
3043 3984 3258 4036 sumus,
3308 3967 3404 4037 qui
3451 3983 3570 4022 ser-

1980 4095 2111 4137 vare
2150 4079 2392 4140 nitamur
2426 4088 2490 4130 ea
2529 4086 2652 4143 qua
2701 4085 2732 4126 a
2781 4067 2894 4126 Deo
2939 4063 3126 4124 soluta
3168 4057 3572 4127 antiquataqu

1983 4179 2138 4229 sunt.

2054 4262 2222 4318 Vens.
2256 4260 2344 4316 19.
2403 4276 2422 4309 ι
2457 4256 2573 4327 Ego
2614 4252 2761 4308 enim
2792 4265 2891 4321 per
2937 4247 3112 4317 legem
3161 4240 3270 4314 legi
3321 4248 3572 4298 mortuus

1987 4367 2135 4415 sum,
2166 4359 2227 4404 ut
2257 4347 2368 4402 Deo
2401 4346 2601 4401 vivam.
2637 4337 2862 4396 Christo
2893 4335 3146 4391 conﬁxus
3184 4345 3309 4387 sum
3338 4330 3508 4384 cruci.
3551 4347 3569 4376 ι

389 4419 597 4522 Διιπλῆν
627 4419 740 4522 ἔχει
800 4451 960 4519 τοῦτο
987 4419 991 4422 Ι
1022 4419 1274 4520 θεωρίαν.
1294 4419 1377 4502 ’Ἦ
1408 4445 1545 4520 γὰρ’
1573 4450 1740 4518 νόμον
1791 4450 1872 4504 τοι

2062 4442 2274 4512 Duplex
2303 4438 2436 4494 dicti
2487 4433 2652 4504 hujus
2698 4427 3075 4492 consideratio
3119 4431 3225 4480 est.
3275 4419 3372 4476 Vel
3428 4420 3574 4473 enim

301 4544 407 4614 τῆς
435 4542 659 4614 χάριτός
686 4542 928 4614 (patrimi
957 4543 1124 4611 μόνον
1163 4541 1256 4604 τὸν
1297 4539 1528 4604 «eam
1573 4540 1746 4608 λέγει,
1783 4540 1892 4594 δει-

305 4635 444 4700 κνὺς
461 4634 546 4688 ὅτι
568 4634 635 4687 δι’
655 4633 825 4695 αὑτοῦ
864 4631 964 4686 -τοῦ
997 4633 1168 4702 νόμου
1209 4631 1360 4702 νόμῳ
1411 4631 1707 4684 ἀπέθανεν.
1737 4632 1801 4692 '0
1835 4631 1894 4684 δὲ

307 4725 460 4792 λέγει
481 4724 726 4780 τοιοῦτόν
769 4725 943 4782 ἐστιν’
971 4721 1144 4787 Αὐτὸς
1162 4724 1192 4777 ὁ
1213 4721 1377 4792 νόμος
1418 4739 1486 4792 με
1512 4721 1784 4792 ἐξήγαγεν
1813 4722 1895 4783 εἰς

307 4818 374 4872 τὸ
403 4820 695 4892 προσέχειν
719 4816 891 4888 αὐτῷ.
923 4817 988 4881 Ei
1017 4815 1199 4871 τοίνυν
1246 4815 1499 4884 μέλλοιμι
1528 4813 1679 4884 αὐτῷ
1723 4830 1896 4883 προσ-

309 4910 483 4980 έχειν,
512 4911 609 4963 καὶ
653 4909 818 4971 αὐτὸν
875 4908 1211 4978 παραϐαίνω
1237 4925 1250 4938 ·
1278 4906 1397 4972 πῶς
1419 4945 1435 4972 ,
1470 4906 1566 4960 καὶ
1589 4906 1695 4959 τίνι
1715 4905 1900 4976 τρόπῳ

313 5002 556 5071 Μωῦσῆς
599 4997 782 5056 εἷπεν-ί
809 5001 941 5056 ’Ὅτι
969 4998 1315 5069 ,προφήτην
1365 4996 1705 5066 ἀναστήσει
1754 4997 1902 5067 ὑμῖν

315 5091 536 5158 Κύριος
571 5090 641 5144 ἐκ
700 5089 820 5144 τῶν
865 5087 1148 5158 ἀδελφῶν
1196 5087 1364 5158 ὑμῶν
1401 5088 1481 5154 ὡς
1513 5086 1653 5158 ἐμέ·
1711 5089 1898 5143 αὑτοῦ

313 5182 681 5248 ἀκούσεσθε,
719 5183 850 5254 περὶ
875 5179 1114 5253 Χριστοῦ
1151 5181 1355 5250 λέγων;
1383 5180 1544 5233 Ὥστε
1579 5181 1630 5233 οἱ
1669 5179 1746 5250 μὴ
1773 5181 1900 5241 τού-

315 5292 395 5343 τῳ
427 5273 760 5344 πειθόμενοι,
785 5272 1189 5343 παραϐαίνουσι
1223 5273 1315 5326 τὸν
1350 5272 1529 5343 νόμον.
1566 5271 1630 5324 Τί
1664 5271 1721 5325 δέ
1758 5274 1894 5338 ἐστι,

317 5362 399 5430 τῷ
429 5364 594 5432 νόμῳ
632 5363 938 5418 ἀπέθανον
957 5381 976 5429 ;
1010 5364 1220 5433 ’Ὠσπερ
1241 5364 1334 5418 τὸν
1357 5362 1548 5432 νεκρὸν
1597 5363 1699 5416 οὐκ
1750 5361 1897 5416 ἔστιν

321 5454 671 5521 ιζιπαγαγεῖνα
704 5455 824 5516 ταῖς
879 5452 1121 5513 ἐντολαῖς
1181 5450 1275 5503 τοῦ
1305 5453 1494 5521 νόμου,
1537 5447 1712 5512 οὓτως
1772 5448 1898 5502 οὐδὲ

408 5599 450 5628 ³³
481 5594 638 5650 Deut.
666 5596 935 5660 xvttt,15.

1991 4534 2183 4608 gratia:
2210 4533 2384 4604 legem
2416 4528 2568 4592 dicit,
2604 4525 2688 4584 vel
2726 4524 2902 4593 legem
2928 4517 3238 4587 antiquam,
3267 4511 3365 4568 ubi
3385 4518 3576 4565 osten-

1990 4604 2071 4684 dit
2109 4641 2207 4697 per
2249 4624 2423 4694 legem
2467 4634 2532 4681 se
2562 4625 2843 4679 mortuum
2889 4625 3012 4668 esse
3050 4608 3176 4679 legi.
3203 4604 3360 4672 Quod
3392 4610 3573 4656 autem

1993 4724 2091 4785 ait,
2111 4695 2267 4775 hunc
2307 4729 2537 4772 sensum
2568 4711 2752 4771 habet.
2796 4707 2905 4770 Lex
2939 4705 3060 4773 ipsa
3089 4715 3178 4756 me
3205 4695 3482 4754 deterruit
3508 4708 3577 4746 ne

1995 4812 2100 4870 sibi
2155 4810 2592 4877 obtemperarem
2636 4821 2650 4856 :
2691 4798 2838 4858 unde
2895 4796 2943 4851 si
3004 4793 3108 4864 ipsi
3166 4787 3577 4844 auseultavero,

1997 4904 2168 4974 legem
2205 4902 2378 4972 ipsam
2413 4897 2579 4954 violo.
2614 4892 2852 4959 Quinam
2885 4902 3037 4953 vero,
3084 4897 3264 4954 quave
3305 4876 3462 4949 163
3495 4890 3582 4928 ra-

1999 4968 2171 5058 tione,
2213 4968 2430 5062 Moyses
2465 4987 2664 5048 elfatus
2685 4991 2772 5040 est
2800 4998 2814 5034 :
2844 4979 2984 5046 Quia
3018 4975 3331 5046 prophetam
3357 4968 3585 5023 suscita-

2001 5087 2074 5140 hit
2119 5083 2259 5140 vobis
2295 5081 2554 5135 Dominus
2596 5077 2658 5130 de
2703 5071 2961 5144 fratribus
3010 5066 3223 5128 vestris,
3269 5062 3404 5116 sicut
3458 5071 3583 5111 me:

2001 5178 2173 5245 ipsum
2203 5168 2530 5235 audietis";
2558 5181 2682 5238 qua:
2705 5143 2777 5219 de
2815 5159 3040 5214 Christo
3083 5155 3232 5210 dicta
3269 5156 3393 5206 sum
3423 5147 3445 5198 Τ
3480 5143 3583 5209 Qui

2000 5280 2130 5336 ergo
2150 5262 2281 5318 huic
2309 5260 2532 5332 quidem
2565 5237 2677 5311 non
2716 5253 3121 5320 obsequuntur,
3155 5246 3328 5314 legem
3357 5237 3585 5292 violant.

1966 5402 1968 5404 -
2005 5329 2146 5425 Quid
2174 5329 2355 5411 autem
2395 5353 2499 5406 hoc
2539 5357 2643 5418 est,
2677 5347 2778 5418 legi
2816 5353 3058 5398 mortuus
3115 5339 3272 5394 sum?
3315 5329 3587 5399 Quemad-

2010 5422 2236 5506 modum
2265 5446 2455 5516 utique
2487 5441 2600 5498 ﬁeri
2633 5456 2743 5497 non
2770 5444 2956 5510 potest
2977 5442 3038 5490 ut
3063 5431 3157 5504 qui
3190 5434 3425 5484 mortem
3455 5422 3590 5476 obiit

1622 5710 1850 5767 VAl‘tIJE
1895 5713 2293 5770 LECTIONES.

368 5815 394 5842 ε’
446 5809 588 5878 Lego
622 5824 684 5863 ex
703 5805 981 5877 Chrysost.
1021 5805 1332 5859 ὑπακούειν⁴
