3970 6412
388 335 490 402 791

1600 348 1660 406 S.
1701 347 2020 407 JOANNIS
2059 348 2151 407 DA
2163 351 2487 416 MASCENI

3539 352 3661 417 792

390 449 682 521 praeceptis
712 450 852 522 legis
881 451 1236 520 subjiciatur,
1272 452 1345 505 ita
1373 466 1474 508 nee
1516 468 1637 523 ego,
1682 454 1774 523 qui
1815 453 1981 507 male-

2117 459 2184 527 μὲ
2237 460 2328 513 τὸν
2385 465 2449 516 ὲκ
2505 465 2606 535 τῆς
2640 467 2887 539 κατάρας
2945 469 3041 522 τοῦ
3099 468 3271 545 νόμον
3313 472 3416 545 τῆς
3454 477 3669 538 ἐκείνου

390 540 636 596 dictione
673 540 805 611 legis
857 550 1112 597 mortuus
1163 557 1308 599 sum.
1347 541 1461 598 Lex
1506 544 1710 614 quippe
1739 545 1874 597 diris
1924 551 1981 598 ct

390 633 767 689 inaledictioni
806 633 1011 688 addicit
1044 634 1222 699 illum,
1251 637 1342 706 qui
1390 636 1577 690 omnia
1625 650 1733 690 non
1784 635 1980 705 imple-

390 727 529 782 verit
549 742 672 796 quae
710 726 829 797 lege
850 728 1174 799 praescripta
1211 737 1362 785 sunt.
1405 728 1616 784 Nemini
1656 736 1839 785 autem
1877 730 1981 784 hoc

389 818 660 889 possibile
686 829 825 874 erat.
996 812 1001 816 ’
1150 800 1162 831 ⁵

460 909 629 966 Vens.
660 911 751 966 20.
788 930 808 965 ι
847 910 982 967 Vivo
1001 919 1211 977 autem,
1243 913 1354 984 jam
1390 928 1497 969 non
1528 928 1631 983 ego
1656 930 1669 967 :
1697 913 1827 968 vivit
1851 928 1979 968 vero

390 1002 444 1054 in
476 1015 563 1057 me
591 994 881 1059 Christus.
906 1003 1062 1069 Quod
1087 1013 1268 1058 autem
1294 1020 1441 1059 nunc
1471 1006 1597 1059 vivo
1630 1005 1683 1059 in
1711 1020 1896 1067 carne,
1924 1007 1978 1060 in

391 1094 497 1149 nde
525 1095 651 1149 vivo
701 1093 827 1150 Filii
878 1096 997 1163 Dei,
1045 1082 1153 1166 qui
1214 1097 1407 1153 dilexit
1467 1113 1583 1163 me,
1643 1108 1697 1154 et
1753 1099 1980 1154 tradidit

392 1186 748 1258 semetipsum
782 1203 879 1257 pro
906 1203 1012 1244 me.
1054 1209 1072 1241 ι

460 1277 579 1332 Jam
623 1293 731 1334 non
786 1279 889 1351 legi
946 1280 1107 1348 vivo,
1163 1284 1375 1354 inquit,
1426 1298 1604 1354 neque
1674 1282 1978 1337 secundum

391 1372 581 1438 legem.

465 1461 629 1518 Vens.
656 1464 746 1519 21.
789 1484 808 1516 ι
846 1464 966 1522 Non
994 1467 1198 1537 abjicio
1229 1470 1463 1539 gratiam
1490 1468 1605 1522 Dei.
1638 1487 1655 1518 ι

460 1554 565 1611 Per
589 1558 843 1627 gratiam,
875 1558 1076 1630 inquit,
1108 1561 1247 1616 liber
1274 1560 1446 1615 evasi.
1475 1560 1830 1629 Nequaquam
1849 1574 1982 1630 ergo

390 1648 460 1705 ad
494 1650 663 1721 legem
705 1651 1002 1718 redeundo,
1041 1656 1228 1723 gratiae
1278 1654 1540 1723 injuriam
1578 1651 1777 1719 infero,
1829 1666 1892 1706 ac
1937 1653 1982 1706 si

390 1757 499 1797 non
526 1745 732 1800 valeret
756 1746 923 1801 vitam
956 1757 1238 1817 praestare.

467 1853 487 1885 ι
530 1833 587 1889 Si
643 1837 789 1891 enim
842 1814 1165 1910 per—legem
1231 1838 1490 1910 justitia;
1544 1854 1676 1911 ergo
1726 1838 1982 1895 Christus
2016 1814 2055 1861 Β

390 1930 562 2000 gratis
592 1941 845 1987 mortuus
875 1939 980 1987 est.
1016 1951 1035 1985 ι

458 2024 715 2081 Christus
746 2034 1001 2083 mortuus
1053 2034 1135 2081 est
1173 2040 1273 2097 pro
1328 2026 1512 2092 nobis,
1539 2026 1745 2095 inquit,
1785 2033 1843 2078 ut
1883 2038 1984 2078 nos

387 2114 681 2179 excitaret,
705 2115 980 2184 justitiam
1025 2115 1300 2184 przebens,
1333 2122 1387 2170 et
1417 2123 1705 2185 peccatum
1740 2129 1771 2169 e
1801 2112 1985 2169 medio

391 2205 672 2263 auferens.
732 2207 828 2262 Sin
892 2224 1057 2275 vero,
1127 2209 1446 2279 quicunque
1500 2207 1982 2263 circumcisioncm

390 2299 649 2363 suadent,
680 2315 777 2370 per
806 2301 980 2371 legem
1008 2300 1221 2371 justum
1253 2302 1531 2356 hominem
1562 2300 1677 2354 ﬁeri
1705 2308 1980 2367 asserunt,

391 2406 804 2464 supervacanea
828 2401 913 2448 est
944 2409 1092 2450 mors
1120 2393 1346 2451 Christi.

1046 2522 1199 2577 CAP.
1243 2522 1332 2577 111.

462 2631 627 2688 Vens.
664 2633 714 2685 1.
753 2652 771 2684 ‹
800 2632 849 2688 Ο
878 2633 1147 2690 insensati
1189 2632 1416 2689 Galatae.
1462 2650 1480 2683 ι

460 2726 700 2782 Osteusa
730 2725 1076 2782 absurditate
1119 2736 1174 2781 et
1222 2725 1314 2782 Dei
1373 2726 1601 2796 injuria,
1639 2726 1981 2797 praeﬂdenter

390 2814 543 2874 addit
576 2817 1043 2889 objurgationcm.

467 2928 489 2963 ι
527 2909 664 2977 Quis
686 2911 841 2968 vobis
866 2911 1084 2975 invidit,
1115 2926 1184 2967 ne
1215 2911 1519 2967 obediretis
1554 2912 1813 2967 veritati?
1848 2932 1866 2964 ι

464 3087 817 3143 Demonstrat
859 3102 956 3143 eos
990 3088 1179 3145 felices
1206 3088 1511 3173 exstitisse,
1542 3087 1788 3160 quandiu
1815 3088 1975 3145 ﬁdem

2080 555 2505 626 τελευτήσαντα.
2539 559 2599 612 '0
2643 559 2752 631 γὰρ
2802 561 2967 632 νόμος
3017 555 3432 637 ἐπικατᾶρατον
3486 559 3670 631 ἐποίει

2081 646 2258 701 πάντα
2279 649 2372 701 τὸν
2402 650 2475 720 μὴ
2508 650 2822 721 πληροῦντα
2861 653 2931 707 τὰ
2977 654 3037 710 ἐν
3066 653 3147 727 τῷ
3174 657 3347 731 νόμῳ.
3385 660 3579 729 Οὐδεὶς
3607 664 3668 719 δέ

2080 738 2307 805 δυνατὸς
2329 741 2620 813 πληρῶσαι
2646 739 2736 813 ἦν.

2159 936 2178 970 ι
2219 920 2306 973 Ζῶ
2325 917 2403 983 δὲ,
2437 918 2539 972 οὐκ
2567 917 2649 971 ἔτι
2677 917 2812 987 ἐγὼ,
2843 916 2910 990 ζῇ
2952 920 3011 973 δὲ
3044 920 3103 975 ἐν
3145 921 3272 991 ἐμοὶ
3310 924 3566 994 Χριστός.
3610 930 3680 978 '0

2079 1010 2136 1063 δέ
2166 1008 2263 1064 νῦν
2310 1011 2390 1074 ζῶ
2433 1013 2491 1065 ἐν
2531 1014 2716 1081 σαρκὶ,
2748 1012 2810 1066 ἐν
2837 1014 3021 1067 πίστει
3058 1012 3136 1078 ζῶ
3178 1017 3247 1085 τῇ
3275 1016 3373 1069 τοῦ
3403 1015 3536 1070 Υίοῦ
3576 1019 3678 1071 τοῦ

2079 1101 2248 1167 Θεοῦ,
2271 1102 2363 1155 τοῦ
2408 1103 2800 1175 ἀγαπήσαντός
2843 1122 2910 1174 με
2933 1143 2950 1172 ,
2977 1106 3073 1160 καὶ
3107 1106 3440 1177 παραδόντος
3478 1108 3679 1161 ἐαυτὸν

2081 1193 2222 1263 ὑπὲρ
2247 1192 2404 1263 ἐμοῦ.
2436 1212 2456 1246 ι

2153 1284 2246 1356 Τῷ
2273 1284 2443 1357 νόμῳ,
2474 1286 2661 1358 φησὶν,
2688 1287 2722 1357 ἢ
2755 1288 2881 1342 ὅσον
2914 1287 3059 1344 κατά
3083 1288 3176 1344 τὸν
3197 1288 3388 1362 νόμον.

2159 1486 2179 1518 ι
2222 1467 2337 1521 Οὐκ
2363 1467 2545 1523 ἀθετῶ
2585 1469 2684 1538 τὴν
2713 1468 2875 1540 χάριν
2901 1467 2995 1522 τοῦ
3025 1469 3183 1523 Θεοῦ.
3218 1488 3239 1522 ι

2154 1560 2253 1614 Διὰ
2278 1559 2382 1631 τῆς
2409 1561 2632 1634 χάριτος
2658 1560 3064 1632 ἡλευθέρωμαι,
3101 1559 3287 1630 φησίν.
3329 1557 3540 1613 Οὐκοῦν
3572 1559 3678 1628 οὐχ

2083 1652 2440 1721 ὑποστρέφων
2474 1651 2639 1706 πάλιν
2670 1653 2751 1715 εἰς
2774 1652 2866 1705 τὸν
2898 1652 3083 1723 νόμον,
3126 1651 3332 1735 ὑϐρίςω
3358 1651 3459 1721 τὴν
3488 1651 3676 1722 χάριν,

2084 1741 2161 1805 ὡς
2189 1741 2264 1813 μὴ
2295 1743 2603 1815 δυναμένην
2637 1746 2944 1810 ζωοποιεῖν.

2166 1853 2185 1885 ι
2223 1836 2287 1889 Εἰ
2310 1834 2420 1906 γὰρ
2448 1836 2539 1889 διὰ
2584 1836 2751 1907 νόμου
2788 1837 3106 1910 δικαιοσύνη
3124 1878 3139 1903 ,
3165 1837 3277 1910 ἄρα
3304 1838 3542 1909 Χριστὸς
3564 1837 3679 1891 δω-

2090 1924 2222 1997 ρεάν
2253 1925 2546 1980 ἀπέθανεν.
2583 1946 2602 1978 ι

2171 2017 2457 2082 Ἀπέθανε,
2485 2019 2671 2089 φησὶν,
2699 2019 2840 2089 ὑπὲρ
2875 2020 2907 2091 ἡ
2919 2017 3036 2090 μῶν
3063 2020 3091 2072 ὁ
3117 2020 3371 2090 Χριστὸς,
3409 2018 3495 2070 ἵνα
3520 2016 3679 2089 ἡμᾶς

2087 2113 2390 2184 ἀναστήσῃ,
2436 2112 2755 2177 δικαιώσας,
2781 2113 2878 2165 καὶ
2924 2111 3024 2183 τὴν
3063 2111 3340 2182 ἁμαρτίαν
3382 2111 3585 2181 ποιήσῃ
3606 2111 3677 2163 ἐκ

2089 2204 2278 2273 μέσου.
2314 2204 2376 2257 Εἰ
2412 2203 2469 2257 δέ
2510 2204 2624 2257 ὅσοι
2678 2202 3028 2274 περιτέμνειν
3077 2201 3390 2268 πείθοντες,
3419 2201 3681 2271 λέγουσιν

2084 2297 2144 2348 ἐν
2170 2295 2319 2367 νόμῳ
2348 2295 2703 2367 δικαιοῦσθαι
2725 2295 2816 2349 τὸν
2848 2294 3136 2365 ἄνθρωπον
3161 2334 3175 2360 ,
3202 2293 3453 2364 περιττὸς
3477 2294 3505 2346 ὁ
3532 2292 3679 2363 Χρι-

2088 2387 2216 2441 στοῦ
2251 2387 2481 2451 θάνατος
2513 2366 2759 2457 γέγονεν.

2700 2521 2954 2575 uecta.
2998 2507 3077 2573 Τί.

2163 2656 2179 2688 ι
2218 2632 2289 2688 Ὦ
2315 2636 2540 2706 ἀνόητοι
2573 2635 2834 2690 Γαλάται.
2873 2653 2891 2685 ι

2155 2729 2348 2797 Δείξας
2375 2730 2438 2783 τὸ
2457 2730 2658 2785 ἄτοπον
2688 2730 2786 2783 καὶ
2833 2728 2895 2782 τὸ
2935 2727 3254 2798 βλάσφημον
3272 2765 3288 2791 ,
3327 2723 3548 2799 θαρρῶν
3572 2724 3686 2777 ἐπ-

2085 2823 2263 2893 ήγαγε
2301 2823 2400 2893 τὴν
2432 2819 2744 2892 ἐπίπληξιν.

2162 2929 2180 2961 ι
2236 2910 2334 2974 Τίς
2392 2911 2537 2980 ὑμᾶς
2595 2909 2902 2964 ἐϐάσκανεν
2951 2912 3016 2981 τῇ
3067 2907 3298 2981 ἀληθείᾳ
3349 2907 3425 2978 μὴ
3483 2905 3684 2960 πείθε-

2086 3002 2248 3068 σθαι;
2288 3022 2307 3054 ι

2165 3094 2407 3160 Ἔδειξεν
2428 3093 2607 3159 καλῶς
2628 3092 2965 3165 πράττοντας
2996 3093 3356 3165 πειθομένους
3380 3094 3446 3164 τῇ
3468 3091 3679 3145 πίστει.

396 3187 710 3235 tenuerant.
743 3178 1283 3251 lnvidentiaquippe
1307 3164 1509 3237 lacessi
1542 3158 1652 3236 non
1700 3180 1984 3246 dicuntur,

2113 3186 2155 3240 Et
2187 3187 2262 3258 μὴ
2293 3158 2402 3256 γάρ
2448 3186 2557 3241 τῶν
2609 3158 2963 3258 πραττόντων
3006 3158 3187 3250 καλῶς
3234 3187 3269 3256 ἡ
3300 3158 3567 3255 βασκανία
3610 3181 3683 3234 οὐ

396 3271 505 3328 nisi
543 3272 746 3343 quibus
780 3287 870 3328 res
901 3286 1165 3343 prospere
1196 3272 1521 3329 succedunt.
1549 3272 1715 3343 Atqui
1752 3269 1839 3327 his
1869 3287 1989 3326 rer-

397 3365 483 3421 liis
529 3380 723 3422 rlll‘SIIS
756 3379 851 3422 eos
884 3373 1108 3420 revocat
1152 3365 1221 3419 ad
1282 3366 1544 3436 gratiam,
1590 3380 1712 3436 qum
1747 3364 1850 3421 lidc
1895 3380 1990 3433 pa-

397 3463 571 3510 ratur.

454 3566 491 3599 λι
527 3548 671 3604 Ante
714 3563 952 3620 quorum
993 3549 1188 3606 oculos
1224 3547 1391 3605 Jesus
1423 3548 1684 3605 Christus
1734 3550 1989 3620 praescri-

396 3650 524 3709 ptus
557 3647 665 3708 est,
705 3641 762 3695 in
791 3641 949 3697 vobis
977 3641 1300 3697 cruciﬁxus.
1334 3639 1625 3714 [γεκαὶ]
1661 3639 1776 3696 lloc
1806 3643 1986 3697 solum

397 3751 426 3785 π
458 3733 614 3788 vobis
650 3733 777 3789 volo
808 3733 1045 3791 discere.
1085 3754 1103 3787 ι

467 3819 528 3877 In
578 3823 905 3879 memoriam
965 3837 1061 3880 eos
1112 3831 1379 3893 perpetuo
1430 3832 1659 3880 revocat
1715 3826 1988 3881 mortiset

399 3914 605 3980 crucis,
638 3929 737 3986 per
785 3930 908 3986 quae
934 3915 1116 3971 deleto
1142 3923 1369 3986 peccato
1407 3916 1668 3971 viximus.
1693 3917 1829 3972 Cum
1885 3933 1985 3972 au-

398 4018 508 4062 tem
543 4007 621 4063 ait
651 4026 666 4062 :
696 4006 836 4062 Ante
873 4007 1054 4063 oculos
1082 4009 1428 4079 praescriptus
1459 4017 1560 4074 est,
1588 4008 1868 4080 significat
1898 4009 1984 4063 in-

395 4095 708 4153 satiabilem
758 4095 1037 4167 quondam
1090 4096 1263 4153 fuisse
1298 4112 1492 4153 eorum
1543 4112 1673 4168 erga
1703 4098 1983 4153 Christum

397 4204 662 4255 amorem,
689 4185 766 4242 ita
789 4192 847 4240 ut
866 4185 983 4257 ejus
1001 4186 1315 4259 mysterium
1330 4196 1456 4245 ante
1485 4190 1677 4247 oculos
1736 4191 1983 4260 ipsorum

398 4276 777 4338 indesinenter
803 4290 1140 4337 versaretur.

471 4393 490 4426 ι
528 4374 604 4429 Ex
637 4376 897 4445 operibus
941 4375 1078 4446 legis
1123 4374 1392 4445 Spiritum
1440 4373 1764 4443 accepistis;
1817 4387 1885 4426 an
1919 4389 1985 4428 ex

398 4468 589 4523 auditu
621 4465 1006 4539 ﬁdei?[V‘r-:ns.
1036 4465 1115 4539 5.]
1147 4466 1243 4522 Sic
1276 4466 1426 4523 stulti
1464 4465 1621 4520 estis.
1659 4484 1677 4515 ι
1762 4462 1765 4465 ’

466 4555 696 4613 Plurimi
726 4572 921 4615 eorum
947 4558 1043 4628 qui
1075 4557 1131 4611 in
1167 4557 1392 4613 Christo
1418 4555 1693 4626 ‘baptizati
1722 4562 1904 4620 erant,
1931 4564 1986 4611 et

395 4637 731 4723 acceperant
763 4651 1027 4721 Spiritum
1068 4657 1351 4715 sanctum,
1383 4649 1589 4704 multas
1633 4652 1985 4718 operatioucs

396 4760 496 4816 per
547 4746 729 4816 ipsum
778 4743 1133 4815 praestabant,
1165 4752 1222 4799 et
1276 4755 1474 4813 magna
1523 4740 1792 4813 prodigia.
1859 4741 1985 4797 llaec

396 4839 561 4908 igitur
594 4838 678 4893 eis
727 4843 1147 4893 commemorat.
1197 4833 1257 4889 Si
1312 4834 1433 4904 lege
1483 4833 1667 4887 divina
1718 4836 1984 4889 miracula

400 4938 617 4999 patrare
637 4942 968 4985 concessum
998 4941 1108 4982 non
1139 4933 1245 4993 est,
1266 4925 1360 4981 sed
1392 4925 1564 4996 gratia
1592 4925 1854 4996 Spiritus,
1884 4941 1986 4982 cur

399 5024 592 5079 relicto
618 5022 712 5078 illo
734 5022 828 5093 qui
878 5029 1034 5077 tanta
1083 5020 1202 5074 haec
1250 5017 1504 5088 praebuit,
1536 5019 1873 5090 confugiatis
1918 5020 1984 5072 ad

400 5117 594 5187 icgem,
626 5130 751 5187 quae
772 5116 985 5172 viribus
1026 5115 1284 5170 deﬁcitur
1302 5116 1327 5168 ?

473 5226 492 5260 ι
532 5206 604 5262 Ut
634 5222 758 5262 cum
801 5208 997 5277 spiritu
1027 5207 1330 5277 cmperitis,
1360 5223 1506 5264 nunc
1535 5223 1702 5265 carne
1726 5223 1984 5264 consum-

398 5300 661 5358 mcmini?
692 5318 713 5352 ι

468 5414 723 5471 Ostendit
764 5403 862 5470 eos
907 5412 1156 5471 ordinem
1204 5414 1517 5473 invertisse.
1551 5413 1597 5466 A
1640 5413 1986 5484 spiritalibus

403 5507 563 5581 164.
611 5508 757 5564 enim
810 5507 881 5562 ad
930 5507 1302 5579 spiritualiora
1363 5507 1679 5579 proceditur
1733 5525 1746 5561 :
1793 5510 1986 5562 contra

396 5591 532 5656 vero
573 5601 677 5669 illi,
714 5601 959 5673 acceptis
1003 5602 1241 5673 primum
1292 5599 1702 5673 spiritualibus,
1753 5599 1818 5654 ad
1864 5614 1986 5654 car-

401 5694 544 5748 nalia
571 5696 931 5760 transierant,
958 5695 1023 5751 ad
1048 5694 1532 5751 circumcisioncm
1565 5693 1795 5749 scilicet.
1843 5692 1990 5748 Bene

402 5801 532 5842 vero
558 5785 714 5854 dicit,
776 5787 1255 5844 consummamini:
1311 5787 1365 5843 id
1416 5786 1562 5857 quod
1610 5788 1794 5856 posuit
1831 5803 1896 5843 ac
1941 5789 1987 5844 si

2091 3279 2336 3348 λέγεται.
2373 3276 2544 3332 Τοῦτο
2581 3278 2639 3334 δέ
2670 3278 2865 3346 λέγων,
2907 3276 3221 3332 ἐκκαλεῖται
3269 3275 3433 3331 πάλιν
3463 3273 3544 3338 είς
3577 3272 3686 3343 τὴν

2089 3371 2177 3426 διὰ
2207 3371 2439 3435 πίστεως
2470 3372 2649 3443 χάριν.

2165 3571 2184 3604 ι
2215 3548 2311 3615 οἷς
2333 3551 2453 3607 κατ’
2480 3549 2795 3621 ὀφθαλμοὺς
2823 3547 3033 3618 Ἰησοῦς
3074 3546 3310 3619 Χριστὸς
3349 3544 3683 3617 προεγράφη

2088 3649 2147 3700 ἐν
2192 3647 2322 3716 ὑμῖν
2355 3641 2793 3716 ἐσταυρωμένος.
2841 3640 3015 3696 Τοῦτο
3076 3641 3238 3711 μόνον
3295 3637 3438 3692 θέλω
3484 3638 3684 3709 μαθεῖν

2089 3738 2182 3806 ἀφ’
2214 3738 2389 3808 ὑμῶν.
2434 3753 2453 3790 ι

2084 3804 2117 3833 δ
2160 3828 2409 3882 Συνενῶς
2459 3829 2871 3882 ἀναμιμνήσκει
2914 3826 3116 3882 αὐτοὺς
3162 3825 3257 3880 τοῦ
3309 3823 3541 3880 θανάτου
3582 3824 3678 3876 xui

2202 3828 2409 3900 υνεχῶς
2459 3829 2871 3900 ἀναμιμνήσκει
2914 3826 3116 3891 αὐτοὺς
3162 3825 3257 3880 τοῦ
3309 3823 3541 3880 θανάτου
3582 3824 3685 3876 καὶ

2086 3918 2184 3973 τοῦ
2234 3917 2473 3990 σταυροῦ
2501 3959 2517 3984 ,
2549 3917 2619 3972 δι’
2653 3912 2718 3972 οῦ
2784 3918 2886 3988 τῆς
2943 3916 3219 3989 ἁμαρτίας
3271 3913 3682 3982 ἀπαλλαγέντες

2090 4011 2386 4083 ὲζήσαμεν.
2415 4011 2489 4064 Τὸ
2539 4011 2616 4076 δὲ,
2645 4008 2997 4079 Προεγράφη
3047 4007 3160 4078 πρὸ
3213 4004 3558 4077 ὀφθαλμῶν,
3596 4005 3681 4057 ετ-

2091 4120 2228 4175 ρηκε
2252 4142 2267 4166 ,
2298 4101 2515 4165 δεικνὺς
2544 4100 2638 4155 τὸν
2686 4099 2967 4173 ἄπληστον
3018 4097 3201 4153 αὐτῶν
3243 4096 3506 4168 πρότερον
3548 4095 3684 4165 περὶ

2086 4198 2177 4250 τὸν
2198 4195 2435 4267 Χριστὸν
2465 4194 2652 4260 πόθον,
2673 4194 2750 4258 ὼς
2783 4192 2873 4248 διὰ
2896 4192 3097 4256 παντὸς
3129 4192 3188 4245 ἐν
3215 4189 3517 4261 ὀφθαλμοῖς
3545 4187 3686 4258 ὁρᾷν

2086 4289 2149 4342 τὸ
2180 4289 2507 4359 μυστήριον.
2658 4324 2663 4327 -
2744 4334 2747 4337 .
2814 4279 2820 4286 ’

2165 4402 2184 4433 ι
2234 4380 2323 4448 Ἐξ
2351 4381 2530 4466 ἔργων
2557 4380 2727 4451 νόμου
2752 4379 2814 4433 τὸ
2843 4377 3067 4449 Πνεῦμα
3085 4376 3330 4443 ἐλάϐετε,
3359 4374 3393 4445 ἢ
3420 4373 3480 4440 ἐξ
3510 4371 3684 4443 ἀκοῆς

2018 4500 2063 4555 ι)
2092 4473 2368 4538 πίστεως;
2410 4472 2599 4534 Οῦτως
2624 4471 2844 4542 ἀνόητοί
2876 4471 3020 4555 ἐστε.
3057 4488 3076 4522 ι

2164 4565 2357 4620 Πολλοὶ
2386 4564 2495 4617 τῶν
2522 4549 2935 4634 βαπτισθέντων
2959 4562 3040 4624 είς
3067 4558 3304 4630 Χριστὸν
3323 4600 3338 4624 ,
3368 4555 3465 4611 καὶ
3487 4554 3690 4611 λαϐόν-

2092 4674 2200 4711 των
2232 4654 2460 4725 Πνεῦμα
2485 4653 2642 4722 ἂγιον
2674 4642 2878 4716 πολλὰς
2912 4649 3194 4721 ἐνεργείας
3237 4647 3458 4701 ἐποίουν
3482 4645 3553 4698 δι’
3584 4645 3691 4699 αὐ-

2093 4748 2188 4802 τοῦ
2223 4747 2538 4817 καὶσημεῖα
2588 4744 2836 4816 μεγάλα.·
2853 4742 3045 4797 Αὐτῶν
3082 4737 3177 4796 οῦν
3210 4738 3436 4794 ἐκείνων
3484 4737 3690 4798 αὐτοὺς

2091 4840 2525 4911 ἀναμιμνήσκει.
2562 4838 2626 4891 Ei
2676 4836 2774 4901 τὰς
2807 4835 3159 4919 θεοσημείας,
3191 4833 3378 4904 φησὶν,
3402 4831 3502 4901 οὐχ
3542 4832 3571 4883 ὁ
3598 4830 3692 4882 νό-

2097 4951 2195 5005 μος
2221 4931 2462 5002 παρέσχε
2485 4929 2861 5000 ποιεῖν,ἀλλ’ή
2897 4927 2992 4982 τοῦ
3017 4925 3338 4996 Πνεύματος
3366 4924 3548 4995 χάρις,
3567 4922 3689 4985 πῶς

2091 5029 2185 5083 τὸν
2238 5027 2306 5081 τὰ
2355 5024 2660 5099 τηλικαῦτα
2713 5023 3104 5096 παρεσχηκότα
3142 5019 3412 5090 ἀφέντες,
3443 5016 3539 5070 ἐπὶ
3591 5014 3692 5069 τὸν

2092 5118 2424 5193 ἀσθενοῦντα
2459 5118 2825 5190 κατατρέχετε
2872 5119 3072 5188 νόμονς

2172 5237 2188 5267 ι
2259 5213 2652 5289 Ἐναρξάμενοι
2698 5212 3016 5283 πνεύματι,
3053 5209 3149 5263 νῦν
3198 5209 3363 5280 σαρκὶ
3420 5207 3693 5260 ἐπιτελεῖ--

2096 5307 2375 5371 σθε;›δ

2170 5418 2410 5485 Ἕδειξεν
2441 5418 2636 5481 αὐτοὺς
2660 5414 2756 5486 τὴν
2786 5413 2942 5483 τάξιν
2969 5413 3506 5487 ἀντι[σ]τρέψαντας.
3566 5412 3690 5465 Aab

2095 5496 2205 5581 γάρ
2235 5510 2343 5564 τῶν
2376 5507 2709 5580 σωματικῶν
2742 5508 2834 5561 ἐπὶ
2878 5509 2948 5561 τά
2995 5502 3488 5575 πνευματικώτερα
3533 5500 3687 5572 ἔρχε-

2095 5621 2184 5657 ται
2210 5620 2222 5633 ⁸
2253 5604 2303 5657 οἱ
2341 5602 2399 5655 δὲ
2430 5601 2764 5667 τούναντίον,
2802 5600 3021 5673 πρῶτον
3049 5598 3306 5660 λαϐόντες
3337 5597 3408 5651 τὰ
3434 5608 3687 5664 πνευμα-

2095 5696 2247 5759 τικὰ,
2284 5696 2628 5766 μετέστησαν
2659 5696 2740 5757 εἰς
2792 5694 2860 5747 τὰ
2910 5692 3172 5763 σαρκικὰ,
3219 5690 3319 5761 τὴν
3376 5689 3689 5761 περιτομήν

2099 5800 2262 5855 φημι.
2290 5783 2363 5842 Εὖ
2400 5788 2457 5843 δὲ
2495 5774 2587 5842 καὶ
2617 5788 2679 5842 τὸ
2700 5829 2714 5853 ,
2740 5786 3147 5853 ἐπιτελεῖσθε,
3175 5787 3273 5865 ὡς⁴
3304 5784 3396 5838 ἐπὶ
3451 5782 3685 5851 ἀλόγων,
