3970 6396
238 356 331 421 793

1383 352 1462 412 IN
1504 351 1742 413 EPIST.
1783 349 2289 411 AD'GALATAS.

3380 340 3488 403 79L

230 468 391 529 αὐτοῖς
426 464 761 537 παρέθηκεν,
792 463 867 528 ὡς
899 463 948 516 εί
991 461 1146 531 ἔλεγε
1176 461 1511 531 σαφέστερον
1534 477 1546 491 ·
1574 460 1784 529 ’Ὠσπερ

1933 473 1959 513 e
1989 453 2299 526 pecudibus
2331 464 2513 508 sermo
2549 448 2707 505 foret.
2739 445 2902 501 Velut
2939 443 2986 502 si
3018 441 3364 500 manifestius
3401 443 3490 498 di-
3584 430 3595 437 “

230 554 379 625 ἄλογα
423 556 719 627 θρέμματα
774 553 1046 625 παρέχετε
1093 553 1322 615 ἑαυτοὺς
1376 552 1457 614 εἰς
1513 552 1575 603 τὸ
1615 566 1786 604 κατα-

230 648 526 719 τέμνεσθαι.

298 760 314 793 ι
343 739 587 795 Τοσαῦτα
620 738 854 793 ἐπάθετε
878 737 1034 807 sini];
1064 738 1130 792 Et
1164 753 1229 807 γε
1272 738 1368 791 καὶ
1410 738 1557 806 εἰκῆ.
1580 756 1600 788 ι

293 917 401 972 Τῶν
423 916 653 984 ἀγώνων
684 915 910 970 ἐκείνων
941 917 1035 968 καὶ
1084 914 1195 968 τῶν
1224 912 1402 969 ἄθλων
1430 913 1631 976 αὐτοὺς
1657 911 1793 985 ἅναξ
1826 916 1833 919 ⁴

227 1011 536 1081 μιμνήσκει,
568 1000 645 1064 ὧν
679 1007 886 1063 ἔπαθον
917 1006 1006 1062 διὰ
1039 1006 1099 1061 τὸ
1145 1005 1427 1077 κήρυγμα.
1465 1006 1629 1072 Λέγει
1664 999 1758 1057 οὖν
1779 1019 1794 1035 ·

226 1104 309 1173 Μὴ
334 1102 421 1156 τὸν
450 1101 720 1174 πρότερον
769 1099 926 1171 ὑμῶν
953 1100 1160 1153 ἐκεῖνον
1201 1098 1380 1152 πάντα
1426 1096 1595 1150 κόπον
1627 1094 1796 1166 ἀργὸν

228 1194 547 1267 ἐργάσησθε.
579 1192 755 1248 Τοῦτο
780 1193 892 1264 γὰρ
911 1191 1063 1263 δηλοῖ
1084 1191 1164 1254 τὸ,
1183 1190 1255 1243 El
1281 1206 1348 1261 γε
1368 1190 1465 1245 καί
1497 1187 1653 1257 εικῆ,
1677 1187 1801 1242 ἀντὶ

226 1286 334 1352 τοῦ,
351 1287 410 1339 Et
441 1285 516 1356 μὴ
541 1285 971 1356 μετανοήσαντες
1008 1282 1172 1338 αὐτὸν
1203 1280 1497 1352 φυλάξητε.

294 1486 312 1518 ι
358 1467 416 1519 '0
444 1464 539 1519 οῦν
578 1462 930 1534 ἐπιχορηγῶν
964 1460 1093 1531 ὑμῖν
1132 1458 1195 1512 τὸ
1228 1457 1477 1527 Πνεῦμα,
1508 1457 1605 1509 καὶ
1643 1456 1798 1527 ἐνερ-

228 1560 329 1630 γῶν
359 1557 621 1626 δυνάμεις
651 1556 714 1609 ὲν
751 1554 899 1625 ὑμῖν,
937 1550 997 1616 ἐξ
1041 1550 1220 1620 ἔργων
1257 1547 1449 1619 νόμου,
1475 1547 1509 1616 ἢ
1539 1546 1599 1610 ἐξ
1629 1549 1799 1616 ἀκοῆς

227 1651 454 1710 πίστεως
476 1666 491 1713 ;
522 1668 541 1699 ι

296 1744 357 1795 Ὃ
400 1738 558 1793 εἴπεν
605 1736 863 1808 ἀνωτέρω
889 1776 905 1803 ,
936 1735 1036 1790 καὶ
1064 1735 1183 1790 νυνὶ⁸
1228 1734 1615 1806 ἐπιλαμϐάνει,
1643 1732 1800 1787 ἐκδυ-

1890 556 2046 603 ceret
2090 544 2438 631 :gPecudum
2493 541 2669 597 instar
2700 554 2798 595 vos
2842 539 2946 610 ipsi
2993 535 3369 593 concidendos
3398 535 3488 591 of-

1892 639 2070 696 fertis.

1964 730 2133 785 Vsus.
2155 729 2211 783 4.
2249 728 2475 783 LTanta
2499 723 2651 797 passi
2676 721 2814 778 estis
2837 721 2957 776 sine
2978 720 3184 777 causa?
3219 718 3278 774 Si
3304 725 3486 774 tamen

1895 836 2015 877 sme
2039 835 2230 876 causa.
2263 838 2282 870 ι

1968 911 2291 968 Memoriam
2320 907 2553 965 refricat
2586 918 2824 977 agonum
2869 909 2924 959 et
2958 900 3329 957 certaminum
3365 900 3488 955 illo-

1897 1020 2058 1070 rum,
2113 1019 2238 1074 quae
2290 1010 2517 1072 propter
2565 997 3015 1071 praedicationem
3073 992 3347 1048 obierant.
3400 991 3491 1043 Ait

1898 1112 2031 1167 ergo
2082 1114 2097 1150 :
2151 1093 2336 1151 Nolite
2384 1092 2686 1164 pristinum
2749 1089 2906 1144 illum
2968 1098 3190 1140 omnem
3247 1081 3492 1135 laborem

1898 1191 2152 1248 inutilem
2178 1198 2235 1245 et
2271 1203 2478 1245 vanum
2506 1186 2760 1243 reddere.
2814 1182 2931 1238 Hoc
2967 1180 3118 1238 enim
3159 1176 3343 1232 verbis
3371 1173 3494 1230 istis

1899 1283 2281 1355 significatur:
2310 1280 2371 1337 Si
2397 1289 2571 1335 tamen
2592 1279 2708 1334 sine
2737 1292 2938 1340 causa;
2966 1273 3022 1328 id
3048 1281 3132 1329 est
3156 1269 3264 1327 nisi
3290 1268 3493 1324 factum

1898 1376 2169 1433 mutando
2192 1376 2468 1445 integrum
2492 1386 2619 1428 eum
2655 1366 3010 1425 custodiatis.

1912 1517 1920 1525 .
1970 1469 2141 1524 Vsus.
2173 1468 2227 1523 ὅ.
2284 1486 2302 1518 ι
2346 1466 2448 1531 Qui
2489 1479 2621 1534 ergo
2663 1462 2858 1517 tribuit
2889 1458 3049 1514 vobis
3097 1454 3396 1527 Spiritum,
3440 1458 3498 1509 et

1899 1570 2159 1629 operatur
2183 1558 2418 1612 virtutes
2461 1555 2516 1609 in
2542 1551 2724 1618 vobis,
2751 1565 2819 1606 ex
2847 1547 3113 1621 operibus
3141 1545 3300 1617 legis,
3332 1558 3401 1598 an
3428 1553 3496 1599 ex

1900 1652 2089 1706 auditu
2124 1649 2247 1704 ﬁdei
2268 1648 2292 1702 ?
2328 1666 2348 1699 ι

1971 1743 2130 1798 Nunc
2159 1755 2379 1813 quoque
2406 1736 2638 1794 resumit
2689 1733 2826 1790 illud
2871 1729 3019 1804 quod
3057 1743 3225 1799 supra
3259 1727 3495 1789 dixerat,

230 1833 418 1888 σωπῶν
472 1832 674 1895 αὐτοὺς
718 1833 787 1902 τῇ
822 1830 1003 1901 δωρεᾷ
1051 1821 1128 1883 ὧν
1178 1826 1476 1899 εἰλήφεσαν
1522 1825 1798 1898 χαρισμά-

1933 1846 1966 1891 ιι
1993 1850 2090 1892 eos
2123 1831 2462 1904 pudefaciat,
2488 1828 2714 1900 obiecto
2750 1839 2980 1882 munere
3012 1821 3316 1894 gratiarum
3356 1831 3497 1888 quas

222 1942 341 1983 των.

298 2036 319 2069 ι
358 2015 562 2078 Καθὼς
596 2013 851 2085 Ἀϐραὰμ
873 2012 1166 2067 ἐπίστευσε
1202 2011 1285 2083 τῷ
1324 2008 1445 2082 Θεῷ
1464 2048 1480 2075 ,
1513 2010 1610 2063 καὶ
1636 2006 1805 2076 ἐλογί-

222 2105 318 2175 σθη
350 2107 506 2176 αὑτῷ
530 2108 615 2171 εἰς
656 2105 1033 2177 δικαιοσύνην.
1072 2124 1092 2158 ι

293 2200 518 2271 Ἐπειδὴ
552 2201 603 2253 οἱ
629 2199 942 2263 ’ἰουδαΐζειν
973 2196 1401 2265 ἀναγκάζοντες,
1434 2193 1806 2266 πρεσϐύτερον

217 2294 403 2362 ἔλεγον
421 2294 519 2346 τὸν
537 2292 703 2363 νόμον
723 2292 824 2362 τῆς
845 2290 1106 2356 πίστεως,
1129 2291 1194 2343 ὲκ
1212 2287 1307 2342 τοῦ
1331 2287 1577 2342 ἐναντίου
1592 2286 1806 2340 δείκνυ-

216 2402 296 2437 σιν
321 2386 353 2437 ὁ
384 2381 603 2446 Παῦλος
642 2381 1031 2453 πρεσϐυτέραν
1060 2378 1161 2449 τὴν
1197 2379 1381 2433 πίστιν
1408 2379 1475 2432 ὲκ
1512 2377 1616 2447 τῆς
1642 2393 1806 2446 περι-

211 2474 412 2544 τομῆς.
449 2474 567 2527 Kal
615 2472 805 2543 ἐπειδὴ
859 2472 1005 2543 μέγα
1051 2472 1319 2542 ἐφρόνουν
1373 2468 1452 2539 τῷ
1495 2468 1805 2539 προπάτορι

224 2566 500 2637 Ἀϐραὰμ,
522 2566 620 2619 καὶ
640 2566 707 2618 ὲκ
732 2563 924 2618 τούτου
962 2564 1125 2619 πάλιν
1154 2564 1355 2625 αὐτοὺς
1393 2561 1719 2615 ὲκδυσωπεῖ.
1740 2560 1806 2614 Ei

213 2663 321 2733 γὰρ
355 2659 615 2733 Ἀϐραὰμ
639 2660 725 2729 ἐφ’
747 2651 794 2727 ᾧ
823 2658 1080 2731 φρονοῦσι
1106 2657 1270 2728 μέγα,
1303 2656 1558 2726 φαίνεται
1588 2653 1808 2725 πρῶτος

209 2752 307 2824 τὴν
336 2751 528 2805 πίστιν
551 2751 869 2822 δεξάμενος,
896 2749 994 2803 καὶ
1032 2749 1098 2803 δι’
1130 2747 1305 2817 αὐτῆς
1335 2745 1490 2817 φίλος
1529 2760 1808 2817 προσηγο-

211 2843 512 2916 ρευόμενος
532 2842 692 2910 Θεοῦ,
718 2843 873 2914 πόσῳ
906 2842 1108 2914 μᾶλλον
1141 2834 1292 2897 οὗτοι
1330 2836 1810 2910 προσδραμοῦνται

207 2935 377 3008 αὐτῇ,
408 2934 558 3005 εἴγε
589 2935 689 3006 τὴν
722 2934 935 2989 ἐκείνου
964 2933 1194 3004 αὐχοῦσι
1228 2932 1555 3001 συγγένειαν
1581 2971 1597 2984 .

1907 1934 2256 1999 acceperant.
3496 1952 3501 1955 Α

1977 2019 2145 2073 Vens.
2179 2015 2233 2071 6.
2283 2035 2302 2067 ι
2341 2014 2499 2069 Sicut
2531 2010 2808 2067 Abraham
2831 2002 3071 2062 credidit
3096 2002 3234 2061 Deo.
3258 2008 3311 2057 et
3338 2014 3501 2070 repu-

1907 2119 2081 2168 tatum
2113 2116 2199 2165 est
2230 2108 2308 2162 illi
2339 2107 2408 2161 ad
2438 2103 2734 2175 justitiam.
2767 2118 2786 2152 ι

1942 2198 2459 2271 ‘Quandoquidem,
2504 2194 2599 2266 qui
2644 2191 2933 2263 judaizare
2984 2186 3278 2258 cogebant,
3325 2183 3501 2254 legem

1907 2295 2278 2366 antiquiorem
2304 2303 2427 2347 esse
2449 2286 2556 2342 fide
2593 2282 2944 2357 garriebant;
2973 2286 3168 2335 contra
3197 2275 3403 2330 Paulus
3433 2288 3502 2329 ex

1907 2365 2354 2442 circumcisionis
2399 2378 2691 2436 sanctione
2729 2373 2936 2430 evincit
2982 2370 3143 2426 fidem
3186 2383 3314 2424 esse
3363 2365 3506 2421 anti-

1907 2480 2179 2550 quiorem.
2202 2475 2266 2529 Et
2285 2473 2418 2545 quia
2442 2483 2650 2542 proavo
2674 2465 2959 2522 Abraham
2980 2460 3278 2517 admodum
3307 2472 3507 2527 super.

1910 2549 2155 2633 biehant,
2188 2583 2256 2622 ex
2301 2562 2539 2633 ipsemet
2569 2559 2837 2631 pudorem
2889 2555 2973 2610 eis
3035 2566 3257 2608 rursum
3297 2549 3498 2618 injicit.

1908 2663 2044 2717 Nam
2072 2659 2120 2715 si
2152 2656 2430 2713 Abraham
2455 2652 2619 2721 cujus
2647 2648 2833 2721 gratia
2854 2645 3090 2701 multum
3108 2646 3375 2711 arrogant
3396 2638 3506 2694 sibi

1910 2755 2149 2825 primum
2216 2747 2479 2803 habuisse
2538 2743 2698 2798 fidem
2754 2738 3053 2810 reperitur,
3100 2747 3316 2806 perque
3382 2744 3507 2784 eam

1912 2822 2126 2901 amicus
2152 2840 2250 2896 Dei
2283 2844 2639 2907 nuncupatus
2666 2839 2788 2899 est;
2838 2837 3049 2900 quanto
3077 2825 3257 2896 magis
3283 2822 3349 2877 ad
3386 2835 3509 2877 eam

1911 2935 2285 3010 istideberent
2298 2941 2614 2990 accurrere,
2629 2924 2676 2981 si
2698 2918 3184 2992 consanguinitate
3211 2916 3363 2971 illius
3388 2912 3510 2984 glo-

1915 3031 2152 3084 riantur.’

282 3141 305 3174 ε
349 3120 666 3175 Γινώσκετε
691 3120 801 3190 ἄρα
821 3118 905 3173 ὅτι
922 3117 1058 3171 οίδκ
1089 3116 1349 3179 πίστεως,
1365 3104 1514 3166 οὗτοι
1541 3111 1682 3164 εἰσιν
1703 3108 1810 3162 υἱοὶ

1987 3119 2156 3173 Vsus.
2181 3117 2232 3171 7.
2271 3133 2289 3166 ι
2324 3109 2654 3183 Cognoscite
2681 3121 2837 3178 ergo,
2859 3103 2991 3175 quia
3013 3101 3106 3173 qui
3124 3115 3191 3157 ex
3225 3099 3330 3154 fide
3358 3102 3509 3161 sunt,

221 3213 509 3286 Ἀϐραάμ.
549 3230 571 3265 ι

276 3306 576 3358 Δείκνυσιν
591 3302 659 3356 τὰ
679 3301 807 3373 ἔθνη
841 3300 1044 3373 μᾶλλον
1057 3298 1144 3352 διὰ
1157 3298 1255 3368 τῆς
1279 3297 1516 3358 πίστεως
1540 3291 1813 3364 αὐχοῦντα

205 3397 431 3466 πατέρα
464 3395 557 3448 τὸν
599 3382 874 3463 Ἀϐραὰμ,
904 3392 938 3463 ἢ
973 3390 1103 3453 τοὺς
1131 3389 1197 3441 ὲκ
1230 3385 1555 3456 περιτομῆς.
1578 3382 1813 3452 Τὸνγάρ

218 3487 490 3561 Ἀϐραὰμ
520 3485 673 3556 φίλον
728 3483 954 3554 εποίησε
980 3480 1116 3534 Θεοῦ
1147 3480 1182 3550 ἡ
1228 3478 1434 3542 πίστις,
1465 3477 1564 3546 οὐχ
1589 3476 1624 3547 ἡ
1657 3490 1815 3545 περι-

207 3582 383 3651 τομὴ,
414 3578 472 3637 ετ
496 3595 562 3646 γε
596 3577 837 3649 σφραγὶς
862 3574 959 3629 καὶ
988 3574 1219 3643 σημεῖον
1242 3569 1347 3641 τῆς
1376 3568 1615 3631 πίστεως
1652 3567 1812 3636 γέγο-

206 3688 300 3726 νεν
323 3672 363 3741 ἡ
382 3668 682 3739 περιτομήο
698 3666 761 3719 τὺ
779 3665 839 3718 δὲ
863 3663 1089 3735 σημεῖον
1100 3661 1312 3714 ἐκείνου
1324 3652 1388 3714 οῦ
1409 3660 1529 3711 ἐστι
1561 3658 1812 3728 σημεῖον,

208 3759 451 3814 ἔλασσόν
483 3760 652 3822 ἐστιν,
684 3755 830 3811 ὥστε
855 3755 904 3807 oi
932 3753 999 3806 ὲκ
1027 3751 1287 3817 πίστεως,
1324 3748 1526 3820 μᾶλλον
1561 3747 1815 3818 κληθεῖεν

209 3851 448 3915 εὶκὰτως
483 3848 580 3904 τοῦ
618 3846 872 3919 ’Δϐραὰμ
919 3844 1046 3908 υἱοὶ,
1080 3842 1115 3914 ἢ
1141 3842 1190 3896 οί
1243 3842 1308 3894 ἐκ
1344 3842 1445 3911 τῆς
1485 3837 1812 3909 περιτομῆς,

211 3945 313 4001 καὶ
338 3942 591 4014 τοσούτῳ
619 3942 732 4013 ὅσῳ
757 3939 960 4013 χρυσὸς
988 3937 1089 4008 τῆς
1119 3933 1415 4007 σφραγίδος
1445 3929 1637 3986 αὐτοῦ.

292 4150 312 4182 ι
350 4127 663 4201 Προῖόοῦσα
688 4126 722 4197 ἡ
750 4123 970 4197 Γραφὴ,
1001 4123 1084 4176 ὅτι
1137 4121 1202 4174 ὲκ
1245 4119 1487 4180 πίστεως
1504 4115 1717 4169 ρδικαιοϊ
1747 4113 1819 4166 τά

215 4224 349 4294 ἔθνη
386 4225 414 4275 ὁ
444 4219 601 4283 Θεός.
636 4239 654 4271 ι

286 4317 415 4370 Ἵνα
450 4315 525 4385 μὴ
549 4311 676 4385 δόξῃ
702 4306 1162 4381 ὲνθυμηματικῶς
1178 4305 1338 4360 τοῦτο
1358 4298 1814 4365 κατασκευάζειν,

219 4410 317 4465 καὶ
345 4410 447 4480 τὴν
480 4405 706 4478 Γραφὴν
746 4404 877 4476 περ)⁴
912 4401 1105 4455 τούτου
1153 4395 1539 4470 μαρτυροῦσαν
1568 4391 1743 4464 φέρει.

295 4517 315 4549 ι
358 4493 881 4568 Προευηγγελίσατο
924 4488 1003 4562 τῷ
1044 4487 1315 4558 Ἀϐραάμ.
1358 4504 1377 4536 ι

290 4591 444 4661 Ὅρα
493 4588 613 4651 πῶς
666 4585 766 4655 τὴν
806 4583 938 4654 περὶ
991 4581 1101 4634 τῶν
1155 4579 1326 4632 ἐθνῶν
1366 4577 1690 4645 συγγένειαν
1728 4592 1818 4644 γι-

222 4683 471 4753 νομένην
519 4679 660 4751 πρὸς
719 4673 1007 4746 Ἀϐραὰμ,
1039 4670 1412 4743 Εὐαγγέλιον
1463 4669 1725 4722 ἐκάλεσεν
1787 4668 1822 4739 ἡ

223 4775 448 4847 Γραφή.

300 4907 319 4937 ε
363 4888 492 4941 Ὀτι
536 4881 1059 4952 ὲνευλογηθήσονται
1103 4879 1161 4930 ἐν
1211 4875 1293 4929 σοὶ
1337 4875 1519 4929 πάντα
1559 4874 1628 4928 τὰ
1668 4872 1818 4942 ἔθνη.

224 4980 397 5033 Ὥστε
447 4979 498 5031 οἱ
548 4979 613 5032 ὲκ
672 4974 909 5038 πίστεως
959 4966 1313 5040 εὐλογοῦνται
1373 4969 1469 5023 σὺν
1523 4965 1600 5037 τῷ
1646 4966 1824 5036 πιστῷ

237 5070 527 5144 Ἀϐραάμ.
569 5089 589 5122 ι
676 5122 683 5127 .

297 5189 406 5244 Διὰ
440 5187 549 5258 τῆς
574 5184 768 5258 ὁμοίας
794 5182 1055 5247 πίστεως.

307 5322 329 5354 ι
372 5299 672 5370 ὐσοιγὰρ
699 5300 758 5367 ἐξ
808 5298 987 5370 ἔργων
1029 5296 1196 5365 νόμου
1238 5295 1378 5349 εἰσὶν
1403 5334 1419 5359 ,
1450 5293 1557 5346 ὑπὸ
1589 5290 1834 5361 κατάραν

222 5395 391 5449 εἰσίν.
416 5384 741 5463 Γέγραπται
760 5392 899 5462 γὰρ,
917 5392 1001 5444 ὅτι
1033 5388 1470 5458 Ἐπικατάρατος
1498 5387 1606 5448 πᾶς
1637 5385 1695 5449 ὃς
1726 5385 1827 5437 οὐκ

222 5488 475 5559 ἐμμένει
522 5488 660 5540 πᾶσι
684 5487 796 5549 τοῖς
846 5482 1258 5556 γεγραμμένοις
1282 5483 1342 5534 ἐν
1377 5478 1456 5549 τῷ
1499 5477 1690 5549 βιϐλίῳ
1732 5476 1826 5532 τοῦ

222 5581 406 5653 νόμον
428 5578 527 5635 τοῦ
553 5579 780 5650 ποιῆσαι
808 5578 969 5634 αὐτά.
1012 5598 1032 5630 ι

307 5695 508 5761 Δείεας
539 5694 677 5766 ὼςὴ
713 5693 899 5759 πίστις
948 5693 1017 5747 τὰ
1066 5690 1194 5762 ἔθνη
1238 5692 1455 5755 δικαιοῖ,
1490 5690 1584 5743 καὶ
1636 5688 1828 5741 τούτου

232 5787 559 5860 μαρτυρίαν
604 5787 670 5843 ὲκ
697 5788 793 5859 τῆς
838 5784 991 5850 θείας
1036 5784 1259 5855 Γραφῆς
1311 5781 1592 5844 δεδωκὼς,
1623 5778 1830 5833 δείκνυ-

1917 3214 1954 3268 ii
1990 3217 2118 3269 sunt
2147 3207 2240 3262 filii
2273 3203 2527 3260 Abrahae.
2560 3219 2579 3252 ι

1984 3293 2527 3367 Ostendit‘gentiles
2568 3287 2942 3344 Abrahamum
2971 3282 3081 3340 sibi
3129 3278 3334 3351 potieri
3387 3276 3538 3348 jure.

1913 3398 2192 3467 parentem
2240 3387 2455 3443 ratione
2508 3381 2637 3437 fidei
2688 3378 3008 3440 vindicare,
3058 3387 3232 3444 quam
3286 3370 3383 3440 qui
3444 3382 3511 3423 ex

1913 3459 2343 3543 circumcisione
2383 3481 2593 3534 essent.
2639 3471 2804 3527 Fides
2833 3469 3040 3539 quippe
3065 3462 3342 3521 Abraham
3376 3459 3515 3513 ami-

1913 3593 2037 3635 cum
2072 3574 2201 3631 fecit
2237 3570 2355 3636 Dei,
2386 3582 2498 3623 non
2529 3562 2904 3622 circumcisio.
2948 3556 3235 3628 Siquidem
3270 3553 3514 3609 circum-

1915 3669 2052 3725 cisio
2083 3663 2437 3737 signaculum
2468 3666 2523 3713 et
2551 3664 2685 3712 nota
2716 3653 2841 3708 fidei
2865 3650 3080 3706 exstitit
3111 3666 3126 3703 :
3155 3654 3285 3702 nota
3331 3649 3515 3697 autem

1916 3760 2100 3816 minor
2128 3732 2211 3812 est
2236 3769 2303 3810 eo
2334 3752 2498 3822 cujus
2526 3757 2611 3805 est
2654 3754 2785 3802 nota
2821 3761 2838 3800 :
2880 3741 3145 3814 quocirca
3171 3737 3270 3809 qui
3312 3751 3380 3791 ex
3411 3732 3519 3788 (ide

1917 3857 2063 3914 sunt,
2095 3845 2306 3901 rectius
2336 3839 2685 3912 appellentur
2712 3830 3017 3891 Ahrabami
3050 3829 3168 3893 filii,
3214 3840 3379 3896 quam
3425 3822 3521 3892 qui

1917 3957 1983 3997 ex
2008 3934 2437 3995 circumcisione
2464 3949 2480 3986 :
2511 3944 2578 3985 eo
2613 3927 2791 3999 magis
2816 3923 2965 3996 quod
3006 3934 3203 3977 aurum
3233 3913 3523 3987 signaculo

1919 4048 2020 4090 suo
2041 4027 2338 4101 pretiosius
2359 4031 2463 4079 est.

1988 4097 2173 4179 Visus-
2207 4120 2263 4174 8.
2317 4134 2339 4168 ι
2389 4112 2698 4170 Providens
2749 4105 3063 4177 Scriptura,
3123 4115 3254 4172 quia
3297 4115 3362 4154 ex
3419 4097 3525 4152 fide

1913 4209 2184 4285 justifieat
2211 4212 2407 4278 gentes
2438 4202 2604 4257 Deus.
2645 4219 2664 4251 ι

1988 4302 2068 4358 Ne
2124 4301 2376 4356 videatur
2429 4287 3013 4365 argumentationibus
3075 4284 3182 4338 hoc
3248 4289 3562 4361 astrueret

1923 4394 2265 4465 Scripturam
2297 4398 2519 4460 quoque
2549 4391 2746 4439 testem
2776 4379 3021 4436 adducit.

1848 4513 1895 4568 ι)
1999 4507 2020 4542 ι
2060 4481 2458 4542 Prrettuntiavit
2481 4476 2734 4533 Abrahae.
2774 4491 2794 4526 ι

1994 4580 2216 4636 Videsis
2255 4572 2532 4649 quomodo
2592 4567 2884 4639 Scriptura
2934 4542 3216 4636 peractam
3276 4557 3521 4629 gentium

1925 4690 2051 4730 cum
2086 4648 2364 4728 Abraham
2402 4660 2972 4733 consanguinitatem,
3014 4651 3372 4722 Εὐαγγέλιον,
3404 4648 3526 4702 sive

1923 4770 2130 4824 bonum
2172 4762 2434 4818 nuntium
2466 4755 2706 4811 vocavit.

1999 4896 2018 4929 ι
2056 4873 2195 4941 Quia
2220 4868 2618 4927 benedicentur
2664 4864 2719 4919 in
2752 4869 2807 4918 te
2848 4873 3043 4916 omnes
3080 4863 3291 4928 gentes.
3330 4848 3503 4925 [Vens

1923 4968 2005 5045 9.]
2036 4937 2208 5039 Igitur
2231 4964 2327 5037 qui
2352 4979 2420 5018 ex
2447 4960 2552 5016 fide
2581 4967 2735 5023 sunt,
2773 4950 3176 5011 benedicentur
3211 4960 3339 5002 cum
3380 4937 3536 4998 ﬁdeli

1927 5062 2224 5119 Abraham.
2265 5078 2282 5109 ι
2361 5052 2367 5057 ’
3022 5048 3031 5053 ’

2002 5173 2083 5229 Ob
2112 5167 2458 5228 consimilem
2495 5163 2680 5219 fiderit.

2007 5287 2169 5341 Vens.
2214 5283 2303 5337 to.
2349 5299 2367 5331 ε
2400 5277 2736 5346 Quicunque
2773 5270 2920 5329 enim
2952 5283 3021 5325 ex
3071 5263 3335 5338 operibus
3391 5260 3527 5332 legis

1933 5386 2090 5450 sunt,
2119 5376 2221 5434 sub
2255 5372 2547 5429 maledicto
2581 5374 2730 5423 sunt.
2757 5364 3037 5435 Scriptum
3055 5368 3142 5418 est
3166 5359 3344 5414 enim:
3364 5352 3530 5409 Male-

1934 5476 2117 5531 dictus
2144 5470 2327 5526 omnis
2356 5467 2451 5538 qui
2477 5479 2589 5519 non
2621 5458 2997 5534 permanserit
3029 5457 3085 5510 in
3115 5451 3375 5509 omnibus
3407 5460 3531 5519 qua)

1938 5568 2142 5638 scripta
2182 5571 2312 5619 sunt
2351 5561 2406 5615 iu
2450 5557 2590 5613 libro
2618 5555 2779 5622 legis,
2807 5559 2870 5608 ut
2907 5548 3074 5606 faciat
3103 5560 3190 5603 ea.
3220 5564 3239 5597 ι

2009 5678 2310 5744 Postquam
2353 5667 2605 5742 probavit
2660 5681 2757 5739 per
2812 5664 2976 5721 ﬁdem
3011 5666 3204 5733 gentes
3255 5652 3525 5727 justitiam

1944 5770 2101 5845 165
2134 5765 2386 5838 adipisci,
2428 5762 2659 5833 ejusque
2696 5760 2777 5816 rei
2825 5753 3200 5815 testimonium
3242 5764 3308 5805 ex
3368 5744 3522 5801 Scri-
