3970 6394
191 343 294 407 797

1361 341 1440 400 IN
1479 341 1713 405 EPIST.
1754 343 1854 402 AD
1891 343 2249 402 GALATAS.

3340 350 3453 414 798

197 453 585 526 κεκυρωμένην
632 454 899 527 διαθήκην
944 458 1123 522 οὐδεὶς
1150 458 1373 521 ἀθετεῖ,
1398 457 1432 526 ἦ
1466 453 1773 509 ἐπιδιατάσ-

1888 451 2036 505 ›Ιιιιιο
2094 450 2337 507 hominis
2395 451 2783 508 conﬁrmatum
2841 461 3234 510 testamentum
3289 473 3452 513 nemo

196 567 362 603 σεται.
387 549 478 619 Τῷ
501 550 561 602 δὲ
606 548 859 621 Ἀϐραὰμ
891 551 1197 621 ἐρρέθησαν
1228 552 1285 604 αἱ
1310 547 1773 618 ἐπαγγελίαι,καὶ

191 643 268 712 τῷ
299 643 579 713 σπέρματι
607 641 796 697 αὐτοῦ.
833 643 909 700 Οὐ
943 643 1114 712 λέγει,
1144 645 1255 697 Και
1286 645 1400 707 τοῖς
1436 641 1771 714 σπέρμασιν,

192 734 266 796 ὼς
290 732 387 785 ἐπὶ
419 732 654 796 πολλῶν,
689 732 807 786 ἀλλ’
837 733 914 796 ὡς
947 735 1034 804 ἐφ’
1069 734 1208 800 ἐνὸς,
1239 733 1351 787 Καὶ
1384 731 1465 804 τῷ
1498 731 1776 803 σπέρματί

196 823 383 887 σου,ὂς
416 824 535 874 ἐστι
566 823 823 893 Χριστός.
849 823 1022 878 Τοῦτο
1045 823 1103 878 δέ
1139 824 1304 890 λέγω,
1335 821 1601 893 διαθήκην
1635 838 1778 894 προσ

195 914 588 986 κεκυρωμένην
619 914 724 969 ὑπὸ
751 915 845 969 τοῦ
875 915 1036 982 Θεοῦ,
1065 919 1096 970 6
1145 916 1283 987 μετὰ
1311 915 1641 987 τετρακόσια
1681 915 1777 968 καὶ

192 1009 484 1080 τριάκοντα
538 1007 632 1079 ἔτη
683 1010 922 1078 γεγονὼς
974 1009 1139 1081 νόμος
1191 1011 1292 1064 οὐκ
1339 1011 1539 1081 ἀκυροῖ
1583 1011 1665 1073 είς
1715 1008 1778 1062 τὸ

193 1101 541 1171 καταργῆσαι
565 1101 666 1172 τὴν
691 1101 1048 1170 ἐπαγγελίαν.
1069 1103 1132 1156 El
1153 1101 1262 1174 γάρ
1286 1103 1353 1156 ἐκ
1389 1102 1554 1173 νόμου
1579 1103 1614 1173 ή
1640 1101 1775 1170 κλη-

193 1191 442 1262 ρονομία,
477 1192 663 1246 οὐκέτι
712 1192 775 1258 ἐξ
822 1194 1183 1264 ἐπαγγελίας.
1215 1192 1305 1264 Τῷ
1343 1194 1400 1248 δὲ
1435 1193 1685 1266 Ἀϐραὰμ
1705 1193 1776 1249 δι’

191 1282 530 1351 ἐπαγγελίας
551 1285 877 1356 κεχάρισται
897 1288 926 1340 6
952 1285 1110 1350 Θεός.
1147 1305 1167 1338 ι
1766 1297 1782 1301 "

269 1372 364 1438 Ἐξ
410 1372 772 1445 ἀνθρωπίνων
835 1376 936 1446 μέν
989 1376 1454 1448 παραδειγμάτων
1505 1381 1534 1432 6
1570 1379 1727 1448 λόγος
1757 1418 1772 1444 ,

191 1465 322 1534 φησί
345 1481 359 1496 ο
389 1464 554 1519 τοῦτο
597 1465 708 1536 γάρ
736 1469 853 1521 ἐστι
899 1467 962 1521 τὸ
987 1505 1002 1532 ,
1034 1469 1186 1522 κατὰ
1238 1469 1555 1538 ἄνθρωπον
1599 1473 1772 1539 λέγω.

200 1554 257 1604 ὐ
295 1552 355 1604 δὲ
406 1552 535 1617 νοῦς
578 1549 734 1616 οὗτος
759 1570 773 1585 ο
813 1556 1216 1627 Ἐπηγγείλατο
1265 1559 1344 1630 τῷ
1390 1559 1648 1630 Ἀϐραὰμ
1687 1560 1777 1615 διὰ

190 1644 508 1714 σπέρματος
527 1645 693 1700 αὐτοῦ
715 1647 1012 1719 εὐλογῆσαι
1037 1649 1106 1704 τὰ
1137 1649 1265 1722 ἐθνη
1287 1666 1302 1682 ο
1334 1651 1557 1723 σπέρμα
1585 1651 1642 1706 δὲ
1679 1653 1776 1708 αύ-

186 1733 278 1786 τοῦ
301 1737 420 1788 ἐστι
444 1736 587 1790 κατὰ
611 1737 795 1809 σάρκα
814 1737 845 1791 6
873 1741 1129 1812 Χριστός.
1154 1739 1329 1796 Ἦλθε
1380 1745 1522 1814 μετὰ
1574 1763 1771 1818 τετρα-

1879 538 2110 609 spernit,
2137 547 2234 593 aut
2265 540 2674 610 superordinat.
2709 543 2943 600 Abrahae
2973 544 3135 600 dictze
3168 553 3297 600 sunt
3328 562 3456 616 pro-

1877 630 2173 687 missiones
2195 639 2250 687 et
2285 631 2484 688 semini
2513 631 2654 701 ejus.
2690 635 2809 690 Non
2840 635 2975 691 dicit
3011 655 3025 691 :
3056 645 3114 694 et
3143 638 3454 694 seminibus

1876 723 2032 793 quasi
2070 723 2125 778 in
2158 724 2384 790 multis,
2438 725 2536 781 sed
2565 727 2727 796 quasi
2765 726 2823 781 in
2853 742 2983 794 uno,
3018 735 3072 783 et
3097 730 3295 785 semini
3331 737 3448 794 tuo,

1874 812 1970 884 qui
1987 819 2073 868 est
2092 812 2370 871 Christus.
2393 812 2510 870 Hoc
2531 822 2714 870 autem
2735 815 2858 870 dico
2880 824 3259 873 testamentum
3288 819 3452 891 166

1876 905 2256 962 conﬁrmatum
2284 922 2315 962 a
2354 906 2488 976 Deo,
2514 923 2637 979 quae
2666 919 2791 980 post
2811 909 3243 981 quadringentos
3271 919 3328 967 et
3352 914 3451 974 tri-

1876 996 2025 1066 ginta
2057 1011 2232 1056 annos
2259 999 2402 1055 facta
2428 1010 2512 1057 est
2538 1001 2646 1066 lcx,
2675 1016 2788 1056 non
2811 1002 3033 1056 irritum
3066 1002 3201 1060 facit
3227 1005 3294 1059 ad
3323 1021 3450 1061 eva-

1875 1088 2146 1146 cuandam
2185 1093 2630 1162 promissionem.
2658 1093 2794 1150 Nam
2822 1095 2869 1151 si
2897 1111 2963 1152 ex
2986 1095 3104 1167 lege
3136 1096 3450 1164 haereditas,

1871 1179 1984 1251 jam
2019 1196 2131 1237 non
2163 1197 2227 1238 ex
2252 1186 2646 1254 promissione.
2678 1187 2914 1243 Abraha:
2939 1196 3122 1244 autem
3153 1203 3252 1258 per
3273 1203 3454 1260 repro-

1876 1272 2195 1328 missionem
2227 1275 2452 1330 donavit
2480 1275 2646 1333 Deus.
2687 1295 2707 1330 ι

1945 1359 2215 1419 Humanis
2255 1372 2383 1419 utor
2415 1365 2704 1435 exemplis,
2759 1365 2992 1437 inquit:
3032 1366 3136 1423 hoc
3185 1367 3334 1424 enim
3371 1376 3455 1424 est

1875 1453 2018 1523 quod
2042 1456 2138 1521 ait,
2167 1457 2459 1511 secundum
2481 1458 2742 1514 hominem
2769 1458 2913 1514 dico.
2935 1456 3108 1528 llujus
3136 1467 3316 1514 autem
3346 1459 3452 1515 loci

1875 1561 2071 1605 sensus
2087 1558 2191 1605 est.
2215 1549 2532 1604 Abrahamo
2558 1549 2700 1608 Deus
2723 1551 3004 1621 pollicitus
3031 1561 3114 1608 est
3135 1552 3454 1612 benedictu-

1875 1655 1997 1696 rum
2024 1656 2082 1696 se
2113 1650 2304 1712 gentes
2326 1656 2424 1712 per
2439 1657 2629 1698 semen
2660 1643 2836 1712 ipsius
2864 1660 2880 1700 :
2910 1659 3099 1702 semen
3125 1652 3308 1701 autem
3331 1647 3453 1716 ejus

1876 1732 2178 1789 secundum
2217 1747 2440 1788 carnem
2469 1732 2727 1790 Christus
2753 1742 2842 1791 est
2877 1751 2892 1790 :
2929 1743 3054 1806 post
3099 1751 3274 1792 annos
3311 1737 3449 1793 sub-

188 1825 347 1878 κόσια
390 1826 491 1879 καὶ
523 1799 822 1898 τριάκοντα
847 1799 946 1900 ἐτη
985 1799 1168 1902 νόμος.
1206 1831 1272 1887 Εί
1320 1799 1502 1888 τοίνυν
1543 1837 1573 1889 ὁ
1609 1799 1772 1908 νδρος

1888 1824 2006 1878 inde
2041 1823 2476 1894 quadringentos
2533 1832 2588 1880 et
2646 1825 2874 1896 triginta
2926 1799 3014 1880 lex
3073 1825 3281 1895 prodiit
3337 1847 3352 1883 :
3400 1829 3449 1883 si

186 1913 472 1985 χαρίζεται
490 1917 590 1981 τὰς
614 1917 866 1987 εὐλογίας
897 1921 991 1974 καὶ
1009 1923 1109 1992 τὴν
1142 1923 1288 1994 ζωὴν
1321 1923 1417 1978 καὶ
1437 1925 1538 1996 τὴν
1569 1922 1776 1980 δικαιο-

185 2003 376 2075 σύνην,
408 2006 445 2076 ή
474 2006 780 2075 ἐπαγγελία
821 2008 1007 2081 ἐκείνη
1061 2009 1265 2081 ἄκυρός
1309 2011 1479 2067 ἐστιν.
1519 2007 1656 2066 Εἶτα
1686 2013 1779 2066 άν-

185 2095 412 2166 θρώπου
444 2097 545 2167 μὲν
603 2099 786 2163 οὐδεὶς
830 2099 1020 2154 ἀθετεῖ
1056 2101 1322 2174 διαθήκην
1346 2119 1362 2134 ’
1387 2103 1480 2157 τοῦ
1520 2102 1580 2157 δὲ
1635 2103 1773 2158 Θεοῦ

188 2188 328 2254 μετὰ
360 2189 688 2259 τετρακόσια
717 2190 812 2246 καὶ
827 2193 1119 2263 τριάκοντα
1143 2194 1240 2265 ἐτη
1268 2197 1574 2267 ἀκυροῦται
1594 2199 1628 2268 ή
1656 2197 1777 2250 δια-

187 2280 352 2348 θήκη.
389 2280 457 2332 Et
483 2280 593 2351 γὰρ
621 2279 658 2334 ἃ.
684 2275 1053 2351 ἐπηγγείλατο
1101 2283 1309 2355 ἐκείνη,
1335 2286 1437 2338 οὐκ
1464 2286 1646 2357 ἐκείνη
1693 2285 1775 2339 δί-

186 2373 382 2436 δωσιν,
413 2373 530 2427 ἀλλ’
561 2375 748 2446 ἕτερος
795 2375 909 2430 ἀντ’
936 2376 1155 2447 ἐκείνης
1177 2417 1192 2442 ,
1215 2377 1494 2431 τουτέστιν
1530 2379 1558 2431 6
1590 2379 1774 2448 νόμος,

189 2463 522 2535 ἐκὸἐὸληται
550 2467 584 2537 ή
615 2466 853 2538 διαθήκη
893 2483 910 2501 ·
943 2468 1039 2523 καὶ
1067 2467 1186 2533 πῶς
1219 2468 1287 2523 ἂν
1336 2468 1450 2539 ἔχοι
1479 2469 1638 2524 τοῦτο
1681 2470 1774 2524 λό-

187 2567 284 2618 γον
311 2571 326 2617 ἶ

269 2647 420 2700 Ἀντὶ
449 2648 566 2711 τοῦ,
590 2648 623 2719 ἢ
659 2649 1043 2721 προστίθησιν.

259 2759 281 2790 ι
328 2739 396 2793 Ti
425 2737 522 2795 οὖν
555 2743 585 2794 6
617 2742 816 2813 νόμοςς
843 2745 953 2798 τῶν
984 2743 1354 2816 παραϐάσεων
1393 2745 1557 2817 χάριν
1601 2762 1774 2816 προσ-

187 2830 371 2901 ετέθη.
413 2849 438 2884 ο

257 2923 379 2976 Ἵνα
407 2924 487 2993 μή
523 2940 605 2986 τις
630 2925 830 2999 νομίσῃ
866 2929 1123 2997 περιττὸν
1154 2927 1248 2980 τὸν
1273 2928 1460 2997 νόμον,
1489 2929 1585 2982 καὶ
1611 2927 1774 2982 τοῦτο

185 3011 499 3081 διορθοῦται
520 3013 581 3066 τὸ
612 3013 798 3083 μέρος,
819 3015 1035 3078 δεικνὺς
1058 3017 1141 3069 ὅτι
1169 3017 1271 3071 οὐκ
1297 3018 1444 3090 εἰκῆ,
1464 3017 1602 3072 ἀλλὰ
1629 3019 1771 3074 πάνυ

187 3101 480 3207 χρησίμως
513 3103 794 3174 ἐδόθη,ἴνα
826 3105 902 3176 μὴ
951 3105 1047 3180 ἐξῇ
1095 3105 1384 3172 Ἰουδαίους
1432 3109 1602 3171 ἀδεῶς
1648 3109 1768 3180 ζῇν,
1798 3147 1841 3207 c

185 3194 280 3247 καὶ
309 3197 393 3257 εἰς
423 3193 655 3266 ἔσχατον
680 3195 1069 3261 ἐξολισθαίνειν
1105 3199 1326 3266 κακίας,
1353 3201 1494 3255 ἀλλὰ
1527 3202 1652 3256 ἀντὶ
1673 3218 1773 3272 χα-

185 3283 330 3336 λινοῦ
354 3286 386 3336 6
412 3283 579 3355 νόμος
633 3285 818 3350 αὐτοῖς
871 3287 1225 3358 ἐπικείμενος
1256 3284 1314 3361 ᾗ,
1347 3290 1648 3356 παιδεύων,
1681 3293 1776 3360 ῥυο

185 3375 422 3443 θμίζων,
455 3375 681 3429 κωλύων
711 3378 1096 3448 παραϐαίνειν,
1125 3382 1173 3434 εί
1195 3382 1289 3434 καὶ⁸
1319 3382 1396 3452 μὴ
1430 3382 1634 3447 πάσας,
1657 3381 1773 3435 ἀλλ’

183 3469 336 3534 ὅμως
373 3466 484 3522 κᾶν
512 3468 660 3532 ἐνίας
695 3469 808 3524 τῶν
841 3471 1096 3526 ἐντολῶν.
1136 3472 1300 3526 Ὥστε
1345 3473 1408 3526 οὑ
1467 3472 1665 3544 μικρὸν
1712 3473 1776 3528 τὸ

183 3557 380 3628 κέρδος
426 3557 522 3610 τοῦ
560 3559 746 3628 νόμου.
785 3559 925 3612 Ἂλλ⁹
951 3561 1085 3632 ἄχρι
1115 3561 1291 3628 τίνος;
1324 3562 1519 3632 ’Δχρις
1540 3554 1602 3616 οὗ
1645 3561 1774 3634 ἔλθῃ

183 3649 241 3701 τὸ
265 3649 494 3718 σπέρμα
513 3641 558 3716 ᾧ
581 3648 964 3720 ἐπηγγείλατο.

263 3759 283 3790 ε
322 3741 524 3810 Ἀχρις
578 3733 640 3794 οὗ
693 3739 826 3814 ἔλθῃ
865 3740 930 3794 τὸ
980 3741 1206 3812 σπέρμα
1244 3741 1274 3795 ὃ
1303 3743 1638 3814 ἐπήγγελται
1684 3745 1774 3799 διὰ

181 3828 455 3897 διαταγῆς
483 3829 551 3881 δι’
577 3829 850 3897 ἀγγέλων.
891 3848 910 3883 ι

251 3919 500 3988 Σπέρμα
530 3919 626 3988 μὲν
654 3919 746 3974 τὸν
798 3921 1036 3992 Χριστόν
1082 3939 1235 3993 φησι.
1265 3923 1430 3992 Λέγει
1465 3923 1560 3978 δέ·
1594 3924 1772 3994 Μέχρι

179 4008 282 4078 τῆς
337 4009 580 4078 Χριστοῦ
625 4011 934 4081 παρουσίας
954 4012 1169 4067 δέδοται
1203 4029 1217 4042 ·
1244 4014 1298 4067 τί
1331 4014 1646 4086 περαιτέρω
1676 4015 1771 4068 καὶ

173 4101 335 4170 παρὰ
363 4101 557 4171 καιρὸν
589 4101 752 4155 αὐτὸν
783 4101 1003 4169 ante;

254 4234 278 4268 ε
318 4216 412 4269 Ἑν
431 4216 579 4286 χειρὶ
603 4215 867 4271 Μεσίτου.
897 4217 955 4272 '0
978 4217 1036 4270 δὲ
1059 4209 1305 4290 Μεσίτης
1329 4217 1454 4281 ἑνὸς
1479 4211 1580 4272 οὒκ
1601 4217 1768 4271 ἐστιν·

177 4309 207 4360 δ
233 4306 295 4361 δέ
321 4307 460 4370 Θεὸς
490 4302 572 4370 εἷς
602 4308 773 4361 ἐστιν.
809 4321 828 4360 t

249 4417 361 4472 Τὸν
391 4419 628 4490 Χριστὸν
659 4415 895 4474 ἐνταῦθα
937 4435 1089 4491 φησι,
1117 4415 1212 4473 τὸν
1239 4404 1339 4473 καὶ
1388 4421 1554 4475 πάλαι
1605 4422 1768 4475 δεδω-

178 4510 315 4564 κότα
349 4509 445 4562 τὸν
484 4507 666 4579 νόμον.
705 4507 768 4563 Εί
796 4509 854 4564 δέ
895 4509 987 4563 τὸν
1029 4509 1196 4581 νόμον
1241 4509 1403 4574 αὐτὸς
1442 4511 1632 4578 ἔδωκε,
1667 4511 1768 4566 κύο

179 4617 298 4672 ριος
329 4600 400 4656 ἂν
433 4599 520 4672 εἴη
563 4601 659 4655 καὶ
685 4599 850 4654 λῦσαι
877 4601 1063 4656 πάλιν.

255 4733 276 4767 ε
325 4715 391 4768 ὐ
439 4708 534 4767 οὖν
578 4714 735 4784 νόμος
772 4713 917 4767 κατὰ
945 4710 1056 4766 τῶν
1084 4713 1432 4782 ἐπαγγελιῶν
1464 4714 1556 4768 τοῦ
1594 4715 1768 4781 Θεοῦ;

173 4806 258 4874 μὴ
292 4805 532 4873 γένοιτο.
568 4805 631 4858 Εἰ
677 4803 788 4874 γὰρ
839 4803 996 4873 ἐδόθη
1041 4803 1208 4874 νόμος
1251 4805 1280 4857 ὁ
1313 4803 1613 4877 δυνάμενος
1642 4807 1775 4870 ζωο-

175 4898 433 4966 ποιῆσαι,
465 4895 635 4958 ὅντως
657 4895 721 4948 ἐκ
757 4895 924 4965 νόμου
950 4890 1020 4964 ἦν
1043 4897 1078 4965 ή
1107 4895 1450 4966 δικαιοσύνη.
1485 4916 1505 4950 ι

249 5008 319 5061 Et
350 5007 464 5076 γὰρ
500 5007 579 5078 τῷ
617 5007 894 5078 σπέρματι
923 5006 1018 5061 τοῦ
1058 5007 1312 5078 Ἀϐραὰμ
1336 5008 1394 5060 αἱ
1423 5007 1668 5076 εὐλογίαι
1688 5010 1774 5062 δέ·

173 5103 390 5165 δονται,
413 5095 445 5153 6
471 5100 525 5152 δὲ
568 5100 732 5170 νόμος
775 5100 1022 5171 κατάραν
1051 5099 1287 5167 εἰσάγει,
1322 5099 1433 5170 ἄρα
1479 5100 1624 5154 κατὰ
1666 5101 1774 5154 τῶν

171 5188 534 5259 ἐπαγγελιῶν
559 5190 652 5244 τοῦ
685 5185 825 5245 Θεοῦ
858 5193 886 5244 6
912 5189 1096 5261 νόμος.
1130 5191 1256 5254 Πῶς
1287 5185 1383 5245 οὖν
1422 5190 1541 5243 λύει
1583 5191 1772 5256 αὐτὸν,

179 5283 402 5336 σκόπει.
423 5281 650 5352 Πρῶτον
685 5281 783 5352 μὲν
811 5284 878 5352 τῇ
897 5281 1274 5352 ἀπαγορεύσει
1291 5281 1489 5350 τδ,Μὴ
1521 5281 1771 5350 γένοιτο,

1795 4480 1844 4536 Β

1881 1915 2311 1981 benedictiones,
2339 1916 2450 1970 vita
2489 1923 2548 1971 et
2580 1915 2799 1986 jnstitia
2827 1917 2946 1988 lege
2974 1916 3448 1982 donantur,irrita

1878 2023 2010 2081 ergo
2038 2005 2144 2063 fuit
2190 2007 2283 2062 illa
2321 2007 2638 2079 promissio.
2688 2007 2771 2063 Ad
2822 2007 2971 2076 hac,
3015 2021 3178 2066 nemo
3227 2010 3448 2076 quidem

1879 2098 2122 2156 hominis
2147 2106 2542 2155 testamentum
2576 2098 2867 2156 resciderit
2899 2117 2916 2156 :
2957 2099 3054 2156 Dei
3106 2116 3237 2157 vero
3284 2110 3453 2157 testa-

1878 2199 2128 2248 mentum
2161 2201 2286 2262 post
2314 2192 2748 2263 quadringentos
2775 2199 2829 2246 et
2862 2191 3086 2264 triginta
3119 2208 3296 2248 annos
3326 2193 3453 2248 irri-

1877 2293 1992 2340 tum
2023 2283 2226 2340 factum
2250 2285 2376 2341 erit.
2401 2283 2536 2339 Nam
2562 2285 2611 2342 si
2639 2300 2762 2356 quae
2792 2283 2926 2341 illud
2958 2286 3304 2356 promiserat,
3336 2286 3452 2340 haec

1875 2376 2056 2449 ipsum
2090 2391 2200 2432 non
2231 2378 2504 2448 praestitit,
2545 2378 2640 2435 sed
2679 2378 2830 2434 aliud
2859 2377 2982 2448 ejus
3031 2379 3172 2442 loco,
3220 2378 3305 2434 lex
3367 2379 3452 2432 ni—

1875 2467 2109 2535 mirum;
2159 2475 2549 2524 testamentum
2587 2468 2758 2539 igitur
2787 2469 3111 2539 abrOgatum
3145 2469 3275 2524 erit.
3317 2467 3452 2534 Qui-

1877 2559 2001 2615 nain
2041 2575 2175 2614 vero
2203 2559 2316 2614 haec
2347 2576 2476 2616 cum
2511 2562 2725 2617 ratione
2762 2562 2978 2632 possint
3005 2561 3360 2631 congruere?

1947 2651 2092 2706 Idem
2127 2661 2210 2706 est
2239 2660 2424 2722 atque,
2462 2662 2554 2707 aut
2586 2652 2800 2723 adjicit.

1948 2741 2116 2799 Vens.
2151 2743 2240 2798 l9.
2275 2761 2295 2795 ι
2335 2742 2478 2810 Quid
2509 2743 2676 2816 igitur
2704 2744 2832 2801 lex?
2878 2752 3103 2817 propter
3133 2755 3447 2816 transgres-

1875 2834 2063 2891 siones
2090 2835 2270 2905 posita
2304 2844 2420 2907 est.
2449 2853 2470 2888 ι

1944 2927 2028 2983 Ne
2049 2928 2178 2998 quis
2203 2927 2376 2998 legem
2405 2927 2739 2999 superﬂuam
2760 2927 2936 2982 fuisse
2959 2927 3280 2994 arbitretur,
3307 2929 3450 2982 hanc

1876 3035 2094 3090 quoque
2154 3027 2366 3090 partem
2403 3019 2595 3086 sarcit,
2631 3018 3015 3075 demonstrans
3045 3033 3189 3086 eam,
3217 3034 3326 3074 non
3365 3027 3450 3074 te-

1877 3125 2027 3166 mere
2051 3118 2107 3165 et
2135 3109 2364 3176 frustra,
2391 3109 2490 3165 sed
2521 3109 2814 3165 admodum
2845 3110 3058 3166 utiliter
3077 3124 3203 3166 esse
3229 3110 3448 3165 datam:

1877 3217 1946 3258 ne
1981 3203 2193 3258 scilicet
2224 3201 2428 3258 Judrcis
2460 3202 2649 3258 liceret
2673 3202 2826 3257 nullo
2851 3202 3050 3258 timore
3080 3201 3284 3267 vivere,
3319 3211 3374 3256 et
3394 3203 3451 3256 in

1874 3295 2176 3344 extremam
2225 3287 2440 3357 prolabi
2504 3289 2798 3344 malitiam.
2859 3287 3206 3359 Quapropter
3272 3289 3449 3358 legem

1874 3377 2052 3433 instar
2077 3377 2213 3433 freni
2246 3379 2562 3449 impositam
2585 3379 2669 3436 eis
2703 3379 2896 3443 fuisse,
2924 3393 3046 3449 qua:
3080 3379 3232 3447 ipsos
3261 3378 3448 3434 erudi-

1873 3476 1978 3534 ret,
2011 3477 2497 3542 componeretque,
2531 3485 2634 3526 nec
2684 3471 2892 3526 sineret
2951 3469 3195 3534 violare,
3243 3470 3289 3524 si
3336 3485 3448 3524 non

1875 3557 2077 3623 omnia,
2112 3567 2261 3614 certe
2291 3559 2508 3630 aliquot
2552 3566 2848 3629 praecepta.
2882 3556 3181 3629 Usquequo
3227 3560 3451 3613 autem?

1877 3643 2061 3720 Usque
2081 3649 2210 3704 dum
2237 3651 2449 3706 veniret
2481 3667 2669 3707 semen
2699 3649 2788 3706 cui
2815 3649 3173 3720 promiserat.

1951 3755 1971 3789 ε
2005 3737 2192 3794 Donec
2216 3740 2430 3795 veniret
2468 3755 2680 3806 semen,
2711 3739 2801 3796 cui
2831 3739 3131 3810 promissio
3165 3736 3308 3794 facta
3344 3746 3450 3804 est,

1875 3827 2128 3884 ordinata
2164 3830 2532 3900 perangelos.
2556 3849 2576 3883 ι

1942 3919 2225 3976 Christum
2251 3920 2469 3990 quidem
2495 3937 2674 3976 semen
2725 3921 2882 3976 dicit.
2911 3921 3003 3976 Ait
3029 3935 3165 3977 vero
3203 3938 3216 3976 :
3259 3920 3444 3991 Usque

1873 4011 1943 4066 ad
1975 4012 2266 4067 adventum
2287 4013 2493 4070 Christi
2526 4015 2612 4068 lex
2645 4013 2773 4068 data
2810 4022 2924 4080 est;
2958 4027 3061 4070 cur
3085 4029 3206 4070 eam
3234 4013 3454 4084 longius

1873 4110 1928 4159 et
1955 4104 2101 4158 ultra
2135 4111 2351 4174 tempus
2381 4104 2694 4174 prorogas?

1946 4234 1967 4267 ε
1998 4214 2058 4269 ln
2087 4230 2254 4270 manu
2279 4214 2622 4271 Mediatoris.
2663 4215 2858 4287 ﬂens.
2892 4215 3012 4286 Ωιι]
3053 4214 3321 4272 Πειίίοιοι·
3356 4231 3451 4270 au-

1875 4313 1983 4362 tem
2020 4306 2186 4362 unius
2215 4320 2326 4360 non
2364 4315 2451 4360 est
2483 4323 2498 4360 :
2541 4304 2689 4362 Deus
2720 4321 2851 4361 vero
2875 4317 3021 4362 unus
3054 4314 3160 4362 est.
3203 4324 3222 4358 ι

1943 4416 2049 4474 llic
2076 4418 2353 4475 Christum
2382 4417 2588 4483 innuit,
2607 4417 2701 4487 qui
2724 4424 2778 4473 et
2799 4419 2972 4489 legem
3003 4418 3282 4488 quondam
3317 4435 3447 4488 pra:-

1873 4512 2025 4568 buit.
2054 4511 2214 4578 Quod
2253 4511 2299 4568 si
2337 4511 2384 4567 is
2415 4511 2588 4582 legem
2619 4511 2770 4573 tulit,
2810 4525 2978 4580 penes
3032 4511 3186 4565 illum
3222 4526 3445 4580 quoque

1876 4605 1948 4662 sit
1978 4609 2200 4676 oportet
2228 4618 2350 4660 eam
2383 4601 2566 4658 denuo
2596 4601 2834 4659 solvere.

1946 4719 2114 4777 Vens.
2151 4719 2244 4774 2|.
2286 4736 2305 4770 ι
2343 4717 2453 4772 Lex
2514 4731 2646 4786 ergo
2681 4715 2948 4773 adversus
2983 4715 3255 4787 promissa
3315 4713 3453 4768 Dei?

1875 4810 2042 4867 absit.
2071 4809 2130 4864 Si
2155 4804 2305 4864 enim
2323 4809 2454 4864 data
2487 4815 2636 4864 esset
2667 4807 2753 4863 lex
2775 4822 2904 4878 qua:
2923 4813 3116 4878 posset
3146 4803 3449 4870 viviﬁcarc,

1875 4920 2003 4960 vere
2039 4917 2108 4958 cx
2146 4902 2266 4972 lege
2291 4909 2440 4958 esset
2467 4901 2713 4971 justitia.
2753 4916 2773 4952 ι

1943 5012 2078 5067 Nam
2099 5011 2146 5066 si
2173 5010 2374 5066 semini
2399 5009 2672 5065 Abraham
2695 5008 2840 5065 data:
2863 5008 3270 5065 benedictiones
3297 5017 3430 5064 sunt

1875 5101 1961 5154 lex
1998 5105 2177 5152 autem
2206 5098 2646 5153 exsecrationem
2692 5097 2952 5165 adducit;
2989 5099 3072 5153 lex
3118 5097 3289 5168 igitur
3323 5111 3454 5166 pro-

1871 5186 2232 5246 missionibus
2275 5185 2368 5242 Dei
2394 5186 2738 5242 adversatur.
2796 5187 3012 5256 Inspice
3047 5201 3182 5241 vero
3225 5185 3453 5255 quinam

1874 5282 1982 5337 hoc
2026 5279 2224 5335 solvat.
2272 5278 2517 5333 Primum
2565 5279 2795 5349 quidem
2859 5277 3211 5348 abnegando,
3237 5275 3452 5340 dicens,

176 5373 363 5442 λέγων
384 5368 684 5444 ’ὅπερῘῆνῙ
705 5370 910 5443 σφόδρα
940 5372 1312 5440 ἀτοπώτατον,
1324 5372 1537 5428 τίθεται
1585 5372 1773 5426 ἔπειτα

1888 5372 2046 5436 Absit,
2088 5385 2314 5441 remque
2342 5371 2483 5426 adeo
2520 5368 2984 5426 absrmdissimam
3021 5376 3218 5424 censet
3263 5385 3280 5422 :
3336 5375 3452 5421 tum

178 5466 435 5535 λογισμῷ
483 5463 707 5537 βεϐαίῳ.
731 5465 887 5518 Ἔστι
913 5461 990 5528 ίδέ
1017 5457 1193 5529 οὗτος·
1233 5465 1298 5518 Ei
1347 5465 1447 5536 μὲν
1493 5466 1550 5518 ἐν
1601 5465 1771 5535 αὐτῷ,

183 5557 344 5628 gnat,
374 5557 452 5626 τῷ
481 5557 630 5628 νόμῳ
673 5556 772 5626 τὴν
802 5557 995 5610 ἐλπίδα
1041 5557 1142 5628 τῆς
1186 5557 1333 5628 ζωῆς
1359 5556 1601 5627 εἴχομεν,
1639 5556 1774 5620 ἴσως

185 5649 369 5711 καλῶς
421 5649 594 5704 ταῦτα
646 5649 851 5718 ἔλεγον.
878 5650 941 5703 El
974 5649 1033 5703 δὲ
1065 5648 1175 5703 ἀπὸ
1206 5649 1303 5720 τῆς
1329 5649 1564 5714 πίστεως
1602 5652 1634 5719 ἡ
1669 5667 1772 5701 σω-

185 5741 354 5813 τηρία
382 5741 515 5812 ἡμῖν
545 5742 638 5795 καὶ
669 5741 702 5811 ἡ
733 5739 871 5813 ζωὴ,
909 5741 1012 5797 κᾶν
1049 5741 1488 5812 ἐπικαταράτους
1532 5741 1772 5804 ἐκείνους

1869 5463 2074 5520 deinde
2101 5461 2284 5518 valida
2314 5461 2760 5528 ratiociatione,
2792 5475 2916 5530 qua
2935 5459 3206 5529 ejusmodi
3231 5466 3324 5515 est
3351 5473 3366 5512 :
3391 5457 3452 5512 Si

1875 5557 1929 5611 in
1958 5556 2075 5627 lege
2098 5557 2220 5611 vita:
2251 5570 2403 5626 spem
2433 5553 2844 5618 habuissemus,
2883 5553 3082 5622 inquit,
3117 5552 3232 5606 haec
3265 5549 3450 5605 σοι-ειμι

1877 5651 2026 5700 recte
2057 5643 2137 5698 illi
2162 5645 2410 5699 dicerent
2442 5661 2458 5701 :
2497 5643 2586 5700 sin
2641 5657 2772 5698 vero
2816 5658 2846 5697 a
2901 5641 3009 5697 ﬁde
3046 5641 3199 5696 salus
3231 5640 3451 5708 vitaque

1877 5745 2162 5806 parantur,
2199 5737 2415 5793 tametsi
2470 5737 2550 5794 lex
2595 5736 2732 5793 diris
2785 5735 2924 5792 alios
2982 5735 3271 5801 devoveat,
3314 5728 3448 5789 nihil
