3970 6394
497 338 606 405 ’199

1663 336 1726 397 S.
1764 335 2084 397 IOANNIS
2122 336 2550 397 DAMASCENI

3659 343 3759 408 800

503 452 632 508 inde
662 449 847 507 damni
888 447 1224 517 accepimus,
1273 444 1368 502 ubi
1420 446 1572 503 venit
1605 445 1762 513 ﬁdes,
1789 454 1844 504 et
1882 456 2079 502 cuncta

2205 447 2603 519 ιοιήσῃ,“οὑδέν
2658 442 2970 517 ἐδλάϐημεν
3022 445 3328 520 ἐρχομένης
3386 448 3638 523 ἐκείνης,
3666 455 3758 509 καὶ

503 543 777 600 dissolvit.

572 634 738 689 Vens.
782 632 873 696 22,
925 630 1016 686 25.
1057 650 1076 683 ι
1110 629 1216 686 Sed
1244 629 1520 686 conclusit
1568 629 1856 700 Scriptura
1893 630 2078 686 omnia

501 726 604 782 sub
634 729 879 794 peccato,
923 729 984 777 ut
1013 723 1315 792 promissio
1337 737 1400 777 ex
1438 721 1542 775 title
1570 720 1700 776 Iesu
1732 720 1941 776 Christi
1978 722 2079 775 da—

499 827 655 875 retur
681 815 1052 872 credentibus.
1078 815 1237 870 Prius
1264 824 1443 871 autem
1475 831 1639 884 quam
1678 816 1888 870 veniret
1923 814 2077 883 ﬁdes,

500 911 605 965 sub
637 910 752 979 lege
776 906 1229 964 custodiebamur
1251 907 1526 971 conclusi,
1556 907 1613 962 in
1636 921 1754 961 eam
1782 921 1933 976 spem
1957 919 2085 976 quae

501 999 791 1056 revelanda
824 1007 962 1053 erat.
996 1016 1014 1050 ι
1050 1040 1067 1047 -

576 1094 734 1165 167
753 1094 884 1148 Cum
910 1091 1080 1148 Judtei
1111 1092 1398 1148 admodum
1415 1092 1781 1161 superbirent,
1800 1099 1854 1147 et
1874 1092 2079 1147 idcirco

504 1182 739 1237 miseriis
786 1183 1191 1246 obtererentur,
1247 1195 1366 1235 eam
1414 1183 1485 1236 ob
1530 1196 1645 1236 rem
1683 1182 1766 1236 lex
1812 1182 1922 1237 illis
1955 1184 2075 1237 data

500 1282 608 1338 est,
659 1288 763 1339 qua
803 1280 1092 1342 peccatum
1120 1282 1512 1338 coargueretur
1559 1271 1823 1340 ipsorum,
1876 1286 2079 1341 eosque

499 1363 764 1416 obnoxios
801 1361 1179 1430 imprecationi
1219 1361 1491 1428 redderet,
1540 1371 1603 1416 ut
1636 1370 1998 1428 agnoscentes
2021 1374 2080 1415 se

502 1453 556 1507 in
588 1452 853 1507 extremis
886 1466 1066 1520 agere,
1120 1452 1323 1506 Christi
1364 1451 1523 1507 ﬁdem
1560 1460 1935 1521 peroptarent,
1968 1462 2076 1521 qua

500 1550 780 1614 peceatum
812 1557 1030 1613 quoque
1057 1542 1361 1597 tolleretur.

524 1656 527 1661 ·
574 1632 737 1688 Vens.
773 1634 865 1701 24,
891 1635 982 1689 ‘25.
1027 1654 1047 1687 ι
1084 1635 1276 1704 Itaque
1298 1635 1383 1691 lex
1411 1634 1737 1707 paedagogus
1769 1647 1957 1693 noster
1979 1637 2079 1694 fuit

502 1725 557 1778 in
584 1723 827 1793 Chrism,
852 1735 909 1780 ut
937 1742 1003 1781 ex
1033 1725 1140 1781 [ldo
1183 1727 1576 1797 justiilcemur.
1605 1729 1676 1783 At
1712 1728 1801 1784 ubi
1839 1732 1984 1785 venit
2011 1730 2077 1785 li-

501 1816 614 1878 tles,
643 1814 754 1883 jam
788 1832 891 1871 non
931 1826 1120 1872 sumus
1152 1819 1253 1874 sub
1295 1818 1614 1892 paedagogo.
1661 1839 1681 1873 ι

569 1904 738 1976 Atqui
784 1907 1118 1978 paedagogus
1166 1910 1426 1979 magistro
1474 1912 1791 1969 contrarius
1831 1928 1939 1970 non
1969 1925 2076 1983 est,

503 1996 599 2052 sed
624 1998 675 2052 ei
706 2001 847 2054 viam
878 2002 1094 2058 sternit.
1117 2000 1275 2068 Quod
1304 2002 1350 2058 si
1382 2005 1505 2073 quis
1533 2003 1796 2062 doctrina:
1832 2006 2077 2063 habitum

505 2090 732 2158 adeptus
755 2105 786 2145 a
816 2093 1082 2165 magistro
1130 2101 1237 2161 est,
1282 2101 1393 2149 tum
1427 2095 1607 2166 ipsum
1642 2100 1806 2167 pudet
1859 2113 2083 2155 manere

504 2184 607 2237 sub
642 2183 951 2254 paedagogo.

581 2271 744 2327 Vens.
773 2272 862 2327 26.
896 2291 914 2324 ι
951 2273 1154 2329 Omnes
1180 2275 1323 2330 enim
1351 2272 1442 2332 lilii
1474 2276 1567 2333 Dei
1597 2278 1731 2334 estis
1763 2292 1862 2349 per
1894 2279 2078 2347 ﬁdem,

509 2379 630 2432 quae
659 2372 742 2421 est
781 2367 836 2420 in
871 2365 1092 2422 Christo
1119 2365 1271 2424 Jesu.
1303 2386 1322 2420 ι

576 2461 645 2513 At
670 2474 770 2517 non
803 2475 899 2528 per
930 2459 1343 2530 legem,inquit.

581 2549 741 2604 Vsus.
778 2552 871 2605 27.
900 2569 920 2602 ι
953 2551 1276 2622 Quicunque
1301 2553 1446 2608 enim
1472 2552 1527 2608 in
1557 2553 1778 2611 Christo
1811 2555 2081 2625 baptizati

510 2643 664 2706 estis,
697 2642 974 2698 Christum
1006 2644 1287 2701 iuduistis.
1325 2663 1344 2697 ι

575 2731 842 2799 Quoniam
879 2735 1137 2791 eximium
1192 2736 1324 2807 quid
1367 2745 1422 2793 et
1466 2738 1793 2796 admirabile
1840 2755 2083 2810 pronun-

505 2825 682 2890 tiavit,
735 2840 832 2887 eos
865 2826 1120 2882 nimirum
1154 2829 1246 2898 qui
1288 2831 1658 2887 exsecrationi
1690 2832 1826 2905 legis
1880 2836 2083 2892 subditi

504 2925 683 2981 erant,
733 2932 832 2988 per
866 2918 1023 2974 tidem
1082 2919 1226 2976 ﬁlios
1258 2922 1354 2979 Dei
1401 2925 1702 2994 appellatos
1749 2927 1942 2994 fuisse,
1973 2930 2083 2986 hoc

505 3007 683 3075 ipsum
715 3008 922 3063 evincit
956 3009 1216 3080 primum,
1259 3014 1387 3082 quia
1433 3015 1720 3070 Christum
1764 3018 2079 3079 induerunt.

2182 537 2362 591 πάντα
2392 536 2649 606 λυοὺσης.

2257 648 2277 681 ι
2323 628 2484 682 Ἀλλὰ
2516 627 2858 682 συνέκλεισεν
2887 630 2921 698 ὴ
2973 629 3167 701 Γραφὴ
3221 629 3442 686 ἅπαντα
3465 635 3558 706 ὑφ’
3585 637 3758 711 ἀμαρ-

2178 721 2318 787 τίαν,
2349 721 2437 783 ίνα
2478 723 2519 791 ἡ
2546 720 2849 789 ἐπαγγελία
2880 722 2946 775 ἐκ
2974 722 3221 789 ,πίστεως
3282 725 3462 796 Ἰησοῦ
3521 728 3753 799 Χριστοῦ

2179 813 2307 883 δοθῇ
2322 815 2442 876 soi;
2481 811 2821 873 πιστεύουσι.
2854 814 2967 886 Πρὸ
2993 814 3087 868 τοῦ
3123 816 3181 869 δὲ
3212 815 3391 870 ἐλθεῖν
3419 818 3522 889 τὴν
3558 821 3754 886 πίστιν,

2182 904 2290 958 ὑπὸ
2311 904 2477 975 νόμον
2501 905 2921 975 ἐφρουρούμεθα
2955 906 3368 978 συγκλειόμενοι
3392 912 3479 975 εἰς
3507 910 3611 981 τὴν
3632 912 3761 982 μέλ..

2181 995 2378 1050 λουσαν
2407 995 2593 1049 πίστιν
2617 995 3096 1067 ἀποκαλυφθῆναι.
3134 1017 3154 1050 ι
3748 1048 3753 1051 .

2265 1085 2483 1156 Ἐπειδὴ
2514 1089 2729 1156 μεγάλα
2756 1086 3020 1157 ἐφρόνουν
3076 1090 3343 1156 Ἰουδαῖοι,
3392 1092 3486 1146 καὶ
3510 1092 3665 1160 τοῦτο
3690 1090 3758 1166 ἦν

2180 1176 2377 1245 αὐτοὺς
2396 1175 2459 1229 τὸ
2483 1174 2864 1247 ταλαιπώρους
2894 1179 3293 1250 ἐργασάμενον,
3318 1182 3510 1236 τούτου
3549 1184 3701 1255 χάριν
3726 1187 3758 1238 6

2180 1269 2343 1338 νόμος
2370 1266 2549 1338 ἐδόθη,
2589 1266 2827 1338 ἐλέγχων
2857 1269 3173 1343 αὑτῶν-τὴν
3207 1272 3506 1345 ἁμαρτίαν,
3534 1277 3631 1331 καὶ
3657 1275 3758 1330 ὑπὸ

2180 1360 2422 1429 κατάραν
2448 1358 2641 1423 ποιῶν,
2675 1358 2763 1411 ἵνα
2790 1358 2993 1423 εἰδότες
3025 1359 3100 1424 ὡς
3141 1363 3202 1415 ἐν
3236 1363 3488 1434 ἐσχάτοις
3511 1366 3640 1431 εἰσί,
3663 1367 3758 1436 τὴν

2181 1448 2363 1502 πίστιν
2389 1448 2673 1519 ποθήσωσι
2700 1450 2800 1519 τὴν
2828 1449 2919 1503 διὰ
2962 1451 3226 1521 Χριστοῦ,
3266 1453 3366 1525 τὴν
3413 1454 3508 1508 καὶ
3532 1454 3757 1511 λύουσαν

2180 1538 2276 1609 τὴν
2304 1538 2598 1609 ἁμαρτίαν.

2255 1647 2275 1681 ι
2312 1630 2474 1682 Ὥστε
2530 1632 2561 1684 6
2600 1631 2765 1701 νόμος
2811 1632 3163 1702 παιδαγωγὸς
3206 1633 3364 1704 ἡμῶν
3401 1636 3626 1703 γέγονεν
3679 1639 3758 1702 εἰς

2179 1719 2434 1798 Χριστρν,
2467 1720 2557 1775 ἵνα
2582 1722 2648 1775 ἐκ
2668 1722 2906 1788 πίστεως
2927 1723 3332 1794 δικαιωθῶμεν.
3385 1725 3674 1798 Ἐλθούσης
3701 1727 3761 1780 δὲ

2183 1785 2282 1881 της
2305 1785 2559 1878 πίστεως,
2590 1813 2774 1867 οὑκέτι
2804 1785 2909 1873 ὑπδ
2934 1785 3284 1883 παιδαγωγόν
3316 1817 3509 1887 ἐσμεν.
3549 1837 3570 1870 ι

2196 1946 2201 1949 .
2266 1903 2326 1957 'U
2356 1903 2416 1958 δέ
2470 1903 2818 1974 παιδαγωγὸς
2850 1906 2951 1959 οὑκ
3002 1906 3250 1972 ἐναντίος
3306 1906 3386 1977 τῷ
3435 1908 3760 1980 διδασκάλῳ,

2184 1993 2322 2048 άλλά
2352 1994 2720 2064 προοδοποιῶν
2768 1995 2941 2067 αὐτῷ.
2991 1997 3055 2051 Εἰ
3091 1997 3152 2051 δέ
3183 2014 3268 2061 τις
3296 1999 3355 2052 ἐν
3387 1998 3500 2064 seu
3541 2001 3765 2071 γενηται

2189 2084 2529 2157 μαθημάτων
2561 2086 2713 2158 παρὰ
2738 2085 2832 2141 τοῦ
2857 2086 3199 2154 διδασκάλου,
3238 2088 3559 2160 αἰσχύνεται
3585 2090 3767 2146 λοιπὸν

2186 2178 2447 2249 ἐμμένειν
2464 2178 2545 2233 ἔτι
2572 2179 2651 2249 τῷ
2683 2180 3040 2252 παιδαγωγῷ.

2170 2302 2181 2307 ι
2262 2288 2280 2321 ι
2319 2271 2530 2336 Πάντες
2556 2272 2667 2342 γὰρ
2695 2273 2803 2326 υἱοὶ
2830 2272 2966 2328 Θεοῦ
2993 2274 3119 2329 ἐστε
3161 2274 3250 2329 διὰ
3287 2274 3390 2347 τῆς
3429 2275 3666 2340 πίστεως
3708 2276 3768 2330 ἐν

2187 2363 2408 2434 Χριστῷ
2450 2364 2643 2435 Ἰησοῦ.
2673 2383 2694 2416 ι

2271 2455 2410 2508 Ἀλλ’
2439 2455 2499 2509 οὑ
2530 2456 2620 2510 διὰ
2647 2455 2743 2510 τοῦ
2775 2457 2943 2527 νόμου
2979 2458 3171 2528 φησίν.
3542 2518 3545 2523 ,

2264 2566 2284 2598 ι
2318 2549 2475 2601 Ὅσοι
2526 2549 2635 2621 γάρ
2685 2550 2767 2613 εἰς
2807 2550 3047 2620 Χριστὸν
3092 2549 3485 2622 ἐϐαπτίσθητε,
3537 2552 3773 2623 Χριστὸν

2189 2637 2336 2692 ἐνεδύ
2345 2637 2529 2692 σασθε.
2572 2657 2591 2690 ι
3657 2648 3664 2655 ‘

2194 2766 2201 2771 -
2272 2729 2491 2801 Ἐπειδὴ
2516 2729 2660 2801 μέγα
2687 2725 2833 2798 εἷπε,
2853 2731 2950 2785 καὶ
2964 2730 3301 2802 θαυμαστὸν,
3322 2733 3449 2796 τοὺς
3468 2734 3577 2787 ὑπὸ
3602 2735 3777 2789 κατά·
3804 2759 3809 2762 ο

2193 2839 2295 2893 ραν
2344 2823 2408 2875 ἐκ
2434 2821 2530 2875 τοῦ
2583 2822 2750 2892 νόμου
2780 2823 3204 2894 γεγενημένους,
3261 2824 3350 2878 διὰ
3406 2826 3506 2895 τῆς
3530 2826 3776 2891 »πίστεως

2192 2912 2342 2975 υἱοὺς
2386 2912 2900 2983 προσαγορευθῆναι
2948 2913 3109 2981 Θεοῦ,
3155 2915 3563 2981 κατασκευάζει
3618 2918 3779 2981 αὑτὸ,

2193 3002 2410 3070 πρῶτον
2441 3002 2540 3074 μὲν
2567 3002 2646 3073 τῷ
2676 3003 3007 3058 ἐνδύσασθαι
3032 3004 3126 3058 τὸν
3144 3006 3402 3076 Χριστόν.
3426 3007 3489 3060 Εἰ
3508 3007 3567 3060 δέ
3587 3009 3618 3061 6
3641 3009 3777 3079 Χριι-

506 3097 682 3153 Porro
710 3100 755 3154 si
783 3099 1036 3157 Christus
1064 3101 1237 3158 Filius
1265 3104 1480 3159 exsistit
1500 3105 1615 3173 Dei,
1654 3109 1847 3178 inquit,
1875 3120 1929 3167 tu
1952 3128 2081 3169 vero

2205 3095 2318 3158 πὸς
2368 3095 2498 3158 Υἱὸς
2547 3094 2705 3162 Θεοῦ,
2744 3095 2809 3149 σὺ
2847 3095 2906 3150 δὲ
2953 3096 3119 3151 αὑτὸν
3168 3097 3428 3163 ἐνεδύσω,
3482 3100 3644 3170 φησὶ,
3685 3099 3781 3155 τὸν

503 3203 627 3243 eum
659 3190 908 3257 induisti,
959 3208 1083 3248 cum
1120 3192 1322 3249 Filium
1366 3199 1419 3251 in
1469 3206 1521 3252 te
1571 3199 1799 3267 habeas,
1849 3203 2080 3274 ejusque

2205 3186 2316 3241 Γίὺν
2342 3186 2481 3258 ἔχων
2508 3189 2569 3241 ἐν
2601 3187 2807 3259 σαυτῷ,
2839 3188 2937 3242 καὶ
2982 3188 3120 3261 πρὸς
3151 3189 3315 3244 αὑτὸν
3369 3190 3773 3263 ἀφομοιωθεὶς,

505 3282 701 3338 similis
751 3285 1009 3352 evaseris,
1057 3285 1110 3340 in
1160 3285 1257 3342 Dei
1302 3286 1464 3358 plane
1519 3293 1984 3363 propinquitatem
2022 3314 2083 3354 es

502 3383 816 3446 conplatus.

581 3463 728 3520 Vitas
761 3464 852 3522 28.
895 3487 915 3520 ι
973 3466 1091 3524 Non
1148 3478 1235 3526 est
1284 3469 1527 3540 Judteus,
1586 3490 1762 3547 neque
1818 3477 2082 3547 Graecus;

505 3571 611 3610 non
643 3566 727 3612 est
756 3573 967 3624 servus,
1029 3576 1208 3631 neque
1258 3562 1434 3630 liber;
1496 3582 1601 3621 non
1651 3576 1736 3624 est
1784 3572 2079 3639 masculus,

505 3665 682 3720 neque
721 3648 942 3707 femina.
973 3649 1178 3722 omnes
1224 3655 1369 3710 enim
1418 3672 1530 3725 vos,
1575 3675 1713 3717 unus
1760 3661 1814 3716 in
1860 3663 2083 3722 Christo

502 3732 652 3792 Iesu.
696 3756 717 3791 ι

576 3828 747 3900 Magis
795 3846 860 3886 ac
924 3834 1096 3905 magis
1132 3836 1397 3909 explicat
1452 3838 1755 3898 bonitatem
1804 3842 1923 3915 Dei,
1975 3861 2084 3920 qua

507 3924 722 3978 cunctis
742 3926 952 3993 aequale
976 3926 1177 3982 donum
1214 3929 1443 4001 largitus
1478 3935 1568 3989 sit.

578 4013 871 4072 Vens."29.
925 4018 983 4074 Si
1037 4029 1217 4077 autem
1270 4040 1363 4080 vos
1415 4027 1642 4095 Christi,
1710 4045 1844 4101 ergo
1898 4048 2082 4091 semen

503 4106 738 4164 Abrahae
774 4110 927 4176 estis,
966 4113 1277 4169 secundum
1298 4119 1722 4187 promissionem
1755 4123 2026 4183 hatredes‘.
2059 4146 2078 4179 ι

575 4199 632 4256 Si
684 4200 942 4258 Christus
991 4218 1178 4259 semen
1238 4216 1326 4261 est
1377 4206 1678 4279 Abraham,
1740 4229 1837 4270 vos
1899 4227 2082 4274 autem

503 4290 1114 4357 Christuminduistis,
1153 4302 1206 4348 et
1271 4310 1472 4366 corpus
1538 4301 1662 4371 ejus
1737 4301 1868 4359 facti
1924 4307 2083 4373 estis,

508 4382 861 4439 manifestum
874 4392 960 4439 est
985 4398 1088 4438 vos
1105 4398 1230 4439 esse
1256 4400 1441 4443 semen
1473 4390 1777 4459 Abraham,
1810 4408 1875 4449 ac
1900 4398 2086 4465 proin-

2185 3279 2268 3341 εἰς
2291 3277 2419 3348 μίαν
2441 3278 2764 3347 συγγένειαν
2787 3278 2987 3351 ἧχθης.

2260 3480 2279 3514 t
2319 3462 2435 3516 Οὑκ
2460 3462 2541 3516 ἔνι
2584 3463 2862 3531 Ἰουδαῖος,
2908 3462 3034 3518 οὑδέ
3064 3462 3268 3534 Ἕλλην
3287 3478 3302 3492 ’
3328 3463 3431 3517 οὑκ
3460 3463 3541 3517 ἐνι
3560 3463 3781 3528 δοῦλος.

2185 3553 2305 3608 οὑδὲ
2327 3552 2612 3624 ἐλεύθερος
2629 3571 2643 3584 ·
2671 3555 2774 3609 οὑκ
2801 3554 2883 3609 ἔνι
2910 3554 3080 3627 ἄρσεν
3099 3555 3194 3609 καὶ
3217 3555 3375 3626 θῆλυ.
3410 3557 3628 3623 Πάντες
3661 3559 3782 3629 γὰρ

2187 3646 2347 3718 ὑμεῖς
2376 3640 2459 3710 εἷς
2484 3647 2542 3699 ἐν
2570 3646 2795 3719 Χριστῷ
2835 3645 3036 3718 Ἰησοῦ.
3076 3665 3103 3699 ι

2269 3825 2393 3879 Ἐπὶ
2440 3825 2624 3880 πλεῖον
2652 3824 2923 3896 διηγεῖται
2957 3825 3060 3899 τὴν
3107 3826 3426 3897 άγαθότητα
3478 3827 3575 3882 τοῦ
3605 3829 3780 3893 Θεοῦ,

2186 3920 2318 3973 ὅπου
2342 3934 2407 3988 γε
2432 3920 2567 3972 πᾶσι
2594 3918 2697 3989 τὴν
2729 3918 2852 3989 ίσην
2879 3918 3082 3973 δέδωκε
3111 3919 3341 3990 δωρεάν.

2262 4026 2282 4061 t
2322 4010 2385 4062 Εἰ
2409 4008 2467 4062 δέ
2487 4010 2646 4079 ὑμεῖς
2694 4008 2956 4080 Χριστοῦ,
2989 4010 3099 4081 ἄρα
3118 4009 3215 4064 τοῦ
3260 4010 3515 4084 Ἀϐραὰμ
3547 4013 3788 4087 σπέρμα

2186 4100 2336 4165 ἐστὲ,
2364 4102 2489 4156 κατ’
2522 4100 2859 4171 ἐπαγγελίαν
2892 4100 3249 4173 κληρονόμοι.
3287 4119 3311 4154 ι

2257 4193 2320 4246 Εἰ
2346 4193 2377 4245 6
2402 4193 2639 4264 Χριστὸς
2668 4193 2891 4265 σπέρμα
2919 4192 3031 4253 τοῦ.
3062 4192 3334 4265 Ἀϐραὰμ,
3366 4192 3525 4264 ὑμεῖς
3555 4193 3615 4248 δὲ
3638 4196 3791 4267 Χρι-

2189 4284 2313 4338 στὸν
2356 4285 2683 4342 ἐνεδύσασθε
2708 4327 2723 4352 ,
2759 4287 2855 4343 καὶ
2883 4286 3047 4357 σῶμα
3078 4286 3246 4342 αὑτοῦ
3279 4287 3570 4356 γεγόνατε,
3617 4287 3792 4358 δῆλον

2187 4377 2269 4431 ὅτι
2304 4377 2523 4450 σπέρμα
2551 4378 2647 4433 τοῦ
2689 4378 2942 4451 Ἀϐραάμ
2969 4380 3115 4435 ἐστε.
3147 4379 3359 4434 Οὑκοῦν
3384 4379 3480 4434 καὶ
3514 4378 3791 4451 κληρονό·

506 4474 573 4528 de
624 4473 885 4531 heredes.
957 4474 1039 4529 Ad
1081 4490 1270 4542 semen
1323 4479 1527 4552 quippe
1581 4483 1731 4540 illius
1785 4488 2081 4555 promissio

2205 4487 2305 4540 μοι.
2343 4468 2430 4542 Τῷ
2464 4470 2739 4543 σπέρματι
2764 4472 2875 4545 γὰρ
2902 4471 3054 4543 αὑτῷ
3079 4474 3111 4544 ὴ
3137 4472 3466 4541 ἐπαγγελία.

508 4556 765 4635 pertinet.

1144 4682 1296 4745 CAP.
1324 4687 1415 4745 IV.
1504 4746 1511 4753 .

508 4828 515 4837 ρ
581 4790 755 4850 νεεδ.
784 4795 906 4851 Μ’).
927 4814 949 4849 ‹
975 4797 1107 4854 Dico
1131 4809 1353 4858 autem:
1391 4810 1603 4874 quanto
1627 4810 1878 4876 tempore
1911 4808 2088 4869 haeres

505 4888 765 4955 parvulus
793 4897 897 4955 est,
925 4890 1064 4947 nihil
1092 4892 1278 4952 dili‘ert
1303 4912 1333 4952 a
1368 4915 1553 4967 servo,
1577 4914 1705 4956 cum
1725 4898 1799 4955 sit
1822 4901 2086 4961 Dominus

505 4978 775 5045 omnium,
806 4983 903 5037 sed
930 4983 1034 5040 sub
1065 4987 1346 5046 tutoribus
1375 4999 1432 5047 et
1458 4990 1877 5061 actoribusest,
1914 5009 2089 5066 usque

502 5067 571 5122 ad
605 5068 934 5137 praeﬁnitum
1001 5080 1217 5147 tempus
1264 5094 1295 5133 a
1333 5079 1544 5136 Patre:
1591 5081 1665 5136 ita
1701 5090 1756 5136 et
1810 5098 1913 5140 nos
1962 5101 2086 5142 cum

503 5172 756 5216 essemus
788 5164 1025 5233 parvuli,
1070 5167 1174 5222 sub
1217 5169 1510 5226 elementis
1541 5170 1732 5226 mundi
1771 5171 1939 5244 hujus
1967 5189 2088 5232 era-

506 5266 632 5307 mus
678 5254 1002 5315 servientes.
1073 5258 1307 5326 Quando
1361 5269 1546 5316 autem
1608 5263 1761 5319 venit
1805 5266 2088 5336 plenitudo

505 5344 794 5414 temporis,
827 5347 978 5406 misit
1015 5351 1160 5409 Deus
1204 5354 1405 5409 Filium
1434 5370 1618 5420 suum,
1645 5365 1836 5413 natum
1867 5373 1934 5415 ex
1962 5375 2086 5416 mu-

504 5430 665 5578 gere,
688 5444 878 5495 natum
907 5442 1011 5497 sub
1033 5443 1174 5515 lege,
1202 5452 1263 5500 ut
1288 5458 1386 5501 eos
1409 5446 1503 5517 qui
1535 5447 1643 5504 sub
1668 5448 1788 5520 lege
1814 5460 1974 5507 erant
1995 5468 2085 5511 re-

550 5538 761 5578 llllel'eL
796 5550 815 5578 ι

550 5538 761 5586 ttuel'et.
795 5550 815 5584 ι

580 5636 875 5701 Parvulum
913 5645 1072 5712 dicit,
1102 5662 1209 5703 non
1253 5656 1439 5715 (etate,
1478 5652 1573 5709 sed
1604 5654 1787 5711 animo
1816 5675 1830 5721 ;
1866 5656 2086 5729 signiti~

511 5741 644 5788 caus
675 5733 841 5794 Deum
871 5738 1030 5795 initia
1068 5741 1180 5795 haec
1203 5754 1422 5811 quoque
1447 5746 1683 5806 voluisse
1704 5749 1915 5820 largiri.
1939 5748 2081 5816 Quia

2802 4695 3053 4750 ΚΕΦΔΛ.
3088 4696 3141 4747 Δ¹
3170 4722 3180 4732 -

2268 4825 2287 4859 ι
2317 4807 2476 4877 Λέγω
2503 4806 2563 4860 δέ
2595 4807 2682 4877 ἐφ’
2727 4806 2863 4861 ὅσον
2895 4806 3091 4877 χρόνον
3122 4807 3150 4860 ό
3196 4806 3533 4878 κληρονόμος
3586 4807 3807 4879 νήπιός

2191 4898 2364 4961 ἐστιν,
2397 4897 2553 4952 οὐδὲν
2605 4896 2854 4969 διαφέρει
2904 4895 3118 4961 δούλου,
3152 4896 3363 4969 Κύριος
3410 4896 3634 4952 πάντων
3692 4898 3804 4962 ὣν,

2190 4989 2307 5045 ἀλλ’
2331 4990 2437 5044 ὑπὸ
2476 4989 2808 5061 ἐπιτρόπους
2837 4988 2956 5042 ἐστὶ
3005 4989 3099 5043 καὶ
3123 4989 3467 5060 οἰκονόμους,
3516 4990 3652 5062 ἄχρι
3687 4991 3801 5061 τῆς

2191 5082 2529 5154 προθεσμίας
2555 5081 2650 5135 τοῦ
2676 5082 2912 5153 Πατρός.
2944 5080 3103 5136 Οὖτω
3145 5083 3241 5137 καὶ
3282 5083 3466 5154 ἡμεῖς,
3517 5082 3608 5136 ὅτε
3639 5077 3805 5153 ἦμεν

2182 5176 2398 5246 νήπιοι,
2431 5173 2537 5227 ὑπὸ
2564 5171 2633 5227 τά
2682 5174 2922 5243 στοιχεῖα
2963 5170 3060 5225 τοῦ
3096 5172 3305 5242 κόσμου
3334 5166 3479 5243 ἦμεν
3520 5169 3805 5224 δεδουλω-

2178 5318 2183 5325 .
2194 5272 2367 5341 μένοι.
2406 5269 2535 5320 Ὅτε
2561 5266 2620 5320 δὲ
2655 5263 2790 5336 ἦλθε
2816 5266 2877 5319 τὸ
2906 5265 3187 5336 πλήρωμα
3226 5262 3320 5317 τοῦ
3368 5263 3588 5335 χρόνου,
3609 5262 3801 5328 ἐξαπ-

2192 5360 2432 5418 έστειλεν
2467 5362 2496 5412 6
2535 5357 2668 5422 Θεὸς
2691 5358 2782 5411 τὸν
2814 5357 2942 5412 Υἰδν
2977 5355 3143 5411 αὑτοῦ
3163 5398 3177 5423 ,
3199 5358 3547 5427 γεννώμενον
3586 5357 3658 5409 ἐκ
3690 5372 3814 5424 7L»-

2192 5450 2400 5516 ναικὸς,
2424 5447 2768 5519 γεννώμενον
2808 5447 2915 5502 ὑπὸ
2960 5448 3150 5519 νόμου,
3188 5447 3277 5502 ἴνα
3322 5446 3451 5510 τοὺς
3483 5444 3588 5500 ὑπὸ
3619 5445 3819 5518 νόμον

2193 5542 2526 5614 ἐξαγοράσῃ.
2559 5562 2578 5596 ι

2266 5660 2501 5731 Νήπιος,
2524 5660 2585 5714 οὑ
2618 5660 2718 5730 τὴν
2743 5658 2982 5731 ἡλικίαν,
3011 5657 3148 5712 ἀλλὰ
3184 5656 3284 5728 τὴν
3338 5656 3566 5727 γνώμην
3611 5657 3776 5725 φησί
3803 5673 3818 5685 ·

2192 5752 2414 5815 δεικνὺς
2444 5752 2526 5805 ὅτι
2546 5753 2639 5806 καὶ
2668 5751 2727 5816 ἐξ
2757 5750 2932 5825 ἀρχῆς
2976 5749 3075 5821 μὲν
3108 5749 3361 5803 ἐϐούλετο
3393 5750 3419 5801 ό
3445 5748 3580 5811 Θεὸς
3607 5746 3819 5802 ταῦτα
