3970 6450
221 360 328 426 301

1419 363 1500 423 IN
1543 362 1781 422 EPIST.
1823 363 1924 422 AD
1957 358 2315 420 GALATAS.

3410 355 3515 422 802

224 472 583 544 χαρίσασθαι.
648 471 868 540 Ἐπειδὴ
909 471 965 525 δέ
1021 472 1101 524 ἐτι
1158 471 1592 542 νηπιωδέστερον
1633 472 1823 526 διεκεία

1949 487 2066 527 ιρι-ο
2097 469 2385 541 pueriliter
2422 467 2603 523 adhuc
2634 467 2817 524 allecti
2847 481 3090 535 eramus,
3114 468 3230 539 ipse
3257 482 3353 522 nos
3379 468 3516 524 sivit

227 567 395 636 μεθα,
419 563 642 634 ἀφῆκεν
697 562 805 616 ὑπὸ
861 562 930 616 τὰ
982 564 1226 632 στοιχεῖα
1256 563 1352 614 τοῦ
1402 562 1611 633 κόσμου
1659 558 1824 627 εἶναι,

223 653 477 707 τουτέστι
513 652 835 722 Νουμηνίας
889 652 985 706 καὶ
1031 651 1310 707 Σάϐϐατα.
1347 654 1414 704 Αἱ
1463 653 1572 724 γὰρ
1619 654 1826 725 ήμέραι

224 746 336 798 ἀπὸ
369 744 575 815 δρόμου
631 746 866 814 σελήνης
918 744 1014 797 καὶ
1047 742 1200 814 ἡλίου
1238 745 1499 812 γίνονται.
1539 744 1602 796 Ei
1648 743 1705 796 δὲ
1735 743 1829 797 καὶ

225 835 322 889 νῦν
356 837 505 905 ἡμᾶς
543 834 650 887 ὑπὸ
679 834 844 904 νόμον
875 834 1119 903 ἄγουσιν,
1157 834 1310 887 οὐδὲν
1337 833 1525 905 ἕτερον
1555 833 1825 896 ποιοῦσιν,

224 925 344 980 ἀλλ’
378 926 410 996 ἢ
451 925 548 979 καὶ
604 927 663 978 ἐν
701 924 781 995 τῷ
819 924 998 997 χρόνῳ
1048 925 1149 996 τῆς
1185 925 1400 989 τελείας
1464 925 1702 996 ἡλικίας,
1749 926 1828 987 εἰς

223 1018 476 1070 τούπίσω
498 1017 664 1072 πάλιν
693 1017 996 1086 ἀπάγουσι,
1018 1017 1115 1071 καὶ
1141 1016 1343 1070 δούλων
1368 1016 1521 1070 οὐδὲν
1547 1015 1827 1086 διαφέρειν

227 1109 505 1162 ποιοῦσιν.

303 1219 328 1252 σ
374 1201 495 1255 Ἵνα
522 1201 624 1271 τὴν
647 1200 924 1254 υἱοθεσίαν
947 1200 1334 1271 ἀπολάϐωμεν.
1374 1219 1393 1253 ι

297 1294 506 1357 Καλῶς
527 1290 704 1360 εἶπεν,
738 1292 1156 1362 ἀπολάϐωμεν,
1188 1294 1404 1358 δεικνὺς
1447 1293 1822 1364 ὀφειλομένην.

237 1387 490 1440 Ἀνωθεν
519 1385 627 1458 γὰρ
661 1385 1033 1457 ἐπηγγείλατο
1059 1386 1153 1440 ἐπὶ
1181 1385 1276 1440 τοῦ
1319 1385 1588 1456 Ἀϐραάμ.

304 1585 324 1616 ι
365 1567 492 1618 Ὅτι
534 1565 595 1618 δέ
647 1567 770 1619 ἐστε
828 1567 952 1631 υἱοὶ,
984 1565 1332 1631 ἐξαπέστειλε
1378 1566 1437 1619 τὸ
1468 1565 1692 1636 Πνεῦμα
1718 1565 1810 1618 τοῦ

227 1656 366 1710 Υἱοῦ
393 1657 563 1710 αὐτοῦ
591 1658 672 1721 είς
696 1657 800 1722 τὰς
825 1659 1060 1729 καρδίας
1087 1659 1263 1729 ὑμῶν,
1295 1659 1519 1730 κράζον,
1581 1658 1768 1723 Ἀ66ἄ,
1800 1661 1828 1711 ό

229 1751 450 1821 Πατήρ.
482 1751 646 1802 Ὥστε
673 1751 856 1804 οὐκέτι
887 1748 940 1804 εἷ
961 1751 1168 1818 δοῦλος,
1201 1752 1337 1805 ἀλλὰ
1357 1752 1495 1814 υἱός.
1527 1752 1588 1804 El
1610 1751 1667 1803 δὲ
1689 1751 1822 1815 υίὸς,

230 1845 324 1897 καὶ
360 1843 704 1914 κληρονόμος
738 1843 874 1897 Θεοῦ
906 1844 1002 1898 διά
1031 1845 1288 1916 Χριστόν.
1327 1863 1344 1896 ι

301 1933 460 1984 Ἀνω
487 1932 585 1984 καὶ
613 1933 767 1986 κάτω
789 1931 884 1985 τὸν
908 1935 1038 2003 περὶ
1059 1933 1162 2003 τῆς
1182 1933 1456 1997 υἱοθεσίας
1485 1934 1668 1996 αὐτοῖς
1692 1950 1825 2003 προ-

227 2021 388 2092 φέρει
419 2020 606 2089 λόγον.
665 2022 779 2076 Καὶ
833 2022 932 2094 ἤδη
975 2023 1076 2093 μὲν
1101 2022 1305 2087 ἔδειξεν
1335 2025 1393 2076 ἐν
1421 2026 1536 2087 τοῖς
1565 2023 1824 2094 ἀνωτέρω

226 2114 316 2166 διὰ
358 2113 456 2166 τοῦ
495 2116 694 2178 εἰπεῖν,
755 2115 1015 2182 Χριστὸν
1048 2116 1457 2169 ἐνεδύσασθε*
1497 2116 1592 2170 νῦν
1632 2117 1688 2168 δὲ
1735 2117 1827 2169 καὶ

229 2205 421 2276 ἐτέρου
455 2205 548 2258 τοῦ
583 2207 780 2272 εἰπεῖν,
812 2207 896 2260 ὅτι
922 2208 1020 2261 οῦκ
1053 2207 1120 2262 ἂν
1153 2206 1458 2277 ἐδυνάμεθα
1479 2207 1697 2278 Πατέρα
1725 2227 1825 2261 κα-

228 2297 342 2348 λεῖν
367 2297 463 2348 τὸν
497 2297 654 2363 Θεὸν,
697 2298 789 2352 καὶ
838 2299 900 2351 τὸ
936 2298 1165 2370 Πνεῦμα
1213 2298 1382 2352 αὑτοῦ
1427 2298 1636 2365 λαὸεῖν,
1667 2301 1715 2352 εί
1749 2302 1824 2372 μὴ

230 2389 338 2442 υἱοὶ
374 2389 546 2442 αὑτοῦ
579 2390 955 2460 ἐγεγόνειμεν.

303 2502 325 2533 ι
374 2481 544 2536 Ἀλλά
570 2483 690 2537 τότε
738 2484 836 2554 μὲν
883 2484 984 2536 οὐκ
1039 2485 1245 2547 εἰδότες
1276 2485 1432 2553 Θεὸν,
1470 2485 1825 2539 ἐδουλεύσατε

233 2575 344 2636 τοῖς
373 2571 540 2641 φύσει
571 2571 646 2644 μὴ
667 2568 788 2626 οὖσι
813 2571 979 2636 θεοῖς.
1012 2573 1126 2626 Νῦν
1158 2573 1214 2626 δὲ
1237 2573 1456 2640 γνόντες
1494 2574 1648 2638 Θεὸν,
1686 2574 1824 2644 μᾶλ-

231 2666 320 2717 λον
343 2665 401 2717 δέ
441 2664 779 2733 γνωσθέντες
805 2664 910 2717 ὑπὸ
943 2664 1102 2729 Θεοῦ,
1124 2665 1242 2729 πῶς
1271 2665 1629 2737 ἐπιστρέφετε
1664 2665 1823 2718 πάλιν

229 2757 322 2809 ἐπὶ
346 2756 417 2809 τά
449 2755 653 2826 ἀσθενῆ
684 2755 792 2810 καὶ·
815 2755 1008 2827 πτωχά
1040 2759 1282 2826 στοιχεῖα
1307 2798 1322 2823 ,
1357 2751 1438 2818 οἷς
1487 2756 1651 2810 πάλιν
1681 2756 1822 2810 ἄνω-

231 2848 320 2901 θεν
348 2847 627 2901 δουλεύειν
649 2846 832 2900 θέλετε
855 2865 869 2915 ;
913 2866 932 2900 ι

309 3020 592 3076 Ἐνταῦθα
625 3021 764 3093 πρὸς
789 3021 915 3085 τοὺς
939 3022 996 3088 ἐξ
1028 3019 1199 3075 ἐθνῶν
1229 3022 1629 3085 πιστεύσαντας
1684 3023 1822 3074 ἀπο-
1909 3064 1914 3070 .

226 3116 507 3170 τείνεται·
537 3115 620 3167 ὅτι
647 3114 748 3168 καὶ
772 3113 1193 3185 εἰδωλολατρεία
1230 3113 1292 3166 τὸ
1317 3112 1562 3167 τοιοῦτόν
1591 3115 1762 3178 ἐστιν,
1789 3115 1821 3184 ἡ

227 3208 328 3284 τῆς
363 3204 478 3258 τῶν
506 3205 736 3277 ἡμερῶν
763 3205 1206 3275 παρατηρήσεως
1238 3204 1481 3273 φυλακή.

307 3314 328 3346 ι
369 3296 619 3369 Ἡμέρας
648 3297 1086 3367 παρατηρεῖσθε,
1111 3296 1204 3350 καὶ
1234 3296 1428 3368 μῆνας,
1457 3298 1553 3351 καὶ
1575 3297 1848 3378 καιροὺς,

228 3388 325 3440 καὶ
351 3387 657 3450 ἐνιαυτούς.
695 3405 713 3438 ι
1504 3441 1508 3448 ι

311 3480 409 3532 Ἐκ
435 3478 642 3533 τούτων
685 3478 868 3550 δῆλον,
911 3481 1004 3534 ’ὅτι
1034 3480 1094 3534 οὐ
1131 3481 1292 3552 μόνον
1330 3481 1638 3552 περιτομὴν
1667 3482 1824 3535 αὐτοὶ

228 3571 533 3642 ἐκήρυττον
562 3570 779 3642 ἐκείνην
817 3573 1010 3642 μόνην,
1049 3572 1186 3627 ἀλλὰ
1219 3572 1315 3626 καὶ
1343 3573 1442 3637 τάς
1484 3573 1701 3644 ὲορτάς,
1730 3573 1824 3626 καὶ

228 3663 330 3726 τας
361 3664 477 3716 Νου
486 3664 686 3733 μηνίας
718 3667 930 3735 τηρεῖν.
1743 3683 1745 3685 ‘

309 3775 329 3808 ι
360 3757 646 3829 Φοϐοῦμαι
709 3758 889 3829 ὑμᾶς,
945 3759 1144 3829 μήπως
1202 3759 1326 3830 είκῆ
1380 3759 1690 3814 κεκοπίακα
1743 3761 1823 3822 είς

227 3849 397 3919 ὑμᾶς.
441 3867 460 3900 ι

299 3938 573 4004 Δέδοικα,
607 3941 795 4010 φησὶν,
842 3940 904 3993 οὐ
944 3941 1050 4011 μὴν
1101 3941 1424 4010 ἀπέγνωκα.
1484 3941 1679 4013 Κύριοι
1713 3943 1823 4012 γὰρ

227 4029 392 4098 ὑμεῖς
419 4029 480 4082 τὸ
508 4031 618 4083 πᾶν
649 4030 966 4102 διορθῶσαι.

301 4137 324 4169 ι
358 4117 590 4170 Γίνεσθε
619 4119 694 4183 ὡς
723 4119 857 4190 ἐγὼ,
907 4121 988 4173 ὅτι
1039 4121 1195 4190 κάγὼ
1239 4122 1316 4186 ὠς
1348 4123 1538 4194 ὑμεῖς,
1573 4123 1818 4192 ἀδελφοὶ,

229 4208 429 4280 δέομαι
463 4209 640 4279 ὑμῶν.
676 4210 846 4265 Οὐδέν
883 4228 952 4281 με
977 4213 1297 4283 ἠδικήσατε.
1337 4232 1355 4265 ι

299 4297 492 4352 Ταῦτα
515 4299 654 4371 πρὸς
677 4301 805 4364 τοὺς
833 4301 892 4367 ἐξ
933 4302 1203 4356 Ἰουδαίων
1231 4302 1400 4371 λέγει.
1435 4305 1526 4356 Διὸ
1569 4304 1664 4358 καὶ
1697 4305 1815 4357 ἐαυ-

223 4391 316 4444 τὸν
348 4393 432 4455 εἰς
465 4393 634 4463 μέσον
685 4393 833 4462 ἄγει,
873 4394 1079 4448 πείθων
1114 4395 1309 4459 αὐτοὺς
1363 4396 1670 4466 ἀποστῆναι
1709 4397 1817 4450 τῶν

225 4482 503 4550 παλαιῶν,
537 4484 915 4556 μιμουμένους
940 4485 1126 4539 αὐτόν.

299 4701 320 4732 1
354 4681 574 4745 Οἴδατε,
605 4682 689 4735 ὅτι
717 4681 784 4735 δι’
815 4681 1100 4738 ἀσθένειαν
1139 4684 1238 4755 τῆς
1283 4684 1488 4754 σαρκὸς
1531 4685 1819 4755 εὐηγγελι-

226 4774 416 4845 σάμην
438 4775 572 4845 ὑμῖν
591 4775 654 4829 τὸ
682 4777 968 4848 πρότερον,
1001 4779 1096 4832 καὶ
1119 4777 1211 4831 τὸν
1234 4779 1543 4850 πειρασμόν
1579 4796 1701 4849 μου,
1729 4778 1822 4832 τὸν

223 4866 320 4920 ἐπὶ
373 4869 440 4937 τῇ
501 4866 664 4938 σαρκί
698 4885 799 4938 μου
838 4868 938 4921 οὐκ
985 4868 1400 4940 ἐξουθενήσατε,
1433 4869 1553 4923 οὐδὲ
1594 4869 1822 4937 ἐξεπτύ-

226 4974 388 5023 σατε,
416 4957 532 5010 ἀλλ’
565 4957 640 5022 ὡς
669 4958 903 5029 ἄγγελον
934 4958 1072 5014 Θεοῦ
1123 4961 1380 5028 ἐδέξασθε
1409 4962 1534 5032 ἐμὲ,
1581 4961 1656 5026 ὡς
1688 4962 1822 5032 Χρι-

226 5048 358 5102 στὸν
401 5048 632 5119 Ἰησοῦν.
672 5069 691 5101 ι

296 5139 616 5212 Κηρύσσων
648 5143 813 5214 ὑμῖν,
839 5145 1004 5215 φησὶν
1028 5187 1043 5213 ,
1094 5145 1442 5216 ἡλαυνόμην,
1489 5144 1818 5216 ἐμαστιγοῦ-

226 5249 363 5303 μην,
393 5232 662 5298 θανάτους
692 5235 987 5306 ὑπέμενον,
1025 5237 1120 5290 καὶ
1168 5236 1289 5290 οῦδέ
1315 5237 1458 5291 οὕτω
1485 5238 1822 5309 κατεφρονή-

227 5324 362 5378 σατέ
387 5342 512 5396 μου.
550 5326 722 5380 Τοῦτο
750 5329 859 5398 γὰρ
883 5329 1022 5393 ἐστι,
1062 5329 1173 5384 Τὸν
1201 5329 1536 5400 πειρασμόν
1563 5347 1684 5399 μου
1713 5327 1822 5382 τὸν

224 5416 297 5470 ἐν·
318 5416 396 5484 τῇ
424 5419 610 5487 σαρκί
619 5436 739 5487 μου
765 5421 875 5474 οὐκ
903 5419 1370 5488 ἐξουθενήσατε,
1396 5421 1540 5474 οὐδὲ
1569 5420 1819 5485 ἐξεπτύ-

226 5522 399 5562 σατε.
436 5509 565 5573 Πῶς
600 5505 694 5565 οὖν
724 5511 824 5564 οὐκ
857 5510 1082 5576 ἄτοπον,
1116 5511 1449 5583 διωκόμενον
1475 5511 1549 5575 ὡς
1588 5512 1819 5579 ἄγγελον

230 5600 504 5671 δέχεσθαι,
578 5602 948 5674 παραινοῦντα
1008 5603 1066 5659 δὲ
1126 5604 1193 5657 τά
1256 5603 1461 5672 δέοντα,
1537 5604 1610 5673 μὴ
1665 5602 1816 5673 δέχε-

237 5695 396 5749 σθαι..

1933 562 2037 616 sub
2071 561 2362 616 elementis
2407 559 2598 614 mundi
2651 573 2851 630 agere;
2886 569 3020 630 puta
3056 561 3162 614 sub
3193 557 3517 613 Neomemis

1929 663 1983 710 et
2008 654 2281 710 Sabbatis.
2305 651 2440 706 Nam
2477 653 2596 706 dies
2635 667 2800 706 cursu
2827 653 2961 707 solis
2985 659 3038 706 et
3062 653 3207 707 lunae
3245 666 3520 721 peragun-

1950 756 2060 800 tur.
2097 746 2154 799 Si
2181 753 2364 799 autem
2399 759 2498 798 nos
2538 743 2642 798 sub
2673 743 2845 813 legem
2892 744 3166 814 redigunt,
3201 744 3334 797 nihil
3366 740 3515 794 aliud

1931 836 2161 902 faciunt,
2198 849 2361 905 quam
2393 835 2439 890 si
2511 848 2611 887 nos
2651 833 2830 888 atatis
2875 832 3073 886 adultae
3120 841 3369 903 tempore
3426 832 3497 884 ad

1936 935 2266 982 retroactatn
2292 933 2507 981 aetatem
2551 926 2732 981 denuo
2779 932 3122 991 revocarent,
3151 932 3209 978 ut
3256 938 3285 977 a
3331 923 3510 979 servis

1931 1020 2066 1074 nihil
2099 1019 2410 1075 diﬂ‘crentes
2448 1019 2644 1075 simus.

2011 1219 2030 1250 ι
2065 1198 2140 1254 Ut
2167 1197 2517 1268 adeptionem
2551 1198 2788 1252 liliorum
2823 1197 3227 1266 reciperenius.
3275 1213 3295 1247 ν

2001 1291 2166 1363 168
2189 1291 2360 1346 Recte
2385 1289 2548 1354 dixit,
2594 1291 2965 1357 reciperemus,
3009 1297 3071 1343 ut
3111 1303 3231 1341 eam
3271 1285 3513 1340 debitam

1930 1385 2091 1439 nobis
2141 1384 2315 1440 fuisse
2376 1383 2714 1446 ostenderet.
2767 1382 2911 1437 Olim
2981 1382 3129 1437 enim
3166 1379 3310 1434 Deus
3362 1379 3506 1432 hanc

1930 1478 2248 1533 Abrahamo
2286 1479 2640 1547 promiserat.

2000 1569 2168 1626 Vens.
2214 1569 2267 1637 6,
2306 1570 2359 1626 7.
2423 1588 2442 1620 ι
2485 1569 2758 1635 Quoniam
2806 1569 2937 1624 estis
2988 1567 3108 1632 lilii,
3160 1567 3309 1622 misit
3369 1565 3513 1620 Deus

1933 1662 2196 1732 Spiritum
2232 1661 2355 1716 Filii
2399 1661 2480 1717 sui
2526 1662 2580 1716 in
2641 1661 2811 1716 corda
2865 1669 3072 1725 vestra,
3140 1660 3508 1714 clamantem:

1933 1755 2108 1820 Abba,
2139 1753 2321 1810 Pater.
2351 1753 2540 1824 Itaque
2565 1754 2680 1822 jam
2717 1769 2827 1808 non
2878 1767 2937 1808 es
2969 1767 3184 1816 servus,
3214 1750 3312 1806 sed
3347 1750 3509 1803 ﬁlius.

1857 1847 1899 1902 Β
1930 1848 2083 1913 Quod
2113 1849 2157 1902 si
2195 1846 2358 1912 ﬁlius,
2388 1855 2442 1902 et
2471 1847 2646 1902 haeres
2688 1845 2780 1902 Dei
2824 1861 2921 1916 per
2957 1845 3262 1900 Chrismm.
3311 1862 3328 1893 ι

2006 1938 2235 1994 Sursum
2273 1937 2528 1994 deorsum
2577 1939 2647 1992 de
2698 1937 2993 2006 adoptione
3033 1949 3341 1990 sermonem
3392 1947 3510 1986 mo-

1930 2039 2040 2085 vet.
2090 2027 2320 2098 Jamque
2375 2029 2633 2096 superius
2677 2027 2897 2096 quidem
2937 2041 3058 2081 eam
3103 2025 3388 2083 indicavit,
3423 2025 3509 2077 di-

1937 2121 2134 2190 cendo,
2168 2120 2440 2176 Christum
2481 2122 2773 2175 induistis:
2811 2136 2957 2175 nunc
3006 2129 3186 2173 autem
3219 2119 3325 2171 alio
3350 2118 3512 2172 modo

1903 2223 2052 2269 ‘cum
2081 2213 2180 2278 ait,
2216 2229 2327 2267 non
2371 2227 2470 2266 nos
2501 2227 2662 2283 posse
2695 2211 2864 2266 Deum
2907 2225 3106 2266 vocare
3141 2210 3384 2267 Patrem.
3420 2225 3512 2262 ne-

1929 2320 2036 2374 qne
2061 2304 2324 2374 Spiritum
2357 2303 2428 2358 ab
2467 2319 2533 2359 co
2599 2303 2871 2374 accipere,
2907 2303 3014 2357 nisi
3048 2301 3141 2354 lilii
3170 2301 3347 2370 ipsius
3381 2299 3509 2353 lacti

1927 2397 2122 2452 simus.
2335 2379 2338 2382 ’

2008 2488 2174 2544 Vens.
2211 2489 2264 2554 8,
2297 2489 2350 2543 9.
2388 2508 2404 2540 ι
2442 2487 2546 2544 Sed
2571 2497 2697 2544 tunc
2718 2487 2941 2556 quidem
2977 2487 3292 2555 ignorantes
3319 2484 3508 2546 Deum,

1927 2579 1995 2632 iis
2032 2579 2124 2647 qui
2157 2588 2349 2633 natura
2379 2593 2486 2632 non
2519 2587 2651 2632 sunt
2685 2577 2782 2642 dii,
2821 2577 3149 2631 serviebatis
3171 2616 3185 2630 .
3226 2574 3385 2628 Nunc
3409 2588 3507 2625 au-

1928 2679 2034 2724 tem
2089 2683 2212 2723 cum
2255 2668 2629 2740 cognoveritis
2681 2669 2874 2734 Demn,
2909 2669 3020 2720 imo
3062 2667 3264 2734 cogniti
3306 2666 3430 2720 sitis
3479 2679 3507 2716 a

1925 2762 2056 2826 Deo,
2086 2762 2360 2832 quomodo
2397 2759 2793 2815 convertemini
2870 2758 3069 2812 iterum
3115 2756 3178 2809 ad
3216 2756 3426 2808 inﬁrma
3456 2764 3510 2806 et

1925 2869 2091 2925 egena
2137 2853 2434 2917 elementa,
2470 2851 2670 2922 quibus
2719 2851 2900 2904 denuo
2938 2849 3008 2902 ab
3056 2850 3268 2918 integro
3299 2846 3506 2901 servire
3555 2894 3560 2902 .

1925 2945 2126 3000 vultis?
2172 2962 2190 2994 ›

2001 3037 2116 3092 Hoc
2157 3036 2262 3090 loci
2302 3033 2427 3089 illos
2459 3032 2758 3102 alloquitur
2795 3047 2861 3086 ex
2902 3031 3160 3102 gentibus
3193 3029 3284 3099 qui
3320 3027 3502 3080 credi-

1927 3129 2156 3184 derant:
2191 3127 2454 3197 quoniam
2501 3134 2558 3182 et
2601 3125 2918 3181 observatio
2969 3125 3182 3180 dierum
3237 3122 3510 3178 idolorum

1849 3191 1893 3250 ο
1927 3191 2306 3290 superstitioni
2337 3218 2532 3274 similis
2553 3225 2693 3271 erat.

1999 3311 2166 3366 Vsus.
2201 3310 2289 3364 10.
2331 3329 2349 3361 ε
2397 3309 2525 3364 Dies
2553 3309 2892 3372 observatis,
2919 3317 2974 3364 et
3011 3322 3246 3375 menses,
3291 3318 3344 3362 ct
3375 3317 3508 3361 tem~

1925 3415 2077 3472 pora,
2113 3408 2168 3456 et
2196 3414 2392 3454 annos.
2433 3417 2450 3449 ι

1997 3492 2074 3546 Ex
2113 3492 2235 3547 istis
2267 3501 2610 3561 compertum
2657 3490 2738 3554 ﬁt,
2776 3505 2884 3544 non
2931 3489 3108 3543 solum
3137 3503 3232 3545 eos
3259 3489 3506 3543 circuat-

1903 3585 2188 3640 cisionem
2227 3582 2578 3653 prmdicasse,
2641 3598 2829 3637 verum
2865 3583 3030 3636 etiam
3082 3581 3249 3636 festos
3293 3582 3407 3635 dies
3452 3586 3509 3635 et

1924 3676 2256 3731 Neomenias
2284 3675 2497 3730 servari
2529 3674 2744 3729 debere.

2003 3766 2166 3824 Vens.
2200 3767 2288 3821 ll.
2324 3785 2344 3818 ι
2365 3765 2560 3820 Timeo
2589 3779 2708 3829 vos,
2739 3779 2808 3820 ne
2837 3764 2978 3820 forte
3003 3765 3124 3820 sine
3153 3778 3323 3818 causa
3351 3762 3508 3817 labo«

1926 3861 2162 3915 raverim
2198 3860 2253 3915 in
2279 3861 2458 3915 vobis.
2494 3879 2512 3912 ι

2001 3950 2209 4017 Timeo,
2237 3951 2437 4021 inquit,
2474 3965 2584 4005 non
2629 3951 2878 4020 despero.
2911 3949 3044 4005 Nam
3093 3949 3147 4004 in
3194 3955 3376 4003 vestra
3411 3962 3508 4017 po-

1927 4051 2124 4099 testate
2157 4049 2245 4098 est
2280 4051 2452 4097 totum
2482 4041 2800 4097 emendare.

1995 4134 2163 4189 Vens.
2196 4133 2284 4187 12.
2320 4153 2338 4185 ι
2380 4132 2569 4188 Estote
2613 4132 2756 4188 sicut
2804 4146 2928 4202 ego,
2959 4139 3013 4187 et
3053 4146 3153 4199 ego
3199 4130 3342 4184 sicut
3373 4144 3502 4182 vos:

1928 4222 2153 4289 fratres,
2182 4223 2413 4277 obsecro
2442 4237 2562 4277 vos.
2611 4221 2759 4275 Nihil
2789 4236 2876 4276 me
2904 4220 3176 4276 lmsistis.»

1991 4314 2120 4370 Haec
2157 4315 2408 4386 loquitur
2443 4315 2511 4369 ad
2543 4314 2665 4369 illos
2690 4314 2784 4384 qui
2810 4329 2876 4368 ex
2905 4312 3110 4367 Iudaeis
3142 4321 3319 4366 erant.
3357 4311 3502 4377 Quo-

1923 4408 2069 4462 circa
2127 4415 2300 4462 scmet
2360 4408 2482 4478 ipse
2541 4405 2749 4475 profert
2799 4404 2856 4459 in
2915 4404 3178 4467 medium,
3235 4419 3346 4473 quo
3381 4405 3505 4457 illus

1852 4531 1898 4586 Β
1927 4500 2173 4567 exemplo
2199 4513 2298 4553 suo
2330 4497 2661 4568 persuadeat
2691 4511 2719 4550 a
2757 4495 2960 4566 priscis
2989 4494 3187 4549 ritibus
3223 4493 3340 4549 suis
3407 4495 3502 4547 de-

1927 4606 2183 4649 εειεεεῖθ.

1996 4684 2163 4738 Vens.
2206 4683 2291 4740 1'5.
2320 4684 2405 4737 l4.
2443 4701 2461 4734 (
2503 4682 2671 4738 Scitis
2701 4688 2883 4736 autem
2915 4682 3044 4752 quia
3075 4695 3171 4750 per
3208 4681 3502 4736 inﬁrmita-

1929 4785 2033 4829 tem
2069 4775 2252 4828 carnis
2282 4775 2654 4844 evangelizavi
2687 4772 2842 4828 vobis
2874 4772 3231 4844 jampridem,
3279 4783 3334 4827 et
3375 4785 3499 4828 ten-

1925 4867 2189 4918 tationem
2226 4880 2400 4918 meam
2430 4865 2484 4917 in
2513 4877 2682 4918 carne
2706 4876 2821 4916 mea
2857 4877 2966 4917 non
2994 4862 3301 4931 sprevistis,
3327 4877 3504 4930 neque

1924 4957 2252 5026 respuistis;
2292 4956 2388 5011 sed
2438 4956 2581 5010 sicut
2614 4955 2868 5026 angelum
2904 4953 3002 5010 Dei
3051 4954 3348 5026 cxcepistis
3394 4969 3501 5020 me,

1925 5047 2068 5102 sicut
2095 5046 2373 5102 Christum
2409 5045 2620 5103 Jesum.
2667 5067 2685 5100 ι

1989 5138 2221 5206 Quando
2245 5137 2526 5196 Christum
2556 5138 2943 5210 praedicabam,
2989 5138 3190 5210 inquit,
3218 5138 3500 5207 ejicieliar,

1927 5231 2272 5302 vapulabam,
2325 5240 2535 5287 mortes
2567 5231 2868 5287 tolerabant
2897 5248 2911 5298 ;
2940 5245 3004 5286 ac
3055 5247 3124 5286 ne
3151 5231 3234 5287 sic
3272 5231 3495 5300 quidem

1927 5337 2014 5377 me
2045 5321 2508 5378 eontemnebatis.
2537 5321 2673 5376 Nam
2697 5323 2749 5377 id
2784 5321 3133 5392 signiﬁcatur
3163 5322 3249 5376 his
3277 5321 3459 5374 verbis
3488 5341 3502 5376 :

1930 5415 2292 5468 Tentationcm
2323 5430 2495 5469 meam
2521 5415 2576 5466 in
2609 5429 2772 5467 carne
2805 5429 2920 5466 mea
2948 5429 3052 5466 non
3085 5411 3380 5480 sprevistis,
3411 5425 3501 5464 ne-

1924 5523 2022 5576 que
2054 5508 2356 5574 respuistis.
2395 5505 2681 5572 Quomodo
2719 5506 2888 5575 igitur
2933 5520 3040 5560 non
3073 5506 3371 5559 absurdum
3408 5505 3504 5566 sit,

1922 5581 2046 5651 enm
2090 5599 2184 5667 qui
2234 5599 2634 5669 cxagitarctur,
2683 5607 2943 5665 tanquam
3013 5597 3267 5667 angelum
3316 5611 3502 5651 susce-

1892 5697 2076 5758 ‘ptum
2117 5704 2261 5756 esse,
2299 5704 2364 5744 ac
2399 5704 2506 5744 non
2545 5690 2696 5749 item.
2727 5689 2856 5744 dum
2881 5703 2946 5744 ea
2985 5706 3108 5759 quas
3151 5705 3290 5759 opus
3332 5695 3493 5755 sunt,

1925 5783 2161 5838 suadet?
