3970 6424
273 335 393 397 803

1468 325 1550 386 -ΙΝ
1586 325 1825 386 ΕΡΙΒΤ,
1863 323 1958 381 AD
1996 322 2348 384 GALATAS.

3429 325 3539 391 806

288 445 466 512 σάρκα
496 445 840 514 γεγέννηται,
874 443 902 496 ὁ
928 441 985 494 δὲ
1013 443 1076 493 ἐκ
1118 438 1216 508 τῆς
1249 434 1566 507 ἐλευθέρας,
1597 436 1662 487 δι’
1693 437 1863 500 ἐπαγ-

1975 435 2212 488 cundum
2248 450 2467 490 carnem
2517 444 2677 490 natus
2725 446 2842 504 est;
2877 436 2971 508 qui
3012 443 3192 491 autem
3229 433 3296 489 de
3341 435 3534 503 libera,

289 536 490 603 γελίας.
529 555 547 586 ι

369 626 596 695 Ἐπειδὴ
627 624 832 692 ἔλεγεν,
882 621 966 676 ὅτι
1001 623 1034 692 ἡ
1072 620 1255 682 πίστις
1300 619 1446 688 ὑμᾶς
1495 616 1758 670 συνάπτει
1790 614 1867 684 τῷ

300 715 574 787 Ἁϐραάμ,
623 715 719 769 καὶ
745 714 918 767 ἐδόκει
944 715 1059 775 τοῖς
1100 709 1390 764 ἁκούουσιν
1437 707 1700 762 ἀπίθανον
1727 700 1867 759 εἶναι

287 809 365 871 εἰς
389 808 517 870 τοὺς
549 806 624 878 μὴ
665 805 1042 876 γεννωμένους
1077 802 1137 866 ἐξ
1175 801 1408 864 ἐκείνου,
1448 799 1673 860 τούτους
1719 795 1868 858 υἱούς

289 914 453 966 φησιν
479 893 868 958 εῖναιὲκείνου,
891 894 1165 947 δείκνυσιν
1187 891 1270 944 ὃτι
1299 890 1358 943 τὸ
1387 887 1690 959 παράδοξον
1711 886 1867 940 τοῦτο

285 984 494 1037 ἄνωθεν
515 982 760 1052 γέγονεν.
804 983 862 1035 Ὀ
888 980 996 1051 γὰρ
1037 979 1223 1032 Ίσαὰκ
1249 978 1311 1031 ού
1341 979 1484 1031 κατὰ
1505 975 1723 1046 φύσεως
1739 974 1866 1027 ἀκο-

285 1079 526 1146 λουθίαν,
553 1079 681 1133 οὐδὲ
708 1078 852 1133 κατὰ
886 1078 1086 1148 γάμου.
1111 1077 1298 1147 νόμον,
1334 1073 1454 1127 οὐδὲ
1484 1071 1630 1126 κατὰ
1663 1069 1866 1143 σαρκὸς

280 1170 514 1241 δύναμιν
541 1168 903 1239 γεννώμενος,
937 1167 1033 1220 καὶ
1063 1166 1178 1230 υίὸς
1201 1205 1216 1232 ,
1248 1164 1347 1218 καὶ
1379 1165 1599 1234 γνήσιος
1631 1157 1722 1232 ἦν,
1755 1158 1866 1213 ἀπὸ

282 1264 496 1332 νεκρῶν
545 1261 816 1332 σωμάτων
870 1259 1038 1328 φῦναι
1066 1255 1526 1325 κελευσθείς.-Μὴ
1569 1251 1866 1324 θορυὸείτω

285 1354 462 1408 τοίνυν
495 1352 665 1424 ὑμᾶς,
701 1351 858 1421 φησὶ,
882 1350 945 1402 τὸ
975 1347 1051 1420 μὴ
1082 1347 1226 1402 κατὰ
1255 1346 1434 1417 σάρκα
1484 1341 1861 1414 γεγεννῆσθαι.

281 1443 381 1496 Διά
409 1441 520 1514 γὰρ
541 1440 700 1494 τούτο
731 1437 970 1511 μάλιστα
1000 1437 1280 1506 συγγενεῖς
1302 1435 1460 1506 ὑμεῖς
1482 1432 1668 1496 αὐτοῦ,
1699 1433 1779 1484 ὅτι
1801 1431 1861 1483 ού

292 1534 436 1588 κατὰ
463 1533 646 1603 σάρκα
700 1529 1050 1600 ἐγεννήθητε.
1086 1528 1162 1581 Οὐ
1187 1527 1295 1597 γὰρ
1323 1523 1686 1596 τιμιωτέρους
1707 1522 1864 1575 τοῦτο

285 1626 345 1676 τὸ
389 1621 537 1676 κατὰ
578 1622 780 1692 σάρκα,
837 1619 976 1673 ἀλλὰ
1008 1619 1104 1672 καὶ
1149 1617 1520 1688 άτιμωτέρους
1549 1613 1860 1685 ἐργάζεται.

279 1713 740 1784 (θαυμαστότερος
769 1713 877 1783 γὰρ
904 1713 932 1762 ὁ
960 1710 1141 1776 τόκος,
1179 1711 1208 1762 ὁ
1249 1708 1324 1779 μὴ
1365 1705 1506 1761 κατὰ
1539 1706 1738 1776 σάρκα,
1771 1705 1863 1760 καὶ

284 1803 824 1875 πνευματικώτερος.
857 1803 969 1856 Καὶ
987 1803 1144 1873 δῆλον
1175 1801 1240 1855 ἐκ
1272 1799 1381 1854 τῶν
1406 1798 1614 1854 ἄνωθεν
1640 1797 1860 1867 τεχθέν·-

283 1913 411 1950 των.
450 1895 677 1966 Ἐτέχθη
730 1894 873 1948 κατὰ
905 1895 1088 1964 σάρκα
1120 1893 1148 1945 ὁ
1199 1891 1449 1962 Ἰσμαὴλ,
1505 1889 1643 1944 ἀλλὰ
1679 1888 1864 1952 δοῦλος

276 1984 370 2058 ἦν,
411 1988 506 2041 καὶ
551 1986 616 2038 οὐ
647 1986 806 2038 τοῦτο
847 1985 1028 2056 μόνον,
1068 1985 1204 2038 ἀλλὰ
1250 1985 1348 2036 καὶ
1400 1981 1716 2046 ὲξεὸάλλετο
1767 1981 1866 2051 τῆς

284 2077 550 2148 πατρῴας
604 2077 801 2139 οἰκίας.
868 2075 924 2130 '0
977 2075 1037 2130 δὲ
1089 2076 1208 2131 κατ’
1267 2072 1600 2141 ἐπαγγελίαν
1654 2070 1867 2140 τεχθεὶς

295 2169 507 2233 Ἰσαὰκ,
543 2168 640 2222 ἅτε
675 2167 790 2230 υίὸς
817 2165 891 2219 ὢν
930 2166 1154 2238 γνήσιος
1197 2165 1290 2222 καὶ⁹
1335 2163 1644 2236 ἐλεύθερος,
1678 2161 1865 2232 κύριος

283 2260 542 2314 ἁπάντων
565 2255 656 2330 ἦν.

359 2540 380 2572 ι
417 2516 616 2572 ’Ἄτινά
638 2517 786 2570 ἐστιν
814 2515 1282 2586 ἀλληγορούμενα.
1324 2532 1343 2566 ι

365 2611 432 2663 Ἢ
459 2608 560 2678 μὲν
583 2607 794 2678 ἱστορία
821 2607 981 2678 αὐτὴ,
1009 2605 1195 2676 φησιν,
1225 2605 1286 2658 οὐ
1311 2603 1469 2656 τοῦτο
1498 2603 1554 2657 δὲ
1575 2603 1734 2674 μόνον
1754 2620 1864 2658 πα-

275 2699 512 2771 τραδηλοῖ
537 2701 674 2768 ὅπερ
693 2697 965 2767 φαίνεται,
996 2695 1133 2751 ἀλλὰ
1159 2696 1255 2749 καὶ⁴
1286 2693 1420 2750 ἄλλα
1441 2694 1563 2748 τινὰ
1587 2695 1860 2766 ἀγορεύεν

277 2792 363 2846 διδ
396 2792 491 2845 καὶ
519 2788 820 2860 ἀλληγορία
851 2789 1120 2842 καλεῖται.

357 2903 376 2935 ι
418 2877 589 2937 Α’ὗται
621 2881 732 2952 γάρ
763 2881 870 2932 εἰσι
896 2879 991 2932 δύο
1015 2877 1292 2947 διαθῆκαι.
1326 2897 1346 2930 ι

351 2974 422 3028 Οἱ
445 2972 538 3026 δύο
563 2972 737 3041 νόμοι,
762 2973 791 3023 ὁ
825 2970 1048 3039 νομικὸς
1076 2969 1172 3022 καὶ
1210 2971 1237 3022 ό
1267 2969 1647 3038 εύαγγελικός.

1971 541 2068 594 per
2099 527 2601 594 repromissionem.
2635 545 2652 577 ι

2031 614 2301 680 Quoniam
2335 615 2472 670 dixit
2501 637 2511 671 :
2563 615 2699 669 lides
2735 629 2830 668 vos
2870 615 3160 686 coniungit
3191 614 3537 677 Abrahamo,

1967 717 2132 775 atque
2165 706 2487 761 incredibile
2536 705 2881 760 auditoribus
2910 706 3220 774 videbatur,
3259 705 3434 774 utqui
3471 721 3540 761 ex

1969 798 2062 853 illo
2091 798 2316 853 minime
2349 798 2601 869 prognati
2641 806 2847 863 essent,
2875 797 2968 851 ﬁlii
2999 805 3180 852 tamen
3207 798 3386 867 ipsius
3415 812 3541 853 esse

1967 891 2300 955 dicerentur,
2321 893 2566 948 ostendit
2620 891 2956 962 paradoxum
3002 889 3149 944 istud
3200 890 3538 960 ljampridem

1966 983 2234 1038 evenisse.
2261 981 2396 1037 Nam
2420 982 2589 1048 lsaac,
2623 983 2716 1054 qui
2740 997 2848 1036 non
2879 980 3070 1036 ordine
3102 990 3328 1046 naturae,
3366 995 3540 1051 neque

1966 1075 2125 1133 solita
2141 1075 2256 1148 lege
2271 1076 2668 1146 coniugiorum,
2687 1089 2864 1145 neque
2885 1073 3186 1129 secundum
3201 1073 3386 1128 carnis
3397 1071 3542 1126 vires

1966 1175 2129 1222 natus
2154 1167 2274 1232 fuit,
2293 1175 2346 1222 et
2366 1167 2528 1234 ﬁlius,
2555 1177 2608 1222 et
2627 1181 2920 1238 germanus
2945 1173 3225 1232 erat,cum
3247 1177 3314 1217 ex
3340 1177 3539 1233 corpo-

1965 1260 2122 1314 ribus
2140 1259 2402 1316 emortuis
2419 1259 2771 1328 nascijussus
2785 1265 2952 1314 esset.
2973 1255 3161 1327 Neque
3177 1255 3281 1310 hoc
3302 1268 3400 1310 vos
3419 1268 3544 1308 con-

1966 1351 2168 1412 turbet.
2200 1350 2400 1420 inquit,
2429 1349 2845 1421 quisecundum
2869 1364 3090 1405 carnem
3119 1348 3235 1403 nati
3263 1362 3371 1404 non
3384 1347 3539 1402 estis.

1964 1438 2097 1494 Nam
2128 1441 2231 1494 hoc
2255 1441 2432 1508 ipsum
2460 1455 2555 1495 vos
2583 1454 2745 1510 quam
2769 1437 3004 1493 maxime
3031 1436 3365 1508 propinquos
3399 1434 3544 1488 illius

1966 1535 2114 1599 facit,
2135 1534 2279 1604 quod
2305 1534 2606 1590 secundum
2633 1548 2856 1590 carnem
2889 1546 2998 1588 non
3028 1531 3166 1588 estis
3189 1531 3326 1584 nati.
3351 1529 3542 1582 Enim-

1964 1640 2093 1704 vero
2119 1624 2417 1680 secundum
2455 1639 2678 1681 carnem
2707 1637 2829 1680 esse
2860 1629 3068 1688 natum,
3088 1621 3192 1675 hoc
3233 1635 3343 1674 non
3363 1617 3542 1674 solum

1968 1714 2127 1783 17o
2157 1722 2264 1768 non
2317 1713 2495 1768 reddit
2556 1711 2978 1776 honoratiores,
3017 1724 3208 1765 verum
3261 1717 3317 1764 et
3353 1707 3544 1761 .rninus

1965 1805 2310 1862 honorabiles
2332 1803 2486 1860 facit.
2504 1804 2702 1859 Partus
2731 1803 2936 1874 quippe
2970 1802 3196 1856 minime
3221 1799 3462 1854 carnalis
3487 1805 3542 1852 et

1953 1879 2352 1965 'spiritualioris
2373 1894 2612 1964 generis,
2629 1892 2790 1962 longe
2815 1890 3120 1945 mirabilior
3136 1885 3400 1954 est.Quod
3417 1901 3540 1957 per-

1966 1987 2216 2056 spicuum
2247 1985 2306 2038 ﬁt
2329 1999 2394 2039 ex
2424 1984 2492 2040 iis
2521 1983 2612 2052 qui
2641 1983 2754 2052 jam
2776 1982 2906 2036 olim
2937 1982 3051 2036 nati
3072 1988 3221 2036 sunt.
3247 1977 3427 2032 Natus
3459 1985 3544 2032 est

1965 2076 2161 2132 lsmael
2191 2075 2496 2131 secundum
2522 2089 2774 2140 carnem,
2812 2073 2909 2129 sed
2951 2087 3144 2128 servus
3177 2070 3317 2136 fuit;
3348 2085 3447 2124 nec
3488 2069 3542 2122 id

1966 2173 2170 2240 solum,
2204 2187 2395 2228 verum
2421 2181 2484 2228 et
2512 2180 2740 2228 exactus
2786 2177 2874 2224 est
2907 2185 2974 2225 ex
3020 2167 3266 2238 paternis
3309 2165 3538 2220 aedibus.

1967 2264 2072 2331 Qui
2105 2280 2234 2320 vero
2279 2265 2584 2321 secundum
2629 2261 3139 2334 repromissionem,
3188 2260 3344 2316 Isaac
3378 2258 3539 2312 nimi-

1966 2371 2112 2422 rum,
2159 2356 2249 2412 hic
2298 2364 2565 2426 tanquam
2607 2355 2887 2428 genuinus
2923 2353 3071 2407 ﬁlius
3111 2366 3175 2406 ac
3227 2350 3390 2416 liber,
3428 2363 3542 2402 oms

1964 2450 2118 2504 nium
2141 2450 2401 2504 dominus
2437 2449 2563 2502 fuit.

2036 2537 2208 2593 Vens.
2233 2539 2323 2592 9.4.
2366 2557 2386 2591 ι
2427 2538 2558 2604 Qua:
2587 2547 2720 2593 sunt
2755 2552 2852 2608 per
2879 2535 3194 2607 allegoriam
3233 2534 3402 2589 dicta.
3449 2553 3468 2585 υ

2030 2631 2152 2698 Ipsa
2180 2629 2402 2701 quidem
2444 2629 2702 2694 historia,
2751 2628 2951 2699 inquit,
3015 2643 3124 2682 non
3181 2627 3313 2680 illud
3363 2625 3540 2680 solum

1964 2721 2113 2792 quod
2145 2730 2373 2791 apparet
2408 2719 2679 2785 enuntiat,
2710 2734 2895 2774 verum
2930 2727 2985 2773 et
3005 2718 3112 2772 alia
3137 2717 3386 2786 quaedam
3418 2729 3540 2784 pro-

1967 2812 2232 2883 loquitur.
2273 2810 2430 2866 Unde
2459 2813 2624 2866 etiam
2660 2810 2920 2881 allegoria
2945 2809 3168 2864 dicitur.

2030 2920 2049 2954 ι
2081 2900 2205 2958 Haec
2240 2901 2386 2956 enim
2422 2909 2554 2956 sunt
2577 2899 2687 2956 duo
2705 2909 3055 2954 testamenta.
3096 2917 3114 2949 ι

2031 2990 2162 3045 Duae
2183 2991 2373 3061 utique
2396 2991 2563 3061 leges,
2592 2990 2784 3061 legalis
2813 2997 2865 3044 et
2885 2989 3219 3058 evangelica.

356 3081 378 3113 ι
413 3059 530 3115 Μία
571 3060 670 3130 μὲν
702 3059 810 3112 ἀπὸ
835 3060 993 3131 ὅρους
1021 3059 1170 3124 Σινᾶ,
1202 3061 1284 3122 εἰς
1316 3059 1563 3113 δουλείαν
1593 3061 1860 3128 γεννῶσα,

2045 3099 2065 3134 ι
2104 3059 2298 3138 Unum
2331 3059 2556 3153 quidem
2590 3096 2622 3136 a
2651 3059 2862 3136 vmonte
2919 3077 3076 3141 Sina,
3125 3078 3180 3131 in
3222 3077 3542 3130 servitutem

273 3155 409 3225 ἥτις
467 3151 622 3206 ἐστὶν
655 3151 857 3222 Ἀγαρ.
891 3151 965 3203 Τὸ
995 3149 1105 3221 γὰρ
1125 3149 1255 3203 Σινᾶ
1285 3150 1410 3220 ὅρος
1440 3151 1584 3204 ἐστὶν
1605 3151 1663 3205 ὲν
1707 3151 1865 3224 Ἀρα-

267 3245 398 3299 ὗία.
436 3262 457 3296 ι

354 3338 543 3406 ’Ἅγαρ
587 3334 806 3404 ἐλέγετο
851 3336 885 3405 ἡ
933 3333 1116 3404 δούλη.
1165 3319 1315 3386 Τὸδὲ
1355 3332 1492 3386 Σινά
1536 3333 1684 3404 ὅρος,
1715 3328 1864 3387 οὕτω

275 3429 755 3501 μεθερμηνεύεται
794 3431 860 3498 τῇ
918 3426 1199 3499 ἐπιχωρίῳ
1220 3424 1400 3480 αὐτῶν
1421 3424 1719 3497 διαλέκτῳ·
1752 3424 1864 3480 ὦσ-

274 3537 336 3574 τε
371 3522 502 3584 τοὺς
532 3522 596 3573 ὲκ
625 3519 724 3590 τῆς
748 3517 984 3580 παλαιᾶς
1008 3516 1383 3589 τικτομένους,
1408 3515 1617 3578 πάντας
1649 3516 1860 3588 ἀνάγκη

267 3612 505 3674 δούλους
535 3606 698 3668 εἶναι.

354 3718 377 3752 ι
416 3701 702 3771 Συστοιχεῖ
726 3700 783 3752 δὲ
826 3703 891 3772 τῇ
932 3698 1028 3752 νῦν
1070 3695 1462 3768 Ἰερουσαλήμ·
1516 3697 1758 3752 δουλεύει
1805 3699 1863 3753 δὲ

273 3793 426 3864 μετά
453 3793 565 3845 τῶν
591 3793 798 3845 τέκνων
829 3791 1028 3860 αὐτῆς.
1064 3808 1082 3841 ›

347 3886 430 3938 (ὶύ
459 3884 641 3955 μόνον,
674 3885 840 3955 φησὶν
865 3925 878 3948 ,
917 3884 1104 3954 ἐκείνη
1139 3883 1302 3954 δούλη
1335 3880 1426 3956 ἦν,
1451 3880 1588 3937 ἀλλὰ
1619 3884 1712 3938 καὶ
1743 3883 1865 3936 δού-

273 3977 405 4040 λους
431 3975 640 4029 ἔτεκεν.
681 3974 842 4029 Ἀλλὰ
861 3975 954 4028 καὶ
982 3976 1122 4046 αὑτὴ
1145 3979 1179 4047 ἡ
1207 3975 1460 4047 διαθήκη,
1488 3976 1768 4029 τουτέστιν
1796 3971 1864 4046 ἧς

272 4068 448 4130 τύπος
499 4067 533 4137 ὴ
563 4065 747 4138 δούλη.
781 4067 890 4118 Καὶ
930 4066 1037 4137 γὰρ
1092 4065 1452 4137 Ἰερουσαλὴμ
1493 4068 1559 4118 ὲκ
1601 4067 1862 4134 γειτόνων

274 4160 456 4211 κεῖται
486 4157 564 4228 τῷ
600 4157 716 4227 ὄρει
768 4155 847 4226 τῷ
875 4147 1154 4227 ὁμωνύμῳ
1183 4158 1248 4227 τῇ
1281 4156 1441 4227 δούλῃ
1461 4171 1476 4186 ο
1513 4156 1574 4210 ὲν
1599 4155 1774 4226 τούτῳ
1803 4157 1862 4209 δὲ

269 4249 353 4320 τῷ
383 4249 502 4318 ὄρει
532 4249 628 4302 καὶ
656 4249 689 4317 ἠ
725 4248 958 4318 διαθήκη
985 4247 1218 4302 δέδοται.

349 4359 370 4392 ι
427 4340 497 4393 Ἦ
532 4339 591 4392 δὲ
617 4341 728 4394 ἄνω
777 4340 1135 4411 Ἰερουσαλὴμ
1185 4339 1446 4411 ἐλευθέρα
1502 4341 1670 4405 ἐστὶν,
1739 4343 1858 4412 ἥτις

1967 3188 2261 3244 generans,
2313 3187 2437 3244 quae
2470 3180 2557 3230 est
2600 3171 2770 3243 Agar.
2804 3169 3004 3245 [νεεδ.
3051 3167 3169 3242 25.]
3218 3167 3352 3223 Sina
3395 3168 3542 3222 enim

1966 3280 2124 3321 mons
2151 3274 2236 3320 est
2264 3265 2319 3318 in
2355 3263 2582 3319 Arabia.
2624 3280 2646 3316 ι

2025 3353 2169 3422 Agar
2221 3352 2425 3406 ancilla
2471 3351 2777 3407 dicebatur.
2834 3349 2992 3406 Mons
3029 3364 3163 3405 vero
3211 3346 3348 3402 Sina
3394 3346 3540 3401 idem

1910 3477 1926 3490 -ο
1966 3451 2126 3501 sonat
2156 3444 2308 3498 illius
2341 3443 2520 3513 gentis
2561 3443 2782 3512 lingua:
2824 3442 2971 3497 unde
3019 3454 3210 3495 onmes
3241 3440 3338 3507 qui
3367 3452 3432 3490 ex
3463 3445 3540 3490 te-

1967 3543 2242 3591 stamento
2269 3535 2436 3590 veteri
2463 3535 2576 3588 nati
2609 3545 2758 3602 sunt,
2789 3547 2913 3590 esse
2931 3547 3122 3590 servos
3152 3538 3392 3601 oportet.

2033 3733 2051 3765 ι
2085 3711 2431 3781 Conjunctus
2455 3716 2643 3765 autem
2673 3717 2758 3764 est
2794 3707 2846 3764 ei
2885 3721 3008 3779 qua:
3058 3719 3207 3760 nunc
3253 3712 3341 3760 est
3380 3703 3540 3758 Jeru-

1966 3804 2157 3870 salem,
2185 3811 2241 3860 et
2266 3801 2440 3858 servit
2461 3815 2587 3856 cum
2617 3797 2744 3854 ﬁliis
2778 3797 2917 3854 suis.
2952 3815 2971 3849 ι

2032 3895 2152 3951 Νοη
2197 3894 2360 3950 modo
2401 3892 2518 3948 haec
2549 3905 2709 3946 serva
2753 3897 2863 3954 est,
2892 3887 3092 3959 inquit,
3129 3885 3222 3941 sed
3255 3895 3308 3940 et
3348 3899 3542 3939 servos

1963 3990 2140 4062 gignit
2169 4006 2184 4055 ;
2222 3987 2332 4042 into
2362 3995 2417 4041 et
2437 3991 2828 4042 testamentum
2864 3982 3071 4052 ipsum,
3110 3979 3243 4034 illud
3273 3978 3538 4032 nimirum

1963 4083 2124 4150 cujus
2150 4079 2325 4150 ﬁgura
2351 4077 2554 4131 ancilla
2577 4083 2682 4131 est.
2718 4073 2852 4128 Nam
2904 4070 3212 4126 Jerusalem
3249 4069 3428 4122 amnis
3453 4076 3540 4122 est

1962 4171 2134 4227 monti
2176 4170 2269 4240 qui
2320 4167 2540 4223 ancillae
2589 4161 2936 4235 cognominis
2969 4168 3073 4216 est.
3121 4159 3281 4230 Atqui
3324 4160 3378 4212 iu
3435 4158 3540 4211 hoc

1960 4275 2145 4320 monte
2166 4261 2355 4316 datum
2398 4265 2783 4315 testamentum
2813 4269 3030 4326 quoque
3059 4254 3183 4308 fuit.

1994 4407 1995 4412 η
2029 4353 2196 4408 Vens.
2224 4351 2315 4415 26,
2348 4349 2438 4404 27.
2471 4367 2490 4400 ι
2527 4347 2659 4414 Qua:
2707 4353 2888 4399 autem
2924 4355 3144 4398 sursum
3186 4351 3272 4394 est
3305 4337 3535 4392 Jerusa-

265 4433 392 4484 ἐστὶ
416 4431 602 4502 μήτ-ηρ
633 4431 852 4485 πάντων
887 4430 1061 4500 ἡμῶν.
1089 4429 1408 4502 Γέγραπται
1429 4432 1535 4502 γάρ
1556 4447 1569 4462 ·
1605 4432 1854 4502 Εὐφράν-

1975 4457 2089 4507 em,
2121 4440 2295 4494 libera
2325 4446 2433 4502 est,
2465 4449 2589 4506 quae
2632 4441 2716 4489 est
2746 4441 2920 4486 mater
2959 4427 3206 4483 omnium
3258 4435 3531 4481 nostrum.

267 4523 436 4594 θητι,
487 4527 673 4594 στεῖρα
697 4564 712 4590 ,
753 4524 785 4593 ἡ
830 4522 890 4574 ού
938 4522 1195 4577 τίκτουσα
1221 4539 1232 4551 ⁸
1269 4523 1432 4596 ῥῆξον
1449 4525 1553 4578 καὶ
1581 4525 1795 4596 βόησον,
1826 4528 1859 4596 ἡ

1975 4530 2242 4598 Scriptum
2268 4533 2351 4581 est
2376 4526 2563 4580 enim:
2608 4520 2839 4586 Laetare,
2876 4517 3083 4573 sterilis
3112 4529 3234 4586 qua:
3292 4528 3399 4569 non
3433 4527 3533 4582 pa-

268 4616 376 4668 οὐκ
413 4614 712 4670 ὠδίνουσα.
753 4633 771 4667 ι
1642 4677 1645 4680 _

1975 4624 2054 4687 'is,
2092 4634 2318 4688 erumpe
2344 4628 2397 4672 et
2425 4616 2626 4682 clama,
2657 4604 2780 4684 quae
2807 4626 2917 4665 non
2945 4607 3213 4680 parturis.
3251 4624 3270 4658 ι

339 4709 583 4779 Τῆςμὲν
621 4707 978 4780 Ἰερουσαλὴμ
1028 4709 1130 4778 τῆς
1161 4707 1312 4762 κάτω
1343 4708 1514 4773 τύπος
1555 4709 1587 4779 ἡ
1643 4711 1856 4780 Ἀγαρο

2026 4712 2314 4769 lnl'erioris
2369 4709 2588 4781 quidem
2650 4705 2800 4760 illius
2845 4700 3157 4758 Jerusalem
3220 4699 3391 4770 ﬁgura
3447 4704 3534 4750 est

266 4801 366 4852 καὶ
387 4799 550 4868 δῆλον
581 4801 646 4853 ἐκ
673 4795 768 4853 τοῦ
789 4801 954 4872 ὅρους
981 4800 1076 4854 τοῦ
1099 4800 1242 4854 οὕτω
1268 4800 1606 4872 καλουμένου
1628 4817 1641 4831 ·
1675 4802 1773 4873 τῆς
1803 4802 1859 4855 δὲ

1975 4808 2137 4876 lgar;
2175 4801 2341 4872 idque
2379 4795 2730 4854 manifestum
2761 4805 2846 4852 est
2890 4809 2953 4849 ex
2990 4792 3240 4864 ejusdem
3288 4789 3533 4844 nominis

265 4891 384 4943 ἂνω
411 4893 447 4961 ἠ
481 4891 690 4961 Σάρρα.
735 4892 882 4944 "Avo:
901 4891 957 4945 δὲ
999 4890 1359 4971 Ἰερουσαλὴμ
1408 4893 1576 4962 καλή·
1601 4893 1693 4945 καὶ
1719 4891 1856 4962 αὕτη

1980 4903 2148 4952 nonte
2188 4893 2367 4950 :Sara
2414 4905 2544 4946 vero
2587 4885 2916 4959 superioris.
2969 4885 3407 4955 Atqu‘isuperna
3439 4881 3532 4933 illa

262 4980 379 5048 γὰρ
408 4975 477 5050 ἦν
512 4980 681 5034 πάλαι
710 4984 921 5051 στεῖρα,
953 4980 1143 5053 ὥσπερ
1192 4981 1344 5051 καὶή
1381 4980 1585 5053 Σάρρα.
1630 4982 1754 5035 ’Ότι
1799 4983 1856 5036 δὲ

1975 4985 2261 5043 ετιιειιιεῐι]
2299 4996 2502 5053 sponsa
2540 4985 2645 5042 est.
2686 4975 2822 5032 Nam
2861 4987 2910 5032 et
2943 4976 3064 5046 ipsa
3101 4974 3381 5045 quondam
3417 4980 3530 5025 ste-

267 5069 402 5139 περὶ
426 5069 531 5139 τῆς
569 5070 895 5142 Ἐκκλησίας
918 5073 946 5124 ό
968 5072 1147 5141 λόγος,
1178 5071 1384 5126 καὶτὸν
1413 5073 1698 5144 προφήτην
1716 5091 1856 5145 παρ-

1975 5079 2072 5134 ‘ilis
2095 5083 2234 5141 erat,
2266 5069 2733 5145 quemadmodum
2765 5077 2818 5123 et
2852 5067 3010 5123 Sara.
3049 5065 3205 5131 Quod
3240 5073 3420 5117 autem
3464 5060 3532 5114 de

265 5160 485 5229 ήγαγεν
505 5161 758 5233 μάρτυρα
791 5161 1046 5231 heroina-
1073 5159 1475 5232 Εὐφράνθητι,
1497 5162 1704 5233 στεζοα
1723 5166 1762 5232 ἠ
1781 5166 1854 5218 οὐ

1975 5167 2204 5223 Ecclesia
2267 5164 2322 5219 id
2380 5162 2590 5217 dictum
2639 5158 2826 5223 fuerit,
2869 5157 3162 5228 xprophelte
3204 5151 3532 5209 testimonio

261 5255 580 5306 τίκτουσαι
1958 5257 2302 5328 comprobat,
2341 5254 2439 5309 ubi
2485 5265 2681 5323 nempe
2723 5251 2942 5308 sie-ille
2987 5243 3526 5318 loquitur:.Lrelare,

1956 5351 2155 5406 sterilis
2177 5365 2295 5408 qua:
2331 5363 2434 5401 non
2454 5346 2616 5415 paris
2650 5343 2715 5399 ³⁵.

2010 5459 2030 5491 ι
2071 5441 2208 5507 Quia
2245 5439 2400 5494 multi
2433 5437 2529 5492 ﬁlii
2569 5439 2825 5501 desertae,
2856 5435 3034 5506 magis
3065 5447 3230 5504 quam
3257 5429 3379 5500 ejus
3402 5437 3528 5496 quae

1955 5533 2118 5589 habet
2151 5530 2350 5587 virum.
2390 5549 2408 5581 ι

343 5446 361 5478 ι
395 5427 519 5480 Ὀτι
551 5427 724 5482 πολλὰ
749 5431 816 5483 τὰ
845 5431 1011 5487 τέκνα
1044 5431 1145 5502 τῆς
1173 5433 1405 5504 ἐρήμου,
1431 5433 1464 5506 ἢ
1491 5435 1588 5506 τῆς
1617 5434 1847 5506 ἐχούσης

259 5517 354 5571 τὸν
375 5518 564 5591 ἄνδρα.
611 5539 630 5571 ι

348 5697 394 5729 εδ
421 5696 520 5754 Isa.
555 5713 664 5764 ιιν,
702 5699 754 5752 l.
