3970 6444
447 343 551 409 εοιι
1641 338 1701 396 s.
1740 336 2061 398 JOANNIS
2100 337 2533 401 DAMASCENI

520 452 795 507 Desertam
834 456 999 506 vocat
1057 445 1356 501 Ecclesiam
1399 443 1666 515 gentium,
1706 459 1828 515 qua:
1848 458 2035 514 quon-
2066 454 2111 512 Α

450 547 577 602 dam
604 544 658 599 in
692 541 990 598 solitudine
1015 545 1072 594 et
1113 537 1433 608 ignorantia
1474 535 1572 590 Dei
1599 535 1795 607 egerit.
1831 532 1906 587 Ea
1932 549 2029 588 au-

2183 537 2300 591 ίιλαι
2338 539 2397 591 ὲν
2419 538 2628 611 ἐρημίᾳ
2666 539 2762 595 καὶ
2802 537 3045 609 ἀγνωσία
3067 538 3418 608 ὑπάρχουσαν
3444 539 3538 594 τοῦ
3561 540 3729 595 Θεοῦ.

448 644 558 690 tem
602 644 723 700 quae
751 632 929 687 virum
960 629 1177 695 habuit,
1223 627 1512 699 Synagoga
1549 637 1659 692 est,
1701 625 1905 696 quippe
1942 625 2031 680 cui

2183 631 2407 699 ἔχουσαν
2434 629 2492 683 δὲ
2523 630 2615 683 τὸν
2637 630 2826 703 ἄνδρα,
2862 630 2961 700 τὴν
2985 629 3336 701 συναγωγὴν,
3375 630 3467 685 διὰ
3494 633 3556 686 τὸ
3576 633 3734 686 δεδό-

450 729 578 781 data
612 712 943 782 lex-fuerat.
993 720 1370 776 Nihilominus
1423 719 1585 788 longe
1631 718 1818 787 plures
1877 715 2034 771 fuere

2183 722 2259 776 iat
2292 723 2431 792 αὐτῇ
2454 720 2546 775 τδν
2574 722 2761 793 νόμον.
2805 722 2951 776 Ἀλλ’
2973 723 3124 793 ὅμως
3149 721 3497 776 πολυπλάσια
3530 722 3733 791 γέγονε

450 818 545 873 filii
572 816 779 873 sterilis
804 833 821 883 ;
852 820 1040 885 utpote
1061 812 1207 883 quod
1239 826 1363 882 quae
1386 810 1627 865 habebat
1642 809 1842 872 virum,
1866 822 2033 862 unam

2183 816 2232 884 τις
2269 813 2488 885 στείρας
2519 813 2586 867 τὰ
2613 815 2778 868 τέκνα
2801 831 2815 845 ·
2846 816 2981 869 καθὺ
3009 817 3042 886 ή
3066 814 3167 884 μὲν
3188 813 3390 885 ἔχουσα
3413 813 3504 868 τὸν
3529 814 3730 885 ἄνδρα,

450 911 720 965 duntaxat
750 915 974 980 gentem
1021 905 1252 977 genuit:
1299 902 1511 958 sterilis
1545 916 1680 956 vero
1744 900 2036 954 universas

2183 923 2195 959 ν
2217 907 2379 978 μόνον
2404 906 2590 961 ἔτεκεν
2615 905 2786 972 ἔθνος,
2814 908 2846 979 ἡ
2872 907 2928 961 δὲ
2960 909 3166 978 στεῖρα,
3201 907 3381 962 πάντα
3413 905 3637 977 ἐποίησε
3658 908 3734 962 τὰ

453 1008 646 1073 gentes
671 998 864 1055 edidit.

2183 999 2287 1070 )νη.

3615 343 3739 410 808

2216 449 2497 517 Ἕρημον,
2550 448 2647 519 τὴν
2697 447 2755 515 ἐξ
2793 445 2961 502 ἐθνῶν
3005 444 3336 518 Ἐκκλησίαν
3395 450 3568 519 λέγει,
3622 454 3733 521 τὴν

514 1095 800 1151 “233.38.
838 1112 859 1147 ι
899 1092 1011 1149 Nos
1040 1100 1247 1159 autem,
1287 1090 1510 1156 fratres,
1547 1087 1853 1145 secundum
1881 1085 2039 1141 Isaac

453 1186 843 1260 promissionis
865 1184 962 1239 filii
994 1198 1209 1239 sumus.
1257 1199 1276 1233 ι

513 1280 634 1335 Non
666 1277 831 1332 modo
860 1277 1122 1346 quoniam
1156 1272 1368 1328 sterilis
1391 1280 1507 1327 erat
1540 1269 1816 1333 Ecclesia,
1849 1282 2043 1337 quem-

457 1367 753 1423 admodum
804 1365 985 1432 Sara;
1040 1378 1229 1419 verum
1271 1372 1344 1428 et,
1391 1363 1538 1416 sicut
1592 1361 1736 1415 illam
1790 1374 1896 1412 non
1941 1372 2043 1410 na-

2215 1111 2233 1143 ι
2281 1093 2472 1164 Ἡμεῖς
2522 1094 2602 1159 δὲ,
2657 1094 2898 1164 ἀδελφοὶ,
2955 1094 3100 1148 κατὰ
3141 1093 3331 1148 Ἰσαὰκ
3387 1093 3733 1162 ἐπαγγελίας

2139 1183 2306 1237 τέκνα
2332 1184 2519 1252 ἐσμέν.
2565 1204 2583 1237 ι

2213 1278 2288 1330 Οὐ
2321 1276 2430 1348 γὰρ
2465 1277 2623 1348 μόνον
2666 1278 2749 1331 ὅτι
2800 1280 2988 1348 στεῖρα
3026 1278 3060 1347 ἡ
3101 1277 3439 1348 Ἐκκλησία,
3469 1277 3664 1349 ὥσπερ
3695 1279 3730 1347 ἡ

2143 1368 2351 1441 Eappa,
2390 1370 2525 1423 ἀλλὰ
2554 1371 2806 1441 καθάπερ
2846 1370 3032 1442 ἐκείνῃ
3065 1371 3163 1439 οὐχ
3215 1373 3248 1442 ή
3300 1369 3482 1439 φύσις.
3517 1369 3655 1423 ἀλλὰ
3699 1372 3733 1439 ἡ

458 1472 605 1526 tura,
633 1456 730 1514 sed
776 1454 1081 1527 promissio
1129 1454 1222 1509 Dei
1254 1451 1548 1507 fecundam
1585 1450 1855 1516 reddidit;
1883 1450 1956 1502 ita
1990 1457 2044 1503 et

2183 1477 2317 1530 παγγ
2330 1461 2445 1515 ελία
2479 1461 2572 1516 τοῦ
2618 1463 2754 1516 Θεοῦ
2792 1462 3060 1533 πεποίηκε
3089 1461 3192 1531 τὴν
3221 1461 3412 1532 γονὴν,
3440 1460 3583 1514 οὕτω
3634 1463 3735 1514 καὶ

456 1549 511 1604 in
545 1549 716 1603 altera
742 1552 935 1602 nostra
975 1544 1357 1614 generatione,
1391 1549 1590 1596 natura
1616 1539 1793 1603 nulla,
1829 1538 1922 1592 sed
1946 1536 2043 1592 Dei

2183 1552 2238 1604 πὶ
2260 1550 2361 1621 τῆς
2386 1553 2800 1622 ἀναγεννήσεως
2835 1554 2933 1622 τῆς
2962 1551 3262 1623 ἡμετέρας,
3297 1550 3460 1619 φύσις
3502 1554 3601 1620 μὲν
3636 1548 3736 1602 οὖ-

454 1642 643 1703 verba,
686 1652 810 1710 quae
870 1643 1080 1691 norunt
1130 1632 1340 1696 ﬁdeles,
1385 1633 1441 1685 in
1487 1645 1759 1701 aquarum
1810 1631 2042 1698 piscina,

2147 1642 2309 1713 δεμία
2333 1681 2347 1705 ,
2395 1643 2463 1696 τὰ
2490 1642 2546 1696 δὲ
2578 1643 2803 1714 ῥήματα
2841 1642 2935 1695 τοῦ
2974 1640 3134 1706 Θεοῦ,
3160 1640 3195 1695 ἃ
3225 1641 3405 1694 ἴσασιν
3436 1641 3486 1693 οἱ
3521 1639 3733 1700 πιστοὶ,

455 1740 720 1799 tanquam
755 1729 808 1782 in
853 1736 1012 1780 utero
1040 1722 1304 1795 quodam,
1340 1721 1588 1775 formant
1624 1729 1677 1775 et
1718 1732 2045 1791 regenerant

2183 1752 2207 1785 ν
2235 1734 2301 1803 τῇ
2331 1732 2694 1805 κολυμϐήθρᾳ
2722 1733 2831 1786 τῶν
2887 1733 3097 1786 ὑδάτων
3120 1774 3134 1799 ,
3179 1730 3433 1803 καθάπερ
3473 1733 3532 1784 ἐν
3575 1730 3736 1801 νηδύϊ

426 1820 611 1878 ’ἱΙΙιιιιι
638 1820 730 1890 qui
763 1818 1100 1889 baptizatur.
1132 1813 1319 1883 Itaque
1350 1813 1397 1868 si
1440 1813 1651 1869 sterilis
1691 1811 1789 1866 filii
1822 1828 2033 1879 sumus,

2183 1825 2249 1877 ινὶ
2301 1825 2642 1891 διαπλάττει,
2695 1826 2788 1879 καὶ
2852 1826 3124 1896 ἁναγεννᾷ
3158 1824 3248 1877 τὸν
3309 1822 3731 1894 βαπτιζόμενον.

454 1912 612 1968 liberi
639 1924 855 1964 sumus.

532 2003 689 2073 1'71
726 2001 890 2056 Vens.
925 1999 1018 2055 99.
1069 2017 1088 2050 ι
1130 1997 1237 2054 Sed
1270 1997 1551 2067 quomodo
1588 2003 1722 2051 tunc
1756 1996 1804 2050 is
1832 1993 1927 2065 qui
1956 2010 2035 2051 δε·

455 2096 702 2149 cundum
741 2107 965 2148 carnem
995 2100 1161 2146 natus
1189 2090 1394 2155 fuerat,
1425 2090 1864 2160 persequebatur
1891 2102 2040 2155 eum,

455 2189 551 2257 qui
589 2185 895 2242 secundum
929 2185 1192 2255 spiritum
1226 2198 1241 2237 :
1275 2182 1352 2235 ita
1381 2191 1437 2237 et
1473 2196 1644 2235 nunc.
1679 2200 1698 2232 ι

526 2278 606 2333 Ne
672 2274 945 2347 obiiciant
1002 2290 1019 2329 :
1074 2275 1402 2345 Eequaeuam
1471 2280 1555 2327 est
1627 2273 1731 2326 ista
1790 2274 2040 2336 libertas,

456 2368 685 2440 quando
714 2365 890 2423 Iudici
917 2366 1333 2436 constringunt,
1372 2372 1426 2419 et
1462 2364 1764 2417 verberant
1792 2364 1915 2418 illos
1948 2364 2043 2433 qui

458 2461 781 2518 credidere?
831 2458 1074 2516 ostendit
1123 2457 1243 2526 ejus
1280 2472 1501 2528 quoque
1557 2456 1631 2510 rei
1661 2456 1774 2521 jam
1823 2456 1951 2510 olim
1986 2456 2041 2510 fl-

459 2570 655 2628 guram
685 2555 1002 2609 exstitisse.

537 2648 699 2703 Vsus.
731 2646 821 2709 50,
853 2646 943 2700 51.
980 2664 998 2696 ι
1036 2643 1144 2699 Sed
1182 2643 1313 2714 quid
1359 2643 1495 2696 dicit
1539 2640 1869 2712 Scriptura?
1901 2638 2046 2710 Ejice

460 2739 721 2796 ancillam
779 2744 833 2792 ct
866 2737 1038 2792 lilium
1075 2735 1198 2806 ejus
1238 2754 1253 2791 :
1307 2752 1415 2789 non
1448 2737 1595 2790 enim
1635 2736 1809 2789 lueres
1838 2734 1943 2787 erit
1980 2733 2044 2786 fi—

459 2834 569 2889 lius
599 2831 815 2886 ancillae
838 2844 964 2885 cum
1011 2827 1125 2883 filio
1157 2828 1366 2883 liberte.
1402 2826 1619 2897 itaque,
1672 2825 1902 2890 fratres,
1933 2840 2045 2879 non

461 2940 676 2979 sumus.
713 2943 731 2976 ι

536 3016 790 3069 Exhibita
850 3014 1008 3084 prius
1069 3010 1483 3083 persecutionis
1543 3012 1738 3081 figura,
1795 3024 1902 3063 nou
1950 3024 2048 3063 eos

2145 1915 2357 1970 Ούκοῢν
2386 1919 2435 1970 εἰ
2459 1918 2557 1987 τῆς
2593 1918 2817 1989 στείρας
2847 1917 3036 1987 ἐσμὲν,
3068 1915 3346 1986 ἐλεύθεροί
3375 1916 3562 1985 ἐσμεν.

2222 2026 2241 2057 ι
2294 2006 2436 2060 Ἀλλ’
2453 2005 2648 2081 ὥσπερ
2665 2008 2788 2061 τότε
2808 2011 2835 2061 ὁ
2860 2009 3003 2061 κατὰ
3034 2006 3213 2077 σάρκα
3226 2005 3508 2076 γεννηθεὶς
3541 2004 3738 2058 ἐδίωκε

2143 2096 2235 2151 τὸν
2263 2094 2405 2151 κατὰ
2438 2096 2682 2167 πνεῦμα,
2708 2098 2850 2152 οὕτω
2880 2098 2976 2153 καὶ
3005 2097 3120 2152 νῦν.
3161 2117 3179 2151 ι

2220 2275 2337 2328 ’Ἱνα
2376 2275 2450 2345 μὴ
2479 2274 2698 2343 λέγωσι·
2722 2276 2833 2330 Καὶ
2857 2277 2983 2330 ποία
3026 2276 3166 2349 αὕτη
3196 2279 3229 2349 ἡ
3265 2275 3568 2347 ἐλευθερία,
3597 2274 3738 2328 ὅπου

2161 2367 2405 2421 Ἰουδαῖοι
2438 2368 2732 2439 κατέχουσι
2779 2369 2876 2422 καὶ
2913 2370 3236 2439 μαστίζουσι
3302 2369 3430 2434 τοὺς
3473 2365 3738 2430 πιστούςς

2147 2459 2421 2514 δείκνυσιν
2450 2461 2544 2514 καὶ
2575 2462 2764 2516 τούτου
2798 2462 2888 2516 τὸν
2916 2461 3085 2517 τύπον
3132 2462 3339 2517 ἄνωθεν
3369 2463 3523 2520 ὄντα.

2233 2641 2394 2695 Ἀλλὰ
2419 2643 2473 2696 τί
2497 2639 2644 2711 λέγει
2668 2643 2699 2713 ή
2727 2644 2918 2715 Γραφή
2943 2660 2959 2710 ;
2998 2641 3237 2697 Ἔκϐαλε
3295 2641 3394 2715 τὴν
3420 2639 3739 2710 παιδίσκην,

2152 2732 2245 2786 καὶ
2287 2733 2379 2787 τὸν
2410 2734 2525 2788 υἱὸν
2551 2733 2743 2804 αὐτῆς.
2774 2735 2850 2787 Οὐ
2895 2733 3004 2804 γὰρ
3041 2733 3115 2806 μὴ
3147 2734 3532 2805 κληρονομήσῃ
3560 2732 3590 2803 δ
3614 2732 3735 2794 uia;

2151 2825 2248 2895 τῆς
2272 2826 2567 2897 παιδίσκης
2598 2827 2740 2897 μετὰ
2766 2824 2862 2887 τοῦ
2894 2827 3010 2881 υἱοῦ
3060 2829 3158 2898 τῆς
3191 2826 3506 2898 ἐλευθέρας.
3547 2825 3745 2896 Ἡμεῖς

2151 2917 2229 2984 δὲ,
2257 2917 2597 2987 ἀδελφοὶ,οὐκ
2620 2920 2809 2990 ἐσμέν.
2851 2940 2870 2973 ι

2222 3010 2414 3076 Δείξας
2472 3011 2679 3066 ἀνωθεν
2734 3012 2827 3064 τὸν
2876 3011 3048 3067 τύπον
3100 3013 3195 3066 τοῦ
3238 3014 3504 3086 διωγμοῦ,
3533 3019 3633 3073 οὐκ
3678 3021 3749 3092 ἐᾷ

461 3107 594 3161 sinit
631 3107 880 3158 animum
921 3105 1288 3175 despondere,
1325 3104 1424 3160 sed
1483 3120 1551 3158 ex
1602 3102 1836 3158 historia
1888 3100 2051 3156 docet

2183 3104 2524 3159 ιαταπίπτειν
2559 3105 2640 3169 εἰς
2692 3103 2921 3175 ἀκηδίαν
2967 3107 3200 3172 αὐτοὺς,
3235 3106 3501 3163 διδάσκων
3542 3112 3608 3164 ὲκ
3644 3115 3747 3182 τῆς

463 3197 689 3258 iterum,
728 3195 907 3264 qualis
958 3194 1184 3249 futurus
1224 3195 1300 3250 sit
1338 3195 1736 3251 insectaturum
1798 3192 1947 3255 ﬁnis,
1989 3200 2049 3246 ut

2183 3194 2395 3267 στορίας
2428 3195 2592 3249 πάλιν
2634 3196 2732 3250 καὶ
2766 3197 2917 3249 ποῖον
2946 3196 3103 3250 ἔσται
3128 3195 3236 3251 τῶν
3272 3197 3521 3273 διωκτῶν
3563 3202 3743 3267 τέλος,

463 3301 578 3339 nun
614 3283 785 3360 modo,
807 3284 925 3339 suis
961 3283 1176 3339 aedibus
1225 3284 1546 3354 abigantur,
1582 3281 1682 3338 sed
1718 3289 1773 3338 et
1803 3282 2050 3336 faculta-

464 3385 581 3430 tum
608 3375 889 3446 jacturam
926 3374 1158 3430 faciant.
1198 3374 1476 3432 Cancrum
1524 3385 1675 3431 recte
1703 3375 1879 3443 ﬁlium
1910 3386 2049 3444 quo-

463 3483 571 3538 que
631 3467 771 3522 dixit
824 3469 1059 3535 ancillae,
1116 3484 1226 3524 non
1278 3467 1617 3533 Abrahami,
1668 3474 1725 3522 ut
1776 3481 1807 3521 a
1865 3464 2049 3521 viliori

465 3573 624 3632 parte
655 3577 750 3616 eos
785 3562 1122 3617 nominaret.
1772 3616 1776 3621 ,

539 3671 557 3703 ι
593 3652 823 3707 Ancillae
858 3653 980 3717 lilii,
1036 3652 1132 3708 sed
1166 3652 1376 3709 liberte.
1428 3651 1714 3707 Libertate
1745 3650 1914 3723 igitur
1944 3664 2051 3708 nos

465 3741 729 3799 Christus
766 3743 1048 3799 liberavit.
1093 3762 1113 3797 ι

1125 3879 1282 3936 CAP.
1324 3879 1386 3934 V.

535 3991 706 4048 Vsus.
739 3994 791 4047 l.
825 4012 845 4045 ι
887 3995 1067 4057 State,
1100 4002 1154 4047 et
1184 3993 1359 4048 nolite
1401 3994 1607 4048 iterum
1639 3993 1772 4065 jugo
1816 3995 2050 4050 servitu-

466 4084 541 4140 tis
569 4083 867 4139 contineri.
900 4103 920 4137 ι

536 4192 784 4249 Alteram
833 4194 989 4249 addit
1032 4208 1290 4260 causam,
1346 4211 1454 4267 qua
1485 4194 1715 4253 suadeat
1762 4212 1858 4255 eos
1887 4198 2056 4254 disci-
2118 4198 2121 4201 “

468 4287 632 4357 plina:
685 4302 801 4343 suae
861 4287 1264 4344 adhaerescere.
1311 4290 1404 4344 Ait
1450 4298 1635 4346 autem
1679 4310 1692 4345 :
1749 4306 1849 4345 nec
1907 4289 2053 4345 enim

468 4384 524 4438 in
581 4383 891 4439 libertatem
949 4378 1048 4438 ves
1115 4374 1468 4439 vindicastis.
1512 4384 1672 4439 Alius
1715 4392 1802 4438 est
1830 4383 1924 4453 qui
1960 4397 2056 4437 vos

2150 3286 2212 3339 τὸ
2244 3288 2319 3357 μὴ
2355 3287 2518 3357 μόνον
2551 3286 2886 3358 ἐκϐληθῆναι
2921 3288 3021 3358 τῆς
3065 3288 3244 3352 οἰκίας
3267 3330 3282 3354 ,
3338 3290 3479 3345 ἀλλὰ
3520 3293 3613 3347 καὶ
3644 3293 3751 3363 τῆς

2151 3378 2340 3443 οὐσίας
2359 3379 2636 3434 ἔκπτωσιν
2663 3380 2980 3450 ὑπομεῖναι.
3005 3376 3080 3434 Εὖ
3132 3381 3191 3435 δὲ
3237 3382 3334 3436 καὶ
3378 3382 3517 3438 υἱόν
3548 3384 3751 3438 παιδί-

2153 3485 2314 3540 σκης
2346 3469 2519 3537 εἶπεν,
2574 3473 2667 3524 καὶ
2696 3471 2773 3543 μὴ
2831 3472 3084 3545 Ἀϐραάμ
3104 3491 3117 3504 ·
3144 3474 3232 3529 ἵνα
3266 3474 3375 3529 ἀπὸ
3409 3475 3503 3529 τοῦ
3540 3477 3749 3546 φαυλο-

2153 3561 2313 3632 τέρου
2341 3561 2542 3625 αὐτοὺς
2571 3563 3015 3637 προσαγορεύσει.

2229 3653 2531 3723 Παιδίσκης
2558 3653 2750 3720 τέκνα,
2774 3655 2910 3709 ἀλλὰ
2949 3656 3046 3727 τῆς
3071 3656 3390 3728 ἐλευθέρας.
3414 3661 3491 3733 Τῇ
3529 3659 3751 3715 ἐλευθε-

2160 3747 2253 3818 ρίᾳ
2277 3740 2370 3800 οὖν
2400 3746 2637 3817 Χριστὸς
2660 3747 2807 3817 ἡμᾶς
2837 3747 3205 3820 ἠλευθέρωσε.
3244 3769 3262 3802 ›

2780 3882 3030 3937 ΚΕΦΑΛ.
3063 3881 3137 3935 Ε¹.

2220 4013 2238 4044 ι
2278 3992 2539 4063 Στήκετε,
2572 3992 2665 4045 καὶ
2696 3991 2771 4065 μὴ
2794 3991 2956 4046 πάλιν
2989 3993 3140 4064 ζυγῷ
3170 3993 3414 4068 δουλείας
3434 3994 3747 4065 ἐνέχεσθε.»

2236 4194 2464 4267 Ἑτέραν
2490 4194 2671 4249 αἰτίαν
2705 4193 2912 4265 τίθησι,
2947 4195 3047 4265 τὴν
3073 4193 3372 4251 πείθουσαν
3409 4196 3609 4260 αὐτοὺς
3643 4199 3749 4267 μὲ-

2158 4305 2268 4341 νειν
2298 4288 2392 4340 ἐπὶ
2431 4287 2539 4340 τῶν
2571 4287 2891 4357 δογμάτων.
2942 4287 3108 4355 Λέγει
3131 4287 3190 4342 δέ
3216 4305 3229 4319 ο
3260 4289 3353 4359 Μὴ
3385 4290 3495 4359 γὰρ
3519 4291 3751 4353 ἑαυτοὺς

2157 4382 2575 4459 ἠλευθερώσατε
2613 4399 2629 4449 ;
2667 4381 2861 4447 ’Ἄλλος
2918 4383 3066 4435 ἐστὶν
3120 4384 3267 4454 ὑμᾶς
3321 4386 3349 4438 ὁ
3417 4384 3746 4456 ἠγορακὼς·

468 4478 741 4532 redemit:
790 4476 935 4531 alius
973 4485 1063 4532 est
1098 4475 1195 4547 qui
1243 4478 1489 4547 pretium
1522 4490 1624 4546 pro
1669 4475 1831 4529 nobis
1865 4475 2051 4529 solvit.

2183 4474 2317 4538 ἱλλος
2345 4474 2374 4527 ὁ
2394 4474 2561 4546 τιμὴν
2584 4475 2705 4540 δοὺς
2723 4474 2865 4546 ὑπὲρ
2882 4475 2912 4527 ὑ
2920 4474 3057 4545 μῶν.
3074 4476 3147 4528 Τὸ
3166 4476 3223 4528 δὲ
3249 4462 3525 4545 στήκετε,
3551 4475 3749 4541 εἰπὼν,

470 4564 716 4623 Dicendo
771 4564 981 4634 autem,
1043 4572 1204 4635 state,
1258 4565 1559 4637 procellam
1607 4579 1730 4634 qua:
1774 4563 2054 4620 acciderat

469 4659 736 4715 indicavit
773 4678 787 4715 :
829 4658 1054 4715 nomine
1087 4672 1219 4714 vero
1256 4657 1380 4728 jugi
1417 4656 1498 4712 rei
1544 4655 1867 4727 gravitatem
1915 4655 2053 4728 ipsis

467 4751 827 4825 significavit.
887 4749 1034 4818 Quin
1067 4756 1123 4806 et
1178 4747 1310 4825 dum
1366 4748 1465 4812 ait,
1524 4763 1764 4814 rursum,
1821 4748 2051 4803 nimium

469 4822 723 4916 ipsorum
764 4850 1053 4915 stuporem
1084 4822 1259 4897 notat.
1308 4837 1444 4894 Nam
1476 4839 1522 4896 si
1559 4839 1867 4896 molestiam
1911 4841 2055 4895 hanc

468 4952 579 4993 non
613 4932 861 4993 fuissetis
915 4926 1153 5007 experti,
1191 4931 1341 4989 haud
1390 4932 1560 4987 eratis
1625 4936 1904 4988 tantorum
1949 4933 2055 4986 cri-

470 5043 676 5082 11111111111
713 5043 814 5084 1⁵81.

545 5137 712 5196 Vens.
741 5139 798 5194 2.
834 5158 854 5192 ι
887 5094 1033 5196 Ecce
1062 5153 1164 5211 ego
1196 5136 1400 5195 Paulus
1432 5141 1561 5195 dico
1592 5139 1775 5195 Vobis.
1824 5157 1842 5190 ι

543 5253 657 5308 Vox
689 5253 793 5309 ista
826 5253 977 5309 illius
1006 5260 1094 5309 est
1114 5252 1208 5324 qui
1245 5251 1595 5324 praeﬁdentes
1626 5253 1908 5324 loquatur.

547 5385 566 5418 ι
606 5365 882 5432 Quoniam
919 5366 966 5422 si
1020 5365 1527 5432 circumcidamini,
1592 5367 1849 5422 Christus
1898 5356 2093 5422 vobis.

479 5458 608 5513 nihil
633 5457 903 5531 proderit.
940 5479 958 5512 ι
1070 5478 1089 5497 ε

541 5570 645 5637 Qui
674 5588 809 5628 vero
837 5573 979 5629 nihil
1021 5575 1271 5645 proderit
1295 5575 1558 5630 Christus
1589 5572 1638 5628 ei
1688 5574 1782 5643 qui
1816 5571 2056 5627 circum-

475 5664 629 5718 cisus
659 5667 811 5721 erit?
842 5667 1119 5722 ausculta.
1175 5665 1278 5733 Qui
1316 5664 1761 5728 circumciditur,
1790 5672 2055 5734 tanquam

478 5757 647 5825 legem
700 5758 1069 5816 reformidans
1121 5756 1569 5814 circumciditur.
1620 5754 1723 5821 Qui
1771 5770 1901 5810 vero
1939 5754 2053 5809 for-

2155 4567 2248 4623 τδν
2279 4566 2441 4622 σάλον
2478 4567 2571 4621 τὸν
2622 4568 2992 4638 γεγενημένον
3047 4567 3214 4635 ἔδειξε
3245 4585 3257 4598 ·
3303 4568 3382 4635 τῷ
3429 4568 3507 4634 δὲ,
3542 4568 3747 4637 ζυγοῦ,

2157 4659 2381 4731 ὀνόματι
2413 4659 2475 4713 τὸ
2526 4659 2665 4732 βαρὺ
2716 4661 2812 4714 τοῦ
2872 4660 3197 4732 πράγματος
3252 4661 3435 4725 αὐτοῖς
3493 4678 3748 4729 καταση-

2160 4752 2363 4822 μαίνει.
2418 4749 2490 4804 Τὸ
2536 4750 2593 4805 δὲ
2656 4752 2864 4816 πάλιν,
2908 4751 3099 4820 εἰπὼν,
3150 4752 3351 4824 πολλὴν
3404 4752 3584 4807 αὐτῶν
3638 4752 3751 4806 δεί-

2159 4865 2347 4901 κνυσιν
2396 4848 2780 4920 ἀναισθησίαν.
2839 4848 2900 4901 Ei
2953 4850 3054 4920 μὲν
3101 4850 3212 4923 γὰρ
3255 4851 3477 4919 ἄπειροι
3511 4848 3604 4903 τοῦ
3631 4849 3739 4902 πά-

2160 4936 2284 4999 θους
2314 4932 2412 5009 ἦτε
2444 4939 2883 5012 ὲκείνου,φησὶν,
2932 4941 2994 4994 οὐ
3030 4940 3302 4996 τοσούτων
3330 4937 3443 5013 ἦτε
3467 4941 3751 5013 ἐγκλημά-

2126 5102 2137 5107 _
2158 5042 2267 5078 των
2293 5025 2451 5093 ἄξιοι.

2238 5160 2257 5193 ι
2295 5141 2431 5196 Ἰδοὺ
2462 5142 2574 5212 ἐγὼ
2596 5144 2808 5209 Παῦλος
2832 5146 2975 5215 λέγω
3006 5148 3153 5218 ὑμῖν.
3193 5166 3210 5199 ι

2229 5251 2570 5323 Θαρροὖντος
2595 5255 2627 5325 ή
2665 5255 2839 5325 φωνή.

2233 5382 2251 5414 ι
2276 5362 2399 5416 ’Ότι
2423 5362 2519 5417 ἐὰν
2543 5364 2972 5436 περιτέμνησθε,
2996 5366 3233 5438 Χριστὸς
3261 5368 3403 5438 ὑμᾶς
3433 5368 3588 5424 οὐδὲν
3607 5368 3755 5440 ὡφε-

2159 5455 2335 5525 λήσει.
2378 5474 2397 5507 ι

2227 5568 2352 5631 Πῶς
2377 5568 2528 5623 οὐδὲν
2577 5570 2850 5641 ὠφελήσει
2906 5569 2999 5623 τὸν
3055 5574 3518 5645 περιτεμνόμενον
3554 5576 3583 5628 ὁ
3611 5577 3752 5647 Χρι-

2162 5662 2320 5727 στός;
2351 5661 2541 5715 ἄκουε.
2587 5662 2644 5717 '0
2680 5664 3165 5734 περιτεμνόμενος,
3203 5665 3281 5729 ὡς
3301 5665 3467 5737 νόμον
3495 5666 3753 5728 δεδοικὼς

2160 5751 2566 5823 περιτέμνεται.
2610 5752 2669 5805 Ὀ
2714 5752 2768 5805 δὲ
2818 5752 3094 5820 δεδοικὼς,
3155 5756 3378 5810 ἀπιστεί
3405 5759 3473 5828 τῇ
3517 5757 3751 5827 δυνάμει
