3970 6416
328 324 442 387 809
1493 327 1577 389 IN
1611 328 1856 393 EFIST.
1896 336 1913 392 λ

2036 332 2396 397 GALATAS.
3498 349 3607 414 810

331 435 434 505 τῆς
462 433 719 505 χάριτος·
748 432 778 484 ό
834 430 889 484 δὲ
945 432 1215 501 ἀπιστῶν,
1266 433 1420 490 οὐδὲν
1458 439 1731 510 κερδαίνει
1766 440 1913 512 παρὰ

2031 444 2218 513 midat,
2244 445 2439 501 virtuti
2497 451 2689 519 gratia!
2716 452 3047 515 incredulus
3083 466 3168 515 est
3199 477 3213 514 :
3246 459 3338 530 qui
3382 461 3604 519 demum

38 354 55 553 Ι

34 1040 53 1329 ῗ

330 526 431 597 τῆς
461 524 895 595 ἀπιστουμένης.

403 727 427 760 ε
463 707 826 779 Μαρτύρομαι
878 707 938 762 δὲ
996 710 1160 764 πάλιν
1217 710 1382 783 παντὶ
1440 707 1715 781 ἀνθρώπῳ
1768 729 1921 783 περι-

328 777 674 870 τεμνομένῳ,
693 777 773 853 ὅτι
796 799 1081 868 ὀφειλέτης
1108 777 1257 855 ἐστὶν
1279 801 1413 861 ὅλον¹
1434 800 1527 853 τὸν
1546 777 1733 872 νόμον
1757 777 1918 875 ποιῆ-

327 906 448 945 σιι.
488 890 885 963 Κατηργήθητε
914 892 1129 947 ἀπὸτοῦ
1152 893 1412 963 Χριστοῦ.
1452 913 1469 944 ι

399 984 522 1038 ’Ἱνα
544 983 654 1056 γὰρ
686 984 761 1056 μὴ
793 984 1023 1058 νομίσῃς
1048 988 1172 1041 κατ’
1188 985 1396 1056 ἔχθραν
1427 986 1605 1040 ταῦτα
1637 987 1915 1057 λέγεσθαι,

323 1077 430 1147 οὐχ
466 1078 595 1148 ὑμῖν
650 1078 811 1149 μόνον
871 1077 1038 1146 λέγω,
1098 1079 1287 1149 φησὶν,
1329 1077 1468 1134 ἀλλά
1513 1080 1609 1134 καὶ
1632 1081 1799 1135 παντὶ
1823 1083 1920 1137 ἀνα-

326 1167 537 1241 θρώπῳ
565 1171 1038 1242 περιτεμνομένῳ,
1069 1171 1151 1224 ὅτι
1176 1171 1463 1243 ὀφειλέτης
1494 1173 1644 1227 ἐστὶν
1673 1173 1794 1228 ὅλον
1827 1174 1919 1228 τὸν

326 1262 500 1331 νόμον
537 1262 848 1335 πληρῶσαι.
882 1263 1159 1335 Ἀλλήλων
1179 1264 1291 1335 γὰρ
1336 1265 1523 1336 ἔχεται
1581 1265 1650 1318 τὰ
1685 1266 1916 1338 νόμιμα.

328 1353 443 1408 Καὶ
474 1355 591 1419 πῶς
610 1394 626 1422 ,
657 1355 843 1410 ἄκουε.
887 1356 953 1409 Ἡ
978 1355 1261 1428 περιτομὴ
1296 1356 1486 1412 θυσίαν
1522 1357 1637 1428 ἔχει
1666 1359 1919 1423 συνεζευ-

280 1526 287 1532 ‘
328 1447 562 1518 γμένην,
593 1447 804 1520 ἡμέρας
861 1450 1285 1520 παρατήρησιν
1319 1451 1352 1519 ἠ
1386 1448 1554 1503 θυσία
1595 1450 1778 1515 πάλιν,
1825 1452 1921 1505 καὶ

330 1543 545 1615 ἡμέρας
576 1544 672 1597 καὶ
702 1544 869 1597 τόπου
894 1543 1148 1614 φυλακήν
1167 1559 1179 1570 ·
1211 1545 1241 1596 ό
1270 1543 1458 1609 τόπος,
1485 1544 1698 1615 μυρίων
1717 1544 1920 1616 καθαρ-

331 1633 452 1705 μῶν
480 1635 738 1707 τρόπους.
769 1635 835 1689 Ol
892 1635 1193 1707 καθαρμοὶ,
1245 1635 1450 1706 πλῆθος
1477 1636 1919 1707 παρατηρήσεων

327 1724 664 1794 εἰσάγουσιν.
696 1726 810 1780 Οὐκ
864 1725 1020 1779 ἐᾶται
1066 1724 1177 1797 γὰρ
1238 1725 1551 1795 ἀκάθαρτος
1602 1724 1774 1791 θύειν,
1820 1727 1919 1798 οὐχ

332 1817 499 1890 ἱερῶν
532 1817 834 1873 ἐπιϐαίνειν
854 1819 1087 1883 ἀδύτων,
1142 1818 1243 1871 οὐκ
1270 1816 1399 1872 ἀλλο
1428 1834 1482 1870 τι
1528 1816 1639 1872 τῶν
1660 1817 1919 1872 τοιούτων
1956 1803 1996 1858 Β

329 1914 506 1965 ποιεῖν
527 1911 705 1983 θέμις.
752 1911 845 1965 Διὸ
870 1912 967 1966 καὶ
1008 1909 1183 1965 πολλά
1223 1910 1516 1979 ἐφέλκεται
1545 1910 1638 1965 διὰ
1669 1913 1799 1982 μιᾶς
1832 1913 1920 1964 ἐν⁸

326 2002 489 2068 ⁴τολῆς
516 2006 544 2057 ό
564 2005 745 2075 νόμος.
774 2006 870 2058 “Av
897 2003 1079 2057 τοίνυν
1101 2000 1669 2076 περιτίε]μ[ν]ηθείης
1694 2004 1810 2071 μὲν,
1843 2004 1919 2075 μὴ

328 2096 386 2148 ἐν
414 2097 485 2165 τῇ
525 2094 684 2166 ὀγδόη
742 2096 948 2169 ἡμέρᾳ,
985 2096 1020 2166 ἢ
1044 2096 1103 2149 ἐν
1125 2097 1192 2166 τῇ
1222 2094 1384 2167 ὀγδόῃ
1422 2096 1542 2167 μὲν,
1562 2098 1637 2166 μὴ
1663 2095 1831 2167 ούσῃς
1859 2097 1919 2149 δὲ

327 2190 361 2259 ἧ
389 2188 560 2263 θύσῃς
595 2188 716 2260 μὲν,
752 2190 831 2261 μὴ
862 2191 920 2243 ἐν
948 2188 1026 2260 τῷ
1058 2189 1354 2260 ὡρισμένῳ
1379 2190 1436 2242 δὲ
1464 2189 1644 2259 τόπῳ“
1677 2190 1711 2259 ἢ
1758 2192 1816 2242 ἐν
1841 2190 1919 2261 τῷ

328 2281 621 2353 ὡρισμένῳ
649 2281 820 2351 τόπῳ,
856 2280 932 2352 μὴ
955 2282 1025 2334 τά
1065 2281 1436 2352 νενομισμένα
1478 2281 1535 2334 δέ
1557 2298 1569 2311 ·
1605 2281 1637 2351 ἢ
1668 2282 1737 2335 τὰ
1766 2300 1916 2335 νενο-

331 2374 571 2444 μισμένα
604 2372 723 2443 μὲν,
779 2373 856 2444 μὴ
901 2371 1143 2443 καθαρὸς
1173 2372 1263 2426 δὲ’
1324 2371 1358 2441 ἢ
1410 2371 1653 2443 καθαρὸς
1684 2373 1785 2443 μὲν
1817 2372 1913 2437 ὢν,

326 2468 388 2519 οὐ
422 2470 537 2529 τοῖς
583 2466 923 2537 προσήκουσι
962 2463 1021 2517 δὲ
1085 2464 1311 2535 θεσμοῖς
1369 2462 1687 2534 καθαρθεὶς,
1738 2466 1915 2518 πάντα

324 2557 535 2630 οἴχεται
591 2559 796 2612 ἐκεῖνα.
843 2555 946 2610 Διά
995 2555 1155 2609 τοῦτό
1195 2573 1385 2625 φησιν,
1439 2556 1521 2609 ὅτι
1568 2555 1913 2624 Ὀφειλέτης

326 2644 499 2702 ἐστὶν
524 2644 676 2700 ὅλον
706 2646 814 2699 τὸν
833 2646 1023 2714 νόμον
1039 2642 1378 2711 πληρῶσαι.

402 2934 428 2968 ι
454 2916 671 2982 οἵτινες
720 2916 778 2970 ὲν
832 2915 984 2987 νόμῳ
1035 2914 1371 2982 δικαιοῦσθε,
1423 2914 1520 2985 τῆς
1578 2917 1799 2989 χάριτος
1829 2917 1914 2986 ἐξ-

319 3011 573 3066 επέσετε.
605 3030 628 3064 ι

387 3106 508 3160 Καὶ
549 3105 638 3160 διά
666 3105 766 3178 τῆς
797 3103 1075 3167 κολάσεως
1109 3103 1357 3173 ἐκφοϐεῖ.
1397 3108 1462 3161 Τί
1506 3108 1614 3178 γὰρ
1636 3108 1697 3162 τὸ
1723 3108 1908 3161 λειπό-
1939 3148 1985 3209 C

320 3216 486 3270 μενον
537 3200 637 3270 τῆς
696 3199 917 3273 χάριτος
972 3197 1366 3264 ἐκπίπτουσιν,
1439 3201 1560 3253 ἀλλ’
1608 3200 1641 3271 ἢ
1687 3201 1910 3264 κόλασις

314 3292 702 3363 ἀπαραίτητος
721 3309 739 3360 ;

397 3404 417 3435 ι
458 3385 657 3455 Ἡμεῖς
692 3384 800 3456 γὰρ
857 3380 1135 3455 πνεύματι
1185 3384 1251 3437 ἐκ
1282 3382 1539 3450 πίστεως,
1591 3381 1784 3437 ἐλπίδα
1830 3382 1912 3434 δι-

312 3478 626 3550 καιοσύνης
661 3478 1099 3550 ἀπεκδεχόμεθα.
1149 3497 1168 3529 ι

387 3572 650 3643 Πτοήσας
712 3569 803 3625 διὰ
845 3571 947 3640 τῆς
994 3569 1305 3636 κολάσεως,
1361 3569 1526 3624 πάλιν
1573 3569 1670 3623 ἐπὶ
1716 3569 1914 3640 λιμένα

309 3660 678 3733 παραμυθίας
702 3662 903 3726 αὐτοὺς
931 3661 1077 3731 ἄγει,
1098 3661 1275 3732 λέγων
1302 3678 1317 3694 ο
1354 3660 1518 3716 Οὐδὲν
1548 3660 1775 3714 ἐκείνων
1805 3659 1915 3713 δεό-

312 3755 469 3825 μεθα
497 3754 609 3808 τῶν
638 3753 909 3826 νομίμων,
935 3754 1122 3825 φησίν.
1162 3754 1352 3825 Ἀρκεῖ
1380 3753 1493 3824 γὰρ
1519 3755 1554 3825 ἡ
1580 3752 1762 3816 πίστις
1781 3752 1914 3823 ἡμῖν

309 3846 555 3918 Πνεῦμα
587 3848 916 3918 παρασχεῖν,
958 3846 1055 3898 καὶ
1080 3845 1146 3898 δι’
1191 3845 1364 3915 αὐτῆς
1401 3844 1775 3914 δικαιοσύνην,
1818 3844 1914 3903 καὶ

308 3937 496 3992 πολλά
524 3936 736 4009 μεγάλα
759 3936 960 4006 ἀγαθά.

394 4153 419 4187 ε
460 4133 556 4190 Ἐν
575 4136 684 4209 γὰρ
710 4137 935 4208 Χριστῷ
976 4137 1154 4208 Ἰησοῦ
1179 4135 1305 4192 οὔτε
1333 4139 1607 4211 περιτομή
1636 4156 1690 4192 τι
1713 4138 1909 4211 ἰσχύει,

302 4226 445 4281 οὗτε
476 4228 839 4301 ἀκροϐυστία,
882 4229 1022 4284 ἀοιλά
1075 4229 1263 4294 πίστις
1305 4228 1374 4283 δι’
1404 4229 1631 4299 ἀγάπης
1661 4232 1912 4302 ἐνεργουσ

308 4317 485 4387 μένη.
527 4316 813 4390 Ἐτρέχετε
840 4318 1045 4386 καλῶς,
1077 4319 1161 4383 τίς
1175 4320 1321 4391 ὑμᾶς
1344 4319 1572 4393 ἐνέκαψε
1593 4322 1660 4392 τῇ
1683 4320 1914 4392 ἀληθείᾳ

307 4408 398 4479 μὴ
428 4409 754 4479 πείθεσθαι;
797 4430 818 4465 ι

2026 537 2351 596 incredulus
2385 550 2490 607 est,
2529 544 2664 599 nihil
2710 547 2942 615 juvatur
2989 550 3061 605 ab
3095 566 3159 607 ea
3204 553 3296 606 cui
3329 552 3464 608 ﬁdes
3497 570 3608 609 non

2023 630 2278 689 habetur.

2084 721 2254 779 Vsus.
2287 725 2342 791 5,
2372 728 2424 781 4.
2473 747 2492 778 ‹
2532 728 2831 785 Testiﬁcor
2879 741 3061 787 autem
3105 750 3303 792 rursus
3333 736 3481 791 omni
3513 736 3609 790 ho-

2023 815 2159 871 mini
2197 818 2618 876 circumcidenti
2672 839 2754 890 se,
2806 826 3070 894 quoniam
3115 828 3331 883 debitor
3362 840 3446 885 est
3483 832 3609 884 uni—

2022 924 2198 965 versae
2237 913 2379 983 legis
2423 913 2718 970 faciendae.
2773 916 3036 972 Evacuati
3075 921 3205 974 e5tis
3247 920 3544 976 aChristo.
3584 941 3601 971 ι

2092 1002 2313 1059 Etenim
2360 1021 2430 1061 ne
2480 1008 2772 1065 existimes
2811 1008 2928 1064 haec
2976 1010 3203 1065 inimico
3230 1010 3337 1066 dici
3375 1013 3605 1067 animo:

2022 1109 2136 1151 non
2170 1097 2326 1154 vobis
2372 1099 2553 1155 solum
2601 1102 2748 1168 dico,
2787 1102 2989 1173 inquit,
3042 1105 3139 1160 sed
3186 1111 3242 1158 et
3290 1105 3609 1177 cuicunque

2022 1186 2252 1254 homini,
2302 1190 2559 1261 quisquis
2598 1192 3041 1263 circumciditur,
3099 1195 3248 1266 quod
3289 1196 3507 1252 debitor
3535 1196 3609 1252 sit

2022 1281 2196 1336 totius
2248 1281 2387 1351 legis
2433 1284 2752 1354 implendze.
2802 1286 2937 1341 Nam
2970 1288 3109 1358 legis
3157 1296 3432 1358 praecepta
3463 1289 3608 1343 inter

2020 1384 2083 1425 se
2135 1372 2435 1428 cohaerent.
2490 1374 2608 1441 Qua
2661 1391 2793 1432 vero
2854 1378 3108 1445 ratione?
3162 1377 3358 1435 audias
3420 1369 3601 1432 velim.

2019 1462 2391 1521 Circumcisio
2464 1467 2906 1525 immolationem
2990 1471 3343 1526 victimarum
3411 1470 3608 1541 adjun-

2019 1562 2167 1608 ctam
2201 1557 2386 1623 habet,
2426 1567 2484 1613 et
2517 1559 2736 1615 dierum
2783 1562 3255 1629 observationem,
3305 1561 3607 1618 immolatio

2020 1662 2246 1703 rursum
2298 1657 2355 1704 et
2397 1650 2510 1706 diei
2544 1662 2599 1708 et
2630 1653 2735 1707 loci
2772 1654 3087 1709 cautidnem
3120 1674 3132 1710 :
3167 1656 3346 1719 locus,
3378 1654 3448 1709 ad
3478 1668 3606 1711 εθι-

2021 1747 2217 1794 centes
2271 1740 2673 1797 lustrationum
2753 1744 2919 1810 ritus,
3000 1746 3475 1815 lustrationesque
3538 1744 3607 1797 ad

2022 1823 2252 1887 examen
2298 1834 2583 1902 quoddam
2641 1836 3095 1893 Observationum
3157 1838 3431 1913 obligant.
3484 1835 3606 1891 Non

2022 1923 2168 1977 enim
2196 1926 2421 1995 impuro
2463 1926 2548 1981 fas
2581 1936 2667 1983 est
2715 1928 3024 1995 immolare,
3053 1944 3164 1984 non
3194 1943 3353 1985 sacra
3386 1928 3605 2000 ingredi

2020 2015 2208 2084 adyta,
2272 2032 2383 2070 non
2432 2016 2657 2084 quidvis
2711 2019 2860 2073 aliud
2918 2018 3119 2075 facere.
3166 2018 3440 2086 Quocirca
3493 2034 3607 2073 uno

2022 2117 2299 2177 praecepto
2330 2111 2506 2163 multa
2541 2111 2628 2165 lex
2663 2111 3174 2182 trahit.'Siquidcm
3209 2126 3342 2183 ergo
3372 2112 3607 2166 circum-

2020 2200 2386 2265 cidaris,'non
2423 2209 2607 2256 autem
2640 2212 2839 2258 octava
2870 2205 2994 2270 die;
3042 2213 3136 2259 aut
3171 2205 3216 2259 si
3266 2210 3459 2259 octava
3494 2203 3604 2269 die,

2019 2300 2075 2346 at
2109 2308 2222 2349 non
2277 2296 2696 2366 immolaveris;
2736 2305 2834 2353 aut
2866 2299 2911 2353 si
2961 2299 3236 2364 immules,
3283 2314 3394 2353 non
3424 2306 3604 2352 autem

2019 2386 2075 2441 in
2105 2387 2232 2441 loco
2262 2390 2630 2459 praescripto;
2665 2392 2752 2446 sin
2794 2392 2960 2447 etiam
3011 2392 3067 2446 in
3103 2392 3430 2462 prazscripto
3460 2392 3605 2451 loco,

2017 2495 2129 2535 non
2171 2495 2303 2535 vero
2335 2497 2459 2552 qua:
2515 2484 2603 2539 lex
2658 2484 2963 2552 decernat;
3021 2484 3105 2539 vel
3158 2484 3203 2540 si
3236 2498 3300 2539 ea
3334 2499 3457 2554 qua!
3490 2483 3609 2554 lege

2016 2573 2417 2639 decernuntur,
2478 2591 2673 2631 verum
2728 2591 2835 2630 non
2873 2578 2953 2632 sis
2990 2577 3228 2631 mundus
3259 2593 3274 2631 :
3330 2576 3489 2647 172
3524 2578 3606 2631 vel

2016 2667 2060 2721 si
2089 2667 2350 2732 mundus,
2395 2683 2507 2723 non
2542 2676 2731 2726 autem
2771 2669 3245 2725 convenientibus
3269 2669 3469 2725 ritibus
3506 2685 3607 2741 pu-

2015 2758 2291 2824 riﬁcatus,
2352 2767 2556 2815 cuncta
2611 2762 2707 2816 illa
2742 2768 3019 2832 ’pereuut.
3076 2759 3447 2826 Quamobrem
3477 2761 3602 2815 ait:

2020 2848 2238 2905 Debitor
2275 2860 2353 2905 est
2388 2852 2551 2906 totius
2580 2852 2710 2923 legis
2742 2851 3041 2921 implendw.
3462 2901 3471 2911 .

2022 2964 2031 2968 υ
2085 2962 2104 2994 ι
2137 2941 2241 3016 Qui
2269 2944 2324 2998 in
2362 2943 2481 3015 lege
2506 2944 2919 3014 justiticamini,
2968 2944 3150 3016 gratia
3181 2943 3493 2999 excidistis.
3521 2963 3540 2996 ι

2088 3120 2552 3176 lnterminatione
2634 3121 2807 3177 etiam
2884 3121 3147 3193 supplicii
3208 3130 3401 3178 terret.
3462 3121 3606 3188 Quid

2015 3211 2164 3267 enim
2201 3211 2353 3266 aliud
2385 3212 2631 3283 supersit
2667 3212 2779 3267 illis
2819 3212 2916 3282 qui
2954 3227 2984 3266 a
3017 3214 3198 3285 gratia
3239 3212 3595 3276 exciderunt,

2014 3302 2123 3360 nisi
2154 3302 2495 3373 supplicium
2522 3303 2931 3374 indeprecabile
2949 3305 2976 3358 ’ί

2086 3393 2257 3450 Vsus.
2292 3394 2346 3449 5.
2382 3412 2405 3448 ι
2437 3392 2550 3450 Nos
2577 3396 2724 3452 enim
2757 3397 2958 3465 spiritu
2992 3411 3058 3451 ex
3100 3395 3228 3461 ﬁde,
3263 3408 3415 3465 spem
3432 3393 3604 3464 justi-

2017 3488 2104 3543 tize
2136 3493 2555 3558 exspectamus.

2086 3579 2461 3650 Posteaquam
2526 3580 2809 3651 supplicio
2857 3594 2955 3636 eos
2984 3579 3246 3650 perculit,
3285 3579 3354 3635 ad
3382 3588 3603 3651 portum

2016 3688 2213 3729 rursus
2234 3672 2643 3729 consolationis
2673 3674 2800 3729 illos
2831 3681 3077 3741 revocat,
3116 3674 3205 3730 his
3250 3673 3360 3729 fere
3393 3674 3601 3729 verbis.

2013 3765 2162 3820 Nihil
2210 3763 2369 3821 hisce
2395 3765 2688 3837 praeceptis
2726 3765 2865 3836 legis
2897 3780 3036 3835 opus
3066 3765 3358 3830 habemus,
3397 3765 3604 3837 inquit.

2013 3856 2153 3914 Nam
2179 3857 2385 3914 sufﬁcit
2423 3858 2558 3914 ﬁdes
2584 3859 2653 3914 ad
2685 3858 2792 3914 hoc
2828 3867 2888 3912 ut
2924 3857 3094 3915 donet
3120 3858 3283 3916 nobis
3309 3858 3606 3929 Spiritum,

2017 3966 2243 4021 unaque
2290 3951 2595 4021 justitiam,
2632 3960 2686 4007 et
2734 3952 2976 4023 plurima
3028 3953 3264 4023 insuper
3311 3959 3366 4008 et
3408 3967 3610 4023 magna

2014 4043 2184 4098 dona.

2084 4131 2251 4188 Vsus.
2283 4133 2339 4198 6,
2375 4134 2428 4187 7.
2494 4152 2513 4184 ι
2544 4131 2683 4188 Nam
2734 4133 2788 4188 in
2815 4132 3041 4190 Christo
3089 4131 3222 4188 Jesu
3277 4147 3457 4201 neque
3491 4129 3607 4186 cir-

2014 4225 2297 4282 cumcisio
2327 4224 2542 4296 aliquid
2585 4225 2753 4293 valet,
2792 4240 2974 4297 neque
3017 4225 3368 4295 praeputium,
3405 4224 3501 4280 sed
3537 4223 3604 4278 ﬁ-

2014 4321 2113 4376 des
2170 4334 2297 4391 quae
2350 4334 2449 4391 per
2524 4319 2859 4374 charitatem
2932 4324 3214 4387 operatur.
3278 4315 3606 4372 Currebatis

2014 4413 2194 4469 bene:
2227 4412 2358 4484 quis
2387 4427 2487 4469 vos
2539 4410 2825 4481 impedivit
2860 4409 3082 4465 veritati
3114 4422 3228 4463 non
3265 4408 3533 4465 obedire?
3579 4428 3600 4461 ι

397 4500 460 4556 Ὃ
493 4501 606 4572 γὰρ
634 4503 726 4557 τὸν
787 4505 1021 4576 Χριστὸν
1059 4506 1443 4576 ἐνδυσάμενος,
1484 4504 1684 4576 μηκέτι
1728 4505 1905 4561 ταῦτα

2078 4505 2213 4562 Nam
2246 4507 2340 4579 qui
2373 4505 2543 4563 semel
2571 4504 2853 4562 Christum
2886 4502 3093 4568 induit,
3120 4511 3353 4570 caveat,
3385 4502 3602 4574 inquit,
3716 4546 3719 4551 .

308 4594 793 4665 περιεργαζέσθω,
827 4599 1013 4669 φησίν.

394 4705 412 4739 ι
446 4687 515 4740 Ἥ
543 4688 832 4761 πεισμονὴ,
865 4691 968 4745 οὐκ
987 4692 1051 4745 ἐκ
1078 4691 1171 4745 τοῦ
1203 4690 1495 4757 καλοῦντος
1531 4694 1694 4765 ὑμᾶς.
1742 4711 1760 4743 ι

384 4865 463 4918 Οὐ
500 4864 590 4920 διὰ
608 4864 769 4920 τοῦτο
815 4868 1097 4922 ἐκάλεσενι
1121 4869 1269 4939 ὑμᾶς
1299 4871 1328 4923 ὁ
1367 4868 1571 4937 καλῶν,
1596 4868 1742 4924 ὥστε
1767 4869 1911 4924 οὕτω

315 4955 650 5039 σαλεύεσθαι
671 4974 686 4990 ο
708 4958 834 5013 οὔτε
855 4959 1275 5032 ἐνομοθέτησεν,
1302 4959 1452 5015 ὥστε
1490 4961 1826 5024 Ἰουδαΐζειν.

398 5155 421 5192 ι
452 5139 644 5211 Μικρά
674 5138 820 5213 ζύμη
857 5140 980 5195 ὅλον
1000 5140 1061 5194 τὸ
1091 5138 1323 5213 φύραμα
1349 5140 1533 5212 ζυμοῖ.
1568 5160 1588 5192 ι

393 5331 516 5386 Ἵνα
585 5334 657 5405 μή
717 5350 802 5398 τις
863 5334 1020 5406 λέγῃ,
1051 5335 1119 5389 Τί
1149 5335 1207 5389 τὸ
1259 5337 1493 5405 πρᾶγμα
1528 5333 1779 5406 ἐπαίρεις
1830 5333 1910 5405 τῷ

315 5425 501 5498 λόγως
536 5427 663 5497 μίαν
706 5425 926 5498 ἐντολὴν
969 5426 1139 5497 μόνην
1199 5426 1549 5495 ἐφυλάξαμεν
1576 5425 1672 5479 τοῦ
1718 5425 1906 5496 νόμου,

314 5517 418 5573 καὶ
454 5515 697 5571 τοσαῦτα
711 5515 989 5588 θορυσεῖς;
1020 5517 1255 5572 ἄκουσον
1292 5516 1408 5580 πῶς
1441 5516 1669 5586 ἐκφοϐεῖ
1695 5515 1783 5568 διὰ
1811 5513 1906 5568 τοῦ

315 5606 787 5679 παραδείγματος.
831 5609 900 5662 Ὀ
925 5607 982 5662 δέ
1016 5607 1185 5678 λέγει,
1212 5608 1453 5663 τοιοῦτόν
1485 5611 1654 5662 ἐστιν’
1695 5607 1908 5680 Ὥσπερ

313 5700 352 5771 ἡ
383 5699 538 5772 ζύμη
573 5701 749 5772 μικρά
779 5717 865 5765 τις
885 5696 1024 5756 οὖσα
1057 5700 1179 5755 ὅλον
1220 5701 1284 5755 τὸ
1321 5699 1553 5773 φύραμα
1598 5701 1678 5763 είς
1707 5698 1906 5771 ἑαυτὴν

321 5790 703 5863 μετατίθησιν,
729 5789 872 5845 οὕτω
899 5791 997 5846 καὶ
1018 5791 1168 5862 ὑμᾶς
1210 5790 1466 5860 δύναταιξ
1502 5789 1688 5862 φησιν,
1720 5789 1781 5844 τὺ
1809 5808 1902 5862 μι-

624 5883 896 5948 Pauca.
920 5886 1046 5970 .Ga.
1068 5886 1244 5949 XCV.
1454 5888 1463 5893 ’

2015 4609 2237 4670 ne-post
2266 4599 2461 4655 talium
2501 4599 2575 4656 sit
2607 4598 2889 4654 curiosus.

2087 4689 2258 4748 Vens.
2287 4691 2342 4747 8.
2382 4709 2401 4743 ‹
2433 4690 2732 4748 Persuasio
2766 4690 2881 4744 haec
2915 4703 3028 4745 non
3059 4697 3145 4745 est
3190 4703 3257 4744 ex
3289 4702 3355 4745 eo
3382 4689 3478 4759 qui
3507 4702 3606 4743 vo-

2014 4791 2105 4838 cat
2133 4798 2252 4840 vos.
2285 4803 2305 4836 ι

2077 4873 2198 4930 Non
2257 4875 2325 4930 ad
2382 4876 2487 4931 hoc
2537 4876 2754 4930 vocavit
2811 4888 2933 4940 vos,
2985 4873 3076 4944 qui
3112 4872 3351 4937 vocavit,
3408 4879 3471 4927 ut
3498 4871 3607 4928 hoc

2016 4967 2182 5023 modo
2212 4966 2605 5034 ﬂuetuaretis;
2665 4982 2764 5022 nec
2801 4966 2977 5036 legem
3034 4966 3374 5038 praescripsit
3424 4964 3604 5032 vobis,

2016 5071 2074 5114 ut
2106 5059 2369 5116 Judaicos
2403 5075 2590 5116 mores
2619 5059 2998 5115 sectaremini.
3206 5068 3209 5071 '

2090 5150 2262 5206 Vens.
2289 5151 2345 5207 9.
2384 5169 2403 5203 ι
2447 5151 2727 5207 Modicum
2772 5149 3106 5207 fermentum
3158 5158 3332 5207 totam
3362 5164 3610 5208 massam

2013 5244 2342 5312 corrumpit.
2374 5263 2392 5295 ›

2081 5335 2158 5390 Ne
2185 5336 2337 5391 dicat
2365 5336 2570 5409 aliquis
2604 5335 2787 5403 :Quid
2814 5336 2886 5393 ita
2915 5338 3100 5394 verbis
3136 5351 3254 5393 rem
3302 5335 3612 5408 exegeras?

2012 5442 2184 5480 unum
2240 5427 2379 5498 legis
2433 5428 2757 5485 mandatum
2820 5430 3266 5497 observavimus,
3312 5437 3368 5485 et
3415 5434 3605 5483 tantos

2011 5519 2125 5573 cies
2173 5520 2490 5576 tumultus?
2546 5521 2674 5577 vide
2727 5522 3010 5592 quomodo
3069 5532 3339 5577 terrorem
3400 5518 3606 5575 incutit

2011 5609 2250 5666 adducto
2294 5611 2573 5682 exemplo.
2624 5612 2781 5680 Quod
2833 5628 3001 5684 porro
3046 5613 3203 5680 dicit,
3248 5612 3397 5667 hunc
3440 5611 3604 5666 habet

2006 5715 2259 5759 sensum.
2293 5704 2779 5771 Quemadmodum
2822 5708 3177 5775 fermentum,
3221 5706 3440 5764 tametsi
3479 5704 3603 5760 exi-

2009 5806 2177 5863 guum
2213 5794 2309 5862 sit,
2355 5803 2531 5855 totam
2574 5800 3033 5872 conspersionem
3070 5801 3128 5855 in
3188 5814 3249 5856 se
3290 5792 3601 5855 convertit.

3081 5890 3183 5952 26-
3280 5906 3302 5933 ο
