3970 6422
393 311 495 380 ιιι

1566 306 1627 366 S.
1668 304 1988 368 JOANNIS
2025 304 2458 368 DAMASCENI

3555 298 3666 366 812

399 429 485 485 sic
509 400 671 499 plane
696 423 958 495 exiguum
981 421 1090 477 hoc
1122 419 1365 485 malum,
1416 417 1615 490 inquit,
1654 417 1763 473 nisi
1794 416 1971 474 corri-

2115 417 2207 489 ρδν
2253 417 2414 472 τοῦτο
2469 415 2638 471 κακὸν
2696 414 2769 485 μὴ
2832 410 3143 482 διορθωθὲν,
3180 409 3275 465 καὶ
3330 410 3411 474 εὶς
3459 411 3664 466 τέλειον

401 526 586 592 gatur,
631 526 813 590 potest
871 529 968 571 vos
1017 514 1069 569 in
1114 512 1417 583 perfectum
1468 510 1813 568 Judaismum
1850 523 1977 579 per-

399 614 642 668 trahere.

469 702 636 757 Vens.
670 701 758 756 10.
795 719 817 752 ι
850 700 964 771 Ego
995 698 1213 755 conﬁdo
1262 697 1419 753 vobis
1451 696 1505 750 in
1543 695 1799 760 Domino,
1828 693 1975 764 quod

390 797 537 853 nihil
570 792 727 850 aliud
760 792 1011 864 sapietis.
1054 811 1072 844 ι

468 885 595 941 Non
660 886 820 950 dixit,
876 900 986 939 non
1043 883 1279 954 sapitis;
1313 881 1428 946 sed,
1486 897 1587 935 non
1632 880 1890 949 capietis,
1923 878 1977 935 id

400 987 504 1042 est,
536 976 916 1047 corrigemini.

468 1090 487 1124 ι
519 1071 623 1138 Qui
670 1080 855 1125 autem
908 1065 1203 1122 conturbat
1251 1079 1373 1131 vos,
1422 1064 1661 1134 portabit
1685 1063 1975 1134 judicium,

382 1162 717 1233 quicunque
743 1166 830 1216 est
860 1157 972 1214 ille.
1006 1175 1023 1209 ι

467 1253 637 1309 Recte
668 1266 900 1324 prorsus
935 1263 1236 1320 nusquam,
1259 1247 1508 1303 nomina.
1533 1245 1977 1318 perturbantium

383 1345 592 1412 edidit,
624 1361 694 1400 ne
726 1342 1161 1414 impudentiores
1194 1339 1411 1396 tierent.

466 1438 634 1493 Vsus.
667 1436 757 1490 ll.
812 1454 831 1488 ι
860 1434 976 1507 Ego
1005 1443 1217 1500 autem,
1250 1433 1471 1497 fratres,
1505 1432 1550 1487 si
1596 1430 1979 1486 circumeisio~

386 1538 526 1579 num
597 1522 780 1578 adhuc
838 1521 1101 1594 praedico,
1152 1521 1287 1593 quid
1321 1521 1505 1577 adhuc
1532 1518 1977 1590 persecutionem

384 1616 616 1686 patior?
642 1636 660 1668 ι

463 1708 737 1775 Quoniam
774 1708 983 1779 ubique
1014 1707 1433 1773 traducebatur,
1466 1706 1614 1779 quod
1657 1706 1864 1777 ubique
1888 1705 1979 1776 ju-

2092 509 2424 580 Ἰουδαῖσμδν
2459 509 2707 577 ἀγαγεῖν.

2155 710 2176 743 ι
2227 690 2371 760 Ἐγὼ
2398 691 2455 745 δὲ
2483 688 2717 744 πέποιθα
2747 689 2826 752 είς
2872 688 3016 759 ὑμᾶς
3047 688 3104 741 ὲν
3143 685 3355 759 Κυρίῳ,
3394 683 3477 738 ὅτι
3506 682 3666 737 οὐδὲν

2079 784 2209 841 ἄλλο
2236 786 2558 857 φρονήσετε.
2598 802 2617 835 ι

2143 880 2257 934 Οὑκ
2275 875 2446 943 εἷπεν,
2464 878 2546 932 ὅτι
2560 875 2637 930 Οὑ
2660 876 2932 947 φρονεῖτε,
2958 873 3074 928 ἀλλ’
3093 873 3176 927 ὅτι
3196 872 3281 927 Οὐ
3298 870 3665 942 φρονήσετε*

2079 970 2381 1034 τουτέστιν,
2408 969 2492 1022 ὅτι
2522 965 2988 1038 Διορθωθήσεσθε.

2159 1081 2177 1115 ι
2201 1063 2259 1116 ’0
2279 1062 2335 1116 δὲ
2364 1062 2655 1132 ταράσσων
2674 1059 2841 1131 ὑμᾶς,
2883 1057 3147 1130 βαστάσει
3176 1056 3238 1110 τὺ
3269 1059 3471 1129 κρῖμα,
3518 1054 3672 1119 ὅστις

2081 1153 2293 1207 ἄνῆ.»

2221 1190 2236 1207 ο
2274 1170 2293 1203 θ

2150 1150 2225 1299 Εἱύ
2263 1244 2324 1299 τὸ
2356 1232 2612 1316 μηδαμοῦ
2669 1243 2842 1313 δνομα
2871 1242 2981 1296 τῶν
3029 1220 3411 1314 ταρασσόντων
3462 1237 3668 1305 θεῖναι,

2079 1340 2173 1392 ἵνα
2202 1337 2280 1411 μὴ
2312 1336 2790 1408 ἀναισχυντότεροι
2820 1334 3108 1405 γένωνται.

2157 1451 2178 1483 ε
2229 1428 2371 1500 Ἐγὼ
2395 1430 2474 1496 δὲ,
2527 1427 2773 1497 ἀδελφοὶ,
2813 1429 2862 1480 εί
2910 1422 3216 1497 περιτομὴν
3257 1422 3338 1478 ἔτι
3380 1420 3670 1495 κηρύσσω,

2079 1522 2133 1575 τί
2162 1522 2242 1577 ἔτι
2268 1520 2575 1593 διώκομαι;
2623 1538 2642 1571 ι

2157 1699 2376 1771 Ἐπειδὴ
2399 1697 2675 1753 διέϐαλλον
2698 1697 2862 1752 αὑτὸν
2886 1697 2961 1760 ὡς
2977 1693 3254 1766 πανταχοῦ
3284 1691 3669 1757 Ἰουδαῖζοντα,

398 1800 663 1866 daizaret,
689 1816 754 1856 ac
784 1777 1048 1856 simulato
1071 1799 1255 1855 animo
1281 1777 1633 1871 praedicaret,
1661 1799 1787 1856 vide
1811 1812 1977 1869 quam

2112 1793 2182 1848 ιαὶ
2213 1790 2644 1862 ὑποκρινόμενον
2691 1789 2753 1843 τὸ
2810 1789 3093 1861 κήρυγμα,
3132 1786 3239 1859 δρα
3277 1783 3395 1848 πῶς
3436 1778 3671 1854 καθαριῖι

398 1907 536 1963 pure
588 1892 962 1963 suspicionem
1024 1894 1170 1947 hanc
1221 1907 1252 1948 a
1288 1908 1349 1949 se
1414 1898 1717 1949 removeat.
1767 1889 1977 1957 Nostis,

399 1984 602 2057 inquit,
634 1993 688 2041 et
732 1999 854 2051 vos,
896 1986 1036 2040 hanc
1075 1999 1162 2041 me
1211 1983 1521 2041 insectandi
1569 1984 1813 2040 colorem
1842 1997 1980 2039 cau-

398 2091 588 2132 samve
617 2077 726 2133 illis
773 2076 945 2134 fuisse
979 2076 1129 2148 quod
1160 2093 1188 2132 a
1223 2077 1340 2149 lege
1363 2077 1616 2148 juberem
1647 2076 1980 2133 desciscere.

399 2169 459 2223 Si
488 2177 673 2225 autem
729 2170 1221 2225 eircumcisionem
1276 2168 1544 2241 praedico,
1580 2185 1680 2225 cur
1709 2185 1796 2226 me
1825 2170 1979 2226 inse-

397 2262 680 2331 quuntur?
713 2277 891 2332 neque
921 2261 1069 2318 enim
1120 2261 1217 2333 qui
1247 2277 1317 2317 ex
1346 2259 1550 2318 Iudicis
1584 2268 1737 2327 sunt,
1766 2261 1978 2318 crimen

2080 1890 2113 1944 ὃ
2140 1886 2449 1944 ἀπεδύσατο
2479 1887 2529 1953 ιι,
2585 1885 2870 1957 μάρτυρας
2933 1882 3133 1947 αὑτοὺς
3181 1879 3387 1937 καλῶν.
3450 1877 3671 1944 οἴδατε,

2083 1984 2274 2056 φησιν,
2305 1981 2401 2036 καὶ
2429 1981 2610 2051 ὑμεῖς,
2643 1980 2726 2033 ὅτι
2752 1976 2994 2049 διωγμοῦ
3045 1993 3139 2046 μοι
3189 1972 3469 2046 πρόφασις
3507 1968 3675 2027 τοῦτό

2083 2079 2257 2142 ἐστιν,
2293 2076 2374 2129 ὅτι
2394 2072 2606 2128 κελεύω
2635 2071 2939 2143 ἀπέχεσθαι
2966 2067 3063 2123 τοῦ
3101 2067 3289 2139 νόμου.
3324 2066 3389 2121 Ei
3425 2064 3484 2121 δὲ
3508 2079 3675 2135 περι-

2080 2169 2259 2241 τομὴν
2286 2166 2570 2238 κηρύσσω,
2607 2164 2661 2218 τί
2679 2163 2950 2235 διώκομαι
2977 2179 2992 2229 ;
3039 2159 3192 2216 οὐδὲν
3226 2158 3338 2230 γάρ
3365 2158 3554 2229 ἕτερον
3575 2156 3674 2225 ιγ-

2084 2260 2272 2315 καλεῖν
2302 2275 2391 2329 μοι
2415 2256 2629 2327 ἔχουσιν
2650 2255 2700 2309 οι
2731 2253 2791 2318 ἐξ
2832 2251 3124 2318 Ἰουδαίων,
3155 2251 3191 2322 ἢ
3224 2249 3403 2305 τοῦτο,

399 2350 548 2406 aliud
605 2352 737 2419 mihi
797 2351 1095 2407 intendere
1158 2352 1399 2423 possint,
1452 2362 1825 2424 praeterquam
1876 2352 1983 2408 hoc

388 2460 602 2500 eorum.

398 2443 602 2500 solum.

475 2552 493 2583 ι
528 2532 671 2604 Ergo
704 2541 1034 2588 evacuatum
1067 2540 1152 2589 est
1186 2531 1513 2588 scandalum
1546 2532 1751 2589 crucis.
1790 2552 1809 2586 ι

2152 2564 2175 2596 ι
2222 2545 2365 2615 Ἀρα
2390 2541 2733 2615 mamiqu
2784 2538 2844 2594 τὸ
2884 2537 3181 2594 σκάνδαλον
3210 2536 3308 2594 τοῦ
3342 2536 3599 2609 σταυροῦ.
3644 2553 3671 2587 ι

475 2626 634 2696 173
678 2625 830 2679 Adeo
879 2624 1084 2679 stultus
1131 2639 1278 2691 sum,
1332 2624 1540 2696 inquit,
1584 2634 1648 2681 ut
1674 2641 1777 2697 pro
1805 2625 1977 2681 nihilo

2159 2633 2348 2700 Οὕτως
2381 2633 2606 2705 ἀνόητός
2635 2634 2751 2702 εἰμι
2769 2674 2785 2699 ,
2826 2632 3011 2704 φησιν,
3034 2633 3112 2695 ὡς
3143 2629 3287 2701 ὑπὲρ
3316 2626 3411 2684 τοῦ
3440 2628 3676 2699 μηδενὸς

398 2720 561 2792 aliiigi
599 2720 799 2792 patiar,
838 2728 892 2775 et
934 2719 1057 2776 aliis
1106 2718 1448 2776 offendicula
1480 2720 1633 2776 sim?
1685 2719 1977 2775 Enimvero

2112 2730 2389 2792 ιλίϐεσθαι,
2424 2728 2516 2782 καὶ
2538 2725 2912 2789 σκανδαλίζειν
2939 2723 3184 2794 ἑτέρους.
3204 2720 3343 2775 Οὔτε
3366 2719 3474 2791 γὰρ
3494 2718 3674 2784 οὕτως

401 2829 513 2871 non
545 2813 627 2868 sie
661 2809 833 2866 Judaei
890 2825 1057 2867 cruce
1103 2810 1552 2878 oll‘endehantur,
1602 2812 1681 2867 uti
1719 2815 1850 2882 quia
1885 2826 1977 2883 pa-

2112 2832 2118 2876 ι
2150 2823 2380 2895 σταυρὸς
2412 2817 2481 2893 ἦν
2509 2822 2537 2874 ό
2558 2817 2930 2883 σκανδαλίξων
2970 2816 3101 2880 τοὺς
3142 2814 3457 2880 Ἰουδαίους,
3497 2812 3574 2877 ὡς
3605 2813 3677 2866 τδ

380 2907 523 2963 ειιίἱε
578 2904 798 2979 legibus
854 2903 1292 2959 renuntiandum
1345 2914 1487 2959 erat.
1512 2902 1653 2958 Nam
1690 2920 1818 2960 cum
1855 2903 1982 2961 Ste-

394 3000 651 3070 phanum
678 2997 733 3051 in
764 2995 1067 3050 concilium
1090 2994 1512 3065 perduxissent,
1547 3011 1662 3051 non
1695 2996 1979 3067 dixerunt,

380 3089 493 3145 “hic
529 3087 864 3143 cruciﬁxum
912 3087 1145 3154 adorat;
1180 3089 1310 3150 sed,
1344 3088 1581 3158 loquitur
1610 3097 1797 3145 contra
1824 3090 1987 3161 legem

378 3190 451 3235 -et
481 3180 656 3234 locum
680 3188 923 3235 sanctum
956 3178 1025 3232 ³⁸.

476 3270 644 3326 Vens.
704 3271 790 3336 l2,
824 3270 910 3325 l3.
961 3289 979 3322 ι
1040 3269 1261 3326 Utinam
1318 3278 1375 3328 et
1421 3269 1824 3328 ahseindantur
1881 3273 1979 3343 qui

398 3373 499 3414 vos
560 3359 924 3414 conturbant.
959 3356 1073 3414 Vos
1120 3358 1267 3414 enim
1319 3359 1375 3413 in
1430 3359 1741 3415 libertatem
1796 3361 1980 3421 vocati

397 3450 555 3514 estis,
599 3446 843 3509 fratres;
863 3470 881 3503 ι

469 3542 617 3597 idem
653 3541 758 3596 hoc
790 3551 875 3597 est
927 3557 990 3598 ac
1020 3542 1065 3598 si
1106 3543 1257 3599 dicat
1288 3561 1300 3599 :
1346 3544 1501 3598 nulla
1537 3549 1623 3601 est
1671 3542 1805 3598 mihi
1843 3558 1980 3599 cura

398 3635 467 3689 de
500 3633 632 3689 illis.
667 3631 826 3698 Quod
873 3632 918 3687 si
961 3633 1175 3702 volunt,
1212 3648 1323 3688 non
1358 3633 1527 3688 modo
1562 3632 1980 3692 circumcidat:-

399 3738 508 3787 tur,
540 3738 734 3779 verum
762 3732 819 3778 ει
845 3733 1203 3780 exsecentur.
1936 3736 1943 3743 ’

481 3836 500 3868 ι
543 3814 782 3870 Tantum
838 3830 908 3869 ne
965 3815 1278 3870 libertatem
1331 3816 1387 3871 in
1442 3817 1795 3873 occasionem
1835 3817 1980 3875 detis

382 3907 570 3963 turni.

467 3996 726 4050 Christus
756 4010 859 4050 nos
887 3996 1093 4050 exemit
1124 4011 1153 4049 a
1192 3995 1325 4067 jugo
1358 3998 1670 4064 servitutis,
1702 4001 1980 4072 nobisque

396 4103 518 4144 esse
544 4088 776 4144 liberum
811 4088 988 4142 voluit
1028 4087 1215 4144 facere
1246 4089 1511 4160 quidquid
1546 4090 1761 4146 libitum
1789 4091 1975 4149 fuerit:

397 4194 509 4235 non
563 4188 622 4233 ut
672 4180 778 4234 hac
812 4188 1082 4249 potestate
1126 4181 1192 4236 ad
1240 4183 1549 4253 nequitiam
1597 4183 1978 4253 abuterentur,

396 4268 493 4326 sed
539 4276 600 4325 ut
647 4270 877 4340 majoris
910 4271 1181 4329 mercedis
1229 4273 1391 4344 copia
1421 4273 1650 4331 daretur
1690 4278 1873 4343 nobis,
1908 4279 1978 4333 ad

395 4362 648 4417 altiorem
686 4362 1093 4434 philosophiam
1140 4364 1643 4437 progredientibus.
1680 4366 1815 4422 Nam
1849 4370 1979 4439 quia

2010 3137 2057 3197 C

2094 2918 2170 2991 μὴ
2200 2916 2312 2971 δεῖν
2352 2913 2638 2969 πείθεσθαι
2679 2914 2790 2975 τοῖς
2838 2910 3113 2981 πατρῴοις
3162 2908 3370 2980 νόμοις.
3406 2906 3520 2962 Καὶ
3561 2905 3675 2977 γὰρ

2094 3008 2367 3078 Στέφανον
2396 3004 2882 3078 προσενεγκόντες,
2909 3003 3010 3058 οὐκ
3057 2997 3211 3056 εἷπον
3258 3001 3342 3056 ὅτι
3380 2992 3552 3063 Οὗτος
3577 2998 3678 3054 τὸν

2092 3099 2509 3172 ἐσταυρωμένον
2569 3095 2919 3167 προσεκύνει,
2960 3092 3080 3147 ἀλλ’
3125 3092 3209 3146 ὅτι
3245 3092 3408 3148 Κατὰ
3431 3090 3542 3147 τοῦ
3568 3091 3674 3146 rd-

2090 3213 2211 3268 μου
2234 3194 2333 3248 καὶ
2363 3191 2469 3246 τοῦ
2488 3179 2679 3244 τόπου
2703 3188 2865 3254 λέγει
2893 3185 3001 3241 τοῦ
3018 3185 3217 3256 ἁγίου.

2091 3322 2107 3340 .
2162 3308 2182 3342 ι
2221 3284 2455 3355 Ὄφελον
2536 3282 2631 3336 καὶ
2707 3276 3077 3348 ἀποκόψονται
3129 3277 3179 3330 οἱ
3241 3272 3676 3338 ἀναστατοῦντες

2092 3377 2259 3449 ὑμᾶς.
2293 3375 2483 3445 Ὑμεῖς
2504 3371 2614 3443 γὰρ
2645 3369 2732 3424 ἐπ’
2762 3367 3045 3441 ἐλευθερίᾳ
3073 3365 3364 3438 ἐκλήθητε,
3389 3365 3669 3436 ἀδελφοί.»

2168 3553 2233 3606 '0
2259 3550 2429 3620 λέγει,
2463 3544 2705 3601 τοιοῦτόν
2724 3546 2893 3598 ἐστιν·
2921 3542 3089 3598 Οὐδέν
3122 3560 3214 3614 μοι
3237 3542 3389 3615 μέλει
3422 3539 3672 3599 ικείνων.

2089 3639 2154 3694 El
2180 3637 2485 3710 βούλονται,
2521 3635 2596 3707 μὴ
2645 3632 3161 3705 περιτεμνέσθωσαν
3193 3632 3378 3707 μόνον,
3412 3630 3550 3687 ἀλλά
3572 3631 3674 3687 καὶ

2088 3738 2255 3791 ἀτωτε
2264 3731 2602 3806 μνέσθωσαν.

2165 3847 2183 3880 ι
2216 3825 2396 3882 Μόνον
2422 3826 2497 3897 μὴ
2518 3824 2616 3894 τὴν
2643 3820 2960 3893 ἐλευθερίαν
2978 3821 3057 3885 είς
3087 3817 3423 3891 ἀφορμὴν-τῇ
3444 3817 3667 3891 σαρκί.»

2169 3997 2503 4071 Ἀπήλλαξεν
2552 3997 2720 4068 ὑμᾶς,
2789 3996 2976 4068 φησὶν,
3039 3997 3068 4049 ό
3110 3995 3351 4066 Χριστὸς
3376 3992 3472 4049 τοῦ
3499 3992 3673 4061 ζυγοῦ

2086 4096 2185 4166 τῆς
2212 4090 2479 4157 δουλείας,
2539 4089 2766 4161 κυρίους
2811 4087 3024 4159 ἀφῆκεν
3075 4087 3339 4159 πράττειν
3394 4087 3425 4141 ὅ
3469 4106 3522 4142 τι
3548 4086 3676 4158 βού-

2087 4184 2269 4252 λεσθε,
2292 4183 2392 4255 οὐχ
2439 4182 2525 4237 ἵνα
2582 4183 2649 4253 τῇ
2699 4180 2920 4251 ἐξουσία
2945 4182 3024 4245 είς
3066 4180 3269 4235 κακίαν
3310 4178 3675 4253 χρησώμεθα,

2086 4279 2203 4336 ἀλλ’
2265 4278 2374 4357 ἵνα.
2403 4274 2651 4349 μείζονος
2686 4273 2879 4347 μισθοῦ
2925 4272 3182 4345 λάϐωμεν
3225 4274 3521 4345 πρόφασιν,
3574 4274 3675 4328 ἐπὶ

2090 4372 2414 4444 φιλοσοφίαν
2461 4368 2686 4442 μείζονα
2752 4368 2943 4433 ίόντες.
2989 4368 3208 4441 Ἐπειδὴ
3263 4370 3372 4442 γάρ
3418 4368 3533 4424 ἄνω
3571 4370 3673 4424 καὶ

285 4535 290 4541 Ι
396 4453 523 4509 hinc
552 4453 681 4509 inde
710 4455 925 4526 passim
958 4456 1133 4526 legem
1167 4456 1407 4526 appellat
1438 4458 1730 4512 servitutis
1754 4461 1974 4530 jugum,

2112 4467 2240 4521 ιάτω
2266 4463 2432 4533 ζυγὸν
2459 4460 2703 4526 δουλείας
2749 4461 2905 4517 καλεῖ
2950 4460 3043 4514 τὸν
3089 4460 3274 4531 νόμον,
3331 4460 3428 4514 καὶ
3466 4460 3530 4514 οὑ
3567 4459 3671 4530 τῆς

394 4557 460 4601 ae
513 4547 884 4617 cxemptionis
931 4562 961 4600 a
1020 4546 1315 4603 maledicto
1367 4549 1622 4605 meminit
1675 4567 1688 4601 :
1731 4566 1802 4605 ne
1856 4552 1977 4622 quis

2112 4557 2335 4628 ιατάρας
2358 4554 2702 4624 ἀπαλλαγὴν,
2731 4554 2820 4607 ἵνα
2847 4554 2920 4625 μή
2959 4570 3043 4616 τις
3070 4554 3410 4626 ὑποπτεύσῃ,
3449 4554 3533 4609 ὅτι
3580 4554 3673 4613 διὰ

395 4638 502 4694 sibi
564 4639 759 4711 ﬁngat,
819 4639 999 4710 ipsum
1037 4638 1163 4696 ideo
1191 4647 1444 4695 avertere
1486 4640 1741 4698 homines
1772 4659 1801 4699 a
1838 4645 1979 4716 lege,

394 4739 454 4786 ut
494 4733 656 4789 liceat
711 4732 977 4803 deinceps
1027 4732 1279 4802 exlegem
1329 4732 1497 4785 vitam
1550 4747 1734 4803 agere,
1793 4738 1979 4807 suspi-

2082 4648 2242 4703 τοῦτο
2267 4648 2481 4702 κελεύει
2512 4645 2605 4700 τοῦ
2628 4648 2796 4716 νόμου
2825 4647 3153 4718 ἀποστῆναι,
3182 4646 3270 4701 ἵνα
3293 4645 3387 4718 ἐξῇ
3426 4647 3671 4718 παρανό-

2085 4757 2202 4811 μως
2230 4738 2352 4810 ζῇν,
2390 4736 2702 4808 διορθοῦται
2733 4737 2833 4807 τὴν
2870 4736 3147 4800 ὑπόνοιαν,
3182 4736 3357 4805 λέγων
3378 4753 3391 4768 ·
3431 4738 3546 4808 Οὑχ
3575 4737 3666 4791 (va.

370 4824 610 4879 cioncm
644 4823 790 4879 hanc
825 4824 1082 4894 corrigit,
1114 4823 1350 4879 dicens:
1393 4836 1507 4876 non
1540 4831 1600 4877 ut
1630 4824 1850 4883 ell'renis
1884 4827 1977 4883 ﬁat

2112 4830 2419 4903 παρανόμως
2445 4830 2669 4900 γένηται
2689 4829 2721 4899 ἡ
2745 4827 3011 4894 πολιτεία,
3034 4827 3151 4881 ἀλλ’
3180 4827 3267 4885 Eva
3286 4827 3428 4898 ὑπὲρ
3457 4824 3670 4898 νόμονή

404 4912 535 4968 vitae
566 4913 733 4981 ratio,
766 4914 860 4969 sed
893 4922 954 4967 ut
988 4912 1330 4983 philosophia
1363 4919 1551 4967 nostra
1586 4914 1756 4985 legem
1791 4926 1978 4977 trans—

396 5002 619 5067 cendat,
683 5005 922 5061 vinculis
1002 5006 1197 5060 solutis
1246 5004 1400 5075 legis.
1473 5007 1639 5078 Atqui
1726 5013 1840 5067 haec
1897 5013 1979 5067 lo-

391 5108 553 5164 quor,
588 5105 784 5151 nonut
815 5096 1150 5167 dejectiores
1184 5096 1379 5163 simus,
1414 5098 1508 5153 sed
1539 5100 1605 5154 ad
1642 5103 1970 5161 sublimiora

374 5186 789 5253 provehantur.

510 5296 548 5333 -ι
626 5277 736 5335 Sed
828 5298 924 5354 per
1011 5285 1337 5343 ebaritatem
1418 5291 1625 5346 servile
1720 5292 1977 5347 invicem.

494 5455 686 5533 “Act.
723 5469 798 5518 vt,
833 5453 921 5509 i5.

2081 4922 2392 4993 φιλοσοφία.
2431 4920 2629 4992 Ἐλύθη
2659 4921 2768 4992 γὰρ
2792 4918 2888 4973 τοῦ
2906 4919 3073 4990 νόμου
3104 4917 3174 4973 τὰ
3193 4918 3369 4988 δεσμά
3397 4934 3410 4948 ·
3444 4917 3541 4971 καὶ
3559 4918 3673 4984 ἐγὼ

2078 5016 2253 5070 ταῦτα
2283 5015 2450 5084 λέγω,
2490 5015 2588 5085 οὑχ
2635 5014 2720 5067 ἴνα
2785 5015 3179 5082 ταπεινότεροι,
3222 5011 3337 5065 ἀλλ’
3360 5011 3448 5064 ἵνα
3467 5004 3671 5081 ὑψηλόν

2080 5127 2136 5162 τε
2147 5126 2227 5180 ροι
2259 5106 2472 5185 χενώμε
2482 5106 2571 5161 θα.

2165 5303 2182 5335 ι
2232 5280 2395 5336 Ἀλλά
2424 5280 2513 5335 διὰ
2538 5280 2638 5350 τῆς
2686 5278 2909 5350 ἀγάπης
2956 5277 3238 5333 δουλεύετε
3299 5275 3577 5348 ἀλλήλοις.
3611 5275 3673 5326 Ὃ

1595 5544 1842 5602 VARIA'I.
1870 5542 2284 5603 LECT'lONES.

498 5636 529 5678 δ
552 5635 841 5726 Οιιξγερεῑ.
866 5635 1487 5726 καθαροὺςοξνεδύσατο.
1522 5636 1664 5693 ῐῖάὶι.
1709 5640 1870 5693 Εῑοη.
1905 5640 1961 5694 in

2112 5652 2166 5711 ς.
2192 5637 2266 5694 ίσ.
2301 5636 2561 5713 καθαρῶς
2592 5640 2924 5698 ἀπεδύσατο.
2953 5641 3116 5700 Forte
3167 5640 3334 5700 etiam
3376 5639 3671 5717 legendum

394 5702 514 5775 πῶς
551 5702 807 5781 καθαρῶς
837 5707 994 5764 τοῦτο
1016 5702 1356 5762 ἀπεδύσατο.
