3970 6414
371 318 486 386 813

1528 322 1611 382 ΙΝ
1651 324 1890 386 EPIST.
1932 327 2032 386 AD
2071 327 2427 391 GA-LATAS.

3535 343 3643 422 8H

374 430 487 502 γὰρ
515 431 624 493 πᾶς
651 428 812 499 νόμος
847 428 905 482 ὲν
931 426 1189 500 ἐνὶλόγῳ
1216 428 1539 501 πληροῦται,
1567 433 1626 484 ὲν
1654 431 1753 503 τῷ,
1797 433 1944 501 Ἀγαε

2068 434 2256 507 [νεεδ.
2294 438 2504 510 14ο16.]
2557 441 2748 498 Omnis
2804 445 2954 499 enim
3006 445 3094 501 lex
3136 447 3192 503 in
3229 464 3338 506 uno
3385 467 3642 514 sermone

372 527 574 593 πήσεις
599 521 692 576 τὸν
722 521 951 593 πλησιόν
976 539 1070 576 σου
1106 522 1183 586 ὡς
1224 523 1472 576 σεαυτόν.
1512 523 1575 576 Εἰ
1609 523 1666 575 δὲ
1695 525 1958 592 ἀλλήλους

368 614 599 670 δάκνετε
638 614 735 669 καὶ
786 596 1130 677 κατεσθίετε,
1180 614 1410 685 βλέπετε
1446 614 1522 686 μὴ
1557 614 1663 669 ὑπὸ
1712 615 1956 683 ἀλλήλων

367 706 708 777 ἀναλωθῆτε.
749 707 909 774 Λέγω
956 706 1035 775 δὲ,
1092 706 1389 777 Πνεύματιε
1434 710 1811 781 περιπατεῖτε,
1864 710 1957 763 καὶ

368 797 670 869 ἐπιθυμίαν
705 798 909 869 σαρκὸς
935 800 996 860 οὐ
1036 800 1111 871 μὴ
1138 799 1418 869 τελέσητε.
1455 818 1474 853 ι

440 976 692 1026 Δείκνυσι
717 975 810 1026 τόν
848 974 1051 1045 τρόπον
1107 974 1175 1026 δι’
1214 967 1277 1029 οῦ
1306 973 1508 1045 ῥαδίως
1544 974 1636 1031 τὸν
1667 974 1956 1044 εὐαγγελι-

356 1063 468 1123 ίκὸν
488 1065 824 1137 πληρώσωσι
852 1065 1037 1135 νόμον,
1064 1064 1183 1135 ἅμα
1207 1066 1264 1120 δὲ
1288 1069 1384 1120 καὶ
1407 1067 1570 1121 πόθεν
1603 1067 1825 1136 γέγονεν
1854 1068 1953 1137 τῆς

366 1155 673 1226 περιτομῆς
695 1156 729 1225 ἡ
748 1155 919 1226 ἀρχή.
963 1154 1184 1224 Ἐπειδὴ
1206 1155 1314 1226 γὰρ
1347 1155 1594 1226 ἀλλήλων
1613 1156 1804 1227 ἄρχειν
1822 1153 1949 1224 βου-

350 1245 607 1317 )έμενοι,
632 1245 946 1317 ἐσχίσθητε,
977 1247 1133 1317 φησι,
1152 1245 1479 1303 δουλεύσατε
1502 1245 1774 1317 ἀλλήλοις.
1794 1244 1950 1299 Οὕτω

362 1336 475 1407 γὰρ
507 1338 917 1407 συναχθήσεσθε
946 1338 1133 1394 πάλιν.
1156 1338 1473 1413 Δεληθότως
1511 1338 1566 1392 δὲ
1582 1332 1741 1396 τοῦτο
1774 1336 1945 1404 λέγει,

358 1430 461 1491 καὶ
496 1429 556 1484 οὺ
588 1429 862 1502 φανερῶς.

436 1621 458 1655 ε
505 1603 569 1655 Ἡ
603 1604 713 1673 γὰρ
749 1600 886 1672 σὰρξ
907 1601 1166 1672 ἐπιθυμεῖ
1194 1601 1338 1657 κατὰ
1373 1600 1468 1655 τοῦ
1515 1599 1844 1671 πνεύματος.
1884 1600 1947 1655 τὸ

350 1696 416 1756 δὲ
439 1693 656 1764 πνεῦμα
716 1692 859 1747 κατὰ
915 1693 1012 1763 τῆς
1057 1693 1291 1763 σαρκός·
1325 1693 1511 1748 Ταῦτα
1549 1693 1604 1746 δὲ
1643 1693 1945 1747 ἀντίκειται

358 1786 632 1857 ἀλλήλοις,
666 1785 752 1840 ἵνα
784 1784 860 1854 μὴ
897 1784 934 1840 ἃ
960 1784 1028 1839 ἂν
1062 1785 1277 1855 θέλητε,
1313 1786 1491 1843 ταῦτα
1516 1785 1733 1855 ποιῆτε.
1767 1803 1787 1837 ι

426 1965 635 2033 Σὰρκα
684 1966 841 2035 φησὶ,
855 1964 954 2035 τὴν
972 1964 1288 2036 προαίρεσιν
1310 1965 1409 2040 τὴν
1427 1965 1690 2039 πονηρὰν,
1726 1964 1942 2038 πνεῦμα

351 2056 435 2120 δὲ,
468 2056 567 2126 τὴν
630 2052 948 2125 προαίρεσιν
1002 2055 1098 2126 τὴν
1154 2055 1388 2127 ἀγαθὴν,
1430 2058 1529 2128 τὴν
1574 2056 1687 2125 ἄνω
1725 2058 1943 2128 τρέχειν

356 2148 788 2211 σπουδάζουσαν.

431 2239 503 2293 Ἦ
533 2241 633 2310 μὲν
664 2239 833 2294 κακία
878 2241 1182 2295 ἀντίκειται
1214 2246 1306 2314 γτῇ
1352 2244 1521 2313 ἀρετῇ
1549 2258 1562 2273 ο
1608 2243 1642 2311 η
1685 2241 1741 2295 δὲ
1771 2242 1942 2314 ἀρετὴ

353 2330 522 2385 πάλιν
552 2330 895 2401 ἐναντιοῦται
919 2335 993 2403 τῇ
1011 2332 1201 2404 κακίᾳ,
1229 2320 1582 2401 παιδαγωγοῦ
1610 2349 1757 2402 τινος
1785 2332 1941 2399 τάξιν

351 2421 770 2493 ἀναπληροῦσα,
801 2424 895 2476 καὶ
923 2424 998 2495 μὴ
1029 2423 1176 2488 ἐῶσα
1196 2425 1343 2494 ὑμᾶς
1365 2423 1507 2485 κατὰ
1529 2423 1629 2488 τὰς
1646 2423 1941 2494 ἐπιθυμίας

351 2512 454 2579 τὰς
484 2512 696 2582 φαύλας
725 2515 1075 2587 πορεύεσθαι.

432 2622 453 2657 ι
485 2605 547 2657 Εἰ
578 2605 635 2657 δὲ
670 2603 950 2676 Πνεύματι
1003 2604 1225 2673 ἄγεσθε,
1267 2605 1368 2659 οὐκ
1413 2604 1539 2660 ἐστὲ
1599 2605 1703 2658 ὑπὸ
1753 2605 1938 2674 νόμον.

350 2696 570 2767 Φανερὰ
587 2696 647 2755 δέ
681 2699 798 2760 ὲστι
822 2695 891 2765 τὰ
919 2695 1057 2768 ἔργα
1096 2696 1194 2765 τῆς
1229 2695 1456 2767 σαρκὸς,
1481 2693 1641 2759 ἅτινά
1667 2696 1785 2749 ἐστι
1820 2710 1939 2764 μοι’

350 2788 500 2861 χεξα,
534 2787 784 2859 πορνεία,
810 2787 1151 2861 ἀκαθαρσία,
1191 2786 1470 2855 ἀσέλγεια,
1508 2787 1940 2861 είδωλολατρεία,

350 2884 704 2958 φαρμακεία,
770 2883 986 2953 ἔχθραι,
1035 2884 1201 2954 ἕρεις,
1250 2880 1427 2954 ζῆλοι,
1467 2882 1652 2954 θυμοὶ,
1689 2882 1939 2953 ὲριθεῖαι,

348 2978 717 3050 διχοστασίαι,
738 2977 1002 3049 αἱρέσεις,
1036 2976 1246 3047 φθόνοι,
1309 2975 1482 3045 φόνοι,
1528 2974 1711 3045 μέθαι,
1742 2974 1940 3045 κῶμοι,

351 3072 454 3126 καὶ
506 3071 579 3125 τὰ
630 3071 794 3141 ὅμοια
851 3068 1087 3134 τούτοις,
1123 3068 1161 3129 ἃ.
1190 3068 1442 3139 προλέγω
1458 3068 1609 3139 ὑμῖν,
1642 3066 1825 3130 καθὼς
1848 3069 1943 3127 καὶ

350 3167 644 3237 προεῖπον,
673 3165 755 3219 ὅτι
780 3164 829 3225 οἱ
858 3163 1032 3219 ταῦτα
1087 3162 1431 3233 πράσσοντες
1482 3156 1762 3232 βασιλείαν
1805 3159 1942 3213 Θεοῦ
1972 3143 2014 3200 (ἶ

349 3257 421 3311 οὐ
445 3256 977 3328 κληρονομήσουσιν.
1027 3256 1085 3309 '0
1114 3255 1173 3311 δὲ
1219 3255 1430 3325 καρπὸς
1474 3253 1568 3307 τοῦ
1623 3252 1942 3323 Πνεύματός

345 3349 500 3416 ἐστι,
532 3348 744 3419 ἀγάπη,
770 3347 938 3422 χαρὰ,
969 3347 1186 3419 εἰρήνη,
1210 3346 1582 3419 μακροθυμία,
1613 3346 1943 3423 χρηστότης,

347 3439 702 3509 ἁγαθοσύνη,
740 3439 948 3506 πίστις,
1006 3438 1268 3509 πραότης,
1295 3437 1614 3509 ἐγκράτεια.
1646 3435 1808 3492 Κατὰ
1824 3435 1944 3489 ,τῶν

345 3528 620 3583 τοιούτων
644 3529 745 3587 οὐκ
782 3527 898 3587 ἐστι
923 3528 1106 3600 νόμος.
1148 3545 1166 3589 ρ

441 3724 505 3778 '0
535 3724 760 3798 Πνεῦμα
782 3724 924 3801 ἔχων
950 3722 1027 3787 ὡς
1056 3722 1183 3795 χρὴ,
1222 3722 1310 3787 διὰ
1343 3722 1536 3777 τούτου
1568 3723 1819 3789 σϐέννυσι
1848 3739 1947 3785 πο-

345 3818 535 3888 νηρὰν
564 3815 863 3888 ἐπιθυμίαν
886 3817 1127 3872 ἅπασαν.
1165 3817 1226 3893 Ὀ
1260 3816 1317 3870 δὲ
1349 3816 1556 3871 τούτων
1581 3815 1943 3885 ἀπαλλαγεὶς,

343 3911 420 3963 οὐ
451 3910 628 3969 δεῖται
658 3909 759 3979 τῆς
824 3898 934 3963 ἀπὸ
977 3906 1072 3963 τοῦ
1099 3908 1265 3978 νόμου
1302 3907 1578 3979 βοηθείας,
1611 3907 1947 3989 ὑψηλότερος

344 4000 544 4073 πολλῷ
563 4001 662 4070 τῆς
681 4000 894 4055 ἐκείνου
925 3999 1252 4071 εὐαγγελίας
1295 4000 1612 4071 γενόμενος.
1647 4000 1708 4054 '0
1730 3999 1839 4071 γὰρ
1870 4000 1946 4071 μὴ

342 4094 742 4167 6ενΐιδὲόμενοςο
796 4092 916 4163 πῶς
959 4094 1133 4148 δεῖται
1181 4092 1422 4159 ἀκούειν,
1462 4094 1548 4147 Οὐ
1588 4094 1912 4163 φονεύσεις
1925 4108 1945 4161 ;

343 4188 379 4241 ὁ
404 4188 485 4259 μὴ
522 4185 736 4256 βλέπων
778 4184 1103 4254 ἀκολᾲστοις
1130 4182 1451 4255 ὀφθαλμοῖς,
1496 4183 1613 4248 πῶς
1636 4183 1827 4254 χρῄζει
1849 4183 1944 4237 τοῦ

345 4277 711 4343 παιδεύοντος
739 4276 814 4350 μὴ
856 4277 1130 4356 μοιχεύειν
1155 4294 1171 4344 ;
1201 4276 1298 4341 Τίς
1336 4277 1444 4347 γὰρ
1481 4276 1784 4342 διαλέξεται
1813 4276 1945 4348 περὶ

341 4371 451 4426 τοῦ
482 4370 702 4442 καρποῦ
727 4371 829 4441 τῆς
852 4372 1072 4439 κακίας,
1094 4368 1282 4442 τῷτὴν
1309 4369 1466 4441 ῥίζαν
1495 4370 1665 4441 αὐτῆς
1693 4368 1946 4424 ἀνασπά-

347 4475 520 4512 σαντι
542 4477 558 4529 ;

438 4549 608 4621 Ὁρᾷς
633 4550 714 4611 ὅτι
740 4549 801 4605 οὐ
835 4551 933 4625 τήν
966 4550 1147 4623 σάρκα
1196 4553 1361 4623 φησιν
1408 4550 1667 4615 ἐνταῦθα,
1696 4551 1832 4607 ἀλλὰ
1855 4553 1949 4608 τὸν

348 4641 537 4712 γεώδη
577 4641 862 4712 λογισμόν.
894 4643 963 4703 Αἱ
987 4642 1097 4716 γὰρ
1128 4643 1344 4716 ἔχθραι,
1364 4646 1459 4699 καὶ
1487 4645 1539 4706 ei
1559 4644 1730 4716 ζῆλοι,
1763 4646 1867 4725 καὶ.
1887 4647 1947 4701 αῖ

350 4733 624 4804 αἱρέσεις,
662 4735 778 4801 πῶς
809 4736 874 4790 ἂν
904 4732 1015 4794 εἶεν
1046 4738 1288 4808 σαρκόςς

438 4941 458 4975 ι
499 4924 563 4977 Οἱ
595 4922 651 4978 δὲ
674 4924 771 4979 τοῦ
797 4925 1035 4997 Χριστοῦ
1079 4926 1278 4998 Ἰησοῦ,
1334 4928 1433 4999 τὴν
1469 4928 1647 5001 σάρκα
1671 4928 1948 5001 ἐσταύρω-

357 5027 465 5067 σαν
494 5013 593 5068 σὺν
630 5017 744 5078 τοῖς
766 5015 1057 5087 παθήμασι
1086 5018 1182 5082 καὶ
1202 5018 1547 5089 ἐπιθυμίαις.
1588 5039 1608 5071 ι

429 5104 636 5175 Σάρκα
694 5106 855 5161 πάλιν
927 5105 1181 5175 ἐνταῦθα,
1243 5108 1343 5173 τὰς
1404 5109 1649 5181 πονηρᾲς
1719 5108 1948 5181 πράξεις

354 5211 570 5257 καιων.

439 5307 461 5341 ι
490 5287 549 5342 Ei
585 5287 768 5360 ζῶμεν
797 5288 1091 5361 πνεύματι,
1122 5289 1394 5362 πνεύματι
1429 5292 1522 5360 καὶ
1551 5291 1878 5363 στοιχῶμεν.
1923 5309 1941 5341 ι

435 5483 598 5541 Κατὰ
623 5483 753 5546 τοὺς
810 5481 1022 5539 ἐκείνω
1065 5482 1262 5555 νόμους
1300 5483 1732 5555 πολιτευώμεθα.
1775 5484 1947 5539 Τοῦτο

354 5576 470 5647 γάρ
499 5576 615 5629 ἐστι
638 5576 717 5641 τὸ,
749 5574 1102 5646 στοιχῶμεν.
1135 5578 1300 5646 Λέγει
1333 5576 1419 5629 δέ’
1473 5577 1858 5648 Ἀρκεσθῶμεν
1881 5580 1945 5648 τῇ

349 5664 452 5721 τοῦ
481 5662 768 5735 Πνεύματο
822 5664 1072 5736 δυνάμει,
1100 5668 1199 5722 καὶ
1216 5665 1295 5739 μὴ
1325 5666 1675 5740 ὲπιζητῶμεν
1713 5667 1814 5738 τὴν
1837 5668 1945 5740 ἀπὸ

340 5757 452 5828 .993
476 5756 641 5845 νόμον
662 5734 982 5845 προσθήκην
1218 5734 1231 5739 ⁷
1280 5734 1292 5739 ’
1476 5734 1486 5740 ’
1574 5734 1586 5740 ⁷
1770 5734 1780 5738 -
1898 5734 1915 5761 ’

2060 526 2359 596 impletur:
2396 528 2603 599 Diliges
2638 535 2953 600 proximum
2997 544 3151 591 tuum
3196 540 3344 595 sicut
3376 542 3640 613 teipsum.

2059 615 2215 694 Quod
2267 619 2315 673 si
2358 620 2598 676 invicem
2658 623 2928 682 mordetis
2981 636 3037 682 et
3088 631 3408 700 comeditis,
3459 635 3643 693 videte

2058 725 2129 765 ne
2176 711 2246 766 ab
2285 711 2521 768 invicem
2562 718 2988 773 consumamini.
3038 719 3173 776 Dico
3234 733 3425 781 autem
3458 743 3475 786 :
3513 726 3641 798 Spi-

2057 801 2165 855 ritu
2227 803 2528 870 ambulate,
2591 813 2647 859 et
2692 806 2973 862 desideria
3040 813 3224 868 carnis
3276 830 3390 870 non
3475 822 3646 888 perﬁ-

2058 891 2240 957 cietis.
2283 911 2302 951 ι

2127 982 2350 1039 Modum
2407 987 2614 1059 aperit,
2659 1003 2769 1056 quo
2814 988 2968 1045 facili
3002 995 3228 1062 negotio
3267 999 3633 1069 evangelicam

2053 1074 2230 1143 legem
2273 1077 2578 1155 impleant;
2609 1080 2838 1150 insuper
2872 1091 2927 1137 et
2958 1100 3065 1153 qua
3103 1086 3172 1141 de
3199 1102 3367 1145 causa
3394 1091 3636 1147 circum-

2053 1167 2193 1222 cisio
2244 1169 2389 1239 apud
2440 1170 2596 1241 ipsos
2644 1172 2860 1229 invecta
2919 1182 3094 1231 esset.
3151 1176 3288 1233 Nam
3320 1181 3472 1249 quia,
3502 1182 3632 1237 dum

2053 1261 2198 1316 alter
2244 1262 2405 1317 alteri
2463 1265 2637 1321 vultis
2681 1265 2980 1337 dominari,
3027 1268 3189 1329 divisi
3223 1271 3383 1336 estis,
3431 1275 3632 1347 inquit,

2051 1355 2212 1415 vobis
2256 1355 2493 1412 invicem
2546 1358 2772 1423 servits.
2829 1360 2927 1425 Sic
2960 1361 3108 1417 enim
3132 1362 3210 1423 ,in
3245 1380 3416 1419 unum
3453 1367 3635 1422 denuo

2049 1450 2507 1522 compingemini.
2560 1451 2674 1515 Hoc
2720 1468 2849 1519 vero
2892 1454 3276 1525 subobscuris,
3336 1475 3445 1513 non
3509 1473 3636 1531 per:

2049 1542 2261 1612 Spicuis
2286 1543 2472 1603 verbis
2500 1545 2786 1601 edisserit.

2118 1630 2284 1687 Vsus.
2334 1633 2420 1688 l7.
2481 1652 2500 1694 ι
2556 1634 2698 1689 Caro
2752 1638 2900 1705 enim
2950 1641 3308 1710 concupiscit
3364 1639 3651 1711 adversus

2049 1723 2336 1793 spiritum:
2379 1726 2612 1795 spiritus
2655 1737 2837 1784 autem
2891 1731 3160 1786 adversus
3210 1746 3463 1787 carnem.
3501 1732 3629 1788 llaec

2051 1826 2237 1870 autem
2275 1816 2380 1872 sibi
2413 1818 2649 1873 invicem
2699 1821 3101 1892 adversantur;
3139 1833 3195 1879 ut
3228 1840 3333 1888 non
3366 1840 3633 1895 quaecun:

2050 1921 2157 1975 que
2193 1906 2380 1975 vultis,
2414 1908 2508 1961 illa
2544 1908 2782 1966 faciatis.
2818 1931 2835 1968 ι

2123 1995 2351 2051 Carnem
2418 1999 2578 2063 dicit,
2644 2004 2983 2061 voluntatem
3063 2008 3307 2062 malam:
3371 2009 3628 2079 spiritum

2053 2099 2261 2159 autem,
2286 2091 2626 2148 voluntatem
2680 2095 2904 2161 bonam,
2959 2114 3080 2169 quae
3117 2114 3341 2158 sursum
3383 2101 3464 2156 ire
3490 2118 3630 2157 con-

2053 2180 2262 2236 tendat.

2126 2271 2332 2335 Yitium
2403 2277 2627 2347 quidem
2684 2280 2875 2335 virtuti
2923 2282 3285 2343 adversatur:
3329 2283 3506 2338 virtus
3538 2299 3632 2341 νετ

2050 2379 2113 2418 ro
2157 2379 2381 2420 rursum
2444 2367 2772 2431 adversatur
2815 2371 2970 2434 vitio,
3027 2379 3083 2433 et
3135 2372 3420 2449 Cujusdam
3452 2374 3633 2444 paula-.-

2048 2458 2172 2527 εί)ςί
2208 2457 2358 2513 vices
2401 2462 2752 2530 exsequitur,
2792 2477 2904 2529 non
2954 2479 3058 2525 nos
3089 2466 3285 2527 sinens
3330 2466 3633 2540 secundum

2050 2547 2384 2617 cupiditates
2411 2552 2590 2608 malas
2627 2552 2904 2609 incedere.
3242 2574 3249 2577 '

2126 2634 2295 2704 sts.
2350 2638 2538 2695 18-23.
2588 2660 2607 2692 ι
2642 2640 2800 2708 Quod
2848 2643 2893 2697 si
2926 2641 3133 2725 Spiritu
3186 2645 3282 2708 Dei
3340 2648 3632 2725 ducimini,

2049 2748 2158 2787 non
2189 2734 2326 2789 estis
2374 2735 2478 2793 sub
2521 2736 2659 2807 lege.
2696 2720 2986 2793 ManifeSta
3038 2748 3225 2797 autem
3281 2751 3410 2798 sunt
3457 2720 3633 2815 opera

2049 2827 2236 2882 carnis
2265 2846 2279 2881 :
2313 2844 2436 2899 quae
2468 2837 2599 2884 sunt
2624 2830 2987 2899 adulterium,
3022 2831 3344 2898 l‘urnicatio,
3392 2836 3634 2908 immuni-,-

2051 2919 2210 2981 ditia,
2268 2921 2635 2992 impudicitia,
2667 2924 2942 2990 idolorum
3012 2927 3282 2995 servitus,
3341 2927 3632 3003 veneﬁcia,

2052 3010 2381 3080 inimicitiae,
2414 3017 2831 3084 contentiones,
2883 3019 3289 3085 aemulationes,
3322 3019 3442 3085 irae,
3475 3020 3632 3089 rixa,

2053 3108 2456 3173 dissensiones,
2510 3118 2697 3175 sectae,
2737 3111 2982 3179 invidias,
3040 3113 3360 3178 homicidia,
3391 3113 3635 3169 ebrieta-

2051 3198 2155 3275 tes,
2193 3203 2657 3266 comessationes,
2691 3212 2746 3258 et
2791 3203 2877 3259 bis
2929 3205 3165 3275 similia;
3219 3221 3343 3277 quae
3392 3206 3637 3276 praedico

2051 3291 2229 3359 vobis,
2284 3293 2430 3348 sicut
2476 3294 2736 3365 praedixi,
2795 3297 3059 3366 quoniam
3122 3297 3215 3367 qui
3270 3298 3401 3352 talia
3443 3308 3632 3377 agunt,

2049 3397 2278 3453 regnum
2342 3381 2442 3439 Dei
2494 3399 2602 3439 non
2654 3395 3091 3457 consequentur.
3149 3386 3389 3444 Fructus
3446 3398 3634 3461 autem

2051 3472 2297 3543 Spiritus
2347 3485 2436 3530 est
2475 3476 2761 3540 cliaritas,
2820 3476 2981 3558 174
3031 3477 3317 3549 gaudium,
3366 3496 3494 3550 pax,
3534 3495 3635 3552 pa-

2049 3565 2266 3629 tientia,
2319 3566 2653 3638 benignitas,
2712 3569 2955 3635 bonitas,
3012 3571 3175 3636 ﬁdes,
3234 3573 3629 3642 mansuetudo,

2050 3656 2418 3735 continentia.
2456 3657 2737 3720 Adversus
2763 3659 3042 3728 ejusmodi
3082 3674 3193 3715 non
3220 3671 3305 3716 est
3337 3661 3446 3716 lex.
3486 3680 3506 3713 ι

2123 3747 2228 3815 Qui
2272 3747 2546 3820 Spiritum
2602 3751 2793 3815 habet,
2844 3752 2992 3811 sicut
3051 3761 3295 3824 oportet,
3350 3753 3476 3823 ejus
3527 3767 3635 3826 Ope

2051 3855 2278 3912 pravam
2331 3854 2552 3904 omnem
2604 3843 2967 3913 cupiditatem
3004 3828 3330 3917 exstinguit.
3358 3845 3466 3912 Qui
3502 3861 3635 3915 vero

2051 3932 2122 3986 ab
2168 3931 2255 3987 his
2294 3942 2586 4003 exemptus
2643 3942 2753 4001 est,
2804 3934 3015 3989 auxilio
3065 3936 3201 4006 legis
3246 3952 3357 3991 non
3399 3936 3631 4007 indiget,

2050 4032 2110 4078 ut
2138 4024 2229 4093 qui
2258 4021 2549 4095 praeceptis
2579 4024 2703 4095 ejus
2736 4027 2903 4083 altior
2935 4027 3193 4087 evaserit.
3223 4027 3359 4081 Nam
3402 4029 3496 4097 qui
3520 4040 3633 4083 non

2049 4115 2336 4178 irascitur,
2366 4117 2499 4185 quid
2530 4117 2643 4186 jam
2682 4131 2825 4188 Opus
2855 4118 3022 4174 habet
3054 4129 3111 4173 ut
3143 4119 3353 4183 audiat,
3396 4121 3516 4174 Non
3541 4103 3667 4173 θεέ

2049 4208 2236 4264 εἰάθεῖ
2285 4208 2381 4279 qui
2437 4224 2549 4264 non
2606 4210 2861 4266 intuetur
2909 4210 3208 4281 impudicis
3260 4210 3464 4278 oculis,
3494 4212 3633 4282 quid

2049 4314 2190 4371 opus
2214 4310 2302 4357 est
2334 4311 2394 4361 ut
2421 4302 2713 4365 doceatur,
2761 4316 2872 4367 non
2910 4315 3036 4357 esse
3066 4301 3497 4366 meachandum?
3527 4300 3634 4357 Εοο-

2050 4392 2176 4462 quis
2208 4393 2355 4447 enim
2412 4391 2481 4447 de
2529 4391 2717 4447 fructu
2771 4391 2995 4455 malitiae
3030 4403 3342 4446 sermonem
3367 4391 3434 4446 ad
3472 4391 3631 4476 illum

1978 4479 2023 4536 D
2052 4481 2273 4548 habeat,
2304 4483 2398 4553 qui
2439 4483 2681 4539 radicem
2717 4481 2841 4552 ejus
2867 4482 2981 4551 jam
3010 4482 3213 4538 evulsit
3241 4482 3266 4534 ?

2128 4573 2295 4630 Vides
2327 4588 2453 4630 eum
2484 4575 2612 4630 istic
2640 4590 2749 4630 non
2784 4574 2934 4645 loqui
2969 4575 3036 4630 de
3065 4588 3258 4637 carne,
3293 4572 3387 4629 sed
3424 4573 3491 4629 de
3518 4581 3631 4629 ter-

2050 4680 2183 4721 rena
2226 4667 2586 4738 cogitatione.
2619 4664 2755 4721 Nam
2780 4665 3105 4733 inimicitiae,
3138 4673 3193 4719 et
3223 4665 3628 4731 contentiones,

2050 4769 2105 4813 et
2140 4766 2324 4823 sectze,
2378 4758 2461 4812 vel
2508 4758 2773 4823 haereses,
2821 4773 3064 4828 quonam
3105 4756 3268 4812 modo
3306 4757 3372 4812 ad
3406 4770 3630 4814 carnem

2051 4851 2468 4920 spectaverint?
3318 4862 3324 4869 ‘

2128 4939 2291 4997 Vens.
2327 4942 2421 4998 24.
2489 4960 2508 4994 ‹
2556 4940 2661 5009 Qui
2696 4949 2880 4997 autem
2944 4951 3076 4997 sunt
3118 4939 3352 5004 Christi,
3409 4954 3632 4997 carnem

2051 5046 2208 5094 suam
2230 5033 2632 5099 cruciﬁxerunt
2662 5048 2787 5088 cum
2812 5033 2965 5089 vitiis
2997 5042 3052 5088 et
3086 5032 3578 5103 concupiscentiis.
3606 5034 3634 5083 ὁ

2124 5122 2354 5178 Carnem
2401 5124 2490 5180 hic
2525 5137 2750 5181 rursum
2788 5125 3030 5195 appellat
3070 5136 3433 5194 quascunque
3461 5121 3637 5176 malas

2052 5215 2320 5285 actiones,

2126 5304 2296 5372 Vsus.
2327 5307 2419 5362 ΩΒ.
2454 5325 2473 5361 ι
2539 5305 2598 5364 Si
2636 5307 2838 5379 spiritu
2890 5309 3151 5375 vivimus,
3199 5307 3395 5379 spiritu
3431 5315 3487 5364 et
3517 5320 3637 5363 atu-

2053 5399 2332 5454 lmlemus.
2374 5419 2394 5449 ι
3716 5400 3720 5403 ’

2129 5487 2451 5542 Secundum
2509 5489 2733 5561 regulas
2796 5488 2949 5543 illius
3022 5488 3189 5545 vitam
3256 5487 3634 5543 instituamus.

2052 5576 2188 5631 Nam
2231 5579 2338 5633 hoc
2385 5578 2666 5649 signiﬁcat
2707 5578 2958 5640 verbum,
3003 5579 3360 5634 ambulemus.
3416 5575 3508 5631 Ait
3535 5591 3639 5632 au-

2054 5680 2161 5725 tem
2194 5688 2209 5723 :
2250 5670 2492 5740 Spiritus
2522 5671 2730 5726 virtute
2767 5672 3010 5726 contenti
3058 5671 3258 5737 simus,
3285 5683 3389 5724 nec
3418 5681 3641 5738 quaera-

2055 5775 2180 5815 mus
2210 5758 2438 5832 insuper
2464 5761 2917 5819 additamentum
2942 5770 2996 5818 et
3021 5760 3382 5841 appendicem
3410 5773 3479 5815 ex
3511 5757 3646 5842 lege.

2050 5853 2314 5912 mutuari.
