3970 6396
435 272 567 367 315"
1601 296 1661 355 s.
1701 294 2003 357 JOANNIS

2139 301 2488 367 lMASCENI
3604 324 3707 393 ,ηδ

503 406 675 464 Vsus.
703 402 796 461 26.
837 424 855 457 ι
890 403 968 460 Νο
992 401 1291 458 efﬁciamur
1320 400 1505 457 inanis
1529 402 1718 472 gloriae
1744 404 1951 474 cupidi,
1979 424 1997 455 ι
2036 414 2071 466 Α

1457 402 1505 457 is
1529 402 1718 472 gloriae
1744 404 1951 474 cupidi,
1979 424 1997 455 ι
2036 414 2078 466 Α
2184 427 2204 460 ι
2236 411 2328 482 Μὴ
2358 412 2640 485 γινώμεθα
2668 418 2956 487 κενόδοξοι.
3001 442 3018 474 ι

501 498 774 561 Declarat,
812 510 910 550 cos
959 492 1053 564 qui
1107 493 1591 549 circumcisionem
1648 492 2007 558 inducebant,

2185 500 2461 558 Δείκνυσιν
2494 506 2733 574 ἐκείνους
2753 514 2879 576 τοὺς
2903 514 3224 584 εἰσάγοντας
3247 518 3345 587 τὴν
3372 526 3700 597 περιτομὴυι

430 589 679 660 appetitu
705 587 899 658 gloriae
928 585 984 641 id
1008 583 1219 641 facere.

2111 588 2200 643 διὰ
2234 591 2540 660 φιλοδοξίαν
2560 597 2716 652 τοῦτο
2742 602 3048 668 ποιοῦντας.

504 698 523 730 ι
554 678 792 732 Invicem
831 685 1224 747 provocantes,
1262 693 1281 725 ι

2188 702 2206 733 ι
2267 684 2553 756 Ἀλλήλους
2583 693 3045 765 προκαλούμενοι.
3087 717 3103 747 ι

494 771 572 824 Ad
605 769 992 824 contentiones
1028 767 1319 831 nimirum,
1355 775 1409 820 et
1452 767 1624 821 rixas.

2183 776 2278 839 Είς
2304 778 2638 845 φιλονεικίας
2660 783 2901 856 δηλονότι
2933 790 3027 843 καὶ
3059 791 3223 861 ἕρεις.

500 880 518 911 ι
556 859 794 915 Invicem
826 859 1157 914 invidentes.
1192 877 1209 909 ι

2184 884 2202 915 ‹
2252 866 2531 939 Ἀλλήλοις
2560 873 2904 941 φθονοῦντες.
2948 898 2966 931 ι

486 952 790 1009 Enimvero
829 967 894 1008 ex
938 953 1090 1007 inani
1125 952 1304 1022 gloria
1350 950 1628 1005 aeriiulatio
1657 950 1930 1006 nascitur.

1657 950 1930 1006 nascitur.
2190 957 2324 1011 Ἀπὸ
2350 959 2460 1031 γὰρ
2487 963 2588 1033 τῆς
2614 967 2926 1034 κενοδοξίας
2954 973 2983 1025 ὁ
3009 973 3223 1042 φθόνος.

1069 1083 1222 1139 CAP.
1262 1082 1349 1137 Vl.

2693 1100 2949 1159 ΚΕΦΑΛ.
2984 1107 3076 1172 εῖν.

491 1203 659 1260 Vsus.
694 1202 744 1257 Ι.
776 1220 793 1253 ι
831 1198 1078 1262 Fratres,
1111 1198 1156 1253 si
1186 1203 1613 1266 praeoccupatus
1640 1194 1805 1250 fuerit
1837 1193 2001 1249 homo

2180 1223 2199 1255 ι
2254 1205 2521 1276 Ἀδελφοί,
2574 1210 2673 1265 ἐὰν
2725 1215 2819 1267 καὶ
2846 1220 3132 1292 προληφθῇ
3181 1222 3469 1297 ἄνθρωπος
3495 1228 3554 1283 ἔν
3581 1249 3687 1289 τινι

420 1295 475 1349 in
506 1294 692 1363 aliquo
724 1290 949 1347 delicto.
979 1308 997 1339 ι

2101 1297 2534 1369 παραπτώματι.
2572 1321 2591 1354 ι

490 1384 608 1440 Non
635 1383 797 1448 dixit,
849 1381 897 1436 si
929 1380 1352 1451 perpetraverit,
1395 1377 1513 1443 sed,
1574 1378 1623 1431 si
1648 1392 1995 1446 prwoccupa~

2170 1386 2285 1481 Οθκ
2327 1383 2506 1453 εἶπεν,
2567 1390 2666 1445 ἐὰν
2735 1394 2941 1468 πράξῃ,
3011 1397 3127 1453 ἀλλ’
3177 1402 3287 1457 ἐὰν
3335 1412 3682 1481 πωληφθῇ.

420 1488 501 1531 tua
541 1476 736 1539 fuerit;
779 1474 883 1528 hoc
910 1482 1013 1537 est,
1048 1472 1094 1526 si
1131 1470 1416 1541 abreptus.
1447 1467 1586 1522 Vide
1614 1475 1796 1524 autem
1829 1481 1988 1537 quam

2119 1479 2398 1571 τουτέστιν,
2426 1483 2523 1535 ἐὰν
2550 1467 2901 1560 συναρπαγῇ.
2932 1489 3075 1562 Ὅρα
3111 1493 3169 1547 δὲ
3212 1497 3330 1561 πῶς
3362 1467 3577 1571 εὐφυές

416 1570 665 1641 apposite
713 1568 837 1622 illos
889 1578 1111 1635 quoque
1159 1563 1255 1634 qui
1311 1560 1794 1625 circumcisionem
1844 1572 1984 1629 prae-

2117 1570 2311 1662 ιείνους
2337 1571 2466 1636 τοὺς
2498 1576 2880 1647 κηρύσσοντας
2909 1560 3215 1657 περιτομὴν
3246 1560 3329 1653 είς
3373 1560 3473 1662 τὴν
3497 1560 3685 1649 πίστιν

414 1661 690 1725 dicarent,
712 1657 780 1712 ad
835 1655 998 1710 ﬁdem
1059 1652 1306 1719 adducit,
1365 1651 1497 1707 dum
1564 1651 1646 1705 ait
1699 1656 1982 1721 peccatum

2128 1661 2325 1729 ίσάγει,
2353 1663 2413 1717 ὲν
2435 1666 2704 1737 προλήψει
2733 1669 2827 1723 καὶ
2855 1651 3181 1749 συναρπανῇ
3212 1651 3389 1747 λέγων
3408 1651 3589 1738 αὐτῶν
3620 1687 3685 1738 τὺ

411 1751 660 1820 ipsorum
707 1744 1184 1819 praeoccupatione
1215 1751 1269 1799 et
1318 1743 1647 1813 abreptione
1684 1741 1979 1797 admissum

2113 1754 2423 1828 ιμάρτημα,
2450 1761 2548 1815 καὶ
2589 1763 2717 1827 τοὺς
2760 1764 2955 1830 ἄλλους
3206 1741 3295 1841 μὴ.
3312 1772 3681 1828 συνάπτεσθαι

409 1842 581 1899 fuisse
610 1862 623 1896 :
660 1848 904 1896 attamen
946 1838 1089 1895 alios
1120 1838 1403 1901 hortatur,
1447 1851 1514 1889 ne
1547 1834 1628 1889 cis
1659 1833 1977 1904 iungantur.

2113 1845 2295 1910 ιύτοίς.
2333 1848 2459 1913 Πῶς
2494 1851 2602 1924 γὰρ
2634 1856 3051 1927 συναπαχθεῖεν,
3082 1860 3134 1912 οἱ
3329 1861 3681 1933 διορθοῦσθαι

408 1936 527 2004 Qua
564 1936 708 1991 enim
744 1934 963 1991 ratione
993 1946 1099 1989 una
1123 1931 1477 1988 abducantur
1503 1943 1628 1983 cum
1675 1927 1791 1983 illis
1851 1941 1976 1998 quos

1191 1931 1477 1986 ducantur
1503 1943 1628 1983 cum
1675 1927 1791 1983 illis
1851 1941 1991 1998 quos
2091 1937 2336 2004 ἐκείνους
2365 1941 2759 2014 κελευόμενοι;

402 2029 673 2100 jubentur
706 2026 1049 2084 emendare?

484 2134 505 2169 ι
536 2114 650 2173 Vos
681 2117 774 2187 qui
807 2117 1129 2186 spirituales
1156 2122 1313 2179 estis,
1352 2107 1628 2181 ejusmodi
1659 2107 1941 2165 instruite.
1965 2124 1984 2158 ι

2165 2134 2184 2167 ι
2252 2115 2443 2187 Ὑμεῖς
2479 2122 2528 2171 οἱ
2585 2125 2983 2193 πνευματικοὶ,
3039 2127 3396 2200 καταρτίζετε
3423 2132 3514 2187 τὸν
3557 2151 3675 2190 τοι·

2088 2224 2267 2263 ουτον.
2313 2228 2332 2261 ι

398 2274 403 2279 ⁸
468 2297 593 2354 Νοη
625 2297 784 2363 dixit,
816 2311 1007 2366 poenas
1040 2293 1293 2366 inﬂigite,
1330 2306 1431 2348 nec
1460 2292 1850 2354 condemnato,
1889 2304 1966 2345 ser

2158 2302 2274 2355 Οὐκ
2311 2298 2485 2371 εἶπεν,
2528 2305 2783 2372 κολάζετε
2811 2350 2829 2375 ,
2877 2308 2999 2365 οὐδὲ
3057 2311 3448 2377 καταδικάζετε
3473 2355 3488 2381 ,
3533 2316 3675 2373 ἀλλὰ

404 2390 688 2461 corrigite.

2083 2391 2382 2463 διορθοῦτε.

470 2499 490 2533 ι
525 2478 584 2536 1η
617 2479 812 2553 spiritu
843 2478 1109 2535 lenitatis.
1144 2495 1163 2529 ι

2159 2501 2179 2535 ‹
2227 2484 2317 2539 Ἐν
2340 2486 2616 2557 πνεύματι
2645 2491 2976 2563 πραότητος.
3013 2513 3031 2545 ι

471 2569 760 2643 Ejusmodi
810 2571 987 2641 legem
1036 2566 1350 2642 prmscrihit
1383 2565 1737 2630 doctoribus,
1766 2573 1827 2618 ut
1856 2579 1982 2618 cum

2154 2574 2410 2631 Τοιοῦτον
2429 2580 2595 2651 νόμον
2626 2585 2739 2647 τοῖς
2757 2584 3101 2652 διδασκάλοις
3134 2591 3456 2663 εἰσφέρειτὺ
3485 2596 3671 2653 πάντα

398 2661 828 2718 mansuetudine
863 2667 1063 2717 cuncta
1090 2659 1519 2731 proloquantur.
1554 2657 1821 2728 Apprime
1850 2669 1966 2711 verr

2102 2667 2225 2720 ,ιετὰ
2266 2671 2581 2742 πραΰτητος
2626 2673 2829 2743 λέγειν.
2879 2673 2953 2732 Εὖ
3007 2678 3096 2746 δὲ,
3155 2657 3245 2734 τὸή
3395 2686 3559 2756 μόνον
3606 2689 3670 2744 ὲν

398 2767 505 2808 non
536 2750 678 2807 dixit
710 2752 909 2819 solum,
947 2752 1006 2807 in
1036 2751 1289 2817 lenitate,
1323 2752 1443 2817 sed,
1478 2749 1531 2804 in
1558 2748 1751 2817 spiritu
1788 2746 1966 2800 lenita-

2093 2758 2380 2828 πραΰτητι,
2429 2761 2586 2828 ἀλλὰ,
2623 2763 2696 2817 ἐν
2719 2768 3014 2837 πνεύματι
3064 2746 3408 2843 πραΰτητος
3433 2780 3611 2833 εἰπεῖν
3644 2797 3661 2812 ·

396 2847 463 2899 lis
490 2860 509 2899 :
532 2853 592 2899 ut
638 2844 975 2914 signiﬁcaret
998 2882 1014 2911 ,
1049 2843 1164 2897 haec
1196 2855 1420 2912 quoque
1471 2839 1704 2910 Spiritui
1736 2837 1964 2909 placere,

2101 2848 2171 2939 ’να
2217 2849 2386 2922 δείξῃ,
2430 2854 2513 2908 ὅτι
2557 2856 2653 2910 καὶ
2710 2858 2789 2930 τῷ
2833 2837 3117 2933 Πνεῦματι
3162 2837 3306 2920 αὑτά
3352 2837 3521 2939 δοκεῖ,
3565 2874 3669 2927 καὶ

394 2938 598 3007 quippe
625 2950 750 2991 cum
787 2944 842 2991 et
875 2932 1228 2990 convenienti
1272 2933 1491 2988 ratione
1522 2931 1832 3001 corrigere,
1863 2928 1962 2999 spi-

2097 2938 2141 2991 τὸ
2199 2943 2318 3011 μετ’
2368 2944 2671 3012 ἐπιεικείας
2729 2928 3095 3021 διορθοῦσθαι,
3146 2928 3665 3031 χαρίσματόςλστι

391 3027 615 3083 ritualis
649 3027 723 3083 sit
749 3025 903 3082 doni.

2081 3035 2475 3103 πνευματικοῦ.
2868 3082 2874 3087 .

392 3106 397 3109 Χ
471 3138 492 3172 ι
526 3118 899 3174 Considerans
928 3118 1193 3189 teipsum,
1225 3132 1295 3172 ne
1318 3123 1372 3172 et
1402 3123 1459 3169 tu
1490 3113 1744 3171 tenteris.
1775 3133 1794 3165 ι

1731 3154 1744 3169 .
1775 3133 1794 3165 ι
1887 3205 1901 3213 -
2000 3130 2043 3188 ε
2149 3142 2170 3174 ι
2204 3126 2428 3203 Σκοπῶν
2448 3130 2658 3199 ἑαυτὸν,
2705 3134 2779 3206 μὴ
2810 3138 2874 3191 σὺ
2908 3140 3238 3213 πειρασθῇς.
3276 3162 3295 3196 ι

462 3211 655 3268 Tacite
699 3210 1018 3282 comprimit
1062 3225 1260 3266 eorum
1309 3207 1686 3278 arrogantiam
1719 3221 1828 3276 qua
1871 3205 1970 3261 do-

2090 3305 2099 3310 ;
2149 3216 2471 3310 AEX_7]O5‘CO)C
2522 3205 2782 3296 καθαιρεῖ
2834 3228 2895 3282 τὸ
2944 3205 3222 3303 φρόνημα,
3256 3235 3318 3288 τὸ
3356 3237 3420 3290 ὲκ
3443 3238 3544 3310 τῆς
3574 3240 3658 3295 δι-

388 3304 585 3360 οιῐίιιιε
617 3304 843 3359 nomine
875 3301 1348 3358 intumescebant.
1385 3300 1602 3356 Etenim
1640 3315 1710 3355 ne
1741 3305 1956 3369 propter

2091 3306 2377 3373 Βασκαλίας
2431 3314 2739 3385 γινόμενον.
2806 3319 2922 3373 Ἵνα
2991 3300 3229 3397 λγὰρμμὴ
3295 3327 3364 3381 δι’
3413 3300 3546 3384 αὐτδ
3594 3332 3659 3386 τὸ

374 3398 623 3453 docendi
670 3396 908 3453 cilicium
952 3396 1273 3462 efferamur,
1329 3410 1433 3451 nos
1465 3395 1517 3448 in
1553 3394 1755 3448 timore
1782 3401 1838 3448 et
1872 3406 1941 3445 an

2090 3400 2346 3457 ῑιδάσκειν
2368 3404 2732 3479 ὲπαιρώμεθα
2774 3410 2869 3465 καὶ
2898 3412 3084 3483 ἡμεῖς,
3112 3394 3170 3469 ὲν
3203 3394 3354 3490 esse»
3386 3421 3481 3473 καὶ
3507 3421 3658 3490 ἀγω-

384 3491 591 3547 xietate
615 3492 930 3547 constituit.

2073 3492 2162 3565 via
2187 3494 2536 3567 καθίστησιν.
2857 3534 2863 3541 ι

459 3583 618 3655 175
656 3582 818 3639 Vens.
844 3584 900 3637 2.
940 3601 958 3635 ι
998 3584 1150 3637 Alter
1192 3582 1424 3638 alterius
1460 3594 1632 3635 onera
1674 3586 1909 3649 portate.
1943 3595 1962 3628 ι

1602 3594 1632 3634 a
1674 3586 1909 3649 portate.
1943 3595 1962 3628 ι
2147 3601 2167 3635 ι
2221 3586 2489 3658 Ἀλλήλων
2517 3590 2587 3644 τὰ
2608 3591 2750 3663 βάρη
2791 3592 3111 3663 βαστάζετε.
3153 3617 3169 3650 ι

455 3675 592 3732 Nam
624 3678 774 3746 gquia
825 3675 944 3731 ﬁeri
997 3690 1108 3731 non
1157 3684 1361 3745 potest,
1406 3681 1466 3728 ut
1512 3672 1770 3743 quisquis
1800 3670 1967 3724 homo

2107 3667 2360 3748 ’,Ἐπειδὴ
2398 3679 2508 3750 γὰρ
2536 3680 2638 3735 οὐκ
2667 3682 2815 3738 ἐστιν
2843 3685 3131 3758 ἄνθρωπον
3151 3689 3282 3744 ὄντα
3302 3692 3471 3761 χωρὶς
3494 3692 3654 3749 ἐλατ-

381 3777 488 3835 est,
554 3768 820 3824 immunis
852 3784 882 3822 a
920 3767 1119 3823 mendo
1171 3777 1229 3824 et
1281 3767 1405 3822 labe
1440 3767 1550 3834 sit;
1605 3766 1866 3820 admonet
1899 3778 1949 3818 nt

2084 3766 2319 3835 ιὼματος
2354 3764 2531 3822 εῐναιο
2567 3775 2825 3844 παραινεῖ
2869 3775 2945 3846 μὴ
2975 3776 3244 3847 ξάκριὸεῑς
3280 3775 3421 3834 εῖναι
3463 3782 3652 3848 ἐξετα-

383 3860 547 3931 ri'gidi
584 3874 845 3916 censores
888 3860 1001 3915 sint
1028 3858 1360 3914 delictorum
1396 3859 1720 3914 alienorum.

1612 3874 1720 3913 um.
2026 3861 2052 3869 ’“
2068 3861 2201 3922 στὰς
2225 3857 2335 3913 τῶν
2360 3860 2571 3933 ἑτέροις
2598 3865 3176 3940 πεπλημμελημένων.

465 3970 485 4004 ι
523 3951 587 4006 Ει
645 3952 728 4009 sic
776 3952 1090 4023 .adiinplete
1145 3952 1319 4023 legem
1373 3951 1604 4007 Christi.
1661 3948 1961 4024 [Vens.'5.]

2142 3969 2162 4001 ι
2202 3951 2313 4005 Καὶ
2350 3952 2523 4019 οὕτως
2571 3956 3007 4030 ἀναπληρώσατε
3055 3961 3145 4016 τὸν
3179 3963 3344 4035 νόμον
3388 3966 3482 4021 τοῦ
3511 3969 3650 4039 Χρι-

378 4043 516 4100 Nam
548 4046 603 4099 si.
621 4044 748 4115 quis
791 4045 1079 4100 existimat
1122 4059 1181 4101 se
1223 4043 1431 4114 aliquid
1475 4058 1622 4110 esse,
1668 4058 1794 4098 cum
1822 4042 1946 4097 nihi

2083 4041 2214 4096 ςτοῦ.
2263 4043 2328 4097 Εἰ
2369 4044 2478 4117 γὰρ
2513 4045 2662 4101 δοκεῖ
2708 4067 2792 4114 τις
2841 4046 2980 4107 εἶναί
3008 4070 3081 4119 τι,
3113 4054 3281 4125 μηδὲν
3311 4053 3408 4122 ὢν,
3453 4058 3651 4114 ἑαυτὸν

377 4135 474 4200 sit,
502 4135 626 4205 ipse
666 4150 725 4191 se
760 4134 1000 4191 seducit.
1033 4155 1051 4187 ι

898 4135 1000 4190 cit.
1033 4155 1051 4187 ι
2063 4139 2410 4208 φρεναπατᾷ.
2447 4158 2466 4190 ι

442 4227 568 4294 .Qua
601 4242 799 4300 nempe
827 4228 969 4284 alios
999 4228 1269 4284 toleratis.
1317 4226 1567 4297 Exempli
1596 4233 1810 4296 gratia:
1853 4225 1962 4282 iste

2133 4227 2213 4281 At’
2243 4227 2303 4282 ὃν
2333 4229 2598 4302 ἀλλήλους
2629 4232 2848 4306 φέρετε.
2882 4230 3029 4303 Οἷον,
3059 4237 3119 4290 '0
3143 4236 3295 4293 δεῖνά
3320 4239 3468 4293 ἐστιν
3496 4241 3649 4313 ὀργί-

376 4321 677 4377 iracuudus
706 4328 813 4385 est,
856 4328 909 4376 tu
957 4335 1095 4377 vero
1128 4319 1552 4377 somnolentus?
1585 4318 1751 4389 hujus
1787 4320 1944 4388 impe

2077 4331 2174 4384 tog,
2209 4320 2273 4374 σὺ
2297 4319 2355 4373 δὲ
2390 4321 2628 4394 ὑπνηλός
2650 4341 2665 4391 ;
2690 4326 2825 4397 φέρε
2859 4326 3027 4380 αὑτοῦ
3058 4328 3157 4399 τὴν
3175 4329 3353 4401 ὁρμὴν
3382 4330 3483 4401 τὴν
3511 4348 3645 4400 σφο-

375 4421 491 4469 tum
520 4414 714 4481 tolera,
746 4422 809 4469 ut
859 4413 906 4470 is
954 4412 1202 4470 vicissim
1249 4419 1402 4467 tuam
1438 4411 1728 4483 segnitiem
1773 4411 1943 4464 ferat:

2075 4409 2213 4481 ipav,
2239 4411 2325 4465 ἴνα
2350 4413 2446 4467 καὶ
2470 4415 2631 4480 αὐτός
2659 4433 2754 4470 σου
2778 4418 2876 4490 τὴν
2903 4418 3132 4473 νωθείαν
3156 4436 3170 4451 °
3210 4419 3307 4474 καὶ
3328 4419 3503 4486 οὕτως
3520 4421 3643 4477 οὔτε

375 4506 591 4575 hocque
623 4504 789 4561 modo
823 4504 937 4571 ﬁet,
989 4514 1051 4560 ut
1082 4519 1264 4576 neque
1306 4505 1397 4560 hic
1448 4466 1661 4575 peccet,
1691 4503 1823 4557 dum
1855 4501 1943 4557 abs

2074 4466 2264 4566 ἱκείνος
2314 4466 2696 4577 ἁμαρτήσεται
2751 4466 2856 4563 ὑπδ
2913 4508 3007 4563 σοῦ
3035 4466 3642 4584 βασταζόμενος,ὀῦτε

372 4605 427 4651 te
454 4596 750 4661 toleratur,
800 4608 904 4651 nec
951 4601 1010 4648 tu
1058 4592 1323 4649 delictum
1362 4592 1648 4657 admittas,
1687 4589 1818 4645 dum
1855 4606 1940 4660 ρι’(

2073 4593 2125 4646 τὺ
2150 4594 2567 4667 πλημμελήσεις
2597 4599 2655 4652 ὲν
2674 4592 2758 4662 οἷς
2782 4594 2834 4653 εἴ
2855 4599 3048 4672 βαρὺς,
3076 4602 3404 4673 ἀνεχομένου
3433 4620 3526 4658 σου
3548 4603 3641 4658 τοῦ

368 4685 442 4742 iis
491 4684 548 4741 in
591 4685 806 4765 quibus
832 4683 1020 4756 gravis
1069 4684 1449 4753 molestusque
1479 4696 1559 4746 es,
1590 4682 1887 4738 sustineris
1923 4698 1954 4737 a
2055 4684 2305 4755 ἀδελφοῦ.

369 4775 546 4835 fratre
579 4785 698 4832 tuo.

440 4865 609 4924 Vasa.
640 4868 695 4921 4.
735 4884 756 4919 ι
789 4866 940 4938 Opus
984 4874 1169 4924 autem
1220 4881 1381 4922 suum
1420 4864 1616 4936 probet
1645 4868 1953 4938 unusquis-

1925 4897 1953 4912 ο
2131 4886 2152 4919 ι
2197 4867 2273 4921 Τὸ
2301 4867 2359 4921 δὲ
2388 4868 2548 4938 ἔργον
2580 4870 2776 4925 ἑαυτοῦ
2810 4870 3154 4944 δοκιμαζέτω
3184 4873 3436 4938 ἕκαστος.
3469 4894 3490 4928 ι

412 4972 499 5011 ue.
529 4976 550 5010 ο

372 4971 499 5028 que.
529 4976 550 5010 ο

446 5044 643 5120 V.gr.,
685 5049 733 5104 si
778 5050 1065 5121 quidpiam
1092 5049 1247 5119 .boni
1299 5048 1506 5120 fecisti,
1542 5052 1836 5109 considera
1881 5069 1940 5110 ne

2124 5049 2253 5108 Οἷον
2288 5057 2337 5109 εί
2366 5055 2632 5124 ἐποίησας
2673 5055 2900 5124 ἀγαθὸν,
2930 5057 3123 5111 σκόπει
3169 5057 3235 5111 σὺ
3297 5056 3513 5129 μήποτε
3549 5057 3632 5114 διὰ

367 5142 514 5198 forte
544 5150 772 5214 propter
812 5144 1035 5198 inanem
1069 5145 1328 5216 gloriam,
1367 5154 1462 5201 aut
1489 5161 1557 5203 ex
1590 5149 1935 5213 necessitate,

2067 5146 2385 5213 ιενοδοξίαν,
2426 5148 2458 5219 ἦ
2484 5148 2555 5201 δι’
2580 5150 2848 5219 ἀνάγκην,
2878 5150 2912 5220 ἢ
2946 5150 3234 5221 ὑποκρίσει
3267 5148 3426 5203 τοῦτο
3450 5149 3635 5220 ἐποίη-

368 5238 466 5290 aut
516 5234 881 5293 simulatione
922 5236 1027 5293 hoc
1080 5236 1306 5305 feceris,
1348 5255 1483 5296 neve
1516 5240 1589 5296 ob
1628 5241 1795 5296 ullam
1847 5241 1936 5295 lm-

1744 5256 1795 5296 m
1847 5241 1949 5295 ltu-
2054 5253 2174 5302 σας,
2204 5237 2238 5309 ἢ
2272 5237 2341 5291 δι’
2377 5236 2545 5309 ἄλλην
2575 5237 2694 5292 τινὰ
2729 5238 3080 5311 ἀνθρωπίνην
3110 5239 3310 5297 αἰτίαν.

366 5340 587 5385 manam
617 5341 866 5386 causam.
1862 5345 1865 5349 ’

441 5438 467 5476 ε
503 5420 568 5477 Et
603 5421 687 5477 sic
742 5421 799 5477 in
844 5412 1152 5493 semetipso
1198 5425 1434 5496 gloriam
1462 5426 1714 5491 habebit,
1756 5436 1942 5482 etnon

2126 5461 2144 5494 ι
2174 5442 2287 5496 Καὶ
2313 5443 2434 5496 τότε
2467 5444 2549 5506 είς
2577 5442 2772 5497 ἑαυτὸν
2803 5444 2965 5515 μόνον
2996 5442 3056 5498 τὸ
3080 5444 3343 5515 καύχημα
3370 5441 3505 5510 ἕξει,
3537 5443 3636 5497 καὶ

366 5513 420 5569 in
466 5513 659 5571 altero.
705 5536 724 5571 ι

2046 5533 2148 5585 οὐκ
2170 5533 2251 5597 είς
2277 5535 2368 5587 τὸν
2400 5534 2607 5605 ἕτερον.
2650 5559 2670 5588 ι

432 5626 562 5718 Haec
586 5630 684 5694 ait,
723 5645 831 5685 non
865 5632 1024 5702 quasi
1056 5634 1231 5703 legem
1277 5635 1668 5703 prmscribens,
1698 5638 1793 5692 sed
1831 5638 1944 5692 illis

2120 5646 2306 5701 Ταῦτα
2335 5646 2397 5700 οὐ
2432 5646 2739 5717 νομοθετῶν
2764 5647 2936 5718 λέγει,
2985 5649 3123 5705 ἀλλὰ
3149 5647 3627 5718 συγκαταϐαίνων,

346 5716 695 5803 ;indulgens;
741 5721 975 5795 perinde
1014 5738 1079 5779 ac
1123 5725 1169 5780 si
1217 5725 1496 5784 dixisset:
1541 5726 1783 5783 Gloriari
1816 5729 1911 5801 qui

2069 5738 2119 5802 υς
2155 5738 2219 5792 ἂν
2248 5743 2294 5793 εί
2326 5716 2513 5807 ἔλεγεέ
2572 5741 2644 5793 Τὸ
2680 5716 2990 5813 καυχᾶσοαι
3030 5742 3132 5811 μὲν
3164 5716 3439 5797 οὖνκαὶόν.
3479 5740 3542 5794 Εί
3570 5736 3637 5796 δὲ
