3970 6424
277 440 358 506 8ίῖ
1404 446 1488 507 IN
1524 444 1761 509 EPIST.
1797 448 1901 507 AD
1935 445 2297 509 GALATAS.

3416 446 3527 506 818

277 554 363 623 ἄρα
392 550 579 624 βούλῃ,
617 549 693 623 μὴ
740 544 882 606 κατὰ
927 550 1023 606 τοῦ
1054 551 1306 623 πλησίον,
1338 554 1415 619 ὡς
1462 559 1493 610 ὁ
1523 559 1830 628 Φαρισαῖος.

1952 558 2068 613 dem
2097 556 2326 612 minime
2355 555 2615 611 convenit
2641 571 2657 610 :
2681 554 2765 609 sin
2794 562 2975 609 autem
3006 554 3212 611 lubeat.
3246 557 3301 606 at
3332 552 3524 607 saltem

276 645 362 697 Kal
385 642 544 697 τοῦτο
567 641 624 695 δὲ
655 641 1054 714 συνεχώρησεν,
1111 646 1197 700 ἴνα
1229 646 1290 700 τὸ
1313 647 1435 700 ὅλον
1467 649 1609 703 κατὰ
1637 652 1830 721 μικρὸν

272 735 425 807 ἐξέλῃ.
464 735 525 789 '0
557 735 666 806 γὰρ
703 737 1041 803 συνεθισθεὶς
1070 741 1151 804 είς
1182 739 1375 795 ἑαυτὸν
1416 741 1598 812 μόνον,
1626 743 1723 795 καὶ
1756 744 1831 814 μὴ

272 829 372 883 καθ’
395 828 621 899 ἐτέρων,
649 828 746 882 καὶ
772 827 932 884 τοῦτο
960 831 1172 902 ταχέως
1201 830 1559 904 διορθώσεται
1589 832 1650 886 τὸ
1675 833 1833 888 ἐλάτ-

272 936 433 988 τωμα.

335 1130 351 1163 ι
390 1111 659 1177 Ἕκαστος
685 1113 795 1183 γὰρ
821 1112 884 1167 τὸ
913 1113 1045 1168 ἴδιον
1092 1115 1317 1187 φορτίον
1348 1115 1631 1186 βαστάσει.
1666 1136 1686 1169 ι

326 1288 478 1340 Δοκεῖ
505 1288 603 1359 μὲν
636 1288 846 1343 τιθέναι
869 1290 1131 1360 λογισμὸν
1170 1291 1448 1347 κωλύοντα
1480 1293 1607 1348 καθ’
1640 1293 1832 1367 ἑτέρου

264 1379 580 1448 καυχᾶσθαι.
614 1380 937 1452 Διορθοῦται
987 1383 1046 1436 δὲ
1108 1384 1200 1439 τὸν
1256 1385 1632 1456 καυχώμενον,
1689 1385 1832 1441 ὥστε

264 1470 388 1538 μηδὲ
413 1470 500 1539 ἐφ’
534 1471 715 1542 ἑαυτῷ
749 1473 895 1543 μέγα
925 1478 1165 1546 φρονεῖν,
1217 1477 1299 1539 είς
1350 1476 1561 1531 ἔννοιαν
1606 1476 1838 1547 ἀγαγὼν

260 1560 409 1612 αὐτὸν
441 1560 552 1614 τῶν
580 1563 799 1617 οἰκείων
820 1565 1238 1638 ἁμαρτημάτων
1263 1609 1278 1633 ,
1316 1568 1412 1621 καὶ
1435 1570 1558 1637 ,τοῖς
1603 1568 1834 1641 ὀνόμασι

261 1651 347 1705 τοῦ
375 1653 603 1724 φορτίου
627 1655 835 1721 πιέζων
861 1658 1027 1712 αὐτοῦ
1053 1658 1114 1712 τὸ
1144 1659 1407 1725 συνειδός.

325 1849 345 1882 ι
381 1831 728 1887 Κοινωνείτω
779 1835 838 1888 δὲ
893 1838 923 1890 ὁ
950 1837 1362 1910 κατηχούμενος
1402 1840 1498 1897 τὸν
1545 1842 1705 1913 λόγον
1752 1845 1834 1917 τῷ

1942 663 2052 704 non
2102 648 2370 705 adversus
2424 648 2771 718 proximum;
2834 648 2982 701 velut
3038 646 3132 700 ille
3187 643 3523 699 Phariszeus.

1940 739 2109 810 Atqui
2153 740 2258 797 hoc
2314 740 2619 806 concessit,
2654 748 2713 794 ut
2742 738 3005 808 paulatim
3039 745 3212 791 totum
3253 735 3521 790 auferret.

1941 830 2077 887 Nam
2109 832 2204 902 qui
2259 833 2314 887 in
2347 847 2501 887 more
2540 830 2796 887 habuerit
2838 829 2894 882 in
2928 827 3111 899 seipse
3137 826 3524 881 tantummodo

1942 927 2174 998 gloriam
2222 927 2451 991 habere,
2501 932 2556 980 et
2603 941 2710 980 non
2760 923 3027 979 adversus
3077 922 3238 989 alios,
3284 923 3335 978 is
3365 923 3521 979 brevi

1942 1020 2045 1074 hoc
2076 1034 2299 1091 quoque
2323 1019 2518 1074 vitium
2555 1017 2883 1072 correxerit.

2006 1110 2175 1167 Vens.
2226 1110 2280 1165 5.
2322 1129 2341 1162 ι
2396 1108 2791 1181 Unusquisque
2831 1106 2978 1162 enim
3011 1120 3159 1162 onus
3193 1118 3354 1161 suum
3396 1119 3522 1173 por‘

1940 1202 2097 1256 tabit.
2132 1220 2154 1254 ι

2010 1290 2240 1347 Videtur
2277 1306 2593 1364 pr0ponere
2624 1290 2898 1345 rationem
2948 1304 3069 1360 qua:
3098 1288 3393 1359 prohibeat
3422 1286 3523 1342 ad-

1939 1396 2133 1437 versus
2191 1381 2361 1436 alium
2443 1381 2688 1452 gloriari.
2752 1381 3019 1437 Caeterum
3087 1379 3518 1451 gloriabundum

1938 1472 2190 1543 corrigit,
2225 1488 2297 1529 ne
2337 1472 2445 1529 sibi
2476 1473 2637 1530 valde
2666 1474 2909 1544 ptaceat,
2950 1488 3221 1530 revocans
3254 1474 3408 1529 illum
3450 1474 3525 1529 ad

1938 1563 2292 1635 propriorum
2342 1572 2706 1635 peccatorum
2771 1564 3307 1631 considerationem,
3359 1564 3520 1620 adhi-

1944 1657 2065 1712 bito
2099 1657 2332 1728 insuper
2382 1658 2558 1714 oneris
2598 1666 2652 1713 et
2684 1657 2919 1713 sarcinae
2954 1656 3197 1721 nomine,
3233 1670 3345 1728 quo
3388 1671 3519 1714 con-

1942 1749 2232 1804 scientiam
2269 1747 2420 1804 illius
2444 1759 2678 1820 premat.

2012 1840 2180 1898 Vitas.
2229 1840 2352 1897 6-9.
2417 1859 2438 1893 ι
2497 1841 2879 1897 Communicet
2937 1848 3124 1896 autem
3160 1840 3210 1897 is
3241 1840 3335 1911 qui
3368 1848 3520 1896 cate-

259 1920 578 1991 κατηχοῦντι
598 1924 659 1978 ὲν
689 1926 855 1979 πᾶσιν
885 1927 1132 1996 ἀγαθοῖς.
1156 1930 1250 2003 Μὴ
1281 1931 1581 2001 πλανᾶσθε,
1614 1935 1746 2000 Θεὸς
1767 1939 1829 1992 ού

1952 1930 2185 1987 :hizatur
2213 1932 2404 1998 verbo,
2433 1930 2483 1986 ei
2539 1931 2633 2002 qui
2669 1946 2728 1987 se
2762 1930 3091 1995 catechizat,
3132 1931 3189 1984 in
3256 1931 3521 1986 omnibus“

255 2008 671 2079 μυκτηρίζεται.
715 2014 782 2066 Ὃ
810 2014 921 2086 γὰρ
966 2017 1064 2071 ἐὰν
1094 2019 1298 2093 σπείρῃ
1330 2021 1640 2094 ἄνθρωπος,
1670 2025 1830 2081 τοῦτο

248 2099 339 2152 καὶ
366 2099 597 2171 θερίσει.
632 2103 757 2158 ’Ότι
788 2105 817 2158 ὁ
846 2107 1090 2181 σπείρων
1122 2112 1204 2176 είς
1254 2112 1355 2185 τὴν
1387 2115 1570 2187 σάρκα
1597 2117 1792 2173 ἑαυτοῦ
1811 2159 1831 2185 ,

247 2194 310 2245 ἐκ
332 2192 434 2263 τῆς
469 2195 673 2265 σαρκὸς
692 2196 898 2269 θερίσει
928 2201 1157 2273 φθοράν.
1200 2205 1261 2260 Ὃ
1297 2207 1356 2261 δὲ
1385 2208 1629 2281 σπείρων
1665 2211 1745 2275 εἰς
1769 2211 1832 2266 τὸ

246 2284 485 2354 πνεῦμα,
516 2287 581 2340 ὲκ
615 2289 710 2341 τοῦ
738 2291 1051 2362 πνεύματος
1076 2295 1283 2368 θερίσει
1312 2299 1461 2373 ζωὴν
1492 2300 1737 2369 αἰώνιον,
1768 2304 1830 2357 τὸ

241 2376 295 2428 δὲ
327 2376 493 2430 καλὸν
524 2379 827 2449 ποιοῦντες,
862 2385 937 2455 μὴ
962 2387 1311 2460 ἐκκακῶμεν.
1345 2409 1367 2443 ι

322 2553 596 2609 Ἐνταῦθα
621 2557 750 2626 περὶ
773 2556 885 2612 τῶν
903 2559 1246 2616 διδασκάλων
1276 2565 1439 2619 πάλιν
1467 2569 1496 2620 ὀ
1540 2568 1698 2638 λόγος
1729 2571 1830 2625 αύ-

236 2643 336 2715 τῷ,
367 2645 513 2699 ὥστε
551 2648 755 2719 πολλῆς
793 2650 1091 2706 ἀπολαύειν
1120 2654 1274 2724 παρὰ
1298 2657 1408 2710 τῶν
1454 2660 1829 2734 μαθητευομὲ-

234 2756 345 2791 νων
392 2737 718 2809 θεραπείας.
750 2742 920 2798 Τοῦτο
974 2746 1070 2799 καὶ
1099 2748 1126 2799 ὁ
1156 2748 1392 2817 Χριστὸς
1441 2753 1824 2824 ἐνομοθέτησε.

231 2828 348 2880 Καὶ
374 2827 465 2880 διὰ
488 2829 544 2883 τί
569 2847 585 2897 ;
616 2831 803 2888 ἄκουε.
846 2833 1068 2906 Ἐπειδὴ
1106 2837 1168 2889 τὸ
1195 2837 1581 2896 διδασκαλικὸν
1610 2844 1827 2917 ἀξίωμα

238 2919 507 2986 πολλάκις
535 2923 822 2994 κατεφύσα
852 2928 982 2992 τοὺς
1020 2927 1265 3000 ἔχοντας,
1301 2935 1627 2989 καταπαίων
1648 2938 1828 2992 αὐτῶν

230 3012 292 3065 τὸ
326 3015 617 3085 φρόνημα,
653 3018 735 3080 είς
762 3019 1010 3089 ἀνάγκην
1037 3020 1235 3086 αὐτοὺς
1259 3023 1562 3094 κατέστησε
1590 3026 1688 3079 τοῦ
1718 3028 1828 3082 δεῖ·

229 3103 363 3158 σθαι
398 3106 514 3160 τῶν
546 3106 1027 3181 μαθητευομένων,
1054 3113 1344 3178 κάκείνους
1370 3115 1533 3169 πάλιν
1556 3118 1637 3181 είς
1658 3119 1833 3190 ἀφορ-

227 3193 344 3266 μὴν
400 3196 614 3269 ἡγαγεν
664 3199 761 3252 τοῦ
790 3201 928 3270 πρὸς
957 3202 1214 3256 εὐποιίαν
1244 3205 1646 3278 εὐκολωτέρους
1683 3210 1831 3277 γίνε-

225 3289 384 3354 σθαι,
427 3292 727 3363 γυμνάζων
770 3296 972 3361 αὐτοὺς
1027 3298 1268 3370 ἡμέρους
1296 3296 1457 3354 εἶναι.
1487 3302 1628 3372 Φησὶ
1649 3302 1727 3368 δὲ,
1758 3304 1830 3359 ἐν

223 3377 434 3435 πᾶσιν
464 3383 742 3451 ἀγαθοῖς,
788 3385 929 3441 ὥστε
966 3389 1146 3444 πᾶσαν
1179 3388 1586 3445 ἐπιδείκνυσθαι
1624 3395 1708 3458 είς
1731 3394 1831 3448 afﬁ-

223 3472 361 3537 τοὺς
389 3473 697 3544 δαψίλειαν.

300 3673 331 3706 σ
364 3653 569 3726 Καιρῷ
597 3655 708 3727 γὰρ
743 3655 857 3727 ίδίφ
884 3655 1196 3729 θερίσομεν,
1229 3659 1305 3730 μὴ
1338 3659 1680 3731 ἐκλυόμενοι.
1729 3680 1747 3712 ι

294 3747 420 3816 Οὐχ
455 3745 651 3818 ὥσπερ
682 3749 711 3800 ὁ
742 3738 1277 3822 σαρκικὸίᾶπορος,
1308 3754 1464 3823 φησὶ,
1519 3753 1616 3807 καὶ
1668 3755 1725 3807 ὲν
1754 3753 1830 3824 τῷ

220 3838 441 3910 ἀμητῷ
474 3838 644 3893 πολὺν
673 3838 789 3910 ἔχει
826 3840 1014 3905 κόπον,
1056 3841 1200 3896 οὕτω
1223 3844 1319 3899 καὶ
1355 3845 1384 3898 ὁ
1434 3845 1827 3917 πνευματικὸς,

219 3932 347 3986 ἀλλ’
375 3933 443 3986 ὲν
470 3932 779 3987 ἀναπαύσει
817 3933 1027 4004 γίνεται
1050 3934 1242 4007 πολλῇ.

304 4141 333 4177 ι
384 4123 555 4179 Ἀλλὰ
580 4123 675 4179 οὖν
709 4124 786 4188 ὡς
835 4125 1029 4197 καιρὸν
1078 4125 1296 4198 ἔχομεν,
1358 4128 1725 4200 ἐργαζώμεθα
1767 4128 1831 4183 τὸ

220 4216 448 4284 ἀγαθὸν
474 4216 608 4288 πρὸς
626 4217 860 4283 πάντας,
896 4217 1133 4287 μάλιστα
1168 4219 1305 4289 πρὸς
1329 4220 1453 4284 τοὺς
1477 4221 1712 4286 οίκείους
1729 4221 1831 4293 τῆς

219 4307 502 4371 πίστεως.
535 4326 558 4361 ι

297 4401 494 4473 Τάχος
542 4401 637 4455 καὶ
667 4402 905 4474 σπουδὴν
931 4402 1061 4472 περὶ
1093 4401 1193 4474 τὴν
1238 4403 1611 4476 ἐλεημοσύνην
1646 4406 1831 4477 εἰσφέ-

221 4510 354 4564 ρειν
416 4493 881 4564 παρακελεύεται.
935 4495 1076 4550 Οὔτε
1109 4497 1221 4568 γὰρ
1249 4498 1481 4553 πάντοτε
1528 4501 1625 4554 τοῦ
1657 4501 1831 4556 ἐλεεῖν

1931 2024 2116 2081 bonis.
2184 2023 2368 2079 Nolite
2422 2037 2633 2089 errare,
2691 2025 2837 2091 Deus
2896 2038 3005 2078 non
3061 2023 3347 2080 irridetur.
3384 2022 3521 2088 Quae

1931 2116 2078 2172 enim
2130 2114 2490 2170 seminaverit
2526 2114 2715 2175 homo,
2767 2115 2885 2168 haec
2930 2120 2987 2169 et
3018 2123 3208 2169 metet.
3241 2112 3516 2181 Quoniam

1931 2205 2026 2277 qui
2055 2205 2293 2261 seminat
2330 2204 2401 2260 de
2429 2219 2598 2260 carne
2634 2218 2755 2267 sua,
2789 2203 2856 2259 de
2893 2217 3062 2258 carne
3108 2212 3273 2258 metet
3315 2216 3515 2259 corru-

1931 2299 2198 2367 ptionem.
2236 2297 2338 2365 Qui
2373 2305 2557 2352 autem
2599 2296 2831 2353 seminat
2868 2297 2927 2351 in
2969 2296 3280 2366 spiritu,de
3316 2296 3517 2365 spiritu

1931 2395 2101 2445 metet
2126 2390 2295 2444 vitam
2327 2397 2613 2444 aeternam.
2646 2387 2859 2443 Bonmn
2894 2397 3078 2444 autem
3103 2386 3371 2443 facientes
3408 2401 3510 2441 non

1930 2476 2273 2533 deficiamus.
2315 2495 2337 2530 ι
2362 2504 2365 2505 ν
3207 2543 3214 2551 ε
3357 2482 3363 2493 '

2007 2568 2126 2624 Hoc
2160 2584 2383 2626 rursum
2418 2569 2525 2625 loci
2561 2569 2629 2625 de
2653 2568 2977 2625 doctoribus
3009 2568 3282 2638 loquitur,
3315 2583 3453 2639 quos
3485 2579 3514 2617 a

1932 2662 2225 2732 discipulis
2274 2662 2394 2718 suis
2440 2662 2610 2716 multa
2675 2660 3053 2716 sollicitudine
3109 2661 3294 2715 curari
3362 2654 3521 2714 vult:

1931 2751 2140 2822 quippe
2171 2765 2296 2806 cum
2329 2753 2404 2805 ita
2438 2751 2555 2806 ﬁeri
2580 2750 2839 2807 Christus
2873 2750 2993 2821 ipse
3023 2749 3291 2806 sanxerit.
3331 2749 3518 2815 Quare

1931 2844 2104 2899 vero?
2153 2842 2375 2900 audias.
2412 2843 2686 2911 Quoniam
2734 2843 2806 2899 ob
2854 2842 3089 2897 docendi
3129 2842 3516 2896 auctoritatem

1933 2932 2078 2989 fastu
2131 2932 2466 2989 inﬂabantur
2497 2934 2576 2989 illi
2620 2937 2714 3004 qui
2749 2950 2814 2990 ea
2845 2935 3032 2989 ornati
3078 2943 3272 3001 erant;
3314 2934 3517 2989 horum

1935 3030 1996 3078 ut
2022 3033 2405 3095 compesceret
2460 3024 2864 3095 arrogantiam,
2907 3025 2963 3078 in
3010 3024 3154 3079 hanc
3182 3037 3277 3079 eos
3318 3037 3520 3079 neces-

1933 3115 2156 3171 sitatem
2207 3116 2414 3187 coegit,
2464 3125 2525 3170 ut
2562 3115 2668 3186 ipsi
2711 3115 3008 3185 discipulis
3037 3130 3177 3185 opus
3216 3114 3516 3170 haberent:

1934 3206 2046 3262 illis
2082 3221 2219 3262 vero
2266 3221 2489 3262 rursum
2541 3207 2751 3276 praebet
2783 3208 3138 3260 occasionem
3174 3213 3237 3261 ut
3275 3205 3343 3260 ad
3378 3206 3522 3260 bene

1932 3296 2000 3353 de
2023 3297 2148 3352 aliis
2188 3297 2515 3353 merendum
2550 3297 2831 3351 faciliores
2885 3295 3038 3364 flant,
3072 3296 3223 3365 ipsos
3252 3309 3523 3351 exercens

1931 3388 2001 3445 ad
2055 3389 2505 3445 benevolentiam
2575 3404 2706 3461 erga
2761 3387 3062 3459 magistros
3121 3387 3516 3458 praestandam.

1931 3482 2024 3537 Ait
2055 3490 2270 3549 autem,
2300 3484 2355 3537 in
2386 3482 2630 3538 omnibus
2676 3483 2855 3547 bonis,
2893 3489 2953 3535 ut
2982 3495 3200 3536 omnem
3232 3480 3289 3535 in
3318 3493 3415 3536 eos
3442 3479 3517 3533 li-

1931 3574 2278 3630 beralitatem
2319 3574 2667 3645 impendant.

2012 3685 2032 3718 ι
2072 3664 2346 3735 Tempore
2369 3665 2517 3721 enim
2548 3680 2650 3720 suo
2681 3675 2952 3720 metemus
2981 3679 3093 3719 non
3117 3660 3463 3717 deficientes.
3491 3678 3512 3711 ι

1999 3757 2117 3812 Non
2155 3759 2234 3813 uti
2264 3759 2510 3814 carnalis
2561 3773 2797 3825 messor,
2837 3756 3040 3828 inquit,
3097 3755 3191 3826 qui
3227 3752 3368 3808 nihil
3398 3751 3525 3807 fru-

1933 3858 2125 3905 ctuum
2180 3851 2443 3921 percipit,
2492 3852 2801 3923 quamlibet
2849 3849 3111 3907 metendo
3156 3846 3395 3915 multum
3438 3845 3525 3899 la-

1936 3946 2109 4012 boret,
2141 3945 2224 4001 sic
2270 3955 2359 4002 est
2412 3946 2742 4017 spiritualis.
2795 3945 2903 4001 llic
2949 3942 3098 3999 enim
3131 3939 3319 4012 quiete
3345 3940 3521 3994 multa

1933 4037 2168 4108 potitur.
2864 4050 2871 4057 '

2003 4125 2170 4183 Vens.
2200 4126 2288 4181 10.
2319 4146 2339 4180 ι
2384 4126 2532 4198 Ergo
2563 4128 2693 4182 dum
2734 4108 2957 4196 tctnpus
2997 4125 3290 4186 habemus,
3317 4137 3517 4192 opere-

1934 4234 2063 4273 mur
2118 4219 2326 4274 honum
2381 4219 2543 4290 176
2588 4217 2657 4273 ad
2684 4231 2903 4284 omnes,
2932 4216 3178 4272 maxime
3219 4216 3287 4270 ad
3322 4214 3518 4269 dome-

1934 4311 2108 4369 sticos
2140 4310 2290 4366 ﬁdei.
2330 4329 2350 4362 ι

1999 4402 2271 4458 Hortatur
2303 4411 2364 4459 ut
2398 4402 2821 4460 festinationem
2852 4410 2911 4459 et
2959 4400 3305 4474 diligentiam
3356 4401 3521 4455 adhi-

1932 4495 2103 4552 beant
2130 4498 2200 4550 ad
2238 4497 2652 4567 eleemosynatn
2700 4496 3062 4567 erogandam.
3115 4491 3238 4550 Non
3278 4493 3427 4549 enim
3458 4492 3519 4549 in

217 4590 407 4658 ἐσμεν
446 4586 647 4659 κύριοι.
681 4587 850 4641 Ὅταν
881 4588 988 4660 γὰρ
1009 4589 1261 4644 ἐντεῦθεν
1290 4592 1700 4664 ἁπενεχθῶμεν,
1723 4595 1830 4650 κᾶν

1952 4595 2214 4657 potestate
2244 4590 2457 4658 Inostra
2502 4597 2589 4645 est
2631 4603 2852 4659 semper
2891 4595 2948 4643 et
2987 4585 3197 4657 ubique
3231 4586 3516 4641 misereri.

220 4679 512 4751 μυριάκις
552 4678 928 4750 βουληθῶμεν,
975 4679 1126 4734 οὐδὲν
1179 4683 1513 4754 περαίνομεν
1548 4685 1730 4741 πλέον.
1759 4687 1830 4741 Τὸ

1952 4680 2169 4748 Quando
2195 4682 2343 4738 enim
2385 4697 2454 4737 ex
2498 4682 2607 4737 hoc
2636 4681 2844 4737 saeculo
2889 4679 3103 4751 egressi
3138 4678 3380 4744 erimus,
3410 4677 3517 4732 etsi

214 4770 309 4835 δὲ,
338 4771 502 4839 πρὸς
526 4770 780 4837 πάντας,
810 4770 947 4842 πρὸς
973 4768 1382 4846 άντιδιαστολὴν
1405 4777 1506 4846 τῆς
1533 4777 1830 4849 Ἰουδαϊκῆς

1952 4776 2135 4833 nillies
2165 4777 2442 4843 volemus,
2481 4776 2623 4831 nihil
2674 4774 2820 4828 ultra
2873 4766 3259 4844 perﬁciemus.
3297 4770 3389 4823 Ait
3420 4784 3519 4823 au-

216 4863 655 4933 ταπεινότητος.
701 4862 962 4925 Ἐκείνοις
1012 4862 1111 4934 μὲν
1168 4864 1277 4936 γὰρ
1302 4865 1371 4918 τὰ
1398 4867 1497 4936 τῆς
1532 4867 1830 4940 φιλανθρω-

1952 4882 2065 4932 cm,
2100 4865 2170 4921 ad
2218 4882 2427 4931 omnes,
2461 4867 2530 4920 ad
2570 4862 2942 4919 ditl‘erentiam
2996 4860 3246 4915 Iudaica
3294 4858 3518 4913 humili-

217 4952 369 5018 πίας
400 4950 629 5008 ἅπαντα
655 4952 794 5024 πρὸς
817 4954 946 5018 τοὺς
974 4953 1284 5023 ὁμοφύλους
1305 4950 1395 5027 ἦν.
1431 4958 1497 5011 Ἥ
1526 4959 1582 5012 δὲ
1615 4959 1716 5029 τῆς
1738 4961 1830 5032 χά-

1955 4958 2083 5012 atis.
2120 4956 2257 5012 Nam
2289 4958 2476 5011 omnia
2508 4955 2801 5011 charitatis
2831 4954 3058 5007 illorum
3085 4950 3263 5006 cilicia
3295 4952 3350 5005 in
3382 4964 3520 5005 con-

1932 5048 2167 5103 tribules
2201 5047 2384 5103 solum
2434 5045 2905 5116 impendebantur
2940 5061 2955 5096 :
3002 5051 3061 5097 at
3091 5041 3284 5113 gratiae
3318 5042 3515 5096 huma-

1932 5141 2101 5206 nitas,
2154 5148 2357 5195 terram
2420 5139 2630 5210 pariter
2686 5145 2742 5193 et
2794 5150 2950 5192 mare
3017 5134 3087 5191 ad
3136 5134 3517 5190 beneﬁcentia:

1933 5232 2425 5303 participationem
2484 5231 2704 5294 invitat,
2764 5236 2826 5283 ut
2894 5235 3082 5282 tamen
3140 5226 3515 5296 copiosiorem

215 5060 389 5114 ριτος
426 5044 830 5117 φιλανθρωπία,
865 5043 973 5116 γῆν
998 5046 1135 5117 ὁμοῦ
1186 5047 1573 5110 καὶ,θάλατταν
1614 5054 1707 5106 ἐπὶ
1734 5054 1832 5124 τὴν

211 5136 331 5204 τῆς
366 5137 751 5208 ὲλεημοσύνης
774 5138 1082 5211 μετάληψιν
1113 5139 1293 5205 καλεῖ,
1324 5142 1421 5195 καὶ
1447 5142 1668 5197 πλείονα
1695 5145 1833 5215 πρὸς

214 5230 360 5296 τοῦς
384 5230 628 5295 οἰκείους
655 5230 756 5301 τὴν
789 5231 1025 5315 σπουδὴν
1050 5232 1439 5289 ἐπιδείκνυται.

307 5434 329 5467 ι
367 5416 548 5468 Ἴδετε
586 5413 838 5485 πηλίκοις
862 5414 992 5485 ύμῖν
1022 5416 1346 5486 γράμμασιν
1381 5414 1595 5487 ἔγραψα
1618 5419 1684 5487 τῇ
1715 5420 1821 5489 ἐμῇ

215 5506 405 5578 χειρί.
440 5525 465 5558 a

298 5598 504 5653 Πάντα
527 5596 777 5668 δέχεσθαι
807 5596 899 5651 τὸν
940 5596 1099 5666 λόγον
1126 5596 1291 5650 αὐτοῦ
1323 5601 1614 5667 παραινεῖ,
1646 5600 1739 5655 καὶ
1766 5603 1827 5656 τὸ

221 5687 483 5765 μέγεθος
520 5691 629 5744 τῶν
681 5690 989 5761 δογμάτων,
1043 5689 1131 5744 διὰ
1174 5689 1253 5759 τὺ,
1294 5691 1593 5760 πηλίκοις,
1630 5695 1825 5764 εἰπεῖν,

384 5876 435 5911 ⁸⁸
466 5873 599 5931 Luc.
630 5889 789 5945 svnt;
836 5874 923 5931 10.

1931 5340 2062 5395 erga
2093 5325 2436 5379 domesticos
2466 5323 2592 5378 fidei
2628 5319 3071 5377 sollicitudinem
3108 5316 3390 5388 praeferat.

2010 5414 2175 5472 Vens.
2239 5416 2327 5470 Η.
2393 5432 2413 5467 ι
2472 5412 2671 5470 Videte
2730 5410 2996 5483 qualibus
3054 5408 3261 5465 litteris
3309 5403 3520 5474 scripsi

1852 5510 1879 5521 ““
1935 5509 2097 5564 vobis
2129 5523 2248 5563 mea
2275 5523 2466 5563 manu.
2499 5526 2518 5559 ι

2013 5600 2219 5656 Suadet
2269 5607 2329 5655 ut
2369 5607 2544 5656 totum
2574 5602 2910 5656 sermonem
2980 5607 3144 5653 suum
3206 5588 3514 5660 excipiant,

1938 5692 2310 5766 dicendoque,
2353 5694 2623 5766 qualibus,
2664 5699 2740 5758 et,
2798 5705 2958 5744 manu
3004 5703 3145 5753 mea,
3189 5680 3511 5739 sublimita-
