3970 6398
391 365 497 433 823

1589 375 1654 439 S.
1686 373 1926 436 JOANN
1935 375 2006 433 IS
2046 375 2443 440 DAMASCEN
2452 380 2476 437 Ι

3575 370 3682 434 8ἃᾷ

473 505 490 535 ι
529 483 636 550 Qui
683 484 970 542 benedixit
1011 501 1118 543 nos
1169 487 1322 544 omni
1379 490 1772 548 benedictione
1809 491 1979 562 spiri-

2166 512 2184 546 t
2226 497 2284 548 ’0
2307 476 2610 564 εὐλογήσας
2641 493 2788 562 ὑμᾶς
2805 490 2862 544 ἐν
2897 489 3049 563 πάσῃ
3078 485 3306 556 οὐλογίᾳ
3332 491 3680 558 πνευματικῇ

392 578 532 632 tuali
566 578 625 632 in
663 579 986 637 coelestibus
1015 581 1072 636 in
1098 578 1346 639 Christo.
1378 601 1398 637 ι

464 668 572 738 Ipsi
609 671 740 736 erit,
774 668 985 742 inquit,
1023 672 1338 731 benedictio
1381 685 1569 734 nostra
1600 695 1613 732 :
1653 680 1705 736 id
1745 690 1852 748 est,
1884 682 1984 738 do-

393 775 527 813 num
560 774 592 815 a
625 760 738 817 Deo
767 777 1123 833 concessum,
1162 782 1280 837 quo
1311 768 1621 840 spiritualis
1656 772 1820 829 bonis
1854 789 1984 844 per-

395 854 675 911 fruamur.
708 855 924 913 Horum
953 852 1239 930 possessio
1278 861 1335 916 in
1373 870 1526 919 terra
1560 881 1671 920 non
1708 867 1978 924 habetur:

395 945 528 1014 quia
559 949 820 1006 carnales
859 966 969 1007 non
1026 962 1158 1008 sunt
1205 955 1652 1025 benedictiones,
1688 960 1786 1016 sed
1815 970 1980 1018 teter-

394 1054 502 1094 nus
539 1039 906 1112 cmlestisque
933 1050 1019 1099 est
1054 1058 1246 1099 earum
1281 1046 1462 1103 locus.

467 1129 638 1186 Vnus.
676 1131 758 1195 ’4,
811 1133 861 1187 5.
901 1151 920 1186 ι
987 1132 1149 1189 Sicut
1209 1135 1377 1208 elegit
1435 1154 1539 1195 nos
1589 1140 1645 1194 in
1678 1140 1801 1212 ipso
1853 1151 1986 1198 ante

396 1221 590 1277 mundi
629 1225 1112 1295 constitutionem,
1150 1237 1209 1283 ut
1252 1237 1508 1298 essemus
1548 1234 1728 1288 sancti
1771 1244 1827 1289 et
1875 1235 1984 1288 im-

399 1313 666 1370 maculati
697 1316 752 1371 in
792 1330 1096 1390 conspectu
1139 1321 1260 1391 ejus
1295 1323 1348 1378 in
1380 1323 1673 1381 eharitatc.
1703 1325 1807 1392 Qui
1845 1341 1985 1396 pra:—

398 1403 702 1460 destinavit
735 1422 838 1464 nos
875 1409 928 1463 in
983 1411 1338 1482 adoptionem
1389 1413 1629 1470 filiorum
1668 1432 1765 1486 per
1793 1415 1981 1473 Jesut'n

397 1494 687 1552 Christum
720 1497 773 1552 in
810 1501 1078 1570 seipsum.
1122 1523 1140 1553 ι

469 1587 660 1643 Gratia
708 1589 952 1660 Spiritus
989 1609 1140 1649 nunc
1189 1595 1413 1664 quidem
1457 1597 1815 1654 manifestata
1849 1608 1933 1655 est
1967 1621 1978 1654 :

399 1689 528 1755 ante
559 1695 694 1736 vero
723 1682 1036 1741 exsistebat
1080 1688 1150 1743 ab
1192 1689 1355 1746 initio
1384 1693 1530 1763 apud
1565 1694 1760 1756 Deum.
1798 1703 1854 1750 et
1883 1697 1986 1750 im-

333 1801 339 1807 -
396 1769 746 1837 pertiebatur
783 1772 1003 1840 electis,
1038 1793 1180 1850 quos
1224 1790 1278 1836 et
1307 1784 1725 1852 praedestinavit
1756 1797 1815 1842 ut
1844 1787 1983 1844 assi-

396 1865 610 1917 sterent
657 1860 786 1929 Deo,
824 1877 1099 1923 concessa
1131 1868 1272 1940 ipsis
1304 1871 1433 1927 vitae
1461 1875 1850 1929 sanctimonia.

477 1970 500 2004 c
559 1953 919 2021 LSecundum
1011 1960 1362 2032 propositum
1460 1966 1769 2022 voluntatis
1840 1982 1982 2033 suae,

399 2036 592 2113 [Vnus
631 2044 775 2118 6-8.]
808 2049 861 2102 in
887 2048 1111 2105 laudem
1154 2052 1343 2123 gloriae
1381 2057 1574 2126 gratiae
1607 2073 1740 2123 suae,
1779 2057 1832 2112 in
1873 2073 1982 2130 qua

394 2135 729 2204 gratiﬁcavit
759 2154 884 2196 nos.
926 2161 943 2194 ι

467 2225 830 2286 Gratilicatus
890 2243 978 2288 est
1011 2223 1186 2292 nobis.
1226 2247 1533 2308 spontanea
1591 2243 1809 2312 gratia;
1870 2260 1981 2300 non

394 2326 581 2375 autem
638 2324 1095 2382 remuneratione
1141 2342 1395 2399 operum,
1443 2331 1499 2385 in
1543 2331 1688 2388 ﬁlios
1742 2349 1844 2388 nos
1880 2335 1981 2390 ad-

392 2412 655 2481 optando.

467 2499 525 2557 In
556 2505 758 2560 dilecto
796 2506 908 2561 {illo
937 2525 1061 2574 suo,
1101 2511 1155 2564 in
1189 2527 1300 2582 quo
1333 2513 1603 2571 habemus
1645 2517 1980 2589 redemptio-

390 2610 517 2649 nem
569 2611 668 2666 per
717 2601 1048 2671 sanguinem
1101 2602 1247 2673 ejus,
1299 2607 1689 2664 remissionem
1720 2622 1980 2680 peccato-

388 2701 536 2752 rum,
594 2690 900 2746 secundum
961 2693 1187 2750 divitias
1218 2698 1412 2768 gratiae
1443 2699 1588 2769 ejus,
1622 2717 1746 2772 quae
1782 2719 1973 2774 super-

389 2777 700 2849 abundavit
744 2783 801 2838 in
853 2786 1016 2843 nobis
1051 2787 1108 2842 in
1144 2790 1294 2844 omni
1338 2791 1614 2862 sapientia
1650 2805 1703 2849 et
1736 2797 1977 2864 pruden—

389 2873 486 2926 lia.
523 2892 541 2924 ι

464 2963 932 3032 Quandoquidem
986 2968 1294 3043 Scriptura:
1345 2991 1567 3030 sursum
1607 2978 1868 3035 deorsum
1898 2980 1982 3036 di-

389 3065 547 3122 cunt,
587 3057 870 3116 Christum
903 3063 970 3118 ad
999 3074 1232 3120 mortem
1266 3083 1441 3138 usque
1475 3069 1824 3126 obedientem
1857 3089 1981 3130 esse

393 3152 597 3224 tactum
626 3151 771 3207 Patri
800 3172 814 3222 ;
851 3164 904 3210 et
963 3156 1091 3226 quia
1125 3156 1383 3214 Christus
1409 3160 1528 3230 ipse
1551 3162 1756 3228 aiebat,
1800 3163 1967 3231 Deus,

391 3241 533 3296 Deus
582 3259 750 3308 meus,
781 3262 946 3315 quare
979 3265 1059 3302 me
1095 3249 1422 3321 dereliquisti
1460 3252 1550 3306 ‘7?
1585 3252 1665 3310 Ne
1700 3255 1976 3326 quispiam

390 3333 475 3388 vel
537 3334 1101 3412 suspicetunrevera
1179 3357 1306 3397 eum
1372 3344 1542 3400 fuisse
1622 3345 1975 3412 derelictum,

389 3427 596 3498 quippe
652 3444 777 3484 cum
841 3447 907 3487 ex
965 3440 1160 3489 nostra
1215 3451 1459 3506 persona
1502 3438 1779 3508 ejusmodi
1810 3455 1978 3497 voces

391 3519 860 3586 pronuntiaverit,
916 3537 1036 3577 eam
1071 3524 1142 3580 ob
1185 3540 1298 3580 rem
1354 3527 1560 3597 ubique
1601 3530 1808 3598 passim
1846 3533 1981 3588 dile-

389 3617 541 3663 ctum
580 3610 734 3664 illum
768 3620 823 3668 et
871 3613 1242 3669 redamatum.
1274 3616 1461 3672 divina
1502 3616 1790 3690 Scriptura
1840 3638 1976 3693 pra:-

389 3699 560 3752 dicat.

465 3787 633 3845 Vsns.
661 3791 715 3845 9.
755 3809 772 3842 ι
811 3792 882 3848 Ut
919 3803 1119 3850 notum
1179 3795 1386 3856 faceret
1445 3801 1603 3858 nobis
1656 3819 1976 3861 sacramen-

393 3893 507 3934 tum
549 3882 852 3942 voluntatis
895 3903 1032 3942 suae.
1070 3908 1090 3942 ι

463 3973 581 4030 Hoc
604 3977 751 4031 enim
793 3979 1073 4040 duntaxat
1104 3984 1270 4042 modo
1298 3987 1507 4045 Christi
1551 3992 1726 4061 gratia
1754 3992 1976 4049 confer-

390 4079 499 4138 tur,
534 4089 631 4144 per
672 4074 1050 4146 cognitionem
1088 4095 1101 4131 :
1157 4078 1304 4148 quod
1365 4097 1476 4136 non
1530 4087 1793 4140 convenit
1827 4087 1978 4158 igno:

389 4166 663 4223 rantibus.

465 4278 484 4310 ι
526 4261 842 4316 Secundum
902 4263 1307 4335 beneplacitum
1373 4267 1517 4338 ejus,
1571 4269 1718 4339 quod
1775 4287 1976 4342 propo-

387 4352 498 4407 suit
528 4354 582 4408 in
649 4369 714 4410 eo
750 4353 943 4426 [Vnus
978 4357 1069 4428 16]
1118 4359 1172 4412 in
1207 4359 1636 4431 dispensatione
1670 4364 1976 4432 plenitudi-

386 4441 475 4500 nis
518 4455 849 4516 temporum.
887 4467 905 4498 ›

2089 589 2147 641 ἐν
2185 590 2297 652 τοῖς
2326 585 2674 658 ἐπουρανίοις
2707 585 2766 637 ἐν
2793 580 3039 653 Χριστῷ.
3080 599 3099 632 ι

2157 679 2330 742 Αὐτὸς
2359 678 2535 742 ἔσται,
2573 676 2761 746 φησὶν,
2789 677 2823 744 ἡ
2861 673 3082 741 εὐλογία
3111 670 3297 744 ἡμῶν·
3329 668 3609 723 τουτέστιν

2089 773 2268 842 δωρεά
2301 772 2333 838 ἡ
2367 769 2521 841 παρά
2551 767 2713 832 Θεοῦ,
2740 769 2821 830 είς
2852 766 2914 819 τὺ
2954 762 3346 835 πνευματικῶν
3371 763 3519 832 ἡμᾶς
3542 763 3682 814 ἀπο-

2087 865 2284 920 λαῦσαι
2323 862 2567 932 ἀγαθῶν.
2629 860 2848 914 Τούτων
2886 859 2944 914 δὲ
2997 861 3030 929 ή
3069 857 3373 920 ἀπόλαυσις
3401 855 3501 908 οὐκ
3529 855 3681 906 ἔστιν

2086 961 2180 1012 ἐπὶ
2205 959 2311 1029 γῆς
2333 975 2344 986 ·
2384 957 2508 1011 ἐπεὶ
2541 955 2661 1011 οὐδέ
2700 956 2965 1028 σαρκικαὶ
2981 957 3038 1011 ai
3065 953 3332 1024 εὐλογίαι,
3360 951 3477 1008 ἀλλ’
3504 949 3680 1011 ἀΐδιος

2087 1054 2251 1115 τόπος
2275 1052 2459 1116 αὐτοῖς
2489 1053 2518 1105 ὁ
2549 1051 2819 1121 οὐράνιος.

2167 1163 2184 1195 ι
2219 1144 2418 1204 Καθὼς
2448 1144 2733 1208 ἐξελέξατο
2780 1145 2929 1214 ἡμᾶς
2973 1145 3032 1197 ἐν
3059 1141 3209 1212 αὐτῷ
3233 1139 3341 1211 πρὸ
3367 1137 3680 1208 καταδολῆς

2089 1239 2321 1310 κόσμου,
2349 1236 2489 1293 εἶναι
2523 1241 2672 1310 ἡμᾶς
2698 1238 2888 1308 ἁγίους
2922 1237 3016 1291 καὶ
3036 1236 3304 1308 ἀμώμους
3335 1230 3680 1287 κατενώπιον

2087 1330 2254 1385 αὐτοῦ
2286 1333 2343 1384 ἐν
2391 1332 2603 1403 ἀγάπῃ,
2635 1330 2934 1402 προορίσας
2967 1329 3115 1399 ἡμᾶς
3150 1328 3231 1391 είς
3286 1324 3559 1379 υἱοθεσίαν
3585 1323 3680 1377 διά

2102 1421 2280 1493 Ἰησοῦ
2311 1422 2552 1493 Χριστοῦ
2580 1425 2657 1486 είς
2694 1421 2908 1474 ἐαυτόν.
2943 1439 2959 1470 ι

3647 671 3682 737 ἡ

2121 1563 2125 1566 Α
2171 1598 2235 1651 Ἦ
2292 1553 2454 1668 χάρις
2509 1595 2605 1650 τοῦ
2663 1595 2984 1665 Πνεύματος
3040 1589 3361 1662 ἐφανερώθη
3408 1588 3506 1659 μέν
3554 1587 3680 1653 νῦν,

2089 1691 2412 1765 προϋπῆρχε
2440 1690 2497 1742 δὲ
2529 1688 2588 1755 ἐξ
2607 1688 2782 1759 ἀρχῆς
2807 1685 2962 1757 παρά
2980 1683 3100 1756 Θεῷ
3121 1685 3234 1746 τοῖς
3255 1681 3532 1744 ἐκλεκτοῖς
3555 1681 3678 1733 ἐπι-

2088 1784 2366 1857 νεμομένη
2393 1824 2408 1850 ,
2472 1781 2567 1844 οὒς
2620 1782 2715 1834 καὶ
2761 1779 3068 1852 προώρισεν
3119 1775 3478 1848 παραστάτας
3536 1769 3686 1827 εἶναι

2017 1857 2060 1913 Β
2087 1877 2252 1945 Θεοῦ,
2286 1877 2375 1930 διὰ
2402 1875 2506 1944 τῆς
2537 1871 2832 1943 δεδομένης
2863 1871 3177 1940 ἁγιότητος.

2161 1992 2180 2024 ι
2218 1969 2380 2024 Κατά
2409 1968 2512 2039 τὴν
2543 1965 2794 2020 εὐδοκίαν
2843 1961 2938 2016 τοῦ
3003 1961 3309 2033 θελήματος
3369 1957 3558 2023 αὐτοῦ,
3595 1959 3679 2020 είς

2084 2065 2307 2120 ἔπαινον
2328 2061 2486 2132 δόξης
2511 2059 2736 2131 χάριτος
2757 2058 2947 2123 αὐτοῦ,
2967 2055 3026 2108 ἐν
3109 2053 3443 2124 ἐχαρίτωσεν
3467 2051 3638 2121 ἡμᾶς.
3655 2068 3675 2100 ι

2153 2245 2522 2318 Ἐχαρίτωσεν
2545 2242 2697 2313 ἡμᾶς
2726 2238 2958 2308 ἑκουσίῳ
2985 2236 3188 2308 χάριτι,
3214 2233 3278 2288 οὐ
3308 2236 3376 2304 τῇ
3407 2232 3467 2297 ἐξ
3495 2231 3676 2303 ἔργων

2084 2339 2241 2411 ἡμῶν
2263 2337 2552 2402 ἀντιδόσει,
2581 2335 2807 2404 θέμενος
2835 2332 2984 2403 ἡμᾶς
3017 2329 3189 2393 υἱούς.

2157 2536 2175 2569 ‹
2225 2517 2312 2570 Ἐν
2346 2514 2424 2586 τῷ
2455 2517 2821 2587 ἠγαπημένῳ,
2847 2514 2904 2567 ἐν
2934 2504 2978 2580 ᾧ
3005 2510 3200 2581 ἔχομεν
3223 2511 3324 2580 τήν
3348 2505 3676 2576 ἀπολύτρω-

2085 2629 2167 2664 σιν
2199 2609 2290 2663 διὰ
2319 2609 2415 2663 τοῦ
2472 2608 2708 2680 αἵματος
2756 2605 2948 2672 αὐτοῦ,
2981 2603 3081 2674 τὴν
3107 2603 3304 2672 ἄφεσιν
3349 2600 3458 2654 τῶν
3490 2616 3672 2669 παρα-

2083 2700 2418 2771 πτωμάτων,
2449 2699 2593 2753 κατά
2623 2698 2712 2752 τὸν
2743 2696 2976 2751 πλοῦτον
3004 2694 3107 2765 τῆς
3139 2694 3360 2765 χάριτος
3393 2689 3580 2754 αὐτοῦ,
3606 2685 3678 2761 ἦς

2085 2796 2480 2868 ἐπερίσσευσεν
2497 2797 2574 2858 είς
2598 2795 2748 2865 ἡμᾶς
2776 2795 2836 2848 ἐν
2864 2793 3012 2864 πάσῃ
3041 2791 3206 2862 σοφίᾳ
3223 2789 3318 2844 καὶ
3349 2789 3674 2860 φρονήσει.»

2157 2973 2380 3044 Ἐπειδὴ
2414 2973 2526 3027 ἄνω
2560 2973 2652 3025 καὶ¹
2683 2948 2857 3025 ’κάτω
2906 2969 3156 3038 λέγουσιν
3192 2968 3248 3022 αί
3298 2967 3338 3019 Γ
3347 2965 3539 3038 ραφαὶ,
3591 2965 3674 3017 ὅτι

2085 3069 2329 3138 ὑπήκοος
2348 3066 2570 3134 γέγονεν
2591 3063 2669 3134 τῷ
2691 3061 2869 3132 Πατρὶ
2891 3061 3051 3133 μέχρι
3073 3059 3327 3123 Θανάτου,
3357 3057 3453 3112 καὶ
3480 3055 3672 3125 ἐπειδὴ

2084 3159 2268 3228 ἔλεγεν
2298 3160 2325 3211 ό
2377 3154 2631 3226 Χριστός·
2689 3153 2750 3207 '0
2795 3154 2964 3218 Θεὸς,
3021 3152 3167 3217 Θεός
3206 3166 3348 3219 μου,
3376 3145 3552 3226 εῑςιτι
3595 3162 3674 3214 με

2083 3250 2506 3320 ἑγκατέλιπες;
2542 3246 2628 3298 ἵνα
2666 3245 2740 3317 μή
2773 3261 2854 3303 τις
2874 3241 3136 3314 ὶὺπολάϐῃ
3185 3238 3400 3310 ἀληθῶς
3434 3237 3673 3305 ἐγκατα-

2084 3340 2362 3411 λελεῖφθαι
2396 3339 2558 3394 αὐτόν
2581 3355 2594 3368 ·
2628 3339 2675 3391 εἰ
2722 3337 2818 3390 καὶ
2859 3335 3002 3405 ὑπὲρ
3032 3334 3126 3388 τοῦ
3173 3329 3336 3402 ἡμῶν
3371 3329 3671 3428 προσώπου

2082 3435 2182 3498 τὰς
2211 3433 2469 3495 τοιαύτας
2510 3431 2664 3498 ἔλεγε
2712 3427 2926 3496 φωνάς’
2959 3425 3153 3480 τούτου
3201 3424 3361 3495 χάριν
3391 3424 3673 3490 πανταχοῦ

2083 3525 2444 3597 ἠγαπημένον
2477 3521 2573 3577 καὶ
2627 3519 2914 3590 ἀγαπητὸν
2972 3517 3139 3570 αὐτὸν
3187 3517 3224 3588 ἡ
3260 3513 3384 3568 θεία
3411 3513 3673 3584 κηρύττει

2084 3616 2301 3687 Γραφή.

2158 3806 2175 3838 ι
2216 3783 2495 3855 Γνωρίσας
2523 3783 2653 3852 ἡμῖν
2687 3779 2748 3832 τὸ
2781 3777 3081 3850 μυστήριον
3121 3772 3216 3827 τοῦ
3243 3771 3548 3842 θελήματος
3579 3769 3677 3820 αὐ-

2083 3899 2199 3934 του.
2251 3898 2270 3930 ι

2155 3973 2310 4026 υῦτω
2331 3969 2442 4040 γάρ
2467 3967 2646 4040 μόνως
2669 3967 2748 4029 είς
2773 3965 2920 4036 ἡμᾶς
2951 3966 2984 4034 ἡ
3017 3961 3254 4034 Χριστοῦ
3291 3961 3450 4032 χάρις
3474 3960 3673 4029 χωρεῖ-

2081 4087 2170 4121 ται
2198 4065 2288 4118 διὰ
2309 4064 2410 4135 τῆς
2429 4062 2684 4132 γνώσεως
2701 4077 2714 4090 ·
2750 4059 2779 4112 ὃ
2811 4058 2904 4112 ἐπὶ
2927 4059 3042 4120 τοῖς
3068 4053 3356 4126 ἀγνοοῦσιν
3377 4053 3479 4106 οὐκ
3501 4053 3674 4121 ἐφαρ-

2085 4159 2333 4231 μόζεται.
2607 4247 2612 4248 ν
2706 4246 2714 4248 Δ
2867 4245 2879 4248 _
2959 4241 2986 4248 _
3041 4241 3062 4248 _
3257 4238 3299 4248 ,Α
3435 4239 3449 4248 _
3569 4237 3582 4248 _
3637 4235 3664 4248 ,,

2157 4273 2175 4305 ι
2217 4249 2375 4305 Κατά
2399 4249 2499 4319 τήν
2532 4246 2787 4301 εὐδοκίαν
2822 4241 3011 4308 αὐτοῦ,
3035 4241 3105 4312 ἢν
3136 4238 3400 4312 προέθετο
3433 4239 3490 4291 ἐν
3523 4237 3676 4306 αὐτῷ

2084 4349 2161 4410 είς
2191 4342 2502 4412 οἰκονομίαν
2553 4340 2646 4393 τοῦ
2681 4337 3053 4410 πληρώματος
3090 4333 3199 4388 τῶν
3230 4331 3461 4404 καιρῶν.
3502 4349 3519 4381 ι

457 4535 594 4591 Nam
633 4511 770 4594 ante
822 4543 1026 4595 saecula
1083 4544 1476 4614 complacitum
1518 4546 1596 4600 illi
1640 4546 1745 4602 fuit
1777 4565 1840 4603 ea
1875 4551 1970 4606 be-

2107 4517 2109 4519 ’
2152 4520 2427 4592 Εὐδόκησε
2451 4521 2560 4590 γὰρ
2584 4519 2679 4572 ἐπὶ
2706 4520 2772 4589 τῇ
2802 4513 3096 4585 εὐεργεσίᾳ
3124 4515 3298 4585 ταύτῃ
3327 4513 3433 4580 πρὸ
3455 4511 3672 4614 αἰῶνοςο

387 4630 680 4685 neiicentia
713 4632 832 4698 uti;
865 4633 956 4686 cui
999 4641 1185 4690 tamen
1226 4634 1516 4690 deﬁnitum
1556 4647 1679 4692 erat
1730 4647 1976 4712 tempus,

383 4725 585 4793 inquo
627 4724 788 4778 linem
837 4739 1236 4799 congruentem
1298 4729 1609 4811 habuerunt
1663 4747 1786 4802 quae
1841 4750 1977 4805 prte-

387 4815 665 4871 destinata
698 4816 940 4874 fuerant.

467 4925 483 4952 ι
516 4905 832 4964 lnstaurare
873 4912 1060 4966 omnia
1093 4913 1149 4966 in
1184 4911 1434 4978 Christo,
1473 4930 1595 4985 qua:
1621 4915 1673 4971 in
1704 4919 1883 4987 caelis,
1925 4930 1978 4976 et

391 5011 514 5065 qua:
549 4995 604 5049 in
648 5006 792 5054 terra
826 5010 980 5056 sunt.
1021 5022 1039 5055 ι

461 5088 742 5154 Quantum
769 5092 948 5150 Adam
981 5096 1070 5151 his
1101 5100 1359 5157 omnibus
1402 5106 1680 5172 peccando
1708 5106 1980 5174 spoliatus

387 5191 497 5246 est,
541 5185 888 5242 tantumdem
937 5193 1277 5248 restauratio
1325 5195 1471 5251 facta
1511 5208 1596 5253 est
1635 5200 1690 5252 in
1731 5198 1977 5254 Christo.

388 5272 738 5338 Quibusnam
782 5278 956 5350 igitur
991 5284 1263 5352 spoliatus
1299 5288 1446 5344 fuit?
1483 5295 1748 5348 nimirum
1791 5295 1980 5348 incor-

388 5374 590 5435 ruptus
638 5381 767 5423 cum
805 5379 984 5438 esset,
1019 5374 1074 5428 in
1108 5381 1524 5449 corruptionem
1576 5383 1816 5449 cecidit;
1854 5401 1979 5440 cum

424 5479 467 5511 ³⁷
492 5481 639 5536 Psal.
667 5499 780 5549 ut,
813 5484 865 5540 1.

2079 4617 2284 4688 ὥριστο
2302 4616 2360 4669 δέ
2389 4615 2525 4684 αὐτῇ
2555 4613 2656 4666 καὶ
2678 4612 2890 4683 χρόνος,
2931 4610 3020 4662 ὅτε
3057 4608 3128 4660 τὰ
3155 4605 3547 4677 προωρισμένα
3579 4601 3676 4655 πέ-

2084 4727 2184 4781 ρας
2214 4708 2430 4772 ἐδέξατο
2471 4707 2675 4758 ἱκανόν.

2152 4927 2169 4961 ι
2208 4900 2831 4972 ’Δνακεφαλαιώσασθαι
2870 4898 2940 4951 τὰ
2991 4896 3173 4951 πάντα
3209 4897 3264 4948 ἐν
3314 4893 3392 4964 τῷ
3428 4891 3677 4962 Χριστῷ,

2082 5002 2152 5056 τὰ
2180 5001 2273 5052 ἐπὶ
2304 5000 2417 5060 τοῖς
2448 4995 2699 5066 οὐρανοῖς
2731 4991 2826 5044 καὶ
2855 4989 2927 5042 τὰ
2949 4990 3042 5042 ἐπὶ
3073 4991 3172 5059 τῆς
3203 4986 3306 5057 γῆς
3336 4987 3395 5039 ἐν
3432 4983 3607 5054 αὐτῷ.
3646 5002 3666 5034 ι

2156 5094 2320 5145 Ὅσον
2377 5091 2405 5141 ὁ
2451 5087 2624 5156 Ἀδὰμ
2689 5082 3017 5154 ἁμαρτήσας
3067 5079 3418 5151 ἀπεστερήθη
3469 5079 3680 5132 τούτων

2085 5186 2328 5247 πάντων,
2369 5179 2672 5240 ἀνανέωσις
2711 5177 2935 5245 γέγονεν
2963 5185 2987 5213 θ
3011 5176 3070 5226 ἐν
3101 5172 3343 5242 Χριστῷ.
3378 5171 3555 5225 Τίνων
3585 5167 3680 5225 οὖν

2084 5273 2438 5347 ἀπεστερήθη
2459 5289 2473 5338 ;
2496 5271 2775 5341 ἄφθαρτος
2795 5267 2892 5328 ὢν,
2912 5268 2990 5330 εἰς
3017 5265 3226 5336 φθορὰν
3247 5260 3404 5334 ἦλθε,
3423 5263 3516 5315 καὶ
3543 5261 3682 5316 ἀθά-

2083 5391 2244 5436 νατος
2273 5369 2368 5437 ὢν,
2395 5370 2474 5430 είς
2510 5365 2762 5430 θάνατον,
2791 5364 2886 5418 καὶ
2910 5361 3020 5415 ἀπὸ
3051 5359 3404 5431 παραδείσου,
3435 5356 3542 5421 ἔξω
3571 5374 3680 5409 πα-

1711 5581 1940 5636 VARI/IS
1970 5577 2381 5635 LECTIONES.

463 5674 486 5701 θ
531 5663 880 5736 Ἇνανέισισις
910 5671 1176 5740 γέγονεν.
1216 5673 1438 5728 Diversa
1469 5673 1582 5727 lucc
1622 5683 1752 5728 sunt
1779 5687 2006 5751 a‘sensu
2035 5669 2447 5751 Chrysostomi.
2483 5671 2568 5723 Clti
2609 5664 3217 5751 ὅξνακεφαλαιῶσασθῇξο
3251 5668 3680 5751 Έδλιμῖξηδηῖξ

389 5749 529 5788 mam
563 5736 813 5806 reaigcre,
853 5736 996 5798 ιιοιι⁷
1032 5745 1353 5809 instaurare,
1381 5752 1471 5798 aut.
1495 5746 1759 5798 innovare.
1791 5743 1893 5809 Qui
1929 5758 2027 5798 nec
2062 5736 2218 5813 pum
2257 5744 2361 5796 alia
2395 5756 2513 5808 qua:
2551 5740 2990 5808 subsequuntur,
3045 5753 3076 5792 a
3134 5736 3532 5804 Chrysostomo
3587 5746 3678 5785 ac-

393 5813 553 5872 cepta
582 5816 730 5862 sunt.
