3970 6444
341 373 446 428 8-25

1471 383 1553 442 IN
1592 382 1830 442 EPIST.
1872 381 1972 440 AD
2011 375 2400 438 EPIIESIOS.

3488 370 3601 436 826

340 490 611 562 ραδείσου.
652 487 843 544 Ταῦτα
877 486 971 546 οῦν
1005 489 1296 563 προέκειτό
1329 493 1480 562 ποιρά
1513 491 1634 562 Θεῷ
1654 531 1668 556 ,
1725 492 1804 554 είς
1858 490 1898 542 τὲ

2022 496 2172 544 esset
2246 482 2600 548 immortalis,
2655 477 2720 536 in
2758 487 2995 536 mortem
3053 477 3312 544 incurrit,
3373 485 3600 549 atquee

333 581 918 652 ἀνακεφαλαιώσασθαι
951 583 1046 636 καὶ
1072 582 1396 650 ἀνανεῶσαι,
1422 583 1514 637 καὶ
1552 565 1692 652 ὑπὲρ
1716 581 1917 634 τούτων

336 676 559 743 γέγονεν
579 676 607 727 6
639 673 950 743 Μονογενῇς
981 675 1265 744 ἄνθρωπος
1283 715 1296 739 ,
1325 674 1413 728 ἴνα
1442 673 1721 745 καταλύσῃ
1751 673 1916 726 θάνα-

335 783 448 832 τον,
469 767 563 821 καὶ
587 767 752 838 ἀνέλῃ
781 767 880 837 τὴν
908 767 1134 836 φθορὰν,
1153 768 1248 820 καὶ
1265 767 1363 838 τὴν
1385 766 1660 838 ἁμαρτίαν
1687 765 1914 836 ἐκϐάλῃ,

331 858 360 912 ὃ
387 861 483 913 καὶ
516 859 706 928 γέγονε
723 861 1172 932 παραγενομένου
1205 859 1464 932 Χριστοῦ.
1491 860 1564 913 Τὸ
1590 860 1668 923 δὲ,
1693 859 1764 912 ἐν
1791 861 1917 924 τοῖς

331 953 634 1021 οὐρανοῖς,
675 954 862 1008 τοῦτον
896 954 1009 1025 ἔχει
1033 955 1125 1008 τὸν
1152 955 1354 1025 τρόπον
1379 970 1392 983 ο
1419 954 1500 1007 ὅτι
1544 952 1688 1024 λύπη
1714 947 1783 1023 ἦν
1821 969 1916 1022 με-

331 1047 471 1117 γάλη
499 1049 592 1101 καὶ
620 1046 964 1110 ἀδιάλειπτος
1003 1045 1100 1100 τοῦ
1132 1047 1334 1116 κόσμου
1371 1045 1774 1116 ἁμαρτάνοντος
1800 1046 1913 1107 τοῖς

329 1136 608 1204 ἀγγέλοις,
639 1137 734 1189 καὶ
772 1136 878 1189 ὑπὸ
914 1136 1159 1205 κατάραν
1179 1135 1360 1198 ὄντος·
1412 1135 1504 1187 καὶ⁴
1534 1134 1692 1203 δῆλον
1725 1135 1783 1186 ἐν
1832 1130 1912 1202 τῷ

328 1227 507 1279 εἰπεῖν
539 1225 627 1278 τὸν
661 1226 888 1297 Κύριον,
915 1226 997 1279 ὅτι
1030 1225 1192 1295 Χαρά
1218 1226 1290 1280 ἐν
1314 1224 1548 1293 οὐρανῷ
1567 1225 1791 1293 γίνεται
1811 1222 1910 1276 ἐπὶ

328 1313 421 1368 ἐνὶ
445 1315 773 1384 ἁμαρτωλῷ
797 1314 1193 1385 μετανοοῦντι
1211 1331 1226 1346 ·
1260 1313 1408 1382 λέγει
1439 1309 1551 1380 οὖν,
1588 1313 1663 1375 ὡς
1685 1311 1854 1365 ἐλθὼν
1883 1313 1912 1364 6

327 1406 536 1476 Κύριος
558 1447 572 1472 ,
609 1407 705 1461 καὶ
760 1407 829 1460 τά
876 1407 969 1461 ἐπὶ
1018 1409 1117 1477 τῆς
1137 1406 1242 1476 γῆς
1278 1406 1594 1472 ἀνενέωσεν,
1635 1403 1824 1459 καὶτὰ
1852 1406 1910 1456 ὲν

322 1501 435 1561 τοῖς
460 1499 730 1569 οὐρανοῖς,
763 1499 984 1572 ἐκείνης
1007 1499 1220 1562 παύσας
1247 1499 1373 1562 τοὺς
1399 1499 1664 1567 ἀγγέλους
1689 1498 1787 1567 τῆς
1819 1495 1911 1549 λύ-

323 1607 454 1661 πης,
490 1586 561 1662 ἧς
607 1592 902 1645 ἐλυποῦντο
958 1593 1051 1651 ἐπὶ
1082 1595 1148 1664 τῇ
1194 1591 1304 1645 τῶν
1357 1590 1661 1664 ἀνθρώπων
1709 1589 1906 1661 φθορᾷ.

333 1681 610 1750 Ἀνήγαγε
638 1681 748 1751 γὰρ
777 1683 974 1746 αὑτοὺς
1002 1681 1096 1735 ἐπὶ
1122 1683 1222 1754 τὴν
1265 1682 1542 1754 προτέραν
1584 1679 1780 1752 χαρὰν,
1810 1679 1908 1751 τὴν

323 1771 468 1844 ὑπὲρ
493 1771 606 1828 τῶν
635 1774 980 1844 σωζομένων.

396 2074 416 2108 ι
446 2057 539 2110 Ἐν
586 2049 630 2123 ᾧ
687 2055 781 2109 καὶ
833 2055 1248 2127 ἐκληρώθημεν,
1298 2056 1717 2127 προορισθέντες
1761 2056 1905 2110 κατὰ

313 2146 584 2216 πρόθεσιν
607 2147 700 2200 τοῦ
725 2146 796 2200 τὰ
819 2149 996 2202 πάντα
1023 2147 1376 2218 ἐνεργοῦντος
1411 2147 1553 2202 κατὰ
1576 2147 1676 2218 τὴν
1709 2147 1902 2219 βουλὴν

311 2239 408 2291 τοῦ
444 2238 752 2308 θελήματος
785 2238 972 2302 αὑτοῦ,
999 2240 1079 2303 είς
1115 2241 1176 2294 τὸ
1206 2235 1347 2294 εἶναι
1395 2242 1543 2312 ἡμᾶς
1570 2241 1649 2304 είς
1683 2239 1902 2294 ἔπαινον

308 2328 478 2400 δόξης
509 2329 696 2396 αὑτοῦ,
723 2329 849 2392 τοὺς
881 2331 1290 2401 προηλπικότας
1327 2333 1386 2384 ὲν
1413 2331 1494 2403 τῷ
1521 2330 1762 2402 Χριστῷ.
1805 2349 1822 2381 ι

304 2593 350 2650 Θ
392 2506 485 2606 ’ἓν
515 2507 761 2578 Χριστῷ,
821 2509 986 2580 φησὶ,
1038 2509 1385 2580 γιγνόμενοι,
1440 2511 1600 2581 μερὶς
1634 2511 1899 2584 γινόμεθα

351 2611 470 2650 εου.

351 2611 470 2651 εου.

383 2707 403 2740 ε
459 2688 551 2742 Ἐν
577 2682 622 2759 ᾧ
641 2695 732 2744 καὶ
758 2690 916 2760 ὑμεῖς
963 2691 1298 2755 ἀκούσαντες
1339 2693 1431 2747 τὸν
1460 2699 1615 2763 Λόγον
1641 2695 1741 2765 τῆς
1764 2696 1898 2766 ἀλη-

304 2779 487 2849 θείας,
524 2783 588 2836 τὸ
629 2783 961 2852 Εύαγγέλιον
991 2785 1092 2853 τῆς
1126 2785 1400 2854 σωτηρίας
1433 2785 1609 2855 ὑμῶν,
1640 2788 1698 2838 ὲν
1727 2778 1771 2853 ᾧ
1805 2787 1900 2840 καὶ

301 2875 702 2939 πιστεύσαντες
723 2879 1120 2952 ἐσφραγίσθητε
1135 2878 1213 2949 τῷ
1227 2877 1506 2947 Πνεύματι
1532 2880 1632 2949 τῆς
1661 2879 1901 2948 ἐπαγγε-

298 2963 429 3030 λίας
458 2965 537 3037 τῷ
572 2967 733 3036 ἁγίῳ.
766 2985 786 3018 ι

374 3057 502 3111 Τῶν
552 3057 1026 3128 προεγνωσμένων
1082 3057 1209 3111 ἐστὲ
1243 3059 1337 3112 καὶ
1373 3060 1552 3130 ὑμεῖς,
1580 3062 1766 3130 φησὶν,
1819 3063 1894 3114 oio

2021 577 2283 649 paradiso
2321 576 2517 649 pulsus
2547 581 2632 631 est
2677 573 2844 628 foras.
2881 570 3008 627 Haec
3046 572 3236 642 itaque
3269 569 3430 640 179
3471 584 3600 639 pro-

2020 679 2283 742 posuerat
2317 669 2462 724 Deus
2502 667 2902 738 redintegrare,
2943 673 2998 722 et
3037 679 3343 729 renovare;
3380 671 3436 718 et
3468 676 3600 731 pro-

2018 772 2208 833 pterea
2256 759 2592 832 Unigenitus
2646 759 2826 813 factus
2864 765 2950 812 est
3004 757 3190 823 homo,
3251 763 3312 808 ut
3354 759 3594 808 mortem

2019 855 2354 918 destrueret,
2385 852 2763 922 :aufcrretque
2811 849 3243 917 corruptionem,
3284 852 3339 900 et
3397 859 3594 915 pecca-

2019 955 2133 1001 tum
2178 946 2481 1016 expelleret
2515 963 2528 1000 :
2578 943 2635 998 id
2685 942 2835 1013 quod
2871 940 3201 996 adveniente
3237 937 3458 992 Christo
3497 951 3588 1006 pa~

2016 1045 2223 1093 tratum
2255 1035 2382 1090 fuit.
2413 1033 2570 1102 Quod
2612 1042 2796 1088 autem
2829 1033 2884 1085 in
2915 1031 3058 1085 cwtis
3097 1029 3253 1092 dicit,
3295 1027 3399 1083 hoc
3428 1027 3592 1081 modo

2015 1129 2272 1200 contigit.
2303 1128 2599 1194 {Quoniam
2655 1125 2840 1196 angeli
2883 1124 3160 1194 ingentem
3189 1122 3403 1176 luctum
3434 1119 3593 1174 inde-

2013 1223 2260 1279 sinenter
2300 1221 2537 1295 agebant
2587 1218 2658 1274 de
2694 1217 2942 1289 peccatis
2990 1215 3208 1281 mundi,
3251 1213 3514 1284 quodque
3544 1210 3592 1266 is

2012 1313 2385 1371 exsecrationi
2417 1320 2538 1368 erat
2571 1311 2851 1367 obnoxius
2885 1309 3060 1378 (atqui
3091 1308 3199 1362 hoc
3235 1305 3591 1361 manifestum

2011 1415 2099 1463 est
2133 1407 2292 1463 hisce
2325 1404 2545 1460 Domini
2574 1405 2798 1460 verbis:
2837 1401 3102 1456 Gaudium
3144 1409 3218 1454 est
3256 1402 3310 1452 in
3342 1397 3467 1451 caelo
3495 1412 3592 1451 su-

2011 1515 2102 1570 per
2133 1516 2236 1554 uno
2270 1506 2546 1568 peccatore
2587 1489 2950 1566 paenitentia’m
3009 1502 3194 1563 agente
3221 1489 3330 1561 ³⁸);
3382 1487 3592 1542 idcirco

2013 1596 2112 1660 ait,
2149 1593 2442 1648 Dominum
2495 1591 2738 1646 adventu
2776 1603 2900 1654 suo,
2952 1600 3074 1641 cum
3108 1600 3171 1640 ea
3202 1597 3323 1653 quae
3364 1581 3418 1634 in
3443 1589 3588 1636 terra

2014 1695 2146 1743 sunt
2175 1699 2501 1749 renovasse,
2547 1690 2668 1738 tum
2711 1697 2835 1753 quae
2878 1681 2937 1735 in
2982 1677 3164 1739 caelis,
3206 1675 3394 1730 sedato
3425 1685 3591 1741 ange-

2011 1778 2193 1833 lorum
2243 1776 2421 1838 luctu,
2471 1787 2635 1844 quem
2693 1783 2920 1843 propter
2973 1766 3259 1822 interitum
3302 1761 3587 1817 hominum

1941 1851 1984 1906 Β
2013 1868 2308 1925 ducebant.
2333 1866 2429 1922 Eis
2461 1866 2666 1936 quippe
2694 1861 2956 1934 gaudium
2987 1857 3287 1930 pristinum
3321 1852 3582 1917 reddidit,

2009 1961 2188 2018 salute
2220 1958 2542 2014 hominibus
2579 1968 2870 2010 concessa.

2118 2050 2289 2106 Vens.
2320 2049 2410 2114 11,
2449 2049 2538 2104 12.
2575 2066 2593 2099 ι
2636 2046 2698 2102 In
2726 2059 2838 2116 quo
2868 2051 2922 2100 et
2953 2058 3055 2098 nos
3088 2049 3241 2096 sorte
3275 2039 3456 2094 vocati
3491 2055 3586 2092 su-

2006 2163 2154 2213 mus,
2196 2141 2574 2215 prazdestinati
2596 2138 2901 2196 secundum
2933 2133 3270 2206 propositum
3294 2128 3456 2200 'ejus,
3490 2129 3584 2205 qui

2006 2246 2273 2311 operatur
2333 2234 2517 2290 omnia
2552 2230 2862 2289 secundum
2928 2227 3226 2283 consilium
3278 2221 3582 2276 voluntatis

2006 2348 2146 2398 suae,
2176 2341 2238 2387 ut
2277 2331 2453 2386 simus
2484 2328 2540 2384 in
2568 2327 2785 2381 laudem
2809 2323 2998 2395 gloriae
3028 2318 3160 2378 eius
3197 2333 3316 2383 nos,
3343 2317 3434 2388 qui
3461 2324 3587 2369 ante

2005 2424 2358 2497 speravimus
2391 2423 2446 2477 in
2475 2420 2718 2476 Christo.
2755 2436 2774 2470 ι

2076 2519 2214 2573 Dum
2238 2518 2294 2573 in
2321 2515 2546 2573 Christo
2579 2527 2800 2576 sumus,
2832 2509 3037 2581 inquit,
3067 2507 3251 2580 portio
3277 2506 3374 2562 Dei
3438 2504 3581 2562 exsi-

2004 2613 2224 2670 stimus.

2076 2703 2242 2760 Vens.
2280 2703 2367 2758 15.
2404 2720 2422 2755 ι
2451 2701 2510 2756 In
2542 2714 2653 2770 quo
2712 2698 2881 2755 etiam
2914 2706 2968 2752 et
3007 2711 3107 2750 vos
3139 2691 3429 2747 audientes
3462 2703 3583 2744 ver-

2001 2798 2133 2853 bum
2170 2795 2421 2851 vcritatis
2447 2795 2462 2864 (
2485 2791 2838 2862 Evangelium
2873 2787 3069 2844 salutis
3107 2783 3356 2852 vestrm),
3382 2782 3438 2835 in
3472 2795 3583 2851 quo

2001 2898 2058 2947 et
2109 2889 2404 2946 credentes
2459 2886 2666 2958 signati
2719 2883 2875 2946 estis,
2932 2879 3140 2950 Spiritu
3191 2872 3583 2947 promissionis

2002 2990 2220 3040 sancto.
2246 3000 2264 3033 ι

2072 3071 2185 3128 Vos
2237 3085 2460 3142 quoque
2518 3084 2582 3123 ex
2614 3063 2968 3136 pracognitis
3016 3062 3174 3123 estis,
3224 3057 3430 3126 inquit,
3487 3054 3584 3124 qui

297 3150 620 3221 κειούμενοι
648 3151 873 3222 Χριστῷ
900 3151 967 3204 δι’
999 3152 1276 3222 ὑπακοῆς,
1307 3154 1404 3206 καὶ
1422 3154 1524 3223 τῆς
1547 3153 1641 3206 ἐπὶ
1670 3156 1735 3226 τῇ
1758 3155 1894 3225 ἀκοῇ

2014 3165 2222 3222 Shristo
2251 3161 2659 3233 conjungimini
2696 3175 2794 3230 per
2817 3154 3188 3212 obedientiam
3223 3161 3279 3207 et
3304 3167 3401 3222 per
3421 3149 3583 3205 fidem

295 3243 547 3306 πίστεως
574 3281 590 3308 ,
648 3244 741 3296 καὶ
792 3243 887 3296 τοῦ
922 3244 1016 3296 ἐπὶ
1055 3246 1123 3315 τῇ
1185 3247 1367 3299 πίστει
1409 3246 1785 3316 σφραγισμοῦ,
1835 3248 1893 3310 ὃς

295 3338 455 3390 ἐστιν
489 3336 754 3406 ὁμοίωσις
782 3337 920 3407 πρὸς
949 3338 1186 3409 Χριστὸν
1218 3338 1305 3392 διὰ
1323 3339 1423 3408 τῆς
1457 3339 1550 3392 τοῦ
1575 3339 1894 3410 Πνεύματος

300 3428 690 3499 μεταλήψεως.
746 3430 905 3500 Παρά
934 3431 1082 3494 τίνος
1115 3432 1173 3485 δὲ
1201 3433 1442 3502 ἥκουσαν
1473 3432 1565 3486 τὸν
1610 3431 1767 3502 λόγον
1795 3432 1894 3502 τῆς

297 3517 585 3588 ἀληθείας,
638 3519 671 3587 ἢ
726 3521 878 3590 παρά
909 3521 1157 3574 Ἰωάννου
1192 3521 1286 3574 τοῦ
1323 3522 1746 3591 εὑαγγελιστοῦς
1779 3523 1896 3576 ἐκεῖ

299 3609 412 3679 γὰρ
445 3609 751 3681 ἐκήρυττεν
772 3627 787 3641 ο
816 3611 897 3664 διὸ
931 3612 1037 3670 καὶ,
1057 3612 1390 3683 ὑψηλότερον
1431 3615 1616 3679 αὐτοῖς
1648 3614 1896 3684 διαλέγε-

303 3717 390 3754 ται
410 3704 440 3756 ό
456 3701 688 3770 Παῦλος,
718 3703 812 3757 ἆτε
841 3707 906 3757 ἐκ
927 3708 1025 3774 τῆς
1053 3705 1264 3758 ἐκείνου
1281 3706 1630 3770 διδασκαλίας
1652 3725 1896 3779 προκατ-

305 3794 678 3866 ηρτισμένοις.
702 3795 838 3850 Λίαν
871 3797 980 3866 γὰρ
1015 3796 1222 3867 ὑψηλὸς
1254 3800 1334 3863 εἰς
1365 3799 1643 3869 θεολογίαν
1669 3803 1697 3856 ό
1727 3803 1890 3875 ἀνήρ.

381 3992 401 4026 ι
441 3973 544 4037 Ὃς
575 3974 727 4028 ἐστιν
755 3974 1018 4047 ἀρραϐὼν
1051 3976 1148 4047 τῆς
1200 3977 1570 4050 κληρονομίας
1621 3980 1781 4051 ἡμῶν
1815 3983 1893 4046 είς

307 4063 688 4136 ἀπολύτρωσιν
713 4068 814 4136 τῆς
846 4068 1278 4136 περιποιήσεως,
1311 4070 1388 4133 εἰς
1422 4069 1642 4123 ἔπαινον
1677 4071 1776 4140 τῆς
1809 4071 1894 4125 δό-

307 4155 399 4227 ξης
419 4154 605 4210 αὑτοῦ.
633 4173 655 4206 ι

373 4249 704 4320 ’Δρραϐῶνα
751 4250 899 4320 λέγει
951 4251 1128 4322 ἀρχὴν
1156 4253 1424 4323 κτήσεως.
1455 4257 1628 4326 Φησὶν
1649 4256 1764 4322 οῦν,
1817 4256 1893 4321 ὡς

305 4344 602 4416 Δεξάμενοι
633 4345 694 4398 τὸ
727 4345 976 4416 Πνεῦμα,
1003 4344 1293 4416 ἠρξάμεθα
1321 4347 1424 4418 ἤδη
1459 4349 1716 4420 κτήματα
1751 4345 1892 4404 εἶναι

305 4435 542 4507 Χριστοῦ
571 4436 667 4490 καὶ
696 4437 854 4491 Θεοῦ.

2001 3257 2229 3314 auditus
2259 3253 2664 3311 consectariam
2684 3290 2698 3314 ,
2724 3264 2826 3305 nec
2845 3263 2954 3304 non
2977 3261 3075 3317 per
3093 3243 3441 3315 signaculum
3473 3257 3586 3311 quo

1999 3351 2134 3406 ﬁdes
2183 3348 2455 3412 munitur,
2517 3345 2777 3416 quodque
2807 3340 3019 3396 Christi
3060 3335 3373 3394 similitudo
3393 3340 3478 3388 est
3510 3333 3583 3388 ob

1998 3441 2240 3512 Spiritus
2271 3437 2779 3510 participationem.
2819 3433 2862 3486 A
2893 3443 3138 3500 quonam
3183 3440 3318 3481 vero
3351 3424 3582 3479 verbum

1995 3533 2246 3588 veritatis
2302 3528 2529 3602 Ephesii
2579 3525 2902 3587 audierunt,
2942 3521 3052 3575 nisi
3087 3534 3116 3572 a
3153 3516 3368 3572 Joanne
3408 3527 3581 3569 evan-

1994 3622 2216 3693 gelista,
2248 3621 2341 3688 qui
2376 3619 2488 3674 illic
2530 3614 2912 3689 praedicabat?
2941 3609 3214 3678 Quocirca
3237 3604 3583 3664 sublimioris

1996 3728 2194 3769 sensus
2236 3713 2403 3767 verba
2428 3709 2496 3764 ad
2525 3711 2650 3764 illos
2686 3707 2819 3761 facit
2851 3705 3084 3767 Paulus,
3121 3717 3222 3756 ceu
3251 3700 3342 3769 qui
3370 3698 3481 3765 jam
3515 3695 3582 3750 il-

1994 3807 2105 3861 lius
2118 3812 2307 3861 essent
2327 3802 2584 3858 doctrina
2610 3799 2874 3858 instituti.
2903 3797 2951 3852 ls
2973 3797 3175 3867 quippe
3194 3793 3278 3848 vir
3302 3791 3588 3846 altissima),

1997 3896 2286 3966 theologia:
2309 3906 2445 3953 erat.

2067 3989 2237 4045 Vens.
2305 3990 2395 4044 14.
2431 4008 2451 4041 ι
2479 3988 2588 4056 Qui
2613 3995 2701 4044 est
2733 3985 2936 4057 pignus
2968 3979 3314 4038 hmreditatis
3356 3983 3582 4040 nostrae,

1995 4083 2052 4137 in
2079 4081 2518 4152 redemptionem
2555 4077 2976 4150 acquisitionis,
3019 4075 3076 4129 in
3124 4071 3341 4127 laudem
3394 4067 3587 4139 gloria:

1993 4174 2193 4246 ipsius.
2230 4192 2248 4226 ι

2063 4263 2270 4335 Pignus
2320 4270 2375 4318 et
2429 4262 2652 4316 arrham
2701 4267 2864 4315 vocat
2901 4257 3126 4313 initium
3167 4249 3580 4322 acquisitionis.

1993 4358 2084 4412 Ait
2109 4371 2266 4428 ergo,
2300 4361 2564 4422 suscepto
2595 4351 2804 4422 Spiritu
2835 4349 3112 4419 incepisse
3131 4359 3234 4399 nos
3275 4340 3584 4413 possessio-

1995 4464 2119 4505 ncm
2160 4456 2215 4503 et
2240 4446 2520 4519 peculium
2545 4444 2756 4499 Christi
2781 4454 2835 4499 et
2867 4442 2963 4497 Dei
3001 4439 3138 4497 ﬁeri.
3327 4437 3334 4445 '

378 4547 398 4580 ι
429 4529 532 4582 Διά
580 4528 740 4582 τοῦτο
775 4529 932 4599 κάγὼ
962 4531 1200 4595 ἀκούσας
1233 4532 1331 4604 τὴν
1361 4533 1485 4587 καθ’
1526 4534 1670 4604 ὑμᾶς
1709 4533 1890 4590 πίστιν

2063 4539 2233 4594 Vens.
2288 4538 2476 4593 15-17.
2521 4555 2539 4589 ι
2571 4538 2872 4606 Propterea
2906 4543 2960 4590 et
2989 4550 3089 4605 ego
3122 4535 3358 4591 audiens
3419 4534 3580 4589 ﬁdem

303 4623 459 4717 ὲντῷ
486 4623 673 4693 Κυρίῳ
702 4624 901 4692 Ἰησοῦ,
929 4626 1024 4678 καὶ
1058 4625 1158 4696 τὴν
1191 4627 1414 4698 ἀγάπην
1433 4628 1534 4698 τὴν
1567 4630 1646 4692 είς
1680 4631 1890 4694 πάντας

2014 4643 2232 4689 'estram
2257 4647 2379 4703 quae
2406 4639 2490 4687 est
2524 4630 2580 4685 in
2615 4629 2842 4684 Domino
2870 4628 3023 4694 Jesn,
3058 4639 3111 4683 et
3139 4627 3492 4684 dilectionem
3525 4628 3579 4681 in

303 4715 429 4777 τοὺς
480 4714 692 4781 ἁγίους,
739 4715 802 4767 οὑ
839 4715 1103 4786 ,παύομαι
1152 4717 1491 4788 εὐχαριστῶν
1541 4719 1683 4791 ὑπὲρ
1714 4720 1890 4792 ὑμῶν,

307 4806 502 4875 μνείαν
533 4805 688 4876 ὑμῶν
711 4805 1036 4877 ποιούμενος
1062 4807 1155 4860 ἐπὶ
1179 4809 1288 4860 τῶν
1314 4810 1634 4880 προσευχῶν
1659 4827 1784 4878 μου,
1805 4812 1892 4865 ἴνα

302 4900 332 4952 6
367 4897 502 4961 Θεὸς
523 4898 616 4952 τοῦ
652 4899 859 4970 Κυρίου
885 4899 1042 4971 ήμῶν
1090 4899 1266 4972 Ἰησοῦ
1306 4903 1568 4973 Χριστοῦ.
1617 4922 1634 4953 ›

374 4989 684 5061 Ἀκηκοὼς,
716 4991 870 5061 φησι,
904 4993 1002 5062 τὴν
1028 4993 1212 5046 πίστιν
1243 4993 1419 5063 ὑμῶν,
1454 4995 1575 5049 καθ’
1608 4997 1894 5068 ἣνάναφέ-

307 5079 471 5152 ρεσθε
497 5082 580 5144 εἰς
604 5082 862 5154 Χριστὸν,
881 5082 977 5136 καὶ
999 5083 1098 5153 τὴν
1135 5084 1359 5157 ἀγάπην
1399 5086 1497 5156 τὴν
1519 5087 1795 5162 ἑπομένην
1824 5093 1890 5160 τῇ

305 5174 513 5238 πίστει,
547 5175 706 5246 χάριν
759 5175 1018 5250 ἀναφέρω
1049 5177 1190 5247 ὑπὲρ
1219 5177 1394 5246 ὑμῶν,
1429 5179 1525 5231 καὶ
1558 5178 1761 5250 ταύτην
1793 5182 1892 5234 οὑκ

305 5271 385 5327 εις
410 5263 582 5329 ἅπαξ,
617 5265 754 5319 ἀλλά
781 5267 876 5318 καὶ
912 5265 1001 5318 διὰ
1032 5265 1254 5328 παντός.

383 5373 403 5406 σ
459 5355 518 5410 '0
552 5357 742 5430 Πατὴρ
760 5358 860 5428 τῆς
893 5357 1070 5429 δόξης.
1119 5374 1137 5406 ι

376 5449 692 5516 Τουτέστιν,
717 5451 960 5523 ἀρχηγὸς
990 5453 1186 5515 παντὸς
1217 5451 1311 5505 τοῦ
1331 5452 1606 5526 διδομένου
1631 5456 1709 5518 εἰς
1745 5457 1890 5527 ἡμᾶς

310 5542 462 5596 θείου
490 5543 847 5614 χαρίσματος,
884 5546 1020 5617 ὅπερ
1058 5548 1118 5601 ἐν
1144 5547 1422 5618 Πνεύματι
1465 5548 1551 5603 διὰ
1581 5549 1673 5602 τοῦ
1715 5549 1887 5616 Λόγου

317 5635 567 5707 χορηγεῖτ
575 5651 628 5688 αι
639 5677 650 5688 .

388 5810 436 5846 ⁸⁸
492 5812 744 5876 Luc.xv,
803 5812 887 5868 10.

1991 4739 2182 4780 omnes
2211 4731 2458 4790 sanctos,
2496 4735 2609 4775 non
2631 4735 2792 4774 cesso
2829 4718 3037 4790 gratias
3066 4733 3234 4789 agens
3261 4733 3363 4789 pro
3395 4719 3576 4780 vobis,

1989 4817 2319 4874 memoriam
2357 4815 2532 4871 vestri
2567 4815 2779 4870 faciens
2828 4814 2884 4868 in
2912 4813 3267 4868 orationibus
3307 4812 3474 4877 meis,
3519 4818 3583 4865 ut

1993 4908 2139 4964 Deus
2182 4909 2397 4963 Domini
2432 4908 2610 4963 nostri
2643 4905 2770 4963 Jesu
2807 4905 3040 4970 Christi,
3080 4923 3099 4956 ι

2061 4999 2290 5064 Audita,
2316 4999 2521 5070 inquit,
2548 5006 2726 5054 vestra
2749 4996 2855 5052 ﬁde
2887 5011 2997 5067 qua
3030 4994 3256 5050 Christo
3278 5009 3377 5051 vos
3403 4993 3563 5049 devo-

1991 5093 2157 5168 vetis,
2195 5107 2299 5146 nec
2334 5107 2445 5146 non
2507 5090 2813 5146 dilectione
2869 5103 2994 5160 quae
3047 5085 3386 5158 respondeat
3429 5087 3576 5153 ﬁdei,

1991 5197 2174 5257 grates
2215 5184 2397 5240 refero
2429 5199 2528 5254 pro
2552 5184 2731 5247 vobis,
2774 5197 2876 5237 nec
2909 5195 3017 5236 una
3067 5186 3280 5234 tantum
3306 5179 3446 5244 vice,
3480 5177 3578 5234 sed

1993 5276 2399 5332 indesinenter.

2075 5386 2094 5418 ι
2129 5365 2294 5421 Pater
2322 5367 2530 5437 gloria),
2570 5385 2588 5418 ι

2071 5455 2184 5512 Hoc
2217 5467 2323 5522 est,
2357 5467 2556 5512 auctor
2605 5456 2788 5511 omnis
2847 5455 2998 5509 illius
3059 5453 3190 5509 doni
3221 5451 3394 5508 divini
3430 5451 3576 5522 quod

2000 5565 2330 5605 concessum
2362 5559 2448 5606 est
2483 5549 2684 5614 nobis;
2722 5547 2869 5619 quod
2900 5547 3122 5619 quidem
3165 5547 3220 5602 in
3247 5544 3457 5617 Spiritu
3482 5559 3575 5615 per

2005 5641 2239 5700 Verbum
2263 5641 2733 5700 subministratur.
