  <div class='ocr_page' id='page_1' title='image "/cluster/home/n/w/nwhite01/storage/ocr_20150623/95:no.2/coo.31924054869999/422.png"; bbox 0 0 3970 6448; ppageno 0'>
   <div class='ocr_carea' id='block_1_1' title="bbox 356 423 466 496">
    <p class='ocr_par' dir='ltr' id='par_1_1' title="bbox 356 423 466 496">
     <span class='ocr_line' id='line_1_1' title="bbox 356 423 466 496; baseline 0 0"><span class='ocrx_word' id='word_1_1' title='bbox 356 423 466 496; x_wconf 64' lang='grc' dir='ltr'>εει</span> 
     </span>
    </p>
   </div>
   <div class='ocr_carea' id='block_1_2' title="bbox 1506 422 2441 505">
    <p class='ocr_par' dir='ltr' id='par_1_2' title="bbox 1506 422 2441 505">
     <span class='ocr_line' id='line_1_2' title="bbox 1506 422 2441 505; baseline 0 -9"><span class='ocrx_word' id='word_1_2' title='bbox 1506 422 1596 496; x_wconf 58' lang='lat' dir='ltr'><strong>tu</strong></span> <span class='ocrx_word' id='word_1_3' title='bbox 1628 425 1868 505; x_wconf 77' lang='lat' dir='ltr'><strong>EPIST.</strong></span> <span class='ocrx_word' id='word_1_4' title='bbox 1910 426 2009 497; x_wconf 75' lang='lat' dir='ltr'><strong>Ai)</strong></span> <span class='ocrx_word' id='word_1_5' title='bbox 2045 436 2441 498; x_wconf 84' lang='lat' dir='ltr'><strong>EPHESIOS.</strong></span> 
     </span>
    </p>
   </div>
   <div class='ocr_carea' id='block_1_3' title="bbox 3531 430 3643 499">
    <p class='ocr_par' dir='ltr' id='par_1_3' title="bbox 3531 430 3643 499">
     <span class='ocr_line' id='line_1_3' title="bbox 3531 430 3643 499; baseline 0.009 -1"><span class='ocrx_word' id='word_1_6' title='bbox 3531 430 3643 499; x_wconf 68' lang='grc' dir='ltr'>διο</span> 
     </span>
    </p>
   </div>
   <div class='ocr_carea' id='block_1_4' title="bbox 442 512 1942 619">
    <p class='ocr_par' dir='ltr' id='par_1_4' title="bbox 442 512 1942 619">
     <span class='ocr_line' id='line_1_4' title="bbox 442 512 1942 619; baseline 0.004 -25"><span class='ocrx_word' id='word_1_7' title='bbox 442 559 464 594; x_wconf 75' lang='grc' dir='ltr'><strong>ι</strong></span> <span class='ocrx_word' id='word_1_8' title='bbox 493 541 569 595; x_wconf 83' lang='grc' dir='ltr'>Τὸ</span> <span class='ocrx_word' id='word_1_9' title='bbox 598 542 874 615; x_wconf 77' lang='grc' dir='ltr'>πλήρωμα</span> <span class='ocrx_word' id='word_1_10' title='bbox 901 543 997 597; x_wconf 88' lang='grc' dir='ltr'><strong>τοῦ</strong></span> <span class='ocrx_word' id='word_1_11' title='bbox 1045 512 1121 600; x_wconf 78' lang='grc' dir='ltr'><strong>τὰ·</strong></span> <span class='ocrx_word' id='word_1_12' title='bbox 1154 545 1333 600; x_wconf 78' lang='grc' dir='ltr'>πάντα</span> <span class='ocrx_word' id='word_1_13' title='bbox 1361 547 1420 598; x_wconf 84' lang='grc' dir='ltr'><strong>ὲν</strong></span> <span class='ocrx_word' id='word_1_14' title='bbox 1462 547 1599 600; x_wconf 78' lang='grc' dir='ltr'>πᾶσι</span> <span class='ocrx_word' id='word_1_15' title='bbox 1627 547 1942 619; x_wconf 85' lang='grc' dir='ltr'>πληρουμέ-</span> 
     </span>
    </p>
   </div>
   <div class='ocr_carea' id='block_1_5' title="bbox 2057 512 3626 619">
    <p class='ocr_par' dir='ltr' id='par_1_5' title="bbox 2129 538 3626 615">
     <span class='ocr_line' id='line_1_5' title="bbox 2129 538 3626 615; baseline -0.002 -20"><span class='ocrx_word' id='word_1_16' title='bbox 2129 564 2148 595; x_wconf 77' lang='grc' dir='ltr'>σ</span> <span class='ocrx_word' id='word_1_17' title='bbox 2176 544 2467 600; x_wconf 77' lang='lat' dir='ltr'><strong>Plenitudo</strong></span> <span class='ocrx_word' id='word_1_18' title='bbox 2486 543 2630 615; x_wconf 85' lang='lat' dir='ltr'><strong>ejus.</strong></span> <span class='ocrx_word' id='word_1_19' title='bbox 2657 542 2750 613; x_wconf 86' lang='lat' dir='ltr'><strong>qui</strong></span> <span class='ocrx_word' id='word_1_20' title='bbox 2783 542 2968 599; x_wconf 82' lang='lat' dir='ltr'><strong>omnia</strong></span> <span class='ocrx_word' id='word_1_21' title='bbox 3002 542 3060 599; x_wconf 91' lang='lat' dir='ltr'><strong>in</strong></span> <span class='ocrx_word' id='word_1_22' title='bbox 3093 538 3418 599; x_wconf 89' lang='lat' dir='ltr'><strong>hominibus</strong></span> <span class='ocrx_word' id='word_1_23' title='bbox 3446 538 3626 594; x_wconf 87' lang='lat' dir='ltr'><strong>adim-</strong></span> 
     </span>
    </p>
   </div>
   <div class='ocr_carea' id='block_1_6' title="bbox 360 650 544 690">
    <p class='ocr_par' dir='ltr' id='par_1_6' title="bbox 360 650 544 690">
     <span class='ocr_line' id='line_1_6' title="bbox 360 650 544 690; baseline -0.005 -4"><span class='ocrx_word' id='word_1_24' title='bbox 360 650 478 690; x_wconf 86' lang='grc' dir='ltr'>νου.</span> <span class='ocrx_word' id='word_1_25' title='bbox 522 652 544 685; x_wconf 66' lang='grc'><strong>1</strong></span> 
     </span>
    </p>
   </div>
   <div class='ocr_carea' id='block_1_7' title="bbox 442 725 1993 801">
    <p class='ocr_par' dir='ltr' id='par_1_7' title="bbox 442 725 1993 801">
     <span class='ocr_line' id='line_1_7' title="bbox 442 725 1993 801; baseline 0.003 -22"><span class='ocrx_word' id='word_1_26' title='bbox 442 725 510 779; x_wconf 89' lang='grc' dir='ltr'><strong><em>Ἦ</em></strong></span> <span class='ocrx_word' id='word_1_27' title='bbox 549 726 847 797; x_wconf 85' lang='grc' dir='ltr'>Ἐκκλησία</span> <span class='ocrx_word' id='word_1_28' title='bbox 875 729 1044 790; x_wconf 66' lang='grc' dir='ltr'>ἐστὶν,</span> <span class='ocrx_word' id='word_1_29' title='bbox 1076 730 1109 800; x_wconf 86' lang='grc' dir='ltr'>ή</span> <span class='ocrx_word' id='word_1_30' title='bbox 1138 730 1384 793; x_wconf 79' lang='grc' dir='ltr'>δεκτικὴ.</span> <span class='ocrx_word' id='word_1_31' title='bbox 1412 731 1566 800; x_wconf 76' lang='grc' dir='ltr'>φησὶ,</span> <span class='ocrx_word' id='word_1_32' title='bbox 1599 731 1694 784; x_wconf 83' lang='grc' dir='ltr'><strong>τοῦ</strong></span> <span class='ocrx_word' id='word_1_33' title='bbox 1724 731 1993 801; x_wconf 81' lang='grc' dir='ltr'>διήκον-““</span> 
     </span>
    </p>
   </div>
   <div class='ocr_carea' id='block_1_8' title="bbox 358 818 1943 891">
    <p class='ocr_par' dir='ltr' id='par_1_8' title="bbox 358 818 1943 891">
     <span class='ocr_line' id='line_1_8' title="bbox 358 818 1943 891; baseline 0.004 -20"><span class='ocrx_word' id='word_1_34' title='bbox 358 834 472 882; x_wconf 80' lang='grc' dir='ltr'>τος,</span> <span class='ocrx_word' id='word_1_35' title='bbox 504 818 615 873; x_wconf 87' lang='grc' dir='ltr'><strong>τῶν</strong></span> <span class='ocrx_word' id='word_1_36' title='bbox 639 820 906 891; x_wconf 71' lang='grc' dir='ltr'>οὐρανίων</span> <span class='ocrx_word' id='word_1_37' title='bbox 944 822 1042 891; x_wconf 88' lang='grc' dir='ltr'>μὲν</span> <span class='ocrx_word' id='word_1_38' title='bbox 1072 821 1261 885; x_wconf 76' lang='grc' dir='ltr'>πάλαι,</span> <span class='ocrx_word' id='word_1_39' title='bbox 1303 822 1408 876; x_wconf 74' lang='grc' dir='ltr'>νῦν</span> <span class='ocrx_word' id='word_1_40' title='bbox 1426 823 1484 876; x_wconf 77' lang='grc' dir='ltr'>δὲ</span> <span class='ocrx_word' id='word_1_41' title='bbox 1519 824 1615 877; x_wconf 62' lang='grc' dir='ltr'>καὶ</span> <span class='ocrx_word' id='word_1_42' title='bbox 1652 823 1943 891; x_wconf 76' lang='grc' dir='ltr'>ἐπιγείων.</span> 
     </span>
    </p>
   </div>
   <div class='ocr_carea' id='block_1_9' title="bbox 950 1024 1314 1094">
    <p class='ocr_par' dir='ltr' id='par_1_9' title="bbox 950 1024 1314 1094">
     <span class='ocr_line' id='line_1_9' title="bbox 950 1024 1314 1094; baseline 0.011 -4"><span class='ocrx_word' id='word_1_43' title='bbox 950 1037 1202 1092; x_wconf 82' lang='grc' dir='ltr'><strong>ΚΕΦΑΛ.</strong></span> <span class='ocrx_word' id='word_1_44' title='bbox 1239 1024 1314 1094; x_wconf 72' lang='lat' dir='ltr'><strong>B&quot;.</strong></span> 
     </span>
    </p>
   </div>
   <div class='ocr_carea' id='block_1_10' title="bbox 435 1145 1947 1223">
    <p class='ocr_par' dir='ltr' id='par_1_10' title="bbox 435 1145 1947 1223">
     <span class='ocr_line' id='line_1_10' title="bbox 435 1145 1947 1223; baseline 0.007 -27"><span class='ocrx_word' id='word_1_45' title='bbox 435 1162 455 1196; x_wconf 82' lang='grc' dir='ltr'><strong>ι</strong></span> <span class='ocrx_word' id='word_1_46' title='bbox 493 1145 605 1199; x_wconf 79' lang='grc' dir='ltr'>Καὶ</span> <span class='ocrx_word' id='word_1_47' title='bbox 639 1145 785 1215; x_wconf 78' lang='grc' dir='ltr'>ὑμᾶς</span> <span class='ocrx_word' id='word_1_48' title='bbox 813 1146 973 1210; x_wconf 79' lang='grc' dir='ltr'>ὄντας</span> <span class='ocrx_word' id='word_1_49' title='bbox 1007 1149 1240 1219; x_wconf 86' lang='grc' dir='ltr'>νεκροὺς</span> <span class='ocrx_word' id='word_1_50' title='bbox 1268 1150 1380 1213; x_wconf 79' lang='grc' dir='ltr'>τοῖς</span> <span class='ocrx_word' id='word_1_51' title='bbox 1411 1151 1825 1223; x_wconf 83' lang='grc' dir='ltr'>παραπτώμασι</span> <span class='ocrx_word' id='word_1_52' title='bbox 1850 1154 1947 1209; x_wconf 76' lang='grc' dir='ltr'>καὶ</span> 
     </span>
    </p>
   </div>
   <div class='ocr_carea' id='block_1_11' title="bbox 352 1233 1945 1314">
    <p class='ocr_par' dir='ltr' id='par_1_11' title="bbox 352 1233 1945 1314">
     <span class='ocr_line' id='line_1_11' title="bbox 352 1233 1945 1314; baseline 0.006 -26"><span class='ocrx_word' id='word_1_53' title='bbox 352 1239 479 1301; x_wconf 84' lang='grc' dir='ltr'>ταῖς</span> <span class='ocrx_word' id='word_1_54' title='bbox 501 1238 822 1308; x_wconf 80' lang='grc' dir='ltr'><strong>ἁμαρτίαις,</strong></span> <span class='ocrx_word' id='word_1_55' title='bbox 844 1243 901 1294; x_wconf 79' lang='grc' dir='ltr'><strong>ἐν</strong></span> <span class='ocrx_word' id='word_1_56' title='bbox 923 1233 1011 1305; x_wconf 82' lang='grc' dir='ltr'>αἷς</span> <span class='ocrx_word' id='word_1_57' title='bbox 1044 1257 1175 1293; x_wconf 83' lang='grc' dir='ltr'>ποτε</span> <span class='ocrx_word' id='word_1_58' title='bbox 1210 1243 1659 1314; x_wconf 82' lang='grc' dir='ltr'>περιεπατήσατε</span> <span class='ocrx_word' id='word_1_59' title='bbox 1685 1245 1827 1301; x_wconf 86' lang='grc' dir='ltr'>κατὰ</span> <span class='ocrx_word' id='word_1_60' title='bbox 1851 1245 1945 1299; x_wconf 75' lang='grc' dir='ltr'><strong>τὸν</strong></span> 
     </span>
    </p>
   </div>
   <div class='ocr_carea' id='block_1_12' title="bbox 351 1327 1946 1410">
    <p class='ocr_par' dir='ltr' id='par_1_12' title="bbox 351 1327 1946 1410">
     <span class='ocr_line' id='line_1_12' title="bbox 351 1327 1946 1410; baseline 0.007 -29"><span class='ocrx_word' id='word_1_61' title='bbox 351 1327 533 1382; x_wconf 82' lang='grc' dir='ltr'>αἰῶνα</span> <span class='ocrx_word' id='word_1_62' title='bbox 563 1329 658 1384; x_wconf 86' lang='grc' dir='ltr'><strong>τοῦ</strong></span> <span class='ocrx_word' id='word_1_63' title='bbox 690 1331 896 1403; x_wconf 83' lang='grc' dir='ltr'><strong>κόσμου</strong></span> <span class='ocrx_word' id='word_1_64' title='bbox 952 1331 1177 1401; x_wconf 83' lang='grc' dir='ltr'>τούτου,</span> <span class='ocrx_word' id='word_1_65' title='bbox 1236 1335 1379 1389; x_wconf 83' lang='grc' dir='ltr'><strong>κατά</strong></span> <span class='ocrx_word' id='word_1_66' title='bbox 1428 1335 1521 1388; x_wconf 85' lang='grc' dir='ltr'>τὸν</span> <span class='ocrx_word' id='word_1_67' title='bbox 1576 1336 1813 1407; x_wconf 77' lang='grc' dir='ltr'>ἄρχοντα</span> <span class='ocrx_word' id='word_1_68' title='bbox 1845 1339 1946 1410; x_wconf 84' lang='grc' dir='ltr'>τῆς</span> 
     </span>
    </p>
   </div>
   <div class='ocr_carea' id='block_1_13' title="bbox 351 1420 1944 1498">
    <p class='ocr_par' dir='ltr' id='par_1_13' title="bbox 351 1420 1944 1498">
     <span class='ocr_line' id='line_1_13' title="bbox 351 1420 1944 1498; baseline 0.006 -26"><span class='ocrx_word' id='word_1_69' title='bbox 351 1420 608 1485; x_wconf 77' lang='grc' dir='ltr'>ἔξουσίας</span> <span class='ocrx_word' id='word_1_70' title='bbox 636 1420 731 1474; x_wconf 86' lang='grc' dir='ltr'><strong>τοῦ</strong></span> <span class='ocrx_word' id='word_1_71' title='bbox 775 1422 956 1491; x_wconf 84' lang='grc' dir='ltr'>ἀέρος,</span> <span class='ocrx_word' id='word_1_72' title='bbox 994 1422 1089 1477; x_wconf 83' lang='grc' dir='ltr'><strong>τοῦ</strong></span> <span class='ocrx_word' id='word_1_73' title='bbox 1120 1423 1432 1495; x_wconf 84' lang='grc' dir='ltr'>πνεύματος</span> <span class='ocrx_word' id='word_1_74' title='bbox 1464 1425 1561 1479; x_wconf 88' lang='grc' dir='ltr'><strong>τοῦ</strong></span> <span class='ocrx_word' id='word_1_75' title='bbox 1594 1427 1944 1498; x_wconf 73' lang='grc' dir='ltr'><strong>ἐνεργοῦντος</strong></span> 
     </span>
    </p>
   </div>
   <div class='ocr_carea' id='block_1_14' title="bbox 351 1508 1944 1587">
    <p class='ocr_par' dir='ltr' id='par_1_14' title="bbox 351 1508 1944 1587">
     <span class='ocr_line' id='line_1_14' title="bbox 351 1508 1944 1587; baseline 0.005 -25"><span class='ocrx_word' id='word_1_76' title='bbox 351 1512 413 1562; x_wconf 80' lang='grc' dir='ltr'><strong>ἐν</strong></span> <span class='ocrx_word' id='word_1_77' title='bbox 451 1510 566 1577; x_wconf 84' lang='grc' dir='ltr'>τοῖς</span> <span class='ocrx_word' id='word_1_78' title='bbox 602 1512 739 1575; x_wconf 80' lang='grc' dir='ltr'>υίοίς</span> <span class='ocrx_word' id='word_1_79' title='bbox 786 1511 1077 1576; x_wconf 83' lang='grc' dir='ltr'>ἀπειθείας</span> <span class='ocrx_word' id='word_1_80' title='bbox 1106 1553 1122 1578; x_wconf 91' lang='grc'><strong>,</strong></span> <span class='ocrx_word' id='word_1_81' title='bbox 1179 1515 1236 1566; x_wconf 82' lang='grc' dir='ltr'><strong>ὲν</strong></span> <span class='ocrx_word' id='word_1_82' title='bbox 1287 1508 1370 1578; x_wconf 80' lang='grc' dir='ltr'>οἷς</span> <span class='ocrx_word' id='word_1_83' title='bbox 1408 1514 1503 1569; x_wconf 60' lang='grc' dir='ltr'><strong>καὶ⁹</strong></span> <span class='ocrx_word' id='word_1_84' title='bbox 1533 1516 1697 1587; x_wconf 76' lang='grc' dir='ltr'>ἡμεῖς</span> <span class='ocrx_word' id='word_1_85' title='bbox 1742 1517 1944 1584; x_wconf 81' lang='grc' dir='ltr'>πάντες</span> 
     </span>
    </p>
   </div>
   <div class='ocr_carea' id='block_1_15' title="bbox 352 1601 1942 1679">
    <p class='ocr_par' dir='ltr' id='par_1_15' title="bbox 352 1601 1942 1679">
     <span class='ocr_line' id='line_1_15' title="bbox 352 1601 1942 1679; baseline 0.004 -26"><span class='ocrx_word' id='word_1_86' title='bbox 352 1601 779 1673; x_wconf 80' lang='grc' dir='ltr'>ἀνεστράφημέν</span> <span class='ocrx_word' id='word_1_87' title='bbox 828 1616 960 1656; x_wconf 81' lang='grc' dir='ltr'>ποτε</span> <span class='ocrx_word' id='word_1_88' title='bbox 1009 1604 1067 1655; x_wconf 80' lang='grc' dir='ltr'><strong>ὲν</strong></span> <span class='ocrx_word' id='word_1_89' title='bbox 1102 1605 1222 1667; x_wconf 79' lang='grc' dir='ltr'>ταῖς</span> <span class='ocrx_word' id='word_1_90' title='bbox 1261 1604 1583 1676; x_wconf 78' lang='grc' dir='ltr'><strong>ἐπιθυμίαις</strong></span> <span class='ocrx_word' id='word_1_91' title='bbox 1611 1606 1711 1678; x_wconf 81' lang='grc' dir='ltr'>τῆς</span> <span class='ocrx_word' id='word_1_92' title='bbox 1737 1607 1942 1679; x_wconf 78' lang='grc' dir='ltr'>σαρκὸς</span> 
     </span>
    </p>
   </div>
   <div class='ocr_carea' id='block_1_16' title="bbox 352 1692 1942 1768">
    <p class='ocr_par' dir='ltr' id='par_1_16' title="bbox 352 1692 1942 1768">
     <span class='ocr_line' id='line_1_16' title="bbox 352 1692 1942 1768; baseline 0.006 -23"><span class='ocrx_word' id='word_1_93' title='bbox 352 1692 536 1764; x_wconf 72' lang='grc' dir='ltr'>ἡμῶν,</span> <span class='ocrx_word' id='word_1_94' title='bbox 583 1693 868 1767; x_wconf 80' lang='grc' dir='ltr'>ποιοῦντες</span> <span class='ocrx_word' id='word_1_95' title='bbox 903 1694 974 1750; x_wconf 76' lang='grc' dir='ltr'>τὰ</span> <span class='ocrx_word' id='word_1_96' title='bbox 1027 1695 1313 1767; x_wconf 76' lang='grc' dir='ltr'>θελήματα</span> <span class='ocrx_word' id='word_1_97' title='bbox 1341 1696 1440 1766; x_wconf 85' lang='grc' dir='ltr'><strong>τῆς</strong></span> <span class='ocrx_word' id='word_1_98' title='bbox 1469 1697 1675 1768; x_wconf 77' lang='grc' dir='ltr'>σαρκὸς</span> <span class='ocrx_word' id='word_1_99' title='bbox 1706 1699 1804 1753; x_wconf 72' lang='grc' dir='ltr'>καὶ</span> <span class='ocrx_word' id='word_1_100' title='bbox 1834 1699 1942 1755; x_wconf 86' lang='grc' dir='ltr'><strong>τῶν</strong></span> 
     </span>
    </p>
   </div>
   <div class='ocr_carea' id='block_1_17' title="bbox 353 1784 1940 1872">
    <p class='ocr_par' dir='ltr' id='par_1_17' title="bbox 353 1784 1940 1872">
     <span class='ocr_line' id='line_1_17' title="bbox 353 1784 1940 1872; baseline 0.004 -30"><span class='ocrx_word' id='word_1_101' title='bbox 353 1786 625 1872; x_wconf 62' lang='grc' dir='ltr'>διανοιῶν,</span> <span class='ocrx_word' id='word_1_102' title='bbox 681 1790 778 1843; x_wconf 77' lang='grc' dir='ltr'>καὶ</span> <span class='ocrx_word' id='word_1_103' title='bbox 828 1784 975 1861; x_wconf 72' lang='grc' dir='ltr'>ἦμεν</span> <span class='ocrx_word' id='word_1_104' title='bbox 1022 1790 1192 1845; x_wconf 83' lang='grc' dir='ltr'>τέκνα</span> <span class='ocrx_word' id='word_1_105' title='bbox 1221 1790 1382 1861; x_wconf 79' lang='grc' dir='ltr'>φύσει</span> <span class='ocrx_word' id='word_1_106' title='bbox 1407 1792 1604 1863; x_wconf 82' lang='grc' dir='ltr'>ὀργῆς,</span> <span class='ocrx_word' id='word_1_107' title='bbox 1652 1793 1730 1858; x_wconf 85' lang='grc' dir='ltr'><strong>ὡς</strong></span> <span class='ocrx_word' id='word_1_108' title='bbox 1771 1793 1870 1848; x_wconf 76' lang='grc' dir='ltr'>καὶ</span> <span class='ocrx_word' id='word_1_109' title='bbox 1891 1795 1940 1848; x_wconf 76' lang='lat' dir='ltr'><strong>oi</strong></span> 
     </span>
    </p>
   </div>
   <div class='ocr_carea' id='block_1_18' title="bbox 2088 638 2231 692">
    <p class='ocr_par' dir='ltr' id='par_1_18' title="bbox 2088 638 2231 692">
     <span class='ocr_line' id='line_1_18' title="bbox 2088 638 2231 692; baseline -0.021 0"><span class='ocrx_word' id='word_1_110' title='bbox 2088 638 2178 692; x_wconf 81' lang='lat' dir='ltr'><strong>let.</strong></span> <span class='ocrx_word' id='word_1_111' title='bbox 2213 656 2231 689; x_wconf 74' lang='grc' dir='ltr'><strong>ι</strong></span> 
     </span>
    </p>
   </div>
   <div class='ocr_carea' id='block_1_19' title="bbox 2052 655 3625 794">
    <p class='ocr_par' dir='ltr' id='par_1_19' title="bbox 2052 655 3625 794">
     <span class='ocr_line' id='line_1_19' title="bbox 2165 656 2231 690; baseline -0.015 0"><span class='ocrx_word' id='word_1_112' title='bbox 2165 677 2178 690; x_wconf 88' lang='grc'><strong>.</strong></span> <span class='ocrx_word' id='word_1_113' title='bbox 2213 656 2231 689; x_wconf 74' lang='grc' dir='ltr'><strong>ι</strong></span> 
     </span>
     <span class='ocr_line' id='line_1_20' title="bbox 2052 655 3625 794; baseline -0.006 -12"><span class='ocrx_word' id='word_1_114' title='bbox 2052 655 2379 781; x_wconf 50' lang='lat' dir='ltr'><strong>p“Ecclesia</strong></span> <span class='ocrx_word' id='word_1_115' title='bbox 2422 732 2530 789; x_wconf 87' lang='lat' dir='ltr'><strong>est,</strong></span> <span class='ocrx_word' id='word_1_116' title='bbox 2571 724 2770 794; x_wconf 88' lang='lat' dir='ltr'><strong>inquit,</strong></span> <span class='ocrx_word' id='word_1_117' title='bbox 2825 739 2949 793; x_wconf 84' lang='lat' dir='ltr'><strong>quae</strong></span> <span class='ocrx_word' id='word_1_118' title='bbox 2972 724 3126 779; x_wconf 91' lang='lat' dir='ltr'><strong>illum</strong></span> <span class='ocrx_word' id='word_1_119' title='bbox 3162 723 3333 794; x_wconf 88' lang='lat' dir='ltr'><strong>capit,</strong></span> <span class='ocrx_word' id='word_1_120' title='bbox 3369 724 3464 794; x_wconf 84' lang='lat' dir='ltr'><strong>qui</strong></span> <span class='ocrx_word' id='word_1_121' title='bbox 3489 720 3625 775; x_wconf 88' lang='lat' dir='ltr'><strong>olim</strong></span> 
     </span>
    </p>
   </div>
   <div class='ocr_carea' id='block_1_20' title="bbox 2050 813 3632 888">
    <p class='ocr_par' dir='ltr' id='par_1_20' title="bbox 2050 813 3632 888">
     <span class='ocr_line' id='line_1_21' title="bbox 2050 813 3632 888; baseline -0.003 -19"><span class='ocrx_word' id='word_1_122' title='bbox 2050 817 2270 888; x_wconf 82' lang='lat' dir='ltr'><strong>quidem</strong></span> <span class='ocrx_word' id='word_1_123' title='bbox 2339 815 2595 871; x_wconf 75' lang='lat' dir='ltr'><strong>coelestia</strong></span> <span class='ocrx_word' id='word_1_124' title='bbox 2641 813 2975 886; x_wconf 87' lang='lat' dir='ltr'><strong>pervadehat</strong></span> <span class='ocrx_word' id='word_1_125' title='bbox 3072 827 3219 869; x_wconf 90' lang='lat' dir='ltr'><strong>nunc</strong></span> <span class='ocrx_word' id='word_1_126' title='bbox 3276 822 3459 869; x_wconf 90' lang='lat' dir='ltr'><strong>autem</strong></span> <span class='ocrx_word' id='word_1_127' title='bbox 3516 818 3632 868; x_wconf 82' lang='lat' dir='ltr'><strong>ter-</strong></span> 
     </span>
    </p>
   </div>
   <div class='ocr_carea' id='block_1_21' title="bbox 2034 916 2206 963">
    <p class='ocr_par' dir='ltr' id='par_1_21' title="bbox 2034 916 2206 963">
     <span class='ocr_line' id='line_1_22' title="bbox 2034 916 2206 963; baseline -0.006 -2"><span class='ocrx_word' id='word_1_128' title='bbox 2034 916 2206 963; x_wconf 79' lang='lat' dir='ltr'><strong>&#39;rena.</strong></span> 
     </span>
    </p>
   </div>
   <div class='ocr_carea' id='block_1_22' title="bbox 2683 1039 2943 1097">
    <p class='ocr_par' dir='ltr' id='par_1_22' title="bbox 2683 1039 2943 1097">
     <span class='ocr_line' id='line_1_23' title="bbox 2683 1039 2943 1097; baseline -0.008 0"><span class='ocrx_word' id='word_1_129' title='bbox 2683 1040 2838 1097; x_wconf 81' lang='lat' dir='ltr'><strong>CAP.</strong></span> <span class='ocrx_word' id='word_1_130' title='bbox 2874 1039 2943 1095; x_wconf 83' lang='lat' dir='ltr'><strong>Il.</strong></span> 
     </span>
    </p>
   </div>
   <div class='ocr_carea' id='block_1_23' title="bbox 2120 1136 3633 1208">
    <p class='ocr_par' dir='ltr' id='par_1_23' title="bbox 2120 1136 3633 1208">
     <span class='ocr_line' id='line_1_24' title="bbox 2120 1136 3633 1208; baseline -0.001 -2"><span class='ocrx_word' id='word_1_131' title='bbox 2120 1136 2285 1206; x_wconf 71' lang='lat' dir='ltr'><strong>Vsus.</strong></span> <span class='ocrx_word' id='word_1_132' title='bbox 2334 1153 2451 1207; x_wconf 80' lang='grc'><strong>1-5.</strong></span> <span class='ocrx_word' id='word_1_133' title='bbox 2500 1171 2520 1205; x_wconf 77' lang='grc' dir='ltr'><strong>ι</strong></span> <span class='ocrx_word' id='word_1_134' title='bbox 2550 1152 2619 1208; x_wconf 85' lang='grc' dir='ltr'>Ει</span> <span class='ocrx_word' id='word_1_135' title='bbox 2662 1167 2759 1208; x_wconf 80' lang='lat' dir='ltr'><strong>vos</strong></span> <span class='ocrx_word' id='word_1_136' title='bbox 2813 1166 2939 1206; x_wconf 85' lang='lat' dir='ltr'><strong>cum</strong></span> <span class='ocrx_word' id='word_1_137' title='bbox 2995 1151 3205 1207; x_wconf 82' lang='lat' dir='ltr'><strong>mortui</strong></span> <span class='ocrx_word' id='word_1_138' title='bbox 3255 1150 3456 1206; x_wconf 76' lang='lat' dir='ltr'><strong>essetis</strong></span> <span class='ocrx_word' id='word_1_139' title='bbox 3494 1150 3633 1206; x_wconf 90' lang='lat' dir='ltr'><strong>deli-</strong></span> 
     </span>
    </p>
   </div>
   <div class='ocr_carea' id='block_1_24' title="bbox 2048 1241 3635 1314">
    <p class='ocr_par' dir='ltr' id='par_1_24' title="bbox 2048 1241 3635 1314">
     <span class='ocr_line' id='line_1_25' title="bbox 2048 1241 3635 1314; baseline -0.003 -16"><span class='ocrx_word' id='word_1_140' title='bbox 2048 1243 2155 1300; x_wconf 88' lang='lat' dir='ltr'><strong>ctis</strong></span> <span class='ocrx_word' id='word_1_141' title='bbox 2207 1244 2407 1300; x_wconf 75' lang='lat' dir='ltr'><strong>vestris</strong></span> <span class='ocrx_word' id='word_1_142' title='bbox 2433 1252 2490 1299; x_wconf 82' lang='lat' dir='ltr'><strong>et</strong></span> <span class='ocrx_word' id='word_1_143' title='bbox 2521 1243 2789 1314; x_wconf 89' lang='lat' dir='ltr'><strong>peccatis,</strong></span> <span class='ocrx_word' id='word_1_144' title='bbox 2813 1243 2872 1297; x_wconf 91' lang='lat' dir='ltr'><strong>in</strong></span> <span class='ocrx_word' id='word_1_145' title='bbox 2916 1242 3125 1314; x_wconf 84' lang='lat' dir='ltr'><strong>quibus</strong></span> <span class='ocrx_word' id='word_1_146' title='bbox 3173 1241 3479 1312; x_wconf 83' lang='lat' dir='ltr'><strong>aliquando</strong></span> <span class='ocrx_word' id='word_1_147' title='bbox 3514 1256 3635 1295; x_wconf 88' lang='lat' dir='ltr'><strong>am-</strong></span> 
     </span>
    </p>
   </div>
   <div class='ocr_carea' id='block_1_25' title="bbox 2046 1334 3636 1405">
    <p class='ocr_par' dir='ltr' id='par_1_25' title="bbox 2046 1334 3636 1405">
     <span class='ocr_line' id='line_1_26' title="bbox 2046 1334 3636 1405; baseline -0.005 -12"><span class='ocrx_word' id='word_1_148' title='bbox 2046 1334 2281 1393; x_wconf 87' lang='lat' dir='ltr'><strong>bulastis</strong></span> <span class='ocrx_word' id='word_1_149' title='bbox 2333 1334 2635 1391; x_wconf 86' lang='lat' dir='ltr'><strong>secundum</strong></span> <span class='ocrx_word' id='word_1_150' title='bbox 2670 1336 2934 1391; x_wconf 60' lang='lat' dir='ltr'><strong>saeculum</strong></span> <span class='ocrx_word' id='word_1_151' title='bbox 2987 1335 3181 1390; x_wconf 90' lang='lat' dir='ltr'><strong>mundi</strong></span> <span class='ocrx_word' id='word_1_152' title='bbox 3207 1334 3396 1405; x_wconf 83' lang='lat' dir='ltr'><strong>hujus.</strong></span> <span class='ocrx_word' id='word_1_153' title='bbox 3432 1348 3636 1389; x_wconf 86' lang='lat' dir='ltr'><strong>secun-</strong></span> 
     </span>
    </p>
   </div>
   <div class='ocr_carea' id='block_1_26' title="bbox 2045 1425 3635 1498">
    <p class='ocr_par' dir='ltr' id='par_1_26' title="bbox 2045 1425 3635 1498">
     <span class='ocr_line' id='line_1_27' title="bbox 2045 1425 3635 1498; baseline -0.002 -17"><span class='ocrx_word' id='word_1_154' title='bbox 2045 1426 2176 1481; x_wconf 88' lang='lat' dir='ltr'><strong>dum</strong></span> <span class='ocrx_word' id='word_1_155' title='bbox 2226 1425 2545 1497; x_wconf 79' lang='lat' dir='ltr'><strong>principem</strong></span> <span class='ocrx_word' id='word_1_156' title='bbox 2598 1427 2745 1483; x_wconf 85' lang='lat' dir='ltr'><strong>aeris</strong></span> <span class='ocrx_word' id='word_1_157' title='bbox 2797 1427 2989 1498; x_wconf 83' lang='lat' dir='ltr'><strong>hujus,</strong></span> <span class='ocrx_word' id='word_1_158' title='bbox 3040 1426 3273 1498; x_wconf 76' lang='lat' dir='ltr'><strong>spiritus</strong></span> <span class='ocrx_word' id='word_1_159' title='bbox 3332 1426 3427 1496; x_wconf 92' lang='lat' dir='ltr'><strong>qui</strong></span> <span class='ocrx_word' id='word_1_160' title='bbox 3484 1439 3635 1479; x_wconf 85' lang='lat' dir='ltr'><strong>nunc</strong></span> 
     </span>
    </p>
   </div>
   <div class='ocr_carea' id='block_1_27' title="bbox 2043 1506 3636 1588">
    <p class='ocr_par' dir='ltr' id='par_1_27' title="bbox 2043 1506 3636 1588">
     <span class='ocr_line' id='line_1_28' title="bbox 2043 1506 3636 1588; baseline -0.003 -16"><span class='ocrx_word' id='word_1_161' title='bbox 2043 1523 2311 1586; x_wconf 82' lang='lat' dir='ltr'><strong>operatur</strong></span> <span class='ocrx_word' id='word_1_162' title='bbox 2331 1516 2390 1570; x_wconf 91' lang='lat' dir='ltr'><strong>in</strong></span> <span class='ocrx_word' id='word_1_163' title='bbox 2424 1515 2571 1572; x_wconf 83' lang='lat' dir='ltr'><strong>ﬁlios</strong></span> <span class='ocrx_word' id='word_1_164' title='bbox 2598 1506 2919 1579; x_wconf 57' lang='lat' dir='ltr'><strong>dilifdentia</strong></span> <span class='ocrx_word' id='word_1_165' title='bbox 2939 1535 2967 1587; x_wconf 26' lang='lat' dir='ltr'><strong>;A</strong></span> <span class='ocrx_word' id='word_1_166' title='bbox 2991 1517 3048 1572; x_wconf 88' lang='lat' dir='ltr'><strong>in</strong></span> <span class='ocrx_word' id='word_1_167' title='bbox 3070 1516 3277 1588; x_wconf 80' lang='lat' dir='ltr'><strong>quibus</strong></span> <span class='ocrx_word' id='word_1_168' title='bbox 3302 1523 3358 1571; x_wconf 89' lang='lat' dir='ltr'><strong>et</strong></span> <span class='ocrx_word' id='word_1_169' title='bbox 3390 1529 3493 1570; x_wconf 87' lang='lat' dir='ltr'><strong>nos</strong></span> <span class='ocrx_word' id='word_1_170' title='bbox 3515 1528 3636 1569; x_wconf 89' lang='lat' dir='ltr'><strong>om-</strong></span> 
     </span>
    </p>
   </div>
   <div class='ocr_carea' id='block_1_28' title="bbox 2043 1605 3636 1677">
    <p class='ocr_par' dir='ltr' id='par_1_28' title="bbox 2043 1605 3636 1677">
     <span class='ocr_line' id='line_1_29' title="bbox 2043 1605 3636 1677; baseline -0.001 -14"><span class='ocrx_word' id='word_1_171' title='bbox 2043 1621 2144 1663; x_wconf 87' lang='lat' dir='ltr'><strong>nes</strong></span> <span class='ocrx_word' id='word_1_172' title='bbox 2165 1606 2467 1677; x_wconf 82' lang='lat' dir='ltr'><strong>aliquando</strong></span> <span class='ocrx_word' id='word_1_173' title='bbox 2488 1608 2809 1664; x_wconf 74' lang='lat' dir='ltr'><strong>conversati&#39;</strong></span> <span class='ocrx_word' id='word_1_174' title='bbox 2829 1613 3024 1666; x_wconf 84' lang='lat' dir='ltr'><strong>sumus</strong></span> <span class='ocrx_word' id='word_1_175' title='bbox 3051 1609 3106 1664; x_wconf 84' lang='lat' dir='ltr'><strong>in</strong></span> <span class='ocrx_word' id='word_1_176' title='bbox 3125 1608 3425 1664; x_wconf 75' lang='lat' dir='ltr'><strong>desideriis</strong></span> <span class='ocrx_word' id='word_1_177' title='bbox 3445 1605 3636 1662; x_wconf 89' lang='lat' dir='ltr'><strong>carnis</strong></span> 
     </span>
    </p>
   </div>
   <div class='ocr_carea' id='block_1_29' title="bbox 2044 1698 3630 1769">
    <p class='ocr_par' dir='ltr' id='par_1_29' title="bbox 2044 1698 3630 1769">
     <span class='ocr_line' id='line_1_30' title="bbox 2044 1698 3630 1769; baseline -0.006 -10"><span class='ocrx_word' id='word_1_178' title='bbox 2044 1706 2251 1759; x_wconf 61' lang='lat' dir='ltr'><strong>nostrae</strong></span> <span class='ocrx_word' id='word_1_179' title='bbox 2277 1698 2546 1756; x_wconf 81' lang='lat' dir='ltr'><strong>facientes</strong></span> <span class='ocrx_word' id='word_1_180' title='bbox 2557 1698 2898 1756; x_wconf 86' lang='lat' dir='ltr'><strong>voluntatem</strong></span> <span class='ocrx_word' id='word_1_181' title='bbox 2921 1700 3189 1757; x_wconf 60' lang='lat' dir='ltr'><strong>carnis‘et</strong></span> <span class='ocrx_word' id='word_1_182' title='bbox 3207 1699 3630 1769; x_wconf 72' lang='lat' dir='ltr'><strong>cogitationum,</strong></span> 
     </span>
    </p>
   </div>
   <div class='ocr_carea' id='block_1_30' title="bbox 2044 1786 3632 1858">
    <p class='ocr_par' dir='ltr' id='par_1_30' title="bbox 2044 1786 3632 1858">
     <span class='ocr_line' id='line_1_31' title="bbox 2044 1786 3632 1858; baseline -0.003 -11"><span class='ocrx_word' id='word_1_183' title='bbox 2044 1799 2099 1847; x_wconf 86' lang='lat' dir='ltr'><strong>et</strong></span> <span class='ocrx_word' id='word_1_184' title='bbox 2152 1806 2379 1847; x_wconf 85' lang='lat' dir='ltr'><strong>eramus</strong></span> <span class='ocrx_word' id='word_1_185' title='bbox 2431 1802 2631 1847; x_wconf 83' lang='lat' dir='ltr'><strong>natura</strong></span> <span class='ocrx_word' id='word_1_186' title='bbox 2665 1790 2765 1846; x_wconf 81' lang='lat' dir='ltr'><strong>lilii</strong></span> <span class='ocrx_word' id='word_1_187' title='bbox 2815 1792 2943 1858; x_wconf 58' lang='lat' dir='ltr'><strong>irae,»</strong></span> <span class='ocrx_word' id='word_1_188' title='bbox 2970 1792 3113 1847; x_wconf 91' lang='lat' dir='ltr'><strong>sicut</strong></span> <span class='ocrx_word' id='word_1_189' title='bbox 3138 1790 3422 1845; x_wconf 69' lang='lat' dir='ltr'><strong>etcaeteri.</strong></span> <span class='ocrx_word' id='word_1_190' title='bbox 3484 1786 3632 1842; x_wconf 77' lang='lat' dir='ltr'><strong>Deus</strong></span> 
     </span>
    </p>
   </div>
   <div class='ocr_carea' id='block_1_31' title="bbox 347 1872 1942 1956">
    <p class='ocr_par' dir='ltr' id='par_1_31' title="bbox 347 1872 1941 1956">
     <span class='ocr_line' id='line_1_32' title="bbox 347 1872 1941 1956; baseline 0.004 -23"><span class='ocrx_word' id='word_1_191' title='bbox 347 1879 551 1935; x_wconf 85' lang='grc' dir='ltr'>λοιποί.</span> <span class='ocrx_word' id='word_1_192' title='bbox 599 1879 657 1935; x_wconf 80' lang='grc' dir='ltr'>Ὀ</span> <span class='ocrx_word' id='word_1_193' title='bbox 700 1880 761 1935; x_wconf 80' lang='grc' dir='ltr'>δὲ</span> <span class='ocrx_word' id='word_1_194' title='bbox 803 1872 939 1947; x_wconf 79' lang='grc' dir='ltr'>Θεδς</span> <span class='ocrx_word' id='word_1_195' title='bbox 982 1881 1239 1946; x_wconf 76' lang='grc' dir='ltr'>πλούσιος</span> <span class='ocrx_word' id='word_1_196' title='bbox 1284 1882 1360 1937; x_wconf 85' lang='grc' dir='ltr'><strong>ὣν</strong></span> <span class='ocrx_word' id='word_1_197' title='bbox 1403 1885 1462 1938; x_wconf 79' lang='grc' dir='ltr'><strong>ἐν</strong></span> <span class='ocrx_word' id='word_1_198' title='bbox 1511 1884 1653 1939; x_wconf 82' lang='grc' dir='ltr'>ὲλέει</span> <span class='ocrx_word' id='word_1_199' title='bbox 1676 1924 1694 1952; x_wconf 93' lang='grc'><strong>,</strong></span> <span class='ocrx_word' id='word_1_200' title='bbox 1727 1884 1818 1940; x_wconf 85' lang='grc' dir='ltr'><strong>διὰ</strong></span> <span class='ocrx_word' id='word_1_201' title='bbox 1840 1885 1941 1956; x_wconf 84' lang='grc' dir='ltr'>τὴν</span> 
     </span>
    </p>
   </div>
   <div class='ocr_carea' id='block_1_32' title="bbox 2057 1872 3633 1956">
    <p class='ocr_par' dir='ltr' id='par_1_32' title="bbox 2057 1880 3633 1954">
     <span class='ocr_line' id='line_1_33' title="bbox 2057 1880 3633 1954; baseline -0.003 -16"><span class='ocrx_word' id='word_1_202' title='bbox 2057 1891 2227 1939; x_wconf 72' lang='lat' dir='ltr'><strong>autem</strong></span> <span class='ocrx_word' id='word_1_203' title='bbox 2262 1884 2358 1954; x_wconf 92' lang='lat' dir='ltr'><strong>qui</strong></span> <span class='ocrx_word' id='word_1_204' title='bbox 2396 1884 2552 1940; x_wconf 82' lang='lat' dir='ltr'><strong>dives</strong></span> <span class='ocrx_word' id='word_1_205' title='bbox 2579 1893 2667 1941; x_wconf 86' lang='lat' dir='ltr'><strong>est</strong></span> <span class='ocrx_word' id='word_1_206' title='bbox 2699 1885 2755 1939; x_wconf 91' lang='lat' dir='ltr'><strong>in</strong></span> <span class='ocrx_word' id='word_1_207' title='bbox 2797 1883 3215 1947; x_wconf 72' lang='lat' dir='ltr'><strong>misericordia.</strong></span> <span class='ocrx_word' id='word_1_208' title='bbox 3268 1888 3499 1952; x_wconf 81' lang='lat' dir='ltr'><strong>propter</strong></span> <span class='ocrx_word' id='word_1_209' title='bbox 3546 1880 3633 1935; x_wconf 87' lang='lat' dir='ltr'><strong>ni-</strong></span> 
     </span>
    </p>
   </div>
   <div class='ocr_carea' id='block_1_33' title="bbox 351 1972 1942 2048">
    <p class='ocr_par' dir='ltr' id='par_1_33' title="bbox 351 1972 1942 2047">
     <span class='ocr_line' id='line_1_34' title="bbox 351 1972 1942 2047; baseline 0.004 -21"><span class='ocrx_word' id='word_1_210' title='bbox 351 1972 553 2044; x_wconf 77' lang='grc' dir='ltr'>πολλὴν</span> <span class='ocrx_word' id='word_1_211' title='bbox 576 1972 801 2045; x_wconf 81' lang='grc' dir='ltr'><strong>ἀγάπην</strong></span> <span class='ocrx_word' id='word_1_212' title='bbox 827 1975 1019 2040; x_wconf 79' lang='grc' dir='ltr'>αὑτοῦ,</span> <span class='ocrx_word' id='word_1_213' title='bbox 1047 1976 1114 2046; x_wconf 81' lang='grc' dir='ltr'><strong>ἢν</strong></span> <span class='ocrx_word' id='word_1_214' title='bbox 1141 1977 1428 2047; x_wconf 67' lang='grc' dir='ltr'>ἠγάπησεν</span> <span class='ocrx_word' id='word_1_215' title='bbox 1467 1978 1636 2047; x_wconf 82' lang='grc' dir='ltr'>ἡμᾶς,</span> <span class='ocrx_word' id='word_1_216' title='bbox 1667 1978 1764 2032; x_wconf 78' lang='grc' dir='ltr'>καὶ</span> <span class='ocrx_word' id='word_1_217' title='bbox 1782 1977 1942 2043; x_wconf 76' lang='grc' dir='ltr'>ὄντας</span> 
     </span>
    </p>
   </div>
   <div class='ocr_carea' id='block_1_34' title="bbox 2057 1972 3632 2048">
    <p class='ocr_par' dir='ltr' id='par_1_34' title="bbox 2057 1977 3632 2048">
     <span class='ocr_line' id='line_1_35' title="bbox 2057 1977 3632 2048; baseline -0.002 -18"><span class='ocrx_word' id='word_1_218' title='bbox 2057 1977 2212 2031; x_wconf 85' lang='lat' dir='ltr'><strong>miam</strong></span> <span class='ocrx_word' id='word_1_219' title='bbox 2248 1977 2570 2035; x_wconf 84' lang='lat' dir='ltr'><strong>charitatem</strong></span> <span class='ocrx_word' id='word_1_220' title='bbox 2623 1993 2783 2033; x_wconf 88' lang='lat' dir='ltr'><strong>suam</strong></span> <span class='ocrx_word' id='word_1_221' title='bbox 2822 1978 2980 2048; x_wconf 73' lang='lat'><strong>181</strong></span> <span class='ocrx_word' id='word_1_222' title='bbox 3016 1988 3125 2048; x_wconf 84' lang='lat' dir='ltr'><strong>qua</strong></span> <span class='ocrx_word' id='word_1_223' title='bbox 3170 1977 3365 2031; x_wconf 65' lang='lat' dir='ltr'><strong>dilexit</strong></span> <span class='ocrx_word' id='word_1_224' title='bbox 3415 1988 3539 2039; x_wconf 88' lang='lat' dir='ltr'><strong>nos,</strong></span> <span class='ocrx_word' id='word_1_225' title='bbox 3575 1984 3632 2028; x_wconf 88' lang='lat' dir='ltr'><strong>et</strong></span> 
     </span>
    </p>
   </div>
   <div class='ocr_carea' id='block_1_35' title="bbox 351 2064 1942 2141">
    <p class='ocr_par' dir='ltr' id='par_1_35' title="bbox 351 2064 1942 2141">
     <span class='ocr_line' id='line_1_36' title="bbox 351 2064 1942 2141; baseline 0.004 -24"><span class='ocrx_word' id='word_1_226' title='bbox 351 2064 501 2134; x_wconf 73' lang='grc' dir='ltr'>ἡμᾶς</span> <span class='ocrx_word' id='word_1_227' title='bbox 531 2065 761 2137; x_wconf 83' lang='grc' dir='ltr'>νεκροὺς</span> <span class='ocrx_word' id='word_1_228' title='bbox 788 2068 903 2130; x_wconf 81' lang='grc' dir='ltr'>τοῖς</span> <span class='ocrx_word' id='word_1_229' title='bbox 949 2067 1420 2139; x_wconf 83' lang='grc' dir='ltr'><strong>παραπτώμασιν,</strong></span> <span class='ocrx_word' id='word_1_230' title='bbox 1476 2068 1942 2141; x_wconf 76' lang='grc' dir='ltr'><strong>συνεζωοποίησεν</strong></span> 
     </span>
    </p>
   </div>
   <div class='ocr_carea' id='block_1_36' title="bbox 2057 2064 3629 2141">
    <p class='ocr_par' dir='ltr' id='par_1_36' title="bbox 2057 2065 3629 2139">
     <span class='ocr_line' id='line_1_37' title="bbox 2057 2065 3629 2139; baseline -0.003 -17"><span class='ocrx_word' id='word_1_231' title='bbox 2057 2082 2171 2122; x_wconf 77' lang='lat' dir='ltr'><strong>cum</strong></span> <span class='ocrx_word' id='word_1_232' title='bbox 2192 2082 2444 2124; x_wconf 84' lang='lat' dir='ltr'><strong>essemus</strong></span> <span class='ocrx_word' id='word_1_233' title='bbox 2466 2070 2669 2124; x_wconf 89' lang='lat' dir='ltr'><strong>mortui</strong></span> <span class='ocrx_word' id='word_1_234' title='bbox 2701 2070 2967 2139; x_wconf 85' lang='lat' dir='ltr'><strong>peccatis,</strong></span> <span class='ocrx_word' id='word_1_235' title='bbox 3000 2068 3410 2125; x_wconf 87' lang='lat' dir='ltr'><strong>convivilicavil:</strong></span> <span class='ocrx_word' id='word_1_236' title='bbox 3433 2078 3538 2121; x_wconf 81' lang='lat' dir='ltr'><strong>nos</strong></span> <span class='ocrx_word' id='word_1_237' title='bbox 3568 2065 3629 2120; x_wconf 79' lang='lat' dir='ltr'><strong>in</strong></span> 
     </span>
    </p>
   </div>
   <div class='ocr_carea' id='block_1_37' title="bbox 349 2155 1942 2231">
    <p class='ocr_par' dir='ltr' id='par_1_37' title="bbox 349 2155 1645 2231">
     <span class='ocr_line' id='line_1_38' title="bbox 349 2155 1645 2231; baseline 0.005 -22"><span class='ocrx_word' id='word_1_238' title='bbox 349 2158 411 2209; x_wconf 72' lang='lat' dir='ltr'><strong>tv</strong></span> <span class='ocrx_word' id='word_1_239' title='bbox 438 2155 520 2227; x_wconf 87' lang='grc' dir='ltr'><strong>τῷ</strong></span> <span class='ocrx_word' id='word_1_240' title='bbox 547 2157 791 2229; x_wconf 81' lang='grc' dir='ltr'>Χριστῷ.</span> <span class='ocrx_word' id='word_1_241' title='bbox 823 2158 1022 2230; x_wconf 82' lang='grc' dir='ltr'>Χάριτί</span> <span class='ocrx_word' id='word_1_242' title='bbox 1070 2162 1194 2212; x_wconf 81' lang='grc' dir='ltr'>ἐστε</span> <span class='ocrx_word' id='word_1_243' title='bbox 1223 2161 1582 2231; x_wconf 74' lang='grc' dir='ltr'>σεσωσμένοιε</span> <span class='ocrx_word' id='word_1_244' title='bbox 1627 2182 1645 2216; x_wconf 74' lang='grc' dir='ltr'><strong>ι</strong></span> 
     </span>
    </p>
   </div>
   <div class='ocr_carea' id='block_1_38' title="bbox 2057 2155 3012 2231">
    <p class='ocr_par' dir='ltr' id='par_1_38' title="bbox 2057 2157 3012 2230">
     <span class='ocr_line' id='line_1_39' title="bbox 2057 2157 3012 2230; baseline -0.003 -16"><span class='ocrx_word' id='word_1_245' title='bbox 2057 2157 2512 2230; x_wconf 79' lang='lat' dir='ltr'><strong>Dhristo:gratia</strong></span> <span class='ocrx_word' id='word_1_246' title='bbox 2543 2160 2681 2215; x_wconf 86' lang='lat' dir='ltr'><strong>estis</strong></span> <span class='ocrx_word' id='word_1_247' title='bbox 2722 2159 2946 2216; x_wconf 88' lang='lat' dir='ltr'><strong>salvati.</strong></span> <span class='ocrx_word' id='word_1_248' title='bbox 2992 2177 3012 2211; x_wconf 76' lang='grc' dir='ltr'><strong>ι</strong></span> 
     </span>
    </p>
   </div>
   <div class='ocr_carea' id='block_1_39' title="bbox 433 2234 1942 2321">
    <p class='ocr_par' dir='ltr' id='par_1_39' title="bbox 433 2245 1942 2321">
     <span class='ocr_line' id='line_1_40' title="bbox 433 2245 1942 2321; baseline 0.006 -22"><span class='ocrx_word' id='word_1_249' title='bbox 433 2245 633 2316; x_wconf 77' lang='grc' dir='ltr'>Ὑμᾶς,</span> <span class='ocrx_word' id='word_1_250' title='bbox 661 2248 819 2318; x_wconf 82' lang='grc' dir='ltr'>φησὶ,</span> <span class='ocrx_word' id='word_1_251' title='bbox 849 2248 979 2313; x_wconf 74' lang='grc' dir='ltr'>τοὺς</span> <span class='ocrx_word' id='word_1_252' title='bbox 1008 2248 1070 2314; x_wconf 77' lang='grc' dir='ltr'>ἐξ</span> <span class='ocrx_word' id='word_1_253' title='bbox 1101 2248 1272 2304; x_wconf 78' lang='grc' dir='ltr'>ἐθνῶν</span> <span class='ocrx_word' id='word_1_254' title='bbox 1315 2250 1631 2321; x_wconf 75' lang='grc' dir='ltr'><strong>ἐξαιρέτους</strong></span> <span class='ocrx_word' id='word_1_255' title='bbox 1656 2252 1818 2317; x_wconf 78' lang='grc' dir='ltr'>ὄντας</span> <span class='ocrx_word' id='word_1_256' title='bbox 1845 2252 1942 2308; x_wconf 83' lang='grc' dir='ltr'><strong>τοῦ</strong></span> 
     </span>
    </p>
   </div>
   <div class='ocr_carea' id='block_1_40' title="bbox 2057 2234 3639 2321">
    <p class='ocr_par' dir='ltr' id='par_1_40' title="bbox 2116 2234 3639 2320">
     <span class='ocr_line' id='line_1_41' title="bbox 2116 2234 3639 2320; baseline -0.004 -14"><span class='ocrx_word' id='word_1_257' title='bbox 2116 2248 2228 2306; x_wconf 78' lang='lat' dir='ltr'><strong>Vos</strong></span> <span class='ocrx_word' id='word_1_258' title='bbox 2259 2250 2516 2320; x_wconf 74' lang='lat' dir='ltr'><strong>gentiles,</strong></span> <span class='ocrx_word' id='word_1_259' title='bbox 2555 2250 2758 2320; x_wconf 84' lang='lat' dir='ltr'><strong>inquit,</strong></span> <span class='ocrx_word' id='word_1_260' title='bbox 2793 2264 2915 2305; x_wconf 88' lang='lat' dir='ltr'><strong>cum</strong></span> <span class='ocrx_word' id='word_1_261' title='bbox 2962 2248 3175 2304; x_wconf 84' lang='lat' dir='ltr'><strong>addicti</strong></span> <span class='ocrx_word' id='word_1_262' title='bbox 3203 2248 3405 2305; x_wconf 87' lang='lat' dir='ltr'><strong>essetis</strong></span> <span class='ocrx_word' id='word_1_263' title='bbox 3459 2234 3639 2302; x_wconf 81' lang='lat' dir='ltr'><strong>morti</strong></span> 
     </span>
    </p>
   </div>
   <div class='ocr_carea' id='block_1_41' title="bbox 351 2336 1942 2418">
    <p class='ocr_par' dir='ltr' id='par_1_41' title="bbox 351 2336 1942 2418">
     <span class='ocr_line' id='line_1_42' title="bbox 351 2336 1942 2418; baseline 0.004 -23"><span class='ocrx_word' id='word_1_264' title='bbox 351 2337 598 2396; x_wconf 79' lang='grc' dir='ltr'>θανάτου</span> <span class='ocrx_word' id='word_1_265' title='bbox 629 2340 719 2395; x_wconf 82' lang='grc' dir='ltr'><strong>διὰ</strong></span> <span class='ocrx_word' id='word_1_266' title='bbox 742 2341 844 2412; x_wconf 81' lang='grc' dir='ltr'><strong>τὴν</strong></span> <span class='ocrx_word' id='word_1_267' title='bbox 865 2342 1143 2412; x_wconf 83' lang='grc' dir='ltr'>ἁμαρτίαν</span> <span class='ocrx_word' id='word_1_268' title='bbox 1168 2344 1227 2397; x_wconf 77' lang='grc' dir='ltr'><strong>ἐν</strong></span> <span class='ocrx_word' id='word_1_269' title='bbox 1323 2343 1487 2415; x_wconf 75' lang='grc' dir='ltr'><strong>ἐζῆτε</strong></span> <span class='ocrx_word' id='word_1_270' title='bbox 1516 2345 1622 2400; x_wconf 80' lang='grc' dir='ltr'><strong>ὑπὸ</strong></span> <span class='ocrx_word' id='word_1_271' title='bbox 1650 2345 1744 2400; x_wconf 87' lang='grc' dir='ltr'><strong>τοῦ</strong></span> <span class='ocrx_word' id='word_1_272' title='bbox 1775 2363 1942 2418; x_wconf 87' lang='grc' dir='ltr'>πονη-</span> 
     </span>
    </p>
   </div>
   <div class='ocr_carea' id='block_1_42' title="bbox 2057 2336 3626 2418">
    <p class='ocr_par' dir='ltr' id='par_1_42' title="bbox 2057 2340 3626 2413">
     <span class='ocr_line' id='line_1_43' title="bbox 2057 2340 3626 2413; baseline -0.003 -17"><span class='ocrx_word' id='word_1_273' title='bbox 2057 2350 2271 2413; x_wconf 81' lang='lat' dir='ltr'><strong>propter</strong></span> <span class='ocrx_word' id='word_1_274' title='bbox 2305 2349 2599 2412; x_wconf 85' lang='lat' dir='ltr'><strong>peccatum</strong></span> <span class='ocrx_word' id='word_1_275' title='bbox 2635 2343 2693 2397; x_wconf 87' lang='lat' dir='ltr'><strong>in</strong></span> <span class='ocrx_word' id='word_1_276' title='bbox 2746 2357 2859 2412; x_wconf 90' lang='lat' dir='ltr'><strong>quo</strong></span> <span class='ocrx_word' id='word_1_277' title='bbox 2890 2341 3184 2407; x_wconf 86' lang='lat' dir='ltr'><strong>vivebatis,</strong></span> <span class='ocrx_word' id='word_1_278' title='bbox 3223 2341 3388 2409; x_wconf 86' lang='lat' dir='ltr'><strong>cujus</strong></span> <span class='ocrx_word' id='word_1_279' title='bbox 3411 2340 3626 2394; x_wconf 85' lang='lat' dir='ltr'><strong>daemon</strong></span> 
     </span>
    </p>
   </div>
   <div class='ocr_carea' id='block_1_43' title="bbox 352 2430 1942 2509">
    <p class='ocr_par' dir='ltr' id='par_1_43' title="bbox 352 2430 1942 2509">
     <span class='ocr_line' id='line_1_44' title="bbox 352 2430 1942 2509; baseline 0.005 -24"><span class='ocrx_word' id='word_1_280' title='bbox 352 2430 452 2502; x_wconf 87' lang='grc' dir='ltr'><strong>ροῦ</strong></span> <span class='ocrx_word' id='word_1_281' title='bbox 474 2431 731 2502; x_wconf 84' lang='grc' dir='ltr'>δαίμονος</span> <span class='ocrx_word' id='word_1_282' title='bbox 757 2432 852 2486; x_wconf 90' lang='grc' dir='ltr'><strong>τοῦ</strong></span> <span class='ocrx_word' id='word_1_283' title='bbox 899 2432 1165 2505; x_wconf 80' lang='grc' dir='ltr'><strong>ἄρξαντος</strong></span> <span class='ocrx_word' id='word_1_284' title='bbox 1197 2436 1287 2490; x_wconf 87' lang='grc' dir='ltr'>διὰ</span> <span class='ocrx_word' id='word_1_285' title='bbox 1314 2436 1422 2490; x_wconf 87' lang='grc' dir='ltr'><strong>τῶν</strong></span> <span class='ocrx_word' id='word_1_286' title='bbox 1468 2437 1942 2509; x_wconf 70' lang='grc' dir='ltr'>εἰσπορευομένων</span> 
     </span>
    </p>
   </div>
   <div class='ocr_carea' id='block_1_44' title="bbox 2057 2430 3631 2509">
    <p class='ocr_par' dir='ltr' id='par_1_44' title="bbox 2057 2430 3631 2503">
     <span class='ocr_line' id='line_1_45' title="bbox 2057 2430 3631 2503; baseline -0.004 -16"><span class='ocrx_word' id='word_1_287' title='bbox 2057 2431 2330 2502; x_wconf 76' lang='lat' dir='ltr'><strong>.mprobus</strong></span> <span class='ocrx_word' id='word_1_288' title='bbox 2350 2432 2537 2502; x_wconf 84' lang='lat' dir='ltr'><strong>pravis</strong></span> <span class='ocrx_word' id='word_1_289' title='bbox 2566 2431 3003 2503; x_wconf 72' lang='lat' dir='ltr'><strong>cogitationibus</strong></span> <span class='ocrx_word' id='word_1_290' title='bbox 3028 2430 3252 2500; x_wconf 89' lang='lat' dir='ltr'><strong>injectis</strong></span> <span class='ocrx_word' id='word_1_291' title='bbox 3266 2437 3461 2484; x_wconf 88' lang='lat' dir='ltr'><strong>auctor</strong></span> <span class='ocrx_word' id='word_1_292' title='bbox 3486 2436 3631 2489; x_wconf 88' lang='lat' dir='ltr'><strong>erat.</strong></span> 
     </span>
    </p>
   </div>
   <div class='ocr_carea' id='block_1_45' title="bbox 351 2521 1942 2596">
    <p class='ocr_par' dir='ltr' id='par_1_45' title="bbox 351 2523 1942 2596">
     <span class='ocr_line' id='line_1_46' title="bbox 351 2523 1942 2596; baseline 0.004 -19"><span class='ocrx_word' id='word_1_293' title='bbox 351 2523 486 2596; x_wconf 75' lang='grc' dir='ltr'><strong>ὑμῖν</strong></span> <span class='ocrx_word' id='word_1_294' title='bbox 542 2525 802 2595; x_wconf 82' lang='grc' dir='ltr'><strong>πονηρῶν</strong></span> <span class='ocrx_word' id='word_1_295' title='bbox 850 2525 1072 2580; x_wconf 77' lang='grc' dir='ltr'><strong>ἐννοιῶν</strong></span> <span class='ocrx_word' id='word_1_296' title='bbox 1097 2566 1113 2592; x_wconf 88' lang='grc'><strong>,</strong></span> <span class='ocrx_word' id='word_1_297' title='bbox 1149 2527 1300 2581; x_wconf 74' lang='grc' dir='ltr'>ἐλέου</span> <span class='ocrx_word' id='word_1_298' title='bbox 1336 2526 1580 2593; x_wconf 81' lang='grc' dir='ltr'><strong>ἀξιώσας</strong></span> <span class='ocrx_word' id='word_1_299' title='bbox 1620 2532 1648 2583; x_wconf 83' lang='grc' dir='ltr'><strong>ὁ</strong></span> <span class='ocrx_word' id='word_1_300' title='bbox 1681 2530 1814 2595; x_wconf 82' lang='grc' dir='ltr'><strong>Θεὸς</strong></span> <span class='ocrx_word' id='word_1_301' title='bbox 1846 2529 1942 2583; x_wconf 76' lang='grc' dir='ltr'>καὶ</span> 
     </span>
    </p>
   </div>
   <div class='ocr_carea' id='block_1_46' title="bbox 2057 2521 3636 2596">
    <p class='ocr_par' dir='ltr' id='par_1_46' title="bbox 2057 2521 3636 2594">
     <span class='ocr_line' id='line_1_47' title="bbox 2057 2521 3636 2594; baseline -0.001 -18"><span class='ocrx_word' id='word_1_302' title='bbox 2057 2523 2427 2579; x_wconf 82' lang='lat' dir='ltr'><strong>misericordia</strong></span> <span class='ocrx_word' id='word_1_303' title='bbox 2461 2523 2711 2594; x_wconf 80' lang='lat' dir='ltr'><strong>dignavit</strong></span> <span class='ocrx_word' id='word_1_304' title='bbox 2741 2522 2911 2590; x_wconf 90' lang='lat' dir='ltr'><strong>Deus,</strong></span> <span class='ocrx_word' id='word_1_305' title='bbox 2936 2524 3303 2593; x_wconf 85' lang='lat' dir='ltr'><strong>ultroneaque</strong></span> <span class='ocrx_word' id='word_1_306' title='bbox 3335 2521 3535 2592; x_wconf 84' lang='lat' dir='ltr'><strong>gratia,</strong></span> <span class='ocrx_word' id='word_1_307' title='bbox 3568 2534 3636 2575; x_wconf 92' lang='lat' dir='ltr'><strong>ac</strong></span> 
     </span>
    </p>
   </div>
   <div class='ocr_carea' id='block_1_47' title="bbox 352 2613 1942 2691">
    <p class='ocr_par' dir='ltr' id='par_1_47' title="bbox 352 2615 1942 2691">
     <span class='ocr_line' id='line_1_48' title="bbox 352 2615 1942 2691; baseline 0 -18"><span class='ocrx_word' id='word_1_308' title='bbox 352 2616 578 2688; x_wconf 75' lang='grc' dir='ltr'>χάριτος</span> <span class='ocrx_word' id='word_1_309' title='bbox 628 2615 903 2682; x_wconf 77' lang='grc' dir='ltr'>ἑκουσίου,</span> <span class='ocrx_word' id='word_1_310' title='bbox 956 2616 1055 2689; x_wconf 82' lang='grc' dir='ltr'><strong>τὴν</strong></span> <span class='ocrx_word' id='word_1_311' title='bbox 1112 2619 1171 2671; x_wconf 73' lang='grc' dir='ltr'>ἐν</span> <span class='ocrx_word' id='word_1_312' title='bbox 1225 2620 1291 2689; x_wconf 80' lang='grc' dir='ltr'><strong>τῇ</strong></span> <span class='ocrx_word' id='word_1_313' title='bbox 1344 2618 1591 2691; x_wconf 75' lang='grc' dir='ltr'><strong>ἁμαρτίᾳ</strong></span> <span class='ocrx_word' id='word_1_314' title='bbox 1637 2620 1942 2691; x_wconf 84' lang='grc' dir='ltr'>νεκρότητα</span> 
     </span>
    </p>
   </div>
   <div class='ocr_carea' id='block_1_48' title="bbox 2057 2613 3630 2691">
    <p class='ocr_par' dir='ltr' id='par_1_48' title="bbox 2057 2613 3630 2684">
     <span class='ocr_line' id='line_1_49' title="bbox 2057 2613 3630 2684; baseline -0.004 -13"><span class='ocrx_word' id='word_1_315' title='bbox 2057 2622 2285 2671; x_wconf 74' lang='lat' dir='ltr'><strong>vestram</strong></span> <span class='ocrx_word' id='word_1_316' title='bbox 2309 2613 2364 2670; x_wconf 90' lang='lat' dir='ltr'><strong>in</strong></span> <span class='ocrx_word' id='word_1_317' title='bbox 2398 2623 2628 2684; x_wconf 89' lang='lat' dir='ltr'><strong>peccato</strong></span> <span class='ocrx_word' id='word_1_318' title='bbox 2656 2615 3321 2670; x_wconf 77' lang='lat' dir='ltr'><strong>mortalitatem‘mutavit</strong></span> <span class='ocrx_word' id='word_1_319' title='bbox 3349 2615 3406 2667; x_wconf 90' lang='lat' dir='ltr'><strong>in</strong></span> <span class='ocrx_word' id='word_1_320' title='bbox 3438 2614 3630 2678; x_wconf 87' lang='lat' dir='ltr'><strong>vitam,</strong></span> 
     </span>
    </p>
   </div>
   <div class='ocr_carea' id='block_1_49' title="bbox 352 2702 1942 2786">
    <p class='ocr_par' dir='ltr' id='par_1_49' title="bbox 352 2709 1942 2786">
     <span class='ocr_line' id='line_1_50' title="bbox 352 2709 1942 2786; baseline 0.003 -22"><span class='ocrx_word' id='word_1_321' title='bbox 352 2709 511 2776; x_wconf 81' lang='grc' dir='ltr'>ὑμῶν</span> <span class='ocrx_word' id='word_1_322' title='bbox 542 2709 841 2781; x_wconf 77' lang='grc' dir='ltr'>μετέϐαλεν</span> <span class='ocrx_word' id='word_1_323' title='bbox 875 2712 956 2775; x_wconf 78' lang='grc' dir='ltr'>εἰς</span> <span class='ocrx_word' id='word_1_324' title='bbox 987 2710 1133 2783; x_wconf 82' lang='grc' dir='ltr'>ζωὴν</span> <span class='ocrx_word' id='word_1_325' title='bbox 1159 2712 1418 2784; x_wconf 80' lang='grc' dir='ltr'>κοινωνίᾳ</span> <span class='ocrx_word' id='word_1_326' title='bbox 1436 2715 1502 2785; x_wconf 80' lang='grc' dir='ltr'>τῇ</span> <span class='ocrx_word' id='word_1_327' title='bbox 1525 2713 1664 2784; x_wconf 81' lang='grc' dir='ltr'>πρὸς</span> <span class='ocrx_word' id='word_1_328' title='bbox 1683 2713 1775 2768; x_wconf 84' lang='grc' dir='ltr'>τὸν</span> <span class='ocrx_word' id='word_1_329' title='bbox 1803 2715 1942 2786; x_wconf 88' lang='grc' dir='ltr'>Χρι-</span> 
     </span>
    </p>
   </div>
   <div class='ocr_carea' id='block_1_50' title="bbox 2057 2702 3633 2786">
    <p class='ocr_par' dir='ltr' id='par_1_50' title="bbox 2057 2702 3633 2776">
     <span class='ocr_line' id='line_1_51' title="bbox 2057 2702 3633 2776; baseline -0.003 -15"><span class='ocrx_word' id='word_1_330' title='bbox 2057 2719 2143 2776; x_wconf 75' lang='lat' dir='ltr'><strong>per</strong></span> <span class='ocrx_word' id='word_1_331' title='bbox 2193 2706 2535 2762; x_wconf 83' lang='lat' dir='ltr'><strong>consortium</strong></span> <span class='ocrx_word' id='word_1_332' title='bbox 2597 2722 2724 2761; x_wconf 92' lang='lat' dir='ltr'><strong>cum</strong></span> <span class='ocrx_word' id='word_1_333' title='bbox 2761 2706 3005 2763; x_wconf 87' lang='lat' dir='ltr'><strong>Christo.</strong></span> <span class='ocrx_word' id='word_1_334' title='bbox 3037 2702 3177 2760; x_wconf 82' lang='lat' dir='ltr'><strong>Nam</strong></span> <span class='ocrx_word' id='word_1_335' title='bbox 3230 2705 3377 2776; x_wconf 86' lang='lat' dir='ltr'><strong>quod</strong></span> <span class='ocrx_word' id='word_1_336' title='bbox 3407 2705 3633 2760; x_wconf 88' lang='lat' dir='ltr'><strong>Christo</strong></span> 
     </span>
    </p>
   </div>
   <div class='ocr_carea' id='block_1_51' title="bbox 352 2795 1942 2877">
    <p class='ocr_par' dir='ltr' id='par_1_51' title="bbox 352 2801 1942 2877">
     <span class='ocr_line' id='line_1_52' title="bbox 352 2801 1942 2877; baseline 0.001 -20"><span class='ocrx_word' id='word_1_337' title='bbox 352 2801 501 2858; x_wconf 82' lang='grc' dir='ltr'>στόν.</span> <span class='ocrx_word' id='word_1_338' title='bbox 556 2801 736 2873; x_wconf 76' lang='grc' dir='ltr'>Ὅπερ</span> <span class='ocrx_word' id='word_1_339' title='bbox 770 2802 881 2874; x_wconf 84' lang='grc' dir='ltr'>γάρ</span> <span class='ocrx_word' id='word_1_340' title='bbox 925 2804 1047 2859; x_wconf 77' lang='grc' dir='ltr'>ἐστι</span> <span class='ocrx_word' id='word_1_341' title='bbox 1098 2802 1178 2875; x_wconf 85' lang='grc' dir='ltr'><strong>τῷ</strong></span> <span class='ocrx_word' id='word_1_342' title='bbox 1207 2802 1453 2875; x_wconf 80' lang='grc' dir='ltr'>Χριστῷ,</span> <span class='ocrx_word' id='word_1_343' title='bbox 1488 2804 1649 2858; x_wconf 86' lang='grc' dir='ltr'>τοῦτο</span> <span class='ocrx_word' id='word_1_344' title='bbox 1678 2806 1761 2869; x_wconf 78' lang='grc' dir='ltr'><strong>εις</strong></span> <span class='ocrx_word' id='word_1_345' title='bbox 1792 2807 1942 2877; x_wconf 77' lang='grc' dir='ltr'>ἡμᾶς</span> 
     </span>
    </p>
   </div>
   <div class='ocr_carea' id='block_1_52' title="bbox 2057 2795 3635 2877">
    <p class='ocr_par' dir='ltr' id='par_1_52' title="bbox 2057 2795 3635 2867">
     <span class='ocr_line' id='line_1_53' title="bbox 2057 2795 3635 2867; baseline -0.002 -16"><span class='ocrx_word' id='word_1_346' title='bbox 2057 2797 2327 2867; x_wconf 71' lang='lat' dir='ltr'><strong>proprium</strong></span> <span class='ocrx_word' id='word_1_347' title='bbox 2366 2805 2470 2865; x_wconf 85' lang='lat' dir='ltr'><strong>est,</strong></span> <span class='ocrx_word' id='word_1_348' title='bbox 2506 2797 2613 2853; x_wconf 90' lang='lat' dir='ltr'><strong>hoc</strong></span> <span class='ocrx_word' id='word_1_349' title='bbox 2656 2798 2724 2853; x_wconf 90' lang='lat' dir='ltr'><strong>ad</strong></span> <span class='ocrx_word' id='word_1_350' title='bbox 2756 2810 2859 2854; x_wconf 87' lang='lat' dir='ltr'><strong>nos</strong></span> <span class='ocrx_word' id='word_1_351' title='bbox 2887 2797 3196 2861; x_wconf 83' lang='lat' dir='ltr'><strong>derivatur,</strong></span> <span class='ocrx_word' id='word_1_352' title='bbox 3228 2797 3324 2867; x_wconf 89' lang='lat' dir='ltr'><strong>qui</strong></span> <span class='ocrx_word' id='word_1_353' title='bbox 3358 2795 3463 2866; x_wconf 89' lang='lat' dir='ltr'><strong>ipsi</strong></span> <span class='ocrx_word' id='word_1_354' title='bbox 3490 2809 3635 2850; x_wconf 70' lang='lat' dir='ltr'><strong>con-‘</strong></span> 
     </span>
    </p>
   </div>
   <div class='ocr_carea' id='block_1_53' title="bbox 350 2886 1942 2964">
    <p class='ocr_par' dir='ltr' id='par_1_53' title="bbox 350 2891 1942 2964">
     <span class='ocr_line' id='line_1_54' title="bbox 350 2891 1942 2964; baseline 0.001 -17"><span class='ocrx_word' id='word_1_355' title='bbox 350 2895 524 2964; x_wconf 75' lang='grc' dir='ltr'>χωρεῖ</span> <span class='ocrx_word' id='word_1_356' title='bbox 544 2891 993 2963; x_wconf 84' lang='grc' dir='ltr'>συναπτομένους</span> <span class='ocrx_word' id='word_1_357' title='bbox 1017 2892 1187 2964; x_wconf 82' lang='grc' dir='ltr'>αὐτῷ.</span> <span class='ocrx_word' id='word_1_358' title='bbox 1213 2894 1324 2948; x_wconf 78' lang='grc' dir='ltr'><strong>Καὶ</strong></span> <span class='ocrx_word' id='word_1_359' title='bbox 1355 2894 1482 2958; x_wconf 84' lang='grc' dir='ltr'>τοὺς</span> <span class='ocrx_word' id='word_1_360' title='bbox 1526 2892 1750 2964; x_wconf 78' lang='grc' dir='ltr'>ἔχοντας</span> <span class='ocrx_word' id='word_1_361' title='bbox 1777 2893 1834 2947; x_wconf 82' lang='grc' dir='ltr'>δὲ</span> <span class='ocrx_word' id='word_1_362' title='bbox 1860 2895 1942 2948; x_wconf 86' lang='grc' dir='ltr'><strong>νό-</strong></span> 
     </span>
    </p>
   </div>
   <div class='ocr_carea' id='block_1_54' title="bbox 2057 2886 3633 2964">
    <p class='ocr_par' dir='ltr' id='par_1_54' title="bbox 2057 2886 3633 2960">
     <span class='ocr_line' id='line_1_55' title="bbox 2057 2886 3633 2960; baseline -0.001 -18"><span class='ocrx_word' id='word_1_363' title='bbox 2057 2888 2352 2960; x_wconf 86' lang='lat' dir='ltr'><strong>iungimur.</strong></span> <span class='ocrx_word' id='word_1_364' title='bbox 2383 2888 2589 2960; x_wconf 86' lang='lat' dir='ltr'><strong>Aitque</strong></span> <span class='ocrx_word' id='word_1_365' title='bbox 2617 2904 2715 2946; x_wconf 86' lang='lat' dir='ltr'><strong>eos</strong></span> <span class='ocrx_word' id='word_1_366' title='bbox 2767 2892 2861 2960; x_wconf 83' lang='lat' dir='ltr'><strong>qui</strong></span> <span class='ocrx_word' id='word_1_367' title='bbox 2890 2889 3064 2960; x_wconf 75' lang='lat' dir='ltr'><strong>legem</strong></span> <span class='ocrx_word' id='word_1_368' title='bbox 3090 2888 3390 2951; x_wconf 87' lang='lat' dir='ltr'><strong>habebant,</strong></span> <span class='ocrx_word' id='word_1_369' title='bbox 3429 2886 3633 2943; x_wconf 74' lang='lat' dir='ltr'><strong>similia</strong></span> 
     </span>
    </p>
   </div>
   <div class='ocr_carea' id='block_1_55' title="bbox 354 2979 1942 3055">
    <p class='ocr_par' dir='ltr' id='par_1_55' title="bbox 354 2981 1942 3055">
     <span class='ocr_line' id='line_1_56' title="bbox 354 2981 1942 3055; baseline 0.001 -18"><span class='ocrx_word' id='word_1_370' title='bbox 354 3000 478 3055; x_wconf 84' lang='grc' dir='ltr'>μον,</span> <span class='ocrx_word' id='word_1_371' title='bbox 521 2983 593 3036; x_wconf 82' lang='grc' dir='ltr'>τὰ</span> <span class='ocrx_word' id='word_1_372' title='bbox 651 2984 813 3055; x_wconf 83' lang='grc' dir='ltr'>ὅμοια</span> <span class='ocrx_word' id='word_1_373' title='bbox 871 2981 981 3036; x_wconf 86' lang='grc' dir='ltr'><strong>τῶν</strong></span> <span class='ocrx_word' id='word_1_374' title='bbox 1030 2983 1200 3038; x_wconf 75' lang='grc' dir='ltr'>ἐθνῶν</span> <span class='ocrx_word' id='word_1_375' title='bbox 1250 2982 1602 3052; x_wconf 78' lang='grc' dir='ltr'>πεπονθέναι,</span> <span class='ocrx_word' id='word_1_376' title='bbox 1654 2984 1858 3055; x_wconf 66' lang='grc' dir='ltr'>φησιν,</span> <span class='ocrx_word' id='word_1_377' title='bbox 1885 2986 1942 3038; x_wconf 66' lang='grc' dir='ltr'><strong>ἂν</strong></span> 
     </span>
    </p>
   </div>
   <div class='ocr_carea' id='block_1_56' title="bbox 2057 2979 3637 3055">
    <p class='ocr_par' dir='ltr' id='par_1_56' title="bbox 2057 2979 3637 3052">
     <span class='ocr_line' id='line_1_57' title="bbox 2057 2979 3637 3052; baseline -0.001 -18"><span class='ocrx_word' id='word_1_378' title='bbox 2057 2994 2110 3035; x_wconf 77' lang='grc' dir='ltr'><strong>ιο</strong></span> <span class='ocrx_word' id='word_1_379' title='bbox 2159 2980 2394 3051; x_wconf 79' lang='lat' dir='ltr'><strong>gentiles</strong></span> <span class='ocrx_word' id='word_1_380' title='bbox 2427 2994 2624 3050; x_wconf 89' lang='lat' dir='ltr'><strong>passos</strong></span> <span class='ocrx_word' id='word_1_381' title='bbox 2660 2983 2894 3052; x_wconf 85' lang='lat' dir='ltr'><strong>propter</strong></span> <span class='ocrx_word' id='word_1_382' title='bbox 2928 2990 3179 3052; x_wconf 88' lang='lat' dir='ltr'><strong>peccata,</strong></span> <span class='ocrx_word' id='word_1_383' title='bbox 3213 2990 3274 3036; x_wconf 89' lang='lat' dir='ltr'><strong>ut</strong></span> <span class='ocrx_word' id='word_1_384' title='bbox 3313 2979 3637 3039; x_wconf 81' lang='lat' dir='ltr'><strong>ostendere-</strong></span> 
     </span>
    </p>
   </div>
   <div class='ocr_carea' id='block_1_57' title="bbox 349 3068 1942 3148">
    <p class='ocr_par' dir='ltr' id='par_1_57' title="bbox 349 3075 1942 3148">
     <span class='ocr_line' id='line_1_58' title="bbox 349 3075 1942 3148; baseline 0 -18"><span class='ocrx_word' id='word_1_385' title='bbox 349 3075 654 3147; x_wconf 71' lang='grc' dir='ltr'>ἁμαρτίαις</span> <span class='ocrx_word' id='word_1_386' title='bbox 677 3115 693 3139; x_wconf 90' lang='grc'><strong>,</strong></span> <span class='ocrx_word' id='word_1_387' title='bbox 745 3075 834 3130; x_wconf 80' lang='grc' dir='ltr'><strong>ἵνα</strong></span> <span class='ocrx_word' id='word_1_388' title='bbox 883 3076 945 3128; x_wconf 84' lang='grc' dir='ltr'>τὸ</span> <span class='ocrx_word' id='word_1_389' title='bbox 985 3075 1214 3146; x_wconf 81' lang='grc' dir='ltr'>μέγεθος</span> <span class='ocrx_word' id='word_1_390' title='bbox 1261 3075 1567 3148; x_wconf 71' lang='grc' dir='ltr'>ἐνδείξηται</span> <span class='ocrx_word' id='word_1_391' title='bbox 1602 3075 1705 3145; x_wconf 81' lang='grc' dir='ltr'>τῆς</span> <span class='ocrx_word' id='word_1_392' title='bbox 1731 3076 1942 3146; x_wconf 71' lang='grc' dir='ltr'>δωρεᾶς</span> 
     </span>
    </p>
   </div>
   <div class='ocr_carea' id='block_1_58' title="bbox 2057 3068 3626 3148">
    <p class='ocr_par' dir='ltr' id='par_1_58' title="bbox 2057 3068 3626 3142">
     <span class='ocr_line' id='line_1_59' title="bbox 2057 3068 3626 3142; baseline -0.001 -18"><span class='ocrx_word' id='word_1_393' title='bbox 2057 3084 2134 3125; x_wconf 75' lang='lat' dir='ltr'><strong>Lur</strong></span> <span class='ocrx_word' id='word_1_394' title='bbox 2179 3071 2498 3141; x_wconf 74' lang='lat' dir='ltr'><strong>magnitudo</strong></span> <span class='ocrx_word' id='word_1_395' title='bbox 2559 3070 2733 3127; x_wconf 82' lang='lat' dir='ltr'><strong>divini</strong></span> <span class='ocrx_word' id='word_1_396' title='bbox 2801 3072 3074 3136; x_wconf 78' lang='lat' dir='ltr'><strong>muneris,</strong></span> <span class='ocrx_word' id='word_1_397' title='bbox 3136 3088 3247 3142; x_wconf 90' lang='lat' dir='ltr'><strong>qua</strong></span> <span class='ocrx_word' id='word_1_398' title='bbox 3305 3084 3498 3126; x_wconf 83' lang='lat' dir='ltr'><strong>omnes</strong></span> <span class='ocrx_word' id='word_1_399' title='bbox 3526 3068 3626 3141; x_wconf 92' lang='lat' dir='ltr'><strong>qui</strong></span> 
     </span>
    </p>
   </div>
   <div class='ocr_carea' id='block_1_59' title="bbox 347 3163 1942 3242">
    <p class='ocr_par' dir='ltr' id='par_1_59' title="bbox 347 3166 1942 3242">
     <span class='ocr_line' id='line_1_60' title="bbox 347 3166 1942 3242; baseline 0.001 -20"><span class='ocrx_word' id='word_1_400' title='bbox 347 3167 446 3222; x_wconf 72' lang='grc' dir='ltr'><strong>ξοῦ</strong></span> <span class='ocrx_word' id='word_1_401' title='bbox 473 3166 650 3231; x_wconf 82' lang='grc' dir='ltr'>Θεοῦ,</span> <span class='ocrx_word' id='word_1_402' title='bbox 682 3167 766 3222; x_wconf 84' lang='grc' dir='ltr'>ὅτι</span> <span class='ocrx_word' id='word_1_403' title='bbox 795 3167 923 3231; x_wconf 79' lang='grc' dir='ltr'>τοὺς</span> <span class='ocrx_word' id='word_1_404' title='bbox 970 3167 1181 3233; x_wconf 84' lang='grc' dir='ltr'>πάντας</span> <span class='ocrx_word' id='word_1_405' title='bbox 1228 3168 1640 3240; x_wconf 82' lang='grc' dir='ltr'>κρατουμένους</span> <span class='ocrx_word' id='word_1_406' title='bbox 1685 3169 1792 3223; x_wconf 78' lang='grc' dir='ltr'><strong>ὑπὸ</strong></span> <span class='ocrx_word' id='word_1_407' title='bbox 1844 3171 1942 3242; x_wconf 82' lang='grc' dir='ltr'>τῆς</span> 
     </span>
    </p>
   </div>
   <div class='ocr_carea' id='block_1_60' title="bbox 2057 3163 3181 3242">
    <p class='ocr_par' dir='ltr' id='par_1_60' title="bbox 2057 3163 3181 3234">
     <span class='ocr_line' id='line_1_61' title="bbox 2057 3163 3181 3234; baseline 0.002 -16"><span class='ocrx_word' id='word_1_408' title='bbox 2057 3170 2321 3234; x_wconf 71' lang='lat' dir='ltr'><strong>corruptae</strong></span> <span class='ocrx_word' id='word_1_409' title='bbox 2343 3163 2576 3234; x_wconf 87' lang='lat' dir='ltr'><strong>subjecti</strong></span> <span class='ocrx_word' id='word_1_410' title='bbox 2604 3171 2786 3231; x_wconf 86' lang='lat' dir='ltr'><strong>erant,</strong></span> <span class='ocrx_word' id='word_1_411' title='bbox 2815 3165 3000 3221; x_wconf 87' lang='lat' dir='ltr'><strong>salvos</strong></span> <span class='ocrx_word' id='word_1_412' title='bbox 3028 3163 3181 3220; x_wconf 76' lang='lat' dir='ltr'><strong>fecit.</strong></span> 
     </span>
    </p>
   </div>
   <div class='ocr_carea' id='block_1_61' title="bbox 347 3257 824 3331">
    <p class='ocr_par' dir='ltr' id='par_1_61' title="bbox 347 3257 824 3331">
     <span class='ocr_line' id='line_1_62' title="bbox 347 3257 824 3331; baseline 0 -19"><span class='ocrx_word' id='word_1_413' title='bbox 347 3257 558 3331; x_wconf 74' lang='grc' dir='ltr'>φθορᾶς</span> <span class='ocrx_word' id='word_1_414' title='bbox 579 3257 824 3313; x_wconf 82' lang='grc' dir='ltr'><strong>διέσωσε.</strong></span> 
     </span>
    </p>
   </div>
   <div class='ocr_carea' id='block_1_62' title="bbox 422 3350 1937 3424">
    <p class='ocr_par' dir='ltr' id='par_1_62' title="bbox 422 3350 1937 3424">
     <span class='ocr_line' id='line_1_63' title="bbox 422 3350 1937 3424; baseline 0.005 -21"><span class='ocrx_word' id='word_1_415' title='bbox 422 3368 445 3403; x_wconf 74' lang='grc' dir='ltr'><strong>ι</strong></span> <span class='ocrx_word' id='word_1_416' title='bbox 484 3350 598 3404; x_wconf 72' lang='grc' dir='ltr'><strong>Καὶ</strong></span> <span class='ocrx_word' id='word_1_417' title='bbox 631 3351 925 3422; x_wconf 81' lang='grc' dir='ltr'>συνήγειρε</span> <span class='ocrx_word' id='word_1_418' title='bbox 951 3351 1046 3406; x_wconf 82' lang='grc' dir='ltr'>καὶ</span> <span class='ocrx_word' id='word_1_419' title='bbox 1076 3351 1439 3408; x_wconf 80' lang='grc' dir='ltr'>συνεκάθισεν</span> <span class='ocrx_word' id='word_1_420' title='bbox 1468 3354 1528 3406; x_wconf 81' lang='grc' dir='ltr'><strong>ὲν</strong></span> <span class='ocrx_word' id='word_1_421' title='bbox 1555 3357 1668 3417; x_wconf 79' lang='grc' dir='ltr'>τοῖς</span> <span class='ocrx_word' id='word_1_422' title='bbox 1697 3356 1937 3424; x_wconf 72' lang='grc' dir='ltr'>ἐπουρα-</span> 
     </span>
    </p>
   </div>
   <div class='ocr_carea' id='block_1_63' title="bbox 344 3441 1939 3515">
    <p class='ocr_par' dir='ltr' id='par_1_63' title="bbox 344 3441 1939 3515">
     <span class='ocr_line' id='line_1_64' title="bbox 344 3441 1939 3515; baseline 0.003 -18"><span class='ocrx_word' id='word_1_423' title='bbox 344 3441 480 3506; x_wconf 83' lang='grc' dir='ltr'>νίοις</span> <span class='ocrx_word' id='word_1_424' title='bbox 506 3444 566 3496; x_wconf 81' lang='grc' dir='ltr'><strong>ὲν</strong></span> <span class='ocrx_word' id='word_1_425' title='bbox 592 3441 815 3515; x_wconf 81' lang='grc' dir='ltr'>Χριστῷ</span> <span class='ocrx_word' id='word_1_426' title='bbox 862 3443 1062 3514; x_wconf 83' lang='grc' dir='ltr'>Ἰησοῦ,</span> <span class='ocrx_word' id='word_1_427' title='bbox 1087 3443 1177 3499; x_wconf 79' lang='grc' dir='ltr'>ἵνα</span> <span class='ocrx_word' id='word_1_428' title='bbox 1206 3443 1513 3515; x_wconf 67' lang='grc' dir='ltr'>ἐνδείξηται</span> <span class='ocrx_word' id='word_1_429' title='bbox 1541 3446 1600 3501; x_wconf 81' lang='grc' dir='ltr'><strong>ὲν</strong></span> <span class='ocrx_word' id='word_1_430' title='bbox 1630 3448 1745 3510; x_wconf 77' lang='grc' dir='ltr'>τοῖς</span> <span class='ocrx_word' id='word_1_431' title='bbox 1776 3447 1939 3501; x_wconf 81' lang='grc' dir='ltr'>αἱῶσι</span> 
     </span>
    </p>
   </div>
   <div class='ocr_carea' id='block_1_64' title="bbox 344 3532 1940 3610">
    <p class='ocr_par' dir='ltr' id='par_1_64' title="bbox 344 3532 1940 3610">
     <span class='ocr_line' id='line_1_65' title="bbox 344 3532 1940 3610; baseline 0.002 -20"><span class='ocrx_word' id='word_1_432' title='bbox 344 3538 469 3599; x_wconf 72' lang='grc' dir='ltr'>τοῖς.</span> <span class='ocrx_word' id='word_1_433' title='bbox 506 3534 900 3607; x_wconf 70' lang='grc' dir='ltr'>ἐπερχομένοις</span> <span class='ocrx_word' id='word_1_434' title='bbox 950 3532 1043 3592; x_wconf 79' lang='grc' dir='ltr'><strong>τὸν</strong></span> <span class='ocrx_word' id='word_1_435' title='bbox 1102 3536 1516 3608; x_wconf 74' lang='grc' dir='ltr'>ὑπερϐάλλοντα</span> <span class='ocrx_word' id='word_1_436' title='bbox 1574 3537 1808 3594; x_wconf 80' lang='grc' dir='ltr'>πλοῦτον</span> <span class='ocrx_word' id='word_1_437' title='bbox 1838 3540 1940 3610; x_wconf 82' lang='grc' dir='ltr'><strong>τῆς</strong></span> 
     </span>
    </p>
   </div>
   <div class='ocr_carea' id='block_1_65' title="bbox 345 3624 1939 3707">
    <p class='ocr_par' dir='ltr' id='par_1_65' title="bbox 345 3624 1939 3707">
     <span class='ocr_line' id='line_1_66' title="bbox 345 3624 1939 3707; baseline 0.003 -29"><span class='ocrx_word' id='word_1_438' title='bbox 345 3625 569 3707; x_wconf 69' lang='grc' dir='ltr'>χάριτος</span> <span class='ocrx_word' id='word_1_439' title='bbox 593 3624 760 3680; x_wconf 82' lang='grc' dir='ltr'>αὑτοῦ</span> <span class='ocrx_word' id='word_1_440' title='bbox 786 3666 801 3692; x_wconf 95' lang='grc'><strong>,</strong></span> <span class='ocrx_word' id='word_1_441' title='bbox 830 3627 907 3705; x_wconf 31' lang='lat' dir='ltr'><strong>svi</strong></span> <span class='ocrx_word' id='word_1_442' title='bbox 923 3627 1258 3699; x_wconf 81' lang='grc' dir='ltr'>χρηστότητι</span> <span class='ocrx_word' id='word_1_443' title='bbox 1304 3628 1389 3698; x_wconf 68' lang='grc' dir='ltr'><strong>ἐφ’</strong></span> <span class='ocrx_word' id='word_1_444' title='bbox 1431 3629 1580 3701; x_wconf 78' lang='grc' dir='ltr'>ἡμᾶς</span> <span class='ocrx_word' id='word_1_445' title='bbox 1629 3630 1689 3682; x_wconf 80' lang='grc' dir='ltr'><strong>ὲν</strong></span> <span class='ocrx_word' id='word_1_446' title='bbox 1716 3628 1939 3701; x_wconf 79' lang='grc' dir='ltr'>Χριστῷ</span> 
     </span>
    </p>
   </div>
   <div class='ocr_carea' id='block_1_66' title="bbox 347 3715 1935 3794">
    <p class='ocr_par' dir='ltr' id='par_1_66' title="bbox 347 3715 1935 3794">
     <span class='ocr_line' id='line_1_67' title="bbox 347 3715 1935 3794; baseline 0.002 -21"><span class='ocrx_word' id='word_1_447' title='bbox 347 3716 548 3787; x_wconf 84' lang='grc' dir='ltr'>Ἰησοῦ.</span> <span class='ocrx_word' id='word_1_448' title='bbox 582 3715 662 3790; x_wconf 82' lang='grc' dir='ltr'><strong>Τῇ</strong></span> <span class='ocrx_word' id='word_1_449' title='bbox 705 3717 814 3790; x_wconf 83' lang='grc' dir='ltr'><strong>γὰρ</strong></span> <span class='ocrx_word' id='word_1_450' title='bbox 845 3719 1033 3790; x_wconf 85' lang='grc' dir='ltr'>χάριτί</span> <span class='ocrx_word' id='word_1_451' title='bbox 1082 3721 1208 3773; x_wconf 79' lang='grc' dir='ltr'>ἐστε</span> <span class='ocrx_word' id='word_1_452' title='bbox 1239 3720 1580 3791; x_wconf 85' lang='grc' dir='ltr'>σεσωσμένοι</span> <span class='ocrx_word' id='word_1_453' title='bbox 1609 3721 1696 3776; x_wconf 85' lang='grc' dir='ltr'>διὰ</span> <span class='ocrx_word' id='word_1_454' title='bbox 1716 3723 1813 3794; x_wconf 84' lang='grc' dir='ltr'>τῆς</span> <span class='ocrx_word' id='word_1_455' title='bbox 1843 3723 1935 3775; x_wconf 85' lang='grc' dir='ltr'>πί-</span> 
     </span>
    </p>
   </div>
   <div class='ocr_carea' id='block_1_67' title="bbox 347 3808 1344 3883">
    <p class='ocr_par' dir='ltr' id='par_1_67' title="bbox 347 3808 1344 3883">
     <span class='ocr_line' id='line_1_68' title="bbox 347 3808 1344 3883; baseline 0.003 -21"><span class='ocrx_word' id='word_1_456' title='bbox 347 3825 543 3875; x_wconf 82' lang='grc' dir='ltr'>στεως,</span> <span class='ocrx_word' id='word_1_457' title='bbox 574 3809 852 3866; x_wconf 76' lang='grc' dir='ltr'>καὶτοῦτο</span> <span class='ocrx_word' id='word_1_458' title='bbox 870 3811 972 3866; x_wconf 85' lang='grc' dir='ltr'>οὐκ</span> <span class='ocrx_word' id='word_1_459' title='bbox 1000 3808 1062 3877; x_wconf 77' lang='grc' dir='ltr'>ἐξ</span> <span class='ocrx_word' id='word_1_460' title='bbox 1096 3811 1277 3883; x_wconf 76' lang='grc' dir='ltr'>ἡμῶν.</span> <span class='ocrx_word' id='word_1_461' title='bbox 1323 3831 1344 3865; x_wconf 77' lang='grc' dir='ltr'><strong>ι</strong></span> 
     </span>
    </p>
   </div>
   <div class='ocr_carea' id='block_1_68' title="bbox 414 3902 1940 3978">
    <p class='ocr_par' dir='ltr' id='par_1_68' title="bbox 414 3902 1940 3978">
     <span class='ocr_line' id='line_1_69' title="bbox 414 3902 1940 3978; baseline 0.004 -22"><span class='ocrx_word' id='word_1_462' title='bbox 414 3902 564 3973; x_wconf 82' lang='grc' dir='ltr'><strong>Σάρξ</strong></span> <span class='ocrx_word' id='word_1_463' title='bbox 593 3906 764 3974; x_wconf 76' lang='grc' dir='ltr'>ἐσμεν</span> <span class='ocrx_word' id='word_1_464' title='bbox 781 3904 878 3958; x_wconf 87' lang='grc' dir='ltr'><strong>τοῦ</strong></span> <span class='ocrx_word' id='word_1_465' title='bbox 908 3904 1173 3976; x_wconf 88' lang='grc' dir='ltr'>Χριστοῦ,</span> <span class='ocrx_word' id='word_1_466' title='bbox 1194 3905 1291 3959; x_wconf 80' lang='grc' dir='ltr'>καὶ</span> <span class='ocrx_word' id='word_1_467' title='bbox 1319 3905 1479 3977; x_wconf 82' lang='grc' dir='ltr'>μέλη,</span> <span class='ocrx_word' id='word_1_468' title='bbox 1512 3907 1608 3960; x_wconf 77' lang='grc' dir='ltr'>καὶ</span> <span class='ocrx_word' id='word_1_469' title='bbox 1633 3907 1817 3978; x_wconf 85' lang='grc' dir='ltr'>σῶμα,</span> <span class='ocrx_word' id='word_1_470' title='bbox 1842 3908 1940 3962; x_wconf 76' lang='grc' dir='ltr'>καὶ</span> 
     </span>
    </p>
   </div>
   <div class='ocr_carea' id='block_1_69' title="bbox 346 3992 1939 4078">
    <p class='ocr_par' dir='ltr' id='par_1_69' title="bbox 346 3992 1939 4078">
     <span class='ocr_line' id='line_1_70' title="bbox 346 3992 1939 4078; baseline 0.003 -28"><span class='ocrx_word' id='word_1_471' title='bbox 346 3996 594 4067; x_wconf 71' lang='grc' dir='ltr'>κεφαλὴν</span> <span class='ocrx_word' id='word_1_472' title='bbox 630 3996 792 4068; x_wconf 82' lang='grc' dir='ltr'>ἡμῶν</span> <span class='ocrx_word' id='word_1_473' title='bbox 842 3997 1007 4051; x_wconf 78' lang='grc' dir='ltr'>αὑτὸν</span> <span class='ocrx_word' id='word_1_474' title='bbox 1053 3997 1255 4052; x_wconf 71' lang='grc' dir='ltr'>ἔδωκεν</span> <span class='ocrx_word' id='word_1_475' title='bbox 1286 4000 1315 4053; x_wconf 83' lang='grc' dir='ltr'><em>ὁ</em></span> <span class='ocrx_word' id='word_1_476' title='bbox 1352 3992 1567 4071; x_wconf 86' lang='grc' dir='ltr'>Πατήρ.</span> <span class='ocrx_word' id='word_1_477' title='bbox 1597 3999 1737 4071; x_wconf 84' lang='grc' dir='ltr'>Ἤδη</span> <span class='ocrx_word' id='word_1_478' title='bbox 1768 4001 1939 4078; x_wconf 66' lang='grc' dir='ltr'>ἐσμὲν</span> 
     </span>
    </p>
   </div>
   <div class='ocr_carea' id='block_1_70' title="bbox 346 4086 1933 4161">
    <p class='ocr_par' dir='ltr' id='par_1_70' title="bbox 346 4086 1933 4161">
     <span class='ocr_line' id='line_1_71' title="bbox 346 4086 1933 4161; baseline 0.002 -20"><span class='ocrx_word' id='word_1_479' title='bbox 346 4087 405 4142; x_wconf 73' lang='grc' dir='ltr'><strong>ὲν</strong></span> <span class='ocrx_word' id='word_1_480' title='bbox 427 4086 677 4159; x_wconf 78' lang='grc' dir='ltr'>οὐρανῷ,</span> <span class='ocrx_word' id='word_1_481' title='bbox 701 4087 836 4142; x_wconf 84' lang='grc' dir='ltr'>καθό</span> <span class='ocrx_word' id='word_1_482' title='bbox 861 4089 1032 4160; x_wconf 69' lang='grc' dir='ltr'>ἐσμεν</span> <span class='ocrx_word' id='word_1_483' title='bbox 1080 4089 1141 4142; x_wconf 82' lang='grc' dir='ltr'><strong>ὲν</strong></span> <span class='ocrx_word' id='word_1_484' title='bbox 1174 4088 1420 4161; x_wconf 85' lang='grc' dir='ltr'>Χριστῷ,</span> <span class='ocrx_word' id='word_1_485' title='bbox 1453 4090 1547 4142; x_wconf 77' lang='grc' dir='ltr'>καὶ</span> <span class='ocrx_word' id='word_1_486' title='bbox 1570 4089 1681 4144; x_wconf 85' lang='grc' dir='ltr'><strong>τῶν</strong></span> <span class='ocrx_word' id='word_1_487' title='bbox 1705 4090 1933 4158; x_wconf 80' lang='grc' dir='ltr'>ἀγαθῶν</span> 
     </span>
    </p>
   </div>
   <div class='ocr_carea' id='block_1_71' title="bbox 344 4175 1938 4254">
    <p class='ocr_par' dir='ltr' id='par_1_71' title="bbox 344 4175 1938 4254">
     <span class='ocr_line' id='line_1_72' title="bbox 344 4175 1938 4254; baseline 0.004 -25"><span class='ocrx_word' id='word_1_488' title='bbox 344 4175 445 4247; x_wconf 70' lang='grc' dir='ltr'><strong>τὴν</strong></span> <span class='ocrx_word' id='word_1_489' title='bbox 473 4177 775 4239; x_wconf 80' lang='grc' dir='ltr'>ἀπόλαυσιν</span> <span class='ocrx_word' id='word_1_490' title='bbox 802 4177 999 4250; x_wconf 75' lang='grc' dir='ltr'>ἕξομεν</span> <span class='ocrx_word' id='word_1_491' title='bbox 1028 4179 1109 4243; x_wconf 87' lang='grc' dir='ltr'><strong>είς</strong></span> <span class='ocrx_word' id='word_1_492' title='bbox 1137 4178 1387 4252; x_wconf 75' lang='grc' dir='ltr'>ὕστερον,</span> <span class='ocrx_word' id='word_1_493' title='bbox 1412 4181 1501 4234; x_wconf 82' lang='grc' dir='ltr'>ὅτε</span> <span class='ocrx_word' id='word_1_494' title='bbox 1533 4180 1601 4235; x_wconf 82' lang='grc' dir='ltr'><strong>τὰ</strong></span> <span class='ocrx_word' id='word_1_495' title='bbox 1631 4183 1689 4236; x_wconf 77' lang='grc' dir='ltr'><strong>ἐν</strong></span> <span class='ocrx_word' id='word_1_496' title='bbox 1710 4182 1938 4254; x_wconf 84' lang='grc' dir='ltr'>Χριστῷ</span> 
     </span>
    </p>
   </div>
   <div class='ocr_carea' id='block_1_72' title="bbox 345 4271 1936 4346">
    <p class='ocr_par' dir='ltr' id='par_1_72' title="bbox 345 4271 1936 4346">
     <span class='ocr_line' id='line_1_73' title="bbox 345 4271 1936 4346; baseline 0.003 -22"><span class='ocrx_word' id='word_1_497' title='bbox 345 4271 533 4340; x_wconf 85' lang='grc' dir='ltr'>ἀγαθὰ</span> <span class='ocrx_word' id='word_1_498' title='bbox 555 4272 801 4344; x_wconf 76' lang='grc' dir='ltr'>πρόεισιν</span> <span class='ocrx_word' id='word_1_499' title='bbox 824 4274 906 4336; x_wconf 85' lang='grc' dir='ltr'><strong>είς</strong></span> <span class='ocrx_word' id='word_1_500' title='bbox 925 4272 985 4327; x_wconf 73' lang='grc' dir='ltr'><strong>τὸ</strong></span> <span class='ocrx_word' id='word_1_501' title='bbox 1012 4274 1274 4345; x_wconf 67' lang='grc' dir='ltr'>ἐμφανὲς,</span> <span class='ocrx_word' id='word_1_502' title='bbox 1302 4274 1617 4346; x_wconf 72' lang='grc' dir='ltr'>ἀνεξήγητά</span> <span class='ocrx_word' id='word_1_503' title='bbox 1639 4275 1770 4329; x_wconf 72' lang='grc' dir='ltr'>ὄντα</span> <span class='ocrx_word' id='word_1_504' title='bbox 1795 4277 1936 4343; x_wconf 75' lang='grc' dir='ltr'>νυνὶ,</span> 
     </span>
    </p>
   </div>
   <div class='ocr_carea' id='block_1_73' title="bbox 346 4361 1936 4440">
    <p class='ocr_par' dir='ltr' id='par_1_73' title="bbox 346 4361 1936 4440">
     <span class='ocr_line' id='line_1_74' title="bbox 346 4361 1936 4440; baseline 0.003 -22"><span class='ocrx_word' id='word_1_505' title='bbox 346 4362 444 4418; x_wconf 74' lang='grc' dir='ltr'>καὶ</span> <span class='ocrx_word' id='word_1_506' title='bbox 469 4361 911 4435; x_wconf 75' lang='grc' dir='ltr'>ἀνεξαρίθμηταο</span> <span class='ocrx_word' id='word_1_507' title='bbox 949 4364 1031 4419; x_wconf 81' lang='grc' dir='ltr'>διὸ</span> <span class='ocrx_word' id='word_1_508' title='bbox 1079 4365 1176 4420; x_wconf 72' lang='grc' dir='ltr'>καὶ</span> <span class='ocrx_word' id='word_1_509' title='bbox 1208 4364 1442 4420; x_wconf 87' lang='grc' dir='ltr'>πλοῦτον</span> <span class='ocrx_word' id='word_1_510' title='bbox 1466 4367 1632 4420; x_wconf 74' lang='grc' dir='ltr'>αὑτὸν</span> <span class='ocrx_word' id='word_1_511' title='bbox 1652 4366 1802 4437; x_wconf 82' lang='grc' dir='ltr'>λέγει</span> <span class='ocrx_word' id='word_1_512' title='bbox 1836 4369 1936 4440; x_wconf 72' lang='grc' dir='ltr'><strong>χάε-</strong></span> 
     </span>
    </p>
   </div>
   <div class='ocr_carea' id='block_1_74' title="bbox 347 4455 966 4528">
    <p class='ocr_par' dir='ltr' id='par_1_74' title="bbox 347 4455 966 4528">
     <span class='ocr_line' id='line_1_75' title="bbox 347 4455 966 4528; baseline 0.008 -21"><span class='ocrx_word' id='word_1_513' title='bbox 347 4458 500 4525; x_wconf 82' lang='grc' dir='ltr'>ριτος</span> <span class='ocrx_word' id='word_1_514' title='bbox 530 4455 966 4528; x_wconf 77' lang='grc' dir='ltr'>ὑπερὸάλλοντα.</span> 
     </span>
    </p>
   </div>
   <div class='ocr_carea' id='block_1_75' title="bbox 427 4633 986 4706">
    <p class='ocr_par' dir='ltr' id='par_1_75' title="bbox 427 4633 986 4706">
     <span class='ocr_line' id='line_1_76' title="bbox 427 4633 986 4706; baseline -0.002 -18"><span class='ocrx_word' id='word_1_515' title='bbox 427 4654 449 4688; x_wconf 74' lang='grc' dir='ltr'><strong>ι</strong></span> <span class='ocrx_word' id='word_1_516' title='bbox 479 4633 619 4689; x_wconf 86' lang='grc' dir='ltr'>Θεοῦ</span> <span class='ocrx_word' id='word_1_517' title='bbox 640 4633 704 4688; x_wconf 81' lang='grc' dir='ltr'>τὸ</span> <span class='ocrx_word' id='word_1_518' title='bbox 733 4634 930 4706; x_wconf 88' lang='grc' dir='ltr'>δῶρον.</span> <span class='ocrx_word' id='word_1_519' title='bbox 968 4653 986 4687; x_wconf 75' lang='grc' dir='ltr'><strong>ι</strong></span> 
     </span>
    </p>
   </div>
   <div class='ocr_carea' id='block_1_76' title="bbox 418 4720 1940 4801">
    <p class='ocr_par' dir='ltr' id='par_1_76' title="bbox 418 4720 1940 4801">
     <span class='ocr_line' id='line_1_77' title="bbox 418 4720 1940 4801; baseline 0.002 -19"><span class='ocrx_word' id='word_1_520' title='bbox 418 4729 618 4799; x_wconf 79' lang='grc' dir='ltr'>Χάρις,</span> <span class='ocrx_word' id='word_1_521' title='bbox 641 4727 705 4782; x_wconf 79' lang='grc' dir='ltr'>τὸ</span> <span class='ocrx_word' id='word_1_522' title='bbox 734 4728 888 4800; x_wconf 86' lang='grc' dir='ltr'><strong>παρά</strong></span> <span class='ocrx_word' id='word_1_523' title='bbox 913 4720 1073 4792; x_wconf 76' lang='grc' dir='ltr'>Θεοῦ,</span> <span class='ocrx_word' id='word_1_524' title='bbox 1103 4727 1308 4795; x_wconf 89' lang='grc' dir='ltr'>πίστις,</span> <span class='ocrx_word' id='word_1_525' title='bbox 1327 4729 1390 4782; x_wconf 79' lang='grc' dir='ltr'>τὸ</span> <span class='ocrx_word' id='word_1_526' title='bbox 1416 4730 1542 4801; x_wconf 79' lang='grc' dir='ltr'>παρ’</span> <span class='ocrx_word' id='word_1_527' title='bbox 1573 4730 1751 4800; x_wconf 81' lang='grc' dir='ltr'>ἡμῶν.</span> <span class='ocrx_word' id='word_1_528' title='bbox 1773 4730 1940 4786; x_wconf 79' lang='grc' dir='ltr'>Ὅθεν</span> 
     </span>
    </p>
   </div>
   <div class='ocr_carea' id='block_1_77' title="bbox 348 4815 1945 4897">
    <p class='ocr_par' dir='ltr' id='par_1_77' title="bbox 348 4815 1945 4897">
     <span class='ocr_line' id='line_1_78' title="bbox 348 4815 1945 4897; baseline 0.003 -23"><span class='ocrx_word' id='word_1_529' title='bbox 348 4815 444 4876; x_wconf 72' lang='grc' dir='ltr'><strong>οὖν</strong></span> <span class='ocrx_word' id='word_1_530' title='bbox 464 4818 550 4886; x_wconf 79' lang='grc' dir='ltr'>οἷς</span> <span class='ocrx_word' id='word_1_531' title='bbox 581 4821 657 4894; x_wconf 78' lang='grc' dir='ltr'>μὴ</span> <span class='ocrx_word' id='word_1_532' title='bbox 680 4822 912 4893; x_wconf 86' lang='grc' dir='ltr'>πάρεστι</span> <span class='ocrx_word' id='word_1_533' title='bbox 932 4822 994 4877; x_wconf 78' lang='grc' dir='ltr'>τὸ</span> <span class='ocrx_word' id='word_1_534' title='bbox 1018 4820 1290 4886; x_wconf 83' lang='grc' dir='ltr'>δεκτικὸν,</span> <span class='ocrx_word' id='word_1_535' title='bbox 1326 4822 1449 4878; x_wconf 76' lang='grc' dir='ltr'>οὐδὲ</span> <span class='ocrx_word' id='word_1_536' title='bbox 1498 4825 1531 4894; x_wconf 84' lang='grc' dir='ltr'><strong>ή</strong></span> <span class='ocrx_word' id='word_1_537' title='bbox 1562 4823 1725 4896; x_wconf 83' lang='grc' dir='ltr'>χάρις</span> <span class='ocrx_word' id='word_1_538' title='bbox 1761 4842 1945 4897; x_wconf 86' lang='grc' dir='ltr'>παρα·-</span> 
     </span>
    </p>
   </div>
   <div class='ocr_carea' id='block_1_78' title="bbox 346 4910 1943 4991">
    <p class='ocr_par' dir='ltr' id='par_1_78' title="bbox 346 4910 1943 4991">
     <span class='ocr_line' id='line_1_79' title="bbox 346 4910 1943 4991; baseline 0.002 -24"><span class='ocrx_word' id='word_1_539' title='bbox 346 4913 585 4982; x_wconf 75' lang='grc' dir='ltr'>γίνεται.</span> <span class='ocrx_word' id='word_1_540' title='bbox 615 4914 729 4967; x_wconf 82' lang='grc' dir='ltr'>Οὐκ</span> <span class='ocrx_word' id='word_1_541' title='bbox 756 4913 821 4991; x_wconf 7' lang='grc' dir='ltr'>,ἐξ</span> <span class='ocrx_word' id='word_1_542' title='bbox 854 4914 1012 4987; x_wconf 78' lang='grc' dir='ltr'>ἡμῶν</span> <span class='ocrx_word' id='word_1_543' title='bbox 1039 4910 1155 4978; x_wconf 78' lang='grc' dir='ltr'>οὖν.</span> <span class='ocrx_word' id='word_1_544' title='bbox 1182 4914 1320 4970; x_wconf 82' lang='grc' dir='ltr'>ἀλλὰ</span> <span class='ocrx_word' id='word_1_545' title='bbox 1350 4915 1487 4971; x_wconf 83' lang='grc' dir='ltr'>Θεοῦ</span> <span class='ocrx_word' id='word_1_546' title='bbox 1515 4917 1576 4971; x_wconf 78' lang='grc' dir='ltr'>τὸ</span> <span class='ocrx_word' id='word_1_547' title='bbox 1593 4916 1769 4989; x_wconf 83' lang='grc' dir='ltr'>δῶρον</span> <span class='ocrx_word' id='word_1_548' title='bbox 1789 4933 1803 4947; x_wconf 91' lang='grc'><strong>·</strong></span> <span class='ocrx_word' id='word_1_549' title='bbox 1840 4918 1943 4971; x_wconf 82' lang='grc' dir='ltr'>οὐκ</span> 
     </span>
    </p>
   </div>
   <div class='ocr_carea' id='block_1_79' title="bbox 348 4998 1938 5087">
    <p class='ocr_par' dir='ltr' id='par_1_79' title="bbox 348 4998 1938 5087">
     <span class='ocr_line' id='line_1_80' title="bbox 348 4998 1938 5087; baseline 0.003 -29"><span class='ocrx_word' id='word_1_550' title='bbox 348 5006 410 5058; x_wconf 78' lang='grc' dir='ltr'><strong>ὲν</strong></span> <span class='ocrx_word' id='word_1_551' title='bbox 450 5004 531 5076; x_wconf 83' lang='grc' dir='ltr'><strong>τῷ</strong></span> <span class='ocrx_word' id='word_1_552' title='bbox 564 5004 922 5077; x_wconf 75' lang='grc' dir='ltr'>λαμϐάνοντι,</span> <span class='ocrx_word' id='word_1_553' title='bbox 955 5006 1074 5061; x_wconf 84' lang='grc' dir='ltr'>ἀλλ’</span> <span class='ocrx_word' id='word_1_554' title='bbox 1103 5006 1267 5080; x_wconf 79' lang='grc' dir='ltr'>ἐντῷ</span> <span class='ocrx_word' id='word_1_555' title='bbox 1295 4998 1521 5087; x_wconf 75' lang='grc' dir='ltr'>διδόντι,</span> <span class='ocrx_word' id='word_1_556' title='bbox 1554 5008 1616 5062; x_wconf 82' lang='grc' dir='ltr'>τὸ</span> <span class='ocrx_word' id='word_1_557' title='bbox 1642 5009 1938 5081; x_wconf 63' lang='grc' dir='ltr'><strong>εὑεργετῆδ</strong></span> 
     </span>
    </p>
   </div>
   <div class='ocr_carea' id='block_1_80' title="bbox 348 5114 466 5152">
    <p class='ocr_par' dir='ltr' id='par_1_80' title="bbox 348 5114 466 5152">
     <span class='ocr_line' id='line_1_81' title="bbox 348 5114 466 5152; baseline 0.017 -2"><span class='ocrx_word' id='word_1_558' title='bbox 348 5114 466 5152; x_wconf 73' lang='grc' dir='ltr'>σαι.</span> 
     </span>
    </p>
   </div>
   <div class='ocr_carea' id='block_1_81' title="bbox 431 5281 1723 5366">
    <p class='ocr_par' dir='ltr' id='par_1_81' title="bbox 431 5281 1723 5366">
     <span class='ocr_line' id='line_1_82' title="bbox 431 5281 1723 5366; baseline 0.002 -20"><span class='ocrx_word' id='word_1_559' title='bbox 431 5312 452 5346; x_wconf 78' lang='grc' dir='ltr'><strong>ι</strong></span> <span class='ocrx_word' id='word_1_560' title='bbox 487 5292 604 5347; x_wconf 81' lang='grc' dir='ltr'>Οὐκ</span> <span class='ocrx_word' id='word_1_561' title='bbox 627 5281 688 5360; x_wconf 72' lang='grc' dir='ltr'>ἐξ</span> <span class='ocrx_word' id='word_1_562' title='bbox 725 5292 922 5363; x_wconf 76' lang='grc' dir='ltr'>ἔργων,</span> <span class='ocrx_word' id='word_1_563' title='bbox 955 5291 1043 5346; x_wconf 77' lang='grc' dir='ltr'>ἵνα</span> <span class='ocrx_word' id='word_1_564' title='bbox 1075 5293 1150 5366; x_wconf 84' lang='grc' dir='ltr'>μή</span> <span class='ocrx_word' id='word_1_565' title='bbox 1182 5310 1268 5357; x_wconf 89' lang='grc' dir='ltr'><strong>τις</strong></span> <span class='ocrx_word' id='word_1_566' title='bbox 1299 5296 1664 5366; x_wconf 85' lang='grc' dir='ltr'>καυχήσηται.</span> <span class='ocrx_word' id='word_1_567' title='bbox 1703 5313 1723 5348; x_wconf 74' lang='grc' dir='ltr'><strong>ι</strong></span> 
     </span>
    </p>
   </div>
   <div class='ocr_carea' id='block_1_82' title="bbox 427 5382 1942 5456">
    <p class='ocr_par' dir='ltr' id='par_1_82' title="bbox 427 5382 1942 5456">
     <span class='ocr_line' id='line_1_83' title="bbox 427 5382 1942 5456; baseline 0.001 -19"><span class='ocrx_word' id='word_1_568' title='bbox 427 5382 554 5438; x_wconf 82' lang='grc' dir='ltr'>ὀτι</span> <span class='ocrx_word' id='word_1_569' title='bbox 582 5383 676 5437; x_wconf 78' lang='grc' dir='ltr'>καὶ</span> <span class='ocrx_word' id='word_1_570' title='bbox 701 5382 812 5453; x_wconf 72' lang='grc' dir='ltr'><strong>τῶν</strong></span> <span class='ocrx_word' id='word_1_571' title='bbox 850 5382 1031 5453; x_wconf 72' lang='grc' dir='ltr'>ἔργων</span> <span class='ocrx_word' id='word_1_572' title='bbox 1059 5383 1251 5448; x_wconf 78' lang='grc' dir='ltr'>ὄντων,</span> <span class='ocrx_word' id='word_1_573' title='bbox 1274 5384 1376 5438; x_wconf 81' lang='grc' dir='ltr'>οὐκ</span> <span class='ocrx_word' id='word_1_574' title='bbox 1406 5385 1466 5450; x_wconf 73' lang='grc' dir='ltr'>ἐξ</span> <span class='ocrx_word' id='word_1_575' title='bbox 1501 5384 1680 5439; x_wconf 80' lang='grc' dir='ltr'>αὐτῶν</span> <span class='ocrx_word' id='word_1_576' title='bbox 1709 5387 1742 5456; x_wconf 84' lang='grc' dir='ltr'>ἡ</span> <span class='ocrx_word' id='word_1_577' title='bbox 1767 5401 1942 5456; x_wconf 79' lang='grc' dir='ltr'>σωτηο</span> 
     </span>
    </p>
   </div>
   <div class='ocr_carea' id='block_1_83' title="bbox 357 5473 1940 5548">
    <p class='ocr_par' dir='ltr' id='par_1_83' title="bbox 357 5473 1940 5548">
     <span class='ocr_line' id='line_1_84' title="bbox 357 5473 1940 5548; baseline 0.001 -19"><span class='ocrx_word' id='word_1_578' title='bbox 357 5476 471 5547; x_wconf 89' lang='grc' dir='ltr'>ρία,</span> <span class='ocrx_word' id='word_1_579' title='bbox 508 5476 606 5531; x_wconf 66' lang='grc' dir='ltr'>καὶ</span> <span class='ocrx_word' id='word_1_580' title='bbox 640 5473 714 5548; x_wconf 79' lang='grc' dir='ltr'>μὴ</span> <span class='ocrx_word' id='word_1_581' title='bbox 743 5475 934 5541; x_wconf 78' lang='grc' dir='ltr'>ὄντων,</span> <span class='ocrx_word' id='word_1_582' title='bbox 980 5475 1312 5545; x_wconf 85' lang='grc' dir='ltr'>παρεγένετο</span> <span class='ocrx_word' id='word_1_583' title='bbox 1339 5478 1452 5540; x_wconf 77' lang='grc' dir='ltr'>τοῖς</span> <span class='ocrx_word' id='word_1_584' title='bbox 1478 5477 1802 5532; x_wconf 80' lang='grc' dir='ltr'>πιστεύσασι</span> <span class='ocrx_word' id='word_1_585' title='bbox 1841 5477 1940 5547; x_wconf 80' lang='grc' dir='ltr'>τῆς</span> 
     </span>
    </p>
   </div>
   <div class='ocr_carea' id='block_1_84' title="bbox 358 5567 1018 5640">
    <p class='ocr_par' dir='ltr' id='par_1_84' title="bbox 358 5567 1018 5640">
     <span class='ocr_line' id='line_1_85' title="bbox 358 5567 1018 5640; baseline -0.002 -18"><span class='ocrx_word' id='word_1_586' title='bbox 358 5567 635 5639; x_wconf 80' lang='grc' dir='ltr'>σωτηρίας</span> <span class='ocrx_word' id='word_1_587' title='bbox 668 5569 701 5640; x_wconf 76' lang='grc' dir='ltr'><strong>η</strong></span> <span class='ocrx_word' id='word_1_588' title='bbox 732 5567 1018 5621; x_wconf 85' lang='grc' dir='ltr'>κοινωνία.</span> 
     </span>
    </p>
   </div>
   <div class='ocr_carea' id='block_1_85' title="bbox 431 5678 1941 5756">
    <p class='ocr_par' dir='ltr' id='par_1_85' title="bbox 431 5678 1941 5756">
     <span class='ocr_line' id='line_1_86' title="bbox 431 5678 1941 5756; baseline 0.002 -22"><span class='ocrx_word' id='word_1_589' title='bbox 431 5699 452 5734; x_wconf 75' lang='grc' dir='ltr'><strong>ι</strong></span> <span class='ocrx_word' id='word_1_590' title='bbox 485 5678 663 5734; x_wconf 81' lang='grc' dir='ltr'>Αὑτοῦ</span> <span class='ocrx_word' id='word_1_591' title='bbox 690 5680 797 5750; x_wconf 79' lang='grc' dir='ltr'>γάρ</span> <span class='ocrx_word' id='word_1_592' title='bbox 830 5681 997 5749; x_wconf 68' lang='grc' dir='ltr'>ἔσμεν</span> <span class='ocrx_word' id='word_1_593' title='bbox 1022 5679 1257 5751; x_wconf 80' lang='grc' dir='ltr'>ποίημα,</span> <span class='ocrx_word' id='word_1_594' title='bbox 1289 5680 1603 5746; x_wconf 82' lang='grc' dir='ltr'>κτισθέντες</span> <span class='ocrx_word' id='word_1_595' title='bbox 1636 5685 1692 5737; x_wconf 81' lang='grc' dir='ltr'><strong>ὲν</strong></span> <span class='ocrx_word' id='word_1_596' title='bbox 1714 5684 1941 5756; x_wconf 84' lang='grc' dir='ltr'>Χριστῷ</span> 
     </span>
    </p>
   </div>
   <div class='ocr_carea' id='block_1_86' title="bbox 368 5765 1936 5845">
    <p class='ocr_par' dir='ltr' id='par_1_86' title="bbox 368 5765 1936 5845">
     <span class='ocr_line' id='line_1_87' title="bbox 368 5765 1936 5845; baseline -0.01 -17"><span class='ocrx_word' id='word_1_597' title='bbox 368 5771 547 5845; x_wconf 79' lang='grc' dir='ltr'>Ἰησοῦ</span> <span class='ocrx_word' id='word_1_598' title='bbox 578 5770 664 5825; x_wconf 75' lang='grc' dir='ltr'><strong>ἐπ’</strong></span> <span class='ocrx_word' id='word_1_599' title='bbox 692 5772 875 5843; x_wconf 81' lang='grc' dir='ltr'>ἔργοις</span> <span class='ocrx_word' id='word_1_600' title='bbox 900 5769 1150 5839; x_wconf 76' lang='grc' dir='ltr'>ἀγαθοῖς,</span> <span class='ocrx_word' id='word_1_601' title='bbox 1183 5765 1264 5836; x_wconf 77' lang='grc' dir='ltr'>οἷς</span> <span class='ocrx_word' id='word_1_602' title='bbox 1293 5773 1697 5845; x_wconf 78' lang='grc' dir='ltr'>προητοίμασεν</span> <span class='ocrx_word' id='word_1_603' title='bbox 1731 5775 1759 5828; x_wconf 72' lang='grc' dir='ltr'><em>ὁ</em></span> <span class='ocrx_word' id='word_1_604' title='bbox 1784 5774 1936 5841; x_wconf 61' lang='grc' dir='ltr'>θεὸς,</span> 
     </span>
    </p>
   </div>
   <div class='ocr_carea' id='block_1_87' title="bbox 360 5859 1319 5936">
    <p class='ocr_par' dir='ltr' id='par_1_87' title="bbox 360 5859 1319 5936">
     <span class='ocr_line' id='line_1_88' title="bbox 360 5859 1319 5936; baseline 0.002 -22"><span class='ocrx_word' id='word_1_605' title='bbox 360 5859 447 5917; x_wconf 70' lang='grc' dir='ltr'><strong>ἶνα</strong></span> <span class='ocrx_word' id='word_1_606' title='bbox 470 5864 528 5915; x_wconf 84' lang='grc' dir='ltr'><strong>ὲν</strong></span> <span class='ocrx_word' id='word_1_607' title='bbox 559 5863 741 5935; x_wconf 80' lang='grc' dir='ltr'>αὐτοῖς</span> <span class='ocrx_word' id='word_1_608' title='bbox 772 5860 1260 5936; x_wconf 76' lang='grc' dir='ltr'>περιπατήσωμεν.</span> <span class='ocrx_word' id='word_1_609' title='bbox 1298 5879 1319 5915; x_wconf 73' lang='grc' dir='ltr'><strong>ι</strong></span> 
     </span>
    </p>
   </div>
   <div class='ocr_carea' id='block_1_88' title="bbox 1963 3246 2007 3304">
    <p class='ocr_par' dir='ltr' id='par_1_88' title="bbox 1963 3246 2007 3304">
     <span class='ocr_line' id='line_1_89' title="bbox 1963 3246 2007 3304; baseline 0 0"><span class='ocrx_word' id='word_1_610' title='bbox 1963 3246 2007 3304; x_wconf 84' lang='lat' dir='ltr'><strong>C</strong></span> 
     </span>
    </p>
   </div>
   <div class='ocr_carea' id='block_1_89' title="bbox 2084 3358 3712 3424">
    <p class='ocr_par' dir='ltr' id='par_1_89' title="bbox 2084 3358 3712 3424">
     <span class='ocr_line' id='line_1_90' title="bbox 2084 3358 3712 3424; baseline 0 -4"><span class='ocrx_word' id='word_1_611' title='bbox 2084 3358 2275 3423; x_wconf 58' lang='grc' dir='ltr'>ιω.</span> <span class='ocrx_word' id='word_1_612' title='bbox 2310 3366 2417 3424; x_wconf 82' lang='lat'><strong>6-8.</strong></span> <span class='ocrx_word' id='word_1_613' title='bbox 2457 3385 2477 3418; x_wconf 88' lang='grc'><strong><em>‹</em></strong></span> <span class='ocrx_word' id='word_1_614' title='bbox 2520 3363 2586 3420; x_wconf 83' lang='grc' dir='ltr'><strong>Ει</strong></span> <span class='ocrx_word' id='word_1_615' title='bbox 2626 3365 3093 3422; x_wconf 87' lang='lat' dir='ltr'><strong>conresuseitavit</strong></span> <span class='ocrx_word' id='word_1_616' title='bbox 3116 3374 3171 3420; x_wconf 88' lang='lat' dir='ltr'><strong>et</strong></span> <span class='ocrx_word' id='word_1_617' title='bbox 3195 3363 3502 3421; x_wconf 85' lang='lat' dir='ltr'><strong>consedere</strong></span> <span class='ocrx_word' id='word_1_618' title='bbox 3539 3363 3628 3420; x_wconf 56' lang='lat' dir='ltr'><strong>res</strong></span> <span class='ocrx_word' id='word_1_619' title='bbox 3708 3359 3712 3363; x_wconf 41' lang='grc'><em>⁴</em></span> 
     </span>
    </p>
   </div>
   <div class='ocr_carea' id='block_1_90' title="bbox 2039 3456 3631 3524">
    <p class='ocr_par' dir='ltr' id='par_1_90' title="bbox 2039 3456 3631 3524">
     <span class='ocr_line' id='line_1_91' title="bbox 2039 3456 3631 3524; baseline -0.003 -9"><span class='ocrx_word' id='word_1_620' title='bbox 2039 3458 2116 3515; x_wconf 81' lang='lat' dir='ltr'><strong>cit</strong></span> <span class='ocrx_word' id='word_1_621' title='bbox 2144 3460 2200 3515; x_wconf 88' lang='lat' dir='ltr'><strong>in</strong></span> <span class='ocrx_word' id='word_1_622' title='bbox 2251 3460 2578 3517; x_wconf 77' lang='lat' dir='ltr'><strong>ctelestibus</strong></span> <span class='ocrx_word' id='word_1_623' title='bbox 2615 3460 2673 3514; x_wconf 93' lang='lat' dir='ltr'><strong>in</strong></span> <span class='ocrx_word' id='word_1_624' title='bbox 2720 3458 2947 3515; x_wconf 88' lang='lat' dir='ltr'><strong>Christo</strong></span> <span class='ocrx_word' id='word_1_625' title='bbox 2979 3457 3135 3524; x_wconf 82' lang='lat' dir='ltr'><strong>Jesu,</strong></span> <span class='ocrx_word' id='word_1_626' title='bbox 3179 3467 3241 3513; x_wconf 82' lang='lat' dir='ltr'><strong>ut</strong></span> <span class='ocrx_word' id='word_1_627' title='bbox 3298 3456 3631 3512; x_wconf 82' lang='lat' dir='ltr'><strong>ostenderet</strong></span> 
     </span>
    </p>
   </div>
   <div class='ocr_carea' id='block_1_91' title="bbox 2040 3547 3630 3623">
    <p class='ocr_par' dir='ltr' id='par_1_91' title="bbox 2040 3547 3630 3623">
     <span class='ocr_line' id='line_1_92' title="bbox 2040 3547 3630 3623; baseline -0.004 -14"><span class='ocrx_word' id='word_1_628' title='bbox 2040 3551 2261 3609; x_wconf 61' lang='lat' dir='ltr'><strong>suculis</strong></span> <span class='ocrx_word' id='word_1_629' title='bbox 2285 3551 2809 3623; x_wconf 84' lang='lat' dir='ltr'><strong>supervenientibus</strong></span> <span class='ocrx_word' id='word_1_630' title='bbox 2849 3549 3197 3606; x_wconf 85' lang='lat' dir='ltr'><strong>abundantes</strong></span> <span class='ocrx_word' id='word_1_631' title='bbox 3233 3547 3463 3604; x_wconf 79' lang='lat' dir='ltr'><strong>divitias</strong></span> <span class='ocrx_word' id='word_1_632' title='bbox 3498 3563 3630 3619; x_wconf 77' lang='lat' dir='ltr'><strong>gra-</strong></span> 
     </span>
    </p>
   </div>
   <div class='ocr_carea' id='block_1_92' title="bbox 2040 3639 3629 3714">
    <p class='ocr_par' dir='ltr' id='par_1_92' title="bbox 2040 3639 3629 3714">
     <span class='ocr_line' id='line_1_93' title="bbox 2040 3639 3629 3714; baseline -0.004 -14"><span class='ocrx_word' id='word_1_633' title='bbox 2040 3646 2132 3700; x_wconf 65' lang='lat' dir='ltr'><strong>tias</strong></span> <span class='ocrx_word' id='word_1_634' title='bbox 2182 3660 2317 3712; x_wconf 68' lang='lat' dir='ltr'><strong>suae,</strong></span> <span class='ocrx_word' id='word_1_635' title='bbox 2373 3645 2428 3699; x_wconf 91' lang='lat' dir='ltr'><strong>in</strong></span> <span class='ocrx_word' id='word_1_636' title='bbox 2477 3644 2725 3699; x_wconf 86' lang='lat' dir='ltr'><strong>bonitate</strong></span> <span class='ocrx_word' id='word_1_637' title='bbox 2784 3650 2951 3714; x_wconf 83' lang='lat' dir='ltr'><strong>super</strong></span> <span class='ocrx_word' id='word_1_638' title='bbox 2992 3658 3096 3698; x_wconf 90' lang='lat' dir='ltr'><strong>nos</strong></span> <span class='ocrx_word' id='word_1_639' title='bbox 3127 3644 3182 3697; x_wconf 91' lang='lat' dir='ltr'><strong>in</strong></span> <span class='ocrx_word' id='word_1_640' title='bbox 3218 3640 3443 3697; x_wconf 85' lang='lat' dir='ltr'><strong>Christo</strong></span> <span class='ocrx_word' id='word_1_641' title='bbox 3474 3639 3629 3697; x_wconf 77' lang='lat' dir='ltr'><strong>Iesu.</strong></span> 
     </span>
    </p>
   </div>
   <div class='ocr_carea' id='block_1_93' title="bbox 2040 3736 3633 3807">
    <p class='ocr_par' dir='ltr' id='par_1_93' title="bbox 2040 3736 3633 3807">
     <span class='ocr_line' id='line_1_94' title="bbox 2040 3736 3633 3807; baseline -0.001 -16"><span class='ocrx_word' id='word_1_642' title='bbox 2040 3736 2227 3793; x_wconf 84' lang='lat' dir='ltr'><strong>Gratia</strong></span> <span class='ocrx_word' id='word_1_643' title='bbox 2279 3740 2413 3794; x_wconf 89' lang='lat' dir='ltr'><strong>estis</strong></span> <span class='ocrx_word' id='word_1_644' title='bbox 2444 3737 2653 3794; x_wconf 82' lang='lat' dir='ltr'><strong>salvati</strong></span> <span class='ocrx_word' id='word_1_645' title='bbox 2682 3753 2777 3807; x_wconf 85' lang='lat' dir='ltr'><strong>per</strong></span> <span class='ocrx_word' id='word_1_646' title='bbox 2805 3737 2994 3803; x_wconf 86' lang='lat' dir='ltr'><strong>tidem,</strong></span> <span class='ocrx_word' id='word_1_647' title='bbox 3042 3738 3238 3791; x_wconf 86' lang='lat' dir='ltr'><strong>ethoc</strong></span> <span class='ocrx_word' id='word_1_648' title='bbox 3277 3750 3392 3791; x_wconf 92' lang='lat' dir='ltr'><strong>non</strong></span> <span class='ocrx_word' id='word_1_649' title='bbox 3425 3750 3494 3790; x_wconf 83' lang='lat' dir='ltr'><strong>ex</strong></span> <span class='ocrx_word' id='word_1_650' title='bbox 3531 3748 3633 3791; x_wconf 67' lang='grc' dir='ltr'>γοι</span> 
     </span>
    </p>
   </div>
   <div class='ocr_carea' id='block_1_94' title="bbox 2041 3832 3067 3913">
    <p class='ocr_par' dir='ltr' id='par_1_94' title="bbox 2041 3832 3067 3913">
     <span class='ocr_line' id='line_1_95' title="bbox 2041 3832 3067 3913; baseline -0.005 -26"><span class='ocrx_word' id='word_1_651' title='bbox 2041 3832 2151 3887; x_wconf 81' lang='lat' dir='ltr'><strong>bis.</strong></span> <span class='ocrx_word' id='word_1_652' title='bbox 2194 3848 2215 3883; x_wconf 73' lang='grc' dir='ltr'><strong>ι</strong></span> <span class='ocrx_word' id='word_1_653' title='bbox 2441 3832 2454 3843; x_wconf 88' lang='grc'><em>”</em></span> <span class='ocrx_word' id='word_1_654' title='bbox 3039 3898 3067 3913; x_wconf 19' lang='grc' dir='ltr'><strong>θ’</strong></span> 
     </span>
    </p>
   </div>
   <div class='ocr_carea' id='block_1_95' title="bbox 2110 3906 3630 3992">
    <p class='ocr_par' dir='ltr' id='par_1_95' title="bbox 2110 3906 3630 3992">
     <span class='ocr_line' id='line_1_96' title="bbox 2110 3906 3630 3992; baseline -0.003 -15"><span class='ocrx_word' id='word_1_655' title='bbox 2110 3920 2256 3977; x_wconf 89' lang='lat' dir='ltr'><strong>Caro</strong></span> <span class='ocrx_word' id='word_1_656' title='bbox 2287 3935 2479 3979; x_wconf 87' lang='lat' dir='ltr'><strong>sumus</strong></span> <span class='ocrx_word' id='word_1_657' title='bbox 2504 3919 2735 3989; x_wconf 86' lang='lat' dir='ltr'><strong>Christi,</strong></span> <span class='ocrx_word' id='word_1_658' title='bbox 2767 3921 3016 3977; x_wconf 87' lang='lat' dir='ltr'><strong>membra</strong></span> <span class='ocrx_word' id='word_1_659' title='bbox 3039 3906 3290 3992; x_wconf 51' lang='lat' dir='ltr'><strong>&quot;quoque</strong></span> <span class='ocrx_word' id='word_1_660' title='bbox 3316 3928 3368 3976; x_wconf 89' lang='lat' dir='ltr'><strong>et</strong></span> <span class='ocrx_word' id='word_1_661' title='bbox 3394 3924 3630 3990; x_wconf 69' lang='lat' dir='ltr'><strong>corpus:</strong></span> 
     </span>
    </p>
   </div>
   <div class='ocr_carea' id='block_1_96' title="bbox 2040 4010 3636 4086">
    <p class='ocr_par' dir='ltr' id='par_1_96' title="bbox 2040 4010 3636 4086">
     <span class='ocr_line' id='line_1_97' title="bbox 2040 4010 3636 4086; baseline -0.003 -16"><span class='ocrx_word' id='word_1_662' title='bbox 2040 4015 2297 4086; x_wconf 80' lang='lat' dir='ltr'><strong>bonoque</strong></span> <span class='ocrx_word' id='word_1_663' title='bbox 2325 4012 2491 4070; x_wconf 88' lang='lat' dir='ltr'><strong>Pater</strong></span> <span class='ocrx_word' id='word_1_664' title='bbox 2519 4013 2684 4070; x_wconf 87' lang='lat' dir='ltr'><strong>nobis</strong></span> <span class='ocrx_word' id='word_1_665' title='bbox 2739 4020 2906 4083; x_wconf 85' lang='lat' dir='ltr'><strong>caput</strong></span> <span class='ocrx_word' id='word_1_666' title='bbox 2962 4012 3141 4069; x_wconf 87' lang='lat' dir='ltr'><strong>dedit.</strong></span> <span class='ocrx_word' id='word_1_667' title='bbox 3195 4010 3318 4068; x_wconf 71' lang='lat' dir='ltr'><strong>Iam</strong></span> <span class='ocrx_word' id='word_1_668' title='bbox 3352 4027 3547 4068; x_wconf 85' lang='lat' dir='ltr'><strong>sumus</strong></span> <span class='ocrx_word' id='word_1_669' title='bbox 3579 4011 3636 4066; x_wconf 89' lang='lat' dir='ltr'><strong>in</strong></span> 
     </span>
    </p>
   </div>
   <div class='ocr_carea' id='block_1_97' title="bbox 2040 4102 3634 4176">
    <p class='ocr_par' dir='ltr' id='par_1_97' title="bbox 2040 4102 3634 4176">
     <span class='ocr_line' id='line_1_98' title="bbox 2040 4102 3634 4176; baseline -0.001 -16"><span class='ocrx_word' id='word_1_670' title='bbox 2040 4104 2206 4170; x_wconf 72' lang='lat' dir='ltr'><strong>cmlo,</strong></span> <span class='ocrx_word' id='word_1_671' title='bbox 2264 4112 2543 4176; x_wconf 84' lang='lat' dir='ltr'><strong>quatenus</strong></span> <span class='ocrx_word' id='word_1_672' title='bbox 2574 4120 2770 4161; x_wconf 87' lang='lat' dir='ltr'><strong>sumus</strong></span> <span class='ocrx_word' id='word_1_673' title='bbox 2794 4104 2850 4158; x_wconf 92' lang='lat' dir='ltr'><strong>in</strong></span> <span class='ocrx_word' id='word_1_674' title='bbox 2893 4102 3141 4170; x_wconf 87' lang='lat' dir='ltr'><strong>Christo,</strong></span> <span class='ocrx_word' id='word_1_675' title='bbox 3176 4117 3241 4159; x_wconf 90' lang='lat' dir='ltr'><strong>ac</strong></span> <span class='ocrx_word' id='word_1_676' title='bbox 3281 4103 3498 4159; x_wconf 89' lang='lat' dir='ltr'><strong>tandem</strong></span> <span class='ocrx_word' id='word_1_677' title='bbox 3533 4106 3634 4159; x_wconf 72' lang='grc' dir='ltr'>θοι·</span> 
     </span>
    </p>
   </div>
   <div class='ocr_carea' id='block_1_98' title="bbox 2038 4192 3634 4265">
    <p class='ocr_par' dir='ltr' id='par_1_98' title="bbox 2038 4192 3634 4265">
     <span class='ocr_line' id='line_1_99' title="bbox 2038 4192 3634 4265; baseline 0 -16"><span class='ocrx_word' id='word_1_678' title='bbox 2038 4207 2237 4249; x_wconf 88' lang='lat' dir='ltr'><strong>norum</strong></span> <span class='ocrx_word' id='word_1_679' title='bbox 2298 4202 2582 4265; x_wconf 88' lang='lat' dir='ltr'><strong>compotes</strong></span> <span class='ocrx_word' id='word_1_680' title='bbox 2610 4194 2846 4255; x_wconf 88' lang='lat' dir='ltr'><strong>erimus,</strong></span> <span class='ocrx_word' id='word_1_681' title='bbox 2897 4192 3124 4262; x_wconf 90' lang='lat' dir='ltr'><strong>quando</strong></span> <span class='ocrx_word' id='word_1_682' title='bbox 3174 4192 3325 4247; x_wconf 87' lang='lat' dir='ltr'><strong>bona</strong></span> <span class='ocrx_word' id='word_1_683' title='bbox 3384 4193 3478 4247; x_wconf 89' lang='lat' dir='ltr'><strong>illa</strong></span> <span class='ocrx_word' id='word_1_684' title='bbox 3509 4202 3634 4263; x_wconf 64' lang='lat' dir='ltr'><strong>quaﬁ</strong></span> 
     </span>
    </p>
   </div>
   <div class='ocr_carea' id='block_1_99' title="bbox 2039 4282 3633 4355">
    <p class='ocr_par' dir='ltr' id='par_1_99' title="bbox 2039 4282 3633 4355">
     <span class='ocr_line' id='line_1_100' title="bbox 2039 4282 3633 4355; baseline 0.001 -16"><span class='ocrx_word' id='word_1_685' title='bbox 2039 4282 2296 4339; x_wconf 86' lang='lat' dir='ltr'><strong>Christus</strong></span> <span class='ocrx_word' id='word_1_686' title='bbox 2327 4283 2649 4354; x_wconf 79' lang='lat' dir='ltr'><strong>acquisivit,</strong></span> <span class='ocrx_word' id='word_1_687' title='bbox 2693 4297 2926 4354; x_wconf 62' lang='lat' dir='ltr'><strong>quaeque</strong></span> <span class='ocrx_word' id='word_1_688' title='bbox 2957 4297 3107 4338; x_wconf 92' lang='lat' dir='ltr'><strong>nunc</strong></span> <span class='ocrx_word' id='word_1_689' title='bbox 3132 4283 3546 4355; x_wconf 69' lang='lat' dir='ltr'><strong>inexplicabilia</strong></span> <span class='ocrx_word' id='word_1_690' title='bbox 3578 4290 3633 4340; x_wconf 81' lang='lat' dir='ltr'><strong>et</strong></span> 
     </span>
    </p>
   </div>
   <div class='ocr_carea' id='block_1_100' title="bbox 2039 4371 3626 4445">
    <p class='ocr_par' dir='ltr' id='par_1_100' title="bbox 2039 4371 3626 4445">
     <span class='ocr_line' id='line_1_101' title="bbox 2039 4371 3626 4445; baseline -0.002 -15"><span class='ocrx_word' id='word_1_691' title='bbox 2039 4386 2276 4431; x_wconf 84' lang='lat' dir='ltr'><strong>numero</strong></span> <span class='ocrx_word' id='word_1_692' title='bbox 2349 4374 2564 4444; x_wconf 70' lang='lat' dir='ltr'><strong>majora</strong></span> <span class='ocrx_word' id='word_1_693' title='bbox 2613 4380 2765 4439; x_wconf 85' lang='lat' dir='ltr'><strong>sunt.</strong></span> <span class='ocrx_word' id='word_1_694' title='bbox 2828 4375 2883 4428; x_wconf 90' lang='lat' dir='ltr'><strong>in</strong></span> <span class='ocrx_word' id='word_1_695' title='bbox 2945 4380 3198 4445; x_wconf 89' lang='lat' dir='ltr'><strong>apertum</strong></span> <span class='ocrx_word' id='word_1_696' title='bbox 3255 4371 3626 4444; x_wconf 79' lang='lat' dir='ltr'><strong>proferentur.</strong></span> 
     </span>
    </p>
   </div>
   <div class='ocr_carea' id='block_1_101' title="bbox 2040 4464 3634 4538">
    <p class='ocr_par' dir='ltr' id='par_1_101' title="bbox 2040 4464 3634 4538">
     <span class='ocr_line' id='line_1_102' title="bbox 2040 4464 3634 4538; baseline -0.001 -16"><span class='ocrx_word' id='word_1_697' title='bbox 2040 4465 2313 4535; x_wconf 79' lang='lat' dir='ltr'><strong>Quocirca</strong></span> <span class='ocrx_word' id='word_1_698' title='bbox 2343 4467 2463 4524; x_wconf 68' lang='lat' dir='ltr'><strong>haec</strong></span> <span class='ocrx_word' id='word_1_699' title='bbox 2490 4468 2611 4537; x_wconf 89' lang='lat' dir='ltr'><strong>ipsa</strong></span> <span class='ocrx_word' id='word_1_700' title='bbox 2644 4474 2831 4532; x_wconf 76' lang='lat' dir='ltr'><strong>vocat,</strong></span> <span class='ocrx_word' id='word_1_701' title='bbox 2859 4466 3195 4521; x_wconf 69' lang='lat' dir='ltr'><strong>abundantes</strong></span> <span class='ocrx_word' id='word_1_702' title='bbox 3233 4464 3450 4521; x_wconf 79' lang='lat' dir='ltr'><strong>divitias</strong></span> <span class='ocrx_word' id='word_1_703' title='bbox 3505 4482 3634 4538; x_wconf 69' lang='lat' dir='ltr'><strong>gra»</strong></span> 
     </span>
    </p>
   </div>
   <div class='ocr_carea' id='block_1_102' title="bbox 1970 4561 2154 4653">
    <p class='ocr_par' dir='ltr' id='par_1_102' title="bbox 1970 4561 2154 4653">
     <span class='ocr_line' id='line_1_103' title="bbox 1970 4561 2154 4653; baseline 0.005 -39"><span class='ocrx_word' id='word_1_704' title='bbox 1970 4592 2016 4653; x_wconf 68' lang='grc' dir='ltr'>ο</span> <span class='ocrx_word' id='word_1_705' title='bbox 2047 4561 2154 4617; x_wconf 71' lang='lat' dir='ltr'><strong>the.</strong></span> 
     </span>
    </p>
   </div>
   <div class='ocr_carea' id='block_1_103' title="bbox 2122 4654 2694 4711">
    <p class='ocr_par' dir='ltr' id='par_1_103' title="bbox 2122 4654 2694 4711">
     <span class='ocr_line' id='line_1_104' title="bbox 2122 4654 2694 4711; baseline 0 -4"><span class='ocrx_word' id='word_1_706' title='bbox 2122 4668 2142 4707; x_wconf 82' lang='grc' dir='ltr'><strong>ι</strong></span> <span class='ocrx_word' id='word_1_707' title='bbox 2177 4654 2270 4711; x_wconf 86' lang='lat' dir='ltr'><strong>Dei</strong></span> <span class='ocrx_word' id='word_1_708' title='bbox 2301 4654 2510 4711; x_wconf 87' lang='lat' dir='ltr'><strong>donum</strong></span> <span class='ocrx_word' id='word_1_709' title='bbox 2535 4662 2642 4709; x_wconf 70' lang='lat' dir='ltr'><strong>est.</strong></span> <span class='ocrx_word' id='word_1_710' title='bbox 2673 4671 2694 4706; x_wconf 76' lang='grc' dir='ltr'><strong>ι</strong></span> 
     </span>
    </p>
   </div>
   <div class='ocr_carea' id='block_1_104' title="bbox 2114 4736 3632 4814">
    <p class='ocr_par' dir='ltr' id='par_1_104' title="bbox 2114 4736 3632 4814">
     <span class='ocr_line' id='line_1_105' title="bbox 2114 4736 3632 4814; baseline -0.006 -15"><span class='ocrx_word' id='word_1_711' title='bbox 2114 4742 2311 4799; x_wconf 82' lang='lat' dir='ltr'><strong>Gratia</strong></span> <span class='ocrx_word' id='word_1_712' title='bbox 2348 4746 2433 4799; x_wconf 87' lang='lat' dir='ltr'><strong>est</strong></span> <span class='ocrx_word' id='word_1_713' title='bbox 2461 4743 2519 4798; x_wconf 91' lang='lat' dir='ltr'><strong>id</strong></span> <span class='ocrx_word' id='word_1_714' title='bbox 2560 4742 2709 4814; x_wconf 86' lang='lat' dir='ltr'><strong>quod</strong></span> <span class='ocrx_word' id='word_1_715' title='bbox 2734 4747 2823 4797; x_wconf 87' lang='lat' dir='ltr'><strong>est</strong></span> <span class='ocrx_word' id='word_1_716' title='bbox 2848 4755 2880 4794; x_wconf 91' lang='lat' dir='ltr'><strong>a</strong></span> <span class='ocrx_word' id='word_1_717' title='bbox 2906 4738 3020 4795; x_wconf 90' lang='lat' dir='ltr'><strong>Deo</strong></span> <span class='ocrx_word' id='word_1_718' title='bbox 3059 4755 3075 4795; x_wconf 91' lang='lat'><strong>:</strong></span> <span class='ocrx_word' id='word_1_719' title='bbox 3113 4736 3252 4794; x_wconf 83' lang='lat' dir='ltr'><strong>ﬁdes</strong></span> <span class='ocrx_word' id='word_1_720' title='bbox 3275 4745 3458 4793; x_wconf 87' lang='lat' dir='ltr'><strong>autem</strong></span> <span class='ocrx_word' id='word_1_721' title='bbox 3494 4736 3632 4791; x_wconf 79' lang='lat' dir='ltr'><strong>illud</strong></span> 
     </span>
    </p>
   </div>
   <div class='ocr_carea' id='block_1_105' title="bbox 2045 4830 3623 4911">
    <p class='ocr_par' dir='ltr' id='par_1_105' title="bbox 2045 4830 3623 4911">
     <span class='ocr_line' id='line_1_106' title="bbox 2045 4830 3623 4911; baseline -0.006 -18"><span class='ocrx_word' id='word_1_722' title='bbox 2045 4838 2192 4911; x_wconf 86' lang='lat' dir='ltr'><strong>quod</strong></span> <span class='ocrx_word' id='word_1_723' title='bbox 2249 4845 2549 4909; x_wconf 64' lang='lat' dir='ltr'><strong>praestatur</strong></span> <span class='ocrx_word' id='word_1_724' title='bbox 2605 4850 2638 4892; x_wconf 90' lang='lat' dir='ltr'><strong>a</strong></span> <span class='ocrx_word' id='word_1_725' title='bbox 2685 4834 2874 4892; x_wconf 90' lang='lat' dir='ltr'><strong>nobis.</strong></span> <span class='ocrx_word' id='word_1_726' title='bbox 2905 4832 3069 4889; x_wconf 85' lang='lat' dir='ltr'><strong>Unde</strong></span> <span class='ocrx_word' id='word_1_727' title='bbox 3098 4831 3304 4903; x_wconf 88' lang='lat' dir='ltr'><strong>quibus</strong></span> <span class='ocrx_word' id='word_1_728' title='bbox 3336 4844 3447 4886; x_wconf 90' lang='lat' dir='ltr'><strong>non</strong></span> <span class='ocrx_word' id='word_1_729' title='bbox 3476 4830 3623 4885; x_wconf 88' lang='lat' dir='ltr'><strong>inest</strong></span> 
     </span>
    </p>
   </div>
   <div class='ocr_carea' id='block_1_106' title="bbox 2043 4919 3632 5000">
    <p class='ocr_par' dir='ltr' id='par_1_106' title="bbox 2043 4919 3632 5000">
     <span class='ocr_line' id='line_1_107' title="bbox 2043 4919 3632 5000; baseline -0.007 -16"><span class='ocrx_word' id='word_1_730' title='bbox 2043 4942 2154 5000; x_wconf 86' lang='lat' dir='ltr'><strong>quo</strong></span> <span class='ocrx_word' id='word_1_731' title='bbox 2211 4927 2538 4998; x_wconf 79' lang='lat' dir='ltr'><strong>suscipiant.</strong></span> <span class='ocrx_word' id='word_1_732' title='bbox 2594 4940 2697 4983; x_wconf 87' lang='lat' dir='ltr'><strong>nec</strong></span> <span class='ocrx_word' id='word_1_733' title='bbox 2725 4924 2900 4997; x_wconf 85' lang='lat' dir='ltr'><strong>gratia</strong></span> <span class='ocrx_word' id='word_1_734' title='bbox 2933 4923 3324 4994; x_wconf 88' lang='lat' dir='ltr'><strong>subsequitur.</strong></span> <span class='ocrx_word' id='word_1_735' title='bbox 3355 4919 3476 4976; x_wconf 81' lang='lat' dir='ltr'><strong>Non</strong></span> <span class='ocrx_word' id='word_1_736' title='bbox 3500 4934 3632 4992; x_wconf 86' lang='lat' dir='ltr'><strong>ergo</strong></span> 
     </span>
    </p>
   </div>
   <div class='ocr_carea' id='block_1_107' title="bbox 2043 5015 3628 5089">
    <p class='ocr_par' dir='ltr' id='par_1_107' title="bbox 2043 5015 3628 5089">
     <span class='ocr_line' id='line_1_108' title="bbox 2043 5015 3628 5089; baseline -0.007 -12"><span class='ocrx_word' id='word_1_737' title='bbox 2043 5034 2108 5077; x_wconf 78' lang='lat' dir='ltr'><strong>ex</strong></span> <span class='ocrx_word' id='word_1_738' title='bbox 2143 5019 2306 5075; x_wconf 90' lang='lat' dir='ltr'><strong>nobis</strong></span> <span class='ocrx_word' id='word_1_739' title='bbox 2326 5019 2471 5075; x_wconf 88' lang='lat' dir='ltr'><strong>hanc</strong></span> <span class='ocrx_word' id='word_1_740' title='bbox 2496 5015 2903 5089; x_wconf 51' lang='lat' dir='ltr'><strong>habemushsed</strong></span> <span class='ocrx_word' id='word_1_741' title='bbox 2934 5015 3028 5072; x_wconf 90' lang='lat' dir='ltr'><strong>Dei</strong></span> <span class='ocrx_word' id='word_1_742' title='bbox 3059 5016 3265 5071; x_wconf 89' lang='lat' dir='ltr'><strong>donum</strong></span> <span class='ocrx_word' id='word_1_743' title='bbox 3294 5020 3379 5069; x_wconf 87' lang='lat' dir='ltr'><strong>est</strong></span> <span class='ocrx_word' id='word_1_744' title='bbox 3403 5029 3419 5081; x_wconf 87' lang='lat'><strong>;</strong></span> <span class='ocrx_word' id='word_1_745' title='bbox 3444 5022 3628 5082; x_wconf 82' lang='lat' dir='ltr'><strong>neque</strong></span> 
     </span>
    </p>
   </div>
   <div class='ocr_carea' id='block_1_108' title="bbox 2043 5104 3631 5182">
    <p class='ocr_par' dir='ltr' id='par_1_108' title="bbox 2043 5104 3631 5182">
     <span class='ocr_line' id='line_1_109' title="bbox 2043 5104 3631 5182; baseline -0.006 -15"><span class='ocrx_word' id='word_1_746' title='bbox 2043 5109 2417 5168; x_wconf 78' lang='lat' dir='ltr'><strong>beneﬁcentia</strong></span> <span class='ocrx_word' id='word_1_747' title='bbox 2446 5124 2615 5182; x_wconf 84' lang='lat' dir='ltr'><strong>penes</strong></span> <span class='ocrx_word' id='word_1_748' title='bbox 2639 5109 2798 5164; x_wconf 92' lang='lat' dir='ltr'><strong>illum</strong></span> <span class='ocrx_word' id='word_1_749' title='bbox 2826 5117 2912 5165; x_wconf 91' lang='lat' dir='ltr'><strong>est</strong></span> <span class='ocrx_word' id='word_1_750' title='bbox 2946 5107 3041 5180; x_wconf 87' lang='lat' dir='ltr'><strong>qui</strong></span> <span class='ocrx_word' id='word_1_751' title='bbox 3077 5106 3304 5178; x_wconf 90' lang='lat' dir='ltr'><strong>accipit,</strong></span> <span class='ocrx_word' id='word_1_752' title='bbox 3338 5104 3434 5161; x_wconf 90' lang='lat' dir='ltr'><strong>sed</strong></span> <span class='ocrx_word' id='word_1_753' title='bbox 3462 5117 3631 5174; x_wconf 83' lang='lat' dir='ltr'><strong>penes</strong></span> 
     </span>
    </p>
   </div>
   <div class='ocr_carea' id='block_1_109' title="bbox 2044 5202 2395 5272">
    <p class='ocr_par' dir='ltr' id='par_1_109' title="bbox 2044 5202 2395 5272">
     <span class='ocr_line' id='line_1_110' title="bbox 2044 5202 2395 5272; baseline -0.009 -14"><span class='ocrx_word' id='word_1_754' title='bbox 2044 5202 2395 5272; x_wconf 84' lang='lat' dir='ltr'><strong>largitorem.</strong></span> 
     </span>
    </p>
   </div>
   <div class='ocr_carea' id='block_1_110' title="bbox 2116 5287 3624 5362">
    <p class='ocr_par' dir='ltr' id='par_1_110' title="bbox 2116 5287 3624 5362">
     <span class='ocr_line' id='line_1_111' title="bbox 2116 5287 3624 5362; baseline -0.006 -16"><span class='ocrx_word' id='word_1_755' title='bbox 2116 5292 2283 5351; x_wconf 73' lang='lat' dir='ltr'><strong>Vsus.</strong></span> <span class='ocrx_word' id='word_1_756' title='bbox 2307 5295 2361 5349; x_wconf 87' lang='lat'><strong>9.</strong></span> <span class='ocrx_word' id='word_1_757' title='bbox 2410 5312 2430 5343; x_wconf 77' lang='grc' dir='ltr'><strong>ι</strong></span> <span class='ocrx_word' id='word_1_758' title='bbox 2460 5291 2580 5349; x_wconf 82' lang='grc' dir='ltr'>Νοη</span> <span class='ocrx_word' id='word_1_759' title='bbox 2612 5306 2679 5348; x_wconf 77' lang='lat' dir='ltr'><strong>ex</strong></span> <span class='ocrx_word' id='word_1_760' title='bbox 2704 5290 2993 5362; x_wconf 87' lang='lat' dir='ltr'><strong>operibus.</strong></span> <span class='ocrx_word' id='word_1_761' title='bbox 3024 5304 3093 5344; x_wconf 90' lang='lat' dir='ltr'><strong>ne</strong></span> <span class='ocrx_word' id='word_1_762' title='bbox 3115 5288 3239 5359; x_wconf 89' lang='lat' dir='ltr'><strong>quis</strong></span> <span class='ocrx_word' id='word_1_763' title='bbox 3268 5287 3560 5358; x_wconf 87' lang='lat' dir='ltr'><strong>glorietur.</strong></span> <span class='ocrx_word' id='word_1_764' title='bbox 3606 5300 3624 5335; x_wconf 79' lang='grc' dir='ltr'><strong>ι</strong></span> 
     </span>
    </p>
   </div>
   <div class='ocr_carea' id='block_1_111' title="bbox 2115 5386 3627 5455">
    <p class='ocr_par' dir='ltr' id='par_1_111' title="bbox 2115 5386 3627 5455">
     <span class='ocr_line' id='line_1_112' title="bbox 2115 5386 3627 5455; baseline -0.007 -12"><span class='ocrx_word' id='word_1_765' title='bbox 2115 5387 2258 5455; x_wconf 78' lang='lat' dir='ltr'><strong>Quia</strong></span> <span class='ocrx_word' id='word_1_766' title='bbox 2306 5388 2569 5443; x_wconf 85' lang='lat' dir='ltr'><strong>nimirum</strong></span> <span class='ocrx_word' id='word_1_767' title='bbox 2628 5402 2755 5442; x_wconf 88' lang='lat' dir='ltr'><strong>cum</strong></span> <span class='ocrx_word' id='word_1_768' title='bbox 2792 5386 3097 5442; x_wconf 88' lang='lat' dir='ltr'><strong>ederentur</strong></span> <span class='ocrx_word' id='word_1_769' title='bbox 3129 5397 3322 5454; x_wconf 88' lang='lat' dir='ltr'><strong>opera,</strong></span> <span class='ocrx_word' id='word_1_770' title='bbox 3356 5388 3513 5451; x_wconf 88' lang='lat' dir='ltr'><strong>parta</strong></span> <span class='ocrx_word' id='word_1_771' title='bbox 3562 5390 3627 5434; x_wconf 70' lang='lat' dir='ltr'><strong>es</strong></span> 
     </span>
    </p>
   </div>
   <div class='ocr_carea' id='block_1_112' title="bbox 2045 5469 3681 5543">
    <p class='ocr_par' dir='ltr' id='par_1_112' title="bbox 2045 5469 3681 5543">
     <span class='ocr_line' id='line_1_113' title="bbox 2045 5469 3681 5543; baseline -0.006 -10"><span class='ocrx_word' id='word_1_772' title='bbox 2045 5480 2155 5535; x_wconf 91' lang='lat' dir='ltr'><strong>illis</strong></span> <span class='ocrx_word' id='word_1_773' title='bbox 2181 5480 2335 5534; x_wconf 88' lang='lat' dir='ltr'><strong>salus</strong></span> <span class='ocrx_word' id='word_1_774' title='bbox 2367 5493 2480 5533; x_wconf 91' lang='lat' dir='ltr'><strong>non</strong></span> <span class='ocrx_word' id='word_1_775' title='bbox 2515 5485 2622 5543; x_wconf 90' lang='lat' dir='ltr'><strong>est,</strong></span> <span class='ocrx_word' id='word_1_776' title='bbox 2643 5485 2699 5532; x_wconf 88' lang='lat' dir='ltr'><strong>et</strong></span> <span class='ocrx_word' id='word_1_777' title='bbox 2722 5477 2848 5532; x_wconf 90' lang='lat' dir='ltr'><strong>sine</strong></span> <span class='ocrx_word' id='word_1_778' title='bbox 2878 5475 2966 5531; x_wconf 91' lang='lat' dir='ltr'><strong>his</strong></span> <span class='ocrx_word' id='word_1_779' title='bbox 3005 5471 3446 5531; x_wconf 85' lang='lat' dir='ltr'><strong>communicatio</strong></span> <span class='ocrx_word' id='word_1_780' title='bbox 3478 5469 3627 5526; x_wconf 75' lang='lat' dir='ltr'><strong>facta</strong></span> <span class='ocrx_word' id='word_1_781' title='bbox 3674 5488 3681 5497; x_wconf 89' lang='grc'>·</span> 
     </span>
    </p>
   </div>
   <div class='ocr_carea' id='block_1_113' title="bbox 2044 5567 3018 5639">
    <p class='ocr_par' dir='ltr' id='par_1_113' title="bbox 2044 5567 3018 5639">
     <span class='ocr_line' id='line_1_114' title="bbox 2044 5567 3018 5639; baseline -0.005 -14"><span class='ocrx_word' id='word_1_782' title='bbox 2044 5579 2131 5625; x_wconf 89' lang='lat' dir='ltr'><strong>est</strong></span> <span class='ocrx_word' id='word_1_783' title='bbox 2151 5571 2350 5625; x_wconf 86' lang='lat' dir='ltr'><strong>salutis</strong></span> <span class='ocrx_word' id='word_1_784' title='bbox 2376 5570 2489 5624; x_wconf 92' lang='lat' dir='ltr'><strong>illis</strong></span> <span class='ocrx_word' id='word_1_785' title='bbox 2514 5570 2608 5639; x_wconf 80' lang='lat' dir='ltr'><strong>qui</strong></span> <span class='ocrx_word' id='word_1_786' title='bbox 2629 5567 3018 5623; x_wconf 88' lang='lat' dir='ltr'><strong>crediderunt.</strong></span> 
     </span>
    </p>
   </div>
   <div class='ocr_carea' id='block_1_114' title="bbox 2114 5671 3627 5751">
    <p class='ocr_par' dir='ltr' id='par_1_114' title="bbox 2114 5671 3627 5751">
     <span class='ocr_line' id='line_1_115' title="bbox 2114 5671 3627 5751; baseline -0.008 -14"><span class='ocrx_word' id='word_1_787' title='bbox 2114 5683 2279 5740; x_wconf 76' lang='lat' dir='ltr'><strong>Vsus.</strong></span> <span class='ocrx_word' id='word_1_788' title='bbox 2330 5684 2419 5739; x_wconf 82' lang='grc'>10.</span> <span class='ocrx_word' id='word_1_789' title='bbox 2458 5702 2475 5735; x_wconf 84' lang='grc' dir='ltr'><strong>ι</strong></span> <span class='ocrx_word' id='word_1_790' title='bbox 2504 5681 2686 5751; x_wconf 77' lang='lat' dir='ltr'><strong>ipsius</strong></span> <span class='ocrx_word' id='word_1_791' title='bbox 2748 5681 2897 5738; x_wconf 89' lang='lat' dir='ltr'><strong>enim</strong></span> <span class='ocrx_word' id='word_1_792' title='bbox 2945 5680 3158 5736; x_wconf 80' lang='lat' dir='ltr'><strong>factura</strong></span> <span class='ocrx_word' id='word_1_793' title='bbox 3194 5693 3410 5743; x_wconf 87' lang='lat' dir='ltr'><strong>sumus.</strong></span> <span class='ocrx_word' id='word_1_794' title='bbox 3454 5671 3627 5730; x_wconf 89' lang='lat' dir='ltr'><strong>creati</strong></span> 
     </span>
    </p>
   </div>
   <div class='ocr_carea' id='block_1_115' title="bbox 2045 5765 3625 5848">
    <p class='ocr_par' dir='ltr' id='par_1_115' title="bbox 2045 5765 3625 5848">
     <span class='ocr_line' id='line_1_116' title="bbox 2045 5765 3625 5848; baseline -0.008 -16"><span class='ocrx_word' id='word_1_795' title='bbox 2045 5778 2102 5833; x_wconf 89' lang='lat' dir='ltr'><strong>in</strong></span> <span class='ocrx_word' id='word_1_796' title='bbox 2128 5777 2349 5832; x_wconf 84' lang='lat' dir='ltr'><strong>Christo</strong></span> <span class='ocrx_word' id='word_1_797' title='bbox 2381 5777 2437 5830; x_wconf 91' lang='lat' dir='ltr'><strong>in</strong></span> <span class='ocrx_word' id='word_1_798' title='bbox 2475 5774 2742 5844; x_wconf 86' lang='lat' dir='ltr'><strong>operibus</strong></span> <span class='ocrx_word' id='word_1_799' title='bbox 2771 5774 2932 5833; x_wconf 87' lang='lat' dir='ltr'><strong>bouis</strong></span> <span class='ocrx_word' id='word_1_800' title='bbox 2962 5788 3084 5848; x_wconf 72' lang='lat' dir='ltr'><strong>qua:</strong></span> <span class='ocrx_word' id='word_1_801' title='bbox 3116 5770 3449 5847; x_wconf 83' lang='lat' dir='ltr'><strong>praeparavit</strong></span> <span class='ocrx_word' id='word_1_802' title='bbox 3480 5765 3625 5822; x_wconf 86' lang='lat' dir='ltr'><strong>Deus</strong></span> 
     </span>
    </p>
   </div>
   <div class='ocr_carea' id='block_1_116' title="bbox 2047 5866 2819 5941">
    <p class='ocr_par' dir='ltr' id='par_1_116' title="bbox 2047 5866 2819 5941">
     <span class='ocr_line' id='line_1_117' title="bbox 2047 5866 2819 5941; baseline -0.004 -18"><span class='ocrx_word' id='word_1_803' title='bbox 2047 5875 2107 5923; x_wconf 87' lang='lat' dir='ltr'><strong>ut</strong></span> <span class='ocrx_word' id='word_1_804' title='bbox 2138 5872 2195 5925; x_wconf 89' lang='lat' dir='ltr'><strong>in</strong></span> <span class='ocrx_word' id='word_1_805' title='bbox 2226 5866 2363 5941; x_wconf 89' lang='lat' dir='ltr'><strong>ipsis</strong></span> <span class='ocrx_word' id='word_1_806' title='bbox 2397 5866 2765 5924; x_wconf 85' lang='lat' dir='ltr'><strong>ambulemus.</strong></span> <span class='ocrx_word' id='word_1_807' title='bbox 2799 5886 2819 5920; x_wconf 75' lang='grc' dir='ltr'><strong>ι</strong></span> 
     </span>
    </p>
   </div>
  </div>
