  <div class='ocr_page' id='page_1' title='image "/cluster/home/n/w/nwhite01/storage/ocr_20150623/95:no.2/coo.31924054869999/423.png"; bbox 0 0 3970 6448; ppageno 0'>
   <div class='ocr_carea' id='block_1_1' title="bbox 301 395 404 460">
    <p class='ocr_par' dir='ltr' id='par_1_1' title="bbox 301 395 404 460">
     <span class='ocr_line' id='line_1_1' title="bbox 301 395 404 460; baseline 0 0"><span class='ocrx_word' id='word_1_1' title='bbox 301 395 404 460; x_wconf 84' lang='lat'><strong>831</strong></span> 
     </span>
    </p>
   </div>
   <div class='ocr_carea' id='block_1_2' title="bbox 1514 405 2404 489">
    <p class='ocr_par' dir='ltr' id='par_1_2' title="bbox 1514 405 2404 489">
     <span class='ocr_line' id='line_1_2' title="bbox 1514 405 2404 489; baseline -0.002 -18"><span class='ocrx_word' id='word_1_2' title='bbox 1514 412 1576 470; x_wconf 86' lang='lat' dir='ltr'><strong>S.</strong></span> <span class='ocrx_word' id='word_1_3' title='bbox 1605 405 1927 471; x_wconf 79' lang='lat' dir='ltr'><strong>JOANNIS</strong></span> <span class='ocrx_word' id='word_1_4' title='bbox 1974 405 2404 489; x_wconf 59' lang='lat' dir='ltr'><strong>DAMASCENI</strong></span> 
     </span>
    </p>
   </div>
   <div class='ocr_carea' id='block_1_3' title="bbox 3471 414 3578 478">
    <p class='ocr_par' dir='ltr' id='par_1_3' title="bbox 3471 414 3578 478">
     <span class='ocr_line' id='line_1_3' title="bbox 3471 414 3578 478; baseline 0.019 -2"><span class='ocrx_word' id='word_1_5' title='bbox 3471 414 3578 478; x_wconf 71' lang='lat'><strong>8‘32</strong></span> 
     </span>
    </p>
   </div>
   <div class='ocr_carea' id='block_1_4' title="bbox 325 491 1881 592">
    <p class='ocr_par' dir='ltr' id='par_1_4' title="bbox 325 491 1881 585">
     <span class='ocr_line' id='line_1_4' title="bbox 325 491 1881 585; baseline 0.006 -29"><span class='ocrx_word' id='word_1_6' title='bbox 325 491 334 499; x_wconf 78' lang='grc'><strong>’</strong></span> <span class='ocrx_word' id='word_1_7' title='bbox 379 503 498 558; x_wconf 87' lang='lat' dir='ltr'><strong>Non</strong></span> <span class='ocrx_word' id='word_1_8' title='bbox 527 518 651 570; x_wconf 89' lang='lat' dir='ltr'><strong>nos,</strong></span> <span class='ocrx_word' id='word_1_9' title='bbox 675 505 945 576; x_wconf 88' lang='lat' dir='ltr'><strong>inquit,in</strong></span> <span class='ocrx_word' id='word_1_10' title='bbox 981 522 1178 562; x_wconf 89' lang='lat' dir='ltr'><strong>novam</strong></span> <span class='ocrx_word' id='word_1_11' title='bbox 1222 521 1534 570; x_wconf 86' lang='lat' dir='ltr'><strong>creaturam</strong></span> <span class='ocrx_word' id='word_1_12' title='bbox 1556 516 1658 585; x_wconf 85' lang='lat' dir='ltr'><strong>ipsi</strong></span> <span class='ocrx_word' id='word_1_13' title='bbox 1685 515 1881 568; x_wconf 80' lang='lat' dir='ltr'><strong>forma-</strong></span> 
     </span>
    </p>
   </div>
   <div class='ocr_carea' id='block_1_5' title="bbox 2002 491 3576 592">
    <p class='ocr_par' dir='ltr' id='par_1_5' title="bbox 2065 515 3576 592">
     <span class='ocr_line' id='line_1_5' title="bbox 2065 515 3576 592; baseline 0.007 -25"><span class='ocrx_word' id='word_1_14' title='bbox 2065 516 2177 584; x_wconf 80' lang='grc' dir='ltr'><strong>Οὐχ</strong></span> <span class='ocrx_word' id='word_1_15' title='bbox 2204 516 2453 580; x_wconf 78' lang='grc' dir='ltr'>ἑαυτοὺς,</span> <span class='ocrx_word' id='word_1_16' title='bbox 2487 515 2644 586; x_wconf 77' lang='grc' dir='ltr'>φησὶ,</span> <span class='ocrx_word' id='word_1_17' title='bbox 2673 516 2866 588; x_wconf 82' lang='grc' dir='ltr'>καινὴν</span> <span class='ocrx_word' id='word_1_18' title='bbox 2902 517 3080 572; x_wconf 73' lang='grc' dir='ltr'>κτίσιν</span> <span class='ocrx_word' id='word_1_19' title='bbox 3105 518 3534 592; x_wconf 80' lang='grc' dir='ltr'>ἀπεργαζόμεθα</span> <span class='ocrx_word' id='word_1_20' title='bbox 3558 540 3576 559; x_wconf 79' lang='grc' dir='ltr'><strong><em>ο</em></strong></span> 
     </span>
    </p>
   </div>
   <div class='ocr_carea' id='block_1_6' title="bbox 305 590 1884 666">
    <p class='ocr_par' dir='ltr' id='par_1_6' title="bbox 305 590 1884 666">
     <span class='ocr_line' id='line_1_6' title="bbox 305 590 1884 666; baseline 0.007 -23"><span class='ocrx_word' id='word_1_21' title='bbox 305 592 505 646; x_wconf 80' lang='lat' dir='ltr'><strong>vimus.</strong></span> <span class='ocrx_word' id='word_1_22' title='bbox 529 590 720 662; x_wconf 79' lang='lat' dir='ltr'><strong>Neque</strong></span> <span class='ocrx_word' id='word_1_23' title='bbox 740 594 884 646; x_wconf 89' lang='lat' dir='ltr'><strong>enim</strong></span> <span class='ocrx_word' id='word_1_24' title='bbox 920 595 1024 649; x_wconf 92' lang='lat' dir='ltr'><strong>hoc</strong></span> <span class='ocrx_word' id='word_1_25' title='bbox 1058 595 1173 651; x_wconf 83' lang='lat' dir='ltr'><strong>ﬁeri</strong></span> <span class='ocrx_word' id='word_1_26' title='bbox 1209 605 1444 666; x_wconf 89' lang='lat' dir='ltr'><strong>poterat.</strong></span> <span class='ocrx_word' id='word_1_27' title='bbox 1477 599 1580 655; x_wconf 90' lang='lat' dir='ltr'><strong>Sed</strong></span> <span class='ocrx_word' id='word_1_28' title='bbox 1610 601 1756 656; x_wconf 86' lang='lat' dir='ltr'><strong>Deus</strong></span> <span class='ocrx_word' id='word_1_29' title='bbox 1778 609 1884 666; x_wconf 89' lang='lat' dir='ltr'><strong>est,</strong></span> 
     </span>
    </p>
   </div>
   <div class='ocr_carea' id='block_1_7' title="bbox 306 685 1886 757">
    <p class='ocr_par' dir='ltr' id='par_1_7' title="bbox 306 685 1886 757">
     <span class='ocr_line' id='line_1_7' title="bbox 306 685 1886 757; baseline 0.008 -21"><span class='ocrx_word' id='word_1_30' title='bbox 306 685 400 752; x_wconf 85' lang='lat' dir='ltr'><strong>qui</strong></span> <span class='ocrx_word' id='word_1_31' title='bbox 436 699 538 739; x_wconf 89' lang='lat' dir='ltr'><strong>nos</strong></span> <span class='ocrx_word' id='word_1_32' title='bbox 585 692 735 740; x_wconf 89' lang='lat' dir='ltr'><strong>creat</strong></span> <span class='ocrx_word' id='word_1_33' title='bbox 761 686 816 739; x_wconf 92' lang='lat' dir='ltr'><strong>in</strong></span> <span class='ocrx_word' id='word_1_34' title='bbox 849 686 1099 754; x_wconf 77' lang='lat' dir='ltr'><strong>Christo,</strong></span> <span class='ocrx_word' id='word_1_35' title='bbox 1131 689 1290 757; x_wconf 85' lang='lat' dir='ltr'><strong>cujus</strong></span> <span class='ocrx_word' id='word_1_36' title='bbox 1321 692 1744 748; x_wconf 76' lang='lat' dir='ltr'><strong>similitudinem</strong></span> <span class='ocrx_word' id='word_1_37' title='bbox 1777 711 1886 748; x_wconf 80' lang='lat' dir='ltr'><strong>ex-</strong></span> 
     </span>
    </p>
   </div>
   <div class='ocr_carea' id='block_1_8' title="bbox 308 775 1887 854">
    <p class='ocr_par' dir='ltr' id='par_1_8' title="bbox 308 775 1887 854">
     <span class='ocr_line' id='line_1_8' title="bbox 308 775 1887 854; baseline 0.008 -28"><span class='ocrx_word' id='word_1_38' title='bbox 308 775 600 844; x_wconf 89' lang='lat' dir='ltr'><strong>primimus</strong></span> <span class='ocrx_word' id='word_1_39' title='bbox 644 776 961 832; x_wconf 73' lang='lat' dir='ltr'><strong>imitatione</strong></span> <span class='ocrx_word' id='word_1_40' title='bbox 1003 793 1231 849; x_wconf 91' lang='lat' dir='ltr'><strong>operum</strong></span> <span class='ocrx_word' id='word_1_41' title='bbox 1285 797 1406 851; x_wconf 65' lang='lat' dir='ltr'><strong>quae</strong></span> <span class='ocrx_word' id='word_1_42' title='bbox 1438 783 1554 852; x_wconf 88' lang='lat' dir='ltr'><strong>ipse</strong></span> <span class='ocrx_word' id='word_1_43' title='bbox 1585 786 1786 854; x_wconf 77' lang='lat' dir='ltr'><strong>gessit,</strong></span> <span class='ocrx_word' id='word_1_44' title='bbox 1828 792 1887 838; x_wconf 89' lang='lat' dir='ltr'><strong>ut</strong></span> 
     </span>
    </p>
   </div>
   <div class='ocr_carea' id='block_1_9' title="bbox 307 865 1886 940">
    <p class='ocr_par' dir='ltr' id='par_1_9' title="bbox 307 865 1886 940">
     <span class='ocr_line' id='line_1_9' title="bbox 307 865 1886 940; baseline 0.008 -26"><span class='ocrx_word' id='word_1_45' title='bbox 307 874 642 932; x_wconf 56' lang='lat' dir='ltr'><strong>praepararet</strong></span> <span class='ocrx_word' id='word_1_46' title='bbox 672 865 835 921; x_wconf 87' lang='lat' dir='ltr'><strong>nobis</strong></span> <span class='ocrx_word' id='word_1_47' title='bbox 864 866 949 921; x_wconf 87' lang='lat' dir='ltr'><strong>sui</strong></span> <span class='ocrx_word' id='word_1_48' title='bbox 983 868 1462 940; x_wconf 75' lang='lat' dir='ltr'><strong>participationem</strong></span> <span class='ocrx_word' id='word_1_49' title='bbox 1499 879 1554 926; x_wconf 90' lang='lat' dir='ltr'><strong>et</strong></span> <span class='ocrx_word' id='word_1_50' title='bbox 1579 872 1886 928; x_wconf 81' lang='lat' dir='ltr'><strong>conformi-</strong></span> 
     </span>
    </p>
   </div>
   <div class='ocr_carea' id='block_1_10' title="bbox 304 961 497 1009">
    <p class='ocr_par' dir='ltr' id='par_1_10' title="bbox 304 961 497 1009">
     <span class='ocr_line' id='line_1_10' title="bbox 304 961 497 1009; baseline 0.016 -3"><span class='ocrx_word' id='word_1_51' title='bbox 304 961 497 1009; x_wconf 86' lang='lat' dir='ltr'><strong>tatem.</strong></span> 
     </span>
    </p>
   </div>
   <div class='ocr_carea' id='block_1_11' title="bbox 375 1043 1886 1128">
    <p class='ocr_par' dir='ltr' id='par_1_11' title="bbox 375 1043 1886 1128">
     <span class='ocr_line' id='line_1_11' title="bbox 375 1043 1886 1128; baseline 0.01 -31"><span class='ocrx_word' id='word_1_52' title='bbox 375 1043 543 1101; x_wconf 75' lang='lat' dir='ltr'><strong>Vens.</strong></span> <span class='ocrx_word' id='word_1_53' title='bbox 573 1045 662 1102; x_wconf 78' lang='grc'><strong>11.</strong></span> <span class='ocrx_word' id='word_1_54' title='bbox 704 1064 723 1098; x_wconf 81' lang='grc' dir='ltr'><strong>ι</strong></span> <span class='ocrx_word' id='word_1_55' title='bbox 765 1045 995 1119; x_wconf 87' lang='lat' dir='ltr'><strong>Propter</strong></span> <span class='ocrx_word' id='word_1_56' title='bbox 1023 1052 1171 1119; x_wconf 90' lang='lat' dir='ltr'><strong>quod</strong></span> <span class='ocrx_word' id='word_1_57' title='bbox 1228 1069 1500 1112; x_wconf 87' lang='lat' dir='ltr'><strong>memores</strong></span> <span class='ocrx_word' id='word_1_58' title='bbox 1532 1066 1708 1112; x_wconf 83' lang='lat' dir='ltr'><strong>estote</strong></span> <span class='ocrx_word' id='word_1_59' title='bbox 1738 1058 1886 1128; x_wconf 93' lang='lat' dir='ltr'><strong>quod</strong></span> 
     </span>
    </p>
   </div>
   <div class='ocr_carea' id='block_1_12' title="bbox 306 1138 1316 1214">
    <p class='ocr_par' dir='ltr' id='par_1_12' title="bbox 306 1138 1316 1214">
     <span class='ocr_line' id='line_1_12' title="bbox 306 1138 1316 1214; baseline 0.01 -24"><span class='ocrx_word' id='word_1_60' title='bbox 306 1138 607 1208; x_wconf 83' lang='lat' dir='ltr'><strong>aliquando</strong></span> <span class='ocrx_word' id='word_1_61' title='bbox 637 1156 740 1198; x_wconf 84' lang='lat' dir='ltr'><strong>vos</strong></span> <span class='ocrx_word' id='word_1_62' title='bbox 771 1152 963 1214; x_wconf 73' lang='lat' dir='ltr'><strong>gentes</strong></span> <span class='ocrx_word' id='word_1_63' title='bbox 985 1148 1042 1201; x_wconf 86' lang='lat' dir='ltr'><strong>in</strong></span> <span class='ocrx_word' id='word_1_64' title='bbox 1073 1163 1264 1204; x_wconf 86' lang='lat' dir='ltr'><strong>carne.</strong></span> <span class='ocrx_word' id='word_1_65' title='bbox 1297 1168 1316 1200; x_wconf 73' lang='grc' dir='ltr'>ι</span> 
     </span>
    </p>
   </div>
   <div class='ocr_carea' id='block_1_13' title="bbox 376 1230 1887 1313">
    <p class='ocr_par' dir='ltr' id='par_1_13' title="bbox 376 1230 1887 1313">
     <span class='ocr_line' id='line_1_13' title="bbox 376 1230 1887 1313; baseline 0.009 -28"><span class='ocrx_word' id='word_1_66' title='bbox 376 1230 644 1296; x_wconf 85' lang='lat' dir='ltr'><strong>Quoniam</strong></span> <span class='ocrx_word' id='word_1_67' title='bbox 675 1236 990 1290; x_wconf 84' lang='lat' dir='ltr'><strong>recordatio</strong></span> <span class='ocrx_word' id='word_1_68' title='bbox 1045 1240 1456 1308; x_wconf 66' lang='lat' dir='ltr'><strong>prmteritorum</strong></span> <span class='ocrx_word' id='word_1_69' title='bbox 1487 1241 1553 1296; x_wconf 91' lang='lat' dir='ltr'><strong>ad</strong></span> <span class='ocrx_word' id='word_1_70' title='bbox 1584 1251 1772 1313; x_wconf 75' lang='lat' dir='ltr'><strong>grates</strong></span> <span class='ocrx_word' id='word_1_71' title='bbox 1819 1243 1887 1298; x_wconf 87' lang='lat' dir='ltr'><strong>de</strong></span> 
     </span>
    </p>
   </div>
   <div class='ocr_carea' id='block_1_14' title="bbox 309 1324 1887 1402">
    <p class='ocr_par' dir='ltr' id='par_1_14' title="bbox 309 1324 1887 1402">
     <span class='ocr_line' id='line_1_14' title="bbox 309 1324 1887 1402; baseline 0.008 -28"><span class='ocrx_word' id='word_1_72' title='bbox 309 1324 675 1390; x_wconf 81' lang='lat' dir='ltr'><strong>praesentibus</strong></span> <span class='ocrx_word' id='word_1_73' title='bbox 750 1327 1034 1385; x_wconf 89' lang='lat' dir='ltr'><strong>habendas</strong></span> <span class='ocrx_word' id='word_1_74' title='bbox 1089 1346 1194 1387; x_wconf 88' lang='lat' dir='ltr'><strong>nos</strong></span> <span class='ocrx_word' id='word_1_75' title='bbox 1253 1343 1569 1402; x_wconf 87' lang='lat' dir='ltr'><strong>comparat,</strong></span> <span class='ocrx_word' id='word_1_76' title='bbox 1635 1335 1887 1389; x_wconf 82' lang='lat' dir='ltr'><strong>hortatur</strong></span> 
     </span>
    </p>
   </div>
   <div class='ocr_carea' id='block_1_15' title="bbox 307 1412 1389 1483">
    <p class='ocr_par' dir='ltr' id='par_1_15' title="bbox 307 1412 1389 1483">
     <span class='ocr_line' id='line_1_15' title="bbox 307 1412 1389 1483; baseline 0.012 -16"><span class='ocrx_word' id='word_1_77' title='bbox 307 1412 574 1483; x_wconf 88' lang='lat' dir='ltr'><strong>Ephesios</strong></span> <span class='ocrx_word' id='word_1_78' title='bbox 595 1425 655 1471; x_wconf 92' lang='lat' dir='ltr'><strong>ut</strong></span> <span class='ocrx_word' id='word_1_79' title='bbox 678 1418 895 1474; x_wconf 88' lang='lat' dir='ltr'><strong>illorum</strong></span> <span class='ocrx_word' id='word_1_80' title='bbox 933 1423 1389 1482; x_wconf 90' lang='lat' dir='ltr'><strong>reminiscautur.</strong></span> 
     </span>
    </p>
   </div>
   <div class='ocr_carea' id='block_1_16' title="bbox 381 1507 1886 1586">
    <p class='ocr_par' dir='ltr' id='par_1_16' title="bbox 381 1507 1886 1586">
     <span class='ocr_line' id='line_1_16' title="bbox 381 1507 1886 1586; baseline 0.011 -28"><span class='ocrx_word' id='word_1_81' title='bbox 381 1525 402 1558; x_wconf 78' lang='grc' dir='ltr'>ι</span> <span class='ocrx_word' id='word_1_82' title='bbox 438 1507 542 1573; x_wconf 91' lang='lat' dir='ltr'><strong>Qui</strong></span> <span class='ocrx_word' id='word_1_83' title='bbox 585 1508 841 1566; x_wconf 90' lang='lat' dir='ltr'><strong>dicimini</strong></span> <span class='ocrx_word' id='word_1_84' title='bbox 905 1515 1257 1583; x_wconf 71' lang='lat' dir='ltr'><strong>praeputium,</strong></span> <span class='ocrx_word' id='word_1_85' title='bbox 1297 1517 1366 1572; x_wconf 92' lang='lat' dir='ltr'><strong>ab</strong></span> <span class='ocrx_word' id='word_1_86' title='bbox 1404 1531 1466 1571; x_wconf 88' lang='lat' dir='ltr'><strong>ea</strong></span> <span class='ocrx_word' id='word_1_87' title='bbox 1501 1533 1624 1586; x_wconf 69' lang='lat' dir='ltr'><strong>qure</strong></span> <span class='ocrx_word' id='word_1_88' title='bbox 1671 1519 1886 1574; x_wconf 89' lang='lat' dir='ltr'><strong>dicitur</strong></span> 
     </span>
    </p>
   </div>
   <div class='ocr_carea' id='block_1_17' title="bbox 305 1602 1886 1683">
    <p class='ocr_par' dir='ltr' id='par_1_17' title="bbox 305 1602 1886 1683">
     <span class='ocr_line' id='line_1_17' title="bbox 305 1602 1886 1683; baseline 0.006 -29"><span class='ocrx_word' id='word_1_89' title='bbox 305 1602 662 1658; x_wconf 78' lang='lat' dir='ltr'><strong>circumcisio</strong></span> <span class='ocrx_word' id='word_1_90' title='bbox 713 1603 768 1657; x_wconf 91' lang='lat' dir='ltr'><strong>in</strong></span> <span class='ocrx_word' id='word_1_91' title='bbox 845 1620 1050 1672; x_wconf 89' lang='lat' dir='ltr'><strong>carne,</strong></span> <span class='ocrx_word' id='word_1_92' title='bbox 1115 1608 1434 1664; x_wconf 79' lang='lat' dir='ltr'><strong>manufacta</strong></span> <span class='ocrx_word' id='word_1_93' title='bbox 1482 1607 1729 1682; x_wconf 78' lang='lat' dir='ltr'><strong>:[Vers.</strong></span> <span class='ocrx_word' id='word_1_94' title='bbox 1782 1610 1886 1683; x_wconf 73' lang='grc'><strong>12]</strong></span> 
     </span>
    </p>
   </div>
   <div class='ocr_carea' id='block_1_18' title="bbox 307 1693 1887 1767">
    <p class='ocr_par' dir='ltr' id='par_1_18' title="bbox 307 1693 1887 1767">
     <span class='ocr_line' id='line_1_18' title="bbox 307 1693 1887 1767; baseline 0.008 -22"><span class='ocrx_word' id='word_1_95' title='bbox 307 1693 436 1761; x_wconf 84' lang='lat' dir='ltr'><strong>quia</strong></span> <span class='ocrx_word' id='word_1_96' title='bbox 484 1695 654 1749; x_wconf 87' lang='lat' dir='ltr'><strong>eratis</strong></span> <span class='ocrx_word' id='word_1_97' title='bbox 699 1696 873 1750; x_wconf 91' lang='lat' dir='ltr'><strong>illoin</strong></span> <span class='ocrx_word' id='word_1_98' title='bbox 900 1705 1152 1767; x_wconf 90' lang='lat' dir='ltr'><strong>tempore</strong></span> <span class='ocrx_word' id='word_1_99' title='bbox 1169 1701 1289 1755; x_wconf 89' lang='lat' dir='ltr'><strong>sine</strong></span> <span class='ocrx_word' id='word_1_100' title='bbox 1327 1701 1570 1766; x_wconf 82' lang='lat' dir='ltr'><strong>Christo,</strong></span> <span class='ocrx_word' id='word_1_101' title='bbox 1597 1703 1818 1758; x_wconf 86' lang='lat' dir='ltr'><strong>alienati</strong></span> <span class='ocrx_word' id='word_1_102' title='bbox 1856 1721 1887 1759; x_wconf 87' lang='lat' dir='ltr'><strong>a</strong></span> 
     </span>
    </p>
   </div>
   <div class='ocr_carea' id='block_1_19' title="bbox 304 1784 1878 1859">
    <p class='ocr_par' dir='ltr' id='par_1_19' title="bbox 304 1784 1878 1859">
     <span class='ocr_line' id='line_1_19' title="bbox 304 1784 1878 1859; baseline 0.009 -25"><span class='ocrx_word' id='word_1_103' title='bbox 304 1784 729 1839; x_wconf 83' lang='lat' dir='ltr'><strong>conversatione</strong></span> <span class='ocrx_word' id='word_1_104' title='bbox 749 1784 941 1852; x_wconf 90' lang='lat' dir='ltr'><strong>Israel,</strong></span> <span class='ocrx_word' id='word_1_105' title='bbox 972 1796 1028 1843; x_wconf 90' lang='lat' dir='ltr'><strong>et</strong></span> <span class='ocrx_word' id='word_1_106' title='bbox 1059 1789 1310 1859; x_wconf 89' lang='lat' dir='ltr'><strong>hospites</strong></span> <span class='ocrx_word' id='word_1_107' title='bbox 1341 1801 1821 1850; x_wconf 86' lang='lat' dir='ltr'><strong>testamentorum.</strong></span> <span class='ocrx_word' id='word_1_108' title='bbox 1859 1815 1878 1848; x_wconf 72' lang='grc' dir='ltr'><strong>ι</strong></span> 
     </span>
    </p>
   </div>
   <div class='ocr_carea' id='block_1_20' title="bbox 1989 605 3580 679">
    <p class='ocr_par' dir='ltr' id='par_1_20' title="bbox 1989 605 3580 679">
     <span class='ocr_line' id='line_1_20' title="bbox 1989 605 3580 679; baseline 0.007 -21"><span class='ocrx_word' id='word_1_109' title='bbox 1989 606 2113 659; x_wconf 80' lang='grc' dir='ltr'>οὐδὲ</span> <span class='ocrx_word' id='word_1_110' title='bbox 2146 606 2254 678; x_wconf 80' lang='grc' dir='ltr'>γὰρ</span> <span class='ocrx_word' id='word_1_111' title='bbox 2281 605 2528 660; x_wconf 82' lang='grc' dir='ltr'>δυνατόν.</span> <span class='ocrx_word' id='word_1_112' title='bbox 2567 607 2708 661; x_wconf 82' lang='grc' dir='ltr'>Ἀλλ’</span> <span class='ocrx_word' id='word_1_113' title='bbox 2735 609 2765 661; x_wconf 86' lang='grc' dir='ltr'>ὁ</span> <span class='ocrx_word' id='word_1_114' title='bbox 2797 607 2998 672; x_wconf 76' lang='grc' dir='ltr'>κτίζων</span> <span class='ocrx_word' id='word_1_115' title='bbox 3040 610 3188 679; x_wconf 83' lang='grc' dir='ltr'>ἡμᾶς</span> <span class='ocrx_word' id='word_1_116' title='bbox 3216 611 3332 664; x_wconf 88' lang='grc' dir='ltr'>ἐστι</span> <span class='ocrx_word' id='word_1_117' title='bbox 3356 611 3488 677; x_wconf 82' lang='grc' dir='ltr'><strong>Θεὸς</strong></span> <span class='ocrx_word' id='word_1_118' title='bbox 3519 618 3580 669; x_wconf 84' lang='grc' dir='ltr'><strong>ἐν</strong></span> 
     </span>
    </p>
   </div>
   <div class='ocr_carea' id='block_1_21' title="bbox 1989 692 3577 776">
    <p class='ocr_par' dir='ltr' id='par_1_21' title="bbox 1989 692 3577 776">
     <span class='ocr_line' id='line_1_21' title="bbox 1989 692 3577 776; baseline 0.006 -25"><span class='ocrx_word' id='word_1_119' title='bbox 1989 698 2236 769; x_wconf 83' lang='grc' dir='ltr'><strong>Χριστῷ,</strong></span> <span class='ocrx_word' id='word_1_120' title='bbox 2273 692 2333 753; x_wconf 80' lang='grc' dir='ltr'>οὗ</span> <span class='ocrx_word' id='word_1_121' title='bbox 2363 698 2463 770; x_wconf 85' lang='grc' dir='ltr'><strong>τὴν</strong></span> <span class='ocrx_word' id='word_1_122' title='bbox 2509 700 2770 770; x_wconf 86' lang='grc' dir='ltr'>ὁμοίωσιν</span> <span class='ocrx_word' id='word_1_123' title='bbox 2813 701 3180 772; x_wconf 68' lang='grc' dir='ltr'><strong>ἐπιτελοῦμεν</strong></span> <span class='ocrx_word' id='word_1_124' title='bbox 3230 707 3298 775; x_wconf 83' lang='grc' dir='ltr'>τῇ</span> <span class='ocrx_word' id='word_1_125' title='bbox 3341 705 3577 776; x_wconf 82' lang='grc' dir='ltr'>μιμήσει</span> 
     </span>
    </p>
   </div>
   <div class='ocr_carea' id='block_1_22' title="bbox 1987 789 3579 868">
    <p class='ocr_par' dir='ltr' id='par_1_22' title="bbox 1987 789 3579 868">
     <span class='ocr_line' id='line_1_22' title="bbox 1987 789 3579 868; baseline 0.006 -26"><span class='ocrx_word' id='word_1_126' title='bbox 1987 790 2098 843; x_wconf 81' lang='grc' dir='ltr'>τῶν</span> <span class='ocrx_word' id='word_1_127' title='bbox 2153 789 2352 861; x_wconf 74' lang='grc' dir='ltr'>ἔργων,</span> <span class='ocrx_word' id='word_1_128' title='bbox 2392 790 2538 861; x_wconf 73' lang='grc' dir='ltr'>ἅπερ</span> <span class='ocrx_word' id='word_1_129' title='bbox 2591 792 2756 855; x_wconf 83' lang='grc' dir='ltr'>αὐτὸς</span> <span class='ocrx_word' id='word_1_130' title='bbox 2811 793 3126 864; x_wconf 78' lang='grc' dir='ltr'><strong>εἰργάσατο,</strong></span> <span class='ocrx_word' id='word_1_131' title='bbox 3158 797 3579 868; x_wconf 81' lang='grc' dir='ltr'>προετοιμάζων</span> 
     </span>
    </p>
   </div>
   <div class='ocr_carea' id='block_1_23' title="bbox 1988 879 3015 953">
    <p class='ocr_par' dir='ltr' id='par_1_23' title="bbox 1988 879 3015 953">
     <span class='ocr_line' id='line_1_23' title="bbox 1988 879 3015 953; baseline 0.002 -19"><span class='ocrx_word' id='word_1_132' title='bbox 1988 880 2123 951; x_wconf 79' lang='grc' dir='ltr'>ἡμῖν</span> <span class='ocrx_word' id='word_1_133' title='bbox 2148 880 2249 951; x_wconf 84' lang='grc' dir='ltr'><strong>τὴν</strong></span> <span class='ocrx_word' id='word_1_134' title='bbox 2276 879 2584 951; x_wconf 80' lang='grc' dir='ltr'><strong>μετάληψιν</strong></span> <span class='ocrx_word' id='word_1_135' title='bbox 2613 881 2708 934; x_wconf 80' lang='grc' dir='ltr'>καὶ</span> <span class='ocrx_word' id='word_1_136' title='bbox 2731 882 3015 953; x_wconf 82' lang='grc' dir='ltr'>ὁμοίωσιν.</span> 
     </span>
    </p>
   </div>
   <div class='ocr_carea' id='block_1_24' title="bbox 2066 1053 3578 1135">
    <p class='ocr_par' dir='ltr' id='par_1_24' title="bbox 2066 1053 3578 1135">
     <span class='ocr_line' id='line_1_24' title="bbox 2066 1053 3578 1135; baseline 0.007 -28"><span class='ocrx_word' id='word_1_137' title='bbox 2066 1074 2086 1107; x_wconf 76' lang='grc' dir='ltr'>ι</span> <span class='ocrx_word' id='word_1_138' title='bbox 2129 1054 2222 1108; x_wconf 83' lang='grc' dir='ltr'><strong>Διὸ</strong></span> <span class='ocrx_word' id='word_1_139' title='bbox 2253 1053 2626 1127; x_wconf 86' lang='grc' dir='ltr'>μνημονεύετε</span> <span class='ocrx_word' id='word_1_140' title='bbox 2655 1097 2670 1123; x_wconf 97' lang='grc'><strong>,</strong></span> <span class='ocrx_word' id='word_1_141' title='bbox 2710 1056 2793 1110; x_wconf 84' lang='grc' dir='ltr'>ὅτι</span> <span class='ocrx_word' id='word_1_142' title='bbox 2850 1057 3010 1127; x_wconf 80' lang='grc' dir='ltr'>ὑμεῖς</span> <span class='ocrx_word' id='word_1_143' title='bbox 3058 1062 3191 1114; x_wconf 85' lang='grc' dir='ltr'><strong>ποτέ</strong></span> <span class='ocrx_word' id='word_1_144' title='bbox 3234 1062 3304 1116; x_wconf 83' lang='grc' dir='ltr'>τὰ</span> <span class='ocrx_word' id='word_1_145' title='bbox 3358 1061 3488 1135; x_wconf 79' lang='grc' dir='ltr'>ἔθνη</span> <span class='ocrx_word' id='word_1_146' title='bbox 3516 1063 3578 1117; x_wconf 75' lang='grc' dir='ltr'><strong>ἐν</strong></span> 
     </span>
    </p>
   </div>
   <div class='ocr_carea' id='block_1_25' title="bbox 1991 1147 2241 1218">
    <p class='ocr_par' dir='ltr' id='par_1_25' title="bbox 1991 1147 2241 1218">
     <span class='ocr_line' id='line_1_25' title="bbox 1991 1147 2241 1218; baseline -0.008 -18"><span class='ocrx_word' id='word_1_147' title='bbox 1991 1147 2175 1218; x_wconf 48' lang='grc' dir='ltr'>σαρκὴ</span> <span class='ocrx_word' id='word_1_148' title='bbox 2221 1165 2241 1198; x_wconf 73' lang='grc' dir='ltr'><strong>ι</strong></span> 
     </span>
    </p>
   </div>
   <div class='ocr_carea' id='block_1_26' title="bbox 2061 1239 3571 1314">
    <p class='ocr_par' dir='ltr' id='par_1_26' title="bbox 2061 1239 3571 1314">
     <span class='ocr_line' id='line_1_26' title="bbox 2061 1239 3571 1314; baseline 0.005 -21"><span class='ocrx_word' id='word_1_149' title='bbox 2061 1239 2286 1305; x_wconf 84' lang='grc' dir='ltr'><strong>Ἐπειδὴ</strong></span> <span class='ocrx_word' id='word_1_150' title='bbox 2341 1243 2372 1308; x_wconf 89' lang='grc' dir='ltr'><strong>ή</strong></span> <span class='ocrx_word' id='word_1_151' title='bbox 2417 1239 2528 1296; x_wconf 86' lang='grc' dir='ltr'><strong>τῶν</strong></span> <span class='ocrx_word' id='word_1_152' title='bbox 2558 1240 2843 1312; x_wconf 82' lang='grc' dir='ltr'><strong>προτέρων</strong></span> <span class='ocrx_word' id='word_1_153' title='bbox 2873 1241 3178 1313; x_wconf 83' lang='grc' dir='ltr'>ἀνάμνησις</span> <span class='ocrx_word' id='word_1_154' title='bbox 3212 1243 3312 1314; x_wconf 82' lang='grc' dir='ltr'>τὴν</span> <span class='ocrx_word' id='word_1_155' title='bbox 3339 1244 3432 1298; x_wconf 76' lang='grc' dir='ltr'><strong>ἐπὶ</strong></span> <span class='ocrx_word' id='word_1_156' title='bbox 3475 1245 3571 1301; x_wconf 87' lang='grc' dir='ltr'><strong>τοῦ</strong></span> 
     </span>
    </p>
   </div>
   <div class='ocr_carea' id='block_1_27' title="bbox 1990 1329 3572 1404">
    <p class='ocr_par' dir='ltr' id='par_1_27' title="bbox 1990 1329 3572 1404">
     <span class='ocr_line' id='line_1_27' title="bbox 1990 1329 3572 1404; baseline 0.006 -24"><span class='ocrx_word' id='word_1_157' title='bbox 1990 1329 2257 1398; x_wconf 85' lang='grc' dir='ltr'>παρόντος</span> <span class='ocrx_word' id='word_1_158' title='bbox 2310 1329 2665 1400; x_wconf 80' lang='grc' dir='ltr'><strong>εὐχαριστίαν</strong></span> <span class='ocrx_word' id='word_1_159' title='bbox 2714 1333 3139 1397; x_wconf 78' lang='grc' dir='ltr'><strong>κατασκευάζει,</strong></span> <span class='ocrx_word' id='word_1_160' title='bbox 3208 1335 3572 1404; x_wconf 80' lang='grc' dir='ltr'>μνημονεύειν</span> 
     </span>
    </p>
   </div>
   <div class='ocr_carea' id='block_1_28' title="bbox 1988 1416 2704 1489">
    <p class='ocr_par' dir='ltr' id='par_1_28' title="bbox 1988 1416 2704 1489">
     <span class='ocr_line' id='line_1_28' title="bbox 1988 1416 2704 1489; baseline 0.007 -20"><span class='ocrx_word' id='word_1_161' title='bbox 1988 1416 2214 1471; x_wconf 88' lang='grc' dir='ltr'>ἐκείνων</span> <span class='ocrx_word' id='word_1_162' title='bbox 2249 1418 2704 1489; x_wconf 83' lang='grc' dir='ltr'>παρακελεύεται.</span> 
     </span>
    </p>
   </div>
   <div class='ocr_carea' id='block_1_29' title="bbox 2064 1510 3572 1588">
    <p class='ocr_par' dir='ltr' id='par_1_29' title="bbox 2064 1510 3572 1588">
     <span class='ocr_line' id='line_1_29' title="bbox 2064 1510 3572 1588; baseline 0.005 -26"><span class='ocrx_word' id='word_1_163' title='bbox 2064 1528 2083 1562; x_wconf 83' lang='grc' dir='ltr'>ι</span> <span class='ocrx_word' id='word_1_164' title='bbox 2121 1511 2185 1563; x_wconf 77' lang='grc' dir='ltr'><strong>Οἱ</strong></span> <span class='ocrx_word' id='word_1_165' title='bbox 2244 1510 2530 1580; x_wconf 83' lang='grc' dir='ltr'>λεγόμενοι</span> <span class='ocrx_word' id='word_1_166' title='bbox 2583 1511 2920 1584; x_wconf 75' lang='grc' dir='ltr'>ἀκροϐυστία</span> <span class='ocrx_word' id='word_1_167' title='bbox 2976 1513 3083 1566; x_wconf 83' lang='grc' dir='ltr'><strong>ἀπὸ</strong></span> <span class='ocrx_word' id='word_1_168' title='bbox 3136 1515 3234 1582; x_wconf 85' lang='grc' dir='ltr'>τῆς</span> <span class='ocrx_word' id='word_1_169' title='bbox 3269 1514 3572 1588; x_wconf 80' lang='grc' dir='ltr'>λεγομένης</span> 
     </span>
    </p>
   </div>
   <div class='ocr_carea' id='block_1_30' title="bbox 1987 1603 3574 1679">
    <p class='ocr_par' dir='ltr' id='par_1_30' title="bbox 1987 1603 3574 1679">
     <span class='ocr_line' id='line_1_30' title="bbox 1987 1603 3574 1679; baseline 0.004 -26"><span class='ocrx_word' id='word_1_170' title='bbox 1987 1604 2294 1673; x_wconf 81' lang='grc' dir='ltr'>περιτομῆς</span> <span class='ocrx_word' id='word_1_171' title='bbox 2336 1603 2394 1655; x_wconf 87' lang='grc' dir='ltr'><strong>ἐν</strong></span> <span class='ocrx_word' id='word_1_172' title='bbox 2447 1603 2615 1673; x_wconf 79' lang='grc' dir='ltr'>σαρκὶ</span> <span class='ocrx_word' id='word_1_173' title='bbox 2669 1604 3084 1676; x_wconf 86' lang='grc' dir='ltr'>χειροποιήτου·</span> <span class='ocrx_word' id='word_1_174' title='bbox 3147 1606 3229 1660; x_wconf 84' lang='grc' dir='ltr'><strong>ὅτι</strong></span> <span class='ocrx_word' id='word_1_175' title='bbox 3262 1607 3361 1678; x_wconf 81' lang='grc' dir='ltr'>ἦτε</span> <span class='ocrx_word' id='word_1_176' title='bbox 3399 1608 3456 1660; x_wconf 87' lang='grc' dir='ltr'><strong>ἐν</strong></span> <span class='ocrx_word' id='word_1_177' title='bbox 3496 1607 3574 1679; x_wconf 86' lang='grc' dir='ltr'><strong>τῷ</strong></span> 
     </span>
    </p>
   </div>
   <div class='ocr_carea' id='block_1_31' title="bbox 1989 1692 3572 1770">
    <p class='ocr_par' dir='ltr' id='par_1_31' title="bbox 1989 1692 3572 1770">
     <span class='ocr_line' id='line_1_31' title="bbox 1989 1692 3572 1770; baseline 0.006 -25"><span class='ocrx_word' id='word_1_178' title='bbox 1989 1692 2170 1764; x_wconf 85' lang='grc' dir='ltr'>καιρῷ</span> <span class='ocrx_word' id='word_1_179' title='bbox 2199 1693 2396 1765; x_wconf 85' lang='grc' dir='ltr'>ἐκείνῳ</span> <span class='ocrx_word' id='word_1_180' title='bbox 2439 1696 2611 1766; x_wconf 75' lang='grc' dir='ltr'>χωρὶς</span> <span class='ocrx_word' id='word_1_181' title='bbox 2649 1695 2910 1766; x_wconf 87' lang='grc' dir='ltr'>Χριστοῦ,</span> <span class='ocrx_word' id='word_1_182' title='bbox 2941 1697 3448 1770; x_wconf 81' lang='grc' dir='ltr'>ἀπηλλοτριωμένοι</span> <span class='ocrx_word' id='word_1_183' title='bbox 3469 1701 3572 1770; x_wconf 81' lang='grc' dir='ltr'>τῆς</span> 
     </span>
    </p>
   </div>
   <div class='ocr_carea' id='block_1_32' title="bbox 1989 1785 3494 1862">
    <p class='ocr_par' dir='ltr' id='par_1_32' title="bbox 1989 1785 3494 1862">
     <span class='ocr_line' id='line_1_32' title="bbox 1989 1785 3494 1862; baseline 0.006 -25"><span class='ocrx_word' id='word_1_184' title='bbox 1989 1785 2269 1850; x_wconf 85' lang='grc' dir='ltr'>πολιτείας</span> <span class='ocrx_word' id='word_1_185' title='bbox 2292 1785 2387 1840; x_wconf 88' lang='grc' dir='ltr'><strong>τοῦ</strong></span> <span class='ocrx_word' id='word_1_186' title='bbox 2418 1785 2662 1857; x_wconf 79' lang='grc' dir='ltr'>Ἰσραὴλ,</span> <span class='ocrx_word' id='word_1_187' title='bbox 2696 1788 2792 1840; x_wconf 62' lang='grc' dir='ltr'><strong>κοιλ⁸</strong></span> <span class='ocrx_word' id='word_1_188' title='bbox 2820 1787 2961 1852; x_wconf 79' lang='grc' dir='ltr'>ξένοι</span> <span class='ocrx_word' id='word_1_189' title='bbox 2997 1789 3106 1843; x_wconf 85' lang='grc' dir='ltr'>τῶν</span> <span class='ocrx_word' id='word_1_190' title='bbox 3135 1789 3431 1862; x_wconf 80' lang='grc' dir='ltr'>διαθηκῶν.</span> <span class='ocrx_word' id='word_1_191' title='bbox 3474 1811 3494 1845; x_wconf 83' lang='grc'>›</span> 
     </span>
    </p>
   </div>
   <div class='ocr_carea' id='block_1_33' title="bbox 376 1853 1881 1954">
    <p class='ocr_par' dir='ltr' id='par_1_33' title="bbox 376 1874 1881 1953">
     <span class='ocr_line' id='line_1_33' title="bbox 376 1874 1881 1953; baseline 0.011 -26"><span class='ocrx_word' id='word_1_192' title='bbox 376 1874 603 1944; x_wconf 90' lang='lat' dir='ltr'><strong>Propria</strong></span> <span class='ocrx_word' id='word_1_193' title='bbox 621 1880 805 1934; x_wconf 87' lang='lat' dir='ltr'><strong>carnis</strong></span> <span class='ocrx_word' id='word_1_194' title='bbox 822 1889 973 1946; x_wconf 85' lang='lat' dir='ltr'><strong>sunt,</strong></span> <span class='ocrx_word' id='word_1_195' title='bbox 996 1890 1110 1935; x_wconf 90' lang='lat' dir='ltr'><strong>tum</strong></span> <span class='ocrx_word' id='word_1_196' title='bbox 1134 1885 1482 1953; x_wconf 70' lang='lat' dir='ltr'><strong>praeputium,</strong></span> <span class='ocrx_word' id='word_1_197' title='bbox 1505 1893 1620 1940; x_wconf 90' lang='lat' dir='ltr'><strong>tum</strong></span> <span class='ocrx_word' id='word_1_198' title='bbox 1639 1888 1848 1943; x_wconf 91' lang='lat' dir='ltr'><strong>circum</strong></span> <span class='ocrx_word' id='word_1_199' title='bbox 1863 1919 1881 1930; x_wconf 91' lang='lat'><strong><em>-</em></strong></span> 
     </span>
    </p>
   </div>
   <div class='ocr_carea' id='block_1_34' title="bbox 2002 1853 3571 1954">
    <p class='ocr_par' dir='ltr' id='par_1_34' title="bbox 2058 1853 3571 1954">
     <span class='ocr_line' id='line_1_34' title="bbox 2058 1853 3571 1954; baseline 0.004 -24"><span class='ocrx_word' id='word_1_200' title='bbox 2058 1878 2331 1948; x_wconf 82' lang='grc' dir='ltr'>Σαρκικδν</span> <span class='ocrx_word' id='word_1_201' title='bbox 2360 1853 2610 1949; x_wconf 77' lang='grc' dir='ltr'>ἰδίωμαή</span> <span class='ocrx_word' id='word_1_202' title='bbox 2633 1878 2968 1948; x_wconf 79' lang='grc' dir='ltr'>ἀκροϐυστία</span> <span class='ocrx_word' id='word_1_203' title='bbox 2993 1881 3087 1934; x_wconf 80' lang='grc' dir='ltr'><strong>καὶ</strong></span> <span class='ocrx_word' id='word_1_204' title='bbox 3110 1881 3144 1952; x_wconf 88' lang='grc' dir='ltr'><strong>ή</strong></span> <span class='ocrx_word' id='word_1_205' title='bbox 3171 1853 3440 1954; x_wconf 73' lang='grc' dir='ltr'>περιτομή</span> <span class='ocrx_word' id='word_1_206' title='bbox 3463 1900 3476 1913; x_wconf 86' lang='grc'><strong>·</strong></span> <span class='ocrx_word' id='word_1_207' title='bbox 3501 1884 3571 1936; x_wconf 75' lang='grc' dir='ltr'>τὰ</span> 
     </span>
    </p>
   </div>
   <div class='ocr_carea' id='block_1_35' title="bbox 302 1965 1886 2047">
    <p class='ocr_par' dir='ltr' id='par_1_35' title="bbox 302 1965 1886 2047">
     <span class='ocr_line' id='line_1_35' title="bbox 302 1965 1886 2047; baseline 0.011 -29"><span class='ocrx_word' id='word_1_208' title='bbox 302 1965 462 2020; x_wconf 87' lang='lat' dir='ltr'><strong>cisio.</strong></span> <span class='ocrx_word' id='word_1_209' title='bbox 490 1967 760 2023; x_wconf 68' lang='lat' dir='ltr'><strong>Caeterum</strong></span> <span class='ocrx_word' id='word_1_210' title='bbox 809 1973 1058 2028; x_wconf 84' lang='lat' dir='ltr'><strong>carnalia</strong></span> <span class='ocrx_word' id='word_1_211' title='bbox 1095 1990 1226 2031; x_wconf 90' lang='lat' dir='ltr'><strong>.vere</strong></span> <span class='ocrx_word' id='word_1_212' title='bbox 1273 1992 1382 2032; x_wconf 91' lang='lat' dir='ltr'><strong>non</strong></span> <span class='ocrx_word' id='word_1_213' title='bbox 1412 1981 1706 2034; x_wconf 77' lang='lat' dir='ltr'><strong>exsistunt.</strong></span> <span class='ocrx_word' id='word_1_214' title='bbox 1739 1981 1886 2047; x_wconf 90' lang='lat' dir='ltr'><strong>Qua-</strong></span> 
     </span>
    </p>
   </div>
   <div class='ocr_carea' id='block_1_36' title="bbox 304 2063 1884 2142">
    <p class='ocr_par' dir='ltr' id='par_1_36' title="bbox 304 2063 1884 2142">
     <span class='ocr_line' id='line_1_36' title="bbox 304 2063 1884 2142; baseline 0.012 -34"><span class='ocrx_word' id='word_1_215' title='bbox 304 2065 533 2127; x_wconf 81' lang='lat' dir='ltr'><strong>propter</strong></span> <span class='ocrx_word' id='word_1_216' title='bbox 572 2075 636 2116; x_wconf 92' lang='lat' dir='ltr'><strong>ea</strong></span> <span class='ocrx_word' id='word_1_217' title='bbox 668 2063 777 2116; x_wconf 81' lang='lat' dir='ltr'><strong>dici</strong></span> <span class='ocrx_word' id='word_1_218' title='bbox 805 2065 903 2118; x_wconf 89' lang='lat' dir='ltr'><strong>ait.</strong></span> <span class='ocrx_word' id='word_1_219' title='bbox 937 2065 1180 2122; x_wconf 84' lang='lat' dir='ltr'><strong>Noverat</strong></span> <span class='ocrx_word' id='word_1_220' title='bbox 1217 2069 1420 2139; x_wconf 90' lang='lat' dir='ltr'><strong>quippe</strong></span> <span class='ocrx_word' id='word_1_221' title='bbox 1446 2072 1606 2142; x_wconf 74' lang='lat'><strong>182</strong></span> <span class='ocrx_word' id='word_1_222' title='bbox 1639 2073 1884 2127; x_wconf 78' lang='lat' dir='ltr'><strong>circum-</strong></span> 
     </span>
    </p>
   </div>
   <div class='ocr_carea' id='block_1_37' title="bbox 303 2148 1883 2233">
    <p class='ocr_par' dir='ltr' id='par_1_37' title="bbox 303 2148 1883 2233">
     <span class='ocr_line' id='line_1_37' title="bbox 303 2148 1883 2233; baseline 0.009 -32"><span class='ocrx_word' id='word_1_223' title='bbox 303 2148 572 2205; x_wconf 89' lang='lat' dir='ltr'><strong>cisionem</strong></span> <span class='ocrx_word' id='word_1_224' title='bbox 615 2168 828 2220; x_wconf 86' lang='lat' dir='ltr'><strong>veram,</strong></span> <span class='ocrx_word' id='word_1_225' title='bbox 860 2173 969 2226; x_wconf 89' lang='lat' dir='ltr'><strong>qua</strong></span> <span class='ocrx_word' id='word_1_226' title='bbox 999 2158 1054 2213; x_wconf 91' lang='lat' dir='ltr'><strong>in</strong></span> <span class='ocrx_word' id='word_1_227' title='bbox 1100 2159 1271 2214; x_wconf 88' lang='lat' dir='ltr'><strong>corde</strong></span> <span class='ocrx_word' id='word_1_228' title='bbox 1302 2162 1883 2233; x_wconf 88' lang='lat' dir='ltr'><strong>circumamputentur</strong></span> 
     </span>
    </p>
   </div>
   <div class='ocr_carea' id='block_1_38' title="bbox 299 2252 1882 2316">
    <p class='ocr_par' dir='ltr' id='par_1_38' title="bbox 299 2252 1882 2316">
     <span class='ocr_line' id='line_1_38' title="bbox 299 2252 1882 2316; baseline 0.011 -24"><span class='ocrx_word' id='word_1_229' title='bbox 299 2255 646 2312; x_wconf 60' lang='lat' dir='ltr'><strong>quaecunque</strong></span> <span class='ocrx_word' id='word_1_230' title='bbox 680 2255 880 2316; x_wconf 81' lang='lat' dir='ltr'><strong>praeter</strong></span> <span class='ocrx_word' id='word_1_231' title='bbox 941 2252 1252 2306; x_wconf 85' lang='lat' dir='ltr'><strong>naturalem</strong></span> <span class='ocrx_word' id='word_1_232' title='bbox 1293 2253 1749 2308; x_wconf 86' lang='lat' dir='ltr'><strong>constitutionem</strong></span> <span class='ocrx_word' id='word_1_233' title='bbox 1782 2255 1882 2310; x_wconf 89' lang='lat' dir='ltr'><strong>ad-</strong></span> 
     </span>
    </p>
   </div>
   <div class='ocr_carea' id='block_1_39' title="bbox 301 2337 1869 2414">
    <p class='ocr_par' dir='ltr' id='par_1_39' title="bbox 301 2337 1869 2414">
     <span class='ocr_line' id='line_1_39' title="bbox 301 2337 1869 2414; baseline 0.01 -29"><span class='ocrx_word' id='word_1_234' title='bbox 301 2339 432 2387; x_wconf 79' lang='lat' dir='ltr'><strong>nata</strong></span> <span class='ocrx_word' id='word_1_235' title='bbox 503 2343 653 2391; x_wconf 88' lang='lat' dir='ltr'><strong>sunt.</strong></span> <span class='ocrx_word' id='word_1_236' title='bbox 698 2337 854 2404; x_wconf 87' lang='lat' dir='ltr'><strong>Quod</strong></span> <span class='ocrx_word' id='word_1_237' title='bbox 910 2341 957 2396; x_wconf 88' lang='lat' dir='ltr'><strong>si</strong></span> <span class='ocrx_word' id='word_1_238' title='bbox 988 2341 1096 2397; x_wconf 88' lang='lat' dir='ltr'><strong>hoc</strong></span> <span class='ocrx_word' id='word_1_239' title='bbox 1125 2345 1343 2414; x_wconf 88' lang='lat' dir='ltr'><strong>proprie</strong></span> <span class='ocrx_word' id='word_1_240' title='bbox 1372 2345 1729 2402; x_wconf 90' lang='lat' dir='ltr'><strong>circumcisio</strong></span> <span class='ocrx_word' id='word_1_241' title='bbox 1761 2355 1869 2413; x_wconf 91' lang='lat' dir='ltr'><strong>est,</strong></span> 
     </span>
    </p>
   </div>
   <div class='ocr_carea' id='block_1_40' title="bbox 300 2427 1880 2504">
    <p class='ocr_par' dir='ltr' id='par_1_40' title="bbox 300 2427 1880 2504">
     <span class='ocr_line' id='line_1_40' title="bbox 300 2427 1880 2504; baseline 0.012 -26"><span class='ocrx_word' id='word_1_242' title='bbox 300 2427 629 2496; x_wconf 68' lang='lat' dir='ltr'><strong>praeputium</strong></span> <span class='ocrx_word' id='word_1_243' title='bbox 671 2445 860 2487; x_wconf 88' lang='lat' dir='ltr'><strong>verum</strong></span> <span class='ocrx_word' id='word_1_244' title='bbox 897 2433 1036 2489; x_wconf 90' lang='lat' dir='ltr'><strong>nihil</strong></span> <span class='ocrx_word' id='word_1_245' title='bbox 1064 2435 1214 2492; x_wconf 91' lang='lat' dir='ltr'><strong>aliud</strong></span> <span class='ocrx_word' id='word_1_246' title='bbox 1241 2445 1349 2504; x_wconf 89' lang='lat' dir='ltr'><strong>est,</strong></span> <span class='ocrx_word' id='word_1_247' title='bbox 1380 2438 1488 2494; x_wconf 92' lang='lat' dir='ltr'><strong>nisi</strong></span> <span class='ocrx_word' id='word_1_248' title='bbox 1526 2453 1652 2494; x_wconf 88' lang='lat' dir='ltr'><strong>vera</strong></span> <span class='ocrx_word' id='word_1_249' title='bbox 1691 2440 1880 2497; x_wconf 88' lang='lat' dir='ltr'><strong>cordis</strong></span> 
     </span>
    </p>
   </div>
   <div class='ocr_carea' id='block_1_41' title="bbox 301 2516 672 2573">
    <p class='ocr_par' dir='ltr' id='par_1_41' title="bbox 301 2516 672 2573">
     <span class='ocr_line' id='line_1_41' title="bbox 301 2516 672 2573; baseline 0.013 -4"><span class='ocrx_word' id='word_1_250' title='bbox 301 2516 672 2573; x_wconf 86' lang='lat' dir='ltr'><strong>immunditia.</strong></span> 
     </span>
    </p>
   </div>
   <div class='ocr_carea' id='block_1_42' title="bbox 375 2606 1877 2688">
    <p class='ocr_par' dir='ltr' id='par_1_42' title="bbox 375 2606 1877 2688">
     <span class='ocr_line' id='line_1_42' title="bbox 375 2606 1877 2688; baseline 0.015 -30"><span class='ocrx_word' id='word_1_251' title='bbox 375 2626 393 2658; x_wconf 75' lang='grc' dir='ltr'><strong>ι</strong></span> <span class='ocrx_word' id='word_1_252' title='bbox 420 2606 808 2670; x_wconf 87' lang='lat' dir='ltr'><strong>Promissionis</strong></span> <span class='ocrx_word' id='word_1_253' title='bbox 841 2631 990 2685; x_wconf 90' lang='lat' dir='ltr'><strong>spem</strong></span> <span class='ocrx_word' id='word_1_254' title='bbox 1015 2632 1125 2673; x_wconf 90' lang='lat' dir='ltr'><strong>non</strong></span> <span class='ocrx_word' id='word_1_255' title='bbox 1152 2620 1436 2688; x_wconf 86' lang='lat' dir='ltr'><strong>habentes,</strong></span> <span class='ocrx_word' id='word_1_256' title='bbox 1455 2629 1509 2676; x_wconf 92' lang='lat' dir='ltr'><strong>et</strong></span> <span class='ocrx_word' id='word_1_257' title='bbox 1531 2623 1653 2679; x_wconf 89' lang='lat' dir='ltr'><strong>sine</strong></span> <span class='ocrx_word' id='word_1_258' title='bbox 1681 2622 1790 2680; x_wconf 88' lang='lat' dir='ltr'><strong>Deo</strong></span> <span class='ocrx_word' id='word_1_259' title='bbox 1823 2625 1877 2681; x_wconf 89' lang='lat' dir='ltr'><strong>in</strong></span> 
     </span>
    </p>
   </div>
   <div class='ocr_carea' id='block_1_43' title="bbox 300 2696 717 2758">
    <p class='ocr_par' dir='ltr' id='par_1_43' title="bbox 300 2696 717 2758">
     <span class='ocr_line' id='line_1_43' title="bbox 300 2696 717 2758; baseline 0.017 -10"><span class='ocrx_word' id='word_1_260' title='bbox 300 2696 405 2752; x_wconf 88' lang='lat' dir='ltr'><strong>hoc</strong></span> <span class='ocrx_word' id='word_1_261' title='bbox 432 2701 658 2758; x_wconf 92' lang='lat' dir='ltr'><strong>mundo.</strong></span> <span class='ocrx_word' id='word_1_262' title='bbox 697 2722 717 2755; x_wconf 69' lang='grc' dir='ltr'>ι</span> 
     </span>
    </p>
   </div>
   <div class='ocr_carea' id='block_1_44' title="bbox 358 2790 1881 2872">
    <p class='ocr_par' dir='ltr' id='par_1_44' title="bbox 358 2790 1881 2872">
     <span class='ocr_line' id='line_1_44' title="bbox 358 2790 1881 2872; baseline 0.012 -28"><span class='ocrx_word' id='word_1_263' title='bbox 358 2790 604 2848; x_wconf 85' lang='lat' dir='ltr'><strong>Diversae</strong></span> <span class='ocrx_word' id='word_1_264' title='bbox 633 2796 860 2866; x_wconf 90' lang='lat' dir='ltr'><strong>quidem</strong></span> <span class='ocrx_word' id='word_1_265' title='bbox 906 2801 1316 2870; x_wconf 86' lang='lat' dir='ltr'><strong>promissiones</strong></span> <span class='ocrx_word' id='word_1_266' title='bbox 1348 2813 1504 2872; x_wconf 85' lang='lat' dir='ltr'><strong>sunt,</strong></span> <span class='ocrx_word' id='word_1_267' title='bbox 1541 2813 1598 2860; x_wconf 91' lang='lat' dir='ltr'><strong>ut</strong></span> <span class='ocrx_word' id='word_1_268' title='bbox 1629 2814 1684 2862; x_wconf 93' lang='lat' dir='ltr'><strong>et</strong></span> <span class='ocrx_word' id='word_1_269' title='bbox 1711 2815 1881 2864; x_wconf 87' lang='lat' dir='ltr'><strong>testa-</strong></span> 
     </span>
    </p>
   </div>
   <div class='ocr_carea' id='block_1_45' title="bbox 297 2883 1874 2969">
    <p class='ocr_par' dir='ltr' id='par_1_45' title="bbox 297 2883 1874 2969">
     <span class='ocr_line' id='line_1_45' title="bbox 297 2883 1874 2969; baseline 0.013 -33"><span class='ocrx_word' id='word_1_270' title='bbox 297 2892 501 2938; x_wconf 82' lang='lat' dir='ltr'><strong>menta.</strong></span> <span class='ocrx_word' id='word_1_271' title='bbox 532 2883 710 2942; x_wconf 86' lang='lat' dir='ltr'><strong>Unam</strong></span> <span class='ocrx_word' id='word_1_272' title='bbox 744 2905 882 2945; x_wconf 88' lang='lat' dir='ltr'><strong>vero</strong></span> <span class='ocrx_word' id='word_1_273' title='bbox 914 2892 1059 2947; x_wconf 88' lang='lat' dir='ltr'><strong>hanc</strong></span> <span class='ocrx_word' id='word_1_274' title='bbox 1089 2898 1564 2964; x_wconf 80' lang='lat' dir='ltr'><strong>commemoravit,</strong></span> <span class='ocrx_word' id='word_1_275' title='bbox 1598 2909 1874 2969; x_wconf 84' lang='lat' dir='ltr'><strong>quatenus</strong></span> 
     </span>
    </p>
   </div>
   <div class='ocr_carea' id='block_1_46' title="bbox 296 2973 1398 3056">
    <p class='ocr_par' dir='ltr' id='par_1_46' title="bbox 296 2973 1398 3056">
     <span class='ocr_line' id='line_1_46' title="bbox 296 2973 1398 3056; baseline 0.013 -28"><span class='ocrx_word' id='word_1_276' title='bbox 296 2973 551 3032; x_wconf 87' lang='lat' dir='ltr'><strong>Christus</strong></span> <span class='ocrx_word' id='word_1_277' title='bbox 579 2993 773 3036; x_wconf 89' lang='lat' dir='ltr'><strong>omnes</strong></span> <span class='ocrx_word' id='word_1_278' title='bbox 800 2983 855 3036; x_wconf 92' lang='lat' dir='ltr'><strong>in</strong></span> <span class='ocrx_word' id='word_1_279' title='bbox 885 2999 1056 3038; x_wconf 90' lang='lat' dir='ltr'><strong>unum</strong></span> <span class='ocrx_word' id='word_1_280' title='bbox 1091 2985 1398 3056; x_wconf 82' lang='lat' dir='ltr'><strong>conjungit.</strong></span> 
     </span>
    </p>
   </div>
   <div class='ocr_carea' id='block_1_47' title="bbox 366 3067 1877 3151">
    <p class='ocr_par' dir='ltr' id='par_1_47' title="bbox 366 3067 1877 3151">
     <span class='ocr_line' id='line_1_47' title="bbox 366 3067 1877 3151; baseline 0.011 -32"><span class='ocrx_word' id='word_1_281' title='bbox 366 3067 531 3124; x_wconf 74' lang='lat' dir='ltr'><strong>Vens.</strong></span> <span class='ocrx_word' id='word_1_282' title='bbox 563 3071 650 3127; x_wconf 78' lang='grc'><strong>1⁸5.</strong></span> <span class='ocrx_word' id='word_1_283' title='bbox 680 3089 699 3123; x_wconf 81' lang='grc' dir='ltr'><strong>ι</strong></span> <span class='ocrx_word' id='word_1_284' title='bbox 740 3071 898 3129; x_wconf 87' lang='lat' dir='ltr'><strong>Nunc</strong></span> <span class='ocrx_word' id='word_1_285' title='bbox 923 3083 1109 3130; x_wconf 90' lang='lat' dir='ltr'><strong>autem</strong></span> <span class='ocrx_word' id='word_1_286' title='bbox 1160 3078 1217 3131; x_wconf 90' lang='lat' dir='ltr'><strong>in</strong></span> <span class='ocrx_word' id='word_1_287' title='bbox 1243 3078 1466 3132; x_wconf 84' lang='lat' dir='ltr'><strong>Christo</strong></span> <span class='ocrx_word' id='word_1_288' title='bbox 1496 3079 1625 3136; x_wconf 79' lang='lat' dir='ltr'><strong>Iesu</strong></span> <span class='ocrx_word' id='word_1_289' title='bbox 1649 3095 1748 3136; x_wconf 90' lang='lat' dir='ltr'><strong>vos</strong></span> <span class='ocrx_word' id='word_1_290' title='bbox 1785 3083 1877 3151; x_wconf 91' lang='lat' dir='ltr'><strong>qui</strong></span> 
     </span>
    </p>
   </div>
   <div class='ocr_carea' id='block_1_48' title="bbox 296 3161 1950 3258">
    <p class='ocr_par' dir='ltr' id='par_1_48' title="bbox 296 3161 1950 3258">
     <span class='ocr_line' id='line_1_48' title="bbox 296 3161 1950 3258; baseline 0.007 -44"><span class='ocrx_word' id='word_1_291' title='bbox 296 3161 466 3215; x_wconf 89' lang='lat' dir='ltr'><strong>cratis</strong></span> <span class='ocrx_word' id='word_1_292' title='bbox 488 3162 669 3233; x_wconf 73' lang='lat' dir='ltr'><strong>longe,</strong></span> <span class='ocrx_word' id='word_1_293' title='bbox 698 3163 834 3218; x_wconf 83' lang='lat' dir='ltr'><strong>facti</strong></span> <span class='ocrx_word' id='word_1_294' title='bbox 863 3167 1001 3223; x_wconf 88' lang='lat' dir='ltr'><strong>estis</strong></span> <span class='ocrx_word' id='word_1_295' title='bbox 1036 3182 1209 3237; x_wconf 89' lang='lat' dir='ltr'><strong>prope</strong></span> <span class='ocrx_word' id='word_1_296' title='bbox 1239 3168 1293 3222; x_wconf 92' lang='lat' dir='ltr'><strong>in</strong></span> <span class='ocrx_word' id='word_1_297' title='bbox 1320 3170 1589 3239; x_wconf 86' lang='lat' dir='ltr'><strong>sanguine</strong></span> <span class='ocrx_word' id='word_1_298' title='bbox 1609 3171 1833 3226; x_wconf 89' lang='lat' dir='ltr'><strong>Christi.</strong></span> <span class='ocrx_word' id='word_1_299' title='bbox 1855 3192 1873 3224; x_wconf 73' lang='grc' dir='ltr'>ι</span> <span class='ocrx_word' id='word_1_300' title='bbox 1907 3199 1950 3258; x_wconf 78' lang='lat' dir='ltr'><strong><em>C</em></strong></span> 
     </span>
    </p>
   </div>
   <div class='ocr_carea' id='block_1_49' title="bbox 375 3245 1878 3327">
    <p class='ocr_par' dir='ltr' id='par_1_49' title="bbox 375 3245 1878 3327">
     <span class='ocr_line' id='line_1_49' title="bbox 375 3245 1878 3327; baseline 0.008 -25"><span class='ocrx_word' id='word_1_301' title='bbox 375 3245 559 3318; x_wconf 83' lang='lat' dir='ltr'><strong>Longe</strong></span> <span class='ocrx_word' id='word_1_302' title='bbox 587 3264 810 3307; x_wconf 90' lang='lat' dir='ltr'><strong>eramus</strong></span> <span class='ocrx_word' id='word_1_303' title='bbox 848 3267 876 3304; x_wconf 89' lang='lat' dir='ltr'><strong>a</strong></span> <span class='ocrx_word' id='word_1_304' title='bbox 898 3252 1143 3319; x_wconf 90' lang='lat' dir='ltr'><strong>Christo,</strong></span> <span class='ocrx_word' id='word_1_305' title='bbox 1179 3255 1373 3311; x_wconf 90' lang='lat' dir='ltr'><strong>mundi</strong></span> <span class='ocrx_word' id='word_1_306' title='bbox 1411 3256 1576 3327; x_wconf 83' lang='lat' dir='ltr'><strong>hujus</strong></span> <span class='ocrx_word' id='word_1_307' title='bbox 1608 3259 1878 3316; x_wconf 90' lang='lat' dir='ltr'><strong>institutis</strong></span> 
     </span>
    </p>
   </div>
   <div class='ocr_carea' id='block_1_50' title="bbox 296 3341 1878 3422">
    <p class='ocr_par' dir='ltr' id='par_1_50' title="bbox 296 3341 1878 3422">
     <span class='ocr_line' id='line_1_50' title="bbox 296 3341 1878 3422; baseline 0.008 -28"><span class='ocrx_word' id='word_1_308' title='bbox 296 3349 353 3394; x_wconf 87' lang='lat' dir='ltr'><strong>et</strong></span> <span class='ocrx_word' id='word_1_309' title='bbox 413 3341 662 3397; x_wconf 90' lang='lat' dir='ltr'><strong>moribus</strong></span> <span class='ocrx_word' id='word_1_310' title='bbox 696 3345 960 3412; x_wconf 90' lang='lat' dir='ltr'><strong>separati.</strong></span> <span class='ocrx_word' id='word_1_311' title='bbox 989 3343 1198 3402; x_wconf 88' lang='lat' dir='ltr'><strong>Horum</strong></span> <span class='ocrx_word' id='word_1_312' title='bbox 1260 3349 1614 3407; x_wconf 88' lang='lat' dir='ltr'><strong>abolitionem</strong></span> <span class='ocrx_word' id='word_1_313' title='bbox 1635 3354 1878 3422; x_wconf 81' lang='lat' dir='ltr'><strong>patravit</strong></span> 
     </span>
    </p>
   </div>
   <div class='ocr_carea' id='block_1_51' title="bbox 298 3427 1883 3512">
    <p class='ocr_par' dir='ltr' id='par_1_51' title="bbox 298 3427 1883 3512">
     <span class='ocr_line' id='line_1_51' title="bbox 298 3427 1883 3512; baseline 0.01 -31"><span class='ocrx_word' id='word_1_314' title='bbox 298 3442 450 3483; x_wconf 86' lang='lat' dir='ltr'><strong>mors</strong></span> <span class='ocrx_word' id='word_1_315' title='bbox 482 3427 709 3494; x_wconf 90' lang='lat' dir='ltr'><strong>Christi,</strong></span> <span class='ocrx_word' id='word_1_316' title='bbox 731 3439 786 3485; x_wconf 89' lang='lat' dir='ltr'><strong>et</strong></span> <span class='ocrx_word' id='word_1_317' title='bbox 821 3432 916 3502; x_wconf 90' lang='lat' dir='ltr'><strong>qui</strong></span> <span class='ocrx_word' id='word_1_318' title='bbox 950 3433 1080 3489; x_wconf 90' lang='lat' dir='ltr'><strong>huic</strong></span> <span class='ocrx_word' id='word_1_319' title='bbox 1107 3433 1552 3505; x_wconf 87' lang='lat' dir='ltr'><strong>conformantur,</strong></span> <span class='ocrx_word' id='word_1_320' title='bbox 1580 3455 1690 3494; x_wconf 93' lang='lat' dir='ltr'><strong>non</strong></span> <span class='ocrx_word' id='word_1_321' title='bbox 1721 3441 1883 3512; x_wconf 75' lang='lat' dir='ltr'><strong>longe</strong></span> 
     </span>
    </p>
   </div>
   <div class='ocr_carea' id='block_1_52' title="bbox 298 3518 1879 3602">
    <p class='ocr_par' dir='ltr' id='par_1_52' title="bbox 298 3518 1879 3602">
     <span class='ocr_line' id='line_1_52' title="bbox 298 3518 1879 3602; baseline 0.011 -32"><span class='ocrx_word' id='word_1_322' title='bbox 298 3518 536 3589; x_wconf 88' lang='lat' dir='ltr'><strong>amplius</strong></span> <span class='ocrx_word' id='word_1_323' title='bbox 558 3528 688 3576; x_wconf 87' lang='lat' dir='ltr'><strong>sunt</strong></span> <span class='ocrx_word' id='word_1_324' title='bbox 715 3536 744 3575; x_wconf 91' lang='lat' dir='ltr'><strong>a</strong></span> <span class='ocrx_word' id='word_1_325' title='bbox 765 3521 899 3589; x_wconf 87' lang='lat' dir='ltr'><strong>Deo,</strong></span> <span class='ocrx_word' id='word_1_326' title='bbox 923 3525 1019 3580; x_wconf 90' lang='lat' dir='ltr'><strong>sed</strong></span> <span class='ocrx_word' id='word_1_327' title='bbox 1043 3527 1279 3594; x_wconf 83' lang='lat' dir='ltr'><strong>proximi</strong></span> <span class='ocrx_word' id='word_1_328' title='bbox 1305 3527 1446 3582; x_wconf 91' lang='lat' dir='ltr'><strong>ﬁunt</strong></span> <span class='ocrx_word' id='word_1_329' title='bbox 1464 3545 1561 3600; x_wconf 92' lang='lat' dir='ltr'><strong>per</strong></span> <span class='ocrx_word' id='word_1_330' title='bbox 1579 3529 1879 3602; x_wconf 87' lang='lat' dir='ltr'><strong>Spiritum;</strong></span> 
     </span>
    </p>
   </div>
   <div class='ocr_carea' id='block_1_53' title="bbox 298 3611 1881 3694">
    <p class='ocr_par' dir='ltr' id='par_1_53' title="bbox 298 3611 1881 3694">
     <span class='ocr_line' id='line_1_53' title="bbox 298 3611 1881 3694; baseline 0.011 -30"><span class='ocrx_word' id='word_1_331' title='bbox 298 3611 498 3667; x_wconf 80' lang='lat' dir='ltr'><strong>conﬁxi</strong></span> <span class='ocrx_word' id='word_1_332' title='bbox 530 3613 790 3670; x_wconf 88' lang='lat' dir='ltr'><strong>nimirum</strong></span> <span class='ocrx_word' id='word_1_333' title='bbox 821 3617 975 3674; x_wconf 88' lang='lat' dir='ltr'><strong>cruci</strong></span> <span class='ocrx_word' id='word_1_334' title='bbox 1002 3633 1127 3674; x_wconf 89' lang='lat' dir='ltr'><strong>cum</strong></span> <span class='ocrx_word' id='word_1_335' title='bbox 1151 3618 1378 3676; x_wconf 89' lang='lat' dir='ltr'><strong>Christo</strong></span> <span class='ocrx_word' id='word_1_336' title='bbox 1395 3621 1463 3688; x_wconf 72' lang='lat'><strong>“,</strong></span> <span class='ocrx_word' id='word_1_337' title='bbox 1497 3632 1557 3677; x_wconf 90' lang='lat' dir='ltr'><strong>ut</strong></span> <span class='ocrx_word' id='word_1_338' title='bbox 1586 3623 1881 3694; x_wconf 83' lang='lat' dir='ltr'><strong>Apostolus</strong></span> 
     </span>
    </p>
   </div>
   <div class='ocr_carea' id='block_1_54' title="bbox 300 3705 737 3777">
    <p class='ocr_par' dir='ltr' id='par_1_54' title="bbox 300 3705 737 3777">
     <span class='ocr_line' id='line_1_54' title="bbox 300 3705 737 3777; baseline 0.007 -18"><span class='ocrx_word' id='word_1_339' title='bbox 300 3706 442 3760; x_wconf 89' lang='lat' dir='ltr'><strong>idem</strong></span> <span class='ocrx_word' id='word_1_340' title='bbox 475 3705 737 3777; x_wconf 88' lang='lat' dir='ltr'><strong>loquitur.</strong></span> 
     </span>
    </p>
   </div>
   <div class='ocr_carea' id='block_1_55' title="bbox 370 3797 1881 3879">
    <p class='ocr_par' dir='ltr' id='par_1_55' title="bbox 370 3797 1881 3879">
     <span class='ocr_line' id='line_1_55' title="bbox 370 3797 1881 3879; baseline 0.008 -28"><span class='ocrx_word' id='word_1_341' title='bbox 370 3797 538 3854; x_wconf 79' lang='lat' dir='ltr'><strong>Vens.</strong></span> <span class='ocrx_word' id='word_1_342' title='bbox 597 3800 686 3864; x_wconf 76' lang='lat' dir='ltr'><strong>M,</strong></span> <span class='ocrx_word' id='word_1_343' title='bbox 713 3800 802 3856; x_wconf 79' lang='grc'><strong>15.</strong></span> <span class='ocrx_word' id='word_1_344' title='bbox 855 3819 873 3852; x_wconf 78' lang='grc' dir='ltr'><strong>ι</strong></span> <span class='ocrx_word' id='word_1_345' title='bbox 905 3801 1026 3872; x_wconf 90' lang='lat' dir='ltr'><strong>Ipse</strong></span> <span class='ocrx_word' id='word_1_346' title='bbox 1059 3803 1208 3859; x_wconf 89' lang='lat' dir='ltr'><strong>enim</strong></span> <span class='ocrx_word' id='word_1_347' title='bbox 1260 3812 1346 3861; x_wconf 88' lang='lat' dir='ltr'><strong>est</strong></span> <span class='ocrx_word' id='word_1_348' title='bbox 1399 3821 1506 3876; x_wconf 79' lang='lat' dir='ltr'><strong>pax</strong></span> <span class='ocrx_word' id='word_1_349' title='bbox 1539 3816 1754 3874; x_wconf 88' lang='lat' dir='ltr'><strong>nostra,</strong></span> <span class='ocrx_word' id='word_1_350' title='bbox 1786 3809 1881 3879; x_wconf 90' lang='lat' dir='ltr'><strong>qui</strong></span> 
     </span>
    </p>
   </div>
   <div class='ocr_carea' id='block_1_56' title="bbox 297 3888 1881 3968">
    <p class='ocr_par' dir='ltr' id='par_1_56' title="bbox 297 3888 1881 3968">
     <span class='ocr_line' id='line_1_56' title="bbox 297 3888 1881 3968; baseline 0.008 -24"><span class='ocrx_word' id='word_1_351' title='bbox 297 3888 430 3944; x_wconf 82' lang='lat' dir='ltr'><strong>fecit</strong></span> <span class='ocrx_word' id='word_1_352' title='bbox 461 3899 695 3960; x_wconf 91' lang='lat' dir='ltr'><strong>utraque</strong></span> <span class='ocrx_word' id='word_1_353' title='bbox 733 3908 924 3955; x_wconf 90' lang='lat' dir='ltr'><strong>unum,</strong></span> <span class='ocrx_word' id='word_1_354' title='bbox 952 3899 1008 3948; x_wconf 91' lang='lat' dir='ltr'><strong>et</strong></span> <span class='ocrx_word' id='word_1_355' title='bbox 1040 3895 1282 3950; x_wconf 91' lang='lat' dir='ltr'><strong>medium</strong></span> <span class='ocrx_word' id='word_1_356' title='bbox 1319 3899 1586 3968; x_wconf 89' lang='lat' dir='ltr'><strong>parietem</strong></span> <span class='ocrx_word' id='word_1_357' title='bbox 1620 3903 1881 3957; x_wconf 79' lang='lat' dir='ltr'><strong>maceriae</strong></span> 
     </span>
    </p>
   </div>
   <div class='ocr_carea' id='block_1_57' title="bbox 299 3975 1881 4060">
    <p class='ocr_par' dir='ltr' id='par_1_57' title="bbox 299 3975 1881 4060">
     <span class='ocr_line' id='line_1_57' title="bbox 299 3975 1881 4060; baseline 0.011 -30"><span class='ocrx_word' id='word_1_358' title='bbox 299 3975 632 4045; x_wconf 85' lang='lat' dir='ltr'><strong>dissolvens,</strong></span> <span class='ocrx_word' id='word_1_359' title='bbox 663 3978 986 4037; x_wconf 88' lang='lat' dir='ltr'><strong>inimicitias</strong></span> <span class='ocrx_word' id='word_1_360' title='bbox 1015 3983 1069 4037; x_wconf 92' lang='lat' dir='ltr'><strong>in</strong></span> <span class='ocrx_word' id='word_1_361' title='bbox 1101 4000 1272 4042; x_wconf 91' lang='lat' dir='ltr'><strong>carne</strong></span> <span class='ocrx_word' id='word_1_362' title='bbox 1303 4002 1427 4052; x_wconf 90' lang='lat' dir='ltr'><strong>sua,</strong></span> <span class='ocrx_word' id='word_1_363' title='bbox 1462 3988 1632 4060; x_wconf 63' lang='lat' dir='ltr'><strong>legem</strong></span> <span class='ocrx_word' id='word_1_364' title='bbox 1654 3992 1881 4047; x_wconf 87' lang='lat' dir='ltr'><strong>manda-</strong></span> 
     </span>
    </p>
   </div>
   <div class='ocr_carea' id='block_1_58' title="bbox 303 4069 1883 4142">
    <p class='ocr_par' dir='ltr' id='par_1_58' title="bbox 303 4069 1883 4142">
     <span class='ocr_line' id='line_1_58' title="bbox 303 4069 1883 4142; baseline 0.013 -22"><span class='ocrx_word' id='word_1_365' title='bbox 303 4075 481 4121; x_wconf 88' lang='lat' dir='ltr'><strong>torum</strong></span> <span class='ocrx_word' id='word_1_366' title='bbox 516 4069 568 4123; x_wconf 91' lang='lat' dir='ltr'><strong>in</strong></span> <span class='ocrx_word' id='word_1_367' title='bbox 600 4070 844 4128; x_wconf 90' lang='lat' dir='ltr'><strong>decretis</strong></span> <span class='ocrx_word' id='word_1_368' title='bbox 881 4089 1181 4142; x_wconf 88' lang='lat' dir='ltr'><strong>evacuans,</strong></span> <span class='ocrx_word' id='word_1_369' title='bbox 1220 4086 1280 4133; x_wconf 92' lang='lat' dir='ltr'><strong>ut</strong></span> <span class='ocrx_word' id='word_1_370' title='bbox 1311 4078 1452 4136; x_wconf 91' lang='lat' dir='ltr'><strong>duos</strong></span> <span class='ocrx_word' id='word_1_371' title='bbox 1481 4079 1687 4136; x_wconf 90' lang='lat' dir='ltr'><strong>condat</strong></span> <span class='ocrx_word' id='word_1_372' title='bbox 1714 4081 1770 4138; x_wconf 93' lang='lat' dir='ltr'><strong>in</strong></span> <span class='ocrx_word' id='word_1_373' title='bbox 1795 4099 1883 4140; x_wconf 83' lang='lat' dir='ltr'><strong>se-</strong></span> 
     </span>
    </p>
   </div>
   <div class='ocr_carea' id='block_1_59' title="bbox 301 4162 616 4230">
    <p class='ocr_par' dir='ltr' id='par_1_59' title="bbox 301 4162 616 4230">
     <span class='ocr_line' id='line_1_59' title="bbox 301 4162 616 4230; baseline 0.01 -18"><span class='ocrx_word' id='word_1_374' title='bbox 301 4162 556 4230; x_wconf 85' lang='lat' dir='ltr'><strong>metipso.</strong></span> <span class='ocrx_word' id='word_1_375' title='bbox 597 4182 616 4215; x_wconf 74' lang='grc' dir='ltr'><strong>ι</strong></span> 
     </span>
    </p>
   </div>
   <div class='ocr_carea' id='block_1_60' title="bbox 376 4251 1879 4340">
    <p class='ocr_par' dir='ltr' id='par_1_60' title="bbox 376 4251 1879 4340">
     <span class='ocr_line' id='line_1_60' title="bbox 376 4251 1879 4340; baseline 0.014 -36"><span class='ocrx_word' id='word_1_376' title='bbox 376 4251 432 4307; x_wconf 87' lang='lat' dir='ltr'><strong>Id</strong></span> <span class='ocrx_word' id='word_1_377' title='bbox 472 4255 621 4325; x_wconf 90' lang='lat' dir='ltr'><strong>quod</strong></span> <span class='ocrx_word' id='word_1_378' title='bbox 651 4259 968 4328; x_wconf 86' lang='lat' dir='ltr'><strong>separabat,</strong></span> <span class='ocrx_word' id='word_1_379' title='bbox 994 4262 1274 4318; x_wconf 88' lang='lat' dir='ltr'><strong>sublatum</strong></span> <span class='ocrx_word' id='word_1_380' title='bbox 1308 4273 1394 4323; x_wconf 87' lang='lat' dir='ltr'><strong>est</strong></span> <span class='ocrx_word' id='word_1_381' title='bbox 1419 4282 1450 4324; x_wconf 91' lang='lat' dir='ltr'><strong>e</strong></span> <span class='ocrx_word' id='word_1_382' title='bbox 1477 4270 1660 4326; x_wconf 89' lang='lat' dir='ltr'><strong>medio</strong></span> <span class='ocrx_word' id='word_1_383' title='bbox 1691 4288 1706 4324; x_wconf 90' lang='lat'><strong>:</strong></span> <span class='ocrx_word' id='word_1_384' title='bbox 1731 4271 1879 4340; x_wconf 84' lang='lat' dir='ltr'><strong>quod</strong></span> 
     </span>
    </p>
   </div>
   <div class='ocr_carea' id='block_1_61' title="bbox 298 4345 1881 4427">
    <p class='ocr_par' dir='ltr' id='par_1_61' title="bbox 298 4345 1881 4427">
     <span class='ocr_line' id='line_1_61' title="bbox 298 4345 1881 4427; baseline 0.011 -29"><span class='ocrx_word' id='word_1_385' title='bbox 298 4345 522 4417; x_wconf 89' lang='lat' dir='ltr'><strong>quidem</strong></span> <span class='ocrx_word' id='word_1_386' title='bbox 551 4357 637 4404; x_wconf 91' lang='lat' dir='ltr'><strong>est</strong></span> <span class='ocrx_word' id='word_1_387' title='bbox 667 4365 798 4406; x_wconf 89' lang='lat' dir='ltr'><strong>caro</strong></span> <span class='ocrx_word' id='word_1_388' title='bbox 828 4353 948 4422; x_wconf 89' lang='lat' dir='ltr'><strong>ipsa</strong></span> <span class='ocrx_word' id='word_1_389' title='bbox 980 4365 1207 4426; x_wconf 86' lang='lat' dir='ltr'><strong>prOpter</strong></span> <span class='ocrx_word' id='word_1_390' title='bbox 1236 4370 1522 4427; x_wconf 88' lang='lat' dir='ltr'><strong>peccatum</strong></span> <span class='ocrx_word' id='word_1_391' title='bbox 1558 4365 1614 4416; x_wconf 90' lang='lat' dir='ltr'><strong>in</strong></span> <span class='ocrx_word' id='word_1_392' title='bbox 1643 4377 1710 4416; x_wconf 84' lang='lat' dir='ltr'><strong>ea</strong></span> <span class='ocrx_word' id='word_1_393' title='bbox 1737 4363 1881 4418; x_wconf 87' lang='lat' dir='ltr'><strong>resi-</strong></span> 
     </span>
    </p>
   </div>
   <div class='ocr_carea' id='block_1_62' title="bbox 299 4439 1879 4524">
    <p class='ocr_par' dir='ltr' id='par_1_62' title="bbox 299 4439 1879 4524">
     <span class='ocr_line' id='line_1_62' title="bbox 299 4439 1879 4524; baseline 0.011 -33"><span class='ocrx_word' id='word_1_394' title='bbox 299 4439 482 4495; x_wconf 85' lang='lat' dir='ltr'><strong>dens:</strong></span> <span class='ocrx_word' id='word_1_395' title='bbox 517 4443 716 4514; x_wconf 89' lang='lat' dir='ltr'><strong>quippe</strong></span> <span class='ocrx_word' id='word_1_396' title='bbox 782 4461 906 4516; x_wconf 58' lang='lat' dir='ltr'><strong>quae</strong></span> <span class='ocrx_word' id='word_1_397' title='bbox 963 4447 1019 4502; x_wconf 91' lang='lat' dir='ltr'><strong>in</strong></span> <span class='ocrx_word' id='word_1_398' title='bbox 1051 4457 1227 4504; x_wconf 91' lang='lat' dir='ltr'><strong>totum</strong></span> <span class='ocrx_word' id='word_1_399' title='bbox 1288 4453 1560 4508; x_wconf 90' lang='lat' dir='ltr'><strong>alienaret</strong></span> <span class='ocrx_word' id='word_1_400' title='bbox 1599 4455 1727 4510; x_wconf 91' lang='lat' dir='ltr'><strong>illos</strong></span> <span class='ocrx_word' id='word_1_401' title='bbox 1784 4455 1879 4524; x_wconf 91' lang='lat' dir='ltr'><strong>qui</strong></span> 
     </span>
    </p>
   </div>
   <div class='ocr_carea' id='block_1_63' title="bbox 1984 1968 3569 2043">
    <p class='ocr_par' dir='ltr' id='par_1_63' title="bbox 1984 1968 3569 2043">
     <span class='ocr_line' id='line_1_63' title="bbox 1984 1968 3569 2043; baseline 0.003 -21"><span class='ocrx_word' id='word_1_402' title='bbox 1984 1968 2042 2022; x_wconf 82' lang='grc' dir='ltr'>δὲ</span> <span class='ocrx_word' id='word_1_403' title='bbox 2075 1968 2316 2039; x_wconf 82' lang='grc' dir='ltr'>σαρκικὰ</span> <span class='ocrx_word' id='word_1_404' title='bbox 2359 1970 2461 2022; x_wconf 80' lang='grc' dir='ltr'><strong>οὐκ</strong></span> <span class='ocrx_word' id='word_1_405' title='bbox 2505 1969 2678 2033; x_wconf 75' lang='grc' dir='ltr'>ὖντως</span> <span class='ocrx_word' id='word_1_406' title='bbox 2709 1969 2838 2024; x_wconf 73' lang='grc' dir='ltr'>ὄντα</span> <span class='ocrx_word' id='word_1_407' title='bbox 2869 1971 3008 2024; x_wconf 88' lang='grc' dir='ltr'>ἐστί.</span> <span class='ocrx_word' id='word_1_408' title='bbox 3041 1972 3137 2025; x_wconf 73' lang='grc' dir='ltr'><strong>Διὸ</strong></span> <span class='ocrx_word' id='word_1_409' title='bbox 3164 1975 3459 2043; x_wconf 70' lang='grc' dir='ltr'>λεγόμενα</span> <span class='ocrx_word' id='word_1_410' title='bbox 3488 1968 3569 2027; x_wconf 83' lang='grc' dir='ltr'><strong>εἳ-</strong></span> 
     </span>
    </p>
   </div>
   <div class='ocr_carea' id='block_1_64' title="bbox 1985 2058 3572 2137">
    <p class='ocr_par' dir='ltr' id='par_1_64' title="bbox 1985 2058 3572 2137">
     <span class='ocr_line' id='line_1_64' title="bbox 1985 2058 3572 2137; baseline 0.004 -23"><span class='ocrx_word' id='word_1_411' title='bbox 1985 2077 2087 2114; x_wconf 89' lang='grc' dir='ltr'><strong>πεν</strong></span> <span class='ocrx_word' id='word_1_412' title='bbox 2115 2061 2276 2115; x_wconf 80' lang='grc' dir='ltr'>αὑτά.</span> <span class='ocrx_word' id='word_1_413' title='bbox 2329 2058 2454 2114; x_wconf 76' lang='grc' dir='ltr'>Οῑδε</span> <span class='ocrx_word' id='word_1_414' title='bbox 2509 2060 2618 2132; x_wconf 84' lang='grc' dir='ltr'><strong>γὰρ</strong></span> <span class='ocrx_word' id='word_1_415' title='bbox 2649 2060 2748 2132; x_wconf 84' lang='grc' dir='ltr'>τὴν</span> <span class='ocrx_word' id='word_1_416' title='bbox 2776 2062 2953 2134; x_wconf 81' lang='grc' dir='ltr'>ἀληθῆ</span> <span class='ocrx_word' id='word_1_417' title='bbox 3005 2065 3330 2136; x_wconf 81' lang='grc' dir='ltr'>περιτομὴν,</span> <span class='ocrx_word' id='word_1_418' title='bbox 3381 2065 3480 2137; x_wconf 79' lang='grc' dir='ltr'>τὴν</span> <span class='ocrx_word' id='word_1_419' title='bbox 3512 2068 3572 2120; x_wconf 84' lang='grc' dir='ltr'><strong>ἐν</strong></span> 
     </span>
    </p>
   </div>
   <div class='ocr_carea' id='block_1_65' title="bbox 1983 2151 3570 2228">
    <p class='ocr_par' dir='ltr' id='par_1_65' title="bbox 1983 2151 3570 2228">
     <span class='ocr_line' id='line_1_65' title="bbox 1983 2151 3570 2228; baseline 0.003 -22"><span class='ocrx_word' id='word_1_420' title='bbox 1983 2153 2186 2224; x_wconf 74' lang='grc' dir='ltr'>καρδίᾳ</span> <span class='ocrx_word' id='word_1_421' title='bbox 2208 2151 2552 2224; x_wconf 85' lang='grc' dir='ltr'>περιαίρεσιν</span> <span class='ocrx_word' id='word_1_422' title='bbox 2567 2153 2678 2206; x_wconf 84' lang='grc' dir='ltr'>τῶν</span> <span class='ocrx_word' id='word_1_423' title='bbox 2693 2155 3089 2225; x_wconf 75' lang='grc' dir='ltr'>ἐπιγινομένων</span> <span class='ocrx_word' id='word_1_424' title='bbox 3111 2159 3176 2227; x_wconf 86' lang='grc' dir='ltr'>τῇ</span> <span class='ocrx_word' id='word_1_425' title='bbox 3199 2157 3396 2228; x_wconf 71' lang='grc' dir='ltr'>καρδίᾳ</span> <span class='ocrx_word' id='word_1_426' title='bbox 3421 2158 3570 2226; x_wconf 81' lang='grc' dir='ltr'><strong>παρᾶ</strong></span> 
     </span>
    </p>
   </div>
   <div class='ocr_carea' id='block_1_66' title="bbox 1981 2243 3569 2319">
    <p class='ocr_par' dir='ltr' id='par_1_66' title="bbox 1981 2243 3569 2319">
     <span class='ocr_line' id='line_1_66' title="bbox 1981 2243 3569 2319; baseline 0.003 -23"><span class='ocrx_word' id='word_1_427' title='bbox 1981 2245 2081 2315; x_wconf 83' lang='grc' dir='ltr'><strong>τὴν</strong></span> <span class='ocrx_word' id='word_1_428' title='bbox 2121 2243 2360 2314; x_wconf 78' lang='grc' dir='ltr'>φυσικὴν</span> <span class='ocrx_word' id='word_1_429' title='bbox 2385 2244 2754 2316; x_wconf 86' lang='grc' dir='ltr'>κατασκευήν.</span> <span class='ocrx_word' id='word_1_430' title='bbox 2780 2246 2845 2297; x_wconf 81' lang='lat' dir='ltr'><strong>El</strong></span> <span class='ocrx_word' id='word_1_431' title='bbox 2867 2245 2924 2298; x_wconf 81' lang='grc' dir='ltr'><strong>δέ</strong></span> <span class='ocrx_word' id='word_1_432' title='bbox 2958 2245 3118 2300; x_wconf 88' lang='grc' dir='ltr'>τοῦτο</span> <span class='ocrx_word' id='word_1_433' title='bbox 3140 2264 3206 2299; x_wconf 89' lang='grc' dir='ltr'><strong>πε</strong></span> <span class='ocrx_word' id='word_1_434' title='bbox 3217 2248 3412 2319; x_wconf 80' lang='grc' dir='ltr'>ριτομή</span> <span class='ocrx_word' id='word_1_435' title='bbox 3435 2249 3569 2318; x_wconf 84' lang='grc' dir='ltr'>ἀλη-</span> 
     </span>
    </p>
   </div>
   <div class='ocr_carea' id='block_1_67' title="bbox 1985 2325 3568 2412">
    <p class='ocr_par' dir='ltr' id='par_1_67' title="bbox 1985 2325 3568 2412">
     <span class='ocr_line' id='line_1_67' title="bbox 1985 2325 3568 2412; baseline 0.003 -22"><span class='ocrx_word' id='word_1_436' title='bbox 1985 2337 2114 2407; x_wconf 83' lang='grc' dir='ltr'>θὴς,</span> <span class='ocrx_word' id='word_1_437' title='bbox 2149 2335 2488 2406; x_wconf 75' lang='grc' dir='ltr'>ἀκροϐυστία</span> <span class='ocrx_word' id='word_1_438' title='bbox 2516 2336 2726 2408; x_wconf 85' lang='grc' dir='ltr'>ἀληθής</span> <span class='ocrx_word' id='word_1_439' title='bbox 2773 2337 2986 2410; x_wconf 84' lang='grc' dir='ltr'>ἐστινή</span> <span class='ocrx_word' id='word_1_440' title='bbox 3032 2339 3135 2411; x_wconf 84' lang='grc' dir='ltr'>τῆς</span> <span class='ocrx_word' id='word_1_441' title='bbox 3169 2325 3400 2412; x_wconf 78' lang='grc' dir='ltr'>καρδίεις</span> <span class='ocrx_word' id='word_1_442' title='bbox 3428 2341 3568 2394; x_wconf 86' lang='grc' dir='ltr'>ἀκα-</span> 
     </span>
    </p>
   </div>
   <div class='ocr_carea' id='block_1_68' title="bbox 1984 2431 2206 2502">
    <p class='ocr_par' dir='ltr' id='par_1_68' title="bbox 1984 2431 2206 2502">
     <span class='ocr_line' id='line_1_68' title="bbox 1984 2431 2206 2502; baseline 0 -16"><span class='ocrx_word' id='word_1_443' title='bbox 1984 2431 2206 2502; x_wconf 85' lang='grc' dir='ltr'>θαρσία.</span> 
     </span>
    </p>
   </div>
   <div class='ocr_carea' id='block_1_69' title="bbox 2059 2611 3572 2684">
    <p class='ocr_par' dir='ltr' id='par_1_69' title="bbox 2059 2611 3572 2684">
     <span class='ocr_line' id='line_1_69' title="bbox 2059 2611 3572 2684; baseline -0.001 -19"><span class='ocrx_word' id='word_1_444' title='bbox 2059 2633 2078 2665; x_wconf 78' lang='grc' dir='ltr'><strong>ι</strong></span> <span class='ocrx_word' id='word_1_445' title='bbox 2117 2615 2231 2684; x_wconf 87' lang='grc' dir='ltr'><strong>Τῆς</strong></span> <span class='ocrx_word' id='word_1_446' title='bbox 2285 2615 2623 2682; x_wconf 77' lang='grc' dir='ltr'>ἐπαγγεΑίας</span> <span class='ocrx_word' id='word_1_447' title='bbox 2675 2611 2870 2666; x_wconf 87' lang='grc' dir='ltr'>ἐλπίδα</span> <span class='ocrx_word' id='word_1_448' title='bbox 2915 2611 2991 2683; x_wconf 79' lang='grc' dir='ltr'><strong>μή</strong></span> <span class='ocrx_word' id='word_1_449' title='bbox 3023 2611 3260 2683; x_wconf 80' lang='grc' dir='ltr'>ἔχοντες,</span> <span class='ocrx_word' id='word_1_450' title='bbox 3297 2617 3390 2665; x_wconf 67' lang='grc' dir='ltr'>καὶ</span> <span class='ocrx_word' id='word_1_451' title='bbox 3416 2613 3572 2665; x_wconf 79' lang='grc' dir='ltr'>ἄθεοι</span> 
     </span>
    </p>
   </div>
   <div class='ocr_carea' id='block_1_70' title="bbox 1981 2706 2431 2776">
    <p class='ocr_par' dir='ltr' id='par_1_70' title="bbox 1981 2706 2431 2776">
     <span class='ocr_line' id='line_1_70' title="bbox 1981 2706 2431 2776; baseline -0.004 -16"><span class='ocrx_word' id='word_1_452' title='bbox 1981 2708 2039 2760; x_wconf 87' lang='grc' dir='ltr'><strong>ἐν</strong></span> <span class='ocrx_word' id='word_1_453' title='bbox 2065 2706 2144 2776; x_wconf 89' lang='grc' dir='ltr'><strong>τῷ</strong></span> <span class='ocrx_word' id='word_1_454' title='bbox 2171 2707 2380 2776; x_wconf 81' lang='grc' dir='ltr'>κόσμῳ.</span> <span class='ocrx_word' id='word_1_455' title='bbox 2412 2725 2431 2758; x_wconf 72' lang='grc' dir='ltr'><strong>ι</strong></span> 
     </span>
    </p>
   </div>
   <div class='ocr_carea' id='block_1_71' title="bbox 2053 2793 3572 2868">
    <p class='ocr_par' dir='ltr' id='par_1_71' title="bbox 2053 2793 3572 2868">
     <span class='ocr_line' id='line_1_71' title="bbox 2053 2793 3572 2868; baseline -0.004 -17"><span class='ocrx_word' id='word_1_456' title='bbox 2053 2799 2315 2868; x_wconf 83' lang='grc' dir='ltr'>Διάφοροι</span> <span class='ocrx_word' id='word_1_457' title='bbox 2349 2798 2448 2867; x_wconf 81' lang='grc' dir='ltr'>μὲν</span> <span class='ocrx_word' id='word_1_458' title='bbox 2479 2799 2534 2850; x_wconf 88' lang='grc' dir='ltr'><strong>αί</strong></span> <span class='ocrx_word' id='word_1_459' title='bbox 2574 2795 2922 2865; x_wconf 77' lang='grc' dir='ltr'>ἐπαγγελίαι,</span> <span class='ocrx_word' id='word_1_460' title='bbox 2949 2795 3138 2866; x_wconf 81' lang='grc' dir='ltr'>ὥσπερ</span> <span class='ocrx_word' id='word_1_461' title='bbox 3171 2795 3265 2847; x_wconf 75' lang='grc' dir='ltr'><strong>καὶ</strong></span> <span class='ocrx_word' id='word_1_462' title='bbox 3300 2797 3356 2848; x_wconf 76' lang='grc' dir='ltr'>αἱ</span> <span class='ocrx_word' id='word_1_463' title='bbox 3383 2793 3572 2864; x_wconf 85' lang='grc' dir='ltr'>διαθῆ-</span> 
     </span>
    </p>
   </div>
   <div class='ocr_carea' id='block_1_72' title="bbox 1982 2885 3570 2961">
    <p class='ocr_par' dir='ltr' id='par_1_72' title="bbox 1982 2885 3570 2961">
     <span class='ocr_line' id='line_1_72' title="bbox 1982 2885 3570 2961; baseline -0.003 -17"><span class='ocrx_word' id='word_1_464' title='bbox 1982 2907 2094 2944; x_wconf 89' lang='grc' dir='ltr'>και.</span> <span class='ocrx_word' id='word_1_465' title='bbox 2126 2891 2273 2944; x_wconf 89' lang='grc' dir='ltr'>Μίαν</span> <span class='ocrx_word' id='word_1_466' title='bbox 2302 2890 2358 2943; x_wconf 83' lang='grc' dir='ltr'>δὲ</span> <span class='ocrx_word' id='word_1_467' title='bbox 2408 2890 2582 2961; x_wconf 81' lang='grc' dir='ltr'>αὐτὴν</span> <span class='ocrx_word' id='word_1_468' title='bbox 2629 2885 2751 2942; x_wconf 78' lang='grc' dir='ltr'>εἷπε</span> <span class='ocrx_word' id='word_1_469' title='bbox 2774 2929 2790 2954; x_wconf 96' lang='grc'><strong>,</strong></span> <span class='ocrx_word' id='word_1_470' title='bbox 2825 2888 2962 2943; x_wconf 83' lang='grc' dir='ltr'>καθὸ</span> <span class='ocrx_word' id='word_1_471' title='bbox 2994 2887 3205 2951; x_wconf 82' lang='grc' dir='ltr'>πάντας</span> <span class='ocrx_word' id='word_1_472' title='bbox 3234 2889 3314 2950; x_wconf 84' lang='grc' dir='ltr'><strong>είς</strong></span> <span class='ocrx_word' id='word_1_473' title='bbox 3353 2887 3411 2939; x_wconf 81' lang='grc' dir='ltr'>ἓν</span> <span class='ocrx_word' id='word_1_474' title='bbox 3443 2888 3570 2956; x_wconf 81' lang='grc' dir='ltr'>ἄγει</span> 
     </span>
    </p>
   </div>
   <div class='ocr_carea' id='block_1_73' title="bbox 1982 2981 2238 3052">
    <p class='ocr_par' dir='ltr' id='par_1_73' title="bbox 1982 2981 2238 3052">
     <span class='ocr_line' id='line_1_73' title="bbox 1982 2981 2238 3052; baseline 0 -18"><span class='ocrx_word' id='word_1_475' title='bbox 1982 2981 2238 3052; x_wconf 85' lang='grc' dir='ltr'>Χριστός.</span> 
     </span>
    </p>
   </div>
   <div class='ocr_carea' id='block_1_74' title="bbox 2059 3069 3568 3142">
    <p class='ocr_par' dir='ltr' id='par_1_74' title="bbox 2059 3069 3568 3142">
     <span class='ocr_line' id='line_1_74' title="bbox 2059 3069 3568 3142; baseline -0.001 -18"><span class='ocrx_word' id='word_1_476' title='bbox 2059 3091 2077 3124; x_wconf 79' lang='grc' dir='ltr'>ι</span> <span class='ocrx_word' id='word_1_477' title='bbox 2116 3072 2254 3126; x_wconf 78' lang='grc' dir='ltr'>Νυνὶ</span> <span class='ocrx_word' id='word_1_478' title='bbox 2280 3073 2336 3125; x_wconf 87' lang='grc' dir='ltr'><strong>ἐν</strong></span> <span class='ocrx_word' id='word_1_479' title='bbox 2367 3071 2589 3142; x_wconf 86' lang='grc' dir='ltr'>Χριστῷ</span> <span class='ocrx_word' id='word_1_480' title='bbox 2641 3071 2815 3141; x_wconf 85' lang='grc' dir='ltr'>Ἰησοῦ</span> <span class='ocrx_word' id='word_1_481' title='bbox 2843 3072 3004 3141; x_wconf 83' lang='grc' dir='ltr'>ὑμεῖς</span> <span class='ocrx_word' id='word_1_482' title='bbox 3037 3070 3090 3123; x_wconf 79' lang='grc' dir='ltr'>οἵ</span> <span class='ocrx_word' id='word_1_483' title='bbox 3119 3087 3248 3123; x_wconf 87' lang='grc' dir='ltr'>ποτε</span> <span class='ocrx_word' id='word_1_484' title='bbox 3276 3069 3427 3132; x_wconf 80' lang='grc' dir='ltr'>ὄντες</span> <span class='ocrx_word' id='word_1_485' title='bbox 3459 3085 3568 3138; x_wconf 83' lang='grc' dir='ltr'>μα-</span> 
     </span>
    </p>
   </div>
   <div class='ocr_carea' id='block_1_75' title="bbox 1984 3160 3563 3236">
    <p class='ocr_par' dir='ltr' id='par_1_75' title="bbox 1984 3160 3563 3236">
     <span class='ocr_line' id='line_1_75' title="bbox 1984 3160 3563 3236; baseline -0.004 -18"><span class='ocrx_word' id='word_1_486' title='bbox 1984 3165 2147 3236; x_wconf 85' lang='grc' dir='ltr'>κρὰν,</span> <span class='ocrx_word' id='word_1_487' title='bbox 2182 3166 2349 3233; x_wconf 85' lang='grc' dir='ltr'>ἐγγὺς</span> <span class='ocrx_word' id='word_1_488' title='bbox 2374 3162 2674 3233; x_wconf 77' lang='grc' dir='ltr'>ἐγενήθητε</span> <span class='ocrx_word' id='word_1_489' title='bbox 2711 3165 2769 3217; x_wconf 85' lang='grc' dir='ltr'><strong>ἐν</strong></span> <span class='ocrx_word' id='word_1_490' title='bbox 2791 3162 2869 3234; x_wconf 85' lang='grc' dir='ltr'><strong>τῷ</strong></span> <span class='ocrx_word' id='word_1_491' title='bbox 2903 3163 3096 3232; x_wconf 78' lang='grc' dir='ltr'>αἵματι</span> <span class='ocrx_word' id='word_1_492' title='bbox 3121 3161 3215 3214; x_wconf 91' lang='grc' dir='ltr'><strong>τοῦ</strong></span> <span class='ocrx_word' id='word_1_493' title='bbox 3245 3160 3504 3232; x_wconf 81' lang='grc' dir='ltr'>Χριστοῦ.</span> <span class='ocrx_word' id='word_1_494' title='bbox 3544 3179 3563 3212; x_wconf 75' lang='grc' dir='ltr'><strong>ι</strong></span> 
     </span>
    </p>
   </div>
   <div class='ocr_carea' id='block_1_76' title="bbox 2053 3245 3571 3327">
    <p class='ocr_par' dir='ltr' id='par_1_76' title="bbox 2053 3245 3571 3327">
     <span class='ocr_line' id='line_1_76' title="bbox 2053 3245 3571 3327; baseline -0.005 -16"><span class='ocrx_word' id='word_1_495' title='bbox 2053 3257 2290 3326; x_wconf 82' lang='grc' dir='ltr'>Μακράν</span> <span class='ocrx_word' id='word_1_496' title='bbox 2329 3252 2473 3327; x_wconf 80' lang='grc' dir='ltr'>ἦμεν</span> <span class='ocrx_word' id='word_1_497' title='bbox 2495 3245 2631 3309; x_wconf 87' lang='grc' dir='ltr'>Θεοῦ</span> <span class='ocrx_word' id='word_1_498' title='bbox 2661 3257 2728 3326; x_wconf 83' lang='grc' dir='ltr'>τῇ</span> <span class='ocrx_word' id='word_1_499' title='bbox 2751 3256 2876 3326; x_wconf 79' lang='grc' dir='ltr'><strong>ζωῇ</strong></span> <span class='ocrx_word' id='word_1_500' title='bbox 2914 3257 2978 3326; x_wconf 77' lang='grc' dir='ltr'>τῇ</span> <span class='ocrx_word' id='word_1_501' title='bbox 3006 3255 3244 3324; x_wconf 79' lang='grc' dir='ltr'>κοσμικῇ</span> <span class='ocrx_word' id='word_1_502' title='bbox 3281 3253 3571 3322; x_wconf 83' lang='grc' dir='ltr'>διωρισμέ-</span> 
     </span>
    </p>
   </div>
   <div class='ocr_carea' id='block_1_77' title="bbox 1983 3345 3568 3422">
    <p class='ocr_par' dir='ltr' id='par_1_77' title="bbox 1983 3345 3568 3422">
     <span class='ocr_line' id='line_1_77' title="bbox 1983 3345 3568 3422; baseline -0.005 -17"><span class='ocrx_word' id='word_1_503' title='bbox 1983 3369 2084 3408; x_wconf 91' lang='grc' dir='ltr'>νοι.</span> <span class='ocrx_word' id='word_1_504' title='bbox 2118 3350 2334 3422; x_wconf 84' lang='grc' dir='ltr'>Ταύτης</span> <span class='ocrx_word' id='word_1_505' title='bbox 2365 3351 2422 3404; x_wconf 85' lang='grc' dir='ltr'>δὲ</span> <span class='ocrx_word' id='word_1_506' title='bbox 2449 3350 2605 3403; x_wconf 89' lang='grc' dir='ltr'>λύσιν</span> <span class='ocrx_word' id='word_1_507' title='bbox 2638 3349 2937 3420; x_wconf 80' lang='grc' dir='ltr'>εἰργάσατο</span> <span class='ocrx_word' id='word_1_508' title='bbox 2961 3349 2990 3400; x_wconf 82' lang='grc' dir='ltr'>ὁ</span> <span class='ocrx_word' id='word_1_509' title='bbox 3028 3347 3256 3409; x_wconf 82' lang='grc' dir='ltr'>θάνατος</span> <span class='ocrx_word' id='word_1_510' title='bbox 3296 3345 3391 3399; x_wconf 91' lang='grc' dir='ltr'><strong>τοῦ</strong></span> <span class='ocrx_word' id='word_1_511' title='bbox 3430 3346 3568 3416; x_wconf 88' lang='grc' dir='ltr'>Χρι-</span> 
     </span>
    </p>
   </div>
   <div class='ocr_carea' id='block_1_78' title="bbox 1987 3423 3570 3513">
    <p class='ocr_par' dir='ltr' id='par_1_78' title="bbox 1987 3423 3570 3513">
     <span class='ocr_line' id='line_1_78' title="bbox 1987 3423 3570 3513; baseline -0.006 -17"><span class='ocrx_word' id='word_1_512' title='bbox 1987 3443 2139 3509; x_wconf 87' lang='grc' dir='ltr'>στοῦ,</span> <span class='ocrx_word' id='word_1_513' title='bbox 2171 3442 2266 3496; x_wconf 72' lang='grc' dir='ltr'>καὶ</span> <span class='ocrx_word' id='word_1_514' title='bbox 2288 3444 2336 3496; x_wconf 87' lang='grc' dir='ltr'><strong>οί</strong></span> <span class='ocrx_word' id='word_1_515' title='bbox 2365 3441 2540 3512; x_wconf 85' lang='grc' dir='ltr'>τούτῳ</span> <span class='ocrx_word' id='word_1_516' title='bbox 2587 3423 3096 3513; x_wconf 75' lang='grc' dir='ltr'>συμμορφόύμενοι,</span> <span class='ocrx_word' id='word_1_517' title='bbox 3126 3438 3309 3492; x_wconf 77' lang='grc' dir='ltr'>οὐκέτι</span> <span class='ocrx_word' id='word_1_518' title='bbox 3350 3438 3570 3508; x_wconf 75' lang='grc' dir='ltr'>μακράν</span> 
     </span>
    </p>
   </div>
   <div class='ocr_carea' id='block_1_79' title="bbox 1984 3527 3568 3600">
    <p class='ocr_par' dir='ltr' id='par_1_79' title="bbox 1984 3527 3568 3600">
     <span class='ocr_line' id='line_1_79' title="bbox 1984 3527 3568 3600; baseline -0.003 -16"><span class='ocrx_word' id='word_1_519' title='bbox 1984 3534 2089 3584; x_wconf 79' lang='grc' dir='ltr'>εἰσι</span> <span class='ocrx_word' id='word_1_520' title='bbox 2124 3530 2282 3596; x_wconf 84' lang='grc' dir='ltr'>Θεοῦ,</span> <span class='ocrx_word' id='word_1_521' title='bbox 2316 3531 2433 3584; x_wconf 84' lang='grc' dir='ltr'>ἀλλ’</span> <span class='ocrx_word' id='word_1_522' title='bbox 2463 3530 2760 3600; x_wconf 62' lang='grc' dir='ltr'>ἐγγύτητα</span> <span class='ocrx_word' id='word_1_523' title='bbox 2811 3528 3150 3600; x_wconf 80' lang='grc' dir='ltr'>λαμϐάνουσι</span> <span class='ocrx_word' id='word_1_524' title='bbox 3193 3529 3289 3600; x_wconf 86' lang='grc' dir='ltr'>τὴν</span> <span class='ocrx_word' id='word_1_525' title='bbox 3316 3529 3374 3582; x_wconf 86' lang='grc' dir='ltr'><strong>ἐν</strong></span> <span class='ocrx_word' id='word_1_526' title='bbox 3404 3527 3568 3581; x_wconf 78' lang='grc' dir='ltr'>πνεό-</span> 
     </span>
    </p>
   </div>
   <div class='ocr_carea' id='block_1_80' title="bbox 1988 3621 3565 3696">
    <p class='ocr_par' dir='ltr' id='par_1_80' title="bbox 1988 3621 3565 3696">
     <span class='ocr_line' id='line_1_80' title="bbox 1988 3621 3565 3696; baseline -0.002 -17"><span class='ocrx_word' id='word_1_527' title='bbox 1988 3643 2137 3696; x_wconf 85' lang='grc' dir='ltr'>ματι,</span> <span class='ocrx_word' id='word_1_528' title='bbox 2164 3624 2632 3696; x_wconf 85' lang='grc' dir='ltr'>συσταυρούμενοι</span> <span class='ocrx_word' id='word_1_529' title='bbox 2656 3623 2899 3695; x_wconf 85' lang='grc' dir='ltr'>Χριστῷ,</span> <span class='ocrx_word' id='word_1_530' title='bbox 2929 3623 3072 3677; x_wconf 80' lang='grc' dir='ltr'>κατὰ</span> <span class='ocrx_word' id='word_1_531' title='bbox 3093 3622 3184 3676; x_wconf 79' lang='grc' dir='ltr'>τὸν</span> <span class='ocrx_word' id='word_1_532' title='bbox 3217 3621 3565 3676; x_wconf 82' lang='grc' dir='ltr'>Ἀπόστολον.</span> 
     </span>
    </p>
   </div>
   <div class='ocr_carea' id='block_1_81' title="bbox 2061 3802 3570 3875">
    <p class='ocr_par' dir='ltr' id='par_1_81' title="bbox 2061 3802 3570 3875">
     <span class='ocr_line' id='line_1_81' title="bbox 2061 3802 3570 3875; baseline 0.001 -19"><span class='ocrx_word' id='word_1_533' title='bbox 2061 3821 2082 3855; x_wconf 77' lang='grc' dir='ltr'><strong>ι</strong></span> <span class='ocrx_word' id='word_1_534' title='bbox 2123 3802 2297 3866; x_wconf 78' lang='grc' dir='ltr'>Αὐτὸς</span> <span class='ocrx_word' id='word_1_535' title='bbox 2327 3802 2438 3872; x_wconf 84' lang='grc' dir='ltr'>γάρ</span> <span class='ocrx_word' id='word_1_536' title='bbox 2486 3803 2635 3855; x_wconf 87' lang='grc' dir='ltr'>ἐστιν</span> <span class='ocrx_word' id='word_1_537' title='bbox 2662 3803 2696 3872; x_wconf 88' lang='grc' dir='ltr'><strong>ή</strong></span> <span class='ocrx_word' id='word_1_538' title='bbox 2731 3802 2922 3874; x_wconf 76' lang='grc' dir='ltr'>εἰρήνη</span> <span class='ocrx_word' id='word_1_539' title='bbox 2953 3802 3134 3874; x_wconf 85' lang='grc' dir='ltr'>ἡμῶν,</span> <span class='ocrx_word' id='word_1_540' title='bbox 3184 3804 3213 3856; x_wconf 85' lang='grc' dir='ltr'>ὁ</span> <span class='ocrx_word' id='word_1_541' title='bbox 3240 3803 3473 3875; x_wconf 79' lang='grc' dir='ltr'>ποιήσας</span> <span class='ocrx_word' id='word_1_542' title='bbox 3498 3803 3570 3861; x_wconf 78' lang='grc' dir='ltr'>τὰ</span> 
     </span>
    </p>
   </div>
   <div class='ocr_carea' id='block_1_82' title="bbox 1985 3893 3566 3968">
    <p class='ocr_par' dir='ltr' id='par_1_82' title="bbox 1985 3893 3566 3968">
     <span class='ocr_line' id='line_1_82' title="bbox 1985 3893 3566 3968; baseline -0.001 -18"><span class='ocrx_word' id='word_1_543' title='bbox 1985 3897 2275 3968; x_wconf 80' lang='grc' dir='ltr'>ἀμφότερα</span> <span class='ocrx_word' id='word_1_544' title='bbox 2305 3895 2384 3960; x_wconf 83' lang='grc' dir='ltr'>ἓν,</span> <span class='ocrx_word' id='word_1_545' title='bbox 2420 3893 2517 3946; x_wconf 76' lang='grc' dir='ltr'>καὶ</span> <span class='ocrx_word' id='word_1_546' title='bbox 2551 3893 2614 3946; x_wconf 85' lang='grc' dir='ltr'><strong>τὸ</strong></span> <span class='ocrx_word' id='word_1_547' title='bbox 2640 3894 2956 3965; x_wconf 83' lang='grc' dir='ltr'>μεσότοιχον</span> <span class='ocrx_word' id='word_1_548' title='bbox 2977 3894 3068 3947; x_wconf 88' lang='grc' dir='ltr'><strong>τοῦ</strong></span> <span class='ocrx_word' id='word_1_549' title='bbox 3098 3893 3356 3966; x_wconf 79' lang='grc' dir='ltr'>φραγμοῦ</span> <span class='ocrx_word' id='word_1_550' title='bbox 3377 3895 3566 3959; x_wconf 86' lang='grc' dir='ltr'>λύσας,</span> 
     </span>
    </p>
   </div>
   <div class='ocr_carea' id='block_1_83' title="bbox 1988 3982 3570 4060">
    <p class='ocr_par' dir='ltr' id='par_1_83' title="bbox 1988 3982 3570 4060">
     <span class='ocr_line' id='line_1_83' title="bbox 1988 3982 3570 4060; baseline -0.003 -18"><span class='ocrx_word' id='word_1_551' title='bbox 1988 3990 2089 4060; x_wconf 84' lang='grc' dir='ltr'>τὴν</span> <span class='ocrx_word' id='word_1_552' title='bbox 2115 3987 2313 4058; x_wconf 73' lang='grc' dir='ltr'>ἔχθραν</span> <span class='ocrx_word' id='word_1_553' title='bbox 2349 3988 2408 4039; x_wconf 88' lang='grc' dir='ltr'>ὲν</span> <span class='ocrx_word' id='word_1_554' title='bbox 2436 3989 2503 4056; x_wconf 84' lang='grc' dir='ltr'>τῇ</span> <span class='ocrx_word' id='word_1_555' title='bbox 2539 3985 2704 4056; x_wconf 79' lang='grc' dir='ltr'>σαρκὶ</span> <span class='ocrx_word' id='word_1_556' title='bbox 2746 3982 2933 4050; x_wconf 85' lang='grc' dir='ltr'>αὑτοῦ,</span> <span class='ocrx_word' id='word_1_557' title='bbox 2968 3983 3059 4038; x_wconf 81' lang='grc' dir='ltr'><strong>τὸν</strong></span> <span class='ocrx_word' id='word_1_558' title='bbox 3088 3985 3253 4054; x_wconf 88' lang='grc' dir='ltr'>νόμον</span> <span class='ocrx_word' id='word_1_559' title='bbox 3278 3984 3387 4038; x_wconf 84' lang='grc' dir='ltr'><strong>τῶν</strong></span> <span class='ocrx_word' id='word_1_560' title='bbox 3417 3986 3570 4038; x_wconf 81' lang='grc' dir='ltr'>ἐντο-</span> 
     </span>
    </p>
   </div>
   <div class='ocr_carea' id='block_1_84' title="bbox 1983 4075 3570 4150">
    <p class='ocr_par' dir='ltr' id='par_1_84' title="bbox 1983 4075 3570 4150">
     <span class='ocr_line' id='line_1_84' title="bbox 1983 4075 3570 4150; baseline -0.003 -17"><span class='ocrx_word' id='word_1_561' title='bbox 1983 4081 2092 4135; x_wconf 87' lang='grc' dir='ltr'><strong>λῶν</strong></span> <span class='ocrx_word' id='word_1_562' title='bbox 2125 4081 2183 4134; x_wconf 85' lang='grc' dir='ltr'><strong>ἐν</strong></span> <span class='ocrx_word' id='word_1_563' title='bbox 2207 4079 2442 4150; x_wconf 87' lang='grc' dir='ltr'>δόγμασι</span> <span class='ocrx_word' id='word_1_564' title='bbox 2470 4077 2850 4149; x_wconf 88' lang='grc' dir='ltr'>καταργήσας,</span> <span class='ocrx_word' id='word_1_565' title='bbox 2902 4077 2991 4130; x_wconf 79' lang='grc' dir='ltr'>ἵνα</span> <span class='ocrx_word' id='word_1_566' title='bbox 3042 4078 3169 4140; x_wconf 80' lang='grc' dir='ltr'>τοὺς</span> <span class='ocrx_word' id='word_1_567' title='bbox 3195 4075 3288 4129; x_wconf 88' lang='grc' dir='ltr'><strong>δύο</strong></span> <span class='ocrx_word' id='word_1_568' title='bbox 3321 4076 3479 4147; x_wconf 78' lang='grc' dir='ltr'>κτίσῃ</span> <span class='ocrx_word' id='word_1_569' title='bbox 3511 4077 3570 4128; x_wconf 81' lang='grc' dir='ltr'><strong>ἐν</strong></span> 
     </span>
    </p>
   </div>
   <div class='ocr_carea' id='block_1_85' title="bbox 1985 4171 3509 4254">
    <p class='ocr_par' dir='ltr' id='par_1_85' title="bbox 1985 4171 3509 4254">
     <span class='ocr_line' id='line_1_85' title="bbox 1985 4171 3509 4254; baseline 0.004 -28"><span class='ocrx_word' id='word_1_570' title='bbox 1985 4171 2184 4243; x_wconf 84' lang='grc' dir='ltr'>ἐαυτῷ.</span> <span class='ocrx_word' id='word_1_571' title='bbox 2217 4189 2236 4222; x_wconf 71' lang='grc' dir='ltr'><strong>ι</strong></span> <span class='ocrx_word' id='word_1_572' title='bbox 3169 4243 3186 4254; x_wconf 42' lang='grc'>,</span> <span class='ocrx_word' id='word_1_573' title='bbox 3505 4195 3509 4198; x_wconf 74' lang='grc'><em>’</em></span> 
     </span>
    </p>
   </div>
   <div class='ocr_carea' id='block_1_86' title="bbox 2054 4258 3568 4334">
    <p class='ocr_par' dir='ltr' id='par_1_86' title="bbox 2054 4258 3568 4334">
     <span class='ocr_line' id='line_1_86' title="bbox 2054 4258 3568 4334; baseline -0.003 -18"><span class='ocrx_word' id='word_1_574' title='bbox 2054 4265 2128 4318; x_wconf 88' lang='grc' dir='ltr'><strong>Τὸ</strong></span> <span class='ocrx_word' id='word_1_575' title='bbox 2181 4262 2416 4334; x_wconf 81' lang='grc' dir='ltr'>διορίζον</span> <span class='ocrx_word' id='word_1_576' title='bbox 2450 4260 2712 4329; x_wconf 74' lang='grc' dir='ltr'>ἐξέκοψεν</span> <span class='ocrx_word' id='word_1_577' title='bbox 2765 4262 2831 4314; x_wconf 88' lang='grc' dir='ltr'><strong>ἐκ</strong></span> <span class='ocrx_word' id='word_1_578' title='bbox 2869 4260 3060 4332; x_wconf 85' lang='grc' dir='ltr'>μέσου,</span> <span class='ocrx_word' id='word_1_579' title='bbox 3115 4260 3253 4330; x_wconf 84' lang='grc' dir='ltr'>ὅπερ</span> <span class='ocrx_word' id='word_1_580' title='bbox 3277 4259 3396 4312; x_wconf 69' lang='grc' dir='ltr'>ἐστὶ</span> <span class='ocrx_word' id='word_1_581' title='bbox 3429 4258 3568 4329; x_wconf 76' lang='grc' dir='ltr'>σὰρξ</span> 
     </span>
    </p>
   </div>
   <div class='ocr_carea' id='block_1_87' title="bbox 1983 4351 3570 4427">
    <p class='ocr_par' dir='ltr' id='par_1_87' title="bbox 1983 4351 3570 4427">
     <span class='ocr_line' id='line_1_87' title="bbox 1983 4351 3570 4427; baseline -0.004 -17"><span class='ocrx_word' id='word_1_582' title='bbox 1983 4358 2072 4412; x_wconf 80' lang='grc' dir='ltr'>διὰ</span> <span class='ocrx_word' id='word_1_583' title='bbox 2095 4358 2195 4427; x_wconf 88' lang='grc' dir='ltr'>τὴν</span> <span class='ocrx_word' id='word_1_584' title='bbox 2224 4357 2283 4410; x_wconf 91' lang='grc' dir='ltr'><strong>ἐν</strong></span> <span class='ocrx_word' id='word_1_585' title='bbox 2314 4357 2452 4426; x_wconf 77' lang='grc' dir='ltr'>αὐτῇ</span> <span class='ocrx_word' id='word_1_586' title='bbox 2476 4355 2774 4427; x_wconf 87' lang='grc' dir='ltr'>ἁμαρτίαν,</span> <span class='ocrx_word' id='word_1_587' title='bbox 2805 4355 2981 4425; x_wconf 85' lang='grc' dir='ltr'>πάντη</span> <span class='ocrx_word' id='word_1_588' title='bbox 3012 4354 3110 4423; x_wconf 85' lang='grc' dir='ltr'>μὲν</span> <span class='ocrx_word' id='word_1_589' title='bbox 3131 4351 3570 4423; x_wconf 84' lang='grc' dir='ltr'>ἀπαλλοτριοῦσα</span> 
     </span>
    </p>
   </div>
   <div class='ocr_carea' id='block_1_88' title="bbox 1983 4443 3569 4515">
    <p class='ocr_par' dir='ltr' id='par_1_88' title="bbox 1983 4443 3569 4515">
     <span class='ocr_line' id='line_1_88' title="bbox 1983 4443 3569 4515; baseline -0.002 -17"><span class='ocrx_word' id='word_1_590' title='bbox 1983 4447 2111 4512; x_wconf 83' lang='grc' dir='ltr'>τοὺς</span> <span class='ocrx_word' id='word_1_591' title='bbox 2145 4444 2266 4498; x_wconf 87' lang='grc' dir='ltr'>οὺδέ</span> <span class='ocrx_word' id='word_1_592' title='bbox 2299 4445 2467 4514; x_wconf 83' lang='grc' dir='ltr'>νόμου</span> <span class='ocrx_word' id='word_1_593' title='bbox 2522 4443 2925 4515; x_wconf 79' lang='grc' dir='ltr'>χωριζομένους</span> <span class='ocrx_word' id='word_1_594' title='bbox 2979 4443 3088 4496; x_wconf 80' lang='grc' dir='ltr'><strong>ἀπὸ</strong></span> <span class='ocrx_word' id='word_1_595' title='bbox 3146 4443 3245 4512; x_wconf 86' lang='grc' dir='ltr'>τῆς</span> <span class='ocrx_word' id='word_1_596' title='bbox 3299 4444 3569 4515; x_wconf 80' lang='grc' dir='ltr'>σαρκικῆς</span> 
     </span>
    </p>
   </div>
   <div class='ocr_carea' id='block_1_89' title="bbox 297 4533 1881 4611">
    <p class='ocr_par' dir='ltr' id='par_1_89' title="bbox 297 4533 1881 4611">
     <span class='ocr_line' id='line_1_89' title="bbox 297 4533 1881 4611; baseline 0.011 -26"><span class='ocrx_word' id='word_1_597' title='bbox 297 4533 593 4603; x_wconf 89' lang='lat' dir='ltr'><strong>ncquidem</strong></span> <span class='ocrx_word' id='word_1_598' title='bbox 633 4535 770 4606; x_wconf 82' lang='lat' dir='ltr'><strong>legis</strong></span> <span class='ocrx_word' id='word_1_599' title='bbox 807 4553 912 4608; x_wconf 92' lang='lat' dir='ltr'><strong>ope</strong></span> <span class='ocrx_word' id='word_1_600' title='bbox 950 4553 978 4592; x_wconf 91' lang='lat' dir='ltr'><strong>a</strong></span> <span class='ocrx_word' id='word_1_601' title='bbox 1006 4543 1253 4611; x_wconf 89' lang='lat' dir='ltr'><strong>nequitia</strong></span> <span class='ocrx_word' id='word_1_602' title='bbox 1282 4545 1491 4598; x_wconf 90' lang='lat' dir='ltr'><strong>carnali</strong></span> <span class='ocrx_word' id='word_1_603' title='bbox 1515 4546 1881 4601; x_wconf 65' lang='lat' dir='ltr'><strong>secernebat:-</strong></span> 
     </span>
    </p>
   </div>
   <div class='ocr_carea' id='block_1_90' title="bbox 2002 4533 3570 4611">
    <p class='ocr_par' dir='ltr' id='par_1_90' title="bbox 2002 4536 3570 4608">
     <span class='ocr_line' id='line_1_90' title="bbox 2002 4536 3570 4608; baseline -0.001 -17"><span class='ocrx_word' id='word_1_604' title='bbox 2002 4538 2205 4601; x_wconf 80' lang='grc' dir='ltr'>ιακίας,</span> <span class='ocrx_word' id='word_1_605' title='bbox 2231 4537 2292 4590; x_wconf 81' lang='grc' dir='ltr'><strong>οὐ</strong></span> <span class='ocrx_word' id='word_1_606' title='bbox 2330 4537 2438 4608; x_wconf 84' lang='grc' dir='ltr'><strong>μὴν</strong></span> <span class='ocrx_word' id='word_1_607' title='bbox 2461 4536 2582 4590; x_wconf 82' lang='grc' dir='ltr'><strong>οὐδέ</strong></span> <span class='ocrx_word' id='word_1_608' title='bbox 2610 4538 2736 4600; x_wconf 79' lang='grc' dir='ltr'>τοὺς</span> <span class='ocrx_word' id='word_1_609' title='bbox 2763 4536 2868 4590; x_wconf 81' lang='grc' dir='ltr'><strong>ὑπὸ</strong></span> <span class='ocrx_word' id='word_1_610' title='bbox 2899 4536 3063 4605; x_wconf 80' lang='grc' dir='ltr'>νόμον</span> <span class='ocrx_word' id='word_1_611' title='bbox 3101 4536 3264 4598; x_wconf 73' lang='grc' dir='ltr'>ὄντας</span> <span class='ocrx_word' id='word_1_612' title='bbox 3290 4537 3570 4607; x_wconf 76' lang='grc' dir='ltr'>καθαροὺς</span> 
     </span>
    </p>
   </div>
   <div class='ocr_carea' id='block_1_91' title="bbox 299 4627 1885 4708">
    <p class='ocr_par' dir='ltr' id='par_1_91' title="bbox 299 4627 1885 4708">
     <span class='ocr_line' id='line_1_91' title="bbox 299 4627 1885 4708; baseline 0.01 -30"><span class='ocrx_word' id='word_1_613' title='bbox 299 4634 422 4693; x_wconf 82' lang='grc' dir='ltr'>ιιιι·;</span> <span class='ocrx_word' id='word_1_614' title='bbox 461 4627 592 4696; x_wconf 87' lang='lat' dir='ltr'><strong>quin</strong></span> <span class='ocrx_word' id='word_1_615' title='bbox 621 4644 723 4684; x_wconf 91' lang='lat' dir='ltr'><strong>nec</strong></span> <span class='ocrx_word' id='word_1_616' title='bbox 753 4646 850 4686; x_wconf 92' lang='lat' dir='ltr'><strong>eos</strong></span> <span class='ocrx_word' id='word_1_617' title='bbox 879 4631 975 4702; x_wconf 90' lang='lat' dir='ltr'><strong>qui</strong></span> <span class='ocrx_word' id='word_1_618' title='bbox 1003 4633 1106 4688; x_wconf 92' lang='lat' dir='ltr'><strong>sub</strong></span> <span class='ocrx_word' id='word_1_619' title='bbox 1135 4635 1253 4704; x_wconf 76' lang='lat' dir='ltr'><strong>lege</strong></span> <span class='ocrx_word' id='word_1_620' title='bbox 1273 4636 1536 4705; x_wconf 77' lang='lat' dir='ltr'><strong>agebant,</strong></span> <span class='ocrx_word' id='word_1_621' title='bbox 1569 4653 1740 4708; x_wconf 86' lang='lat' dir='ltr'><strong>puros</strong></span> <span class='ocrx_word' id='word_1_622' title='bbox 1761 4639 1885 4694; x_wconf 88' lang='lat' dir='ltr'><strong>red-</strong></span> 
     </span>
    </p>
   </div>
   <div class='ocr_carea' id='block_1_92' title="bbox 298 4718 1886 4799">
    <p class='ocr_par' dir='ltr' id='par_1_92' title="bbox 298 4718 1886 4799">
     <span class='ocr_line' id='line_1_92' title="bbox 298 4718 1886 4799; baseline 0.01 -29"><span class='ocrx_word' id='word_1_623' title='bbox 298 4718 450 4773; x_wconf 87' lang='lat' dir='ltr'><strong>deret</strong></span> <span class='ocrx_word' id='word_1_624' title='bbox 471 4720 538 4774; x_wconf 89' lang='lat' dir='ltr'><strong>ab</strong></span> <span class='ocrx_word' id='word_1_625' title='bbox 556 4721 894 4778; x_wconf 88' lang='lat' dir='ltr'><strong>alienatione</strong></span> <span class='ocrx_word' id='word_1_626' title='bbox 911 4739 1076 4794; x_wconf 89' lang='lat' dir='ltr'><strong>quam</strong></span> <span class='ocrx_word' id='word_1_627' title='bbox 1099 4735 1388 4796; x_wconf 86' lang='lat' dir='ltr'><strong>peccatum</strong></span> <span class='ocrx_word' id='word_1_628' title='bbox 1413 4739 1718 4799; x_wconf 87' lang='lat' dir='ltr'><strong>pepererat.</strong></span> <span class='ocrx_word' id='word_1_629' title='bbox 1744 4731 1886 4798; x_wconf 89' lang='lat' dir='ltr'><strong>Quo-</strong></span> 
     </span>
    </p>
   </div>
   <div class='ocr_carea' id='block_1_93' title="bbox 299 4809 1884 4890">
    <p class='ocr_par' dir='ltr' id='par_1_93' title="bbox 299 4809 1884 4890">
     <span class='ocr_line' id='line_1_93' title="bbox 299 4809 1884 4890; baseline 0.009 -28"><span class='ocrx_word' id='word_1_630' title='bbox 299 4809 445 4864; x_wconf 84' lang='lat' dir='ltr'><strong>circa</strong></span> <span class='ocrx_word' id='word_1_631' title='bbox 475 4810 566 4865; x_wconf 92' lang='lat' dir='ltr'><strong>ille</strong></span> <span class='ocrx_word' id='word_1_632' title='bbox 594 4812 685 4881; x_wconf 91' lang='lat' dir='ltr'><strong>qui</strong></span> <span class='ocrx_word' id='word_1_633' title='bbox 719 4812 996 4869; x_wconf 84' lang='lat' dir='ltr'><strong>destruxit</strong></span> <span class='ocrx_word' id='word_1_634' title='bbox 1023 4827 1334 4886; x_wconf 87' lang='lat' dir='ltr'><strong>peccatum,</strong></span> <span class='ocrx_word' id='word_1_635' title='bbox 1365 4817 1515 4888; x_wconf 89' lang='lat' dir='ltr'><strong>quod</strong></span> <span class='ocrx_word' id='word_1_636' title='bbox 1536 4834 1634 4890; x_wconf 92' lang='lat' dir='ltr'><strong>per</strong></span> <span class='ocrx_word' id='word_1_637' title='bbox 1659 4835 1884 4879; x_wconf 87' lang='lat' dir='ltr'><strong>carnem</strong></span> 
     </span>
    </p>
   </div>
   <div class='ocr_carea' id='block_1_94' title="bbox 302 4899 1880 4982">
    <p class='ocr_par' dir='ltr' id='par_1_94' title="bbox 302 4899 1880 4982">
     <span class='ocr_line' id='line_1_94' title="bbox 302 4899 1880 4982; baseline 0.01 -29"><span class='ocrx_word' id='word_1_638' title='bbox 302 4899 602 4967; x_wconf 81' lang='lat' dir='ltr'><strong>prodierat,</strong></span> <span class='ocrx_word' id='word_1_639' title='bbox 655 4919 764 4958; x_wconf 89' lang='lat' dir='ltr'><strong>una</strong></span> <span class='ocrx_word' id='word_1_640' title='bbox 809 4919 1036 4974; x_wconf 85' lang='lat' dir='ltr'><strong>quoque</strong></span> <span class='ocrx_word' id='word_1_641' title='bbox 1073 4906 1249 4976; x_wconf 78' lang='lat' dir='ltr'><strong>legem</strong></span> <span class='ocrx_word' id='word_1_642' title='bbox 1302 4907 1357 4962; x_wconf 93' lang='lat' dir='ltr'><strong>in</strong></span> <span class='ocrx_word' id='word_1_643' title='bbox 1413 4923 1584 4964; x_wconf 88' lang='lat' dir='ltr'><strong>carne</strong></span> <span class='ocrx_word' id='word_1_644' title='bbox 1646 4913 1880 4982; x_wconf 85' lang='lat' dir='ltr'><strong>positam</strong></span> 
     </span>
    </p>
   </div>
   <div class='ocr_carea' id='block_1_95' title="bbox 301 4991 1878 5068">
    <p class='ocr_par' dir='ltr' id='par_1_95' title="bbox 301 4991 1878 5068">
     <span class='ocr_line' id='line_1_95' title="bbox 301 4991 1878 5068; baseline 0.009 -23"><span class='ocrx_word' id='word_1_645' title='bbox 301 4991 544 5045; x_wconf 83' lang='lat' dir='ltr'><strong>sustulit.</strong></span> <span class='ocrx_word' id='word_1_646' title='bbox 580 4991 687 5048; x_wconf 76' lang='lat' dir='ltr'><strong>Pro</strong></span> <span class='ocrx_word' id='word_1_647' title='bbox 728 4993 847 5063; x_wconf 79' lang='lat' dir='ltr'><strong>lege</strong></span> <span class='ocrx_word' id='word_1_648' title='bbox 884 5003 1072 5051; x_wconf 91' lang='lat' dir='ltr'><strong>autem</strong></span> <span class='ocrx_word' id='word_1_649' title='bbox 1129 4996 1415 5054; x_wconf 89' lang='lat' dir='ltr'><strong>decretum</strong></span> <span class='ocrx_word' id='word_1_650' title='bbox 1473 5001 1703 5068; x_wconf 82' lang='lat' dir='ltr'><strong>invexit,</strong></span> <span class='ocrx_word' id='word_1_651' title='bbox 1741 5004 1878 5059; x_wconf 82' lang='lat' dir='ltr'><strong>libe-</strong></span> 
     </span>
    </p>
   </div>
   <div class='ocr_carea' id='block_1_96' title="bbox 301 5083 1678 5153">
    <p class='ocr_par' dir='ltr' id='par_1_96' title="bbox 301 5083 1678 5153">
     <span class='ocr_line' id='line_1_96' title="bbox 301 5083 1678 5153; baseline 0.008 -17"><span class='ocrx_word' id='word_1_652' title='bbox 301 5098 416 5136; x_wconf 86' lang='lat' dir='ltr'><strong>ram</strong></span> <span class='ocrx_word' id='word_1_653' title='bbox 450 5083 640 5153; x_wconf 90' lang='lat' dir='ltr'><strong>utique</strong></span> <span class='ocrx_word' id='word_1_654' title='bbox 670 5086 842 5141; x_wconf 87' lang='lat' dir='ltr'><strong>animi</strong></span> <span class='ocrx_word' id='word_1_655' title='bbox 875 5088 1209 5144; x_wconf 86' lang='lat' dir='ltr'><strong>voluntatem</strong></span> <span class='ocrx_word' id='word_1_656' title='bbox 1242 5089 1354 5144; x_wconf 90' lang='lat' dir='ltr'><strong>Deo</strong></span> <span class='ocrx_word' id='word_1_657' title='bbox 1379 5093 1678 5149; x_wconf 86' lang='lat' dir='ltr'><strong>serviendi.</strong></span> 
     </span>
    </p>
   </div>
   <div class='ocr_carea' id='block_1_97' title="bbox 373 5171 1887 5253">
    <p class='ocr_par' dir='ltr' id='par_1_97' title="bbox 373 5171 1887 5253">
     <span class='ocr_line' id='line_1_97' title="bbox 373 5171 1887 5253; baseline 0.009 -26"><span class='ocrx_word' id='word_1_658' title='bbox 373 5171 531 5229; x_wconf 80' lang='lat' dir='ltr'><strong>Vers.</strong></span> <span class='ocrx_word' id='word_1_659' title='bbox 567 5172 652 5241; x_wconf 72' lang='lat'><strong>16,</strong></span> <span class='ocrx_word' id='word_1_660' title='bbox 706 5175 794 5230; x_wconf 81' lang='grc'><strong>17.</strong></span> <span class='ocrx_word' id='word_1_661' title='bbox 834 5196 854 5228; x_wconf 76' lang='grc' dir='ltr'><strong>ι</strong></span> <span class='ocrx_word' id='word_1_662' title='bbox 887 5177 947 5233; x_wconf 90' lang='lat' dir='ltr'><strong>In</strong></span> <span class='ocrx_word' id='word_1_663' title='bbox 982 5194 1153 5234; x_wconf 89' lang='lat' dir='ltr'><strong>unum</strong></span> <span class='ocrx_word' id='word_1_664' title='bbox 1205 5196 1405 5237; x_wconf 83' lang='lat' dir='ltr'><strong>novum</strong></span> <span class='ocrx_word' id='word_1_665' title='bbox 1443 5183 1746 5253; x_wconf 88' lang='lat' dir='ltr'><strong>hominem,</strong></span> <span class='ocrx_word' id='word_1_666' title='bbox 1806 5185 1887 5240; x_wconf 77' lang='lat' dir='ltr'><strong>fa-</strong></span> 
     </span>
    </p>
   </div>
   <div class='ocr_carea' id='block_1_98' title="bbox 301 5264 1886 5348">
    <p class='ocr_par' dir='ltr' id='par_1_98' title="bbox 301 5264 1886 5348">
     <span class='ocr_line' id='line_1_98' title="bbox 301 5264 1886 5348; baseline 0.011 -32"><span class='ocrx_word' id='word_1_667' title='bbox 301 5264 452 5320; x_wconf 84' lang='lat' dir='ltr'><strong>ciens</strong></span> <span class='ocrx_word' id='word_1_668' title='bbox 483 5279 696 5336; x_wconf 87' lang='lat' dir='ltr'><strong>pacem,</strong></span> <span class='ocrx_word' id='word_1_669' title='bbox 728 5275 785 5323; x_wconf 91' lang='lat' dir='ltr'><strong>et</strong></span> <span class='ocrx_word' id='word_1_670' title='bbox 811 5270 1136 5326; x_wconf 88' lang='lat' dir='ltr'><strong>reconciliet</strong></span> <span class='ocrx_word' id='word_1_671' title='bbox 1153 5273 1346 5331; x_wconf 87' lang='lat' dir='ltr'><strong>ambos</strong></span> <span class='ocrx_word' id='word_1_672' title='bbox 1390 5276 1444 5330; x_wconf 93' lang='lat' dir='ltr'><strong>in</strong></span> <span class='ocrx_word' id='word_1_673' title='bbox 1489 5292 1600 5333; x_wconf 93' lang='lat' dir='ltr'><strong>uno</strong></span> <span class='ocrx_word' id='word_1_674' title='bbox 1652 5292 1886 5348; x_wconf 87' lang='lat' dir='ltr'><strong>corpore</strong></span> 
     </span>
    </p>
   </div>
   <div class='ocr_carea' id='block_1_99' title="bbox 304 5354 1880 5428">
    <p class='ocr_par' dir='ltr' id='par_1_99' title="bbox 304 5354 1880 5428">
     <span class='ocr_line' id='line_1_99' title="bbox 304 5354 1880 5428; baseline 0.01 -20"><span class='ocrx_word' id='word_1_675' title='bbox 304 5354 414 5412; x_wconf 86' lang='lat' dir='ltr'><strong>Dco</strong></span> <span class='ocrx_word' id='word_1_676' title='bbox 440 5373 535 5428; x_wconf 86' lang='lat' dir='ltr'><strong>per</strong></span> <span class='ocrx_word' id='word_1_677' title='bbox 565 5374 808 5425; x_wconf 90' lang='lat' dir='ltr'><strong>crucem,</strong></span> <span class='ocrx_word' id='word_1_678' title='bbox 843 5362 1181 5420; x_wconf 88' lang='lat' dir='ltr'><strong>interﬁciens</strong></span> <span class='ocrx_word' id='word_1_679' title='bbox 1238 5366 1558 5425; x_wconf 89' lang='lat' dir='ltr'><strong>inimicitias</strong></span> <span class='ocrx_word' id='word_1_680' title='bbox 1591 5371 1644 5426; x_wconf 91' lang='lat' dir='ltr'><strong>in</strong></span> <span class='ocrx_word' id='word_1_681' title='bbox 1679 5379 1880 5427; x_wconf 84' lang='lat' dir='ltr'><strong>semet-</strong></span> 
     </span>
    </p>
   </div>
   <div class='ocr_carea' id='block_1_100' title="bbox 303 5447 1576 5532">
    <p class='ocr_par' dir='ltr' id='par_1_100' title="bbox 303 5447 1576 5532">
     <span class='ocr_line' id='line_1_100' title="bbox 303 5447 1576 5532; baseline 0.009 -32"><span class='ocrx_word' id='word_1_682' title='bbox 303 5447 423 5516; x_wconf 89' lang='lat' dir='ltr'><strong>ipso</strong></span> <span class='ocrx_word' id='word_1_683' title='bbox 455 5464 470 5502; x_wconf 89' lang='lat'><strong>:</strong></span> <span class='ocrx_word' id='word_1_684' title='bbox 507 5458 560 5503; x_wconf 92' lang='lat' dir='ltr'><strong>et</strong></span> <span class='ocrx_word' id='word_1_685' title='bbox 585 5451 811 5506; x_wconf 84' lang='lat' dir='ltr'><strong>veniens</strong></span> <span class='ocrx_word' id='word_1_686' title='bbox 847 5470 866 5504; x_wconf 78' lang='grc' dir='ltr'>ι</span> <span class='ocrx_word' id='word_1_687' title='bbox 1571 5528 1576 5532; x_wconf 12' lang='grc' dir='ltr'>ᾗ</span> 
     </span>
    </p>
   </div>
   <div class='ocr_carea' id='block_1_101' title="bbox 376 5537 1878 5616">
    <p class='ocr_par' dir='ltr' id='par_1_101' title="bbox 376 5537 1878 5616">
     <span class='ocr_line' id='line_1_101' title="bbox 376 5537 1878 5616; baseline 0.012 -26"><span class='ocrx_word' id='word_1_688' title='bbox 376 5537 556 5593; x_wconf 88' lang='lat' dir='ltr'><strong>Finita</strong></span> <span class='ocrx_word' id='word_1_689' title='bbox 615 5557 713 5610; x_wconf 90' lang='lat' dir='ltr'><strong>per</strong></span> <span class='ocrx_word' id='word_1_690' title='bbox 741 5556 960 5600; x_wconf 88' lang='lat' dir='ltr'><strong>crucem</strong></span> <span class='ocrx_word' id='word_1_691' title='bbox 991 5549 1247 5616; x_wconf 64' lang='lat' dir='ltr'><strong>praasenli</strong></span> <span class='ocrx_word' id='word_1_692' title='bbox 1279 5555 1412 5615; x_wconf 84' lang='lat' dir='ltr'><strong>vita,</strong></span> <span class='ocrx_word' id='word_1_693' title='bbox 1445 5559 1498 5605; x_wconf 86' lang='lat' dir='ltr'><strong>ct</strong></span> <span class='ocrx_word' id='word_1_694' title='bbox 1547 5551 1878 5608; x_wconf 88' lang='lat' dir='ltr'><strong>circumcisa</strong></span> 
     </span>
    </p>
   </div>
   <div class='ocr_carea' id='block_1_102' title="bbox 306 5635 1876 5717">
    <p class='ocr_par' dir='ltr' id='par_1_102' title="bbox 306 5635 1876 5717">
     <span class='ocr_line' id='line_1_102' title="bbox 306 5635 1876 5717; baseline 0.01 -32"><span class='ocrx_word' id='word_1_695' title='bbox 306 5645 490 5693; x_wconf 84' lang='lat' dir='ltr'><strong>carne,</strong></span> <span class='ocrx_word' id='word_1_696' title='bbox 523 5647 668 5688; x_wconf 90' lang='lat' dir='ltr'><strong>unus</strong></span> <span class='ocrx_word' id='word_1_697' title='bbox 700 5635 866 5692; x_wconf 92' lang='lat' dir='ltr'><strong>homo</strong></span> <span class='ocrx_word' id='word_1_698' title='bbox 917 5640 1251 5709; x_wconf 89' lang='lat' dir='ltr'><strong>ostenditur,</strong></span> <span class='ocrx_word' id='word_1_699' title='bbox 1298 5643 1552 5716; x_wconf 89' lang='lat' dir='ltr'><strong>quisquis</strong></span> <span class='ocrx_word' id='word_1_700' title='bbox 1583 5660 1680 5717; x_wconf 88' lang='lat' dir='ltr'><strong>per</strong></span> <span class='ocrx_word' id='word_1_701' title='bbox 1710 5647 1876 5702; x_wconf 86' lang='lat' dir='ltr'><strong>vitam</strong></span> 
     </span>
    </p>
   </div>
   <div class='ocr_carea' id='block_1_103' title="bbox 373 5802 882 5874">
    <p class='ocr_par' dir='ltr' id='par_1_103' title="bbox 373 5802 882 5874">
     <span class='ocr_line' id='line_1_103' title="bbox 373 5802 882 5874; baseline 0.012 -16"><span class='ocrx_word' id='word_1_702' title='bbox 373 5802 412 5835; x_wconf 79' lang='lat'>&quot;</span> <span class='ocrx_word' id='word_1_703' title='bbox 447 5802 626 5859; x_wconf 88' lang='lat' dir='ltr'><strong>Galat.</strong></span> <span class='ocrx_word' id='word_1_704' title='bbox 691 5822 752 5874; x_wconf 77' lang='lat' dir='ltr'><strong>tt,</strong></span> <span class='ocrx_word' id='word_1_705' title='bbox 796 5809 882 5864; x_wconf 78' lang='grc'><strong>15.</strong></span> 
     </span>
    </p>
   </div>
   <div class='ocr_carea' id='block_1_104' title="bbox 1983 4625 3570 4700">
    <p class='ocr_par' dir='ltr' id='par_1_104' title="bbox 1983 4625 3570 4700">
     <span class='ocr_line' id='line_1_104' title="bbox 1983 4625 3570 4700; baseline -0.003 -17"><span class='ocrx_word' id='word_1_706' title='bbox 1983 4630 2210 4696; x_wconf 86' lang='grc' dir='ltr'>ἀφιεῖσα</span> <span class='ocrx_word' id='word_1_707' title='bbox 2247 4628 2348 4700; x_wconf 84' lang='grc' dir='ltr'>τῆς</span> <span class='ocrx_word' id='word_1_708' title='bbox 2391 4627 2460 4681; x_wconf 89' lang='grc' dir='ltr'><strong>δι’</strong></span> <span class='ocrx_word' id='word_1_709' title='bbox 2513 4627 2687 4699; x_wconf 80' lang='grc' dir='ltr'>αὐτὴν</span> <span class='ocrx_word' id='word_1_710' title='bbox 2744 4626 3174 4698; x_wconf 85' lang='grc' dir='ltr'>ἀλλοτριώσεως.</span> <span class='ocrx_word' id='word_1_711' title='bbox 3223 4626 3387 4680; x_wconf 85' lang='grc' dir='ltr'>Ὅθεν</span> <span class='ocrx_word' id='word_1_712' title='bbox 3414 4625 3443 4678; x_wconf 85' lang='grc' dir='ltr'>ὁ</span> <span class='ocrx_word' id='word_1_713' title='bbox 3471 4627 3570 4699; x_wconf 77' lang='grc' dir='ltr'>τὴν</span> 
     </span>
    </p>
   </div>
   <div class='ocr_carea' id='block_1_105' title="bbox 1981 4719 3570 4792">
    <p class='ocr_par' dir='ltr' id='par_1_105' title="bbox 1981 4719 3570 4792">
     <span class='ocr_line' id='line_1_105' title="bbox 1981 4719 3570 4792; baseline -0.003 -16"><span class='ocrx_word' id='word_1_714' title='bbox 1981 4721 2264 4792; x_wconf 83' lang='grc' dir='ltr'>ἁμαρτίαν</span> <span class='ocrx_word' id='word_1_715' title='bbox 2310 4719 2455 4774; x_wconf 89' lang='grc' dir='ltr'>λύων</span> <span class='ocrx_word' id='word_1_716' title='bbox 2496 4720 2598 4791; x_wconf 84' lang='grc' dir='ltr'><strong>τὴν</strong></span> <span class='ocrx_word' id='word_1_717' title='bbox 2643 4721 2732 4775; x_wconf 79' lang='grc' dir='ltr'><strong>διὰ</strong></span> <span class='ocrx_word' id='word_1_718' title='bbox 2763 4720 2985 4790; x_wconf 81' lang='grc' dir='ltr'>σαρκὸς,</span> <span class='ocrx_word' id='word_1_719' title='bbox 3018 4719 3135 4790; x_wconf 74' lang='grc' dir='ltr'>ἅμα</span> <span class='ocrx_word' id='word_1_720' title='bbox 3163 4720 3258 4773; x_wconf 77' lang='grc' dir='ltr'><strong>καὶ</strong></span> <span class='ocrx_word' id='word_1_721' title='bbox 3286 4719 3377 4773; x_wconf 75' lang='grc' dir='ltr'><strong>τὸν</strong></span> <span class='ocrx_word' id='word_1_722' title='bbox 3404 4719 3570 4790; x_wconf 86' lang='grc' dir='ltr'>νόμον</span> 
     </span>
    </p>
   </div>
   <div class='ocr_carea' id='block_1_106' title="bbox 1982 4811 3571 4885">
    <p class='ocr_par' dir='ltr' id='par_1_106' title="bbox 1982 4811 3571 4885">
     <span class='ocr_line' id='line_1_106' title="bbox 1982 4811 3571 4885; baseline -0.003 -18"><span class='ocrx_word' id='word_1_723' title='bbox 1982 4814 2225 4885; x_wconf 85' lang='grc' dir='ltr'>περιεῖλε</span> <span class='ocrx_word' id='word_1_724' title='bbox 2260 4812 2353 4866; x_wconf 85' lang='grc' dir='ltr'><strong>τὸν</strong></span> <span class='ocrx_word' id='word_1_725' title='bbox 2402 4812 2496 4865; x_wconf 71' lang='grc' dir='ltr'>ἐπὶ</span> <span class='ocrx_word' id='word_1_726' title='bbox 2552 4815 2720 4882; x_wconf 78' lang='grc' dir='ltr'>σαρκὶ</span> <span class='ocrx_word' id='word_1_727' title='bbox 2767 4813 3011 4865; x_wconf 82' lang='grc' dir='ltr'>τεθέντα.</span> <span class='ocrx_word' id='word_1_728' title='bbox 3062 4813 3456 4881; x_wconf 84' lang='grc' dir='ltr'>Ἀντεισήγαγε</span> <span class='ocrx_word' id='word_1_729' title='bbox 3513 4811 3571 4864; x_wconf 68' lang='grc' dir='ltr'><strong>δέ</strong></span> 
     </span>
    </p>
   </div>
   <div class='ocr_carea' id='block_1_107' title="bbox 1983 4903 3570 4982">
    <p class='ocr_par' dir='ltr' id='par_1_107' title="bbox 1983 4903 3570 4982">
     <span class='ocr_line' id='line_1_107' title="bbox 1983 4903 3570 4982; baseline -0.003 -23"><span class='ocrx_word' id='word_1_730' title='bbox 1983 4907 2108 4960; x_wconf 74' lang='grc' dir='ltr'>ἀντὶ</span> <span class='ocrx_word' id='word_1_731' title='bbox 2136 4905 2303 4973; x_wconf 85' lang='grc' dir='ltr'>νόμου</span> <span class='ocrx_word' id='word_1_732' title='bbox 2339 4903 2537 4973; x_wconf 81' lang='grc' dir='ltr'>δόγμα,</span> <span class='ocrx_word' id='word_1_733' title='bbox 2584 4905 2724 4975; x_wconf 84' lang='grc' dir='ltr'>ὅπερ</span> <span class='ocrx_word' id='word_1_734' title='bbox 2755 4903 2872 4982; x_wconf 68' lang='grc' dir='ltr'>ἐστὶ</span> <span class='ocrx_word' id='word_1_735' title='bbox 2897 4904 2955 4956; x_wconf 78' lang='grc' dir='ltr'>τὸ</span> <span class='ocrx_word' id='word_1_736' title='bbox 2991 4903 3092 4973; x_wconf 82' lang='grc' dir='ltr'><strong>τῆς</strong></span> <span class='ocrx_word' id='word_1_737' title='bbox 3113 4903 3290 4974; x_wconf 72' lang='grc' dir='ltr'>ψυχῆς</span> <span class='ocrx_word' id='word_1_738' title='bbox 3320 4903 3570 4957; x_wconf 80' lang='grc' dir='ltr'>ἑκούσιον</span> 
     </span>
    </p>
   </div>
   <div class='ocr_carea' id='block_1_108' title="bbox 1982 4993 2530 5066">
    <p class='ocr_par' dir='ltr' id='par_1_108' title="bbox 1982 4993 2530 5066">
     <span class='ocr_line' id='line_1_108' title="bbox 1982 4993 2530 5066; baseline -0.009 -15"><span class='ocrx_word' id='word_1_739' title='bbox 1982 5000 2064 5061; x_wconf 80' lang='grc' dir='ltr'>εἰς</span> <span class='ocrx_word' id='word_1_740' title='bbox 2087 4994 2346 5066; x_wconf 85' lang='grc' dir='ltr'>λατρείαν</span> <span class='ocrx_word' id='word_1_741' title='bbox 2370 4993 2530 5047; x_wconf 84' lang='grc' dir='ltr'>Θεοῦ.</span> 
     </span>
    </p>
   </div>
   <div class='ocr_carea' id='block_1_109' title="bbox 2060 5170 3572 5242">
    <p class='ocr_par' dir='ltr' id='par_1_109' title="bbox 2060 5170 3572 5242">
     <span class='ocr_line' id='line_1_109' title="bbox 2060 5170 3572 5242; baseline 0 -16"><span class='ocrx_word' id='word_1_742' title='bbox 2060 5193 2080 5226; x_wconf 81' lang='grc' dir='ltr'>ι</span> <span class='ocrx_word' id='word_1_743' title='bbox 2121 5175 2215 5237; x_wconf 82' lang='grc' dir='ltr'><strong>Εἰς</strong></span> <span class='ocrx_word' id='word_1_744' title='bbox 2272 5172 2370 5226; x_wconf 84' lang='grc' dir='ltr'><strong>ἐνα</strong></span> <span class='ocrx_word' id='word_1_745' title='bbox 2417 5171 2603 5226; x_wconf 84' lang='grc' dir='ltr'>καινὸν</span> <span class='ocrx_word' id='word_1_746' title='bbox 2645 5170 2956 5241; x_wconf 77' lang='grc' dir='ltr'>ἄνθρωπον,</span> <span class='ocrx_word' id='word_1_747' title='bbox 2999 5171 3167 5224; x_wconf 87' lang='grc' dir='ltr'>ποιῶν</span> <span class='ocrx_word' id='word_1_748' title='bbox 3193 5172 3439 5242; x_wconf 82' lang='grc' dir='ltr'>εἰρήνην,</span> <span class='ocrx_word' id='word_1_749' title='bbox 3477 5177 3572 5226; x_wconf 69' lang='lat' dir='ltr'><strong>xui.</strong></span> 
     </span>
    </p>
   </div>
   <div class='ocr_carea' id='block_1_110' title="bbox 1983 5261 3571 5337">
    <p class='ocr_par' dir='ltr' id='par_1_110' title="bbox 1983 5261 3571 5337">
     <span class='ocr_line' id='line_1_110' title="bbox 1983 5261 3571 5337; baseline -0.003 -17"><span class='ocrx_word' id='word_1_750' title='bbox 1983 5263 2410 5337; x_wconf 80' lang='grc' dir='ltr'>ἀποκαταλλάξῃ</span> <span class='ocrx_word' id='word_1_751' title='bbox 2461 5265 2588 5325; x_wconf 85' lang='grc' dir='ltr'>τοὺς</span> <span class='ocrx_word' id='word_1_752' title='bbox 2620 5261 2967 5333; x_wconf 69' lang='grc' dir='ltr'>ἀμφοτέρους</span> <span class='ocrx_word' id='word_1_753' title='bbox 3025 5264 3082 5315; x_wconf 83' lang='grc' dir='ltr'><strong>ἐν</strong></span> <span class='ocrx_word' id='word_1_754' title='bbox 3116 5263 3196 5315; x_wconf 74' lang='grc' dir='ltr'>ἐνὶ</span> <span class='ocrx_word' id='word_1_755' title='bbox 3245 5265 3456 5333; x_wconf 81' lang='grc' dir='ltr'>σώματι</span> <span class='ocrx_word' id='word_1_756' title='bbox 3491 5264 3571 5334; x_wconf 81' lang='grc' dir='ltr'><strong>τῷ</strong></span> 
     </span>
    </p>
   </div>
   <div class='ocr_carea' id='block_1_111' title="bbox 1984 5353 3569 5430">
    <p class='ocr_par' dir='ltr' id='par_1_111' title="bbox 1984 5353 3569 5430">
     <span class='ocr_line' id='line_1_111' title="bbox 1984 5353 3569 5430; baseline -0.003 -17"><span class='ocrx_word' id='word_1_757' title='bbox 1984 5360 2104 5430; x_wconf 86' lang='grc' dir='ltr'><strong>Θεῷ</strong></span> <span class='ocrx_word' id='word_1_758' title='bbox 2135 5359 2222 5412; x_wconf 87' lang='grc' dir='ltr'><strong>διὰ</strong></span> <span class='ocrx_word' id='word_1_759' title='bbox 2249 5356 2344 5411; x_wconf 86' lang='grc' dir='ltr'><strong>τοῦ</strong></span> <span class='ocrx_word' id='word_1_760' title='bbox 2379 5355 2638 5428; x_wconf 89' lang='grc' dir='ltr'>σταυροῦ,</span> <span class='ocrx_word' id='word_1_761' title='bbox 2672 5355 3003 5418; x_wconf 84' lang='grc' dir='ltr'>ἀποκτείνας</span> <span class='ocrx_word' id='word_1_762' title='bbox 3024 5354 3124 5425; x_wconf 78' lang='grc' dir='ltr'><strong>τήν</strong></span> <span class='ocrx_word' id='word_1_763' title='bbox 3149 5353 3349 5426; x_wconf 75' lang='grc' dir='ltr'>ἔχθραν</span> <span class='ocrx_word' id='word_1_764' title='bbox 3378 5356 3438 5408; x_wconf 90' lang='grc' dir='ltr'><strong>ἐν</strong></span> <span class='ocrx_word' id='word_1_765' title='bbox 3467 5357 3569 5408; x_wconf 78' lang='grc' dir='ltr'>αὐ-</span> 
     </span>
    </p>
   </div>
   <div class='ocr_carea' id='block_1_112' title="bbox 1983 5449 2488 5524">
    <p class='ocr_par' dir='ltr' id='par_1_112' title="bbox 1983 5449 2488 5524">
     <span class='ocr_line' id='line_1_112' title="bbox 1983 5449 2488 5524; baseline -0.008 -18"><span class='ocrx_word' id='word_1_766' title='bbox 1983 5453 2083 5524; x_wconf 88' lang='grc' dir='ltr'><strong>τῷ,</strong></span> <span class='ocrx_word' id='word_1_767' title='bbox 2121 5452 2218 5505; x_wconf 79' lang='grc' dir='ltr'>καὶ</span> <span class='ocrx_word' id='word_1_768' title='bbox 2241 5449 2430 5504; x_wconf 84' lang='grc' dir='ltr'>ἐλθών.</span> <span class='ocrx_word' id='word_1_769' title='bbox 2469 5468 2488 5501; x_wconf 74' lang='grc' dir='ltr'>ι</span> 
     </span>
    </p>
   </div>
   <div class='ocr_carea' id='block_1_113' title="bbox 1981 5536 3566 5615">
    <p class='ocr_par' dir='ltr' id='par_1_113' title="bbox 1981 5536 3566 5615">
     <span class='ocr_line' id='line_1_113' title="bbox 1981 5536 3566 5615; baseline 0.011 -31"><span class='ocrx_word' id='word_1_770' title='bbox 1981 5574 1985 5584; x_wconf 93' lang='grc'><strong>.</strong></span> <span class='ocrx_word' id='word_1_771' title='bbox 2060 5546 2167 5600; x_wconf 80' lang='grc' dir='ltr'><strong>Τοῦ</strong></span> <span class='ocrx_word' id='word_1_772' title='bbox 2196 5541 2432 5615; x_wconf 86' lang='grc' dir='ltr'>σταυροῦ</span> <span class='ocrx_word' id='word_1_773' title='bbox 2463 5541 2634 5612; x_wconf 85' lang='grc' dir='ltr'>πέρας</span> <span class='ocrx_word' id='word_1_774' title='bbox 2661 5538 2943 5602; x_wconf 83' lang='grc' dir='ltr'>ἐπιθέντος</span> <span class='ocrx_word' id='word_1_775' title='bbox 2973 5539 3038 5608; x_wconf 80' lang='grc' dir='ltr'>τῇ</span> <span class='ocrx_word' id='word_1_776' title='bbox 3069 5539 3180 5608; x_wconf 69' lang='lat' dir='ltr'><strong>Cum</strong></span> <span class='ocrx_word' id='word_1_777' title='bbox 3203 5540 3268 5607; x_wconf 75' lang='grc' dir='ltr'>τῇ</span> <span class='ocrx_word' id='word_1_778' title='bbox 3294 5536 3566 5610; x_wconf 74' lang='grc' dir='ltr'>παρούσῃ.</span> 
     </span>
    </p>
   </div>
   <div class='ocr_carea' id='block_1_114' title="bbox 1989 5623 3569 5710">
    <p class='ocr_par' dir='ltr' id='par_1_114' title="bbox 1989 5623 3569 5710">
     <span class='ocr_line' id='line_1_114' title="bbox 1989 5623 3569 5710; baseline -0.009 -14"><span class='ocrx_word' id='word_1_779' title='bbox 1989 5641 2084 5698; x_wconf 66' lang='grc' dir='ltr'>καὶ</span> <span class='ocrx_word' id='word_1_780' title='bbox 2115 5639 2211 5710; x_wconf 79' lang='grc' dir='ltr'>τὴν</span> <span class='ocrx_word' id='word_1_781' title='bbox 2250 5637 2430 5709; x_wconf 76' lang='grc' dir='ltr'>σάρκα</span> <span class='ocrx_word' id='word_1_782' title='bbox 2479 5631 2893 5704; x_wconf 75' lang='grc' dir='ltr'>περιτεμὸντος,</span> <span class='ocrx_word' id='word_1_783' title='bbox 2929 5623 3008 5694; x_wconf 76' lang='grc' dir='ltr'>εἷς</span> <span class='ocrx_word' id='word_1_784' title='bbox 3038 5629 3326 5700; x_wconf 79' lang='grc' dir='ltr'>ἄνθρωπος</span> <span class='ocrx_word' id='word_1_785' title='bbox 3351 5629 3569 5684; x_wconf 82' lang='grc' dir='ltr'>ἀποδεί-</span> 
     </span>
    </p>
   </div>
  </div>
