3970 6396
263 322 353 382 333
1387 309 1462 368 ΙΝ
1509 307 1747 366 EPIST.
1791 306 1888 364 AD
1930 306 2327 366 EPHESIOS.
3414 304 3521 372 831

265 453 438 491 κνυται
474 435 582 498 πᾶς
611 434 639 486 ό
661 432 802 486 κατὰ
850 429 1084 501 Χριστὸν
1119 427 1685 500 χαρακτηριζόμενος,
1717 429 1827 479 εἴτε

1954 438 2166 484 novam,
2231 437 2348 476 sive
2379 422 2434 475 in
2468 422 2895 480 circumcisione
2927 423 3019 490 sit,
3070 425 3188 481 sive
3223 427 3276 481 in
3309 419 3522 498 praepué

262 530 314 582 ἐν
342 527 635 598 περιτομῇ,
670 525 781 576 εἴτε
827 524 883 575 ὲν
929 520 1271 593 ἀκροϐυστίᾳ
1301 518 1446 573 κατὰ
1493 519 1593 587 τὴν
1638 517 1830 575 καινὴν

1955 516 2043 577 lio,
2101 514 2306 569 Christi
2347 523 2477 568 nota
2530 515 2846 584 insignitur.
2903 517 3118 587 Corpus
3178 517 3347 590 igitur
3376 519 3523 588 quod

261 614 412 684 ζωήν.
453 613 682 682 Θανάτῳ
734 611 830 680 μὲν
887 609 980 662 οὖν
1013 608 1075 661 τὸ
1131 608 1292 678 σῶμα
1345 607 1674 676 παραδοθὲν,
1734 606 1829 675 τὴν

1957 608 2205 662 .raditum
2239 608 2342 662 fuit
2367 607 2554 674 morti,
2585 607 2909 664 inimicitias
2940 609 3142 665 delevit
3180 628 3193 664 :
3229 611 3358 666 dum
3393 626 3525 665 vero

260 703 449 773 ἔχθραν
479 701 667 753 ἔλυσεν
699 719 712 732 ο
746 701 826 763 είς
858 697 1004 768 ζωὴν
1034 697 1089 750 δὲ
1123 695 1386 761 ἀναστὰν,
1416 698 1516 767 τὴν
1547 695 1726 764 φιλίαν
1757 696 1828 758 είς

1955 698 2011 751 ιιι
2044 700 2212 753 vitam
2272 699 2600 766 resurrexit,
2632 708 2899 755 :eternam
2952 703 3252 757 amicitiam
3287 703 3523 774 paravit.

258 796 420 848 αἰῶνα
451 791 876 848 κατεσκεύασεν.

331 904 348 937 ι
374 881 785 954 Εὑηγγελίσατο
829 881 1078 951 εἰρήνην,
1115 880 1246 950 ύμῖν
1300 879 1412 942 τοῖς
1470 877 1709 948 μακρὰν,
1740 879 1834 932 καὶ

2021 896 2040 928 ι
2064 875 2471 946 Evangelizavit
2500 889 2690 944 pacem
2723 875 2878 930 vobis
2904 876 2998 945 qui
3031 875 3190 946 longe
3218 874 3402 931 fuistis
3431 918 3443 937 ,
3476 885 3528 929 et

261 976 364 1038 τοῖς
393 971 584 1040 ἐγγύς.
627 990 644 1022 ι

1947 971 2018 1026 iis
2047 971 2141 1039 qui
2174 985 2364 1040 prope.
2399 989 2417 1022 ›

327 1059 562 1133 Μακράν
593 1059 662 1112 τὰ
693 1059 842 1130 ἔθνη,
870 1058 1024 1128 φησὶ,
1045 1058 1135 1112 διὰ
1161 1057 1262 1127 τὴν
1291 1056 1502 1126 πλάνην
1521 1069 1538 1087 ⁸
1586 1056 1754 1125 ἐγγὺς
1779 1057 1836 1108 δὲ

2010 1062 2200 1131 Longe
2231 1062 2455 1131 quidem
2512 1061 2758 1116 abfuisse
2792 1060 3026 1132 gentiles
3057 1057 3154 1119 ait,
3182 1065 3404 1127 pr0pter
3435 1072 3527 1111 er—

259 1153 378 1212 τοὺς
405 1151 496 1204 διὰ
523 1149 690 1220 νόμου
709 1190 723 1212 ,
761 1147 856 1230 τοῦ
887 1146 1126 1218 Χριστοῦ
1165 1145 1587 1216 διδασκομένους
1632 1148 1827 1218 μυστή-

1955 1167 2131 1208 rorem
2166 1169 2181 1205 :
2215 1169 2386 1223 prope
2410 1161 2592 1207 autem
2627 1153 2752 1207 illos
2782 1155 2876 1222 qui
2911 1151 3012 1220 legi
3047 1150 3338 1220 parebant,
3361 1147 3523 1203 Chri-

264 1262 392 1316 ριον.

1947 1246 2016 1300 sti
2041 1245 2365 1315 mysterium
2396 1244 2642 1299 edoctos.

334 1353 352 1388 ι
391 1336 515 1388 Ὅτι
540 1333 614 1386 δι’
634 1333 803 1387 αὑτοῦ
837 1332 1035 1403 ἔχομεν
1065 1331 1164 1401 τὴν
1189 1332 1558 1403 προσαγωγὴν
1583 1332 1631 1383 οί
1661 1329 1841 1399 ἀμφό-

2009 1334 2176 1391 Vens.
2238 1335 2430 1392 18-20.
2488 1355 2506 1388 ι
2546 1335 2817 1402 Quoniam
2866 1350 2962 1406 per
3020 1335 3200 1404 ipsum
3267 1333 3533 1388 habemus

261 1447 426 1500 τεροι,
459 1429 516 1482 ὲν
547 1428 629 1480 ἑνὶ
675 1425 950 1495 πνεύματι
981 1425 1118 1496 πρὸς
1150 1425 1242 1478 τὸν
1295 1425 1540 1496 Πατέρα.
1572 1425 1716 1493 Ἀρα
1745 1421 1829 1474 οῦν

1967 1443 2240 1484 tccessum
2297 1429 2461 1483 ambo
2505 1429 2561 1482 in
2621 1443 2734 1482 uno
2769 1427 2968 1498 Spiritu
3002 1426 3070 1480 ad
3109 1425 3349 1480 Patrem.
3391 1424 3535 1494 Ergo

261 1522 442 1574 οὐκέτι
471 1519 596 1572 ἐστὲ
625 1517 764 1582 ξένοι
795 1517 888 1570 καὶ
915 1516 1190 1586 πάροικοι,
1215 1515 1351 1570 ἀλλά
1386 1514 1714 1586 συμπολῖται
1733 1513 1829 1566 τῶι

1973 1537 2056 1574 am
2107 1537 2216 1576 non
2248 1521 2385 1577 estis
2416 1521 2670 1591 hospites
2711 1530 2763 1574 ct
2796 1521 3041 1583 advenae,
3080 1518 3175 1572 sed
3209 1518 3350 1572 estis
3382 1517 3533 1571 cives

265 1613 453 1682 ἁγίων,
482 1612 578 1665 καὶ
613 1611 804 1666 οἰκεῖοι
831 1609 924 1661 τοῦ
955 1607 1093 1660 Θεοῦ
1118 1647 1132 1672 ,
1184 1608 1701 1679 ἐποικοδομηθέντες
1750 1608 1833 1659 ὲπῑ

1964 1621 2270 1668 sanctorum
2301 1621 2359 1668 et
2410 1613 2694 1667 domestici
2729 1613 2852 1675 Dei,
2893 1612 3325 1682 superaedificati
3363 1626 3532 1681 supra

263 1705 337 1776 τῷ
387 1703 626 1774 θεμελίῳ
675 1701 786 1755 τῶν
827 1700 1142 1757 ἀποστόλων
1191 1703 1284 1753 καὶ
1341 1699 1658 1771 προφητῶν,
1690 1699 1831 1761 δντος

1967 1702 2368 1758 'undamcntum
2419 1704 2795 1773 apostolorum
2849 1712 2903 1757 et
2963 1703 3382 1772 prophetarum,
3417 1703 3535 1771 ipso

266 1791 666 1863 ἀκρογωνιαίου
699 1790 866 1844 αὑτοῦ
909 1789 1085 1861 Ἰησοῦ
1117 1789 1377 1860 Χριστοῦ.
1417 1809 1434 1839 ι

1880 1792 1922 1846 Β
1951 1809 2170 1849 summo
2211 1793 2460 1864 angulari
2497 1793 2676 1862 lapide
2707 1792 2933 1847 Christo
2964 1791 3121 1847 Jesu.
3169 1811 3185 1842 ι

332 1884 500 1938 Οὐδὲν
535 1882 738 1953 μᾶλλον
772 1879 953 1951 ἡμῶν,
1010 1881 1197 1950 φησὶν,
1231 1879 1449 1942 οἰκείως
1501 1880 1687 1951 ἔχουσι
1715 1880 1854 1952 πρὸς

2033 1883 2182 1939 Nihil
2212 1899 2382 1954 supra
2413 1899 2515 1938 nos
2547 1884 2775 1950 habent,
2810 1885 3012 1954 inquit,
3047 1883 3191 1953 apud
3225 1883 3418 1949 Deum,
3439 1882 3536 1952 qui

263 1975 392 2028 Θεὸν
415 1975 465 2026 οἱ
506 1973 773 2043 πρότερον
794 1971 947 2034 ὄντες
979 1971 1170 2037 ἐγγὺς,
1207 1969 1343 2022 ἀλλὰ
1371 1969 1470 2038 μία
1521 1969 1831 2039 ἀμφοτέρωε

1970 1975 2232 2044 tuondam
2264 1983 2423 2030 erant
2451 1991 2642 2044 prope,
2681 1977 2776 2030 sed
2809 1991 2955 2030 unus
2980 1983 3064 2030 est
3097 1989 3361 2029 accessus
3382 1983 3538 2027 utro-

266 2062 635 2136 προσαγωγῆ,
690 2061 758 2115 δι’
793 2063 911 2125 ἐνὸς
957 2061 1117 2128 ἁγίου
1172 2059 1518 2130 Πνεύματος.
1565 2060 1653 2114 Ἐν
1683 2061 1764 2113 ὲν¹ι
1796 2061 1834 2114 δί

1971 2084 2191 2139 ἰιιιιιιιιο
2223 2083 2320 2138 per
2351 2083 2518 2122 unum
2553 2066 2821 2136 Spiritum
2846 2077 3124 2123 sanctum.
3155 2067 3291 2120 Cum
3352 2075 3539 2119 autem

267 2159 483 2228 σώματι
512 2153 789 2227 προειπὼν
810 2155 962 2225 ἡμᾶς
992 2152 1368 2223 κατηλλάχθαι
1400 2153 1543 2223 Θεῷ,
1563 2153 1660 2208 νῦν
1689 2155 1746 2206 ὲν
1774 2152 1835 2206 ἐν

1976 2163 2190 2218 lixisset
2224 2162 2381 2232 prius
2406 2162 2460 2215 in
2494 2176 2605 2214 uno
2642 2175 2876 2230 corpore
2906 2174 3009 2214 nos
3064 2174 3187 2214 esse
3217 2157 3544 2213 reconcilia~

267 2249 541 2319 πνεύματι
571 2247 844 2318 προῆχθαι
898 2244 1018 2315 Θεῷ
1055 2261 1210 2314 φησι,
1267 2245 1529 2316 μετόχους
1592 2244 1835 2297 δεικνύωπ

1973 2270 2044 2309 .os
2075 2254 2209 2315 Dco,
2245 2268 2394 2308 nunc
2420 2252 2472 2306 in
2507 2267 2616 2306 uno
2643 2251 2839 2322 spiritu
2875 2251 3166 2321 proximos
3206 2266 3326 2304 esse
3363 2248 3541 2303 factos

265 2338 359 2392 τοῦ
412 2336 534 2400 ἑνὸς
585 2335 896 2406 πνεύματος
926 2335 1016 2388 διὰ
1049 2334 1146 2387 τοῦ
1179 2335 1298 2397 ἐνὸς
1340 2333 1596 2404 σώματος
1624 2333 1833 2404 γενομέι

1979 2346 2063 2412 tit;
2103 2353 2161 2399 ut
2190 2344 2461 2414 significet
2496 2352 2720 2415 propter
2752 2359 2922 2397 unum
2982 2358 3212 2412 corpus,
3245 2342 3412 2396 unius
3444 2356 3547 2394 nos

269 2446 412 2493 νους.
455 2429 610 2497 Ἐχει
640 2426 696 2479 δὲ
747 2427 843 2479 καὶ
900 2428 933 2496 ή
965 2426 1073 2479 τῶν
1106 2426 1389 2495 ὀνομάτων
1430 2425 1746 2497 παράληψις
1780 2427 1837 2477 οί·

1980 2435 2190 2505 ;piritus
2226 2435 2346 2489 fieri
2405 2434 2727 2505 participes.
2787 2432 2932 2498 Quin
2964 2441 3019 2486 et
3077 2432 3237 2502 183
3277 2430 3548 2502 appositis

269 2522 451 2584 κείως.
489 2520 664 2572 Ὅπου
717 2520 817 2590 μὲν
877 2518 986 2592 γὰρ
1042 2517 1438 2588 καταλλαγὴν
1497 2514 1643 2583 sine,
1709 2518 1837 2570 Θεὸν

1977 2525 2118 2579 )Iane
2151 2533 2204 2578 et
2235 2523 2448 2577 idoneis
2479 2523 2767 2577 vocabulis
2822 2521 3023 2575 utitur.
3059 2519 3195 2574 Nam
3229 2521 3321 2575 ubi
3354 2536 3545 2573 recon-

269 2616 514 2686 δῖρηκεν.
551 2613 724 2666 Ὅπου
753 2612 812 2665 δὲ
853 2612 1255 2682 προσαγωγὴν
1292 2612 1464 2680 λέγει,
1496 2609 1742 2681 Πνεῦμα
1765 2627 1836 2664 κα

1978 2617 2289 2670 riliationem
2343 2615 2506 2681 dixit,
2574 2613 2736 2667 Deum
2793 2614 3148 2678 nominavit;
3204 2613 3297 2668 ubi
3359 2621 3546 2667 autem

268 2705 370 2759 λεί.
1961 2715 2254 2760 accessum,
2283 2697 2543 2765 Spiritum
2572 2696 2936 2767 nuncupavit.

346 2814 367 2846 ι
409 2789 561 2864 Ἑνῷ
604 2796 756 2848 πᾶσα
783 2793 1040 2865 οἰκοδομὴ
1074 2791 1659 2867 συναρμολογουμένη,
1699 2792 1855 2858 αῦξει

2035 2791 2196 2846 Vens.
2231 2790 2322 2845 21.
2363 2808 2380 2839 ι
2433 2789 2489 2841 ln
2522 2803 2631 2857 quo
2669 2788 2848 2841 omnis
2886 2785 3179 2840 aedificatio
3210 2792 3535 2838 constructa

270 2889 351 2950 είς
374 2889 506 2942 ναὸν
537 2887 692 2956 ἅγιον
714 2888 772 2939 ὲν
795 2887 1007 2960 Κυρίῳ.
1037 2906 1056 2937 ι

1960 2884 2161 2939 crescit
2197 2882 2250 2936 in
2287 2881 2550 2951 templum
2605 2887 2856 2934 sanctum
2907 2879 2958 2931 in
2999 2875 3252 2931 Domino.
3286 2896 3303 2928 ι

342 2977 767 3048 Παραδείγματι
796 2977 1078 3048 χρώμενος
1103 2976 1181 3047 τῷ
1216 2977 1456 3049 γωνιαίῳ
1476 2977 1630 3050 λίθῳ,
1657 2979 1736 3049 τῷ
1761 2978 1860 3050 τὴν

2033 2975 2332 3043 Assumpto
2361 2975 2414 3027 in
2447 2973 2754 3042 exemplum
2790 2969 3042 3040 angulari
3076 2970 3279 3038 lapide,
3323 2983 3431 3038 quo
3467 2978 3553 3021 to-

269 3070 407 3140 ὃλην
427 3069 720 3141 οἰκοδομὴν
762 3069 1207 3141 ὑποστηρίζοντι,
1238 3070 1482 3124 διδάσκει
1531 3071 1612 3124 ὅτι
1644 3072 1702 3124 ὲν
1728 3072 1837 3142 Χρι

1989 3085 2082 3125 um
2113 3069 2410 3124 mdificium
2445 3068 2716 3132 firmatur,
2749 3065 2910 3120 docet
2943 3065 2997 3118 in
3040 3065 3264 3118 Christo
3298 3079 3400 3117 nos
3435 3078 3556 3131 per-

274 3131 391 3232 στέρ
422 3131 819 3231 στηριξόμεθα.
854 3131 1119 3215 Λίθοντδὲ
1162 3131 1353 3224 είπὼν,
1401 3163 1497 3215 καὶ
1530 3131 1842 3234 συνάρτησιπ

1990 3163 2094 3217 nde
2152 3161 2358 3215 fulciri.
2420 3159 2675 3229 Lapidem
2733 3167 2919 3211 autem
2994 3154 3558 3225 dieendo,vejusqt:e

269 3251 446 3309 αὑτοῦ
491 3253 592 3322 τὴν
643 3253 782 3321 πρὸς
836 3253 965 3316 τοὺς
1009 3252 1516 3323 οἱκοδομουμένους,
1573 3256 1674 3324 τὴν
1721 3255 1837 3326 πρὸς

1989 3253 2503 3324 :oagmentationem
2531 3268 2656 3305 cum
2683 3251 2750 3305 iis
2771 3249 2979 3318 quibus
3001 3255 3223 3301 constat
3240 3247 3557 3312 :edificium,

272 3345 429 3415 ἡμᾶς
461 3343 784 3414 ὁμογένειαν
814 3343 1006 3410 ἔδειξε,
1037 3348 1136 3415 τῆς
1166 3344 1308 3398 κατά
1340 3346 1521 3416 σάρκα
1559 3348 1840 3416 γεννήσεωη

1988 3347 2210 3401 leclarat
2241 3343 2629 3415 cognationem
2663 3349 2914 3396 nostram
2944 3354 3068 3394 cum
3105 3336 3406 3407 Unigenito
3438 3337 3556 3399 Dei,

271 3437 370 3490 τοῦ
406 3436 767 3506 Μονογενοῦς.
810 3437 1046 3505 Ἐπειδὴ
1081 3438 1211 3509 γὰρ,
1246 3437 1402 3508 φησὶ,
1436 3437 1507 3490 τὰ
1537 3436 1745 3491 παιδία
1771 3454 1837 3490 κε

1992 3445 2238 3507 [uatenus
2277 3435 2586 3490 secundum
2632 3425 2855 3488 carnem
2891 3439 3057 3485 natus
3107 3437 3212 3485 est.
3262 3427 3396 3482 Nam
3433 3431 3560 3498 quia

275 3524 656 3600 κοινώνηκεν
681 3532 932 3601 αἵματος
975 3532 1075 3584 καί
1119 3531 1371 3599 σαρκὸς,
1405 3531 1502 3584 καί
1540 3531 1724 3595 αὐτὸς
1752 3544 1843 3585 παη

1991 3532 2118 3586 tueri
2147 3531 2600 3585 communicaruttt
2636 3528 2805 3600 carni.
2823 3535 2873 3580 et
2907 3525 3193 3594 sanguini,
3236 3533 3284 3577 et
3332 3523 3443 3592 ipse
3482 3523 3559 3576 sf-

267 3624 636 3696 ραπλησίως
667 3623 934 3695 μετέσχε
965 3624 1085 3677 τῶν
1116 3623 1336 3678 αὐτῶν.

1322 3665 1336 3678 .
1972 3627 2171 3679 militer
2210 3625 2553 3693 participavt‘t
2591 3621 2787 3676 eisdem
2817 3619 2889 3676 “.

354 3733 376 3767 ι
417 3707 578 3782 Ἐνῷ
614 3715 710 3768 καὶ
751 3715 910 3786 ὑμεῖς
962 3712 1439 3784 συνοικοδομεῖσθε
1473 3713 1554 3776 είς
1600 3730 1867 3785 κατοικη-

2042 3716 2212 3772 Vens.
2244 3716 2334 3769 22.
2373 3735 2391 3767 ‹
2445 3715 2502 3769 In
2539 3729 2649 3784 quo
2677 3720 2731 3768 et
2763 3727 2865 3768 vos
2916 3707 3336 3766 coaedificamini
3371 3705 3430 3759 in
3465 3705 3563 3759 ha-

273 3807 476 3878 τήριον
503 3803 598 3858 τοῦ
622 3803 760 3858 Θεοῦ
786 3807 844 3858 ἐν
873 3805 1174 3875 Πνεύματι.
1207 3823 1225 3854 ι

1973 3809 2280 3865 bitaculum
2315 3807 2408 3862 Dei
2443 3807 2498 3860 in
2539 3805 2776 3875 Spiritu.
2819 3822 2835 3855 ι

349 3899 494 3970 Ναῷ
523 3899 790 3970 δηλονότι.

2050 3904 2109 3957 ln
2145 3903 2352 3972 templo
2389 3900 2627 3956 scilicet.

890 4032 1142 4086 ΚΕΦΑΛ.
1192 4031 1264 4085 Ρ.

2615 4029 2770 4084 CAP.
2822 4028 2909 4083 Ill.

360 4169 382 4202 ι
417 4148 624 4203 Τούτου
646 4149 809 4220 χάριν
835 4150 944 4218 ἐγὼ
967 4149 1178 4211 Παῦλος
1204 4150 1232 4202 ὁ
1255 4148 1476 4217 δέσμιος
1507 4145 1602 4202 τοῦ
1632 4146 1873 4219 Χριστοῦ

2048 4149 2218 4204 Vens.
2262 4147 2371 4200 1-4.
2427 4163 2446 4195 ι
2500 4145 2676 4214 Hujus
2719 4143 2798 4198 rei
2832 4140 3014 4212 gratia
3048 4154 3151 4210 ego
3183 4137 3392 4192 Paulus
3440 4138 3567 4192 vin-

292 4242 506 4314 Ἰησοῦ,
539 4242 681 4313 ὑπὲρ
706 4241 860 4312 ὑμῶν
889 4242 1003 4294 τῶν
1048 4239 1244 4306 ἐθνῶν,
1289 4239 1342 4292 εἴ
1373 4256 1438 4308 γε
1460 4239 1734 4308 ἠκούσατε
1774 4239 1860 4309 τὴι

1998 4249 2101 4297 :tus
2151 4239 2360 4294 Christi
2391 4235 2523 4292 Jesu
2570 4250 2669 4306 pro
2713 4234 2875 4289 vobis
2933 4233 3232 4303 gentibus;
3285 4232 3331 4286 si
3385 4238 3566 4284 tamen

281 4333 611 4404 οἰκονομίαν
660 4333 762 4403 τῆς
799 4333 1027 4404 χάριτος
1054 4332 1149 4385 τοῦ
1199 4330 1335 4385 Θεοῦ
1370 4333 1469 4401 τῆς
1503 4331 1752 4400 δοθείσης
1785 4348 1849 4402 μο

2000 4331 2216 4386 uidistis
2243 4327 2715 4398 dispttusationem
2757 4324 2951 4394 gratiae
2985 4335 3106 4390 qua:
3159 4321 3284 4373 data
3318 4327 3402 4374 est
3435 4319 3568 4372 mihi

282 4427 368 4489 είς
413 4424 582 4494 ὑμᾶς,
634 4423 716 4477 ὅτι
769 4423 914 4478 κατὰ
964 4422 1312 4491 ἀποκάλυψιν
1342 4420 1638 4490 ὲγνώρισέν
1669 4439 1759 4488 μοι
1812 4423 1850 4475 τὲ

2003 4440 2036 4478 ιι
2066 4423 2222 4477 vobis
2250 4439 2264 4475 :
2297 4418 2563 4491 quoniam
2606 4415 2914 4472 secundum
2956 4411 3348 4468 revelationem
3374 4419 3570 4464 notum

285 4470 365 4489 --ι
419 4470 582 4494 Tw"
637 4470 715 4477 νη
771 4470 914 4478 ηψπ
967 4470 1303 4491 ν--τ-ννν-ντη
1344 4470 1630 4490 -.ττςτητ
1825 4470 1853 4475 --

285 4518 622 4589 μυστήριον.
655 4535 675 4567 ι

1907 4470 1952 4526 D
1983 4514 2120 4570 mihi
2164 4470 2683 4581 fecitjmysterium.
2730 4526 2747 4558 ι

355 4609 606 4682 Ταύτης,
637 4607 826 4676 φησὶν,
854 4609 954 4678 τῆς
995 4609 1076 4672 είς
1110 4609 1258 4680 ὑμᾶς
1320 4608 1544 4680 χάριτος
1595 4608 1878 4678 ὑπηρέτης

2057 4605 2236 4676 Hujus
2275 4618 2399 4674 quae
2439 4601 2569 4656 data
2605 4599 2770 4654 nobis
2818 4606 2905 4653 est
2957 4596 3174 4666 gratiae,
3228 4593 3429 4663 inquit,
3471 4606 3573 4659 ego

285 4700 405 4770 ἐγὼ
432 4699 531 4754 καὶ
562 4698 876 4770 ἀγωνιστὴς
903 4699 1035 4770 άχρι
1067 4699 1306 4769 δεσμῶν,
1336 4700 1430 4752 καὶ
1457 4699 1545 4754 διὰ
1577 4699 1738 4760 τοῦτο
1773 4715 1853 4769 μυί

2002 4699 2240 4754 minister
2273 4710 2396 4750 sum
2445 4700 2500 4747 et
2542 4695 2928 4760 propugnator
2962 4701 3140 4757 usque
3189 4685 3256 4739 ad
3314 4684 3570 4742 vincula,

286 4794 518 4864 στήριον
573 4789 964 4860 ἀπεκαλύφθη,
998 4791 1086 4844 ἵνα
1145 4791 1228 4848 είς
1281 4791 1428 4860 ὑμᾶς
1481 4788 1784 4860 ὲξαγγελθῇ
1813 4789 1854 4842 δι

2006 4802 2044 4849 :t
2075 4791 2284 4846 idcirco
2330 4785 2657 4859 mysterium
2706 4783 2840 4836 mihi
2892 4778 3304 4834 manifestatum
3356 4776 3574 4841 fuit,.ut

283 4883 447 4956 ἐμοῦ.

1877 4889 1884 4896 ’
1991 4903 2088 4959 per
2130 4899 2219 4939 me
2253 4882 2410 4938 vobis
2441 4877 2887 4934 annuntiaretur.

361 4997 386 5031 ι
425 4977 634 5041 Καθὼς
685 4976 1016 5048 προέγραψα
1065 4977 1124 5029 ὲν
1166 4975 1364 5045 ὀλίγῳο
1411 4974 1551 5048 πρὸς
1582 4974 1612 5029 δ
1651 4973 1883 5028 δύνασθε

2062 4996 2081 5029 ι
2123 4976 2281 5032 Sicut
2329 4985 2502 5041 supra
2535 4967 2737 5037 scripsi
2786 4967 2842 5020 in
2873 4964 3069 5030 brevi;
3109 4969 3282 5032 prout
3342 4958 3575 5029 potestis

285 5069 772 5138 ἀναγινώσκοντες
801 5070 992 5138 νοῆσαι
1018 5068 1115 5138 τὴν
1147 5067 1364 5121 σύνεσίν
1401 5084 1503 5138 μου
1552 5070 1612 5121 ὲν
1663 5067 1744 5136 τῷ
1782 5084 1853 5137 μυ

2005 5077 2234 5141 egentes
2263 5064 2580 5135 intelligere
2614 5059 2972 5132 prudentiam
3006 5069 3180 5111 meam
3209 5054 3266 5108 in
3302 5051 3571 5123 mysterio

286 5165 506 5235 στηρίῳ
530 5160 628 5215 τοῦ
655 5159 922 5231 Χριστοῦ.

712 5159 922 5231 ριστοῦ.
1985 5159 2219 5216 Christi.
2257 5175 2277 5208 ι

357 5233 586 5328 έραχὺς
614 5256 642 5308 ὁ
668 5253 848 5322 λόγος,
875 5250 1032 5321 φησὶ,
1058 5249 1154 5302 καὶ
1185 5249 1450 5318 σύντομος
1473 5249 1506 5318 ὴ
1538 5247 1883 5312 διδασκαλία,

2057 5247 2350 5307 Doctrina,
2403 5242 2608 5312 inquit,
2658 5253 2778 5292 mea
2835 5235 3011 5298 brevi,
3068 5233 3408 5301 concisoque
3455 5242 3577 5284 scr»

284 5349 386 5404 καὶ
411 5322 599 5415 θλίγον
617 5346 686 5398 τὰ
718 5343 892 5397 πολλά
921 5339 1316 5412 σπερματικῶς
1351 5340 1588 5404 ἐδίδαξα,
1627 5338 1849 5392 τοσοῦτο

2006 5357 2156 5397 none
2181 5337 2481 5400 clauditur,
2516 5341 2570 5388 ct
2600 5332 2771 5386 multa
2807 5328 3001 5400 paucis
3051 5334 3315 5396 tanquam
3363 5322 3574 5377 semina

285 5436 680 5505 ἀποκαλύψας,
717 5435 802 5503 ἐφ’
848 5434 974 5486 ὅσον
1018 5433 1114 5486 καὶ
1149 5431 1391 5484 συνιέναι
1435 5429 1696 5484 δύνασθε·
1755 5445 1852 5481 συν

2009 5433 2178 5499 Iocui,
2214 5428 2554 5485 tantumdem
2587 5423 2749 5477 vobis
2799 5420 3116 5490 aperiendo,
3151 5425 3418 5486 quantum
3446 5425 3577 5484 pos-

289 5531 440 5586 ιένσι
469 5529 527 5582 ὂδ
566 5504 632 5580 ex
667 5526 916 5589 πλείονος
945 5522 1329 5593 ἀναγνώσεως,
1366 5523 1464 5577 οὐκ
1491 5524 1560 5577 ἐκ
1594 5522 1857 5593 παρέργοι

2007 5529 2124 5583 setis
2161 5523 2503 5591 intelligere:
2526 5516 2846 5585 intelligere,
2881 5512 3105 5581 inquam
3128 5550 3143 5578 ,
3167 5504 3495 5563 accuratiori
3523 5511 3575 5556 et

286 5628 322 5698 ἢ
358 5623 754 5694 παραδρομῆς.

2003 5609 2355 5688 τιθηιιεηιὶοιὶ
2382 5607 2641 5672 lectione,
2673 5621 2785 5662 non
2814 5605 3021 5661 cursim
3058 5608 3153 5656 aut
3175 5594 3571 5672 perfunctorie.

369 5763 422 5795 "
450 5759 620 5815 Hebr.
652 5772 714 5824 tt,
739 5756 827 5812 M.
