3970 6432
308 297 439 363 θ35.
1492 293 1556 351 S.
1580 289 1906 351 iOANNlS

2029 288 2384 351 lMASCENi
3467 289 3576 357 836

392 411 553 468 Vens.
589 412 705 467 5-7.
743 429 762 463 t
813 408 970 477 Quod
1004 406 1133 463 aliis
1177 405 1632 477 generationibus
1668 419 1778 459 non
1811 412 1895 458 est

2080 425 2098 455 ι
2125 403 2193 458 Ὀ
2215 405 2429 476 ἑτέραις
2455 404 2671 472 γενεαῖς
2693 399 2793 456 οὐκ
2822 399 3129 473 ἐγνωρίσθη
3158 401 3269 463 τοῖς
3302 400 3439 465 υίοῖς
3467 402 3579 454 τῶν

319 507 565 577 agnitum
619 503 745 558 ﬁliis
785 500 1094 563 hominum,
1160 497 1331 553 siculi
1391 511 1539 552 nunc
1591 495 1894 550 revelatum

319 604 402 650 est
434 594 639 650 sanctis
681 590 948 662 apostolis
990 587 1112 659 ejus
1141 595 1198 643 et
1232 586 1518 657 prophetis
1560 585 1618 641 in
1662 585 1896 656 Spiritu,

320 692 511 755 gentes
544 697 667 740 esse
710 680 1025 736 cohaeredes
1069 689 1124 738 et
1157 678 1607 749 concorporales,
1655 685 1711 733 et
1754 691 1901 733 com-

315 772 622 845 participes
655 770 1043 841 promissionis
1093 767 1217 837 ejus
1265 767 1322 822 in
1345 767 1580 825 Christo
1618 764 1748 823 Jesu
1802 781 1900 836 per

318 864 677 934 Evangelium
709 878 722 917 :
754 861 912 931 cujus
940 859 1120 913 factus
1153 872 1276 915 sum
1309 859 1562 921 minister
1590 857 1898 917 secundum

313 957 527 1016 .donum
557 955 752 1027 gratiae
781 953 897 1018 Dei,
931 968 1055 1022 qua:
1099 952 1229 1009 data
1272 959 1358 1023 est
1408 950 1541 1005 mihi
1590 950 1900 1007 secundum

313 1048 699 1119 operationem
723 1046 947 1101 .virtutis
981 1044 1125 1113 ejus.
1157 1062 1176 1094 ι

384 1138 687 1194 Enimvero
724 1138 826 1194 etsi
872 1139 1163 1207 prophetas
1207 1134 1274 1193 de
1307 1135 1570 1208 mysterio
1604 1133 1710 1191 hoc
1734 1132 1901 1193 locuti

325 1233 569 1297 fuerant,
604 1229 1076 1300 obstupescebant
1104 1227 1256 1282 Petri
1291 1231 1525 1282 comites
1557 1245 1570 1280 :
1604 1226 1731 1296 ipse
1771 1238 1900 1278 vero

318 1322 521 1381 Petrus
552 1330 686 1377 tunc
716 1319 1000 1395 temporis,
1032 1318 1243 1390 Spiritu
1283 1315 1696 1380 manifest-ante,
1730 1315 1898 1369 intel-

324 1417 456 1471 lexit
483 1422 769 1483 susceptas
834 1426 1053 1482 quoque
1085 1425 1211 1466 esse
1238 1416 1430 1480 gentes
1463 1423 1493 1462 a
1532 1406 1662 1463 Deo.
1706 1405 1906 1461 Hacte-

1999 495 2097 551 ἀνθ
2109 496 2328 568 ρώπων,
2364 497 2441 560 ὡς
2481 495 2576 550 νῦν
2604 493 2967 566 ἀπεκαλύφθη
2997 496 3110 556 τοῖς
3139 492 3319 562 ἁγίοις
3346 494 3582 548 ἀποστόσ

1998 588 2113 654 λοις
2140 589 2305 643 αὐτοῦ
2350 590 2447 643 καὶ
2500 590 2812 661 προφήταις
2849 589 2908 647 ἐν
2958 587 3277 657 Πνεύματι,
3331 580 3471 640 εἶναι
3511 588 3581 640 τὰ

2000 680 2127 753 ἔθνη
2165 681 2609 752 συγκληρονόμα,
2643 681 2739 735 καὶ
2776 679 3065 750 σύσσωμα,
3119 680 3216 734 καὶ
3261 679 3585 751 συμμέτοχοι

1999 772 2102 842 τῆς
2132 772 2466 840 ἐπαγγελίας
2500 771 2665 825 αὑτοῦ
2696 773 2755 826 ὲν
2782 771 2860 842 τῷ
2890 770 3117 843 Χριστῷ
3142 771 3231 826 διὰ
3262 771 3357 825 τοῦ
3399 772 3584 839 Εὐαγ-

2000 862 2209 931 γελίου,
2240 855 2303 916 οὗ
2337 862 2610 933 ἐγενόμην
2652 863 2901 928 διάκονος
2938 865 3081 918 κατὰ
3108 863 3206 934 τὴν
3236 862 3446 934 δωρεὰν
3481 863 3586 932 τῆς

2001 956 2226 1026 χάριτος
2256 954 2351 1008 τοῦ
2383 955 2544 1021 Θεοῦ,
2572 956 2670 1027 τὴν
2701 956 2948 1011 δοθεῖσάν
2979 972 3069 1026 μοι
3111 953 3255 1008 κατὰ
3288 954 3386 1026 τὴν
3425 954 3580 1024 ἐνέρ-

2002 1064 2159 1115 γειαν
2189 1048 2290 1118 τῆς
2321 1048 2606 1119 δυνάμεως
2631 1047 2819 1103 αὐτοῦ.
2852 1067 2872 1098 ›

2075 1141 2187 1194 Καὶ
2211 1139 2545 1211 λαλούμενον
2579 1141 2692 1213 γὰρ
2725 1143 2783 1195 ὲν
2812 1142 3125 1212 προφήταις
3154 1139 3460 1211 μυστήριον
3479 1133 3583 1209 ἦν·

2004 1231 2401 1303 ἐξεπλήττοντο
2434 1231 2565 1300 γοῦν
2591 1234 2642 1286 οί
2674 1233 2812 1303 μετὰ
2853 1230 2949 1285 τοῦ
2992 1230 3226 1302 Πέτρου.
3257 1232 3369 1284 Καὶ
3423 1230 3590 1300 αὐτὸς

2007 1321 2066 1377 δὲ
2092 1323 2214 1377 τότε
2244 1324 2274 1377 ὁ
2304 1324 2512 1396 Πέτρος
2544 1324 2718 1378 συνίει
2740 1323 2831 1378 διὰ
2856 1326 2958 1393 τῆς
2976 1321 3075 1377 τοῦ
3108 1322 3427 1392 Πνεύματος
3453 1322 3591 1376 ἀποφ

2005 1412 2317 1483 καλύψεως,
2349 1413 2434 1466 ὅτι
2461 1412 2558 1466 καὶ
2586 1413 2656 1466 τὰ
2687 1410 2818 1481 ἔθνη
2840 1409 3226 1481 προσδέδεκται
3254 1410 3283 1462 ὁ
3304 1407 3460 1471 Θεός.
3499 1407 3589 1469 Ἑν

323 1523 426 1561 nus
448 1507 592 1561 enim
629 1506 683 1559 in
705 1503 1215 1573 obscurojacebant
1241 1502 1458 1572 eloquia
1487 1500 1901 1572 prophetarum,

2029 1504 2188 1575 ιδήλῳ
2218 1505 2328 1575 γὰρ
2357 1505 2437 1557 ἔτι
2467 1504 2536 1557 τὰ
2557 1503 2665 1558 τῶν
2706 1503 3008 1573 προφητῶν
3033 1502 3232 1566 ἔκειτο,
3271 1502 3369 1557 καὶ
3406 1501 3474 1555 δι’
3502 1502 3594 1553 αἱ-

322 1610 374 1652 et
404 1597 714 1668 :enigmatis
766 1604 827 1649 ut
877 1595 1178 1665 plurimum
1232 1593 1679 1656 involvebantur,
1714 1606 1907 1660 exspe-

2029 1598 2291 1668 νιγμάτων
2320 1595 2390 1649 τὰ
2419 1596 2595 1650 πολλὰ
2629 1596 2725 1650 καὶ
2753 1596 2855 1666 τῆς
2888 1596 3088 1665 πείρας
3129 1593 3425 1662 ἐπίγνωσιν
3455 1592 3591 1663 £93.-

322 1688 656 1767 ctabautque
691 1697 749 1739 ut
777 1686 1154 1755 experimento
1185 1690 1469 1755 comperta
1527 1681 1743 1737 ﬁerent.
1788 1680 1904 1744 illis

2029 1706 2115 1742 ιεν.
2160 1690 2287 1753 Τοῖς
2329 1686 2425 1754 οὖν
2456 1688 2730 1759 μετόχοις,
2780 1689 2938 1759 φησὶ,
2980 1687 3084 1757 τῆς
3130 1685 3223 1741 τοῦ
3270 1685 3594 1755 Πνεύματος

322 1763 518 1850 igitur,
545 1778 641 1848 qui
672 1776 905 1849 gratiam
942 1775 1188 1847 Spiritus
1229 1775 1656 1846 participavere,
1699 1774 1902 1844 inquit,

2029 1781 2233 1852 εάριτος
2265 1781 2442 1852 σαφὴς
2483 1779 2936 1845 ἀποκεκάλυπται
2980 1780 3075 1833 νῦν
3105 1781 3138 1850 ἡ
3181 1778 3447 1833 κοινωνία.
3479 1775 3596 1841 τῶν

327 1885 472 1925 nunc
513 1868 805 1924 manifeste
831 1865 1107 1938 patefacta
1140 1874 1225 1922 est
1269 1866 1596 1935 conjunctio
1630 1866 1908 1922 societas:-

2029 1872 2202 1936 tﬂw'bv,
2239 1873 2268 1942 ή
2300 1872 2437 1943 πρὸς
2472 1873 2561 1926 τὸν
2598 1871 2835 1943 Ἰσραὴλ,
2861 1873 2939 1936 είς
2979 1870 3079 1940 τὴν
3115 1868 3450 1937 ἐπαγγελίαν
3491 1867 3597 1938 τήν

321 1977 430 2033 que
456 1961 702 2033 gentium
754 1974 879 2015 cum
931 1957 1139 2024 Israel;
1184 1956 1488 2028 gentilibus
1549 1957 1809 2012 nimirum
1841 1956 1907 2011 ad

2029 1963 2183 2031 ιύητὴν
2213 1939 2592 2035 εἰσαγομένων
2621 1939 2715 2015 καὶ
2742 1939 2852 2016 τιὶῦν
2881 1939 3077 2024 ἐθνῶν,
3109 1958 3200 2014 διὰ
3225 1958 3324 2029 τὴν
3355 1956 3486 2028 μίαν
3511 1939 3608 2025 είς

321 2053 750 2124 promissionem
809 2048 1059 2106 eamdem
1121 2047 1384 2113 adductis
1453 2056 1682 2119 propter
1736 2063 1909 2107 unum

2029 2055 2249 2127 (ριστὸν
2288 2054 2680 2124 προσαγωγὴν.

320 2160 608 2206 accessum
650 2142 715 2197 ad
746 2141 1061 2213 _Christum,

396 2234 565 2291 Vens.
608 2235 642 2292 8
668 2275 683 2299 ,
724 2234 778 2289 9'.
817 2251 837 2286 ι
882 2231 1014 2288 Mihi
1044 2232 1290 2288 omnium
1324 2240 1648 2288 sanctorum
1682 2230 1910 2286 minimo

325 2326 450 2384 data
473 2334 558 2383 est
588 2323 764 2396 gratia
791 2323 929 2389 haec,
970 2323 1026 2378 in
1066 2321 1326 2391 gentibus
1367 2323 1773 2392 evangelizare.
1815 2339 1835 2374 ι

2029 2340 2100 2391 αις
2127 2321 2292 2393 αὕτη,
2317 2323 2378 2376 ἐν
2409 2323 2521 2385 τοῖς
2554 2320 2767 2374 ἔθνεσιν
2789 2316 3273 2390 εὐαγγελίσασθαι.
3302 2335 3321 2367 ι

400 2418 653 2488 Seipsum
688 2424 999 2477 sanctorum
1030 2414 1311 2473 minimum
1346 2412 1506 2476 dicit,
1550 2414 1679 2483 quia
1719 2412 1909 2468 Eccle—

2096 2414 2457 2487 Ἐλάχιστον
2485 2411 2606 2467 τῶν
2631 2413 2816 2482 ἁγίων
2844 2409 3037 2465 ἑαυτὸν
3065 2409 3240 2474 καλεῖ,
3266 2407 3355 2462 διὰ
3379 2407 3442 2462 τὸ
3465 2424 3603 2480 προρ

324 2511 465 2567 siam
509 2506 672 2581 185.
701 2507 828 2562 olim
886 2508 1194 2563 insectatus
1238 2496 1383 2571 erat,
1432 2515 1486 2560 et
1541 2505 1668 2562 illos
1712 2505 1909 2577 majori

2029 2505 2202 2585 ῑιῶξαι
2235 2505 2336 2579 τὴν
2378 2503 2730 2575 Ἐκκλησίαν,
2751 2500 3181 2585 προτιμοτέρους
3201 2499 3397 2555 ἑαυτοῦ
3427 2501 3602 2580 τιθεὶς

327 2604 536 2659 honore
572 2602 767 2672 dignos
807 2598 1009 2664 habet,,
1029 2597 1122 2668 qui
1158 2605 1286 2653 ante
1314 2613 1374 2653 se
1399 2597 1579 2653 vocati
1608 2606 1820 2664 essent,
1852 2605 1909 2656 et

2029 2598 2139 2662 τοὺς
2170 2596 2679 2670 προκεκλημένους,
2720 2595 2817 2653 καὶ
2853 2595 2961 2667 πρὸ
3000 2593 3276 2664 ἑκχύσεως
3307 2594 3480 2664 ἁγίων
3506 2594 3602 2651 ai..-

329 2698 650 2769 priusquam
699 2691 930 2763 sanguis
970 2697 1200 2773 sanctus
1243 2689 1641 2759 eﬂ'underetur,
1688 2698 1909 2763 aposto-

2029 2691 2208 2761 udzmv
2233 2690 2332 2761 τὴν
2361 2688 2671 2760 ἀποστολὴν
2709 2686 3175 2758 ἐγχειρισθὲντας.

330 2792 476 2845 latus
523 2800 726 2843 munus
775 2783 1150 2855 accepissent.
2065 2792 2075 2804 ο

403 2898 422 2935 ι
466 2874 890 2946 luvestigabiles
944 2871 1172 2928 divitias
1213 2866 1449 2930 Christi,
1498 2874 1553 2922 et
1600 2866 1909 2925 illuminare

2091 2895 2109 2928 ι
2141 2875 2249 2931 Τὸν
2280 2872 2684 2944 ἀνεξιχνίαστον
2717 2872 2949 2929 πλοῦτον
2975 2872 3071 2927 τοῦ
3096 2872 3355 2945 Χριστοῦ,
3373 2874 3467 2929 καὶ
3486 2890 3602 2943 φωρ

324 2984 537 3034 omnes,
570 2981 695 3038 quae
722 2965 795 3021 sit
829 2963 1174 3035 dispensatio
1209 2959 1544 3019 sacramenti
1593 2958 1909 3014 absconditi

2029 2969 2162 3024 ιίσαι
2194 2968 2428 3033 πάντας,
2460 2967 2542 3031 τίς
2594 2967 2628 3037 ή
2671 2966 2955 3036 οἰκονομία
2994 2965 3088 3020 τοῦ
3143 2966 3443 3037 μυστηρίου
3499 2966 3599 3028 τοῦ

328 3079 357 3117 a
418 3060 641 3118 sacculis
674 3058 731 3114 in
764 3057 899 3125 Deo,
933 3054 1030 3127 qui
1080 3053 1266 3110 omnia
1316 3050 1526 3109 creavit
1565 3066 1666 3122 per
1716 3049 1904 3107 Iesum

2029 3060 2543 3131 ὶποκεκρυμμένου,
2568 3056 2678 3114 ἀπὸ
2703 3058 2812 3111 τῶν
2839 3058 3051 3119 αἰώνων
3071 3058 3130 3111 ὲν
3159 3056 3235 3128 τῷ
3260 3056 3401 3129 Θεῷ,
3428 3056 3508 3128 τῷ
3528 3058 3601 3121 τὰ

2090 2251 2109 2289 ι
2149 2230 2307 2303 Ἐμοὶ
2338 2228 2740 2301 ἐλαχιστοτέρῳ
2772 2227 2992 2282 πάντων
3022 2224 3193 2296 ἁγίων
3221 2223 3377 2295 ἐδόθη
3413 2223 3448 2294 ἡ
3489 2220 3599 2293 χά-

324 3152 631 3211 Christum.
674 3170 693 3205 ι

398 3248 700 3313 Immensas
752 3243 953 3301 Christi
991 3242 1206 3300 divitias
1257 3248 1437 3306 vocat,
1490 3237 1680 3293 mundi
1738 3234 1912 3291 totius

329 3338 560 3394 salutem
595 3354 607 3392 :
640 3335 1085 3404 dispensationem
1121 3345 1252 3386 vero
1283 3327 1648 3391 sacramenti,
1688 3325 1914 3380 univer-

329 3446 518 3486 sorum
562 3429 848 3483 hominum
900 3426 957 3482 in
1006 3439 1116 3480 uno
1170 3422 1393 3479 Christo
1445 3416 1909 3489 assumptionem.

330 3504 447 3577 Hoc
500 3534 664 3591 porro
709 3525 1154 3582 sacramentum,
1205 3513 1411 3583 inquit,
1464 3526 1574 3566 non
1632 3519 1914 3579 postremo

330 3614 553 3668 tandem
583 3612 687 3665 hoc
722 3623 838 3665 arvo
874 3606 1248 3676 excogitatum
1282 3604 1385 3658 fuit
1420 3617 1450 3655 a
1474 3601 1603 3663 Deo,
1639 3598 1729 3653 cui
1760 3596 1913 3652 nulla

331 3707 587 3760 voluntas
621 3715 816 3758 recens
847 3696 1068 3765 accidit,
1105 3696 1201 3753 sed
1247 3710 1321 3753 ex,
1359 3702 1476 3747 toto
1520 3702 1788 3745 aeternum
1814 3704 1914 3745 ex-

332 3794 498 3858 sistit,
532 3791 650 3847 sive
678 3789 824 3845 Deus
854 3787 1114 3852 condere,
1145 3786 1261 3841 sive
1290 3785 1527 3848 salutem
1558 3777 1753 3834 aﬂerre
1785 3792 1913 3848 pro—

337 3894 524 3960 ponat.
1180 3938 1185 3941 .

402 3974 572 4029 Vens.
610 3972 697 4029 10.
733 3990 752 4027 ι
787 3969 859 4029 Ut
888 3972 1202 4025 innotescat
1245 3982 1391 4022 nunc
1425 3963 1832 4036 principatibus
1862 3970 1917 4019 et

331 4063 703 4134 potestatibus
749 4062 803 4116 in
846 4059 1172 4116 ccelestibus
1223 4073 1324 4129 per
1368 4056 1676 4113 Ecclesiam
1724 4054 1917 4111 multi.-

331 4155 529 4216 formis
568 4152 839 4224 sapientia
882 4151 1001 4207 Dei.
1034 4168 1056 4203 ι

405 4246 492 4304 Uti
545 4246 825 4318 principes
861 4243 1075 4308 mundi,
1127 4242 1330 4314 inquit,
1380 4240 1585 4311 quibus
1633 4237 1915 4310 incognita

330 4339 606 4410 sapientia
632 4338 726 4393 illa
755 4345 900 4401 erat.
927 4351 1050 4406 qum
1082 4336 1295 4406 pridem
1320 4332 1479 4391 nobis
1509 4331 1781 4388 destinata
1805 4336 1914 4395 est,

2017 3152 2196 3206 πάντα
2219 3151 2466 3206 κτίσαντι
2494 3150 2584 3205 διὰ
2620 3148 2793 3222 Ἰησοῦ
2825 3149 3087 3221 Χριστοῦ.
3126 3168 3148 3203 ι

2086 3242 2363 3298 Πλοῦτον
2387 3242 2696 3314 ἀμέτρητον
2720 3242 2981 3311 Χριστοῦ
3009 3240 3180 3309 λέγει,
3211 3241 3309 3311 τὴν
3338 3241 3434 3296 τοῦ
3458 3259 3600 3301 παν-

2013 3335 2107 3400 τὸς
2135 3335 2346 3406 κόσμου
2390 3334 2698 3406 σωτηρίαν*
2724 3334 3078 3402 οἰκονομίαν
3119 3332 3178 3386 δὲ
3218 3332 3325 3388 τοῦ
3358 3350 3598 3402 μυστη-

2007 3428 2148 3497 ρίου
2175 3427 2278 3497 τὴν
2310 3425 2582 3496 ἀνάληψιν
2613 3425 2834 3480 πάντων
2870 3423 3177 3497 ἀνθρώπων
3222 3426 3304 3489 είς
3333 3425 3429 3481 ἕνα
3458 3427 3601 3498 Χρι-

2018 3520 2165 3573 στόν.
2195 3517 2368 3572 Τοῦτο
2410 3517 2468 3572 δὲ
2510 3517 2572 3571 τὸ
2625 3518 2947 3588 μυστήριον,
2987 3517 3176 3587 φησὶν,
3231 3516 3331 3588 οὐχ
3370 3515 3599 3587 ὕστερον

2017 3610 2331 3680 ὲπεσκᾴφθη
2367 3608 2521 3680 παρὰ
2547 3607 2688 3679 Θεῷ,
2711 3610 2791 3663 ὄτι
2827 3608 2994 3681 μηδὲν
3038 3608 3426 3679 ἐπιγενόμενον
3471 3608 3603 3680 βού-

2015 3703 2166 3774 λημα
2192 3704 2324 3774 παρ’
2357 3701 2529 3773 αὐτῷ,
2563 3701 2702 3756 ἀλλὰ
2740 3699 2960 3756 αἰώνιον
3003 3702 3172 3764 ἅπαν.
3207 3703 3326 3772 ἅμα
3357 3701 3439 3773 τῷ
3479 3701 3602 3769 xci:

2017 3796 2152 3861 ζειν,
2186 3795 2285 3849 καὶ
2311 3795 2412 3865 τὴν
2437 3792 2714 3863 σωτηρίαν
2748 3791 3238 3865 καταὸαλλομένῳ,

2094 3990 2113 4022 ι
2143 3970 2264 4025 Ἵνα
2308 3968 2585 4039 γνωρισθῇ
2609 3966 2704 4020 νῦν
2735 3969 2857 4030 ταῖς
2901 3967 3119 4038 ἀρχαῖς,
3144 3966 3239 4021 καὶ
3287 3969 3407 4031 ταῖς
3446 3966 3604 4034 £500.-

2020 4062 2165 4124 σίαις
2197 4062 2255 4113 ὲν
2285 4062 2399 4122 τοῖς
2430 4058 2780 4132 ἐπουρανίοις
2807 4057 2894 4112 διὰ
2932 4059 3037 4133 τῆς
3086 4057 3417 4129 Ἐκκλησίας
3438 4060 3473 4130 ἡ
3505 4075 3599 4113 πο·

2016 4153 2336 4218 λυποίκιλος
2357 4152 2522 4223 σοφία
2550 4150 2647 4210 τοῦ
2678 4151 2837 4207 Θεοῦ.
2860 4171 2884 4211 ι
2933 4194 2937 4198 .
3395 4133 3398 4136 ’

2090 4247 2213 4302 Ἵνα
2243 4247 2295 4301 oi
2320 4247 2605 4318 ᾇρχοντες,
2631 4245 2788 4317 φησὶ,
2813 4244 2911 4298 τοῦ
2942 4244 3177 4315 κόσμου,
3196 4243 3248 4297 οἱ
3277 4243 3377 4314 τὴν
3406 4244 3606 4313 σοφίαν

2018 4342 2415 4413 ἀγνοήσαντες,
2448 4342 2550 4412 τὴν
2595 4340 2732 4413 πρὸς
2768 4341 2920 4411 ἡμᾶς
2979 4340 3435 4411 πρωρισθεῖσαν,
3486 4339 3609 4392 sact-

328 4439 638 4502 agnoscant
682 4430 901 4485 tandem
945 4444 1017 4484 ex
1053 4425 1421 4483 aediﬁcatione
1458 4422 1720 4489 Ecclesiae
1759 4435 1909 4476 novat

2029 4432 2199 4502 γνῶσι
2228 4430 2325 4485 νῦν
2364 4432 2431 4506 ἐκ
2474 4431 2574 4501 τῆς
2628 4430 2956 4502 Ἐκκλησίας
3003 4428 3467 4500 οίκοδομουμένης
3506 4427 3606 4481 τὸν

329 4520 633 4577 creationis
668 4527 977 4584 auctorem,
1009 4518 1102 4589 qui
1150 4515 1374 4586 quidem
1411 4524 1588 4568 morte
1618 4526 1718 4566 sua
1751 4510 1909 4567 tinem

2029 4521 2246 4592 κτίστην
2279 4520 2378 4592 τῆς
2409 4520 2537 4585 νίας
2581 4520 2836 4585 κτίσεως,
2894 4521 3071 4592 πέρας
3102 4519 3201 4591 μὲν
3237 4518 3499 4574 ἐπιθέντα
3530 4520 3604 4589 τῇ

334 4609 602 4681 imposuit
631 4609 803 4680 priori
820 4615 1124 4673 creaturae;
1149 4620 1247 4675 per
1274 4600 1736 4659 resurrectionem
1761 4615 1913 4664 vero,

335 4715 488 4755 nova:
521 4698 855 4771 principium
896 4697 1133 4752 invexit.

399 4790 571 4867 γεω.
609 4789 798 4844 11-15.
835 4805 855 4840 ι
907 4785 1221 4847 Secundum
1273 4781 1693 4855 pra-ﬁnitionem
1744 4796 1917 4836 saccu—

304 4883 536 4949 wlorum,
577 4895 743 4949 quam
773 4878 903 4934 fecit
930 4878 983 4931 in
1017 4876 1245 4949 Christo
1278 4874 1412 4931 Jesu
1449 4874 1674 4930 Domino
1702 4883 1915 4939 nostro,

337 4976 390 5028 in
431 4987 542 5043 quo
593 4971 864 5027 habemus
902 4969 1158 5025 ﬁduciam
1208 4978 1264 5022 et
1313 4980 1597 5022 accessqu
1646 4966 1704 5021 in
1739 4964 1915 5021 conﬁ-

338 5058 522 5115 dentia
569 5074 664 5130 per
695 5059 854 5113 ﬁdem
893 5059 1032 5128 ejus.
1064 5056 1297 5128 Propter
1336 5056 1483 5126 quod
1531 5065 1658 5126 peto
1686 5072 1754 5110 ne
1779 5056 1914 5111 deli-

337 5149 496 5202 ciatis
543 5148 598 5202 in
644 5147 1106 5202 tribulationibus
1135 5149 1271 5201 lueis
1316 5162 1419 5218 pro
1448 5148 1641 5211 vobis;
1674 5160 1797 5216 qua:
1831 5153 1918 5200 cst

335 5239 510 5310 gloria
544 5250 748 5295 vestra.
788 5257 809 5292 ι

420 5332 468 5389 Δ
522 5331 762 5397 saeculis,
821 5329 1027 5400 inquit,
1089 5331 1361 5403 sapientia
1418 5328 1514 5384 Dci
1581 5327 1913 5400 proposuit,

337 5424 744 5497 prmstituitque
784 5424 1020 5478 salutem
1068 5438 1232 5492 quam
1286 5422 1547 5481 Christus
1593 5421 1798 5484 attulit,
1861 5420 1916 5473 in

341 5515 463 5584 ipso
490 5515 733 5570 condens
758 5515 1176 5585 praetinitionem
1209 5528 1426 5569 omnem
1452 5512 1913 5583 dispensationis,

336 5610 607 5672 quatenus
650 5606 764 5659 haec
793 5606 977 5660 futura
1012 5616 1133 5659 erat
1171 5615 1338 5674 caput
1385 5611 1441 5658 et
1482 5617 1699 5659 summa
1745 5605 1918 5657 totius

339 5696 739 5755 renovatiouis;
774 5697 832 5755 in
868 5695 1024 5753 nobis
1054 5697 1198 5753 enim
1245 5695 1569 5766 expurgatio
1606 5694 1747 5748 facta
1787 5702 1910 5759 est;

2021 4613 2265 4685 προτέρᾳ
2293 4612 2472 4667 κτίσει
2503 4611 2594 4666 διὰ
2623 4611 2720 4665 τοῦ
2755 4612 3012 4677 θανάτου,
3046 4612 3222 4683 ἀρχὴν
3258 4612 3319 4665 δὲ
3346 4611 3447 4682 τῆς
3480 4611 3607 4664 δευ-

2017 4702 2184 4773 τέρας
2210 4702 2600 4771 εἰσαγαγόντος
2623 4702 2712 4759 διὰ
2740 4702 2842 4772 τῆς
2872 4703 3242 4766 ἀναστάσεως.

2096 4812 2115 4847 ι
2155 4792 2316 4855 Κατὰ
2334 4792 2594 4862 πρόθεσιν
2615 4793 2726 4847 τῶν
2749 4793 2989 4859 αἰώνων,
3017 4797 3086 4861 ῆν
3108 4795 3366 4867 ἐποίησεν
3398 4796 3458 4848 ὲν
3473 4795 3610 4866 Χριρ

2021 4879 2133 4948 στῷ
2165 4877 2340 4948 Ἰησοῦ
2371 4878 2450 4948 τῷ
2483 4880 2676 4951 Κυρίῳ
2705 4881 2887 4952 ἡμῶν,
2927 4883 2986 4935 ἐν
3013 4876 3058 4952 ᾧ
3089 4882 3285 4953 ἔχομεν
3322 4882 3421 4954 τὴν
3456 4886 3606 4957 παῤ-

2020 4970 2215 5050 ῥησίαν
2251 4970 2346 5029 καὶ
2390 4970 2491 5043 τὴν
2540 4973 2906 5045 προσαγωγὴν
2947 4976 3005 5027 ιν
3044 4974 3366 5044 πεποιθήσει
3391 4974 3606 5045 διάτῆς

2020 5062 2258 5126 πίστεως
2285 5062 2471 5118 αὐτοῦ.
2509 5064 2605 5118 Διὸ
2642 5066 2903 5135 αἰτοῦμαι
2941 5067 3016 5137 μὴ
3062 5068 3329 5120 ὲκκακεῖν
3375 5066 3439 5119 ὲν
3476 5068 3604 5131 ταῖς

2021 5151 2233 5225 θλίψεσί
2263 5170 2368 5223 μου
2401 5154 2544 5227 ὑπὲρ
2572 5155 2749 5228 ὑμῶν,
2774 5159 2895 5232 ἥτις
2925 5159 3045 5221 ἐστὶ
3069 5157 3199 5223 δόξα
3226 5157 3400 5229 ὑμῶν.
3433 5178 3454 5210 ι

2106 5330 2200 5401 Ἐξ
2233 5331 2470 5397 αἰώνων,
2513 5333 2703 5403 φησὶν,
2736 5334 2770 5405 ή
2802 5334 2899 5387 τοῦ
2937 5332 3075 5387 Θεοῦ
3109 5333 3272 5405 σοφία
3315 5333 3606 5406 προέθετο,

2021 5426 2115 5479 καὶ
2142 5424 2535 5495 πρώιατέταχε
2556 5426 2658 5496 τὴν
2686 5426 2744 5479 ὲν
2772 5424 2997 5497 Χριστῷ
3030 5427 3331 5498 σωτηρίαν,
3363 5427 3423 5479 ἑν
3449 5428 3609 5498 αὐτῷ

2021 5516 2371 5585 ποιησαμένη
2401 5514 2500 5586 τὴν
2531 5516 2660 5584 ὅλην
2697 5516 2955 5587 πρόθεσιν
2983 5515 3085 5586 τῆς
3102 5515 3438 5587 οἰκονομίας,
3464 5516 3608 5570 καθὸ

2020 5606 2084 5675 δὴ
2111 5605 2305 5675 ἔμελλε
2341 5606 2640 5674 κεφάλαιον
2670 5607 2893 5663 ἔσεσθαι
2939 5609 3040 5678 τῆς
3075 5608 3292 5662 πάντων
3318 5610 3609 5663 ἀνακαινί-

2023 5714 2179 5764 σεως.
2219 5697 2308 5753 Ἑν
2332 5698 2466 5776 ἡμῖν
2490 5697 2602 5781 γὰρ
2631 5701 2663 5771 ἡ
2695 5701 2986 5772 κάθαρσις,
3009 5702 3068 5754 ὲν
3090 5701 3241 5777 αὐτῷ
3278 5702 3334 5755 δὲ
3434 5701 3607 5766 καθας
