  <div class='ocr_page' id='page_1' title='image "/cluster/home/n/w/nwhite01/storage/ocr_20150623/95:no.2/coo.31924054869999/427.png"; bbox 0 0 3970 6432; ppageno 0'>
   <div class='ocr_carea' id='block_1_1' title="bbox 391 332 497 398">
    <p class='ocr_par' dir='ltr' id='par_1_1' title="bbox 391 332 497 398">
     <span class='ocr_line' id='line_1_1' title="bbox 391 332 497 398; baseline -0.009 -1"><span class='ocrx_word' id='word_1_1' title='bbox 391 332 497 398; x_wconf 80' lang='lat'><strong>839</strong></span> 
     </span>
    </p>
   </div>
   <div class='ocr_carea' id='block_1_2' title="bbox 457 617 1970 683">
    <p class='ocr_par' dir='ltr' id='par_1_2' title="bbox 457 617 1970 683">
     <span class='ocr_line' id='line_1_2' title="bbox 457 617 1970 683; baseline -0.002 -7"><span class='ocrx_word' id='word_1_2' title='bbox 457 621 529 677; x_wconf 84' lang='lat' dir='ltr'><strong>Ut</strong></span> <span class='ocrx_word' id='word_1_3' title='bbox 555 620 942 674; x_wconf 88' lang='lat' dir='ltr'><strong>additamento</strong></span> <span class='ocrx_word' id='word_1_4' title='bbox 977 626 1184 673; x_wconf 87' lang='lat' dir='ltr'><strong>sanctae</strong></span> <span class='ocrx_word' id='word_1_5' title='bbox 1218 618 1365 674; x_wconf 90' lang='lat' dir='ltr'><strong>illius</strong></span> <span class='ocrx_word' id='word_1_6' title='bbox 1411 617 1670 675; x_wconf 73' lang='lat' dir='ltr'><strong>Ecclesiae</strong></span> <span class='ocrx_word' id='word_1_7' title='bbox 1707 619 1970 683; x_wconf 73' lang='lat' dir='ltr'><strong>cmlestis,</strong></span> 
     </span>
    </p>
   </div>
   <div class='ocr_carea' id='block_1_3' title="bbox 386 709 1970 783">
    <p class='ocr_par' dir='ltr' id='par_1_3' title="bbox 386 709 1970 783">
     <span class='ocr_line' id='line_1_3' title="bbox 386 709 1970 783; baseline -0.001 -16"><span class='ocrx_word' id='word_1_8' title='bbox 386 723 499 768; x_wconf 77' lang='lat' dir='ltr'><strong>tota</strong></span> <span class='ocrx_word' id='word_1_9' title='bbox 534 711 822 783; x_wconf 90' lang='lat' dir='ltr'><strong>plenitudo</strong></span> <span class='ocrx_word' id='word_1_10' title='bbox 873 709 968 766; x_wconf 85' lang='lat' dir='ltr'><strong>Dei</strong></span> <span class='ocrx_word' id='word_1_11' title='bbox 1016 711 1317 778; x_wconf 81' lang='lat' dir='ltr'><strong>coalescat,</strong></span> <span class='ocrx_word' id='word_1_12' title='bbox 1351 726 1476 765; x_wconf 90' lang='lat' dir='ltr'><strong>cum</strong></span> <span class='ocrx_word' id='word_1_13' title='bbox 1518 726 1584 766; x_wconf 78' lang='lat' dir='ltr'><strong>ex</strong></span> <span class='ocrx_word' id='word_1_14' title='bbox 1620 711 1970 775; x_wconf 87' lang='lat' dir='ltr'><strong>coelestibus,</strong></span> 
     </span>
    </p>
   </div>
   <div class='ocr_carea' id='block_1_4' title="bbox 387 802 886 858">
    <p class='ocr_par' dir='ltr' id='par_1_4' title="bbox 387 802 886 858">
     <span class='ocr_line' id='line_1_4' title="bbox 387 802 886 858; baseline -0.004 0"><span class='ocrx_word' id='word_1_15' title='bbox 387 814 502 858; x_wconf 76' lang='lat' dir='ltr'><strong>tum</strong></span> <span class='ocrx_word' id='word_1_16' title='bbox 531 818 592 857; x_wconf 77' lang='lat' dir='ltr'><strong>ex</strong></span> <span class='ocrx_word' id='word_1_17' title='bbox 627 802 886 858; x_wconf 91' lang='lat' dir='ltr'><strong>terrenis.</strong></span> 
     </span>
    </p>
   </div>
   <div class='ocr_carea' id='block_1_5' title="bbox 458 894 1975 965">
    <p class='ocr_par' dir='ltr' id='par_1_5' title="bbox 458 894 1975 965">
     <span class='ocr_line' id='line_1_5' title="bbox 458 894 1975 965; baseline 0 -15"><span class='ocrx_word' id='word_1_18' title='bbox 458 895 628 952; x_wconf 77' lang='lat' dir='ltr'><strong>Vens.</strong></span> <span class='ocrx_word' id='word_1_19' title='bbox 671 896 762 960; x_wconf 76' lang='lat'><strong>20,</strong></span> <span class='ocrx_word' id='word_1_20' title='bbox 796 895 890 950; x_wconf 74' lang='lat'><strong>9.1.</strong></span> <span class='ocrx_word' id='word_1_21' title='bbox 933 914 951 947; x_wconf 86' lang='grc'>‹</span> <span class='ocrx_word' id='word_1_22' title='bbox 990 895 1052 950; x_wconf 83' lang='grc' dir='ltr'>Εἰ</span> <span class='ocrx_word' id='word_1_23' title='bbox 1083 901 1265 949; x_wconf 90' lang='lat' dir='ltr'><strong>autem</strong></span> <span class='ocrx_word' id='word_1_24' title='bbox 1313 894 1406 965; x_wconf 86' lang='lat' dir='ltr'><strong>qui</strong></span> <span class='ocrx_word' id='word_1_25' title='bbox 1448 900 1643 964; x_wconf 91' lang='lat' dir='ltr'><strong>potens</strong></span> <span class='ocrx_word' id='word_1_26' title='bbox 1675 905 1756 949; x_wconf 88' lang='lat' dir='ltr'><strong>est</strong></span> <span class='ocrx_word' id='word_1_27' title='bbox 1789 895 1975 950; x_wconf 83' lang='lat' dir='ltr'><strong>omnia</strong></span> 
     </span>
    </p>
   </div>
   <div class='ocr_carea' id='block_1_6' title="bbox 387 984 1977 1056">
    <p class='ocr_par' dir='ltr' id='par_1_6' title="bbox 387 984 1977 1056">
     <span class='ocr_line' id='line_1_6' title="bbox 387 984 1977 1056; baseline 0 -16"><span class='ocrx_word' id='word_1_28' title='bbox 387 985 570 1042; x_wconf 83' lang='lat' dir='ltr'><strong>facere</strong></span> <span class='ocrx_word' id='word_1_29' title='bbox 602 987 1121 1056; x_wconf 83' lang='lat' dir='ltr'><strong>superabundanter</strong></span> <span class='ocrx_word' id='word_1_30' title='bbox 1155 999 1321 1055; x_wconf 90' lang='lat' dir='ltr'><strong>quam</strong></span> <span class='ocrx_word' id='word_1_31' title='bbox 1361 985 1601 1055; x_wconf 90' lang='lat' dir='ltr'><strong>petimus</strong></span> <span class='ocrx_word' id='word_1_32' title='bbox 1644 994 1740 1039; x_wconf 89' lang='lat' dir='ltr'><strong>aut</strong></span> <span class='ocrx_word' id='word_1_33' title='bbox 1774 984 1977 1040; x_wconf 80' lang='lat' dir='ltr'><strong>intelli-</strong></span> 
     </span>
    </p>
   </div>
   <div class='ocr_carea' id='block_1_7' title="bbox 385 1076 1972 1147">
    <p class='ocr_par' dir='ltr' id='par_1_7' title="bbox 385 1076 1972 1147">
     <span class='ocr_line' id='line_1_7' title="bbox 385 1076 1972 1147; baseline -0.001 -16"><span class='ocrx_word' id='word_1_34' title='bbox 385 1078 585 1147; x_wconf 88' lang='lat' dir='ltr'><strong>gimus,</strong></span> <span class='ocrx_word' id='word_1_35' title='bbox 609 1077 914 1133; x_wconf 87' lang='lat' dir='ltr'><strong>secundum</strong></span> <span class='ocrx_word' id='word_1_36' title='bbox 943 1079 1202 1133; x_wconf 74' lang='lat' dir='ltr'><strong>virtutem</strong></span> <span class='ocrx_word' id='word_1_37' title='bbox 1237 1092 1360 1146; x_wconf 65' lang='lat' dir='ltr'><strong>quas</strong></span> <span class='ocrx_word' id='word_1_38' title='bbox 1387 1086 1652 1146; x_wconf 85' lang='lat' dir='ltr'><strong>operatur</strong></span> <span class='ocrx_word' id='word_1_39' title='bbox 1686 1078 1740 1131; x_wconf 93' lang='lat' dir='ltr'><strong>iu</strong></span> <span class='ocrx_word' id='word_1_40' title='bbox 1771 1076 1933 1132; x_wconf 87' lang='lat' dir='ltr'><strong>nobis</strong></span> <span class='ocrx_word' id='word_1_41' title='bbox 1959 1094 1972 1140; x_wconf 89' lang='lat'><strong>;</strong></span> 
     </span>
    </p>
   </div>
   <div class='ocr_carea' id='block_1_8' title="bbox 385 1167 1974 1240">
    <p class='ocr_par' dir='ltr' id='par_1_8' title="bbox 385 1167 1974 1240">
     <span class='ocr_line' id='line_1_8' title="bbox 385 1167 1974 1240; baseline 0.001 -16"><span class='ocrx_word' id='word_1_42' title='bbox 385 1171 491 1240; x_wconf 83' lang='lat' dir='ltr'><strong>ipsi</strong></span> <span class='ocrx_word' id='word_1_43' title='bbox 532 1171 703 1240; x_wconf 88' lang='lat' dir='ltr'><strong>gloria</strong></span> <span class='ocrx_word' id='word_1_44' title='bbox 751 1170 803 1224; x_wconf 92' lang='lat' dir='ltr'><strong>in</strong></span> <span class='ocrx_word' id='word_1_45' title='bbox 848 1169 1117 1236; x_wconf 84' lang='lat' dir='ltr'><strong>Ecclesia,</strong></span> <span class='ocrx_word' id='word_1_46' title='bbox 1153 1171 1204 1222; x_wconf 93' lang='lat' dir='ltr'><strong>in</strong></span> <span class='ocrx_word' id='word_1_47' title='bbox 1253 1168 1478 1225; x_wconf 87' lang='lat' dir='ltr'><strong>Christo</strong></span> <span class='ocrx_word' id='word_1_48' title='bbox 1511 1167 1666 1236; x_wconf 88' lang='lat' dir='ltr'><strong>Jesu,</strong></span> <span class='ocrx_word' id='word_1_49' title='bbox 1693 1169 1748 1224; x_wconf 90' lang='lat' dir='ltr'><strong>in</strong></span> <span class='ocrx_word' id='word_1_50' title='bbox 1781 1184 1974 1225; x_wconf 88' lang='lat' dir='ltr'><strong>omnes</strong></span> 
     </span>
    </p>
   </div>
   <div class='ocr_carea' id='block_1_9' title="bbox 386 1262 1678 1333">
    <p class='ocr_par' dir='ltr' id='par_1_9' title="bbox 386 1262 1678 1333">
     <span class='ocr_line' id='line_1_9' title="bbox 386 1262 1678 1333; baseline -0.004 -15"><span class='ocrx_word' id='word_1_51' title='bbox 386 1264 771 1333; x_wconf 85' lang='lat' dir='ltr'><strong>generationes</strong></span> <span class='ocrx_word' id='word_1_52' title='bbox 801 1263 988 1318; x_wconf 78' lang='lat' dir='ltr'><strong>saeculi</strong></span> <span class='ocrx_word' id='word_1_53' title='bbox 1023 1262 1382 1318; x_wconf 85' lang='lat' dir='ltr'><strong>saeculorum.</strong></span> <span class='ocrx_word' id='word_1_54' title='bbox 1419 1263 1617 1318; x_wconf 80' lang='lat' dir='ltr'><strong>Amen.</strong></span> <span class='ocrx_word' id='word_1_55' title='bbox 1659 1280 1678 1313; x_wconf 75' lang='grc' dir='ltr'><strong>ι</strong></span> 
     </span>
    </p>
   </div>
   <div class='ocr_carea' id='block_1_10' title="bbox 1048 1396 1336 1451">
    <p class='ocr_par' dir='ltr' id='par_1_10' title="bbox 1048 1396 1336 1451">
     <span class='ocr_line' id='line_1_10' title="bbox 1048 1396 1336 1451; baseline 0.003 -1"><span class='ocrx_word' id='word_1_56' title='bbox 1048 1397 1204 1451; x_wconf 80' lang='lat' dir='ltr'><strong>CAP.</strong></span> <span class='ocrx_word' id='word_1_57' title='bbox 1244 1396 1336 1451; x_wconf 78' lang='grc' dir='ltr'><strong>ιν.</strong></span> 
     </span>
    </p>
   </div>
   <div class='ocr_carea' id='block_1_11' title="bbox 455 1507 1976 1582">
    <p class='ocr_par' dir='ltr' id='par_1_11' title="bbox 455 1507 1976 1582">
     <span class='ocr_line' id='line_1_11' title="bbox 455 1507 1976 1582; baseline -0.003 -15"><span class='ocrx_word' id='word_1_58' title='bbox 455 1513 624 1569; x_wconf 80' lang='lat' dir='ltr'><strong>Vsns.</strong></span> <span class='ocrx_word' id='word_1_59' title='bbox 669 1514 789 1568; x_wconf 77' lang='grc'><strong>1-5.</strong></span> <span class='ocrx_word' id='word_1_60' title='bbox 828 1531 846 1564; x_wconf 81' lang='grc' dir='ltr'><strong>ι</strong></span> <span class='ocrx_word' id='word_1_61' title='bbox 877 1510 1127 1568; x_wconf 85' lang='lat' dir='ltr'><strong>Obsecro</strong></span> <span class='ocrx_word' id='word_1_62' title='bbox 1159 1513 1348 1582; x_wconf 84' lang='lat' dir='ltr'><strong>itaque</strong></span> <span class='ocrx_word' id='word_1_63' title='bbox 1379 1525 1501 1576; x_wconf 89' lang='lat' dir='ltr'><strong>vos,</strong></span> <span class='ocrx_word' id='word_1_64' title='bbox 1538 1523 1641 1580; x_wconf 82' lang='lat' dir='ltr'><strong>ego</strong></span> <span class='ocrx_word' id='word_1_65' title='bbox 1665 1507 1890 1564; x_wconf 89' lang='lat' dir='ltr'><strong>vinctus</strong></span> <span class='ocrx_word' id='word_1_66' title='bbox 1919 1508 1976 1563; x_wconf 90' lang='lat' dir='ltr'><strong>in</strong></span> 
     </span>
    </p>
   </div>
   <div class='ocr_carea' id='block_1_12' title="bbox 389 1601 700 1658">
    <p class='ocr_par' dir='ltr' id='par_1_12' title="bbox 389 1601 700 1658">
     <span class='ocr_line' id='line_1_12' title="bbox 389 1601 700 1658; baseline 0.006 -4"><span class='ocrx_word' id='word_1_67' title='bbox 389 1601 645 1658; x_wconf 85' lang='lat' dir='ltr'><strong>Domino.</strong></span> <span class='ocrx_word' id='word_1_68' title='bbox 680 1622 700 1656; x_wconf 75' lang='grc' dir='ltr'><strong>ι</strong></span> 
     </span>
    </p>
   </div>
   <div class='ocr_carea' id='block_1_13' title="bbox 455 1690 1973 1764">
    <p class='ocr_par' dir='ltr' id='par_1_13' title="bbox 455 1690 1973 1764">
     <span class='ocr_line' id='line_1_13' title="bbox 455 1690 1973 1764; baseline -0.001 -18"><span class='ocrx_word' id='word_1_69' title='bbox 455 1691 576 1748; x_wconf 85' lang='lat' dir='ltr'><strong>Non</strong></span> <span class='ocrx_word' id='word_1_70' title='bbox 611 1694 717 1750; x_wconf 85' lang='lat' dir='ltr'><strong>sibi</strong></span> <span class='ocrx_word' id='word_1_71' title='bbox 744 1693 952 1749; x_wconf 87' lang='lat' dir='ltr'><strong>Paulus</strong></span> <span class='ocrx_word' id='word_1_72' title='bbox 973 1699 1194 1764; x_wconf 86' lang='lat' dir='ltr'><strong>arrogat</strong></span> <span class='ocrx_word' id='word_1_73' title='bbox 1226 1693 1374 1762; x_wconf 91' lang='lat' dir='ltr'><strong>quod</strong></span> <span class='ocrx_word' id='word_1_74' title='bbox 1397 1690 1582 1747; x_wconf 85' lang='lat' dir='ltr'><strong>omnia</strong></span> <span class='ocrx_word' id='word_1_75' title='bbox 1609 1690 1973 1747; x_wconf 78' lang='lat' dir='ltr'><strong>intellexerit.</strong></span> 
     </span>
    </p>
   </div>
   <div class='ocr_carea' id='block_1_14' title="bbox 989 328 2448 424">
    <p class='ocr_par' dir='ltr' id='par_1_14' title="bbox 989 328 2448 424">
     <span class='ocr_line' id='line_1_14' title="bbox 989 328 2448 424; baseline 0.002 -38"><span class='ocrx_word' id='word_1_76' title='bbox 989 415 999 424; x_wconf 65' lang='lat'><em>_</em></span> <span class='ocrx_word' id='word_1_77' title='bbox 1561 330 1622 388; x_wconf 88' lang='lat' dir='ltr'><strong>S.</strong></span> <span class='ocrx_word' id='word_1_78' title='bbox 1660 328 1980 389; x_wconf 79' lang='lat' dir='ltr'><strong>JOANNIS</strong></span> <span class='ocrx_word' id='word_1_79' title='bbox 2019 328 2415 391; x_wconf 74' lang='grc' dir='ltr'><strong>υΑΜΑςεΕΝ</strong></span> <span class='ocrx_word' id='word_1_80' title='bbox 2421 330 2448 389; x_wconf 95' lang='grc' dir='ltr'><strong>Ι</strong></span> 
     </span>
    </p>
   </div>
   <div class='ocr_carea' id='block_1_15' title="bbox 455 441 2048 516">
    <p class='ocr_par' dir='ltr' id='par_1_15' title="bbox 455 441 2048 516">
     <span class='ocr_line' id='line_1_15' title="bbox 455 441 2048 516; baseline -0.007 -13"><span class='ocrx_word' id='word_1_81' title='bbox 455 469 477 504; x_wconf 69' lang='grc' dir='ltr'><strong>ι</strong></span> <span class='ocrx_word' id='word_1_82' title='bbox 519 443 590 502; x_wconf 88' lang='lat' dir='ltr'><strong>Ut</strong></span> <span class='ocrx_word' id='word_1_83' title='bbox 622 441 963 516; x_wconf 89' lang='lat' dir='ltr'><strong>impleamini</strong></span> <span class='ocrx_word' id='word_1_84' title='bbox 999 443 1052 498; x_wconf 81' lang='lat' dir='ltr'><strong>in</strong></span> <span class='ocrx_word' id='word_1_85' title='bbox 1084 457 1303 498; x_wconf 88' lang='lat' dir='ltr'><strong>onmem</strong></span> <span class='ocrx_word' id='word_1_86' title='bbox 1350 442 1754 513; x_wconf 84' lang='lat' dir='ltr'><strong>plenitudinem</strong></span> <span class='ocrx_word' id='word_1_87' title='bbox 1789 442 1903 498; x_wconf 93' lang='lat' dir='ltr'><strong>Dei.</strong></span> <span class='ocrx_word' id='word_1_88' title='bbox 1951 461 1968 493; x_wconf 77' lang='grc' dir='ltr'><strong>ι</strong></span> <span class='ocrx_word' id='word_1_89' title='bbox 2004 450 2048 504; x_wconf 80' lang='grc' dir='ltr'>Α</span> 
     </span>
    </p>
   </div>
   <div class='ocr_carea' id='block_1_16' title="bbox 3546 334 3656 401">
    <p class='ocr_par' dir='ltr' id='par_1_16' title="bbox 3546 334 3656 401">
     <span class='ocr_line' id='line_1_16' title="bbox 3546 334 3656 401; baseline -0.009 0"><span class='ocrx_word' id='word_1_90' title='bbox 3546 334 3656 401; x_wconf 68' lang='grc'><strong>840</strong></span> 
     </span>
    </p>
   </div>
   <div class='ocr_carea' id='block_1_17' title="bbox 2154 444 3655 521">
    <p class='ocr_par' dir='ltr' id='par_1_17' title="bbox 2154 444 3655 521">
     <span class='ocr_line' id='line_1_17' title="bbox 2154 444 3655 521; baseline 0.006 -27"><span class='ocrx_word' id='word_1_91' title='bbox 2154 466 2172 494; x_wconf 80' lang='grc' dir='ltr'><strong>ι</strong></span> <span class='ocrx_word' id='word_1_92' title='bbox 2236 445 2351 497; x_wconf 81' lang='grc' dir='ltr'>Ἵνα</span> <span class='ocrx_word' id='word_1_93' title='bbox 2406 444 2733 515; x_wconf 71' lang='grc' dir='ltr'><strong>πληρωθῆτε</strong></span> <span class='ocrx_word' id='word_1_94' title='bbox 2791 445 2872 508; x_wconf 86' lang='grc' dir='ltr'><strong>εἰς</strong></span> <span class='ocrx_word' id='word_1_95' title='bbox 2937 447 3048 501; x_wconf 79' lang='grc' dir='ltr'>πᾶν</span> <span class='ocrx_word' id='word_1_96' title='bbox 3107 447 3169 500; x_wconf 81' lang='grc' dir='ltr'>τὸ</span> <span class='ocrx_word' id='word_1_97' title='bbox 3221 448 3498 521; x_wconf 80' lang='grc' dir='ltr'>πλήρωμα</span> <span class='ocrx_word' id='word_1_98' title='bbox 3558 452 3655 504; x_wconf 85' lang='grc' dir='ltr'><strong>τοῦ</strong></span> 
     </span>
    </p>
   </div>
   <div class='ocr_carea' id='block_1_18' title="bbox 2075 537 2288 589">
    <p class='ocr_par' dir='ltr' id='par_1_18' title="bbox 2075 537 2288 589">
     <span class='ocr_line' id='line_1_18' title="bbox 2075 537 2288 589; baseline 0 -1"><span class='ocrx_word' id='word_1_99' title='bbox 2075 537 2233 589; x_wconf 85' lang='grc' dir='ltr'>Θεοῦ.</span> <span class='ocrx_word' id='word_1_100' title='bbox 2270 554 2288 588; x_wconf 75' lang='grc' dir='ltr'><strong>ι</strong></span> 
     </span>
    </p>
   </div>
   <div class='ocr_carea' id='block_1_19' title="bbox 2149 625 3659 700">
    <p class='ocr_par' dir='ltr' id='par_1_19' title="bbox 2149 625 3659 700">
     <span class='ocr_line' id='line_1_19' title="bbox 2149 625 3659 700; baseline 0.004 -22"><span class='ocrx_word' id='word_1_101' title='bbox 2149 627 2271 680; x_wconf 86' lang='grc' dir='ltr'>Ἵνα</span> <span class='ocrx_word' id='word_1_102' title='bbox 2325 625 2824 697; x_wconf 81' lang='grc' dir='ltr'>προστεθειμένης,</span> <span class='ocrx_word' id='word_1_103' title='bbox 2874 628 3077 697; x_wconf 67' lang='grc' dir='ltr'>φησιν,</span> <span class='ocrx_word' id='word_1_104' title='bbox 3132 629 3232 699; x_wconf 83' lang='grc' dir='ltr'><strong>τῆς</strong></span> <span class='ocrx_word' id='word_1_105' title='bbox 3283 630 3659 700; x_wconf 80' lang='grc' dir='ltr'>ἁγιαζομένης</span> 
     </span>
    </p>
   </div>
   <div class='ocr_carea' id='block_1_20' title="bbox 2087 718 3659 792">
    <p class='ocr_par' dir='ltr' id='par_1_20' title="bbox 2087 718 3659 792">
     <span class='ocr_line' id='line_1_20' title="bbox 2087 718 3659 792; baseline 0.002 -21"><span class='ocrx_word' id='word_1_106' title='bbox 2087 718 2412 788; x_wconf 83' lang='grc' dir='ltr'>Ἐκκλησίας</span> <span class='ocrx_word' id='word_1_107' title='bbox 2435 719 2534 787; x_wconf 82' lang='grc' dir='ltr'><strong>τῆς</strong></span> <span class='ocrx_word' id='word_1_108' title='bbox 2555 720 2830 790; x_wconf 73' lang='grc' dir='ltr'>οὐρανίου,</span> <span class='ocrx_word' id='word_1_109' title='bbox 2866 720 2926 772; x_wconf 81' lang='grc' dir='ltr'>τὸ</span> <span class='ocrx_word' id='word_1_110' title='bbox 2949 723 3058 774; x_wconf 67' lang='grc' dir='ltr'><strong>πᾶν</strong></span> <span class='ocrx_word' id='word_1_111' title='bbox 3085 721 3361 792; x_wconf 82' lang='grc' dir='ltr'>πλήρωμα</span> <span class='ocrx_word' id='word_1_112' title='bbox 3395 721 3489 774; x_wconf 90' lang='grc' dir='ltr'><strong>τοῦ</strong></span> <span class='ocrx_word' id='word_1_113' title='bbox 3515 723 3659 776; x_wconf 82' lang='grc' dir='ltr'>Θεοῦ</span> 
     </span>
    </p>
   </div>
   <div class='ocr_carea' id='block_1_21' title="bbox 2078 810 3397 882">
    <p class='ocr_par' dir='ltr' id='par_1_21' title="bbox 2078 810 3397 882">
     <span class='ocr_line' id='line_1_21' title="bbox 2078 810 3397 882; baseline 0.005 -22"><span class='ocrx_word' id='word_1_114' title='bbox 2078 812 2299 879; x_wconf 85' lang='grc' dir='ltr'><strong>συνιστῇ</strong></span> <span class='ocrx_word' id='word_1_115' title='bbox 2338 810 2426 863; x_wconf 88' lang='grc' dir='ltr'>διά</span> <span class='ocrx_word' id='word_1_116' title='bbox 2451 828 2511 862; x_wconf 84' lang='grc' dir='ltr'><strong>τε</strong></span> <span class='ocrx_word' id='word_1_117' title='bbox 2542 811 2650 863; x_wconf 81' lang='grc' dir='ltr'><strong>τῶν</strong></span> <span class='ocrx_word' id='word_1_118' title='bbox 2691 811 2960 882; x_wconf 75' lang='grc' dir='ltr'>οὐρανίων</span> <span class='ocrx_word' id='word_1_119' title='bbox 2990 812 3084 865; x_wconf 66' lang='grc' dir='ltr'><strong>καὶ</strong></span> <span class='ocrx_word' id='word_1_120' title='bbox 3115 813 3397 882; x_wconf 82' lang='grc' dir='ltr'>ἐπιγείων,</span> 
     </span>
    </p>
   </div>
   <div class='ocr_carea' id='block_1_22' title="bbox 2152 899 3661 976">
    <p class='ocr_par' dir='ltr' id='par_1_22' title="bbox 2152 899 3661 976">
     <span class='ocr_line' id='line_1_22' title="bbox 2152 899 3661 976; baseline 0.005 -25"><span class='ocrx_word' id='word_1_121' title='bbox 2152 918 2170 950; x_wconf 83' lang='lat' dir='ltr'><strong>t</strong></span> <span class='ocrx_word' id='word_1_122' title='bbox 2204 899 2294 970; x_wconf 83' lang='grc' dir='ltr'><strong>Τῷ</strong></span> <span class='ocrx_word' id='word_1_123' title='bbox 2331 900 2388 952; x_wconf 84' lang='grc' dir='ltr'>δὲ</span> <span class='ocrx_word' id='word_1_124' title='bbox 2426 902 2708 972; x_wconf 83' lang='grc' dir='ltr'>δυναμένῳ</span> <span class='ocrx_word' id='word_1_125' title='bbox 2743 902 2882 970; x_wconf 80' lang='grc' dir='ltr'>ὑπὲρ</span> <span class='ocrx_word' id='word_1_126' title='bbox 2930 902 3108 956; x_wconf 81' lang='grc' dir='ltr'>πάντα</span> <span class='ocrx_word' id='word_1_127' title='bbox 3139 905 3365 973; x_wconf 84' lang='grc' dir='ltr'>ποιῆσαι</span> <span class='ocrx_word' id='word_1_128' title='bbox 3398 905 3538 976; x_wconf 77' lang='grc' dir='ltr'>ὑπὲρ</span> <span class='ocrx_word' id='word_1_129' title='bbox 3571 909 3661 959; x_wconf 84' lang='grc' dir='ltr'><strong>ἐκ·</strong></span> 
     </span>
    </p>
   </div>
   <div class='ocr_carea' id='block_1_23' title="bbox 2076 987 3664 1067">
    <p class='ocr_par' dir='ltr' id='par_1_23' title="bbox 2076 987 3664 1067">
     <span class='ocr_line' id='line_1_23' title="bbox 2076 987 3664 1067; baseline 0.005 -23"><span class='ocrx_word' id='word_1_130' title='bbox 2076 991 2342 1062; x_wconf 80' lang='grc' dir='ltr'><strong>περισσοῦ</strong></span> <span class='ocrx_word' id='word_1_131' title='bbox 2374 987 2449 1047; x_wconf 83' lang='grc' dir='ltr'>ὧν</span> <span class='ocrx_word' id='word_1_132' title='bbox 2479 993 2803 1063; x_wconf 83' lang='grc' dir='ltr'>αἰτούμεθα,</span> <span class='ocrx_word' id='word_1_133' title='bbox 2839 995 2871 1064; x_wconf 85' lang='grc' dir='ltr'>ἢ</span> <span class='ocrx_word' id='word_1_134' title='bbox 2909 995 3160 1064; x_wconf 76' lang='grc' dir='ltr'>νοοῦμεν,</span> <span class='ocrx_word' id='word_1_135' title='bbox 3199 997 3342 1050; x_wconf 79' lang='grc' dir='ltr'>κατὰ</span> <span class='ocrx_word' id='word_1_136' title='bbox 3370 997 3471 1067; x_wconf 75' lang='grc' dir='ltr'><strong>τὴν</strong></span> <span class='ocrx_word' id='word_1_137' title='bbox 3500 997 3664 1052; x_wconf 81' lang='grc' dir='ltr'>δύνα-</span> 
     </span>
    </p>
   </div>
   <div class='ocr_carea' id='block_1_24' title="bbox 2078 1082 3660 1162">
    <p class='ocr_par' dir='ltr' id='par_1_24' title="bbox 2078 1082 3660 1162">
     <span class='ocr_line' id='line_1_24' title="bbox 2078 1082 3660 1162; baseline 0.004 -26"><span class='ocrx_word' id='word_1_138' title='bbox 2078 1100 2170 1153; x_wconf 86' lang='grc' dir='ltr'><strong>μιν</strong></span> <span class='ocrx_word' id='word_1_139' title='bbox 2195 1082 2292 1152; x_wconf 81' lang='grc' dir='ltr'>τὴν</span> <span class='ocrx_word' id='word_1_140' title='bbox 2340 1084 2742 1155; x_wconf 80' lang='grc' dir='ltr'>ἐνεργουμένην</span> <span class='ocrx_word' id='word_1_141' title='bbox 2773 1087 2830 1138; x_wconf 83' lang='grc' dir='ltr'><strong>έν</strong></span> <span class='ocrx_word' id='word_1_142' title='bbox 2879 1089 3030 1156; x_wconf 76' lang='grc' dir='ltr'>ἡμῖν,</span> <span class='ocrx_word' id='word_1_143' title='bbox 3074 1087 3288 1158; x_wconf 82' lang='grc' dir='ltr'>αὐτῴή</span> <span class='ocrx_word' id='word_1_144' title='bbox 3329 1087 3456 1152; x_wconf 80' lang='grc' dir='ltr'>δόξα</span> <span class='ocrx_word' id='word_1_145' title='bbox 3492 1091 3549 1144; x_wconf 81' lang='grc' dir='ltr'>ὲν</span> <span class='ocrx_word' id='word_1_146' title='bbox 3592 1095 3660 1162; x_wconf 81' lang='grc' dir='ltr'>τῇ</span> 
     </span>
    </p>
   </div>
   <div class='ocr_carea' id='block_1_25' title="bbox 2089 1173 3661 1250">
    <p class='ocr_par' dir='ltr' id='par_1_25' title="bbox 2089 1173 3661 1250">
     <span class='ocr_line' id='line_1_25' title="bbox 2089 1173 3661 1250; baseline 0.004 -24"><span class='ocrx_word' id='word_1_147' title='bbox 2089 1173 2385 1245; x_wconf 75' lang='grc' dir='ltr'>Ἐκκλησία</span> <span class='ocrx_word' id='word_1_148' title='bbox 2408 1177 2466 1228; x_wconf 83' lang='grc' dir='ltr'>ὲν</span> <span class='ocrx_word' id='word_1_149' title='bbox 2501 1174 2725 1246; x_wconf 82' lang='grc' dir='ltr'>Χριστῷ</span> <span class='ocrx_word' id='word_1_150' title='bbox 2776 1176 2975 1246; x_wconf 81' lang='grc' dir='ltr'><strong>Ἰησοῦ,</strong></span> <span class='ocrx_word' id='word_1_151' title='bbox 3005 1179 3082 1242; x_wconf 87' lang='grc' dir='ltr'><strong>εἰς</strong></span> <span class='ocrx_word' id='word_1_152' title='bbox 3123 1179 3303 1242; x_wconf 67' lang='grc' dir='ltr'>πάσας</span> <span class='ocrx_word' id='word_1_153' title='bbox 3333 1179 3432 1243; x_wconf 76' lang='grc' dir='ltr'><strong>τὰς</strong></span> <span class='ocrx_word' id='word_1_154' title='bbox 3457 1179 3661 1250; x_wconf 78' lang='grc' dir='ltr'>γενεὰς</span> 
     </span>
    </p>
   </div>
   <div class='ocr_carea' id='block_1_26' title="bbox 2074 1264 3128 1339">
    <p class='ocr_par' dir='ltr' id='par_1_26' title="bbox 2074 1264 3128 1339">
     <span class='ocr_line' id='line_1_26' title="bbox 2074 1264 3128 1339; baseline 0.004 -22"><span class='ocrx_word' id='word_1_155' title='bbox 2074 1264 2168 1318; x_wconf 84' lang='grc' dir='ltr'><strong>τοῦ</strong></span> <span class='ocrx_word' id='word_1_156' title='bbox 2197 1265 2393 1329; x_wconf 85' lang='grc' dir='ltr'>αἰῶνος</span> <span class='ocrx_word' id='word_1_157' title='bbox 2431 1267 2542 1319; x_wconf 84' lang='grc' dir='ltr'><strong>τῶν</strong></span> <span class='ocrx_word' id='word_1_158' title='bbox 2576 1265 2809 1320; x_wconf 85' lang='grc' dir='ltr'>αἰώνων.</span> <span class='ocrx_word' id='word_1_159' title='bbox 2858 1269 3054 1339; x_wconf 79' lang='grc' dir='ltr'>Ἀμήν.</span> <span class='ocrx_word' id='word_1_160' title='bbox 3109 1288 3128 1321; x_wconf 73' lang='grc' dir='ltr'><strong>ι</strong></span> 
     </span>
    </p>
   </div>
   <div class='ocr_carea' id='block_1_27' title="bbox 2676 1398 3059 1456">
    <p class='ocr_par' dir='ltr' id='par_1_27' title="bbox 2676 1398 3059 1456">
     <span class='ocr_line' id='line_1_27' title="bbox 2676 1398 3059 1456; baseline 0.008 -4"><span class='ocrx_word' id='word_1_161' title='bbox 2676 1398 2936 1454; x_wconf 79' lang='grc' dir='ltr'><strong>ΚΕΦΑΛ.</strong></span> <span class='ocrx_word' id='word_1_162' title='bbox 2985 1403 3059 1456; x_wconf 85' lang='lat' dir='ltr'><strong>A&#39;.</strong></span> 
     </span>
    </p>
   </div>
   <div class='ocr_carea' id='block_1_28' title="bbox 2150 1509 3657 1588">
    <p class='ocr_par' dir='ltr' id='par_1_28' title="bbox 2150 1509 3657 1588">
     <span class='ocr_line' id='line_1_28' title="bbox 2150 1509 3657 1588; baseline 0.007 -24"><span class='ocrx_word' id='word_1_163' title='bbox 2150 1530 2172 1564; x_wconf 67' lang='grc' dir='ltr'>ι</span> <span class='ocrx_word' id='word_1_164' title='bbox 2216 1512 2529 1584; x_wconf 82' lang='grc' dir='ltr'>Παρακαλῶ</span> <span class='ocrx_word' id='word_1_165' title='bbox 2548 1509 2643 1567; x_wconf 79' lang='grc' dir='ltr'><strong>οὖν</strong></span> <span class='ocrx_word' id='word_1_166' title='bbox 2677 1514 2823 1584; x_wconf 82' lang='grc' dir='ltr'>ὑμᾶς</span> <span class='ocrx_word' id='word_1_167' title='bbox 2849 1513 2962 1582; x_wconf 79' lang='grc' dir='ltr'><strong>ἐγὼ</strong></span> <span class='ocrx_word' id='word_1_168' title='bbox 2991 1518 3019 1568; x_wconf 89' lang='grc' dir='ltr'><strong>ό</strong></span> <span class='ocrx_word' id='word_1_169' title='bbox 3047 1515 3272 1587; x_wconf 75' lang='grc' dir='ltr'>δέσμιος</span> <span class='ocrx_word' id='word_1_170' title='bbox 3296 1518 3354 1572; x_wconf 84' lang='grc' dir='ltr'><strong>έν</strong></span> <span class='ocrx_word' id='word_1_171' title='bbox 3380 1519 3594 1588; x_wconf 77' lang='grc' dir='ltr'>Κυρίῳ.</span> <span class='ocrx_word' id='word_1_172' title='bbox 3633 1539 3657 1574; x_wconf 69' lang='lat'><strong><em>3</em></strong></span> 
     </span>
    </p>
   </div>
   <div class='ocr_carea' id='block_1_29' title="bbox 2147 1689 3657 1759">
    <p class='ocr_par' dir='ltr' id='par_1_29' title="bbox 2147 1689 3657 1759">
     <span class='ocr_line' id='line_1_29' title="bbox 2147 1689 3657 1759; baseline 0 -15"><span class='ocrx_word' id='word_1_173' title='bbox 2147 1690 2283 1744; x_wconf 81' lang='grc' dir='ltr'>Οὐδὲ</span> <span class='ocrx_word' id='word_1_174' title='bbox 2333 1689 2514 1759; x_wconf 75' lang='grc' dir='ltr'>ἑαυτῷ</span> <span class='ocrx_word' id='word_1_175' title='bbox 2555 1689 2739 1744; x_wconf 86' lang='grc' dir='ltr'>δίδωσι</span> <span class='ocrx_word' id='word_1_176' title='bbox 2781 1690 2842 1743; x_wconf 82' lang='grc' dir='ltr'>τὸ</span> <span class='ocrx_word' id='word_1_177' title='bbox 2881 1691 3062 1743; x_wconf 76' lang='grc' dir='ltr'>πάντα</span> <span class='ocrx_word' id='word_1_178' title='bbox 3091 1690 3384 1744; x_wconf 88' lang='grc' dir='ltr'>συνιέναιό</span> <span class='ocrx_word' id='word_1_179' title='bbox 3417 1691 3657 1756; x_wconf 84' lang='grc' dir='ltr'>Παῦλος,</span> 
     </span>
    </p>
   </div>
   <div class='ocr_carea' id='block_1_30' title="bbox 386 1776 1968 1869">
    <p class='ocr_par' dir='ltr' id='par_1_30' title="bbox 386 1779 1968 1854">
     <span class='ocr_line' id='line_1_30' title="bbox 386 1779 1968 1854; baseline -0.002 -16"><span class='ocrx_word' id='word_1_180' title='bbox 386 1785 499 1841; x_wconf 89' lang='lat' dir='ltr'><strong>Deo</strong></span> <span class='ocrx_word' id='word_1_181' title='bbox 528 1793 712 1840; x_wconf 88' lang='lat' dir='ltr'><strong>autem</strong></span> <span class='ocrx_word' id='word_1_182' title='bbox 755 1787 861 1840; x_wconf 86' lang='lat' dir='ltr'><strong>hoc</strong></span> <span class='ocrx_word' id='word_1_183' title='bbox 885 1779 1182 1851; x_wconf 81' lang='lat' dir='ltr'><strong>adscribit,</strong></span> <span class='ocrx_word' id='word_1_184' title='bbox 1215 1784 1367 1854; x_wconf 90' lang='lat' dir='ltr'><strong>quod</strong></span> <span class='ocrx_word' id='word_1_185' title='bbox 1417 1783 1626 1852; x_wconf 82' lang='lat' dir='ltr'><strong>majora</strong></span> <span class='ocrx_word' id='word_1_186' title='bbox 1657 1785 1823 1838; x_wconf 89' lang='lat' dir='ltr'><strong>etiam</strong></span> <span class='ocrx_word' id='word_1_187' title='bbox 1865 1782 1968 1836; x_wconf 87' lang='lat' dir='ltr'><strong>im-</strong></span> 
     </span>
    </p>
   </div>
   <div class='ocr_carea' id='block_1_31' title="bbox 2099 1776 3664 1869">
    <p class='ocr_par' dir='ltr' id='par_1_31' title="bbox 2099 1776 3664 1855">
     <span class='ocr_line' id='line_1_31' title="bbox 2099 1776 3664 1855; baseline 0 -19"><span class='ocrx_word' id='word_1_188' title='bbox 2099 1783 2194 1854; x_wconf 64' lang='grc' dir='ltr'><strong>ὶεῷ</strong></span> <span class='ocrx_word' id='word_1_189' title='bbox 2222 1783 2280 1836; x_wconf 81' lang='grc' dir='ltr'>δὲ</span> <span class='ocrx_word' id='word_1_190' title='bbox 2312 1782 2620 1853; x_wconf 81' lang='grc' dir='ltr'>ἀνατίθησι,</span> <span class='ocrx_word' id='word_1_191' title='bbox 2645 1783 2706 1835; x_wconf 81' lang='grc' dir='ltr'><strong>τὸ</strong></span> <span class='ocrx_word' id='word_1_192' title='bbox 2744 1782 2841 1836; x_wconf 73' lang='grc' dir='ltr'><strong>καὶ</strong></span> <span class='ocrx_word' id='word_1_193' title='bbox 2870 1783 3096 1852; x_wconf 78' lang='grc' dir='ltr'>μείζονα</span> <span class='ocrx_word' id='word_1_194' title='bbox 3124 1776 3200 1836; x_wconf 83' lang='grc' dir='ltr'>ὧν</span> <span class='ocrx_word' id='word_1_195' title='bbox 3232 1783 3534 1853; x_wconf 83' lang='grc' dir='ltr'>αἰτούμεθα</span> <span class='ocrx_word' id='word_1_196' title='bbox 3558 1803 3664 1855; x_wconf 83' lang='grc' dir='ltr'>χα-</span> 
     </span>
    </p>
   </div>
   <div class='ocr_carea' id='block_1_32' title="bbox 385 1873 1972 1947">
    <p class='ocr_par' dir='ltr' id='par_1_32' title="bbox 385 1873 1972 1947">
     <span class='ocr_line' id='line_1_32' title="bbox 385 1873 1972 1947; baseline -0.001 -15"><span class='ocrx_word' id='word_1_197' title='bbox 385 1879 584 1946; x_wconf 88' lang='lat' dir='ltr'><strong>pertiat</strong></span> <span class='ocrx_word' id='word_1_198' title='bbox 639 1890 804 1947; x_wconf 90' lang='lat' dir='ltr'><strong>quam</strong></span> <span class='ocrx_word' id='word_1_199' title='bbox 857 1877 1246 1947; x_wconf 87' lang='lat' dir='ltr'><strong>postulemus,</strong></span> <span class='ocrx_word' id='word_1_200' title='bbox 1289 1874 1739 1946; x_wconf 86' lang='lat' dir='ltr'><strong>quandoquidem</strong></span> <span class='ocrx_word' id='word_1_201' title='bbox 1792 1873 1972 1930; x_wconf 90' lang='lat' dir='ltr'><strong>virtus</strong></span> 
     </span>
    </p>
   </div>
   <div class='ocr_carea' id='block_1_33' title="bbox 384 1965 1972 2039">
    <p class='ocr_par' dir='ltr' id='par_1_33' title="bbox 384 1965 1972 2039">
     <span class='ocr_line' id='line_1_33' title="bbox 384 1965 1972 2039; baseline -0.003 -15"><span class='ocrx_word' id='word_1_202' title='bbox 384 1985 507 2039; x_wconf 65' lang='lat' dir='ltr'><strong>qua:</strong></span> <span class='ocrx_word' id='word_1_203' title='bbox 538 1969 1002 2025; x_wconf 85' lang='lat' dir='ltr'><strong>subministratur</strong></span> <span class='ocrx_word' id='word_1_204' title='bbox 1033 1968 1239 2038; x_wconf 79' lang='lat' dir='ltr'><strong>nobis,</strong></span> <span class='ocrx_word' id='word_1_205' title='bbox 1272 1982 1384 2022; x_wconf 91' lang='lat' dir='ltr'><strong>non</strong></span> <span class='ocrx_word' id='word_1_206' title='bbox 1432 1981 1582 2022; x_wconf 89' lang='lat' dir='ltr'><strong>nunc</strong></span> <span class='ocrx_word' id='word_1_207' title='bbox 1621 1975 1794 2021; x_wconf 91' lang='lat' dir='ltr'><strong>totum</strong></span> <span class='ocrx_word' id='word_1_208' title='bbox 1834 1965 1972 2020; x_wconf 87' lang='lat' dir='ltr'><strong>illud</strong></span> 
     </span>
    </p>
   </div>
   <div class='ocr_carea' id='block_1_34' title="bbox 385 2055 1972 2131">
    <p class='ocr_par' dir='ltr' id='par_1_34' title="bbox 385 2055 1972 2131">
     <span class='ocr_line' id='line_1_34' title="bbox 385 2055 1972 2131; baseline -0.003 -15"><span class='ocrx_word' id='word_1_209' title='bbox 385 2068 630 2131; x_wconf 73' lang='lat' dir='ltr'><strong>praestat,</strong></span> <span class='ocrx_word' id='word_1_210' title='bbox 665 2061 813 2131; x_wconf 86' lang='lat' dir='ltr'><strong>quod</strong></span> <span class='ocrx_word' id='word_1_211' title='bbox 839 2069 925 2116; x_wconf 90' lang='lat' dir='ltr'><strong>est</strong></span> <span class='ocrx_word' id='word_1_212' title='bbox 957 2061 1169 2130; x_wconf 70' lang='lat' dir='ltr'><strong>gratiae.</strong></span> <span class='ocrx_word' id='word_1_213' title='bbox 1198 2059 1475 2114; x_wconf 83' lang='lat' dir='ltr'><strong>Caeterum</strong></span> <span class='ocrx_word' id='word_1_214' title='bbox 1505 2060 1559 2112; x_wconf 93' lang='lat' dir='ltr'><strong>in</strong></span> <span class='ocrx_word' id='word_1_215' title='bbox 1595 2055 1817 2114; x_wconf 86' lang='lat' dir='ltr'><strong>Christo</strong></span> <span class='ocrx_word' id='word_1_216' title='bbox 1839 2055 1972 2113; x_wconf 78' lang='lat' dir='ltr'><strong>Jesu</strong></span> 
     </span>
    </p>
   </div>
   <div class='ocr_carea' id='block_1_35' title="bbox 383 2150 1972 2225">
    <p class='ocr_par' dir='ltr' id='par_1_35' title="bbox 383 2150 1972 2225">
     <span class='ocr_line' id='line_1_35' title="bbox 383 2150 1972 2225; baseline -0.002 -19"><span class='ocrx_word' id='word_1_217' title='bbox 383 2168 570 2208; x_wconf 86' lang='lat' dir='ltr'><strong>veram</strong></span> <span class='ocrx_word' id='word_1_218' title='bbox 597 2168 720 2208; x_wconf 89' lang='lat' dir='ltr'><strong>esse</strong></span> <span class='ocrx_word' id='word_1_219' title='bbox 753 2153 988 2223; x_wconf 84' lang='lat' dir='ltr'><strong>gloriam</strong></span> <span class='ocrx_word' id='word_1_220' title='bbox 1017 2151 1172 2218; x_wconf 89' lang='lat' dir='ltr'><strong>dicit,</strong></span> <span class='ocrx_word' id='word_1_221' title='bbox 1203 2161 1258 2206; x_wconf 92' lang='lat' dir='ltr'><strong>et</strong></span> <span class='ocrx_word' id='word_1_222' title='bbox 1288 2151 1570 2207; x_wconf 88' lang='lat' dir='ltr'><strong>consimili</strong></span> <span class='ocrx_word' id='word_1_223' title='bbox 1607 2150 1846 2219; x_wconf 88' lang='lat' dir='ltr'><strong>quadam</strong></span> <span class='ocrx_word' id='word_1_224' title='bbox 1877 2164 1972 2225; x_wconf 82' lang='lat' dir='ltr'><strong>ra-</strong></span> 
     </span>
    </p>
   </div>
   <div class='ocr_carea' id='block_1_36' title="bbox 384 2245 938 2302">
    <p class='ocr_par' dir='ltr' id='par_1_36' title="bbox 384 2245 938 2302">
     <span class='ocr_line' id='line_1_36' title="bbox 384 2245 938 2302; baseline -0.004 -2"><span class='ocrx_word' id='word_1_225' title='bbox 384 2247 538 2302; x_wconf 82' lang='lat' dir='ltr'><strong>tione</strong></span> <span class='ocrx_word' id='word_1_226' title='bbox 575 2247 630 2300; x_wconf 90' lang='lat' dir='ltr'><strong>in</strong></span> <span class='ocrx_word' id='word_1_227' title='bbox 668 2245 938 2302; x_wconf 83' lang='lat' dir='ltr'><strong>Ecclesia.</strong></span> 
     </span>
    </p>
   </div>
   <div class='ocr_carea' id='block_1_37' title="bbox 461 2335 1969 2408">
    <p class='ocr_par' dir='ltr' id='par_1_37' title="bbox 461 2335 1969 2408">
     <span class='ocr_line' id='line_1_37' title="bbox 461 2335 1969 2408; baseline 0 -18"><span class='ocrx_word' id='word_1_228' title='bbox 461 2358 480 2390; x_wconf 77' lang='grc' dir='ltr'><strong>ι</strong></span> <span class='ocrx_word' id='word_1_229' title='bbox 539 2337 716 2408; x_wconf 77' lang='lat' dir='ltr'><strong>Digne</strong></span> <span class='ocrx_word' id='word_1_230' title='bbox 771 2337 1048 2391; x_wconf 86' lang='lat' dir='ltr'><strong>ambulate</strong></span> <span class='ocrx_word' id='word_1_231' title='bbox 1089 2338 1381 2392; x_wconf 88' lang='lat' dir='ltr'><strong>vocatione</strong></span> <span class='ocrx_word' id='word_1_232' title='bbox 1414 2350 1524 2406; x_wconf 88' lang='lat' dir='ltr'><strong>qua</strong></span> <span class='ocrx_word' id='word_1_233' title='bbox 1564 2335 1746 2391; x_wconf 89' lang='lat' dir='ltr'><strong>vocati</strong></span> <span class='ocrx_word' id='word_1_234' title='bbox 1792 2336 1969 2401; x_wconf 80' lang='lat' dir='ltr'><strong>estis,</strong></span> 
     </span>
    </p>
   </div>
   <div class='ocr_carea' id='block_1_38' title="bbox 385 2428 1971 2496">
    <p class='ocr_par' dir='ltr' id='par_1_38' title="bbox 385 2428 1971 2496">
     <span class='ocr_line' id='line_1_38' title="bbox 385 2428 1971 2496; baseline -0.003 -10"><span class='ocrx_word' id='word_1_235' title='bbox 385 2446 513 2487; x_wconf 92' lang='lat' dir='ltr'><strong>cum</strong></span> <span class='ocrx_word' id='word_1_236' title='bbox 593 2431 745 2484; x_wconf 88' lang='lat' dir='ltr'><strong>omni</strong></span> <span class='ocrx_word' id='word_1_237' title='bbox 809 2429 1126 2484; x_wconf 78' lang='lat' dir='ltr'><strong>humilitate</strong></span> <span class='ocrx_word' id='word_1_238' title='bbox 1190 2437 1248 2484; x_wconf 87' lang='lat' dir='ltr'><strong>et</strong></span> <span class='ocrx_word' id='word_1_239' title='bbox 1306 2428 1768 2496; x_wconf 87' lang='lat' dir='ltr'><strong>mansuetudine;</strong></span> <span class='ocrx_word' id='word_1_240' title='bbox 1842 2442 1971 2482; x_wconf 90' lang='lat' dir='ltr'><strong>cum</strong></span> 
     </span>
    </p>
   </div>
   <div class='ocr_carea' id='block_1_39' title="bbox 385 2520 1967 2593">
    <p class='ocr_par' dir='ltr' id='par_1_39' title="bbox 385 2520 1967 2593">
     <span class='ocr_line' id='line_1_39' title="bbox 385 2520 1967 2593; baseline -0.001 -17"><span class='ocrx_word' id='word_1_241' title='bbox 385 2521 657 2593; x_wconf 86' lang='lat' dir='ltr'><strong>patientia</strong></span> <span class='ocrx_word' id='word_1_242' title='bbox 721 2528 1111 2591; x_wconf 85' lang='lat' dir='ltr'><strong>supportantes</strong></span> <span class='ocrx_word' id='word_1_243' title='bbox 1181 2520 1418 2575; x_wconf 86' lang='lat' dir='ltr'><strong>invicem</strong></span> <span class='ocrx_word' id='word_1_244' title='bbox 1486 2522 1542 2574; x_wconf 88' lang='lat' dir='ltr'><strong>in</strong></span> <span class='ocrx_word' id='word_1_245' title='bbox 1614 2520 1967 2583; x_wconf 87' lang='lat' dir='ltr'><strong>dilectione,</strong></span> 
     </span>
    </p>
   </div>
   <div class='ocr_carea' id='block_1_40' title="bbox 385 2611 1970 2683">
    <p class='ocr_par' dir='ltr' id='par_1_40' title="bbox 385 2611 1970 2683">
     <span class='ocr_line' id='line_1_40' title="bbox 385 2611 1970 2683; baseline -0.001 -15"><span class='ocrx_word' id='word_1_246' title='bbox 385 2613 616 2668; x_wconf 90' lang='lat' dir='ltr'><strong>solliciti</strong></span> <span class='ocrx_word' id='word_1_247' title='bbox 686 2627 909 2667; x_wconf 87' lang='lat' dir='ltr'><strong>servare</strong></span> <span class='ocrx_word' id='word_1_248' title='bbox 967 2613 1236 2668; x_wconf 87' lang='lat' dir='ltr'><strong>unitatem</strong></span> <span class='ocrx_word' id='word_1_249' title='bbox 1305 2611 1551 2683; x_wconf 90' lang='lat' dir='ltr'><strong>Spiritus</strong></span> <span class='ocrx_word' id='word_1_250' title='bbox 1617 2611 1676 2666; x_wconf 90' lang='lat' dir='ltr'><strong>in</strong></span> <span class='ocrx_word' id='word_1_251' title='bbox 1743 2611 1970 2668; x_wconf 86' lang='lat' dir='ltr'><strong>vinculo</strong></span> 
     </span>
    </p>
   </div>
   <div class='ocr_carea' id='block_1_41' title="bbox 383 2705 1893 2776">
    <p class='ocr_par' dir='ltr' id='par_1_41' title="bbox 383 2705 1893 2776">
     <span class='ocr_line' id='line_1_41' title="bbox 383 2705 1893 2776; baseline 0 -18"><span class='ocrx_word' id='word_1_252' title='bbox 383 2705 560 2776; x_wconf 89' lang='lat' dir='ltr'><strong>pacis.</strong></span> <span class='ocrx_word' id='word_1_253' title='bbox 603 2723 623 2758; x_wconf 68' lang='grc' dir='ltr'><strong>ι</strong></span> <span class='ocrx_word' id='word_1_254' title='bbox 1891 2715 1893 2718; x_wconf 89' lang='grc'>·</span> 
     </span>
    </p>
   </div>
   <div class='ocr_carea' id='block_1_42' title="bbox 451 2795 1971 2874">
    <p class='ocr_par' dir='ltr' id='par_1_42' title="bbox 451 2795 1971 2874">
     <span class='ocr_line' id='line_1_42' title="bbox 451 2795 1971 2874; baseline 0.001 -24"><span class='ocrx_word' id='word_1_255' title='bbox 451 2795 534 2851; x_wconf 82' lang='lat' dir='ltr'><strong>Ad</strong></span> <span class='ocrx_word' id='word_1_256' title='bbox 566 2797 691 2853; x_wconf 63' lang='lat' dir='ltr'><strong>vitae</strong></span> <span class='ocrx_word' id='word_1_257' title='bbox 727 2797 1180 2874; x_wconf 75' lang='lat' dir='ltr'><strong>sanctimoniam,</strong></span> <span class='ocrx_word' id='word_1_258' title='bbox 1228 2798 1435 2870; x_wconf 87' lang='lat' dir='ltr'><strong>inquit,</strong></span> <span class='ocrx_word' id='word_1_259' title='bbox 1483 2799 1621 2855; x_wconf 85' lang='lat' dir='ltr'><strong>estis</strong></span> <span class='ocrx_word' id='word_1_260' title='bbox 1667 2797 1880 2864; x_wconf 79' lang='lat' dir='ltr'><strong>vocati,</strong></span> <span class='ocrx_word' id='word_1_261' title='bbox 1915 2807 1971 2854; x_wconf 90' lang='lat' dir='ltr'><strong>et</strong></span> 
     </span>
    </p>
   </div>
   <div class='ocr_carea' id='block_1_43' title="bbox 381 2887 1969 2960">
    <p class='ocr_par' dir='ltr' id='par_1_43' title="bbox 381 2887 1969 2960">
     <span class='ocr_line' id='line_1_43' title="bbox 381 2887 1969 2960; baseline 0.002 -19"><span class='ocrx_word' id='word_1_262' title='bbox 381 2887 600 2942; x_wconf 84' lang='lat' dir='ltr'><strong>vocatio</strong></span> <span class='ocrx_word' id='word_1_263' title='bbox 652 2888 980 2958; x_wconf 88' lang='lat' dir='ltr'><strong>spirituales</strong></span> <span class='ocrx_word' id='word_1_264' title='bbox 1038 2903 1225 2944; x_wconf 88' lang='lat' dir='ltr'><strong>mores</strong></span> <span class='ocrx_word' id='word_1_265' title='bbox 1280 2889 1545 2960; x_wconf 81' lang='lat' dir='ltr'><strong>postulat.</strong></span> <span class='ocrx_word' id='word_1_266' title='bbox 1601 2887 1670 2943; x_wconf 84' lang='lat' dir='ltr'><strong>Hi</strong></span> <span class='ocrx_word' id='word_1_267' title='bbox 1721 2904 1886 2960; x_wconf 85' lang='lat' dir='ltr'><strong>porro</strong></span> <span class='ocrx_word' id='word_1_268' title='bbox 1935 2905 1969 2944; x_wconf 89' lang='lat' dir='ltr'><strong>a</strong></span> 
     </span>
    </p>
   </div>
   <div class='ocr_carea' id='block_1_44' title="bbox 315 2979 1968 3050">
    <p class='ocr_par' dir='ltr' id='par_1_44' title="bbox 315 2979 1968 3050">
     <span class='ocr_line' id='line_1_44' title="bbox 315 2979 1968 3050; baseline 0.002 -18"><span class='ocrx_word' id='word_1_269' title='bbox 315 2997 320 3002; x_wconf 93' lang='grc'>·</span> <span class='ocrx_word' id='word_1_270' title='bbox 383 2981 685 3044; x_wconf 91' lang='lat' dir='ltr'><strong>contraria,</strong></span> <span class='ocrx_word' id='word_1_271' title='bbox 727 2994 758 3032; x_wconf 89' lang='lat' dir='ltr'><strong>a</strong></span> <span class='ocrx_word' id='word_1_272' title='bbox 808 2979 1034 3034; x_wconf 90' lang='lat' dir='ltr'><strong>carnale</strong></span> <span class='ocrx_word' id='word_1_273' title='bbox 1082 2979 1327 3046; x_wconf 89' lang='lat' dir='ltr'><strong>scilicet,</strong></span> <span class='ocrx_word' id='word_1_274' title='bbox 1363 2991 1799 3050; x_wconf 81' lang='lat' dir='ltr'><strong>cognoscuntur.</strong></span> <span class='ocrx_word' id='word_1_275' title='bbox 1833 2979 1968 3035; x_wconf 85' lang='lat' dir='ltr'><strong>Nam</strong></span> 
     </span>
    </p>
   </div>
   <div class='ocr_carea' id='block_1_45' title="bbox 384 3069 1963 3142">
    <p class='ocr_par' dir='ltr' id='par_1_45' title="bbox 384 3069 1963 3142">
     <span class='ocr_line' id='line_1_45' title="bbox 384 3069 1963 3142; baseline -0.001 -17"><span class='ocrx_word' id='word_1_276' title='bbox 384 3069 525 3126; x_wconf 89' lang='lat' dir='ltr'><strong>siin</strong></span> <span class='ocrx_word' id='word_1_277' title='bbox 569 3070 886 3126; x_wconf 84' lang='lat' dir='ltr'><strong>carnalibus</strong></span> <span class='ocrx_word' id='word_1_278' title='bbox 934 3071 1224 3139; x_wconf 79' lang='lat' dir='ltr'><strong>vigescunt</strong></span> <span class='ocrx_word' id='word_1_279' title='bbox 1273 3071 1570 3140; x_wconf 84' lang='lat' dir='ltr'><strong>superbia,</strong></span> <span class='ocrx_word' id='word_1_280' title='bbox 1623 3071 1963 3142; x_wconf 77' lang='lat' dir='ltr'><strong>arrogantia,</strong></span> 
     </span>
    </p>
   </div>
   <div class='ocr_carea' id='block_1_46' title="bbox 2079 1873 3660 1949">
    <p class='ocr_par' dir='ltr' id='par_1_46' title="bbox 2079 1873 3660 1949">
     <span class='ocr_line' id='line_1_46' title="bbox 2079 1873 3660 1949; baseline 0.001 -22"><span class='ocrx_word' id='word_1_281' title='bbox 2079 1873 2325 1946; x_wconf 73' lang='grc' dir='ltr'>ρίζεσθαι</span> <span class='ocrx_word' id='word_1_282' title='bbox 2352 1888 2364 1901; x_wconf 92' lang='grc'><strong>·</strong></span> <span class='ocrx_word' id='word_1_283' title='bbox 2399 1873 2587 1944; x_wconf 76' lang='grc' dir='ltr'>ἐπειδὴ</span> <span class='ocrx_word' id='word_1_284' title='bbox 2615 1873 2710 1926; x_wconf 79' lang='grc' dir='ltr'>καὶ</span> <span class='ocrx_word' id='word_1_285' title='bbox 2743 1874 2776 1943; x_wconf 83' lang='grc' dir='ltr'>ἠ</span> <span class='ocrx_word' id='word_1_286' title='bbox 2823 1875 3208 1945; x_wconf 86' lang='grc' dir='ltr'>χορηγουμένη</span> <span class='ocrx_word' id='word_1_287' title='bbox 3239 1875 3470 1946; x_wconf 81' lang='grc' dir='ltr'>δύναμις</span> <span class='ocrx_word' id='word_1_288' title='bbox 3517 1878 3660 1949; x_wconf 63' lang='grc' dir='ltr'><strong>⁴ἡμῖν</strong></span> 
     </span>
    </p>
   </div>
   <div class='ocr_carea' id='block_1_47' title="bbox 2074 1966 3660 2040">
    <p class='ocr_par' dir='ltr' id='par_1_47' title="bbox 2074 1966 3660 2040">
     <span class='ocr_line' id='line_1_47' title="bbox 2074 1966 3660 2040; baseline 0.001 -20"><span class='ocrx_word' id='word_1_289' title='bbox 2074 1968 2170 2022; x_wconf 89' lang='grc' dir='ltr'><strong>νῦν</strong></span> <span class='ocrx_word' id='word_1_290' title='bbox 2200 1967 2353 2021; x_wconf 78' lang='grc' dir='ltr'>οὔπω</span> <span class='ocrx_word' id='word_1_291' title='bbox 2380 1968 2442 2021; x_wconf 84' lang='grc' dir='ltr'><strong>τὸ</strong></span> <span class='ocrx_word' id='word_1_292' title='bbox 2491 1967 2716 2036; x_wconf 82' lang='grc' dir='ltr'>σύμπαν</span> <span class='ocrx_word' id='word_1_293' title='bbox 2764 1967 2866 2037; x_wconf 86' lang='grc' dir='ltr'>τῆς</span> <span class='ocrx_word' id='word_1_294' title='bbox 2897 1969 3123 2040; x_wconf 83' lang='grc' dir='ltr'>χάριτος</span> <span class='ocrx_word' id='word_1_295' title='bbox 3168 1966 3516 2024; x_wconf 80' lang='grc' dir='ltr'>ἀποδίδωσιν.</span> <span class='ocrx_word' id='word_1_296' title='bbox 3567 1972 3660 2024; x_wconf 88' lang='grc' dir='ltr'>Ἐν</span> 
     </span>
    </p>
   </div>
   <div class='ocr_carea' id='block_1_48' title="bbox 2075 2058 3662 2132">
    <p class='ocr_par' dir='ltr' id='par_1_48' title="bbox 2075 2058 3662 2132">
     <span class='ocr_line' id='line_1_48' title="bbox 2075 2058 3662 2132; baseline 0 -18"><span class='ocrx_word' id='word_1_297' title='bbox 2075 2059 2294 2131; x_wconf 83' lang='grc' dir='ltr'>Χριστῷ</span> <span class='ocrx_word' id='word_1_298' title='bbox 2324 2060 2382 2112; x_wconf 80' lang='grc' dir='ltr'>δὲ</span> <span class='ocrx_word' id='word_1_299' title='bbox 2425 2058 2598 2130; x_wconf 83' lang='grc' dir='ltr'><strong>Ἰησοῦ</strong></span> <span class='ocrx_word' id='word_1_300' title='bbox 2627 2059 2725 2129; x_wconf 79' lang='grc' dir='ltr'><strong>τὴν</strong></span> <span class='ocrx_word' id='word_1_301' title='bbox 2781 2059 2942 2126; x_wconf 79' lang='grc' dir='ltr'>δόξαν</span> <span class='ocrx_word' id='word_1_302' title='bbox 2995 2060 3094 2132; x_wconf 83' lang='grc' dir='ltr'><strong>τὴν</strong></span> <span class='ocrx_word' id='word_1_303' title='bbox 3135 2061 3310 2132; x_wconf 80' lang='grc' dir='ltr'>ἀληθῆ</span> <span class='ocrx_word' id='word_1_304' title='bbox 3351 2061 3523 2130; x_wconf 82' lang='grc' dir='ltr'>λέγει,</span> <span class='ocrx_word' id='word_1_305' title='bbox 3561 2064 3662 2116; x_wconf 81' lang='grc' dir='ltr'>καὶ</span> 
     </span>
    </p>
   </div>
   <div class='ocr_carea' id='block_1_49' title="bbox 2073 2151 2973 2224">
    <p class='ocr_par' dir='ltr' id='par_1_49' title="bbox 2073 2151 2973 2224">
     <span class='ocr_line' id='line_1_49' title="bbox 2073 2151 2973 2224; baseline 0 -18"><span class='ocrx_word' id='word_1_306' title='bbox 2073 2155 2133 2206; x_wconf 82' lang='grc' dir='ltr'><strong>ἐν</strong></span> <span class='ocrx_word' id='word_1_307' title='bbox 2154 2156 2221 2224; x_wconf 82' lang='grc' dir='ltr'>τῇ</span> <span class='ocrx_word' id='word_1_308' title='bbox 2272 2151 2568 2222; x_wconf 72' lang='grc' dir='ltr'><strong>Ἐκκλησία</strong></span> <span class='ocrx_word' id='word_1_309' title='bbox 2593 2152 2656 2206; x_wconf 82' lang='grc' dir='ltr'><strong>τὸ</strong></span> <span class='ocrx_word' id='word_1_310' title='bbox 2683 2152 2973 2224; x_wconf 85' lang='grc' dir='ltr'>ὁμοίωμα.’</span> 
     </span>
    </p>
   </div>
   <div class='ocr_carea' id='block_1_50' title="bbox 2151 2327 3658 2406">
    <p class='ocr_par' dir='ltr' id='par_1_50' title="bbox 2151 2327 3658 2406">
     <span class='ocr_line' id='line_1_50' title="bbox 2151 2327 3658 2406; baseline 0.004 -24"><span class='ocrx_word' id='word_1_311' title='bbox 2151 2349 2170 2382; x_wconf 73' lang='grc' dir='ltr'><strong>ε</strong></span> <span class='ocrx_word' id='word_1_312' title='bbox 2209 2330 2402 2395; x_wconf 85' lang='grc' dir='ltr'>Ἀξίως</span> <span class='ocrx_word' id='word_1_313' title='bbox 2447 2331 2863 2401; x_wconf 80' lang='grc' dir='ltr'>περιπατήσατε</span> <span class='ocrx_word' id='word_1_314' title='bbox 2891 2332 2991 2399; x_wconf 85' lang='grc' dir='ltr'>τῆς</span> <span class='ocrx_word' id='word_1_315' title='bbox 3012 2329 3256 2400; x_wconf 83' lang='grc' dir='ltr'>κλήσεως</span> <span class='ocrx_word' id='word_1_316' title='bbox 3278 2327 3346 2403; x_wconf 79' lang='grc' dir='ltr'>ἧς</span> <span class='ocrx_word' id='word_1_317' title='bbox 3362 2333 3658 2406; x_wconf 77' lang='grc' dir='ltr'>ἐκλήθητε,</span> 
     </span>
    </p>
   </div>
   <div class='ocr_carea' id='block_1_51' title="bbox 2077 2420 3660 2494">
    <p class='ocr_par' dir='ltr' id='par_1_51' title="bbox 2077 2420 3660 2494">
     <span class='ocr_line' id='line_1_51' title="bbox 2077 2420 3660 2494; baseline 0.003 -20"><span class='ocrx_word' id='word_1_318' title='bbox 2077 2421 2217 2494; x_wconf 87' lang='grc' dir='ltr'>μετὰ</span> <span class='ocrx_word' id='word_1_319' title='bbox 2242 2423 2428 2488; x_wconf 83' lang='grc' dir='ltr'>πάσης</span> <span class='ocrx_word' id='word_1_320' title='bbox 2455 2420 2962 2491; x_wconf 82' lang='grc' dir='ltr'>ταπεινοφροσύνης</span> <span class='ocrx_word' id='word_1_321' title='bbox 2993 2421 3086 2474; x_wconf 81' lang='grc' dir='ltr'><strong>καὶ</strong></span> <span class='ocrx_word' id='word_1_322' title='bbox 3133 2422 3441 2492; x_wconf 84' lang='grc' dir='ltr'>πραότητος</span> <span class='ocrx_word' id='word_1_323' title='bbox 3461 2440 3474 2455; x_wconf 87' lang='grc'><strong>·</strong></span> <span class='ocrx_word' id='word_1_324' title='bbox 3513 2426 3660 2494; x_wconf 75' lang='grc' dir='ltr'>μετὰ</span> 
     </span>
    </p>
   </div>
   <div class='ocr_carea' id='block_1_52' title="bbox 2077 2512 3660 2586">
    <p class='ocr_par' dir='ltr' id='par_1_52' title="bbox 2077 2512 3660 2586">
     <span class='ocr_line' id='line_1_52' title="bbox 2077 2512 3660 2586; baseline 0.001 -19"><span class='ocrx_word' id='word_1_325' title='bbox 2077 2512 2464 2585; x_wconf 85' lang='grc' dir='ltr'>μακροθυμίας</span> <span class='ocrx_word' id='word_1_326' title='bbox 2504 2513 2826 2583; x_wconf 80' lang='grc' dir='ltr'>ἀνεχόμενοι</span> <span class='ocrx_word' id='word_1_327' title='bbox 2861 2513 3114 2584; x_wconf 83' lang='grc' dir='ltr'>ἀλλήλων</span> <span class='ocrx_word' id='word_1_328' title='bbox 3143 2515 3202 2566; x_wconf 84' lang='grc' dir='ltr'>ὲν</span> <span class='ocrx_word' id='word_1_329' title='bbox 3241 2515 3454 2586; x_wconf 82' lang='grc' dir='ltr'>ἀγάπῃ,</span> <span class='ocrx_word' id='word_1_330' title='bbox 3489 2533 3660 2568; x_wconf 81' lang='grc' dir='ltr'>σπου-</span> 
     </span>
    </p>
   </div>
   <div class='ocr_carea' id='block_1_53' title="bbox 2072 2603 3658 2679">
    <p class='ocr_par' dir='ltr' id='par_1_53' title="bbox 2072 2603 3658 2679">
     <span class='ocr_line' id='line_1_53' title="bbox 2072 2603 3658 2679; baseline 0.001 -20"><span class='ocrx_word' id='word_1_331' title='bbox 2072 2606 2327 2671; x_wconf 83' lang='grc' dir='ltr'>δάζοντες</span> <span class='ocrx_word' id='word_1_332' title='bbox 2355 2606 2549 2677; x_wconf 82' lang='grc' dir='ltr'>τηρεῖν</span> <span class='ocrx_word' id='word_1_333' title='bbox 2591 2605 2690 2674; x_wconf 83' lang='grc' dir='ltr'>τὴν</span> <span class='ocrx_word' id='word_1_334' title='bbox 2740 2605 2970 2676; x_wconf 77' lang='grc' dir='ltr'>ἑνότητα</span> <span class='ocrx_word' id='word_1_335' title='bbox 2995 2603 3088 2658; x_wconf 90' lang='grc' dir='ltr'><strong>τοῦ</strong></span> <span class='ocrx_word' id='word_1_336' title='bbox 3123 2605 3446 2676; x_wconf 83' lang='grc' dir='ltr'>Πνεύματος</span> <span class='ocrx_word' id='word_1_337' title='bbox 3473 2609 3532 2662; x_wconf 83' lang='grc' dir='ltr'><strong>ἐν</strong></span> <span class='ocrx_word' id='word_1_338' title='bbox 3571 2607 3658 2679; x_wconf 78' lang='grc' dir='ltr'>τῷ</span> 
     </span>
    </p>
   </div>
   <div class='ocr_carea' id='block_1_54' title="bbox 2075 2699 2819 2770">
    <p class='ocr_par' dir='ltr' id='par_1_54' title="bbox 2075 2699 2819 2770">
     <span class='ocr_line' id='line_1_54' title="bbox 2075 2699 2819 2770; baseline -0.004 -17"><span class='ocrx_word' id='word_1_339' title='bbox 2075 2700 2358 2770; x_wconf 81' lang='grc' dir='ltr'>συνδέσμῳ</span> <span class='ocrx_word' id='word_1_340' title='bbox 2384 2699 2484 2770; x_wconf 85' lang='grc' dir='ltr'>τῆς</span> <span class='ocrx_word' id='word_1_341' title='bbox 2511 2699 2756 2770; x_wconf 77' lang='grc' dir='ltr'>εἰρήνης.</span> <span class='ocrx_word' id='word_1_342' title='bbox 2801 2717 2819 2750; x_wconf 73' lang='grc' dir='ltr'><strong>ι</strong></span> 
     </span>
    </p>
   </div>
   <div class='ocr_carea' id='block_1_55' title="bbox 2155 2790 3662 2864">
    <p class='ocr_par' dir='ltr' id='par_1_55' title="bbox 2155 2790 3662 2864">
     <span class='ocr_line' id='line_1_55' title="bbox 2155 2790 3662 2864; baseline 0 -19"><span class='ocrx_word' id='word_1_343' title='bbox 2155 2792 2279 2845; x_wconf 76' lang='grc' dir='ltr'><strong>Ἐπὶ</strong></span> <span class='ocrx_word' id='word_1_344' title='bbox 2305 2793 2437 2863; x_wconf 81' lang='grc' dir='ltr'>ἁγίᾳ</span> <span class='ocrx_word' id='word_1_345' title='bbox 2468 2790 2603 2864; x_wconf 78' lang='grc' dir='ltr'>ζωῇ,</span> <span class='ocrx_word' id='word_1_346' title='bbox 2631 2792 2783 2862; x_wconf 77' lang='grc' dir='ltr'>φησί,</span> <span class='ocrx_word' id='word_1_347' title='bbox 2819 2792 3116 2864; x_wconf 83' lang='grc' dir='ltr'>κέκλησθέ,</span> <span class='ocrx_word' id='word_1_348' title='bbox 3149 2793 3243 2846; x_wconf 75' lang='grc' dir='ltr'>καὶ</span> <span class='ocrx_word' id='word_1_349' title='bbox 3266 2795 3489 2850; x_wconf 81' lang='grc' dir='ltr'>ἀπαιτεί</span> <span class='ocrx_word' id='word_1_350' title='bbox 3517 2795 3662 2864; x_wconf 75' lang='grc' dir='ltr'>κλῆο</span> 
     </span>
    </p>
   </div>
   <div class='ocr_carea' id='block_1_56' title="bbox 2074 2883 3660 2958">
    <p class='ocr_par' dir='ltr' id='par_1_56' title="bbox 2074 2883 3660 2958">
     <span class='ocr_line' id='line_1_56' title="bbox 2074 2883 3660 2958; baseline 0.001 -19"><span class='ocrx_word' id='word_1_351' title='bbox 2074 2901 2158 2952; x_wconf 92' lang='grc' dir='ltr'><strong>σις</strong></span> <span class='ocrx_word' id='word_1_352' title='bbox 2184 2886 2245 2939; x_wconf 81' lang='grc' dir='ltr'>τὸ</span> <span class='ocrx_word' id='word_1_353' title='bbox 2267 2886 2643 2956; x_wconf 87' lang='grc' dir='ltr'>πνευματικόν</span> <span class='ocrx_word' id='word_1_354' title='bbox 2664 2901 2679 2917; x_wconf 81' lang='grc'><em>’</em></span> <span class='ocrx_word' id='word_1_355' title='bbox 2718 2883 2875 2938; x_wconf 81' lang='grc' dir='ltr'>τοῦτο</span> <span class='ocrx_word' id='word_1_356' title='bbox 2899 2886 2956 2938; x_wconf 80' lang='grc' dir='ltr'>δὲ</span> <span class='ocrx_word' id='word_1_357' title='bbox 2980 2885 3039 2950; x_wconf 80' lang='grc' dir='ltr'>ἐξ</span> <span class='ocrx_word' id='word_1_358' title='bbox 3069 2887 3315 2940; x_wconf 81' lang='grc' dir='ltr'>ἐναντίου</span> <span class='ocrx_word' id='word_1_359' title='bbox 3339 2887 3432 2941; x_wconf 89' lang='grc' dir='ltr'><strong>τοῦ</strong></span> <span class='ocrx_word' id='word_1_360' title='bbox 3458 2903 3660 2958; x_wconf 83' lang='grc' dir='ltr'>σαρκι-</span> 
     </span>
    </p>
   </div>
   <div class='ocr_carea' id='block_1_57' title="bbox 2070 2979 3660 3050">
    <p class='ocr_par' dir='ltr' id='par_1_57' title="bbox 2070 2979 3660 3050">
     <span class='ocr_line' id='line_1_57' title="bbox 2070 2979 3660 3050; baseline 0 -16"><span class='ocrx_word' id='word_1_361' title='bbox 2070 2979 2170 3034; x_wconf 89' lang='grc' dir='ltr'><strong>κοῦ</strong></span> <span class='ocrx_word' id='word_1_362' title='bbox 2205 2979 2554 3049; x_wconf 78' lang='grc' dir='ltr'>γνωρίζεται.</span> <span class='ocrx_word' id='word_1_363' title='bbox 2603 2980 2666 3032; x_wconf 81' lang='grc' dir='ltr'>Εἰ</span> <span class='ocrx_word' id='word_1_364' title='bbox 2698 2979 2754 3032; x_wconf 84' lang='grc' dir='ltr'>δὲ</span> <span class='ocrx_word' id='word_1_365' title='bbox 2794 2980 2853 3032; x_wconf 86' lang='grc' dir='ltr'>ὲν</span> <span class='ocrx_word' id='word_1_366' title='bbox 2891 2981 3004 3041; x_wconf 85' lang='grc' dir='ltr'><strong>τοίς</strong></span> <span class='ocrx_word' id='word_1_367' title='bbox 3032 2981 3320 3050; x_wconf 83' lang='grc' dir='ltr'>σαρκικοῖς</span> <span class='ocrx_word' id='word_1_368' title='bbox 3360 2979 3660 3049; x_wconf 83' lang='grc' dir='ltr'>ὑπερηφα-</span> 
     </span>
    </p>
   </div>
   <div class='ocr_carea' id='block_1_58' title="bbox 2070 3070 3660 3143">
    <p class='ocr_par' dir='ltr' id='par_1_58' title="bbox 2070 3070 3660 3143">
     <span class='ocr_line' id='line_1_58' title="bbox 2070 3070 3660 3143; baseline 0 -18"><span class='ocrx_word' id='word_1_369' title='bbox 2070 3072 2181 3137; x_wconf 90' lang='grc' dir='ltr'>νία,</span> <span class='ocrx_word' id='word_1_370' title='bbox 2218 3073 2313 3125; x_wconf 82' lang='grc' dir='ltr'>καὶ</span> <span class='ocrx_word' id='word_1_371' title='bbox 2355 3070 2510 3140; x_wconf 72' lang='grc' dir='ltr'>ὕψος,</span> <span class='ocrx_word' id='word_1_372' title='bbox 2547 3071 2643 3125; x_wconf 71' lang='grc' dir='ltr'><strong>καὶ</strong></span> <span class='ocrx_word' id='word_1_373' title='bbox 2679 3071 2973 3143; x_wconf 79' lang='grc' dir='ltr'>όξυθυμία,</span> <span class='ocrx_word' id='word_1_374' title='bbox 3017 3073 3114 3124; x_wconf 70' lang='grc' dir='ltr'><strong>καὶ</strong></span> <span class='ocrx_word' id='word_1_375' title='bbox 3152 3070 3404 3134; x_wconf 73' lang='grc' dir='ltr'>ἔνστασις</span> <span class='ocrx_word' id='word_1_376' title='bbox 3453 3073 3486 3141; x_wconf 88' lang='grc' dir='ltr'><strong>ή</strong></span> <span class='ocrx_word' id='word_1_377' title='bbox 3516 3074 3660 3142; x_wconf 79' lang='grc' dir='ltr'>πρὸς</span> 
     </span>
    </p>
   </div>
   <div class='ocr_carea' id='block_1_59' title="bbox 381 3154 1968 3237">
    <p class='ocr_par' dir='ltr' id='par_1_59' title="bbox 381 3160 1967 3226">
     <span class='ocr_line' id='line_1_59' title="bbox 381 3160 1967 3226; baseline 0.001 -12"><span class='ocrx_word' id='word_1_378' title='bbox 381 3161 692 3224; x_wconf 82' lang='lat' dir='ltr'><strong>iracundia,</strong></span> <span class='ocrx_word' id='word_1_379' title='bbox 727 3162 1011 3216; x_wconf 89' lang='lat' dir='ltr'><strong>contentio</strong></span> <span class='ocrx_word' id='word_1_380' title='bbox 1050 3171 1262 3226; x_wconf 89' lang='lat' dir='ltr'><strong>mutua,</strong></span> <span class='ocrx_word' id='word_1_381' title='bbox 1295 3160 1656 3217; x_wconf 80' lang='lat' dir='ltr'><strong>manifestum</strong></span> <span class='ocrx_word' id='word_1_382' title='bbox 1702 3169 1791 3217; x_wconf 89' lang='lat' dir='ltr'><strong>est</strong></span> <span class='ocrx_word' id='word_1_383' title='bbox 1842 3161 1967 3218; x_wconf 89' lang='lat' dir='ltr'><strong>ﬁdei</strong></span> 
     </span>
    </p>
   </div>
   <div class='ocr_carea' id='block_1_60' title="bbox 2099 3154 3656 3237">
    <p class='ocr_par' dir='ltr' id='par_1_60' title="bbox 2099 3163 3656 3237">
     <span class='ocr_line' id='line_1_60' title="bbox 2099 3163 3656 3237; baseline 0 -20"><span class='ocrx_word' id='word_1_384' title='bbox 2099 3165 2357 3235; x_wconf 73' lang='grc' dir='ltr'>ιλλήλους,</span> <span class='ocrx_word' id='word_1_385' title='bbox 2399 3165 2470 3218; x_wconf 83' lang='grc' dir='ltr'><strong>τὰ</strong></span> <span class='ocrx_word' id='word_1_386' title='bbox 2526 3165 2749 3220; x_wconf 82' lang='grc' dir='ltr'>ἐναντία</span> <span class='ocrx_word' id='word_1_387' title='bbox 2787 3165 2946 3237; x_wconf 83' lang='grc' dir='ltr'>δῆλον</span> <span class='ocrx_word' id='word_1_388' title='bbox 2987 3166 3069 3218; x_wconf 83' lang='grc' dir='ltr'><strong>ὅτι</strong></span> <span class='ocrx_word' id='word_1_389' title='bbox 3101 3165 3130 3217; x_wconf 84' lang='grc' dir='ltr'><strong>ό</strong></span> <span class='ocrx_word' id='word_1_390' title='bbox 3185 3163 3340 3234; x_wconf 85' lang='grc' dir='ltr'>λόγος</span> <span class='ocrx_word' id='word_1_391' title='bbox 3394 3164 3478 3231; x_wconf 76' lang='grc' dir='ltr'><strong>ἐφ’</strong></span> <span class='ocrx_word' id='word_1_392' title='bbox 3518 3167 3656 3234; x_wconf 75' lang='grc' dir='ltr'>ήμῖν</span> 
     </span>
    </p>
   </div>
   <div class='ocr_carea' id='block_1_61' title="bbox 382 3252 1962 3325">
    <p class='ocr_par' dir='ltr' id='par_1_61' title="bbox 382 3252 1962 3325">
     <span class='ocr_line' id='line_1_61' title="bbox 382 3252 1962 3325; baseline -0.001 -16"><span class='ocrx_word' id='word_1_393' title='bbox 382 3254 686 3309; x_wconf 87' lang='lat' dir='ltr'><strong>doctrinam</strong></span> <span class='ocrx_word' id='word_1_394' title='bbox 721 3268 751 3307; x_wconf 89' lang='lat' dir='ltr'><strong>a</strong></span> <span class='ocrx_word' id='word_1_395' title='bbox 783 3252 945 3310; x_wconf 88' lang='lat' dir='ltr'><strong>nobis</strong></span> <span class='ocrx_word' id='word_1_396' title='bbox 983 3253 1270 3323; x_wconf 89' lang='lat' dir='ltr'><strong>oppositos</strong></span> <span class='ocrx_word' id='word_1_397' title='bbox 1328 3254 1452 3310; x_wconf 88' lang='lat' dir='ltr'><strong>istis</strong></span> <span class='ocrx_word' id='word_1_398' title='bbox 1493 3268 1675 3310; x_wconf 87' lang='lat' dir='ltr'><strong>mores</strong></span> <span class='ocrx_word' id='word_1_399' title='bbox 1721 3254 1962 3325; x_wconf 78' lang='lat' dir='ltr'><strong>exigere.</strong></span> 
     </span>
    </p>
   </div>
   <div class='ocr_carea' id='block_1_62' title="bbox 452 3345 1291 3420">
    <p class='ocr_par' dir='ltr' id='par_1_62' title="bbox 452 3345 1291 3420">
     <span class='ocr_line' id='line_1_62' title="bbox 452 3345 1291 3420; baseline 0.002 -21"><span class='ocrx_word' id='word_1_400' title='bbox 452 3346 616 3401; x_wconf 75' lang='lat' dir='ltr'><strong>Vens.</strong></span> <span class='ocrx_word' id='word_1_401' title='bbox 651 3348 707 3401; x_wconf 76' lang='grc'>4.</span> <span class='ocrx_word' id='word_1_402' title='bbox 749 3364 766 3398; x_wconf 78' lang='lat' dir='ltr'><strong>t</strong></span> <span class='ocrx_word' id='word_1_403' title='bbox 803 3345 982 3402; x_wconf 86' lang='lat' dir='ltr'><strong>Unum</strong></span> <span class='ocrx_word' id='word_1_404' title='bbox 1015 3364 1236 3420; x_wconf 88' lang='lat' dir='ltr'><strong>corpus.</strong></span> <span class='ocrx_word' id='word_1_405' title='bbox 1272 3368 1291 3401; x_wconf 73' lang='grc' dir='ltr'><strong>ι</strong></span> 
     </span>
    </p>
   </div>
   <div class='ocr_carea' id='block_1_63' title="bbox 451 3438 979 3494">
    <p class='ocr_par' dir='ltr' id='par_1_63' title="bbox 451 3438 979 3494">
     <span class='ocr_line' id='line_1_63' title="bbox 451 3438 979 3494; baseline 0.006 -4"><span class='ocrx_word' id='word_1_406' title='bbox 451 3438 688 3492; x_wconf 82' lang='lat' dir='ltr'><strong>Invicem</strong></span> <span class='ocrx_word' id='word_1_407' title='bbox 709 3439 979 3494; x_wconf 87' lang='lat' dir='ltr'><strong>coeundo.</strong></span> 
     </span>
    </p>
   </div>
   <div class='ocr_carea' id='block_1_64' title="bbox 456 3529 1964 3601">
    <p class='ocr_par' dir='ltr' id='par_1_64' title="bbox 456 3529 1964 3601">
     <span class='ocr_line' id='line_1_64' title="bbox 456 3529 1964 3601; baseline 0.001 -20"><span class='ocrx_word' id='word_1_408' title='bbox 456 3529 618 3601; x_wconf 75' lang='lat'><strong>136</strong></span> <span class='ocrx_word' id='word_1_409' title='bbox 650 3549 669 3581; x_wconf 86' lang='grc'><strong><em>‹</em></strong></span> <span class='ocrx_word' id='word_1_410' title='bbox 709 3530 774 3582; x_wconf 86' lang='grc' dir='ltr'>Ει</span> <span class='ocrx_word' id='word_1_411' title='bbox 806 3546 952 3586; x_wconf 85' lang='lat' dir='ltr'><strong>unus</strong></span> <span class='ocrx_word' id='word_1_412' title='bbox 987 3529 1261 3601; x_wconf 89' lang='lat' dir='ltr'><strong>Spiritus,</strong></span> <span class='ocrx_word' id='word_1_413' title='bbox 1307 3530 1458 3586; x_wconf 89' lang='lat' dir='ltr'><strong>sicut</strong></span> <span class='ocrx_word' id='word_1_414' title='bbox 1491 3529 1673 3586; x_wconf 87' lang='lat' dir='ltr'><strong>voca-ti</strong></span> <span class='ocrx_word' id='word_1_415' title='bbox 1726 3531 1862 3586; x_wconf 81' lang='lat' dir='ltr'><strong>estis</strong></span> <span class='ocrx_word' id='word_1_416' title='bbox 1910 3530 1964 3584; x_wconf 87' lang='lat' dir='ltr'><strong>in</strong></span> 
     </span>
    </p>
   </div>
   <div class='ocr_carea' id='block_1_65' title="bbox 383 3623 1270 3691">
    <p class='ocr_par' dir='ltr' id='par_1_65' title="bbox 383 3623 1270 3691">
     <span class='ocr_line' id='line_1_65' title="bbox 383 3623 1270 3691; baseline -0.002 -16"><span class='ocrx_word' id='word_1_417' title='bbox 383 3638 490 3676; x_wconf 88' lang='lat' dir='ltr'><strong>una</strong></span> <span class='ocrx_word' id='word_1_418' title='bbox 515 3637 612 3691; x_wconf 82' lang='lat' dir='ltr'><strong>spe</strong></span> <span class='ocrx_word' id='word_1_419' title='bbox 642 3623 955 3676; x_wconf 86' lang='lat' dir='ltr'><strong>vocationis</strong></span> <span class='ocrx_word' id='word_1_420' title='bbox 987 3631 1209 3677; x_wconf 67' lang='lat' dir='ltr'><strong>vestrae.</strong></span> <span class='ocrx_word' id='word_1_421' title='bbox 1250 3641 1270 3673; x_wconf 74' lang='grc' dir='ltr'><strong>ι</strong></span> 
     </span>
    </p>
   </div>
   <div class='ocr_carea' id='block_1_66' title="bbox 451 3712 1966 3769">
    <p class='ocr_par' dir='ltr' id='par_1_66' title="bbox 451 3712 1966 3769">
     <span class='ocr_line' id='line_1_66' title="bbox 451 3712 1966 3769; baseline -0.001 0"><span class='ocrx_word' id='word_1_422' title='bbox 451 3715 645 3769; x_wconf 82' lang='lat' dir='ltr'><strong>Mutua</strong></span> <span class='ocrx_word' id='word_1_423' title='bbox 674 3715 987 3769; x_wconf 82' lang='lat' dir='ltr'><strong>animorum</strong></span> <span class='ocrx_word' id='word_1_424' title='bbox 1024 3712 1421 3768; x_wconf 86' lang='lat' dir='ltr'><strong>consensione.</strong></span> <span class='ocrx_word' id='word_1_425' title='bbox 1473 3713 1649 3768; x_wconf 82' lang='lat' dir='ltr'><strong>Ambo</strong></span> <span class='ocrx_word' id='word_1_426' title='bbox 1687 3713 1834 3768; x_wconf 88' lang='lat' dir='ltr'><strong>enim</strong></span> <span class='ocrx_word' id='word_1_427' title='bbox 1866 3728 1966 3768; x_wconf 89' lang='lat' dir='ltr'><strong>sua</strong></span> 
     </span>
    </p>
   </div>
   <div class='ocr_carea' id='block_1_67' title="bbox 382 3803 1968 3875">
    <p class='ocr_par' dir='ltr' id='par_1_67' title="bbox 382 3803 1968 3875">
     <span class='ocr_line' id='line_1_67' title="bbox 382 3803 1968 3875; baseline 0 -16"><span class='ocrx_word' id='word_1_428' title='bbox 382 3805 618 3860; x_wconf 81' lang='lat' dir='ltr'><strong>invicem</strong></span> <span class='ocrx_word' id='word_1_429' title='bbox 675 3821 842 3875; x_wconf 91' lang='lat' dir='ltr'><strong>opera</strong></span> <span class='ocrx_word' id='word_1_430' title='bbox 888 3803 1144 3874; x_wconf 80' lang='lat' dir='ltr'><strong>indigent</strong></span> <span class='ocrx_word' id='word_1_431' title='bbox 1185 3825 1196 3858; x_wconf 90' lang='lat'>:</span> <span class='ocrx_word' id='word_1_432' title='bbox 1252 3804 1326 3857; x_wconf 90' lang='lat' dir='ltr'><strong>ita</strong></span> <span class='ocrx_word' id='word_1_433' title='bbox 1367 3812 1427 3857; x_wconf 91' lang='lat' dir='ltr'><strong>ut</strong></span> <span class='ocrx_word' id='word_1_434' title='bbox 1479 3819 1604 3874; x_wconf 64' lang='lat' dir='ltr'><strong>qua:</strong></span> <span class='ocrx_word' id='word_1_435' title='bbox 1649 3804 1718 3858; x_wconf 85' lang='lat' dir='ltr'><strong>ad</strong></span> <span class='ocrx_word' id='word_1_436' title='bbox 1763 3819 1968 3874; x_wconf 88' lang='lat' dir='ltr'><strong>corpus</strong></span> 
     </span>
    </p>
   </div>
   <div class='ocr_carea' id='block_1_68' title="bbox 382 3895 1964 3966">
    <p class='ocr_par' dir='ltr' id='par_1_68' title="bbox 382 3895 1964 3966">
     <span class='ocr_line' id='line_1_68' title="bbox 382 3895 1964 3966; baseline -0.003 -14"><span class='ocrx_word' id='word_1_437' title='bbox 382 3900 684 3966; x_wconf 88' lang='lat' dir='ltr'><strong>pertinent,</strong></span> <span class='ocrx_word' id='word_1_438' title='bbox 710 3897 953 3953; x_wconf 80' lang='lat' dir='ltr'><strong>exclusis</strong></span> <span class='ocrx_word' id='word_1_439' title='bbox 988 3897 1055 3951; x_wconf 90' lang='lat' dir='ltr'><strong>iis</strong></span> <span class='ocrx_word' id='word_1_440' title='bbox 1082 3911 1204 3966; x_wconf 69' lang='lat' dir='ltr'><strong>quae</strong></span> <span class='ocrx_word' id='word_1_441' title='bbox 1232 3895 1466 3966; x_wconf 87' lang='lat' dir='ltr'><strong>spiritus</strong></span> <span class='ocrx_word' id='word_1_442' title='bbox 1487 3908 1637 3961; x_wconf 88' lang='lat' dir='ltr'><strong>sunt,</strong></span> <span class='ocrx_word' id='word_1_443' title='bbox 1677 3895 1964 3950; x_wconf 87' lang='lat' dir='ltr'><strong>dissidium</strong></span> 
     </span>
    </p>
   </div>
   <div class='ocr_carea' id='block_1_69' title="bbox 383 3987 1966 4060">
    <p class='ocr_par' dir='ltr' id='par_1_69' title="bbox 383 3987 1966 4060">
     <span class='ocr_line' id='line_1_69' title="bbox 383 3987 1966 4060; baseline -0.001 -18"><span class='ocrx_word' id='word_1_444' title='bbox 383 3991 569 4060; x_wconf 88' lang='lat' dir='ltr'><strong>potius</strong></span> <span class='ocrx_word' id='word_1_445' title='bbox 619 3989 859 4060; x_wconf 87' lang='lat' dir='ltr'><strong>pariant.</strong></span> <span class='ocrx_word' id='word_1_446' title='bbox 902 3987 974 4042; x_wconf 83' lang='lat' dir='ltr'><strong>At</strong></span> <span class='ocrx_word' id='word_1_447' title='bbox 1023 3989 1072 4044; x_wconf 88' lang='lat' dir='ltr'><strong>si</strong></span> <span class='ocrx_word' id='word_1_448' title='bbox 1121 3987 1176 4043; x_wconf 91' lang='lat' dir='ltr'><strong>id</strong></span> <span class='ocrx_word' id='word_1_449' title='bbox 1225 3987 1372 4057; x_wconf 87' lang='lat' dir='ltr'><strong>quod</strong></span> <span class='ocrx_word' id='word_1_450' title='bbox 1424 3988 1650 4058; x_wconf 87' lang='lat' dir='ltr'><strong>spiritui</strong></span> <span class='ocrx_word' id='word_1_451' title='bbox 1682 3987 1966 4052; x_wconf 86' lang='lat' dir='ltr'><strong>convenit,</strong></span> 
     </span>
    </p>
   </div>
   <div class='ocr_carea' id='block_1_70' title="bbox 321 4079 1967 4151">
    <p class='ocr_par' dir='ltr' id='par_1_70' title="bbox 321 4079 1967 4151">
     <span class='ocr_line' id='line_1_70' title="bbox 321 4079 1967 4151; baseline 0.001 -17"><span class='ocrx_word' id='word_1_452' title='bbox 321 4145 332 4150; x_wconf 94' lang='lat'>_</span> <span class='ocrx_word' id='word_1_453' title='bbox 381 4081 611 4136; x_wconf 83' lang='lat' dir='ltr'><strong>minime</strong></span> <span class='ocrx_word' id='word_1_454' title='bbox 636 4082 847 4135; x_wconf 85' lang='lat' dir='ltr'><strong>salvum</strong></span> <span class='ocrx_word' id='word_1_455' title='bbox 879 4087 1087 4145; x_wconf 90' lang='lat' dir='ltr'><strong>manet,</strong></span> <span class='ocrx_word' id='word_1_456' title='bbox 1119 4080 1252 4134; x_wconf 91' lang='lat' dir='ltr'><strong>illud</strong></span> <span class='ocrx_word' id='word_1_457' title='bbox 1288 4080 1456 4135; x_wconf 88' lang='lat' dir='ltr'><strong>etiam</strong></span> <span class='ocrx_word' id='word_1_458' title='bbox 1488 4079 1639 4151; x_wconf 88' lang='lat' dir='ltr'><strong>quod</strong></span> <span class='ocrx_word' id='word_1_459' title='bbox 1669 4080 1735 4136; x_wconf 90' lang='lat' dir='ltr'><strong>ad</strong></span> <span class='ocrx_word' id='word_1_460' title='bbox 1759 4094 1967 4150; x_wconf 84' lang='lat' dir='ltr'><strong>corpus</strong></span> 
     </span>
    </p>
   </div>
   <div class='ocr_carea' id='block_1_71' title="bbox 380 4172 1307 4244">
    <p class='ocr_par' dir='ltr' id='par_1_71' title="bbox 380 4172 1307 4244">
     <span class='ocr_line' id='line_1_71' title="bbox 380 4172 1307 4244; baseline -0.004 -16"><span class='ocrx_word' id='word_1_461' title='bbox 380 4181 619 4244; x_wconf 86' lang='lat' dir='ltr'><strong>spectat,</strong></span> <span class='ocrx_word' id='word_1_462' title='bbox 649 4173 916 4241; x_wconf 87' lang='lat' dir='ltr'><strong>paulatim</strong></span> <span class='ocrx_word' id='word_1_463' title='bbox 949 4172 1307 4227; x_wconf 82' lang='lat' dir='ltr'><strong>obscuratur.</strong></span> 
     </span>
    </p>
   </div>
   <div class='ocr_carea' id='block_1_72' title="bbox 451 4261 1964 4328">
    <p class='ocr_par' dir='ltr' id='par_1_72' title="bbox 451 4261 1964 4328">
     <span class='ocr_line' id='line_1_72' title="bbox 451 4261 1964 4328; baseline 0.001 -12"><span class='ocrx_word' id='word_1_464' title='bbox 451 4261 617 4318; x_wconf 73' lang='lat' dir='ltr'><strong>Vens.</strong></span> <span class='ocrx_word' id='word_1_465' title='bbox 667 4262 721 4325; x_wconf 82' lang='lat'><strong>5,</strong></span> <span class='ocrx_word' id='word_1_466' title='bbox 770 4262 825 4317; x_wconf 87' lang='lat'><strong>6.</strong></span> <span class='ocrx_word' id='word_1_467' title='bbox 886 4280 903 4314; x_wconf 78' lang='grc' dir='ltr'><strong>ι</strong></span> <span class='ocrx_word' id='word_1_468' title='bbox 937 4261 1092 4318; x_wconf 86' lang='lat' dir='ltr'><strong>Unus</strong></span> <span class='ocrx_word' id='word_1_469' title='bbox 1117 4263 1409 4328; x_wconf 80' lang='lat' dir='ltr'><strong>Christus,</strong></span> <span class='ocrx_word' id='word_1_470' title='bbox 1437 4279 1545 4318; x_wconf 86' lang='lat' dir='ltr'><strong>una</strong></span> <span class='ocrx_word' id='word_1_471' title='bbox 1592 4263 1750 4328; x_wconf 89' lang='lat' dir='ltr'><strong>ﬁdes,</strong></span> <span class='ocrx_word' id='word_1_472' title='bbox 1793 4279 1964 4318; x_wconf 93' lang='lat' dir='ltr'><strong>unum</strong></span> 
     </span>
    </p>
   </div>
   <div class='ocr_carea' id='block_1_73' title="bbox 377 4355 1968 4425">
    <p class='ocr_par' dir='ltr' id='par_1_73' title="bbox 377 4355 1968 4425">
     <span class='ocr_line' id='line_1_73' title="bbox 377 4355 1968 4425; baseline 0 -16"><span class='ocrx_word' id='word_1_473' title='bbox 377 4355 680 4425; x_wconf 86' lang='lat' dir='ltr'><strong>baptisma;</strong></span> <span class='ocrx_word' id='word_1_474' title='bbox 714 4370 857 4410; x_wconf 85' lang='lat' dir='ltr'><strong>unus</strong></span> <span class='ocrx_word' id='word_1_475' title='bbox 909 4355 1054 4411; x_wconf 88' lang='lat' dir='ltr'><strong>Deus</strong></span> <span class='ocrx_word' id='word_1_476' title='bbox 1094 4365 1152 4410; x_wconf 89' lang='lat' dir='ltr'><strong>et</strong></span> <span class='ocrx_word' id='word_1_477' title='bbox 1200 4355 1366 4410; x_wconf 86' lang='lat' dir='ltr'><strong>Pater</strong></span> <span class='ocrx_word' id='word_1_478' title='bbox 1408 4355 1687 4417; x_wconf 86' lang='lat' dir='ltr'><strong>omnium,</strong></span> <span class='ocrx_word' id='word_1_479' title='bbox 1738 4355 1834 4424; x_wconf 83' lang='lat' dir='ltr'><strong>qui</strong></span> <span class='ocrx_word' id='word_1_480' title='bbox 1881 4363 1968 4409; x_wconf 87' lang='lat' dir='ltr'><strong>est</strong></span> 
     </span>
    </p>
   </div>
   <div class='ocr_carea' id='block_1_74' title="bbox 376 4442 1967 4515">
    <p class='ocr_par' dir='ltr' id='par_1_74' title="bbox 376 4442 1967 4515">
     <span class='ocr_line' id='line_1_74' title="bbox 376 4442 1967 4515; baseline 0 -16"><span class='ocrx_word' id='word_1_481' title='bbox 376 4458 543 4513; x_wconf 84' lang='lat' dir='ltr'><strong>super</strong></span> <span class='ocrx_word' id='word_1_482' title='bbox 615 4445 844 4511; x_wconf 88' lang='lat' dir='ltr'><strong>omnia,</strong></span> <span class='ocrx_word' id='word_1_483' title='bbox 923 4455 978 4500; x_wconf 88' lang='lat' dir='ltr'><strong>et</strong></span> <span class='ocrx_word' id='word_1_484' title='bbox 1042 4459 1140 4515; x_wconf 85' lang='lat' dir='ltr'><strong>per</strong></span> <span class='ocrx_word' id='word_1_485' title='bbox 1203 4443 1420 4510; x_wconf 87' lang='lat' dir='ltr'><strong>omnia,</strong></span> <span class='ocrx_word' id='word_1_486' title='bbox 1476 4451 1535 4498; x_wconf 93' lang='lat' dir='ltr'><strong>et</strong></span> <span class='ocrx_word' id='word_1_487' title='bbox 1588 4442 1646 4496; x_wconf 92' lang='lat' dir='ltr'><strong>in</strong></span> <span class='ocrx_word' id='word_1_488' title='bbox 1706 4444 1967 4500; x_wconf 85' lang='lat' dir='ltr'><strong>omnibus</strong></span> 
     </span>
    </p>
   </div>
   <div class='ocr_carea' id='block_1_75' title="bbox 377 4537 623 4592">
    <p class='ocr_par' dir='ltr' id='par_1_75' title="bbox 377 4537 623 4592">
     <span class='ocr_line' id='line_1_75' title="bbox 377 4537 623 4592; baseline -0.008 -2"><span class='ocrx_word' id='word_1_489' title='bbox 377 4537 560 4592; x_wconf 86' lang='lat' dir='ltr'><strong>nobis.</strong></span> <span class='ocrx_word' id='word_1_490' title='bbox 605 4556 623 4588; x_wconf 73' lang='grc' dir='ltr'><strong>ι</strong></span> 
     </span>
    </p>
   </div>
   <div class='ocr_carea' id='block_1_76' title="bbox 447 4649 1962 4721">
    <p class='ocr_par' dir='ltr' id='par_1_76' title="bbox 447 4649 1962 4721">
     <span class='ocr_line' id='line_1_76' title="bbox 447 4649 1962 4721; baseline -0.001 -15"><span class='ocrx_word' id='word_1_491' title='bbox 447 4652 524 4708; x_wconf 80' lang='lat' dir='ltr'><strong>Ex</strong></span> <span class='ocrx_word' id='word_1_492' title='bbox 579 4653 839 4708; x_wconf 88' lang='lat' dir='ltr'><strong>omnibus</strong></span> <span class='ocrx_word' id='word_1_493' title='bbox 891 4651 1172 4721; x_wconf 86' lang='lat' dir='ltr'><strong>capitibus</strong></span> <span class='ocrx_word' id='word_1_494' title='bbox 1235 4649 1691 4718; x_wconf 73' lang='lat' dir='ltr'><strong>coniunctionem</strong></span> <span class='ocrx_word' id='word_1_495' title='bbox 1747 4651 1962 4706; x_wconf 86' lang='lat' dir='ltr'><strong>suadet.</strong></span> 
     </span>
    </p>
   </div>
   <div class='ocr_carea' id='block_1_77' title="bbox 376 4741 1960 4816">
    <p class='ocr_par' dir='ltr' id='par_1_77' title="bbox 376 4741 1960 4816">
     <span class='ocr_line' id='line_1_77' title="bbox 376 4741 1960 4816; baseline -0.004 -15"><span class='ocrx_word' id='word_1_496' title='bbox 376 4744 530 4801; x_wconf 88' lang='lat' dir='ltr'><strong>Unus</strong></span> <span class='ocrx_word' id='word_1_497' title='bbox 562 4745 752 4816; x_wconf 89' lang='lat' dir='ltr'><strong>itaque</strong></span> <span class='ocrx_word' id='word_1_498' title='bbox 785 4743 1059 4798; x_wconf 89' lang='lat' dir='ltr'><strong>Dominus</strong></span> <span class='ocrx_word' id='word_1_499' title='bbox 1099 4749 1202 4807; x_wconf 86' lang='lat' dir='ltr'><strong>est,</strong></span> <span class='ocrx_word' id='word_1_500' title='bbox 1243 4756 1406 4811; x_wconf 88' lang='lat' dir='ltr'><strong>quem</strong></span> <span class='ocrx_word' id='word_1_501' title='bbox 1437 4741 1766 4798; x_wconf 88' lang='lat' dir='ltr'><strong>invocamus</strong></span> <span class='ocrx_word' id='word_1_502' title='bbox 1798 4759 1812 4796; x_wconf 92' lang='lat'><strong>:</strong></span> <span class='ocrx_word' id='word_1_503' title='bbox 1847 4756 1960 4796; x_wconf 89' lang='lat' dir='ltr'><strong>una</strong></span> 
     </span>
    </p>
   </div>
   <div class='ocr_carea' id='block_1_78' title="bbox 376 4833 1962 4905">
    <p class='ocr_par' dir='ltr' id='par_1_78' title="bbox 376 4833 1962 4905">
     <span class='ocr_line' id='line_1_78' title="bbox 376 4833 1962 4905; baseline -0.001 -15"><span class='ocrx_word' id='word_1_504' title='bbox 376 4835 530 4900; x_wconf 89' lang='lat' dir='ltr'><strong>ﬁdes,</strong></span> <span class='ocrx_word' id='word_1_505' title='bbox 569 4849 666 4904; x_wconf 89' lang='lat' dir='ltr'><strong>per</strong></span> <span class='ocrx_word' id='word_1_506' title='bbox 700 4850 863 4904; x_wconf 89' lang='lat' dir='ltr'><strong>quam</strong></span> <span class='ocrx_word' id='word_1_507' title='bbox 923 4833 1225 4888; x_wconf 86' lang='lat' dir='ltr'><strong>introducti</strong></span> <span class='ocrx_word' id='word_1_508' title='bbox 1274 4847 1466 4887; x_wconf 92' lang='lat' dir='ltr'><strong>sumus</strong></span> <span class='ocrx_word' id='word_1_509' title='bbox 1507 4850 1522 4887; x_wconf 91' lang='lat'><strong>:</strong></span> <span class='ocrx_word' id='word_1_510' title='bbox 1556 4847 1727 4887; x_wconf 91' lang='lat' dir='ltr'><strong>unum</strong></span> <span class='ocrx_word' id='word_1_511' title='bbox 1779 4835 1962 4905; x_wconf 87' lang='lat' dir='ltr'><strong>bapti-</strong></span> 
     </span>
    </p>
   </div>
   <div class='ocr_carea' id='block_1_79' title="bbox 2073 3259 2248 3326">
    <p class='ocr_par' dir='ltr' id='par_1_79' title="bbox 2073 3259 2248 3326">
     <span class='ocr_line' id='line_1_79' title="bbox 2073 3259 2248 3326; baseline -0.006 -15"><span class='ocrx_word' id='word_1_512' title='bbox 2073 3259 2248 3326; x_wconf 79' lang='grc' dir='ltr'>ζητεῖ.</span> 
     </span>
    </p>
   </div>
   <div class='ocr_carea' id='block_1_80' title="bbox 2148 3349 2580 3420">
    <p class='ocr_par' dir='ltr' id='par_1_80' title="bbox 2148 3349 2580 3420">
     <span class='ocr_line' id='line_1_80' title="bbox 2148 3349 2580 3420; baseline -0.002 -18"><span class='ocrx_word' id='word_1_513' title='bbox 2148 3370 2165 3402; x_wconf 78' lang='grc' dir='ltr'><strong>ι</strong></span> <span class='ocrx_word' id='word_1_514' title='bbox 2207 3351 2303 3404; x_wconf 83' lang='grc' dir='ltr'>Ἕν</span> <span class='ocrx_word' id='word_1_515' title='bbox 2334 3349 2516 3420; x_wconf 85' lang='grc' dir='ltr'>σῶμα.</span> <span class='ocrx_word' id='word_1_516' title='bbox 2563 3371 2580 3400; x_wconf 76' lang='grc' dir='ltr'><strong><em>ο</em></strong></span> 
     </span>
    </p>
   </div>
   <div class='ocr_carea' id='block_1_81' title="bbox 2141 3441 2942 3513">
    <p class='ocr_par' dir='ltr' id='par_1_81' title="bbox 2141 3441 2942 3513">
     <span class='ocr_line' id='line_1_81' title="bbox 2141 3441 2942 3513; baseline 0.001 -16"><span class='ocrx_word' id='word_1_517' title='bbox 2141 3444 2241 3498; x_wconf 83' lang='grc' dir='ltr'><strong>Διὰ</strong></span> <span class='ocrx_word' id='word_1_518' title='bbox 2268 3444 2363 3497; x_wconf 88' lang='grc' dir='ltr'><strong>τοῦ</strong></span> <span class='ocrx_word' id='word_1_519' title='bbox 2389 3444 2626 3496; x_wconf 87' lang='grc' dir='ltr'>συνιέναι</span> <span class='ocrx_word' id='word_1_520' title='bbox 2657 3441 2942 3513; x_wconf 82' lang='grc' dir='ltr'>ἀλλήλους.</span> 
     </span>
    </p>
   </div>
   <div class='ocr_carea' id='block_1_82' title="bbox 2144 3534 3657 3608">
    <p class='ocr_par' dir='ltr' id='par_1_82' title="bbox 2144 3534 3657 3608">
     <span class='ocr_line' id='line_1_82' title="bbox 2144 3534 3657 3608; baseline 0.001 -19"><span class='ocrx_word' id='word_1_521' title='bbox 2144 3555 2164 3589; x_wconf 73' lang='grc' dir='ltr'><strong>ι</strong></span> <span class='ocrx_word' id='word_1_522' title='bbox 2202 3539 2314 3591; x_wconf 73' lang='grc' dir='ltr'><strong>Καὶ</strong></span> <span class='ocrx_word' id='word_1_523' title='bbox 2352 3537 2410 3591; x_wconf 80' lang='grc' dir='ltr'>ἓν</span> <span class='ocrx_word' id='word_1_524' title='bbox 2446 3535 2694 3607; x_wconf 88' lang='grc' dir='ltr'>Πνεῦμα,</span> <span class='ocrx_word' id='word_1_525' title='bbox 2728 3536 2912 3600; x_wconf 86' lang='grc' dir='ltr'>καθὼς</span> <span class='ocrx_word' id='word_1_526' title='bbox 2938 3535 3205 3608; x_wconf 79' lang='grc' dir='ltr'>ἐκλήθητε</span> <span class='ocrx_word' id='word_1_527' title='bbox 3247 3537 3304 3590; x_wconf 83' lang='grc' dir='ltr'><strong>ἐν</strong></span> <span class='ocrx_word' id='word_1_528' title='bbox 3349 3537 3448 3606; x_wconf 81' lang='grc' dir='ltr'>μιᾷ</span> <span class='ocrx_word' id='word_1_529' title='bbox 3477 3534 3657 3590; x_wconf 82' lang='grc' dir='ltr'>ἐλπίδι</span> 
     </span>
    </p>
   </div>
   <div class='ocr_carea' id='block_1_83' title="bbox 2069 3629 2701 3702">
    <p class='ocr_par' dir='ltr' id='par_1_83' title="bbox 2069 3629 2701 3702">
     <span class='ocr_line' id='line_1_83' title="bbox 2069 3629 2701 3702; baseline -0.002 -19"><span class='ocrx_word' id='word_1_530' title='bbox 2069 3632 2170 3702; x_wconf 83' lang='grc' dir='ltr'>τῆς</span> <span class='ocrx_word' id='word_1_531' title='bbox 2199 3631 2446 3701; x_wconf 89' lang='grc' dir='ltr'>κλήσεως</span> <span class='ocrx_word' id='word_1_532' title='bbox 2471 3629 2648 3700; x_wconf 83' lang='grc' dir='ltr'>ὑμῶν.</span> <span class='ocrx_word' id='word_1_533' title='bbox 2682 3650 2701 3682; x_wconf 77' lang='grc' dir='ltr'><strong>ι</strong></span> 
     </span>
    </p>
   </div>
   <div class='ocr_carea' id='block_1_84' title="bbox 2139 3722 3655 3795">
    <p class='ocr_par' dir='ltr' id='par_1_84' title="bbox 2139 3722 3655 3795">
     <span class='ocr_line' id='line_1_84' title="bbox 2139 3722 3655 3795; baseline -0.001 -19"><span class='ocrx_word' id='word_1_534' title='bbox 2139 3723 2238 3777; x_wconf 85' lang='grc' dir='ltr'><strong>Διὰ</strong></span> <span class='ocrx_word' id='word_1_535' title='bbox 2266 3725 2360 3777; x_wconf 87' lang='grc' dir='ltr'><strong>τοῦ</strong></span> <span class='ocrx_word' id='word_1_536' title='bbox 2387 3725 2714 3794; x_wconf 81' lang='grc' dir='ltr'>όμοφρονεῖν</span> <span class='ocrx_word' id='word_1_537' title='bbox 2742 3740 2756 3753; x_wconf 74' lang='grc' dir='ltr'><strong>ο</strong></span> <span class='ocrx_word' id='word_1_538' title='bbox 2791 3724 3080 3795; x_wconf 76' lang='grc' dir='ltr'>ἀμφότερα</span> <span class='ocrx_word' id='word_1_539' title='bbox 3119 3724 3230 3793; x_wconf 72' lang='grc' dir='ltr'><strong>γὰρ</strong></span> <span class='ocrx_word' id='word_1_540' title='bbox 3265 3723 3514 3795; x_wconf 84' lang='grc' dir='ltr'>ἀλλήλων</span> <span class='ocrx_word' id='word_1_541' title='bbox 3540 3722 3655 3775; x_wconf 81' lang='grc' dir='ltr'>δεῖ·</span> 
     </span>
    </p>
   </div>
   <div class='ocr_carea' id='block_1_85' title="bbox 2069 3815 3658 3888">
    <p class='ocr_par' dir='ltr' id='par_1_85' title="bbox 2069 3815 3658 3888">
     <span class='ocr_line' id='line_1_85' title="bbox 2069 3815 3658 3888; baseline -0.001 -18"><span class='ocrx_word' id='word_1_542' title='bbox 2069 3834 2180 3871; x_wconf 90' lang='grc' dir='ltr'>ται.</span> <span class='ocrx_word' id='word_1_543' title='bbox 2207 3817 2317 3871; x_wconf 77' lang='grc' dir='ltr'>Καὶ</span> <span class='ocrx_word' id='word_1_544' title='bbox 2349 3815 2408 3869; x_wconf 84' lang='grc' dir='ltr'>τὺ</span> <span class='ocrx_word' id='word_1_545' title='bbox 2446 3817 2544 3887; x_wconf 82' lang='grc' dir='ltr'><strong>μὲν</strong></span> <span class='ocrx_word' id='word_1_546' title='bbox 2574 3815 2716 3870; x_wconf 85' lang='grc' dir='ltr'>κατὰ</span> <span class='ocrx_word' id='word_1_547' title='bbox 2752 3817 2931 3887; x_wconf 82' lang='grc' dir='ltr'>σῶμα,</span> <span class='ocrx_word' id='word_1_548' title='bbox 2968 3817 3042 3888; x_wconf 84' lang='grc' dir='ltr'>μὴ</span> <span class='ocrx_word' id='word_1_549' title='bbox 3083 3816 3351 3886; x_wconf 86' lang='grc' dir='ltr'>παρόντος</span> <span class='ocrx_word' id='word_1_550' title='bbox 3394 3815 3486 3868; x_wconf 83' lang='grc' dir='ltr'><strong>τοῦ</strong></span> <span class='ocrx_word' id='word_1_551' title='bbox 3509 3815 3658 3868; x_wconf 71' lang='grc' dir='ltr'>κατὰ</span> 
     </span>
    </p>
   </div>
   <div class='ocr_carea' id='block_1_86' title="bbox 2070 3907 3656 3980">
    <p class='ocr_par' dir='ltr' id='par_1_86' title="bbox 2070 3907 3656 3980">
     <span class='ocr_line' id='line_1_86' title="bbox 2070 3907 3656 3980; baseline -0.002 -18"><span class='ocrx_word' id='word_1_552' title='bbox 2070 3909 2307 3980; x_wconf 86' lang='grc' dir='ltr'>πνεῦμα,</span> <span class='ocrx_word' id='word_1_553' title='bbox 2339 3908 2540 3980; x_wconf 80' lang='grc' dir='ltr'>μᾶλλον</span> <span class='ocrx_word' id='word_1_554' title='bbox 2573 3909 2814 3972; x_wconf 82' lang='grc' dir='ltr'>στάσεως</span> <span class='ocrx_word' id='word_1_555' title='bbox 2851 3909 3024 3962; x_wconf 78' lang='grc' dir='ltr'>αἴτιον</span> <span class='ocrx_word' id='word_1_556' title='bbox 3045 3921 3061 3937; x_wconf 85' lang='grc'><strong><em>⁸</em></strong></span> <span class='ocrx_word' id='word_1_557' title='bbox 3088 3908 3148 3961; x_wconf 88' lang='grc' dir='ltr'><strong>τὸ</strong></span> <span class='ocrx_word' id='word_1_558' title='bbox 3169 3907 3227 3960; x_wconf 85' lang='grc' dir='ltr'>δὲ</span> <span class='ocrx_word' id='word_1_559' title='bbox 3247 3907 3390 3961; x_wconf 86' lang='grc' dir='ltr'>κατὰ</span> <span class='ocrx_word' id='word_1_560' title='bbox 3411 3907 3656 3977; x_wconf 86' lang='grc' dir='ltr'>πνεῦμα,</span> 
     </span>
    </p>
   </div>
   <div class='ocr_carea' id='block_1_87' title="bbox 2072 3998 3660 4073">
    <p class='ocr_par' dir='ltr' id='par_1_87' title="bbox 2072 3998 3660 4073">
     <span class='ocr_line' id='line_1_87' title="bbox 2072 3998 3660 4073; baseline -0.001 -20"><span class='ocrx_word' id='word_1_561' title='bbox 2072 4000 2146 4073; x_wconf 79' lang='grc' dir='ltr'><strong>μὴ</strong></span> <span class='ocrx_word' id='word_1_562' title='bbox 2187 3999 2593 4071; x_wconf 86' lang='grc' dir='ltr'>φυλαττομένου</span> <span class='ocrx_word' id='word_1_563' title='bbox 2630 3999 2727 4052; x_wconf 75' lang='grc' dir='ltr'><strong>καί</strong></span> <span class='ocrx_word' id='word_1_564' title='bbox 2775 3999 2868 4052; x_wconf 89' lang='grc' dir='ltr'><strong>τοῦ</strong></span> <span class='ocrx_word' id='word_1_565' title='bbox 2907 3999 3049 4054; x_wconf 77' lang='grc' dir='ltr'>κατὰ</span> <span class='ocrx_word' id='word_1_566' title='bbox 3095 3998 3275 4070; x_wconf 85' lang='grc' dir='ltr'>σῶμα,</span> <span class='ocrx_word' id='word_1_567' title='bbox 3316 4000 3436 4053; x_wconf 83' lang='grc' dir='ltr'>κατ’</span> <span class='ocrx_word' id='word_1_568' title='bbox 3467 3998 3660 4067; x_wconf 80' lang='grc' dir='ltr'>ὀλίγον</span> 
     </span>
    </p>
   </div>
   <div class='ocr_carea' id='block_1_88' title="bbox 2067 4091 2435 4164">
    <p class='ocr_par' dir='ltr' id='par_1_88' title="bbox 2067 4091 2435 4164">
     <span class='ocr_line' id='line_1_88' title="bbox 2067 4091 2435 4164; baseline 0.003 -19"><span class='ocrx_word' id='word_1_569' title='bbox 2067 4091 2435 4164; x_wconf 77' lang='grc' dir='ltr'>ἀμαυροῦται.</span> 
     </span>
    </p>
   </div>
   <div class='ocr_carea' id='block_1_89' title="bbox 2139 4266 3658 4342">
    <p class='ocr_par' dir='ltr' id='par_1_89' title="bbox 2139 4266 3658 4342">
     <span class='ocr_line' id='line_1_89' title="bbox 2139 4266 3658 4342; baseline -0.001 -16"><span class='ocrx_word' id='word_1_570' title='bbox 2139 4266 2237 4336; x_wconf 85' lang='grc' dir='ltr'><strong>Εἷς</strong></span> <span class='ocrx_word' id='word_1_571' title='bbox 2262 4270 2490 4342; x_wconf 82' lang='grc' dir='ltr'>Κύριος,</span> <span class='ocrx_word' id='word_1_572' title='bbox 2543 4270 2644 4340; x_wconf 87' lang='grc' dir='ltr'><strong>μία</strong></span> <span class='ocrx_word' id='word_1_573' title='bbox 2692 4270 2898 4334; x_wconf 79' lang='grc' dir='ltr'>πίστις,</span> <span class='ocrx_word' id='word_1_574' title='bbox 2954 4270 3013 4323; x_wconf 84' lang='grc' dir='ltr'>ἓν</span> <span class='ocrx_word' id='word_1_575' title='bbox 3058 4270 3362 4342; x_wconf 83' lang='grc' dir='ltr'>βάπτισμα,</span> <span class='ocrx_word' id='word_1_576' title='bbox 3395 4268 3475 4334; x_wconf 80' lang='grc' dir='ltr'>εἷς</span> <span class='ocrx_word' id='word_1_577' title='bbox 3516 4271 3658 4336; x_wconf 78' lang='grc' dir='ltr'>Θεὸς</span> 
     </span>
    </p>
   </div>
   <div class='ocr_carea' id='block_1_90' title="bbox 2073 4358 3658 4430">
    <p class='ocr_par' dir='ltr' id='par_1_90' title="bbox 2073 4358 3658 4430">
     <span class='ocr_line' id='line_1_90' title="bbox 2073 4358 3658 4430; baseline -0.001 -15"><span class='ocrx_word' id='word_1_578' title='bbox 2073 4363 2169 4415; x_wconf 68' lang='grc' dir='ltr'>καὶ</span> <span class='ocrx_word' id='word_1_579' title='bbox 2195 4358 2386 4430; x_wconf 84' lang='grc' dir='ltr'>Πατὴρ</span> <span class='ocrx_word' id='word_1_580' title='bbox 2408 4358 2652 4424; x_wconf 85' lang='grc' dir='ltr'>πάντων,</span> <span class='ocrx_word' id='word_1_581' title='bbox 2677 4359 2773 4411; x_wconf 75' lang='grc' dir='ltr'>καὶ</span> <span class='ocrx_word' id='word_1_582' title='bbox 2807 4361 2835 4412; x_wconf 88' lang='grc' dir='ltr'><strong>ό</strong></span> <span class='ocrx_word' id='word_1_583' title='bbox 2869 4359 2962 4412; x_wconf 69' lang='grc' dir='ltr'>ἐπὶ</span> <span class='ocrx_word' id='word_1_584' title='bbox 2991 4360 3230 4426; x_wconf 86' lang='grc' dir='ltr'>πάντων,</span> <span class='ocrx_word' id='word_1_585' title='bbox 3261 4360 3352 4413; x_wconf 75' lang='grc' dir='ltr'><strong>καὶ</strong></span> <span class='ocrx_word' id='word_1_586' title='bbox 3385 4360 3473 4413; x_wconf 84' lang='grc' dir='ltr'>διὰ</span> <span class='ocrx_word' id='word_1_587' title='bbox 3512 4361 3658 4414; x_wconf 78' lang='grc' dir='ltr'>πάν-</span> 
     </span>
    </p>
   </div>
   <div class='ocr_carea' id='block_1_91' title="bbox 2068 4453 2848 4522">
    <p class='ocr_par' dir='ltr' id='par_1_91' title="bbox 2068 4453 2848 4522">
     <span class='ocr_line' id='line_1_91' title="bbox 2068 4453 2848 4522; baseline -0.003 -16"><span class='ocrx_word' id='word_1_588' title='bbox 2068 4470 2198 4520; x_wconf 84' lang='grc' dir='ltr'>των,</span> <span class='ocrx_word' id='word_1_589' title='bbox 2231 4453 2325 4507; x_wconf 74' lang='grc' dir='ltr'>καὶ</span> <span class='ocrx_word' id='word_1_590' title='bbox 2349 4455 2406 4506; x_wconf 86' lang='grc' dir='ltr'><strong>έν</strong></span> <span class='ocrx_word' id='word_1_591' title='bbox 2440 4453 2604 4506; x_wconf 81' lang='grc' dir='ltr'>πᾶσιν</span> <span class='ocrx_word' id='word_1_592' title='bbox 2631 4453 2784 4522; x_wconf 76' lang='grc' dir='ltr'>ἡμῖν.</span> <span class='ocrx_word' id='word_1_593' title='bbox 2831 4472 2848 4504; x_wconf 73' lang='grc' dir='ltr'><strong>ι</strong></span> 
     </span>
    </p>
   </div>
   <div class='ocr_carea' id='block_1_92' title="bbox 2147 4642 3658 4720">
    <p class='ocr_par' dir='ltr' id='par_1_92' title="bbox 2147 4642 3658 4720">
     <span class='ocr_line' id='line_1_92' title="bbox 2147 4642 3658 4720; baseline 0.001 -18"><span class='ocrx_word' id='word_1_594' title='bbox 2147 4648 2244 4703; x_wconf 84' lang='grc' dir='ltr'>Ἐκ</span> <span class='ocrx_word' id='word_1_595' title='bbox 2276 4648 2494 4702; x_wconf 77' lang='grc' dir='ltr'>πάντων</span> <span class='ocrx_word' id='word_1_596' title='bbox 2517 4647 2710 4701; x_wconf 76' lang='grc' dir='ltr'>ἕνωσιν</span> <span class='ocrx_word' id='word_1_597' title='bbox 2738 4648 3060 4719; x_wconf 85' lang='grc' dir='ltr'>εἰσηγεῖται.</span> <span class='ocrx_word' id='word_1_598' title='bbox 3092 4642 3187 4714; x_wconf 75' lang='grc' dir='ltr'><strong>Εἷς</strong></span> <span class='ocrx_word' id='word_1_599' title='bbox 3219 4649 3424 4720; x_wconf 86' lang='grc' dir='ltr'>Κύριος</span> <span class='ocrx_word' id='word_1_600' title='bbox 3449 4645 3562 4717; x_wconf 84' lang='grc' dir='ltr'>οῦν,</span> <span class='ocrx_word' id='word_1_601' title='bbox 3595 4652 3658 4705; x_wconf 81' lang='grc' dir='ltr'>ὃν</span> 
     </span>
    </p>
   </div>
   <div class='ocr_carea' id='block_1_93' title="bbox 2067 4735 3654 4815">
    <p class='ocr_par' dir='ltr' id='par_1_93' title="bbox 2067 4735 3654 4815">
     <span class='ocr_line' id='line_1_93' title="bbox 2067 4735 3654 4815; baseline 0.003 -21"><span class='ocrx_word' id='word_1_602' title='bbox 2067 4740 2501 4810; x_wconf 73' lang='grc' dir='ltr'>ἐπικαλούμεθασ</span> <span class='ocrx_word' id='word_1_603' title='bbox 2538 4739 2639 4810; x_wconf 86' lang='grc' dir='ltr'><strong>μία</strong></span> <span class='ocrx_word' id='word_1_604' title='bbox 2687 4741 2891 4806; x_wconf 82' lang='grc' dir='ltr'>πίστις,</span> <span class='ocrx_word' id='word_1_605' title='bbox 2945 4739 3014 4794; x_wconf 86' lang='grc' dir='ltr'>δι’</span> <span class='ocrx_word' id='word_1_606' title='bbox 3042 4735 3111 4814; x_wconf 85' lang='grc' dir='ltr'>ἦς</span> <span class='ocrx_word' id='word_1_607' title='bbox 3164 4743 3534 4815; x_wconf 86' lang='grc' dir='ltr'>εἰσήχθημεν·</span> <span class='ocrx_word' id='word_1_608' title='bbox 3593 4744 3654 4799; x_wconf 76' lang='grc' dir='ltr'>ἓν</span> 
     </span>
    </p>
   </div>
   <div class='ocr_carea' id='block_1_94' title="bbox 2068 4826 3651 4904">
    <p class='ocr_par' dir='ltr' id='par_1_94' title="bbox 2068 4826 3651 4904">
     <span class='ocr_line' id='line_1_94' title="bbox 2068 4826 3651 4904; baseline 0.001 -18"><span class='ocrx_word' id='word_1_609' title='bbox 2068 4834 2374 4904; x_wconf 83' lang='grc' dir='ltr'>βάπτισμα,</span> <span class='ocrx_word' id='word_1_610' title='bbox 2416 4830 2484 4883; x_wconf 82' lang='grc' dir='ltr'>δι’</span> <span class='ocrx_word' id='word_1_611' title='bbox 2514 4826 2574 4886; x_wconf 73' lang='grc' dir='ltr'>οὗ</span> <span class='ocrx_word' id='word_1_612' title='bbox 2611 4831 3074 4904; x_wconf 81' lang='grc' dir='ltr'>ὲκαθαρίσθημεν.</span> <span class='ocrx_word' id='word_1_613' title='bbox 3128 4827 3220 4895; x_wconf 75' lang='grc' dir='ltr'><strong>Εἷς</strong></span> <span class='ocrx_word' id='word_1_614' title='bbox 3259 4836 3402 4888; x_wconf 64' lang='grc' dir='ltr'><strong>όὲπί⁵</strong></span> <span class='ocrx_word' id='word_1_615' title='bbox 3429 4837 3651 4890; x_wconf 55' lang='grc' dir='ltr'>πάντων</span> 
     </span>
    </p>
   </div>
   <div class='ocr_carea' id='block_1_95' title="bbox 375 4921 1968 4995">
    <p class='ocr_par' dir='ltr' id='par_1_95' title="bbox 375 4923 1962 4995">
     <span class='ocr_line' id='line_1_95' title="bbox 375 4923 1962 4995; baseline -0.002 -14"><span class='ocrx_word' id='word_1_616' title='bbox 375 4941 516 4990; x_wconf 88' lang='lat' dir='ltr'><strong>sma,</strong></span> <span class='ocrx_word' id='word_1_617' title='bbox 546 4941 643 4995; x_wconf 91' lang='lat' dir='ltr'><strong>per</strong></span> <span class='ocrx_word' id='word_1_618' title='bbox 665 4926 815 4995; x_wconf 85' lang='lat' dir='ltr'><strong>quod</strong></span> <span class='ocrx_word' id='word_1_619' title='bbox 841 4940 1034 4980; x_wconf 89' lang='lat' dir='ltr'><strong>sumus</strong></span> <span class='ocrx_word' id='word_1_620' title='bbox 1066 4924 1324 4978; x_wconf 89' lang='lat' dir='ltr'><strong>mundati</strong></span> <span class='ocrx_word' id='word_1_621' title='bbox 1354 4943 1367 4979; x_wconf 91' lang='lat'><strong>:</strong></span> <span class='ocrx_word' id='word_1_622' title='bbox 1399 4939 1542 4979; x_wconf 90' lang='lat' dir='ltr'><strong>unus</strong></span> <span class='ocrx_word' id='word_1_623' title='bbox 1575 4923 1742 4979; x_wconf 87' lang='lat' dir='ltr'><strong>Pater</strong></span> <span class='ocrx_word' id='word_1_624' title='bbox 1791 4940 1962 4995; x_wconf 88' lang='lat' dir='ltr'><strong>super</strong></span> 
     </span>
    </p>
   </div>
   <div class='ocr_carea' id='block_1_96' title="bbox 2099 4921 3652 4995">
    <p class='ocr_par' dir='ltr' id='par_1_96' title="bbox 2099 4921 3652 4995">
     <span class='ocr_line' id='line_1_96' title="bbox 2099 4921 3652 4995; baseline 0.004 -19"><span class='ocrx_word' id='word_1_625' title='bbox 2099 4922 2253 4994; x_wconf 79' lang='grc' dir='ltr'>ἰατὴρ</span> <span class='ocrx_word' id='word_1_626' title='bbox 2283 4923 2326 4988; x_wconf 78' lang='grc' dir='ltr'>ί,</span> <span class='ocrx_word' id='word_1_627' title='bbox 2349 4921 2408 4984; x_wconf 83' lang='grc' dir='ltr'>ὃς</span> <span class='ocrx_word' id='word_1_628' title='bbox 2441 4924 2535 4975; x_wconf 80' lang='grc' dir='ltr'><strong>καί</strong></span> <span class='ocrx_word' id='word_1_629' title='bbox 2565 4922 2654 4976; x_wconf 85' lang='grc' dir='ltr'>διὰ</span> <span class='ocrx_word' id='word_1_630' title='bbox 2690 4924 2908 4977; x_wconf 80' lang='grc' dir='ltr'>πάντων</span> <span class='ocrx_word' id='word_1_631' title='bbox 2939 4924 3027 4976; x_wconf 78' lang='grc' dir='ltr'>διὰ</span> <span class='ocrx_word' id='word_1_632' title='bbox 3048 4924 3140 4976; x_wconf 80' lang='grc' dir='ltr'><strong>τὸν</strong></span> <span class='ocrx_word' id='word_1_633' title='bbox 3177 4925 3235 4991; x_wconf 75' lang='grc' dir='ltr'><strong>ἐξ</strong></span> <span class='ocrx_word' id='word_1_634' title='bbox 3261 4927 3325 4978; x_wconf 86' lang='grc' dir='ltr'><strong>αὐ</strong></span> <span class='ocrx_word' id='word_1_635' title='bbox 3338 4926 3425 4979; x_wconf 81' lang='grc' dir='ltr'><strong>τοῦ</strong></span> <span class='ocrx_word' id='word_1_636' title='bbox 3450 4927 3652 4995; x_wconf 85' lang='grc' dir='ltr'>Λόγον,</span> 
     </span>
    </p>
   </div>
   <div class='ocr_carea' id='block_1_97' title="bbox 374 5013 1965 5086">
    <p class='ocr_par' dir='ltr' id='par_1_97' title="bbox 374 5013 1965 5086">
     <span class='ocr_line' id='line_1_97' title="bbox 374 5013 1965 5086; baseline 0.002 -18"><span class='ocrx_word' id='word_1_637' title='bbox 374 5015 582 5079; x_wconf 87' lang='lat' dir='ltr'><strong>omnia,</strong></span> <span class='ocrx_word' id='word_1_638' title='bbox 635 5018 734 5084; x_wconf 90' lang='lat' dir='ltr'><strong>qui</strong></span> <span class='ocrx_word' id='word_1_639' title='bbox 786 5024 1015 5086; x_wconf 89' lang='lat' dir='ltr'><strong>propter</strong></span> <span class='ocrx_word' id='word_1_640' title='bbox 1071 5013 1309 5070; x_wconf 78' lang='lat' dir='ltr'><strong>Verbum</strong></span> <span class='ocrx_word' id='word_1_641' title='bbox 1363 5031 1430 5071; x_wconf 76' lang='lat' dir='ltr'><strong>ex</strong></span> <span class='ocrx_word' id='word_1_642' title='bbox 1483 5031 1545 5072; x_wconf 89' lang='lat' dir='ltr'><strong>se</strong></span> <span class='ocrx_word' id='word_1_643' title='bbox 1602 5017 1874 5086; x_wconf 86' lang='lat' dir='ltr'><strong>genitum,</strong></span> <span class='ocrx_word' id='word_1_644' title='bbox 1910 5023 1965 5071; x_wconf 91' lang='lat' dir='ltr'><strong>et</strong></span> 
     </span>
    </p>
   </div>
   <div class='ocr_carea' id='block_1_98' title="bbox 376 5107 1962 5178">
    <p class='ocr_par' dir='ltr' id='par_1_98' title="bbox 376 5107 1962 5178">
     <span class='ocr_line' id='line_1_98' title="bbox 376 5107 1962 5178; baseline 0.001 -17"><span class='ocrx_word' id='word_1_645' title='bbox 376 5116 607 5178; x_wconf 87' lang='lat' dir='ltr'><strong>propter</strong></span> <span class='ocrx_word' id='word_1_646' title='bbox 645 5107 919 5176; x_wconf 84' lang='lat' dir='ltr'><strong>Spiritum</strong></span> <span class='ocrx_word' id='word_1_647' title='bbox 957 5124 1119 5164; x_wconf 90' lang='lat' dir='ltr'><strong>suum</strong></span> <span class='ocrx_word' id='word_1_648' title='bbox 1159 5110 1213 5164; x_wconf 88' lang='lat' dir='ltr'><strong>in</strong></span> <span class='ocrx_word' id='word_1_649' title='bbox 1249 5110 1512 5166; x_wconf 87' lang='lat' dir='ltr'><strong>omnibus</strong></span> <span class='ocrx_word' id='word_1_650' title='bbox 1549 5111 1788 5165; x_wconf 84' lang='lat' dir='ltr'><strong>exsistit.</strong></span> <span class='ocrx_word' id='word_1_651' title='bbox 1823 5108 1962 5164; x_wconf 91' lang='lat' dir='ltr'><strong>Cum</strong></span> 
     </span>
    </p>
   </div>
   <div class='ocr_carea' id='block_1_99' title="bbox 2066 5014 3654 5089">
    <p class='ocr_par' dir='ltr' id='par_1_99' title="bbox 2066 5014 3654 5089">
     <span class='ocr_line' id='line_1_99' title="bbox 2066 5014 3654 5089; baseline 0.003 -20"><span class='ocrx_word' id='word_1_652' title='bbox 2066 5017 2162 5069; x_wconf 79' lang='grc' dir='ltr'>καὶ</span> <span class='ocrx_word' id='word_1_653' title='bbox 2198 5019 2254 5068; x_wconf 80' lang='grc' dir='ltr'>ἐν</span> <span class='ocrx_word' id='word_1_654' title='bbox 2285 5017 2420 5068; x_wconf 81' lang='grc' dir='ltr'>πᾶσι</span> <span class='ocrx_word' id='word_1_655' title='bbox 2449 5014 2536 5069; x_wconf 82' lang='grc' dir='ltr'>διὰ</span> <span class='ocrx_word' id='word_1_656' title='bbox 2573 5015 2669 5069; x_wconf 85' lang='grc' dir='ltr'><strong>τοῦ</strong></span> <span class='ocrx_word' id='word_1_657' title='bbox 2697 5015 2864 5070; x_wconf 88' lang='grc' dir='ltr'>αὐτοῦ</span> <span class='ocrx_word' id='word_1_658' title='bbox 2902 5016 3244 5089; x_wconf 79' lang='grc' dir='ltr'>ΙῙνεύματος.</span> <span class='ocrx_word' id='word_1_659' title='bbox 3274 5019 3387 5088; x_wconf 85' lang='grc' dir='ltr'>Τῆς</span> <span class='ocrx_word' id='word_1_660' title='bbox 3413 5021 3469 5075; x_wconf 84' lang='grc' dir='ltr'>δὲ</span> <span class='ocrx_word' id='word_1_661' title='bbox 3494 5019 3654 5085; x_wconf 77' lang='grc' dir='ltr'>θείας</span> 
     </span>
    </p>
   </div>
   <div class='ocr_carea' id='block_1_100' title="bbox 2063 5107 3656 5180">
    <p class='ocr_par' dir='ltr' id='par_1_100' title="bbox 2063 5107 3656 5180">
     <span class='ocr_line' id='line_1_100' title="bbox 2063 5107 3656 5180; baseline 0.003 -21"><span class='ocrx_word' id='word_1_662' title='bbox 2063 5108 2318 5179; x_wconf 71' lang='grc' dir='ltr'>ἑνότητος</span> <span class='ocrx_word' id='word_1_663' title='bbox 2346 5107 2446 5180; x_wconf 76' lang='grc' dir='ltr'>τὴν</span> <span class='ocrx_word' id='word_1_664' title='bbox 2475 5107 2739 5178; x_wconf 84' lang='grc' dir='ltr'>ὁμοίωσιν</span> <span class='ocrx_word' id='word_1_665' title='bbox 2768 5110 2826 5159; x_wconf 82' lang='grc' dir='ltr'><strong>έν</strong></span> <span class='ocrx_word' id='word_1_666' title='bbox 2870 5108 3003 5177; x_wconf 82' lang='grc' dir='ltr'>ἡμῖν</span> <span class='ocrx_word' id='word_1_667' title='bbox 3037 5108 3488 5178; x_wconf 78' lang='grc' dir='ltr'>καταυγάξεσθαι</span> <span class='ocrx_word' id='word_1_668' title='bbox 3519 5111 3656 5180; x_wconf 74' lang='grc' dir='ltr'>βου-</span> 
     </span>
    </p>
   </div>
   <div class='ocr_carea' id='block_1_101' title="bbox 375 5199 1968 5276">
    <p class='ocr_par' dir='ltr' id='par_1_101' title="bbox 375 5199 1965 5272">
     <span class='ocr_line' id='line_1_101' title="bbox 375 5199 1965 5272; baseline 0.001 -18"><span class='ocrx_word' id='word_1_669' title='bbox 375 5210 560 5255; x_wconf 89' lang='lat' dir='ltr'><strong>autem</strong></span> <span class='ocrx_word' id='word_1_670' title='bbox 596 5199 794 5255; x_wconf 72' lang='lat' dir='ltr'><strong>divinae</strong></span> <span class='ocrx_word' id='word_1_671' title='bbox 834 5201 1072 5256; x_wconf 88' lang='lat' dir='ltr'><strong>unitatis</strong></span> <span class='ocrx_word' id='word_1_672' title='bbox 1105 5203 1659 5272; x_wconf 81' lang='lat' dir='ltr'><strong>repraesentationem</strong></span> <span class='ocrx_word' id='word_1_673' title='bbox 1714 5201 1766 5254; x_wconf 91' lang='lat' dir='ltr'><strong>in</strong></span> <span class='ocrx_word' id='word_1_674' title='bbox 1802 5201 1965 5256; x_wconf 88' lang='lat' dir='ltr'><strong>nobis</strong></span> 
     </span>
    </p>
   </div>
   <div class='ocr_carea' id='block_1_102' title="bbox 2099 5199 3654 5276">
    <p class='ocr_par' dir='ltr' id='par_1_102' title="bbox 2099 5201 3654 5276">
     <span class='ocr_line' id='line_1_102' title="bbox 2099 5201 3654 5276; baseline 0.003 -23"><span class='ocrx_word' id='word_1_675' title='bbox 2099 5201 2306 5270; x_wconf 85' lang='grc' dir='ltr'>όμενος,</span> <span class='ocrx_word' id='word_1_676' title='bbox 2349 5202 2419 5254; x_wconf 86' lang='grc' dir='ltr'>τὰ</span> <span class='ocrx_word' id='word_1_677' title='bbox 2463 5201 2564 5270; x_wconf 80' lang='grc' dir='ltr'>τῆς</span> <span class='ocrx_word' id='word_1_678' title='bbox 2601 5201 2830 5271; x_wconf 86' lang='grc' dir='ltr'>Τριάδος</span> <span class='ocrx_word' id='word_1_679' title='bbox 2885 5201 3154 5272; x_wconf 81' lang='grc' dir='ltr'>ἰδιώματα</span> <span class='ocrx_word' id='word_1_680' title='bbox 3184 5204 3244 5257; x_wconf 84' lang='grc' dir='ltr'>ὲν</span> <span class='ocrx_word' id='word_1_681' title='bbox 3288 5202 3371 5258; x_wconf 73' lang='grc' dir='ltr'>ἐνὶ</span> <span class='ocrx_word' id='word_1_682' title='bbox 3418 5201 3497 5274; x_wconf 81' lang='grc' dir='ltr'>τῷ</span> <span class='ocrx_word' id='word_1_683' title='bbox 3525 5203 3654 5276; x_wconf 74' lang='grc' dir='ltr'><strong>Θεῷ</strong></span> 
     </span>
    </p>
   </div>
   <div class='ocr_carea' id='block_1_103' title="bbox 372 5293 2348 5367">
    <p class='ocr_par' dir='ltr' id='par_1_103' title="bbox 372 5293 2348 5367">
     <span class='ocr_line' id='line_1_103' title="bbox 372 5293 2348 5367; baseline -0.001 -19"><span class='ocrx_word' id='word_1_684' title='bbox 372 5293 539 5349; x_wconf 78' lang='lat' dir='ltr'><strong>vellet</strong></span> <span class='ocrx_word' id='word_1_685' title='bbox 593 5293 1009 5366; x_wconf 87' lang='lat' dir='ltr'><strong>splendescere,</strong></span> <span class='ocrx_word' id='word_1_686' title='bbox 1041 5297 1401 5367; x_wconf 87' lang='lat' dir='ltr'><strong>proprietates</strong></span> <span class='ocrx_word' id='word_1_687' title='bbox 1427 5295 1724 5351; x_wconf 89' lang='lat' dir='ltr'><strong>Trinitatis</strong></span> <span class='ocrx_word' id='word_1_688' title='bbox 1757 5295 1812 5349; x_wconf 91' lang='lat' dir='ltr'><strong>in</strong></span> <span class='ocrx_word' id='word_1_689' title='bbox 1849 5308 1962 5349; x_wconf 93' lang='lat' dir='ltr'><strong>uno</strong></span> <span class='ocrx_word' id='word_1_690' title='bbox 2060 5293 2348 5364; x_wconf 76' lang='grc' dir='ltr'>ἐκήρυξεν.</span> 
     </span>
    </p>
   </div>
   <div class='ocr_carea' id='block_1_104' title="bbox 373 5383 851 5457">
    <p class='ocr_par' dir='ltr' id='par_1_104' title="bbox 373 5383 851 5457">
     <span class='ocr_line' id='line_1_104' title="bbox 373 5383 851 5457; baseline -0.008 -15"><span class='ocrx_word' id='word_1_691' title='bbox 373 5383 484 5442; x_wconf 82' lang='lat' dir='ltr'><strong>Deo</strong></span> <span class='ocrx_word' id='word_1_692' title='bbox 512 5383 851 5457; x_wconf 75' lang='lat' dir='ltr'><strong>pmdicavit.</strong></span> 
     </span>
    </p>
   </div>
   <div class='ocr_carea' id='block_1_105' title="bbox 1670 5559 2344 5632">
    <p class='ocr_par' dir='ltr' id='par_1_105' title="bbox 1670 5559 2344 5632">
     <span class='ocr_line' id='line_1_105' title="bbox 1670 5559 2344 5632; baseline -0.001 -16"><span class='ocrx_word' id='word_1_693' title='bbox 1670 5561 1895 5617; x_wconf 43' lang='lat' dir='ltr'><strong>vitam</strong></span> <span class='ocrx_word' id='word_1_694' title='bbox 1919 5559 2344 5632; x_wconf 70' lang='lat' dir='ltr'><strong>LECTIONES.</strong></span> 
     </span>
    </p>
   </div>
   <div class='ocr_carea' id='block_1_106' title="bbox 453 5671 3648 5755">
    <p class='ocr_par' dir='ltr' id='par_1_106' title="bbox 453 5671 3648 5755">
     <span class='ocr_line' id='line_1_106' title="bbox 453 5671 3648 5755; baseline 0.004 -25"><span class='ocrx_word' id='word_1_695' title='bbox 453 5671 590 5755; x_wconf 56' lang='lat' dir='ltr'><strong>iiii;</strong></span> <span class='ocrx_word' id='word_1_696' title='bbox 621 5678 764 5755; x_wconf 62' lang='grc' dir='ltr'><strong>όρπὶ</strong></span> <span class='ocrx_word' id='word_1_697' title='bbox 794 5678 1012 5736; x_wconf 72' lang='grc' dir='ltr'>πάντων</span> <span class='ocrx_word' id='word_1_698' title='bbox 1039 5681 1251 5751; x_wconf 83' lang='grc' dir='ltr'>Πατήρ.</span> <span class='ocrx_word' id='word_1_699' title='bbox 1277 5679 1488 5735; x_wconf 85' lang='lat' dir='ltr'><strong>Similia</strong></span> <span class='ocrx_word' id='word_1_700' title='bbox 1522 5681 1640 5735; x_wconf 86' lang='lat' dir='ltr'><strong>istis</strong></span> <span class='ocrx_word' id='word_1_701' title='bbox 1664 5679 1940 5750; x_wconf 76' lang='lat' dir='ltr'><strong>Subjungit</strong></span> <span class='ocrx_word' id='word_1_702' title='bbox 1972 5677 2332 5751; x_wconf 81' lang='lat' dir='ltr'><strong>Hieronymus</strong></span> <span class='ocrx_word' id='word_1_703' title='bbox 2365 5677 2417 5732; x_wconf 90' lang='lat' dir='ltr'><strong>in</strong></span> <span class='ocrx_word' id='word_1_704' title='bbox 2443 5679 2837 5736; x_wconf 88' lang='lat' dir='ltr'><strong>commentario</strong></span> <span class='ocrx_word' id='word_1_705' title='bbox 2869 5694 2938 5736; x_wconf 83' lang='lat' dir='ltr'><strong>ex</strong></span> <span class='ocrx_word' id='word_1_706' title='bbox 2968 5682 3290 5740; x_wconf 87' lang='lat' dir='ltr'><strong>auctoribus</strong></span> <span class='ocrx_word' id='word_1_707' title='bbox 3313 5682 3648 5755; x_wconf 80' lang='lat' dir='ltr'><strong>quibusdam</strong></span> 
     </span>
    </p>
   </div>
   <div class='ocr_carea' id='block_1_107' title="bbox 368 5748 1586 5822">
    <p class='ocr_par' dir='ltr' id='par_1_107' title="bbox 368 5748 1586 5822">
     <span class='ocr_line' id='line_1_107' title="bbox 368 5748 1586 5822; baseline -0.001 -15"><span class='ocrx_word' id='word_1_708' title='bbox 368 5748 572 5807; x_wconf 56' lang='lat' dir='ltr'><strong>Graecis</strong></span> <span class='ocrx_word' id='word_1_709' title='bbox 602 5749 788 5821; x_wconf 86' lang='lat' dir='ltr'><strong>utique</strong></span> <span class='ocrx_word' id='word_1_710' title='bbox 822 5762 876 5808; x_wconf 89' lang='lat' dir='ltr'><strong>ut</strong></span> <span class='ocrx_word' id='word_1_711' title='bbox 905 5765 1049 5822; x_wconf 81' lang='lat' dir='ltr'><strong>saepe</strong></span> <span class='ocrx_word' id='word_1_712' title='bbox 1089 5748 1293 5818; x_wconf 78' lang='lat' dir='ltr'><strong>monet,</strong></span> <span class='ocrx_word' id='word_1_713' title='bbox 1337 5760 1586 5820; x_wconf 82' lang='lat' dir='ltr'><strong>accepta.</strong></span> 
     </span>
    </p>
   </div>
  </div>
