3970 6442
284 385 371 456 Ml

1424 384 1507 445 IN
1544 383 1787 446 EPIST.
1829 381 1931 444 AD
1970 377 2368 441 EPHESIOS.

3400 375 3505 438 842

348 516 363 550 ι
388 494 479 552 Ἐνὶ
507 496 563 551 δὲ
595 495 811 569 ἑκάστῳ
840 496 998 568 ήμῶν
1029 497 1184 568 ἐδόθη
1230 496 1394 567 χάρις
1425 495 1569 548 κατὰ
1610 494 1673 548 τὸ
1713 496 1811 564 μὲα
1842 543 1845 552 ,

1993 489 2156 546 Vens.
2193 488 2251 555 7,
2285 488 2396 560 8.(
2434 484 2747 557 Unicuique
2795 491 3045 539 nostrum
3090 481 3220 538 data
3252 489 3340 539 est
3375 465 3504 555 grav

287 609 384 664 τρον
404 591 488 662 τῆς
532 589 744 663 δωρεᾶς
775 590 871 644 τοῦ
920 590 1180 661 Χριστοῦ.
1213 589 1305 643 Διὸ
1355 587 1537 656 λέγει·
1578 586 1816 650 Ἀναϐὰς

287 685 352 748 είς
373 683 474 753 ὕψος
504 682 934 754 ᾐχμαλώτευσεν
969 681 1378 754 αἰχμαλωσίαν.
1416 707 1432 738 ι

279 918 289 929 κ
343 859 489 914 Είκαὶ
520 846 1062 930 διάφορα,⁷φησὶ,’τὰ
1092 858 1441 929 χαρίσματα,
1503 857 1818 930 μετρουμέ-

272 949 456 1021 νηςτῆς
479 949 702 1019 χάριτος
755 949 894 1020 πρὸς
926 950 1025 1018 τὴν
1084 947 1318 1001 ἑκάστου
1353 947 1582 1019 δύναμίν
1631 966 1692 1003 τε
1727 949 1820 1004 καὶ

284 1039 517 1112 πρόθεσιν,
547 1037 661 1092 ἀλλ’
698 1039 849 1109 ὅμως
875 1038 951 1112 μὴ
983 1037 1295 1110 μεριζὲσοω
1321 1039 1390 1093 τὰ
1412 1040 1511 1111 τῆς
1541 1039 1817 1112 ἑνότητός.

342 1233 361 1266 ι
388 1213 482 1267 Καὶ
503 1211 672 1266 ἔδωκε
698 1212 911 1283 δόματα
946 1216 1059 1278 τοῖς
1089 1213 1426 1285 ἀνθρώποις.
1477 1235 1497 1269 ι

337 1307 491 1379 Δηλοῖ,
529 1305 688 1376 φησὶ,
717 1307 811 1360 καὶ
862 1309 892 1361 ό
931 1307 1222 1379 ψαλμῳδὸς
1260 1308 1322 1362 τὺ
1344 1309 1548 1381 πλῆθος
1579 1309 1690 1363 τῶν
1737 1310 1817 1364 δο-

280 1400 456 1472 μάτων,
481 1397 590 1452 τῶν
615 1398 754 1468 μετὰ
771 1398 872 1470 τὴν
896 1398 1084 1461 ἄνοδον
1097 1399 1193 1454 τοῦ
1217 1401 1470 1471 Σωτῆρος
1503 1401 1820 1473 δεδομένων,

277 1491 354 1544 ὅτε
392 1489 508 1552 τοὺς
540 1489 1088 1560 αἰχμαλωτισθέντας
1141 1489 1246 1544 ὑπὸ
1272 1487 1380 1545 τοῦ
1401 1491 1662 1558 Ὁανάτου,
1695 1494 1822 1547 ἀντ-

275 1579 647 1656 ιιχμαλὼτευσε
673 1580 764 1635 διά
793 1581 894 1653 τῆς
917 1582 1052 1647 ἰδίας
1077 1581 1224 1654 ζωῆς
1253 1599 1312 1637 τε
1333 1583 1430 1638 καὶ
1449 1573 1820 1649 ἀναϐιώσεως.

272 1673 467 1729 Δέδωκε
499 1672 556 1727 δὲ
581 1671 778 1742 εἰπὼν,
808 1675 928 1729 ἀντὶ
957 1673 1051 1728 τοῦ
1078 1675 1370 1746 εἰρημένου
1396 1677 1455 1729 ἑν
1485 1675 1563 1748 τῷ
1596 1676 1820 1748 ψαλμῷ,

271 1764 449 1834 ἔλαϐε,
472 1767 744 1822 δείκνυσιν
785 1768 868 1822 ὅτι
901 1766 972 1821 τὰ
1020 1769 1116 1821 ἐπὶ
1158 1768 1398 1838 Χριστοῦ
1428 1768 1706 1840 σαρκικῶς
1733 1769 1824 1822 λε-

1919 584 2018 644 tia.
2053 579 2362 640 secundum
2403 593 2719 635 mensuram
2752 577 3072 632 donationis
3099 575 3331 631 Christi.
3366 574 3500 630 Pro-

1920 682 2045 744 pter
2093 657 2242 745 quod
2294 672 2470 729 dicit:
2505 669 2826 726 Ascendens
2875 669 2932 724 in
2987 669 3183 742 altum,
3230 668 3504 742 captivam

1922 765 2078 820 duxit
2110 765 2507 834 captivitatem.
2551 782 2568 814 ι
3231 820 3234 824 ,
3409 831 3414 836 _

1992 858 2234 914 Tametsi
2285 855 2598 912 diil‘erentia
2632 853 2777 908 dona
2807 859 2958 915 sunt,
2989 850 3190 920 inquit,
3236 864 3509 906 concessa

1922 948 2185 1002 nimirum
2220 945 2411 1018 gratiae
2441 958 2702 1001 mensura
2733 939 3040 997 secundum
3064 938 3510 1010 uniuscujusque

1922 1040 2070 1094 vires
2105 1049 2162 1095 et
2208 1038 2638 1095 destinationem
2683 1034 2892 1098 animi;
2931 1046 3286 1102 nequaquam
3323 1042 3510 1088 tamen

1923 1131 2043 1204 ipsa
2070 1140 2402 1203 separentur
2440 1146 2506 1186 ex
2536 1129 2742 1201 quibus
2769 1126 2956 1181 unitas
2983 1135 3228 1180 constat.

1999 1242 2019 1275 ι
2055 1223 2120 1278 Ει
2151 1223 2299 1278 dedit
2334 1223 2475 1278 dona
2513 1221 2854 1276 hominibus.
2905 1237 2927 1272 ι

1995 1316 2142 1384 Quin
2173 1325 2227 1370 et
2255 1323 2455 1370 auctor
2497 1312 2846 1368 Psalmorum
2884 1311 2932 1343 “
2975 1306 3384 1364 multitudinem
3416 1321 3516 1362 ex-

1924 1409 2090 1480 plicat
2140 1407 2440 1473 donorum,
2468 1391 2632 1476 'quae,
2665 1419 2730 1458 ex
2773 1418 2886 1474 quo
2939 1400 3201 1456 Christus
3237 1397 3513 1462 ascendit,

1925 1515 2194 1557 concessa
2227 1498 2423 1567 iuere;
2459 1497 2684 1569 quando
2713 1509 2908 1564 nempe
2943 1508 3084 1562 quos
3112 1506 3262 1548 mors
3289 1489 3516 1545 tenebat

1925 1593 2198 1662 captivos,
2232 1599 2348 1644 tum
2385 1591 2519 1655 vita,
2547 1599 2664 1643 tum
2689 1585 3097 1642 resurrectione
3135 1597 3235 1636 sua
3268 1580 3516 1636 vicissim

1925 1691 2012 1739 est
2057 1684 2174 1752 ipse
2222 1664 2522 1752 praedatus.
2585 1676 2831 1733 Dicendo
2877 1688 3007 1730 vero
3051 1673 3220 1736 dedit,
3265 1686 3391 1742 cum
3457 1671 3514 1726 in

1925 1775 2142 1846 psalmo
2168 1775 2436 1829 habeatur
2471 1772 2696 1842 accepit,
2732 1767 3010 1840 signiﬁcat
3045 1781 3110 1823 ea
3153 1780 3275 1836 qua:
3305 1762 3517 1820 carnali

269 1858 457 1928 γόμενα
487 1858 588 1912 οὑκ
613 1858 938 1930 ἀναιρετικά
962 1858 1071 1912 τῶν
1103 1838 1511 1930 πνευματικῶνή
1529 1860 1625 1914 καὶ
1669 1859 1828 1913 θείων

1954 1881 2084 1921 nore
2122 1865 2191 1920 de
2221 1864 2446 1920 Christo
2480 1838 2870 1924 enuntiantur,
2905 1859 3217 1929 spiritualia
3245 1865 3300 1913 et
3328 1857 3519 1911 divina

268 1949 417 2012 ἐστὶν,
469 1948 589 2002 οὐδὲ
617 1949 700 2003 ὅτι
736 1933 820 2016 τὸ,
856 1951 1057 2015 ἔλαϐε,
1090 1951 1152 2004 τὸ
1207 1951 1564 2022 ἀνθρωπίνως
1600 1951 1828 2022 λεγόμε-

264 2058 372 2109 νον,
402 2043 617 2114 ἀναιρεῖ
641 2042 726 2108 τὸ,
754 2042 963 2108 ἔδωκε,
987 2043 1047 2097 τὸ
1075 2042 1294 2107 θεῖκῶς.

329 2231 350 2265 ι
386 2212 459 2266 Τὸ
489 2211 546 2265 δὲ
585 2211 776 2284 ἀνέϐη,
834 2213 890 2267 τί
933 2213 1102 2279 ἐστιν,
1147 2217 1196 2267 εί
1233 2215 1308 2287 μὴ
1355 2217 1440 2271 ὅτι
1489 2218 1585 2272 καὶ
1619 2219 1828 2291 κᾶτέϐη

260 2303 474 2374 πρῶτον
507 2305 588 2368 είς
618 2304 686 2358 τὰ
732 2305 1022 2377 κατώτερα
1072 2306 1213 2377 μέρη
1243 2307 1344 2377 τῆς
1375 2311 1518 2380 γῆς;
1561 2310 1620 2363 Ὀ
1661 2327 1833 2366 κατα-

258 2398 356 2460 ϐὰς
384 2397 547 2460 αὑτός
577 2397 692 2451 ἐστι
718 2397 814 2450 καὶ
843 2397 871 2449 ὁ
903 2383 1113 2463 ἀναϐάς
1134 2398 1396 2472 ὑπεράνω
1421 2400 1529 2456 τῶν
1559 2401 1830 2472 οὐρανῶν,

255 2489 339 2544 ἵνα
372 2489 642 2562 πληρώση
665 2490 734 2544 τὰ
775 2491 972 2546 πάντα.
1010 2508 1030 2544 ι

319 2581 641 2654 ’Δνασῆναι,
681 2582 870 2654 φησὶν,
921 2583 1024 2638 οὐκ
1049 2581 1166 2640 ἔστι
1215 2583 1372 2654 Θεὸν,
1405 2585 1498 2643 τδν
1537 2589 1614 2662 μὴ
1661 2604 1836 2648 κατα·-

255 2676 458 2744 6άντα,
485 2678 583 2730 καὶ
615 2675 774 2748 δῆλον
803 2677 887 2732 ὅτι
915 2678 1034 2732 ικεῖ
1063 2680 1097 2752 ή
1129 2679 1427 2751 ἀνάϐασις,
1450 2682 1575 2738 ὃθεν
1594 2686 1629 2758 ή
1658 2687 1835 2742 κατά-

247 2770 432 2834 ϐασις.
464 2768 622 2824 Ἐπεὶ
645 2769 829 2825 τοίνυν
869 2769 930 2836 ἑξ
971 2770 1220 2844 οὐρανοῦ·
1252 2773 1660 2848 καταϐέβηκεν,
1693 2779 1835 2833 ἀνα-

244 2862 426 2920 ϐαίνει
497 2862 755 2934 ὑπεράνω
811 2863 1034 2919 πάντων
1093 2864 1343 2938 οὐρανῶν
1366 2880 1383 2901 ο
1438 2869 1691 2932 καταϐάς
1716 2909 1732 2934 ,
1776 2871 1839 2925 οὑ

242 2955 418 3026 μόνον
453 2956 536 3020 εἰς
582 2958 710 3026 γῆν,
761 2956 900 3011 ἀλλά
937 2959 1035 3013 καὶ
1071 2957 1178 3012 sane
1209 2959 1334 3040 γῆν.
1365 2961 1628 3027 Καταῦὰς
1653 2963 1712 3022 δὲ
1752 2963 1842 3018 διὰ

238 3045 434 3111 τοῦτο,
467 3046 559 3101 ἵνα
586 3048 767 3102 πάντα
865 3049 1288 3122 πεπληρωμένα
1309 3050 1591 3124 θεότητος.

317 3238 341 3274 ε
390 3221 508 3276 Καὶ
555 3221 722 3287 αὐτὸς
765 3221 958 3291 ἔδωκε,
1001 3223 1131 3290 τοὺς
1166 3224 1266 3296 μὲν
1319 3225 1681 3297 ἀποστόλους,
1716 3229 1843 3294 τοὺς

227 3309 293 3366 δὲ
317 3311 648 3384 προφήτας,
675 3314 804 3378 τοὺς
831 3314 888 3369 δὲ
915 3314 1334 3386 εὐαγγελιστάς,
1375 3319 1505 3384 τοὺς
1541 3318 1602 3374 δὲ
1645 3321 1844 3392 ποιμέ-

227 3425 344 3473 νας
391 3409 496 3463 καὶ
549 3407 909 3472 διδασκάλους
932 3448 948 3474 ,
995 3408 1134 3480 πρὸς
1180 3409 1274 3463 τὸν
1314 3411 1693 3482 καταρτισμὸν
1734 3412 1846 3466 τῶν

226 3498 432 3568 ἁγίων
464 3499 548 3564 είς
575 3497 736 3572 ἔργον
768 3498 1047 3565 διακονίας
1081 3499 1170 3553 ἐπ’
1205 3499 1498 3572 οἰκοδομὴν
1521 3501 1618 3556 τοῦ
1654 3501 1846 3575 σώμα-

225 3606 332 3654 τος
362 3588 471 3643 τοῦ
531 3589 792 3660 Χριστοῦ,
846 3590 1010 3662 μέχρι
1060 3591 1494 3662 καταντήσωμεν
1536 3592 1588 3645 οἱ
1645 3593 1850 3661 πάντες

226 3686 316 3747 εἰς
355 3682 472 3754 τὴν
516 3682 747 3754 ἑνότητα
782 3681 884 3754 τῆς
924 3682 1195 3747 πίστεως,
1227 3683 1324 3738 καὶ
1360 3685 1462 3756 τῆς
1501 3684 1852 3755 ἐπιγνώσεως

223 3771 338 3830 τοῦ
377 3774 527 3829 Υίοῦ
570 3773 732 3839 Θεοῦ,
775 3776 858 3841 είς
909 3773 1084 3847 ἄνδρα
1111 3775 1340 3843 τέλειον,
1387 3778 1470 3842 είς
1507 3777 1713 3850 μέτρον
1735 3779 1854 3850 ήλι-

227 3869 382 3933 κίεις
430 3867 533 3923 τοῦ
579 3867 954 3940 πληρώματος
1022 3866 1120 3922 τοῦ
1167 3868 1414 3942 Χριστοῦ
1443 3883 1459 3899 ⁸
1510 3870 1600 3924 ἵνα
1649 3872 1853 3942 μηκέτι

227 3952 417 4029 ὦμεν
483 3957 710 4029 νήπιοι,
756 3956 1210 4032 κλυδωνιζόμενοι
1270 3959 1361 4014 καὶ
1428 3961 1854 4032 περιφερόμενοι

226 4049 434 4103 παντὶ
458 4047 650 4120 ἀνέμῳ
669 4048 770 4119 τῆς
799 4049 1174 4115 διδασκαλίας,
1198 4052 1259 4106 ἐν
1284 4055 1352 4124 τῇ
1384 4051 1584 4125 κυϐείᾳ
1613 4053 1726 4108 τῶν
1755 4055 1854 4109 ἀν-

227 4139 534 4214 θρώπων,
561 4141 620 4195 ἑν
644 4142 956 4214 πανουργίᾳ
987 4141 1125 4214 πρὸς
1147 4145 1248 4215 τὴν
1277 4143 1563 4215 μεθοδείαν
1587 4144 1691 4216 τῆς
1717 4144 1857 4207 πλά-

226 4251 370 4306 νης.
423 4232 813 4305 Ἀληθεύοντες
833 4235 892 4288 δὲ
917 4237 976 4290 ἐν
1002 4235 1216 4309 ἀγάπη,
1235 4235 1562 4309 αὐξήσωμεν
1590 4240 1674 4303 εἰς
1691 4239 1859 4294 αὑτὸν

231 4327 317 4382 τὰ
358 4327 566 4384 πάντα
589 4343 604 4360 ο
633 4328 692 4392 ὃς
718 4329 921 4400 ὲστινή
962 4329 1176 4402 κεφαλὴ
1202 4330 1460 4406 Χριστὸς,
1485 4329 1548 4397 ἑξ
1571 4325 1633 4388 οὗ
1666 4333 1777 4387 πᾶν
1797 4332 1860 4386 τὺ

235 4419 439 4491 σῶμα,
495 4419 1083 4494 συναρμολογούμενον
1123 4422 1219 4477 καὶ
1258 4422 1737 4496 συμϐισαζόμενον
1768 4424 1858 4480 διὰ

1931 1973 2041 2013 non
2086 1956 2394 2021 destruere,
2455 1969 2576 2018 nec,
2627 1953 2778 2025 quod
2826 1953 3072 2006 humano
3105 1948 3268 2005 modo
3314 1948 3520 2004 dicitur

1933 2048 2158 2115 accepit,
2183 2048 2381 2102 tollere
2428 2045 2562 2100 illud
2609 2043 2778 2108 dedit,
2810 2058 2923 2114 quo
2950 2042 3201 2097 divinum
3238 2040 3372 2112 quid
3415 2055 3520 2096 ex-

1933 2141 2216 2212 primitur.

2005 2229 2172 2289 Vsus.
2205 2232 2260 2296 9,
2293 2227 2380 2284 lo.
2432 2245 2450 2280 ι
2483 2225 2641 2294 Quod
2694 2236 2877 2281 autem
2921 2224 3194 2292 ascendit,
3237 2224 3369 2296 quid
3409 2230 3517 2293 est,

1933 2324 2045 2381 nisi
2080 2323 2210 2394 quia
2250 2331 2305 2378 et
2337 2319 2628 2376 descendit
2657 2319 2898 2389 primum
2951 2317 3006 2372 in
3054 2315 3347 2372 inferiores
3388 2329 3521 2386 par-

1935 2419 2020 2469 tes
2058 2410 2263 2467 terrae?
2292 2408 2397 2476 Qui
2427 2408 2719 2464 descendit
2747 2406 2868 2478 ipse
2902 2414 2986 2462 est
3019 2413 3074 2462 et
3112 2406 3210 2478 qui
3264 2406 3524 2465 ascendit

1937 2513 2107 2573 super
2133 2513 2329 2556 omnes
2354 2497 2551 2563 eteius,
2579 2505 2641 2552 ut
2674 2495 2932 2567 impleret
2961 2495 3169 2551 omnia.
3199 2514 3219 2550 ι

2007 2592 2340 2652 Ascendisse
2393 2604 2511 2647 non
2569 2589 2751 2661 potuit
2797 2588 2966 2654 Deus,
3011 2587 3221 2661 inquit,
3258 2589 3364 2645 nisi
3395 2596 3524 2647 ante

1937 2682 2291 2744 descenderit
2316 2701 2331 2739 :
2358 2690 2415 2738 et
2443 2679 2804 2753 perspicuum
2843 2687 2930 2735 est
2953 2680 3090 2738 illuc
3135 2677 3523 2737 ascensionem

1939 2778 2134 2842 fuisse,
2181 2773 2328 2830 unde
2357 2771 2670 2830 descensio
2717 2769 2920 2828 fuerat.
2948 2769 3258 2842 Postquam
3286 2784 3423 2842 ergo
3451 2770 3525 2828 de

1940 2870 2088 2928 caelo
2153 2861 2469 2931 descendit,
2532 2863 2783 2919 ascendit
2853 2877 3049 2919 rursus
3102 2877 3270 2933 super
3329 2877 3525 2920 omnes

1943 2961 2116 3018 caelos
2137 2977 2152 3028 ;
2177 2958 2273 3030 qui
2301 2955 2690 3020 descenderat,
2719 2967 2830 3009 non
2860 2954 3038 3009 solum
3063 2954 3119 3008 in
3157 2963 3388 3022 terram,
3425 2953 3526 3010 sed

1944 3062 2002 3108 et
2023 3053 2216 3109 subter
2242 3057 2475 3106 terram.
2517 3048 2647 3103 ideo
2675 3055 2862 3102 autem
2891 3045 3279 3115 descenderat,
3311 3054 3370 3100 ut
3400 3044 3527 3100 uni-

1868 3174 1912 3234 C
1947 3161 2106 3203 versa
2126 3143 2418 3200 divinitate
2443 3154 2543 3198 sua
2573 3139 2945 3211 replerentur.

2016 3235 2184 3291 Vsus.
2218 3233 2410 3289 il-l6.
2472 3250 2491 3284 ι
2528 3227 2596 3284 Et
2633 3231 2754 3302 ipse
2794 3228 2950 3285 dedit
3005 3228 3277 3298 quosdam
3309 3228 3529 3300 quidem

1946 3327 2250 3404 apostolos,
2301 3322 2574 3398 quosdam
2613 3331 2795 3378 autem
2855 3319 3177 3390 prephetas,
3221 3319 3360 3376 alios
3399 3334 3533 3376 vero

1946 3419 2338 3497 cvangelistas,
2388 3417 2529 3472 alios
2573 3421 2760 3470 autem
2796 3421 3048 3484 pastores
3080 3419 3135 3466 et
3169 3409 3424 3467 doctores
3457 3411 3526 3464 ad

1947 3510 2482 3571 consummationem
2511 3515 2856 3571 sanctorum,
2883 3502 2941 3558 in
2972 3517 3113 3574 opus
3139 3501 3455 3568 ministerii,
3474 3501 3530 3556 in

1949 3601 2371 3661 aedificationem
2403 3596 2655 3668 corporis
2681 3594 2913 3661 Christi,
2959 3594 3136 3648 donec
3171 3605 3533 3648 occurramus

1951 3707 2142 3750 omnes
2166 3692 2223 3746 in
2262 3690 2537 3746 unitatem
2564 3687 2712 3756 fidei,
2745 3694 2801 3742 et
2834 3685 3139 3754 agnitionis
3160 3685 3286 3740 Filii
3320 3683 3437 3750 Dei,
3473 3683 3530 3739 in

1952 3787 2134 3842 virum
2167 3783 2498 3856 perlectum,
2531 3781 2589 3837 in
2613 3791 2933 3836 mensuram
2959 3778 3138 3833 aetatis
3167 3775 3535 3848 plenitudinis

1953 3875 2162 3932 Christi
2193 3892 2207 3929 :
2238 3882 2300 3930 ut
2330 3869 2443 3930 non
2471 3873 2586 3943 iam
2630 3871 2810 3928 simus
2835 3869 3053 3941 parvuli
3093 3866 3446 3933 ﬂuctuantes,
3482 3875 3538 3922 et

1955 3967 2426 4024 eircumi‘eramur
2457 3965 2607 4022 omni
2647 3970 2814 4018 vento
2861 3960 3151 4027 doctrinae,
3190 3961 3245 4015 in
3287 3959 3538 4030 nequitia

1955 4060 2267 4127 hominum,
2298 4059 2354 4114 in
2381 4056 2584 4113 astutia
2625 4053 2692 4110 ad
2743 4052 3273 4110 circumventionem
3310 4049 3536 4105 erroris.

1959 4150 2259 4208 Veritatem
2335 4147 2496 4220 187
2556 4153 2740 4200 autem
2805 4142 3073 4199 facientes
3129 4141 3186 4195 in
3243 4139 3537 4204 charitate,

1958 4256 2278 4300 crescamus
2331 4241 2390 4294 in
2435 4239 2532 4295 illo
2559 4251 2661 4307 per
2684 4235 2896 4300 omnia,
2929 4233 3024 4304 qui
3065 4241 3152 4288 est
3181 4237 3348 4301 caput
3380 4228 3543 4285 Chri-

1959 4343 2114 4397 stus,
2146 4349 2212 4389 ex
2257 4345 2367 4402 quo
2417 4337 2602 4385 totum
2646 4341 2855 4398 corpus
2897 4332 3249 4394 compactum
3303 4329 3358 4376 et
3401 4335 3541 4374 con-

1960 4437 2162 4484 nexum
2212 4437 2312 4496 per
2368 4436 2589 4478 omnem
2633 4420 2959 4491 juncturam
2994 4413 3545 4487 isubmi'nlstrationis

233 4512 458 4584 πάσης
487 4512 637 4582 ἁφῆς
687 4513 787 4584 τῆς
846 4514 1210 4586 ἐπιχορηγίας
1254 4515 1398 4570 κατὰ
1451 4518 1755 4588 ἐνέργειαν,
1799 4519 1845 4572 ὲκ.

1963 4519 2268 4577 secundum
2284 4515 2686 4588 operationem,
2713 4512 2771 4567 in
2802 4524 3065 4568 mensura
3101 4507 3546 4577 uniuscujusque

239 4605 466 4677 μέτρῳ
495 4603 617 4669 ἑνὸς
645 4604 880 4659 ἑκάστου
919 4605 1123 4677 μέρους
1142 4607 1244 4680 τὴν
1283 4607 1516 4682 αὔξησιν
1545 4608 1642 4664 τοῦ
1672 4610 1862 4682 σῶμα·

234 4714 342 4762 τος
367 4699 628 4751 ποιεῖται
649 4698 730 4762 είς
757 4698 1049 4771 οἰκοδομήν
1077 4701 1277 4755 ἑαυτοῦ
1307 4704 1366 4754 ἐν
1388 4704 1601 4778 ἀγάπῃ.
1643 4723 1663 4754 ι

330 4791 456 4853 Ὃς
513 4790 619 4861 μὲν
663 4790 1027 4863 ἀποστολικὴν
1083 4792 1245 4848 ἔλαϐε
1294 4795 1477 4867 χάριν,
1528 4795 1716 4868 φησὶν,
1772 4796 1867 4851 καὶ

240 4882 601 4951 ἐξαγγέλλει
647 4882 749 4957 τὴν
786 4884 1108 4956 ἀπόκρυφον
1148 4887 1345 4958 σοφίαν
1375 4889 1476 4960 τῆς
1509 4891 1824 4961 οἰκονομίας
1847 4908 1863 4924 ο

236 4975 306 5040 ὃς
343 4975 422 5030 δὲ
465 4974 818 5048 προφητικὴν
857 4976 1162 5050 ὑπουργίαν
1209 4980 1498 5051 ὑπουργεῖ,
1534 4981 1616 5046 είς
1639 4981 1866 5049 ενδειξιν

238 5069 361 5140 τῆς
410 5068 478 5122 ἐν
503 5069 640 5139 ἡμῖν
671 5070 737 5123 ἑκ
776 5069 1091 5141 πνεύματος
1145 5072 1536 5143 προγνώσεως.
1577 5074 1772 5141 Ἄλλος
1808 5075 1868 5131 δὲ

242 5158 704 5232 Εὑατγελισμὸν
731 5164 991 5231 ποιεῖται,
1021 5162 1110 5218 διὰ
1138 5163 1316 5232 λόγων
1329 5165 1372 5236 ἧ·
1393 5167 1763 5240 γραμμάτων,
1793 5168 1872 5233 ὡς

241 5251 554 5316 ⁴ιίλικιιτιιτος
591 5253 690 5324 μὲν
719 5251 807 5309 διὰ
836 5253 1034 5324 λόγων,
1066 5256 1118 5311 oi
1145 5257 1204 5311 δὲ
1248 5257 1562 5328 γράψαντες
1589 5259 1659 5314 τὰ
1689 5261 1872 5331 Εὐαγ-

245 5343 465 5414 γέλια,
507 5343 601 5399 διὰ
640 5346 987 5418 γραμμάτων
1023 5364 1038 5380 ο
1085 5349 1144 5412 ὃς
1180 5349 1238 5403 δὲ
1270 5351 1600 5423 Ἐκκλησίαν
1629 5354 1871 5427 ἐγχειρι-

247 5435 436 5501 σθεὶς
466 5437 808 5508 ποιμαίνειν.
842 5438 1030 5495 Πάντα
1084 5439 1178 5495 οὖν
1207 5441 1276 5496 τὰ
1326 5443 1671 5514 χαρίσματα,
1709 5445 1865 5517 φησὶ,

249 5527 422 5599 πρὸς
470 5526 536 5580 τὸ
568 5527 695 5591 τοὺς
734 5528 1097 5597 ἀγιασθέντας
1129 5531 1188 5584 ἐν
1218 5531 1401 5586 πίστει
1441 5532 1868 5604 καταρτίζεσθαι

251 5617 424 5684 πρὸς
458 5618 764 5688 τελείωσιν,
796 5621 1193 5680 διακονούντων
1222 5625 1305 5688 είς
1351 5625 1412 5679 τὸ
1457 5625 1635 5682 κοινὸν
1663 5625 1776 5682 τῶν
1797 5626 1868 5681 τά

317 5798 383 5833 ⁸³
425 5799 568 5858 psal.
591 5813 771 5867 ιττιι,
795 5799 851 5856 4.

397 5889 422 5900 ’
615 5893 886 5955 ΡΑτιιοι..
927 5893 1046 5963 Gn,
1081 5888 1253 5952 XCV.

1960 4611 2196 4668 membri
2220 4615 2578 4680 augmentum
2591 4603 2848 4678 corporis
2872 4601 3028 4672 facit,
3049 4603 3105 4658 in
3127 4601 3542 4657 mdiilcationem

1961 4705 2046 4762 sui
2082 4703 2138 4758 in
2169 4702 2464 4758 charitate.
2503 4717 2523 4752 ι

2029 4793 2187 4850 Alius
2210 4791 2430 4864 quidem
2465 4787 2856 4862 apostolicam,
2885 4784 3090 4859 inquit.
3122 4787 3356 4857 gratiam
3389 4803 3548 4847 acce-

1963 4885 2065 4957 pit,
2093 4891 2150 4940 et
2180 4895 2445 4937 arcanam
2476 4875 2916 4950 dispensationis
2957 4875 3288 4948 sapientiam
3334 4893 3550 4935 annun-

1966 4980 2073 5035 tiat
2107 4997 2124 5046 ;
2156 4977 2301 5034 alius
2337 4989 2468 5030 vero
2504 4972 2798 5029 instinctui
2828 4972 3162 5044 prophetico
3197 4973 3552 5044 obsequitur,

1968 5071 2037 5126 ad
2076 5065 2474 5126 declarandum
2527 5063 2658 5136 quid
2708 5063 2907 5134 spiritu
2953 5066 3108 5120 intus
3158 5067 3556 5138 praecognitum

1969 5165 2064 5222 sit.
2121 5163 2276 5218 Alter
2326 5159 2614 5231 Evangelii
2661 5158 3043 5230 praedicationi
3095 5159 3402 5227 incumbit,
3439 5161 3559 5217 sive

1968 5257 2178 5320 verbis,
2214 5254 2335 5313 sive
2364 5253 2590 5323 scriptis
2619 5271 2633 5307 :
2661 5252 2847 5308 verbis
2880 5252 3127 5322 quidem,
3156 5259 3218 5307 ut
3244 5252 3555 5324 Philippus;

1977 5350 2202 5422 scriptis
2233 5361 2387 5412 vero,
2422 5346 2517 5417 qui
2558 5344 2854 5414 Evangelia
2887 5345 3092 5401 litteris
3118 5344 3360 5400 edidere.
3387 5345 3560 5399 Alteri

1976 5440 2264 5514 pascendae
2312 5438 2571 5494 Ecclesiae
2604 5451 2812 5493 munus
2845 5437 3154 5507 injunctum
3199 5443 3306 5492 est.
3359 5434 3560 5491 Omnia

1977 5550 2110 5606 ergo
2153 5536 2320 5598 dona,
2350 5529 2554 5600 inquit,
2588 5543 2657 5584 eo
2698 5535 2971 5600 spectant,
3009 5537 3070 5583 ut
3119 5529 3212 5599 qui
3242 5527 3350 5583 ﬁde
3379 5527 3559 5582 sancti

1977 5627 2111 5685 facti
2153 5631 2302 5695 sunt,
2340 5621 2739 5696 perfectionem
2775 5620 3087 5678 absolutam
3135 5621 3453 5690 obtineant;
3491 5619 3560 5678 iis

3154 5888 3230 5952 27
