3970 6408
411 324 514 392 85.3

1613 330 1674 391 S.
1710 328 2032 392 IOANNIS
2073 329 2509 391 DAMASCENI

3587 336 3698 398 δὴ

408 445 502 514 qui
565 444 711 498 dona
775 457 1062 512 accepere,
1121 441 1498 499 ministerium
1552 459 1711 499 suum
1769 445 1824 498 in
1884 455 2000 496 rem

2115 441 2430 513 χαρίσματα
2479 440 2806 511 εἰληφότων.
2857 438 3157 507 Ἀναγκαία
3206 439 3264 492 δέ
3311 441 3345 510 ἡ
3398 439 3507 493 τῶν
3542 460 3690 514 χαρι-

405 550 752 591 communem
795 533 1267 606 impendentibus.
1318 535 1650 591 Necessaria
1692 549 1860 606 porro
1911 542 2000 590 est

405 629 681 684 donorum
710 626 1036 691 eilicaeitas,
1070 628 1251 683 donec
1281 629 1375 698 qui
1409 627 1575 683 modo
1598 627 1813 698 parvuli
1845 633 1997 692 sunt,

403 718 639 788 perfecti
683 717 838 782 ﬁant,
888 717 1233 788 perfectione
1281 719 1580 788 spirituali,
1612 734 1735 789 quae
1758 718 1812 773 in
1843 718 2000 775 simi-

404 808 640 863 litudine
669 823 796 864 cum
829 809 1059 865 Christo
1091 810 1386 878 consistit;
1427 811 1500 864 ita
1534 820 1590 865 ut
1637 826 1747 866 non
1775 811 1890 882 jam
1927 813 2000 867 sit

401 900 692 971 parvulus,
724 901 916 957 multis
949 908 1143 972 patens
1173 902 1596 967 mutationibus,
1625 918 1766 974 quas
1796 918 1999 958 sermo-

401 1004 500 1045 nes
539 999 765 1046 versute
823 993 1165 1062 pronuntiati
1201 999 1255 1049 et
1302 993 1369 1048 ad
1417 993 1796 1064 deceptionem
1843 1011 1998 1050 com-

401 1081 569 1152 positi
617 1080 872 1147 faciant;
922 1083 1040 1148 sed,
1091 1091 1150 1136 ut
1203 1082 1350 1137 litin
1389 1092 1556 1138 auctu
1611 1086 1884 1156 corporis,
1931 1087 1996 1140 ad

400 1191 524 1230 eam
583 1188 777 1231 omnes
840 1175 1215 1231 excelsitatem
1274 1177 1705 1246 perveniamus.
1763 1187 1818 1232 et
1871 1192 1995 1232 eum

400 1265 652 1329 Christo,
702 1265 794 1335 qui
853 1271 1020 1335 caput
1073 1276 1322 1320 nostrum
1369 1275 1479 1332 est,
1512 1269 1994 1338 compaginemur.

402 1357 498 1413 Ille
546 1359 695 1412 enim
749 1369 880 1412 'cum
931 1375 1037 1429 pro
1068 1354 1248 1413 divina
1282 1374 1384 1414 sua
1425 1360 1797 1430 praecellentia
1832 1361 1997 1418 nobis

403 1450 717 1520 praesideat,
766 1462 890 1505 sese
923 1450 1083 1505 nobis
1124 1449 1464 1520 impertittrr,
1515 1452 1998 1522 coagmentatione

402 1541 838 1613 dispensationis
893 1556 1010 1597 suae
1063 1556 1167 1597 nos
1219 1543 1326 1597 sibi
1382 1550 1437 1596 e‘t
1492 1541 1728 1597 invicem
1767 1543 1998 1613 c0njun-

401 1647 561 1702 gens,
629 1641 688 1686 ut
739 1633 1001 1688 "eamdem
1066 1640 1262 1686 mutuo
1320 1633 1727 1701 coaptationem
1789 1632 1996 1690 habea-

404 1738 549 1790 mus,
605 1725 754 1779 velut
787 1724 840 1778 in
881 1723 1139 1790 aedilicio,
1190 1735 1245 1778 et
1285 1725 1674 1797 unusquisque
1720 1727 1992 1785 submini-

2108 531 2338 600 σμάτων
2385 529 2656 601 ἐνέργεια,
2695 530 2890 602 μέχρις
2945 530 3014 584 ἂν
3043 532 3093 584 οἱ
3141 528 3235 583 νῦν
3265 530 3456 600 νήπιοι
3492 531 3700 587 τέλειοι

2105 625 2376 690 γένωνται
2414 621 2560 675 κατά
2587 621 2684 692 τὴν
2732 621 3117 693 πνευματικὴν
3155 621 3444 675 τελείωσιν
3501 622 3604 694 τὴν
3637 627 3702 678 ἐν

2104 714 2364 786 ὁμοιώσει
2387 714 2649 785 Χριστοῦ,
2680 714 2774 767 καὶ
2803 714 3004 784 μηκέτι
3037 715 3232 786 νήπιός
3261 731 3347 776 τις
3385 711 3443 789 ᾗ,
3489 715 3701 780 πολλὰς

2103 807 2392 877 δεχόμενος
2423 807 2632 878 τροπὰς
2662 808 2727 860 ἐκ
2763 807 2874 861 τῶν
2912 807 3187 880 διαφόρων
3244 807 3420 874 λόγων
3477 807 3591 862 τῶν
3638 810 3701 862 ἐν

2105 899 2416 971 πανουργίᾳ
2471 899 2928 970 προσαγομένων,
2987 901 3083 953 καὶ
3141 900 3497 964 πλανώντων,
3555 901 3702 956 ἀλλὰ

2104 989 2254 1043 ὥσπε
2266 1006 2296 1061 ρ
2329 990 2388 1043 ἐν
2415 990 2669 1061 σώματος
2699 991 2948 1060 αὐξήσει,
2973 991 3276 1064 φθάσωμεν
3307 995 3387 1057 εἰς
3438 976 3719 1048 τοσοῦτον·

2105 1082 2241 1152 ὕψος
2266 1085 2529 1148 ἅπαντες,
2562 1085 2638 1147 ὡς
2661 1084 2797 1156 πρὸς
2822 1084 2922 1156 τὴν
2957 1085 3203 1157 κεφαλὴν
3229 1085 3389 1156 ἡμῶν
3420 1103 3702 1158 συναρμο-

2105 1176 2297 1246 σθῆναι
2341 1175 2433 1228 τὸν
2481 1176 2736 1246 Χρ.στόν.
2775 1177 2872 1240 Ὃς
2935 1175 3184 1246 ἐφεστὼς
3238 1177 3372 1247 ήμίν
3419 1178 3566 1230 κατά
3596 1177 3700 1249 τὴν

2105 1268 2294 1341 θεῖκὴν
2328 1267 2543 1341 ἐξοχὴν,
2577 1268 2935 1340 μεταδίδωσιν
2978 1270 3110 1340 ἡμῖν
3145 1270 3342 1323 ἐαυτὸν
3393 1271 3538 1324 κατά
3591 1271 3696 1341 τὴν

2102 1363 2420 1434 οἰκονομίας
2467 1363 2787 1434 συνάφειαν,
2837 1362 3022 1434 ἐαυτῷ
3068 1362 3360 1417 συνάπτων
3404 1363 3555 1434 ἡμᾶς
3599 1363 3699 1415 καὶ

2104 1455 2382 1526 ἀλλήλοις,
2426 1454 2552 1509 καθ’
2593 1457 2662 1526 ἢν
2692 1455 2888 1528 ἔχομεν
2935 1455 3074 1528 πρὸς
3113 1455 3380 1526 ἀλλήλους
3414 1454 3605 1526 ὥσπερ
3635 1456 3701 1508 ἐν

2103 1549 2359 1619 οἰκοδομῇ
2391 1549 2769 1620 συναρμογὴν,
2804 1548 2900 1603 καὶ
2916 1547 3054 1602 καθὸ
3077 1547 3174 1618 τὴν
3194 1547 3563 1619 ἐπιχορηγίαν
3595 1544 3700 1600 τοῦ

2103 1639 2425 1712 Πνεύματος
2469 1640 2702 1704 ἕκαστος
2735 1640 2959 1695 δύναται
3015 1640 3294 1711 δέχεσθαι,
3328 1643 3432 1711 τῆς
3474 1639 3571 1694 ἐπὶ
3624 1641 3698 1710 τῇ

2103 1735 2333 1807 αὐξήσει
2361 1734 2698 1799 τελειώσεως
2723 1737 2804 1800 εἰς
2829 1736 3053 1806 ἀγάπην
3089 1735 3489 1806 συνκεφαλαιου
3499 1734 3699 1805 μένης.

402 1819 728 1873 strationem
775 1821 959 1890 possit
1003 1815 1260 1892 "Spiritus
1326 1821 1606 1888 accipere,
1661 1822 1993 1884 incrementi
2035 1832 2396 1903 perfectione,
2433 1847 2560 1900 quae
2607 1832 2662 1886 in
2730 1831 3004 1888 charitate
3049 1840 3314 1904 tanquam
3383 1831 3438 1884 in
3477 1841 3702 1886 summa

401 1908 776 1967 concluditur.

473 1999 642 2058 Vsus.
690 2001 883 2057 17-20.
940 2020 958 2054 ι
999 1999 1114 2057 lloc
1160 2001 1330 2072 igitur
1358 2002 1486 2060 dico
1524 2013 1578 2060 et
1624 2005 1900 2063 testificor
1944 2010 2001 2065 in

2190 2031 2208 2063 ι
2245 2010 2423 2064 Τοῦτο
2444 2006 2536 2066 οὗν
2559 2010 2706 2081 λέγω
2736 2010 2830 2065 καὶ
2864 2011 3218 2082 μαρτύρομαι
3246 2011 3306 2064 ἐν
3339 2011 3553 2083 Κυρίῳ,
3589 2025 3704 2086 μη-

403 2095 655 2159 Domino,
689 2101 748 2146 ut
770 2093 887 2163 jam
919 2108 1028 2148 non
1056 2094 1384 2161 ambuletis,
1417 2095 1567 2151 sicut
1599 2105 1651 2152 et
1680 2106 1873 2170 gentes
1895 2114 2002 2156 am-

403 2191 622 2255 bulant,
668 2189 724 2241 in
763 2187 1016 2242 vanitate
1041 2202 1244 2243 sensus
1274 2188 1398 2253 sui,
1437 2190 1693 2247 tenebris
1727 2192 2002 2250 obscura-

403 2292 520 2337 tum
561 2281 835 2336 habentes
866 2279 1244 2345 intellectum,
1277 2282 1506 2338 alienati
1532 2297 1564 2337 a
1595 2289 1708 2339 vita
1742 2285 1858 2351 Dei,
1902 2302 2004 2358 per

404 2375 776 2449 ignorantiam
824 2383 948 2444 quae
995 2374 1050 2428 in
1099 2373 1212 2431 illis
1263 2385 1381 2441 est,
1417 2384 1650 2446 propter
1693 2378 2003 2434 caecitatem

403 2466 590 2522 cordis
639 2467 930 2536 ipsorum;
975 2466 1068 2536 qui
1102 2466 1488 2537 desperantes,
1528 2469 1863 2539 semetipsos
1891 2479 2006 2526 tra-

403 2559 663 2613 diderunt
700 2556 1064 2628 impudicitia
1107 2558 1177 2612 ad
1217 2559 1599 2628 operationem
1637 2560 2005 2620 inmunditiae

403 2653 612 2708 omnis.
661 2669 678 2702 ι

474 2743 658 2800 Veluti
706 2743 916 2801 Christi
977 2753 1150 2802 testes
1214 2754 1269 2801 et
1326 2753 1602 2819 martyres
1667 2754 1876 2816 monet,
1944 2755 2007 2803 ut

405 2838 832 2894 reminiscantur
875 2853 937 2893 se
998 2849 1229 2894 vocatos
1266 2852 1393 2894 esse
1423 2838 1492 2893 ad
1543 2839 2004 2909 sanctimoniam,

408 2946 509 2984 nec
560 2939 910 2986 revertantur
940 2929 1008 2984 ad
1044 2930 1194 2984 illam
1247 2929 1476 2985 vivendi
1513 2930 1786 2988 rationem
1839 2947 2004 3003 quam

408 3029 539 3076 ante
576 3021 926 3075 vocationem
959 3034 1116 3075 suam
1143 3027 1392 3092 egerant,
1433 3023 1678 3091 quando,
1707 3023 1864 3078 nullo
1901 3023 2005 3080 sibi

409 3115 719 3186 prmstituto
750 3113 876 3178 fine,
913 3113 1214 3168 temerario
1239 3113 1448 3185 impetu
1481 3113 1826 3171 ferebantur.

486 3225 505 3258 ι
559 3204 616 3260 In
687 3204 944 3260 avaritia.
997 3201 1112 3262 Vos
1169 3216 1350 3260 autent
1408 3220 1523 3261 non
1588 3207 1663 3262 ita
1731 3206 2006 3265 didicistis

409 3299 720 3355 Christum.
761 3315 781 3349 ι

2107 2103 2224 2158 κέτι
2251 2104 2396 2174 ὑμᾶς
2434 2106 2781 2175 περιπατεῖν,
2807 2103 2990 2167 καθὼς
3026 2105 3122 2157 καὶ
3150 2104 3218 2156 τά
3241 2103 3405 2158 λοιπά
3435 2104 3562 2176 ἔθνη
3598 2123 3704 2158 πε-

2107 2201 2349 2270 ριπατεῖ,
2383 2201 2441 2252 ἐν
2478 2199 2804 2270 ματαιότητι
2833 2197 2929 2251 τοῦ
2958 2197 3076 2261 νοὸς
3124 2197 3329 2264 αὐτῶν,
3363 2199 3698 2270 ἐσκοτισμέ-

2104 2306 2186 2344 vet
2217 2293 2284 2361 τῇ
2335 2289 2569 2361 διανοίᾳ,
2631 2288 2788 2352 ὄντες
2831 2289 3343 2361 ἀπηλλοτριωμένοι
3395 2290 3499 2362 τῆς
3546 2291 3700 2362 ζωῆς

2105 2378 2198 2434 τοῦ
2225 2379 2383 2447 Θεοῦ,
2413 2379 2504 2433 διὰ
2531 2379 2630 2451 τὴν
2660 2379 2886 2449 ἄγνοιαν
2937 2380 3035 2451 τὴν
3071 2375 3242 2434 οὖσαν
3288 2382 3346 2434 ἐν
3374 2381 3581 2447 αὐτοῖς,
3604 2382 3700 2438 διὰ

2104 2473 2208 2544 τήν
2235 2471 2498 2544 πώρωσιν
2527 2473 2626 2543 τῆς
2652 2473 2886 2544 καρδίας
2913 2473 3118 2527 αὐτῶν.
3151 2474 3221 2527 Οἵ
3259 2491 3408 2536 τινες
3438 2473 3701 2546 ἀπηλγη-

2105 2567 2285 2631 κότες,
2318 2567 2548 2630 ἑαυτοὺς
2577 2566 2906 2639 παρέδωκαν
2929 2569 2997 2639 τῇ
3028 2566 3291 2640 ἀσελγείᾳ
3327 2569 3407 2632 είς
3430 2567 3702 2639 ἐργασίαν

2105 2656 2457 2729 ἀκαθαρσίας
2490 2656 2697 2727 πάσης.
2743 2675 2762 2708 ι

2188 2748 2277 2811 Ὠς
2305 2747 2400 2800 ἐπὶ
2432 2748 2672 2822 Χριστοῦ
2727 2749 3008 2820 μάρτυρος
3057 2748 3228 2819 λέγει,
3268 2750 3330 2804 τὸ
3377 2751 3697 2824 μεμνῆσθαι

2105 2839 2206 2911 τῆς
2239 2837 2489 2911 κλήσεως
2517 2841 2622 2910 τῆς
2665 2841 2762 2894 ἐπὶ
2790 2840 3088 2909 ἀγιασμὸν,
3119 2842 3216 2894 καὶ
3251 2842 3326 2913 μὴ
3370 2842 3704 2914 ἀνατρέχειν

2108 2932 2188 2995 εἰς
2216 2930 2309 2984 τὸν
2343 2931 2450 3002 πρὸ
2482 2931 2730 3002 κλήσεως
2785 2930 2922 3001 βίον,
2973 2931 3066 2985 τὸν
3097 2932 3199 2985 οὐκ
3233 2931 3427 3002 ἔχοντα
3463 2934 3701 3002 σκοπὸν,

2106 3021 2227 3076 οὐδὲ
2259 3021 2432 3090 τέλος,
2472 3021 2612 3077 ἀλλὰ
2642 3023 2889 3094 ματαίως
2917 3023 3240 3095 φερόμενον.

2185 3225 2204 3263 ι
2252 3205 2340 3261 Ἐν
2377 3205 2685 3279 πλεονεξίᾳ.
2722 3206 2914 3279 Ὑμεῖς
2934 3206 2996 3261 δέ
3019 3207 3124 3278 οὐχ
3146 3205 3322 3272 οὕτως
3348 3207 3587 3280 ἐμάθετε
3607 3210 3706 3265 τὸν

2109 3299 2365 3371 Χριστόν.
2405 3317 2426 3350 ι

476 3390 724 3446 Avaritia
753 3387 1108 3446 dilectionem
1135 3388 1322 3447 carnis
1353 3391 1678 3447 necessario
1706 3393 2003 3464 consequi-

2182 3391 2473 3457 Πλεονεξία
2504 3391 2866 3464 φιλοσαρκίας
2917 3392 3066 3448 ἐστὶν
3108 3395 3414 3464 ἀναγκαῖον
3445 3410 3703 3466 παρακο-

411 3493 530 3549 tur;
584 3483 718 3555 quia
778 3483 1127 3539 tantumdem
1190 3483 1400 3540 habere
1461 3484 1716 3541 homines
1773 3485 2004 3554 volunt,

410 3583 681 3647 quantum
718 3575 773 3630 in
807 3575 1125 3646 voluptates
1148 3575 1492 3646 expendant.

481 3667 649 3723 Vens.
672 3664 867 3722 21-25.
903 3684 922 3718 ι
960 3666 1015 3720 Si
1049 3673 1232 3722 tamen
1265 3666 1418 3721 illum
1442 3667 1700 3732 audistis,
1726 3677 1781 3723 et
1808 3670 1862 3724 in
1887 3669 2009 3741 ipso

410 3759 593 3816 εὐθοιί
623 3760 786 3824 estis,
815 3759 960 3815 sicut
991 3767 1079 3814 est
1121 3758 1330 3814 veritas
1359 3759 1415 3814 in
1451 3759 1674 3816 Christo
1694 3759 1854 3828 ~Jesu,
1899 3763 1998 3818 de-

416 3869 620 3924 ponere
671 3867 766 3908 vos
815 3851 1127 3908 secundum
1181 3851 1468 3922 pristinam
1529 3856 2008 3912 conversationem

414 3955 654 4002 veterem
691 3944 998 4011 hominem,
1031 3943 1130 4014 qui
1166 3945 1549 4016 corrumpitur
1577 3947 1886 4002 secundum
1915 3947 2012 4004 dc-

413 4037 617 4095 sideria
671 4037 905 4094 erroris.
961 4035 1238 4094 Renovari
1301 4045 1485 4093 autem
1543 4038 1746 4110 spiritu
1809 4041 2009 4096 mentis

413 4138 635 4197 vestrae,
676 4138 730 4186 et
762 4129 998 4186 induere
1031 4143 1233 4184 novum
1264 4128 1543 4185 hominem
1576 4131 1674 4200 qui
1703 4131 2008 4187 secundum

413 4222 582 4280 Deum
613 4232 832 4278 creatus
856 4230 942 4278 est
967 4220 1026 4276 in
1060 4220 1285 4292 iustitia
1316 4227 1372 4276 et
1405 4222 1707 4278 sanctitate
1731 4223 2006 4278 veri-tatis.

416 4315 646 4387 Propter
694 4314 842 4386 quod
894 4313 1239 4386 deponentes
1287 4312 1661 4382 mendacium,
1716 4314 2010 4386 loquimini

416 4409 700 4465 veritatem
735 4407 1123 4479 unusquisque
1153 4419 1281 4461 cum
1303 4405 1564 4476 proximo
1593 4421 1717 4472 suo,
1743 4409 2008 4480 quoniam

417 4517 608 4558 sumus
643 4501 885 4557 invicem
916 4499 1185 4556 membra.
1227 4515 1246 4550 ι

489 4595 549 4650 ln
581 4596 727 4650 hunc
752 4592 976 4648 modum
1004 4590 1276 4661 loquitur,
1300 4589 1429 4661 quia
1461 4606 1571 4647 non
1603 4592 1674 4649 ab
1703 4593 1867 4664 188
1885 4592 2008 4666 ipso

420 4694 584 4743 erant
616 4685 823 4750 edocti,
858 4682 956 4740 sed
988 4698 1019 4737 a
1057 4681 1271 4738 Joanne
1301 4684 1656 4754 evangelista.
1706 4686 1799 4742 Ait
1835 4700 2003 4756 ergo:

2109 3482 2380 3553 λούθημα,
2421 3483 2511 3539 διά
2559 3484 2622 3537 τὸ
2661 3485 2915 3540 τοσοῦτον
2969 3486 3176 3543 ἐθέλειν
3217 3487 3386 3559 ἔχειν,
3420 3487 3588 3542 πόθεν
3619 3490 3707 3553 είς

2107 3574 2207 3640 τὰς
2231 3574 2426 3646 ἡδονὰς
2450 3575 2846 3631 ἀναλώσουσιν.

2188 3687 2208 3720 r
2241 3667 2310 3722 Εί
2331 3684 2395 3736 γε
2427 3667 2596 3722 αὐτὸν
2627 3667 2924 3738 ἠκούσατε,
2957 3670 3050 3724 καὶ
3076 3671 3135 3724 ἐν
3184 3669 3336 3742 αὐτῷ
3356 3670 3703 3743 ἐδιδάχθητε,

2111 3754 2296 3820 καθώς
2327 3758 2476 3809 ἐστιν
2503 3756 2732 3828 ἀλήθεια
2759 3757 2818 3812 ἐν
2849 3757 2928 3829 τῷ
2968 3760 3169 3831 Ἰησοῦ,
3206 3762 3513 3817 ἀποθέσθαι
3549 3760 3706 3834 ὑμᾶς

2110 3847 2256 3902 κατὰ
2283 3847 2383 3920 τὴν
2414 3849 2687 3921 προτέραν
2710 3850 3061 3923 ἀναστροφὴν
3085 3853 3175 3908 τὸν
3224 3853 3455 3909 παλαιὸν
3485 3854 3584 3908 ἀνθ
3595 3872 3707 3926 ρω-

2110 3957 2234 4006 πον,
2257 3940 2347 3994 τὸν
2378 3941 2738 4014 φθειρόμενον
2782 3945 2926 3999 κατὰ
2954 3947 3054 4010 τὰς
3085 3946 3387 4018 ἐπιθυμίας
3417 3946 3518 4018 τῆς
3551 3947 3709 4000 ἀπάο

2116 4051 2237 4106 της.
2281 4035 2670 4090 Ἀνανεοῦσθαι
2696 4036 2754 4090 δέ
2782 4036 2860 4108 τῷ
2911 4037 3186 4110 πνεύματι
3237 4039 3333 4093 τοῦ
3371 4039 3488 4103 νοὸς
3518 4038 3705 4107 ὑμῶν,

2111 4129 2205 4183 καὶ
2234 4126 2557 4182 ἐνδύσασθαι
2577 4127 2670 4182 τὸν
2697 4129 2884 4183 καινὸν
2909 4130 3006 4185 ἀνθ
3017 4147 3218 4200 ρωπον,
3262 4131 3356 4184 τὸν
3398 4129 3544 4183 κατά
3565 4129 3710 4184 Θεὸν

2111 4220 2401 4275 κτισθέντα
2427 4222 2486 4274 ἐν
2517 4220 2858 4294 δικαιοσύνῃ,
2893 4223 2990 4276 καὶ
3019 4223 3264 4293 ὁσιότητι
3285 4225 3386 4290 τῆς
3412 4221 3705 4293 ἀληθείας.

2109 4313 2204 4368 Διὸ
2258 4314 2590 4386 ἀποθέμενοι
2620 4314 2682 4368 τὸ
2707 4313 2926 4384 ψεῦδος,
2977 4315 3194 4369 λαλεῖτε
3248 4315 3514 4386 ἀλήθειαν
3565 4312 3709 4368 ἐκα-

2111 4421 2239 4471 στος
2274 4406 2414 4478 μετά
2458 4407 2554 4461 τοῦ
2606 4408 2838 4481 πλησίον
2879 4406 3068 4474 αὐτοῦ,
3117 4408 3200 4462 ὅτι
3242 4406 3412 4479 ἐσμὲν
3448 4401 3709 4478 ἀλλήλων

2114 4499 2273 4570 μέλη.
2307 4518 2327 4552 ι

2181 4591 2355 4647 Τοῦτό
2385 4610 2575 4664 φησιν,
2609 4591 2800 4662 ἐπειδὴ
2849 4596 2914 4650 οὗ
2962 4595 3094 4665 παρ’
3140 4591 3312 4647 αὐτοῦ
3357 4590 3709 4664 διδαχθέντες

2109 4685 2274 4760 ἦσαν,
2310 4685 2449 4741 ἀλλὰ
2476 4684 2665 4758 παράἱ
2699 4685 2796 4740 τοῦ
2853 4687 3101 4741 Ἰωάννου
3133 4686 3230 4739 τοῦ
3281 4683 3710 4754 εὐαγγελιστοῦ.

425 4779 683 4835 Doctrina
742 4777 835 4832 illa
869 4790 991 4846 qua:
1031 4774 1235 4830 tradita
1280 4775 1438 4832 vobis
1470 4784 1590 4842 est,
1640 4793 1764 4833 cum
1818 4793 2003 4835 revera

2115 4779 2283 4849 Λέγει
2311 4771 2404 4832 οὖν
2426 4779 2530 4852 ήδη
2558 4779 2694 4848 πρὸς
2730 4777 2878 4848 ὑμᾶς
2907 4777 3138 4831 ἐλθοῦσα
3165 4775 3509 4842 διδασκαλία,
3543 4775 3713 4846 εἰπερ

425 4869 626 4925 tradita
687 4867 761 4924 sit
797 4866 1103 4923 secundum
1135 4864 1443 4932 Christum,
1480 4881 1592 4921 non
1623 4867 2011 4939 voluptuosam

419 4971 474 5017 et
518 4960 847 5031 ignorantiae
884 4956 1134 5014 tenebris
1176 4957 1442 5012 sull'usam
1493 4959 1662 5013 vitam
1715 4961 2010 5030 permittit,

421 5052 628 5124 alioqui
663 5052 802 5107 nihil
832 5052 983 5116 boni,
1014 5050 1265 5119 nihilque
1283 5051 1397 5103 veri
1424 5052 1728 5119 prmferret.
1755 5051 1892 5106 Nam
1916 5053 2014 5123 qui

419 5145 723 5202 secundum
750 5143 1031 5199 Christum
1065 5143 1341 5208 eruditur,
1374 5143 1578 5198 bonum
1610 5143 1804 5199 didicit
1835 5154 1890 5200 et
1921 5160 2016 5200 ve-

422 5255 566 5304 rum,
601 5249 791 5306 utpote
820 5239 912 5309 qui
959 5239 1082 5293 vitae
1119 5237 1362 5292 carnalis
1399 5244 1732 5293 vetustatem
1763 5238 1816 5292 in
1855 5240 2015 5294 novi-

423 5339 590 5390 tatem
633 5333 878 5404 Spiritus
906 5343 1121 5387 mutare
1148 5332 1434 5387 doceatur.

2110 4867 2276 4943 ἦλθεν
2301 4868 2381 4941 τῷ
2403 4870 2518 4926 ὄντι
2553 4869 2700 4923 κατά
2734 4869 2992 4940 Χριστὸν,
3021 4871 3084 4922 οὐ
3129 4868 3230 4940 τὴν
3271 4867 3574 4939 φιλήδονον,
3607 4865 3711 4920 καὶ

2117 4962 2220 5033 τὴν
2248 4963 2308 5018 ἐν
2347 4964 2544 5036 ἀγνοίᾳ
2581 4962 2729 5034 ζωὴν
2775 4962 3088 5036 ἐπιτρέπει,
3133 4964 3258 5034 ἥτις
3305 4961 3460 5016 οὐδὲν
3497 4959 3710 5028 ἀγαθὸν

2112 5055 2252 5126 ἔχει,
2282 5055 2410 5109 οὐδέ
2441 5054 2664 5127 ἀληθές.
2707 5054 2765 5110 '0
2800 5054 2910 5125 γὰρ
2943 5056 3088 5109 κατά
3126 5055 3364 5126 Χριστὸν
3393 5051 3610 5124 μαθὼν,
3643 5051 3716 5105 τὸ

2112 5148 2318 5219 ἀγαθὸν
2357 5147 2651 5220 μεμάθηκε
2685 5147 2779 5201 καὶ
2823 5147 2887 5202 τὸ
2935 5146 3170 5225 ἀληθὲς,
3211 5147 3312 5219 τὴν
3359 5149 3420 5201 ἐν
3459 5130 3752 5219 σαρκικῷί

2117 5241 2220 5312 βίῳ
2245 5241 2555 5299 παλαίωσιν
2587 5238 2948 5311 μεταϐάλλειν
2973 5239 3365 5312 διδασκόμενος
3396 5241 3480 5305 είς
3521 5238 3722 5294 καινό-

2117 5351 2261 5404 τητα
2285 5333 2386 5404 τὴν
2418 5334 2479 5386 ἐν
2511 5329 2817 5402 Πνεύματι.

1701 5512 1790 5570 VA
1799 5511 1864 5567 Rl
1871 5512 1939 5569 ΑΞ
1980 5512 2392 5570 LECTlONES.

500 5627 514 5679 i
543 5626 744 5701 ΔἈλλὰ
767 5631 944 5701 ,παρὰ
977 5630 1083 5684 τοῦ
1115 5631 1420 5689 Ἰωάννου.
1459 5631 1584 5690 llaec
1615 5632 2009 5690 subobscurius
2043 5633 2120 5688 ita
2153 5631 2460 5688 redduntur
2495 5630 2641 5701 apud
2691 5617 3114 5693 (Ecumenium,
3167 5631 3230 5686 τὸ
3261 5631 3341 5695 δὲ,
3368 5632 3423 5686 et
3450 5647 3516 5700 γε
3548 5627 3725 5684 αὐτὸν

421 5697 713 5776 medea-re,
749 5697 906 5772 ἅγιος
949 5703 1200 5776 Ἰωάννης
1221 5703 1578 5774 βεϐαιωτικὸν
1619 5704 1862 5770 ἐδέξατο.
1891 5702 2138 5771 Quorum
2165 5703 2461 5760 verborum
2488 5697 2686 5759 sensus
2719 5718 2789 5759 ex
2841 5701 3164 5759 Damasceni
3223 5697 3574 5774 expositione
3621 5715 3724 5757 ac-

431 5774 536 5845 cipi
567 5777 765 5844 p9test.
