3970 6394
288 287 379 357 845

1448 287 1533 349 IN
1571 287 1815 350 EPIST.
1855 287 1958 348 AD
1995 285 2392 349 EPHESIOS.

3443 281 3550 349 846

348 421 367 456 ι
412 397 760 472 Ὃργίζεαθε,
801 398 898 454 καὶ
950 397 1027 470 μὴ
1079 396 1464 471 ἁμαρτάνετεο
1516 400 1546 452 ὁ
1587 398 1741 468 ἥλιος
1781 396 1858 468 μὴ

2048 395 2221 454 Vsus.
2254 393 2450 451 26-29.
2491 413 2511 448 ι
2549 391 2858 453 lrascimini
2886 401 2944 452 et
2983 393 3153 451 nolite
3188 407 3434 465 peccare,
3465 396 3548 450 sol

284 494 537 552 ἐπιδυέτω
570 494 664 548 ἐπὶ
715 491 796 563 τῷ
839 489 1208 564 παροργισμῷ
1257 488 1435 561 ὐμῶν.
1485 489 1640 561 Μηδὲ
1685 487 1859 540 δίδοτε

283 589 432 643 τόπον
463 585 540 656 τῷ
573 583 829 652 διαϐόλῳ.
869 585 928 638 '0
971 583 1250 645 κλέπτων,
1311 582 1510 654 μηκέτι
1550 580 1857 648 κλεπτέτω,

287 680 476 752 μᾶλλον
497 677 556 731 δὲ
583 676 858 740 κοπιάτω,
885 675 1260 747 ἐργαζόμενος
1277 674 1337 727 τὸ
1362 671 1567 742 ἀγαθὸν
1593 674 1714 734 ταῖς
1734 687 1864 743 χερ-

285 774 378 838 σὶν,
417 771 505 827 ἵνα
537 769 638 841 ἔχῃ
673 768 1017 839 μεταδιδόναι
1046 767 1126 839 τῷ
1157 767 1348 838 χρείαν
1394 766 1594 838 ἔχοντι.
1631 765 1748 828 Πᾶς
1775 763 1865 817 λό·

283 883 368 936 γος
395 863 634 934 σκληρὸς
656 865 722 916 ὲκ
750 861 845 915 τοῦ
869 861 1139 930 στόματος
1166 860 1320 930 ὐμῶν
1352 861 1427 931 μὴ
1456 855 1861 928 ἐκπορευέσθω,

283 959 386 1014 ἀλλ’
410 956 467 1010 εῐ
489 973 576 1020 τις
611 953 841 1024 ἀγαθὸς,
886 953 1025 1025 πρὸς
1059 953 1352 1025 οἰκοδομὴν
1381 952 1482 1024 τῆς
1518 951 1736 1023 χρείας,
1771 948 1862 1003 ἵνα

282 1049 350 1122 δῷ
379 1048 545 1120 χάριν
571 1049 686 1110 τοῖς
718 1045 1031 1101 ἀκούουσιν.
1071 1065 1089 1098 ι

345 1143 410 1196 Et
437 1140 535 1196 καὶ
571 1138 710 1210 ὀργῇ
744 1137 1070 1210 προσπέσοι,
1109 1137 1266 1210 φησὶ,
1299 1137 1374 1209 μὴ
1408 1137 1491 1202 είς
1514 1137 1576 1191 τὸ
1609 1133 1866 1208 ἁμαρτά·

282 1252 389 1292 νειν
431 1231 828 1305 ὲπικρατείτω,
874 1231 1011 1286 ἀλλά
1067 1231 1165 1286 καὶ
1220 1230 1328 1303 πρὸ
1357 1229 1452 1285 τοῦ
1484 1230 1700 1302 ἡμέραν
1737 1230 1863 1282 επι-

282 1329 475 1400 στῆναι
498 1325 780 1396 δευτέραν,
808 1323 1088 1378 παυέσθω.
1130 1323 1262 1377 Ἐἀν
1287 1323 1395 1395 γὰρ
1430 1321 1605 1376 ταῦτα
1627 1323 1687 1375 ὲν
1737 1321 1867 1392 ὐμῖν

281 1423 476 1495 κρατῇ,
509 1417 758 1473 διαϐόλου
809 1416 1119 1488 διδάγματα
1155 1417 1308 1483 ὄντα,
1351 1416 1380 1469 ὁ
1412 1413 1736 1478 διδάσκαλος
1777 1411 1867 1468 διὰ

279 1515 384 1573 τῶν
414 1515 562 1570 ἰδίων
591 1511 761 1567 αὐτοῦ
786 1510 1135 1581 διδαγμάτων
1170 1507 1655 1564 ὲπεισελεύσεταιὲ

353 1707 374 1743 ‹
421 1687 536 1742 Καὶ
597 1685 674 1758 μὴ
707 1683 934 1739 λυπεῖτε
964 1683 1025 1738 τὸ
1083 1681 1314 1755 Πνεῦμα
1365 1657 1466 1736 ’τοῦ
1523 1679 1686 1746 Θεοῦ,
1735 1678 1795 1734 ὲν
1823 1669 1870 1749 ᾧ

277 1778 690 1854 ισφραγίσθητε
719 1777 802 1843 είς
827 1777 1044 1850 ἡμέραν
1075 1773 1534 1848 ἀπολυτρώσεως.
1588 1790 1608 1826 ι

343 1959 421 2014 Τὸ
445 1955 672 2029 Πνεῦμα
698 1956 845 2028 ὑμᾶς
871 1954 1385 2026 ἀποστραφήσεται,
1417 1951 1575 2022 φησὶ,
1615 1949 1870 2023 καθάπερ

273 2051 645 2123 λυπούμενον,
693 2049 775 2102 ὅτι
825 2045 1016 2118 ὥσπερ
1070 2047 1129 2100 ἐν
1167 2041 1505 2117 σφραγισμῷ
1546 2041 1701 2096 δοθὲν
1741 2041 1872 2111 ὑμῖν

274 2148 358 2210 είς
387 2145 606 2207 ἕνωσιν,
658 2141 759 2195 οὐκ
808 2138 1154 2212 ἐπιτηδείους
1196 2137 1337 2209 πρὸς
1379 2137 1574 2191 ἕνωσιν
1627 2135 1872 2204 εὑρίσκει

274 2235 408 2298 τοὺς
439 2231 802 2302 δεδεγμένους
854 2229 956 2301 τὴν
1004 2228 1167 2300 χάριν
1224 2228 1308 2291 είς
1341 2227 1404 2281 τὸ
1455 2225 1744 2297 διαφυγεῖν
1772 2224 1872 2298 τὴν

276 2326 508 2380 κόλασιν
529 2323 630 2394 τῆς
656 2321 982 2393 διαφθορᾶς.

358 2523 379 2557 ι
435 2502 600 2556 Πᾶσα
637 2497 856 2570 πικρία,
898 2497 994 2550 καὶ
1025 2495 1217 2568 θυμὸς,
1254 2497 1348 2550 καὶ
1398 2495 1561 2568 ὀργὴ,
1611 2496 1706 2550 καὶ
1737 2495 1872 2568 βλα-

281 2591 502 2666 σφημία
526 2588 752 2662 ἀρθήτω
783 2588 878 2658 ἀφ’
910 2586 1067 2658 ὑμῶν
1105 2589 1202 2640 σὺν
1233 2587 1385 2659 πάσῃ
1417 2586 1608 2658 κακίᾳ.
1647 2585 1873 2640 Γίνεσθε

276 2688 336 2742 δὲ
360 2687 442 2749 είς
476 2677 743 2754 ἀλλήλους
789 2680 1043 2752 χρηστοὶ,
1083 2678 1474 2750 εὔσπλαγχνοι,
1510 2678 1868 2752 χαριζόμενοι

279 2779 524 2841 ἑαυτοῖς,
556 2772 739 2837 καθὼς
770 2770 866 2826 καὶ
899 2772 928 2825 ὁ
957 2771 1092 2836 Θεὸς
1128 2771 1446 2844 ἐχαρίσατο.
1493 2790 1512 2824 ι

357 2953 544 3025 Ἀπερ
577 2948 718 3015 ἐστὶ,
750 2950 908 3020 φησὶ,
945 2948 1048 3019 τῆς
1079 2950 1351 3020 σαρκικῆς
1381 2948 1679 3018 ἀγνωσίας,
1704 2947 1886 3003 ταῦτα.

280 3044 638 3104 ἀπολειπέτω
660 3045 689 3098 ὁ
723 3041 1274 3112 κατασκευαζόμενος
1298 3042 1712 3114 πνευματικῶς.

898 3291 1153 3350 ΚΕΦΑΛ.
1196 3290 1274 3348 Ε’.

364 3430 384 3466 ι
424 3408 652 3466 Γίνεσθε
684 3405 780 3464 οῦν
813 3407 1054 3482 μιμηταὶ
1085 3409 1182 3464 τοῦ
1227 3412 1387 3480 Θεοῦ,
1436 3410 1515 3480 ὡς
1546 3414 1714 3471 τέκνα
1743 3417 1885 3486 ἀγα-

275 3501 462 3574 πητὰ,
490 3502 587 3556 καὶ
613 3504 974 3574 περιπατεῖτε
1000 3501 1059 3555 ἐν
1111 3503 1324 3577 ἀγάπῃ,
1377 3505 1564 3571 καθὼς
1593 3507 1622 3560 ὁ
1646 3507 1886 3581 Χριστὸς

277 3596 579 3668 ἠγάπησεν
606 3595 780 3667 ἡμᾶς,
824 3595 921 3648 καὶ
959 3596 1288 3666 παρέδωκεν
1319 3599 1514 3653 ἑαυτὸν
1539 3599 1683 3672 ὑπὲρ
1725 3601 1886 3673 ἡμῶν

273 3685 612 3763 προσφορὰν
641 3689 738 3741 καὶ
763 3685 959 3743 θυσίαν
985 3687 1065 3761 τῷ
1099 3688 1222 3761 Θεῷ
1249 3691 1330 3755 είς
1359 3689 1536 3763 ὀσμὴν
1564 3691 1821 3758 εὐωδίας.
1860 3711 1880 3744 ι

359 3864 474 3930 Δεῖ,
502 3861 660 3935 φησὶ,
697 3861 988 3935 μιμεῖσθαι
1038 3862 1172 3918 Θεὸν
1205 3865 1287 3929 εἰς
1318 3865 1380 3920 τὸ
1411 3865 1732 3938 χαρίζεσθαι
1775 3870 1890 3932 τοῖς

275 3960 705 4034 ἁμαρτάνουσιν
751 3962 832 4024 εἰς
870 3960 1044 4032 ἡμᾶς,
1102 3960 1191 4016 ἵνα
1240 3955 1391 4034 ὦμεν
1429 3964 1670 4034 μιμηταὶ
1724 3961 1885 4018 Θεοῦ.

275 4053 397 4108 Τὸν
424 4053 482 4106 δὲ
515 4053 768 4116 θάνατον,
805 4053 867 4107 οὐ
926 4053 1161 4110 θάνατον
1215 4055 1521 4128 ὠνόμασεν,
1567 4055 1707 4110 ἀλλά
1749 4055 1888 4110 Θεοῦ

274 4141 655 4213 προσφοράν·
684 4159 698 4174 ⁸
728 4143 790 4196 οὐ
839 4145 948 4217 γάρ
973 4139 1043 4219 ἦν
1078 4146 1316 4200 θανάτου
1354 4145 1554 4200 σκῦλον
1593 4147 1622 4200 ὁ
1652 4147 1886 4220 Κύριος,

277 4238 432 4295 ἀλλά
464 4237 885 4309 αἰχμαλωτίζων
935 4241 1018 4305 εἰς
1061 4240 1209 4313 ζωὴν
1241 4242 1369 4305 τοὺς
1407 4243 1466 4294 ἐν
1495 4241 1735 4312 θανάτῳ,
1765 4241 1890 4295 οὐδὲ

283 4331 403 4386 ὑπὸ
439 4329 672 4384 θανάτου
697 4330 1092 4403 κατεχόμενος,
1118 4332 1259 4388 ἀλλά
1289 4333 1441 4406 παρὰ
1462 4332 1605 4404 Θεῷ,
1633 4334 1730 4388 κοιλ⁵
1760 4335 1884 4388 τότε

281 4423 370 4478 ὣν
397 4422 593 4486 δεκτὸς
614 4422 709 4476 καὶ
745 4421 952 4495 τίμιος,
991 4425 1089 4479 καὶ
1113 4425 1288 4498 δῶρον
1323 4426 1465 4498 ὐπὲρ
1505 4426 1715 4499 κόσμου
1750 4443 1886 4480 παν-

281 4515 386 4581 τὸς
419 4514 792 4571 εὐωδέστατον
825 4514 968 4571 κατά
997 4517 1099 4590 τὴν
1135 4518 1421 4592 άγιότητα.

369 4711 392 4745 ι
431 4691 671 4765 Πορνεία
701 4690 782 4759 δὲ,
815 4691 910 4746 καὶ
941 4695 1094 4747 πᾶσα
1141 4694 1480 4766 ἀκαθαρσία,
1530 4695 1564 4768 ἢ
1600 4694 1889 4762 πλεονεξία

288 4785 442 4860 μηδὲ
489 4783 845 4854 ὀνομαζέσθω
902 4787 961 4840 ἐν
998 4786 1150 4857 ὐμῐν,
1196 4787 1384 4853 καθὼς
1445 4788 1653 4859 πρέπει
1685 4788 1887 4857 ἁγίοις,

285 4882 395 4938 καὶ
420 4879 740 4952 αἰσχρότης,
790 4880 887 4933 καὶ
923 4879 1255 4953 μωρολογία,
1293 4882 1389 4936 καὶ
1426 4881 1788 4954 εὐτραπελία,
1821 4881 1892 4936 τά

283 4975 400 5031 οὐκ
432 4974 730 5046 ἀνήκοντα,
754 4973 890 5029 ἀλλά
918 4975 1122 5047 μᾶλλον
1155 4976 1507 5050 εὐχαριστία.
1544 4996 1564 5028 ι

324 5161 334 5168 ’
370 5155 463 5211 Τά
491 5156 624 5227 πρὸς
648 5156 916 5228 ἀλλήλους
938 5158 1198 5230 ὠφέλιμα
1226 5158 1475 5228 διελθὼν,
1514 5163 1578 5216 τὸ
1603 5161 1729 5216 καθ’
1761 5163 1889 5218 ἑαυ.

287 5251 395 5306 τὸν
431 5251 662 5305 ἑκάστου
686 5253 903 5323 σῶφρον
925 5251 1023 5307 καὶ
1046 5253 1292 5326 καθαρὸν
1329 5255 1606 5328 ἐπιφέρει.
1642 5256 1778 5310 Οὐδὲ
1803 5257 1891 5309 ἐν·

289 5347 483 5402 ταῦθα
508 5347 600 5401 τοῦ
623 5347 787 5418 νόμου
815 5348 1004 5424 μέτρῳ
1055 5349 1363 5423 χρώμενος,
1388 5351 1504 5406 ἀλλ’
1531 5351 1674 5425 ὑπὲρ
1707 5351 1888 5407 τοῦτο.

311 5441 471 5494 Ἐκεῖ
505 5441 601 5512 μὲν
631 5440 742 5510 γὰρ
769 5441 854 5507 τὸ,
899 5442 1001 5497 οὐκ
1057 5443 1214 5498 ἔσται
1237 5444 1553 5526 πορνεύων,
1589 5446 1710 5500 οὐδὲ
1751 5464 1890 5515 πορ-

297 5532 541 5588 νεύουσα
558 5550 572 5565 ο
595 5533 832 5603 λέγεται,
855 5534 1095 5592 ἐνταῦθα
1115 5537 1174 5594 δὲ
1191 5536 1274 5606 τὸ,
1299 5538 1460 5610 μηδὲ
1489 5537 1887 5608 ὀνομαζέσθω,

303 5624 345 5694 ἢ
375 5623 674 5680 ἀκουέσθω.

392 5759 444 5794 ⁸⁸
470 5758 627 5817 Deut.
665 5775 826 5829 xxm,
860 5762 953 5820 17.

1967 504 2078 545 non
2125 487 2347 544 occidat
2374 503 2543 560 super
2573 489 2916 545 iracundiam
2945 496 3213 545 vestram.
3243 485 3424 542 Nolite
3468 487 3551 543 1οο

1967 592 2093 631 cum
2133 577 2270 633 dare
2289 576 2533 632 diabolo.
2554 577 2660 644 Qui
2697 578 3004 643 iurabatur,
3028 577 3144 649 jam
3175 591 3287 633 non
3315 575 3550 632 furetur.

1968 668 2138 740 Magis
2165 678 2347 724 autem
2379 668 2596 724 laboret
2621 669 2904 739 operando
2942 669 3148 725 bonum
3181 668 3464 733 manilius,
3497 675 3558 722 ut

1968 761 2168 816 habeat
2201 760 2350 816 unde
2384 760 2594 816 tribuat
2625 761 3013 817 necessitatem
3061 762 3312 831 patienti.
3362 760 3558 818 Omnis

1967 864 2152 906 sermo
2183 851 2365 906 malus
2402 865 2471 906 ex
2501 865 2599 907 ore
2632 858 2824 907 vestro
2874 865 2987 906 non
3029 851 3291 922 procedat
3324 871 3336 906 :
3377 853 3474 907 sed
3510 853 3557 906 si

1967 944 2093 1015 quis
2120 943 2300 1000 bonus
2327 944 2396 1000 ad
2423 943 2848 1002 aediﬁcationem
2892 942 3042 1012 ﬁdei,
3087 952 3146 999 ut
3193 943 3283 1000 det
3320 944 3557 1016 gratiam

1968 1036 2342 1094 audientibus.
2360 1049 2362 1052 '
2383 1057 2404 1092 ι

2045 1127 2114 1185 Ει
2157 1130 2205 1186 si
2254 1129 2382 1202 quis
2425 1129 2484 1186 in
2533 1129 2673 1184 iram
2724 1127 2941 1194 incidit,
2985 1142 3096 1184 non
3136 1135 3456 1200 perseveret
3484 1127 3564 1182 ita

1970 1228 2032 1278 ut
2087 1229 2320 1294 peccet;
2367 1223 2465 1281 sed
2523 1232 2654 1278 ante
2702 1223 2959 1293 placetur
3005 1235 3174 1294 quam
3224 1221 3398 1277 altera
3445 1219 3566 1276 dies

1969 1313 2251 1368 succedat.
2290 1311 2427 1368 Nam
2457 1313 2505 1370 si
2537 1314 2596 1369 in
2633 1312 2794 1370 vobis
2825 1314 2932 1370 ista
2963 1319 3184 1384 vigeant
3209 1326 3332 1382 qua:
3357 1311 3567 1369 diaboli

1971 1405 2134 1477 plane
2180 1406 2428 1463 instituta
2478 1413 2630 1472 sunt,
2689 1405 2953 1476 magister
3009 1405 3130 1476 ipse
3182 1402 3567 1474 superveniet,

1972 1505 2198 1570 propter
2245 1499 2576 1572 placitorum
2625 1513 2855 1556 suorum
2895 1496 3343 1554 observationem
3377 1508 3570 1551 accer-

1973 1592 2136 1649 situs.

2045 1685 2214 1743 Vsus.
2245 1686 2335 1742 50.
2368 1706 2386 1740 ι
2422 1687 2492 1742 Ει
2525 1685 2698 1743 nolite
2740 1684 3079 1742 contristare
3121 1683 3391 1756 Spiritum
3433 1696 3570 1740 san-

1904 1763 2128 1834 Belum
2178 1777 2310 1847 Dei,
2361 1779 2418 1835 in
2469 1795 2581 1851 quo
2633 1777 2840 1850 signati
2893 1777 3034 1834 estis
3065 1777 3122 1832 in
3155 1777 3302 1834 diem
3344 1774 3572 1832 redem-

1980 1870 2209 1942 ptionis.
2257 1889 2276 1923 ι

2051 1959 2318 2031 Spiritus,
2369 1959 2592 2031 inquit,
2645 1971 2875 2015 aversus
2925 1956 3034 2014 erit
3087 1969 3120 2010 a
3164 1953 3367 2019 vobis,
3417 1951 3575 2010 velut

1977 2052 2194 2108 luctum
2231 2066 2437 2123 agens,
2486 2050 2653 2122 quia,
2701 2065 2827 2106 cum
2876 2050 2930 2104 in
2977 2047 3365 2120 obsignatione
3407 2045 3574 2102 datus

1980 2146 2052 2202 sit
2082 2144 2240 2200 vobis
2277 2153 2338 2199 ut
2369 2141 2892 2214 conjungeremiui,
2953 2157 3051 2198 vos
3097 2151 3287 2196 tamen
3335 2153 3448 2194 non
3496 2152 3577 2194 re-

1979 2238 2160 2310 periet
2210 2235 2282 2291 ad
2334 2236 2440 2291 hoc
2490 2235 2745 2301 idoneos,
2793 2233 3011 2290 tametsi
3068 2233 3299 2304 gratiam
3345 2244 3578 2301 recepe-

1981 2331 2126 2398 ritis,
2163 2343 2272 2400 qua
2325 2343 2547 2401 pmnam
2596 2327 2860 2384 interitus
2903 2334 2958 2383 et
3015 2324 3388 2396 corruptionis
3437 2321 3578 2380 etfu-

1983 2424 2209 2495 geretis.

2061 2513 2224 2570 Vsns.
2263 2512 2356 2575 51,
2393 2512 2484 2568 52.
2528 2530 2547 2564 ι
2578 2510 2772 2568 Omnis
2801 2511 3139 2580 amaritudo,
3175 2518 3230 2566 et
3271 2511 3378 2577 ira,
3414 2516 3470 2565 et
3495 2508 3580 2564 in-

1981 2607 2256 2679 dignatio,
2283 2614 2342 2661 et
2372 2606 2605 2670 clamor,
2637 2613 2692 2661 et
2717 2603 3062 2675 blasphemia
3096 2603 3374 2658 tollatura
3398 2602 3578 2669 vobis,

1984 2717 2109 2758 cum
2137 2699 2288 2755 omni
2319 2697 2548 2753 malitia.
2597 2695 2789 2753 Estote
2825 2705 3008 2751 autem
3045 2695 3278 2751 invicem
3326 2693 3576 2766 benigni,

1986 2783 2408 2853 misericordes,
2437 2787 2712 2844 donantes
2742 2787 3004 2853 invicem,
3049 2786 3194 2843 sicut
3238 2793 3294 2842 et
3344 2784 3488 2842 Deus
3519 2785 3578 2840 in

1986 2883 2214 2939 Christo
2243 2880 2471 2935 donavit
2493 2879 2678 2935 vobis.
2724 2897 2744 2931 ›

2056 2972 2412 3042 Quaecunque
2459 2971 2707 3028 carnalis
2760 2979 2890 3027 sunt
2936 2969 3341 3043 ignobilitatis,
3375 2970 3580 3042 inquit,

1989 3067 2106 3122 haec
2164 3065 2466 3137 relinquat,
2528 3064 2627 3136 qui
2691 3064 2970 3136 spirituali
3033 3078 3189 3120 more
3243 3078 3366 3122 sese
3422 3078 3582 3120 com-

1909 3138 1953 3197 C
1987 3165 2169 3230 parat.

2645 3291 2803 3348 CAP.
2846 3291 2915 3350 V.

2058 3400 2226 3461 Vsus.
2260 3404 2312 3469 1,
2351 3403 2408 3458 2.
2447 3421 2466 3456 ι
2517 3401 2707 3460 Estote
2754 3417 2886 3476 ergo
2941 3402 3255 3461 imitatores
3293 3401 3392 3460 Dei
3439 3403 3584 3461 sicut

1988 3496 2082 3552 ﬁlii
2111 3497 2454 3561 charissimi,
2495 3507 2548 3554 et
2595 3496 2883 3554 ambulate
2911 3497 2967 3552 in
3001 3496 3320 3565 dilectione,
3357 3496 3504 3553 sicut
3528 3507 3585 3554 et

1987 3589 2245 3646 Christus
2284 3589 2480 3646 dilexit
2546 3606 2674 3655 nos,
2705 3599 2760 3648 et
2807 3590 3037 3647 tradidit
3075 3591 3434 3661 semetipsum
3480 3606 3586 3663 pro

1989 3684 2149 3740 nobis
2177 3681 2512 3740 oblationem
2544 3691 2600 3742 et
2633 3684 2880 3742 hostiam
2911 3682 3024 3741 Deo
3073 3683 3130 3740 in
3166 3683 3396 3741 odorem
3454 3700 3588 3743 sua~

1992 3775 2203 3832 vitatis.
2245 3794 2264 3828 ι

2062 3865 2274 3922 Imitari
2303 3864 2478 3922 Deum
2509 3873 2753 3937 oportet,
2807 3865 3014 3937 inquit,
3044 3864 3114 3920 iis
3143 3864 3240 3937 qui
3292 3879 3395 3921 nos
3420 3863 3589 3921 oﬂ‘en—

1992 3961 2198 4018 derunt
2281 3959 2642 4031 indulgendo,
2693 3971 2754 4015 ut
2806 3958 2907 4015 Dei
2961 3959 3320 4015 aemulatores
3384 3958 3585 4016 simus.

1991 4053 2158 4124 Atqui
2204 4052 2412 4108 Christi
2460 4059 2720 4118 mortem,
2773 4067 2885 4107 non
2933 4059 3176 4107 mortem
3211 4051 3452 4118 vocavit,
3491 4052 3590 4108 sed

1993 4144 2336 4199 oblationem.
2387 4142 2507 4199 Non
2578 4146 2724 4200 enim
2795 4141 3062 4200 Dominus
3129 4143 3313 4214 prteda
3389 4145 3590 4199 mortis

1993 4235 2230 4302 exstitit,
2284 4235 2382 4290 sed
2430 4234 2498 4290 ad
2543 4236 2714 4289 vitam
2760 4234 2922 4291 duxit
2961 4234 3214 4304 captivos
3242 4247 3382 4305 quos
3433 4251 3589 4290 mors

1995 4328 2248 4394 tenebat;
2301 4342 2404 4384 nec
2455 4343 2486 4382 a
2536 4335 2718 4383 morte
2769 4327 3031 4384 detentus
3078 4325 3208 4393 fuit,
3258 4327 3392 4397 quin
3429 4342 3588 4382 acce-

1995 4427 2121 4491 ptus
2153 4427 2286 4476 tunc
2330 4429 2455 4476 erat
2501 4419 2614 4476 Deo
2646 4429 2701 4476 et
2731 4419 3114 4488 honorabilis,
3155 4419 3589 4490 suavissimique

1921 4511 1967 4567 D
1997 4521 2225 4586 propter
2273 4515 2628 4571 sanctitatem
2681 4513 2873 4570 odoris
2922 4527 3126 4576 munus
3176 4523 3278 4584 pro
3328 4512 3589 4569 universo

1993 4612 2218 4666 mundo.

2062 4701 2229 4760 Vens.
2269 4704 2325 4772 5,
2355 4704 2410 4758 4.
2450 4720 2469 4755 ι
2501 4700 2825 4758 Fornicatio
2859 4709 3042 4756 autem
3060 4709 3116 4762 et
3143 4698 3325 4754 omnis
3350 4698 3591 4754 immun-

1991 4798 2153 4866 ditia,
2186 4805 2282 4853 aut
2321 4796 2578 4862 avaritia,
2621 4811 2721 4852 nec
2750 4793 3072 4851 nominetur
3105 4793 3161 4847 in
3205 4792 3389 4859 vobis,
3438 4792 3586 4848 sicut

1992 4891 2149 4948 decet
2182 4897 2444 4958 sanctos;
2486 4902 2589 4944 nec
2635 4885 2941 4958 turpitudo,
2997 4891 3095 4938 aut
3146 4882 3582 4953 stultiloquium,

1996 4992 2091 5041 aut.
2116 4983 2456 5048 scurrilitas,
2487 4995 2612 5052 quae
2639 4980 2706 5037 ad
2733 4995 2849 5037 rem
2873 4993 2985 5035 non
3011 4978 3314 5051 pertinent,
3347 4975 3444 5031 sed
3475 4990 3590 5032 tua-

1996 5078 2080 5151 gis
2107 5076 2412 5150 gratiarum
2440 5075 2607 5130 actio.
2649 5092 2670 5128 ι

2070 5166 2379 5224 Recensitis
2413 5181 2536 5236 quae
2569 5166 2799 5222 utilitati
2852 5172 3058 5222 mutuae
3099 5164 3413 5230 conferant,
3451 5163 3587 5220 sub-

1994 5259 2178 5330 iungit
2206 5259 2260 5315 id
2291 5274 2404 5330 quo
2437 5259 2677 5329 quisque
2716 5273 2888 5329 penes
2916 5274 2977 5316 se
3009 5265 3206 5316 castus
3245 5264 3304 5314 et
3347 5257 3588 5312 mundus

2004 5352 2168 5425 189
2201 5353 2294 5408 sit.
2351 5349 2542 5422 Neque
2589 5350 2681 5406 hic
2722 5351 2863 5423 legis
2923 5351 3131 5424 regulis
3178 5349 3432 5414 inhaeret,
3489 5349 3590 5404 sed

2000 5445 2144 5500 ultra
2205 5441 2577 5514 progreditur.
2635 5439 2756 5497 lllic
2811 5443 2958 5498 enim
3013 5441 3220 5497 dicitur
3257 5459 3272 5496 :
3308 5455 3420 5495 non
3482 5440 3591 5494 erit

1999 5543 2298 5602 scortator,
2324 5550 2503 5606 neque
2533 5535 2838 5592 scortum“
2868 5557 2882 5592 ;
2913 5536 3002 5592 hic
3043 5550 3198 5605 vero,
3230 5550 3321 5592 nec
3347 5533 3587 5591 nonnae-

2008 5639 2093 5684 tur
2127 5671 2142 5699 ,
2169 5643 2272 5686 nec
2299 5627 2580 5683 audiatur.
