4048 6430
272 411 365 481 849

1425 422 1505 482 IN
1543 424 1791 486 EPIST.
1828 421 1931 483 AD
1971 423 2363 494 EPHESIOS.

3427 447 3534 510 850

334 541 351 576 ι
385 522 856 594 Εὑχαριστοῦντες
898 525 1130 579 πάντοτε
1173 526 1316 598 ὑπὲρ
1357 527 1576 584 πάντων
1610 532 1670 584 ὲν
1714 530 1832 585 ὀνό-

2011 537 2172 610 190
2207 537 2369 598 Vens.
2421 542 2511 598 20.
2557 563 2576 596 ι
2618 545 2834 606 Gratias
2882 561 3108 625 agentes
3157 569 3375 624 semper
3425 572 3525 626 pro

267 633 385 686 ματι
409 615 501 669 τοῦ
532 616 741 688 Κυρίου
773 617 930 696 ἡμῶν
977 619 1153 690 Ἰησοῦ
1185 620 1446 692 Χριστοῦ,
1471 623 1552 694 τῷ
1577 623 1698 696 Θεῷ
1743 625 1841 680 καὶ

266 709 450 778 Πατρί.
493 728 514 762 ι
810 695 816 700 ’

327 803 616 874 Μυστήρια
647 803 727 873 τῷ
757 803 888 876 ,Θεῷ
947 806 1218 877 προσήκει
1273 805 1479 872 τελεῖν,
1531 807 1839 880 ὑμνοῦντας

264 894 447 957 αὐτὸν,
485 895 580 948 καὶ
612 893 910 962 διεξιόντας
950 897 1051 962 τάς
1121 898 1444 969 εὐεργεσίας
1495 900 1562 962 ἀς
1604 902 1846 958 ἐπιτελεῖ

263 986 513 1056 Χριστός.

334 1096 353 1130 ι
409 1077 873 1150 Ὑποτασσόμενοι
899 1083 1153 1154 ἀλλήλοις
1181 1086 1242 1138 ἐν
1277 1085 1431 1156 φόϐῳ
1455 1085 1617 1143 Θεοῦ.
1661 1109 1680 1141 ι

332 1171 543 1241 Ὠσπερ
574 1172 608 1243 ἡ
641 1173 1015 1239 ἐπανάστασις
1051 1176 1085 1247 ή
1125 1178 1212 1236 ἐπ’
1239 1176 1528 1248 ἀλλήλους,
1564 1179 1846 1235 διάστασιν

261 1265 437 1328 ποιεῖ,
469 1262 646 1328 οὑτως
695 1266 734 1336 ἡ
776 1266 1027 1336 ὑποταγὴ
1077 1269 1398 1338 συνάφειαν.
1464 1271 1744 1344 Ἀλλήλοις
1786 1273 1846 1328 δὲ

261 1355 662 1411 ὑποτάσσεσθαι
691 1357 774 1412 δεῖ
797 1358 885 1414 διὰ
912 1360 1172 1434 Χριστὸν,
1205 1363 1282 1428 ὡς
1308 1365 1534 1438 Χριστῷ
1561 1367 1846 1440 λάτρευμα

260 1447 414 1503 τοῦτο
444 1448 749 1516 τελοῦντες.

333 1665 353 1699 ι
394 1647 462 1700 Ai
492 1650 756 1717 γυναῖκες
802 1651 918 1714 τοῖς
967 1651 1122 1718 ίδίοις
1172 1654 1435 1728 ἀνδράσιν
1473 1657 1847 1714 ὑποτάσσεσθε

259 1735 333 1800 ὡς
364 1735 449 1802 τῷ
478 1737 673 1810 Κυρίῳ
695 1756 709 1770 ’
747 1741 829 1793 ὅτι
864 1741 1007 1813 ἀνήρ
1037 1743 1154 1797 ἐστι
1183 1745 1394 1818 κεφαλὴ
1427 1747 1528 1819 τῆς
1569 1749 1846 1818 γυναικὸς,

1948 632 2206 689 omnibus
2255 634 2310 688 in
2377 638 2602 696 nomine
2655 639 2870 699 Domini
2919 647 3094 702 nostri
3143 645 3274 706 Jesu
3326 649 3537 705 Christi

1952 722 2060 778 Deo
2092 734 2147 782 et
2172 726 2346 788 Patri.
2387 751 2406 783 ι

2018 817 2278 890 Mysteria
2333 823 2444 880 Deo
2499 841 2761 896 peragere
2809 833 3090 897 convenit,
3148 831 3366 904 hymnis
3404 851 3531 892 eum

1949 916 2360 984 prosequendo,
2403 933 2616 976 necnon
2647 924 2961 980 enarrando
2991 940 3114 997 quae
3139 924 3397 985 Christus
3436 930 3535 986 be-

1948 1003 2140 1060 neﬁcia
2177 1009 2516 1076 praestiterit.

2019 1091 2186 1150 Vens.
2213 1097 2304 1155 2L
2339 1117 2358 1151 ‹
2395 1099 2640 1169 Subjecti
2675 1105 2911 1164 invicem
2938 1109 2992 1163 in
3025 1108 3219 1166 timore
3251 1108 3364 1167 Dei.
3403 1131 3423 1164 ι
3457 1164 3474 1170 -

2019 1183 2496 1252 Quemadmodum
2538 1195 2584 1250 si
2633 1197 2773 1252 alter
2817 1201 3084 1258 adversus
3123 1201 3353 1258 alterum
3403 1217 3536 1258 con-

1948 1287 2159 1349 surgat,
2190 1282 2481 1339 dissidium
2504 1288 2703 1356 oritur,
2742 1292 2814 1347 ita
2851 1294 3187 1361 conjunctio
3225 1295 3539 1352 humilitate

1949 1377 2187 1426 constat.
2245 1371 2482 1431 Invicem
2539 1390 2722 1436 autem
2778 1392 3005 1452 oportet
3061 1386 3257 1456 subjici
3314 1395 3539 1456 preptcr

1947 1460 2254 1609 Ebristum,
2306 1476 2564 1541 tanquam
2606 1474 2934 1548 obsequium
2987 1479 3091 1534 hoc
3139 1479 3364 1534 Christo
3399 1495 3536 1549 pen-

1989 1565 2165 1609 entes.

1989 1571 2053 1610 en
2061 1565 2165 1612 tes.

2026 1661 2188 1722 Vens.
2234 1667 2427 1725 22-25.
2477 1690 2496 1723 ‹
2548 1672 2820 1741 Mulieres,
2854 1677 2989 1734 viris
3024 1681 3263 1751 propriis
3298 1686 3532 1742 subdita:

1949 1764 2146 1822 eStote,
2182 1759 2328 1815 sicut
2358 1759 2626 1828 Domino,
2656 1767 2788 1836 quia
2821 1769 2904 1821 vir
2935 1781 3097 1840 caput
3144 1781 3230 1828 est
3261 1777 3532 1842 mulieris,

258 1830 331 1893 ὡς
357 1831 454 1884 καὶ
483 1831 512 1884 ὁ
534 1832 772 1903 Χριστὸς
801 1834 1016 1906 κεφαλὴ
1043 1837 1144 1907 τῆς
1186 1838 1537 1912 Ἐκκλησίας,
1562 1843 1656 1897 καὶ
1685 1844 1848 1910 αὑτός

1963 1849 2097 1904 sicut
2129 1851 2387 1911 Christus
2421 1863 2506 1911 est
2528 1830 2693 1928 caput
2721 1830 3038 1918 Ecclesiae:
3076 1874 3131 1920 et
3161 1865 3280 1936 ipse
3313 1878 3397 1924 est
3426 1830 3536 1926 sal:

256 1923 370 1976 ἑστι
409 1923 598 1995 σωτὴρ
636 1923 733 1978 τοῦ
769 1924 1056 1997 σώματος·
1094 1930 1214 1983 ἀλλ’
1243 1930 1435 2004 ὥσπερ
1468 1937 1501 2006 ἡ
1546 1935 1842 2008 Ἐκκλησία

254 2012 626 2069 ὑποτάσσεται
657 2014 738 2086 τῷ
779 2017 1022 2090 Χριστῷ,
1054 2018 1200 2075 οὕτω
1225 2025 1321 2077 καὶ
1353 2027 1408 2078 ai
1440 2028 1700 2092 γυναῖκες
1728 2031 1842 2094 τοῖς

252 2109 407 2174 ίδίοις
444 2111 702 2182 ἀνδράσιν
763 2115 822 2168 ἐν
861 2117 1046 2171 παντί.
1095 2118 1161 2172 Oi
1196 2117 1408 2192 ἄνδρες,
1443 2122 1697 2193 ἀγαπᾶτε
1742 2125 1840 2190 τάς

250 2203 521 2270 γυναῖκας
554 2204 784 2261 ἑαυτῶν.
821 2225 840 2257 ι

319 2315 465 2385 Περὶ
495 2317 605 2371 τῶν
639 2319 697 2372 ὲν
726 2319 899 2386 οἴκοις
935 2321 1288 2396 καθηκόντων
1314 2327 1647 2398 διαλέγεται,
1682 2331 1841 2389 ἅτινά

251 2407 400 2460 ἔστιν
423 2409 733 2479 ἡγεμονικὰ
763 2413 859 2466 καὶ
889 2414 1160 2488 ὑππαγῆ.
1187 2402 1337 2488 ’Τρία
1361 2420 1419 2475 δὲ
1454 2421 1571 2494 εῐδη
1590 2425 1801 2480 τούτων
1825 2443 1865 2492 θ,

252 2501 346 2554 δύο
378 2500 480 2572 μὲν
511 2502 583 2557 τά
615 2504 756 2558 κατὰ
790 2505 975 2576 φύσιν,
1007 2511 1144 2582 γυνὴ
1185 2511 1279 2565 καὶ
1320 2513 1463 2585 ἀνὴρ
1483 2553 1499 2578 ,
1539 2514 1707 2576 τέκνα
1750 2519 1845 2573 καὶ

254 2595 436 2660 γονεῖς
459 2610 474 2624 ·
517 2596 578 2649 ἓν
611 2596 668 2650 δὲ
705 2597 767 2650 τὸ
797 2598 940 2653 κατά
976 2601 1163 2672 νόμον.
1202 2601 1374 2658 Τοῦτο
1403 2606 1514 2677 γάρ
1543 2607 1694 2662 ἐστιν
1724 2609 1845 2664 δοῦ-

255 2684 346 2751 λός
377 2704 435 2740 τε
473 2689 568 2742 καὶ
594 2689 883 2761 δεσπότης.
917 2692 1009 2764 Τῷ
1037 2694 1134 2764 μὲν
1163 2690 1256 2750 οῦν
1286 2697 1512 2769 ὑπηκόῳ
1531 2741 1546 2765 ,
1580 2700 1681 2772 τὴν
1709 2702 1845 2754 ὑπο-

256 2778 437 2849 ταγὴν
485 2781 821 2850 εἰσηγεῖταιο
880 2783 960 2854 τῷ
1013 2784 1072 2838 δὲ
1119 2785 1341 2857 ἄρχοντι
1385 2788 1445 2842 τὸ
1487 2791 1848 2862 κηδεμονικὸν

257 2868 398 2938 πρὸς
448 2869 514 2923 τὸ
563 2871 824 2944 ὑπήκοον.
853 2873 1024 2947 “remp
1057 2877 1150 2933 οὖν
1180 2879 1259 2950 τῷ
1307 2880 1445 2950 πρὸς
1485 2883 1724 2954 Χριστὸν
1752 2902 1846 2940 κε-

256 2959 410 3015 λεύει
455 2961 557 3034 τὴν
589 2968 826 3032 γυναῖκα
869 2968 1268 3027 ὑποτάττεσθαι
1310 2971 1390 3043 τῷ
1421 2975 1601 3046 ἀνδρὶ,
1640 2976 1749 3034 ἵνα,
1773 2978 1852 3051 μὴ

257 3055 580 3123 σωματικὸν
674 3059 735 3112 τὺ
758 3060 857 3132 τῆς
881 3061 1166 3135 ὑποταγῆς
1199 3065 1382 3135 μόνον,
1406 3067 1543 3138 ἀλλὰ
1569 3071 1665 3126 καὶ
1688 3088 1850 3126 πνευ-

257 3145 497 3213 ματικὸν
526 3148 773 3220 γένηται.
1271 3188 1274 3190 ~

330 3366 356 3401 s
399 3347 602 3413 Καθὼς
625 3352 719 3406 καὶ
741 3354 770 3405 ὁ
798 3353 1036 3424 Χριστὸς
1062 3355 1322 3428 ἠγάπησε
1355 3357 1456 3429 τὴν
1497 3361 1849 3433 Ἐκκλησίαν,

253 3439 358 3493 xui.
415 3441 611 3494 ἑαυτὸν
668 3443 992 3514 παρέδωκεν
1053 3447 1194 3518 ὑπὲρ
1258 3451 1432 3520 αὐτῆς
1459 3492 1473 3517 ,
1533 3452 1624 3507 ἵνα
1682 3453 1854 3525 αὐτὴν

253 3530 490 3604 ἁγιάσῃ,
519 3534 821 3607 καθαρίσας
850 3537 928 3608 τῷ
957 3539 1169 3610 λουτρῷ
1187 3540 1283 3595 τοῦ
1315 3541 1510 3608 ὓδατος
1538 3546 1598 3599 ἐν
1625 3547 1852 3616 ῥήματι,

253 3625 725 3700 ἴναπαραστήσῃ
780 3629 952 3699 αὐτὴν
991 3631 1170 3702 ἑαυτῷ
1218 3633 1430 3700 ἔνδοξον
1475 3637 1580 3708 τὴν
1628 3638 1859 3710 Ἐκκλη-

253 3719 387 3774 σίαν
411 3762 427 3786 ,
457 3722 534 3790 μὴ
559 3721 792 3792 ἔχουσαν
829 3725 1017 3778 σπίλον
1037 3767 1051 3790 ,
1084 3728 1116 3799 ἢ
1155 3730 1345 3798 ῥυτίδα
1368 3772 1382 3795 ,
1409 3732 1442 3802 ἦ
1471 3750 1525 3785 τι
1551 3733 1660 3786 τῶν
1687 3733 1858 3788 τοιού-

248 3827 407 3864 τωνο
443 3811 562 3866 ἀλλ’
597 3813 684 3866 ἵνα
802 3815 932 3884 ἁγία
963 3819 1060 3871 καὶ
1098 3820 1351 3890 ἄμωμος.
1389 3821 1577 3887 Οὕτως
1605 3825 1858 3895 ὀφείλου-

253 3921 349 3956 σιν
379 3904 432 3958 οἱ
476 3903 672 3976 ἄνδρες
702 3909 926 3980 ἀγαπᾷν
957 3910 1174 3965 ἑαυτῶν
1205 3913 1305 3976 τὰς
1342 3917 1640 3980 γυναῖκας,
1675 3917 1753 3981 ὡς
1789 3917 1860 3972 τά

249 3997 485 4050 ἑαυτῶν
523 3998 779 4070 σώματα.
823 4001 882 4056 Ὁ
925 4004 1161 4072 ἀγαπῶν
1200 4005 1298 4076 τὴν
1348 4007 1543 4060 ἑαυτοῦ
1584 4012 1855 4076 γυναῖκα,

248 4089 464 4144 ἑαυτὸν
492 4090 703 4164 ἀγαπᾷ.
741 4111 760 4142 ι

323 4182 410 4235 Τδ
432 4183 768 4253 ἡγεμονικὸν
794 4185 855 4238 οὑ
886 4185 1136 4256 βούλεται
1168 4190 1405 4261 σκληρὸν
1431 4186 1575 4245 εἶναι
1609 4190 1687 4260 τῷ
1718 4193 1859 4263 ὑπη-

246 4273 394 4344 κόῳ.
458 4275 608 4345 Αὕτη
635 4275 747 4347 γὰρ
776 4277 983 4348 ἀληθὴς
1012 4281 1180 4351 ἁρχὴ,
1209 4282 1300 4334 τὸν
1322 4283 1560 4353 ἄρχοντα
1592 4283 1855 4354 κήδεσθαι

244 4363 378 4418 τῶν
409 4364 504 4432 ὑφ’
537 4369 723 4432 αὑτὸν,
758 4369 879 4438 ἥτις
921 4372 980 4424 ἐν
1013 4372 1234 4443 Χριστῷ
1263 4369 1504 4444 πέφηνεν
1526 4414 1540 4436 ,
1572 4376 1649 4445 μὴ
1687 4375 1857 4446 ζητή-

250 4472 426 4510 σαντι
457 4456 517 4510 τὸ
551 4456 995 4531 ὲαυτῷπρέπον,
1024 4462 1162 4516 ἀλλά
1191 4463 1254 4516 τὸ
1287 4467 1354 4536 τῇ
1400 4465 1699 4538 Ἐκκλησία
1727 4484 1862 4537 συμ-

1952 1951 2108 1997 valor
2152 1947 2402 2016 corporis
2431 1949 2597 2018 ejus;
2661 1952 2758 2006 sed
2810 1955 2954 2008 sicut
3013 1957 3260 2015 Ecclesia
3289 1962 3538 2032 subjecta

1950 2041 2035 2088 est
2067 2032 2310 2103 Christo,
2347 2037 2421 2092 ita
2453 2047 2509 2094 et
2543 2041 2804 2099 mulieres
2840 2045 2978 2103 viris
3008 2049 3124 2106 suis
3153 2051 3208 2106 in
3258 2053 3536 2111 omnibus.

1954 2121 2091 2193 Viri,
2123 2125 2332 2200 diligite
2376 2145 2576 2187 uxores
2610 2141 2846 2193 vestras.
2885 2154 2903 2188 ι

2022 2319 2099 2377 De
2127 2320 2196 2378 iis
2247 2323 2492 2394 loquitur
2534 2342 2659 2396 qua:
2697 2327 2764 2383 ad
2804 2345 2919 2386 rem
2963 2331 3322 2390 domesticam
3373 2337 3544 2406 perti-

1953 2422 2105 2480 nent,
2133 2429 2365 2485 quazque
2398 2416 2483 2472 vel
2521 2418 2806 2488 regiminis
2839 2430 2990 2487 sunt,
3017 2423 3099 2478 vel
3128 2425 3540 2482 submissionis.

1953 2502 2160 2577 Horum
2188 2513 2375 2560 autem
2407 2507 2514 2561 tria
2549 2523 2750 2579 genera
2782 2519 2940 2567 sunt.
2970 2510 3088 2567 Duo
3117 2513 3339 2583 quidem
3375 2531 3404 2568 a
3440 2531 3542 2569 na-

1953 2604 2078 2650 tura
2113 2595 2383 2663 instituta,
2413 2605 2546 2668 puta
2579 2598 2666 2653 vir
2697 2607 2751 2654 et
2771 2601 2993 2664 mulier,
3022 2611 3281 2672 parentes
3312 2612 3366 2657 et
3402 2603 3539 2671 lilii;

1955 2700 2126 2740 unum
2157 2693 2341 2742 autem
2366 2701 2396 2740 a
2436 2685 2576 2758 lege.
2612 2688 2902 2758 Ejusmodi
2951 2693 3155 2762 quippe
3193 2703 3319 2747 sunt
3345 2709 3540 2749 servus

1955 2787 2009 2832 et
2041 2777 2229 2833 herus.
2279 2776 2363 2834 Illi
2407 2795 2539 2851 ergo
2585 2781 2679 2851 qui
2723 2782 2978 2840 subditus
3020 2793 3127 2851 est,
3169 2787 3538 2842 obedientiam

1959 2868 2192 2936 Suadet;
2243 2869 2294 2924 ei
2335 2885 2466 2926 vero
2519 2872 2616 2942 qui
2676 2881 2893 2942 praeest,
2953 2883 3014 2929 ut
3067 2875 3414 2931 subditorum
3470 2876 3546 2932 sit

1959 2963 2255 3020 sollicitus.
2322 2963 2546 3020 Christo
2606 2966 2790 3034 itaque
2857 2967 2911 3021 in
2982 2969 3294 3039 exemplum
3352 2969 3543 3034 allato,

1960 3055 2231 3126 praecipit,
2264 3065 2325 3111 ut
2367 3057 2486 3112 viro
2533 3057 2732 3113 mulier
2779 3059 3028 3129 subjecta
3073 3061 3168 3127 sit,
3227 3061 3370 3130 quod
3433 3075 3546 3115 non

1961 3149 2235 3220 corporali
2277 3149 2456 3206 solum
2502 3150 2819 3207 obedientia
2873 3161 3205 3223 praestetur,
3256 3168 3446 3208 verum
3493 3162 3548 3208 et

1880 3242 1924 3300 C
1961 3239 2261 3314 spirituali.

2032 3373 2052 3408 ι
2087 3353 2242 3410 Sicut
2264 3363 2317 3410 et
2346 3354 2605 3411 Christus
2627 3356 2820 3411 dilexit
2849 3356 3174 3422 Ecclesium,
3210 3367 3265 3414 et
3295 3359 3540 3427 seipsum

1957 3446 2188 3504 tradidit
2219 3464 2317 3518 pro
2347 3464 2433 3514 ea,
2481 3447 2662 3518 [νοτε.
2696 3448 2893 3523 26-28]
2954 3461 3013 3504 ut
3043 3451 3194 3506 illam
3230 3452 3546 3508 sanctiﬁca-

1957 3546 2062 3604 ret,
2105 3537 2381 3594 mundana
2415 3539 2634 3594 lavacro
2663 3554 2820 3608 aqua:
2858 3541 2913 3594 in
2950 3541 3134 3606 verbo,
3166 3549 3226 3595 ut
3252 3541 3540 3596 exhiberet

1959 3645 2082 3686 eam
2121 3630 2227 3686 sibi
2257 3631 2552 3702 gloriosam
2577 3631 2906 3699 Ecclesiam,
2943 3649 3051 3688 non
3087 3634 3383 3690 habentem
3422 3649 3544 3688 ma-

1959 3723 2162 3789 culam,
2197 3738 2375 3795 neque
2419 3740 2636 3797 rugam,
2679 3735 2774 3780 aut
2814 3727 3020 3796 aliquid
3061 3728 3375 3797 hujusmodi
3405 3745 3419 3794 ;
3453 3729 3547 3783 sed

1961 3825 2022 3871 ut
2045 3817 2122 3870 sit
2147 3825 2340 3874 sancta
2368 3824 2425 3872 et
2474 3819 2848 3875 immaculata.
2887 3817 2981 3875 Sic
3033 3818 3236 3876 debent
3280 3819 3386 3874 viri
3421 3819 3549 3873 dili-

1961 3921 2090 3975 gere
2121 3921 2325 3963 uxores
2347 3923 2501 3972 suas,
2540 3917 2600 3963 ut
2635 3924 2870 3979 corpora
2895 3925 3018 3966 sua.
3067 3911 3172 3978 Qui
3218 3925 3378 3967 suam
3411 3925 3552 3965 uxo-

1963 4013 2077 4052 rem
2112 3999 2310 4070 diligit,
2343 4001 2586 4072 seipsum
2621 4000 2821 4072 diligit.
2853 4021 2876 4054 ›

2032 4172 2165 4228 Eam
2201 4181 2415 4244 partem
2452 4190 2577 4245 quae
2609 4185 2809 4245 praeest
2831 4183 2888 4230 ct
2935 4176 3094 4246 regit,
3129 4191 3380 4246 asperam
3422 4177 3554 4231 sub-

1963 4266 2090 4321 ditae
2115 4281 2241 4322 esse
2271 4265 2547 4336 prohibet.
2573 4265 2710 4320 Nam
2748 4266 2851 4322 hoc
2895 4277 2978 4322 est
3008 4282 3137 4322 vere
3167 4282 3426 4337 praeesse,
3456 4267 3551 4321 ubi

1964 4358 2220 4427 princeps
2249 4373 2438 4411 eorum
2473 4372 2595 4426 quae
2625 4357 2730 4412 sub
2763 4372 2824 4411 se
2868 4364 2998 4412 sunt
3048 4373 3235 4410 curam
3269 4357 3410 4427 gerit
3445 4376 3459 4412 :
3496 4357 3553 4412 id

1963 4450 2109 4520 quod
2138 4448 2380 4504 ostendit
2403 4448 2676 4512 Christus,
2711 4449 2804 4519 qui
2837 4465 2944 4502 non
2971 4449 3229 4519 quaesivit
3259 4449 3403 4518 quod
3445 4450 3550 4503 sibi

248 4548 460 4618 φέρον.
507 4549 573 4602 Ἦ
611 4551 713 4621 μὲν
745 4553 854 4625 γάρ
886 4554 1054 4608 αὑτοῦ
1083 4554 1212 4622 δόξα
1244 4557 1303 4608 ὲν
1329 4557 1602 4630 ἀθανασίᾳ
1639 4553 1732 4629 ἦν,
1765 4554 1854 4612 καί

1964 4541 2224 4597 decorem
2263 4541 2606 4606 conciliaret,
2638 4542 2736 4597 sed
2775 4542 2924 4612 quod
2969 4543 3226 4597 Ecclesiae
3258 4541 3552 4630 commodo

249 4641 411 4712 αὐτὴ
429 4642 762 4716 ὀφειλομένη
786 4662 845 4700 τε
878 4648 974 4701 καὶ
994 4648 1282 4717 πρέπουσα
1302 4666 1316 4680 ·
1348 4651 1382 4720 ἡ
1404 4651 1461 4704 δὲ
1489 4651 1587 4722 τῆς
1631 4651 1860 4721 Ἐκκλη-

250 4732 397 4796 σίας
444 4735 692 4807 σωτηρία
731 4738 791 4791 ὲν
831 4738 1105 4811 καθάρσει
1157 4741 1259 4810 τῆς
1293 4743 1568 4813 ἁμαρτίας
1605 4743 1726 4813 ἥτις
1763 4744 1859 4816 οὐχ

249 4825 458 4890 ἁπλῶς
497 4827 742 4895 ἐγίνετο,
778 4831 826 4882 εί
872 4831 949 4902 μὴ
975 4832 1076 4902 τῆς
1115 4835 1466 4906 ρυπωθείσης
1508 4836 1656 4907 ζωῆς
1693 4838 1864 4907 μετά-

250 4916 422 4978 Θεσιν
458 4919 759 4988 εἰργάσατο
783 4921 1042 4994 Χριστὸς,
1075 4926 1136 4978 τὸ
1159 4926 1415 4997 ὁμοίωμα
1452 4928 1658 4998 ταύτης
1694 4945 1862 4983 κατα.-

245 5006 440 5073 λὺσας
469 5009 708 5084 θανάτῳ,
737 5013 827 5068 ἵνα
857 5017 1403 5088 συναποθνῄσκοντες
1430 5019 1584 5089 αὐτῷ
1611 5020 1865 5091 λυθῶμεν

1966 4644 2134 4691 esset.
2174 4633 2309 4704 Ejus
2336 4635 2480 4688 enim
2529 4633 2754 4691 claritas
2794 4635 2972 4705 posita
3002 4643 3126 4688 erat
3164 4636 3216 4688 in
3270 4621 3554 4690 immcrta-

1967 4727 2138 4793 litate,
2171 4743 2295 4797 quae
2342 4727 2446 4797 ipsi
2485 4726 2810 4791 debebatur,
2857 4735 2912 4782 et
2943 4727 3281 4781 condecebat
3314 4744 3327 4780 :
3362 4733 3419 4780 at
3452 4726 3556 4781 Ec-

1965 4818 2147 4874 clesia:
2178 4819 2330 4887 salus
2361 4818 2416 4872 in
2459 4818 2815 4874 inundatione
2845 4834 2876 4873 a
2912 4831 3136 4890 peccato
3167 4817 3554 4884 consistebat,

1967 4927 2091 4981 quae
2121 4912 2440 4967 nullatenus
2476 4918 2697 4981 peracta
2737 4919 2906 4973 esset,
2954 4912 3058 4965 nisi
3096 4911 3264 4964 vitam
3297 4910 3556 4980 inquina-

1972 5015 2081 5058 tam
2124 5002 2383 5058 Christus
2414 5011 2862 5063 transmutasset,
2894 5002 3172 5057 destructa
3201 5016 3298 5072 per
3324 5010 3558 5056 mortem

1971 5094 2335 5150 similitudine
2379 5095 2550 5158 illius,
2587 5095 2664 5149 uti
2700 5096 3002 5150 morientes
3035 5110 3158 5150 cum
3206 5095 3328 5164 ipso
3361 5093 3431 5149 ab
3465 5093 3576 5148 illa.

247 5104 369 5175 τῆς
401 5103 554 5176 ζωῆς
585 5098 653 5178 ἧς
681 5107 914 5176 ἐζῶμεν.
950 5109 1168 5179 Ταύτης
1206 5110 1262 5163 δὲ
1285 5111 1389 5179 τῆς
1429 5110 1751 5182 καθάρσεως
1776 5111 1865 5165 αἴ-

247 5213 385 5249 τιον
429 5198 494 5250 τὸ
537 5193 693 5266 ἆγιον
726 5200 1034 5270 βάπτισμα.
1089 5201 1358 5272 Πρόσεστι
1405 5207 1515 5274 γὰρ
1551 5203 1747 5274 ἐκείνῳ
1789 5202 1867 5274 τῷ

250 5287 432 5342 ὕδατι
457 5291 492 5360 ἡ
518 5289 608 5345 διὰ
647 5293 897 5362 ῥήματος
926 5294 1250 5363 ἐπίκλησις,
1279 5293 1436 5363 ἅγιον
1469 5295 1602 5349 αὐτὸ
1625 5295 1867 5365 ἀποφαί-

251 5396 467 5436 νουσα.
518 5385 614 5442 Ἑν
643 5385 888 5457 ὀνόματι
926 5385 1187 5455 Πατρός,
1217 5389 1316 5442 καί
1356 5389 1526 5456 Υὶοῦ,
1563 5389 1665 5445 καὶ
1693 5390 1868 5462 ἁγίου

251 5475 642 5546 ιινεύματος.

1973 5185 2103 5247 vita,
2134 5200 2300 5255 quam
2346 5194 2474 5239 ante
2522 5184 2888 5249 ducebamus,
2941 5185 3330 5240 eximerent-ur.
3389 5182 3593 5254 Atqui...

1973 5279 2202 5345 hujusce
2261 5277 2682 5349 cxpurgationis
2732 5293 2902 5334 causa
2960 5278 3270 5347 baptismus
3323 5275 3559 5331 exstitit.

1974 5368 2127 5424 Hanc
2157 5368 2305 5425 enim
2340 5383 2538 5439 aquam
2577 5369 2855 5425 invoratio
2909 5384 3004 5438 per
3049 5369 3276 5423 verbum
3323 5367 3560 5422 comita-

1973 5469 2081 5526 tur,
2112 5474 2222 5530 qua
2256 5467 2447 5514 sancta
2502 5458 2835 5514 declaratur.
2892 5457 3197 5524 Nimirum,
3245 5456 3312 5511 In
3352 5458 3562 5511 nomine

1973 5549 2184 5613 Patris,
2206 5551 2256 5604 ἐι
2294 5547 2463 5614 Filii,
2501 5559 2550 5603 et
2581 5547 2812 5616 Spiritus
2833 5548 3026 5604 sancti.

2047 5663 2210 5720 Vens.
2263 5664 2461 5720 29-3l.
2517 5684 2535 5715 ι
2600 5664 2772 5719 Neiuo
2817 5663 2965 5719 enim
3029 5677 3274 5733 unquam
3333 5675 3556 5716 carnem

1976 5774 2129 5814 suam
2158 5759 2284 5813 odio
2321 5759 2550 5822 habuit,
2585 5757 2678 5811 scd
2715 5757 2891 5811 nutrit
2941 5765 2996 5811 et
3043 5755 3190 5810 fovet
3229 5770 3375 5817 eam,
3425 5755 3566 5810 sicut

1974 5861 2027 5907 ct
2071 5851 2331 5908 Dominus
2363 5850 2682 5907 Ecclesium.
2722 5850 2858 5915 Quia
2911 5850 3150 5906 membra
3208 5861 3394 5904 sumus
3428 5861 3548 5899 cor—

348 5680 370 5716 a
415 5663 608 5727 Οὐδεὶς
653 5665 763 5736 γάρ
807 5683 936 5720 ποτε
972 5667 1073 5737 τὴν
1109 5667 1306 5722 ἑαυτοῦ
1348 5669 1528 5740 σάρκα
1561 5669 1827 5742 ἐμίσησεν
1851 5714 1865 5738 ,

249 5743 414 5808 ἆλλά
445 5756 723 5826 ἐκτρέφει,
767 5756 862 5809 καὶ
896 5757 1092 5810 θάλπει
1129 5758 1320 5830 αὐτὴν,
1351 5760 1535 5824 καθὼς
1571 5761 1668 5813 καὶ
1696 5763 1724 5814 ὁ
1755 5761 1869 5814 Κύ-

263 5864 399 5919 ριος
427 5847 530 5918 τὴν
572 5848 921 5919 Ἐκκλησίαν.
955 5851 1077 5905 Ὅτι
1111 5852 1248 5922 μέλη
1292 5852 1456 5922 ἐσμὲν
1487 5853 1581 5906 τοῦ
1616 5853 1864 5924 σώματος
