4048 6414
494 383 594 447 851

1677 388 1739 449 S.
1774 387 2098 452 JOANNIS
2126 389 2555 456 DAMASCENI

3669 393 3764 457 852

492 496 642 564 peris
683 495 837 565 ejus,
889 497 955 553 de
997 512 1164 580 carne
1223 499 1382 571 ejus,
1441 508 1498 556 et
1540 502 1609 558 de
1661 503 1884 558 ossibus
1937 502 2075 571 ejus.

2184 505 2351 560 αὐτοῦ
2383 509 2449 562 ὲκ
2486 511 2588 580 τῆς
2624 509 2832 581 σαρκὸς
2880 509 3045 565 αὐτοῦ
3084 509 3182 564 καὶ
3210 510 3276 564 ὲκ
3303 507 3414 565 τῶν
3443 507 3650 561 ὀστέων
3675 508 3762 561 αὐ-

491 583 723 655 Propter
784 585 889 641 hoc
938 578 1214 658 relinquet
1267 589 1433 645 homo
1477 600 1690 662 patrem
1741 601 1794 646 et
1849 599 2078 645 matrem

487 688 664 740 suam,
721 683 776 729 et
819 674 1122 733 adhaerebit
1174 680 1332 735 uxori
1387 696 1518 747 suae,
1556 689 1612 738 et
1665 691 1830 738 erunt
1879 683 1988 736 duo
2025 684 2080 738 in

489 780 656 822 carne
691 783 820 822 una.
864 786 885 822 Ι

560 944 718 1016 191
764 943 820 1000 Si
853 963 984 1000 caro
1016 948 1113 1000 \iri
1149 959 1230 1003 est
1259 964 1420 1013 uxor,
1454 964 1644 1004 curam
1668 988 1683 1014 ,
1722 949 1940 1021 inquit,
1976 951 2080 1006 ha—

488 1034 614 1090 beat
667 1037 860 1102 illius,
914 1039 1085 1093 veluti
1132 1039 1318 1095 carnis
1370 1055 1507 1094 sum.
1557 1040 1714 1107 Quod
1771 1041 1819 1096 si
1871 1042 2080 1098 scimus

487 1130 776 1186 illiristum
804 1147 927 1187 esse
955 1147 1220 1204 Sponsum
1251 1130 1548 1198 Ecclesia,
1577 1148 1789 1204 nosque
1816 1133 1869 1188 in
1903 1149 2077 1190 mem-

492 1223 590 1275 bra
631 1238 732 1278 sua
767 1225 1084 1282 ell'ormasse
1131 1227 1242 1294 'per
1303 1225 1470 1278 vitam
1510 1240 1674 1295 quam
1709 1223 1948 1296 Spiritus
1975 1225 2078 1280 tri-

496 1316 627 1367 Iurat
665 1332 677 1368 :
725 1314 874 1368 illum
910 1331 1038 1385 ergo
1064 1314 1270 1372 Christi
1303 1316 1570 1375 adversus
1596 1313 1900 1372 Ecclesiam
1928 1331 2079 1374 amo-

488 1423 601 1460 rem
637 1408 936 1465 imitemur.

559 1501 725 1559 νεεδ.
769 1503 858 1559 52.
891 1522 908 1555 ι
946 1504 1369 1558 Sacramentum
1399 1501 1500 1555 hoc
1531 1517 1790 1573 magnum
1821 1509 1906 1557 est
1934 1519 1944 1554 :
1976 1515 2078 1572 ego

489 1601 671 1648 autem
707 1593 832 1649 dico
864 1595 917 1649 in
950 1595 1172 1649 Christo
1197 1633 1212 1654 ,
1245 1601 1299 1648 et
1334 1595 1388 1646 in
1429 1593 1696 1649 Ecclesia.
1734 1610 1754 1644 ι

571 1687 623 1740 ld
656 1687 801 1756 quod
833 1687 1128 1757 spirituale
1155 1694 1240 1741 est
1268 1701 1392 1740 cum
1424 1686 1632 1742 carnali
1661 1685 1952 1755 conjunxit
1975 1727 1988 1746 ,
2020 1695 2079 1739 ut

492 1777 863 1848 signiﬁcaret,
917 1779 1021 1835 hoc
1056 1779 1204 1836 illius
1237 1781 1464 1850 ligurum
1514 1795 1658 1835 esse.
1712 1778 1830 1836 Hoc
1877 1779 2078 1850 quippe

486 1869 653 1926 modo
723 1873 1044 1943 mysterium
1095 1880 1309 1944 gestum
1365 1882 1450 1929 est
1501 1872 1704 1928 latente
1753 1872 1858 1927 su'n
1905 1874 2078 1942 ﬁgura

489 1964 720 2019 veritate
763 1981 778 2021 :
826 1979 950 2019 cum
1007 1980 1204 2036 nempe
1257 1973 1474 2036 sumpta
1546 1981 1611 2020 ex
1653 1967 1772 2020 viro
1816 1966 2078 2032 muliere,

484 2071 660 2127 eaque
738 2073 864 2112 cum
917 2060 1034 2115 viro
1083 2060 1377 2131 copulata,
1425 2057 1684 2115 Christus
1731 2067 1785 2114 et
1832 2059 2080 2114 Ecclesia

488 2153 878 2226 ﬁgurarentur.
915 2154 959 2208 A
987 2155 1203 2209 Christo
1261 2155 1407 2210 enim
1464 2154 1730 2209 habemus
1776 2160 1834 2206 ut
1881 2167 2079 2207 secun-

489 2247 619 2302 dum
675 2249 1027 2303 sanctitatem
1061 2247 1237 2304 simus
1260 2289 1274 2314 ,
1307 2262 1369 2306 ac
1405 2262 1500 2322 per
1531 2246 1878 2302 sanctitatem
1922 2242 2080 2303 Chri.

486 2349 575 2397 sto
603 2340 1009 2412 conj‘ungimur.

560 2433 723 2488 Vsus.
769 2435 860 2489 55.
889 2451 908 2486 ι
947 2431 1353 2498 Verumtamen,
1393 2442 1440 2486 el
1485 2447 1582 2489 vos
1617 2429 1852 2499 singuli,
1898 2445 2076 2486 unus-

486 2527 719 2596 quisque
753 2541 977 2582 uxorem
1016 2541 1172 2583 suam
1219 2525 1293 2580 ita
1340 2525 1527 2597 diligat
1593 2523 1737 2579 sicut
1788 2523 2074 2598 scipsum:

490 2633 629 2672 uxor
658 2629 836 2671 autem
870 2615 1060 2671 timeat
1088 2615 1264 2670 virum
1295 2629 1479 2670 suum.
1515 2633 1532 2671 ι

1127 2750 1282 2806 CAP.
1341 2751 1427 2806 Vl.

559 2859 725 2917 Vens.
775 2863 822 2916 i.
848 2880 867 2913 ι
889 2860 1037 2929 Filii,
1063 2863 1282 2918 obedite
1307 2864 1634 2932 parentibus
1664 2866 1867 2922 vestris
1890 2865 1946 2921 in
1971 2863 2080 2921 Dov

490 2956 665 3010 mino.
700 2954 816 3010 Hoc
841 2957 986 3011 enim
1010 2956 1226 3026 justum
1259 2965 1366 3012 est.
1393 2975 1412 3008 ι

557 3047 639 3102 Ad
681 3063 896 3103 omnem
940 3063 1102 3116 porro
1141 3048 1194 3102 in
1239 3051 1556 3106 universum
1600 3049 1907 3107 Ecclesiam
1954 3065 2079 3122 quas

2181 598 2299 653 τοῦ.
2345 599 2493 654 Ἀντὶ
2521 599 2713 655 τούτου
2749 601 3066 673 καταλείψει
3104 600 3394 676 ἄνθρωπος
3431 601 3524 655 τὸν
3560 601 3764 672 πατέρα

2184 689 2351 744 αὑτοῦ
2386 690 2481 744 καὶ
2509 691 2609 763 τὴν
2643 692 2862 764 μητέρα
2883 733 2898 758 ,
2929 691 3025 747 καὶ
3055 690 3603 764 προσκολληθήσεται
3638 690 3764 761 πρὸς

2180 784 2281 855 τὴν
2314 788 2549 852 γυναῖκα
2586 785 2793 855 αὐτοῦ,
2829 787 2924 842 καὶ
2971 786 3187 842 ἔσονται
3232 788 3282 842 oi
3328 785 3425 840 δύο
3466 788 3547 850 είς
3595 784 3765 856 σάρκα

2187 874 2339 944 μίαν.
2384 895 2403 928 ν

2256 966 2320 1019 Εἰ
2361 966 2499 1038 σάρξ
2524 967 2618 1022 τοῦ
2666 967 2858 1041 ἀνδρὸς
2894 969 2926 1040 ἠ
2958 967 3118 1040 γυνὴ,
3153 966 3404 1040 κηδέσθω
3439 965 3628 1036 αὐτῆς,
3668 981 3764 1035 φη·-

2185 1057 2289 1124 σὶν,
2329 1058 2406 1122 ὡς
2434 1060 2638 1130 σαρκός
2664 1075 2677 1089 ·
2707 1061 2804 1114 καὶ
2846 1063 2895 1114 εί
2921 1062 3160 1132 Χριστόν
3190 1061 3351 1132 ἴσμεν
3379 1059 3573 1128 ὥσπερ
3603 1059 3763 1130 ἄνδρα

2183 1152 2284 1223 τῆς
2328 1153 2657 1225 Ἐκκλησίας
2695 1153 2847 1215 ὅντα,
2883 1155 2979 1209 καὶ
3018 1155 3156 1226 μέλη
3193 1156 3344 1225 ἡμᾶς
3381 1151 3577 1208 ἑαυτοῦ
3639 1169 3762 1206 κατ-

2181 1246 2523 1300 εσκευακότα
2545 1245 2636 1299 διὰ
2663 1246 2762 1316 τῆς
2793 1247 2853 1301 ὲν
2882 1246 3165 1318 Πνεύματι
3197 1246 3366 1318 ζωῆς,
3394 1245 3758 1317 μιμείσθωσαν

2185 1336 2287 1407 τὴν
2318 1337 2542 1409 ἀγάπην
2569 1335 2667 1390 τοῦ
2697 1334 2940 1408 Χριστοῦ
2969 1336 3069 1408 τὴν
3102 1336 3239 1408 πρὸς
3268 1336 3367 1406 τὴν
3414 1335 3755 1408 Ἐκκλησίαν.

2258 1538 2276 1565 ι
2319 1513 2393 1567 Τὸ
2436 1514 2739 1585 μυστήριον
2777 1511 2938 1566 τοῦτο
2990 1511 3135 1582 μέγα
3168 1511 3352 1565 ἐστίν’
3397 1509 3508 1580 ἐγὼ
3533 1509 3588 1564 δὲ
3626 1507 3763 1579 λέγω

2181 1608 2262 1671 είς
2292 1605 2564 1677 Χριστὸν,
2592 1604 2690 1659 καὶ
2716 1606 2798 1669 είς
2821 1605 2923 1674 τὴν
2961 1603 3310 1674 Ἐκκλησίαν.
3351 1621 3371 1655 ι

2256 1697 2470 1768 Συνῆψε
2493 1696 2554 1750 τὸ
2581 1695 2962 1767 πνευματικὸν
2981 1695 3061 1768 τῷ
3083 1694 3356 1766 σαρκικῷ,
3384 1692 3554 1747 τύπον
3578 1695 3764 1764 ἐκείνῳ

2184 1788 2376 1844 τούτου
2429 1788 2742 1856 ἀποδείξας.
2801 1786 2990 1853 Οῦτως
3043 1787 3152 1860 γὰρ
3210 1787 3422 1856 γίνεται
3470 1784 3762 1855 μυστήριον

2185 1879 2642 1951 ἑγκεκρυμμὲνης
2669 1879 2769 1950 τῆς
2809 1877 3068 1949 ἀληθείας
3097 1878 3157 1932 ὲν
3195 1877 3272 1948 τῷ
3313 1876 3488 1948 τύπῳ,
3519 1876 3602 1928 ὅτι
3631 1876 3764 1944 Χρι-

2183 1971 2308 2025 στὸν
2335 1971 2535 2026 ἐτύπου
2561 1973 2657 2024 καὶ
2677 1970 2776 2042 τὴν
2803 1969 3182 2040 Ἐκκλησίανή
3206 1966 3307 2039 τῆς
3325 1967 3583 2036 γυναικὸς
3609 1963 3766 2034 λῆψις

2179 2065 2241 2130 ἐξ
2282 2062 2496 2134 ἀνδρὸς,
2541 2065 2636 2123 καὶ
2672 2063 2938 2132 συνάφεια
2975 2061 3112 2134 πρὸς
3151 2060 3243 2114 τὸν
3283 2059 3472 2130 ἄνδρα.
3520 2057 3628 2112 Καὶ
3659 2056 3766 2127 γὰρ

2181 2157 2289 2211 ἀπὸ
2314 2155 2553 2228 Χριστοῦ
2578 2155 2640 2209 τὸ
2666 2150 2806 2209 εῖναι
2836 2154 3035 2226 ἔχομεν
3067 2151 3210 2208 κατὰ
3239 2150 3339 2224 τὴν
3363 2152 3650 2223 ἀγιότητα,
3673 2148 3765 2204 xui.

2182 2249 2542 2320 ἀγιασθέντες
2576 2246 2799 2323 Χριστῷ
2832 2245 3123 2317 ένούμεθα.

2257 2447 2277 2480 ι
2317 2426 2467 2498 Πλὴν
2497 2429 2592 2481 καὶ
2620 2427 2779 2498 ὑμεῖς
2813 2425 2861 2478 oi
2905 2423 3108 2478 καθένα
3128 2463 3144 2488 ,
3175 2421 3406 2483 ἕκαστος
3440 2415 3540 2490 τὴν
3573 2415 3766 2471 ἑαυτοῦ

2183 2523 2423 2591 γυναῖκα
2463 2519 2639 2584 οῦτως
2678 2517 2951 2589 ἀγαπάτω
2989 2517 3065 2583 ὠς
3095 2513 3319 2575 ἑαυτόνο
3359 2515 3394 2584 ἡ
3429 2512 3487 2566 δὲ
3518 2510 3656 2583 γυνὴ
3682 2509 3768 2566 ἵνα

2181 2611 2421 2687 φοϐῆται
2449 2613 2542 2668 τὸν
2569 2612 2759 2691 ἄνδρα.
2801 2632 2820 2667 ι

2787 2744 3038 2800 ΚΕΦΑΛ.
3082 2744 3174 2812 σο.

2259 2884 2280 2918 ι
2314 2863 2398 2919 Τά
2424 2863 2612 2930 τέκνα,
2644 2860 2952 2916 ὑπακούετε
2982 2861 3093 2923 τοῖς
3108 2854 3355 2928 γονεῦσιν
3388 2851 3544 2908 ὑμῶν
3569 2853 3628 2906 ὲν
3651 2851 3770 2904 Κυ-

2185 2959 2307 3030 ρίῳ.
2335 2954 2510 3010 Τοῦτο
2533 2957 2644 3026 γάρ
2676 2955 2792 3007 ἐστι
2817 2953 3050 3007 δίκαιον.
3823 3013 3826 3016 _

2253 3048 2561 3112 Καθολικδς
2613 3046 2714 3119 μὲν
2743 3044 2838 3099 οῦν
2869 3047 2898 3100 ὁ
2937 3045 3097 3114 λόγος
3124 3043 3205 3107 είς
3233 3041 3363 3113 ὅλην
3391 3038 3492 3110 τὴν
3538 3033 3772 3105 Ἐκκληο

485 3138 705 3195 Christo
727 3140 1036 3209 copulatur,
1063 3155 1372 3198 sermonem
1408 3141 1644 3198 confert.
1666 3145 1724 3198 in
1751 3159 2075 3217 unaquaque

2185 3140 2306 3197 σίαν
2354 3137 2653 3210 ἑνουμένην
2700 3134 2944 3208 Χριστῷ.
2999 3135 3183 3187 Ἔστω
3233 3132 3291 3186 δὲ
3332 3131 3391 3184 ὲν
3428 3127 3637 3200 ἑκάστῃ
3671 3141 3770 3194 γυ-

485 3239 668 3288 autem
702 3232 963 3299 muliere,
983 3242 1036 3288 et
1061 3232 1114 3286 in
1140 3248 1470 3305 unoquoque
1498 3235 1616 3292 viro
1642 3209 2075 3310 perfecta-ﬁgura

2184 3230 2354 3298 vatxi,
2393 3209 2496 3284 xui
2539 3230 2598 3283 ὲν
2632 3227 2848 3298 ἑκάστῳ
2881 3223 3038 3296 ἀνδρὶ
3075 3221 3454 3293 τελειούμενος
3499 3220 3528 3271 ὁ
3563 3217 3771 3310 τύπος,

483 3323 578 3387 sit,
610 3331 669 3378 ut
695 3323 778 3377 vir
803 3322 1023 3394 quidem
1054 3323 1275 3394 diligat,
1305 3325 1501 3382 mulier
1531 3333 1712 3382 autem
1742 3307 2075 3402 obsequatur

2184 3325 2241 3386 ὲν
2261 3322 2454 3395 ἀγάπῃ
2488 3321 2590 3392 μὲν
2616 3319 2832 3392 ἀνδρὸς,
2863 3319 3112 3388 ὑποταγῇ
3138 3315 3195 3368 δὲ
3223 3312 3483 3384 γυναικὸς
3508 3311 3567 3365 ιν
3593 3307 3770 3380 φόϐῳ.

481 3417 536 3472 in
566 3416 780 3472 timore.

560 3509 727 3566 Vens.
773 3511 897 3567 2-4.
935 3529 954 3563 ι
992 3510 1214 3568 Honora
1269 3520 1482 3583 patrem
1532 3521 1686 3571 tuum
1733 3525 1792 3572 et
1844 3525 2073 3572 matrem

2260 3523 2278 3555 ι
2314 3501 2467 3574 Τίμα
2509 3500 2602 3554 τὸν
2648 3497 2863 3570 πατέρα
2906 3497 3003 3551 καὶ
3030 3495 3131 3567 τὴν
3165 3491 3415 3564 μητέρα,
3454 3489 3577 3561 ἥτις
3619 3485 3778 3583 ἐστὶν

491 3609 640 3656 tuam
664 3642 680 3667 ,
711 3603 858 3673 quod
887 3611 973 3659 est
1003 3581 1328 3659 mandatum
1368 3605 1607 3676 primum
1647 3609 1704 3662 in
1746 3609 2075 3680 promissio-

2184 3597 2374 3668 ἐντολὴ
2401 3592 2596 3668 πρώτη
2636 3594 2694 3646 ἐν
2724 3590 3047 3661 ἐπαγγελίᾳ,
3076 3588 3165 3643 ἴνα
3190 3583 3249 3640 εὖ
3284 3602 3366 3638 σοι
3390 3584 3643 3654 γένηται,

479 3707 590 3753 ne;
629 3703 686 3747 ut
718 3694 857 3750 bene
905 3695 978 3751 sit
1008 3697 1144 3764 tibi,
1177 3705 1233 3754 et
1277 3699 1358 3757 sis
1407 3698 1690 3771 longaevus
1744 3716 1916 3772 super
1963 3711 2076 3758 ter—

482 3797 621 3839 ram.
655 3785 723 3840 Et
761 3803 890 3854 vos,
923 3795 1142 3859 patres,
1175 3791 1346 3850 nolite
1393 3792 1460 3847 ad
1497 3793 1840 3850 iracundiam
1873 3811 2075 3867 provo-

493 3891 624 3933 care
651 3879 797 3936 lilios
829 3891 1078 3950 vestros;
1112 3884 1209 3940 sed
1236 3885 1472 3942 educate
1506 3887 1634 3943 illos
1673 3887 1731 3942 in
1775 3886 2078 3961 disciplina

486 3981 542 4028 et
571 3973 930 4045 correptione
960 3973 1197 4032 Domini.
1230 3995 1250 4030 ι

551 4062 802 4119 Alterum
835 4064 939 4121 hoc
965 4077 1050 4123 est
1079 4068 1432 4140 principatus
1459 4087 1632 4142 genus
1653 4115 1668 4140 ,
1695 4081 1990 4144 parentum
2017 4073 2072 4129 in

477 4151 662 4223 ﬁlios,
694 4156 824 4227 quia
858 4159 1178 4228 procreatio
1211 4160 1516 4218 liberorum
1569 4167 1795 4236 sequela
1843 4167 2073 4238 nuptia-

475 4258 601 4301 rum
631 4259 755 4303 est:
789 4256 957 4321 atque
987 4254 1372 4310 testimonium
1417 4256 1550 4328 legis
1591 4259 1818 4331 allegat.
1854 4259 2070 4316 Cuncta

477 4339 788 4410 siquidem,
839 4359 961 4414 quae
1020 4355 1247 4418 propter
1295 4346 1579 4406 Christum
1627 4351 1904 4419 facimus,
1957 4353 2075 4426 lege

479 4433 600 4504 ipsa
650 4443 791 4492 teste
837 4435 980 4492 bona
1026 4449 1162 4494 sunt
1212 4452 1267 4496 et
1312 4443 1462 4511 justa
1489 4483 1503 4508 ,
1537 4445 1656 4500 sive
1684 4459 1748 4500 ea
1780 4447 2073 4517 conceptis

2183 3691 2285 3764 ἔσῃ
2315 3688 2713 3762 μακροχρόνιος
2760 3685 2855 3739 ἐπὶ
2883 3684 2982 3754 τῆς
3013 3682 3136 3751 γῆς.
3181 3679 3293 3735 Καὶ
3328 3679 3378 3732 oi
3427 3677 3667 3749 πατέρες
3695 3673 3776 3746 μὴ

2183 3781 2551 3856 παροργίζετε
2575 3779 2644 3834 τὰ
2670 3778 2837 3832 τέκνα
2860 3777 2890 3830 ὑ
2899 3775 3037 3848 μῶν.
3072 3773 3189 3827 ἀλλ’
3218 3769 3515 3844 ἐκτρέφετε
3539 3767 3682 3826 αὑτά
3712 3769 3776 3821 ὲν

2183 3875 2408 3947 παιδείᾳ
2435 3873 2530 3928 καὶ
2559 3870 2818 3941 νουθεσίᾳ
2845 3867 3078 3940 Κυρίου.
3125 3885 3144 3920 ι

2251 4059 2493 4127 Δευτέρα
2515 4055 2682 4127 ἀρχὴ,
2715 4053 2750 4125 ἡ
2774 4049 2884 4106 τῶν
2915 4049 3145 4112 παίδων,
3174 4045 3364 4115 ἐπειδὴ
3387 4045 3484 4098 καὶ
3511 4041 3774 4113 δεύτερόν

2178 4155 2297 4209 ἐστι
2323 4150 2462 4224 μετά
2480 4148 2571 4205 τὸν
2601 4146 2782 4217 γάμον
2813 4141 3148 4204 παιδοποιία,
3179 4140 3274 4194 καὶ
3306 4138 3396 4192 τὸν
3439 4136 3608 4206 νόμον
3652 4138 3776 4188 είσ-

2177 4247 2302 4316 ἀγει
2324 4245 2600 4317 μάρτυρα.
2622 4238 2810 4294 Πάντα
2826 4235 2936 4306 γὰρ
2959 4239 3064 4292 ὅσα
3083 4231 3352 4302 τελοῦμεν
3385 4228 3476 4282 διὰ
3503 4227 3774 4297 Χριστὸν,

2181 4338 2547 4413 μαρτυρεῖται
2575 4331 2682 4393 ὑπὸ
2710 4329 2804 4384 τοῦ
2825 4329 2993 4400 νόμου
3019 4325 3163 4382 καλά
3184 4342 3244 4378 τε
3270 4319 3408 4378 εἶναι
3436 4321 3532 4377 καὶ⁸
3559 4320 3774 4385 δίκαια,

2176 4431 2211 4502 ἢ
2245 4426 2528 4493 αὐτολεξεὶ
2558 4423 2868 4494 λεγόμενα,
2916 4419 2950 4491 ἢ
2999 4418 3252 4482 τυπικῶς
3290 4413 3736 4484 ὑποδεικνύμενα
3756 4453 3776 4476 ,

478 4527 661 4580 verbis
687 4529 1068 4597 enuntiantur,
1100 4532 1216 4588 sive
1247 4505 1829 4604 ﬁgurate-iudicantur
1849 4557 1864 4607 ;
1887 4547 1942 4594 et
1962 4505 2069 4594 lio—

2184 4522 2274 4579 καὶ
2311 4519 2452 4591 καλὴ
2492 4519 2593 4590 τῆς
2635 4513 2850 4578 τελείας
2900 4511 3252 4575 διδασκαλίας
3305 4510 3341 4580 ὴ
3380 4505 3777 4576 παιδαγωγικὴ

475 4632 606 4672 num
653 4629 738 4676 est
785 4621 1064 4694 paedagogi
1095 4625 1474 4682 testimonium
1509 4626 1768 4698 perfectae
1797 4629 2068 4690 doctrinas

475 4709 687 4766 datum.
723 4711 790 4768 Ut
821 4729 949 4770 vero
997 4727 1335 4788 praeceptum
1368 4718 1438 4774 de
1474 4719 1797 4789 parentibus
1821 4723 2066 4783 colendis

475 4803 839 4860 veneratione
864 4805 1092 4877 dignum
1127 4822 1252 4864 esse
1282 4808 1576 4875 ostendat,
1615 4809 1720 4866 hoc
1760 4819 1880 4867 tum
1925 4814 2067 4871 alio-

474 4907 597 4945 rum
659 4894 895 4964 prinmm
916 4935 933 4961 ,
990 4905 1107 4952 tum
1151 4898 1318 4953 etiam
1351 4913 1477 4954 cum
1508 4901 1916 4971 pollicitatione
1944 4921 2069 4977 pro-

476 4985 788 5038 nuntiatmn
815 4987 922 5052 ait,
949 5003 1072 5058 quae
1094 4987 1318 5058 quidem
1354 4991 1686 5060 pollicitatio
1710 4993 1858 5065 jacet
1888 4996 1942 5050 in
1965 4995 2068 5053 De-

475 5076 691 5147 calogo.
718 5076 827 5132 Lex
854 5080 1058 5150 quippe
1086 5080 1262 5152 longa!
1288 5084 1469 5141 aetatis
1501 5083 1675 5156 ﬁgura
1703 5087 1870 5142 vitam
1901 5097 2066 5145 aeter-

476 5183 603 5222 nam
641 5168 955 5226 imitatione
982 5177 1218 5242 quadam
1249 5176 1545 5232 adumbrat
1569 5177 1638 5232 ⁸⁷.
1667 5177 1857 5234 Primo
1881 5188 2065 5236 autem

477 5261 740 5316 mandato
766 5265 1201 5333 promissionem
1251 5269 1396 5326 hanc
1437 5270 1585 5327 Deus
1640 5272 2065 5342 adjunxit,cum

475 5364 718 5422 quatuor
742 5356 881 5411 alias
905 5359 1264 5427 praemisisset
1289 5379 1411 5434 quae
1441 5363 1508 5417 ad
1540 5365 1720 5435 ipsum
1746 5364 1917 5421 Deum
1943 5381 2067 5437 spe-

474 5450 731 5500 ctarent:
767 5445 897 5516 quia
938 5447 1168 5506 indubia
1200 5461 1285 5507 est
1315 5453 1698 5508 remuneratio
1732 5452 1962 5512 honoris
1995 5453 2068 5509 ab

475 5549 544 5588 eo
570 5535 666 5606 qui
700 5536 1030 5596 honoratur.
1065 5540 1251 5597 llonor
1281 5557 1412 5598 vero
1458 5544 1552 5614 qui
1599 5545 1931 5616 parentibus
1971 5560 2066 5601 ex-

473 5631 717 5701 hibetur,
767 5651 892 5692 cum
915 5635 1124 5705 justam
1157 5641 1462 5699 mercedem
1496 5643 1566 5700 ab
1595 5644 1678 5702 eis
1707 5660 1821 5701 non
1853 5643 2134 5713 obtineat,

547 5833 592 5866 ⁸⁷
626 5832 800 5894 Exod.
836 5851 923 5899 sx,
953 5835 1040 5890 12.

2179 4614 2482 4689 μαρτυρία.
2543 4609 2744 4682 Τιμίαν
2789 4607 2847 4660 δὲ
2893 4604 2993 4677 τὴν
3044 4603 3267 4674 ἐντολὴν
3312 4601 3638 4671 ἀποφαίνων
3669 4598 3782 4671 τὴν

2178 4707 2310 4778 περὶ
2351 4705 2595 4774 γονέων,
2641 4699 2808 4771 φησιν
2851 4696 3060 4769 αὐτὴν,
3108 4695 3205 4750 καὶ
3240 4692 3469 4766 πρώτην
3513 4691 3612 4747 καὶ
3651 4691 3782 4762 μετ’

2178 4796 2517 4867 ἐπαγγελίας
2548 4793 2828 4864 είρῆσθαι,
2872 4791 2994 4862 ἥτις
3023 4787 3329 4869 ἐπαγγελία
3360 4788 3420 4841 ἐν
3465 4783 3790 4856 Δεκαλογίᾳ,

2179 4893 2377 4947 κεῖται.
2407 4887 2592 4942 Τύπον
2620 4885 2730 4956 γάρ
2755 4884 2786 4936 ό
2821 4881 2983 4952 νόμος
3009 4879 3110 4952 τῆς
3135 4879 3356 4934 αἰωνίου
3391 4878 3538 4950 ζωῆς
3579 4877 3788 4948 μιμεῖ-

2178 5002 2270 5038 ται
2301 4981 2400 5053 τήν
2425 4976 2869 5053 μακροημερίαν.
2902 4973 3102 5045 Πρώτη
3132 4973 3188 5026 δὲ
3217 4971 3406 5043 ἐντολῇ
3431 4970 3640 5041 ταύτην
3671 4968 3790 5036 τὴν

2178 5074 2514 5143 ἐπαγγελίαν
2555 5069 2774 5138 ἔζευξεν
2811 5068 2840 5125 ό
2865 5066 3018 5133 Θεὸς,
3046 5063 3397 5137 προεισάγων
3436 5061 3606 5124 ἄλλας
3639 5060 3788 5112 τέσ-

2175 5187 2355 5240 σαρας
2381 5167 2480 5229 τὰς
2501 5165 2582 5228 εἰς
2604 5162 2739 5217 Θεὸν
2763 5157 3076 5231 ἀνηκούσας
3095 5175 3108 5190 ·
3138 5158 3220 5211 ὅτι
3242 5156 3351 5210 τῶν
3375 5155 3475 5225 μὲν
3498 5155 3580 5217 εἰς
3607 5153 3790 5206 αὑτὸν

2171 5261 2348 5333 τιμῶν
2373 5256 2641 5330 πρόδηλος
2662 5256 2696 5326 ἡ
2722 5251 3082 5315 ἀνταπόδοσις
3113 5248 3266 5318 παρά
3293 5246 3390 5301 τοῦ
3425 5246 3780 5317 τιμωμένου.

2183 5356 2251 5411 Ἦ
2277 5353 2453 5415 δὲέίς
2483 5348 2679 5419 γονέας
2719 5346 2880 5416 τιμὴ,
2916 5343 3049 5414 παρ’
3081 5342 3264 5396 αὐτῶν
3295 5342 3396 5394 οὐκ
3441 5339 3644 5411 ἔχουσα
3674 5337 3787 5406 τὴν

2172 5447 2534 5504 ἀνταπόδοσιν
2573 5442 2739 5511 λόγου
2773 5438 2952 5505 ἀξίαν,
2989 5437 3144 5507 παρὰ
3168 5435 3264 5489 τοῦ
3298 5434 3435 5489 Θεοῦ
3461 5435 3669 5505 ταύτην
3707 5428 3793 5486 δι’

2173 5537 2511 5608 ἐπαγγελίας
2543 5532 2865 5604 ἐκομίσατο.

2171 5643 2315 5702 hanc
2341 5657 2370 5696 a
2407 5638 2520 5695 Deo
2552 5652 2649 5711 per
2685 5631 3113 5707 promissionem
3139 5625 3349 5684 retulit.
