4048 6422
341 308 448 374 853

1519 304 1601 364 ΙΝ
1641 298 1883 362 EPIST.
1916 296 2018 358 AD
2053 296 2449 360 EPHESIOS.

3523 303 3628 368 854

419 438 436 469 ι
477 419 541 469 Oi
583 415 782 480 δοῦλοι,
826 416 1132 469 ὑπακούετε
1157 418 1268 480 τοῖς
1305 416 1444 470 κατὰ
1489 418 1668 488 σάρκα
1713 415 1923 488 κυρίοις

2100 407 2271 468 Vens.
2315 409 2431 467 5-9.
2465 429 2484 463 ι
2521 409 2715 477 Servi,
2752 411 2969 468 obedite
3016 410 3256 469 dominis
3309 412 3632 471 carnalibus

346 508 486 578 μετὰ
517 506 683 575 φόϐου
720 510 813 560 καὶ
862 507 1097 576 τρόμου,
1145 508 1204 559 ἐν
1256 507 1521 576 ἁπλότητι
1563 505 1663 574 τῆς
1707 505 1935 577 καρδίας

344 599 520 669 ὐμῶν,
548 601 625 661 ὼς
657 597 736 668 τῷ
765 597 1011 670 Χριστῷ,
1047 599 1120 669 μὴ
1149 598 1270 651 κατ’
1295 596 1818 667 ὀφθαλμοδουλείαν,
1858 596 1934 659 ὡς

344 690 821 762 ἀνθρωπάρεσκοι,
853 690 968 743 ἀλλ’
991 690 1068 754 ὡς
1093 689 1269 743 δοῦλοι
1296 688 1391 742 τοῦ
1427 689 1688 760 Χριστοῦ,
1718 687 1936 742 ποιοῦν-

341 800 435 846 τες
461 783 521 835 τὸ
557 781 772 853 θέλημα
805 783 899 835 τοῦ
931 781 1067 836 Θεοῦ
1096 784 1160 835 ἐκ
1188 781 1388 852 ψυχῆς,
1425 780 1543 851 μετ’
1572 781 1786 845 εὐνοίας
1816 780 1936 834 δου-

344 873 594 936 λεύοντες
627 873 704 944 τῷ
738 874 950 945 Κυρίῳ,
981 875 1078 928 καὶ
1108 875 1208 927 οὐκ
1243 874 1572 944 ἀνθρώποις.
1604 872 1819 933 Εξδότες
1851 872 1935 924 ὅτι

342 965 375 1020 ὃ
423 967 517 1019 ὲάν
554 980 608 1017 τι
641 965 872 1028 ἕκαστος
905 965 1106 1036 ποίηση
1155 964 1399 1034 ἀγαθὸν,
1447 963 1609 1018 τοῦτο
1659 963 1934 1032 κομιεῖται

345 1058 496 1129 παρὰ
527 1057 621 1110 τοῦ
651 1059 890 1127 Κυρίου,
924 1058 1034 1110 εἴτε
1083 1057 1290 1121 δοῦλος,
1333 1056 1444 1110 εἴτε
1481 1055 1785 1125 ἐλεύθερος.
1828 1055 1936 1108 Καὶ

343 1150 396 1202 oi
429 1148 609 1219 κύριοι
634 1149 704 1203 τὰ
735 1149 878 1204 αὐτά
909 1153 1113 1204 ποιεῖτε
1143 1150 1282 1222 πρὸς
1317 1151 1535 1213 αὐτοὺς,
1569 1150 1808 1212 ἀνιέντες
1837 1145 1936 1219 τὴν

344 1243 613 1312 ἀπειλὴν,
658 1242 888 1308 εἰδότες,
919 1245 1002 1298 ὅτι
1031 1245 1124 1299 καὶ
1164 1244 1319 1315 ὐμῶν
1345 1242 1527 1297 αὐτῶν
1553 1245 1580 1295 ὁ
1614 1240 1819 1312 Κύριός
1845 1242 1936 1294 ὲσ‹

345 1349 431 1385 τιν
480 1334 539 1385 ἐν
575 1333 830 1404 οὐρανοῖς
851 1374 868 1400 ,
914 1336 1007 1388 καὶ
1040 1333 1472 1406 προσωποληψία
1505 1332 1605 1386 οὐκ
1641 1332 1756 1384 ἐστι
1802 1331 1934 1402 παρ’

343 1422 514 1495 αὐτῷ.
560 1443 579 1476 ι

414 1515 586 1570 Πάλιν
638 1516 700 1570 τὸ
753 1517 998 1586 ὑπήκοον
1051 1517 1345 1571 ὐποτάττει
1401 1517 1656 1590 πρῶτον,
1711 1513 1827 1571 εἶτα
1874 1516 1936 1570 τὸ

342 1607 676 1678 ἡγεμονικὸν
711 1607 958 1665 διδάσκει
1005 1610 1380 1680 χρηστότητα.
1414 1611 1656 1681 Κυρίους
1687 1609 1744 1662 δὲ
1785 1608 1936 1662 κατὰ

344 1700 547 1770 σάρκα
581 1702 770 1771 λέγει,
812 1703 893 1756 ’ὁτι
919 1703 980 1756 οὐ
1017 1702 1246 1772 φυσικὸν
1271 1703 1304 1774 ἡ
1328 1701 1650 1764 δεσποτεία,
1684 1701 1806 1754 οὐδὲ
1835 1717 1932 1754 πε-

2039 514 2165 556 cum
2194 502 2397 558 timore
2431 510 2486 557 et
2521 513 2792 570 tremore,
2824 504 2877 558 iu
2915 504 3276 575 simplicitate
3303 503 3494 560 cordis
3535 521 3629 560 ve-

2040 591 2141 648 stri
2170 593 2315 648 sicut
2337 593 2563 650 Christo
2588 613 2601 650 :
2636 609 2741 650 non
2771 596 2838 650 ad
2869 599 3088 651 oculum
3120 598 3446 664 servientes,
3473 595 3633 668 quasi

2039 683 2366 744 hominibus
2392 687 2708 758 placentes,
2742 690 2836 744 sed
2869 697 2929 744 ut
2961 691 3103 743 servi
3139 689 3350 745 Christi
3378 708 3392 752 ;
3428 689 3634 747 facien-

2037 783 2122 832 tes
2153 777 2492 833 voluntatem
2520 779 2622 836 Dei
2655 796 2723 835 ex
2755 782 2940 836 animo
2980 795 3105 834 cum
3145 783 3282 836 bona
3335 782 3622 836 voluntate

2037 870 2344 927 servientes
2379 870 2654 938 Domino,
2709 881 2765 928 et
2820 887 2932 927 non
2987 874 3329 929 hominibus.
3365 876 3620 930 Scientes

2039 951 2300 1031 quoniam
2349 965 2776 1034 unusquisque,
2839 965 3217 1036 quodcunque
3279 965 3474 1020 fecerit
3531 966 3633 1021 bo-

2041 1068 2170 1106 nurn
2194 1093 2208 1117 ,
2243 1053 2346 1107 hoc
2374 1055 2603 1124 recipiet
2637 1069 2667 1108 a
2697 1054 2967 1122 Domino,
3006 1056 3126 1111 sive
3157 1071 3352 1111 servus
3373 1099 3386 1122 ,
3421 1058 3537 1112 sive
3569 1058 3635 1111 li-

2039 1142 2155 1197 ber.
2187 1141 2254 1196 Et
2285 1159 2404 1209 vos,
2439 1145 2672 1211 domini,
2700 1145 2890 1202 eadem
2924 1146 3089 1202 facite
3119 1147 3250 1209 illis,
3280 1148 3630 1202 remittentes

2039 1232 2260 1299 minas;
2293 1235 2534 1289 scientes
2561 1236 2691 1305 quia
2719 1245 2774 1292 et
2807 1245 3053 1292 vestrum
3081 1239 3330 1314 ipsorum
3369 1239 3634 1291 Dominus

2037 1333 2122 1379 est
2151 1324 2207 1378 in
2240 1327 2402 1382 caelis
2424 1367 2438 1391 ,
2465 1336 2520 1382 et
2547 1330 2802 1400 acceptio
2830 1346 3197 1400 personarum
3229 1347 3337 1386 non
3373 1340 3458 1388 est
3489 1331 3633 1402 apud
3665 1325 3668 1328 ’

2039 1432 2239 1487 Ipsum.
2272 1437 2292 1468 ι

2113 1509 2274 1581 192
2316 1511 2582 1570 Subditos
2620 1513 2806 1570 denuo
2847 1513 3093 1586 primum
3136 1515 3400 1585 subjicit,
3436 1515 3637 1571 deinde

2040 1600 2161 1656 illos
2193 1603 2284 1672 qui
2316 1605 2396 1660 eis
2427 1605 2826 1674 praeticiuntur,
2862 1607 3271 1662 humanitatem
3310 1607 3491 1663 docet.
3530 1607 3636 1663 Do-

2041 1693 2221 1751 miuos
2257 1704 2441 1752 autem
2503 1700 2577 1754 ait
2645 1700 2934 1754 secundum
2991 1717 3262 1754 carnem:
3311 1701 3634 1757 dominatus

341 1787 570 1866 τποίηταί
591 1811 675 1858 τις
694 1795 877 1859 δοῦλος
902 1795 1112 1866 ἐτέρου,
1141 1795 1392 1865 καθάπερ
1414 1795 1483 1849 τὰ
1513 1793 1627 1858 ζῶα
1650 1794 1719 1846 τὰ
1741 1795 1931 1862 ἄλογα.

2049 1787 2184 1840 enim
2217 1803 2323 1841 non
2361 1802 2445 1844 εει
2477 1805 2508 1843 a
2544 1801 2742 1846 natura
2763 1833 2778 1854 ,
2815 1808 2915 1847 nec
2949 1793 3243 1863 quisquam
3275 1809 3471 1848 servus
3501 1794 3636 1847 alte-

351 1889 462 1960 Τῆς
505 1889 656 1954 θείας
706 1889 763 1942 δὲ
811 1889 1098 1954 δουλείας,
1132 1889 1198 1960 ἣν
1249 1889 1604 1959 ὑπέμεινεν-ὁ
1645 1891 1702 1941 ἐν
1746 1889 1935 1942 δούλου

353 1984 534 2053 μορφῇ
562 1982 877 2051 γενόμενος,
913 1982 1086 2044 τύπος
1123 1983 1332 2050 γίνεται
1376 1984 1408 2052 ή
1446 1982 1763 2052 ἀνθρωπίνη
1796 1982 1937 2054 ὐπη-

351 2074 508 2144 ρεσία
523 2074 629 2126 τῶν
654 2073 912 2144 καθαρῶς
931 2073 1292 2127 δουλευόντων
1324 2077 1419 2128 καὶ
1442 2075 1730 2140 ἑκουσίως,
1756 2075 1833 2135 ὡς
1854 2077 1936 2138 είς

345 2164 482 2219 Θεὸν
519 2164 866 2237 άναγομένης
899 2166 1000 2239 τῆς
1031 2165 1295 2235 δουλείας.

427 2453 444 2486 ι
486 2429 593 2487 Τοῦ
629 2430 823 2486 λοιποῦ
860 2432 1259 2504 ἐνδυναμοῦσθε
1290 2435 1350 2488 ἐν
1386 2435 1598 2508 Κυρίῳ,
1636 2437 1731 2492 καὶ
1771 2441 1830 2492 ἐν
1856 2439 1936 2512 τῷ

349 2526 546 2600 κράτει
571 2526 673 2598 τῆς
707 2525 892 2600 ἰσχύος
920 2527 1109 2581 αὐτοῦ.
1153 2528 1478 2583 Ἐνδύσασθε
1507 2530 1606 2602 τὴν
1632 2533 1936 2587 πανοπλίαν

347 2619 443 2674 τοῦ
472 2619 610 2674 Θεοῦ
640 2619 777 2690 πρὸς
806 2619 868 2673 τὸ
891 2618 1154 2674 δύνασθαι
1184 2621 1330 2691 ὑμᾶς
1359 2622 1572 2692 στῆναι.
1617 2641 1636 2675 ι

423 2711 664 2780 Δύναμιν
697 2712 1096 2784 προσγενέσθαι
1117 2713 1198 2768 δεῖ
1222 2714 1320 2785 τὴν
1355 2714 1506 2784 παρὰ
1528 2715 1686 2778 Θεοῦ,
1713 2719 1824 2781 τοῖς
1856 2720 1939 2782 εἰς

349 2802 636 2857 ἀσθένειαν
674 2803 1082 2857 καταπεσοῦσιν
1135 2803 1483 2875 ἀνθρώποις,
1515 2806 1604 2860 ῐνα
1651 2805 1790 2878 λύσῃ
1838 2807 1940 2876 τὴν

349 2894 640 2950 ἀσθένειαν
675 2896 709 2966 ἡ
761 2895 860 2966 τῆς
898 2895 1181 2966 δυνάμεως
1222 2897 1586 2968 ἐπανάληψις.
1618 2899 1730 2969 Τὴν
1761 2898 1817 2951 δὲ
1857 2898 1939 2952 δύ-

349 3004 516 3060 ναμιν
544 2987 752 3059 ταύτην
780 2970 990 3052 εἰκάζει
1031 2989 1342 3060 πανοπλίᾳ,
1379 2990 1592 3062 δηλῶν,
1635 2991 1720 3044 ὅτι
1769 2990 1940 3046 καθά-

349 3095 458 3149 περ
487 3081 514 3132 ὁ
540 3079 745 3149 γυμνὸς
772 3080 833 3133 οὐ
877 3080 1098 3143 δυνατός
1140 3082 1288 3134 ἐστιν
1315 3083 1394 3146 είς
1472 3085 1737 3152 πόλεμον,
1765 3082 1939 3147 οὕτως

348 3174 382 3226 ὁ
420 3171 559 3226 Πνεύ
570 3191 738 3242 ματος
772 3174 1060 3245 ἀμέτοχος,
1085 3174 1147 3228 οὐ
1172 3174 1400 3240 δυνατὸς
1429 3175 1568 3251 πρὸς
1589 3175 1683 3235 τὸν
1705 3175 1805 3248 τὴν
1838 3193 1938 3229 κα-

353 3262 482 3318 κίαν
509 3263 941 3335 ἐξεργαζόμενον
977 3267 1070 3322 τὸν
1107 3267 1374 3328 διάϐολον.

432 3464 453 3498 ι
492 3444 636 3517 Πρδς
659 3446 759 3510 τὰς
791 3444 1075 3516 μεθοδείας
1099 3445 1194 3500 τοῦ
1221 3446 1493 3502 διαϐόλου.
1518 3447 1641 3503 Ὀτι
1673 3450 1773 3504 οὐκ
1795 3449 1944 3504 ἔστιν

353 3539 551 3610 ἡμῖνή
590 3538 733 3610 πάλη
785 3537 923 3610 πρὸς
949 3533 1090 3609 αἷμα
1125 3539 1221 3592 καὶ
1265 3539 1465 3609 σάρκα,
1503 3540 1643 3594 ἀλλὰ
1678 3541 1815 3612 πρὸς
1843 3541 1944 3605 τὰς

353 3628 552 3699 ἀρχάς,
591 3630 728 3701 πρὸς
774 3632 903 3696 τούς
947 3633 1406 3704 κοσμοκράτορας
1435 3633 1531 3686 τοῦ
1582 3635 1808 3697 σκότους
1848 3634 1944 3688 τοῦ

354 3719 554 3783 αἰῶνος
587 3720 802 3785 τούτου,
839 3721 978 3792 πρὸς
1011 3722 1079 3775 τὰ
1117 3723 1406 3792 πνεύματα
1449 3724 1550 3792 τῆς
1581 3725 1849 3796 πονηρίας
1889 3727 1946 3780 ἐν

353 3817 471 3879 τοῖς
495 3815 862 3886 ἐπουρανίοις.
887 3815 987 3869 Διὰ
1009 3813 1168 3867 τοῦτο
1193 3814 1492 3870 ἀναλάϐετε
1513 3815 1613 3887 τὴν
1637 3817 1946 3871 πανοπλίαν

353 3907 452 3961 τοῦ
481 3907 639 3975 Θεοῦ,
684 3908 771 3961 ἵνα
803 3909 1074 3980 δυνηθῆτε
1110 3907 1432 3979 ἀντιστῆναι
1470 3909 1530 3962 ἐν
1556 3911 1623 3981 τῇ
1659 3909 1849 3986 ἡμέρα
1877 3915 1945 3983 τῇ

353 4003 571 4073 πονηρᾷ
590 4041 604 4064 ,
635 4001 732 4055 καὶ
760 4001 977 4057 ἅπαντα
1007 4001 1486 4072 κατεργασαμένοι
1515 4001 1728 4073 στῆναι.
1767 4022 1786 4056 ι

424 4093 760 4149 Μεθοδείαν
786 4093 956 4166 αὐτὴν
980 4093 1157 4158 καλεῖ,
1181 4093 1280 4165 τὴν
1303 4093 1397 4146 τοῦ
1417 4094 1668 4148 διαϐόλου
1699 4113 1945 4166 κακουρ-

351 4188 516 4254 γίαν,
548 4187 630 4240 ὃτι
662 4187 763 4240 οὐκ
791 4184 852 4252 ἐξ
895 4187 1114 4250 εὐθείας
1153 4187 1182 4240 ὃ
1231 4187 1482 4257 βούλεται
1534 4188 1946 4242 κατασκευάσαι

350 4279 650 4342 δείκνυσιν,
691 4277 834 4332 ὥστε
873 4277 948 4349 μὴ
993 4277 1249 4346 γενέσθαι
1281 4279 1612 4349 κατάφωρος
1637 4319 1652 4342 ,
1682 4278 1799 4332 ἀλλ’
1830 4279 1948 4332 ἕτε-

357 4387 452 4440 ρον
485 4367 667 4439 ἐαυτῷ
709 4366 1014 4438 περιτιθεὶς
1045 4369 1411 4438 προσωπεῖον,
1433 4367 1600 4439 ἕτερα
1631 4368 1942 4423 τεκταίνει·

357 4461 452 4515 καὶ
493 4460 745 4529 καθάπερ
781 4461 1041 4530 πολέμιος
1080 4459 1390 4530 κακουργδς
1423 4459 1576 4514 πόλει
1621 4459 1946 4532 προσϐαλὼν

355 4553 453 4606 καὶ
494 4554 735 4623 τείχεσι,
781 4552 1033 4606 κάτωθεν
1083 4552 1384 4624 ὐπορύττει
1431 4551 1748 4618 λανθάνων,
1801 4552 1945 4608 ὥστε

355 4643 532 4716 ταύτῃ
562 4643 821 4712 γενέσθαι
855 4643 1253 4715 δυσφύλακτος,
1289 4644 1388 4698 καὶ
1417 4644 1764 4714 κατορθῶσαι
1800 4643 1948 4717 άπερ

357 4731 714 4787 ἐσπούδακεν.

433 4841 453 4876 ι
497 4824 674 4893 Στῆτε
706 4817 801 4879 οῦν
842 4824 1288 4898 περιζωσάμενοι
1325 4827 1427 4898 τὴν
1489 4825 1666 4897 ὀσφὺν
1702 4825 1859 4897 ὑμῶν
1890 4826 1949 4880 ἐν

353 4915 608 4989 ἀληθείᾳ,
645 4917 744 4972 καὶ
778 4917 1132 4989 ἐνδυσάμενοι
1178 4919 1271 4974 τὸν
1308 4918 1536 4991 θώρακα
1583 4919 1684 4990 τῆς
1731 4918 1948 4974 δικαιο-

357 5008 557 5078 σύνης,
587 5009 683 5064 καὶ
714 5010 1121 5081 ὑποδησάμενοι
1171 5012 1300 5076 τοὺς
1335 5011 1508 5075 πόδας
1545 5012 1605 5064 ἐν
1657 5011 1951 5084 ἑτοιμασίᾳ

353 5098 454 5155 τοῦ
494 5102 831 5172 Εὐαγγελίου
861 5103 963 5173 τῆς
995 5104 1243 5176 εἰρήνης.
1289 5105 1412 5158 Ἐπὶ
1444 5107 1610 5159 πᾶσιν
1649 5105 1950 5160 ἀναλαϐόνο

353 5209 450 5254 τες
477 5193 570 5247 τδν
601 5193 794 5266 θυρεὸν
820 5195 922 5266 τῆς
956 5195 1223 5260 πίστεως,
1258 5196 1318 5250 ἐν
1351 5189 1395 5265 ᾧ
1435 5197 1734 5268 δυνήσεσθε
1768 5197 1950 5253 πάντα

353 5282 427 5336 τά
467 5282 600 5354 βέλη
656 5283 751 5337 τοῦ
790 5285 1032 5358 πονηροῦ
1085 5284 1156 5339 τά
1190 5287 1568 5358 πεπυρωμένα
1607 5286 1799 5341 σϐέσαι
1855 5289 1950 5341 καὶ

356 5375 460 5446 τὴν
493 5377 930 5447 περικεφαλαίαν
971 5379 1066 5433 τοῦ
1111 5381 1382 5452 σωτηρίου
1424 5379 1674 5446 δέξασθε,
1717 5380 1812 5434 καὶ
1849 5380 1950 5450 τὴν

359 5467 642 5540 μάχαιραν
686 5469 784 5522 τοῦ
835 5469 1184 5540 πνεύματοςο
1227 5470 1256 5524 ὅ
1300 5471 1417 5524 ἐστι
1467 5473 1621 5542 ῥῆμα
1656 5469 1832 5535 Θεοῦ,
1861 5470 1952 5525 διά

359 5560 545 5631 πάσης
591 5563 904 5634 προσευχῆς
955 5564 1051 5618 καὶ
1091 5563 1369 5635 δεήσεως,
1419 5565 1853 5636 προσευχόμενοι
1890 5565 1948 5618 ἐν

359 5655 524 5707 παντὶ
547 5653 726 5725 καιρῷ
751 5655 807 5707 ἐν
833 5655 1128 5726 πνεύματι,
1156 5657 1250 5710 καὶ
1279 5657 1361 5718 είς
1390 5655 1525 5710 αὐτὸ
1549 5655 1709 5711 τοῦτο
1733 5657 1949 5728 ἀγρυπ-

359 5747 585 5813 νοῦντες
613 5750 672 5806 ὲν
703 5748 851 5822 πάσῃ
888 5749 1222 5822 καρτερήσει
1250 5750 1345 5805 καὶ
1374 5751 1579 5822 δεήσει.
1619 5769 1638 5803 ι

2047 1880 2164 1935 rius
2200 1881 2460 1938 conditus
2495 1884 2632 1950 fuit,
2669 1885 3144 1954 quemadmodum
3177 1887 3338 1940 bruta
3384 1887 3638 1940 animan-

2046 1972 2141 2026 tia.
2179 1971 2389 2028 Divinae
2417 1990 2548 2030 vero
2579 1978 2864 2031 servitutis
2897 1977 3049 2032 illius
3074 2017 3088 2040 ,
3116 1994 3283 2047 quam
3325 1979 3372 2034 is
3413 1979 3638 2032 sustulit

2044 2065 2139 2135 qui
2172 2066 2224 2119 in
2267 2064 2442 2121 forma
2484 2067 2668 2122 factus
2707 2078 2791 2124 est
2823 2071 3004 2137 servi,
3032 2069 3264 2140 ﬁguram
3298 2071 3503 2140 praaliet
3533 2071 3638 2124 mi-

2044 2157 2335 2212 nisterium
2378 2159 2716 2226 humanum,
2754 2162 2901 2233 quod
2947 2171 3210 2233 praestant
3250 2163 3330 2217 illi
3377 2163 3471 2232 qui
3516 2163 3631 2216 sin-

2043 2265 2167 2305 cere
2197 2257 2251 2306 et
2283 2260 2482 2320 sponte
2513 2253 2801 2319 serviunt,
2839 2262 2898 2309 ut
2933 2255 3000 2309 ad
3051 2253 3220 2311 Deum
3265 2255 3504 2310 servitus
3546 2255 3636 2308 illa

2046 2346 2349 2402 referatur.

2116 2436 2282 2492 Vens.
2324 2438 2424 2505 10,
2470 2439 2557 2494 it.
2593 2461 2611 2491 ‹
2649 2439 2723 2494 De
2774 2449 3012 2508 caetero,
3064 2441 3302 2506 fratres,
3348 2439 3638 2496 conforta-

2046 2528 2181 2582 mini
2211 2528 2266 2582 in
2296 2527 2535 2582 Domino
2558 2569 2573 2593 ,
2602 2539 2657 2584 et
2705 2530 2765 2584 in
2807 2530 3053 2600 potentia
3103 2531 3332 2585 virtutis
3381 2530 3521 2600 ejus.
3555 2529 3640 2584 ln-

2047 2621 2195 2675 duite
2220 2635 2318 2677 vos
2347 2631 2688 2677 armaturam
2717 2621 2854 2686 Dei,
2883 2629 2942 2676 ut
2976 2623 3207 2692 possitis
3237 2633 3404 2677 stare.
3440 2642 3459 2674 ι

2118 2709 2312 2766 Virtus
2344 2713 2455 2769 illis
2486 2714 2806 2770 hominibus
2839 2715 2933 2784 qui
2964 2715 3022 2770 in
3047 2715 3423 2769 inﬁrmitatem
3455 2715 3640 2769 labtttl-

2049 2814 2160 2868 tur,
2191 2822 2220 2861 a
2257 2805 2370 2861 Deo
2395 2807 2626 2862 accedat
2655 2822 2885 2862 necesse
2909 2817 2995 2863 est
3017 2851 3032 2873 ,
3063 2823 3172 2877 qua
3199 2809 3438 2878 pellatur
3466 2807 3645 2862 imbe—

2049 2897 2258 2953 cillitas
2308 2900 2734 2969 recuperatione
2784 2900 3009 2956 virium.
3039 2899 3194 2954 [lane
3223 2915 3352 2957 vero
3382 2901 3640 2954 virtutem

2049 3005 2178 3047 cum
2222 2991 2517 3059 omnigena
2547 3002 2830 3047 armatura
2860 3001 3176 3064 comparat,
3224 3001 3284 3047 ut
3337 2992 3640 3063 signiticet,

2049 3083 2514 3153 quemadmodum
2543 3087 2633 3155 qui
2665 3085 2851 3142 nudus
2881 3094 2969 3142 est
2989 3127 3003 3151 ,
3035 3085 3368 3156 belligerare
3400 3100 3510 3138 non
3543 3098 3636 3153 po—

1967 3147 2010 3208 c
2046 3183 2190 3242 test,
2217 3177 2298 3231 sic
2327 3191 2453 3232 eum
2487 3178 2580 3248 qui
2615 3179 2878 3248 Spiritum
2913 3147 3269 3249 nonjaccepit
3291 3216 3307 3240 ,
3351 3176 3523 3231 nullis
3556 3176 3643 3230 in~

2047 3276 2323 3323 structum
2352 3269 2564 3325 viribus
2593 3285 2718 3327 esse
2747 3269 3013 3326 adversus
3054 3268 3370 3332 diabolum,
3397 3268 3490 3338 qui
3523 3281 3640 3321 nia-

2047 3361 2179 3418 litia:
2210 3369 2295 3416 cst
2327 3355 2560 3418 auctor..

2125 3474 2144 3507 ι
2173 3455 2455 3510 Adversus
2487 3453 2721 3510 insidias
2755 3452 2984 3507 diaboli.
3007 3449 3200 3524 [Vens
3235 3449 3322 3515 12,
3351 3447 3464 3521 15.]
3487 3447 3639 3516 Quo-

2049 3547 2196 3601 niam
2232 3563 2340 3601 non
2369 3556 2454 3603 est
2491 3549 2651 3601 nobis
2681 3546 3008 3601 colluctatio
3035 3545 3304 3600 adversus
3333 3557 3559 3596 carnem
3586 3549 3642 3596 et

2049 3640 2412 3709 sanguinem,
2448 3639 2545 3694 sed
2574 3638 2846 3691 adversus
2880 3634 3225 3706 principatus
3276 3642 3333 3689 et
3392 3637 3640 3702 potestae

2050 3738 2132 3783 tes
2167 3745 2182 3795 ;
2233 3730 2501 3784 adversus
2535 3735 2779 3782 rectores
2811 3725 3042 3788 mundi,
3075 3725 3428 3778 tenebrarum
3473 3722 3642 3790 hujus

2049 3823 2236 3878 Saeculi
2261 3861 2275 3885 ,
2311 3831 2509 3877 contra
2565 3819 2884 3890 spiritualia
2921 3816 3183 3888 nequitia:
3212 3815 3266 3870 in
3293 3814 3639 3870 caelestibus.

2048 3910 2347 3987 Propterea
2379 3911 2614 3981 accipite
2643 3916 2984 3964 armaturam
3017 3905 3116 3961 Dei
3136 3913 3195 3960 ut
3226 3906 3452 3975 possitis
3510 3919 3638 3960 sus-

2043 4003 2222 4057 tinere
2252 4003 2305 4057 in
2335 4003 2426 4058 die
2452 4002 2597 4060 mala
2618 4039 2632 4064 ,
2660 4007 2717 4054 et
2747 3997 3006 4058 oumibus
3039 3997 3319 4067 superatis
3347 4003 3514 4051 stare.
3550 4013 3569 4046 ι

2119 4093 2282 4146 Artes
2307 4100 2363 4147 et
2389 4092 2617 4146 insidias
2646 4099 2811 4147 vocat
2834 4090 3146 4146 versutiam
3174 4088 3419 4152 diaboli,
3443 4088 3647 4158 quippe

2049 4186 2146 4258 qui
2177 4201 2286 4239 non
2317 4185 2505 4240 statim
2535 4195 2589 4240 et
2625 4192 2773 4240 recta
2817 4190 3096 4238 monstrat
3133 4182 3271 4252 quid
3313 4182 3444 4236 velit
3475 4181 3645 4236 conti-

2050 4291 2210 4343 cere,
2264 4292 2334 4332 ne
2387 4277 2876 4347 deprehendatur:
2923 4275 3020 4330 sed
3059 4289 3298 4346 persona
3347 4275 3517 4329 altera
3554 4290 3645 4330 as-

2051 4380 2307 4439 sumpta,
2365 4369 2618 4440 quaedam
2665 4369 2774 4423 alia
2822 4369 3050 4428 molitur
3093 4385 3106 4422 :
3163 4367 3310 4422 haud
3357 4382 3523 4422 secus
3580 4383 3646 4422 ac

1978 4498 2024 4559 θ
2054 4461 2205 4516 vafer
2256 4461 2434 4518 hostis
2477 4465 2671 4518 urbem
2711 4470 2768 4520 ct
2809 4477 3000 4518 muros
3041 4460 3450 4532 oppugnando,
3486 4461 3641 4515 clam

2053 4552 2197 4609 intra
2228 4554 2491 4620 suffodit,
2523 4566 2578 4610 ut
2611 4555 2824 4610 civitati
2907 4569 3053 4624 :egrc
3088 4571 3115 4606 ιι
3152 4569 3213 4610 se
3256 4560 3542 4618 caveatur,
3575 4562 3631 4607 et

2051 4647 2170 4725 ipse
2195 4649 2330 4711 illud
2362 4659 2543 4721 patret
2571 4649 2626 4704 in
2657 4648 2804 4720 quod
2834 4666 2901 4704 en
2931 4651 3084 4702 titur.

2127 4824 2296 4881 Vens.
2343 4825 2530 4882 14-18.
2560 4844 2580 4878 ι
2611 4824 2766 4882 State
2795 4839 2931 4896 ergo
2961 4824 3241 4880 succincti
3286 4823 3509 4878 lumbos
3551 4837 3643 4874 vn-

2053 4929 2202 4976 stros
2230 4920 2284 4972 in
2311 4920 2542 4982 veritate
2562 4958 2578 4985 ,
2609 4927 2666 4974 et
2695 4917 2873 4973 induti
2902 4918 3132 4972 loricam
3159 4915 3418 4986 justitize,
3449 4924 3502 4969 et
3531 4916 3646 4968 cal-

2055 5010 2198 5064 ceati
2231 5011 2400 5078 pedes
2436 5010 2491 5064 in
2526 5009 2986 5082 praeparationem
3031 5005 3313 5076 Evangelii
3362 5004 3535 5076 pacis.
3589 5003 3645 5058 In

2053 5105 2320 5159 omnibus
2348 5110 2631 5160 sumentes
2660 5110 2881 5159 scutum
2933 5100 3095 5168 ﬁdei,
3147 5101 3202 5154 in
3253 5115 3364 5170 quo
3419 5098 3647 5169 possitis

2054 5199 2242 5251 omnia
2271 5199 2375 5251 tela
2399 5196 2730 5268 nequissimi
2759 5197 2920 5268 ignea
2947 5195 3324 5264 exstinguere.
3353 5193 3419 5247 Et
3435 5192 3645 5261 galeam

2054 5291 2257 5344 salutis
2309 5290 2614 5356 assumite,
2665 5299 2720 5344 et
2763 5288 3011 5359 gladium
3058 5287 3295 5358 spiritus
3336 5283 3529 5355 (quod
3563 5292 3645 5338 est

2056 5383 2283 5437 verbum
2319 5381 2449 5449 Dei)
2482 5396 2578 5452 per
2607 5396 2830 5436 omnem
2866 5381 3180 5436 orationem
3211 5389 3265 5434 et
3305 5375 3646 5433 obsecratio-

2056 5492 2217 5539 nem,
2255 5483 2486 5530 orantes
2520 5474 2670 5530 omni
2713 5481 2964 5544 tempore
3005 5473 3061 5528 in
3102 5472 3338 5542 spiritu,
3372 5479 3428 5526 et
3469 5472 3522 5522 in
3567 5467 3648 5521 id-

2054 5568 2233 5640 ipsum
2275 5567 2564 5639 vigilantes
2629 5565 2683 5621 in
2735 5564 2882 5621 omni
2957 5562 3220 5620 instantia
3284 5568 3337 5617 ct
3393 5559 3646 5615 obsecra-

2053 5661 2226 5718 tione.
2253 5679 2272 5714 ι
