4048 6400
375 254 480 310 855

1572 264 1665 360 Is.
1693 267 2018 361 JoaNNrs
2059 272 2494 362 DAMASCENI

3554 286 3670 351 856

446 359 634 445 Quare
665 393 825 450 vero,
859 379 926 434 in
969 379 1188 449 veritate
1213 379 1461 451 {illusio
1497 359 1964 459 mendaciumque

2097 443 2100 446 ι
2139 389 2239 445 Διὰ
2277 359 2362 456 τί,
2390 391 2462 447 ἐν
2488 391 2779 463 (ﬁrmam;
2817 397 3136 468 ἐμπαιγμὸς
3172 399 3252 466 δέ,
3279 401 3374 454 καὶ
3398 401 3595 471 ψεῦδος
3624 408 3665 476 ὴ

376 481 466 558 est
503 465 709 541 libido,
755 492 820 532 ac
853 489 1200 546 nequaquam
1250 462 1380 532 vera
1421 477 1675 558 voluptas
1711 462 1834 541 est,
1857 462 1968 533 sed

382 555 575 622 umbra
604 567 928 638 voluptatis.
961 567 1100 623 Illud
1142 583 1275 641 ergo
1309 583 1451 624 verae
1482 555 1784 637 voluptatis
1832 580 1970 645 con:

378 659 560 732 venit,
587 660 826 715 castitati
858 661 1143 716 nimirum.

455 767 476 800 ι
503 749 608 804 Pro
639 751 900 807 omnibus
930 751 1161 820 sanctis,
1185 749 1377 825 [VEtts.
1414 749 1600 824 19-21]
1620 757 1676 807 et
1727 765 1828 822 pro
1851 765 1966 816 me,

379 853 437 898 ut
472 845 635 900 detur
664 846 800 901 mihi
837 862 1023 903 sermo
1055 847 1112 902 in
1141 847 1428 918 apertione
1457 846 1574 902 oris
1604 845 1715 918 mei
1742 859 1870 900 cum
1906 844 1970 900 fi-

375 936 582 1004 ducia,
617 948 807 993 notum
862 939 1043 996 facere
1097 939 1425 1010 mysterium
1481 937 1812 1014 Evangelii;
1867 953 1970 1012 pro

374 1045 490 1100 quo
523 1029 796 1102 legatione
825 1031 1022 1100 iungor
1051 1033 1104 1087 in
1139 1016 1332 1102 catena
1353 1075 1369 1104 ,
1400 1033 1474 1088 ita
1503 1041 1563 1089 ut
1602 1033 1659 1088 in
1702 1031 1825 1104 ipso
1863 1031 1967 1086 a‘u-

376 1124 535 1180 deam
559 1165 575 1192 ,
605 1132 1021 1198 prout'oportet
1056 1143 1143 1200 me
1189 1127 1361 1200 loqui.
1421 1127 1495 1184 Ut
1536 1137 1726 1184 autem
1771 1133 1828 1183 et
1867 1139 1968 1183 vos

377 1217 571 1275 sciatis
601 1235 724 1290 quae
752 1221 904 1276 circa
936 1236 1024 1276 me
1051 1229 1207 1277 sunt.
1239 1239 1260 1274 ι

448 1310 571 1382 ipse
615 1327 835 1386 quoque
884 1312 1150 1370 Dominus
1197 1311 1585 1372 indesinenter
1624 1311 1970 1370 orationibus

378 1402 588 1459 instare
621 1404 870 1476 praecipit
900 1404 968 1470 ⁸⁸,
1003 1415 1058 1460 et
1097 1405 1305 1462 Paulus
1335 1406 1536 1476 spiritu
1571 1404 1840 1462 orandum
1865 1389 1992 1462 do?

377 1504 466 1548 cet
515 1494 581 1566 δ’,
633 1495 738 1552 hoc
779 1504 865 1553 est
911 1505 1129 1562 mente,
1187 1513 1288 1554 nec
1329 1512 1427 1554 ore
1473 1506 1642 1553 tenus
1671 1495 1965 1551 duntaxat.

378 1586 578 1644 Multas
605 1598 791 1648 autem
821 1591 1111 1666 orationes
1141 1591 1308 1663 dicit,
1335 1594 1465 1662 quia
1497 1605 1598 1662 pro
1632 1589 1822 1646 multis
1850 1589 1972 1646 fun-

377 1681 565 1736 dendae
591 1693 778 1758 erant,
805 1691 935 1753 puta
964 1699 1064 1755 pro
1094 1685 1307 1740 sanctis
1337 1684 1620 1750 omnibus,
1645 1692 1698 1739 et
1735 1697 1837 1754 pro
1859 1699 1920 1740 se
1944 1702 1960 1738 :

377 1774 507 1840 quia
543 1783 833 1832 strenuum
867 1775 971 1845 ipsi
1004 1789 1144 1846 opus
1177 1775 1572 1842 incumbebat,
1603 1776 1680 1830 ita
1718 1782 1777 1831 ut
1810 1774 1963 1832 illius

375 1881 546 1922 causa
579 1867 802 1922 vinctus
841 1867 1071 1928 Romam
1107 1868 1314 1926 missus
1343 1876 1512 1924 esset.
1807 1922 1812 1929 .

452 1957 609 2028 193
641 1977 658 2009 ι
699 1958 901 2013 Omnia
935 1959 1093 2016 vobis
1139 1968 1270 2015 nota
1312 1958 1477 2016 faciet
1503 1957 1784 2031 Tycbicus
1816 1958 1956 2014 cha-

375 2051 638 2126 rissimus
706 2049 904 2116 frater,
954 2050 1222 2132 etiiidelis
1280 2051 1540 2125 minister
1580 2050 1640 2106 in
1689 2048 1960 2116 Domino,

378 2140 571 2215 [νεῖμε.
607 2142 700 2212 22,
734 2142 831 2217 25}
884 2158 1049 2215 quem
1099 2143 1226 2201 misi
1275 2144 1342 2198 ad
1383 2158 1486 2200 vos
1516 2142 1574 2198 in
1620 2142 1726 2198 hoc
1759 2141 1963 2214 ipsum,

377 2246 436 2288 ut
457 2235 816 2306 cognoscatis
841 2249 964 2306 qua:
997 2236 1149 2290 circa
1203 2249 1306 2291 nos
1336 2242 1489 2302 sunt,
1541 2240 1597 2289 et
1645 2232 1965 2290 consoletur

375 2328 547 2383 corda
580 2337 786 2384 vestra.
822 2327 933 2383 Pax
981 2329 1274 2394 fratribus,
1309 2335 1366 2385 et
1405 2329 1657 2384 eharitas
1689 2342 1814 2381 cum
1856 2326 1964 2383 fide

379 2436 407 2485 ξι
441 2419 576 2475 Deo.
615 2419 780 2489 Patre
828 2428 882 2476 et
916 2419 1145 2476 Domino
1174 2419 1306 2492 Jesu
1338 2419 1589 2477 Christo.
1621 2419 1807 2475 Gratia
1835 2435 1961 2476 cum

374 2510 635 2585 omnibus
673 2511 765 2585 qui
797 2512 1039 2583 diligunt
1097 2512 1388 2570 Dominum
1444 2520 1704 2570 nostrum
1770 2512 1959 2569 Jesum

372 2602 658 2659 Christum
693 2603 747 2658 in
785 2603 1445 2674 incorruptione.Amen.
1480 2621 1502 2655 ι

377 2753 384 2761 _
445 2691 636 2748 Sancti
667 2695 951 2762 laetantur,
985 2693 1210 2768 quando
1234 2709 1378 2764 opus
1398 2702 1655 2752 sanctum
1693 2711 1962 2769 prospere

278 2845 281 2855 ,
372 2785 648 2842 succedit.
688 2785 902 2848 ldcirco
945 2785 1209 2844 Ecclesiis
1238 2787 1519 2861 signiﬁcat
1544 2803 1672 2860 quae
1721 2788 1829 2845 sibi
1863 2804 1960 2846 ac-

372 2876 627 2932 ciderint.

446 2941 693 3043 Epistola
718 2933 788 3023 ad
811 2967 1065 3038 Ephesios
1097 2966 1267 3023 Roma
1305 2969 1509 3036 scripta
1532 2981 1612 3026 est
1638 2988 1731 3043 per
1761 2971 1956 3043 Tychi-

373 3081 512 3138 ςμηι.
556 3037 751 3138 γξνδιιε
771 3037 896 3120 5η.

457 3221 504 3322 ’δέ
530 3241 665 3298 Luc.
709 3256 863 3310 xvnl,
894 3241 959 3326 ¹1,.
1029 3240 1075 3274 δ’
1101 3239 1122 3296 l
1149 3239 1278 3298 Cor.
1317 3256 1430 3308 xxv,
1466 3209 1574 3295 15..

2070 483 2370 555 ἐπιθυμία·
2403 484 2506 539 οὐκ
2549 486 2702 542 ἐστιν
2730 488 2894 561 ἡδονὴ
2941 488 3004 543 τδ
3050 491 3309 562 πρᾶγμα,
3348 493 3489 548 ἀλλὰ
3532 504 3672 556 σκιὰ

2069 578 2265 650 ἡδονῆς
2287 594 2303 610 ο
2335 580 2590 634 τουτέστι
2617 582 2685 669 τῇ
2713 580 2904 652 άληθεί
2931 582 3096 656 ἡδονῇ
3121 586 3187 656 τῇ
3219 585 3573 659 σωφροσύνῃ.

2145 775 2164 808 ι
2201 755 2339 828 Περὶ
2366 755 2721 812 πάντωνιτῶν
2741 757 2935 827 ἁγίων,
2965 757 3062 812 καὶ
3088 758 3232 831 ὑπὲρ
3260 758 3422 830 ἐμοῦ,
3448 759 3539 814 ἵνα
3568 779 3669 832 μοι

2066 850 2194 923 δοθῇ
2230 851 2391 922 λόγος
2418 853 2477 906 ἐν
2507 849 2710 918 ἀνοίξει
2739 851 2835 908 τοῦ
2868 852 3140 924 στόματός
3182 869 3318 924 μου,
3346 855 3405 908 ἐν
3436 855 3669 926 παρρη-

2069 944 2164 1016 σίᾳ
2191 945 2462 1016 γνωρίσαι
2491 945 2554 999 τὺ
2579 945 2879 1016 μυστήριον
2899 945 2994 1000 τοῦ
3029 945 3394 1015 Εὐαγγελίου,
3427 945 3572 1018 ὑπὲρ
3594 939 3670 998 οὗ

2067 1035 2359 1109 πρεσϐεύω
2390 1037 2448 1091 ἐν
2479 1035 2706 1102 ἁλύσει,
2748 1036 2837 1110 ἵνα
2861 1038 2921 1090 ἐν
2958 1036 3109 1108 αὐτῷ
3142 1036 3620 1110 παρρησιάσωμαι
3643 1075 3665 1102 ,

2067 1131 2146 1194 ὡς
2177 1130 2260 1185 δεῖ
2293 1147 2363 1201 με
2389 1129 2644 1202 λαλῆσαι.
2677 1130 2798 1184 Ἵνα
2822 1129 2880 1184 δὲ
2915 1130 3065 1203 ίδητε
3099 1129 3198 1185 καί⁵
3227 1130 3392 1202 ὑμεῖς
3425 1128 3497 1184 τά
3534 1128 3662 1183 κατ’

2067 1219 2168 1290 ἐμὲ
2185 1259 2201 1286 ,
2225 1219 2298 1274 τί.
2313 1220 2566 1293 πράσσω.
3022 1274 3026 1277 ,
3157 1272 3163 1275 .

2139 1314 2342 1386 Εὐχαῖς
2380 1315 2749 1380 ἀδιαλείπτοις
2789 1315 3227 1387 προσκαρτερεῖν
3259 1312 3356 1367 καὶ
3383 1313 3411 1366 ό
3447 1311 3658 1384 Κύριος

2067 1407 2315 1477 κελεύει,
2354 1410 2454 1464 καὶ
2482 1410 2512 1463 ὁ
2544 1406 2758 1473 Παῦλος
2778 1451 2794 1474 ,
2829 1409 2887 1462 ἐν
2921 1406 3197 1476 πνεύματι
3225 1394 3282 1458 δέ
3311 1402 3414 1468 τὰς
3461 1399 3688 1475 εὐχὰς,“

2065 1499 2346 1554 τουτέστιν
2370 1501 2431 1555 ἐν
2461 1500 2559 1572 νῷ,
2591 1499 2665 1572 μὴ
2695 1499 2754 1554 ἐν
2788 1499 3018 1570 στόματι
3069 1497 3254 1568 μόνον.
3284 1496 3485 1550 Πολλαὶ
3507 1495 3566 1550 δέ
3594 1499 3660 1551 at

2067 1593 2249 1665 εὐχαὶ,
2286 1593 2372 1648 δτι
2393 1594 2486 1647 καὶ
2515 1593 2647 1664 περὶ
2677 1591 2914 1657 πολλῶν,
2942 1590 3085 1663 ὑπὲρ
3120 1588 3340 1651 πάντων
3370 1589 3427 1643 δέ
3454 1589 3657 1657 άγίων,

2069 1685 2164 1739 καὶ
2220 1683 2364 1756 ὑπὲρ
2415 1683 2581 1738 αὐτοῦ
2603 1701 2618 1716 ·
2669 1681 2860 1756 ἐπειδὴ
2904 1682 3002 1735 καλ⁵
3055 1678 3351 1750 ἐναγώνιον
3395 1677 3546 1750 αὐτῷ
3590 1678 3659 1734 τὸ

2068 1779 2229 1851 ἔργον
2253 1819 2272 1848 ,
2311 1781 2388 1845 ὼς
2421 1780 2518 1835 καὶ
2547 1779 2834 1854 δεσμώτην
2879 1778 3044 1834 αὑτὸν
3081 1777 3222 1852 ὑπὲρ
3253 1777 3418 1832 αὐτοῦ
3466 1792 3660 1849 παραυ
3765 1791 3768 1794 ·

2066 1871 2408 1944 πεπέμφθαι.

2142 1983 2162 2017 ι
2202 1965 2390 2021 Πάντα
2417 1965 2546 2036 ὑμῖν
2569 1967 2831 2038 γνωρίσει
2859 1964 3097 2038 Τυχικδς
3120 1965 3147 2018 ὁ
3164 1961 3454 2033 ἀγαπητὸς
3482 1962 3610 2017 ἀδελ
3626 1990 3655 2004 -

2066 2055 2192 2126 φὺς,
2221 2057 2314 2131 καξι
2337 2058 2528 2122 πιστὸς
2556 2057 2896 2128 διάκονος-ἐν
2937 2054 3152 2128 Κυρίῳ,
3178 2053 3236 2108 ὃν
3263 2051 3489 2125 ἔπεμψα
3513 2051 3657 2123 πρὸς

2066 2149 2210 2219 ὑμᾶς
2237 2137 2322 2212 εἰς’
2349 2147 2480 2203 αὐτὸ
2515 2146 2691 2212 τοῦτο,
2721 2148 2810 2203 ἵνα
2839 2146 3014 2218 γνῶτε
3062 2143 3134 2200 τά
3183 2142 3314 2213 περὶ
3338 2141 3520 2212 ἡμῶν,
3557 2140 3656 2195 καὶ

2065 2238 2425 2311 παρακαλέσῃ
2455 2238 2557 2304 τὰς
2601 2239 2830 2311 καρδίας
2881 2237 3061 2308 ὑμῶν.
3110 2237 3318 2308 Εἰρήνη
3353 2236 3467 2297 τοῖς
3506 2233 3656 2287 άδελ-

2065 2332 2210 2400 φοῖς,
2254 2331 2353 2384 καὶ
2397 2331 2589 2401 ἀγάπη
2641 2330 2784 2402 μετὰ
2821 2330 3065 2394 πίστεως
3121 2327 3232 2383 άπὸ
3259 2326 3395 2380 Θεοῦ
3437 2324 3654 2397 Πατρὸς

2064 2421 2158 2476 καὶ
2178 2422 2386 2495 Κυρίου
2428 2420 2605 2492 Ἰησοῦ
2631 2420 2894 2494 Χριστοῦ.
2933 2421 3000 2476 Ἥ
3050 2420 3216 2493 χάρις
3239 2417 3380 2489 μετά
3432 2417 3652 2472 πάντων

2062 2513 2171 2570 τῶν
2197 2514 2543 2585 ἀγαπώντων
2567 2514 2662 2576 τὸν
2706 2513 2913 2586 Κύριον
2941 2512 3105 2586 ἡμῶν
3145 2507 3355 2584 Ἰησοῦν
3407 2507 3650 2582 Χριστὸν

2063 2609 2122 2664 ἐν
2147 2609 2453 2682 ἀφθαρσίᾳ.
2473 2653 2476 2656 .
2495 2609 2690 2681 Ἀμήν.

2134 2703 2402 2777 Χαίρουσι
2434 2703 2544 2781 γάρ
2565 2705 2616 2758 οί
2653 2702 2802 2773 άγιοι
2831 2699 2925 2756 τοῦ
2973 2699 3132 2770 ἁγίου
3181 2691 3650 2765 κατευθυνομέιιω

2064 2796 2252 2870 ἔργου.
2285 2797 2379 2851 Διὸ
2406 2795 2602 2870 μηνύει
2622 2795 2692 2851 τά
2714 2793 2841 2850 καθ’
2868 2792 3064 2849 ἑαυτὸν
3114 2792 3237 2856 ταῖς
3277 2786 3651 2859 Ἐκκλησίαις.

2131 2975 2292 3045 Πρὸς
2311 2973 2640 3042 Ἐφεσίους
2663 2970 2894 3044 ἐγράφη
2920 2969 3040 3027 ἀπὸ
3079 2967 3309 3052 Ῥώμης
3348 2965 3448 3020 διὰ
3477 2961 3654 3035 Τυχι-

1985 3083 2030 3144 c
2065 3069 2200 3136 κοῦ,
2237 3069 2468 3138 στίχων
2508 3064 2646 3132 τιβ’.

841 3587 1056 3720 ΕΙΣ
1145 3627 1800 3719 ΕΠΙΣΤΟΛΗΝ
1923 3623 2217 3714 ΠΡΟΣ
2323 3623 3178 3713 ΦΙΛΙΠΠΗΣΙΟΥΣ.

947 3945 1072 4075 1N
1175 3982 1856 4078 EPISTOLAM
1933 3983 2084 4072 AD
2163 3923 3108 4074 PHILIPPENSES.-

872 4321 1102 4380 CAPUT
1127 4321 1430 4381 PRIMUM.

450 4414 598 4492 Vens
649 4410 708 4502 It,
742 4434 798 4490 2.
850 4454 868 4488 ‹
899 4434 1104 4494 Paulus
1126 4445 1182 4491 et
1212 4410 1548 4496 'Timotheus
1581 4426 1778 4495 servus
1827 4435 1958 4494 Jesu
1992 4421 2036 4476 ι)

378 4516 612 4595 Christi,
646 4529 905 4586 omnibus
941 4532 1156 4594 sanctis
1189 4531 1242 4584 in
1259 4531 1484 4587 Christo
1513 4531 1667 4595 Jesu,
1700 4529 1792 4601 qui
1827 4539 1960 4588 sunt

377 4607 675 4692 Philippis,
716 4637 842 4677 cum
862 4623 1142 4694 episcopis
1174 4631 1229 4679 et
1254 4623 1530 4679 diaconis.
1584 4621 1776 4679 Gratia
1799 4623 1961 4682 vobis

377 4718 433 4767 et
459 4707 616 4783 pax'a
645 4712 756 4770 Deo
787 4713 953 4772 Patre
1004 4724 1198 4772 nostro
1237 4723 1290 4771 et
1333 4714 1575 4771 Domino
1615 4714 1750 4771 Jesu
1791 4715 1960 4772 Chri-

374 4812 489 4871 διο.
509 4822 553 4877 ἰ»
1088 4865 1094 4872 ι
1257 4861 1260 4864 λ
1445 4865 1448 4868 ,

452 4894 755 4966 Epistulam
821 4897 966 4949 hanc
1017 4895 1217 4951 scribit
1273 4894 1340 4948 ad
1372 4895 1626 4952 homines
1653 4897 1747 4966 qui
1778 4895 1834 4951 in
1857 4897 1960 4952 do-

380 4986 562 5040 ctrina
632 4983 1010 5055 profecerant.
1089 4983 1462 5050 Quamobrem
1531 4985 1793 5058 dogmata
1853 5002 1963 5042 non

381 5077 582 5146 tangit,
618 5091 857 5146 quorum
887 5075 1128 5133 scientia
1167 5077 1305 5138 satis
1329 5085 1485 5132 erant
1512 5077 1793 5146 instructi,
1833 5094 1960 5136 cum

388 5165 589 5224 affatim
623 5185 687 5224 ea
731 5170 801 5224 ab
857 5169 1128 5241 Apostolo
1155 5170 1276 5241 ipso
1304 5170 1675 5242 accepissent.
1711 5174 1959 5228 Duorum

381 5276 515 5317 vero
571 5277 671 5333 per
711 5269 881 5318 totam
937 5261 1072 5327 fere,
1113 5272 1169 5317 ut
1206 5264 1281 5317 ita
1313 5262 1513 5329 dicam,
1544 5265 1837 5336 epistolam
1866 5282 1964 5323 eos

383 5351 643 5435 admonet
682 5368 696 5405 :
735 5368 803 5406 ne
821 5352 1199 5422 extollantur;
1233 5354 1434 5426 quippe
1468 5371 1591 5412 cum
1632 5357 1739 5412 hoc
1775 5368 1965 5414 nosset

383 5444 653 5516 subsequi
693 5444 875 5502 solere
929 5461 1027 5500 eos
1075 5447 1169 5519 qui
1207 5463 1322 5503 rem
1372 5449 1777 5519 propemodum
1810 5459 1965 5506 recte

383 5547 643 5611 gererent
673 5558 686 5594 :
717 5549 832 5594 tum
888 5540 1056 5596 etiam
1095 5543 1173 5594 uti
1217 5557 1435 5612 semper
1465 5541 1765 5612 gaudeant.
1796 5530 1964 5598 Gravi

385 5631 660 5700 siquidem
686 5647 925 5688 maerore
965 5632 1432 5700 conficiebantur,
1479 5651 1544 5689 ex
1584 5650 1696 5708 quo
1726 5619 1964 5706 Aposto—

388 5723 497 5778 lum
559 5724 802 5780 vinctum
861 5727 1608 5798 audierant,dicendamque
1661 5729 1814 5784 brevi
1837 5744 1965 5783 sen-

2598 4293 2997 4374 ΚΕΦΑΛΑΙΟΝ
3041 4320 3122 4375 A'.

2143 4461 2161 4494 ι
2196 4439 2408 4504 Παῦλος
2451 4438 2547 4492 καὶ
2600 4435 2870 4508 Τιμόθεος
2929 4434 3118 4500 δοῦλος
3173 4435 3348 4507 Ἰησοῦ
3407 4436 3654 4506 Χριστοῦ

2068 4535 2204 4588 πᾶσι
2234 4535 2346 4596 τοῖς
2381 4531 2562 4600 ἁγίοις
2605 4529 2665 4583 ἐν
2722 4527 2951 4600 Χριστῷ
2985 4525 3191 4599 Ἰησοῦ,
3250 4531 3362 4592 τοῖς
3399 4525 3555 4584 οὖσιν
3594 4531 3654 4584 ἐν

2064 4624 2374 4687 Φιλίπποις,
2423 4621 2522 4674 σὺν
2571 4619 2895 4682 ἐπισκόποις
2925 4673 2938 4678 ,,
2960 4619 3057 4673 καὶ
3117 4618 3423 4683 διακόνοις·
3489 4617 3656 4690 χάρις

2067 4719 2195 4787 ὑμῖν
2227 4714 2532 4785 καὶείρήνη
2565 4712 2673 4766 άπὸ
2705 4698 2854 4766 Θεοῦ
2880 4711 3094 4783 Πατρὸς
3127 4711 3287 4782 ήμῶν
3321 4711 3419 4770 καὶ
3439 4710 3654 4781 Κυρίου

2081 4807 2256 4880 Ἰησοῦ
2283 4805 2545 4878 Χριστοῦ.
2577 4824 2596 4858 ι
2645 4841 2648 4844 -
2738 4857 2739 4860 η
3481 4835 3487 4842 ι

2139 4899 2357 4969 Ταύτην
2404 4898 2605 4968 γράφει
2629 4895 2728 4969 τὴν
2783 4895 3074 4967 ἐπιστολὴν
3101 4895 3358 4967 ἀνδράσιν
3389 4894 3448 4948 ἐν
3473 4896 3540 4966 τῇ
3569 4893 3652 4947 δι-

2068 4991 2339 5063 δασκαλίᾳ
2405 4988 2741 5060 προκόψασι.
2801 4987 2892 5040 Διὸ
2932 4988 3027 5042 καὶ
3077 4987 3369 5057 δογμάτων
3419 4986 3521 5056 μὲν
3556 4986 3657 5056 οὐχ

2071 5082 2324 5145 ἅπτεται,
2365 5081 2556 5149 ἐπειδὴ
2608 5079 2705 5134 καὶ
2738 5077 2940 5142 ἱκανῶς
2970 5075 3116 5160 εζχον
3143 5079 3243 5148 τῆς
3281 5078 3413 5148 περὶ
3449 5076 3656 5130 τούτων

2069 5173 2346 5243 γνώσεως,
2404 5173 2500 5227 ἅτε
2525 5172 2796 5235 πλουσίως
2819 5172 2949 5242 παρ’
2979 5169 3156 5226 αὐτοῦ
3189 5169 3284 5223 τοῦ
3325 5169 3654 5222 Ἀποστόλου

2069 5266 2177 5320 τῶν
2206 5266 2464 5319 τοιούτων
2522 5263 2952 5340 ἀπολαύσαντες.
3005 5263 3109 5316 Δύο
3139 5262 3196 5315 δέ
3225 5262 3410 5324 αὐτοῖς
3445 5260 3656 5331 σχεδὸν,

2071 5359 2150 5421 ,ὡς
2183 5360 2382 5420 εἰπεῖν,
2415 5358 2484 5411 δι’
2509 5357 2640 5428 ὅλης
2699 5357 2799 5427 τῆς
2831 5357 3124 5425 ἐπιστολῆς
3173 5356 3454 5425 παραινεῖ,
3491 5353 3662 5422 τδμὴ

2075 5450 2362 5522 ὑψοῦσθαι,
2390 5450 2580 5523 ἐπειδὴ
2635 5451 2732 5504 καὶ
2760 5449 2922 5506 τοῦτο
2968 5447 3110 5504 οἶδεν
3140 5450 3329 5520 ὥσπερ
3363 5447 3662 5508 ἀκόλουθον

2072 5547 2184 5608 τοῖς
2215 5545 2383 5613 ἐγγὺς
2411 5544 2505 5599 τοῦ
2540 5543 2951 5616 κατορθωκέναι
2969 5543 3306 5612 γενομένοις,
3329 5541 3513 5594 καὶτὸ
3535 5540 3661 5610 χαί-

2075 5653 2190 5706 ρειν
2216 5635 2303 5690 διὰ
2332 5640 2554 5700 παντός.
2578 5635 2792 5710 Σφόδρα
2827 5636 2936 5707 γὰρ
2967 5635 3234 5708 ἠθύμουν,
3259 5635 3336 5688 τὰ
3364 5633 3542 5705 δεσμὰ
3559 5632 3658 5686 τοῦ

2090 5730 2414 5783 Ἀποςιὸλου
2463 5730 2777 5810 ἀκούοντες,
2833 5730 2927 5784 καὶ
2970 5729 3070 5800 τὴν
3103 5728 3407 5805 μέλλουσάν
3452 5725 3659 5797 κρίσιν,
