4048 6420
350 288 445 353 857

1431 289 1528 356 .IN
1564 295 1808 362 EPIST.
1847 297 1954 360 AD
1986 297 2555 362 PHILIPPENSES.

3523 309 3627 376 858

350 401 557 456 καὶτὸν
603 397 1054 470 προσδοκώμενον
1113 401 1281 456 αὑτοῦ
1330 402 1585 461 θάνατον.
1631 405 1772 464 Οὔτε
1822 407 1931 480 γὰρ

2053 410 2288 477 entiam,
2327 425 2395 467 ac
2427 421 2664 467 mortem
2707 411 2836 482 ejus
2867 411 3251 482 exspectando
3293 423 3476 469 erant.
3516 414 3628 472 Nev-

349 492 576 564 ήλπιζον
590 490 753 547 αὓτδν
779 494 879 558 τὰς
905 494 1096 564 χεῖρας
1135 493 1498 564 ἐκφεύξεσθαι
1527 497 1622 552 τοῦ
1661 499 1940 574 Νέρωνος,

351 584 544 657 ἀνδρὸς
573 584 705 639 τάτε
734 583 876 638 ἄλλα
904 586 1211 658 μεμηνότος
1241 588 1487 660 καὶπερὶ
1513 589 1714 660 φόνους
1743 593 1872 661 ἐπτο
1885 614 1944 664 q-

354 677 541 748 μένου.
573 676 666 730 Διὸ
689 677 786 730 καὶ
813 676 1034 731 λέοντα
1084 679 1250 733 αὐτὸν
1282 681 1341 750 ἐν
1394 683 1473 754 τῇ,
1496 683 1635 754 πρὸς
1670 679 1943 756 Τιμόθεον

362 769 647 841 Ἐπιστολῇ
669 767 841 843 καλεῖ.
861 770 924 824 '0
943 770 1158 840 Κύριος
1181 771 1294 842 γάρ
1325 789 1423 840 μοι
1440 774 1735 844 παρέστη,
1752 777 1942 847 φησὶν,

348 863 446 917 και
474 863 781 932 emacem
813 863 885 918 ἐκ
919 863 1230 934 στόματος
1265 852 1542 932 λέοντος.
1578 867 1663 922 Τὰ
1703 868 1761 923 δὲ
1802 869 1943 926 ,ἄλλα

351 955 530 1009 πάντα
553 952 590 1008 ἃ
623 956 880 1024 παραινεῖ
929 957 1136 1021 αὐτοῖς,
1173 957 1255 1021 ὡς
1283 957 1345 1023 ἐν
1382 959 1652 1036 ἐπιδρομῇ
1685 964 1945 1034 παραινεῖ

349 1045 554 1110 αὐτοῖς,
621 1047 942 1119 ἐπειδήπερ,
1003 1047 1079 1112 ὡς
1123 1048 1282 1121 ἔφην,
1343 1051 1514 1114 πολὺν
1567 1053 1703 1124 παρ’
1747 1054 1937 1126 αὐτοῖς

347 1137 636 1210 διατρίψας
657 1139 872 1214 χρόνον,
900 1139 1127 1196 πλεῖστα
1151 1141 1337 1208 αὐτοῖς
1362 1143 1660 1215 ,ὠφελήσας
1697 1139 1788 1217 ἦν.

434 1311 653 1382 Ἐπειδὴ
686 1309 879 1365 τοῦτον
913 1311 1096 1376 αὐτοῖς
1122 1313 1214 1366 τὸν
1247 1314 1514 1387 Τιμόθεον
1551 1319 1609 1371 ἐν
1641 1316 1781 1390 αὐτῇ
1804 1317 1931 1371 ἐπι-

349 1403 514 1475 στολῇ
547 1402 948 1473 ἐπαγγέλλεται
984 1405 1182 1476 μικρὸν
1208 1403 1438 1479 ὕστερον
1473 1409 1711 1480 πέμψαι,
1746 1409 1941 1464 τούτου

348 1495 513 1567 χάριν
541 1497 840 1550 κοινοποιεῖ
884 1496 983 1567 τὴν
1039 1498 1351 1570 ἐπιστολὴν,
1402 1500 1718 1572 προεθίζων
1743 1501 1942 1569 αὐτοὺς

343 1586 674 1642 διδάσκαλον
702 1587 868 1642 αὑτὸν
893 1587 1172 1658 δέχεσθαι.
1209 1591 1273 1644 Εἰ
1313 1591 1424 1665 γὰρ
1449 1592 1551 1664 τῆς
1583 1590 1679 1648 νῦν
1718 1611 1940 1665 πεμπο-

2043 514 2151 572 que
2203 502 2353 556 enim
2401 516 2700 557 evasurum
2754 504 3057 574 sperabant
3106 519 3308 562 manus
3347 489 3646 573 Nemnis:

2039 591 2149 646 viri
2179 607 2306 646 cum
2334 592 2474 648 alias
2535 593 2760 663 quidem
2803 593 3166 662 insanientis,
3230 605 3346 651 tum
3394 598 3630 653 caedium

2043 681 2378 738 avidissimi.
2411 679 2689 748 Quocirca
2719 681 2868 737 hunc
2905 699 3130 754 quoque
3159 683 3358 740 leonem
3391 687 3630 757 appellat

2043 771 2102 828 in
2148 769 2400 842 Epistola
2464 773 2531 830 ad
2581 772 2979 830 Timotheum:
3014 774 3270 832 Dominus
3326 778 3468 834 enim
3497 779 3630 832 mihi

2044 865 2239 930 astitit,
2283 865 2499 937 linquit,
2551 874 2602 920 et
2644 865 2904 922 liberatus
2965 883 3085 924 sum
3128 867 3193 923 de
3256 886 3345 924 ore
3371 871 3627 926 leonis”.

2043 953 2256 1012 Caetera
2277 970 2411 1011 vero
2433 955 2503 1012 de
2536 956 2742 1028 quibus
2768 972 2864 1014 eos
2883 956 3166 1025 admonet,
3195 959 3384 1015 obiter
3404 971 3458 1016 et
3479 963 3631 1017 velut

2044 1061 2144 1120 per
2172 1054 2534 1104 transennam
2592 1049 2814 1116 suadet,
2878 1050 3012 1120 quia
3047 1066 3174 1106 cum
3224 1052 3460 1107 multum
3493 1061 3632 1108 tem-

2043 1137 2220 1208 poris,
2252 1145 2314 1192 ut
2336 1153 2366 1192 a
2387 1155 2476 1195 me
2500 1139 2713 1195 dictum
2749 1148 2856 1211 est,
2886 1140 3036 1214 apud
3076 1157 3174 1200 eos
3205 1141 3438 1216 egisset,
3457 1143 3631 1214 pluri-

2043 1242 2196 1284 mum
2223 1227 2361 1300 ipsis
2397 1228 2703 1298 profuerat.

2115 1321 2259 1388 Quia
2317 1320 2666 1379 Timotheum
2726 1323 2878 1382 hunc
2906 1325 3062 1382 brevi
3115 1340 3146 1382 a
3187 1339 3252 1384 se
3294 1324 3632 1383 mittendum

2039 1407 2102 1478 in
2136 1409 2242 1466 hac
2265 1411 2502 1482 epistola
2563 1414 2882 1485 pollicetur,
2933 1416 3148 1472 idcirco
3184 1415 3473 1476 communi
3516 1429 3636 1470 am-

2042 1504 2241 1562 borum
2296 1506 2520 1562 nomine
2569 1506 2858 1578 epistolam
2915 1507 3137 1573 scribit,
3180 1516 3244 1563 ut
3291 1505 3634 1564 assuefaciat

2046 1596 2170 1654 illos
2207 1597 2277 1653 ad
2322 1597 2608 1655 doctorem
2647 1599 2799 1655 hunc
2848 1601 3264 1672 excipiendum.
3298 1599 3436 1654 Cum
3480 1600 3632 1656 enim

350 1677 524 1748 μένης
549 1677 735 1742 αὐτοῖς
758 1676 1116 1744 διδασκαλίας
1173 1682 1430 1735 κοινωνὸν
1469 1682 1635 1738 αὐτὸν
1667 1686 1695 1739 6
1725 1684 1938 1751 Παῦλος

2053 1687 2250 1746 Paulus
2269 1688 2538 1746 doctrina:
2569 1706 2736 1760 quam
2770 1691 2908 1762 ipsis
2930 1692 3207 1755 mittebat,
3232 1692 3447 1748 socium
3472 1691 3629 1746 illum

345 1769 669 1838 ἐποιήσατο,
718 1768 836 1833 πῶς
855 1769 977 1840 οὐχὶ
1015 1770 1111 1824 καὶ
1140 1773 1516 1844 παρεσόμενον
1547 1775 1747 1847 μικρὸν
1775 1775 1939 1831 661e-

2053 1781 2382 1849 tdmisisset,
2409 1758 2688 1854 quomodo
2716 1758 2902 1854 ipsum
2925 1784 3120 1854 paucis
3148 1791 3272 1854 post
3297 1782 3498 1839 diebus
3531 1783 3632 1839 ad-

346 1877 446 1932 ρον
471 1857 709 1924 δέξονται
741 1860 953 1926 τοῦτον,
975 1859 1039 1915 οὗ
1063 1863 1164 1935 ήδη
1194 1864 1297 1934 τῆς
1329 1864 1558 1938 διδαχῆς
1590 1869 1938 1939 ἀκηκόασιν;

355 1951 562 2014 Ἰστέον
595 1952 653 2006 δέ
674 1951 749 2018 ὡς
775 1952 871 2024 ὅλῃ
901 1953 1054 2026 χώρᾳ
1091 1955 1187 2008 καὶ
1216 1955 1322 2027 ὅλῳ
1353 1956 1496 2012 ἔθνει
1521 1959 1802 2032 ἐκπέμπει

343 2043 645 2115 ἐπιατολήν
669 2062 686 2080 ο
710 2048 808 2099 κιιῖ⁴
845 2045 1192 2118 τοῦτοδῆλον
1221 2048 1286 2102 ἐκ
1315 2047 1436 2116 τοῦ,
1468 2051 1792 2122 σύμπασιν
1809 2053 1940 2110 ἐπι-

342 2138 628 2208 σκόποις,
654 2138 853 2193 εἰπεῖν.

427 2327 448 2363 ι
490 2309 816 2384 Εὐχαριστῶ
871 2311 952 2384 τῷ
983 2311 1105 2378 Θεῷ
1145 2330 1248 2385 μου
1306 2313 1404 2368 ἐπὶ
1458 2315 1612 2390 πάσῃ
1647 2317 1716 2389 τῇ
1777 2319 1943 2392 μνείᾳ

350 2400 530 2472 ὑμῶν,
589 2403 828 2457 πάντοτε
871 2405 932 2458 ἐν
960 2405 1113 2479 πάσῃ
1167 2405 1350 2477 δεήσει
1402 2423 1505 2479 μου
1533 2407 1674 2479 ὑπὲρ
1721 2409 1942 2478 πάντων

350 2492 530 2564 ὑμῶν,
562 2495 700 2565 μετά
723 2497 927 2568 χαρᾶς,
973 2496 1076 2568 τὴν
1129 2497 1318 2569 δέησιν
1374 2505 1726 2578 ποιούμενος,
1749 2501 1844 2555 ἐπὶ
1871 2505 1940 2576 τῇ

351 2586 612 2658 κοινωνίᾳ
637 2587 792 2658 ὑμῶν
829 2590 911 2652 εἰς
933 2588 995 2642 τὸ
1025 2589 1380 2659 Εὕαγγέλιον,
1412 2592 1521 2645 ἀπὸ
1547 2591 1771 2664 πρώτης
1800 2593 1941 2665 ὴμέ-

353 2695 456 2751 ρας
477 2677 616 2752 ἄχρι
651 2679 749 2735 τοῦ
775 2679 893 2746 νῦν,
922 2680 1205 2746 πεποιθὼς
1225 2683 1379 2754 αὐτῷ
1405 2683 1585 2751 τοῦτο,
1613 2685 1696 2739 ὅτι
1728 2687 1757 2740 6
1777 2687 1943 2758 ἐργα-

353 2771 596 2843 σάμενος
648 2772 709 2826 ἐν
767 2772 898 2844 ὑμῖν
943 2773 1109 2846 ἔργον
1160 2773 1388 2845 ἀγαθὸν,
1436 2776 1743 2832 ἐπιτελέσει
1784 2777 1945 2852 ἄχρις

350 2864 572 2937 ἡμέρας
590 2863 855 2938 Χριστοῦ.
889 2884 910 2919 ι
1064 2893 1066 2895 >

420 2957 718 3030 Προκοπὴν
781 2958 966 3023 αὐτοῖς
1024 2958 1231 3031 πολλὴν
1307 2963 1612 3034 μαρτυρεῖ,
1683 2961 1822 3016 ὅπου
1878 2978 1945 3032 γε

356 3049 711 3120 μεμνημένος
732 3049 934 3118 αὐτῶν,
962 3051 1025 3104 οὐ
1068 3052 1210 3123 μετὰ
1237 3052 1494 3132 δακρύων
1527 3053 1561 3126 ἢ
1599 3054 1941 3126 στεναγμῶν,

351 3113 670 3214 menseset
693 3143 806 3199 τῶν
845 3113 1228 3215 σαλευομένων
1279 3113 1585 3216 μέιμνηταί,
1633 3113 1946 3217 ἀλλά-μετά
1969 3113 2014 3174 C

353 3231 561 3306 una;
589 3231 964 3306 εὐχαριστίας,
1015 3235 1155 3305 ὅπερ
1191 3234 1326 3290 ῖδιον
1374 3235 1486 3290 τῶν
1532 3235 1945 3308 κατορθούντων

351 3325 495 3380 ἐστί.
527 3325 688 3380 Ποῖον
710 3325 768 3380 δὲ
797 3325 984 3381 αὐτῶν
1023 3325 1086 3381 τὺ
1132 3325 1490 3399 κατόρθωμα,
1544 3327 1579 3399 ἢ
1625 3328 1708 3382 ὅτι
1745 3346 1944 3383 κοινιιιι⁴

355 3416 620 3490 νήσαντες
643 3417 794 3490 αὐτῷ
814 3417 911 3473 τοῦ
933 3409 1299 3489 Εὐαγγελίου,
1322 3419 1433 3473 ἀπὸ
1457 3420 1562 3490 τῆς
1580 3421 1758 3492 ἀρχῆς
1782 3421 1944 3493 μέχρι

354 3509 452 3565 καὶ
478 3509 580 3565 νῦν
603 3511 950 3583 μεμενήκασι
974 3514 1248 3578 κοινωνοὶ,
1276 3513 1336 3567 ἐν
1368 3513 1561 3586 μηδενὶ
1582 3513 1644 3568 τὸ
1676 3516 1946 3586 παράπαν

356 3603 904 3676 παρασαλευόμενοις
950 3606 1090 3676 ὅπερ
1135 3605 1288 3676 αὐτῷ
1313 3607 1410 3660 καὶ
1466 3606 1565 3679 τήν
1613 3607 1824 3680 ἀγαθὴν
1851 3607 1946 3662 τοῦ

362 3696 650 3767 μέλλοντος
674 3697 872 3752 ἐλπίδα
903 3698 1158 3769 παρέχει.
1190 3695 1324 3753 Οἶδα
1342 3698 1473 3778 γὰρ,
1508 3699 1696 3771 φησὶν,
1732 3700 1807 3765 ὡς
1836 3701 1950 3753 ἐπι-

358 3786 607 3839 τελέσετε
640 3785 803 3840 τοῦτο
826 3786 887 3840 τὸ
902 3785 1206 3858 ἔργον,ἐως
1226 3786 1294 3841 ἂν
1326 3785 1553 3860 αὐτῷἐν
1581 3791 1648 3861 τῇ
1676 3790 1950 3862 παρουσίᾳ

360 3875 450 3930 τοῦ
475 3877 678 3948 Κυρίου
713 3879 1125 3950 προσενέγκητε
1147 3877 1312 3937 σῶον.

436 4177 456 4213 ι
489 4160 691 4226 Καθὼς
740 4161 857 4214 ἐστι
893 4160 1101 4214 δίκαιον
1167 4161 1294 4232 ἐμοὶ
1341 4159 1501 4214 τοῦτο
1547 4163 1767 4231 φρονεῖν
1805 4127 1956 4234 ὑπὲρ⁴

363 4253 580 4309 πάντων
615 4253 790 4324 ὑμῶν,
824 4252 913 4307 διὰ
946 4253 1007 4306 τὸ
1035 4251 1183 4325 ἔχειν
1243 4271 1310 4324 με
1346 4256 1405 4306 ἐν
1452 4255 1518 4324 τῇ
1548 4253 1748 4326 καρδίᾳ
1782 4254 1948 4324 ὑμᾶς,

363 4346 419 4402 ἐν
443 4365 501 4402 τε
528 4349 644 4411 τοῖς
669 4347 894 4417 δεσμοῖς
920 4363 1045 4417 μου,
1081 4347 1176 4400 καὶ
1204 4348 1263 4399 ἐν
1287 4349 1353 4418 τῇ
1382 4345 1673 4416 ἀπολογίᾳ,
1726 4346 1825 4400 καὶ
1861 4345 1952 4418 βε-

2039 1874 2356 1931 venientem
2385 1890 2494 1929 non
2535 1883 2728 1930 essent
2755 1876 3099 1946 suscepturi,
3127 1875 3290 1946 cujus
3314 1876 3428 1946 jam
3455 1875 3634 1931 docu-

2044 1973 2230 2022 menta
2264 1966 2664 2037 accepissent?
2719 1967 2838 2022 Hoc
2866 1981 2998 2024 vero
3042 1967 3190 2023 scire
3238 1966 3463 2031 attinet,
3487 1967 3633 2022 Pau-

2043 2059 2156 2114 lum
2187 2057 2256 2115 ad
2288 2073 2509 2114 omnem
2541 2058 2825 2129 regionem
2866 2073 3206 2130 ornnemque
3235 2067 3455 2130 gentem
3486 2058 3632 2116 scri-

2041 2151 2176 2209 bere
2216 2152 2412 2224 :quod
2469 2149 2825 2208 manifestum
2879 2151 3036 2223 facit,
3085 2151 3342 2220 dicendo,
3387 2151 3632 2208 omnibus

2041 2243 2317 2313 episcopis.

2117 2329 2288 2388 Vens.
2313 2330 2434 2388 5-6.
2465 2349 2486 2384 ι
2521 2329 2748 2388 Gratias
2775 2343 2882 2402 ago
2939 2326 3054 2386 Deo
3087 2342 3212 2385 meo
3242 2327 3300 2384 in
3327 2326 3479 2382 omni
3513 2339 3636 2382 me-

2043 2422 2219 2478 moria
2248 2423 2444 2489 vestri,
2503 2437 2727 2493 semper
2758 2407 2815 2477 in
2853 2417 3078 2480 cunctis
3110 2416 3466 2474 orationibus
3497 2418 3638 2472 meis

2043 2529 2146 2586 pro
2197 2515 2464 2590 omnibus
2503 2515 2690 2584 vobis,
2731 2528 2860 2570 cum
2912 2511 3120 2583 gaudio
3183 2507 3636 2582 deprecationem

2045 2606 2282 2673 faciens,
2332 2623 2502 2679 super
2547 2604 3059 2664 communicatione
3092 2609 3280 2658 vestra
3341 2600 3398 2657 in
3433 2599 3638 2656 Evan-

2042 2701 2211 2771 gelio,
2237 2715 2268 2754 a
2307 2703 2484 2771 prima
2514 2698 2605 2756 die
2643 2713 2824 2770 usque
2853 2709 3027 2752 nunc.
3072 2692 3376 2749 Conﬁdens
3399 2691 3503 2748 hoc
3550 2691 3640 2761 ip-

2046 2806 2192 2858 sum,
2225 2789 2357 2861 quia
2386 2790 2480 2860 qui
2511 2789 2682 2861 coepit
2711 2789 2768 2844 in
2781 2785 2942 2842 vobis
2962 2800 3105 2858 opus
3127 2784 3361 2850 bonum,
3385 2781 3638 2855 perﬁciet

2047 2899 2224 2955 usque
2257 2885 2313 2938 in
2351 2883 2496 2939 diem
2532 2882 2742 2938 Christi
2781 2879 2936 2940 Jesu.
2967 2897 2987 2931 ι

2119 2975 2476 3032 Testilicatur
2526 2987 2624 3030 eos
2645 2973 2948 3040 admodum
2993 2965 3322 3041 profecisse,
3351 2965 3470 3038 qui,
3501 2963 3635 3022 dum

2048 3065 2298 3138 ipsorum
2333 3064 2757 3130 recordabatur,
2777 3075 2890 3117 non
2924 3058 3191 3129 gemitus,
3223 3071 3334 3114 non
3362 3055 3638 3126 lacrymas

2048 3158 2433 3230 exprimeret,
2493 3152 2967 3225 quemadmodum
3055 3160 3281 3222 propter
3352 3146 3476 3204 illos
3539 3143 3638 3215 qui

2047 3249 2404 3314 ﬂuctuarent,
2444 3247 2542 3305 sed
2576 3248 2781 3303 multas
2820 3252 3008 3318 grates
3063 3251 3250 3314 ageret
3284 3239 3445 3314 195.
3472 3239 3585 3296 Deo
3618 3252 3638 3292 :

2048 3339 2101 3394 id
2136 3339 2284 3409 quod
2320 3337 2610 3413 proprium
2640 3344 2730 3393 est
2757 3349 2949 3392 eorum
2973 3333 3182 3404 quibus
3207 3346 3294 3387 res
3333 3331 3474 3386 bene
3505 3342 3639 3385 suc-

2046 3428 2274 3484 cedunt.
2325 3425 2556 3499 Ecquod
2606 3440 2740 3482 vero
2780 3424 2887 3479 hoc
2931 3421 3148 3478 facinus
3210 3421 3456 3490 ipsorum
3489 3426 3637 3482 erat,

2049 3519 2156 3575 nisi
2177 3518 2334 3590 quia,
2368 3534 2492 3574 cum
2527 3534 2587 3574 se
2626 3517 2816 3575 socios
2861 3516 3012 3571 illius
3055 3514 3113 3569 in
3161 3510 3465 3582 Evangelia
3497 3524 3641 3580 prae-

2048 3613 2348 3676 stitissent,
2374 3612 2442 3666 ab
2467 3611 2635 3666 initio
2665 3625 2843 3680 usque
2867 3608 2935 3662 ad
2959 3607 3063 3662 ilhc
3077 3615 3295 3676 tempus
3313 3604 3368 3657 in
3388 3617 3643 3656 commu-

2049 3703 2215 3758 nione
2238 3709 2661 3772 permanserant
2682 3744 2697 3769 ,
2715 3702 2790 3755 ita
2819 3711 2875 3755 ut
2893 3699 3036 3753 nihil
3064 3699 3215 3769 ipsos
3233 3695 3644 3751 concussisset?

2049 3795 2104 3852 id
2127 3795 2274 3866 quod
2299 3796 2459 3866 plane
2489 3810 2641 3868 spem
2681 3794 2882 3856 bonam
2923 3792 3096 3846 futuri
3141 3788 3445 3862 praebebat.
3502 3783 3642 3838 Novi

2051 3888 2327 3957 siquidem
2383 3885 2525 3949 fore,
2581 3885 2786 3955 inquit,
2848 3890 2908 3937 ut
2954 3882 3062 3937 hoc
3126 3895 3270 3951 opus
3316 3875 3642 3949 perﬁciatis,

2051 3981 2226 4038 donec
2280 3979 2555 4049 integrum
2617 3976 2754 4034 illud
2816 3975 3063 4030 offeratis
3115 3973 3172 4028 in
3235 3972 3476 4027 adventu
3539 3969 3645 4022 Do-

2052 4070 2215 4124 mini.

2123 4159 2293 4217 Vens.
2343 4159 2396 4213 '7.
2439 4177 2458 4210 ι
2500 4157 2658 4214 Sicut
2707 4165 2794 4214 est
2841 4156 2976 4216 mihi
3025 4155 3241 4227 justum
3297 4154 3404 4207 hoc
3435 4148 3646 4206 sentire

2054 4269 2151 4324 pro
2180 4251 2444 4308 omnibus
2476 4250 2676 4318 vobis;
2709 4264 2776 4304 eo
2807 4248 2954 4319 quod
2990 4249 3220 4302 habeam
3248 4260 3347 4298 vos
3372 4244 3426 4298 in
3456 4239 3644 4305 corde,

2054 4354 2108 4402 et
2141 4347 2196 4400 in
2246 4343 2486 4420 vinculis
2529 4343 2692 4408 meis,
2743 4350 2798 4397 et
2850 4343 2904 4396 in
2951 4339 3299 4400 defensione,
3336 4343 3390 4391 et
3427 4335 3482 4388 in
3511 4347 3646 4388 con-

363 4439 588 4494 6αιώσει
619 4437 715 4491 τοῦ
751 4437 1114 4506 Εὑαγγελίου,
1145 4437 1551 4506 συγκοινωνούς
1593 4453 1686 4508 μοι
1719 4436 1818 4505 τῆς
1848 4436 1947 4508 χά-

2058 4439 2389 4507 lirmatione,
2449 4436 2637 4493 socios
2677 4434 2868 4507 gaudii
2923 4434 3032 4488 mei
3069 4446 3263 4487 omnes
3305 4444 3401 4484 vos
3434 4441 3577 4482 esse.
3610 4442 3640 4482 ,ι

365 4549 510 4606 ριτος
533 4528 745 4595 πάντας
774 4531 919 4602 ὑμᾶς
950 4530 1134 4594 ὄντας.
1176 4549 1196 4583 ι

445 4620 668 4694 Ἐπειδὴ
734 4620 1063 4695 πεποίθησιν
1117 4618 1273 4675 εἶπεν
1316 4621 1462 4693 ἔχειν
1500 4623 1586 4675 ἐπ’
1628 4619 1834 4686 αὐτοῖς,
1868 4621 1970 4680 δι-⁶

362 4715 524 4769 καίαν
562 4713 714 4783 λέγει
751 4713 959 4786 ταύτην
989 4713 1132 4786 ἔχειν
1160 4713 1258 4786 τὴν
1315 4713 1664 4786 πεποίθησιν.
1715 4713 1954 4786 Θαρρείν

359 4805 472 4878 γάρ
498 4823 686 4877 φησιν,
716 4804 793 4868 ὡς
844 4805 1066 4860 πάντων
1097 4805 1248 4878 αὐτῷ
1279 4805 1496 4860 ἔσονται
1546 4807 1816 4873 κοινωνοὶ,
1842 4806 1953 4859 τῶν

359 4899 605 4972 δεσμῶν,
631 4899 732 4972 τῆς
765 4897 1086 4968 ἀπολογίας,
1130 4897 1233 4969 τῆς
1266 4898 1509 4970 χάριτος.
1549 4898 1623 4951 Τὸ
1654 4897 1796 4951 οὕτω
1825 4914 1890 4962 πε
1902 4897 1956 4970 pi.

359 4993 474 5048 τῶν
497 4991 908 5046 πιστευσάντων
932 4989 1183 5060 θαρρεῖν,
1218 4990 1436 5062 μεγάλη
1464 4991 1614 5045 ἐστὶν
1643 4990 1825 5045 αὐτῶν
1863 4990 1956 5062 βε-

361 5083 657 5154 ϐαιότητος
685 5082 979 5156 μαρτυρία.

442 5193 464 5229 ι
498 5177 728 5250 Μάρτυς
781 5171 890 5248 γάρ
919 5173 1029 5247 μού
1081 5175 1232 5228 ἐστιν
1273 5175 1302 5227 6
1354 5173 1510 5238 Θεὸς,
1569 5174 1645 5239 ὡς
1703 5173 1956 5231 ἐπιποθῶ

363 5268 579 5332 πάντας
611 5267 758 5336 ὑμᾶς
806 5266 865 5320 ἐν
898 5266 1232 5336 σπλάγχνοις
1294 5265 1474 5336 Ἰησοῦ
1530 5267 1794 5336 Χριστοῦ.
1845 5267 1956 5320 Καὶ

361 5363 526 5418 τοῦτο
555 5359 949 5433 προσεύχομαι,
986 5359 1134 5430 ἵναή
1181 5359 1371 5428 ἀγάπη
1413 5357 1570 5428 ὑμῶν
1615 5357 1699 5411 ἔτι
1749 5359 1954 5429 μᾶλλον

363 5453 675 5528 περισσεύῃ
697 5453 756 5507 ἐν
794 5451 1090 5520 ἐπιγνώσει
1129 5453 1226 5506 καὶ
1283 5450 1431 5522 πάσῃ
1481 5449 1758 5522 αἰσθήσει,
1784 5453 1868 5516 είς
1895 5451 1958 5506 τὸ

362 5541 684 5615 δοκιμάζειν
715 5542 860 5612 ὑμᾶς
887 5541 958 5600 τὰ
989 5541 1346 5613 διαφέροντα,
1383 5541 1472 5596 ἵνα
1503 5536 1603 5614 ἦτε
1640 5541 1957 5615 εἰλικρινεῖς

425 5707 472 5740 ¹⁹
509 5723 555 5781 ιι
588 5696 733 5792 Tim.
761 5692 836 5795 iv,
871 5693 956 5782 ui.

2088 4608 2270 4686 'Quia
2326 4616 2469 4673 dixit
2511 4617 2566 4671 in
2629 4615 2713 4672 eis
2777 4629 2838 4678 se
2880 4611 3177 4674 conlidere,
3206 4619 3322 4664 tum
3387 4605 3645 4662 ﬁduciam

2057 4714 2203 4768 hanc
2223 4712 2438 4782 justam
2461 4719 2515 4766 et
2545 4709 2850 4779 legitimam
2881 4721 3008 4760 esse
3049 4703 3271 4760 asserit.
3299 4700 3464 4763 anet
3497 4698 3647 4754 enim

2056 4807 2206 4862 bono
2235 4804 2422 4872 animo
2452 4802 2599 4865 esse,
2637 4817 2738 4856 ceu
2773 4807 3066 4855 consortes
3106 4796 3356 4856 omnium
3405 4793 3647 4858 futuros,

2058 4887 2830 4961 vinculorum,defensionis,
2876 4892 3092 4964 gratim.
3149 4888 3318 4959 Atqui
3352 4889 3455 4941 hoc
3485 4885 3649 4940 modo

2058 4989 2225 5043 ﬁdere
2257 4987 2370 5046 illis
2403 4984 2498 5057 qui
2531 4983 2917 5062 crediderunt,
2965 4973 3226 5051 magnum
3269 4976 3646 5033 testimonium

2054 5089 2140 5137 est
2172 5079 2452 5136 [inuitatis
2483 5079 2757 5149 ipsorum.
2975 5135 2978 5138 ,
3011 5071 3015 5074 ’

2129 5173 2300 5228 Vens.
2337 5173 2493 5228 8-H.
2526 5190 2544 5222 ι
2585 5170 2774 5226 Testis
2811 5168 2958 5224 enim
2997 5165 3130 5220 mihi
3182 5171 3267 5220 est
3305 5163 3472 5234 Deus,
3501 5159 3648 5230 quod

2055 5283 2159 5342 ego
2187 5246 2409 5337 cupiam
2435 5279 2631 5319 omnes
2683 5277 2784 5317 vos
2818 5262 2870 5316 in
2905 5259 3216 5324 visceribus
3258 5254 3386 5330 Jesu
3419 5251 3647 5342 Christi.

2061 5340 2129 5414 Et
2190 5360 2296 5414 hoc
2333 5371 2457 5422 oro,
2509 5363 2570 5410 ut
2624 5354 2868 5408 cbaritas
2923 5361 3104 5406 vestra
3155 5348 3328 5428 magis
3367 5361 3430 5399 ac
3477 5340 3652 5411 magis

2064 5450 2405 5508 abundet‘in
2435 5449 2674 5506 scientia
2710 5456 2766 5503 et
2811 5447 2867 5500 in
2907 5443 3056 5499 omni
3088 5458 3278 5506 sensu,
3305 5448 3364 5491 ut
3406 5433 3652 5508 probetis

2065 5545 2394 5618 potiora,ut
2428 5543 2554 5600 sitis
2592 5540 2804 5600 sinceri
2851 5549 2902 5594 et
2969 5536 3089 5593 sine
3142 5534 3354 5591 oﬂ‘cnsa
3397 5530 3450 5585 in
3505 5529 3648 5584 diem
