4048 6384
422 317 532 383 83)

1624 321 1685 381 S.
1721 321 2044 383 JOANNIS
2081 323 2516 389 DAMASCENI

3583 326 3692 394 δύο

416 427 647 496 Christi,
673 428 870 495 repleti
923 427 1107 482 fructu
1155 427 1407 498 justitiaa,
1440 427 1534 497 qui
1570 437 1654 484 est
1703 444 1801 499 per
1817 428 2004 485 .lesum

2111 433 2204 487 καὶ
2227 434 2572 507 ἀπρόσκοποι
2597 435 2677 499 είς
2705 434 2924 508 ἡμέραν
2974 434 3236 504 Χριστοῦ,
3267 437 3691 509 πεπληρωμένοι

418 527 702 582 Christum
739 524 794 580 in
823 523 1057 594 gloriam
1079 531 1135 578 et
1167 523 1380 578 laudem
1408 521 1523 579 Dei.
1561 541 1580 574 ι

490 698 630 763 Quia
657 697 832 750 multo
855 695 1077 750 illorum
1137 711 1329 751 amore
1358 696 1651 766 flagrabat,
1681 695 1756 749 ita
1790 705 1848 751 ut
1883 712 2012 752 nus-

418 803 586 856 quam
617 787 865 856 ipsorum
899 786 1350 854 oblivisceretur,
1370 787 1485 842 sive
1512 788 1564 840 in
1589 787 1823 842 vinculis
1838 797 2006 856 esset,

417 881 536 936 sive
562 895 623 933 se
651 879 971 934 defenderet
1005 895 1018 930 :
1053 895 1172 932 eam
1196 879 1266 932 ob
1304 895 1416 934 rem
1442 879 1676 949 hujusve
1707 880 1785 934 rei
1811 888 2008 936 testem

414 973 656 1042 appellat
677 971 870 1025 Deum.
907 971 984 1026 Ne
1003 972 1418 1041 veroqnispiam
1449 972 1828 1041 suspicaretur
1857 989 2006 1039 eum,

415 1065 739 1119 assentandi
775 1065 962 1118 animo
1007 1073 1232 1134 propter
1266 1065 1636 1119 ministerium
1671 1065 1817 1135 quod
1851 1067 1918 1118 ad
1949 1079 2011 1121 se

417 1160 710 1218 miserant,
751 1157 1023 1226 ejusmodi
1087 1159 1290 1212 habere
1340 1174 1653 1221 sermones,
1691 1158 2006 1226 snhjunxit,

419 1251 479 1303 in
515 1251 802 1304 visceribus
831 1249 1032 1304 Christi
1061 1249 1231 1314 Jesu;
1259 1266 1372 1320 quo
1406 1250 1743 1320 signiﬁcaret
1783 1267 1844 1306 se
1888 1251 2011 1307 illos

415 1357 761 1412 amare,qua
829 1343 1102 1396 charitate
1144 1341 1422 1396 Christum
1474 1342 1692 1397 sincere
1722 1343 2006 1414 diligebat.

416 1434 559 1488 Tum
613 1434 716 1489 hoc
768 1443 1123 1504 apprecatur,
1174 1443 1234 1488 ut
1301 1435 1356 1488 in
1389 1436 1705 1505 cognitione
1751 1447 1806 1490 et
1841 1451 2008 1492 sensu

414 1540 745 1594 progressus
773 1523 1004 1586 faciant.
1044 1523 1454 1596 diligentesque
1486 1527 1859 1595 pensitatores
1891 1529 2009 1582 sint

413 1616 682 1670 bonorum
719 1634 733 1670 :
771 1617 847 1670 ita
901 1618 1108 1686 quippe
1172 1617 1295 1671 sine
1337 1617 1644 1673 offensione
1698 1617 1917 1674 futuros
1947 1621 2006 1676 in

2107 526 2323 598 καρπὸν
2378 527 2732 599 δικαιοσύνης
2785 529 2878 581 τὸν
2929 527 3018 582 διὰ
3075 527 3250 598 Ἰησοῦ
3292 530 3553 599 Χριστοῦ,
3611 535 3693 597 είς

2106 619 2264 684 δόξαν
2299 621 2395 674 καὶ
2413 619 2634 677 ἔπαινον
2659 619 2818 675 Θεοῦ.
2855 639 2874 674 ι

2194 711 2418 783 Ἐπειδὴ
2447 711 2652 784 πολλὴν
2696 706 2859 766 εἶπεν
2919 711 3069 782 ἐχειν
3099 711 3177 775 είς
3209 711 3406 776 αὐτοὺς
3447 712 3688 782 ἀγάπην,

2108 804 2186 868 ὡς
2219 803 2474 875 μηδαμοῦ
2505 803 2706 868 αὐτοὺς
2731 803 3090 874 παραλιπεῖν,
3111 803 3190 874 μὴ
3217 804 3277 856 ὲν
3302 803 3520 872 δεσμοῖς
3539 803 3692 868 ὄντα,

2115 895 2190 968 μὴ
2220 897 2278 949 ἐν
2313 895 2602 968 ἀπολογίᾳ,
2627 894 2822 952 τούτου
2854 896 3015 967 χάριν
3051 896 3308 967 μάρτυρα
3330 895 3426 948 ἐπὶ
3451 895 3696 966 τοσούτῳ

2113 986 2403 1057 πράγματι
2459 986 2806 1042 ἐπικαλεῖται
2857 986 2948 1041 τὸν
2998 987 3153 1045 Θεόν.
3208 987 3324 1041 Ἵνα
3371 987 3428 1040 δὲ
3487 988 3561 1058 μή
3609 1005 3694 1051 τις

2112 1078 2398 1146 ὑπολάϐοι,
2423 1078 2500 1143 ώς
2528 1077 2618 1133 διὰ
2649 1077 2750 1151 τὴν
2780 1079 3062 1134 διακονίαν
3082 1079 3147 1149 ἦν
3165 1078 3500 1133 ἀπέστελλον
3520 1078 3693 1149 αὐτῷ,

2111 1169 2426 1225 κολακεύων
2449 1169 2762 1226 τὰτοιαῦτα
2791 1171 2966 1240 λέγει,
3002 1173 3306 1242 ἐπήγαγεν,
3359 1170 3430 1224 ἐν
3453 1170 3691 1241 σπλάγ-

2109 1278 2283 1330 χνοις
2307 1261 2570 1331 Χριστοῦ
2603 1261 2824 1332 Ἰησοῦ,
2853 1262 3071 1326 δεικνὺς
3115 1263 3200 1318 ὅτι
3233 1262 3266 1332 ή
3322 1261 3513 1331 ἀγάπη
3545 1262 3694 1332 αὐτῷ

2111 1352 2277 1407 διὰτὸ
2297 1354 2379 1418 είς
2416 1354 2656 1426 Χριστὸν
2683 1355 2912 1428 γνήσιόν
2937 1356 3108 1420 ἐστιν,
3141 1354 3238 1408 καὶ
3262 1353 3423 1408 τοῦτο
3449 1353 3692 1425 εῦχεται,

2112 1444 2207 1498 τοῦ
2241 1448 2578 1518 προκόπτειν
2607 1447 2808 1512 αὐτοὺς
2854 1449 2914 1502 ἐν
2965 1445 3264 1516 ἐπιγνώσει
3290 1446 3385 1500 καὶ
3417 1446 3692 1516 αἰσθήσει,

2115 1534 2210 1589 καὶ
2247 1535 2590 1607 δοκιμαστὰς
2616 1537 2872 1610 ἀκριϐεῖς
2898 1537 3153 1608 γενέσθαι
3176 1537 3287 1592 τῶν
3304 1537 3484 1592 καλῶν
3509 1555 3521 1566 ο
3551 1539 3702 1594 οὕτω

2111 1629 2220 1700 γὰρ
2253 1628 2468 1684 ἔσονται
2507 1631 2854 1703 ἀπρόσκοποι
2877 1633 2957 1696 είς
2980 1631 3082 1702 τὴν
3111 1631 3422 1703 παρουσίαν
3436 1631 3530 1686 τοῦ
3560 1633 3696 1702 Χρι-

414 1705 713 1760 adventum
773 1705 1023 1769 Christi;
1097 1706 1202 1761 hoc
1255 1714 1341 1761 est
1394 1707 1544 1761 nullo
1609 1709 1774 1762 modo
1806 1709 2003 1779 pedem

2113 1718 2265 1780 στοῦ.
2306 1721 2554 1775 τουτέστι
2602 1721 2750 1778 κατά
2767 1722 2970 1795 μηδένα
3000 1722 3203 1795 τρόπον
3233 1723 3692 1794 προσκόπτοντες.

412 1796 747 1854 oﬂensuros.
775 1795 911 1852 Nam
938 1799 1032 1868 qui
1100 1799 1181 1854 sic
1220 1809 1383 1854 erunt
1416 1801 1752 1870 comparati,
1804 1803 2004 1873 inquit,

2112 1815 2175 1867 Οί
2197 1811 2308 1882 γάρ
2328 1812 2584 1880 τοιοῦτοι,
2618 1789 2779 1886 φησὶ,
2803 1789 3048 1888 πλήρεις-
3067 1789 3458 1888 εὑρεθήσονται
3490 1813 3698 1869 δικαιοο

412 1889 559 1958 pleni
589 1889 936 1958 reperientur
986 1891 1226 1960 justitiaa
1283 1891 1562 1947 fructibus
1597 1891 1892 1962 :justitize,
1920 1896 2008 1951 in-

316 2036 324 2044 ,
413 1995 602 2050 quam,
630 1995 738 2035 non
784 1997 908 2052 quae
935 1997 1033 2052 per
1059 1983 1234 2054 legem
1266 1983 1540 2038 habeatur
1574 1983 1742 2055 (hanc
1768 1987 1915 2040 enim
1949 1987 2007 2041 in

410 2072 654 2142 epistolae
692 2075 835 2129 serie
878 2075 1020 2128 tollit
1081 2090 1114 2131 e
1166 2075 1396 2145 medio),
1452 2076 1551 2132 sed
1588 2093 1753 2147 quam
1785 2089 2009 2150 praestet

409 2163 704 2232 Christus;
735 2181 860 2237 qua:
893 2168 1118 2238 quidem
1145 2169 1316 2223 etiam
1355 2169 1411 2224 in
1439 2168 1533 2225 Dei
1565 2171 1798 2241 gloriam
1837 2173 2004 2228 cedit.

415 2253 663 2313 Vivendo
718 2261 922 2330 quippe
979 2262 1290 2316 secundum
1348 2261 1542 2331 Deum,
1588 2265 1822 2336 gloriam
1856 2265 2006 2322 Patri

411 2348 506 2418 qui
534 2348 590 2403 in
616 2349 774 2405 caelis
806 2359 913 2417 est,
953 2352 1283 2410 tribuimus.

490 2436 654 2497 Vsus.
686 2440 876 2500 12-”.
909 2463 927 2495 ι
970 2443 1129 2500 Scire
1185 2453 1370 2502 autem
1428 2464 1529 2505 vos
1574 2450 1723 2514 volo,
1782 2450 2003 2516 fratres,

411 2533 544 2603 quia
571 2550 697 2606 quae
727 2535 877 2590 circa
911 2552 1002 2592 tne
1061 2550 1215 2603 sunt,
1260 2541 1438 2612 magis
1466 2542 1534 2597 ad
1564 2543 1873 2615 profectum
1908 2563 2003 2602 ve-

412 2635 619 2681 nerunt
651 2625 961 2699 Evangelii.
989 2628 1065 2685 ita
1096 2640 1154 2686 ut
1171 2633 1395 2688 vincula
1421 2649 1543 2691 mea
1574 2637 1871 2693 manifesta
1908 2637 2004 2692 fie-

413 2727 534 2772 rent
563 2719 618 2772 in
641 2717 868 2776 Christo
903 2721 958 2776 in
1021 2725 1173 2778 omni
1227 2727 1510 2796 praetorio,
1578 2738 1635 2783 et
1679 2729 1735 2784 in
1787 2731 2004 2786 caeteris

408 2809 693 2877 omnibus,
728 2819 784 2866 et
816 2813 1004 2882 plures
1046 2830 1078 2869 e
1127 2815 1397 2874 fratribus
1425 2818 1482 2874 in
1530 2817 1789 2888 Domino,
1827 2823 2002 2878 confl-

410 2899 607 2956 dentes
643 2902 884 2958 vinculis
940 2907 1098 2972 meis,
1154 2908 1540 2966 abundantius
1576 2911 1852 2968 auderent
1882 2915 2004 2971 sine

410 2992 614 3049 timore
642 2997 871 3050 verbum
906 2997 1082 3068 loqui.
1115 3017 1135 3051 ι

2111 1907 2278 1978 σύνης
2305 1908 2552 1980 καρποί·
2599 1911 2694 1964 καὶ
2743 1907 3109 1980 δικαιοσύνης,
3171 1910 3231 1963 ού
3277 1910 3375 1979 τῆς
3407 1912 3463 1963 ἐν
3499 1909 3655 1980 νόμῳ
3681 1923 3694 1938 ⁸

2108 1997 2314 2070 ταύτην
2358 1999 2468 2072 γὰρ
2491 1999 2588 2053 καὶ
2625 2001 2683 2054 ἐν
2712 2003 2828 2065 τοῖς
2857 2000 2985 2070 ἑξῆς
3014 2001 3236 2072 ἀναιρεῖ
3267 2014 3281 2031 ⁸
3317 2000 3455 2055 ἀλλά
3475 1999 3578 2069 τῆς
3606 1999 3699 2054 διὰ

2108 2089 2374 2162 Χριστοῦ,
2405 2091 2442 2162 ἦ
2470 2107 2553 2155 τις
2589 2092 2681 2145 καὶ
2729 2092 2810 2154 είς
2855 2091 3036 2156 δόξαν,
3099 2093 3193 2146 καὶ
3235 2090 3458 2147 ἔπαινον
3482 2093 3698 2161 γίνεται

2107 2181 2267 2236 Θεοῦ.
2313 2182 2380 2235 Ἦ
2403 2181 2511 2252 γὰρ
2527 2182 2668 2236 κατά
2692 2182 2826 2237 Θεὸν
2848 2182 3092 2237 πολιτεία
3111 2182 3325 2249 δοξάζει
3355 2185 3444 2238 τὸν
3475 2183 3697 2255 Πατέρα

2107 2273 2198 2327 τὸν
2229 2274 2286 2329 ἐν
2301 2275 2413 2338 τοῖς
2436 2274 2708 2347 οὐρανοῖς.

2191 2470 2211 2504 ι
2254 2453 2292 2508 Γ
2297 2451 2548 2506 ινώσκειν
2586 2452 2644 2507 δὲ
2709 2451 2852 2524 ὑμᾶς
2900 2452 3182 2524 βούλομαι,
3248 2453 3490 2522 ἀδελφοὶ,
3515 2453 3598 2508 ὅτι
3626 2452 3697 2507 τά

2108 2547 2230 2600 κατ’
2251 2545 2375 2618 ἐμὲ,
2407 2545 2611 2617 μᾶλλον
2640 2547 2722 2610 είς
2747 2547 3038 2618 προκοπὴν
3064 2545 3160 2601 τοῦ
3192 2547 3530 2616 Εὐαγγελίου
3566 2546 3697 2617 ἐλή-

2107 2637 2286 2704 λυθεν,
2327 2637 2469 2692 ὥστε
2489 2639 2618 2703 τοὺς
2647 2638 2882 2710 δεσμούς
2921 2657 3027 2710 μου
3054 2639 3326 2711 φανεροὺς
3353 2639 3608 2708 γενέσθαι
3635 2639 3698 2692 ἐν

2105 2731 2214 2802 ὅλῳ
2234 2730 2312 2802 τῷ
2337 2732 2644 2803 πραιτορίῳ
2698 2732 2796 2786 καὶ
2822 2734 2936 2796 τοῖς
2965 2733 3174 2797 λοιποῖς
3228 2733 3416 2796 πᾶσιν,
3451 2733 3700 2797 καὶτοὺς

2108 2821 2360 2887 πλείονας
2429 2822 2540 2876 τῶν
2592 2823 2840 2894 ἀδελφῶν
2887 2825 2945 2878 ἐν
2985 2825 3176 2896 Κυρίῳ
3221 2825 3551 2889 πεποιθότας
3580 2827 3698 2888 τοῖς

2107 2912 2333 2983 δεσμοῖς
2362 2931 2491 2985 μου,
2521 2915 2932 2987 περισσοτέρως
2949 2914 3155 2988 τολμᾷν
3183 2917 3404 2986 ἀφόϐως
3427 2917 3516 2972 τὸν
3538 2916 3698 2986 λόγον

2110 3002 2316 3058 λαλεῖν.

483 3085 655 3141 Roma
681 3089 746 3144 ad
777 3089 905 3147 illos
961 3092 1253 3162 epistolam
1289 3095 1510 3161 scribit,
1557 3114 1681 3153 cum
1721 3099 2000 3156 anxietate

2180 3096 2390 3169 Γράφει
2424 3098 2524 3168 μὲν
2554 3098 2739 3162 αὐτοῖς
2763 3099 2863 3171 τὴν
2920 3100 3212 3172 ἐπιστολὴν
3243 3101 3352 3155 ἀπὸ
3389 3099 3610 3171 Ῥώμης
3638 3099 3698 3152 ἐν

408 3190 466 3237 et
503 3197 742 3239 mmrore
791 3185 944 3255 gravi
1017 3197 1404 3258 premerentur
1475 3198 1702 3260 propter
1780 3192 2004 3248 vincula

410 3273 613 3344 ipsius.
651 3274 725 3331 De
773 3277 980 3347 quibus
1026 3279 1272 3337 vinculis
1337 3297 1408 3338 ne
1436 3282 1646 3338 luctum
1677 3293 1847 3356 agant
1878 3293 2002 3340 tan-

411 3369 659 3424 tumdem
699 3369 1053 3434 dehortatur,
1084 3381 1145 3428 ut
1180 3373 1347 3429 etiam
1399 3376 1600 3432 doceat
1650 3391 1770 3443 eos,
1807 3378 2006 3448 ingens

409 3467 635 3530 prepter
675 3461 768 3515 illa
800 3463 1063 3532 gaudium
1125 3464 1389 3534 praeferre
1427 3485 1442 3522 :
1475 3469 1688 3539 quippe
1720 3485 1849 3524 cum
1885 3471 2005 3525 haec

406 3551 462 3606 in
499 3567 669 3609 causa
697 3564 908 3619 essent,
945 3565 1004 3610 ut
1035 3557 1362 3626 prmdicatio
1413 3560 1794 3620 abundantius
1832 3578 2006 3633 auge-

409 3652 607 3710 sceret,
639 3653 694 3699 et
724 3661 884 3702 error
916 3649 1335 3708 amandaretur.

481 3733 651 3790 Vsus.
691 3736 779 3792 15.
815 3755 836 3788 ι
872 3736 1110 3804 Quidam
1147 3741 1370 3811 quidem
1401 3752 1456 3799 et
1479 3751 1708 3815 propter
1739 3744 2003 3802 invidiam

407 3836 460 3882 et
492 3829 905 3882 contentionem
933 3846 949 3894 ;
981 3829 1206 3898 quidam
1237 3839 1423 3886 autem
1453 3841 1507 3886 et
1541 3841 1769 3904 propter
1802 3833 2003 3889 bonam

408 3919 753 3973 voluntatem
787 3920 1074 3976 Christum
1111 3923 1435 3994 praedicant.
1479 3944 1498 3976 ι

485 4010 647 4081 195
674 4010 1096 4068 Praedicationis
1117 4015 1307 4084 utique
1335 4014 1545 4081 hostes,
1577 4015 1674 4086 qui
1701 4032 1828 4074 cum
1860 4018 2004 4072 Pau-

411 4101 497 4157 ins
532 4103 758 4158 vinctus
796 4113 1101 4174 teneretur,
1137 4106 1267 4177 quia
1305 4105 1492 4163 Jesum
1535 4107 2005 4172 annuntiabat,ut

2108 3189 2276 3260 πολλῇ
2306 3185 2458 3245 οὖσιν
2487 3189 2699 3264 ἀθυμίᾳ
2725 3190 2816 3246 διά
2867 3193 2937 3246 τὰ
2965 3193 3165 3264 δεσμά.
3219 3193 3337 3263 Ἐφ’
3363 3188 3446 3256 οἷς
3473 3193 3697 3262 δεσμοῖς

2104 3282 2360 3336 τοσοῦτον
2390 3283 2696 3354 ἀποτρέπει
2751 3283 2847 3338 τοῦ
2899 3282 3210 3351 λυπεῖσθαι,
3258 3285 3335 3350 ὡς
3377 3286 3473 3338 καὶ
3520 3283 3700 3355 χαρὰν

2109 3374 2357 3446 μεγάλην
2416 3376 2618 3440 αὐτοὺς
2674 3374 2865 3446 ἔχειν,
2924 3376 3202 3432 διδάσκειν
3261 3378 3332 3432 δι’
3382 3378 3560 3442 αὐτὰ,
3609 3377 3696 3431 ὅτι

2105 3467 2172 3520 δι’
2194 3467 2376 3522 αὐτῶν
2416 3467 2704 3534 πλεονάζει
2726 3469 2789 3524 τὸ
2816 3471 3100 3542 κήρυγμα,
3136 3471 3230 3529 καὶ
3255 3472 3290 3542 ἡ
3316 3469 3491 3542 πλάνη
3519 3469 3700 3541 ἐξορί-

2108 3557 2285 3625 ζεται.

2184 3759 2204 3792 σ
2243 3740 2403 3806 Τινὲς
2427 3739 2532 3813 μὲν
2577 3741 2674 3794 καὶ
2719 3738 2810 3795 διά
2838 3738 3036 3810 φθόνον
3074 3739 3169 3794 καὶ
3212 3739 3351 3810 ἔριν,
3381 3737 3700 3804 “vagatae

2107 3836 2356 3890 εὐδοκίαν
2387 3835 2480 3890 τὸν
2500 3834 2748 3918 ¹Χριστὸν
2775 3833 3171 3907 κηρύσσουσιν.
3215 3853 3236 3887 ι

2166 4013 2229 4066 Οἱ
2251 4010 2436 4082 ἐχθροὶ
2454 4009 2548 4064 τοῦ
2567 4009 2947 4082 κηρύγματος,
2973 4009 3221 4073 δεθέντος
3239 4007 3337 4063 τοῦ
3365 4009 3697 4093 ’ᾼποστόλου

2103 4107 2191 4161 διά
2220 4105 2282 4159 τὸ
2312 4102 2616 4178 κηρύσσειν
2644 4103 2738 4156 τὸν
2780 4101 3014 4175 Ἰησοῦν,
3052 4101 3372 4174 βουλόμενοι
3406 4102 3571 4156 πλέον
3608 4121 3698 4158 κι-

411 4195 591 4266 magis
615 4194 892 4252 Neronem
925 4197 1251 4264 incitarent,
1277 4197 1384 4270 ipsi
1409 4215 1631 4272 quoque
1654 4199 1844 4257 Jesum
1870 4218 2003 4273 prae-

2110 4197 2268 4267 νῆσαι
2294 4195 2384 4248 τὸν
2414 4193 2670 4265 Νέρωνα,
2692 4192 2788 4247 καὶ
2824 4192 2986 4247 αὐτοὶ
3011 4194 3313 4264 ἐκήρυττον
3341 4193 3432 4247 τὸν
3461 4195 3696 4264 Ἰησοῦν,

409 4286 674 4344 dicabant
705 4307 718 4344 :
763 4306 853 4346 res
884 4306 1015 4346 vero
1047 4300 1242 4348 contra
1269 4307 1438 4363 quam
1501 4301 1771 4362 praestare
1809 4297 2004 4349 volue-

2110 4291 2201 4343 καὶ
2250 4287 2568 4343 συνέϐαινεν
2631 4287 2818 4352 αὐτοῖς
2871 4285 2932 4340 τὸ
2998 4286 3246 4341 ἐναντίον
3289 4281 3350 4342 οὗ
3405 4285 3700 4342 ἐϐούλοντο

410 4385 554 4440 rant,
587 4380 875 4435 successit.
904 4383 1040 4436 Cum
1074 4382 1221 4438 enim
1254 4382 1710 4452 praedicationem
1745 4382 2002 4442 funditus

2110 4381 2299 4432 ποιεῖν.
2326 4376 2586 4440 (θέλοντες
2613 4375 2722 4449 γὰρ
2750 4374 3054 4434 καταλύσαι
3072 4377 3134 4430 τὸ
3166 4376 3699 4447 κήρυγμα,ηύξανον

409 4469 708 4542 profligare
738 4473 960 4536 vellent.
1024 4472 1140 4530 haec
1173 4475 1352 4544 magis
1403 4473 1735 4545 augebatur,
1777 4477 2001 4534 tametsi

2110 4469 2331 4541 μᾶλλον,
2369 4471 2419 4523 εἰ
2445 4471 2538 4524 καὶ
2566 4469 2666 4540 οὐχ
2693 4467 2878 4539 ἀγνῶς
2908 4469 3240 4542 ἐκήρυσσον,
3275 4469 3558 4522 τουτέστιν
3589 4468 3702 4522 ἀπὸ

408 4564 645 4630 sincere,
696 4566 815 4621 sive
876 4582 943 4620 ex
1003 4567 1187 4620 animo
1249 4582 1357 4621 non
1383 4564 1786 4636 pradicarent,
1821 4584 2005 4640 neque

409 4671 638 4726 operam
673 4658 730 4713 in
767 4660 870 4713 hoc
929 4659 1290 4722 collocarent,
1326 4667 1388 4712 ut
1427 4658 1679 4716 homines
1711 4661 2002 4718 veritatem

405 4747 764 4812 docerentur,
802 4747 899 4804 sed
939 4757 998 4802 ut
1029 4747 1344 4802 molestiam
1396 4746 1666 4816 Apostolo
1717 4757 1998 4808 crearent.

480 4837 649 4894 Vnus.
685 4837 870 4894 16-18.
911 4858 930 4890 ι
959 4838 1197 4906 Quidam
1257 4837 1484 4909 quidem
1541 4855 1608 4895 ex
1643 4843 2003 4899 contentione

406 4930 690 4986 Christum
749 4932 1104 4995 annuntiant,
1149 4945 1261 4986 non
1313 4930 1552 4998 sincere,
1611 4934 2002 4992 existimantes

407 5037 728 5095 pressuram
766 5039 827 5080 se
853 5023 1132 5080 suscitare
1179 5025 1422 5082 vinculis
1454 5026 1593 5082 meis
1617 5042 1630 5078 :
1654 5026 1880 5097 quidam
1899 5043 2001 5082 au-

405 5125 514 5169 tem
539 5131 602 5170 ex
627 5116 921 5181 charitate,
950 5116 1194 5174 scientes
1232 5118 1499 5190 quoniam
1523 5118 1579 5172 in
1619 5117 1998 5174 defensionem

409 5208 690 5280 Evangelii
743 5211 966 5282 positus
1016 5225 1164 5268 sum.
1227 5211 1374 5279 Quid
1423 5211 1788 5268 enim?dum
1845 5211 1999 5266 omni

408 5301 597 5370 modo,
657 5303 778 5358 sive
831 5319 931 5374 per
979 5304 1359 5371 occasionem,
1407 5305 1526 5362 sive
1575 5319 1674 5376 per
1705 5303 2000 5360 veritatem

405 5394 665 5452 Christus
690 5397 1074 5456 annuntietur.
1115 5415 1135 5450 ι

478 5486 586 5553 Qui
620 5491 839 5544 sincere
863 5489 1189 5558 praedicant,
1220 5489 1428 5561 inquit,
1467 5490 1572 5546 hoc
1604 5490 1834 5559 faciunt,
1868 5493 1998 5562 quia

409 5593 476 5634 ex
508 5595 631 5634 mea
659 5580 984 5640 defensione
1010 5582 1338 5639 audaciores
1366 5594 1681 5638 evaserunt.
1717 5581 2002 5638 Noverunt

411 5670 558 5725 enim
582 5687 704 5727 eam
751 5675 1031 5730 communi
1067 5674 1314 5745 ipsorum
1346 5673 1640 5732 commodo
1683 5687 1999 5744 cessuram,

407 5779 572 5830 quam
604 5767 908 5839 Apostolus
930 5769 1278 5826 instituebat.

2103 4562 2358 4635 καρδίας,
2390 4563 2485 4618 καὶ
2523 4561 2658 4617 αὐτὸ
2689 4565 2852 4617 τοῦτο
2884 4561 3306 4629 σπουδάζοντες,
3320 4563 3381 4614 οὐ
3412 4560 3474 4614 τὸ
3499 4559 3698 4632 μαθεῖν

2100 4655 2426 4728 ἀνθρώπους
2453 4655 2552 4729 τὴν
2579 4655 2863 4728 ἀλήθειαν,
2881 4653 3021 4710 ἀλλὰ
3042 4654 3132 4709 διά
3161 4655 3221 4710 τὸ
3243 4653 3484 4728 ἐγείρειν
3515 4653 3699 4726 θλίψιν

2101 4747 2180 4822 τῷ
2217 4750 2274 4802 ’Δ
2281 4749 2547 4820 ποστόλῳ.

2188 4859 2208 4894 ι
2244 4842 2307 4894 Oi
2341 4841 2442 4912 μὲν
2465 4841 2526 4908 ἐξ
2557 4840 2799 4914 ἐριθείας
2823 4839 2917 4895 τὸν
2944 4838 3182 4913 Χριστὸν
3208 4839 3696 4911 καταγγέλλουσιν,

2100 4935 2202 5007 οὐχ
2233 4933 2434 5006 ἀγνώς,
2473 4935 2527 4988 οἱ
2590 4935 2832 5006 οἰόμενοι
2889 4933 3071 5004 θλίψιν
3124 4933 3412 5006 ἐπιφέρειν
3470 4936 3583 4998 τοῖς
3613 4934 3698 4988 δε-

2104 5028 2263 5098 σμοῖς
2303 5044 2409 5099 μου
2440 5043 2455 5058 ο
2487 5027 2538 5080 of
2590 5026 2649 5080 δὲ
2705 5026 2766 5091 ἐξ
2800 5025 3046 5097 ἀγάπης,
3078 5026 3282 5090 εἰδότες
3321 5026 3406 5079 ὅτι
3446 5027 3528 5091 είς
3559 5025 3697 5080 ἀποο

2099 5118 2291 5188 λογίαν
2319 5117 2414 5172 τοῦ
2437 5117 2780 5188 Εὐαγγελίου
2807 5121 3024 5190 κεῖμαι.
3058 5116 3124 5171 Τί
3154 5117 3306 5188 γάρ;
3340 5117 3488 5189 Πλὴν
3529 5117 3697 5173 παντὶ

2103 5210 2314 5282 τρόπῳ,
2337 5209 2450 5264 είτε
2486 5210 2785 5283 προφάσει,
2825 5211 2939 5267 εἴτε
2969 5209 3202 5283 ἀληθείᾳ
3221 5209 3461 5283 Χριστὸς
3484 5226 3666 5281 καταγ
3684 5241 3698 5252 ι

2101 5304 2372 5375 γέλλεται.
2407 5322 2428 5356 ι

2177 5477 2336 5535 Ὅσοι
2368 5475 2569 5546 ἁγνῶς,
2616 5473 2776 5547 φησι,
2839 5473 3196 5546 κηρύττουσι,
3254 5471 3588 5544 θαρροῦντες
3628 5471 3700 5543 τῇ

2102 5576 2210 5646 ἐμῇ
2237 5570 2510 5641 ἀπολογίᾳ.
2537 5569 2698 5624 τοῦτο
2717 5566 2986 5622 ποιοῦσιν.
3016 5566 3254 5638 ᾜδεσαν
3295 5564 3406 5636 γάρ
3433 5563 3509 5627 ὡς
3540 5566 3694 5635 κοινὴ

2102 5667 2255 5720 ἔσται
2290 5663 2431 5735 ὑπὲρ
2465 5660 2648 5719 αὐτῶν
2677 5659 2949 5730 ἀπολογία
2983 5660 3016 5730 ἠ
3044 5656 3196 5731 παρά
3231 5655 3328 5712 τοῦ
3369 5653 3696 5711 ’Δποστόλου

2101 5777 2159 5828 γι
2172 5776 2220 5814 ιο
2230 5755 2361 5814 ulle
2370 5797 2381 5808 -
