4048 6412
425 383 524 452 85!

1513 383 1596 444 IN
1635 384 1875 446 EPIST.
1915 384 2020 462 AD
2055 384 2628 448 PHILIPPENSES.

3599 391 3706 456 862

508 523 527 554 ‹
556 499 749 573 Χαίρω
774 517 788 531 ·
819 501 876 554 ὲν
904 497 1080 571 τούτῳ
1132 497 1330 570 χαίρω,
1368 496 1506 552 ἀλλά
1545 502 1642 552 καὶ
1678 500 2014 571 χαρήσομαι.

2199 521 2218 554 ι
2253 500 2519 570 Gaudeo;
2578 504 2634 560 in
2717 504 2819 559 hoc
2879 505 3118 576 gaudeo,
3179 505 3274 562 sed
3320 515 3376 562 et
3431 471 3702 578 gabdebo.

427 591 560 650 υίδα
612 594 724 664 γὰρ
775 593 860 648 ὅτι
904 592 1066 646 τοῦτό
1127 609 1218 664 μοι
1245 588 1592 663 ἀποϐήσεται
1629 593 1712 655 εἰς
1739 590 2016 662 σωτηρίαν

427 685 518 740 ὃιά
542 687 642 756 τῆς
677 685 833 756 ὑμῶν
859 684 1118 756 δεήσεως,
1160 685 1258 738 καὶ
1301 682 1662 754 ἐπιχορηγίας
1709 681 1804 736 τοῦ
1832 680 1976 736 Πνεύ
2002 713 2008 720 ·

433 795 605 849 ματος
645 775 825 849 Ἰησοῦ
849 775 1113 847 Χριστοῦ,
1146 775 1290 830 κατά
1328 777 1430 848 τὴν
1452 773 1898 847 ἀποκαραδοκίαν
1919 774 2019 829 καὶ

431 871 626 926 ἐλπίδα
663 887 786 941 μου.
829 888 850 923 ι

503 962 773 1016 Τοσοῦτον
829 961 1038 1032 ἀπέχω.
1094 961 1248 1033 φησί,
1291 961 1388 1015 τοῦ
1418 960 1606 1031 ἀλγεῖν
1635 959 1730 1014 ἐπὶ
1778 963 1890 1025 τοῖς
1923 959 2015 1015 δσο

434 1057 590 1126 σμοῖς
619 1055 712 1108 καὶ
737 1056 803 1128 τῇ
849 1053 1118 1125 μελλούσῃ
1161 1053 1448 1124 ἀπολογίᾳ,
1491 1053 1552 1106 ού
1583 1052 1744 1123 μόνον
1775 1054 1842 1124 τῇ
1873 1050 2017 1124 ὑπὲρ

433 1142 510 1203 ὧν
533 1148 643 1218 ἐγὼ
659 1146 942 1219 κηρύσσω,
995 1145 1132 1201 ἀλλά
1183 1146 1280 1200 καί
1328 1146 1473 1216 ὑπὲρ
1509 1140 1585 1200 ὧν
1618 1147 1840 1212 ἐκεῖνοι,
1873 1145 2016 1199 ὥστε

435 1240 530 1298 καὶ
557 1239 733 1310 χαρὰν
768 1238 1010 1310 ἡγοῦμαι
1063 1236 1126 1292 τὸ
1178 1239 1435 1309 πρᾶγμα.
1492 1237 1855 1311 Ἀποόήσεται
1909 1237 2020 1307 γὰρ

435 1336 569 1406 ἡμῖν
592 1335 672 1398 εἰς
727 1333 1003 1405 σωτηρίαν
1028 1349 1042 1364 ’
1103 1333 1200 1386 καὶ
1232 1331 1436 1396 εὐθέως
1461 1333 1677 1401 εἰσάγει
1709 1331 1773 1386 τὸ
1798 1331 2019 1403 μέτριον

435 1427 525 1480 διὰ
549 1427 648 1498 τῆς
673 1425 852 1481 αὐτῶν
879 1426 1116 1497 δεήσεως
1143 1427 1237 1480 καὶ
1266 1425 1531 1498 χορηγίας
1551 1424 1644 1479 τοῦ
1674 1425 2016 1496 Πνεύματος,

436 1519 642 1592 ταύτην
671 1517 822 1590 αὐτῷ
854 1517 1290 1588 γίνεσθαιλέγων
1323 1517 1426 1590 τὴν
1456 1517 1754 1590 σωτηρίαν.

512 1716 531 1751 ι
561 1697 687 1752 ’Ὁτι
745 1698 802 1750 ἐν
861 1697 1035 1752 οὐδενὶ
1083 1696 1544 1769 αἰσχυνθήσομαι,
1597 1696 1713 1752 ἀλλ’
1759 1697 1820 1750 ὲν
1871 1695 2023 1768 πάσᾳ

434 1790 744 1862 παρρησίᾳ,
776 1790 852 1853 ὼς
879 1789 1114 1844 πάντοτε
1145 1790 1244 1843 καὶ
1266 1790 1359 1844 νῦν
1382 1789 1858 1862 μεγαλυνθήσεται
1885 1790 2025 1861 Χρι-

435 1883 558 1945 στὸς
587 1885 644 1937 ὲν
673 1881 751 1954 τῷ
778 1879 990 1955 σώματί
1031 1897 1153 1953 μου.
1188 1901 1204 1934 ι

505 1974 819 2040 Τουτέστιν,
869 1975 928 2028 ού
970 1974 1122 2047 φόϐῳ
1166 1975 1277 2029 τῶν
1304 1974 1545 2046 δεσμῶν,
1593 1974 1656 2028 ού
1686 1974 1789 2046 τῆς
1821 1972 2023 2028 ἀπολο-

436 2073 586 2139 γίας,
618 2069 720 2123 οὐκ
753 2067 919 2124 αὑτοῦ
945 2068 1041 2122 τοῦ
1077 2067 1335 2136 θανάτου,
1360 2067 1624 2141 προδώσω
1644 2069 1705 2123 τὸ
1733 2069 2019 2142 κήρυγμα.

514 2251 534 2286 ι
571 2233 698 2287 Είτε
727 2232 818 2288 διὰ
847 2233 1012 2304 ζωῆς.
1041 2233 1153 2287 εἴτε
1178 2233 1268 2288 διά
1305 2233 1564 2288 θανάτου.
1606 2251 1624 2283 ι

508 2325 626 2386 Κᾶν
681 2325 789 2394 ζῶ,
841 2325 997 2396 φησὶ,
1057 2326 1343 2381 πλεονάσω
1400 2325 1482 2397 τῷ
1533 2326 1875 2399 κηρύγματι,
1917 2325 2026 2381 κᾶν

441 2415 721 2480 ἀποθάνω,
782 2417 946 2471 πάλιν
1002 2412 1286 2482 δοξάζεται
1315 2417 1578 2487 Χριστὸς,
1615 2417 1699 2471 ὅτι
1745 2414 2024 2480 τοιούτους

442 2506 566 2577 ἔσχε
603 2507 732 2570 τοὺς
759 2505 1038 2577 ὑπηρέτας
1062 2504 1124 2558 τὸ
1148 2504 1312 2559 αὑτοῦ
1339 2507 1623 2578 κήρυγμα,
1648 2505 1724 2570 ὡς
1743 2506 1839 2560 καὶ
1856 2505 2023 2561 αὐτοῦ

442 2597 854 2670 καταφρονῆσαι
880 2597 974 2651 τοῦ
1001 2597 1255 2652 θανάτου.

517 2709 538 2743 ι
574 2691 730 2762 Ἐμοὶ
765 2689 876 2761 γὰρ
904 2689 966 2744 τὺ
990 2690 1090 2761 ζῇν
1119 2688 1374 2761 Χριστός.
1398 2708 1418 2743 ι

511 2783 687 2838 Βλέπε
711 2783 801 2838 διὰ
825 2783 1008 2837 πόσων
1030 2781 1235 2852 ἀπάγει
1263 2781 1463 2846 αὐτοὺς
1496 2783 1596 2854 τῆς
1626 2781 1840 2854 λύπηςο
1871 2782 2024 2854 πρώ-

439 2893 535 2930 του
565 2875 684 2947 μὲν,
712 2874 805 2929 τοῦ
836 2875 912 2945 μὴ
951 2875 1340 2946 αἰσχύνεσθαι·
1407 2874 1688 2946 δευτέρου,
1713 2875 1809 2929 τοῦ
1849 2893 2026 2947 μεγα-

441 2966 698 3024 λύνεσθαι
763 2965 896 3040 [διὰ]
924 2965 1019 3020 τδν
1079 2966 1349 3036 Χριστὸν⁶
1397 2965 1610 3038 τρίτου,
1643 2967 1739 3021 τοῦ
1775 2967 1866 3021 διὰ
1888 2968 2025 3038 Χρι-

445 3060 568 3114 στὺν
598 3059 758 3130 μόνον
774 3058 1047 3130 αἱρεῖσθαι
1072 3057 1132 3112 τὸ
1157 3059 1278 3131 ζῇν,
1309 3058 1396 3113 ῖνα
1421 3058 1518 3130 τὴν
1539 3058 1819 3115 διακονίαν
1859 3057 2025 3114 αὐτοῦ

441 3151 722 3224 πληρώσῃ.

518 3285 538 3319 ι
569 3267 679 3320 Kal.
705 3264 767 3319 τὸ
791 3264 1086 3320 ἀποθανεῖν
1115 3263 1328 3338 κέρδος.
1365 3283 1384 3316 ο

510 3359 604 3429 Μὴ
653 3358 893 3427 ἀλγεῖτε,
947 3359 1137 3430 φησιν,
1200 3358 1294 3412 ἐπὶ
1345 3359 1458 3422 τοῖς
1498 3357 1718 3428 δεσμοῖς
1756 3375 1858 3428 μου
1915 3359 2027 3414 Καὶ

443 3449 576 3504 αὐτὸ
603 3450 714 3522 γὰρ
763 3449 827 3505 τὸ
873 3449 1169 3504 ἀποθανεῖν
1225 3449 1366 3524 ὑπὲρ
1421 3449 1516 3504 τοῦ
1564 3449 1805 3521 Χριστοῦ
1833 3451 2028 3522 κέρδος

442 3542 719 3615 μέγιστον.

516 3655 536 3688 ι
584 3634 648 3691 Εἰ
672 3633 729 3689 δὲ
758 3632 818 3687 τδ
840 3631 939 3706 ζῇν
961 3634 1019 3688 ὲν
1052 3633 1246 3706 σαρκὶ.
1277 3631 1440 3688 τοῦτὸ
1474 3651 1565 3704 μοι
1586 3633 1803 3702 καρπὸς
1836 3633 2024 3707 ἔργου.

442 3730 556 3786 Καὶ
586 3729 638 3784 τί
662 3729 963 3802 αἱρήσομαι
983 3728 1044 3783 ού
1080 3725 1355 3801 γνωρίζω.
1405 3727 1714 3802 Συνέχομαι
1745 3728 1801 3781 δὲ
1831 3729 1896 3784 ἐκ
1921 3729 2030 3785 τῶν

440 3818 554 3886 δύο,
582 3819 684 3892 τήν
713 3819 1006 3891 ἐπιθυμίαν
1036 3818 1174 3890 ἔχων
1213 3839 1230 3872 ι

524 3909 982 3982 Ἐπεξεργάζεται
1035 3912 1103 3967 τὰ
1138 3913 1536 3985 προειρημένα,
1584 3915 1677 3969 καὶ
1719 3909 1831 3969 οἷον
1855 3917 2030 3988 ἑρμη-

441 4002 606 4072 νεύει,
632 4003 662 4058 ὃ
690 4021 743 4057 τι
777 4003 896 4058 εστὶ
924 4004 1008 4068 τὸ,
1040 4003 1172 4075 ἐμοὶ
1207 3999 1318 4072 ξῆν
1345 4006 1380 4059 ό
1410 4006 1669 4076 Χριστός
1689 4023 1700 4038 ·
1737 4007 1886 4075 λέγει
1910 4005 2027 4075 οὖν,

441 4094 519 4159 ὡς
557 4097 617 4150 τὸ
671 4095 771 4167 ζῇν
808 4096 1043 4168 Χριστὸς
1091 4095 1295 4168 ταύτην
1343 4095 1444 4169 τὴν
1491 4097 1662 4169 ζωὴν,
1707 4099 1862 4152 οὐδὲν
1899 4101 2028 4155 ἄλλο

443 4187 613 4253 ἐστὶν,
654 4186 691 4260 ἢ
747 4187 980 4259 ἐργασία
1027 4189 1398 4261 πνευματικὴ,
1457 4183 1528 4262 ἧς
1597 4190 1878 4261 ὀφείλεταί
1937 4209 2029 4264 μοι

442 4281 678 4352 καρπός.

517 4391 537 4424 ι
573 4373 670 4438 Εἰς
695 4373 756 4428 τὸ
775 4374 1060 4439 ἀναλῦσαι,
1096 4375 1194 4430 καὶ
1224 4375 1322 4430 σὺν
1360 4374 1590 4448 Χριστῷ
1631 4375 1800 4441 εἶναι,
1845 4375 2028 4448 πολλῷ

444 4465 647 4535 μᾶλλον
695 4470 986 4539 κρεῖσσονο
1032 4469 1094 4523 τὺ
1148 4468 1206 4522 δὲ
1252 4469 1539 4542 ἐπιμένειν
1563 4472 1621 4523 ἐν
1686 4473 1752 4541 τῇ
1813 4474 1982 4542 σαρκί
2005 4510 2022 4536 ,

2117 591 2310 666 (Vens.
2346 594 2434 661 19,
2464 593 2587 668 20.]
2609 596 2739 650 Scio
2770 595 2916 651 enim
2952 597 3087 667 quia
3111 598 3215 654 hoc
3249 598 3391 652 mihi
3417 599 3705 669 proveniet

2117 685 2186 742 ad
2218 687 2453 744 salutem
2498 705 2596 759 per
2658 699 2900 744 vestram
2951 691 3286 759 orationem,
3344 699 3400 748 et
3435 692 3705 748 submini-

2116 779 2448 836 strationem
2483 780 2726 852 Spiritus
2752 780 3456 849 .IcsuChristi,secundum
3500 800 3700 856 exspev

2117 872 2420 928 elationem
2453 881 2507 927 et
2533 887 2688 942 spem
2720 886 2921 926 meam.
2957 891 2975 925 ι

2189 959 2430 1017 Tantum
2463 963 2642 1025 abest,
2679 962 2879 1033 inquit,
2912 971 2973 1016 ut
3001 963 3243 1019 vinculis
3280 965 3419 1020 meis
3458 965 3700 1028 doleam,

2118 1055 2269 1126 quod
2307 1057 2581 1112 rationem
2614 1055 2938 1112 redditurus
2993 1057 3119 1122 sim,
3167 1071 3282 1111 non
3315 1059 3490 1112 solum
3512 1074 3701 1112 eorum

2119 1163 2242 1218 quae
2271 1149 2453 1219 palam
2509 1149 2804 1215 annuntio,
2843 1163 3036 1204 verum
3089 1149 3258 1203 etiam
3295 1149 3705 1219 praedicationis

2121 1238 2379 1304 illorum;
2414 1246 2476 1292 ut
2528 1238 2718 1308 potius
2780 1237 3135 1309 gaudendum
3207 1235 3566 1291 existimem:
3617 1249 3708 1290 res

2121 1332 2322 1401 quippe
2359 1330 2518 1386 nobis
2548 1331 2606 1385 in
2654 1331 2890 1385 salutem
2947 1327 3230 1384 succedet.
3263 1327 3537 1384 Caeterum
3593 1335 3707 1381 sta-

2123 1419 2217 1470 tim
2252 1416 2576 1473 modestiam
2608 1415 2850 1487 praefert,
2877 1433 3004 1473 cum
3037 1417 3116 1471 ait
3156 1417 3300 1472 hanc
3325 1416 3429 1473 sibi
3471 1417 3706 1471 salutem

2125 1509 2380 1578 precibus
2413 1510 2662 1580 ipsorum
2689 1520 2745 1567 et
2771 1507 3302 1567 subministratione
3333 1508 3569 1580 Spiritus
3603 1507 3706 1562 ob-

2123 1612 2430 1657 venturam.

2203 1717 2224 1752 ι
2251 1698 2391 1765 Quia
2427 1699 2482 1755 in
2511 1701 2666 1756 nullo
2706 1700 3059 1765 confundar;
3095 1697 3189 1754 sed
3227 1697 3282 1752 in
3309 1695 3458 1752 omni
3487 1693 3704 1755 ﬁducia.

2127 1790 2274 1845 sicut
2308 1799 2600 1862 semperet
2627 1808 2798 1857 nunc,
2833 1789 3281 1862 magniﬁcabitur
3341 1785 3596 1841 Christus
3649 1782 3708 1836 in

2056 1866 2100 1924 Β
2126 1896 2362 1952 corpore
2393 1898 2538 1938 meo.
2581 1900 2602 1936 ι
2683 1940 2688 1943 _

2201 1975 2319 2030 Hoc
2350 1984 2454 2041 est,
2483 1961 2707 2030 vincula
2754 1989 2865 2028 non
2928 1971 3300 2042 pertimesco;
3336 1982 3446 2022 non
3484 1981 3584 2037 pro
3612 1962 3709 2019 de-

2126 2067 2378 2124 fensione
2405 2083 2527 2123 mea
2568 2069 2772 2130 dicere,
2811 2082 2921 2121 non
2963 2074 3194 2122 mortem
3232 2064 3429 2135 ipsam,
3471 2070 3528 2117 ut
3567 2073 3708 2132 pra:-

2127 2160 2421 2217 dicationis
2455 2159 2694 2216 ollicium
2725 2160 3003 2216 deseram.

2203 2273 2223 2308 ι
2268 2253 2395 2311 Sive
2428 2269 2529 2326 per
2550 2255 2742 2321 vitam,
2769 2255 2888 2310 sive
2922 2269 3019 2322 per
3058 2261 3310 2308 mortem.
3350 2268 3371 2302 ι

2199 2343 2326 2403 Sive
2350 2347 2564 2411 vixero,
2620 2347 2847 2416 inquit,
2911 2345 3150 2418 amplius
3195 2339 3536 2414 praedicabo,
3593 2336 3711 2391 sive

2126 2439 2359 2504 moriar,
2390 2437 2620 2509 perinde
2646 2436 2908 2492 Christus
2942 2434 3337 2498 celebrabitur,
3373 2427 3534 2500 cujus
3571 2442 3712 2497 prae-

2125 2533 2333 2588 dicatio
2362 2532 2653 2587 ministros
2681 2529 2818 2585 tales
2848 2528 3074 2591 habeat,
3115 2527 3209 2598 qui
3264 2530 3502 2580 mortem
3536 2519 3710 2589 ipsam

2127 2631 2515 2694 aspernentur.

2199 2711 2366 2771 Vsus.
2398 2713 2490 2768 2|.
2529 2729 2550 2764 ι
2584 2709 2715 2765 Mihi
2746 2709 2892 2765 enim
2923 2708 3109 2762 vivere
3136 2704 3413 2760 Christus.
3451 2720 3472 2754 ι

2195 2803 2336 2861 Vide
2365 2811 2500 2876 quot
2529 2801 2828 2858 momentis
2846 2815 2944 2855 eos
2964 2813 2992 2852 a
3015 2797 3243 2852 tristitia
3271 2801 3509 2850 revocet.
3528 2790 3713 2846 Primo

2127 2899 2374 2970 quidem,
2427 2897 2558 2967 quia
2608 2893 2821 2966 pudore
2885 2906 2992 2946 non
3033 2888 3403 2952 suffunditur;
3442 2883 3711 2948 secundo,

2127 2991 2258 3062 quia
2305 2991 2563 3046 Christus
2622 2985 3066 3057 magniﬁcatur;
3108 2980 3297 3043 tertio,
3345 2979 3478 3048 quia
3527 2977 3715 3030 vivere

2130 3097 2240 3138 non
2273 3082 2448 3152 cupit,
2478 3080 2586 3135 nisi
2621 3085 2851 3150 propter
2879 3075 3160 3132 Christum
3215 3072 3417 3136 solum,
3453 3078 3515 3126 ut
3551 3068 3714 3124 mini-

2053 3211 2096 3270 ο
2130 3177 2358 3232 sterium
2382 3176 2543 3231 obeat
2574 3188 2759 3229 suum.

2207 3288 2228 3321 ι
2272 3267 2336 3323 Et
2368 3267 2508 3324 mori
2542 3267 2781 3320 lucrum.
2805 3283 2824 3316 ι

2199 3361 2316 3416 Νοη
2381 3375 2479 3415 vos
2550 3359 2735 3414 doleat
2781 3353 3132 3410 vinculorum
3195 3365 3466 3419 meorum,
3513 3349 3713 3420 inquit.

2131 3452 2415 3520 Quaestum
2440 3448 2645 3523 quippe
2694 3459 2958 3518 magnum
2999 3442 3216 3511 fecero,
3261 3445 3311 3500 si
3360 3457 3462 3515 pro
3487 3441 3715 3499 Christo

2131 3545 2359 3601 moriar.

2205 3634 2489 3700 Vsas.22,
2532 3632 2626 3689 25.
2657 3650 2677 3686 ι
2719 3631 2881 3699 Quod
2937 3631 2986 3688 si
3032 3628 3222 3686 vivere
3261 3626 3317 3682 in
3370 3639 3564 3687 carne,
3625 3621 3716 3677 hic

2131 3727 2265 3784 mihi
2297 3727 2511 3782 fructus
2570 3726 2754 3797 operis
2813 3731 2922 3781 est.
2971 3721 3038 3778 Et
3065 3720 3199 3793 quid
3261 3717 3461 3796 eligam
3493 3717 3713 3794 ignoro.

2130 3819 2396 3880 Coarctor
2418 3825 2599 3874 autem
2621 3833 2652 3874 e
2680 3817 2919 3886 duobus,
2943 3814 3276 3877 desiderium
3301 3818 3508 3872 habens
3549 3833 3568 3868 ι

2203 3915 2453 3988 Explicat
2489 3933 2612 3988 qua:
2635 3910 2985 3987 praedixerat,
3017 3923 3073 3971 et
3100 3913 3250 3970 velut
3292 3913 3711 3980 interpretatur.

2129 4009 2271 4076 Quid
2308 4012 2410 4066 hoc
2434 4021 2539 4071 est.
2575 4009 2960 4081 mihi?quidve
2998 4006 3170 4073 istud,
3200 4006 3366 4060 vivere
3412 4002 3655 4056 Christus
3690 4000 3717 4054 .’

2130 4103 2207 4157 ait
2239 4118 2370 4173 ergo
2403 4121 2416 4157 :
2455 4101 2650 4158 Vivere
2678 4101 2957 4158 Christum
3008 4100 3150 4154 hanc
3174 4098 3362 4161 vitam,
3398 4095 3532 4149 nihil
3563 4091 3714 4147 aliud

2128 4206 2214 4251 est
2245 4196 2354 4250 uisi
2391 4206 2636 4265 quaestus
2686 4194 3017 4266 spiritualis,
3070 4190 3236 4262 cujus
3296 4188 3430 4242 mihi
3497 4185 3715 4241 fructus

2131 4286 2380 4342 debetur.

2203 4376 2364 4449 196
2419 4395 2438 4430 ι
2501 4374 2735 4431 Dissolvi
2784 4385 2838 4429 et
2895 4389 3020 4430 esse
3061 4387 3188 4428 cum
3235 4368 3482 4430 Christo,
3537 4365 3714 4420 multo

2131 4470 2304 4543 magis
2337 4468 2534 4524 melius
2591 4485 2605 4522 :
2653 4465 2847 4540 [Vens.
2896 4464 3092 4538 24-26]
3157 4475 3479 4533 permanere
3529 4464 3712 4513 autem

442 4557 872 4631 ἀναγκαιότερον
899 4559 967 4613 δι’
989 4560 1158 4631 ὑμᾶς.
1212 4559 1328 4614 Καὶ
1379 4559 1540 4615 τοῦτο
1569 4560 1850 4626 πεποιθὼς
1879 4559 2022 4630 οίδα,

2131 4561 2187 4617 in
2245 4575 2438 4628 carne,
2494 4559 2868 4616 necessarium
2919 4569 3145 4628 prepter
3192 4569 3312 4610 vos.
3357 4552 3420 4607 Et
3443 4553 3549 4606 hoc
3579 4565 3715 4605 con-

440 4651 525 4706 ὅτι
551 4651 700 4724 μενῶ
723 4651 821 4708 καὶ
845 4654 1267 4726 συμπαραμενῶ
1291 4655 1462 4710 πᾶσιν
1487 4654 1648 4727 ὑμῖν.
1689 4671 1712 4709 ι

511 4823 624 4881 Καὶ
645 4823 742 4880 νῦν
769 4821 868 4895 μὲν
892 4818 964 4894 ἦν
981 4822 1119 4894 μετά
1147 4823 1411 4895 Χριστοῦ,
1443 4823 1588 4880 κατά
1623 4823 1706 4892 τὸ,
1746 4827 1820 4882 ει
1849 4825 2021 4883 δοκι-

440 4915 566 4994 μὴγ
589 4913 811 4983 ζητεῖτε
835 4907 1029 4968 τὸῦέν
1053 4914 1187 4985 ἐμοὶ
1213 4915 1559 4984 λαλοῦντος
1583 4917 1866 4984 Χριστοῦ.
1883 4918 2026 4973 Ἀλλ’

441 5007 542 5078 οὐχ
571 5005 745 5070 οὕτως
768 5006 844 5070 ὡς
883 5004 1028 5060 τότε.
1066 5005 1202 5060 Νῦν
1239 5006 1357 5076 μὲν
1385 5007 1518 5078 γὰρ,
1572 5009 1762 5078 φησὶν,
1794 5011 2025 5081 ὁρῶμεν

443 5097 517 5150 δι’
546 5098 849 5163 ἐσόπτρου
874 5096 977 5150 καί
997 5096 1366 5166 αἰνίγματος,
1422 5100 1560 5154 τότε
1603 5097 1673 5153 δὲ
1697 5102 2028 5169 πρόσωπον

441 5187 595 5258 πρὸς
621 5189 970 5256 πρόσωπον.

519 5301 538 5335 ι
577 5283 672 5347 Εἰς
707 5282 806 5352 τὴν
829 5281 984 5352 ὑμῶν
1015 5278 1302 5351 προκοπὴν
1325 5279 1419 5334 καὶ
1442 5281 1619 5354 χαρὰν
1639 5283 1740 5354 τῆς
1767 5285 2025 5355 πίστεως,

445 5375 533 5432 ἵνα
565 5374 626 5428 τὸ
660 5373 922 5446 καύχημα
947 5371 1103 5444 ὑμῶν
1150 5370 1455 5443 περισσεύῃ
1488 5372 1548 5425 ὲν
1576 5373 1805 5446 Χριστῷ
1850 5377 2027 5447 Ἰησοῦ

443 5471 504 5523 ὲν
538 5469 682 5540 ἐμοὶ,
713 5468 800 5522 διὰ
827 5469 928 5540 τῆς
957 5467 1100 5538 ὲμῆς
1123 5466 1427 5536 παρουσίας
1447 5468 1610 5523 πάλιν
1639 5469 1776 5540 πρὸς
1806 5471 1969 5542 ὑμᾶς.
2001 5492 2023 5526 ι

520 5563 662 5632 Ὅρα
710 5561 872 5617 πάλιν
928 5559 1103 5629 πόσην
1158 5558 1340 5622 αὐτοῖς
1413 5561 1688 5631 μαρτυρεῖ
1761 5562 2028 5634 ἐργασίαν

448 5650 636 5704 καλοῦ.
703 5651 762 5705 '0
819 5649 927 5720 νὰρ
982 5649 1330 5722 προκόπτων,
1398 5647 1630 5717 βαδίζων
1700 5651 2025 5723 προκόπτει.

483 5830 527 5864 ³⁸
572 5831 620 5886 ll
654 5830 779 5888 Cor.
813 5847 931 5901 xm,
967 5831 1021 5888 3.
1121 5833 1167 5864 "
1201 5829 1370 5890 lCor.
1406 5843 1528 5895 xm,
1564 5833 1653 5889 12.

2126 4654 2302 4711 ﬁdens
2323 4653 2466 4722 scio,
2524 4653 2656 4724 quia
2719 4651 2959 4707 manebo
3003 4658 3058 4706 et
3081 4645 3419 4721 permanebo
3447 4643 3712 4699 omnibus

2123 4747 2301 4803 vobis.
2342 4765 2363 4800 ›

2186 4838 2267 4895 Ac
2293 4845 2429 4894 tunc
2481 4835 2708 4908 quidem
2769 4843 2890 4890 erat
2929 4849 3056 4889 cum
3106 4830 3356 4893 Christo,
3399 4825 3710 4884 secundum

2124 4929 2266 4988 illud
2305 4948 2320 4988 :
2352 4929 2414 4986 Si
2439 4929 2856 4999 experimentum
2878 4927 3074 4999 quwris
3126 4925 3242 4994 ejus
3295 4922 3385 4993 qui
3417 4921 3476 4974 in
3519 4935 3601 4973 me
3629 4919 3713 4973 ἰο-

2129 5025 2304 5078 Juitur
2353 5019 2562 5078 Christi
2662 5022 2732 5077 ⁸¹.
2773 5021 2845 5074 At
2887 5034 2994 5074 non
3057 5027 3120 5073 ut
3181 5009 3712 5088 aliquando:_Nunc

2125 5129 2287 5180 enim,
2323 5112 2524 5183 inquit,
2563 5110 2795 5167 videmus
2822 5127 2914 5181 per
2938 5107 3209 5178 speculum
3227 5117 3275 5162 et
3312 5106 3368 5160 in
3393 5104 3714 5175 wnigmate;

2126 5213 2251 5260 tunc
2279 5213 2455 5260 autem
2480 5203 2620 5274 facie
2639 5201 2708 5258 ad
2740 5202 2934 5273 faciem
2967 5203 3038 5256 ⁸’.

2203 5314 2222 5348 ι
2255 5295 2338 5351 Ad
2357 5295 2668 5368 profectum
2725 5305 2972 5350 vestrum
3017 5299 3072 5346 et
3132 5287 3391 5362 gaudium
3445 5284 3594 5350 ﬁdei,
3651 5293 3713 5339 ut

2133 5386 2434 5459 gratulatio
2481 5393 2664 5440 vestra
2703 5383 2948 5438 abundet
3000 5382 3056 5436 in
3101 5380 3324 5435 Christo
3349 5376 3479 5432 Jesu
3523 5377 3582 5430 in
3625 5390 3714 5432 me

2137 5494 2237 5552 per
2267 5493 2450 5534 meum
2482 5477 2779 5533 adventum
2812 5476 3014 5530 iterum
3040 5474 3105 5529 ad
3135 5489 3249 5528 vos.
3275 5491 3294 5523 ι

2205 5569 2344 5626 Vide
2364 5585 2583 5626 rursum
2615 5575 2883 5640 quantum
2939 5565 3068 5622 boni
3100 5573 3372 5636 quaestum
3407 5576 3504 5619 eos
3532 5563 3714 5616 facere

2137 5659 2492 5718 testiﬁcatur.
2520 5655 2657 5713 Nam
2679 5656 2775 5729 qui
2808 5670 3162 5730 progressum
3218 5653 3375 5722 facit,
3405 5649 3714 5724 gradiendo
