4048 6388
317 359 427 428 863

1497 347 1557 410 S.
1585 344 1909 411 JOANNIS
1940 343 2378 408 DAMASCENI

3482 340 3592 409 864

317 469 563 548 proﬁcit.
597 468 721 536 Quo
776 479 908 522 vero
962 474 1318 533 progressum
1379 457 1605 522 faciant,
1674 455 1783 512 nisi
1832 454 1902 510 ad

2028 452 2119 510 Ιοῦ
2169 454 2229 508 δὲ
2259 454 2684 527 προκόπτουσιν,
2710 455 2743 528 ἢ
2767 456 2846 520 είς
2865 455 2965 528 τὴν
2990 456 3166 526 χαρὰν
3188 456 3288 528 τῆς
3314 457 3550 522 πίστεως
3571 475 3587 521 ζ

317 547 584 638 gaudium
615 559 781 616 lldei?
806 557 910 625 Qui
937 563 1119 608 autem
1145 554 1199 607 lu
1229 550 1432 624 gaudio
1464 551 1568 606 hoc
1586 547 1905 621 profecerit,

323 659 526 729 inquit,
554 655 602 710 is
629 650 964 723 gloriabitur
997 650 1051 702 in
1075 646 1322 701 Christo.

396 747 563 802 νεεδ.
594 744 689 798 27.
721 761 740 793 ε
769 739 1006 796 Tantum
1035 738 1198 809 digne
1220 736 1518 808 Evangelio
1545 732 1751 790 Christi
1774 746 1908 788 con-~

320 837 640 900 versamini,
678 845 736 889 ut
761 834 878 890 sive
903 847 1030 886 cum
1073 845 1294 890 venero.
1325 840 1379 884 et
1405 828 1596 884 videro
1635 840 1755 890 vos.
1791 825 1911 882 sive

323 931 536 994 abiens,
573 927 793 988 audiam
811 941 936 994 qua:
965 923 1033 978 de
1060 923 1216 977 vobis
1242 931 1396 988 sunt,
1423 939 1442 971 ι

392 1019 692 1089 Postquam
725 1015 1059 1072 testiﬁcatus
1089 1021 1174 1068 est
1202 1013 1434 1066 multum
1455 1025 1552 1067 eos
1582 1009 1909 1092 proiecisse,

325 1113 532 1171 sensim
558 1112 712 1182 ipsos
748 1108 1023 1180 reprimit.
1087 1122 1157 1162 ne
1189 1105 1450 1175 superbia
1485 1104 1772 1167 inﬂentur,
1809 1118 1914 1158 au-

325 1205 543 1264 dientes
603 1216 664 1264 se
722 1214 1079 1270 progressum
1139 1196 1364 1252 fecisse.
1431 1193 1712 1265 Reprimit
1757 1209 1911 1259 vero,

323 1293 575 1352 suadens
607 1302 667 1347 ut
691 1292 914 1362 dignam
944 1289 1240 1361 Evangelio
1289 1288 1418 1344 vitae
1453 1285 1726 1343 rationem
1772 1286 1916 1342 inire

325 1390 607 1448 studeant.

406 1499 427 1533 ι
467 1479 608 1547 Quia
639 1479 797 1538 statis
825 1477 879 1531 iu
930 1491 1042 1536 uno
1069 1475 1267 1544 spiritu
1309 1476 1626 1541 unanimes,
1665 1471 1910 1528 collabo-

329 1580 516 1626 rantes
548 1567 671 1623 ﬁdei
722 1564 1253 1638 Evangelii:[Vt-:ns.
1293 1563 1387 1637 28]
1427 1575 1484 1620 et
1528 1565 1583 1617 in
1619 1563 1773 1618 nullo
1811 1569 1917 1618 ter-

331 1658 565 1716 reamini
595 1658 668 1716 ab
694 1657 1080 1726 adversariis;
1109 1673 1235 1729 qusi
1265 1657 1376 1714 illis
1406 1666 1492 1714 est
1518 1671 1692 1713 causa
1729 1655 1917 1727 pcrdi-

328 1753 523 1810 tionis.
560 1771 583 1806 ι

404 1851 542 1904 Cum
575 1862 674 1903 eos
701 1845 982 1901 monuerit
1029 1852 1091 1900 ut
1136 1845 1304 1916 digne
1341 1844 1640 1915 Evangelio
1681 1858 1919 1898 conver-

333 1947 550 2004 sentur,
599 1939 1046 1994 conversationis
1108 1952 1332 2008 quoque
1397 1936 1662 1993 edisserit
1716 1951 1916 2006 genus.

331 2031 472 2096 illud
499 2038 683 2086 autem
716 2037 803 2094 est
840 2030 1142 2088 sinceritas
1180 2030 1234 2084 in
1290 2028 1418 2084 lide.
1444 2029 1583 2084 Nam
1609 2029 1722 2083 alio
1755 2027 1922 2083 modo

235 2203 241 2208 I
332 2140 444 2180 non
467 2125 725 2196 potestis,
744 2124 945 2194 inquit,
966 2139 1113 2180 unus
1132 2122 1363 2193 spiritus
1377 2137 1524 2185 esse,
1556 2132 1920 2192 praeterquam

336 2214 494 2272 isto.~
537 2213 766 2282 Deinde.
825 2214 874 2270 si
910 2213 1154 2269 animam
1200 2228 1368 2268 unam
1437 2213 1676 2269 habeant
1717 2232 1730 2268 :
1775 2211 1922 2284 quod

331 2309 555 2368 eximia:
577 2308 875 2364 charitatis
927 2315 1316 2379 argumentum
1347 2315 1452 2363 est.
1493 2305 1767 2362 Caeterum
1801 2323 1921 2362 ma-

333 2417 505 2474 gnum
537 2400 739 2458 exinde
759 2408 1041 2457 certamen
1065 2399 1613 2464 aitsubsecuturum.
1630 2397 1921 2464 Quodnam

335 2508 472 2550 vero
501 2491 663 2559 illud,
695 2493 807 2549 nisi
848 2500 909 2547 ut
956 2491 1241 2561 Evangelii
1281 2491 1496 2562 pugiles
1531 2489 1707 2546 ﬁant?
1732 2488 1922 2545 Enim~

336 2598 473 2640 vero
502 2583 826 2655 complures
862 2595 1026 2638 erant
1058 2583 1398 2649 adversarii;
1432 2582 1508 2636 illi
1545 2581 1806 2638 nimirum
1827 2583 1923 2653 qui

335 2690 404 2732 ex
427 2676 880 2732 circumcisione.

412 2784 434 2819 ε
472 2764 644 2823 Nobis
671 2775 856 2822 autem
883 2764 1105 2830 salutis,
1136 2776 1191 2822 et
1222 2767 1326 2821 hoc
1358 2781 1391 2820 a
1414 2767 1525 2822 Deo
1553 2764 1782 2838 :|.Vsns.
1808 2765 1900 2840 29]

337 2857 470 2928 quia
508 2857 668 2915 vobis
706 2859 983 2915 donatum
1031 2866 1120 2914 est
1158 2873 1258 2928 pro
1307 2857 1558 2922 Christo,
1600 2873 1711 2912 non
1742 2859 1923 2913 solum

339 2948 482 3005 utin
507 2964 634 3005 eum
666 2947 933 3015 credatis,
983 2947 1079 3012 sed
1139 2955 1200 3001 ut
1258 2947 1424 3002 etiam
1467 2963 1570 3018 pro
1605 2948 1703 3004 illo
1751 2951 1927 3020 patia-

339 3055 502 3096 mllll.
542 3059 563 3094 ε

405 3129 667 3215 .Observa
696 3131 981 3201 quomodo
1002 3131 1174 3186 tacite
1229 3131 1430 3187 iterum
1488 3133 1614 3189 illos
1646 3134 1924 3204 reprimit.
1956 3172 2000 3232 ο

341 3219 479 3276 Nam
504 3232 795 3293 postquam
829 3222 1066 3278 athletas
1086 3234 1141 3278 et
1177 3225 1388 3295 pugiles
1401 3239 1500 3280 eos
1518 3225 1658 3280 dixit
1683 3225 1928 3298 Evange-

344 3312 426 3375 lii.
448 3312 759 3382 suhjunxit,
786 3313 889 3367 huc
921 3313 1102 3382 ipsum
1145 3330 1176 3368 a
1215 3315 1324 3370 Deo
1345 3317 1637 3386 prmstari;
1681 3317 1819 3388 quin
1871 3326 1930 3373 et

343 3401 481 3472 ipsis
507 3417 836 3460 concessum
901 3417 1027 3458 esse
1090 3412 1151 3474 ut
1207 3419 1306 3473 pro
1355 3420 1422 3459 eo
1459 3407 1761 3476 patiantur.
1810 3406 1930 3464 Hoc

344 3501 529 3549 autem
563 3494 660 3558 ait,
693 3509 802 3548 non
836 3503 894 3547 ut
922 3494 1091 3548 animi
1153 3493 1433 3562 allectum,
1471 3512 1580 3551 non
1624 3507 1686 3552 ut
1719 3514 1930 3568 propo-

343 3587 512 3666 situm
549 3586 818 3642 dissolvat
839 3586 1000 3658 (mihi
1024 3586 1299 3657 siquidem
1322 3589 1618 3654 incumbit,
1644 3598 1704 3644 ut
1731 3605 1932 3662 propo-

337 3675 515 3734 situm
554 3679 760 3734 bonum
778 3679 1062 3746 habeam),
1096 3679 1194 3734 sed
1221 3687 1281 3736 ut
1311 3683 1495 3738 omnia
1551 3684 1695 3740 bona
1737 3698 1769 3738 a
1818 3683 1956 3740 Deo’

343 3785 469 3823 esse
499 3777 791 3826 censeant.
853 3767 979 3823 Non
1017 3769 1156 3822 enim
1215 3786 1331 3840 ego,
1370 3772 1573 3842 inquit,
1609 3775 1700 3829 sed
1751 3777 1933 3844 gratia

347 3857 450 3912 Dei
477 3874 679 3912 mecum
702 3859 769 3915 ⁸³.

421 3948 591 4006 Vens.
626 3949 716 4007 30.
753 3968 772 4016 ι
813 3951 956 4008 Idem
990 3963 1269 4012 certamen
1326 3955 1612 4021 habentes,
1647 3958 1814 4028 quale
1854 3960 1933 4014 vi-

347 4042 510 4100 distis
537 4043 594 4098 in
625 4058 734 4107 me,
774 4052 830 4099 et
856 4061 1006 4099 nunc
1034 4047 1270 4102 audistis
1312 4047 1366 4101 in
1395 4065 1500 4104 ine.
1535 4068 1553 4100 ι

416 4133 532 4190 iloc
561 4137 620 4191 in
659 4135 783 4192 loco
813 4138 924 4194 duo
952 4139 1114 4192 utilia
1140 4142 1411 4212 suggerit,
1461 4145 1704 4213 primum
1739 4159 1808 4200 ne
1834 4162 1934 4199 ex-

349 4229 640 4295 tollantur,
669 4246 769 4285 ceu
796 4231 900 4301 ipsi
938 4231 1042 4287 soli
1067 4235 1284 4304 pugiles
1325 4234 1462 4298 sint,
1493 4235 1720 4306 quando
1747 4252 1936 4292 exem-

231 4332 236 4336 '
349 4323 439 4393 plo
461 4323 636 4394 ipsius
661 4321 972 4380 decertant.
1032 4325 1307 4392 Alterum,
1338 4343 1408 4382 ne
1446 4328 1532 4382 vel
1562 4327 1808 4394 vincula,
1849 4330 1936 4384 vel

2019 544 2079 598 '0
2102 544 2161 599 δὲ
2188 547 2269 610 είς
2284 546 2490 619 ταύτην
2521 547 2872 619 προκόπτων,
2905 549 3238 620 καυχήσεται
3259 587 3274 612 ,
3307 551 3493 618 φησὶν,
3529 555 3592 603 ἐν

2008 637 2252 710 Χριστῷ.

2088 751 2108 784 ι
2142 732 2320 786 Μόνον
2357 731 2525 800 ἀξίως
2555 731 2652 788 τοῦ
2679 733 3016 802 Εὐαγγελίου
3052 733 3148 788 τοῦ
3175 733 3416 806 Χριστοῦ
3438 735 3595 788 πολι-

2009 826 2254 891 τεύεσθε,
2281 826 2368 880 ἶνα
2398 826 2510 880 εἴτε
2543 825 2715 880 ἐλθὼν
2754 827 2850 881 καὶ
2899 825 3022 882 ίδὼν
3076 827 3244 898 ὑμᾶς,
3279 827 3391 880 εἴτε
3416 825 3594 894 ἀπὼν,

2009 917 2232 974 ἀκούσω
2268 917 2340 972 τὰ
2371 918 2505 992 περὶ
2524 916 2700 988 ὑμῶν.
2724 937 2743 970 ι

2086 1011 2457 1082 Μαρτνρήσας
2504 1012 2692 1076 αὐτοῖς
2756 1009 2966 1082 πολλὴν
3024 1010 3315 1083 προκοπὴν
3344 1050 3360 1072 .
3415 1010 3601 1082 ἡρέμα

2011 1100 2370 1155 καταστέλλει
2392 1101 2612 1168 αὐτοὺς,
2645 1100 2732 1156 ἵνα
2778 1099 2854 1174 μὴ
2881 1099 3200 1170 φυσηθᾶωιν
3237 1099 3596 1166 ἀκούσαντες,

2011 1191 2088 1256 ὡς
2117 1191 2455 1264 προέκοψαν.
2503 1191 2878 1249 Καταστέλλει
2941 1193 3023 1260 δὲ,
3081 1191 3242 1261 ἀξίαν
3275 1192 3474 1258 αὐτοὺς
3498 1191 3599 1246 τοῦ

2013 1284 2356 1356 Εὐαγγελίου
2382 1286 2662 1343 πολιτείαν
2681 1285 3033 1360 ἐπιτηδεύειν
3053 1284 3361 1357 παραινῶν.

2092 1496 2113 1530 ι
2145 1477 2270 1531 Ὅτι
2296 1478 2528 1549 στήκετε
2575 1479 2635 1532 ἑν
2695 1479 2778 1533 ἑνὶ
2823 1477 3117 1551 πνεύματι,
3152 1477 3255 1550 μιᾷ
3283 1475 3429 1550 ψυχῇ
3474 1494 3601 1532 συν-

2017 1570 2314 1633 αθλοῦντες
2347 1573 2412 1641 τῇ
2443 1571 2626 1624 πίστει
2657 1569 2753 1625 τοῦ
2799 1570 3158 1640 Εὑαγγελίου,
3184 1569 3278 1622 καὶ
3301 1569 3376 1641 μὴ
3399 1570 3606 1641 πτυρό-

2019 1679 2173 1734 μενοι
2199 1664 2257 1716 ὲν
2276 1664 2468 1734 μηδενὶ
2501 1664 2606 1718 ὑπὸ
2630 1664 2739 1720 τῶν
2775 1663 3191 1736 ἀντικειμένων,
3220 1661 3256 1733 ἦ
3290 1679 3375 1727 τις
3407 1663 3593 1729 αὐτοῖς

1951 1802 1997 1862 Β
2027 1755 2126 1825 μέν
2158 1757 2306 1808 ἐστιν
2337 1755 2562 1822 ἔνδειξις
2594 1757 2892 1824 ἀπωλείας,
2925 1776 2944 1810 ι

2099 1846 2284 1901 Εἰπὼν
2313 1849 2496 1914 αὐτοῖς
2518 1851 2703 1918 ἀξίους
2721 1849 2816 1904 τοῦ
2839 1848 3174 1920 Εὐαγγελίου
3198 1849 3606 1915 πολιτεύεσθαι,

2021 1941 2173 2010 λέγει
2201 1943 2294 1996 καὶ
2319 1944 2380 1995 τὸ
2436 1939 2578 2006 εἶδος
2626 1943 2728 2014 τῆς
2781 1943 3083 2008 πολιτείας.
3115 1943 3287 1997 Τοῦτο
3313 1943 3370 1997 δέ
3398 1945 3517 1998 ἐστι
3545 1941 3610 1996 τὸ

2026 2036 2156 2107 περὶ
2192 2037 2292 2108 τὴν
2326 2037 2511 2090 πίστιν
2541 2037 2786 2106 γνήσιον.
2820 2035 3036 2099 ’Δλλως
3056 2035 3167 2105 γὰρ
3190 2035 3251 2089 οὐ
3282 2034 3515 2089 δύνασθε
3547 2033 3610 2090 ἓν

2027 2127 2246 2198 πνεῦμα
2274 2127 2554 2196 γενέσθαι,
2587 2129 2620 2199 ἢ
2655 2127 2830 2192 οὕτως
2855 2142 2873 2159 ·
2900 2126 3088 2186 ἔπειτα
3109 2126 3170 2180 τὸ
3194 2126 3288 2180 καὶ
3319 2126 3450 2196 μίαν
3465 2128 3612 2196 ἔχειν

2024 2215 2224 2288 ψυχήν.
2250 2217 2424 2291 Τοῦτο
2445 2219 2502 2272 δὲ
2557 2217 3011 2290 ὑπερϐαλλούσης
3052 2218 3272 2288 ἀγάπης
3311 2211 3610 2280 ἀπόδειξις·

2021 2309 2218 2378 Μέγαν
2248 2309 2308 2365 δὲ
2339 2310 2488 2381 λέγει
2513 2306 2653 2365 εἶναι
2681 2310 2774 2365 τὸν
2801 2311 2864 2363 ὲκ
2885 2293 3090 2365 τούτων
3106 2307 3288 2364 ἆθλον.
3315 2293 3426 2362 Καὶ
3460 2307 3610 2359 ποῖον

2025 2401 2204 2468 τοῦτο,
2263 2401 2297 2473 ἢ
2354 2402 2418 2456 τὸ
2473 2401 2716 2475 ἀθλητὰς
2771 2402 2971 2466 αὐτοὺς
3015 2401 3272 2470 γενέσθαι
3319 2399 3460 2472 ὑπὲρ
3511 2395 3610 2454 τοῦ

2026 2494 2362 2563 Εὐαγγελίου
2389 2511 2404 2562 ;
2441 2489 2626 2550 Ἦσαν
2647 2496 2757 2568 γὰρ
2782 2494 2967 2550 πολλοὶ
2982 2495 3032 2549 οί
3052 2494 3418 2566 ἀντικείμενοι
3439 2492 3491 2546 οί
3506 2491 3611 2564 τῆς

2026 2602 2354 2658 περιτομης.
2455 2657 2462 2670 1

2104 2785 2122 2818 ι
2162 2763 2325 2834 Ἡμῖν
2375 2762 2432 2816 δὲ
2497 2760 2792 2832 σωτηρίας,
2815 2760 2913 2815 καὶ
2968 2759 3130 2830 τοῦτο
3156 2757 3281 2826 κάπὸ
3315 2756 3489 2824 Θεοῦο
3525 2757 3614 2811 ὅτι

2029 2858 2157 2926 ὑμῖν
2181 2854 2445 2926 ἐχαρίσθη
2468 2853 2532 2907 τδ
2555 2845 2982 2925 ὑπὲρΧριστοῦ,
3017 2851 3080 2904 ού
3109 2850 3272 2922 μόνον
3301 2850 3363 2936 το
3399 2852 3480 2913 είς
3509 2849 3612 2903 αύ-

2027 2949 2120 3002 τὸν
2154 2946 2458 3013 πιστεύειν,
2495 2945 2633 3001 ἀλλὰ
2684 2945 2781 3000 καὶ
2819 2943 2881 2998 τὸ
2913 2943 3055 3014 ὑπὲρ
3089 2941 3256 2997 αὐτοῦ
3300 2942 3553 3013 πάσχειν.
3585 2959 3608 2994 ι

2104 3134 2248 3207 Ὅρα
2273 3132 2437 3187 πάλιν
2494 3131 2570 3193 ὡς
2629 3129 2817 3202 ἡρέμα
2857 3126 3237 3183 καταστέλλει.
3284 3127 3470 3182 Εἰπὼν
3502 3127 3616 3198 γὰρ

2031 3227 2117 3280 ὅτι
2164 3223 2398 3295 ἀθληταί
2437 3225 2561 3277 ὲστε
2613 3221 2757 3293 ὑπὲρ
2804 3219 2900 3275 τοῦ
2947 3219 3304 3291 Εὐαγγελίου,
3328 3222 3616 3291 ἐπήγαγεν

2030 3318 2114 3371 ὅτι
2143 3314 2274 3369 αὐτὸ
2305 3313 2467 3368 τοῦτο
2499 3311 2608 3368 ἀπὸ
2666 3311 2803 3366 Θεοῦ
2839 3311 3093 3383 ἔρχεταιο
3151 3313 3248 3366 καὶ
3293 3311 3455 3364 τοῦτο
3487 3312 3617 3383 ὑμῖν

2033 3406 2300 3479 ἐχαρίσθη
2321 3406 2383 3459 τὸ
2413 3405 2648 3475 πάσχειν
2687 3404 2827 3477 ὑπὲρ
2869 3403 3055 3459 αὐτοῦ.
3092 3403 3268 3458 Τοῦτο
3309 3403 3389 3467 δὲ,
3427 3406 3612 3474 φησὶν,

2032 3501 2092 3553 ού
2121 3498 2191 3552 τὰ
2217 3497 2310 3552 τοῦ
2361 3497 2711 3568 φρονήματος
2761 3495 3017 3562 διαλύων,
3062 3496 3122 3549 ού
3165 3496 3237 3549 τὰ
3284 3498 3384 3566 τῆς
3423 3497 3621 3564 προθέο

2037 3610 2176 3656 σεως
2204 3607 2218 3622 ⁸
2277 3591 2359 3645 δεῖ
2409 3590 2522 3662 γὰρ
2567 3589 2786 3660 ἀγαθήν
2815 3607 2886 3660 με
2929 3589 3077 3660 ἔχειν
3124 3576 3619 3659 πρόθεσίν,ίπάντα

2033 3687 2090 3742 δὲ
2119 3685 2304 3754 ἀγαθὰ
2334 3683 2592 3756 ἡγεῖσθαι
2619 3685 2687 3738 ἐκ
2725 3682 2883 3739 Θεοῦ.
2938 3685 3061 3738 Οὐκ
3093 3682 3209 3754 ἐγὼ
3234 3681 3364 3753 γὰρ,
3403 3680 3540 3738 ἀλλ’
3576 3681 3620 3752 ὴ

2036 3779 2209 3849 χάρις
2233 3780 2270 3846 ή
2302 3777 2418 3833 σὺν
2447 3777 2599 3848 ἐμοί.

2115 3982 2135 4014 ι
2169 3961 2274 4016 Τὸν
2297 3959 2460 4015 αὐτὸν
2507 3957 2697 4027 ἀγῶνα
2732 3955 2970 4028 ἔχοντες,
3029 3949 3142 4011 οἷον
3188 3954 3357 4010 εἴδετε
3387 3955 3444 4009 ἐν
3471 3957 3619 4026 ἐμοὶ,

2038 4056 2134 4112 καὶ
2165 4053 2504 4108 νῦνὰκούετε
2539 4054 2599 4106 ὲν
2632 4051 2778 4121 ἐμοί.
2809 4070 2828 4112 ρ
3029 4064 3032 4066 ⁷

2107 4147 2213 4200 Δύο
2240 4147 2490 4217 χρήσιμα
2543 4141 2786 4212 ἐνταῦθα
2823 4141 2963 4207 ἐστι,
3017 4141 3114 4194 καὶ
3142 4139 3208 4193 τὸ
3231 4137 3306 4211 μὴ
3355 4131 3623 4209 ὑψοῦσοαι

2037 4239 2114 4302 ὡς
2151 4239 2346 4309 μόνους
2395 4235 2660 4305 ἀθλητὰς,
2705 4234 2840 4287 ὅπου
2881 4248 2945 4301 γε
2980 4230 3140 4284 ’κατὰ
3177 4231 3410 4301 μίμησιν
3449 4227 3619 4283 αὐτοῦ

2040 4333 2284 4388 ἀθλοῦσι.
2315 4330 2428 4382 Καὶ
2478 4327 2574 4382 τοῦ
2613 4327 2689 4396 μὴ
2733 4325 2939 4396 δειλιᾷν
2973 4324 3067 4376 ἐπὶ
3107 4324 3219 4387 τοῖς
3250 4323 3493 4392 δεσμοῖς,
3531 4321 3626 4374 καὶ

346 4417 694 4486 exspectatio
727 4419 921 4474 mortis
970 4419 1123 4488 ipsos
1157 4427 1438 4474 exterreat
1477 4437 1490 4473 :
1537 4421 1685 4476 unde
1707 4423 1838 4475 illos
1867 4423 1927 4477 ad

2039 4426 2105 4498 τῇ
2138 4421 2441 4492 προσδοκίᾳ
2475 4417 2570 4472 τοῦ
2623 4417 2873 4479 Θανάτου,
2928 4414 3062 4467 ὅπου
3092 4429 3168 4481 -γε
3205 4411 3303 4465 καὶ
3340 4410 3625 4481 μιμεῖσθαι

351 4508 438 4564 sui
473 4509 882 4565 aemulationem
925 4510 1273 4566 adhortatur.
1333 4511 1548 4567 Vidcsis
1601 4529 1734 4568 vero
1765 4531 1927 4585 quam

2041 4513 2239 4580 αὐτοὺς
2275 4511 2465 4568 ἑαυτὸν
2494 4506 2953 4579 παρακελεύεται.
2974 4505 3118 4572 Ὅρα
3152 4503 3211 4556 δὲ
3233 4503 3376 4572 πόση
3416 4502 3625 4568 ἀγωνία

350 4600 513 4656 anxie
536 4599 742 4655 Paulus
773 4601 1177 4672 discipulorum
1235 4603 1310 4656 sit
1371 4603 1671 4678 sollicitus,
1711 4607 1927 4671 ut,sive

2037 4605 2117 4676 τῷ
2143 4603 2342 4674 Παύλῳ
2366 4603 2498 4673 περὶ
2527 4599 2954 4676 τῶνμαθητῶν.
2983 4597 3062 4667 ᾡς
3085 4597 3180 4664 καὶ
3206 4593 3628 4665 κατορθούντων

351 4690 492 4748 bene
525 4702 773 4762 agerent,
837 4693 956 4748 sive
997 4701 1326 4767 metuerent,
1381 4705 1728 4766 angeretur:
1768 4715 1834 4763 ac
1863 4700 1927 4753 si-

2038 4697 2240 4763 αὐτῶν,
2284 4697 2382 4749 καὶ
2437 4695 2708 4757 δεδιότων,
2761 4692 3036 4762 ἀγωνιᾷψ
3073 4687 3487 4758 κατορθούντων
3527 4685 3626 4770 μὲν

351 4785 574 4855 quidem
631 4801 744 4841 rem
816 4795 970 4840 recte
1008 4793 1291 4858 gererent,
1331 4803 1401 4842 nc
1426 4789 1795 4856 eﬂ‘crrentur;
1820 4827 1822 4832 -
1847 4792 1927 4852 sin

2037 4790 2126 4844 διὰ
2157 4789 2216 4842 τό
2241 4788 2463 4858 ὕψωμα,
2488 4785 2739 4840 δεδίοτων
2761 4784 2838 4849 δὲ,
2866 4782 3095 4852 διὰ-τὴν.
3111 4779 3213 4856 τῆς
3234 4769 3625 4860 δειλίαςῠγενο-

351 4883 534 4936 autem
572 4876 948 4944 trepidarent,
974 4892 1042 4929 nc
1071 4884 1296 4947 propter
1321 4887 1554 4947 metum,
1606 4891 1666 4938 ut
1709 4884 1927 4950 assoletl

2042 4880 2211 4953 μένην
2241 4877 2570 4950 ὑποστολὴν.

350 4963 763 5042 desponderent
789 4967 1060 5024 animum.

922 5107 1079 5179 197
1109 5107 1265 5163 CAP.
1311 5107 1374 5164 ιι.

2649 5091 2920 5152 ΚΕΦΑΛ.
2959 5096 3034 5152 Β¹.

427 5236 596 5296 νειε.
629 5240 682 5304 1.
712 5241 770 5300 2.
812 5261 831 5296 ι
871 5243 928 5299 Si
966 5262 1073 5316 qua
1105 5262 1239 5317 ergo
1262 5248 1584 5304 consolatio.
1605 5250 1660 5304 in
1691 5247 1940 5316 Christo,

354 5331 402 5398 si
441 5331 588 5402 quod
625 5333 884 5390 solatium
916 5338 1230 5405 charitatis,
1271 5341 1318 5396 si
1355 5355 1463 5410 qua
1495 5340 1737 5401 societas
1768 5340 1938 5410 spiri-

353 5433 467 5489 tus,
497 5425 543 5480 si
587 5443 696 5498 qua
729 5429 947 5486 viscera
979 5432 1378 5500 miserationis,
1412 5433 1636 5503 implete
1674 5433 1936 5502 gaudium

355 5533 560 5583 meum.
590 5529 651 5594 ut
691 5515 832 5576 idem
884 5525 1134 5596 sapiatis,
1175 5526 1428 5588 eamdem
1465 5525 1798 5582 rharitatem
1843 5525 1940 5581 ha-

353 5613 568 5677 bentes,
596 5613 908 5699 unanimes,
939 5617 1178 5689 idipsum
1210 5618 1536 5676 sentientes.
1578 5637 1595 5670 ι

416 5791 517 5849 ⁸³1
559 5791 687 5850 Cor.
731 5812 822 5860 xv,
862 5797 914 5853 1.

2119 5263 2140 5296 ι
2182 5245 2247 5298 Εἴ
2270 5259 2356 5306 τις
2378 5241 2474 5295 οὖν
2504 5237 2852 5311 παράκλησιν
2886 5239 2945 5291 ἐν
2980 5227 3404 5306 umquam
3449 5249 3630 5304 παρα-

2049 5337 2238 5410 μύθιον
2271 5336 2514 5404 ἀγάπης,
2556 5332 2613 5384 εί
2644 5327 2730 5395 τις
2784 5329 3043 5384 κοινωνία
3087 5317 3420 5399 πνεύματος,
3463 5329 3517 5380 εί
3545 5343 3630 5389 τις

2048 5429 2337 5500 σπλάγχνα
2365 5425 2462 5480 καὶ
2493 5422 2788 5494 οίκτιρμοὶ,
2818 5417 3146 5492 πληρώσατέ
3169 5415 3271 5489 μου
3305 5418 3405 5490 τὴν
3431 5411 3628 5488 χαρὰν,

2049 5523 2137 5577 ἴνα
2176 5521 2241 5575 τὸ
2279 5519 2413 5574 αὐτὸ
2461 5517 2720 5590 φρονῆτε,
2754 5515 2866 5586 ῖτὴν
2912 5513 3081 5585 αὐτὴν
3114 5512 3337 5583 ἀγάπην
3390 5509 3629 5584 ἔχοντες,

2052 5612 2349 5686 σύμψνχοι,
2381 5609 2440 5663 τὸ
2471 5607 2532 5662 ἓν
2561 5604 2907 5677 φρονοῦντες.
2944 5624 2962 5656 ι
