4048 6388
333 314 444 380 865

1407 307 1492 372 IN
1527 306 1771 372 EPIST.
1814 309 1916 370 AD
1955 306 2538 374 PHILIPPENSES.

3521 319 3628 388 866

403 425 637 482 Μέλλων
683 425 873 488 αὐτοῖς
905 424 1199 496 παραινεῖν
1256 422 1582 494 ὁμοπίστοις
1640 419 1780 476 εἶναι
1833 422 1917 475 καλ

2102 419 2433 493 Priusquam
2463 435 2564 480 eos
2597 422 2924 484 adhortatur
2948 427 3018 484 ad
3048 428 3212 486 {litem
3238 447 3402 486 unam
3424 441 3479 488 ct
3509 438 3628 490 ani-

330 517 656 588 ὁμοψύχοις,
717 518 909 588 ὥσπερ
968 519 1118 587 ὅρκῳ
1169 515 1351 570 αὐτῶν
1410 514 1929 586 προκαταλαμϐάνει

331 609 433 670 τὰς
457 603 660 678 ψυχὰς,
689 607 976 679 μονονουχὶ
1000 608 1179 676 λέγων
1203 624 1220 640 ·
1254 606 1394 679 πρὸς
1422 607 1598 676 αὐτῆς
1625 606 1726 676 τῆς
1746 621 1930 675 παρα-

331 700 584 770 κλήσεως
641 701 787 769 ὑμᾶς
844 698 1071 770 ὁρκίζω,
1120 694 1190 770 ἧς
1243 697 1626 770 παρεκάλεσεν
1694 697 1844 768 ἡμᾶς
1899 693 1929 750 ὁ

331 791 591 862 Χριστὸς,
646 793 743 846 καὶ
787 793 888 860 τῆς
933 788 1180 860 ἀγάπης,
1207 791 1303 845 καὶ
1343 791 1442 861 τῆς
1492 789 1784 853 κοινωνίας
1829 788 1926 843 τοῦ

331 882 674 952 Πνεύματος,
699 883 836 955 πρὸς
861 884 1044 936 αὐτῶν
1068 881 1180 936 τῶν
1210 881 1557 953 σπλάγχνων,
1585 879 1724 953 πρὸς
1745 879 1927 936 αὐτῶν

330 976 440 1031 τῶν
455 977 758 1048 οἰκτιρμῶν
774 974 869 1030 τοῦ
885 973 1049 1039 Θεοῦ,
1069 971 1432 1046 πλὴρώάατέ
1441 993 1558 1045 μου
1579 975 1695 1044 τὴν
1710 976 1924 1045 χαράν.

328 1067 479 1138 Δῦτη
511 1067 570 1121 δέ
599 1068 714 1121 ἐστι
742 1066 824 1136 τδ,
857 1067 1187 1137 ὀμοπίστους
1223 1066 1370 1138 ὑμᾶς
1406 1063 1546 1122 εἶναι
1589 1069 1684 1121 καὶ
1712 1061 1926 1138 ὁμοψύ·

367 1175 478 1222 ους.

329 1177 657 1317 χοῗςθίηδέν
698 1246 843 1303 κατὰ
903 1244 1140 1319 ἐριθείαν
1187 1247 1224 1318 η
1277 1247 1604 1314 κενοδοξίαν,
1663 1248 1802 1305 ἀλλὰ
1854 1251 1922 1322 τῇ

330 1339 803 1412 ταπεινοφροσύνῃ
829 1379 844 1405 ,
893 1337 1159 1410 ἀλλήλους
1215 1339 1510 1412 ¹ἡγούμενοι
1557 1340 1924 1414 ὑπερέχοντας

328 1429 561 1488 ἑαυτῶν.
600 1429 619 1486 ὁ

400 1523 572 1577 Τοῦτο
605 1523 715 1596 γάρ
763 1524 881 1577 ἐστι
912 1523 1150 1594 μάλιστα
1191 1524 1254 1578 τὸ
1289 1522 1390 1588 τὰς
1432 1525 1676 1596 αἱρέσεις
1709 1526 1918 1593 ποιοῦν,

328 1617 447 1691 ἔρις
470 1620 567 1671 καὶ
593 1617 896 1684 κενοδοξία.

404 1725 424 1756 ι
463 1707 556 1776 Μὴ
590 1706 663 1759 τὰ
701 1706 915 1760 ἑαυτῶν
957 1705 1193 1772 ἕκαστος
1235 1709 1513 1772 σκοπεῖτε,
1548 1709 1687 1764 ἀλλὰ
1733 1712 1920 1767 καὶτὰ

329 1799 532 1870 ἐτέρων
551 1798 804 1863 ἕκαστος.
831 1801 850 1850 ι

397 1893 490 1964 Μὴ
536 1893 698 1947 τοῦτο
738 1897 956 1957 σκόπει,
1006 1893 1193 1965 φησὶν,
1253 1887 1400 1958 ὅπως
1450 1884 1776 1958 διδάσκαλος
1825 1896 1919 1949 καὶ

329 1985 504 2055 μέγας
524 2003 611 2049 τις
639 1987 972 2058 όνομασθῇς,
1004 1983 1290 2052 ἀλλ’δπως
1325 1988 1401 2062 μὴ
1434 1987 1798 2060 σκανδαλίσῃς
1823 1989 1918 2042 τὸν

326 2077 579 2146 ἀδελφόν.
845 2130 848 2134 ,
947 2127 986 2132 ..
1053 2127 1058 2132 .

402 2188 426 2222 s
458 2170 631 2225 Τοῦτο
659 2166 770 2244 γὰρ
812 2173 1123 2243 φρονείσθω
1150 2174 1209 2228 ἐν
1235 2175 1387 2246 ὑμῖν,
1418 2173 1447 2228 ὃ
1476 2176 1570 2228 καὶ
1605 2176 1664 2227 ἐν
1693 2175 1916 2246 Χριστῷ

339 2261 539 2332 Ἰησοῦ,
574 2262 632 2326 ὃς
661 2264 720 2318 ἐν
767 2268 959 2338 μορφῇ
993 2265 1132 2319 Θεοῦ
1161 2266 1450 2337 ὑπάρχων.
1489 2267 1589 2338 οὐχ
1621 2267 1916 2339 ἁρπαγμὸν

323 2353 576 2424 ἡγήσατο
626 2353 690 2408 τὸ
731 2351 876 2411 εἶναι
912 2352 1006 2410 ῐσα
1053 2350 1196 2430 Θεῷ,
1249 2358 1364 2412 ἀλλ’
1411 2360 1606 2413 ἑαυτὸν
1655 2362 1911 2426 ἐκένωσε,

327 2447 545 2518 μορφὴν
571 2447 762 2502 δούλου
797 2447 996 2517 λαϐὼν,
1033 2454 1090 2505 ἐν
1136 2453 1443 2524 ὁμοιώματι
1489 2454 1790 2526 ἀνθρώπων
1817 2462 1913 2525 γε-

328 2536 576 2610 νόμενος,
609 2541 706 2594 καὶ
735 2544 977 2612 σχήματι
1023 2542 1270 2615 εὑρεθεὶς
1297 2545 1372 2609 ὡς
1405 2546 1714 2617 ἄνθρωπος.
1756 2550 1913 2603 Ἑτα-

326 2631 594 2685 πείνωσεν
624 2633 842 2699 ἑαυτὸν,
865 2636 1159 2707 γενόμενος
1191 2628 1430 2708 ὗπήκοος
1461 2641 1624 2710 μέχρι
1655 2641 1910 2707 θανάτου,

325 2721 560 2777 θανάτου
605 2724 666 2778 δὲ
720 2719 982 2799 σταυροῦ.
1020 2727 1114 2782 Διὸ
1155 2729 1251 2782 καὶ
1292 2731 1320 2782 ὁ
1366 2730 1498 2788 Θεὸς
1535 2731 1706 2786 ἀὐτὸν
1735 2733 1916 2804 -ὑπερ-

324 2814 531 2885 ὕψωσε,
553 2817 649 2870 καί
670 2818 965 2891 ἐχαρίσατο
985 2820 1134 2891 αὐτῷ
1149 2820 1320 2891 ὄνομα
1346 2820 1406 2875 τὸ
1424 2821 1567 2893 ὑπὲρ
1591 2826 1700 2877 πᾶν
1715 2823 1908 2896 ὄνομα,

322 2907 413 2961 ἵνα
444 2909 597 2980 ἐντῷ
618 2910 846 2981 ὀνόματι
897 2910 1072 2981 Ἰησοῦ
1108 2912 1349 2980 Χριστοῦ
1385 2915 1497 2968 πᾶν
1521 2915 1652 2983 γόνυ
1690 2916 1909 2988 κάμψῃ,

323 3001 432 3054 τῶν
473 3002 834 3074 ἐπουρανίων,
893 3007 988 3059 καὶ
1037 3007 1316 3071 ἐπιγείων,
1377 3008 1474 3061 καὶ
1515 3007 1909 3079 καταχθονίων,

320 3092 416 3145 καὶ
447 3094 596 3146 πᾶσα
634 3093 861 3164 γλῶσσα
892 3095 1382 3168 ἐξομολογήσηται,
1428 3097 1512 3152 ὅτι
1560 3098 1768 3170 Κύριος
1809 3097 1911 3170 Ίῆ-
1939 3133 1984 3192 α

322 3184 451 3249 σοῦς
479 3187 738 3257 Χριστός.
751 3205 770 3240 ι

395 3275 534 3346 Περὶ
581 3275 1091 3349 ταπεινοφροσύνης
1137 3271 1208 3350 ἦν
1254 3276 1405 3350 αὐτῷ
1446 3280 1475 3334 ὁ
1513 3279 1694 3349 λόγος,
1727 3281 1778 3335 εί
1817 3283 1912 3337 καὶ

317 3366 593 3439 δόγματος
630 3367 881 3424 ἅπτεται.
911 3369 1056 3442 Ὅρα
1085 3370 1142 3424 δὲ
1169 3370 1312 3444 πόση
1360 3371 1617 3444 ἀκρίϐεια
1661 3373 1757 3426 τοῦ
1790 3373 1913 3444 δόγ-

322 3469 514 3532 ματος.
541 3462 664 3516 ὀτι
694 3462 789 3517 καὶ
823 3463 938 3526 too;
978 3461 1059 3534 τῷ
1099 3463 1278 3536 Πατρὶ
1325 3467 1354 3519 ὀ
1389 3465 1648 3537 Χριστὸς,
1683 3467 1780 3521 καὶ
1829 3463 1913 3521 ὅτι

323 3552 516 3606 ἑαυτὸν
554 3552 814 3618 ἐκένωσε,
849 3555 944 3608 καὶ
981 3554 1063 3609 ὅτι
1105 3554 1398 3627 ἄνθρωπος
1437 3553 1652 3626 γέγονε,
1697 3557 1791 3613 καὶ
1829 3559 1911 3612 ὅτι

318 3644 484 3699 ἑκών.
512 3635 631 3699 Ἵνα
657 3646 770 3719 γὰρ
817 3646 891 3718 μή
937 3633 1032 3712 τις
1068 3647 1312 3712 ἀκούσας
1341 3649 1418 3714 ὡς
1455 3651 1698 3722 ὑπήκοος
1719 3651 1912 3720 γέγονε

321 3735 399 3806 τῷ
432 3737 632 3810 Πατρὶ,
663 3738 914 3810 ἀνάγκην
939 3739 1138 3812 νομίσῃ
1166 3740 1458 3813 ἐπενεχθαι
1482 3741 1654 3812 αὐτῷ,
1689 3742 1766 3805 ὡς
1801 3742 1912 3797 ἀπὸ

325 3829 575 3899 μείζονος
603 3831 742 3903 πρὸς
768 3831 1049 3900 ἐλάττονα,
1083 3833 1282 3888 τούτου
1318 3832 1482 3905 χάριν
1524 3833 1798 3905 πολλαχοῦ
1826 3833 1910 3900 τὸ,

320 3921 564 3986 ἑαυτὸν,
608 3925 942 3995 προσάπτει,
988 3925 1211 3981 ἑαυτὸν
1260 3926 1524 3981 exerer
1573 3925 1768 3996 λέγων,
1813 3925 1912 3982 καὶ

318 4013 728 4069 ἐταπείνωσεν
771 4014 1016 4081 ἑαυτὸν,
1044 4017 1368 4087 γενόμενος
1412 4016 1704 4085 ὑπήκοος.
1739 4017 1912 4073 Τοῦτο

317 4103 376 4156 δὲ
406 4102 576 4172 λέγει,
610 4103 669 4157 ἓν
694 4103 756 4158 τὺ
784 4103 998 4178 θέλημα
1029 4103 1126 4159 τοῦ
1155 4106 1372 4176 Πατρὸς
1410 4105 1623 4160 καὶτοῦ
1653 4107 1784 4160 Υίοῦ
1813 4107 1910 4180 δη-

318 4194 450 4252 λῶν,
483 4196 594 4250 Καὶ
641 4195 704 4251 οὐ
755 4197 917 4269 μόνον
961 4195 1138 4253 ταῦτα
1168 4196 1527 4275 τὰμδόγματα
1579 4199 1750 4271 δηλοῖ,
1790 4200 1909 4255 ἀλλ’

318 4287 401 4342 ὃτι
424 4288 522 4343 καὶ
548 4288 813 4361 ὑπέμεινε
841 4287 1094 4357 θάνατον,
1123 4289 1419 4360 γενόμενος
1447 4291 1758 4363 ἄνθρωπος,
1792 4294 1821 4347 ὁ
1850 4293 1910 4347 ἐν

321 4381 533 4453 ἰσότητι
579 4381 677 4435 τοῦ
721 4381 934 4455 Πατρός
955 4398 970 4413 ’
1003 4383 1099 4436 καὶ
1129 4382 1227 4454 οὐχ
1262 4382 1453 4448 ἁπλῶς
1485 4380 1737 4450 θάνατον,
1766 4384 1906 4440 ἀλλὰ

2033 529 2182 570 mum
2235 532 2408 571 unum
2444 516 2786 585 habendum,
2833 525 2983 578 velut
3025 534 3381 581 sacramento
3414 535 3628 584 mentes

2031 605 2281 677 ipsorum
2313 617 2572 680 occupat,
2605 611 2695 665 his
2750 613 2925 668 ferme
2959 617 3146 672 verbis
3177 637 3191 672 :
3221 618 3330 675 Per
3371 620 3627 675 consola-

2030 699 2238 754 tionem
2271 701 2420 756 illam
2453 717 2563 773 qua
2587 701 2846 758 Christus
2876 719 2980 759 nos
3008 710 3328 767 consolatus
3356 721 3460 777 est,
3499 727 3621 782 per-

2029 806 2138 861 que
2159 792 2488 849 charitatem
2527 803 2586 850 et
2631 797 3198 854 communicationem
3227 802 3494 872 Spiritus,
3526 819 3626 874 per

2029 881 2265 952 ipsamet
2319 884 2559 953 viscera,
2618 902 2720 958 per
2751 889 2902 959 ipsas
2933 891 3321 949 miserationes
3359 894 3476 958 Dei,
3523 911 3624 952 vos

2028 978 2227 1048 adjuro
2259 997 2274 1036 :
2313 981 2530 1052 implete
2582 984 2842 1055 gaudium
2871 1001 3072 1039 meum.
3108 985 3224 1042 Hoc
3254 997 3435 1044 autem
3467 991 3522 1045 in
3553 1003 3622 1047 eo

2027 1073 2308 1137 consistit,
2349 1074 2497 1145 quod
2528 1076 2698 1132 unius
2728 1076 2854 1133 fidei
2900 1088 3067 1149 atque
3098 1079 3266 1134 animi
3294 1082 3440 1138 sitis.

2099 1248 2262 1308 Vsus.
2319 1253 2372 1308 5.
2438 1269 2460 1306 ‹
2490 1250 2639 1308 Nihil
2687 1269 2788 1325 per
2825 1259 3272 1333 contentionem,
3334 1262 3471 1318 nihil
3523 1273 3622 1335 per"

2025 1341 2250 1398 inanem
2282 1345 2539 1414 gloriam,
2573 1345 2668 1401 sed
2692 1346 3006 1404 humilitate
3046 1354 3363 1422 superiores
3394 1355 3498 1411 sibi
3531 1357 3618 1412 in-

2025 1433 2200 1488 vicem
2234 1436 2594 1492 arbitrantes.
2632 1457 2653 1490 ι

2103 1524 2219 1580 lloc
2259 1527 2406 1581 enim
2469 1537 2553 1584 est
2600 1530 2746 1600 quod
2803 1534 3110 1602 praesertim
3166 1535 3404 1594 haereses
3458 1538 3614 1606 facit,

2022 1619 2307 1672 contentio
2347 1620 2563 1676 scilicet
2596 1629 2652 1676 et
2682 1637 2822 1677 vana
2847 1626 3053 1694 gloria.
3089 1655 3094 1659 -

2092 1708 2262 1764 Vens.
2297 1711 2351 1765 4.
2423 1731 2442 1764 ι
2482 1711 2598 1767 Νυη
2635 1729 2756 1783 qua:
2805 1731 2906 1772 sua
2955 1730 3082 1773 sunt
3121 1721 3321 1792 singuli
3363 1724 3616 1779 conside-

1951 1779 1994 1833 Β
2022 1809 2228 1866 rantes,
2274 1803 2368 1858 sed
2401 1817 2464 1859 ea
2494 1819 2618 1874 qua:
2646 1807 2906 1862 aliorum.
2949 1827 2969 1862 ι

2091 1891 2171 1948 Ne
2204 1895 2308 1949 hoc
2339 1897 2632 1966 dispicias,
2672 1899 2878 1970 inquit,
2921 1916 3032 1970 quo
3069 1914 3231 1972 pacto
3265 1905 3480 1969 doctor,
3517 1914 3613 1960 aut

2022 1997 2253 2053 magnus
2282 1984 2504 2054 quidam
2530 1987 2849 2055 appellet-is,
2884 1991 2979 2046 sed
3019 1993 3302 2060 quomodo
3331 1992 3489 2048 fratri
3516 2001 3614 2048 tuo

2019 2071 2352 2130 oii‘endlculo
2384 2090 2492 2130 non
2525 2075 2624 2132 sis.

2093 2165 2261 2223 Vens.
2317 2168 2473 2224 5-H.
2536 2187 2555 2220 ι
2595 2168 2714 2224 Hoc
2765 2180 2946 2225 autem
2997 2175 3272 2228 sentiatur
3313 2177 3366 2230 in
3425 2177 3609 2241 vobis,

2017 2258 2164 2328 quod
2222 2267 2277 2314 ct
2317 2259 2375 2314 in
2430 2260 2659 2316 Christo
2692 2261 2822 2317 Jesu
2862 2264 3000 2333 :qui
3034 2279 3160 2319 cum
3201 2265 3256 2321 in
3303 2267 3481 2322 forma
3515 2269 3611 2324 Dei

1975 2429 1982 2434 ὁ
2017 2357 2186 2414 esset,
2221 2367 2332 2406 non
2367 2354 2617 2421 rapinam
2645 2356 2950 2411 arbitratus
2978 2365 3064 2412 eat
3090 2373 3215 2415 esse
3247 2375 3306 2415 se
3340 2363 3610 2430 aequalem

2016 2442 2170 2511 Deo;
2201 2445 2295 2500 sed
2331 2448 2690 2516 semetipsum
2721 2449 3030 2504 exinanivit
3063 2451 3297 2505 formam
3326 2453 3472 2508 servi
3514 2463 3611 2509 ac-

2016 2535 2249 2605 cipiens.
2277 2536 2333 2590 in
2370 2537 2797 2593 similitudinem
2847 2540 3132 2594 hominum
3168 2541 3370 2608 factus,
3424 2551 3478 2600 et
3505 2544 3612 2601 ha-

2017 2627 2132 2682 bitu
2186 2628 2444 2686 inventus
2493 2640 2554 2685 ut
2603 2633 2791 2686 homo.
2859 2631 3183 2688 Ηιιιηίιὶενῑι
3241 2637 3607 2708 semetipsum

2016 2718 2197 2776 factus
2241 2721 2505 2779 obediens
2552 2739 2730 2795 usque
2769 2724 2836 2779 ad
2867 2737 3124 2786 mortem.
3155 2739 3388 2784 mortem
3421 2736 3606 2786 autem

2016 2813 2220 2868 crucis.
2245 2811 2480 2885 Propter
2512 2817 2658 2886 quod
2682 2824 2737 2871 et
2767 2816 2914 2874 Deus
2940 2819 3204 2873 exaltavit
3223 2819 3398 2886 illum,
3427 2830 3483 2878 et
3507 2821 3611 2876 do-

2017 2907 2170 2959 navit
2202 2905 2280 2960 illi
2308 2922 2510 2962 nomen
2553 2909 2698 2977 quod
2743 2917 2830 2965 est
2888 2923 3057 2979 super
3086 2925 3251 2966 omne
3279 2926 3516 2978 nomen;
3549 2923 3610 2970 ut

2015 2996 2072 3050 in
2104 2997 2328 3053 nomine
2366 2996 2497 3054 Jesu
2549 3003 2715 3055 omne
2771 3016 2916 3070 genu
2953 3001 3230 3067 ﬂectatur,
3271 3003 3607 3072 cmiestium,

2016 3098 2070 3143 et
2094 3089 2470 3154 terrestrium,
2499 3103 2552 3148 et
2582 3093 2950 3161 infernarum,
2969 3103 3023 3150 et
3044 3096 3227 3152 omnis
3261 3097 3446 3168 lingua
3474 3111 3612 3154 con-

2017 3183 2261 3249 meatur,
2297 3185 2428 3255 quia
2470 3169 2739 3242 Dominus
2776 3183 2939 3242 Jesus
2972 3183 3257 3245 Christus.
3297 3207 3317 3242 ι

2083 3273 2160 3329 De
2216 3275 2534 3332 humilitate
2593 3275 2672 3331 illi
2725 3291 2913 3333 sermo
2949 3284 3094 3343 erat,
3145 3280 3368 3335 tametsi
3407 3278 3609 3351 dogma

2013 3365 2355 3438 perstringit.
2389 3366 2602 3438 Inspice
2624 3383 2757 3423 vero
2780 3383 2948 3440 quam
2984 3379 3242 3426 accurate
3262 3370 3317 3426 id
3343 3372 3603 3443 explicet.

2013 3457 2170 3525 Quod
2232 3474 2430 3530 nempe
2484 3459 2748 3518 Christus
2799 3462 3031 3533 aequalis
3095 3461 3168 3518 sit
3209 3461 3399 3529 Patri,
3456 3465 3604 3534 quod

2017 3550 2378 3621 semetipsum
2429 3551 2826 3619 exinaniverit,
2862 3555 3008 3626 quod
3058 3553 3236 3610 factus
3286 3555 3360 3610 sit
3413 3555 3604 3624 homo,

2013 3643 2162 3716 quod
2199 3650 2397 3714 sponte
2429 3643 2484 3698 id
2523 3646 2723 3716 egerit.
2783 3644 2867 3701 Ne
2923 3645 3072 3701 enim
3126 3644 3328 3716 aliquis
3373 3647 3604 3702 audiens

2012 3750 2141 3792 eum
2174 3733 2383 3790 factum
2409 3747 2537 3792 esse
2576 3734 2927 3791 obedientem
2956 3733 3136 3800 Patri,
3172 3734 3282 3789 vim
3313 3736 3362 3790 ei
3395 3736 3604 3790 illatam

2019 3836 2245 3899 putaret
2275 3827 2447 3882 veluti
2480 3826 2731 3883 inferiori
2761 3841 2791 3881 a
2833 3827 3147 3898 superiore,
3173 3833 3466 3898 propterea
3492 3825 3608 3883 fre-

2012 3923 2250 3986 quenter
2283 3915 2554 3982 inculcat,
2593 3916 2955 3984 semetipsum.
2995 3915 3370 3985 Semetipsum,
3403 3917 3605 3986 inquit,

2011 4009 2328 4072 exinanivit,
2357 4015 2412 4063 et
2440 4007 2740 4062 Im’miliavit
2770 4009 3111 4077 semetipsum
3137 4008 3316 4076 factus
3333 4008 3602 4064 obedierts.

2013 4099 2106 4156 Sic
2145 4113 2315 4170 porro
2347 4099 2620 4169 loquitur,
2657 4105 2715 4152 ut
2742 4113 2908 4152 unam
2933 4097 3112 4154 Patris
3139 4096 3379 4167 Filiique‘
3401 4099 3603 4154 Volon-

2011 4199 2180 4248 tatem
2229 4189 2527 4263 signiﬁcet.
2559 4189 2678 4246 Non
2723 4190 2900 4244 solum
2940 4199 3127 4244 autem
3168 4189 3285 4244 haec
3337 4189 3605 4246 doctrina:

2010 4285 2196 4356 capita
2234 4284 2510 4354 explicat;
2548 4296 2739 4338 verum
2781 4281 2951 4335 etiam
2981 4279 3129 4352 quod
3165 4287 3400 4336 mortem
3435 4281 3603 4337 homo

2011 4376 2194 4433 factus
2228 4371 2541 4448 pertulerit,
2593 4379 2719 4429 eum
2758 4372 2989 4444 aequalis
3017 4379 3165 4428 esset
3206 4371 3389 4442 Patri;
3423 4388 3604 4445 neque

317 4472 572 4536 θάνατον,
595 4471 689 4526 τὸν
712 4472 801 4528 διὰ
823 4475 1082 4545 σταυροῦ.
1109 4471 1222 4527 Καὶ
1242 4474 1322 4527 ὅτι
1348 4475 1468 4546 οὐχὶ
1497 4475 1776 4548 ἐκρατήθη
1807 4475 1905 4530 θα-

2023 4477 2241 4524 mortcm
2278 4468 2573 4536 duntaxat,
2617 4466 2713 4522 sed
2763 4473 2998 4522 mortem
3044 4480 3210 4537 quam
3251 4481 3350 4537 per
3378 4479 3600 4522 crucem

318 4565 488 4636 νάτῳ.
521 4566 762 4636 Ὗψωσε
797 4567 908 4636 γὰρ
929 4566 1140 4631 ἀύτὸν,
1168 4568 1355 4639 φησὶν,
1384 4571 1417 4622 ό
1459 4567 1624 4634 Θεός.
1657 4568 1829 4624 Ὅταν
1849 4569 1908 4623 δὲ

319 4653 402 4718 τὸ,
435 4653 651 4724 ὖψωσε
676 4656 771 4711 καὶ
791 4656 1012 4726 ἤγειρε,
1043 4657 1139 4711 καὶ
1165 4656 1237 4710 τὰ
1263 4657 1490 4712 τοιαῦτα
1520 4657 1785 4731 ἀκούσῃς,
1809 4658 1910 4732 τὴν

319 4747 639 4820 οἰκονομίαν
667 4749 840 4803 ἐννόει
865 4765 881 4781 ο
923 4749 999 4820 μὴ
1032 4751 1144 4822 γὰρ
1181 4749 1246 4820 δὴ
1277 4749 1355 4814 ὠς
1387 4749 1785 4822 ἐλαττούμενον
1813 4751 1910 4806 δυ-

318 4840 542 4911 νάμεως
563 4841 728 4896 αὑτὸν
758 4843 1024 4916 ἐννοήσῃς
1045 4859 1061 4874 ·
1103 4843 1267 4907 αὐτὸς
1294 4843 1404 4914 γάρ
1435 4845 1584 4897 ἐστιν
1615 4843 1911 4915 ήδύναμις

291 4932 414 4988 ’τοῦ
440 4933 678 5006 Πατρός.
705 4935 966 5005 Χριστὸς
1005 4934 1117 5008 γὰρ
1146 4933 1297 4990 Θεοῦ
1329 4935 1584 5006 δύναμις
1625 4933 1725 4990 καὶ
1761 4936 1914 4992 Θεοῦ

314 5025 525 5096 σοφία.

393 5220 416 5255 ι
454 5203 551 5269 Εἰς
593 5203 756 5272 δόξαν
799 5204 938 5261 θεοῦ
968 5206 1208 5280 Πατρός.
1245 5207 1433 5277 Ὥστε,
1455 5209 1738 5281 ἀγαπητοί
1768 5225 1907 5282 μου,

317 5295 504 5362 καθὼς
534 5297 768 5352 πάντοτε
799 5299 1172 5368 ὑπηκούσατε.
1212 5320 1232 5354 ι
1610 5335 1618 5343 -

392 5388 509 5443 ἰνα
552 5388 698 5444 οὕτω
750 5390 1063 5464 δοξάζηται,
1104 5394 1290 5466 φησιν,
1343 5393 1420 5458 ὡς
1471 5395 1567 5449 καὶ
1610 5395 1639 5448 ὁ
1687 5393 1902 5466 Πατὴρ,

319 5480 435 5546 [σος
457 5498 516 5535 τε
543 5483 638 5536 καὶ
665 5483 848 5554 ὅμοιος
878 5485 1048 5558 αὐτῷ.

397 5591 418 5627 ι
458 5567 651 5647 Μήμὼς
692 5579 752 5630 ἐν
795 5579 862 5649 τῇ
898 5580 1170 5652 παρουσίᾳ
1227 5596 1332 5651 μου
1379 5579 1564 5650 μόνον,
1618 5577 1756 5633 ἀλλὰ
1808 5577 1905 5634 νῦν

316 5665 500 5738 πολλῷ
525 5667 728 5739 μᾶλλον
755 5670 814 5723 ἐν
844 5671 912 5742 τῇ
947 5670 1184 5744 ἀπουσίᾳ
1209 5689 1334 5742 μου.
1366 5688 1388 5723 ο

387 5779 436 5814 ⁸⁸
461 5779 480 5834 ι
510 5780 638 5836 Cor.
695 5797 733 5844 ι,
758 5780 846 5836 ει.

2005 4561 2226 4618 ohierit.
2253 4560 2336 4616 Ad
2377 4560 2496 4615 haec
2523 4560 2671 4630 quod
2701 4563 2880 4615 morte
2903 4572 3017 4616 non
3050 4559 3122 4615 sit
3149 4558 3429 4615 detentus.
3460 4559 3600 4614 Deus

2005 4653 2171 4718 enim,
2208 4651 2416 4724 inquit,
2442 4647 2702 4706 exultavit
2750 4648 2933 4704 illum.
2980 4648 3216 4715 Quando
3267 4655 3450 4702 autem
3499 4656 3602 4700 art-

2005 4745 2201 4812 dieris,
2242 4743 2524 4807 exultavit,
2558 4743 2861 4808 suscitavit,
2903 4748 2958 4798 et
2980 4739 3206 4803 similia,
3232 4739 3604 4811 dispensatio-

2007 4835 2750 4904 nem,'incarnationemve‘
2807 4819 3009 4904 cogita.
3067 4831 3260 4903 Neque
3313 4831 3603 4886 arbitreris

2009 4930 2302 4989 debilioris
2359 4942 2486 4985 eum
2533 4942 2659 4984 esse
2702 4927 2930 4982 Virtutis
2963 4944 2982 4982 :
3015 4925 3220 4997 quippe
3265 4939 3390 4980 cum
3425 4923 3602 4978 virtus

2009 5025 2085 5082 sit
2117 5023 2324 5080 Patris.
2359 5013 2605 5078 Christus
2639 5018 2739 5074 Dei
2779 5019 2971 5084 uirtus,
3022 5027 3074 5074 et
3113 5017 3214 5073 Dei
3242 5016 3508 5087 sapientia
3531 5014 3600 5084 “,

2006 5113 2211 5187 inquit.
3141 5181 3144 5184 ,

2086 5225 2107 5261 ι
2139 5207 2200 5263 in
2241 5203 2419 5278 gloria
2469 5199 2565 5259 Dei
2597 5199 2800 5260 Patris.
2845 5199 3035 5275 [νεεδ.
3072 5197 3188 5270 12.]
3222 5197 3432 5272 Itaque,
3463 5195 3601 5254 cha-

2008 5299 2223 5357 rissimi
2257 5296 2386 5358 mei,
2417 5295 2562 5352 sicut
2588 5309 2808 5365 semper
2831 5293 3120 5350 obedistis.
3155 5311 3175 5345 ο

2045 5407 2047 5410 ‘
2084 5389 2156 5446 Ut
2186 5404 2252 5446 eo
2293 5386 2457 5444 modo
2497 5385 2865 5451 collaudetur,
2907 5385 3109 5456 inquit,
3167 5397 3278 5455 quo
3309 5389 3366 5438 et
3415 5379 3598 5446 Pater,

2013 5485 2144 5556 quia
2173 5480 2403 5552 aequalis
2438 5486 2493 5533 et
2530 5477 2732 5533 similis
2763 5486 2849 5532 est
2882 5476 3054 5532 illius.

2090 5573 2255 5646 193
2319 5591 2339 5624 ι
2378 5569 2495 5626 Non
2553 5576 2614 5623 ut
2663 5568 2716 5623 in
2765 5569 3054 5639 praesentia
3088 5566 3194 5622 mei
3233 5572 3469 5629 tantum,
3503 5558 3595 5621 sed

2019 5668 2198 5724 multo
2223 5662 2400 5735 magis
2432 5674 2583 5716 nunc
2617 5659 2671 5714 in
2700 5659 2954 5715 absentia
2997 5673 3140 5715 mea.
3181 5680 3203 5711 ι
