4048 6380
418 297 522 352 867

1594 295 1654 356 S.
1669 293 2009 357 .IOANNIS
2046 290 2483 352 DAMASCENI

3588 287 3696 356 868

479 409 738 481 Amplius
784 410 937 467 enim
989 424 1235 466 amorem
1285 421 1449 465 suum
1498 422 1628 480 erga
1663 406 1989 476 magistrum

2162 401 2384 456 Μᾶλλον
2433 401 2544 472 γὰρ
2597 399 2697 472 τὴν
2747 397 2974 470 ἀγάπην
3034 398 3377 454 ἐνδείκνυται
3413 397 3513 469 τὴν
3557 401 3694 471 πρὸς

414 505 640 575 promit,
676 505 771 574 qui
801 504 956 558 illum
988 503 1154 557 etiam
1187 504 1477 556 absentem
1523 497 1698 553 audit.
1726 493 1864 550 Nam
1901 492 1998 563 qui

416 596 675 667 praesenti
706 595 1008 660 auscultat,
1033 593 1088 648 id
1119 593 1305 648 forsan
1338 591 1549 660 pudore
1575 589 1752 644 facit:
1779 586 1872 658 qui
1898 601 2002 640 au-
2039 587 2042 590 ’

415 700 549 755 tem,
572 687 702 742 dum
745 687 791 742 is
835 694 922 743 est
967 687 1193 749 absens,
1248 684 1426 748 audit,
1470 696 1722 752 magnam
1780 677 2005 751 praefert

417 796 532 837 suae
596 780 869 836 adversus
930 780 1264 851 magistrum
1326 776 1648 834 dilectionis
1705 772 2003 832 sincerita-

418 881 551 929 tein.

493 984 513 1017 ι
550 965 692 1020 Cum
740 964 941 1021 timore
961 970 1017 1020 et
1048 971 1295 1019 tremore
1331 961 1568 1018 salutem
1592 967 1839 1016 vestram
1867 969 2002 1027 ope-

419 1057 644 1112 ramini.
677 1075 697 1109 ι

488 1147 596 1203 Eos
627 1149 827 1204 iterum
859 1147 1056 1202 anxios
1108 1145 1310 1213 reddit,
1342 1141 1819 1215 superciliumque
1854 1138 2006 1210 ipso-

419 1255 542 1296 rum
574 1240 714 1295 adeo
753 1238 1045 1310 deprimit,
1088 1253 1160 1294 ne
1188 1237 1260 1294 ob
1289 1235 1508 1308 egregia
1543 1233 1789 1290 facinora
1814 1244 2009 1302 super-

419 1333 593 1388 biant.

493 1422 659 1478 Vsus.
682 1421 772 1476 l3.
811 1440 830 1473 ι
864 1419 1009 1476 Deus
1062 1421 1208 1474 enim
1241 1424 1330 1473 est
1355 1415 1447 1486 qui
1477 1421 1743 1484 operatur
1772 1410 1829 1467 in
1851 1407 2010 1465 vobis

418 1513 557 1569 velle
589 1521 645 1566 et
683 1511 948 1582 perﬁcere
974 1525 1079 1581 pro
1106 1509 1254 1563 bona
1284 1508 1593 1561 voluntate.
1633 1523 1653 1556 ι

493 1603 609 1658 Hoc
661 1617 832 1672 porro
890 1603 991 1666 ait,
1043 1615 1152 1656 non
1202 1608 1264 1654 ut
1301 1597 1542 1653 libertati
1577 1595 1883 1650 voluntatis
1911 1591 2011 1648 de-

421 1695 636 1761 trahat;
672 1694 767 1749 sed
803 1693 950 1764 quod
1000 1707 1220 1748 rursum
1255 1689 1518 1746 formidet
1549 1703 1619 1744 ne
1646 1687 2010 1743 extollantur.

2099 493 2193 547 τὸν
2244 494 2588 559 διδάσκαλον,
2632 495 2662 548 ό
2693 494 2847 564 παρά
2873 494 2973 565 τὴν
2999 491 3274 547 ἀπουσίαν
3333 491 3548 545 ἀκούων
3595 493 3696 545 αὐ-

2099 585 2218 640 τοῦ.
2247 587 2308 640 ὐ
2335 587 2436 658 μὲν
2461 586 2571 658 γὰρ
2592 585 2819 659 παρόντι
2850 585 3194 656 πειθόμενος,
3219 585 3353 649 ἴσως
3384 584 3478 638 καὶ
3504 585 3667 654 αίσχυ
3685 615 3698 625 ς

2101 679 2330 747 νόμενος
2384 679 2547 733 τοῦτο
2608 681 2794 734 ποιεῖ·
2854 681 2884 734 ό
2937 679 2996 733 δὲ
3064 678 3218 749 παρά
3276 677 3379 750 τὴν
3428 678 3700 732 ἀπουσίαν

2118 769 2359 837 ἀκούων,
2390 771 2534 842 μέγα
2566 771 2809 826 δείκνυσι
2834 772 2935 844 τῆς
2971 772 3053 837 είς
3076 773 3171 827 τὸν
3199 771 3518 827 διδάσκαλον
3556 769 3699 841 ἀγά-

2103 882 2215 938 πης
2243 865 2306 918 τὸ
2329 865 2577 937 γνήσιον.

2179 975 2202 1009 ι
2243 955 2401 1011 Μετά
2454 956 2629 1027 φόϐου
2679 957 2778 1014 καὶ
2806 957 3018 1031 τρόμου
3046 957 3148 1029 τὴν
3177 957 3388 1013 ἑαυτῶν
3422 956 3704 1031 σωτηρίαν

2103 1047 2541 1120 κατεργάζεσθε.
2584 1067 2606 1104 ι

2177 1138 2351 1193 Πάλιν
2379 1139 2626 1213 ἀγωνιᾷν
2655 1140 2865 1206 αὐτοὺς
2893 1143 3044 1196 ποιεῖ
3062 1158 3078 1175 ο
3099 1139 3358 1200 τοσοῦτον
3395 1145 3577 1204 αὐτῶν
3602 1149 3704 1223 τὴν

2105 1227 2174 1284 ὲκ
2197 1229 2295 1286 τοῦ
2327 1231 2633 1305 κατορθοῦν
2659 1235 2921 1307 κατασπᾷ
2939 1233 3137 1307 ὀφρύν.

2185 1431 2204 1466 ι
2236 1409 2371 1476 Θεὸς
2397 1410 2508 1482 γάρ
2534 1411 2683 1466 ἐστιν
2710 1413 2740 1466 ό
2768 1412 3011 1486 δνεργῶν
3043 1413 3104 1467 ὲν
3125 1414 3280 1486 ὑμῖν,
3312 1414 3485 1471 καὶτὸ
3505 1415 3703 1485 θέλειν,

2108 1503 2205 1558 καὶ
2231 1502 2295 1557 τδ
2326 1503 2574 1572 ἐνεργεῖν
2607 1502 2751 1574 ὑπὲρ
2774 1504 2878 1574 τῆς
2903 1503 3177 1570 εὐδοκίας.
3215 1524 3236 1559 ι

2181 1595 2293 1648 Καὶ
2317 1593 2481 1648 τοῦτό
2511 1611 2700 1665 φησιν,
2751 1596 2851 1666 οὐχ
2901 1596 2978 1661 ὡς
3026 1597 3129 1668 τῆς
3161 1601 3539 1672 προαιρέσεως
3568 1602 3708 1657 καθο

2111 1687 2410 1760 αιρετικδν,
2440 1687 2557 1742 ἀλλ’
2583 1687 2660 1753 ὡς
2717 1689 3059 1761 φοϐούμενος
3081 1691 3247 1747 πάλιν
3269 1693 3346 1765 μὴ
3368 1695 3706 1767 ὲπαρθῶσιν.

420 1785 554 1841 Nam
601 1785 750 1856 quod
804 1785 972 1840 animi
1005 1783 1352 1855 propositum
1384 1781 1441 1836 in
1496 1794 1668 1836 causa
1696 1779 1793 1846 sit,
1827 1786 1890 1832 ut
1925 1778 2012 1834 vel

2146 1786 2241 1836 Οτι
2274 1782 2385 1853 γάρ
2408 1783 2443 1852 ἡ
2476 1781 2674 1853 γνώμη
2706 1783 2858 1837 αίτία
2897 1783 2992 1838 τοῦ
3039 1785 3284 1854 ἀγαθοὺς
3318 1789 3468 1859 ἡμᾶς
3504 1786 3646 1844 εἷναι
3672 1791 3709 1861 ἢ

420 1879 572 1944 boni,
593 1879 678 1935 vel
704 1879 831 1934 mali
867 1879 1067 1943 simus,
1097 1875 1455 1933 manifestum
1507 1873 1637 1930 fecit
1666 1872 2013 1930 exhortando

421 1978 484 2027 ut
512 1985 638 2026 cum
663 1970 863 2027 timore
895 1970 1130 2026 salutem
1163 1983 1322 2026 suam
1345 1975 1735 2039 operarentur.

491 2061 666 2118 νεεδ.
705 2061 794 2127 14,
828 2060 918 2116 15.
965 2079 985 2113 ι
1021 2059 1219 2117 Omnia
1257 2067 1441 2115 autem
1495 2057 1663 2113 facite
1703 2055 1825 2112 sine
1856 2069 2013 2112 mur-

421 2151 760 2216 muratione,
801 2158 857 2206 et
899 2149 1360 2218 cogitationibus,
1385 2157 1449 2204 ut
1473 2149 1596 2204 sitis
1621 2148 1742 2204 sine
1765 2147 2012 2218 querela,

422 2254 480 2300 et
519 2244 805 2316 simplices
841 2242 937 2298 lilii
979 2241 1074 2297 Dei
1113 2242 1236 2298 sine
1267 2242 1717 2314 reprehensione.
1755 2260 1774 2293 ι

495 2333 632 2388 Nam
670 2333 764 2404 qui
795 2331 1061 2388 mandata
1112 2330 1514 2386 murmurando
1551 2333 1788 2400 peragit,
1847 2329 2017 2401 quasi

424 2424 616 2497 gravia
655 2425 752 2481 illa
793 2425 928 2487 sint.
964 2422 1276 2478 mercedem
1317 2437 1484 2492 quam
1514 2437 1584 2478 ex
1622 2421 1712 2477 bis
1742 2435 2019 2477 consecu-

426 2526 587 2572 turus
620 2524 763 2580 erat,
794 2515 1020 2570 amittit.
1048 2513 1207 2582 Quod
1246 2522 1428 2570 autem
1451 2514 1550 2580 ait,
1602 2522 1653 2568 et
1679 2513 2017 2583 cogitationi-

427 2608 546 2672 bus,
587 2607 731 2663 idem
761 2617 847 2664 est
897 2621 964 2662 ac
1002 2607 1048 2662 si
1081 2607 1314 2670 diceret,
1375 2605 1504 2661 sine
1554 2604 1915 2676 ambiguitate
1964 2611 2021 2659 et

426 2697 796 2763 dubitatione,
859 2708 915 2752 et
974 2695 1113 2751 nihil
1165 2693 1499 2751 bacsitando.
1571 2691 1709 2748 Nam
1767 2691 1865 2762 qui
1915 2690 2021 2746 hoc

430 2797 594 2860 pacto
641 2803 708 2844 ea
760 2787 1126 2858 exsequitur,
1180 2785 1402 2856 inquit,
1453 2784 1549 2840 ille
1597 2781 2022 2854 irreprehensus

428 2879 558 2935 erit.

502 2971 642 3026 Cum
675 2969 966 3037 cbaritate,
995 2969 1191 3025 libenti
1219 2968 1426 3024 animo.

511 3079 530 3112 ι
568 3057 626 3113 ln
652 3060 836 3115 medio
859 3059 1232 3130 generationis
1268 3074 1450 3130 prava:
1473 3066 1529 3116 et
1563 3073 1856 3131 perversae.
1890 3076 1911 3112 ι

504 3150 737 3205 Pravam
778 3150 1202 3221 generationem,
1241 3147 1465 3206 Judaaos
1500 3149 1674 3214 dicit,
1715 3147 2022 3206 secundum

435 3244 590 3298 illum
635 3243 853 3298 Domini
893 3244 962 3299 ad
1000 3258 1098 3300 eos
1127 3258 1439 3300 sermonem
1472 3263 1488 3300 :
1533 3242 1814 3298 (feneratio
1857 3257 2026 3312 prava

433 3345 484 3392 et
521 3352 765 3407 perversa
789 3336 856 3391 ".

513 3445 534 3481 ι
571 3427 721 3483 Inter
759 3443 900 3507 quos
939 3427 1134 3484 lucetis
1162 3428 1312 3484 sicut
1357 3427 1660 3482 luminaria
1701 3427 1757 3482 in
1795 3425 2025 3492 mundo,

438 3519 630 3594 [νεεδ.
655 3520 749 3593 16]
779 3521 1007 3578 verbum
1039 3521 1164 3577 vita:
1189 3523 1560 3577 continentes.
1606 3541 1626 3573 ι

513 3616 648 3672 Nam
677 3619 771 3686 qui
795 3617 990 3673 dicere
1030 3627 1288 3686 possunt,
1332 3617 1619 3687 Signatum
1639 3625 1717 3670 est
1743 3630 1900 3684 super
1932 3631 2030 3670 nos

439 3708 616 3763 tamen
646 3709 819 3762 υιιιηιε
853 3711 953 3776 tui,
983 3708 1207 3764 Domine
1229 3709 1298 3777 ⁵⁸,
1339 3709 1394 3763 hi
1429 3715 1662 3778 possunt
1705 3723 1831 3764 esse
1871 3707 2029 3763 lumi-

439 3799 620 3858 naria.
659 3800 886 3855 Verbum
905 3802 1063 3869 vita',
1083 3800 1438 3871 Evangelium
1467 3806 1650 3855 vocat.

519 3999 541 4036 ι
575 3980 659 4037 Ad
717 3981 948 4053 gloriam
995 3995 1199 4046 meam,
1256 3989 1314 4038 et
1362 3980 1419 4035 in
1479 3979 1570 4035 die
1607 3979 1864 4035 Christi:
1900 3979 2031 4050 quia

441 4088 553 4130 non
588 4073 644 4128 in
689 4085 926 4128 vacuum
970 4073 1231 4138 cucurri,
1285 4087 1469 4142 neque
1518 4071 1575 4126 in
1627 4085 1832 4126 vanum
1879 4072 2034 4128 labo-

441 4167 582 4222 ravi.
625 4185 646 4218 ι

521 4257 714 4328 Magna
775 4256 1052 4328 siquidem
1103 4256 1277 4327 gloria
1335 4256 1738 4328 magistrorum
1782 4264 1872 4312 est
1907 4271 2034 4328 pro-

442 4364 670 4421 gressus
705 4348 1134 4419 discipulorum.
1171 4346 1474 4419 Quousque
1498 4358 1682 4405 autem
1723 4350 2036 4420 pertingere

2115 1873 2411 1944 πονηροὺς,
2455 1872 2697 1944 ἐδήλωσε
2744 1873 2836 1928 διὰ
2881 1875 2977 1929 τοῦ
3008 1877 3336 1948 παραινέσαι
3369 1879 3507 1951 μετά
3541 1879 3712 1950 φόσου

2113 1963 2214 2037 τὴν
2237 1964 2449 2020 ἑαυτῶν
2483 1965 2763 2037 σωτηρίαν
2788 1965 3152 2039 ἐργάζεσθαι.

2191 2073 2212 2108 ι
2257 2056 2446 2113 Πάντα
2511 2059 2719 2112 ποιεῖτε
2771 2059 2944 2131 χωρὶς
3000 2058 3324 2132 γογγυσμοῦ
3383 2062 3480 2116 καὶ
3529 2062 3714 2119 διαλο-

2115 2147 2354 2220 γισμῶν,
2378 2148 2468 2204 ῖνα
2502 2149 2736 2222 γένησθε
2766 2152 3048 2224 ἄμεμπτοι
3087 2152 3188 2209 καὶ
3228 2153 3502 2227 ἀκέραιοι,
3547 2156 3715 2211 τέκνα

2115 2241 2257 2296 Θεοῦ
2293 2241 2602 2316 ἀμώμητα.
2637 2262 2658 2297 ι

2199 2335 2260 2392 '0
2288 2335 2398 2409 γὰρ
2427 2337 2527 2403 τὰς
2560 2336 2785 2402 ἐντολὰς
2806 2336 3179 2410 ἐργαζόμενος
3203 2338 3345 2408 μετά
3365 2337 3712 2410 γογγυσμοῦ,

2119 2429 2197 2494 ὡς
2222 2429 2460 2501 βαρείων
2493 2430 2693 2495 οὐσῶν,
2731 2430 3002 2486 ἀπόλλυσι
3060 2430 3156 2486 τὸν
3202 2431 3298 2486 ἐπὶ
3345 2431 3573 2495 ταύταις
3620 2448 3710 2502 μισ

2122 2522 2270 2578 σθόν.
2320 2522 2395 2576 Τὸ
2415 2522 2492 2589 δὲ,
2548 2521 2650 2578 καὶ
2716 2521 3149 2594 διαλογισμῶν,
3199 2519 3363 2577 τοῦτο
3417 2522 3590 2591 δηλοῖ,
3651 2520 3717 2574 τὸ

2121 2613 2461 2680 ἀδιστάκτως
2503 2615 2603 2670 καὶ
2643 2614 3029 2677 ἀνενδοιάστως
3053 2654 3069 2681 ,
3099 2613 3198 2669 καὶ⁵
3243 2614 3409 2686 μηδὲν
3438 2613 3717 2685 διακρινθε-

2125 2707 2344 2780 μένους.
2411 2707 2472 2761 ὐ
2530 2706 2642 2778 γὰρ
2693 2705 2869 2770 οὕτως
2919 2706 3092 2770 αὑτὰς
3141 2707 3511 2779 ἐργαζόμενος
3535 2706 3714 2772 ἔσται,

2123 2799 2310 2871 φησὶν,
2345 2797 2658 2870 ἄμεμπτος.
3023 2823 3025 2825 ί

2197 2971 2299 3028 Διά
2330 2973 2432 3046 τὴν
2458 2972 2704 3046 ἀγάπην,
2725 2973 2815 3030 διὰ
2843 2974 2944 3046 τὴν
2971 2975 3296 3048 ἀρέσκειαν.

2204 3083 2225 3119 ι
2267 3066 2357 3120 Ἐν
2388 3066 2541 3138 μέσῳ
2563 3067 2760 3136 γενεᾶς
2792 3067 3016 3132 σκολιᾶς
3049 3067 3146 3122 καὶ
3181 3067 3651 3140 διεστραμμένης.
3693 3087 3716 3120 ι

2200 3157 2431 3211 Γενεὰν
2458 3157 2742 3226 σκολιὰν,
2785 3159 2886 3230 τὴν
2928 3158 3038 3212 τῶν
3083 3159 3350 3214 Ἰουδαίων
3384 3157 3541 3231 φησὶ,
3581 3160 3725 3215 κατά

2127 3246 2190 3301 τὸ
2217 3247 2510 3319 εἰρημένον
2563 3247 2704 3318 πρὸς
2745 3248 2952 3313 αὐτοὺς
2993 3249 3100 3303 ὑπὸ
3126 3250 3221 3304 τοῦ
3251 3249 3462 3322 Κυρίου
3485 3268 3498 3282 ·
3530 3252 3722 3306 Γενεὰ

2127 3337 2350 3392 σκολιὰ
2377 3338 2482 3392 κα)
2510 3338 2974 3411 διεστραμμένη.

2212 3449 2232 3484 ι
2280 3431 2371 3485 Ἐν
2404 3426 2486 3496 οἷς
2520 3432 2800 3501 φαίνεσθε,
2823 3433 2900 3498 ὡς
2933 3433 3222 3508 φωστῆρες
3254 3437 3315 3491 ὲν
3335 3435 3544 3509 κόσμῳ,
3568 3437 3726 3509 λόγον

2131 3521 2278 3593 ζωῆς
2306 3521 2616 3593 ἔπέχοντες.
2660 3543 2680 3576 ι

2201 3616 2266 3669 Οί
2300 3615 2410 3686 γὰρ
2447 3615 2739 3687 δυνάμενοι
2787 3616 2996 3688 λέγειν,
3036 3620 3402 3692 Ἐσημειώθη
3444 3623 3539 3694 ἐφ’
3571 3623 3726 3694 ὑμᾶς

2129 3705 2197 3760 τὸ
2218 3705 2348 3776 φῶς
2389 3706 2499 3761 τοῦ
2527 3707 2857 3776 προσώπου
2883 3725 3029 3778 σου,
3063 3712 3261 3782 Κύριε,
3291 3708 3438 3768 οὗτοι
3471 3715 3728 3770 δύνανται

2131 3802 2419 3872 φωστῆρες
2449 3799 2730 3868 γενέσθαι.
2755 3802 2954 3874 Λόγον
3005 3802 3066 3858 δὲ
3101 3800 3277 3873 ᾅοῆς,
3302 3804 3396 3859 τὸν
3432 3805 3725 3874 εὐαγγελι-

2131 3891 2229 3944 κόν
2256 3909 2443 3962 φησιν.

2203 3985 2299 4048 Είς
2320 3984 2584 4058 καύχημα
2614 3986 2759 4058 ἐμοὶ,
2796 3986 2891 4040 καὶ⁷
2943 3987 3026 4049 είς
3069 3987 3285 4058 ἡμέραν
3330 3986 3574 4059 Χριστοῦ
3598 4003 3612 4020 ·
3644 3986 3728 4041 ὅτι

2130 4077 2232 4132 οὐκ
2259 4080 2342 4143 είς
2365 4079 2523 4134 κενὸν
2545 4080 2806 4152 ἔδραμον,
2829 4079 2952 4134 οὐδὲ
2967 4080 3048 4143 είς
3072 4079 3230 4134 κενὸν
3258 4080 3552 4135 ἐκοπίασα.
3597 4097 3619 4132 ι

2204 4258 2367 4328 Μέγα
2420 4257 2530 4331 γὰρ
2580 4258 2752 4324 ὅντως
2801 4259 3144 4314 διδασκάλων
3209 4259 3473 4332 καύχημα
3528 4261 3564 4332 η
3619 4260 3730 4315 τῶν

2139 4349 2399 4421 μαθητῶν
2447 4351 2730 4423 προκοπή.
2789 4351 2970 4423 Μέχρι
3022 4353 3168 4416 τίνος
3205 4352 3263 4406 δὲ
3303 4352 3404 4422 τὴν
3445 4353 3727 4425 προκοπὴν

445 4456 800 4513 progressum
832 4448 1072 4510 oportet,
1103 4441 1214 4496 nisi
1245 4440 1312 4495 ad
1343 4440 1639 4496 adventum
1669 4439 1916 4496 Christi?
1939 4441 2023 4496 Sic

2146 4440 2341 4510 φθάσαι
2373 4441 2474 4506 δεῖ,
2515 4441 2548 4514 ἢ
2590 4443 2753 4514 μέχρι
2795 4442 2899 4513 τῆς
2943 4443 3245 4512 παρουσίας
3273 4442 3545 4514 Χριστοῦ;
3573 4443 3729 4497 τοῦτο

447 4549 580 4587 vero
630 4532 900 4603 loquitur,
949 4539 1011 4584 ut
1053 4531 1109 4586 in
1155 4531 1395 4601 ipsomet
1440 4545 1767 4602 progressu,
1811 4531 1950 4585 nihil
1987 4531 2036 4586 ei

445 4623 802 4681 detrahentes
830 4625 1154 4680 moriamur.
1171 4623 1266 4680 Sic
1289 4623 1439 4680 enim
1461 4623 1738 4695 integrum
1758 4631 1815 4679 et
1841 4640 2038 4680 sanum

445 4734 570 4776 eum
601 4719 1008 4774 exhibebimus.
1823 4781 1828 4784 _

529 4807 694 4864 Vsus.
731 4808 820 4872 l7,
856 4808 944 4864 18.
982 4827 1003 4861 ι
1041 4805 1152 4863 Sed
1181 4806 1286 4863 etsi
1319 4804 1574 4860 immolor
1611 4819 1785 4875 supra
1827 4806 2042 4862 sacrifi-

451 4901 596 4956 cium
631 4909 686 4956 et
726 4901 1056 4971 obsequium
1085 4899 1208 4954 fidei
1234 4905 1455 4961 vestrae,
1485 4897 1699 4970 gaudeo
1725 4905 1780 4952 et
1802 4913 2040 4970 congra-

453 4994 602 5048 tulor
616 4994 875 5050 omnibus
889 4993 1068 5048 vobis.
1099 4990 1347 5061 ldipsum
1371 4999 1552 5045 autem
1574 4997 1632 5045 et
1654 5005 1752 5047 vos
1781 4992 2037 5059 gaudete,

451 5095 506 5144 et
542 5086 1003 5160 congratulamini
1039 5084 1195 5139 mihi.
1227 5103 1246 5136 ι

529 5175 760 5233 Mortem
796 5175 976 5241 suam,
1011 5173 1350 5229 sacriﬁcium
1375 5181 1434 5230 et
1464 5173 1788 5231 libationem
1818 5189 2040 5245 semper

452 5275 734 5336 nuncupat
767 5285 780 5321 :
815 5263 1152 5336 perindeque
1184 5265 1426 5334 loquitur
1458 5265 1514 5319 in
1539 5264 1788 5336 Epistola
1824 5266 1891 5320 ad
1941 5263 2037 5322 Ti-

451 5360 730 5414 motbeum
760 5376 772 5412 :
811 5359 919 5430 Ego
940 5360 1080 5413 enim
1097 5360 1218 5430 jam
1244 5358 1469 5426 delibor,
1519 5359 1719 5430 inquit,
1754 5370 1804 5414 et
1831 5368 2034 5430 tempus

453 5451 790 5505 resolutionis
823 5467 950 5504 mea:
994 5451 1157 5504 instat
1181 5450 1250 5504 ⁵⁷.
1285 5450 1378 5503 Ait
1414 5450 1604 5521 igitur,
1640 5449 1776 5506 Ecce
1807 5451 2034 5514 morior,

457 5539 698 5610 mihique
747 5552 978 5598 mortem
1029 5541 1339 5600 decernunt
1397 5542 1587 5597 hostes
1649 5543 1901 5598 veritatis
1963 5542 2035 5597 ob

536 5720 586 5756 ³⁸
610 5718 836 5791 Luc.|x,
863 5723 949 5780 41.
1032 5725 1078 5757 ⁸⁸
1114 5723 1260 5779 Psul.
1299 5738 1372 5788 Iv,
1407 5724 1461 5779 7.
1552 5725 1596 5757 ⁸⁷
1632 5723 1673 5779 ll
1709 5722 1852 5779 Tim.
1883 5741 1955 5789 IV,
2001 5725 2054 5782 6.

2136 4531 2194 4586 δὲ
2223 4531 2398 4601 λέγει,
2434 4533 2524 4587 ἵνα
2555 4533 2726 4601 αὐτὴν
2770 4531 2987 4604 ἔχοντες
3013 4533 3400 4603 ἀποθάνωμεν,
3437 4534 3606 4604 μηδὲν
3635 4535 3724 4587 αὖε

2137 4621 2240 4692 τῆς
2269 4621 2808 4694 παρασαλεύσαντες.
2846 4621 3006 4677 Οὕτω
3051 4622 3163 4693 γὰρ
3193 4623 3367 4694 αὐτὴν
3409 4625 3558 4679 σῶαν
3608 4624 3728 4676 ἀπι-

2139 4713 2449 4784 δειξόμεθα.

2217 4827 2236 4862 ι
2291 4808 2430 4862 Ἀλλ’
2460 4811 2508 4862 εἰ
2560 4809 2654 4862 καὶ
2701 4810 3002 4878 σπένδομαι
3046 4808 3140 4863 ἐπὶ
3177 4809 3245 4880 τῇ
3285 4806 3448 4879 θυσίᾳ
3485 4803 3581 4861 καὶ
3617 4805 3723 4858 λει-

2139 4900 2372 4972 τουργίιι.
2417 4901 2515 4972 τῆς
2564 4901 2804 4965 πίστεως
2858 4901 3038 4973 ὑμῶν,
3091 4901 3268 4972 χαίρω
3305 4898 3402 4953 καὶ
3447 4896 3722 4970 συγχαίρω

2137 4994 2306 5046 πᾶσιν
2334 4993 2485 5064 ὑμῖν.
2517 4993 2592 5046 Τὸ
2629 4993 2687 5047 δὲ
2714 4995 2850 5048 αὐτὸ
2884 4995 2978 5046 καὶ
3004 4994 3164 5064 ὑμεῖς
3197 4993 3439 5064 χαίρετε,
3469 4991 3570 5046 καὶ
3596 5004 3725 5057 συγν

2137 5084 2358 5156 χαίρετέ
2399 5102 2509 5156 μοι.
2559 5103 2578 5137 ι
2773 5139 2786 5152 ,
3555 5069 3560 5072 ’

2208 5176 2452 5248 Σπονδὴν
2487 5177 2578 5231 ἀεὶ
2603 5176 2696 5232 τὸν
2731 5176 2965 5232 θάνατον
2997 5176 3198 5233 ἑαυτοῦ
3237 5194 3428 5248 φησιν,
3451 5177 3545 5232 καὶ
3579 5176 3638 5229 ὲν
3662 5174 3728 5243 τῇ

2143 5265 2282 5337 πρὸς
2313 5265 2584 5338 Τιμόθεον
2608 5268 2840 5338 ὁμοίως⁶
2886 5268 3029 5339 Ἐγὼ
3067 5268 3178 5340 γὰρ
3220 5268 3338 5338 ἤδη
3371 5267 3729 5335 σπένδομαι,

2143 5359 2241 5414 καὶ
2275 5362 2308 5415 ὀ
2336 5359 2542 5430 καιρὸς
2579 5360 2690 5429 τῆς
2722 5361 3078 5430 ἀναλύσεώς
3109 5380 3231 5432 μου
3260 5361 3535 5430 πάρεστι.
3566 5359 3729 5422 Λέγει

2142 5449 2258 5515 οὖν,
2289 5451 2371 5503 ὅτι
2402 5451 2510 5506 Kal
2550 5452 2942 5521 ἀποθνήσκω,
2966 5455 3060 5507 καὶ
3091 5451 3322 5507 θάνατόν
3353 5467 3456 5521 μου
3488 5447 3731 5516 xanth-

2145 5544 2394 5615 φίζονται
2427 5545 2475 5598 οἱ
2523 5545 2620 5616 τῆς
2676 5545 2937 5617 ἀληθείας
2989 5545 3176 5616 ἐχθροὶ
3207 5542 3298 5598 διὰ
3329 5540 3392 5594 τὸ
3442 5540 3727 5611 κήρυγμα.
