4048 6386
357 335 463 390 N09

1464 324 1546 384 ΙΝ
1585 321 1829 383 EPIST.
1873 320 1972 379 AD
1999 316 2572 379 PHILI’I‘PENSES.

3517 317 3624 380 870

353 447 451 515 οὐχ
488 444 571 498 ὅτι
598 441 898 515 λυποῦμαι,
933 439 1072 497 ἀλλά
1108 441 1284 513 χαίρω
1321 439 1548 512 σφόδρα.
1592 436 1802 495 Οὐκοῦν
1847 437 1940 490 καὶ

2053 433 2327 504 Evangelii
2386 433 2853 504 praedicationem.
2920 431 3110 504 Neque
3191 430 3354 504 199
3414 431 3622 486 idcirco

353 537 513 592 αὐτοὶ⁵
548 535 759 607 χαίρειν
788 533 1051 604 ὀφείλετε.

435 731 454 763 ι
499 710 737 774 Ἐλπίζω
774 709 834 764 δὲ
869 712 928 764 ὲν
977 709 1166 781 Κυρίῳ
1203 708 1404 780 Ἰησοῦ,
1437 707 1704 780 Τιμόθεον
1732 707 1943 779 ταχέως

360 802 594 874 πέμψαι,
633 803 782 873 ὑμῖν,
833 801 920 856 ἵνα
973 800 1128 872 κάγὼ
1180 799 1420 872 εὐψυχῶ,
1474 799 1636 872 γνοὺς
1681 800 1752 855 τά
1809 800 1940 872 περὶ

361 896 536 974 ὑμιῖζν.
575 915 593 948 ι

433 990 666 1058 [Ιέμπω,
725 986 911 1058 φησὶν,
970 986 1100 1057 ὑμῖν
1145 984 1433 1056 Τιμόθεον,
1471 985 1558 1039 ἵνα
1605 984 1823 1039 ἀκούων
1873 983 1944 1039 τά

361 1081 490 1152 περὶ
521 1079 696 1150 ὑμῶν,
737 1078 933 1149 χαίρω.
967 1079 1078 1148 Οὐχ
1117 1079 1202 1131 ὅτι
1229 1077 1640 1148 ὴγνόειοσαὺτὸς
1673 1078 1780 1148 γὰρ
1823 1076 1941 1130 ἕλε-

360 1191 458 1240 γεν
494 1173 833 1242 εὐχαριστεῖν
877 1170 1018 1240 ὑπὲρ
1057 1169 1236 1224 αὐτῶν
1280 1169 1404 1222 καθ’
1445 1170 1687 1240 ἑκάστην
1730 1169 1940 1241 διιησιν.

367 1263 436 1316 Τί
469 1262 560 1316 οὖν
588 1265 705 1315 ἐστι
735 1261 796 1314 τὺ
831 1262 1043 1332 χαίρειν
1075 1261 1203 1332 περ)⁸
1232 1260 1524 1332 Τιμοθέου,
1551 1261 1585 1332 ἢ
1622 1262 1704 1315 δτι
1745 1260 1944 1314 πεποί-

363 1355 491 1408 θασι
533 1353 627 1408 καὶ
661 1354 944 1425 χαίρουσιν
981 1353 1073 1406 ἐπὶ
1101 1355 1212 1418 τοῖς
1239 1354 1458 1424 δεσμοῖς
1499 1354 1610 1417 τοῖς
1638 1352 1726 1408 διὰ
1751 1351 1813 1406 τὺ
1841 1351 1945 1425 κή-

363 1463 588 1520 ρυγμα;
615 1445 774 1500 τοῦτο
804 1446 913 1518 γὰρ
943 1447 1127 1511 αὐτοῖς
1155 1444 1250 1500 καὶ
1273 1447 1552 1518 παραινεῖ.

441 1735 461 1768 ι
498 1713 708 1768 Οὐδένα
749 1713 860 1784 γὰρ
907 1711 1017 1784 ἔχω
1059 1712 1334 1786 ἰσόψυχον,
1384 1713 1534 1780 ὅστις
1584 1715 1825 1787 γνησίως
1873 1716 1945 1772 τά

2043 527 2220 592 doleo,
2255 527 2348 580 sed
2383 529 2672 581 admodum
2707 528 2936 598 gaudeo.
2962 526 3131 596 Igitur
3154 540 3254 580 vos
3282 539 3498 596 quoque
3525 525 3628 581 de-

2045 620 2186 675 betis
2220 619 2418 674 laetari.

2116 709 2280 765 Vsus.
2315 709 2402 765 i9.
2443 725 2463 760 ι
2498 708 2672 778 Spero
2699 717 2878 762 autem
2905 709 2958 764 in
2998 709 3229 766 Domino
3255 707 3406 776 Jesu,
3436 707 3629 763 Timo—

2041 799 2228 854 theum
2270 814 2360 855 me
2399 799 2515 855 cito
2553 799 2773 855 mittere
2819 797 2890 853 ad
2945 813 3066 865 vos,
3131 807 3190 854 ut
3243 809 3299 855 et
3338 814 3438 870 ego
3481 800 3630 855 bono

2044 893 2230 948 animo
2260 894 2386 957 sim,
2413 891 2652 965 cognitis
2675 906 2797 962 qua:
2821 892 2970 948 circa
2996 907 3094 948 vos
3125 900 3278 947 sunt.
3318 909 3338 944 s

2115 983 2272 1040 Mitto
2313 984 2378 1040 ad
2410 1000 2512 1040 vos
2538 983 2917 1050 Timotheum,
2955 984 3161 1054 inquit,
3201 993 3263 1039 ut
3299 983 3532 1039 audiens
3559 999 3625 1040 ex

2043 1091 2112 1130 eo
2142 1090 2265 1145 quae
2296 1076 2444 1132 circa
2477 1090 2576 1130 vos
2609 1083 2914 1146 geruntur,
2976 1075 3266 1146 gaudeam.
3313 1073 3434 1130 Non
3478 1074 3628 1146 quod

2044 1167 2159 1234 ipse
2194 1168 2458 1230 nesciret,
2505 1166 2602 1237 qui
2647 1167 2704 1221 in
2753 1166 3007 1236 qualibet
3055 1165 3309 1222 oratione
3361 1181 3463 1222 sua
3519 1167 3630 1222 Deo

2042 1271 2144 1328 pro
2179 1257 2286 1312 illis
2315 1258 2526 1328 gratias
2554 1272 2720 1327 agere
2758 1272 2820 1314 se
2862 1257 3101 1314 dixerat.
3142 1257 3287 1324 Quid
3327 1272 3461 1329 ergo
3493 1258 3626 1314 illud

2042 1357 2146 1413 est,
2167 1348 2309 1420 quod
2345 1349 2413 1404 de
2436 1347 2728 1405 Timotheo
2761 1349 3019 1417 loquens,
3041 1363 3100 1405 se
3123 1350 3440 1420 gavisurum
3472 1349 3629 1414 dicit,

2043 1441 2150 1496 nisi
2174 1441 2308 1512 quia
2345 1451 2675 1513 accepturus
2703 1454 2846 1508 erat,
2879 1443 2952 1498 ob
2981 1458 3084 1498 sua
3117 1443 3337 1499 vincula
3371 1442 3629 1500 ﬁduciam

2042 1539 2100 1588 et
2134 1533 2466 1604 voluptatem
2515 1547 2612 1590 eos
2657 1534 2924 1590 sumere?
2977 1532 3061 1589 Ad
3119 1535 3223 1590 hoc
3273 1535 3423 1591 enim
3483 1534 3632 1606 ipsos

2043 1625 2322 1683 hortatur.

2115 1719 2281 1776 Vrsas.
2309 1718 2499 1775 20-23.
2546 1737 2564 1772 ι
2599 1717 2889 1776 Neminem
2917 1727 3099 1776 autem
3135 1719 3313 1776 habeo
3341 1727 3450 1774 tam
3486 1731 3629 1774 una-

362 1807 492 1878 ’περὶ⁵
532 1804 689 1876 ὑμῶν
729 1780 1082 1875 μερήιμνησει.
1117 1780 1182 1857 Ονί
1221 1780 1423 1870 πάντες
1473 1780 1700 1877 γάρ-τά
1738 1780 1946 1860 ἑαυτῶν

2053 1810 2276 1878 nimem,
2305 1812 2400 1882 qui
2435 1813 2651 1868 sincera
2702 1811 2995 1869 affectione
3026 1827 3126 1883 pro
3161 1813 3320 1868 vobis
3351 1813 3632 1868 sollicitus

363 1897 644 1970 ζητοῦσιν,
674 1896 736 1950 οὐ
786 1895 856 1949 τά
901 1893 1076 1964 Ἰησοῦ
1122 1895 1385 1966 Χριστοῦ.
1439 1896 1554 1963 Τὴν
1600 1896 1659 1951 δὲ
1716 1897 1949 1970 δοκιμὴν

361 1987 527 2041 αὑτοῦ
555 1983 852 2054 γινώσκετε
872 2025 888 2047 ,
925 1985 1007 2038 ὅτι
1029 1983 1106 2048 ὡς
1128 1985 1296 2057 πατρὶ
1325 1986 1513 2040 τέκνον
1539 1987 1636 2040 σὺν
1663 1987 1786 2058 ἐμοὶ
1808 1987 1952 2043 ἐδού-

363 2079 554 2132 λευσεν
587 2077 667 2140 εἰς
720 2076 783 2131 τὸ
836 2075 1184 2146 Εὐαγγέλιον.
1226 2075 1426 2132 Τοῦτον
1471 2078 1573 2151 μὲν
1621 2074 1714 2134 οὖν
1747 2077 1950 2146 ἐλπίζω

364 2169 602 2238 πέμψαι.
655 2187 674 2219 s
1525 2196 1530 2202 -

437 2260 609 2315 Τοῦτο
655 2261 911 2331 μέγιστον
951 2260 1229 2332 ἐγκώμιον
1272 2263 1564 2334 Τιμοθέου,
1598 2264 1659 2318 τὸ
1696 2263 1948 2337 ἰσόψυχον

366 2353 506 2407 εἶναι
557 2351 637 2421 τῷ
681 2351 1024 2423 διδασκάλῳ·
1058 2353 1176 2425 ἅμα
1214 2353 1273 2407 δὲ
1319 2356 1418 2409 καὶ
1453 2357 1773 2427 προτροπῆς
1807 2357 1945 2422 ἐστι,

365 2445 458 2496 τὸν
487 2442 649 2496 αὑτὸν
672 2443 814 2513 μετὰ
833 2445 1010 2516 χαρᾶς
1033 2444 1457 2517 προσδέξασθαι,
1485 2447 1563 2512 ὡς
1589 2447 1753 2502 αὐτὸν
1779 2447 1950 2520 ὁρῶν-

364 2547 462 2595 τας
494 2531 584 2584 τὸν
627 2532 685 2583 Ἀ
695 2531 976 2587 πόστολον.

441 2641 461 2674 ο
507 2622 595 2685 Ὠς
621 2621 689 2676 ἂν
717 2621 894 2676 ἀπίδω
919 2621 990 2677 τὰ
1018 2624 1150 2696 περὶ⁵
1185 2626 1287 2697 ἐμὲ
1307 2625 1367 2694 ἐξ
1391 2625 1588 2696 αὐτῆς.
1620 2625 1866 2683 Πίποιθα
1889 2626 1950 2681 δὲ

368 2715 426 2767 ὲν
450 2713 665 2784 Κυρίῳ.

449 2802 540 2870 Ἐξ
576 2805 748 2876 αὐτῆς
787 2805 908 2876 μὲν,
960 2806 1061 2876 τῆς
1103 2807 1338 2877 κρίσεως
1390 2808 1558 2880 λέγει.
1617 2810 1677 2865 '0
1721 2810 1779 2866 δὲ
1826 2811 1949 2876 νοῦς

368 2891 554 2961 οὗτοςο
586 2899 805 2964 Σκοπῶ,
835 2899 1020 2968 φησὶν.
1067 2894 1161 2955 οἷά
1208 2919 1300 2972 μοι
1342 2903 1412 2957 τά
1460 2903 1589 2974 περὶ
1636 2902 1736 2975 τὴν
1767 2904 1951 2976 κρίσιν

369 2989 680 3060 γενήσεται,
711 2989 809 3042 καὶ
837 2987 1011 3053 οὕτως
1044 2989 1174 3060 ὑμῖν
1201 2991 1368 3046 αὑτὸν
1395 2991 1734 3048 ἀποστέλλω.

445 3097 465 3132 ι
503 3080 624 3134 Ὀτι
657 3079 753 3134 καὶ
776 3079 940 3145 αὐτὸς
968 3082 1181 3152 ταχέως
1201 3081 1554 3154 ἐλεύσομαι.»

441 3166 598 3225 Οἶδεν
613 3171 708 3246 ,διὰ
732 3171 827 3225 τοῦ
851 3173 1193 3243 Πνεύματος,
1228 3174 1310 3228 ὅτι
1344 3174 1414 3228 τὰ
1439 3174 1568 3245 περὶ
1598 3173 1697 3244 τὴν
1724 3175 1948 3247 πρώτην

369 3261 536 3316 αὑτοῦ
579 3262 877 3331 ἀπολογίαν
910 3262 1065 3316 ἔσται
1107 3264 1284 3336 ῥᾴδια,
1333 3265 1428 3318 καὶ
1468 3263 1822 3333 διελεύσεται,
1854 3265 1950 3318 καὶ

370 3357 465 3410 τὸν
492 3356 741 3421 θάνατον,
779 3359 874 3412 καὶ
905 3357 976 3411 τὰ
994 3357 1208 3430 δεσμά³
1240 3359 1333 3414 καὶ
1371 3361 1454 3413 ὅτι
1493 3360 1670 3426 οὕτως
1711 3361 1947 3431 ἐγένετο,

369 3447 639 3518 ἐδήλωσεν
667 3449 725 3502 ἐν
753 3451 818 3520 τῇ
847 3449 985 3522 πρὸς
1006 3450 1270 3521 Τιμόθεον
1290 3449 1482 3518 εἰπὼν,
1516 3455 1618 3508 Ἕν
1643 3453 1720 3522 τῇ
1747 3451 1950 3522 πρώτῃ

367 3559 486 3611 μου
518 3541 814 3612 ἀπολογίᾳ
846 3542 1046 3611 οὐδείς
1073 3555 1183 3614 μοι·
1206 3546 1499 3616 παρέστη,
1523 3547 1686 3602 ἀλλὰ
1728 3545 1954 3611 πάντες

367 3651 445 3704 με
472 3633 889 3704 ἐγκατέλιπον.
947 3637 1012 3691 '0
1051 3637 1120 3691 δὲ
1143 3639 1361 3707 Κύριός
1391 3657 1495 3710 μοι
1530 3638 1825 3708 παρέστη,
1852 3639 1952 3692 καί

370 3726 678 3795 ἑρῤύσθην
703 3727 772 3782 ἐκ
799 3728 1096 3798 στόματος
1129 3730 1391 3797 λέοντος.

449 3833 470 3867 ι
538 3817 861 3885 Ἀναγκαῖον
913 3817 972 3872 δὲ
1023 3819 1322 3891 ἡγησάμην
1390 3820 1782 3892 Ἐπαῳρόδιτον
1856 3823 1949 3877 τὸν

371 3906 621 3976 ἀδελφὸν,
656 3909 751 3962 καὶ
783 3909 1066 3980 συνεργὸν,
1088 3911 1184 3963 καὶ
1209 3913 1624 3982 συστρατιώτην
1648 3931 1775 3984 μου,
1798 3913 1954 3986 ὑμῶν

372 4003 433 4056 δὲ
464 4005 784 4070 ἀπόστολον,
817 4006 912 4060 καὶ
938 4007 1251 4078 λειτουργὸν
1273 4009 1374 4078 τῆς
1409 4010 1600 4080 χρείας
1637 4027 1766 4081 μου,
1804 4011 1950 4081 πέμ-

372 4093 475 4162 ψαι
510 4096 647 4166 πρὸς
679 4096 824 4167 ὑμᾶς
845 4134 862 4162 ,
897 4097 1088 4162 ἐπειδὴ
1131 4098 1412 4153 ἐπιποθῶν
1454 4095 1524 4171 ἦν
1574 4100 1781 4165 πάντας
1808 4101 1956 4172 ὑμᾶς

375 4188 528 4242 ἰδεῖν.
570 4207 589 4241 ι

449 4280 680 4352 Μεγάλη
729 4280 988 4346 σύστασις
1050 4284 1182 4355 περὶ
1226 4284 1460 4338 ἑκάστου
1511 4282 1622 4337 τῶν
1673 4281 1954 4355 μαθητῶν,

376 4372 511 4424 ὅπου
558 4389 623 4441 γε
661 4372 1050 4445 Ἐπαφρόδιτον
1100 4375 1199 4444 μὲν
1233 4377 1538 4445 συνεργὸν
1563 4373 1663 4429 καί
1690 4389 1958 4444 συστρα-

377 4465 594 4533 τιώτην
621 4464 795 4536 λέγει,
821 4466 1088 4538 Τιμόθεον
1109 4468 1166 4521 δὲ
1193 4468 1530 4538 ὁμόψυχον.

441 4643 563 4696 Καὶ
583 4642 890 4714 ἀδημονῶν,
923 4643 1057 4697 διότι
1087 4643 1360 4714 ἠκούσατε
1399 4644 1482 4698 δτι
1523 4643 1813 4716 ἠσθένησε.
1848 4645 1960 4699 Καὶ

378 4735 489 4805 γὰρ
521 4734 788 4806 ἠσθένησε
809 4737 1192 4806 παραπλήσιον
1216 4736 1455 4808 θανάτῳ,
1478 4736 1615 4791 ἀλλά
1639 4736 1772 4802 Θεὸς
1794 4737 1960 4794 αὐτὸν

379 4825 613 4896 ἠλέησεν
643 4843 658 4858 ο
687 4829 788 4880 οὐκ
808 4829 973 4882 αὑτὸν
997 4827 1055 4881 δὲ
1095 4829 1279 4900 μόνον,
1309 4828 1448 4884 ἀλλά
1470 4830 1564 4884 καὶ
1586 4829 1712 4901 ἐμέ.
1759 4850 1779 4884 ο

469 5102 527 5158 '0
569 5103 960 5176 Ἐπαφρόδιτος
1003 5104 1183 5175 θλίψιν
1221 5105 1290 5178 ἦν
1326 5108 1630 5180 ὑπομείνας
1673 5113 1733 5166 ὲν
1779 5111 1964 5166 Φιλίπ-

386 5213 510 5258 ποις
527 5196 614 5251 διά
638 5197 699 5250 τὸ
726 5199 1008 5268 κήρυγμα,
1039 5201 1134 5252 καὶ
1160 5200 1454 5272 τοσαύτην,
1487 5202 1565 5265 ὡς
1594 5202 1687 5256 καὶ
1716 5203 1825 5257 ἀπὸ
1853 5204 1963 5258 τῶν

390 5285 579 5340 παθῶν
621 5279 696 5340 ὧν
729 5288 922 5352 ἔπαθε,
963 5290 1187 5359 νοσῆσαι
1213 5292 1316 5361 τὴν
1366 5293 1446 5355 είς
1497 5292 1728 5347 θάνατον
1773 5295 1960 5347 νόσονο

388 5378 465 5432 Οὐ
505 5379 662 5449 μόνος
695 5379 751 5432 δὲ
779 5381 939 5442 αὐτὸς
960 5381 1239 5453 ἐλιθάσθη,
1266 5383 1402 5438 ἀλλὰ
1431 5384 1527 5437 καὶ
1555 5387 1584 5438 ό
1625 5385 1962 5449 Ἀπόστολος.

2049 1901 2145 1956 sit.
2177 1899 2380 1958 Omnes
2405 1903 2552 1958 enim
2592 1917 2717 1972 quae
2745 1919 2841 1959 sua
2868 1913 2998 1959 sunt
3026 1912 3310 1974 quierunt,
3355 1917 3465 1958 non
3506 1917 3634 1973 qua:

2047 1993 2180 2050 Jesu
2213 1993 2442 2050 Christi.
2483 1992 2933 2064 Experimentum
2964 1995 3087 2064 ejus
3118 1994 3458 2065 cognoscite,
3503 1996 3631 2064 quia

2051 2086 2198 2158 sicut
2236 2085 2376 2156 patri
2433 2084 2608 2151 ﬁlius,
2659 2101 2876 2142 mecum
2927 2086 3158 2141 servivit
3207 2087 3262 2140 in
3310 2087 3631 2158 Evangelio.

2049 2157 2207 2234 Hunc
2229 2177 2398 2249 igitur
2432 2191 2597 2246 spero
2620 2191 2707 2232 me
2735 2178 2981 2232 mittere.
3018 2195 3038 2230 ι

2121 2269 2315 2341 Magna
2349 2269 2470 2324 laus
2519 2267 2821 2333 Timothei,
2867 2269 3019 2338 quod
3073 2266 3355 2322 unanimis
3403 2265 3478 2321 sit
3519 2279 3636 2319 ma-

2049 2358 2226 2430 gistro
2257 2375 2272 2412 :
2306 2357 2404 2414 sed
2444 2358 2674 2428 insuper
2701 2356 2804 2411 hac
2834 2371 2934 2412 eos
2972 2355 3190 2410 ratione
3230 2355 3446 2418 invitat,
3477 2363 3536 2408 ut
3571 2354 3638 2407 il-

2049 2450 2164 2504 lurn
2187 2463 2314 2504 cum
2337 2447 2538 2520 gaudio
2555 2447 2867 2518 excipiant,
2891 2460 2957 2501 ac
2986 2447 3034 2502 si
3067 2447 3373 2517 ipsummet
3400 2444 3639 2516 Aposto-

2049 2540 2159 2597 lum
2185 2549 2498 2595 cernerent.

2124 2647 2146 2682 ι
2187 2629 2308 2684 Mox
2355 2639 2417 2682 ut
2453 2627 2646 2683 videro
2687 2642 2810 2698 qua:
2849 2629 2998 2683 circa
3036 2641 3122 2682 me
3178 2634 3312 2682 sunt
3371 2641 3438 2681 ex
3491 2626 3634 2696 ipsa.

2049 2721 2244 2794 [γεω.
2270 2719 2388 2794 24.]
2423 2721 2656 2776 Conﬁdo
2686 2730 2869 2775 autem
2913 2720 2967 2774 in
3006 2720 3258 2773 Domino.
3292 2739 3311 2771 ι

2122 2814 2200 2868 Ex
2226 2815 2345 2884 ipsa
2379 2813 2600 2882 quidem
2630 2812 2928 2879 sententia,
2979 2812 3184 2882 inquit.
3223 2812 3405 2881 Atque
3433 2810 3524 2866 hic
3549 2818 3639 2866 es:

2051 2921 2248 2962 sensus
2297 2925 2312 2962 :
2353 2905 2630 2977 Exspecto
2667 2921 2790 2976 qua:
2842 2905 2978 2960 mihi
3032 2907 3144 2962 sint
3198 2920 3264 2961 eo
3321 2907 3377 2961 in
3421 2904 3640 2976 judicio

2050 3009 2339 3063 eventura,
2371 3008 2599 3068 tumque
2632 2997 2787 3052 illum
2822 2995 2892 3052 ad
2915 3011 3017 3053 vos
3044 2997 3283 3052 mittam.

1978 3115 2022 3176 α
2128 3107 2146 3141 ι
2191 3089 2462 3156 Quoniam
2495 3098 2549 3144 et
2585 3089 2699 3157 ipse
2729 3087 2946 3143 veniam
2979 3087 3115 3142 cito.
3151 3107 3172 3141 ι

2126 3179 2230 3235 Per
2254 3179 2523 3250 Spiritum
2553 3188 2783 3234 noverat
2810 3185 3010 3234 cuncta
3043 3179 3148 3234 sibi
3198 3177 3320 3234 fore
3371 3179 3562 3250 pervia
3585 3186 3644 3233 et

2057 3269 2238 3326 facilia
2271 3268 2324 3324 in
2349 3268 2541 3339 priore
2565 3267 2660 3322 illa
2684 3267 3011 3323 defensione
3041 3283 3166 3334 sua,
3204 3284 3375 3339 seque
3399 3283 3428 3321 a
3462 3278 3640 3324 morte

2055 3370 2112 3419 et
2135 3360 2367 3417 vinculis
2402 3361 2768 3416 liberandum.
2801 3361 2982 3432 Atque
3034 3376 3150 3415 rem
3200 3360 3276 3414 ita
3312 3360 3636 3433 contigisse,

2057 3457 2176 3525 ipse
2205 3454 2507 3509 declaravit
2531 3453 2588 3508 in
2625 3452 2876 3524 Epistola
2901 3452 2971 3507 ad
2996 3453 3348 3508 Timotheum
3385 3455 3472 3509 his
3506 3469 3638 3510 ver-

2058 3547 2144 3602 bis
2176 3564 2191 3601 :
2226 3543 2292 3599 In
2319 3545 2492 3614 prima
2523 3559 2640 3598 mea
2668 3543 2970 3613 defensione
2999 3558 3150 3598 nemo
3174 3545 3305 3596 mihi
3324 3543 3524 3612 adfuit,
3548 3545 3639 3598 sed

2059 3653 2234 3692 omnes
2265 3653 2346 3691 me
2379 3635 2789 3706 dereiiquerunt.
2818 3635 3074 3690 Dominus
3097 3645 3272 3690 autem
3296 3637 3638 3702 mihiestitit,

2057 3741 2107 3786 et
2137 3729 2390 3785 liberatus
2411 3745 2531 3783 sum
2547 3730 2611 3782 de
2636 3743 2727 3783 ore
2757 3729 2922 3782 leonis
2943 3727 3014 3782 °'.

2133 3821 2294 3876 Vens.
2327 3819 2418 3887 25,
2453 3820 2546 3874 26.
2584 3838 2605 3872 ι
2644 3819 3034 3876 Necessarium
3091 3827 3276 3875 autem
3325 3819 3640 3875 existimavl

2059 3911 2502 3984 Epaphroditum
2540 3911 2792 3976 fratrem,
2825 3921 2881 3968 et
2923 3921 3364 3982 cooperatorem,
3395 3919 3452 3967 et
3491 3926 3644 3967 com-

2060 4004 2370 4058 militonem
2423 4017 2605 4058 meum
2629 4021 2660 4070 ;'
2697 4013 2946 4058 vestrum
2993 4011 3179 4059 autem
3212 4003 3551 4074 apostolum,
3588 4009 3644 4058 et

2061 4095 2378 4151 ministrum
2436 4093 2792 4150 necessitatis
2847 4108 3019 4161 meae,
3078 4095 3299 4149 mittere
3361 4093 3430 4149 ad
3487 4109 3642 4150 vos:

2059 4188 2321 4258 quoniam
2351 4185 2576 4255 quidem
2609 4199 2804 4240 omnes
2845 4201 2944 4241 vos
2985 4186 3334 4241 desiderabat
3366 4185 3573 4242 videre.
3616 4205 3638 4240 s

2131 4274 2326 4345 Magna
2386 4275 2504 4330 haec
2578 4275 2987 4330 commendatio
3051 4284 3140 4330 cst
3199 4274 3646 4348 uniuscujusque

2062 4366 2485 4436 discipulorum,
2515 4369 2644 4420 dum
2677 4366 3112 4437 Epaphroditum
3137 4366 3358 4435 quidem
3385 4382 3644 4437 coopera-

1987 4473 2032 4529 ι)
2069 4469 2234 4512 torem
2265 4468 2312 4511 et
2341 4457 2750 4512 commilitonem
2775 4465 2953 4527 vocat,
2983 4455 3329 4512 Timotheum
3358 4471 3490 4512 vero
3507 4475 3645 4513 una-

2057 4567 2274 4606 mmem.

2137 4661 2156 4696 ι
2188 4642 2254 4698 Ει
2286 4651 2518 4698 moestus
2543 4650 2684 4705 erat,
2725 4650 3016 4712 propterea
3057 4639 3205 4710 quod
3247 4639 3549 4697 audieratis
3582 4641 3644 4695 il-

2061 4737 2171 4790 lum
2209 4735 2568 4790 inﬁrmatum.
2626 4732 2818 4806 [Vt-ms.
2851 4733 2985 4805 27.]
3043 4731 3182 4787 Nam
3235 4740 3291 4788 et
3332 4732 3647 4787 inﬁrmatus

2065 4835 2152 4882 est
2208 4840 2386 4894 usque
2441 4827 2509 4879 ad
2569 4835 2842 4892 mortem;
2902 4825 2996 4879 sed
3052 4823 3509 4880 Deusxmlsertus
3565 4833 3647 4878 est

2061 4921 2183 4993 ejus
2229 4940 2243 4976 :
2294 4935 2406 4977 non
2464 4921 2644 4977 solum
2702 4932 2886 4975 autem
2925 4919 3089 4992 ejus,
3140 4934 3334 4975 verum
3375 4919 3540 4974 etiam
3592 4927 3649 4972 et

2060 5016 2188 5074 mei.
2221 5035 2240 5069 ι

2134 5104 2540 5178 Epaphroditus
2567 5106 2701 5160 dure
2728 5103 2993 5176 Philippis
3027 5105 3252 5162 habitus
3267 5112 3386 5160 erat
3409 5113 3635 5174 propter

2063 5198 2440 5270 Evangelium,
2494 5204 2819 5266 tantumque
2850 5195 3030 5252 fuerat
3063 5205 3316 5261 vexatus,
3350 5207 3412 5250 ut
3449 5211 3525 5250 ex
3556 5195 3650 5249 do-

2062 5292 2275 5348 loribus
2304 5303 2444 5358 quos
2471 5287 2789 5358 pertulerat,
2815 5287 2881 5342 ad
2912 5299 3142 5342 mortem
3173 5303 3350 5358 usque
3379 5293 3648 5356 aegrotas-

2069 5393 2171 5438 set.
2212 5380 2399 5450 Neque
2429 5392 2559 5432 vero
2586 5377 2677 5433 ille
2709 5380 2864 5433 solus
2908 5379 3184 5446 lapidibus
3216 5380 3416 5449 petitus
3444 5377 3646 5442 fuerat,

389 5472 498 5524 Καὶ
524 5470 682 5524 τοῦτο
726 5472 962 5542 ἐδήλωσε
1003 5475 1233 5545 γράφων
1271 5476 1763 5531 Θεσσα).ονικεῦσι’
1791 5480 1951 5533 Αὐτο.

2073 5475 2166 5532 sed
2196 5473 2360 5528 etiam
2392 5469 2712 5540 Apostolus.
2745 5469 2799 5526 Id
2829 5472 3335 5542 quodsigniﬁcavit
3366 5471 3434 5524 ad
3465 5467 3643 5525 Thes-

388 5562 502 5631 γὰρ
549 5562 772 5628 οἴδατε,
821 5567 1008 5635 φησὶν,
1057 5567 1347 5636 ἀγαπητοί
1385 5568 1500 5637 τὴν
1536 5569 1780 5626 εἴσοδον
1806 5569 1951 5641 ὑμῶν

2072 5567 2446 5624 saloniccnses
2479 5561 2556 5617 ita
2585 5563 2836 5620 scribens
2868 5583 2881 5619 :
2919 5564 3053 5619 Nam
3076 5565 3178 5634 ipsi
3209 5564 3383 5630 scitis,
3420 5561 3642 5632 fratres,

469 5743 514 5774 ⁸⁸
545 5741 584 5794 ΙΙ
617 5741 755 5796 Tim.
799 5761 868 5806 Iv,
902 5745 986 5800 i6.
