4048 6382
343 391 450 469 873

1416 373 1498 444 IN
1535 377 1774 442 EPIST.
1807 373 1906 432 AD
1937 359 2515 431 PHILIPPENSES.

3513 359 3621 426 8H

344 518 455 587 γάρ
478 513 612 586 ήμτν
641 510 841 566 δέδωκε
872 507 932 560 τδ
963 491 1188 575 Πνεῦμά
1232 499 1325 556 τοῦ
1356 498 1495 554 Θεοῦ
1530 497 1727 556 ποιεῖν,
1770 491 1864 545 καὶ
1894 487 1926 557 ἠ

2053 485 2363 541 iutaviuius.
2422 482 2533 538 lloc
2569 481 2712 537 enim
2751 488 2809 536 ut
2859 480 3190 545 faceremus,
3243 479 3481 548 Spiritus
3525 479 3622 536 Dei

346 606 618 678 γαύχησις
645 606 678 673 ὴ
705 603 785 666 είς
811 599 903 656 τὸν
938 595 1194 670 Χριστόν.

421 799 441 830 ε
478 777 546 832 Εἴ
561 793 644 840 τις
663 776 812 829 δοκεῖ
834 773 994 836 ἄλλος
1023 769 1341 824 πεποιθέναι
1369 770 1426 821 ὲν
1458 765 1645 837 σαρκὶ,
1667 763 1778 834 ἐγὼ
1803 763 1935 835 μᾶλ-

347 870 458 925 λον.
488 866 770 938 Περιτομὴ
809 865 1172 935 ὀκταήμερος,
1218 863 1282 915 ὲκ
1330 859 1522 928 γένους
1558 855 1797 928 Ἰσραὴλ,
1832 871 1938 926 φυ-

349 960 446 1033 λῆς
499 957 784 1028 Βενιαμὶν,
844 953 1094 1026 Ἐϐραῖος
1143 952 1204 1020 ἐξ
1262 951 1552 1024 Ἐϐραίων,
1588 949 1729 1003 κατὰ
1771 947 1939 1018 νόμον

349 1053 661 1126 Φαρισαῖος,
695 1048 837 1104 κατὰ
859 1047 1020 1118 ζῆλον
1045 1045 1259 1100 διώκων
1285 1045 1384 1116 τὴν
1420 1041 1769 1114 Ἐκκλησίαν,
1793 1038 1939 1095 κατὰ

349 1141 702 1214 δικαιοσύνην
725 1141 824 1212 τὴν
853 1142 910 1195 έν
935 1139 1087 1211 νόμῳ
1120 1137 1413 1208 γενόμενος
1439 1137 1753 1209 ἄμεμπτος.
1795 1132 1938 1187 Ἀλλ’

349 1237 510 1292 ἅτινα
540 1230 610 1306 ἦν
643 1251 736 1300 μοι
764 1232 956 1303 κέρδη,
988 1231 1161 1285 ταῦτα
1193 1231 1411 1302 ἥγημαι
1444 1227 1532 1282 διὰ
1570 1229 1664 1282 τὸν
1701 1225 1939 1297 Χριστὸν

352 1328 578 1400 ζημίαν.
636 1325 798 1383 Ἀλλά
830 1326 932 1396 μὲν
975 1323 1071 1379 οῦν
1117 1323 1212 1378 καὶ
1243 1320 1489 1393 ἡγοῦμαι
1517 1320 1696 1374 πάντα
1733 1317 1938 1387 ζημίαν

353 1417 491 1474 εῖναι
520 1418 608 1473 διὰ
641 1418 701 1472 τὸ
727 1418 995 1489 ὑπερέχον
1030 1418 1131 1488 τῆς
1173 1413 1429 1486 γνώσεως
1477 1412 1716 1484 Χριστοῦ
1762 1408 1940 1482 Ἰησοῦ

355 1511 452 1566 τοῦ
490 1510 700 1583 Κυρίου
752 1528 855 1580 μου
879 1526 892 1539 ·
933 1508 1001 1563 δι’
1034 1508 1093 1562 ὃν
1135 1507 1206 1561 τὰ
1235 1508 1414 1562 πάντα
1460 1503 1800 1576 ἐζημιώθην,
1845 1501 1943 1556 καὶ

327 1608 602 1678 ἡγοῦμαι
644 1604 893 1659 σκύϐαλα
937 1601 1101 1668 εἶναι,
1129 1603 1220 1656 ἵνα
1249 1601 1488 1673 Χριστὸν
1542 1598 1796 1671 κερδήσω
1844 1595 1942 1649 καὶ

355 1698 568 1772 εὑρεθῶ
597 1699 653 1752 ὲν
681 1697 835 1768 αὐτῷ
871 1696 946 1768 μὴ
976 1696 1116 1767 ἔχων
1135 1693 1484 1764 δικαιοσύνην
1517 1692 1618 1763 τὴν
1648 1693 1716 1744 ὲκ
1747 1689 1940 1760 νόμου,

356 1791 496 1846 ἀλλὰ
521 1791 620 1862 τὴν
647 1790 736 1845 διὰ
761 1789 999 1856 πίστεως
1024 1786 1285 1862 Χριστοῦ,
1331 1786 1430 1859 τὴν
1469 1787 1535 1840 ὲκ
1563 1783 1699 1839 Θεοῦ
1730 1783 1936 1838 δικαιοι

359 1881 548 1954 σύψην.
599 1899 620 1934 t

443 2138 657 2214 Ἐπειδὴ
695 2141 838 2214 μέγα
876 2139 1137 2212 ἐφρόνουν
1180 2120 1231 2193 ὁὶ
1271 2137 1365 2193 τοῦ
1396 2138 1730 2210 γράμματος
1763 2138 1941 2210 κήρυ-

358 2252 483 2298 κες,
524 2232 618 2286 ἐπί
665 2247 726 2284 τε
773 2231 1044 2302 περιτομῇ
1103 2227 1201 2281 καὶ
1247 2225 1398 2296 γένει
1443 2224 1521 2296 τῷ
1576 2223 1636 2291 ἐξ
1700 2222 1940 2295 Ἰσραὴλ,

355 2323 549 2378 τούτου
589 2323 750 2394 χάριν
780 2321 865 2390 ἐφ’
904 2317 1101 2374 ἑαυτοῦ
1135 2318 1268 2372 αύτὺ
1306 2316 1599 2383 ἑξουθενεῖ.
1649 2315 1783 2370 Τότε
1832 2315 1944 2387 γὰρ

358 2413 568 2484 ἀληθὴς
599 2415 632 2484 ή
663 2411 1036 2476 ὲξουδένωσις,
1065 2409 1165 2479 οὐχ
1195 2407 1325 2462 ὅταν
1365 2407 1441 2479 μὴ
1477 2404 1621 2478 σχὼν
1647 2421 1734 2469 τις
1775 2422 1944 2461 κατα-

360 2506 521 2560 πτύει
555 2500 630 2558 ὧν
663 2504 798 2574 ἔχει,
833 2501 948 2557 ἀλλ’
975 2503 1105 2556 ὅταν
1135 2499 1300 2571 ἔχων,
1337 2498 1512 2571 μικρά
1541 2497 1682 2553 αὐτὰ
1717 2498 1942 2570 ἡγῆται,

361 2601 457 2654 καὶ
493 2595 945 2667 εὐκαταφρόνητα
977 2595 1046 2666 τῇ
1091 2592 1201 2646 τῶν
1234 2590 1498 2663 μειζόνων
1529 2590 1625 2646 καὶ
1665 2589 1944 2662 ὑπερϐαλ-

360 2692 563 2746 λόντων
605 2690 843 2762 εὑρέσει.
888 2685 1053 2756 Λέγει
1101 2680 1216 2750 οὖν,
1252 2686 1335 2739 ὅτι
1368 2682 1552 2738 Πάντα
1593 2681 1771 2736 αὐτῶν
1801 2680 1948 2752 σχὼν

362 2786 432 2839 τὰ
473 2783 666 2854 σεμνὰ,
700 2781 796 2837 καὶ
826 2779 1093 2851 τοσαύτην
1137 2779 1196 2832 ιν
1237 2779 1353 2842 τοῖς
1395 2778 1644 2855 νομικοῖς
1672 2773 1949 2839 ἐπιδειξά-

367 2895 528 2950 μενος
558 2875 928 2944 δικαιοσύνην,
962 2873 1096 2944 ὅσην
1123 2870 1224 2925 ούκ
1266 2869 1426 2932 ἄλλος
1455 2886 1559 2934 τις,
1598 2868 1778 2923 πάντα
1807 2864 1952 2938 ήγη-

367 2988 467 3042 μαι
501 2968 705 3038 ζημίαν
729 2967 826 3021 καί⁵
857 2963 1124 3029 σκύϐαλα,
1153 2959 1462 3034 ὑπερϐολῆς
1483 2977 1630 3024 τινος
1655 2957 1824 3029 οὔσης
1847 2957 1947 3028 τῆς

364 3061 511 3117 κατὰ
545 3059 779 3132 Χριστὸν
808 3056 1103 3120 πολιτείας.
1137 3053 1386 3125 Τοσαύτη
1433 3053 1491 3107 δέ
1517 3053 1668 3106 ἐστιν
1698 3053 1732 3122 ἠ
1772 3051 1946 3120 ὑπερ-

363 3155 534 3226 ϐολὴ,
583 3151 725 3206 ὥστε
788 3150 1022 3222 εὔχομαι
1083 3145 1355 3220 μηδεμίαν
1411 3144 1702 3216 εὑρεθῆναι
1757 3141 1949 3213 ἔχοντα

365 3245 603 3316 ἐμαυτὸν
651 3242 880 3315 νομικὴν
918 3239 1288 3310 δικαιοσύνην,
1321 3238 1408 3292 ἵνα
1449 3237 1550 3308 τὴν
1590 3237 1655 3290 ὲκ
1682 3234 1820 3288 Θεοῦ
1868 3233 1950 3286 δι-

367 3336 664 3406 καιοσύνην
717 3335 986 3406 κερδήσω.
1045 3332 1185 3404 Ὅρα
1234 3330 1352 3392 πῶς
1397 3329 1495 3400 τὴν
1533 3328 1630 3399 μὲν
1671 3325 1736 3380 ὲκ
1787 3324 1953 3396 νόμου

366 3427 714 3500 δικαιοσύνην
761 3427 954 3480 ἑαυτοῦ
981 3442 1134 3497 φησι,
1172 3423 1272 3496 τὴν
1305 3422 1362 3476 δὲ
1388 3419 1770 3490 εύαγγελικὴν,
1817 3415 1954 3471 Θεοῦ

368 3516 747 3588 δικαιοσύνην,
785 3515 870 3571 ἵνα
909 3513 1164 3569 τοσοῦτον
1208 3509 1598 3588 ᾖάμφοτέρων
1647 3509 1710 3562 τὸ
1765 3508 1952 3578 μέσον,

367 3607 497 3664 ὅσον
533 3607 825 3682 ἀνθρώπου
849 3607 942 3663 καὶ
973 3605 1130 3662 Θεοῦ.

443 3905 476 3967 ι’
520 3914 646 3969 Ἐπὶ
678 3916 746 3985 τῇ
780 3911 962 3966 πίστει
993 3911 1088 3966 τοῦ
1118 3910 1324 3980 γνῶναι
1369 3910 1553 3975 αὐτὸν,
1587 3909 1682 3963 καὶ
1727 3909 1830 3979 τὴν
1857 3908 1953 3961 δύ-

367 4022 534 4076 ναμιν
560 4003 661 4074 τῆς
681 4003 1036 4066 ἀναστάσεως
1061 4000 1252 4068 αὑτοῦ,
1277 4001 1374 4055 καὶ
1403 4001 1505 4070 τὴν
1533 3999 1823 4054 κοινωνίαν
1845 3998 1954 4052 τῶν

369 4095 712 4167 παθημάτων
740 4093 931 4158 αὐτοῦ,
981 4093 1478 4166 συμμορφούμενος
1506 4092 1586 4164 τῷ
1618 4091 1835 4162 θανάτῳ
1863 4090 1956 4144 αύο

366 4189 486 4255 τοῦ,
531 4188 585 4243 εί
633 4205 750 4252 πως
797 4188 1127 4261 καταντήσω
1176 4188 1256 4251 εἰς
1299 4185 1396 4257 τὴν
1437 4185 1794 4250 ἐξανάστασιν
1846 4183 1956 4237 τῶν

369 4274 618 4348 νεκρῶν·
646 4276 746 4345 οὐχ
777 4276 858 4330 ὅτι
898 4276 999 4348 ήδη
1061 4274 1276 4341 ἔλαϐον,
1324 4275 1358 4346 ἢ
1409 4273 1511 4347 ἤδη
1559 4273 1953 4344 τετελείωμαι·

252 4443 266 4452 κ
370 4366 556 4422 διώκω
593 4367 651 4421 δὲ
686 4369 738 4422 εί
777 4367 878 4422 καὶ
898 4366 1226 4435 καταλάϐω,
1269 4367 1356 4436 ἐφ’
1402 4361 1449 4436 ᾧ
1483 4367 1576 4420 καὶ
1604 4364 1956 4438 κατελήφθην

368 4459 476 4518 ὑπὸ
496 4457 588 4514 τοῦ
615 4459 875 4533 Χριστοῦ.
927 4477 948 4511 ι

2036 581 2312 635 concessit
2347 579 2505 635 nobis
2533 615 2548 641 ,
2587 585 2641 632 et
2689 575 2805 631 haec
2859 575 3034 647 gloria
3083 576 3150 630 ad
3209 573 3495 630 Christum
3532 589 3624 628 re-

2038 671 2236 726 fertur.
3157 650 3165 658 ’

2114 779 2131 811 ι
2167 759 2222 814 Si
2271 759 2398 827 quis
2429 759 2571 816 alius
2621 758 2835 814 videtur
2890 757 3172 813 conﬁdere
3218 758 3270 812 in
3304 772 3494 823 carne,
3522 771 3626 829 ego

2039 850 2234 922 magis.
2285 848 2478 922 [VEBS.
2523 847 2666 921 5-9.]
2723 846 3100 904 Circumcisus
3151 855 3350 903 octavo
3387 849 3496 911 die,
3557 863 3629 902 ex

2038 958 2241 1013 genere
2269 942 2463 1009 Israel,
2497 942 2565 1000 de
2612 943 2758 997 tribu
2785 942 3094 1014 Beujamin,
3131 940 3396 999 Hebraeus
3421 958 3486 998 ex
3523 939 3629 995 lle-

2040 1033 2242 1100 lineis,
2296 1032 2602 1089 secundum
2674 1033 2850 1104 legem
2909 1031 3262 1099 Phariszeus,
3321 1033 3627 1087 secundum

2039 1122 2450 1179 aemulationem
2507 1137 2846 1194 persequens
2892 1121 3199 1179 Ecclesiam
3253 1121 3369 1190 Dei,
3424 1136 3626 1177 secun-

2041 1213 2175 1268 dum
2200 1213 2472 1284 justitiam
2515 1230 2637 1285 quae
2693 1215 2748 1269 in
2778 1213 2898 1284 lege
2953 1222 3059 1282 est,
3113 1224 3478 1270 conversatus
3509 1213 3636 1268 sine

2041 1309 2293 1378 querela.
2337 1307 2443 1365 Sed
2475 1324 2598 1380 quae
2645 1309 2782 1364 mihi
2822 1308 3046 1364 fuerunt
3098 1308 3286 1372 lucra,
3323 1307 3440 1362 hinc
3486 1307 3637 1360 arbi-

2044 1408 2222 1456 tratus
2259 1415 2382 1456 sum
2411 1409 2642 1472 propter
2684 1401 2967 1457 Christum
3001 1401 3353 1456 detrimenta.
3393 1397 3634 1454 Verum-

2045 1501 2226 1550 tamen
2250 1493 2508 1549 existimo
2541 1494 2728 1548 omnia
2767 1493 3161 1548 detrimentum
3214 1506 3360 1556 esse,
3408 1499 3638 1561 propter

2043 1585 2378 1641 eminentem
2419 1585 2710 1640 scientiam
2767 1585 2978 1641 Christi
3017 1584 3158 1641 'Jesu
3221 1583 3443 1639 Domini
3505 1583 3636 1648 mei,

2044 1686 2266 1747 propter
2303 1693 2465 1748 quem
2521 1678 2709 1733 omnia
2763 1677 3157 1733 detrimentum
3192 1674 3332 1741 feci,
3381 1685 3438 1731 et
3489 1675 3639 1730 arbi-

2047 1776 2166 1824 tror
2225 1771 2383 1842 201
2429 1779 2488 1825 ut
2536 1781 2802 1837 stercora,
2834 1779 2896 1825 ut
2931 1769 3215 1826 Christum
3275 1767 3637 1830 lucrifaciam,

2047 1868 2103 1916 et
2133 1862 2381 1917 inveniar
2403 1863 2458 1917 in
2481 1863 2576 1919 illo
2604 1877 2717 1918 non
2748 1861 2956 1918 habens
2981 1861 3250 1932 justitiam
3281 1871 3406 1932 quae
3434 1875 3500 1915 ex
3523 1859 3640 1929 lege

2048 1962 2154 2018 est,
2196 1952 2303 2011 sed.
2322 1951 2468 2007 illam
2492 1967 2614 2023 quae
2641 1967 2706 2008 ex
2743 1951 2848 2008 ﬁde
2885 1959 2970 2009 est
2997 1950 3227 2017 Christi,
3261 1966 3381 2022 quae
3411 1964 3476 2004 ex
3528 1948 3638 2005 Deo

2047 2055 2152 2113 est,
2180 2045 2472 2116 justitiam.
2508 2062 2527 2096 ι

2123 2153 2266 2221 Quia
2297 2151 2781 2209 commendatores
2806 2153 2945 2224 legis
2983 2154 3321 2213 insolentius
3343 2157 3647 2216 effereban-

2052 2257 2166 2313 tur,
2193 2254 2310 2302 tum
2346 2247 2420 2301 ob
2450 2244 2965 2311 circumcisionem,
3018 2255 3135 2302 tum
3177 2249 3252 2305 ob
3289 2266 3467 2322 genus
3493 2255 3639 2322 quod

2052 2356 2121 2396 ex
2148 2339 2326 2396 lsrael
2373 2338 2673 2402 ducebant,
2708 2338 2921 2396 idcirco
2972 2339 3090 2396 haec
3119 2341 3177 2396 in
3209 2357 3271 2399 se
3297 2342 3598 2399 ﬁoccifacit
3626 2364 3640 2399 :

2053 2441 2171 2487 tum
2208 2429 2418 2502 quippe
2459 2444 2592 2486 vera
2634 2429 2722 2486 sui
2760 2431 3089 2503 aspernatio
3131 2439 3240 2500 est,
3274 2448 3385 2489 non
3417 2436 3644 2506 quando

2053 2520 2204 2591 quis,
2231 2535 2358 2576 cum
2393 2519 2535 2575 nihil
2587 2520 2814 2587 habeat,
2868 2536 2934 2577 ea
2985 2525 3200 2594 respuit
3247 2540 3372 2598 quae
3401 2542 3512 2582 non
3541 2528 3642 2583 ha-

2053 2612 2172 2679 bet,
2209 2611 2310 2670 sed
2342 2612 2568 2684 quando
2595 2627 2720 2684 quae
2757 2613 2946 2680 habet,
2978 2615 3111 2669 vilia
3143 2623 3202 2672 et
3245 2620 3642 2690 contemptibi-

2055 2703 2131 2760 lia
2162 2704 2339 2772 ducit,
2383 2719 2450 2762 ex
2517 2721 2629 2777 quo
2687 2705 2904 2778 majora
2949 2717 3005 2762 et
3039 2708 3244 2765 eximia
3299 2721 3501 2768 nactus
3532 2722 3641 2769 est.

2055 2799 2148 2854 Ait
2173 2813 2306 2870 ergo
2336 2797 2618 2856 :Tametsi
2657 2815 3009 2872 quaecunque
3058 2803 3202 2873 apud
3255 2804 3383 2860 illos
3410 2817 3642 2862 Venera-

2057 2889 2194 2946 tioni
2227 2899 2377 2957 sunt,
2412 2890 2602 2958 habui,
2655 2902 2712 2947 et
2743 2900 2954 2948 tantam
3008 2893 3062 2948 in
3093 2894 3162 2950 iis
3205 2909 3327 2967 qua;
3350 2896 3470 2968 lege
3497 2912 3644 2969 prae-

2063 2983 2394 3039 scribuntur
2428 2983 2710 3054 justitiam
2755 2985 3000 3056 praetuli,
3043 2995 3308 3058 quantam
3348 2990 3539 3047 nullus
3566 2993 3643 3046 al.

2058 3082 2166 3142 ter,
2201 3075 2574 3133 nihilominus
2622 3077 2882 3134 universa
2931 3078 3047 3134 haec
3094 3079 3432 3138 detrimento
3483 3083 3642 3149 duxi,

1979 3190 2021 3250 ο
2059 3177 2113 3224 et
2134 3169 2304 3225 veluti
2335 3178 2607 3236 stercora,
2641 3184 2768 3226 cum
2813 3171 3072 3227 instituta
3105 3187 3136 3227 a
3163 3173 3389 3231 Christo
3423 3177 3647 3234 vivendi

2062 3262 2203 3316 ratio
2230 3263 2392 3332 plane
2430 3264 2502 3319 sit
2529 3264 2910 3320 excellentior.
2941 3265 3109 3336 Atqui
3150 3273 3306 3322 tanta
3351 3268 3520 3340 hujus
3549 3288 3646 3327 ex-

2058 3357 2384 3426 superantia
2430 3365 2539 3420 est,
2583 3365 2644 3411 ut
2684 3357 3007 3429 percupiam
3034 3357 3244 3415 nullam
3279 3361 3334 3415 in
3368 3377 3454 3418 me
3492 3379 3646 3434 repe-

2058 3447 2156 3501 riri
2211 3447 2483 3516 justitiam
2540 3448 2848 3504 secundum
2914 3449 3112 3521 legem,
3182 3466 3296 3523 quo
3361 3454 3646 3524 justitiam

2057 3555 2181 3611 qua;
2215 3555 2279 3596 ex
2313 3539 2426 3597 Deo
2452 3549 2560 3608 est,
2589 3540 2961 3597 lucrifaciam.
2998 3540 3138 3599 Vide
3169 3547 3450 3615 quomodo
3482 3563 3646 3603 suam

2057 3649 2182 3689 esse
2221 3633 2456 3706 legalem
2507 3635 2782 3706 justitiam
2825 3634 3004 3704 dicit;
3059 3638 3434 3708 evangelicam
3486 3657 3643 3705 vero,

2059 3723 2153 3781 Dei
2180 3725 2456 3796 justitiam
2513 3735 2824 3799 nuncupat,
2883 3735 2944 3783 ut
2972 3736 3124 3784 tanta
3156 3730 3302 3803 inter
3350 3739 3648 3804 utramque

2057 3815 2325 3872 distantia
2359 3817 2454 3885 sit,
2481 3827 2692 3888 quanta
2721 3818 2871 3875 inter
2911 3817 3085 3876 Deum
3117 3827 3174 3876 et
3198 3821 3504 3879 hominem.

2136 3927 2154 3958 ι
2194 3909 2252 3962 In
2287 3907 2415 3974 ﬁde,
2475 3907 2668 3980 [Vnam
2721 3909 2920 3982 10-12]
2971 3910 3041 3966 ad
3090 3915 3540 3984 cognoscendum
3580 3918 3649 3971 il—

2059 4001 2196 4066 lum,
2229 4008 2284 4056 et
2315 4001 2580 4057 virtutem
2637 4004 3074 4060 resurrectionis
3127 4005 3270 4075 ejus,
3309 4015 3365 4063 et
3398 4009 3646 4065 societa-

2059 4100 2168 4148 tem
2203 4093 2534 4162 passionum
2566 4093 2746 4162 illius,
2777 4094 3161 4167 contigui-atus
3198 4099 3364 4155 morti
3397 4101 3559 4171 ejus;
3596 4104 3646 4157 si

2057 4197 2172 4254 quo
2212 4183 2378 4239 modo
2422 4197 2718 4239 occurram
2775 4187 2831 4242 in
2876 4189 3343 4247 resurrectionem
3389 4205 3650 4249 mortuo-

2057 4291 2180 4332 rum
2208 4294 2222 4332 :
2254 4291 2366 4332 non
2397 4276 2545 4347 quod
2573 4277 2688 4347 jam
2720 4281 3060 4348 acceperim,
3091 4289 3188 4336 aut
3216 4281 3330 4351 jam
3362 4281 3647 4353 perfectus

2058 4368 2206 4435 sim;
2243 4383 2448 4439 sequor
2489 4375 2695 4434 autem,
2737 4369 2786 4427 si
2837 4371 3117 4440 quomodo
3150 4373 3644 4443 comprehendam,

2059 4458 2116 4514 in
2142 4473 2255 4528 quo
2282 4465 2338 4514 et
2367 4459 2809 4530 comprehensus
2839 4476 2963 4516 sum
2991 4476 3022 4516 a
3053 4461 3302 4518 Christo.
3335 4480 3354 4516 ι

435 4522 694 4606 Διδάσκεί
725 4551 811 4613 τις
858 4551 893 4622 ἠ
927 4551 996 4605 ὲκ
1031 4549 1168 4606 Θεοῦ
1214 4549 1533 4620 δικαιοσύνη
1555 4566 1568 4580 ·
1611 4551 1647 4622 ἡ
1681 4550 1866 4614 πίστις
1914 4553 1946 4623 ἠ

2070 4603 2073 4605 ,
2133 4522 2306 4605 Docet
2331 4565 2453 4620 qua:
2499 4522 2584 4607 -sit
2616 4551 2838 4621 justitia
2880 4551 3001 4616 Dei,
3037 4546 3273 4625 eamque
3319 4569 3447 4611 esse
3485 4555 3647 4612 ﬁdem

367 4644 447 4707 είς
489 4643 747 4713 Χριστὸν,
779 4643 876 4698 καὶ
909 4645 942 4714 ή
992 4643 1195 4713 γνῶσις
1229 4645 1328 4715 τῆς
1370 4642 1726 4706 ἀναστάσεως
1757 4643 1949 4712 αὑτοῦ,

369 4735 464 4790 καὶ
505 4736 540 4806 ή
574 4734 834 4790 κοινωνία
862 4735 972 4790 τῶν
1001 4735 1344 4807 παθημάτων
1387 4733 1577 4790 αὑτοῦ.
1626 4735 1816 4790 Ταῦτα
1841 4736 1952 4808 γὰρ

369 4827 426 4881 ὲν
453 4827 578 4899 ἐμοὶ
603 4827 919 4898 εὑρεθέντα,
948 4832 1104 4898 φησι,
1134 4826 1473 4897 καταντῆσαι
1499 4828 1720 4899 ποιήσει
1744 4829 1823 4892 είς
1851 4827 1950 4899 τὴν

364 4917 668 4972 ἀνάστασιν
695 4917 793 4990 τὴν
826 4919 891 4972 ἐκ
936 4918 1044 4972 τῶν
1072 4919 1305 4990 νεκρῶν.
1341 4919 1454 4988 Ούχ
1487 4918 1674 4982 ἁπλῶς
1716 4918 1775 4973 δὲ
1804 4914 1948 4985 εἷπε,

363 5008 743 5075 καταντήσω,
785 5008 944 5073 ἀλλὰ,
983 5009 1040 5062 ετ
1082 5021 1208 5076 πως
1245 5010 1622 5078 καταντήσω.
1664 5011 1948 5064 Δείκνυσιν

361 5103 444 5156 ὅτι
479 5100 574 5155 καὶ
616 5099 719 5171 ήδη
753 5101 866 5163 τοῖς
899 5094 1126 5154 λαϐοῦσι
1168 5099 1270 5168 τῆς
1313 5100 1569 5168 γνώσεως
1599 5101 1659 5152 τδ
1699 5098 1950 5170 χάρισμα

361 5193 456 5247 καὶ
481 5190 593 5246 τῶν
634 5191 977 5263 παθημάτων
1002 5191 1102 5261 τὴν
1146 5191 1457 5252 κοινωνίαν,
1490 5189 1693 5262 πολλῆς
1721 5191 1824 5261 τῆς
1850 5191 1948 5260 νή-

359 5279 507 5350 ψεως
538 5281 722 5352 χρεία,
754 5280 839 5333 ἵνα
872 5279 948 5350 μὴ
987 5278 1024 5334 ά
1053 5279 1248 5334 ἔλαϐον
1277 5279 1614 5335 ἀπολέσωσι.
1653 5280 1764 5334 Καὶ
1789 5280 1950 5334 τοῦτο

359 5371 424 5423 ἐκ
455 5370 568 5424 τῶν
602 5371 729 5442 ἑξῆς
761 5370 942 5442 δῆλον.
969 5373 1093 5440 Οὐχ
1125 5370 1215 5425 ὅτι
1237 5370 1348 5441 γὰρ
1375 5369 1494 5440 ἤδη
1517 5371 1761 5436 ἔλαϐον,
1790 5375 1946 5442 φησὶ,

361 5457 458 5512 καὶ
483 5459 549 5531 δὴ
580 5460 710 5531 περὶ
748 5459 843 5531 τοῦ
870 5459 1061 5525 τέλους
1082 5458 1272 5532 6αρρῶ
1295 5475 1309 5491 ’
1336 5461 1474 5514 ἀλλὰ
1501 5461 1706 5524 διώκω,
1734 5461 1822 5516 ἵνα
1854 5462 1951 5516 καὶ

362 5549 680 5606 καταλάϐω.
728 5551 794 5605 Τί
840 5552 918 5619 δὲ,
973 5550 1062 5606 ἵνα
1108 5551 1418 5626 καταλάϐῃ,
1461 5549 1496 5623 ἢ
1539 5553 1698 5606 τοῦτο
1742 5553 1803 5606 τὸ
1851 5553 1952 5624 χά⁴

368 5657 540 5714 ρισμα
594 5642 675 5706 τίς
722 5641 752 5706 ὃ
794 5644 888 5698 καὶ
927 5641 1243 5715 κατελήφθη
1279 5641 1385 5697 ὑπὸ
1414 5643 1693 5716 Χριστοῦς
1736 5646 1794 5698 ἐν
1839 5645 1949 5699 τίνι

364 5733 423 5788 δὲ
453 5733 798 5804 κατελήφθη,
833 5734 867 5806 ἦ
899 5736 968 5806 τῇ
1006 5735 1336 5802 ἀναστάσεις
1377 5731 1476 5800 Εἷς
1507 5737 1616 5808 γὰρ
1643 5737 1784 5808 ὑπὲρ
1813 5737 1952 5793 πάν-

368 5840 477 5882 των
510 5826 807 5890 ἀπέθανεν,
839 5827 926 5881 ἵνα
955 5827 1158 5892 πάντες
1191 5827 1468 5899 ζήσωμεν.
1514 5829 1682 5892 Φόϐος
1719 5823 1812 5884 οὖν
1851 5829 1952 5894 μέ-

689 5918 962 5984 Ρλτιιοι.
993 5918 1113 5982 Gn.
1153 5920 1328 5985 XCV.

2061 4639 2118 4694 in
2142 4639 2453 4707 Christum,
2490 4650 2548 4698 et
2590 4642 2973 4714 cognitionem
3018 4646 3454 4703 resurrectionis
3497 4647 3646 4718 ejus,

2059 4731 2496 4802 societatemque
2521 4734 2846 4803 passionum
2885 4734 3064 4790 illius.
3096 4733 3247 4802 Hinc,
3281 4737 3480 4808 inquit,
3518 4754 3646 4794 cum

2059 4821 2115 4875 in
2151 4836 2240 4876 me
2266 4821 2640 4892 reperiantur,
2681 4820 2924 4879 efﬁcient
2959 4832 3018 4878 ut
3049 4839 3340 4882 occurram
3371 4828 3429 4882 in
3465 4844 3653 4885 resur-

2059 4910 2368 4965 rectionem
2417 4926 2485 4966 ex
2563 4911 2822 4968 mortuis.
2887 4911 3007 4967 Non
3067 4921 3255 4970 autem
3317 4915 3650 4986 simpliciter

2058 5004 2219 5069 dixit,
2247 5019 2548 5068 occurram,
2573 5001 2694 5068 sed,
2725 5003 2771 5059 si
2796 5006 3060 5076 quomodo
3095 5023 3400 5075 occurram,
3443 5018 3639 5065 osten-

2058 5097 2248 5164 ditque
2277 5112 2376 5153 eos
2427 5097 2520 5166 qui
2578 5096 2785 5153 donum
2834 5100 3194 5171 cognitionis,
3233 5111 3290 5157 et
3317 5103 3649 5173 passionum

2058 5191 2381 5245 societatem
2415 5205 2699 5261 accepere,
2750 5193 2943 5249 multis
2987 5194 3194 5265 vigiliis
3240 5209 3380 5266 opus
3417 5195 3644 5262 habere,

2059 5298 2128 5337 ne
2155 5296 2221 5336 ea
2249 5283 2506 5338 amittant
2536 5299 2660 5353 quae
2690 5295 3050 5357 acceperunt.
3081 5286 3254 5357 quue
3285 5286 3638 5342 manifestum

2060 5371 2118 5425 ﬁt
2159 5388 2224 5428 ex
2257 5373 2327 5427 iis
2367 5388 2491 5442 quae
2521 5383 2840 5446 sequuntur
2872 5394 2888 5431 :
2923 5374 3051 5431 Non
3091 5376 3233 5448 quod
3262 5377 3384 5447 jam
3425 5393 3635 5446 accepe-

2059 5465 2185 5531 rim,
2235 5465 2440 5536 inquit.
2494 5465 2633 5522 Cum
2677 5468 2828 5524 enim
2869 5475 3079 5525 certam
3132 5470 3203 5526 de
3237 5469 3347 5525 ﬁne
3383 5468 3644 5524 ﬁduciam

2057 5555 2314 5623 habeant,
2347 5567 2591 5616 attamen
2632 5576 2944 5633 persequor
2978 5571 3040 5618 ut
3094 5571 3153 5619 et
3196 5563 3354 5618 illum
3387 5577 3646 5634 compre-

2056 5650 2319 5706 hendam.
2376 5651 2654 5718 Quidnam
2708 5670 2865 5722 vero,
2925 5665 2986 5712 ut
3033 5653 3495 5726 comprehendat,
3529 5655 3642 5710 nisi

2061 5741 2194 5796 illud
2246 5741 2450 5798 donum
2521 5746 2684 5816 cujus
2741 5746 2922 5816 gratia
2987 5746 3430 5818 comprehensus
3475 5751 3564 5801 est
3607 5760 3641 5800 α

2059 5833 2324 5890 Christo?
2356 5835 2409 5891 in
2435 5851 2545 5908 quo
2588 5847 2770 5896 autem
2801 5839 3241 5911 comprehensus
3281 5846 3390 5905 est,
3429 5837 3535 5894 nisi
3581 5837 3637 5892 in

3229 5929 3304 5990 28
