4048 6416
351 357 438 430 877
1421 363 1499 424 ΙΝ
1541 366 1780 426 EPIST.
1821 367 1921 427 AD
1952 365 2516 429 PHILIPPENSES.

3479 367 3587 430 8'78

354 499 539 559 μορφον
587 476 663 549 τῷ
697 476 908 548 σώματι
942 477 1040 546 τῆς
1071 476 1226 548 δόξης
1266 477 1450 543 αὑτοῦ,
1498 485 1639 535 κατὰ
1684 483 1782 555 τὴν
1815 487 1899 537 ἐν·

2008 485 2314 538 secundum
2349 485 2728 553 operationem
2757 498 2864 553 qua
2914 482 3082 537 etiam
3114 480 3290 553 possit
3319 481 3419 535 sibi
3456 485 3588 538 sub-

353 582 550 648 ίργειαν
580 569 668 624 τοῦ
707 567 966 624 δύνασθαι
1008 568 1171 622 αὑτὸν
1216 569 1310 621 καὶ
1340 569 1604 635 ὑποτάξαι
1634 572 1811 644 ἑαυτῷ
1838 575 1904 629 τὰ

2007 575 2183 641 jiccre
2215 577 2420 630 omnia.
2456 595 2473 626 ι

353 669 531 720 πάντα.
569 679 589 713 ι

931 791 1190 847 ΚΕΦΑΛ.
1235 795 1308 848 Δ’.

417 950 430 982 ι
483 931 665 995 Ὥστε,
702 929 923 999 ἀδελφοί
957 947 1060 1002 μου
1099 931 1374 1002 ἀγαπητοὶ
1424 933 1518 986 καὶ
1564 935 1905 1005 ἐπιπόθητοι,

346 1022 474 1096 χαρὰ
507 1022 600 1077 καὶ
629 1021 893 1092 στέφανός
930 1040 1053 1093 μου.
1095 1040 1116 1075 ι

405 1114 567 1176 Πάλιν
612 1115 910 1183 ἀναγκαῖον
939 1114 1126 1178 αὐτοῖς
1159 1112 1333 1182 λέγει,
1375 1115 1436 1167 τὸ
1485 1119 1768 1187 μιμεῖσθαι
1812 1121 1908 1174 αὖ-

344 1204 443 1270 τὸν,
473 1201 568 1256 καὶ
593 1202 793 1255 εἰδέναι
821 1202 904 1265 τίς
927 1200 1072 1263 οὕτω
1101 1205 1395 1274 περιπατεῖ
1418 1203 1494 1268 ὡς
1530 1207 1711 1278 αὑτός.
1739 1208 1909 1278 Τοῦτο

342 1296 391 1349 δὲ
416 1294 582 1362 λέγει,
605 1293 704 1364 οὐχ
724 1292 1136 1364 ὑψηλοφρονῶν,
1163 1291 1300 1348 ἀλλὰ
1325 1293 1653 1366 ἀποτρέπων
1679 1297 1776 1372 τῆς
1800 1297 1907 1352 τῶν

343 1385 819 1456 ἑτεροδιδασκάλων
847 1387 1154 1453 συνουσίας,
1185 1387 1398 1450 δεικνὺς
1427 1388 1592 1442 πόσον
1623 1390 1902 1462 ἑκατέρων

342 1477 394 1528 τὸ
426 1477 590 1546 μέσον
633 1478 742 1530 τῶν
782 1495 841 1531 τε
877 1477 1264 1550 πνευματικῶν
1315 1479 1410 1531 καὶ
1457 1478 1566 1531 τῶν
1605 1481 1905 1550 σαρκικῶν.

341 1568 405 1620 Τὸ
448 1568 504 1621 δὲ
553 1570 717 1637 μέσον
748 1570 905 1623 τοῦτο
934 1572 1042 1624 ἀπὸ
1069 1569 1165 1624 τοῦ
1211 1571 1400 1633 τέλους
1445 1572 1722 1643 ἑκατέρων
1761 1574 1908 1628 ἔστιν

341 1657 478 1712 ίδεῐν.
513 1659 634 1712 Τῶν
677 1659 778 1730 μὲν
825 1661 956 1731 γὰρ,
999 1662 1152 1733 φησι,
1201 1663 1261 1716 τὸ
1304 1665 1454 1726 τέλος
1487 1663 1763 1719 ἀπώλεια·
1799 1664 1906 1718 τῶν

335 1745 406 1811 δὲ,
437 1747 495 1799 τὸ
521 1750 1098 1821 μετασχηματισθῆναι
1134 1752 1227 1806 καὶ
1260 1755 1618 1824 συμμόρφους
1652 1753 1906 1821 γενέσθαι

2649 787 2804 846 CAP.
2861 788 2952 844 ιν.

2085 923 2252 979 Vens.
2288 925 2338 978 1.
2379 943 2396 975 ι
2437 925 2640 994 Itaque,
2680 924 2881 982 fratres
2912 926 3019 983 mci
3065 927 3380 984 cbarissimi
3410 937 3464 986 et
3491 929 3587 986 de-

2011 1015 2425 1080 sideratissimi,
2459 1017 2723 1086 gaudium
2753 1026 2807 1072 ct
2836 1031 3038 1072 corona
3073 1032 3214 1072 mea.
3258 1037 3275 1068 ›

2087 1104 2292 1162 lterum
2323 1124 2419 1163 eos
2449 1108 2610 1163 docet
2635 1110 3010 1164 necessarium
3039 1124 3163 1166 esse
3196 1118 3252 1165 ut
3286 1111 3372 1165 sui
3403 1103 3587 1164 'aemu-

2011 1199 2215 1256 latores
2270 1199 2404 1266 sint,
2453 1201 2788 1270 videantque
2837 1199 2964 1270 quis
3015 1216 3084 1257 eo
3131 1216 3240 1271 quo
3277 1201 3393 1271 ipse
3429 1202 3589 1256 modo

2009 1290 2275 1346 ambulet.
2337 1289 2430 1346 Sic
2484 1298 2672 1346 autem
2732 1292 2996 1362 loquitur,
3059 1307 3166 1347 non
3223 1293 3364 1362 quod
3408 1291 3475 1346 de
3532 1305 3592 1346 se

2005 1370 2151 1438 bene
2183 1383 2475 1438 admodum
2526 1385 2834 1448 existimet,
2891 1385 2985 1441 sed
3039 1395 3098 1439 ut
3148 1401 3245 1440 eos
3278 1391 3487 1438 avertat
3519 1383 3592 1437 ab

2009 1475 2267 1530 extraria:
2347 1474 2619 1530 doctrina:
2710 1476 3103 1546 magistrorum
3164 1474 3585 1540 consuetudine,

2008 1567 2305 1622 ostendens
2331 1575 2601 1636 quantum
2643 1566 2786 1622 inter
2835 1583 2894 1621 se
2939 1569 3148 1622 distent
3194 1566 3503 1634 spiritualia
3531 1559 3629 1621 et'

2008 1655 2272 1711 carnalia:
2313 1655 2481 1726 Atqui
2513 1655 2654 1710 hanc
2686 1657 3155 1726 intercapedinem
3197 1673 3260 1712 ex
3306 1667 3588 1711 utrorum-

2008 1762 2116 1818 que
2145 1747 2252 1802 ﬁne
2291 1747 2455 1804 liceat
2502 1747 2822 1812 observare.
2878 1745 3082 1804 Horum
3135 1749 3279 1802 enim
3316 1747 3459 1811 linis,
3503 1747 3588 1801 in-

335 1835 406 1906 τῷ
433 1836 642 1908 σώματι
682 1840 782 1910 τῆς
809 1840 968 1913 δόξης
996 1844 1257 1913 Χριστοῦ.
1283 1844 1455 1899 Τοῦτο
1483 1845 1541 1899 δὲ
1572 1845 1702 1900 αὐτὸ
1725 1862 1904 1914 μετα-

2011 1841 2154 1911 quit,
2188 1847 2275 1896 est
2305 1839 2560 1917 interitus
2593 1858 2607 1907 ;
2640 1840 2862 1906 illorum
2909 1855 3059 1904 vero,
3088 1839 3507 1910 transtiguratio
3531 1851 3587 1895 et

334 1929 836 1999 σχηματισθῆναι,
859 1933 1020 2004 ἡμῶν
1045 1933 1290 2004 δηλονότι
1323 1935 1390 1990 τὰ
1415 1935 1666 2005 σώματα,
1689 1939 1907 2009 ποιήσει

334 2019 577 2088 Χριστὸς,
621 2021 710 2076 διὰ
755 2023 814 2076 τὸ
843 2023 1127 2090 δύνασθαι,
1176 2027 1273 2096 καὶ.
1306 2026 1483 2092 πάντα
1516 2026 1663 2098 ἔχειν
1707 2029 1906 2099 ὑποτε-

331 2111 602 2180 ταγμένα·
653 2115 715 2166 τὸ
758 2115 840 2180 δὲ,
891 2116 991 2168 καί
1018 2116 1056 2183 ἠ
1089 2117 1239 2182 δόξα
1275 2119 1344 2171 ἐν
1373 2117 1445 2186 τῇ
1493 2120 1757 2190 αἰσχύνῃ
1804 2120 1910 2188 αὑ»-

330 2199 459 2264 τῶν,
497 2202 656 2258 τοῦτο
691 2204 864 2272 δηλοῖ,
899 2205 979 2258 ὅτι
1013 2207 1108 2260 ἐπὶ
1148 2207 1358 2270 τούτοις
1405 2208 1550 2279 μέγα
1597 2209 1907 2280 φρονοῦσιν,

328 2289 408 2357 ἐφ’
433 2284 512 2356 οἷς
549 2293 747 2355 αὐτοὺς
781 2293 887 2348 ἔδει
915 2296 1288 2368 αἰσχύνεσθαι.
1337 2298 1520 2356 Πάντα
1547 2297 1656 2370 γὰρ
1702 2299 1768 2354 τὰ
1805 2303 1906 2371 τῆς

326 2380 546 2446 κοιλίας,
573 2383 802 2454 αἰσχύνη
829 2386 922 2440 καὶ
956 2386 1150 2459 φθορά.

395 2590 412 2624 ι
462 2575 621 2630 Οὕτω
659 2578 889 2648 στήκετε
927 2581 986 2631 ὲν
1020 2580 1229 2651 Κυρίῳ,
1257 2582 1550 2650 ἀγαπητοί.
1603 2602 1620 2635 t

388 2662 566 2730 Οὕτω,
604 2665 767 2741 πῶς’;
815 2668 891 2731 ὡς
937 2670 1361 2739 ἀπεκδεχόμενοι
1402 2672 1461 2736 ἐξ
1507 2673 1752 2744 οὐρανῶν
1797 2675 1908 2728 Σω-

316 2755 460 2826 τῆρα
488 2757 583 2812 τὸν
627 2757 836 2830 Κύριον
879 2760 1106 2829 Ἰησοῦν..
1145 2761 1452 2830 Στέφανον
1478 2763 1534 2818 δὲ
1563 2765 1756 2824 ἑαυτοῦ
1781 2767 1907 2830 τοὺς

319 2846 592 2918 μαθητὰς,
621 2851 779 2918 φησι,
810 2849 900 2908 διά
919 2867 1002 2904 τοι
1030 2851 1138 2912 τῶν
1168 2853 1448 2922 στεφάνων
1475 2855 1625 2925 αὐτῷ
1663 2855 1905 2930 γίνεσθαι

322 2939 592 3010 πρόξενον
620 2940 722 3012 τὴν
759 2942 1004 3012 ὲπακοὴν
1032 2943 1211 3004 αὐτῶν
1236 2945 1336 3015 τὴν
1377 2947 1455 3008 εἰς
1484 2947 1544 3004 τὸ
1573 2948 1856 3020 κήρυγμα.

391 3049 411 3082 α
456 3021 704 3092 Εὑωδίαν
737 3033 1062 3102 παρακαλῶ,
1090 3037 1182 3092 καὶ
1206 3037 1482 3108 Συντύχην
1511 3042 1815 3111 παρακαλῶ
1846 3043 1908 3098 τὸ

311 3123 447 3178 αὐτὸ
479 3126 702 3194 φρονεῖν
735 3126 795 3178 ὲν
847 3125 1057 3195 Κυρίῳ.
1101 3125 1209 3182 Ναὶ
1235 3128 1426 3204 ἐρωτῶ
1451 3131 1545 3184 καὶ
1582 3133 1664 3192 σὲ.
1703 3131 1904 3206 σύζυγε

309 3215 529 3285 γνήσιε,
563 3214 948 3285 συλλαμϐάνοι)
979 3215 1188 3281 αὐταῖς,
1230 3217 1434 3282 αἵτινες
1463 3221 1525 3278 ,ἐν
1555 3219 1634 3291 τῷ
1663 3223 1908 3290 Εὐαγγεο

309 3303 410 3376 λίῳ
448 3305 801 3376 συνήθλησάν
839 3324 949 3376 μοι,
985 3307 1126 3377 μετὰ
1161 3309 1258 3362 καὶ
1303 3309 1639 3380 Κλήμεντος,
1673 3314 1766 3372 καὶ
1794 3315 1904 3368 τῶν

308 3395 519 3450 λοιπῶν
552 3398 834 3468 συνεργῶν
870 3415 996 3468 μου.

385 3485 577 3543 Εἰπὼν
623 3488 682 3539 ὲν
722 3486 800 3558 τῷ
833 3489 1051 3560 καθόλῳ
1081 3491 1446 3562 παράκλησιν,
1489 3495 1583 3548 καὶ
1614 3498 1733 3549 κατ’
1764 3493 1904 3562 εἶδος

305 3577 487 3649 αὐτὴν
517 3579 822 3651 προσφέρει
851 3583 943 3635 ἐπὶ
970 3584 1081 3635 τῶν
1109 3583 1314 3652 ὲξόχων
1352 3586 1410 3642 ὲν
1454 3589 1519 3657 τῇ
1553 3588 1735 3643 πίστει
1758 3605 1770 3620 ⁸
1807 3590 1904 3646 καὶ

303 3667 475 3722 τοῦτο
497 3670 663 3740 δῆλον
695 3671 760 3725 ὲκ
791 3671 886 3726 τοῦ
917 3673 1237 3741 ἐπενεγκεῖν
1261 3677 1432 3734 ,αὐτόν
1460 3695 1472 3708 ·
1499 3681 1728 3747 Οἵτινες
1757 3697 1905 3736 συν-

304 3759 604 3830 ἤθλησάν
637 3779 740 3830 μοι
767 3762 839 3816 ἐν
881 3763 963 3832 τῷ
985 3765 1354 3834 Edunt-Ilio).

383 3853 551 3917 Τινὲς
598 3854 698 3924 τὴν
729 3855 966 3921 γυναῖκά
1014 3873 1178 3924 φασιν
1208 3860 1372 3919 αὑτοῦ
1425 3865 1769 3934 παρακαλεῖν
1817 3867 1905 3920 ὲν-

299 3943 515 3998 ταῦοα.
562 3945 706 4000 Ἀλλ’
741 3945 844 4002 οὐκ
895 3945 1064 4007 ἔστιν.
1095 3948 1236 4006 ἀλλά
1263 3968 1389 4009 ,τινα
1436 3957 1690 4024 γυναῖκα,
1727 3956 1758 4027 ἢ
1810 3957 1902 4028 καὶ

300 4036 489 4105 ἄνδρα
523 4037 660 4105 μιᾶς
692 4036 893 4092 αὐτῶν.

393 4147 414 4179 ι
467 4121 571 4179 Ὧν
603 4127 674 4180 τὰ
703 4129 946 4199 ὀνόματα
978 4132 1038 4184 ἐν
1067 4130 1237 4202 βίϐλῳ
1269 4133 1434 4205 ζῳῆς.
1487 4155 1507 4188 ι

382 4217 564 4271 Τοῦτο
613 4218 835 4289 εἴρηκεν
883 4220 948 4273 ἐκ
981 4220 1075 4274 τοῦ
1131 4223 1338 4293 Κυρίου
1387 4225 1610 4296 μαθώνο
1660 4228 1904 4297 Χαίρετε

297 4310 449 4378 γὰρ,
490 4308 683 4378 φησιν,
723 4309 811 4362 ὅτι
835 4310 906 4366 τὰ
930 4312 1191 4381 ὀνόματα
1226 4313 1396 4383 ὑμῶν
1421 4317 1813 4388 ἐγγέγραπται
1833 4321 1904 4374 ἐν

300 4399 442 4463 τοῖς
491 4397 793 4465 οὐρανοῖς.

388 4510 410 4542 ι
463 4490 707 4562 Χαίρετε
731 4492 790 4545 ὲν
818 4492 1013 4564 Κυρίῳ
1043 4493 1297 4552 πάντοτε.
1350 4515 1371 4549 ι

380 4583 513 4636 Κᾶν
556 4583 614 4634 ὲν
639 4581 1101 4656 δεσμοῖς,,φησὶν.
1135 4587 1373 4658 ἀκούητε
1416 4589 1511 4649 τὸν
1551 4591 1900 4662 διδάσκαλον,
1931 4569 1934 4576 Ι

301 4673 418 4728 κᾶν
443 4673 504 4725 ὲν
539 4665 814 4742 μάστιξιν,
847 4675 950 4734 κᾶν
981 4677 1040 4731 ἑν
1059 4677 1220 4749 ,αὑτῷ
1247 4678 1482 4752 Θανάτῳ,
1516 4683 1616 4738 καὶ
1641 4684 1703 4738 οὐ
1738 4687 1902 4756 μόνον

299 4766 408 4818 ἐπὶ
443 4763 558 4817 τῶν
593 4764 936 4825 διδασκάλων
962 4769 1062 4835 δεῖ,
1093 4769 1231 4826 ἀλλὰ
1268 4772 1363 4826 καὶ
1392 4773 1548 4833 αὐτοὶ
1592 4774 1765 4835 ταῦτα
1811 4777 1901 4831 διὰ

302 4853 559 4924 Χριστὸν
595 4853 924 4924 πάσχοιμεν.

390 4959 414 4992 α
463 4941 635 4997 Πάλιν
656 4941 788 5011 δρῶ,
809 4944 1066 5015 Χαίρετε,
1083 4947 1144 5002 τὸ
1159 4950 1400 5016 ἐπιεικὲς
1425 4952 1578 5024 ὑμῶν
1603 4955 1902 5028 γνωσθήτω

304 5019 489 5087 ’πᾶσιν
516 5032 847 5103 ἀνθρώποις.
890 5055 912 5091 ι

385 5123 698 5192 Μονονουχὶ
737 5125 1174 5202 διαμαρτύρεται
1207 5136 1414 5202 αὐτοῖς,
1441 5135 1517 5201 ὡς
1559 5137 1620 5191 οὐ
1658 5138 1740 5192 δετ
1765 5139 1900 5194 ἀθυ-

299 5216 467 5284 μεῖν,
503 5213 646 5268 ἀλλὰ
678 5217 911 5288 χαίρειν.

389 5325 411 5358 ε
480 5305 539 5362 '0
567 5306 778 5378 Κύριος
806 5309 1010 5379 ἐγγύς’
1045 5315 1215 5386 μηδὲν
1247 5322 1574 5391 μεριμνᾶτε·
1629 5340 1647 5375 ι

382 5485 478 5556 Μὴ
517 5483 837 5556 θορυδείτω,
873 5494 1062 5562 φησὶν,
1098 5495 1246 5567 ὑμᾶς
1289 5499 1355 5553 τὰ
1390 5502 1509 5555 κατ’
1539 5501 1660 5573 ὲμέ.
1709 5501 1765 5555 '0
1794 5502 1903 5574 γὰρ

301 5579 525 5652 Κύριός
564 5596 658 5649 μοι
688 5581 979 5652 παρέσται.

360 5755 413 5788 ⁸³
452 5753 650 5810 Matth.
686 5772 741 5815 ν.
771 5757 857 5814 12.

2010 1931 2376 2002 conformatio
2409 1946 2536 2000 cum
2573 1945 2804 2004 corpore
2845 1931 3034 2010 gloriae
3057 1930 3292 1986 Christi.
3325 1931 3414 1984 Ait
3457 1943 3584 1983 vero

2011 2023 2345 2092 reformab‘it,
2389 2025 2494 2080 hoc
2543 2032 2653 2089 est,
2684 2039 2916 2094 corpora
2955 2033 3148 2082 nostra
3179 2024 3439 2078 Christus
3471 2021 3585 2090 glo-

2010 2115 2090 2170 ria
2123 2116 2343 2180 vestiet,
2401 2129 2525 2171 cum
2583 2115 2638 2170 id
2687 2115 2873 2172 facere
2919 2115 3116 2186 possit,
3157 2126 3211 2171 ct
3260 2115 3445 2172 omnia
3477 2113 3582 2168 sibi

2009 2205 2228 2262 subdita
2257 2205 2478 2263 habeat.
2517 2205 2659 2262 Illud
2691 2221 2847 2272 vero,
2884 2214 2935 2260 et
2967 2207 3146 2276 gloria
3182 2206 3236 2260 in
3277 2205 3584 2273 confusione

2010 2298 2268 2365 ipsorum,
2328 2300 2434 2364 hoc
2485 2299 2764 2369 signiﬁcat
2823 2313 2922 2356 eos
2971 2299 3258 2368 superbire
3291 2299 3343 2352 in
3383 2297 3583 2367 quibus

2005 2389 2333 2445 erubescere
2368 2388 2650 2448 deberent.
2683 2391 2819 2448 Nam
2846 2402 3192 2461 quaecunque
3231 2390 3302 2446 ad
3334 2398 3582 2446 ventrem

2007 2487 2281 2552 spectant,
2310 2481 2592 2551 turpitudo
2619 2490 2674 2537 et
2702 2476 3020 2552 corruptela
3047 2490 3198 2538 sunt.

2084 2596 2102 2628 ‹
2141 2576 2232 2630 Sic
2266 2582 2410 2633 state
2435 2575 2490 2628 in
2526 2573 2784 2641 Domino,
2820 2575 3158 2640 charissimi.
3201 2595 3224 2628 ι.

2078 2667 2188 2723 Sic.
2226 2665 2556 2733 Quomodo?
2584 2667 2740 2722 velut
2781 2672 3176 2735 exspectantes
3204 2682 3234 2722 e
3261 2669 3418 2722 ctelis
3455 2669 3584 2724 Sal-

2006 2767 2256 2812 vatorem
2290 2764 2543 2812 nostrum
2595 2756 2891 2812 Dominum
2940 2754 3150 2811 Iesum.
3184 2754 3448 2812 Coronam
3480 2773 3584 2810 au-

2007 2857 2116 2905 tem
2145 2849 2457 2920 discipulos
2508 2862 2641 2904 suos
2678 2841 3132 2918 vocatfquippc
3182 2863 3416 2918 quorum
3452 2865 3580 2920 erga

2005 2939 2456 3010 praedicationem
2502 2941 2735 2994 attentio
2783 2954 3022 3002 coronas
3055 2941 3165 3012 ipsi
3197 2942 3577 3011 praeparabat.

2080 3030 2240 3104 203
2280 3029 2452 3086 Vsus.
2472 3032 2528 3094 ‘2,
2563 3032 2618 3085 5.
2651 3049 2670 3081 ι
2704 3029 2969 3086 Evodiam
2991 3046 3145 3102 rogo,
3175 3041 3229 3087 et
3261 3031 3582 3104 Syntycben

2008 3121 2300 3194 deprecor,
2345 3121 2584 3190 idipsum
2618 3135 2814 3191 sapere
2855 3123 2910 3176 in
2946 3122 3198 3178 Domino.
3238 3123 3415 3178 Etiam
3447 3139 3583 3195 rogo

2007 3223 2061 3269 et
2087 3221 2162 3279 te,
2196 3227 2456 3283 germane
2504 3227 2755 3283 compar,
2814 3214 3018 3284 adjuva
3065 3230 3164 3271 eas
3203 3232 3324 3286 qua:
3363 3232 3584 3272 mecum

2009 3304 2062 3358 in
2093 3303 2395 3382 Evangelio
2453 3304 2866 3371 laboraverunt,
2903 3314 2956 3361 ct
3005 3321 3132 3360 cum
3181 3306 3488 3374 Clemente,
3526 3316 3582 3362 et

2005 3395 2218 3454 caeteris
2251 3396 2604 3476 adiutoribus
2637 3397 2792 3458 meis.
2819 3415 2837 3447 ι

2077 3487 2216 3556 Quia
2263 3489 2358 3546 ubi
2417 3489 2725 3559 generatim
2782 3488 3001 3544 locutus
3052 3497 3156 3555 est,
3226 3491 3576 3562 rogationem

2006 3580 2167 3648 dixit,
2200 3581 2342 3638 hanc
2390 3596 2539 3636 nunc
2590 3596 2814 3652 quoque
2858 3583 3152 3653 speciatim
3190 3583 3256 3637 ad
3281 3598 3379 3646 eos
3415 3583 3579 3639 habet

2004 3672 2104 3744 qui
2133 3671 2242 3727 ﬁde
2275 3673 2470 3727 eximii
2501 3682 2660 3728 erant
2690 3691 2704 3727 :
2759 3673 2979 3744 hocque
3015 3673 3371 3730 manifestum
3403 3674 3483 3742 ﬁt,
3512 3689 3579 3731 eo

2005 3761 2156 3836 quod
2193 3761 2520 3832 subiungat,
2547 3763 2636 3833 qui
2664 3779 2864 3816 mecum
2896 3763 3293 3818 laboraverunt.

2073 3853 2341 3910 Nonnulli
2371 3855 2531 3912 aiunt
2567 3869 2797 3911 uxorem
2838 3855 2964 3924 ejus
3012 3871 3157 3923 esse,
3203 3869 3370 3925 quam
3419 3855 3584 3911 obse-

2006 3954 2148 4003 cret.
2185 3946 2391 4004 Verum
2436 3947 2541 4002 hoc
2586 3945 2786 4002 falsum
2835 3953 2924 4004 est
2958 3966 2970 4003 :
3021 3947 3119 4004 sed
3150 3947 3447 4005 mulierem
3475 3948 3584 4002 ali-

2003 4055 2191 4114 quam,
2224 4049 2318 4096 aut
2346 4041 2522 4096 virum
2553 4040 2788 4110 alicujus
2821 4041 3045 4098 illarum
3075 4042 3399 4112 alloquitur.

2080 4156 2098 4190 ι
2134 4136 2381 4204 Quorum
2415 4137 2643 4204 nomina
2668 4144 2799 4196 sunt
2828 4138 2886 4192 in
2927 4137 3072 4196 libro
3106 4139 3254 4194 vitae.
3292 4158 3312 4192 ι

2075 4229 2191 4287 Hoc
2215 4231 2378 4295 dixit,
2416 4229 2649 4302 edoctus
2679 4246 2712 4286 a
2761 4230 3010 4300 Christo,
3041 4232 3137 4302 qui
3178 4231 3299 4286 ait:
3344 4232 3579 4289 Gaudete

2003 4324 2252 4392 quoniam
2285 4323 2500 4377 nomina
2530 4331 2705 4376 vestra
2733 4323 2935 4390 scripta
2967 4331 3088 4377 sunt
3122 4323 3177 4378 in
3209 4324 3350 4381 culis
3382 4325 3448 4380 “.

1925 4511 1978 4572 υ
2080 4499 2249 4556 Vsus.
2275 4500 2330 4566 4,
2361 4500 2444 4558 5.:
2476 4499 2720 4557 Gaudete
2753 4500 2809 4554 in
2838 4497 3068 4556 Domino
3095 4515 3336 4572 semper.
3371 4520 3390 4553 ι

2076 4591 2323 4650 Tametsi
2355 4592 2705 4668 magistrum,
2739 4592 2946 4663 inquit,
2977 4593 3288 4663 constringi
3319 4593 3580 4657 vinculis,

2011 4686 2235 4743 tametsi
2280 4683 2465 4758 ﬂagris
2491 4684 2798 4751 verberari,
2826 4684 3045 4741 tametsi
3081 4684 3320 4740 tolerare
3347 4693 3578 4740 mortem

2006 4777 2284 4845 audiatis;
2316 4777 2426 4834 imo
2453 4776 2708 4847 quamvis
2740 4791 2849 4834 non
2882 4775 3059 4833 solum
3085 4776 3358 4846 magistri,
3390 4792 3577 4830 verum

2006 4879 2064 4926 et
2093 4887 2196 4927 nos
2223 4871 2333 4944 ipsi
2365 4872 2561 4928 eadem
2585 4870 2798 4928 Christi
2830 4886 2999 4928 causa
3027 4880 3365 4941 pateremur.

2084 4978 2103 5010 ι
2137 4959 2344 5018 lterum
2386 4961 2536 5027 dico,
2555 4962 2811 5034 gaudete.
2843 4961 3107 5020 Hodcstia
3143 4971 3325 5018 vestra
3357 4972 3486 5018 nota
3510 4963 3584 5018 sit

2005 5052 2271 5109 omnibus
2308 5053 2654 5110 hominibus.
2691 5073 2710 5106 ι

2078 5140 2200 5198 Non
2232 5143 2415 5198 solum
2447 5145 2763 5210 obtestatur
2793 5159 2890 5202 eos
2924 5161 2995 5204 ne
3032 5145 3414 5217 despondeant
3460 5145 3583 5202 ani-

2005 5246 2182 5294 mum,
2227 5231 2323 5288 sed
2348 5233 2517 5290 etiam
2551 5244 2610 5290 ut
2631 5236 2930 5307 gaudeant.

2083 5340 2102 5373 ε
2142 5321 2414 5379 Dominus
2465 5340 2638 5397 prope
2685 5335 2792 5384 est.
2820 5325 3011 5398 [νεεδ.
3046 5327 3103 5396 ϐ,
3149 5330 3228 5402 7.]
3263 5329 3409 5385 Nihil
3437 5329 3584 5384 solli-

1999 5412 2098 5467 citi
2131 5412 2277 5468 sitis.
2318 5433 2339 5466 ι

2076 5503 2196 5560 Non
2224 5520 2326 5562 vos
2353 5506 2604 5574 turbent,
2642 5509 2850 5578 inquit,
2881 5526 3008 5582 qua:
3057 5511 3194 5570 mihi
3230 5511 3580 5570 acciderunt.

2004 5594 2194 5652 Aderit
2228 5595 2433 5666 quippe
2463 5595 2599 5651 mihi
2630 5596 2922 5655 Dominus.
