4048 6398
414 354 517 424 879

1569 364 1628 424 S.
1664 363 1984 425 JOANNIS
2019 365 2444 430 DAMASCENI

3560 377 3670 443 880

487 489 506 521 ι
543 469 651 525 Sed
702 470 755 524 iu
789 469 939 524 omni
986 470 1240 526 oratione
1291 478 1340 525 et
1387 472 1795 535 obsecratione,
1857 487 1982 527 cum

2162 490 2179 523 ι
2247 475 2386 528 Ἀλλ’
2420 479 2478 530 ὲν
2522 477 2681 530 παντὶ
2734 479 2799 549 τῇ
2858 482 3160 551 προσευχῇ,
3218 483 3312 535 καὶ
3360 485 3428 554 τῇ
3481 484 3667 556 δεήσει

411 562 709 632 gratiarum
770 563 1015 626 actione,
1049 563 1348 634 petitiones
1379 574 1580 621 vestra:
1630 566 1987 620 innotescant

409 654 552 722 apud
580 653 791 707 Deum:
842 662 898 709 et
935 668 1042 725 pax
1096 657 1189 712 Dei
1233 671 1357 728 quae
1411 667 1712 728 exsuperat
1760 673 1982 714 omnem

407 760 656 799 εοιιευιη.
701 763 720 796 ι

476 834 752 901 Quoniam
786 836 928 892 nihil
958 853 1056 894 eos
1090 840 1367 898 sollicitos
1417 857 1543 898 esse
1583 841 1786 900 debere
1825 842 1984 899 dixe-

407 936 511 989 rat,
549 942 618 982 ne
648 928 1011 986 conciderent
1061 931 1269 996 animo,
1321 933 1707 990 existimantes
1761 934 1866 990 hoc
1893 949 1987 1006 ge-

407 1019 646 1081 neraljm
679 1034 708 1073 a
734 1035 794 1076 se
823 1022 1270 1090 pronuntiatum,
1307 1039 1428 1079 eam
1457 1025 1527 1079 ob
1555 1041 1672 1081 rem
1711 1025 1789 1080 ait
1815 1045 1827 1081 :
1866 1025 1984 1082 Mo-

406 1108 500 1161 nui
532 1123 629 1162 vos
660 1124 728 1164 ne
769 1110 997 1165 solliciti
1048 1112 1176 1168 sitis
1225 1114 1297 1168 oh
1325 1115 1544 1170 vincula
1591 1115 1798 1187 quibus
1845 1115 1986 1172 deti-

406 1211 568 1263 ueor,
601 1205 868 1268 tanquam
904 1199 1116 1270 aliquid
1151 1201 1351 1258 exinde
1391 1203 1602 1259 doloris
1650 1205 1851 1274 patiar.
1879 1203 1984 1262 Ne-

407 1303 688 1358 quaquam
719 1290 866 1345 cnim
904 1289 1021 1346 haec
1064 1292 1197 1347 mihi
1238 1293 1475 1350 molesta
1528 1303 1660 1351 sunt
1687 1304 1742 1352 et
1771 1296 1981 1367 gravia.

407 1373 611 1434 Verum
641 1388 879 1450 oportet,
913 1382 1120 1454 inquit,
1157 1392 1217 1438 ut
1255 1385 1492 1440 orationi
1523 1394 1579 1441 et
1607 1385 1980 1442 obsecrationi

355 1516 374 1538 ,
407 1470 555 1540 apud
613 1469 783 1527 Deum
839 1473 1162 1545 diligentius
1217 1477 1419 1532 intenti
1464 1478 1611 1535 sitis.
1660 1477 1794 1532 Nam
1853 1494 1981 1534 cum

408 1561 711 1630 gratiarum
775 1563 1090 1621 actionibus
1156 1567 1476 1624 exorandus
1535 1567 1680 1624 Deus
1722 1578 1831 1634 est,
1875 1585 1980 1624 non

405 1651 619 1720 dejecto
648 1653 1001 1722 torpentique
1026 1653 1238 1710 animo.

481 1761 498 1794 ι
533 1741 823 1798 Custodiet
873 1745 1044 1799 corda
1102 1752 1292 1803 vestra
1328 1755 1384 1803 et
1446 1747 1839 1820 intelligentiae
1886 1766 1979 1807 ve-

405 1842 550 1889 stras
576 1832 630 1887 in
667 1833 893 1891 Christo
923 1833 1078 1893 Iesu.
1121 1856 1139 1890 ι

474 1923 675 1978 Iterum
726 1933 1004 1994 precatur,
1069 1933 1130 1982 ut
1195 1927 1453 1986 eamdem
1507 1927 1668 1986 [idem
1740 1937 1980 1986 teneant.

404 2009 520 2067 lloc
552 2021 639 2070 est
670 2015 844 2080 enim,
876 2015 1053 2071 corda
1089 2023 1146 2072 et
1187 2016 1593 2090 intelligentiae
1631 2021 1880 2090 ipsorum
1927 2022 1984 2077 in

400 2104 628 2162 Christo
658 2107 886 2163 muniri.

472 2197 642 2256 Vens.
678 2198 732 2266 8,
761 2199 842 2255 9.x
879 2218 899 2254 ι
938 2201 1014 2258 De
1064 2209 1288 2269 caetero,
1344 2201 1572 2269 fratres,
1633 2219 1984 2275 quaecunque

401 2299 536 2347 sunt
567 2307 726 2360 vera,
774 2308 1130 2365 quaecunque
1167 2293 1387 2365 pudica,
1436 2310 1782 2367 quaecunque
1805 2297 1981 2366 justa,

401 2399 745 2455 quaecunque
766 2393 1306 2456 casta,qumcunque
1329 2387 1612 2453 amabilia,
1643 2403 1984 2458 quaecunque

402 2475 561 2528 bona:
597 2474 790 2542 famae;
817 2475 865 2531 si
899 2490 1007 2546 qua
1035 2476 1234 2540 virtus,
1262 2477 1306 2532 si
1346 2491 1453 2546 qua
1488 2477 1610 2533 laus
1646 2477 1980 2549 disciplinas,

402 2567 518 2622 haec
551 2566 812 2637 cogitate.
854 2565 991 2635 Qua;
1040 2575 1096 2624 et
1142 2567 1446 2635 didicistis,
1489 2577 1546 2624 et
1579 2571 1900 2642 accepistis,
1926 2579 1984 2629 et

400 2656 657 2712 audistis.
696 2677 714 2710 ι

475 2751 774 2822 Apostolus
831 2766 934 2809 nos
984 2753 1148 2810 docet
1214 2755 1376 2812 tidem
1429 2755 1485 2811 in
1538 2756 1818 2814 Christum
1857 2771 1983 2813 esse

397 2851 561 2912 caput
588 2843 769 2900 omnis
801 2844 933 2900 boni
971 2847 1118 2916 quod
1162 2847 1321 2904 nobis
1370 2849 1610 2913 accidat,
1662 2857 1974 2919 caeteraque

398 2933 669 2988 virtutum
729 2933 980 2991 facinora
1033 2937 1190 2992 velut
1241 2940 1497 3008 exiguum
1547 2939 1828 3010 quoddam
1853 2954 1982 3009 erga

400 3023 548 3078 illam
585 3024 878 3082 exsistere.
921 3025 1164 3084 Perinde
1211 3037 1297 3085 est
1333 3029 1502 3097 igitur
1531 3044 1596 3086 ac
1624 3031 1670 3088 si
1721 3030 1934 3087 diceret
1964 3050 1978 3087 :

2092 570 2230 636 μετὰ
2278 568 2630 640 εὐχαριστίας
2680 573 2749 625 τὰ
2795 572 3072 643 αἰτήματα
3119 573 3272 644 ὑμῶν
3313 576 3665 646 γνωριζέσθω

2089 655 2227 726 πρὸς
2254 657 2346 712 τὸν
2374 658 2506 714 Θεόν
2525 676 2538 689 ·
2587 663 2682 714 καὶ
2715 663 2904 734 εἰρήνη
2935 660 3030 716 τοῦ
3071 662 3204 716 Θεοῦ
3235 666 3267 735 ἡ
3317 664 3665 736 ὑπερέχουσα

2088 747 2270 802 πάντα
2305 747 2449 805 νοῦν.
2503 769 2522 803 ι

2170 840 2387 911 Ἐπειδὴ
2443 843 2610 913 μηδὲν
2665 846 2937 916 μεριμνᾷν
2989 845 3173 909 αὐτοῖς
3215 837 3396 911 εἶπεν,
3451 846 3540 900 ἵνα
3587 847 3666 918 μὴ

2088 929 2426 996 ἀναπέσωσι,
2456 933 2779 1004 νομίσαντες
2819 936 2985 990 αὐτὸν
3028 937 3088 991 έν
3137 935 3216 1008 τῷ
3245 936 3476 990 καθόλου
3506 937 3666 990 τοῦτο

2087 1024 2501 1094 ἀποφήνασθαιο
2540 1027 2744 1081 Τούτου
2793 1027 2976 1099 χάριν,
3009 1029 3195 1099 φησὶν,
3249 1023 3403 1082 εἷπον
3449 1027 3526 1099 μὴ
3564 1045 3666 1100 με-

2091 1118 2287 1188 ριμνᾷν
2329 1119 2388 1172 ὲν
2433 1122 2547 1184 τοῖς
2603 1120 2734 1192 περὶ
2788 1119 2925 1192 ἐμοῦ
2968 1121 3208 1192 δεσμοῖς,
3262 1120 3339 1184 ὡς
3387 1119 3561 1173 δεινόν
3609 1136 3666 1173 τι

2085 1207 2390 1277 πάσχοντος
2423 1209 2482 1276 ἐξ
2513 1209 2716 1264 αὐτῶν.
2748 1210 2823 1264 Οὐ
2863 1209 2974 1282 γάρ
3021 1211 3130 1264 είσι
3169 1211 3352 1266 δεινά·
3393 1209 3530 1264 ἀλλὰ
3567 1227 3667 1279 με-

2087 1299 2338 1369 ριμνᾶτε,
2389 1302 2576 1370 φησὶν,
2608 1303 2668 1356 εν
2695 1304 2762 1372 τῇ
2794 1304 3092 1374 προσευχῇ,
3137 1301 3234 1356 καὶ
3269 1305 3338 1374 τῇ
3378 1303 3562 1375 δεήσει
3590 1304 3660 1371 τῇ

2085 1390 2222 1460 πρὸς
2272 1392 2364 1446 τὸν
2407 1393 2561 1448 Θεόν.
2617 1394 2797 1448 Αίτεῖν
2827 1394 2936 1465 γὰρ
2984 1394 3076 1450 τὸν
3118 1395 3251 1448 Θεὸν
3286 1396 3387 1459 δεῖ,
3433 1396 3660 1465 εὔχαρις

2085 1480 2364 1548 στοῦντας,
2395 1484 2495 1537 οὐκ
2524 1483 2892 1550 ἀθυμοῦντας,
2927 1485 3050 1540 οὐδὲ
3081 1485 3446 1556 άκηδιῶντας.

2159 1765 2179 1798 ι
2231 1747 2540 1819 Φρουρήσει
2576 1747 2676 1809 τὰς
2705 1745 2932 1816 καρδίας
2956 1744 3132 1817 ὑμῶν,
3173 1745 3271 1800 καὶ
3311 1742 3383 1799 τὰ
3408 1744 3659 1818 νοήματα

2013 1823 2056 1880 Β
2085 1834 2243 1906 ὑμῶν
2273 1836 2332 1889 ἑν
2361 1833 2583 1906 Χριστῷ
2621 1833 2815 1908 Ἰησοῦ.
2859 1854 2879 1887 ι

2155 1927 2328 1983 Πάλιν
2379 1928 2568 1992 αὐτοῖς
2601 1927 2664 1982 τὺ
2705 1928 3004 1999 δμόπιστον
3048 1926 3292 1998 εὔχεται.
3344 1925 3518 1996 τοῦτο
3547 1925 3663 1995 γάρ

2083 2021 2198 2074 ἐστι
2244 2021 2308 2074 τδ
2353 2021 2729 2092 φρουρηθῆναι
2778 2021 2880 2085 τὰς
2927 2022 3156 2094 καρδίας
3207 2019 3410 2086 αὐτῶν,
3445 2021 3542 2074 καὶ
3587 2019 3659 2071 τὰ

2081 2112 2330 2183 νοήματα
2367 2113 2427 2166 έν
2454 2112 2697 2184 Χριστῷ.

2157 2223 2178 2257 ι
2216 2204 2292 2258 Τὸ
2319 2203 2525 2271 λοιπὸν,
2543 2205 2784 2275 ἀδελφοὶ,
2807 2206 2908 2260 ὅσα
2927 2207 3078 2261 ἐστὶν
3105 2206 3304 2278 ἀληθῆ,
3335 2206 3436 2261 ὅσα
3460 2203 3660 2276 σεμνὰ,

2081 2295 2184 2349 ὅσα
2213 2295 2420 2362 δίκαια,
2451 2297 2553 2352 ὃσα
2584 2297 2747 2365 ἁγνὰ,
2781 2298 2884 2352 ὅσα
2921 2297 3217 2368 προσφιλῆ,
3266 2298 3367 2351 ὅσα
3413 2295 3663 2366 εῦφημα,

2083 2389 2137 2442 εί
2156 2407 2240 2453 τις
2265 2388 2458 2461 ἀρετὴ,
2491 2391 2588 2444 καὶ
2613 2390 2668 2444 εί
2694 2407 2778 2455 τις
2813 2390 3055 2456 ἔπαινος,
3080 2391 3256 2446 ταῦτα
3280 2389 3584 2460 λογίζεσθε,
3625 2387 3663 2444 ἃ

2083 2481 2178 2536 καὶ
2209 2480 2466 2551 ἐμάθετε,
2497 2481 2594 2536 καὶ⁵
2634 2481 3001 2555 παρελάϐετε,
3034 2481 3130 2536 καὶ
3157 2479 3452 2553 Modone.
3492 2497 3515 2534 ι

2168 2745 2438 2812 Ἐδίδαξεν
2468 2747 2616 2818 ἡμᾶς
2642 2749 2673 2801 δ
2700 2744 3068 2812 .⁹Δπόστολος,
3092 2745 3169 2811 ὡς
3200 2745 3413 2818 κεφαλὴ
3457 2747 3662 2812 παντὸς

2082 2840 2218 2911 ἡμῖν
2247 2837 2454 2908 ἀγαθοῦ
2505 2841 2541 2910 ὴ
2589 2837 2794 2904 πίστις,
2840 2839 2875 2910 ἡ
2907 2840 2988 2903 είς
3021 2836 3114 2892 τὸν
3159 2837 3417 2910 Χριστὸν,
3451 2837 3546 2892 καὶ
3584 2838 3663 2902 ὡς

2083 2931 2262 2987 πάντα
2306 2930 2376 2986 τὰ
2422 2930 2559 3002 ἔργα
2599 2929 2670 2985 τὰ
2715 2929 2840 2985 κατ’
2868 2929 3093 3002 ἀρετὴν,
3137 2929 3215 2993 ὡς
3265 2929 3432 3001 μέρος
3471 2946 3527 2982 τι
3574 2919 3682 2999 μι-⁵

2084 3020 2218 3092 κρὸν
2266 3020 2390 3075 κατ’
2433 3021 2651 3092 ἐκείνην
2696 3021 2855 3076 εἰσίν.
2892 3023 3116 3092 Ὅμοιον
3161 3019 3255 3076 οῦν
3301 3021 3436 3076 ὡσεὶ
3471 3021 3660 3090 λέγοι·

401 3115 599 3170 habete
655 3113 838 3180 tidem,
895 3131 1060 3187 quam
1095 3117 1149 3172 in
1184 3118 1343 3175 vobis
1373 3121 1710 3177 incolumem
1770 3123 1977 3178 servari

2089 3113 2282 3184 Ἔχετε
2308 3112 2408 3184 τὴν
2439 3112 2644 3179 πίστιν,
2665 3114 2732 3184 ἥν
2760 3115 2856 3167 καὶ
2879 3114 3241 3184 φυλάττεσθαι
3271 3117 3330 3167 ὲν
3360 3114 3489 3184 ὑμῖν
3512 3113 3666 3184 εὖχο-

401 3219 618 3274 prccor.
656 3206 925 3278 Superest
965 3218 1152 3265 autem
1186 3219 1246 3266 ut
1277 3211 1446 3267 vitam
1481 3211 1552 3267 ad
1598 3213 1822 3270 virtutis
1851 3229 1980 3270 nor-

323 3360 331 3374 ,
399 3313 544 3352 mam
589 3299 924 3366 instituatis,
967 3315 1134 3372 quam
1176 3303 1346 3358 etiam
1388 3306 1584 3359 hortor
1614 3319 1713 3360 vos
1745 3313 1807 3360 ut
1840 3307 1982 3361 arri-

399 3390 593 3461 piatis.
626 3391 716 3446 Ait
743 3392 954 3464 itaque,
987 3393 1052 3448 de
1085 3401 1301 3459 cetera,
1339 3410 1450 3451 non
1497 3397 1646 3467 quod
1673 3412 1871 3468 parum
1906 3398 1983 3455 sit

397 3485 532 3538 dare
585 3499 807 3556 operam
867 3484 1062 3540 virtuti
1123 3487 1262 3557 (hoc
1309 3487 1457 3545 enim
1519 3503 1780 3559 magnum
1831 3489 1978 3562 est),

399 3573 562 3645 204
592 3575 688 3630 sed
721 3575 851 3645 quia
875 3578 1290 3646 comparatione
1340 3577 1464 3632 ﬁdei
1505 3592 1733 3649 parvum
1775 3587 1882 3646 est,
1917 3595 1981 3636 ac

398 3667 548 3718 velut
605 3667 906 3736 appendix.
971 3666 1136 3723 Fides
1193 3668 1471 3738 siquidem
1554 3669 1977 3726 fundamentum

407 3758 671 3826 hasisque
697 3766 755 3812 et
783 3765 1031 3812 tutamen
1087 3769 1194 3821 est,
1228 3759 1353 3815 sine
1377 3775 1487 3828 qua
1521 3760 1663 3814 nihil
1693 3760 1978 3830 quidpiam

399 3849 580 3916 possit
610 3847 865 3903 exstrui:
898 3849 1104 3920 quippe
1144 3865 1271 3905 cum
1332 3851 1542 3922 absque
1601 3851 1978 3908 fundamentis

399 3939 614 3993 nullum
650 3939 967 4007 aedilicium,
1011 3940 1274 4011 nullaque
1306 3941 1503 4000 domus
1551 3944 1846 4000 consistat.
1885 3942 1977 3998 Fi-

398 4029 498 4086 des
562 4045 696 4100 ergo
749 4028 1239 4087 fundamentorum
1287 4032 1470 4088 instar
1529 4042 1641 4100 est,
1695 4037 1979 4107 totiusque

398 4123 596 4180 domus
621 4129 962 4180 structurae:
1020 4124 1271 4182 actiones
1305 4139 1440 4182 vero
1473 4127 1770 4192 virtutum,
1823 4135 1974 4184 tecto

397 4214 610 4271 similes
650 4222 801 4280 sunt,
855 4230 968 4286 quo
1019 4216 1313 4273 aediﬁcium
1365 4231 1530 4277 omne
1585 4219 1884 4289 clauditur,
1921 4227 1979 4276 et

395 4303 565 4361 veluti
605 4311 923 4359 mronatur.

463 4413 483 4446 ι
528 4395 596 4449 Et
621 4392 842 4452 vidistis
871 4396 927 4452 in
971 4412 1078 4453 me.
1119 4416 1138 4450 ›

467 4485 608 4554 Quia
657 4487 872 4543 monuit
913 4503 1012 4546 eos
1062 4496 1123 4543 ut
1162 4489 1522 4560 multiplicem
1565 4490 1826 4546 virtutem
1862 4506 1978 4547 am—
2009 4503 2056 4561 ι)

398 4579 776 4649 plexarcntur,
846 4581 1202 4636 veracitatem
1289 4580 1575 4646 nimirum,
1651 4583 1978 4652 gravitatem

400 4685 636 4737 morum,
667 4669 962 4740 justitiam,
997 4671 1330 4738 castitatem,
1373 4670 1673 4728 fraternam
1721 4673 1978 4729 dilectio-

399 4778 547 4828 nem,
618 4762 1083 4829 benedicentiam,
1134 4770 1192 4819 et
1243 4766 1430 4818 omnia
1490 4763 1695 4835 quibus
1758 4772 1980 4820 constat

400 4857 596 4919 virtus,
649 4869 772 4924 quae
801 4853 1004 4908 famam
1058 4854 1257 4910 bonam
1291 4853 1564 4922 aﬂ‘erunt;
1606 4869 1732 4910 cum
1783 4856 1979 4910 horum

399 4944 648 4999 omnium
709 4944 985 5000 sollicitos
1064 4958 1189 4999 esse
1251 4945 1549 5011 monuerit,
1603 4960 1672 5000 ne
1727 4944 1982 5000 videatur

400 5034 608 5105 aliquid
661 5035 744 5090 eis
790 5035 972 5102 majus
1032 5035 1332 5105 praecipere
1361 5050 1527 5107 quam
1581 5035 1799 5105 assequi
1851 5050 1979 5106 pos-

398 5132 554 5191 sent,
583 5123 913 5179 adhortatur
936 5138 1037 5180 eos
1067 5131 1126 5178 ut
1149 5123 1217 5178 ad
1247 5126 1561 5196 exemplum
1594 5127 1678 5182 sui
1711 5126 1827 5180 haec
1856 5142 1982 5180 om-

403 5215 492 5271 nia
524 5223 790 5287 praastarc
819 5214 1100 5271 studeant.
1133 5215 1284 5272 Idem
1317 5218 1485 5289 igitur
1523 5226 1609 5274 est
1644 5232 1709 5272 ac
1750 5218 1795 5272 si
1827 5216 1980 5272 dice-

401 5314 534 5360 ret:
586 5303 666 5360 Ne
721 5303 1112 5374 despondeatis
1157 5307 1429 5373 animum,
1483 5315 1744 5377 tanquam
1807 5306 1980 5361 ardua

405 5403 676 5465 praecepta
712 5394 827 5450 sint
871 5401 926 5450 et
969 5394 1179 5466 majora
1212 5410 1377 5466 quam
1427 5404 1692 5467 praestare
1724 5395 1978 5451 valeatis.

403 5485 708 5540 Audivistis
733 5485 882 5540 enim
911 5486 1172 5542 universa
1200 5487 1320 5542 hac
1353 5502 1444 5544 me
1475 5488 1722 5544 coiuisse
1757 5507 1769 5543 :
1799 5502 1982 5558 neque

405 5579 583 5633 solum
617 5578 932 5645 audivistis,
967 5579 1062 5634 sed
1096 5587 1152 5635 et
1181 5580 1423 5637 vidistis.

475 5687 496 5722 ι
534 5667 660 5725 llaec
693 5669 858 5741 agite,
895 5679 946 5726 et
979 5668 1122 5725 Deus
1157 5671 1312 5742 pacis
1347 5674 1452 5728 erit
1494 5673 1801 5730 vobiscum.
1844 5692 1862 5725 ι

2088 3221 2206 3276 μαι.
2238 3204 2432 3259 Λείπει
2457 3205 2516 3259 δὲ
2542 3203 2624 3258 ἔτι
2653 3205 2782 3276 ὑμῖν
2809 3206 2842 3278 ὴ
2891 3209 3011 3261 κατ’
3045 3207 3249 3278 ἀρετὴν
3278 3205 3547 3271 πολιτεία,
3595 3201 3664 3276 ἦς

2086 3296 2183 3350 καὶ
2223 3296 2550 3368 ἀντέχεσθαι
2578 3299 2724 3369 ὑμᾶς
2764 3298 3036 3369 παραινῶ.
3090 3298 3162 3352 Τὸ
3197 3297 3415 3352 λοιπὸν
3443 3291 3538 3351 οὖν
3579 3296 3666 3349 λέ-

2085 3405 2171 3458 γε,
2219 3389 2320 3460 οὐχ
2361 3389 2442 3443 ὅτι
2486 3389 2684 3461 μικρὸν
2732 3390 2796 3444 τδ
2840 3391 2962 3445 κατ’
2988 3389 3192 3460 ἀρετὴν
3246 3389 3661 3444 πολιτεύεσθαιο

2089 3479 2235 3550 μέγα
2265 3480 2405 3551 γάρ·
2442 3480 2558 3534 ἀλλ’
2587 3481 2672 3534 δτι
2709 3480 2906 3552 μικρὸν
2951 3480 3027 3544 ὡς
3058 3481 3195 3552 πρὸς
3231 3481 3522 3552 σύγκρισιν
3564 3480 3668 3552 τῆς

2086 3569 2346 3634 πίστεως,
2397 3568 2491 3624 καὶ
2535 3569 2876 3640 περίλοιπον.
2929 3570 2989 3623 '0
3029 3570 3138 3641 γὰρ
3165 3569 3434 3640 θεμέλιος,
3483 3569 3580 3624 καὶ
3633 3569 3702 3637 ή-

2085 3660 2412 3732 άσφάλειαή
2441 3661 2625 3725 πίστις
2651 3662 2819 3728 ἐστὶν,
2859 3655 2929 3734 ἦς
2973 3662 3103 3716 ἄνευ
3147 3661 3212 3715 οὐ
3251 3659 3476 3714 δυνατὸν
3521 3661 3666 3713 οίκο-

2083 3750 2391 3821 δομηθῆναί
2419 3769 2492 3806 τι.
2536 3751 2691 3808 Ἐπεὶ
2717 3752 2838 3806 οὐδὲ
2861 3751 3118 3822 οἰκοδομή
3141 3752 3308 3818 ἐστιν,
3330 3751 3519 3822 ὥσπερ
3542 3749 3664 3804 οὐδὲ

2083 3839 2232 3908 οῖκος
2264 3843 2392 3898 ἄνευ
2422 3843 2708 3915 θεμελίων.
2740 3846 2931 3902 Ἔστιν
2957 3841 3052 3900 οῦν
3079 3847 3113 3917 ἡ
3143 3846 3240 3917 μὲν
3269 3845 3451 3909 πίστις
3474 3844 3545 3898 τὰ
3571 3842 3663 3896 θε-

2087 3936 2268 4008 μέλια,
2289 3936 2383 3991 καὶ
2399 3938 2433 4007 ἡ
2448 3937 2543 3990 τοῦ
2569 3936 2768 4004 παντὸς
2792 3936 2943 3991 οῐκον
2974 3936 3255 4008 οἰκοδομὴ,
3273 3936 3330 3990 αἱ
3347 3935 3403 3990 δὲ
3439 3935 3666 4006 πράξεις

2084 4032 2143 4084 at
2171 4033 2293 4085 κατ’
2310 4029 2732 4103 άρετὴν,ὀρὸφῳ
2759 4030 2972 4085 ἐοίκασι
3004 4017 3343 4109 συγκλείοντι
3381 4030 3478 4086 καὶ
3501 4027 3664 4084 οἱονεὶ

2086 4121 2440 4192 στεφανοῦντι
2477 4122 2540 4177 τὸ
2575 4123 2684 4178 πᾶν
2723 4121 3084 4195 οίκοδόμημα.

2160 4415 2179 4445 ε
2221 4393 2333 4448 Καὶ
2363 4391 2533 4445 εἰδετε
2567 4393 2625 4446 ὲν
2653 4390 2800 4462 ἐμοί.
2855 4407 2874 4442 ι

2167 4484 2387 4557 Ἐπειδὴ
2441 4482 2642 4553 πολλῆς
2688 4481 2893 4553 ἀρετῆς
2939 4477 3094 4534 εἶπεν
3134 4479 3482 4562 ἀντέχεσθαι,
3539 4477 3664 4549 ἀλη-

2079 4580 2252 4644 θείας,
2307 4576 2663 4648 σεμνότητος,
2707 4572 3078 4644 δικαιοσύνης,
3126 4571 3370 4652 ἁγνείας,
3413 4571 3661 4641 φιλαδελ-
3717 4565 3729 4582 ’“

2079 4674 2232 4744 φίας,
2257 4669 2527 4737 εὐλογίας,
2553 4667 2649 4721 καὶ
2681 4665 2902 4720 πάντων
2925 4666 3026 4719 ὅσα
3053 4664 3298 4718 ποιοῦσιν
3317 4663 3542 4735 ἀρετὴν,
3562 4663 3664 4716 ὅσα

2080 4763 2357 4834 εὐφημίαν
2373 4779 2386 4792 ο
2414 4758 2603 4830 ἐπειδὴ
2624 4757 2828 4812 τούτων
2849 4757 3066 4818 πάντων
3087 4750 3244 4809 εἶπεν
3263 4753 3662 4825 ἐπιμελεῖσθαι,

2083 4855 2169 4909 ἵνα
2208 4854 2284 4925 μὴ
2328 4851 2455 4923 δόξῃ
2508 4849 2732 4922 μείζονα
2779 4845 2855 4904 ὧν
2899 4849 3086 4919 ἴσχυον
3133 4848 3308 4901 ποιεῖν
3355 4846 3665 4900 ἐπιτάττειν

2081 4945 2284 5008 αὐτοῖς,
2331 4940 2523 4994 τούτου
2555 4939 2718 5010 χάριν
2771 4937 2860 5007 ἐφ’
2889 4935 3086 4989 ἑαυτοῦ
3134 4935 3218 4997 είς
3262 4934 3324 4987 τὸ
3364 4931 3665 5003 κατορθοῦν

2080 5035 2222 5090 αὐτὰ
2251 5031 2562 5104 παρακαλεῖ
2595 5029 2813 5092 αὐτούς.
2863 5029 3090 5097 Ὅμοιον
3136 5025 3232 5079 οῦν
3277 5024 3354 5087 ὡς
3398 5026 3450 5077 εἰ
3483 5025 3662 5092 λέγοιο

2083 5127 2198 5180 Ἵνα
2231 5124 2306 5196 μὴ
2356 5122 2714 5194 ἀκηδιάσητε,
2766 5119 2844 5183 ὡς
2891 5117 3143 5188 μεγάλων
3184 5115 3354 5169 ὄντων
3395 5113 3507 5166 τῶν
3553 5115 3670 5165 επι-

2079 5217 2397 5288 ταγμάτων,
2426 5215 2520 5270 καὶ
2553 5212 2818 5284 μειζόνων
2847 5210 2881 5280 ἢ
2912 5208 3175 5264 δύνασθαι
3207 5205 3533 5276 κατορθοῦν.
3580 5202 3668 5256 Ἐν

2081 5315 2206 5382 ἐμοὶ
2232 5310 2363 5383 γὰρ,
2394 5309 2581 5379 φησὶν,
2618 5308 2836 5362 ἅπαντα
2858 5301 3135 5374 ἠκούσατε
3163 5299 3448 5370 γινόμενα,
3486 5297 3582 5350 καὶ
3605 5295 3667 5348 οὐ

2085 5401 2246 5473 μόνον
2276 5400 2573 5471 ἠκούσατε,
2606 5398 2744 5453 ἀλλὰ
2778 5399 2874 5452 καὶ
2902 5395 3184 5452 τεθέασθε.

2131 5622 2174 5716 ~c
2227 5663 2414 5718 Ταῦτα
2442 5664 2736 5732 πράσσετε,
2778 5661 2873 5716 καὶ
2901 5661 2930 5714 ὁ
2953 5660 3088 5722 Θεὸς
3123 5661 3225 5732 τῆς
3253 5660 3480 5733 εἰρήνης
3509 5658 3665 5712 ἔσται

2088 5755 2206 5826 μεθ’
2241 5753 2416 5825 ὑμῶν.
2474 5773 2493 5806 ι
