4048 6406
413 351 512 418 881

1498 350 1578 411 IN
1619 349 1854 408 EPIST.
1896 348 1994 407 AD
2031 349 2598 417 PHILIPPENSES.

3557 359 3663 420 882

481 458 758 532 Παραινῶ,
791 459 946 531 φησὶ,
997 463 1172 518 ποιεῖν
1217 461 1379 529 αὐτὰ,
1416 463 1604 534 ἐπειδὴ
1635 465 1728 518 καὶ
1763 462 1978 536 μέγαςέ

2161 458 2363 517 Hortor
2417 478 2535 529 vos,
2593 463 2795 534 inquit,
2849 470 2908 517 ut
2951 461 3065 519 haec
3110 461 3349 528 faciatis,
3401 466 3662 532 quoniam

411 553 552 624 ὑπὲρ
571 552 755 606 αὐτῶν
774 551 968 624 μισθός
986 569 998 583 ·
1025 548 1178 618 οὗτος
1201 554 1259 609 δέ
1285 555 1461 621 ἐστιν,
1482 555 1543 609 τὸ
1570 555 1817 611 σύνοικον
1843 555 1987 626 ἔχειν

409 643 500 696 τὸν
531 641 687 696 Θεόν.
781 691 784 694 .

489 753 509 786 ι
563 735 799 806 Ἐχάρην
846 735 905 790 δὲ
939 737 999 792 ἐν
1047 737 1238 810 Κυρίῳ
1269 737 1548 810 μεγάλως,
1589 742 1674 796 ὅτι
1719 742 1821 813 ἤδη
1855 742 1987 796 ποτὲ

411 824 704 880 ἀνεθάλετε
745 827 808 880 τὺ
853 827 996 899 ὑπὲρ
1030 827 1163 900 ἐμοῦ
1207 831 1450 900 φρονεῖν,
1491 831 1578 901 ἐφ’
1610 825 1654 901 ᾧ
1687 834 1782 887 καὶ
1824 835 1987 906 ἐφρο-

411 916 550 968 νεῖτε
569 929 585 946 ο
627 916 946 988 ἠκαιρεῖσθε
970 918 1028 972 δέ
1045 933 1060 950 ·
1105 919 1203 989 οὐχ
1229 920 1312 974 ὅτι
1339 921 1466 975 καθ’
1496 921 1787 995 ὑστέρησιν
1819 924 1983 994 λέγω.

424 1003 564 1073 Ἐγὼ
591 1005 701 1078 γὰρ
725 1006 928 1078 ἔμαθον
967 1010 1026 1063 ὲν
1063 1003 1145 1073 οἷς
1192 1012 1311 1083 είμὶ
1339 1013 1623 1086 αὐτάρκης
1652 1012 1814 1071 εἶναι.
1856 1012 1986 1070 Οῐδα

411 1098 506 1152 καὶ
534 1100 945 1168 ταπεινοῦσθαι,
987 1097 1106 1157 οἴδα
1152 1105 1250 1158 καὶ
1287 1109 1638 1178 περισσεύειν
1686 1112 1744 1164 ὲν
1787 1112 1983 1164 παντίο

410 1190 504 1244 καὶ
549 1191 608 1244 ὲν
654 1193 786 1245 πᾶσι
823 1193 1137 1266 μεμύημαι,
1186 1197 1281 1251 καὶ
1328 1199 1688 1272 χορτάζεσθαι
1730 1203 1822 1256 καὶ
1868 1219 1985 1257 πει-

408 1282 524 1352 νᾷν,
555 1283 648 1336 καὶ
678 1286 1049 1356 περισσεύειν,
1082 1288 1176 1342 καὶ
1205 1290 1566 1362 ὑστερεῖσθαι.
1602 1294 1787 1349 Πάντα
1817 1294 1986 1365 ίσχύω

407 1375 465 1428 ὲν
491 1375 568 1446 τῷ
604 1377 986 1448 ἐνδυναμοῦντί
1021 1397 1087 1450 με
1114 1378 1354 1455 Χριστῷ.
1395 1385 1541 1457 Πλὴν
1581 1385 1763 1450 καλῶς
1799 1388 1987 1458 ἐποιή-

410 1483 536 1522 σατε
605 1470 1136 1542 συγκοινωνήσαντές
1187 1490 1289 1544 μου
1347 1477 1414 1547 τῇ
1458 1475 1653 1547 θλίψει.
1700 1476 1890 1532 Οἴδατε
1927 1476 1986 1532 δὲ

410 1558 502 1612 καὶ
553 1560 734 1630 ὑμεῖς,
781 1561 1161 1634 Φιλιππήσιοι,
1195 1565 1279 1620 ὅτι
1305 1567 1363 1623 ἔν
1409 1569 1552 1641 ἀρχῇ
1600 1568 1696 1624 τοῦ
1741 1569 1986 1639 Εὐαγγε-

406 1649 541 1717 λίου,
569 1651 656 1705 ὅτε
691 1651 916 1724 ἐξῆλθον
945 1655 1056 1710 άπὸ
1088 1658 1447 1724 Μακεδονίας,
1476 1662 1701 1734 οὐδεμία
1728 1680 1819 1734 μοι
1859 1664 1984 1717 Ἐκ·-

407 1740 604 1811 κλησία
626 1741 985 1816 ἐκοινώνησεν
1015 1747 1097 1811 είς
1126 1748 1284 1818 λόγον
1310 1751 1508 1816 δόσεως
1531 1754 1626 1808 καὶ
1655 1754 1891 1824 λήψεως,
1931 1756 1981 1810 εί

409 1830 484 1904 μὴ
523 1832 678 1903 ὑμεῖς
711 1833 862 1904 μόνοι
884 1849 901 1866 ⁶
940 1836 1022 1892 δτι
1050 1839 1144 1892 καὶ
1180 1841 1238 1894 έν
1265 1839 1656 1915 Θεσσαλονίκῃ,
1685 1847 1778 1899 καὶ
1806 1845 1974 1914 ἅπαξ,

405 1925 501 1980 καὶ
529 1925 611 1990 δὶς
638 1927 718 1992 είς
745 1927 845 2000 τὴν
891 1930 1081 2002 χρείαν
1124 1948 1228 2002 μου
1257 1932 1572 2004 ἐπέμψατε’
1607 1935 1706 2006 οὐχ
1745 1936 1829 1990 δτι
1865 1936 1980 1990 ἑπι-

405 2015 553 2088 ζητῶ
585 2019 674 2072 τὸν
708 2022 925 2093 καρπὸν
965 2024 1058 2078 τὸν
1096 2023 1466 2090 πλεονάζοντα
1506 2027 1587 2090 είς
1613 2025 1771 2095 λόγον
1801 2027 1974 2101 ὑμῶν.

418 2109 626 2181 Ἀπέχω
653 2110 711 2165 δὲ
737 2113 935 2178 πάντα,
969 2115 1066 2170 καὶΙ
1103 2118 1446 2184 περισσεύω’
1488 2118 1859 2192 πεπλήρωμαι
1885 2121 1973 2176 δε-

405 2197 633 2270 ξάμενος
663 2203 795 2274 παρ’
842 2202 1233 2279 Ἐπαφροδίτου
1256 2208 1325 2262 τά
1355 2209 1484 2280 παρ’
1514 2208 1689 2280 ὑμῶν.
1739 2230 1759 2264 ι

474 2380 610 2452 Περὶ
655 2383 753 2454 τῆς
796 2383 1076 2450 διακονίας
1115 2381 1185 2459 ἦς
1223 2387 1550 2443 ἀπέστειλαν
1589 2391 1759 2461 αὐτῷ,
1805 2390 1974 2461 λέγει.

416 2467 612 2542 Ἐχάρη
635 2471 712 2538 δὲ,
757 2474 856 2545 οὐχ
881 2476 963 2531 ὅτι
991 2476 1202 2544 ἔλαϐεν,
1227 2477 1345 2533 ἀλλ’
1373 2481 1456 2534 ὅτι
1485 2479 1696 2551 καρπόν
1732 2481 1893 2554 ἔσχον
1925 2485 1975 2539 οἱ

406 2559 663 2631 μαθηταί.
696 2563 759 2617 Et
791 2565 898 2636 γὰρ
935 2567 965 2620 ὁ
993 2565 1199 2639 Κύριος
1232 2568 1476 2637 διέταξεν
1513 2571 1711 2636 αὐτοὺς
1751 2573 1972 2641 διδόναι,

404 2650 520 2714 πῶς
547 2653 644 2704 οὐκ
665 2652 890 2710 ἔπταιον
912 2657 988 2728 μὴ
1010 2657 1275 2727 διδόντες;
1297 2660 1526 2725 Οίκείως
1545 2661 1638 2716 οῦν
1665 2663 1871 2736 σφόδρα
1891 2665 1970 2732 τὸ,

402 2744 738 2813 ἀνεθάλετε,
762 2742 937 2805 εἶπεν.
973 2751 1142 2823 Ἀρχὴ
1169 2751 1280 2824 γὰρ
1300 2752 1509 2822 ἀγαθοῦ
1533 2752 1746 2824 καρποῦ
1775 2757 1809 2825 ή
1837 2755 1976 2827 πρὸς

401 2833 526 2898 τοὺς
566 2835 919 2904 διδασκάλους
963 2843 1237 2910 κοινωνία,
1283 2842 1474 2915 ὥσπερ
1517 2844 1709 2916 ἀμέλει
1741 2846 1834 2901 καὶ
1877 2864 1978 2918 μα-

405 2928 632 2998 ρασμοῦ,
660 2931 692 3002 ή
722 2931 927 2988 τούτων
965 2932 1128 3006 λήθη.

481 3116 520 3180 ι’
556 3131 762 3204 Ὀσμὴν
802 3133 1056 3205 εὐωδίας,
1089 3136 1281 3193 θυσίαν
1307 3137 1524 3211 δεκτὴν,
1557 3139 1849 3213 εὐάρεστον
1893 3141 1972 3215 τῷ
1997 3144 2042 3206 C

403 3222 536 3292 Θεῷ.
595 3243 615 3278 ο

471 3315 641 3370 Τοῦτο
663 3317 773 3392 γάρ
798 3319 914 3377 ἐστι
943 3321 1005 3378 τὸ
1030 3324 1268 3396 παρέχον
1294 3325 1476 3390 αὐτοῖς
1496 3327 1814 3393 εὐωδιάζειν
1837 3347 1852 3362 ο
1886 3330 1973 3384 νό-

404 3424 500 3477 μον
527 3408 636 3481 γάρ
677 3409 821 3468 θεῖον
848 3414 1170 3486 πληροῦσιν.

475 3519 492 3548 ο
550 3499 609 3554 '0
646 3501 706 3555 δὲ
745 3503 878 3568 Θεός
905 3522 1008 3576 μου
1051 3503 1318 3581 πληρώσῃ
1368 3509 1550 3563 πᾶσαν
1589 3509 1781 3582 χρείαν
1816 3511 1972 3584 ὑμῶν

379 3588 538 3641 κατὰ
561 3589 652 3642 τδν
691 3589 917 3648 πλοῦτον
945 3593 1112 3649 αὐτοῦ
1139 3595 1199 3651 ἐν
1225 3594 1372 3668 δόξῃ,
1413 3598 1473 3653 ιν
1507 3599 1732 3671 Χριστῷ
1767 3600 1968 3672 Ἰησοῦ.

397 3678 444 3731 Τ
445 3679 489 3749 ᾠ
513 3681 630 3753 Θεῷ
655 3682 750 3737 καὶ
770 3685 943 3756 Πατρὶ
974 3681 1213 3758 ὴμῶν,ᾧ
1230 3687 1356 3756 δόξα
1384 3689 1464 3756 είς
1485 3694 1611 3759 τοὺς
1634 3696 1837 3761 αἰῶνας
1861 3697 1971 3752 τῶν

399 3770 628 3826 αἰώνων.
671 3773 864 3846 Ἀμήν.
912 3776 1258 3834 Ἀσπάσασθε
1289 3781 1466 3837 πάντα
1487 3784 1641 3854 ἅγιον
1668 3789 1724 3842 ὲν
1749 3787 1971 3860 Χριστῷ

411 3861 607 3932 Ἰησοῦ.
668 3863 1028 3932 Ἀσπάζονται
1077 3870 1225 3940 ὑμᾶς
1272 3872 1320 3926 oi
1387 3873 1486 3928 σὺν
1546 3875 1670 3947 ἐμοὶ
1713 3878 1930 3950 ἀδελφοί
1953 3898 1966 3913 ·

398 3952 732 4020 ἀσπάζονται
756 3957 900 4030 ὑμᾶς
934 3959 1135 4025 πάντες
1158 3962 1209 4015 οἱ
1239 3961 1404 4033 ἅγιοι.
1436 3965 1688 4023 Μάλιστα
1714 3967 1794 4023 δέ.
1835 3987 1856 4022 ι

469 4131 610 4204 Ὅρα
651 4135 751 4206 τῆς
794 4134 1070 4203 διακονίας
1116 4138 1284 4204 πόσος
1312 4143 1342 4196 ὁ
1374 4143 1586 4213 καρπός
1607 4159 1622 4175 ο
1649 4144 1710 4199 τὸ
1748 4146 1969 4202 πλουτι-

399 4224 593 4294 σθῆναι
614 4226 812 4292 αὐτοὺς
853 4230 911 4285 ὲν
942 4229 1069 4303 δόξῃ
1096 4231 1336 4304 Χριστοῦ
1361 4248 1378 4265 ο
1412 4233 1532 4305 ἅμα
1553 4234 1610 4288 δὲ
1649 4236 1746 4290 καὶ
1784 4238 1967 4309 ἡρέμα

395 4315 592 4380 αὐτοὺς
630 4318 890 4387 διδάσκει,
921 4321 997 4386 ὡς
1024 4321 1112 4376 διὰ
1141 4323 1202 4376 τὺ
1233 4325 1507 4396 χρήσιμον
1535 4327 1718 4380 αὐτῶν
1744 4328 1967 4382 ἐκέλευ-

395 4423 489 4458 σεν
518 4407 714 4474 αὐτοὺς
735 4411 764 4463 ὁ
786 4412 1022 4482 Χριστὸς
1047 4417 1324 4470 κοινωνεῖν
1349 4419 1464 4480 τοῖς
1491 4417 1854 4486 διδασκάλοις,
1875 4419 1965 4475 ἵνα

390 4497 502 4550 τῶν
549 4479 937 4570 πνευματικῶν
986 4503 1167 4560 αὐτῶν
1208 4506 1610 4577 μεταλάϐωσιν.
1660 4479 1963 4576 Ἐπεὶνπῶς
1994 4479 2040 4537 D

391 4587 490 4640 οὐκ
521 4588 748 4659 ἠδύνατο
775 4593 804 4646 ὁ
829 4592 1057 4658 τούτους
1079 4595 1406 4661 πλουτίζων,
1438 4597 1681 4663 καὶτοὺς
1707 4599 1966 4655 διδασκά-

391 4676 516 4741 λους
561 4679 887 4749 πλουτίσαι;
926 4685 1069 4739 Ἀλλ’
1105 4687 1390 4760 οἰκονομίᾳ
1434 4689 1594 4743 τοῦτο
1633 4691 1960 4761 πεποίηκεν,

392 4769 478 4822 ἵνα
510 4771 604 4824 καὶ
637 4773 688 4825 οἱ
726 4773 1034 4832 διδάσκαλοι
1064 4779 1139 4850 μὴ
1169 4780 1615 4852 κατεπαίρωνται
1644 4781 1754 4836 τῶν
1786 4783 1964 4855 μαθη-

389 4860 518 4922 τῶν,
548 4863 624 4927 ὡς
653 4863 861 4935 δωρεὰν
882 4867 1079 4932 αὐτοὺς
1101 4869 1502 4936 πλουτίζοντες,
1534 4871 1675 4943 μήτε
1708 4873 1761 4926 οί
1787 4874 1964 4945 μαθη-

386 4952 477 5004 ταὶ
502 4953 814 5026 άκηδιῶσιν,
848 4957 924 5022 ὡς
950 4959 1038 5013 ἀεὶ
1069 4961 1130 5014 ὲν
1159 4964 1225 5032 τῇ
1253 4961 1363 5017 τῶν
1384 4963 1775 5034 πτωχευόντων
1808 4964 1961 5030 ὄντες

386 5043 561 5110 τάξει,
601 5047 698 5100 καὶ
748 5048 915 5119 μηδὲν
969 5052 1348 5121 μεταδιδόντες
1400 5055 1605 5119 αὐτοῖς.
1654 5056 1754 5110 Διὰ
1803 5056 1962 5112 τοῦτο

387 5138 632 5194 ἀνάδοσιν
656 5141 750 5195 καὶ
781 5143 1062 5198 κοινωνίαν
1094 5146 1350 5200 ἐκέλευσε
1389 5147 1656 5218 γίνεσθαι,
1691 5151 1741 5204 εί
1774 5151 1867 5205 καὶ
1893 5152 1962 5206 τά

386 5230 493 5283 τών
513 5231 844 5290 διδασκάλων
880 5237 1225 5309 ἀσυγκρίτως
1256 5239 1498 5311 μείζονα.

461 5420 482 5454 ι
521 5405 586 5458 Oi
627 5406 692 5461 ἐκ
733 5409 832 5480 τῆς
883 5411 1165 5486 Καίσαρος
1185 5415 1386 5479 οἰκίας.
1429 5416 1495 5470 Ἥ
1525 5417 1686 5489 χάρις
1713 5416 1808 5471 τοῦ
1844 5417 1958 5472 Κυ-

392 5491 508 5560 ρίου
551 5493 726 5566 Ἰησοῦ
746 5498 1003 5569 Χριστοῦ.
1039 5521 1058 5554 ι

441 5583 869 5656 ’Παραμυθεῖται
931 5593 1137 5666 σφόδρα
1174 5594 1370 5659 αὐτοὺς
1397 5636 1409 5660 ,
1443 5595 1520 5667 τῷ
1568 5597 1648 5661 είς
1681 5597 1772 5651 τὸν
1811 5593 1956 5652 οἷκον

465 5759 506 5792 ⁸⁸
536 5760 665 5817 Luc.
706 5780 756 5830 ι,
780 5767 828 5822 7.

2091 565 2288 621 magna
2333 567 2433 624 pro
2483 555 2562 610 eis
2613 568 2827 610 merces
2859 553 3129 609 redditur.
3171 553 3295 610 Haec
3345 568 3512 625 porro
3547 561 3664 618 est,

2090 657 2200 711 qua
2224 644 2644 700 contubernalis
2678 644 2910 700 habetur
2938 644 3106 702 Deus.

2162 732 2328 790 Vsus.
2367 734 2558 793 10-18.
2599 753 2618 786 ι
2670 734 2905 791 Gavisus
2951 750 3070 791 sum
3122 744 3301 792 autem
3333 737 3388 791 in
3431 735 3666 790 Domino

2088 827 2462 894 vehementer,
2511 827 2774 898 quoniam
2807 827 3028 883 tandem
3078 828 3375 898 aliquando
3409 828 3664 884 reﬂorui-

2089 915 2192 972 stis
2221 931 2322 987 pro
2349 933 2436 974 me
2470 919 2696 986 sentire,
2740 919 2883 975 sicut
2913 927 2968 974 et
2994 919 3320 975 sentiebatis
3349 935 3363 972 :
3405 928 3662 988 occupati

2089 1013 2271 1062 autem
2316 1010 2505 1066 eratis.
2541 1009 2662 1066 Non
2709 1011 2872 1082 quasi
2915 1018 3141 1082 propter
3180 1009 3468 1080 penuriam
3493 1011 3662 1066 dico:

2086 1111 2191 1168 ego
2242 1099 2390 1154 enim
2439 1100 2631 1168 didici,
2664 1102 2720 1158 in
2771 1101 2976 1172 quibus
3029 1117 3176 1168 sum,
3212 1099 3490 1158 suliiciens
3516 1115 3662 1157 esse.

2089 1186 2218 1244 Scio
2250 1198 2304 1246 et
2335 1191 2638 1259 humiliari,
2687 1193 2806 1250 scio
2856 1199 2912 1249 et
2940 1193 3225 1250 abundare
3253 1193 3481 1265 (ubique
3512 1203 3566 1248 et
3602 1193 3658 1246 in

2088 1281 2350 1339 omnibus
2381 1282 2678 1341 institutus
2707 1284 2855 1356 sum)
2887 1292 2945 1340 et
2989 1285 3209 1350 satiari,
3264 1293 3318 1339 et
3345 1284 3583 1348 esurire,
3611 1290 3668 1337 et

2088 1372 2392 1440 abundare,
2423 1381 2477 1430 et
2508 1376 2796 1447 penuriam
2847 1377 2981 1448 pati.
3017 1375 3215 1432 Omnia
3264 1391 3489 1447 possum
3517 1376 3571 1431 in
3601 1391 3668 1430 eo

2087 1463 2180 1534 qui
2214 1465 2498 1522 conlortat
2538 1483 2647 1534 me,
2673 1469 2918 1525 Christo.
2939 1469 3332 1525 Verumtamen
3363 1469 3503 1525 bene
3533 1468 3668 1524 feci-

2088 1553 2188 1610 stis
2210 1556 2685 1614 communicantes
2716 1559 3064 1624 tribulationi
3096 1575 3253 1616 meae.
3287 1559 3458 1616 Scitis
3481 1567 3663 1616 autem

2086 1654 2143 1699 et
2173 1659 2294 1710 vos,
2323 1645 2726 1719 Philippenses,
2779 1651 2926 1722 quod
2971 1651 3027 1706 in
3057 1651 3334 1723 principio
3362 1651 3664 1723 Evangelii,

2087 1737 2308 1806 quando
2365 1737 2648 1808 profectus
2703 1756 2828 1799 sum
2882 1757 2914 1798 a
2966 1743 3309 1810 Macedonia,
3345 1743 3497 1800 nulla
3525 1744 3664 1820 mihi

2083 1825 2333 1885 Ecclesia
2377 1833 2808 1891 communicavit
2837 1834 2895 1890 in
2937 1834 3155 1892 ratione
3183 1835 3298 1892 dati
3331 1847 3387 1893 et
3429 1836 3660 1907 accepti.

2083 1917 2192 1974 nisi
2218 1921 2454 1978 vossoii
2486 1942 2500 1978 :
2533 1925 2664 1994 quia
2705 1933 2762 1982 et
2789 1923 3246 1985 Thessalonicam
3291 1925 3458 1983 semel
3489 1935 3544 1982 et
3573 1926 3662 1980 bis

2084 2010 2142 2066 in
2174 2025 2340 2068 usum
2373 2013 2512 2070 mihi
2549 2015 2806 2073 misistis.
2856 2015 2976 2074 Non
3023 2019 3153 2090 quia
3201 2035 3395 2091 quaero
3442 2017 3656 2080 datum,

2084 2103 2183 2160 sed
2220 2103 2449 2175 requiro
2499 2105 2744 2162 fructum
2797 2106 3167 2164 abundantem
3213 2109 3268 2164 in
3315 2109 3529 2165 ratione
3567 2123 3662 2164 ve-

2084 2205 2221 2253 stra.
2281 2195 2470 2255 Habeo
2522 2208 2707 2255 autem
2753 2199 2963 2266 omnia,
3007 2208 3062 2256 et
3103 2199 3373 2257 abundo:
3417 2199 3662 2270 repletus

2083 2301 2229 2355 sum,
2257 2290 2501 2359 acceptis
2529 2289 2599 2344 ab
2627 2287 3004 2360 Epaphrodito
3035 2305 3160 2362 quae,
3181 2305 3214 2344 a
3251 2289 3410 2346 vobis
3447 2277 3610 2345 sunt.
3637 2306 3656 2340 ι

2151 2381 2228 2435 De
2267 2380 2677 2439 ministratione
2713 2398 2880 2454 quam
2911 2382 3019 2440 sibi
3059 2383 3348 2449 miserant,
3387 2383 3655 2454 loquitur.

2081 2467 2399 2525 Laztabatur
2456 2479 2664 2539 autem,
2722 2487 2832 2527 non
2879 2471 3010 2542 quia
3057 2480 3370 2544 acceperat,
3398 2471 3496 2528 sed
3531 2471 3660 2542 quia

2081 2561 2341 2632 discipuli
2387 2560 2630 2618 fructum
2681 2563 3014 2620 habuerant.
3045 2563 3204 2631 Nam,
3246 2581 3371 2621 cum
3403 2559 3670 2621 Christus

2079 2651 2316 2722 jusserit
2348 2653 2396 2686 ⁸⁸
2428 2669 2524 2712 eos
2573 2654 2789 2726 largiri,
2838 2655 3068 2726 quinam
3128 2669 3236 2711 non
3284 2655 3337 2709 in
3370 2663 3658 2726 peccatum

2082 2743 2474 2811 incurrissent,
2529 2745 2761 2800 minime
2805 2745 3116 2817 largiendo.
3175 2745 3441 2816 Apposite
3488 2743 3661 2813 igitur

2083 2833 2180 2900 ait,
2233 2835 2578 2904 reﬂoruistis.
2629 2835 2765 2892 Boni
2815 2836 3089 2907 siquidem
3167 2827 3382 2891 fructus
3435 2835 3656 2902 initium

2081 2931 2168 2980 est
2196 2925 2626 2981 communicatio
2648 2927 2793 2996 {cum
2835 2926 3152 2996 magistris;
3189 2923 3652 2997 quemadmodum

2082 3015 2377 3083 marcoris,
2416 3015 2613 3072 horum
2647 3016 2871 3072 oblivio.

2156 3125 2176 3161 ι
2213 3108 2449 3168 Odorem
2487 3109 2799 3178 suavitatis,
2853 3109 3091 3166 hostiam
3127 3116 3405 3183 acceptam
3436 3109 3658 3180 placen-

2075 3229 2184 3278 tem
2209 3221 2340 3278 Deo.
2383 3241 2402 3275 ι

2145 3310 2263 3367 Hoc
2285 3312 2432 3368 enim
2463 3312 2680 3369 confert
2711 3315 2793 3371 eis
2823 3321 2881 3368 ut
2906 3312 3114 3370 bonum
3140 3314 3362 3372 odorem
3398 3315 3641 3384 spirent;

2072 3404 2274 3476 quippe
2306 3405 2402 3476 qui
2443 3405 2616 3476 legem
2656 3406 2749 3462 Dei
2786 3407 3070 3478 impleant.

2142 3494 2309 3553 Vitas.
2343 3495 2537 3552 19-23.
2575 3515 2594 3548 ι
2635 3496 2783 3554 Deus
2817 3505 3002 3555 autem
3033 3513 3190 3556 meus
3223 3498 3450 3570 impleat
3481 3515 3646 3555 omne

2071 3585 2738 3654 desideriumvestrum,
2786 3588 3089 3644 secundum
3139 3588 3363 3645 divitias
3428 3605 3560 3646 suas
3588 3592 3645 3645 in

2071 3677 2248 3749 gloria
2276 3676 2334 3732 in
2373 3677 2595 3735 Christo
2625 3675 2776 3734 Jesu.
2834 3678 2942 3735 Deo
2973 3687 3156 3736 autem
3187 3689 3244 3737 et
3272 3680 3421 3737 Patri
3455 3691 3649 3739 nostro

2071 3768 2244 3841 gloria
2277 3769 2338 3824 in
2369 3770 2570 3827 saecula
2609 3770 2962 3828 saeculorum.
3015 3771 3210 3829 Amen.
3247 3765 3497 3831 Salutate
3529 3789 3648 3845 ory-

2069 3875 2194 3917 nem
2249 3867 2503 3917 sanctum
2565 3861 2622 3917 in
2665 3861 2890 3918 Christo
2936 3862 3090 3921 Jesu.
3129 3863 3388 3921 Salutant
3423 3881 3522 3923 vos
3553 3882 3649 3938 qui

2071 3965 2288 4008 mecum
2318 3962 2468 4020 sunt,
2517 3951 2741 4011 fratres.
2786 3953 3044 4011 Salutant
3081 3969 3182 4015 vos
3213 3971 3408 4014 omnes
3444 3960 3646 4015 sancti.

2070 4041 2306 4100 Maxime
2332 4051 2538 4100 autem.
2575 4063 2595 4098 ι

2140 4134 2302 4206 205
2339 4135 2561 4196 Videsis
2599 4133 2840 4212 quantus
2877 4140 3100 4197 fructus
3153 4138 3386 4210 praestiti
3439 4139 3600 4195 oliicii
3629 4182 3645 4206 ,

2068 4228 2216 4298 quod
2251 4227 2662 4299 locupletentur
2701 4231 2756 4286 in
2797 4231 2976 4303 gloria
3013 4229 3245 4285 Christi.
3299 4228 3475 4284 Simul
3517 4245 3645 4286 vero

2067 4333 2165 4375 eos
2196 4319 2368 4375 tacite
2419 4317 2612 4396 docet,
2662 4329 2888 4393 propter
2937 4319 3243 4376 utilitatem
3289 4318 3542 4389 ipsorum
3584 4334 3646 4375 se

2069 4409 2402 4480 praecepisse
2430 4419 2494 4466 ut
2535 4412 2784 4468 carnalia
2829 4426 2955 4468 cum
2998 4409 3279 4480 magistris
3329 4411 3646 4467 communi.-

2071 4509 2263 4556 carent
2290 4541 2306 4565 ,
2345 4516 2460 4572 quo
2496 4502 2880 4574 spiritualium
2919 4502 3196 4559 honorum
3235 4515 3428 4557 eorum
3469 4501 3646 4572 parti-

2071 4591 2227 4662 cipes
2279 4592 2500 4650 tierent.
2563 4595 2747 4651 Eccur
2801 4593 2950 4651 enim
3003 4608 3114 4650 non
3169 4601 3342 4664 queat
3394 4592 3489 4649 illo
3549 4593 3644 4662 qui

2067 4684 2221 4755 ipsos
2264 4684 2439 4748 ditat,
2484 4685 2788 4757 magistros
2829 4699 3056 4756 quoque
3102 4683 3492 4755 locupletare?
3537 4682 3646 4741 Sed

2067 4777 2326 4832 consulto
2353 4777 2407 4833 id
2434 4777 2603 4842 fecit,
2637 4793 2706 4834 ne
2737 4779 2990 4849 magistri
3026 4778 3302 4834 adversus
3331 4776 3646 4847 discipulos

2066 4868 2417 4938 arrogantius
2454 4869 2879 4934 extollerentur,
2922 4883 2989 4925 ac
3028 4869 3075 4925 si
3113 4868 3292 4939 gratis
3334 4867 3462 4924 illos
3501 4867 3647 4924 divi.-

2067 4958 2162 5015 tiis
2196 4960 2315 5015 suis
2349 4969 2617 5032 augerent
2646 4979 2661 5017 :
2701 4975 2800 5016 nec
2831 4975 3055 5017 rursum
3089 4959 3352 5031 discipuli
3389 4961 3644 5016 maerenti

2067 5052 2255 5106 animo
2283 5060 2470 5108 essent
2490 5091 2505 5117 ,
2540 5051 2686 5122 quod
2717 5067 2937 5123 semper
2968 5053 3114 5108 inter
3142 5066 3349 5123 egenos
3376 5050 3648 5106 habere"-

2068 5151 2180 5206 tur,
2215 5140 2466 5210 nihilque
2497 5141 2582 5198 eis
2618 5142 2998 5212 impartirent.
3035 5141 3310 5210 Quocirca
3346 5155 3648 5211 repensare

2066 5232 2349 5286 mandavit
2395 5241 2450 5288 et
2505 5231 2957 5298 communicare,
3017 5231 3274 5302 quamvis
3320 5246 3384 5288 ea
3436 5245 3562 5302 qua:
3609 5247 3641 5287 a

2068 5323 2356 5393 magistris
2387 5323 2733 5392 tribuuntur,
2760 5325 2920 5397 longe
2941 5324 3064 5381 sint
3089 5322 3499 5394 praestantiora.

2141 5435 2159 5467 ι
2188 5415 2292 5482 Qui
2320 5415 2388 5472 de
2413 5415 2653 5474 Caesaris
2677 5417 2846 5474 domo
2870 5425 3024 5474 sunt.
3051 5416 3240 5474 Gratia
3268 5414 3489 5472 Domini
3513 5413 3642 5471 Jesu

2063 5509 2290 5564 Christi.
2325 5527 2341 5560 ι

2141 5596 2350 5668 Ingenti
2385 5611 2480 5653 cos
2522 5598 2722 5654 solatio
2763 5596 2962 5668 allicit,
3002 5598 3136 5656 dum
3176 5597 3295 5667 ait,
3335 5597 3394 5654 in
3431 5593 3642 5668 ipsius-
