4048 6446
412 299 523 364 885

1492 297 1575 358 IN
1615 297 1858 359 EPIST.
1898 300 1999 358 AD
2040 301 2574 365 COLOSSENSES.

3566 113 3640 120 iv—

3579 306 3685 370 886

487 424 511 460 ι
548 407 652 461 Ἦν
682 403 1063 478 προηκούσατε
1099 405 1157 461 ἐν
1200 404 1280 476 τῷ
1318 404 1464 478 λόγῳ
1493 407 1593 479 τῆς
1619 406 1878 479 ἀληθείας
1902 404 1998 461 τοῦ

2177 429 2198 462 ι
2229 411 2403 477 Quam
2459 413 2692 469 audiStis
2728 413 2781 466 in
2834 410 3004 466 verbo
3061 408 3314 466 veritatis
3364 408 3683 484 Evangelii,

408 496 750 567 Εὐαγγελίου
778 496 873 552 τοῦ
893 498 1164 568 παρόντος
1193 499 1274 561 είς
1304 497 1470 569 ὑμᾶς.
1506 516 1524 550 ι

481 590 622 661 Παρ’
665 590 921 663 Ἐπαφρᾶ
942 588 1208 660 δηλονότι.

488 701 506 735 ι
547 682 750 745 Καθὼς
774 683 869 749 καὶ
898 684 956 736 ἐν
986 681 1149 734 παντὶ
1181 681 1261 752 τῷ
1286 682 1495 754 κόσμῳ.
1528 683 1622 738 καὶ
1653 684 1767 739 ἔστι
1791 700 2001 757 καρπο-

408 772 767 845 φορούμενον,
796 771 979 837 καθὼς
1005 776 1101 828 καὶ
1124 774 1183 827 ὲν
1214 773 1366 845 ὑμῖν,
1390 776 1483 843 ἀφ’
1506 769 1572 848 ἧς
1592 776 1808 849 ἡμέρας
1830 776 2000 849 ἡκού-

409 884 567 931 σατε,
595 866 692 920 καὶ
714 865 994 933 ἐπέγνωτε
1023 868 1123 936 τὴν
1156 868 1318 940 χάριν
1360 866 1455 922 τοῦ
1488 868 1621 922 Θεοῦ
1651 870 1708 923 ἐν
1743 868 1996 941 ἀληθείᾳ,

409 957 598 1023 καθὼς
622 959 718 1012 καὶ
744 958 984 1031 ἐμάθετε
1009 958 1115 1013 ἀπὸ
1148 960 1407 1032 Ἐπαφρᾶ
1441 961 1536 1016 τοῦ
1566 961 1854 1034 ἀγαπητοῦ
1876 980 2000 1016 συν-

406 1049 598 1105 δούλου
624 1053 655 1121 ἡ
664 1050 807 1122 μῶν,
837 1051 896 1116 ὅς
922 1052 1039 1107 ἐστι
1071 1052 1257 1117 πιστὸς
1288 1053 1429 1124 ὑπὲρ
1455 1053 1608 1124 ὑμῶν
1631 1054 1879 1119 διάκονος
1904 1053 1996 1107 τοῦ

407 1142 670 1213 Χριστοῦ,
704 1144 733 1197 ὁ
761 1144 857 1199 καὶ
894 1144 1144 1217 δηλώσας
1189 1148 1321 1219 ἡμῖν
1366 1148 1466 1218 τὴν
1499 1146 1652 1218 ὑμῶν
1694 1147 1915 1219 ἀγάπην
1941 1148 1997 1201 ὲν

407 1234 714 1306 Πνεύματι.
758 1255 779 1290 ι

483 1326 596 1399 Τὴν
622 1328 855 1400 δύναμιν
897 1329 992 1384 τοῦ
1024 1330 1358 1402 Εὐαγγελίου
1391 1332 1573 1402 λέγει,
1603 1331 1741 1405 πρὸς
1770 1331 1998 1403 βεϐαίω-

410 1432 498 1471 σιν
517 1416 627 1471 τῶν
649 1418 981 1487 ἀκουόντων,
1014 1421 1190 1490 λέγων
1231 1422 1363 1476 αὐτὸ
1413 1423 1624 1495 διήκειν
1656 1421 1745 1476 διὰ
1779 1420 1874 1476 τοῦ
1905 1423 1998 1477 κό·

411 1526 552 1579 σμου
588 1515 809 1579 παντὸς,
847 1514 1376 1587 καρποφορούμενον
1410 1515 1470 1569 ὲν
1514 1513 1721 1586 ἔργοις,
1760 1516 1855 1571 καὶ
1902 1515 1999 1571 αὐ-

410 1601 705 1674 ξανόμενον
743 1607 867 1669 ταῖς
910 1606 1256 1680 προσθήκαις
1282 1607 1390 1662 τῶν
1438 1609 1826 1673 πιστευόντων,
1854 1605 1996 1661 ὥστε

408 1692 610 1748 ειδέναι
641 1696 767 1761 τοὺς
794 1697 1114 1764 ἀκούοντας,
1146 1699 1229 1753 ὅτι
1256 1700 1513 1770 καθάπερ
1552 1700 1609 1753 ἐν
1639 1698 1870 1771 μεγίστῃ
1901 1699 1999 1752 πό-

407 1781 513 1849 λει,
547 1786 1015 1859 καταριθμοῦνται
1041 1761 1109 1842 διέ
1134 1788 1266 1861 ὅλης
1297 1790 1401 1861 τῆς
1423 1761 1748 1861 οἰκουμένης
1781 1761 1984 1845 αι’-Ἐκ·
2027 1761 2072 1823 Β

409 1873 651 1946 κλησίαι.

485 1983 505 2017 ι
542 1965 643 2022 Διά
663 1957 944 2023 τοῦτοκαὶ
972 1970 1155 2040 ἡμεῖς,
1176 1970 1270 2041 ἀφ’
1283 1963 1352 2043 ἧς
1398 1971 1614 2043 ἡμέρας
1655 1970 1990 2041 ἠκούσαμεν,

407 2056 470 2110 οὐ
506 2057 795 2130 παυόμεθα
826 2060 968 2132 ὑπὲρ
1004 2059 1160 2134 ὑμῶν
1211 2062 1643 2135 προσευχόμενοι
1675 2063 1772 2117 καὶ
1810 2061 1995 2116 αἰτού-

412 2166 589 2220 μενοι,
619 2149 710 2204 ἵνα
753 2151 1080 2225 πληρωθῆτε
1110 2152 1210 2226 τὴν
1255 2154 1556 2224 ἐπίγνωσιν
1606 2154 1704 2209 τοῦ
1755 2153 1995 2227 θελήμα-

406 2255 501 2304 τος
553 2238 745 2311 αὐτοῦ,
790 2242 846 2296 ἒν
886 2242 1036 2315 πάσῃ
1094 2242 1289 2314 σοφίᾳ,
1320 2245 1415 2299 καὶ
1476 2244 1691 2299 συνέσει
1749 2259 1997 2315 πνευμα-

406 2333 555 2404 τικῇ.
590 2349 613 2385 ι

483 2424 645 2489 Ἀξια
676 2425 941 2495 σπουδῆς,
970 2427 1158 2499 φησὶν,
1185 2428 1312 2500 ἐμοὶ
1332 2428 1402 2483 τά
1424 2427 1546 2483 καθ’
1580 2429 1746 2501 ὑμᾶς.
1783 2426 1873 2481 Διὸ
1901 2426 1996 2480 καὶ

408 2514 775 2582 ἀδιαλείπτως
818 2517 1197 2591 προσεύχομαι
1222 2519 1548 2592 αἰτούμενος
1576 2520 1635 2574 τὸ
1666 2520 1857 2588 σοφίας
1889 2518 1995 2573 δῶ-

414 2625 526 2680 ρον,
556 2609 641 2673 ἵνα
679 2609 745 2665 δι’
781 2610 948 2665 αὐτοῦ
980 2612 1189 2684 μάθητε
1240 2611 1362 2677 πῶς
1393 2612 1660 2683 ἠθέλησεν
1691 2614 1719 2666 ὁ
1751 2611 1885 2675 Θεὸς
1905 2611 1996 2665 τὸν

411 2688 620 2774 κόσμον
653 2704 733 2767 εἰς
763 2704 1037 2758 οίκείωσιν
1068 2705 1168 2777 τὴν
1201 2704 1397 2760 ἑαυτοῦ
1451 2705 1680 2775 ἀγαγεῖν
1703 2745 1718 2769 ,
1753 2706 1850 2758 καὶ
1887 2703 1996 2757 τίνι

410 2796 599 2867 τρόπῳ
626 2794 696 2849 τά
727 2798 829 2867 τῆς
859 2797 1191 2863 οίκειώσεως
1221 2797 1479 2868 γενέσθαι
1511 2797 1739 2853 δυνατὸν
1762 2792 1850 2867 ἦν.
1890 2794 1995 2849 Τοῦ

414 2884 515 2956 μὲν
533 2885 701 2958 νόμου
728 2887 1020 2944 συνάπτειν
1047 2887 1167 2962 Θεῷ
1195 2889 1272 2962 μὴ
1306 2889 1604 2962 ἰσχύοντος,
1641 2888 1883 2961 Χριστοῦ
1907 2891 1999 2944 καὶ

415 2980 580 3050 μόνου
613 2980 1003 3049 συνάπτοντος,
1035 2984 1117 3056 ὅτι
1152 2983 1315 3049 αὐτὸς
1347 2983 1698 3054 δικαιοσύνης
1727 2983 1827 3054 τῆς
1858 2982 1999 3053 ὑπὲρ

413 3071 719 3177 ἀνθρωπων
756 3072 1070 3177 ’πληρωτὴς
1123 3074 1452 3177 γενόμενος,
1482 3075 1543 3130 τὸ
1591 3074 1878 3146 πληρωθὲν
1912 3076 1996 3143 ἐφ’
2025 3118 2068 3177 C

415 3160 608 3216 ἑαυτοῦ
637 3158 926 3233 χαρίζεται
959 3166 1071 3228 τοῖς
1094 3164 1464 3220 πιστεύουσιν.

492 3444 511 3477 ι
546 3425 931 3500 Περιπατῆσαι
963 3428 1109 3499 ὑμᾶς
1129 3428 1296 3497 ἀξίως
1324 3428 1418 3484 τοῦ
1442 3431 1674 3501 Κυρίου,
1703 3433 1784 3495 εἰς
1816 3433 2000 3487 πᾶσαν

414 3518 713 3590 ἀρέσκειαν
734 3560 750 3587 ,
785 3521 842 3574 ὲν
874 3522 1041 3575 παντὶ
1078 3520 1226 3595 ἔργῳ
1254 3521 1449 3595 ἀγαθῷ
1494 3523 1996 3596 καρποφοροῦντες,

414 3610 512 3664 καὶ
540 3611 899 3684 αὐξανόμενοι
922 3612 1003 3678 είς
1022 3612 1123 3685 τὴν
1144 3613 1444 3683 ἐπίγνωσιν
1471 3614 1563 3669 τοῦ
1590 3615 1750 3683 Θεοῦ,
1769 3618 1828 3670 ὲν
1850 3616 2001 3692 πάσῃ

412 3703 646 3775 δυνάμει
686 3704 829 3759 κατά
852 3702 915 3758 τὸ
943 3704 1145 3776 κράτος
1176 3705 1277 3778 τῆς
1306 3703 1681 3779 δόξηςαύτοῦ,
1714 3709 1794 3772 είς
1816 3710 2000 3763 πᾶσαν

415 3795 693 3869 ὑπομονὴν
716 3798 809 3852 καὶ
834 3798 1221 3872 μακροθυμίαν
1258 3799 1397 3871 μετά
1422 3800 1617 3872 χαρᾶς.
1663 3818 1682 3853 ο

482 3976 636 4049 Δῦτη
681 3976 793 4053 γὰρ
832 3977 993 4049 σοφία
1043 3979 1431 4052 πνευματικὴ,
1463 3978 1523 4047 ἐξ
1553 3973 1624 4052 ἦς
1655 3981 1683 4035 ὁ
1711 3979 1873 4052 ὑγιὴς
1903 3980 2000 4034 καὶ

414 4071 790 4142 πνευματικὸς
848 4073 984 4144 βίος.
1035 4073 1326 4128 Ἐπιτείνει
1388 4071 1498 4145 γὰρ
1554 4072 1654 4145 τὴν
1688 4072 2000 4144 προθυμίαν

413 4158 524 4218 τῶν
563 4162 785 4234 ἀγαθῶν
812 4163 990 4245 ἔργων
1012 4166 1048 4238 ἡ
1086 4164 1322 4230 σύνεσις.

495 4359 515 4392 ι
542 4340 1006 4416 Εὐχαριστοῦντες
1054 4344 1135 4416 τῷ
1179 4344 1301 4415 Θεῷ
1323 4385 1339 4411 ,
1370 4330 1457 4418 τῷλ
1479 4345 1809 4401 ἱκανώσαντι
1851 4347 1997 4418 ἡμᾶς

2104 504 2290 562 lVeus.
2321 502 2381 577 6}
2417 505 2563 575 quod
2590 505 2843 575 pervenit
2872 503 2938 559 ad
2971 518 3090 560 vos.
3126 522 3144 556 ι

2172 595 2254 649 ΑΙ)
2290 592 2544 666 Epapbra
2577 594 2856 650 videlicet.

2177 708 2195 739 ι
2231 687 2388 744 Sicut
2436 696 2493 744 et
2536 688 2593 744 in
2639 688 2906 744 universo
2949 684 3197 750 mundo,
3243 692 3296 742 et
3350 684 3684 749 fructificat.

2102 777 2251 833 sicut
2281 785 2336 834 et
2366 778 2421 833 in
2454 778 2609 834 vobis
2632 818 2647 844 ,
2683 793 2747 834 ex
2776 791 2840 833 ea
2869 775 2959 833 die
2991 791 3098 847 qua
3133 775 3371 832 audistis
3402 783 3455 831 et
3480 790 3687 848 cogno-

2099 870 2260 925 vistis
2295 870 2533 941 gratiam
2596 868 2696 926 Dei
2730 869 2787 924 in
2818 869 3084 934 veritate,
3128 866 3318 940 [\‘sns.
3355 867 3406 923 7.
3445 866 3501 941 8]
3543 868 3686 924 sicut

2099 962 2372 1020 didicistis
2401 963 2469 1018 ab
2502 961 2761 1034 Epaphra
2784 958 3130 1015 charissitno
3164 973 3439 1014 conservo
3467 967 3682 1024 nostro,

2100 1056 2191 1129 qui
2214 1066 2296 1113 est
2321 1054 2501 1113 ﬁdelis
2524 1071 2626 1128 pro
2645 1056 2808 1111 vobis
2831 1054 3093 1111 minister
3113 1051 3319 1107 Christi
3342 1068 3357 1117 ;
3381 1052 3476 1122 qui
3500 1058 3556 1109 et
3578 1066 3687 1106 ma-

2101 1149 2387 1207 nifestavit
2418 1148 2580 1205 nobis
2608 1147 2966 1204 dilectionem
2997 1151 3236 1201 vestram
3268 1144 3323 1198 in
3354 1140 3591 1212 Spiritu.
3625 1161 3642 1192 ο

2171 1325 2450 1383 Virtutem
2479 1323 2766 1396 Evangelii
2801 1324 3007 1381 recitat
3027 1365 3043 1392 ,
3071 1332 3131 1379 ut
3164 1322 3454 1379 auditores
3483 1321 3689 1377 contir-

2099 1429 2247 1487 met,
2284 1436 2410 1477 cum
2444 1421 2521 1473 ait
2552 1400 2687 1473 illud
2720 1420 3038 1474 universum
3067 1414 3339 1472 mundum
3360 1413 3699 1486 pervadere,:

2099 1522 2152 1571 et
2199 1513 2415 1570 fructus
2448 1511 2669 1569 effectis
2699 1512 2896 1576 edere,
2934 1518 3104 1580 atque
3135 1506 3554 1565 accessionibus
3589 1520 3687 1562 eo-

2098 1620 2221 1659 rum
2271 1604 2366 1676 qui
2417 1603 2578 1660 ﬁdem
2633 1602 3070 1674 amplectuntur,
3127 1611 3427 1670 augescere
3458 1586 3471 1653 ἐ
3507 1597 3583 1652 ita
3625 1602 3688 1649 ut

2099 1700 2416 1769 quicunque
2464 1697 2725 1762 audiant,
2783 1693 3000 1765 liquido
3045 1699 3423 1764 cognoscant,
3459 1687 3688 1760 perinde
3738 1709 3745 1716 ε

2101 1799 2265 1861 atque
2296 1790 2348 1844 in
2381 1790 2517 1845 urbe
2552 1788 2791 1843 maxima
2815 1828 2829 1842 .
2859 1786 2940 1843 sic
2988 1800 3089 1856 per
3137 1794 3313 1841 totum
3345 1784 3541 1839 orbem
3574 1779 3680 1835 Ec-
3771 1771 3775 1776 ’

2102 1881 2303 1937 clesias
2334 1882 2635 1937 numerari.
2804 1874 2809 1877 ’
3602 1866 3617 1875 ’

2176 1968 2349 2026 Vsus.
2389 1969 2443 2025 9.
2481 1989 2501 2022 ι
2532 1971 2659 2027 Ideo
2689 1976 2745 2026 et
2776 1984 2907 2037 nos,
2945 1986 3013 2026 ex
3049 1985 3155 2041 qua
3201 1968 3289 2026 die
3334 1966 3683 2029 audivimus.

2102 2074 2214 2116 non
2246 2074 2533 2117 cessamus
2560 2073 2663 2132 pro
2690 2060 2849 2117 vobis
2871 2070 3130 2126 orantes,
3163 2066 3217 2115 et
3247 2059 3597 2130 postulantes
3628 2068 3688 2109 ιιι

2109 2151 2452 2224 impleamini
2492 2152 2775 2225 agnitione
2806 2152 3110 2209 voluntatis
3138 2152 3294 2223 ejus,
3326 2151 3383 2206 in
3414 2150 3561 2205 omni
3596 2162 3688 2203 sa-

2101 2244 2311 2316 pientia
2342 2252 2399 2301 et
2432 2244 2713 2301 intellectu
2751 2244 3015 2316 spiritali.
3050 2262 3069 2296 ι

2174 2424 2307 2491 ροσε
2329 2423 2398 2480 ad
2429 2438 2528 2481 vos
2559 2430 2859 2496 spectant,
2889 2423 3103 2494 inquit,
3132 2422 3299 2494 digna
3325 2429 3455 2479 sunt
3485 2421 3690 2493 quibus
3772 2450 3775 2453 λ

2103 2513 2350 2569 studium
2380 2513 2693 2584 impendam
2723 2527 2927 2569 meum.
2960 2512 3336 2579 Quamobrem
3371 2511 3493 2568 sine
3520 2512 3691 2567 inter-

2103 2606 2373 2662 missione
2401 2605 2559 2664 vobis
2594 2605 2880 2677 sapientize
2919 2605 3126 2660 donum
3152 2604 3513 2660 orationibus
3551 2604 3691 2657 meis

2104 2699 2360 2769 postulo,
2409 2713 2508 2769 per
2552 2697 2699 2769 quod
2755 2697 3056 2753 addiscatis
3120 2711 3229 2766 qua
3281 2697 3496 2752 ratiOne
3545 2692 3690 2751 Deus

2106 2792 2370 2847 mundum
2402 2790 2643 2847 voluerit
2672 2790 2777 2846 sibi
2802 2788 3126 2853 conciliare,
3159 2796 3213 2843 ct
3244 2786 3521 2858 quomodo
3554 2801 3689 2842 con-

2106 2882 2411 2938 ciliationis
2435 2881 2605 2952 hujus
2634 2880 2845 2951 patrari
2875 2880 3158 2959 negotium
3188 2878 3365 2949 possit
3390 2895 3404 2933 :
3432 2876 3691 2948 quando-

2108 2971 2331 3044 quidem
2364 2972 2451 3028 lex
2487 2970 2554 3027 ad
2590 2972 2697 3028 hoc
2728 2986 2838 3027 non
2889 2970 3035 3026 valet
3090 2970 3168 3024 uti
3227 2983 3331 3024 nos
3386 2968 3692 3040 coniungat

2109 3066 2223 3122 Deo
2245 3109 2258 3133 ,
2296 3065 2450 3122 solus
2482 3079 2617 3120 vero
2647 3062 2911 3120 Christus
2945 3058 3396 3132 conjunctionem
3420 3060 3564 3114 hanc
3593 3075 3692 3130 pa-

2107 3158 2311 3226 travit;
2369 3156 2578 3228 quippe
2629 3155 2766 3227 qui,
2815 3153 3092 3227 justitiam
3159 3161 3386 3225 propter
3435 3151 3692 3208 homines

2105 3230 2419 3319 implendo,
2446 3247 2849 3319 plenitudinem
2885 3262 3041 3303 suam
3082 3245 3151 3302 iis
3186 3249 3282 3316 qui
3320 3246 3558 3302 credunt
3588 3230 3692 3300 im?

2065 3397 2078 3424 Ι
2105 3341 2370 3413 partitur.

2174 3429 2345 3486 Vsus.
2389 3431 2491 3497 10,
2530 3429 2617 3485 ii.
2667 3448 2686 3482 ι
2719 3430 2793 3486 Ut
2844 3429 3148 3487 ambuletis
3202 3429 3367 3501 digne
3419 3427 3686 3492 Domino,

2103 3539 2201 3597 per
2231 3523 2417 3579 omnia
2451 3522 2738 3594 placentes
2761 3565 2775 3588 ,
2810 3523 2865 3576 in
2897 3523 3048 3578 omni
3090 3506 3259 3593 Opere
3297 3521 3449 3577 bono
3497 3519 3691 3575 fructi-

2103 3617 2458 3681 ficantes,et
2486 3623 2805 3673 crescentes
2845 3616 2898 3672 in
2950 3616 3183 3672 scientia
3236 3613 3370 3680 Dei,
3428 3614 3487 3667 in
3538 3610 3686 3666 omni

2102 3708 2308 3764 virtute
2335 3706 2632 3764 confortati
2657 3747 2670 3773 ,
2705 3706 3012 3761 secundum
3059 3706 3365 3777 potentiam
3417 3703 3690 3759 claritatis

2103 3802 2259 3872 ejus,
2322 3800 2376 3854 in
2437 3800 2585 3855 omni
2637 3797 2904 3870 patientia
2958 3805 3014 3853 et
3077 3796 3503 3868 longanimitate
3564 3808 3688 3849 cum

2103 3893 2325 3965 gaudio.
2363 3911 2382 3946 ι

2176 3986 2301 4043 Haec
2331 3987 2479 4042 enim
2509 3996 2595 4042 est
2628 3984 2900 4056 sapientia
2929 3981 3274 4055 spiritualis,
3306 3995 3377 4036 ex
3403 3994 3510 4051 qua
3545 3978 3690 4034 ﬁlius

2104 4094 2276 4137 sanus
2310 4086 2362 4134 et
2399 4078 2706 4150 spiritualis
2749 4075 3021 4132 nascitur.
3064 4072 3452 4131 lntellectione
3482 4072 3690 4143 quippe

2102 4172 2344 4245 ﬂagrans
2392 4173 2665 4228 bonorum
2709 4182 2941 4242 operum
2988 4168 3237 4226 studium
3287 4166 3562 4223 intentius
3594 4179 3692 4219 au-

2102 4272 2341 4412 εθξξὲέε.
2387 4355 2577 4410 1244.
2607 4374 2627 4408 ι
2659 4354 2882 4411 Gratias
2933 4361 3165 4427 agentes
3216 4351 3329 4409 Deo
3377 4349 3563 4417 Patri,
3596 4349 3689 4420 qui

415 4434 498 4497 είς
544 4431 644 4503 τὴν
676 4433 869 4506 μερίδα
904 4433 997 4489 τοῦ
1032 4435 1237 4508 κλήρου
1266 4435 1376 4490 τῶν
1404 4436 1577 4506 ἁγίων
1609 4437 1668 4490 ὲν
1705 4436 1785 4507 τῷ
1818 4438 1957 4508 φωτί
1980 4455 1995 4468 '

2107 4450 2302 4522 dignos
2333 4463 2437 4506 nos
2486 4448 2618 4504 fecit
2668 4448 2725 4502 in
2773 4455 2990 4517 partem
3047 4445 3219 4503 sortis
3264 4450 3591 4502 sanctorum
3633 4443 3686 4496 in

413 4522 475 4587 ὃς
500 4522 771 4600 ἐρρύσατο
795 4527 963 4599 ἡμᾶς.
1000 4546 1020 4580 ι

486 4614 721 4685 Πατέρα
755 4617 926 4688 ἡμῶν
942 4617 1092 4688 λέγει
1138 4617 1229 4677 τὸν
1264 4618 1420 4687 Θεὸν,
1454 4620 1595 4676 κατά
1626 4624 1727 4695 τὴν
1747 4625 1999 4682 δοθεῖσαν

416 4708 548 4778 ἡμῖν
590 4708 680 4763 διὰ
705 4711 805 4780 τῆς
844 4713 924 4776 είς
968 4712 1061 4767 τὸν
1089 4714 1372 4785 Μονογενῆ
1420 4716 1659 4783 πίστεως
1687 4719 1957 4775 υἱοθεσίαν
1982 4740 1994 4752 ·

418 4801 587 4855 Ὅσοι
622 4800 732 4872 γὰρ
764 4804 986 4860 ἔλαϐον
1012 4807 1219 4872 αὑτὸν,
1236 4807 1459 4865 ἔδωκεν
1484 4812 1687 4880 αὐτοῖς
1709 4814 2002 4881 ἐξουσίαν

414 4890 601 4945 τέκνα
628 4892 779 4948 Θεοῦ
818 4893 1119 4966 γενέσθαι.

494 5003 513 5035 ι
566 4983 661 5037 Ἐκ
697 4985 792 5057 τῆς
840 4984 1093 5054 ἐξουσίας
1135 4989 1231 5045 τοῦ
1262 4993 1518 5061 σκότους,
1556 4990 1893 5070 μετέστησεν
1923 5000 2003 5064 είς

415 5074 517 5146 τὴν
550 5075 832 5146 βασιλείαν
876 5077 972 5133 τοῦ
1027 5080 1159 5136 Υίοῦ
1209 5084 1311 5155 τῆς
1363 5086 1590 5160 ἀγάπης
1634 5089 1840 5156 αὐτοῦ,
1873 5092 1932 5145 ἑν
1959 5085 2004 5160 ᾧ

418 5161 616 5268 ἔχομεν
663 5164 765 5238 τὴν
815 5166 1229 5243 ἀπολύτρωσιν,
1262 5173 1362 5246 τὴν
1415 5174 1610 5247 ἄφεσιν
1659 5179 1769 5235 τῶν
1824 5181 2005 5253 ἁμαρ-

417 5268 570 5310 τιων.
611 5275 630 5308 Ι

490 5349 710 5417 Σκότος,
744 5354 778 5425 ἠ
806 5352 1031 5421 ἐξουσία
1071 5357 1169 5413 τοῦ
1204 5359 1480 5429 διαϐόλου,
1514 5365 1608 5419 καὶ
1638 5366 1697 5421 ἐν
1735 5368 1912 5441 σκότῳ
1942 5369 2005 5423 τὸ

415 5441 679 5499 δύνασθαι
723 5446 877 5519 ἔχει,
910 5450 1166 5525 καθάπερ
1219 5455 1248 5508 ὁ
1293 5452 1536 5527 κλέπτης
1586 5459 1646 5513 ὲν
1695 5461 1885 5516 νυκτί·
1921 5458 2004 5528 οἶς

415 5533 474 5588 δὲ
512 5536 588 5607 μὴ
620 5538 870 5613 παρέστη
904 5541 966 5596 τὸ
1005 5543 1207 5612 κακίας
1238 5547 1460 5617 σκότος,
1491 5550 1633 5607 κατὰ
1660 5555 1865 5609 τούτων
1897 5556 1997 5609 οὐκ

435 5710 481 5743 ⁶⁶
510 5710 668 5768 Joan.
704 5730 740 5779 ι,
798 5716 879 5773 12.

2105 4533 2337 4607 lumine,
2385 4543 2478 4615 qui
2508 4540 2714 4612 eripuit
2745 4556 2869 4598 nos.
2900 4558 2920 4594 ι

2184 4631 2399 4690 Patrem
2439 4643 2680 4690 nostrum
2729 4633 2977 4705 appellat
3019 4631 3234 4698 Deum,
3284 4645 3388 4702 pro
3434 4643 3500 4686 ea
3555 4627 3692 4684 ado-

2105 4728 2299 4800 ptione
2328 4742 2452 4798 quas
2482 4742 2581 4799 per
2614 4725 2776 4782 ﬁdem
2813 4727 2870 4782 in
2907 4725 3265 4797 Unigenitnm
3294 4723 3499 4778 donata
3532 4722 3692 4777 nobis

2108 4820 2212 4875 fuit
2236 4836 2251 4875 :
2284 4819 2550 4892 Quotquot
2571 4819 2711 4874 enim
2742 4828 3039 4886 receperunt
3065 4858 3079 4883 ,
3102 4817 3250 4871 dedit
3272 4816 3349 4871 eis
3377 4821 3691 4884 potestatem

2106 4912 2251 4982 ﬂiios
2294 4911 2389 4969 Dei
2420 4912 2535 4985 ﬁeri
2570 4911 2632 4967 “.

2183 5025 2202 5057 ι
2237 5004 2316 5060 De
2341 5012 2619 5075 potestate
2651 5004 3006 5062 tenebrarum
3030 5045 3045 5070 ,
3078 5011 3134 5058 et
3166 5000 3455 5059 transtulit
3499 5000 3556 5055 in
3599 5013 3692 5055 re—

2103 5110 2273 5169 gnum
2309 5094 2433 5151 Filii
2465 5097 2783 5153 dilectionis
2830 5109 2983 5163 suae,
3015 5097 3072 5152 in
3122 5106 3232 5167 quo
3284 5094 3555 5151 habemus
3606 5105 3694 5147 re-

2105 5187 2477 5259 demptionem
2499 5227 2514 5255 ,
2552 5186 2940 5245 remissionem
2970 5196 3348 5260 peccatorum.
3385 5204 3406 5239 ι

2183 5366 2445 5423 Tenebrae
2478 5373 2727 5438 potestas
2757 5365 2965 5422 diaboli
3007 5374 3169 5429 sunt,
3205 5361 3305 5435 qui
3342 5362 3401 5418 in
3445 5358 3694 5417 tenebris

2112 5460 2317 5517 habent
2379 5467 2440 5515 ut
2466 5458 2684 5530 possit,
2736 5456 2908 5514 veluti
2968 5454 3062 5513 iur
3114 5457 3172 5513 in
3210 5462 3394 5512 nocte.
3453 5451 3513 5508 In
3583 5451 3693 5507 iliis

2110 5553 2271 5627 207
2304 5568 2436 5611 vero
2487 5551 2586 5625 qui
2637 5551 2695 5608 in
2745 5548 2971 5608 malitia:
3024 5547 3268 5607 tenebris
3319 5560 3433 5603 non
3473 5543 3687 5617 iacent,
