4048 6412
293 332 296 334 -
374 284 479 348 837

1573 293 1635 354 S.
1668 290 1990 355 JOAN'NIS
2031 293 2468 359 DAMASCENI

3547 293 3655 357 888

376 402 646 455 adversus
675 401 814 456 istos
845 399 1275 458 nihildiabolus
1305 401 1446 459 valet
1494 421 1507 458 :
1546 415 1601 458 et
1637 408 1730 477 qui
1763 422 1828 461 ex
1859 413 1963 460 hac

2079 409 2246 482 ἰσχύει
2274 411 2544 476 διάϐολος.
2588 409 2651 464 Οί
2686 407 2744 464 δέ
2775 407 2874 478 τὴν
2907 406 3161 476 ἐξουσίαν
3194 406 3400 479 ταύτην
3440 405 3654 474 ἀποφυ-

378 501 650 562 potestate
702 501 1030 560 evaserunt,
1060 493 1116 548 hi
1155 496 1262 550 sub
1299 510 1470 567 regno
1511 495 1638 551 Filii
1674 506 1828 558 sunt.
1868 513 1960 568 per

375 601 542 656 quem
583 585 922 642 revertimur
954 587 1011 642 in
1044 603 1276 660 regnum
1311 588 1518 646 Patris.
1562 589 1835 656 Quoniam
1867 605 1966 644 au-

377 691 487 734 tem
519 679 733 735 dietum
781 679 886 736 hoc
925 681 993 736 ad
1044 683 1450 741 incarnationis
1481 683 1964 755 dispensationem

377 777 613 840 spectat,
668 770 876 827 idcirco
920 771 1128 827 dicitur
1177 773 1480 830 dilectionis
1521 775 1706 829 Patris
1762 772 1962 840 Filius,

378 862 475 930 qui
535 876 636 932 pro
688 863 1095 920 ministratoria
1138 882 1263 930 sua.
1305 883 1472 938 quam
1518 868 1661 923 inter
1712 867 1966 924 homines

381 955 580 1025 gessit,
615 955 926 1024 iunctione,
961 959 1079 1014 vice
1121 961 1412 1016 hominum
1443 969 1499 1017 et
1531 969 1758 1033 propter
1788 961 1966 1016 homi-

379 1062 480 1102 nes
541 1047 782 1106 dilectus
837 1060 943 1117 est,
987 1061 1042 1107 et
1089 1051 1142 1105 in
1205 1053 1346 1108 servi
1399 1053 1577 1108 forma
1638 1053 1987 1124 adimplevit-

379 1153 502 1209 quae
531 1138 793 1197 deessent
827 1143 1056 1200 mundo.
1104 1143 1207 1199 Per
1251 1147 1563 1216 sanguinem
1598 1146 1722 1216 ejus
1753 1143 1970 1201 redem-~

380 1231 627 1302 ptionem
679 1248 805 1290 esse
851 1233 1056 1290 factam
1108 1235 1266 1291 dicit.
1295 1235 1434 1292 Nam
1468 1237 1590 1292 vice
1642 1235 1805 1308 pretii
1837 1250 1970 1290 san-

380 1324 505 1395 guis
538 1324 757 1381 Domini
801 1326 966 1384 datus
993 1336 1100 1394 est,
1137 1344 1246 1400 quo
1289 1329 1344 1384 in
1400 1330 1580 1386 lucem
1627 1329 1964 1393 educuntur,

379 1416 477 1488 qui
513 1427 689 1475 morte
717 1420 1051 1476 tenebantur
1082 1420 1310 1491 captivi.
1343 1422 1500 1478 Alias
1528 1421 1675 1477 enim
1708 1419 1824 1475 ﬁeri
1855 1434 1966 1473 non

379 1519 589 1580 potest,
628 1519 686 1565 ut
717 1521 1052 1569 revocentur
1084 1515 1175 1584 qui
1210 1529 1382 1585 regno
1427 1514 1624 1570 mortis
1653 1512 1967 1583 subjiciun-

382 1611 500 1668 tur,
545 1603 647 1659 uisi
685 1618 782 1674 per
817 1604 976 1660 illum
1015 1607 1114 1677 qui
1159 1607 1360 1662 mortis
1405 1607 1688 1680 particeps
1721 1606 1964 1671 exstitit,

379 1693 543 1751 nobis
573 1695 677 1751 iter
703 1695 772 1750 ad
803 1696 970 1752 vitam
1009 1698 1246 1768 paravit.

449 1788 613 1858 207
636 1787 918 1844 Vens.15.
938 1808 958 1842 ι
981 1762 1088 1856 Qui
1115 1797 1203 1846 est
1233 1793 1417 1863 imago
1450 1790 1552 1848 Dei
1586 1791 1910 1852 invisibilis.
1938 1812 1959 1848 ι
1993 1762 2038 1820 Β

451 1878 659 1936 Gratiae
711 1882 998 1937 enarratio
1048 1881 1118 1938 ad
1149 1883 1493 1956 theologiam
1531 1886 1795 1940 recurrit.
1825 1885 1962 1942 Nam

376 1985 445 2027 ex
486 1971 810 2042 operatione
841 1987 1009 2043 quam
1059 1973 1115 2029 in
1145 1974 1385 2031 adventu
1421 1991 1523 2031 suo
1551 1977 1834 2046 praestitit,
1867 1977 1965 2033 Dei

377 2069 641 2116 naturam
674 2063 934 2118 novimus
965 2078 1091 2135 quae
1121 2075 1249 2120 ante
1299 2065 1481 2136 ipsius
1518 2065 1821 2122 adventqu
1867 2082 1970 2124 ex-

379 2153 588 2210 stabat.
650 2153 746 2212 Dei
800 2153 1073 2226 siquidem
1106 2170 1248 2227 opus
1291 2164 1400 2222 est,
1437 2158 1720 2213 exstincta
1762 2166 1966 2225 morte,

376 2261 484 2318 pro
521 2261 584 2301 ea
618 2245 792 2301 vitam
837 2247 1084 2311 restitui,
1138 2248 1524 2320 mundumque
1554 2249 1622 2305 ad
1654 2249 1829 2305 Deum
1878 2265 1970 2306 re-

380 2339 594 2395 vocari.
631 2337 762 2395 ideo
788 2337 960 2395 dicit:
993 2340 1084 2411 qui
1113 2349 1192 2396 est
1234 2340 1412 2413 imago
1435 2341 1538 2397 Dei
1567 2343 1878 2410 invisibilis,
1914 2353 1972 2398 ut

381 2439 661 2487 monstret
695 2430 843 2487 hunc
867 2446 992 2488 esse
1040 2431 1237 2496 Deum,
1271 2448 1375 2488 nec
1416 2441 1600 2489 tamen
1635 2435 1819 2504 ipsum
1847 2448 1971 2490 esse

379 2520 629 2589 Patrem,
671 2523 768 2580 sed
805 2523 1103 2594 imaginem
1137 2522 1358 2592 Patris;
1395 2525 1602 2596 quippe
1641 2525 1736 2597 qui
1771 2526 1972 2582 habeat

381 2622 444 2669 ut
474 2612 616 2669 idem
655 2613 729 2670 sit
762 2627 827 2670 ac
850 2614 1108 2681 ille,cum
1140 2615 1360 2672 interim
1395 2616 1515 2688 ipse
1540 2631 1652 2674 non
1679 2618 1772 2675 ille
1799 2617 1890 2674 sit.

457 2808 477 2844 ι
534 2790 943 2863 Primogenitus
992 2793 1175 2850 omnis
1222 2801 1523 2860 creaturae;
1559 2793 1752 2867 [νεεδ.
1783 2795 1847 2850 16
1881 2793 1971 2867 18]

380 2885 643 2957 quoniam
687 2885 745 2939 in
798 2883 922 2956 ipso
973 2885 1197 2941 condita
1250 2896 1382 2942 sunt
1429 2886 1693 2943 universa
1745 2902 1868 2958 quae
1916 2889 1972 2943 in

379 2973 540 3032 oculis
577 2981 631 3030 et
648 2988 770 3045 qum
801 2974 855 3030 in
889 2983 1053 3041 terra,
1086 2975 1325 3030 visibilia
1356 2985 1411 3030 et
1446 2976 1767 3042 invisibilia,
1845 2979 1963 3034 sive

2066 500 2280 569 γόντες,
2314 502 2420 555 ὑπὸ
2442 501 2542 572 τὴν
2570 500 2854 572 βασιλείαν
2879 500 3241 554 καθίστανται
3265 497 3360 552 τοῦ
3391 497 3551 563 Υἰοῦ,
3584 497 3654 550 δι’

2065 584 2128 646 οὗ
2163 592 2611 664 ἐπανατρέχομεν
2655 592 2749 646 ἐπὶ
2787 590 2886 662 τὴν
2929 589 3024 643 τοῦ
3075 575 3291 659 Πατρὸς
3349 585 3652 659 βασιλείαν.

2080 683 2299 754 Ἐπειδὴ
2332 684 2388 737 δέ
2407 684 2508 752 τῆς
2535 682 2676 737 κατὰ
2705 683 2888 753 σάρκα
2916 680 3232 752 οἰκονομίας
3261 678 3332 732 τὰ
3355 678 3654 750 λεγόμενα,

2067 777 2156 831 διὰ
2181 777 2339 832 τοῦτο
2369 776 2590 846 λέγεται
2645 776 2777 843 Υἱὸς
2811 774 2922 846 τῆς
2959 773 3198 845 ἀγάπης
3244 771 3351 826 τοῦ
3388 769 3654 838 Πατρός,

2069 869 2192 923 ἀντὶ
2219 869 2524 940 ἀνθρώπων
2540 869 2638 922 καὶ
2664 869 2804 939 ὑπὲρ
2827 867 2926 925 ἀνθ
2937 867 3133 937 ρώπων
3155 862 3488 935 ἀγαπηθεὶς,
3512 862 3657 915 κατὰ

2069 961 2168 1033 τὴν
2197 963 2254 1014 ἐν
2285 960 2597 1032 ἀνθρώποις
2628 959 3011 1031 λειτουργικὴν
3030 957 3313 1029 ἐνέργειαν
3332 971 3348 987 ·
3385 955 3480 1008 καὶ
3512 953 3655 1007 κατὰ

2069 1056 2169 1123 τὴν
2198 1053 2294 1106 τοῦ
2342 1053 2532 1107 δούλου
2587 1053 2807 1124 μορφὴν
2860 1050 3158 1123 πληρώσας
3189 1048 3260 1101 τὰ
3289 1047 3394 1100 ὑπὸ
3445 1045 3655 1114 κόσμου

2071 1145 2454 1216 ἐλλειπόμενα.
2487 1145 2594 1216 Κιιὶ
2619 1143 2718 1199 διὰ
2744 1143 2852 1198 τοῦ
2882 1143 3134 1213 αἵματος
3167 1137 3336 1194 αὐτοῦ
3367 1138 3518 1206 λέγει
3558 1135 3658 1206 τὴν

2071 1237 2472 1308 ἀπολύτρωσιν.
2504 1235 2720 1308 Λύτρου
2751 1235 2862 1307 γὰρ
2893 1235 3038 1306 λόγῳ
3065 1233 3275 1286 δέδοται
3305 1230 3366 1285 τὸ
3395 1224 3535 1300 αἷμα
3558 1227 3656 1281 τοῦ

2071 1328 2282 1401 Κυρίου
2305 1369 2318 1393 ,
2347 1328 2542 1398 ἐξάγον
2568 1329 2693 1392 τοὺς
2747 1326 2852 1381 ὑπὸ
2889 1325 3125 1380 θανάτου
3163 1321 3549 1395 αἰχμαλώτους
3576 1321 3660 1384 εἰς

2072 1420 2218 1492 ζωήν
2241 1437 2256 1452 ο
2289 1421 2370 1476 ὅτι
2405 1422 2506 1492 οὐχ
2533 1421 2736 1493 ἐτέρως
2775 1413 2888 1472 οἷόν
2916 1435 2975 1472 τε
3015 1412 3085 1490 ἧν
3115 1414 3495 1487 ἐπαναχθῆναι
3528 1413 3660 1476 τοὺς

2071 1514 2178 1568 ὑπὸ
2203 1513 2302 1586 τὴν
2333 1513 2428 1568 τοῦ
2459 1514 2691 1568 θανάτου
2720 1511 3022 1584 βασιλείαν,
3071 1510 3104 1582 ἢ
3138 1509 3236 1563 διὰ
3264 1507 3359 1561 τοῦ
3394 1507 3658 1576 κοινωνή-

2074 1623 2268 1672 σαντος
2301 1608 2439 1679 ἡμῖν
2472 1606 2712 1678 θανάτῳ,
2746 1605 2844 1660 καὶ
2882 1602 3207 1676 ὁδηγοῦντος
3234 1601 3383 1673 ἡμᾶς
3417 1597 3584 1672 ζωήν.

2147 1807 2165 1842 ι
2208 1790 2309 1852 ’⁷ος
2337 1788 2486 1842 ἐστιν
2511 1785 2678 1841 εἰκὼν
2711 1785 2806 1840 τοῦ
2832 1782 2972 1840 Θεοῦ
2999 1782 3096 1838 τοῦ
3119 1779 3380 1854 ἀοράτου.
3419 1799 3439 1832 ι

2153 1886 2221 1940 Ἦ
2251 1886 2352 1957 τῆς
2394 1883 2622 1956 χάριτος
2653 1880 2919 1954 ἐξήγησις
2955 1881 3037 1943 εἰς
3065 1877 3167 1950 τὴν
3209 1875 3496 1944 θεολογίαν
3524 1873 3662 1927 ἀναη

2072 1976 2280 2050 τρέχει.
2299 1975 2432 2030 Ἀπὸ
2466 1975 2575 2046 γὰρ
2600 1974 2699 2044 τῆς
2724 1970 3010 2044 ἐνεργείας
3045 1968 3147 2038 τῆς
3195 1967 3254 2020 ἐν
3283 1969 3352 2037 τῇ
3385 1963 3666 2037 παρουσίᾳ

2071 2066 2416 2139 γινώσκομεν
2441 2065 2541 2136 τὴν
2577 2062 2673 2118 τοῦ
2721 2060 2858 2116 Θεοῦ
2887 2060 3080 2114 οὐσίαν
3111 2059 3212 2130 τὴν
3243 2057 3350 2128 πρὸ
3383 2055 3486 2126 τῆς
3518 2071 3664 2126 παρ-

2069 2159 2279 2224 ουσίας.
2336 2156 2474 2212 Θεοῦ
2519 2156 2629 2230 γὰρ
2681 2155 2878 2229 ἔργον,
2927 2153 2990 2206 τὸ
3026 2150 3217 2205 σϐέσαι
3249 2149 3517 2211 θάνατον,
3567 2145 3668 2200 καὶ

2072 2253 2221 2325 ζωὴν
2271 2251 2742 2320 ἀντικαταστῆσαι
2774 2287 2791 2310 ,
2845 2245 2942 2300 καὶ
2991 2244 3084 2298 τὸν
3141 2244 3348 2314 κόσμον
3397 2242 3477 2304 εἰς
3527 2237 3666 2293 Θεὸν

2072 2344 2462 2413 ἐπαναγαγεῖν.
2500 2340 2602 2394 Διὰ
2631 2338 2792 2393 τοῦτο
2823 2337 3000 2406 λέγει·
3035 2335 3139 2400 ’Ός
3159 2334 3332 2389 ἐστιν
3355 2331 3535 2387 εἰκὼν
3554 2328 3667 2383 τοῦ

2076 2436 2224 2491 Θεοῦ
2256 2434 2362 2490 τοῦ
2385 2431 2668 2502 ἀοράτου,
2694 2431 2783 2485 ἵνα
2816 2429 2912 2483 καὶ
2949 2428 3032 2482 ὅτι
3065 2426 3182 2480 ἐστι
3212 2423 3368 2489 Θεὸς,
3395 2421 3665 2495 ἐπιδείξῃ,

2073 2529 2170 2584 καὶ
2223 2527 2306 2581 ὅτι
2343 2525 2466 2596 οὐχὶ
2496 2528 2524 2578 ὁ
2569 2522 2760 2594 Πατὴρ
2798 2521 2999 2588 αὐτὸς,
3046 2517 3160 2573 ἀλλ’
3211 2514 3376 2573 εἰκὼν
3413 2512 3508 2567 τοῦ
3552 2514 3668 2567 Πα-

2073 2603 2226 2691 τρὸς,
2279 2615 2592 2687 ταυτότητα
2648 2614 2788 2686 έχων
2835 2611 2971 2684 πρὸς
3023 2609 3219 2676 αὑτὸν,
3267 2607 3369 2663 οὐκ
3401 2605 3564 2670 αὐτὸς
3589 2603 3669 2659 ὣν

2075 2713 2302 2775 ἐκεῖνος.

2152 2823 2171 2856 ι
2198 2801 2549 2875 Πρωτότοκος
2574 2798 2758 2870 πάσης
2789 2797 3044 2863 κτίσεως,
3063 2797 3148 2852 ὅτι
3173 2795 3232 2849 ἐν
3261 2792 3411 2865 αὐτῷ
3440 2789 3666 2862 ἐκτίσθη

2075 2897 2143 2952 τὰ
2180 2897 2359 2952 πάντα
2387 2894 2456 2949 τὰ
2483 2897 2540 2949 ἐν
2579 2895 2693 2957 τοῖς
2720 2891 2994 2963 οὐρανοῖς,
3031 2888 3130 2944 καὶ
3155 2887 3227 2942 τὰ
3261 2886 3355 2941 ἐπὶ
3396 2886 3498 2956 τῆς
3534 2883 3664 2953 γῆς.

2077 2989 2144 3042 τὰ
2176 2987 2350 3060 ὁρατὰ
2380 2986 2476 3041 καὶ
2505 2985 2574 3040 τὰ
2603 2985 2835 3056 ἀόρατα,
2855 2983 2967 3036 εἴτε
2996 2981 3212 3054 Θρόνοι,
3251 2979 3362 3033 εἴτε
3390 2975 3666 3046 Κυριότη-

380 3063 617 3135 Thr-oni,
658 3067 778 3123 sive
803 3065 1241 3134 Dominationes,
1295 3069 1413 3124 sive
1439 3067 1817 3140 Principalus,
1851 3071 1968 3127 sive

2079 3100 2187 3146 τες,
2209 3081 2320 3134 εἴτε
2347 3080 2401 3133 Ἀ
2414 3079 2562 3151 ρχαὶ,
2589 3078 2700 3132 εἴτε
2729 3075 3021 3144 Ἐξουσίαι·
3046 3073 3116 3128 τὰ
3148 3072 3332 3129 πάντα
3361 3070 3430 3124 δι’
3455 3067 3623 3123 αὑτοῦ
3650 3106 3665 3132 ,

381 3159 687 3222 Potestates
735 3179 749 3216 :

383 3262 536 3319 sunt,
571 3263 626 3308 et
656 3253 775 3324 ipse
815 3262 899 3310 est
932 3261 1059 3308 ante
1083 3254 1324 3309 omnia.)

459 3344 683 3403 Videsis
710 3345 992 3417 quomodo
1043 3347 1196 3403 illius
1225 3347 1393 3404 etiam
1426 3349 1780 3407 nativitatem
1811 3360 1973 3407 reter-

383 3453 514 3495 nam
543 3453 609 3494 ex
641 3435 805 3494 Patre
842 3437 1130 3509 praedicat,
1193 3453 1436 3510 eumque
1486 3455 1517 3496 a
1567 3440 1739 3498 rebus
1771 3443 1976 3499 creatis

384 3531 651 3598 secernit,
689 3530 823 3596 dum
855 3532 956 3599 ait,
984 3533 1040 3586 in
1068 3531 1186 3604 ipso
1218 3542 1400 3588 creata
1444 3550 1559 3595 esse
1586 3536 1788 3591 omnia.
1815 3535 1976 3604 Quod

385 3625 436 3682 si
467 3624 670 3681 fratres
710 3624 804 3679 alii
853 3630 1057 3694 praeter
1108 3623 1259 3680 hunc
1306 3625 1548 3697 primum
1596 3628 1973 3696 exstitissent,

387 3730 677 3787 nunquam
708 3716 826 3771 haec
855 3714 914 3778 in
944 3715 1068 3786 ipso
1099 3715 1325 3772 condita
1350 3719 1794 3787 pronuntiasset.
1832 3719 1975 3776 Nam

384 3807 555 3864 Pater
586 3805 772 3862 omnia
826 3804 960 3862 fecit
1006 3807 1064 3860 in
1115 3807 1382 3878 sapientia
1410 3810 1456 3842 °"
1487 3829 1502 3867 :
1559 3811 1817 3870 Christus
1842 3827 1977 3870 vero

389 3898 490 3961 Dei
527 3900 696 3954 virtus
717 3906 823 3965 est,
853 3906 904 3952 et
937 3895 1032 3955 Dei
1063 3891 1328 3968 sapientia
1352 3900 1419 3965 ⁸⁸.

467 4011 487 4047 ι
521 3992 590 4047 Et
627 3990 814 4046 omnia
861 3991 916 4045 in
949 3990 1072 4061 ipso
1108 3999 1391 4058 constant,
1434 4005 1494 4050 et
1530 3993 1648 4067 ipse
1683 4006 1770 4052 est
1805 4004 1979 4067 caput

390 4085 644 4157 corporis
696 4083 982 4152 Ecclesiae,
1041 4083 1139 4156 qui
1187 4092 1273 4147 est
1306 4085 1664 4157 principium,
1702 4087 1979 4159 primoge-

388 4180 544 4235 nilus
600 4194 668 4234 ex
708 4179 966 4245 mortuis,
1004 4184 1065 4233 ut
1101 4177 1176 4235 sit
1210 4176 1266 4232 in
1317 4177 1582 4236 omnibus
1612 4179 1730 4251 ipse
1767 4179 1980 4251 prima-

389 4279 507 4336 tum
539 4279 759 4341 tenens,
795 4289 816 4327 ι

463 4362 532 4420 Et
559 4365 614 4419 in
646 4363 790 4435 ipso,
841 4363 1042 4436 inquit,
1101 4364 1361 4424 universa
1415 4371 1604 4422 creata
1658 4374 1808 4434 sunt,
1837 4373 1890 4421 et
1922 4363 1978 4419 in

811 3161 999 3217 omnia
1050 3177 1149 3233 per
1198 3163 1379 3234 ipsum
1423 3172 1477 3220 et
1508 3165 1566 3220 in
1617 3165 1738 3236 ipso
1771 3175 1965 3222 creata

2079 3176 2174 3228 καὶ
2204 3175 2284 3238 εἰς
2334 3172 2499 3228 αὐτὸν
2543 3170 2791 3226 ἔκτισται
2817 3210 2832 3235 ,
2887 3168 2985 3223 καὶ
3017 3159 3176 3232 οὗτός
3223 3167 3342 3220 ἐστι
3387 3161 3497 3234 πρὸ
3528 3161 3671 3216 πάν-

2078 3281 2187 3319 των
2195 3305 2208 3319 .
2251 3283 2270 3317 ι

2155 3357 2298 3426 Ὀρα
2347 3353 2468 3419 πῶς
2507 3353 2603 3408 καὶ
2634 3350 2735 3425 τὴν
2768 3351 2835 3406 ἐκ
2870 3348 3088 3420 Πατρὸς
3133 3345 3302 3403 αὐτοῦ
3338 3341 3671 3417 πρωιὼνιον

2081 3449 2344 3524 κηρύττει
2378 3447 2660 3517 γέννησιν,
2692 3446 2787 3501 καὶ
2818 3443 2928 3499 τῶν
2956 3440 3278 3513 κτισμάτων
3307 3437 3474 3492 αὑτὸν
3501 3433 3671 3524 χωρίξ

2082 3522 2186 3607 ζει,
2216 3537 2296 3610 τῷ
2323 3537 2527 3607 λέγειν,
2557 3536 2628 3590 ἐν
2661 3532 2826 3601 αὐτῷ
2861 3532 3114 3600 ἐκτίσθη
3154 3531 3226 3584 τὰ
3257 3526 3477 3583 πάντα.
3516 3525 3581 3578 Εἰ
3612 3522 3670 3580 δὲ

2081 3632 2382 3703 ἀδελφότης
2422 3625 2491 3703 ἦν
2532 3628 2664 3684 υἰῶν
2691 3625 2962 3699 δευτέρων
3002 3625 3096 3678 ἐπὶ
3144 3621 3224 3694 τῷ
3278 3621 3482 3693 πρώτῳ
3513 3634 3671 3687 γενο-

2085 3727 2284 3799 μένων,
2317 3725 2418 3778 οὐκ
2462 3723 2529 3778 ἂν
2567 3722 2628 3775 ἐν
2669 3719 2823 3791 αύτῷ
2869 3719 3058 3789 ἔλεγεν
3105 3714 3246 3771 αὐτὰ
3278 3711 3547 3768 ἐκτίσθαι.
3591 3706 3672 3780 Τῇ

2081 3818 2194 3888 γὰρ
2245 3815 2433 3884 σοφίᾳ
2487 3811 2666 3866 πάντα
2711 3809 2976 3880 ἐποίησεν
3019 3808 3048 3861 ὁ
3092 3804 3318 3875 Πατὴρ,
3347 3801 3586 3874 Χριστὸς
3615 3799 3674 3852 δέ

2079 3908 2214 3964 ἐστὶ
2245 3907 2396 3963 Θεοῦ
2428 3905 2686 3976 δύναμις
2709 3903 2810 3959 καί
2843 3900 3052 3971 σοφία.

2159 4019 2178 4053 ι
2217 4000 2330 4055 Καὶ
2373 3999 2443 4053 τὰ
2492 3997 2674 4053 πάντα
2722 3998 2780 4050 ἐν
2818 3992 2969 4064 αύτῷ
3002 3990 3306 4061 συνέστηκε
3329 4027 3344 4055 ,
3379 3985 3478 4042 καὶ
3512 3982 3676 4046 αὐτός

2081 4092 2235 4146 ἐστιν
2284 4093 2316 4162 ἠ
2356 4089 2572 4161 κεφαλὴ
2616 4088 2716 4159 τῆς
2769 4083 3144 4156 Ἐκκλησίας,
3182 4081 3243 4145 ὃς
3287 4079 3440 4133 ἐστιν
3488 4073 3676 4149 ἀρχὴ,

2082 4181 2435 4256 πρωτότοκος
2479 4183 2545 4234 ἐκ
2592 4177 2702 4232 τῶν
2742 4175 2979 4248 νεκρῶν,
3011 4173 3100 4228 ἰνα
3137 4170 3371 4242 γένηται
3418 4168 3479 4224 ἐν
3508 4163 3677 4222 πᾶσιν

2083 4276 2250 4340 αὐτὸς
2279 4273 2602 4348 πρωτεύων.
2635 4291 2654 4324 ι

2156 4371 2268 4426 Καὶ
2301 4371 2360 4423 ἐν
2400 4366 2568 4439 αὐτῷ,
2595 4365 2869 4430 ἔκτισται,
2894 4360 3060 4434 φησὶ,
3083 4359 3154 4414 τὰ
3198 4357 3378 4414 πάντα
3403 4396 3420 4423 ,
3469 4353 3568 4412 καὶ
3623 4357 3681 4410 ἐν

388 4459 512 4530 ipso
545 4455 883 4524 consistunt,
937 4462 993 4512 et
1050 4453 1171 4526 ipse
1236 4462 1324 4512 est
1372 4463 1565 4528 caput,
1621 4464 1678 4512 et
1738 4465 1975 4527 utraque

2083 4463 2235 4536 αὐτῷ
2268 4463 2626 4532 συνέστηκεν,
2654 4456 2751 4516 καὶ
2781 4456 2948 4520 αὐτός
2981 4457 3100 4509 ἐστι
3130 4451 3346 4524 κεφαλὴ
3369 4490 3385 4517 ,
3425 4450 3524 4504 καὶ
3571 4449 3682 4518 ἁμ-

390 4551 721 4622 compingit,
767 4556 886 4605 tum
946 4565 1070 4620 quae
1129 4549 1419 4620 theologia:
1471 4557 1626 4617 sunt,
1684 4557 1803 4606 tum
1857 4567 1983 4623 qua:

390 4643 810 4715 exinanitionis.
834 4704 841 4711 ,
866 4643 1009 4699 Nam
1055 4643 1106 4701 is
1144 4650 1229 4704 est
1281 4643 1378 4716 qui
1413 4650 1544 4706 ante
1576 4644 1779 4699 szecula
1811 4653 1982 4706 natus

391 4745 498 4803 est,
537 4736 632 4809 qui
663 4743 720 4793 et
777 4734 1186 4808 primogenitus
1233 4749 1300 4795 ex
1351 4735 1612 4795 mortuis.
1669 4737 1816 4804 Eum
1850 4751 1982 4793 vero

392 4830 690 4902 primatum
720 4838 893 4884 tenere
921 4827 1094 4896 dicit,
1124 4842 1238 4883 non
1277 4834 1340 4882 ut
1383 4828 1686 4899 primatum
1721 4838 1852 4886 ante
1885 4843 1983 4886 ac-

395 4926 626 4991 ceperit,
664 4920 762 4976 sed
811 4926 1090 4990 quatenus
1142 4933 1248 4980 nos
1278 4918 1456 4990 gloria
1491 4919 1594 4974 ista
1625 4920 1880 4987 donavit,
1923 4929 1984 4976 ut

397 5013 516 5084 ipse
567 5012 733 5071 nobis
785 5003 1046 5082 anteiret.
1107 5009 1226 5072 Hoc
1293 5011 1567 5082 siquidem
1633 5021 1797 5083 pacto
1852 5014 1988 5085 ipsa:

395 5119 622 5177 quoque
649 5119 743 5160 res
781 5103 1024 5158 conditae
1073 5117 1455 5174 permansurae
1485 5113 1669 5173 erant,
1701 5115 1762 5161 ut
1787 5122 1818 5162 a
1848 5121 1988 5162 con-

397 5201 583 5256 ditore
611 5213 713 5256 suo
758 5195 1091 5269 penderent,
1121 5193 1548 5268 eﬂugerentque
1575 5198 1987 5269 corruptelam,

393 5307 568 5364 quam
654 5288 929 5346 sustinuit
1007 5278 1263 5343 interitui
1349 5286 1652 5344 fracturam
1725 5290 1982 5359 tradens;

397 5380 870 5454 quemadmodum
915 5379 1030 5451 ipse
1065 5375 1276 5446 Paulus
1319 5379 1603 5449 enarravit
1644 5380 1698 5435 ln
1738 5379 1985 5452 Epistula

400 5475 470 5540 ad
503 5473 773 5544 Ephesios
799 5472 866 5525 ⁸⁸.
978 5539 985 5547 _

466 5566 634 5622 Vens.
669 5563 759 5630 19,
784 5562 874 5620 20.
913 5583 932 5616 ι
965 5561 1103 5631 Quia
1135 5558 1192 5618 in
1230 5561 1353 5632 ipso
1401 5563 1739 5635 complacuit
1767 5579 1990 5621 omnem

2086 4557 2295 4629 φότερα
2325 4554 2591 4624 συνάγει,
2639 4551 2712 4606 τά
2740 4567 2800 4604 τε
2847 4547 2951 4620 τῆς
2979 4545 3266 4615 θεολογίας
3290 4584 3306 4609 ,
3338 4542 3437 4598 καὶ
3483 4540 3555 4596 τὰ
3578 4539 3683 4608 τῆς

2086 4645 2394 4710 κενώσεως.
2450 4642 2626 4706 Αὐτὸς
2659 4639 2792 4712 γὰρ,
2847 4635 3219 4710 φησὶν,·ἐστὶν
3251 4635 3279 4687 ὁ
3310 4631 3420 4704 πρὸ
3467 4629 3682 4684 αἰώνων

2085 4737 2370 4813 γεννηθεὶς
2389 4777 2404 4804 ,
2436 4737 2465 4791 ὁ
2492 4734 2590 4790 καὶ
2634 4731 2985 4807 πρωτότοκος
3011 4733 3077 4785 ἐκ
3113 4728 3226 4783 τῶν
3249 4724 3486 4797 νεκρῶν.
3516 4725 3682 4791 Πρω-

2086 4833 2288 4889 τεύειν
2314 4829 2374 4885 δὲ
2406 4827 2573 4885 αὑτὸν
2601 4827 2756 4895 λέγει
2780 4865 2797 4892 ,
2827 4825 2928 4896 οὐχ
2955 4823 3033 4888 ὡς
3054 4822 3116 4878 τὸ
3139 4819 3448 4893 πρωτεύειν
3472 4814 3682 4889 προλα-

2091 4924 2280 4989 ϐόντα,
2311 4920 2430 4977 ἀλλ’
2459 4919 2536 4984 ὡς
2557 4917 2718 4986 δόξαν
2749 4918 2886 4989 ἡμῖν
2908 4914 3006 4970 τοῦ
3038 4911 3422 4988 πρωτεύέσθαι
3462 4910 3555 4963 ὑπ’
3583 4906 3683 4962 a6-

2091 5017 2189 5073 τοῦ
2221 5015 2606 5090 χαριζόμενον.
2637 5011 2796 5068 Οὕτω
2823 5009 2935 5081 γὰρ
2965 5009 3062 5063 καὶ
3079 5006 3358 5078 διαμένειν
3389 5003 3585 5075 ἔμελλε
3613 4999 3683 5055 τὰ

2095 5112 2397 5181 ποιήματα,
2431 5103 2804 5178 ἐξαρτηθέντα
2830 5101 2928 5158 τοῦ
2967 5097 3306 5173 δημιουργοῦ
3339 5097 3437 5152 καὶ
3469 5097 3682 5150 ἀποπε-

2095 5202 2339 5274 φευγότα
2364 5199 2462 5272 τὴν
2501 5197 2732 5272 φθορὰν,
2768 5199 2835 5269 ἢν
2863 5197 3160 5266 ὑπέμεινεν
3185 5194 3245 5246 ἐν
3274 5191 3355 5263 τῷ
3384 5189 3486 5262 τὴν
3528 5187 3684 5274 διὰῥέ

2099 5273 2258 5368 βηξιν
2290 5293 2372 5356 εἰς
2405 5288 2615 5362 φθορὰν
2673 5284 3035 5361 μεταϐάλλειν
3132 5274 3460 5356 ὅπερεῖπεν
3518 5277 3577 5331 ἐν
3610 5273 3681 5346 τῇ

2091 5385 2230 5459 πρὸς
2275 5382 2578 5455 Ἐφεσίους,

2180 5584 2198 5617 ι
2232 5564 2360 5618 ’Ότι
2392 5562 2458 5622 ἐν»
2491 5556 2645 5632 αὐτῷ
2675 5555 2947 5630 ηὐδόκησε
2969 5553 3079 5609 πᾶν
3108 5551 3168 5607 τὸ
3194 5547 3473 5623 πλήρωμα
3503 5557 3679 5600 κατοις

466 5739 686 5814 ρτρεει.
726 5745 964 5816 οιιι,24.
1055 5746 1320 5807 “lCor.
1359 5747 1523 5815 1,24.
1600 5747 1645 5785 ι’
1680 5745 1977 5824 Εριιεε.ιιν
2019 5743 2110 5820 15»
2167 5743 2258 5813 υτ
