4048 6440
487 352 592 421 839

1547 355 1628 415 IN
1669 355 1905 418 EPIST.
1949 356 2050 416 AD
2083 352 2622 419 COLOSSENSES.

3651 356 3754 421 890

452 538 456 546 τ
487 472 692 537 aequat,
740 468 837 523 καὶ
863 469 930 524 δι’
972 467 1138 524 αὑτοῦ
1178 469 1628 534 ἀποκαταλλάξαι
1669 471 1738 524 τά
1776 472 1955 526 πάντα
1985 473 2063 535 εἰς

2169 471 2570 542 plenitudinem
2626 469 2960 536 inhabitare,
2993 479 3048 528 et
3075 482 3175 542 per
3227 485 3351 528 eum
3394 472 3755 526 reconciliare

484 561 668 628 αὑτὸν,
709 562 1133 634 εἰρηνοποιήσας
1162 561 1253 615 διὰ
1283 559 1381 614 τοῦ
1427 561 1660 632 αἵματος
1689 562 1786 616 τοῦ
1828 561 2065 634 σταυροῦ

485 654 651 708 αὐτοῦ
712 655 780 709 δι’
816 655 1004 722 αὐτοῦ,
1049 654 1160 709 εῐτε
1201 656 1270 710 τὰ
1314 655 1408 709 ἐπὶ
1438 656 1539 726 τῆς
1598 656 1723 728 γῆς,
1764 655 1876 710 εῐτε
1908 657 1978 713 τά
2009 657 2068 711 ἐν

483 748 597 810 τοῖς
626 747 686 800 οὐ
695 749 899 817 ρανοῖς.
942 766 960 799 ι
1711 768 1714 771 τ

558 839 682 893 Ὅτι
718 842 775 893 ἐν
809 839 958 910 αὐτῷ
1002 839 1304 911 ηὐδόκησεν
1350 839 1947 910 ἀνακεφαλαιώσασθαι
1997 839 2069 896 τά

486 931 664 986 πάντα
696 931 765 985 τὰ
790 933 847 987 ἐν
880 933 994 996 τοῖς
1023 933 1294 1003 οὐρανοῖς,
1323 935 1417 988 καὶ
1435 933 1505 988 τὰ
1527 935 1621 988 ἐπὶ
1648 937 1748 1006 τῆς
1772 935 1896 1005 γῆς.
1925 934 2070 989 οὕτω

487 1021 583 1075 καὶ
616 1020 849 1075 ἐνταῦθα
870 1021 1033 1076 πάλιν
1053 1022 1201 1091 λέγει
1248 1023 1316 1076 δι’
1363 1024 1567 1094 ἐτέρων
1596 1022 1818 1089 λέξεων.
1868 1024 1927 1076 ’0
1959 1023 2068 1094 γὰρ

488 1112 718 1176 θάνατος
746 1112 840 1166 τοῦ
881 1114 1119 1186 Χριστοῦ
1141 1153 1156 1178 ,
1195 1115 1292 1170 καὶ
1319 1115 1412 1170 τὸν
1449 1115 1736 1186 ἄνθρωπον
1764 1115 2065 1179 ἀνέσωσεν,

486 1205 581 1258 καὶ
599 1199 1036 1274 ἀνεστοιχείωσε,
1055 1207 1151 1259 καὶ
1173 1207 1300 1270 τοὺς
1321 1207 1585 1274 ἀγγέλους
1613 1209 1694 1271 εἰς
1715 1209 1816 1280 τὴν
1834 1207 2068 1279 ἀρχαίαν

485 1296 664 1366 ήγαγε
687 1295 864 1368 χαρὰν
895 1298 1216 1368 σωζομένων
1251 1297 1586 1372 ἀνθρώπων,
1621 1301 1716 1354 καὶ
1747 1300 1956 1372 συνῆψε
1999 1299 2070 1354 τά

488 1387 641 1440 κάτω
671 1389 784 1450 τοῖς
814 1387 927 1441 ἀνω
946 1404 960 1419 ·
989 1390 1084 1456 καὶ
1117 1388 1276 1443 τοῦτό
1303 1392 1422 1444 ἐστι
1447 1391 1508 1444 τὸ
1527 1432 1542 1456 ,
1571 1391 2070 1456 ἀποκαταλλάξαι

483 1477 558 1530 τὰ
604 1476 822 1534 πάντα.
875 1479 1131 1551 Ἐποίησε
1176 1485 1286 1554 γὰρ
1327 1484 1570 1556 εἰρήνην,
1605 1485 1700 1537 καὶ
1733 1484 1834 1555 τὴν
1868 1483 2069 1554 ἔχθραν

483 1564 621 1640 ἦρεν
647 1571 710 1622 ἐκ
737 1568 830 1622 τοῦ
873 1573 1063 1641 μέσου.
1098 1574 1190 1626 Διὸ
1213 1575 1310 1628 καὶ¹
1331 1574 1516 1644 ἔλεγον
1545 1577 1595 1628 οἱ
1624 1576 1848 1645 ἄγγελοι
1866 1618 1880 1642 ,
1915 1575 2071 1641 Δόξα

485 1663 554 1716 ἐν
579 1663 862 1731 ὑψίστοις
890 1662 1035 1729 Θεῷ,
1069 1666 1167 1718 καὶ
1194 1665 1292 1720 ἐπὶ
1311 1665 1428 1736 τῆς
1449 1666 1680 1735 εἰρήνη.

563 1772 582 1804 ι
631 1755 742 1807 Καὶ
786 1754 931 1825 ὑμᾶς
981 1756 1114 1810 ποτὲ
1168 1757 1330 1820 ὄντας
1376 1758 1931 1830 ἀπηλλοτριωμένους
1975 1757 2070 1813 καὶ

484 1843 718 1914 ἐχθροὺς
749 1847 814 1915 τῇ
861 1845 1074 1916 διανοίᾳ
1095 1888 1108 1912 ,
1142 1849 1201 1899 ἐν
1234 1849 1351 1911 τοῖς
1388 1847 1572 1920 ἔργοις
1618 1851 1732 1912 τοῖς
1783 1851 2064 1920 πονηροῖς,

484 1938 603 1991 νυνί
633 1936 690 1990 δέ
742 1938 1190 2010 ἀποκατήλλαξεν
1225 1942 1284 1994 ἐν
1324 1941 1404 2012 τῷ
1452 1942 1664 2012 σώματι
1715 1943 1814 2006 τῆς
1861 1944 2066 2012 σαρκὸς

482 2027 650 2082 αὐτοῦ
679 2027 770 2082 διὰ
809 2029 902 2083 τοῦ
954 2030 1219 2102 θανάτου,
1273 2033 1632 2104 παραστῆσαι
1687 2034 1834 2104 ὑμᾶς
1873 2034 2065 2102 ἀγίους

483 2119 578 2174 καί
612 2119 900 2189 ἀμώμους,
934 2123 1029 2176 καὶ
1061 2124 1426 2195 ἀνεγκλήτους
1457 2125 1797 2180 κατενώπιον
1821 2125 2009 2181 αὐτοῦ.
2041 2147 2061 2180 ι

575 2209 794 2283 Ἐχθροὶ
853 2208 996 2283 ἦσαν
1047 2217 1114 2286 τῇ
1159 2215 1372 2288 διανοίᾳ
1419 2218 1471 2270 οἱ
1511 2219 1914 2290 κεχωρισμένοι
1968 2219 2065 2272 τοῦ

494 2302 713 2374 Ἰσραὴλ
743 2304 830 2358 διὰ
878 2305 938 2359 τδ
981 2308 1038 2360 ἐν
1082 2307 1269 2379 ἔργοις
1310 2305 1452 2363 εἶναι
1487 2313 1772 2382 πονηροῖς.
1821 2311 1932 2382 Τὴν
1967 2311 2065 2382 μὲν

479 2397 945 2468 προϋπάρχουσαν
975 2398 1196 2471 ἔχθραν,
1221 2401 1312 2456 διά
1355 2403 1456 2474 τὴν
1487 2403 1687 2457 κακίαν
1713 2403 1808 2458 καὶ
1829 2404 2065 2474 ἀνομίαν

478 2491 562 2554 εἰς
602 2490 785 2560 φιλίαν
815 2491 1134 2563 ἐληλυθέναι
1183 2495 1339 2566 φησὶ,
1371 2495 1460 2548 διὰ
1499 2496 1562 2549 τὸ
1598 2495 1944 2568 νεκρωθῆναι
1973 2497 2064 2553 τὸν

475 2579 580 2648 τῆς
607 2579 810 2652 σαρκὸς
847 2581 983 2651 βίον,
1027 2583 1120 2636 τὸν
1162 2584 1219 2637 ἐν
1251 2585 1384 2655 ἡμῖν
1420 2585 1520 2655 μὲν
1556 2586 1973 2658 ἐρρυπωμένον,
2005 2588 2064 2639 ἐν

477 2671 703 2744 Χριστῷ
728 2674 784 2727 δέ
813 2674 1056 2746 καθαρὸν
1081 2718 1096 2741 ,
1143 2674 1371 2730 δοθέντα
1399 2676 1459 2730 δὲ
1489 2677 1642 2748 ὅμως
1671 2679 1752 2741 είς
1794 2677 2064 2750 νέκρωσιν

479 2763 622 2835 ὑπὲρ
660 2758 774 2818 τοῦ
792 2765 892 2836 τὴν
923 2769 982 2820 ἐν
1006 2765 1085 2837 τῷ
1111 2765 1210 2838 βίῳ
1254 2766 1430 2839 τούτῳ
1451 2769 1583 2839 παρ’
1627 2770 1761 2841 ἡμῖν
1787 2786 2065 2841 κεκρατη-

476 2858 636 2911 κυῖαν
665 2858 943 2929 ἁμαρτίαν
973 2860 1038 2913 ἐκ
1077 2859 1298 2931 βάθρων
1325 2859 1706 2933 ἀναιρεθῆναι,
1743 2860 1885 2916 ὥστε
1913 2863 2064 2933 ἡμᾶς

2168 563 2350 617 omnia
2378 563 2435 619 in
2466 563 2670 632 ipsum,
2727 561 3025 632 paciﬁcans
3077 579 3174 634 per
3213 563 3536 632 sanguinem
3570 563 3755 617 crucis

2168 653 2310 724 ejus,
2359 669 2455 725 per
2507 655 2706 724 ipsum,
2764 655 2881 710 sive
2933 670 3055 726 quae
3096 657 3154 710 in
3211 656 3397 721 terris,
3457 655 3574 710 sive
3633 669 3756 724 qnze

2169 747 2223 802 in
2269 746 2424 802 caelis
2453 755 2604 802 sunt.
2649 765 2668 799 ι

2238 837 2299 894 ιιι
2328 840 2436 895 hoc
2463 854 2686 910 quoque
2733 839 2860 894 loco
2885 839 3072 895 verbis
3114 839 3241 894 aliis
3266 840 3548 904 enuntiat,
3586 838 3754 908 208

2170 929 2283 985 Deo
2316 931 2711 1003 complacitum
2743 930 2940 999 fuisse,
2982 939 3043 987 ut
3070 933 3125 986 in
3159 932 3384 988 Christo
3414 935 3751 988 instauraret

2171 1025 2429 1078 universa
2484 1039 2608 1094 quae
2659 1025 2715 1078 in
2773 1025 2954 1091 coelis,
3009 1033 3066 1079 et
3129 1039 3254 1094 quae
3311 1025 3364 1077 in
3408 1025 3575 1079 terris
3599 1034 3749 1078 sunt.

2169 1114 2304 1169 Nam
2339 1115 2548 1171 Chriin
2581 1131 2755 1183 mors,
2794 1132 2920 1172 cum
2948 1117 3230 1172 hominem
3261 1117 3472 1170 salvum
3507 1116 3637 1170 fecit
3669 1132 3756 1170 re-

2171 1207 2635 1278 dintegravitque,
2669 1217 2786 1263 tum
2819 1209 3035 1279 angelis
3064 1207 3323 1278 gaudium
3362 1207 3599 1262 reddidit
3637 1209 3756 1276 pri-

2172 1299 2378 1356 stinum
2439 1309 2669 1372 propter
2723 1288 2961 1357 salutem
3021 1301 3334 1364 hominum,
3383 1311 3439 1355 et
3489 1299 3756 1355 inferiora

2171 1390 2554 1461 superioribus
2622 1391 2942 1461 copulavit:
2998 1398 3166 1462 atque
3221 1391 3325 1445 hoc
3385 1398 3494 1454 est,
3530 1390 3756 1443 reconci-

2173 1483 2310 1537 liare
2359 1483 2562 1537 omnia.
2621 1483 2837 1537 Etenim
2877 1497 3068 1554 pacem
3107 1481 3262 1547 fecit,
3318 1481 3757 1550 inimicitiasque

2172 1574 2405 1631 sustulit
2463 1589 2494 1630 e
2547 1573 2751 1629 medio.
2805 1573 3159 1644 Quapropter
3214 1573 3391 1644 angeli
3451 1572 3754 1627 dicebant:

2153 1663 2362 1718 ’ϐίοι-ἔα
2397 1663 2456 1716 in
2483 1663 2706 1718 excelsis
2737 1662 2869 1730 Deo,
2897 1671 2947 1716 et
2977 1663 3034 1716 in
3065 1671 3204 1716 terra
3230 1677 3339 1731 pax
3373 1663 3442 1718 "°.

2250 1759 2417 1815 Vens.
2444 1758 2540 1824 2|,
2599 1758 2694 1814 22.
2733 1776 2752 1810 ι
2788 1756 2856 1811 Et
2900 1771 3002 1812 vos
3052 1771 3179 1812 cum
3220 1755 3421 1812 essetis
3458 1755 3757 1825 aliquando

2101 1819 2145 1875 Β
2175 1845 2423 1910 alienati,
2453 1855 2509 1899 et
2545 1843 2755 1899 inimici
2801 1857 2970 1899 sensu
3003 1843 3058 1898 in
3093 1840 3354 1912 operibus
3388 1841 3572 1908 malis,
3605 1855 3758 1895 nunc

2175 1947 2360 1993 autem
2414 1936 2793 1992 reconciliavit
2849 1935 2906 1990 in
2959 1948 3196 2006 corpore
3243 1933 3428 1990 carnis
3482 1933 3603 2003 ejus
3657 1946 3756 2002 per

2175 2037 2429 2094 mortem,
2476 2029 2739 2084 exhibere
2768 2043 2866 2084 vos
2888 2035 3136 2094 sanctos,
3169 2033 3224 2083 et
3259 2025 3664 2090 immaculatos,
3700 2030 3756 2079 et

2174 2117 2698 2189 irrepreliensihiles
2729 2131 2921 2172 coram
2960 2116 3103 2187 ipso.
3137 2133 3155 2167 ι

2246 2209 2417 2264 Sensu
2478 2215 2640 2264 erant
2693 2208 2949 2270 inimici,
3029 2207 3124 2277 qui
3189 2205 3624 2278 segregabantur
3685 2203 3756 2259 ab

2173 2299 2365 2366 Israel,
2403 2315 2527 2355 cum
2573 2314 2801 2371 operam
2853 2298 3016 2355 malis
3073 2298 3334 2368 operibus
3383 2298 3598 2354 darent.
3630 2296 3754 2351 Pri-

2174 2399 2352 2454 stinas
2377 2397 2600 2468 quidem
2658 2395 3004 2462 inimicitias,
3059 2410 3199 2466 quas
3231 2393 3439 2449 malitia
3469 2402 3520 2448 et
3547 2391 3759 2461 iniqui-

2173 2499 2259 2546 tas
2290 2499 2643 2562 pepererant,
2688 2490 2745 2543 in
2800 2487 3104 2543 amicitiam
3153 2503 3282 2544 esse
3311 2493 3558 2541 mutatas
3592 2483 3754 2549 dicit,

2173 2585 2283 2638 vita
2315 2582 2502 2638 carnis
2547 2581 2848 2647 exstincta,
2902 2595 3025 2651 qua:
3052 2579 3301 2651 quidem,
3323 2594 3450 2634 eum
3483 2578 3540 2633 in
3593 2577 3756 2632 nobis

2171 2675 2511 2742 sorduisset,
2570 2676 2626 2730 in
2662 2673 2888 2729 Christo
2932 2673 3138 2728 munda
3182 2671 3326 2727 facta
3371 2679 3457 2727 est
3496 2686 3510 2723 :
3549 2670 3756 2740 quippe

2170 2780 2294 2836 quae
2339 2765 2465 2820 data
2521 2763 2628 2818 l‘uit
2668 2765 2737 2819 ad
2775 2763 3286 2828 mortiﬁcationem,
3328 2768 3388 2816 ut
3438 2768 3757 2831 peceatum,

2170 2856 2316 2926 quod
2349 2856 2406 2910 in
2437 2855 2543 2910 hac
2575 2855 2689 2910 vita
2723 2855 3069 2910 dominatum
3119 2853 3176 2909 in
3207 2853 3370 2909 nobis
3416 2851 3614 2918 fuerat,
3659 2864 3754 2905 ra-

2170 2947 2376 3003 dicitus
2403 2947 2717 3012 tolleretur,
2746 2961 2856 3017 quo
2889 2961 2992 3002 nos
3022 2951 3091 3003 ex
3136 2945 3376 3001 mortuis
3411 2943 3580 2998 vitam
3613 2943 3752 2997 alte-

2172 3055 2288 3093 ram
2327 3045 2560 3106 agentes
2613 3043 3153 3108 repraesentaremur
3203 3035 3337 3101 Deo,
3371 3049 3474 3089 nec
3503 3048 3754 3089 essemus

473 2947 599 3001 καθ’
636 2949 830 3020 ἑτέραν
865 2949 1016 3022 ζωὴν
1040 2952 1142 3023 τὴν
1175 2953 1240 3004 ἐκ
1276 2951 1489 3024 νεκρῶν
1518 2955 1871 3026 παραστῆναι
1899 2955 2021 3026 Θεῷ
2042 2997 2059 3025 ,

475 3038 675 3104 μηκέτι
703 3037 922 3108 ἐνόχους
945 3040 1060 3104 τοῖς
1085 3040 1406 3111 ἐγκλήμασι
1433 3042 1536 3114 τῆς
1557 3043 1840 3116 προτέρας
1868 3044 2018 3116 ζωῆς
2043 3085 2058 3109 ,

471 3125 586 3234 ὅσοι
614 3126 816 3200 δηλαδή
842 3130 1320 3204 συμμορφούμεθα
1347 3131 1427 3205 τῷ
1449 3131 1666 3204 θανάτῳ
1691 3136 1786 3189 καὶ
1819 3137 1886 3206 τῇ
1928 3137 2062 3190 ἀνα-

2171 3131 2436 3200 deinceps
2477 3129 2785 3184 anterioris
2821 3128 2951 3182 vitae
2997 3125 3294 3182 criminum
3339 3123 3457 3190 rei;
3485 3129 3756 3193 quotquot

473 3218 664 3274 στάσει
693 3219 788 3274 τοῦ
811 3221 1076 3294 Χριστοῦ.

2169 3221 2432 3275 nimirum
2469 3219 2804 3276 conformati
2838 3232 3038 3276 sumus
3079 3218 3149 3274 ad
3182 3223 3419 3273 mortem
3471 3222 3527 3271 et
3560 3228 3753 3271 resur-

2165 3315 2471 3368 rectionem
2497 3311 2729 3368 Christi.

549 3417 569 3453 ι
609 3399 682 3455 Et
707 3417 772 3470 γε
804 3399 1094 3475 ἐπιμένετε
1129 3404 1197 3476 τῇ
1235 3403 1418 3460 πίστει
1463 3405 1927 3480 τεθεμελιωμένοι
1965 3411 2062 3465 καὶ

2235 3402 2408 3460 Vens.
2433 3403 2526 3460 23.
2557 3421 2578 3456 ι
2617 3403 2673 3459 Si
2700 3411 2886 3459 tamen
2919 3401 3260 3474 permanetis
3289 3401 3347 3456 in
3380 3399 3485 3456 (ide
3516 3399 3750 3466 fundati,

470 3491 678 3564 ἑδραῖοι
702 3533 718 3559 ,
765 3493 863 3547 καὶ
915 3494 991 3566 μὴ
1039 3496 1494 3569 μετακινούμενοι
1541 3500 1652 3554 ἀπὺ
1675 3500 1802 3572 ζτῆς
1841 3503 2063 3568 ἐλπίδος

2169 3506 2220 3554 et
2257 3498 2505 3562 stabiles,
2557 3505 2614 3553 et
2675 3495 2992 3552 immobiles
3021 3509 3051 3550 a
3106 3501 3224 3564 spe‘
3261 3492 3570 3564 Evangelii,
3601 3491 3750 3562 quod

468 3583 568 3639 τοῦ
604 3585 945 3654 Εὐαγγελίου
973 3627 988 3652 ,
1022 3581 1084 3643 οὗ
1115 3589 1414 3659 ἠκούσατε,
1447 3591 1544 3646 τοῦ
1593 3593 1968 3666 κηρυχθέντος
2002 3598 2062 3650 ἐν

2169 3589 2423 3655 audistis,
2481 3587 2630 3659 quod
2679 3588 3042 3658 praedicatum
3079 3595 3167 3644 est
3200 3587 3256 3642 in
3301 3586 3561 3641 universa
3592 3597 3746 3640 crea-

469 3676 621 3748 πάσῃ
650 3679 717 3748 τῇ
748 3679 925 3732 κτίσει
953 3683 1019 3752 τῇ
1054 3680 1162 3735 ὑπὸ
1183 3681 1275 3736 τὸν
1296 3682 1550 3756 οὐρανὸν,
1566 3678 1632 3740 οῦ
1653 3685 1926 3758 ἐγενόμην
1947 3687 2060 3757 ἐγὼ

2169 3684 2310 3743 tura,
2373 3692 2500 3748 quat
2549 3675 2657 3734 sub
2709 3676 2855 3732 caelo
2907 3684 3028 3743 est;
3087 3674 3248 3745 cujus
3277 3673 3458 3730 Iactus
3498 3687 3620 3730 sum
3650 3687 3751 3744 ego

469 3765 682 3830 Παῦλος
702 3767 971 3833 διάκονος.
1009 3788 1030 3823 ι

2169 3771 2441 3827 minister.
2474 3783 2500 3821 τ
2751 3821 2762 3843 ξ

552 3859 773 3932 Ἐπειδὴ
819 3863 957 3934 ἀκοῇ
993 3864 1063 3919 τὰ
1099 3865 1223 3921 κατ’
1255 3866 1459 3933 αὐτοὺς
1495 3864 1642 3924 οἶδεν
1667 3910 1684 3936 ,
1729 3871 2058 3943 ἀμφιϐόλως

2235 3862 2514 3932 Quoniam
2546 3861 2743 3918 auditu
2776 3859 3056 3917 duntaxat
3108 3867 3400 3931 acceperat
3437 3875 3561 3931 quae
3603 3858 3748 3931 apud

466 3951 714 4023 εἴρηκεν,
756 3953 830 4008 Εἴ
855 3972 920 4024 γε
951 3955 1281 4026 ἐπιμένετε.
1321 3959 1580 4030 Δηλονότι
1614 3963 1714 4035 τῆς
1748 3964 1990 4031 πίστεως
2021 3967 2057 4037 ή

2169 3971 2258 4013 eos
2319 3962 2673 4027 gererentur,
2721 3953 2885 4023 quasi
2930 3953 3183 4009 incertus
3239 3951 3405 4016 dixit,
3463 3952 3512 4006 si
3572 3959 3750 4006 tamen

466 4045 704 4118 ἱπιμονὴ
738 4045 948 4116 βεόαιοῖ
973 4049 1074 4121 τὴν
1103 4051 1243 4124 πρὸς
1271 4052 1408 4108 Θεὸν
1433 4054 1734 4112 οἰκείωσιν.

2169 4046 2502 4114 permanetis.
2549 4045 2820 4101 Nimirum
2872 4044 2999 4101 ﬁdei
3055 4045 3368 4100 constantia
3404 4041 3618 4100 ﬁrmius
3647 4058 3751 4100 nos

2161 4140 2278 4198 Deo
2303 4139 2592 4196 conciliat.

2232 4231 2400 4289 Vens.
2461 4231 2555 4287 Ἃ.
2595 4249 2614 4284 ι
2644 4229 2807 4286 Nunc
2858 4229 3076 4301 gaudeo
3137 4229 3192 4286 in
3251 4226 3609 4301 passionibus
3648 4241 3750 4298 pro

2162 4328 2340 4384 vobis.
2381 4344 2400 4378 ι

549 4395 880 4489 Ἐναγώνιον
906 4401 970 4454 τὸ
996 4401 1157 4474 ἔργον
1185 4405 1283 4459 τοῦ
1326 4408 1682 4466 Ἀποστόλου.
1720 4413 1831 4468 Καὶ
1861 4417 2052 4489 ἐπειδὴ

2232 4418 2485 4488 Apostoli
2520 4432 2724 4472 munus
2751 4415 2818 4472 ad
2848 4414 3157 4471 certamina
3191 4421 3569 4484 comparatum
3601 4420 3744 4468 erat.

462 4489 594 4559 περὶ
627 4487 688 4542 τὸ
730 4488 892 4560 ἔργον
931 4494 1048 4547 ἐστὶ
1090 4495 1374 4568 πρόθυμος
1398 4538 1414 4563 ,
1447 4500 1631 4573 χαίρει
1681 4505 1777 4559 καὶ⁵
1829 4507 1889 4560 ἐν
1935 4487 2053 4575 τοῖς

2169 4487 2430 4578 Quocirca
2462 4525 2590 4566 cum
2628 4509 2804 4565 alacri
2837 4509 3028 4564 animo
3062 4508 3348 4563 incumbat
3386 4507 3577 4578 operi;
3623 4505 3750 4561 ideo

461 4580 846 4725 ἀῖωνίσμασιν
899 4581 983 4650 οἷς
1038 4587 1374 4658 ἀγωνίζεται
1431 4592 1574 4666 ὑπὲρ
1631 4595 1734 4666 τῆς
1812 4598 2050 4674 Ἐκκλη-

464 4691 498 4725 σ
525 4690 610 4725 ας.
651 4693 671 4725 ι

2169 4601 2217 4656 in
2247 4601 2646 4659 certaminibus
2674 4602 2913 4666 laetatur,
2960 4598 3166 4672 quibus
3205 4613 3307 4669 pro
3350 4597 3598 4653 Ecclesia
3651 4596 3750 4652 de-

2169 4694 2394 4725 null-alma

464 4690 610 4738 σιας.
651 4693 671 4727 ι

2169 4694 2420 4751 sudabat.
3267 4751 3270 4754 .

537 4785 558 4818 σ
614 4766 727 4821 Καὶ
765 4768 1166 4845 ἀνταναπληρῶ
1193 4773 1263 4829 τά
1286 4775 1645 4850 ὑστερήματα
1679 4780 1788 4836 τῶν
1813 4782 2049 4855 θλίψεων

2237 4803 2257 4838 ι
2295 4785 2364 4842 Ει
2407 4786 2684 4857 adimpleo
2737 4799 2860 4858 qua;
2909 4785 3112 4842 desunt
3151 4785 3474 4856 passionum
3517 4782 3745 4850 Christi,

543 4239 562 4274 ι
597 4222 712 4278 Νῦν
738 4223 919 4298 χαίρω
935 4227 995 4281 ἐν
1014 4230 1129 4292 τοῖς
1154 4228 1482 4302 παθήμασιν
1505 4235 1647 4308 ὑπὲρ
1679 4236 1853 4308 ὑμῶν.
1883 4259 1906 4293 ν

455 4857 554 4913 τοῦ
584 4859 827 4932 Χριστοῦ
857 4863 915 4916 ἐν
938 4866 1005 4936 τῇ
1029 4865 1196 4937 σαρκί
1227 4884 1331 4938 μου
1363 4870 1504 4943 ὑπὲρ
1530 4870 1627 4927 τοῦ
1667 4873 1922 4946 σώματος
1945 4879 2048 4934 αὐ-

455 4950 552 5006 τοῦ
574 4994 590 5020 ,
617 4953 646 5006 ὅ
672 4955 822 5009 ἐστιν
860 4956 895 5028 ή
935 4957 1232 5032 Ἐκκλησία
1253 4977 1266 4992 ο
1294 4957 1364 5034 ἦς
1409 4965 1680 5038 ἐγενόμην
1705 4968 1820 5037 ἐγὼ
1863 4970 2049 5027 διάκο-

455 5059 549 5107 νος
578 5045 720 5100 κατά
743 5045 844 5118 τὴν
870 5048 1186 5122 οἰκονομίαν
1217 5053 1315 5108 τοῦ
1351 5055 1512 5124 Θεοῦ,
1543 5058 1645 5129 τὴν
1671 5059 1946 5133 δοθεῖσάν,
1957 5080 2051 5133 μοι

458 5136 543 5200 εἰς
570 5136 776 5208 ὑμᾶς.»
1603 5128 1607 5129 ν
1937 5128 1946 5140 ’

531 5231 790 5324 Τουτέστι
839 5237 942 5309 τῆς
991 5238 1324 5312 Ἐκκλησίας
1350 5257 1364 5273 ⁶
1422 5243 1562 5301 καθὸ
1601 5243 1621 5286 1
1661 5246 1771 5320 γὰρ
1814 5249 1982 5304 αὐτοῦ
2017 5251 2051 5324 ἡ

472 5319 793 5393 Ἐκκλησία.

527 5415 827 5487 Πληρῶσαι
873 5420 966 5474 τὸν
1001 5420 1164 5494 λόγον
1197 5424 1292 5481 τοῦ
1321 5425 1455 5482 Θεοῦ
1481 5467 1497 5495 ,
1541 5429 1602 5484 τὸ
1635 5432 1936 5503 μυστήριον
1982 5434 2041 5489 τὸ

521 5594 580 5634 ’⁸
599 5595 740 5652 Luc.
782 5612 847 5664 ιι,
890 5599 976 5653 14.

2157 4881 2215 4936 in
2249 4894 2424 4938 carne
2457 4896 2602 4946 mea,
2635 4896 2740 4952 pro
2779 4896 3016 4953 corpore
3049 4881 3196 4952 ejus,
3245 4881 3393 4952 quod
3442 4889 3528 4936 est
3557 4878 3748 4934 Eccle-

2157 4974 2263 5040 sia,
2318 4971 2513 5045 [Veus.
2560 4973 2662 5048 25]
2731 4975 2892 5046 cujus
2945 4973 3132 5031 factus
3165 4989 3290 5030 sum
3341 4987 3444 5043 ego
3493 4971 3751 5026 minister

2153 5066 2462 5125 secundum
2489 5067 2968 5138 dispensationem
3014 5065 3138 5133 Dei,
3171 5079 3295 5136 quae
3328 5063 3456 5119 data
3497 5070 3582 5118 est
3608 5059 3744 5116 mihi

2151 5174 2208 5214 ιιι
2238 5173 2357 5215 νοῦ.
2392 5178 2412 5212 ι

2225 5251 2348 5307 Hoc
2391 5260 2478 5309 est
2529 5267 2642 5324 pro
2673 5250 2966 5321 Ecclesia;
3035 5263 3242 5320 corpus
3280 5247 3430 5306 enim
3484 5246 3610 5318 ejus
3655 5250 3741 5301 est

2153 5341 2426 5398 Ecclesia.

2235 5453 2252 5487 ι
2291 5435 2363 5491 Ut
2407 5433 2664 5506 impleam
2709 5435 2940 5493 verbum
2999 5433 3120 5502 Dei,
3149 5431 3341 5508 [νειιε.
3389 5425 3583 5504 26-29]
3619 5442 3742 5501 my—

1728 5697 1972 5755 VARIAE
2013 5699 2425 5756 LECTIONES.

571 5778 593 5835 ι
624 5780 896 5867 μεθείω,
921 5785 1082 5858 σῶμα
1109 5787 1316 5868 potius.
1359 5786 1462 5844 Sed
1507 5795 1690 5847 textus
1721 5791 1952 5848 nimium
1989 5792 2075 5850 hic
2112 5793 2335 5852 laxatus
2368 5793 2707 5869 mutilusque
2740 5793 2846 5853 est.
