4048 6374
341 305 439 369 891

1530 306 1590 365 S.
1622 304 1942 372 JOANNIS
1974 301 2406 363 DAMASCENI

3491 296 3597 364 892

343 409 597 472 sterium,
627 408 771 479 quod
797 404 1185 464 absconditum
1218 407 1323 463 fuit
1351 423 1379 462 a
1417 409 1634 465 saeculis
1661 417 1713 464 et
1745 424 1774 463 a
1826 425 1918 478 ge-

2037 405 2516 477 ὶποκεκρυμμένον
2543 402 2654 459 ἀπὸ
2683 401 2794 457 τῶν
2828 398 3063 465 αἰώνων,
3104 398 3198 454 καὶ
3227 399 3337 455 ἀπὸ
3366 402 3474 455 τῶν
3507 419 3598 471 γε·
3638 446 3649 455 .

343 498 765 565 nerationibus;
797 511 943 551 nunc
979 504 1161 552 autem
1224 495 1641 554 manifestatum
1684 504 1769 552 est
1793 513 1920 551 san-

343 589 448 643 ctis
501 592 642 655 ejus,
695 587 901 657 quibus
948 586 1119 642 voluit
1167 586 1312 642 Deus
1362 599 1522 642 natas
1568 586 1753 642 facere
1798 601 1921 655 quae

345 681 455 734 siut
494 678 698 733 divitia:
727 678 917 747 gloria:
949 680 1282 734 sacramenti
1340 680 1504 746 hujus
1551 680 1603 732 in
1640 678 1917 748 gentibus,

341 773 437 842 qui
467 777 551 825 est
582 770 875 838 (Iltristus;
908 772 964 825 in
1015 772 1172 827 vobis
1218 786 1345 841 spes
1382 769 1591 842 glorias,
1622 784 1788 840 quem
1819 782 1921 824 nos

345 865 765 925 aimuntiamus,
810 863 1177 933 corripientes
1235 877 1455 917 omnem
1508 861 1810 923 hominem,
1866 867 1923 915 et

345 955 609 1011 docentes
666 970 884 1010 onmem
925 956 1203 1011 hominem
1239 956 1294 1008 in
1344 955 1499 1009 omni
1531 953 1827 1024 sapientia,
1862 957 1923 1005 ut

345 1047 704 1101 cxbibeamus
735 1060 952 1102 omnem
984 1046 1263 1101 hominem
1320 1043 1626 1116 perfectum
1674 1044 1729 1098 in
1759 1043 1924 1099 Chri-

347 1145 433 1193 sto
458 1135 616 1203 Jesu,
673 1137 727 1191 in
776 1138 923 1207 quod
968 1145 1024 1193 et
1059 1138 1272 1202 laboro,
1307 1135 1576 1191 certando
1615 1134 1922 1191 secundum

347 1229 724 1297 operationem
773 1227 917 1297 ejus,
978 1242 1101 1298 quae
1153 1234 1419 1296 operatur
1484 1227 1538 1281 in
1594 1239 1681 1281 me
1712 1228 1768 1278 in
1814 1225 1925 1279 vir-

347 1330 482 1376 tute.
513 1338 532 1373 ι

429 1412 437 1425 ⁸
1015 1411 1172 1467 CAP.
1211 1412 1276 1466 ll.

424 1504 589 1561 Vsus.
629 1505 742 1559 1-5.
772 1522 799 1555 -ι
835 1502 976 1559 Volo
1007 1504 1158 1559 enim
1191 1520 1291 1561 vos
1329 1505 1476 1560 scire
1521 1505 1738 1573 qualem
1772 1503 1926 1560 solli-

348 1598 651 1653 citudinem
682 1596 913 1651 habeam
943 1610 1047 1666 pro
1076 1596 1258 1661 vobis,
1299 1606 1353 1652 et
1393 1596 1464 1651 iis
1499 1596 1593 1667 qui
1627 1603 1759 1651 sunt
1784 1595 1927 1651 Lao-

349 1690 540 1753 diceae,
597 1696 651 1743 et
707 1680 1027 1758 quicunq‘ue
1074 1702 1186 1742 non
1235 1687 1494 1744 viderunt
1532 1688 1729 1744 faciem
1751 1702 1924 1744 meam

348 1780 515 1851 209
544 1781 598 1835 in
631 1795 820 1844 carne,
866 1790 925 1835 ut
962 1780 1297 1851 impleantur
1330 1782 1501 1837 corda
1531 1781 1806 1852 ipsorum,
1838 1780 1927 1834 in-

350 1872 555 1927 structi
587 1872 641 1925 in
679 1871 969 1937 eharitate,
1009 1872 1148 1926 etin
1181 1884 1375 1928 omnes
1417 1872 1638 1927 divitias
1684 1871 1927 1941 plenitu-

347 1963 500 2019 dinis
556 1963 875 2018 intellectus
919 1962 977 2018 in
1023 1962 1362 2033 agnitionem
1407 1963 1660 2035 mysterii
1708 1961 1831 2027 Dei,
1872 1969 1929 2019 et

352 2053 552 2121 Patris,
607 2065 661 2111 et
713 2055 948 2119 Christi,
1008 2056 1063 2109 in
1094 2070 1205 2126 quo
1256 2062 1389 2111 sunt
1435 2069 1631 2113 omnes
1680 2054 1927 2113 thesauri

350 2142 643 2216 snpientiae
672 2155 726 2200 et
765 2145 1016 2201 scientia:
1053 2144 1394 2201 absconditi.
1431 2163 1451 2197 ι

419 2239 672 2310 Apostoli
731 2238 1098 2292 ministerium
1133 2238 1188 2292 in
1226 2237 1376 2293 verbi
1433 2237 1692 2292 doctrina
1741 2237 1930 2294 consi-

344 2315 469 2385 'stit.
560 2327 803 2385 Verbum
856 2337 1040 2383 autem
1091 2328 1161 2382 de
1226 2328 1415 2383 mundi
1476 2328 1654 2383 salute
1707 2335 1927 2393 tractat,

349 2434 515 2491 quam
547 2419 678 2473 oiim
729 2418 948 2490 quidem
984 2418 1055 2473 ab
1085 2417 1398 2473 aeternitate
1456 2416 1605 2473 Deus
1641 2417 1929 2487 proposuit

349 2520 409 2567 et
435 2511 726 2577 deﬁnivit;
762 2525 908 2566 nunc
946 2519 1129 2565 autem
1159 2510 1340 2580 palam
1377 2517 1591 2579 patrata
1625 2517 1734 2574 est,
1763 2518 1931 2578 atque

357 2603 567 2659 abillis
609 2602 969 2674 cognoscitur
1003 2601 1099 2672 qui
1147 2602 1381 2658 scientia
1444 2601 1596 2673 digni
1632 2608 1781 2666 sunt,
1821 2615 1928 2655 non

350 2711 450 2768 per
495 2695 833 2767 sapientiam
868 2695 1084 2762 carnis,
1131 2695 1228 2751 sed
1273 2709 1370 2766 per
1399 2709 1520 2750 eam
1563 2708 1688 2766 quae
1714 2708 1932 2764 semper

352 2788 679 2845 abscondita
715 2797 800 2845 est
833 2789 979 2859 apud
1030 2787 1227 2854 Deum,
1271 2794 1405 2843 cum
1436 2787 1644 2841 mundo
1673 2787 1934 2857 superior

351 2879 607 2945 exsistat,
638 2887 694 2935 et
746 2893 777 2932 a
815 2877 1027 2948 Spiritu
1084 2886 1282 2933 saneto
1328 2876 1584 2946 pendeat.
1634 2876 1753 2931 ,llac
1792 2888 1932 2947 opus

354 2973 596 3036 habent,
632 2981 746 3025 tum
793 2970 889 3040 qui
941 2983 1007 3024 ex
1059 2969 1300 3024 humana
1349 2968 1620 3039 sapientia
1660 2968 1924 3033 veniunt,

2020 498 2157 552 νεῶν
2184 517 2198 531 ·
2231 499 2349 554 νυνὶ
2371 497 2428 553 δὲ
2458 494 2785 567 ἐφανερώθη
2813 495 2925 558 τοῖς
2952 493 3133 562 ἁγίοις
3158 491 3348 559 αὐτοῦ,
3367 486 3449 555 οἷς
3477 493 3600 564 ἠθέ-

2020 591 2240 662 λησενό
2281 590 2414 655 Θεὸς
2464 589 2762 659 γνωρίσαι,
2807 587 2890 650 τίς
2941 587 2969 638 ὁ
3019 584 3247 647 πλοῦτος
3287 584 3387 655 τῆς
3435 584 3595 657 δόξης

2020 682 2116 736 τοῦ
2149 683 2450 754 μυστηρίου
2488 682 2681 735 τούτου
2709 682 2768 733 ἐν
2796 680 2909 742 τοῖς
2945 678 3178 741 ἔθνεσιν,
3208 678 3266 743 ὃς
3309 678 3426 732 ἐστι
3467 679 3600 747 Χρι-

2024 773 2166 838 στὸς,
2199 776 2256 828 ἐν
2286 775 2414 842 ὑμῖν
2448 775 2483 838 ή
2512 772 2669 836 ἐλπὶς
2695 773 2792 842 τῆς
2825 770 3014 841 δόξης,
3036 770 3097 840 ὃν
3118 770 3278 840 ἡμεῖς
3302 769 3605 838 καταγγέλ-

2021 866 2208 936 λομεν,
2223 863 2603 928 νουθετοῦντες
2616 864 2799 919 πάντα
2815 862 3122 934 ἄνθρωπον,
3147 861 3238 914 κα)⁵
3256 861 3605 924 διδάσκοντες

2024 960 2202 1012 πάντα
2229 957 2517 1027 ἄνθρωπον
2547 957 2606 1009 ὲν
2637 954 2788 1027 πάσῃ
2813 955 2997 1025 σοφίᾳ,
3033 954 3120 1008 ἵνα
3152 954 3604 1024 παραστήσωμεν

2026 1052 2205 1105 πάντα
2242 1049 2529 1117 ἄνθρωπον
2572 1048 2785 1101 τέλειον
2817 1049 2877 1100 ὲν
2915 1045 3138 1118 Χριστῷ
3187 1044 3366 1115 Ἰησοῦ
3391 1084 3407 1107 ,
3452 1045 3533 1106 είς
3577 1043 3606 1096 ὃ

2025 1144 2122 1197 καὶ
2149 1142 2328 1197 κοπιῶ
2356 1140 2760 1211 ἀγωνιζόμενος
2787 1139 2930 1193 κατὰ
2952 1140 3052 1209 τὴν
3098 1140 3381 1210 ἐνέργειαν
3410 1134 3600 1203 αὐτοῦ,

2022 1233 2124 1303 τὴν
2152 1232 2631 1305 ἐνεργουμένην-ὲν
2664 1231 2787 1301 ἐμοὶ
2822 1232 2879 1284 ἐν
2896 1231 3148 1301 δυνάμει.
3182 1249 3202 1282 ι

2626 1416 2879 1471 ΚΕΦΑΛ.
2931 1416 3006 1471 B’.

2105 1532 2125 1565 ι
2164 1511 2316 1567 Θέλω
2340 1510 2400 1565 δὲ
2430 1510 2576 1580 ὑμᾶς
2623 1509 2821 1564 εἰδέναι
2856 1507 3046 1578 ἡλίκον
3094 1505 3283 1576 ἀγῶνα
3325 1505 3437 1578 εχω
3481 1507 3605 1578 περὶ

2029 1602 2186 1674 ὑμῶν
2220 1599 2316 1655 καὶ
2341 1600 2449 1654 τῶν
2482 1601 2541 1653 ὲν
2584 1597 2899 1669 Λαοδικείᾳ,
2925 1595 3020 1652 καὶ
3043 1597 3160 1651 ὅσοι
3190 1597 3291 1667 οὐχ
3321 1596 3606 1667 ἑωράκασι

2028 1694 2091 1749 τὸ
2132 1690 2424 1762 πρόσωπόν
2449 1708 2553 1761 μου
2585 1691 2644 1745 ὲν
2666 1689 2856 1760 σαρκὶ,
2885 1690 2972 1744 ἵνα
2995 1686 3357 1759 πληρωθῶσιν
3390 1691 3446 1742 αί
3473 1705 3609 1759 καρ-

2031 1786 2139 1840 δίαι
2160 1784 2341 1840 αὐτῶν
2362 1780 2843 1853 συμϐιϐασθέντων
2879 1782 2937 1835 ἐν
2964 1781 3177 1853 ἀγάπῃ,
3208 1780 3303 1834 καὶ
3324 1782 3403 1845 τίς
3432 1780 3612 1834 πάντα

2029 1877 2260 1933 πλοῦτον
2297 1876 2395 1947 τῆς
2437 1872 2808 1947 πληροφορίας
2853 1873 2953 1943 τῆς
3010 1872 3317 1937 συνέσεως,
3353 1874 3434 1935 είς
3490 1871 3609 1926 ἐπί-

2030 1982 2234 2039 γνωσιν
2261 1965 2358 2022 τοῦ
2409 1965 2713 2037 μυστηρίου
2761 1964 2859 2018 τοῦ
2887 1963 3054 2029 Θεοῦ,
3083 1964 3179 2018 καὶ
3218 1963 3465 2035 Πατρδς,
3515 1966 3610 2018 καὶ

2029 2057 2125 2121 τοῦ
2159 2054 2433 2129 Χριστοῦ,
2460 2057 2521 2109 ἐν
2566 2047 2613 2123 ᾦ
2640 2054 2748 2107 είσι
2776 2054 2979 2118 πάντες
2999 2054 3048 2106 oi.
3079 2053 3345 2125 θησαυροὶ
3374 2054 3473 2125 τῆς
3516 2071 3608 2107 σο-
3642 2094 3649 2098 .

2030 2150 2188 2220 φίας,
2225 2148 2322 2204 καί
2341 2148 2444 2217 τῆς
2470 2145 2730 2216 γνώσεως
2755 2145 3088 2216 ἀπόκρυφοι.
3129 2164 3148 2197 ι
3679 2133 3685 2138 ’

2111 2241 2179 2297 Ἦ
2204 2240 2452 2296 διακονία
2484 2238 2580 2293 τοῦ
2624 2237 2950 2293 Ἀποστόλου
2978 2238 3125 2293 ἐστὶν
3147 2238 3207 2292 ὲν
3238 2240 3304 2310 τῇ
3337 2236 3499 2306 λόγου
3535 2237 3614 2292 δι-

2029 2332 2321 2404 δασκαλίᾳ.
2366 2330 2516 2386 Ὀιδὲ
2557 2329 2715 2400 λόγος
2761 2330 2881 2383 ἐστὶ
2912 2329 3042 2402 περὶ
3094 2328 3196 2400 τῆς
3249 2328 3345 2384 τοῦ
3402 2329 3611 2400 κόσμου

2033 2423 2312 2495 σωτηρίας
2328 2460 2344 2489 ,
2366 2421 2464 2493 τῆς
2492 2420 2663 2476 πάλαι
2696 2420 2794 2491 μὲν
2819 2420 2878 2486 ἐξ
2895 2420 3065 2474 ἀϊδίου
3081 2409 3234 2490 παρὰ
3263 2419 3383 2491 Θεῷ
3423 2418 3612 2489 βεὸου-

2029 2519 2296 2589 λευμένης
2324 2517 2417 2571 καὶ
2447 2512 2791 2586 ὁρισθείσης,
2822 2511 3082 2583 ἐμφανῶς
3122 2512 3180 2567 δὲ
3206 2512 3301 2566 νῦν
3340 2528 3616 2582 καταστη-

2033 2611 2204 2682 σάσης
2226 2647 2242 2672 ,
2277 2608 2372 2662 καὶ
2400 2603 2815 2674 γινωσκομένης
2833 2601 2987 2674 παρά
3011 2604 3124 2667 τοῖς
3152 2601 3325 2667 ἀξίοις
3348 2601 3448 2671 τῆς
3475 2599 3619 2669 γνώ-

2034 2718 2194 2764 σεως,
2222 2699 2285 2753 οὐ
2313 2698 2402 2752 διὰ
2427 2696 2620 2766 σοφίας
2652 2695 2949 2766 σαρκικῆς,
2995 2693 3136 2748 ἀλλὰ
3159 2693 3249 2748 διὰ
3285 2693 3385 2765 τῆς
3413 2695 3614 2752 ἀποκε-

1994 2856 1995 2859 ,
2033 2790 2358 2863 κρυμμένης
2377 2790 2466 2843 ἀεὶ
2482 2786 2636 2858 παρὰ
2650 2785 2792 2857 Θεῷ,
2818 2785 3197 2857 ὑπερκοσμίου
3212 2784 3613 2856 τυγχανούσης,

2036 2883 2132 2936 καὶ
2185 2883 2244 2935 ὲν
2296 2880 2585 2949 Πνεύματι
2628 2877 2770 2948 ᾴγίῳ
2819 2876 3127 2947 κειμένης,
3160 2870 3229 2948 ἧς
3267 2875 3480 2930 δέονται
3522 2877 3619 2933 καὶ

2037 2977 2087 3031 οἱ
2118 2975 2183 3029 ὲκ
2227 2975 2324 3044 τῆς
2357 2971 2710 3044 ἀνθρωπίνης
2751 2970 2944 3039 σοφίας
2991 2969 3300 3040 ἐρχόμενοι,
3334 2968 3430 3023 καὶ
3467 2969 3517 3023 οἱ
3550 2971 3617 3024 ὲκ

355 3072 471 3115 tum
498 3061 593 3130 qui
619 3076 684 3117 ex
711 3062 863 3131 lege;
901 3062 1032 3132 quia
1063 3074 1244 3131 neque
1268 3062 1351 3117 lex
1380 3069 1572 3132 aperte
1602 3060 1922 3132 mysterium

2037 3053 2215 3138 νόμου,
2243 3066 2326 3120 ὅτι
2347 3065 2487 3135 μήτε
2513 3064 2676 3134 νόμος
2700 3061 2964 3131 ἐξέφηνεν
2988 3059 3175 3131 ἀργῶς
3203 3058 3266 3114 τὸ
3290 3059 3613 3131 μυστήριον,

358 3154 635 3225 promisit,
676 3167 855 3224 neque
905 3152 1143 3209 mundus
1189 3168 1309 3208 eam
1349 3151 1791 3223 eotnprehendit.

430 3245 598 3301 Vens.
632 3247 687 3314 4,
715 3247 768 3300 5.
808 3264 827 3298 ι
866 3244 981 3300 Hoc
1008 3252 1194 3300 autem
1240 3244 1388 3310 dico,
1425 3253 1482 3299 et
1513 3254 1677 3300 nemo
1705 3258 1807 3300 vos
1839 3241 1938 3299 de-

355 3339 529 3409 cipiat
563 3338 619 3392 in
652 3336 997 3393 subiimitate
1023 3346 1367 3392 sementim.
1400 3335 1536 3393 Nam
1566 3334 1673 3391 etsi
1707 3344 1939 3404 corpore

359 3433 566 3485 absens
600 3438 749 3496 sum,
801 3428 899 3484 sed
942 3426 1145 3498 spiritu
1192 3426 1484 3483 vobiscum
1512 3442 1662 3491 sum,
1689 3425 1943 3497 gaudens

358 3526 414 3580 et
443 3521 638 3578 videns
671 3520 926 3577 ordinem
960 3527 1213 3576 vestrum
1245 3524 1303 3573 et
1352 3518 1762 3573 ﬁrmamentum
1793 3517 1941 3588 ejus,

359 3622 485 3686 quae
509 3614 566 3669 in
598 3613 825 3670 Christo
854 3621 960 3679 est,
991 3611 1119 3668 ﬁdei
1157 3616 1373 3666 vestra.
1406 3628 1426 3662 ι

431 3705 581 3772 Ideo,
632 3705 834 3776 inquit,
893 3705 948 3758 in
1005 3703 1229 3759 Christo
1274 3703 1569 3758 thesauros
1628 3715 1824 3757 omnes
1855 3714 1945 3756 sa-

365 3797 585 3869 pientia
605 3808 731 3852 esse
762 3796 901 3860 dixi,
923 3809 992 3850 ne
1017 3794 1314 3850 estrariam
1341 3793 1667 3865 sapientiam
1697 3793 1946 3864 inquira-

365 3892 463 3946 tis.
499 3888 955 3961 Quandoquidem
1007 3889 1115 3944 etsi
1167 3902 1401 3959 corpore
1458 3888 1619 3945 vobis
1662 3888 1771 3943 non
1821 3904 1945 3944 sum

363 3994 632 4054 prmsens,
671 3981 867 4038 adsum
931 3987 1120 4035 tamen
1163 3979 1364 4050 spiritu
1397 4001 1409 4036 :
1459 3979 1787 4051 g‘audeoque
1812 3995 1944 4050 pro-

366 4085 488 4145 pter
520 4072 678 4130 ﬁdem
701 4082 755 4129 et
780 4084 988 4131 rectum
1021 4073 1282 4131 Ecclesiae
1304 4074 1578 4130 ordinem.
1609 4073 1942 4142 Quanquam

364 4166 503 4222 illud
532 4180 753 4237 quoque
783 4167 930 4237 quod
973 4166 1132 4222 deest
1179 4165 1361 4233 vobis,
1411 4165 1595 4231 video,
1630 4173 1687 4221 et
1721 4176 1847 4237 quae
1874 4167 1947 4221 sit

367 4257 635 4314 doctrina:
666 4258 995 4316 necessitas.
1026 4258 1161 4315 Nam
1192 4260 1262 4315 ad
1298 4258 1458 4315 ﬁdem
1495 4258 1723 4314 scientia
1765 4273 1948 4316 neces-

369 4353 517 4408 saria
546 4361 652 4409 est.

2041 3160 2180 3230 μήτε
2210 3158 2415 3226 κόσμος
2448 3155 2770 3209 κατέλαϐεν.

2114 3273 2135 3307 ι
2174 3250 2346 3306 Τοῦτο
2377 3250 2433 3305 δὲ
2460 3250 2624 3318 λέγω,
2666 3248 2755 3302 ἵνα
2778 3247 2854 3316 μή
2882 3263 2968 3309 τις
3008 3245 3150 3316 ὑμᾶς
3184 3242 3622 3316 παραλογίζηται

2037 3347 2099 3401 ὲν
2125 3344 2505 3414 πιθανολογίᾳ.
2540 3343 2604 3396 Et
2632 3340 2741 3412 γὰρ
2782 3341 2882 3394 καὶ
2913 3340 2981 3410 τῇ
3013 3336 3181 3408 σαρκὶ
3215 3337 3439 3405 ἄπειμι,
3484 3333 3621 3391 ἀλλὰ

2038 3437 2118 3508 τῷ
2154 3434 2430 3505 πνεύματι
2476 3432 2574 3486 σὺν
2628 3431 2757 3501 ὑμῖν
2803 3429 2966 3498 εἰμι,
3016 3426 3226 3497 χαίρων
3266 3426 3361 3481 καὶ
3406 3422 3621 3495 βλέπων

2041 3527 2198 3598 ὑμῶν
2229 3523 2328 3595 τὴν
2356 3521 2546 3589 τάξιν,
2579 3520 2676 3574 καὶ
2709 3519 2774 3573 τὸ
2810 3516 3100 3590 στερέωμα
3137 3515 3240 3586 τῆς
3278 3516 3358 3580 είς
3386 3512 3623 3586 Χριστὸν

2043 3616 2281 3678 πίστεως
2314 3612 2493 3683 ὑμῶν.
2530 3628 2550 3663 ι

2114 3706 2215 3763 Διά
2238 3704 2419 3770 τοῦτο,
2457 3700 2647 3773 φησὶν,
2675 3701 2879 3773 εἴρηκα
2912 3701 3037 3765 τοὺς
3078 3699 3287 3765 πάντας
3316 3697 3623 3770 θησαυροὺς

2043 3801 2142 3872 τῆς
2168 3798 2365 3868 σοφίας
2396 3798 2455 3850 ὲν
2484 3794 2707 3868 Χριστῷ
2729 3795 3051 3866 τυγχάνειν,
3079 3793 3167 3847 ἵνα
3194 3793 3270 3865 μὴ
3296 3793 3397 3864 τὴν
3424 3789 3623 3855 ἔξωθεν

2049 3892 2244 3963 σοφίαν
2270 3889 2593 3960 ἐπιζητῆτε.
2641 3888 2866 3958 Ἐπειδὴ
2907 3887 3003 3941 καὶ
3025 3888 3086 3941 οὐ
3125 3885 3320 3958 παρὼν
3353 3886 3485 3956 ὑμῖν
3518 3902 3624 3938 σω-

2051 3982 2299 4055 ματικῶς
2324 4020 2339 4046 ,
2377 3981 2612 4052 πάρειμι
2640 3979 3030 4049 πνευματικῶς
3050 4019 3063 4041 ,
3101 3979 3197 4032 καὶ
3223 3977 3402 4049 χαίρω
3434 3976 3528 4030 ἐπὶ
3558 3978 3625 4046 τῇ

2049 4077 2262 4140 πίστει,
2304 4076 2401 4128 καὶ
2430 4073 2658 4145 εὐταξίᾳ
2707 4072 2808 4143 τῆς
2843 4072 3194 4140 Ἐκκλησίας.
3225 4070 3417 4124 Βλέπω
3447 4070 3503 4122 δὲ
3533 4069 3627 4122 καὶ

2047 4167 2108 4219 τὸ
2138 4165 2319 4230 ἐνδεὲς
2356 4162 2514 4234 ὑμῶν
2537 4202 2552 4229 ,
2582 4162 2681 4217 καὶ
2718 4161 2781 4214 τὸ
2822 4160 2880 4215 ὲν
2926 4160 3088 4232 χρείᾳ
3126 4161 3222 4230 τῆς
3252 4155 3621 4218 διδασκαλίας.

2061 4255 2186 4309 Ἐπὶ
2213 4254 2320 4325 γὰρ
2359 4252 2543 4307 πίστει
2581 4248 2782 4321 γνῶσις
2808 4250 3102 4318 ἀναγκαία.

442 4445 614 4501 Vens.
646 4444 703 4500 ϐ.
735 4445 788 4499 7.
822 4458 846 4496 ι
885 4442 1044 4499 Sicut
1071 4454 1205 4515 ergo
1243 4440 1544 4511 accepistis
1565 4438 1756 4497 Iesum
1785 4440 1936 4498 Chri-

2130 4453 2149 4487 ι
2205 4432 2294 4498 Ὠς
2329 4427 2424 4490 οὖν
2464 4430 2808 4505 παρελάϐετε
2850 4428 2943 4484 τὸν
2987 4427 3225 4501 Χριστὸν
3288 4426 3495 4497 Ἰησοῦν
3536 4425 3629 4481 τὸν

372 4547 520 4595 stum
553 4537 873 4601 Dominum,
905 4536 961 4592 in
995 4536 1121 4607 ipso
1155 4534 1457 4600 ambulate,
1491 4533 1729 4589 radicati
1762 4543 1817 4589 et
1853 4549 1948 4589 su-

373 4629 725 4703 peraadilicati
778 4629 837 4684 in
894 4628 1038 4700 ipso,
1088 4634 1144 4682 et
1189 4624 1504 4683 conﬁrmati
1564 4623 1690 4690 ﬁde,
1726 4625 1952 4681 sicutet

374 4723 675 4791 didicistis,
754 4723 1109 4779 abundantes
1182 4718 1255 4776 in
1332 4719 1428 4775 illo
1507 4719 1562 4774 in
1648 4718 1949 4789 gratiarum

350 4804 610 4890 'actione.
645 4835 668 4870 ι

449 4907 589 4974 Quia
618 4915 852 4975 neverat
875 4907 1170 4979 epistolica
1203 4904 1460 4962 doctrina
1495 4916 1606 4960 non
1635 4912 1801 4973 posse
1829 4903 1954 4958 illos

380 5000 607 5072 assequi
670 4997 960 5071 sapientiae
999 4997 1371 5063 altitudinem,
1418 4997 1524 5053 hos
1568 4996 1832 5052 consulto
1855 4995 1955 5050 ad-

384 5089 662 5165 hortando
696 5089 1015 5154 antevertit,
1067 5087 1270 5143 bonam
1322 5100 1447 5142 esse
1472 5085 1666 5141 dicens
1696 5084 1955 5140 traditio-

386 5196 514 5251 nem
568 5195 734 5251 quam
783 5186 1141 5253 acceperant,
1182 5186 1420 5249 eamque
1463 5177 1735 5234 duntaxat
1767 5189 1956 5231 veram

389 5291 516 5333 esse
566 5288 733 5346 quam
785 5273 1071 5345 Epaphras
1123 5269 1484 5328 tradiderat:
1542 5268 1805 5340 quocirca
1839 5280 1960 5323 ere

392 5368 636 5437 ipsorum
680 5378 828 5433 esse,
858 5370 919 5420 ut
949 5363 1110 5420 ﬁdem
1151 5369 1478 5419 constanter
1535 5367 1784 5423 teneant.
1828 5358 1960 5415 cha-

391 5458 685 5528 ritatisque
726 5465 1064 5514 structuram
1125 5454 1413 5525 adiiciant,
1470 5463 1635 5524 atque
1683 5452 1736 5506 in
1802 5450 1962 5506 bonis

2044 4525 2282 4598 Κύριον,
2343 4527 2401 4580 ὲν
2449 4524 2602 4595 αὐτῷ
2652 4523 3033 4595 περιπατεῖτε,
3092 4518 3476 4592 ἐρριζωμένοι,
3537 4520 3632 4577 καὶ

2052 4617 2575 4688 ἐποικοδομούμενοι
2619 4619 2677 4669 ὲν
2708 4616 2856 4684 αὐτῷ
2875 4653 2891 4678 ,
2932 4613 3029 4667 καὶ
3072 4610 3450 4683 βεϐαιούμενοι
3477 4611 3537 4663 ὲν
3561 4612 3629 4681 τῇ

2055 4710 2262 4776 πίστει,
2294 4708 2480 4772 καθὼς
2510 4703 3279 4779 ὲδιδάχθητεπερισσεύοντες
3314 4702 3375 4756 ὲν
3404 4702 3565 4773 αὐτῇ.
3607 4722 3628 4752 ι

2139 4891 2360 4963 Ἐπειδὴ
2390 4890 2566 4961 μήπω
2595 4889 2683 4943 διὰ
2707 4891 2807 4965 τῆς
2835 4885 3251 4958 ὲπιστολιμαίου
3281 4881 3635 4946 διδασκαλίας

2055 4981 2200 5040 οἶδεν
2231 4984 2433 5047 αὐτοὺς
2472 4981 2809 5053 δυναμένους
2839 4980 3067 5050 φθάνειν
3105 4979 3185 5042 είς
3217 4976 3280 5030 τὸ
3306 4975 3402 5046 τῆς
3444 4973 3637 5044 σοφίας

2060 5076 2256 5149 βάθος,
2282 5074 2416 5147 πρδς
2457 5073 2764 5143 ἀσφάλειαν
2790 5068 3221 5140 παραγγέλματι
3266 5066 3464 5130 αὐτοὺς
3499 5081 3638 5135 προ-

2058 5166 2503 5238 καταλαμϐάνει,
2544 5165 2722 5234 λέγων
2764 5162 2977 5233 ἀγαθὴν
3017 5155 3158 5215 εἶναι
3187 5159 3287 5230 τὴν
3341 5156 3640 5231 παράδοσιν

2059 5262 2128 5335 ἢν
2158 5259 2562 5332 παρειλήφασι,
2594 5257 2691 5312 καλ⁸
2715 5257 2886 5327 μόνην
2914 5253 3093 5324 ἀληθῆ
3114 5252 3217 5323 τὴν
3249 5252 3378 5323 περὶ⁸
3398 5244 3640 5321 Χριστοῦ

2058 5349 2435 5415 διδασκαλίαν,
2476 5348 2542 5422 ἦν
2575 5349 2603 5402 ὁ
2648 5344 2934 5418 Ἐπαφρᾶς
2966 5340 3383 5412 παραδέδωκεν,
3411 5339 3507 5393 καὶ
3530 5337 3641 5390 δεῖν

2060 5444 2124 5498 τὸ
2158 5442 2373 5514 βέϐαιον
2414 5441 2510 5496 ἐπὶ
2542 5441 2608 5511 τῇ
2645 5438 2831 5493 πίστει
2879 5435 3114 5505 φυλάξαι
3141 5475 3157 5499 ,
3197 5433 3293 5486 καὶ
3319 5428 3641 5503 προσθεῖναι

394 5565 613 5624 semper
638 5549 905 5622 operibus
933 5547 1298 5621 proﬁciendo,
1333 5521 1660 5602 amictiones
1702 5557 1811 5598 non
1844 5544 1936 5600 sint

2046 5536 2162 5608 τὴν
2193 5534 2296 5604 τῆς
2329 5534 2553 5603 ἀγάπης
2583 5529 3036 5600 ἐποικοδόμησιν,
3091 5525 3189 5580 καὶ
3226 5522 3559 5596 προκόπτειν
3583 5521 3642 5574 ὲν

393 5640 698 5719 gratiarum
732 5640 951 5703 actione
974 5639 1225 5697 tolerent.
1250 5719 1259 5728 '

2066 5628 2249 5699 ἔργοις
2281 5625 2509 5695 ἀγαθοῖς
2540 5622 2648 5691 ἀεὶ,
2678 5621 2772 5676 καὶ
2800 5621 2868 5675 τὰ
2892 5618 3001 5673 τῶν
3031 5617 3269 5686 θλίψεων
3306 5616 3365 5668 ἐν
3396 5613 3638 5684 ὑπομονῇ

2074 5719 2192 5791 μετ’
2222 5715 2591 5788 εὐχαριστίας.
