4048 6436
523 352 627 417 893

1612 353 1691 413 IN
1734 345 1971 413 EPIST.
2013 353 2111 412 AD
2151 346 2666 413 COLOSSENSES

3674 346 3776 412 εει

600 483 621 517 ι
665 464 900 520 Βλέπετε
946 463 1023 537 μή
1063 472 1148 530 τις
1197 464 1340 537 ὑμᾶς
1383 462 1537 518 ἔσται
1565 460 1594 519 ό
1634 468 1970 536 συλαγωγῶν
2007 467 2098 522 διὰ

2265 464 2437 523 Vens.
2469 465 2522 521 8.
2563 485 2581 517 ι
2615 464 2814 520 Videte
2840 480 2909 521 ne
2939 464 3066 536 quis
3115 480 3215 521 vos
3260 464 3497 535 decipiat
3528 480 3623 535 per
3652 466 3776 535 pln-

524 560 624 628 τῆς
659 556 981 626 φιλοσοφίας
1012 557 1107 610 καὶ
1140 557 1305 626 κενῆς
1335 556 1576 627 ἀπάτης,
1618 558 1758 612 κατὰ
1788 558 1887 629 τὴν
1922 559 2103 628 παρά-

523 648 671 702 δοσιν
702 648 813 701 τῶν
842 647 1144 720 ἀνθρώπων
1163 687 1179 714 ,
1214 647 1355 702 κατὰ
1384 648 1451 703 τά
1480 652 1723 720 στοιχεῖα
1751 649 1846 703 τοῦ
1872 652 2100 721 κόσμου,

526 738 622 795 καὶ
651 741 709 794 οὑ
748 740 892 794 κατὰ
925 742 1181 812 Χριστόν.
1234 760 1255 794 ι

598 828 891 893 Πλεονάζει
926 829 1071 883 κατὰ
1098 830 1306 898 ταύτην
1330 830 1428 902 τὴν
1462 831 1754 903 επιστολὴν
1788 833 1924 904 πρὸς
1967 833 2104 886 Ἕλ-

524 919 691 990 ληνας
716 920 813 973 καὶ
856 919 1140 984 Ἰουδαίους
1179 920 1582 992 διαλεγόμενος,
1613 923 1883 995 ἑκατέροις
1913 924 2105 993 ἐκτρο-

527 1011 636 1077 πῆς
663 1010 915 1080 ἀφαιρῶν
946 1012 1072 1073 τοὺς
1120 1013 1572 1076 πεπιστευκότας.
1605 1014 1832 1085 Πρῶτον
1888 1014 1987 1085 μὲν
2009 1009 2105 1068 οὖν

528 1099 629 1171 τὴν
679 1101 744 1152 ὲκ
775 1098 1097 1169 φιλοσοφίας
1124 1100 1466 1171 ἀποσύλησιν
1508 1103 1875 1172 φυλάττεται,
1908 1103 2099 1172 κενὴν

529 1191 770 1258 ἀπάτην
808 1190 982 1259 λέγων
1014 1186 1156 1246 εἶναι
1201 1192 1303 1263 τὴν
1346 1193 1701 1266 φιλοσοφίαν,
1732 1196 2101 1265 ὃτι-σχήματι

528 1280 897 1352 καταπλήττει
923 1321 938 1346 ,
988 1280 1085 1335 καὶ
1125 1280 1450 1352 πιθανότητι
1484 1283 1661 1352 λόγων
1711 1285 1813 1354 τῆς
1843 1284 2102 1355 ἀληθείας

411 1374 417 1380 ’
528 1375 892 1444 άφεστηκυῖα.
927 1374 1000 1426 (ὶύ
1035 1375 1142 1444 γὰρ
1169 1374 1330 1427 ίκανά
1358 1375 1483 1445 περὶ
1516 1374 1653 1428 Θεοῦ
1684 1376 1754 1431 τά
1783 1376 1844 1442 ἐξ
1883 1374 2095 1446 ἀνθρώ-

529 1481 646 1520 πων
676 1467 946 1536 νοήματα,
989 1464 1183 1538 ἐπειδὴ
1207 1468 1378 1522 πᾶσαι
1415 1470 1470 1522 αἱ
1501 1468 1842 1540 ἀνθρώπιναι
1873 1469 2107 1539 καταλή-

529 1556 652 1626 ψεις
684 1558 748 1610 ὲκ
791 1558 901 1611 τῶν
938 1557 1155 1629 ὁρατῶν
1186 1554 1343 1613 οὖσαι
1368 1599 1383 1624 ,
1416 1542 1509 1614 καὶ
1533 1561 1598 1614 ἐκ
1627 1560 1737 1615 τῶν
1765 1562 1861 1617 τοῦ
1897 1562 2103 1632 κόσμου

533 1647 832 1717 στοιχείων,
868 1648 968 1702 οὐκ
998 1650 1109 1702 εισι
1141 1648 1356 1721 βέϐαιαι
1390 1650 1526 1722 πρὸς
1555 1651 1653 1722 τὴν
1690 1652 1797 1705 τῶν
1837 1651 2105 1723 ζητουμέ-

528 1755 634 1795 νων
658 1741 985 1811 κατάληψιν,
1020 1740 1126 1798 τῶν
1161 1744 1412 1816 ἀοράτων
1440 1744 1551 1799 τῶν
1582 1745 1957 1817 ζητουμένων.

603 1937 625 1974 ι
665 1923 785 1978 Ὅτι
841 1925 899 1979 ὲν
933 1924 1099 1995 ἀὐτῷ
1148 1927 1399 1980 κατοικεῖ
1439 1926 1546 1980 πᾶν
1580 1925 1641 1980 τὸ
1682 1925 1960 1997 πλήρωμα
1988 1925 2103 1996 τῆς

531 2010 782 2083 θεότητος
809 2014 1159 2086 σωματικῶς.
1197 2034 1216 2068 ι

578 2122 591 2143 κ
616 2107 702 2160 Ἐν
733 2096 976 2178 Χριστῷ,
1007 2109 1162 2179 φησι,
1193 2108 1288 2161 καὶ
1308 2109 1338 2162 ὁ
1363 2104 1553 2181 Πατήρ
1581 2108 1698 2162 ὲστι
1727 2107 1824 2161 καὶ
1851 2107 1913 2162 τὸ
1939 2107 2103 2178 ἅγιον

530 2197 777 2268 Πνεῦμα.
810 2199 924 2253 Καὶ
956 2199 1046 2253 ἵνα
1082 2201 1158 2270 μή
1186 2216 1271 2263 τις
1302 2198 1504 2273 νομίσῃ
1534 2199 1791 2272 σχετικὴν
1818 2195 1957 2254 εἶναι
2004 2200 2103 2270 τήν

530 2291 877 2362 κατοίκησιν,
902 2290 934 2361 ἢ
966 2290 1304 2362 συναπτικὴν
1332 2291 1540 2357 ἁπλῶς,
1566 2292 1755 2347 τούτου
1779 2293 1941 2364 χάριν
1959 2289 2099 2358 εἶπε,

529 2383 895 2454 σωματικῶς,
922 2384 1039 2437 ἀντὶ
1063 2383 1178 2449 τοῦ,
1198 2381 1489 2447 οὐσιωδῶς.
1517 2384 1678 2453 Λέγει
1710 2382 1825 2449 οῦν,
1850 2384 1925 2448 ώς
1948 2376 2104 2446 οὗτος

530 2475 560 2527 ὁ
614 2472 910 2541 γενόμενος
963 2472 1249 2542 ἄνθρωπός
1293 2474 1440 2526 ἔστιν
1479 2474 1508 2525 ὁ
1550 2472 1678 2537 Υἱὸς
1728 2473 1825 2526 τοῦ
1868 2473 2025 2535 Θεοῦ,
2074 2474 2103 2526 ὁ

529 2563 815 2636 όμοούσιος
850 2562 997 2633 αὐτῷ
1024 2580 1085 2616 τε
1112 2564 1207 2617 καὶ
1232 2564 1310 2635 τῷ
1346 2564 1485 2637 ἁγίῳ
1519 2565 1816 2638 Πνεύματι.

607 2769 626 2802 ι
660 2750 771 2806 Καὶ
800 2748 924 2802 ἐστὲ
953 2751 1010 2802 ἐν
1035 2748 1186 2820 αύτῷ
1214 2748 1659 2821 πεπληρωμένοι.
1695 2768 1715 2800 ι

610 2842 828 2912 Ἐπειδὴ
860 2840 997 2912 σὰρξ
1037 2840 1203 2894 αὐτοῦ
1244 2840 1340 2894 καὶ
1383 2840 1521 2911 μέλη
1556 2840 1844 2908 γεγόνατε,
1878 2839 1975 2893 καὶ
2007 2857 2099 2892 κε-

527 2935 702 3008 φαλὴν
731 2935 894 2989 αὐτὸν
923 2934 1077 3005 ἔχετε
1097 2976 1111 2998 ,
1140 2934 1330 2988 τούτου
1382 2930 1542 3005 χάριν
1587 2933 1903 3003 Πνεύματος
1943 2932 2099 3000 ἁγίου

527 3025 655 3081 ἐστὲ
682 3024 1127 3096 πεπληρωμένοι.

603 3135 625 3173 ε
665 3117 765 3180 Ὃς
810 3118 959 3168 ἐστιν
1014 3117 1048 3186 ἠ
1104 3115 1318 3186 κεφαλὴ
1364 3114 1546 3185 πάσης
1582 3116 1759 3185 ἀρχῆς
1805 3115 1898 3168 καὶ
1947 3113 2100 3179 ὲξου-
2129 3151 2171 3207 c

528 3208 671 3272 σίας.
709 3225 732 3259 ι

598 3301 664 3356 Ei
692 3300 787 3355 καὶ
818 3298 1107 3371 ὁμοούσιος
1136 3337 1152 3365 ,
1186 3298 1321 3369 φησι
1346 3339 1361 3363 ,
1394 3298 1621 3368 γέγονεν
1650 3300 1780 3370 ἡμῖν
1822 3299 1963 3353 κατὰ
2005 3299 2102 3369 τὴν

527 3392 732 3463 σάρκα,
770 3391 891 3463 ἦτοι
919 3393 1019 3464 τὴν
1050 3388 1445 3464 ἀνθρωπότητα
1473 3434 1486 3457 ,
1540 3391 1656 3446 ἀλλ’
1689 3385 1783 3447 οὖν
1823 3392 1918 3448 καὶ
1946 3386 2104 3458 οὗτός

527 3484 645 3538 ἔστι
676 3480 1114 3561 κατεξουσιάζων
1146 3479 1255 3534 τῶν
1280 3480 1604 3561 ἀνθρώπων.

603 3592 625 3628 t
686 3573 776 3627 Ἐν
834 3554 879 3640 ᾧ
938 3573 1034 3626 καὶ
1108 3554 1515 3644 περιετμήθητε
1569 3575 1839 3646 περιτομῇ
1884 3568 2100 3645 ἀχειρο-

525 3667 760 3738 ποιήτῳ,
787 3666 846 3719 ὲν
866 3660 933 3737 τῇ
959 3663 1255 3719 ἀπεκδύσει
1280 3663 1377 3718 τοῦ
1408 3663 1659 3735 σώματος
1683 3666 1794 3720 τῶν
1817 3664 2101 3739 ἁμαρτιῶν

525 3755 626 3827 τῆς
656 3753 883 3826 σαρκὸς,
912 3755 972 3807 ὲν
994 3756 1060 3825 τῇ
1089 3755 1361 3825 περιτομῇ
1391 3751 1485 3807 τοῦ
1518 3753 1779 3825 Χριστοῦ,
1813 3755 2105 3824 συνταφέν-

523 3864 618 3911 τες
652 3841 802 3917 αὐτῷ
826 3847 884 3899 ὲν
910 3844 987 3917 τῷ
1018 3844 1389 3916 βαπτίσματι,
1414 3847 1488 3906 ,ἐν
1527 3834 1571 3913 ᾧ
1604 3847 1702 3901 καὶ
1730 3846 2101 3918 συνηγέρθητε

524 3938 612 3994 διὰ
650 3937 752 4009 τῆς
786 3938 1024 4001 πίστεως
1051 3937 1151 4007 τῆς
1180 3936 1464 4006 ἐνεργείας
1493 3938 1586 3992 τοῦ
1618 3939 1785 4004 Θεοῦ,
1820 3940 1916 3993 τοῦ
1953 3940 2099 4008 ὲγεί-

527 4044 726 4100 ραντος
765 4024 930 4081 αὐτὸν
963 4028 1026 4079 ὲκ
1074 4026 1183 4085 τῶν
1224 4026 1457 4096 νεκρῶν.
1506 4028 1619 4082 Καὶ
1677 4030 1823 4099 ὑμᾶς
1875 4030 2101 4101 νεκροὺς

524 4116 689 4182 δντας
724 4118 782 4172 ὲν
808 4119 921 4181 τοῖς
954 4116 1391 4188 παραπτώμασι,
1429 4118 1522 4171 καὶ
1551 4121 1616 4189 τῇ
1647 4118 1985 4190 ἀκροϐυστίᾳ
2001 4119 2102 4189 τῆς

527 4209 733 4281 σαρκὸς
787 4208 961 4280 ὑμῶν,
1025 4207 1493 4279 συνεζωοποίησεν
1553 4209 1699 4279 ὑμᾶς
1756 4210 1854 4262 σὺν
1911 4210 2097 4281 αὐτῷ,

523 4295 893 4369 χαρισάμενος
923 4295 1051 4366 ὑμῖν
1070 4296 1249 4350 πάντα
1279 4296 1344 4350 τὰ
1377 4296 1823 4367 παραπτώματα.
1865 4317 1883 4350 ι
1992 4306 1993 4309 “

607 4384 995 4442 ἐπισυνάπτει
1027 4390 1137 4452 τοῖς
1187 4389 1494 4453 Ἰουδαϊκοῖς
1535 4389 1602 4443 τὰ
1644 4390 1966 4460 Ἑλληνικά,
1999 4393 2101 4446 οὐκ

2206 560 2539 630 losophiam,
2565 566 2617 614 ct
2653 558 2873 613 inanem
2928 557 3231 623 fallaciam,
3266 559 3570 614 secundum
3611 559 3779 612 tradi-

2206 652 2412 707 tionem
2461 651 2773 712 hominum,
2820 649 3127 704 secundum
3159 651 3437 705 elementa
3472 648 3687 712 mundi,
3724 659 3778 703 et

2207 760 2316 800 non
2341 743 2648 801 secundum
2676 741 2985 798 Christum.
3021 760 3038 792 ι

2277 833 2392 889 Hac
2442 834 2498 888 in
2537 832 2773 901 epistola
2823 832 3057 887 multum
3107 848 3415 889 sermonem
3466 836 3628 889 habet
3683 834 3775 888 ad-

2204 940 2404 982 versus
2456 923 2677 980 Graecos
2725 932 2781 980 et
2840 921 3079 986 Judteos,
3137 940 3246 995 quo
3296 925 3365 979 ab
3423 934 3783 993 utrorumque

2206 1015 2505 1086 pravitate
2539 1014 2729 1070 ﬁdeles
2769 1013 3068 1081 deterreat.
3126 1012 3372 1067 Primum
3405 1015 3574 1085 igitur
3607 1015 3781 1083 philo-

2209 1107 2419 1178 sophiae
2452 1106 2833 1176 deceptiouem
2881 1112 3061 1166 cavet,
3100 1104 3190 1158 ubi
3224 1104 3631 1175 philosophiam
3663 1108 3782 1159 ina-

2207 1215 2326 1255 nem
2351 1197 2634 1268 fallaciam
2665 1203 2869 1252 vocat:
2917 1196 3124 1267 quippe
3164 1211 3288 1265 quae
3342 1196 3526 1266 specie
3575 1199 3782 1266 percel-

2206 1293 2304 1356 lat,
2333 1297 2390 1346 et
2425 1289 2817 1360 probabilitate
2847 1290 3127 1345 rationum
3174 1288 3424 1342 retrahat
3456 1304 3485 1342 a
3528 1290 3780 1345 veritate.

2209 1381 2395 1452 Neque
2428 1381 2576 1435 enim
2613 1378 2905 1432 hominum
2941 1392 3104 1433 sensa
3148 1375 3344 1430 idonea
3377 1383 3529 1440 sunt,
3566 1383 3621 1427 nt
3662 1392 3784 1444 pcr-

2207 1472 2418 1542 cipiant
2447 1485 2511 1525 ea
2542 1484 2663 1539 quae
2694 1467 2786 1522 Dei
2821 1475 2954 1523 sunt
2982 1483 2996 1519 :
3036 1467 3299 1537 quoniam
3349 1465 3626 1519 universa:
3660 1479 3783 1532 per~

2206 1563 2489 1632 ceptiones
2526 1561 2805 1624 humanae,
2837 1573 2963 1614 cum
3004 1574 3034 1613 a
3090 1557 3405 1613 visibilibns
3444 1556 3611 1610 rebus
3642 1556 3782 1608 inci-

2209 1655 2381 1724 piant,
2414 1667 2629 1709 necnon
2664 1652 2733 1707 ab
2760 1652 3052 1708 elementis
3089 1650 3303 1713 mundi,
3342 1649 3479 1704 nihil
3511 1648 3786 1702 ﬁrmitatis

2212 1746 2416 1799 habent
2446 1743 2513 1799 ad
2542 1759 2607 1798 ea
2640 1759 2763 1813 quae
2791 1749 3120 1813 quaeruntur
3156 1738 3544 1809 intelligenda,
3583 1736 3788 1808 quippe

2210 1850 2332 1890 cum
2368 1834 2669 1891 invisibilia
2710 1835 2823 1891 sint
2851 1849 2973 1904 quae
3013 1839 3359 1903 quaeruntur.

2281 1928 2448 1998 210
2480 1926 2645 1984 Vens.
2695 1927 2750 1982 9.
2781 1944 2799 1978 ι
2860 1926 2999 1992 Quia
3055 1926 3109 1979 in
3140 1925 3261 1994 ipso
3303 1921 3572 1977 inhabitat
3604 1918 3787 1975 omnis

2209 2019 2495 2092 plenitudo
2527 2018 2833 2075 divinitatis
2862 2018 3243 2089 corporaliter.
3278 2036 3296 2065 ι

2279 2114 2340 2169 ln
2371 2113 2617 2179 Christo,
2645 2112 2849 2189 inquit,
2874 2110 3095 2166 exsistit
3119 2108 3284 2164 Pater
3314 2123 3378 2164 ac
3395 2108 3635 2178 Spiritus
3658 2122 3789 2162 san-

2210 2214 2357 2262 ctus.
2389 2204 2495 2261 Sed
2546 2220 2615 2260 ne
2644 2205 2768 2274 quis
2803 2202 3086 2259 existimet
3134 2199 3333 2256 ail‘ectu
3369 2208 3421 2255 et
3460 2200 3785 2256 habitudine

2210 2304 2424 2353 tantum
2460 2294 2918 2351 inhabitationem
2973 2308 3097 2349 esse
3134 2293 3375 2356 deitatis,
3425 2301 3518 2347 aut
3552 2293 3786 2363 simplici

2209 2387 2636 2458 conjunctione;
2682 2387 2890 2443 idcirco
2937 2384 3098 2448 dixit,
3147 2384 3524 2454 corporaliter,
3574 2384 3677 2437 hoc
3703 2392 3789 2437 est

2209 2483 2565 2540 substantiali
2596 2483 2778 2538 modo.
2809 2482 2897 2538 Ait
2925 2494 3083 2551 ergo,
3112 2480 3216 2534 hac
3245 2479 3462 2533 ratione
3495 2477 3650 2530 illum
3692 2474 3787 2544 qui

2210 2574 2387 2629 iactus
2413 2583 2499 2630 est
2553 2573 2738 2637 homo,
2798 2572 2900 2628 Dei
2958 2572 3160 2625 Filium
3197 2585 3339 2634 esse,
3378 2569 3513 2639 quia
3545 2565 3788 2621 consub-

2208 2666 2481 2722 stantialis
2512 2675 2598 2722 est
2624 2666 2697 2729 ei,
2725 2680 2789 2720 ac
2816 2663 3048 2733 Spiritui
3074 2672 3290 2718 sancto.
3376 2696 3391 2717 τ

2279 2756 2448 2813 Vens.
2482 2758 2566 2812 10.
2607 2776 2625 2809 ι
2658 2756 2723 2810 Ει
2755 2759 2889 2811 estis
2915 2755 2971 2809 in
3004 2755 3098 2808 illo
3129 2752 3339 2823 repleti.
3373 2771 3391 2803 ι

2279 2849 2735 2919 Quandoquidem
2793 2862 2924 2904 caro
2980 2847 3160 2917 ipsius
3225 2851 3281 2900 et
3347 2840 3592 2895 membra
3658 2837 3786 2891 iacti

2206 2942 2365 3008 estis,
2418 2947 2472 2996 et
2507 2955 2632 2994 eum
2681 2939 2896 2993 habetis
2945 2945 3132 3007 caput,
3166 2950 3283 2991 eam
3314 2935 3386 2989 ob
3415 2948 3528 2989 rem
3566 2931 3778 3002 Spiritu

2209 3041 2402 3088 sancto
2434 3033 2570 3087 estis
2602 3030 2816 3101 repleti.

2285 3144 2306 3179 ι
2339 3125 2447 3192 Qui
2503 3133 2590 3180 est
2645 3135 2812 3195 caput
2860 3123 3048 3179 omnis
3114 3120 3462 3192 principatus
3518 3125 3573 3171 et
3624 3124 3776 3187 pote-

2212 3219 2398 3276 statis.
2431 3238 2451 3271 ι

2282 3308 2546 3372 Tametsi,
2598 3306 2799 3377 inquit,
2843 3304 3327 3362 consubstantialis
3383 3301 3542 3356 nobis
3603 3297 3783 3353 factus

2207 3408 2293 3456 est
2331 3398 2630 3456 secundum
2682 3412 2930 3461 carnem,
2966 3408 3290 3450 naturamre
3333 3393 3653 3454 humanam,
3713 3388 3789 3443 ni-

2211 3491 2528 3548 hilominus.
2548 3491 2669 3561 ipse
2711 3504 2932 3561 quoque
2965 3487 3288 3543 hominibus
3321 3483 3639 3540 dominatur

2277 3578 2448 3634 Vens.
2486 3576 2674 3632 11-15.
2723 3595 2743 3627 ι
2784 3576 2840 3629 in
2872 3590 2983 3644 quo
3028 3582 3079 3629 et
3132 3569 3447 3627 circumcisi
3480 3571 3637 3632 estis,
3674 3567 3785 3622 cir-

2211 3670 2551 3729 eumcisione
2581 3682 2689 3723 non
2719 3665 3037 3720 manulacta
3070 3664 3125 3717 in
3154 3659 3559 3732 exspoliatione
3589 3672 3786 3727 corpo-

2210 3763 2292 3819 ris
2317 3771 2671 3834 peccatorum
2701 3757 2909 3825 carnis,
2943 3755 3037 3811 sed
3076 3756 3129 3809 in
3162 3751 3587 3808 circumcisione
3625 3748 3788 3801 Chri-

2209 3853 2303 3921 sti,
2366 3850 2677 3922 consepulti
2733 3850 2784 3904 ei
2836 3850 2888 3904 in
2930 3848 3225 3918 baptismo,
3272 3846 3329 3899 in
3376 3847 3486 3914 quo
3530 3850 3586 3897 et
3620 3838 3789 3896 simul

2211 3941 2591 3998 resurrexistis
2627 3954 2724 4010 per
2765 3938 2924 3993 iidem
2955 3935 3293 4007 operationis
3344 3933 3461 4001 Dei,
3500 3930 3591 4003 qui
3650 3943 3780 3986 sus-

2206 4032 2397 4088 citavit
2451 4047 2574 4087 eum
2603 4046 2671 4086 ex
2700 4029 2954 4084 mortuis.
2998 4029 3066 4081 Et
3110 4042 3206 4082 vos
3233 4012 3356 4081 cum
3385 4025 3581 4081 essetis
3632 4036 3777 4076 mor-

2208 4124 2287 4180 tui
2337 4125 2394 4179 in
2445 4122 2663 4178 delictis
2691 4128 2746 4175 et
2771 4119 3043 4191 praeputio
3074 4120 3271 4183 carnis
3328 4126 3545 4181 vestrae,
3595 4115 3784 4169 convi-

2207 4213 2451 4270 viﬁcavit
2502 4226 2623 4268 cum
2656 4211 2771 4276 illo,
2826 4208 3040 4267 donans
3090 4204 3242 4265 vobis
3273 4209 3456 4263 omnia
3491 4206 3713 4260 delicta.
3758 4224 3777 4257 ι

2278 4393 2388 4449 Res
2414 4391 2757 4449 Graecanicas
2801 4400 2927 4444 cum
2962 4387 3219 4443 Judaicis
3267 4360 3574 4456 coniungit,
3618 4394 3677 4439 ut
3710 4395 3783 4439 ta-

526 4478 805 4534 ἐκϐάλλων
832 4480 972 4533 αύτά
996 4478 1183 4549 ὥσπερ
1216 4480 1421 4547 ἐκεῖνα,
1469 4481 1584 4534 ἀλλ’
1616 4482 2097 4554 ὑπεραναϐαίνων,

2209 4500 2332 4542 men
2379 4485 2517 4539 istas
2570 4481 2722 4536 velut
2780 4479 2908 4535 illas
2953 4492 3065 4533 non
3110 4473 3352 4545 rejiciat,
3387 4474 3484 4529 sed
3523 4473 3781 4541 superius

525 4571 619 4624 καὶ
670 4568 859 4633 σώζων
888 4569 946 4623 ὲν
975 4571 1090 4634 τοῖς
1134 4574 1528 4642 πνευματικοῖς
1570 4573 1640 4626 τά
1677 4575 1990 4644 σωματικά.
2026 4575 2100 4630 Τὸ

525 4658 742 4729 πρῶτον
777 4654 870 4713 οὖν
920 4658 1212 4732 γνώρισμα
1240 4659 1334 4714 τοῦ
1373 4661 1706 4732 ἰουδαῖσμοῦ
1737 4664 1836 4733 τὴν
1876 4679 2103 4736 περιτο-

527 4748 637 4821 μὴν
660 4748 825 4821 ἔχων,
850 4752 1021 4823 ἡμᾶς,
1046 4753 1182 4823 φησι
1199 4795 1213 4819 ,
1245 4752 1603 4817 πιστεύοντας
1629 4757 1696 4826 τῇ
1721 4754 1917 4818 ἀληθεῖ
1950 4773 2102 4829 περι-

523 4844 666 4915 τομῇ
694 4843 961 4915 Χριστοῦ,
986 4847 1080 4898 καὶ
1106 4844 1437 4916 μετέχοντας
1465 4847 1636 4917 αὐτῆς
1656 4863 1669 4878 ’
1694 4846 1829 4920 α’ύτη
1850 4848 1908 4902 δέ
1955 4852 2102 4906 ἐστιν

523 4931 585 5011 ού
631 4931 721 4985 διὰ
751 4932 1107 5005 χειρουργίας
1135 4933 1487 5006 ἀνθρωπίνης
1512 4936 1815 5009 γινομένη,
1848 4939 1984 4994 ἀλλὰ
2014 4938 2103 4996 διὰ

522 5023 624 5097 τῆς
665 5025 761 5079 τοῦ
803 5025 1057 5097 σώματος
1094 5026 1342 5081 ἑκουσίου
1388 5026 1702 5093 ἀποδόσεως
1725 5072 1740 5095 ,
1771 5031 1865 5083 τοῦ
1898 5035 2098 5101 γηῖνου

527 5114 646 5188 βίου
690 5115 1086 5188 ἀποτιθεμένου
1115 5119 1196 5182 είς
1238 5118 1505 5190 ἀνάληψιν
1534 5118 1629 5172 τοῦ
1664 5121 1919 5191 οὐρανίου
1945 5162 1960 5187 ,
2004 5114 2099 5177 τοῦ

523 5208 595 5263 δι’
629 5208 987 5273 ἀναστάσεως
1022 5210 1157 5281 ἡμῖν
1183 5209 1571 5281 ἀποδιδομένου
1590 5229 1606 5244 ο
1632 5210 1825 5282 ἥντινα
1863 5214 2102 5269 ἀνάσται-

524 5318 611 5355 σιν
659 5298 760 5373 ἤδη
811 5301 910 5372 μὲν
942 5300 1143 5373 ἔχομεν
1172 5299 1437 5372 δυνάμει,
1468 5303 1821 5369 πιστεύοντες
1847 5306 1924 5377 τῷ
1959 5307 2100 5379 ὑπὲρ

522 5391 681 5462 ἡμῶν
706 5391 1018 5459 ἀναστάντι,
1044 5392 1388 5465 κομιούμεθα
1409 5393 1467 5448 δὲ
1502 5396 1598 5450 καὶ
1646 5396 1790 5470 ἔργῳ
1820 5398 1917 5469 τὴν
1966 5401 2099 5455 ἀνά-

526 5488 718 5535 στασιν
753 5484 812 5536 ὲν
837 5480 916 5553 τῷ
948 5482 1064 5551 ίδίῳ
1091 5482 1290 5556 καιρῷ.

601 5589 622 5622 t
668 5570 989 5644 Ἐεαλείψας
1010 5574 1074 5628 τὸ
1102 5575 1225 5629 καθ’
1254 5575 1411 5648 ἡμῶν
1446 5572 1813 5649 χειρόγραφον
1842 5583 1954 5646 τοῖς
1975 5581 2097 5653 δόγ-

531 5677 717 5733 μασιν,
750 5663 779 5717 ὃ
799 5659 870 5736 ἦν
898 5665 1221 5721 ὑπεναντίον
1253 5667 1416 5738 ἡμῖν,
1447 5669 1544 5722 καὶ
1569 5665 1889 5742 αὑτὸῆρκεν
1916 5673 1981 5728 ὲκ
2002 5674 2096 5730 τοῦ

528 5750 728 5832 μέσον,
759 5754 1119 5830 προσηλώσας
1156 5756 1304 5841 αὐτῷ
1332 5758 1409 5831 τῷ
1438 5758 1677 5835 σταυρῷ,
1704 5761 2089 5838 ἀπεκδυσάμεο

2204 4576 2486 4643 ascendat,
2528 4581 2583 4631 et
2612 4574 2666 4627 in
2701 4570 3086 4643 spiritualibus
3116 4567 3434 4639 corporalia
3465 4572 3777 4622 Conservet.

2201 4664 2493 4736 Quocirca,
2541 4650 2789 4721 admisso
2838 4662 3025 4718 statim
3085 4659 3357 4716 Judalsmi
3412 4655 3782 4722 indicio,cir—

2200 4757 2539 4815 cumcisione
2569 4753 2807 4820 scilicet,
2835 4768 2937 4809 nos
2963 4753 3057 4824 qui
3085 4764 3231 4808 verae
3260 4749 3470 4807 Christi
3539 4749 3792 4816 circumo,

2199 4846 2393 4908 cisioni
2463 4847 2778 4912 credimus,
2826 4845 2946 4916 ejus
3024 4856 3245 4916 quoque
3301 4848 3592 4898 consortes
3639 4838 3780 4894 eiiicl

2200 4943 2300 4997 ait.
2341 4940 2467 4996 Haec
2496 4953 2662 5011 porro
2695 4950 2806 4993 non
2842 4937 3086 4991 humana
3134 4948 3299 4991 manu
3349 4933 3650 5004 peragitur,
3681 4931 3777 4998 sed

2200 5038 2503 5103 spontanea
2559 5030 2808 5099 corporis
2874 5027 3177 5083 all‘ectuum
3231 5024 3603 5093 abdicatione,
3668 5030 3777 5095 qua

2198 5122 2447 5195 deposita
2482 5121 2735 5179 terrestri
2782 5121 2914 5184 vita,
2940 5120 3224 5177 caelestem
3266 5119 3627 5182 assumimus,
3656 5126 3778 5186 qua

2198 5213 2359 5270 nobis
2401 5227 2503 5284 per
2547 5210 3018 5268 resurrectionem
3065 5208 3277 5266 Christi
3299 5208 3577 5277 redditur.
3609 5206 3781 5277 Atqui
3846 5246 3873 5271 ,

2199 5306 2657 5363 resurrectionem
2711 5288 2850 5359 hanc
2878 5304 2991 5374 jam
3024 5302 3304 5374 potestate
3352 5299 3575 5372 quidem
3606 5298 3777 5354 liabe-

2197 5406 2347 5465 mus,
2376 5396 2664 5453 credentes
2697 5397 2751 5451 in
2785 5394 2938 5450 illum
2976 5394 3069 5465 qui
3099 5393 3284 5451 nostri
3318 5402 3487 5447 causa
3519 5403 3773 5447 murra-.-

2198 5494 2302 5559 xit,
2333 5510 2393 5550 re
2428 5508 2557 5549 vero
2592 5499 2840 5562 tempore
2869 5489 3090 5546 tandem
3122 5502 3226 5545 suo
3252 5480 3650 5544 obtinebiihhs.

2270 5578 2435 5641 Vens.
2470 5583 2557 5648 14,
2595 5583 2682 5637 15.
2736 5600 2756 5634 ι
2804 5579 3004 5637 Delens
3042 5578 3189 5651 quod
3218 5574 3490 5634 adieretis
3518 5586 3628 5632 nos
3654 5574 3774 5629 erat

2197 5674 2625 5746 chirOgraphum
2670 5672 2901 5736 decreti,
2946 5671 3099 5743 quod
3148 5679 3269 5727 erat
3287 5666 3633 5726 totitl‘aﬁum
3663 5678 3763 5719 nn-

2196 5756 2282 5825 bis
2312 5775 2367 5825 et
2395 5769 2571 5839 ipsum
2623 5767 2753 5824 tulit
2797 5766 2864 5824 de
2902 5764 3105 5834 medio,
3131 5760 3359 5834 atiigens
3388 5758 3525 5814 illud
3571 5754 3763 5822 cruci;
