  <div class='ocr_page' id='page_1' title='image "/cluster/home/n/w/nwhite01/storage/ocr_20150623/95:no.2/coo.31924054869999/455.png"; bbox 0 0 4048 6374; ppageno 0'>
   <div class='ocr_carea' id='block_1_1' title="bbox 273 301 385 368">
    <p class='ocr_par' dir='ltr' id='par_1_1' title="bbox 273 301 385 368">
     <span class='ocr_line' id='line_1_1' title="bbox 273 301 385 368; baseline -0.018 0"><span class='ocrx_word' id='word_1_1' title='bbox 273 301 385 368; x_wconf 87' lang='lat'><strong>895</strong></span> 
     </span>
    </p>
   </div>
   <div class='ocr_carea' id='block_1_2' title="bbox 1470 278 2355 353">
    <p class='ocr_par' dir='ltr' id='par_1_2' title="bbox 1470 278 2355 353">
     <span class='ocr_line' id='line_1_2' title="bbox 1470 278 2355 353; baseline -0.015 -1"><span class='ocrx_word' id='word_1_2' title='bbox 1470 293 1531 352; x_wconf 91' lang='lat' dir='ltr'><strong>S.</strong></span> <span class='ocrx_word' id='word_1_3' title='bbox 1564 285 1884 353; x_wconf 81' lang='lat' dir='ltr'><strong>JOANNIS</strong></span> <span class='ocrx_word' id='word_1_4' title='bbox 1925 278 2355 343; x_wconf 83' lang='lat' dir='ltr'><strong>DAMASCENI</strong></span> 
     </span>
    </p>
   </div>
   <div class='ocr_carea' id='block_1_3' title="bbox 3433 275 3538 342">
    <p class='ocr_par' dir='ltr' id='par_1_3' title="bbox 3433 275 3538 342">
     <span class='ocr_line' id='line_1_3' title="bbox 3433 275 3538 342; baseline 0.019 -2"><span class='ocrx_word' id='word_1_5' title='bbox 3433 275 3538 342; x_wconf 76' lang='lat'><strong>896</strong></span> 
     </span>
    </p>
   </div>
   <div class='ocr_carea' id='block_1_4' title="bbox 269 383 1863 481">
    <p class='ocr_par' dir='ltr' id='par_1_4' title="bbox 269 401 1855 481">
     <span class='ocr_line' id='line_1_4' title="bbox 269 401 1855 481; baseline -0.009 -13"><span class='ocrx_word' id='word_1_6' title='bbox 269 421 324 468; x_wconf 88' lang='lat' dir='ltr'><strong>et</strong></span> <span class='ocrx_word' id='word_1_7' title='bbox 372 411 686 481; x_wconf 76' lang='lat' dir='ltr'><strong>exspolians</strong></span> <span class='ocrx_word' id='word_1_8' title='bbox 725 410 1073 481; x_wconf 77' lang='lat' dir='ltr'><strong>principatus</strong></span> <span class='ocrx_word' id='word_1_9' title='bbox 1112 413 1168 462; x_wconf 92' lang='lat' dir='ltr'><strong>et</strong></span> <span class='ocrx_word' id='word_1_10' title='bbox 1221 409 1552 476; x_wconf 89' lang='lat' dir='ltr'><strong>potestates,</strong></span> <span class='ocrx_word' id='word_1_11' title='bbox 1610 401 1855 458; x_wconf 73' lang='lat' dir='ltr'><strong>traduxit</strong></span> 
     </span>
    </p>
   </div>
   <div class='ocr_carea' id='block_1_5' title="bbox 1965 383 3539 481">
    <p class='ocr_par' dir='ltr' id='par_1_5' title="bbox 1965 383 3539 463">
     <span class='ocr_line' id='line_1_5' title="bbox 1965 383 3539 463; baseline -0.002 -17"><span class='ocrx_word' id='word_1_12' title='bbox 1965 411 2050 457; x_wconf 86' lang='grc' dir='ltr'><strong>νος</strong></span> <span class='ocrx_word' id='word_1_13' title='bbox 2087 392 2188 456; x_wconf 83' lang='grc' dir='ltr'><strong>τὰς</strong></span> <span class='ocrx_word' id='word_1_14' title='bbox 2223 383 2398 463; x_wconf 76' lang='grc' dir='ltr'><strong>ἀρχὰς</strong></span> <span class='ocrx_word' id='word_1_15' title='bbox 2444 389 2539 445; x_wconf 81' lang='grc' dir='ltr'><strong>καὶ</strong></span> <span class='ocrx_word' id='word_1_16' title='bbox 2578 388 2678 454; x_wconf 85' lang='grc' dir='ltr'><strong>τὰς</strong></span> <span class='ocrx_word' id='word_1_17' title='bbox 2727 388 3016 457; x_wconf 77' lang='grc' dir='ltr'><strong>ἐξουσίας,</strong></span> <span class='ocrx_word' id='word_1_18' title='bbox 3068 385 3443 460; x_wconf 72' lang='grc' dir='ltr'><strong>ἐδειγμάτισεν</strong></span> <span class='ocrx_word' id='word_1_19' title='bbox 3483 391 3539 443; x_wconf 77' lang='grc' dir='ltr'><strong>ιν</strong></span> 
     </span>
    </p>
   </div>
   <div class='ocr_carea' id='block_1_6' title="bbox 271 497 1848 572">
    <p class='ocr_par' dir='ltr' id='par_1_6' title="bbox 271 497 1848 572">
     <span class='ocr_line' id='line_1_6' title="bbox 271 497 1848 572; baseline -0.004 -16"><span class='ocrx_word' id='word_1_20' title='bbox 271 504 634 569; x_wconf 80' lang='lat' dir='ltr'><strong>conﬁdenter,</strong></span> <span class='ocrx_word' id='word_1_21' title='bbox 702 502 881 572; x_wconf 85' lang='lat' dir='ltr'><strong>palam</strong></span> <span class='ocrx_word' id='word_1_22' title='bbox 939 498 1289 568; x_wconf 74' lang='lat' dir='ltr'><strong>triumphans</strong></span> <span class='ocrx_word' id='word_1_23' title='bbox 1359 498 1484 554; x_wconf 90' lang='lat' dir='ltr'><strong>illos</strong></span> <span class='ocrx_word' id='word_1_24' title='bbox 1549 497 1605 552; x_wconf 92' lang='lat' dir='ltr'><strong>in</strong></span> <span class='ocrx_word' id='word_1_25' title='bbox 1642 504 1848 552; x_wconf 88' lang='lat' dir='ltr'><strong>semet-</strong></span> 
     </span>
    </p>
   </div>
   <div class='ocr_carea' id='block_1_7' title="bbox 273 598 468 667">
    <p class='ocr_par' dir='ltr' id='par_1_7' title="bbox 273 598 468 667">
     <span class='ocr_line' id='line_1_7' title="bbox 273 598 468 667; baseline -0.015 -16"><span class='ocrx_word' id='word_1_26' title='bbox 273 598 414 667; x_wconf 90' lang='lat' dir='ltr'><strong>ipso.</strong></span> <span class='ocrx_word' id='word_1_27' title='bbox 450 616 468 648; x_wconf 79' lang='grc' dir='ltr'><strong>ι</strong></span> 
     </span>
    </p>
   </div>
   <div class='ocr_carea' id='block_1_8' title="bbox 344 680 1851 756">
    <p class='ocr_par' dir='ltr' id='par_1_8' title="bbox 344 680 1851 756">
     <span class='ocr_line' id='line_1_8' title="bbox 344 680 1851 756; baseline -0.003 -16"><span class='ocrx_word' id='word_1_28' title='bbox 344 687 401 742; x_wconf 83' lang='grc' dir='ltr'><strong>1η</strong></span> <span class='ocrx_word' id='word_1_29' title='bbox 434 703 530 742; x_wconf 90' lang='lat' dir='ltr'><strong>eos</strong></span> <span class='ocrx_word' id='word_1_30' title='bbox 557 685 650 756; x_wconf 87' lang='lat' dir='ltr'><strong>qui</strong></span> <span class='ocrx_word' id='word_1_31' title='bbox 685 691 1046 740; x_wconf 80' lang='lat' dir='ltr'><strong>contumaces</strong></span> <span class='ocrx_word' id='word_1_32' title='bbox 1090 684 1147 738; x_wconf 88' lang='lat' dir='ltr'><strong>in</strong></span> <span class='ocrx_word' id='word_1_33' title='bbox 1175 683 1345 738; x_wconf 90' lang='lat' dir='ltr'><strong>Deum</strong></span> <span class='ocrx_word' id='word_1_34' title='bbox 1392 681 1565 746; x_wconf 86' lang='lat' dir='ltr'><strong>fuere,</strong></span> <span class='ocrx_word' id='word_1_35' title='bbox 1601 680 1851 751; x_wconf 70' lang='lat' dir='ltr'><strong>quaedam</strong></span> 
     </span>
    </p>
   </div>
   <div class='ocr_carea' id='block_1_9' title="bbox 273 773 1856 847">
    <p class='ocr_par' dir='ltr' id='par_1_9' title="bbox 273 773 1856 847">
     <span class='ocr_line' id='line_1_9' title="bbox 273 773 1856 847; baseline -0.003 -16"><span class='ocrx_word' id='word_1_36' title='bbox 273 779 442 832; x_wconf 84' lang='lat' dir='ltr'><strong>veluti</strong></span> <span class='ocrx_word' id='word_1_37' title='bbox 480 779 760 847; x_wconf 88' lang='lat' dir='ltr'><strong>scriptura</strong></span> <span class='ocrx_word' id='word_1_38' title='bbox 787 783 898 841; x_wconf 89' lang='lat' dir='ltr'><strong>est,</strong></span> <span class='ocrx_word' id='word_1_39' title='bbox 932 791 1196 846; x_wconf 90' lang='lat' dir='ltr'><strong>expressa</strong></span> <span class='ocrx_word' id='word_1_40' title='bbox 1241 791 1423 846; x_wconf 75' lang='lat' dir='ltr'><strong>pravae</strong></span> <span class='ocrx_word' id='word_1_41' title='bbox 1452 777 1578 828; x_wconf 64' lang='lat' dir='ltr'><strong>vitae</strong></span> <span class='ocrx_word' id='word_1_42' title='bbox 1611 773 1856 828; x_wconf 85' lang='lat' dir='ltr'><strong>delinea-</strong></span> 
     </span>
    </p>
   </div>
   <div class='ocr_carea' id='block_1_10' title="bbox 276 865 1856 928">
    <p class='ocr_par' dir='ltr' id='par_1_10' title="bbox 276 865 1856 928">
     <span class='ocr_line' id='line_1_10' title="bbox 276 865 1856 928; baseline -0.005 -4"><span class='ocrx_word' id='word_1_43' title='bbox 276 871 372 924; x_wconf 92' lang='lat' dir='ltr'><strong>tio.</strong></span> <span class='ocrx_word' id='word_1_44' title='bbox 412 872 848 925; x_wconf 87' lang='lat' dir='ltr'><strong>lnstrumentum</strong></span> <span class='ocrx_word' id='word_1_45' title='bbox 895 869 1000 922; x_wconf 92' lang='lat' dir='ltr'><strong>hoc</strong></span> <span class='ocrx_word' id='word_1_46' title='bbox 1043 868 1277 922; x_wconf 88' lang='lat' dir='ltr'><strong>dilutum</strong></span> <span class='ocrx_word' id='word_1_47' title='bbox 1329 865 1452 928; x_wconf 91' lang='lat' dir='ltr'><strong>fuit,</strong></span> <span class='ocrx_word' id='word_1_48' title='bbox 1501 873 1561 919; x_wconf 90' lang='lat' dir='ltr'><strong>ut</strong></span> <span class='ocrx_word' id='word_1_49' title='bbox 1595 879 1706 918; x_wconf 91' lang='lat' dir='ltr'><strong>non</strong></span> <span class='ocrx_word' id='word_1_50' title='bbox 1739 877 1856 916; x_wconf 86' lang='lat' dir='ltr'><strong>am-</strong></span> 
     </span>
    </p>
   </div>
   <div class='ocr_carea' id='block_1_11' title="bbox 275 956 1858 1033">
    <p class='ocr_par' dir='ltr' id='par_1_11' title="bbox 275 956 1858 1033">
     <span class='ocr_line' id='line_1_11' title="bbox 275 956 1858 1033; baseline -0.003 -17"><span class='ocrx_word' id='word_1_51' title='bbox 275 965 420 1033; x_wconf 88' lang='lat' dir='ltr'><strong>plius</strong></span> <span class='ocrx_word' id='word_1_52' title='bbox 473 962 770 1016; x_wconf 87' lang='lat' dir='ltr'><strong>adversum</strong></span> <span class='ocrx_word' id='word_1_53' title='bbox 820 977 920 1016; x_wconf 90' lang='lat' dir='ltr'><strong>nos</strong></span> <span class='ocrx_word' id='word_1_54' title='bbox 955 967 1318 1023; x_wconf 88' lang='lat' dir='ltr'><strong>contestctur,</strong></span> <span class='ocrx_word' id='word_1_55' title='bbox 1357 958 1520 1013; x_wconf 89' lang='lat' dir='ltr'><strong>modo</strong></span> <span class='ocrx_word' id='word_1_56' title='bbox 1548 956 1615 1011; x_wconf 91' lang='lat' dir='ltr'><strong>ad</strong></span> <span class='ocrx_word' id='word_1_57' title='bbox 1664 957 1858 1012; x_wconf 89' lang='lat' dir='ltr'><strong>decre-</strong></span> 
     </span>
    </p>
   </div>
   <div class='ocr_carea' id='block_1_12' title="bbox 277 1049 1856 1120">
    <p class='ocr_par' dir='ltr' id='par_1_12' title="bbox 277 1049 1856 1120">
     <span class='ocr_line' id='line_1_12' title="bbox 277 1049 1856 1120; baseline -0.003 -11"><span class='ocrx_word' id='word_1_58' title='bbox 277 1069 392 1110; x_wconf 89' lang='lat' dir='ltr'><strong>tum</strong></span> <span class='ocrx_word' id='word_1_59' title='bbox 425 1055 674 1108; x_wconf 72' lang='lat' dir='ltr'><strong>divinum</strong></span> <span class='ocrx_word' id='word_1_60' title='bbox 701 1056 1059 1117; x_wconf 77' lang='lat' dir='ltr'><strong>accedamus,</strong></span> <span class='ocrx_word' id='word_1_61' title='bbox 1112 1052 1286 1106; x_wconf 88' lang='lat' dir='ltr'><strong>libera</strong></span> <span class='ocrx_word' id='word_1_62' title='bbox 1337 1051 1526 1120; x_wconf 92' lang='lat' dir='ltr'><strong>utique</strong></span> <span class='ocrx_word' id='word_1_63' title='bbox 1551 1049 1856 1115; x_wconf 75' lang='lat' dir='ltr'><strong>voluntate,</strong></span> 
     </span>
    </p>
   </div>
   <div class='ocr_carea' id='block_1_13' title="bbox 277 1139 1856 1216">
    <p class='ocr_par' dir='ltr' id='par_1_13' title="bbox 277 1139 1856 1216">
     <span class='ocr_line' id='line_1_13' title="bbox 277 1139 1856 1216; baseline -0.004 -16"><span class='ocrx_word' id='word_1_64' title='bbox 277 1145 644 1216; x_wconf 82' lang='lat' dir='ltr'><strong>diligentique</strong></span> <span class='ocrx_word' id='word_1_65' title='bbox 703 1143 908 1200; x_wconf 88' lang='lat' dir='ltr'><strong>studio.</strong></span> <span class='ocrx_word' id='word_1_66' title='bbox 970 1143 1139 1197; x_wconf 88' lang='lat' dir='ltr'><strong>Cruci</strong></span> <span class='ocrx_word' id='word_1_67' title='bbox 1190 1143 1381 1211; x_wconf 84' lang='lat' dir='ltr'><strong>itaque</strong></span> <span class='ocrx_word' id='word_1_68' title='bbox 1437 1140 1656 1195; x_wconf 90' lang='lat' dir='ltr'><strong>Domini</strong></span> <span class='ocrx_word' id='word_1_69' title='bbox 1716 1139 1856 1195; x_wconf 90' lang='lat' dir='ltr'><strong>illud</strong></span> 
     </span>
    </p>
   </div>
   <div class='ocr_carea' id='block_1_14' title="bbox 281 1233 1858 1301">
    <p class='ocr_par' dir='ltr' id='par_1_14' title="bbox 281 1233 1858 1301">
     <span class='ocr_line' id='line_1_14' title="bbox 281 1233 1858 1301; baseline -0.003 -11"><span class='ocrx_word' id='word_1_70' title='bbox 281 1236 506 1291; x_wconf 79' lang='lat' dir='ltr'><strong>allixum</strong></span> <span class='ocrx_word' id='word_1_71' title='bbox 560 1236 687 1301; x_wconf 86' lang='lat' dir='ltr'><strong>fuit,</strong></span> <span class='ocrx_word' id='word_1_72' title='bbox 741 1235 848 1290; x_wconf 93' lang='lat' dir='ltr'><strong>hoc</strong></span> <span class='ocrx_word' id='word_1_73' title='bbox 891 1245 974 1289; x_wconf 91' lang='lat' dir='ltr'><strong>est</strong></span> <span class='ocrx_word' id='word_1_74' title='bbox 1007 1234 1279 1288; x_wconf 85' lang='lat' dir='ltr'><strong>abolitum</strong></span> <span class='ocrx_word' id='word_1_75' title='bbox 1313 1242 1368 1288; x_wconf 92' lang='lat' dir='ltr'><strong>et</strong></span> <span class='ocrx_word' id='word_1_76' title='bbox 1397 1233 1724 1295; x_wconf 88' lang='lat' dir='ltr'><strong>rescissum,</strong></span> <span class='ocrx_word' id='word_1_77' title='bbox 1761 1247 1858 1287; x_wconf 88' lang='lat' dir='ltr'><strong>ex—</strong></span> 
     </span>
    </p>
   </div>
   <div class='ocr_carea' id='block_1_15' title="bbox 281 1325 1858 1398">
    <p class='ocr_par' dir='ltr' id='par_1_15' title="bbox 281 1325 1858 1398">
     <span class='ocr_line' id='line_1_15' title="bbox 281 1325 1858 1398; baseline -0.003 -14"><span class='ocrx_word' id='word_1_78' title='bbox 281 1332 490 1384; x_wconf 87' lang='lat' dir='ltr'><strong>stincta</strong></span> <span class='ocrx_word' id='word_1_79' title='bbox 543 1329 684 1396; x_wconf 89' lang='lat' dir='ltr'><strong>vita,</strong></span> <span class='ocrx_word' id='word_1_80' title='bbox 736 1330 793 1384; x_wconf 91' lang='lat' dir='ltr'><strong>in</strong></span> <span class='ocrx_word' id='word_1_81' title='bbox 840 1343 949 1398; x_wconf 91' lang='lat' dir='ltr'><strong>qua</strong></span> <span class='ocrx_word' id='word_1_82' title='bbox 975 1327 1376 1398; x_wconf 86' lang='lat' dir='ltr'><strong>improbitatis,</strong></span> <span class='ocrx_word' id='word_1_83' title='bbox 1403 1325 1634 1396; x_wconf 84' lang='lat' dir='ltr'><strong>ejusque</strong></span> <span class='ocrx_word' id='word_1_84' title='bbox 1663 1332 1858 1380; x_wconf 89' lang='lat' dir='ltr'><strong>contra</strong></span> 
     </span>
    </p>
   </div>
   <div class='ocr_carea' id='block_1_16' title="bbox 282 1416 1858 1491">
    <p class='ocr_par' dir='ltr' id='par_1_16' title="bbox 282 1416 1858 1491">
     <span class='ocr_line' id='line_1_16' title="bbox 282 1416 1858 1491; baseline -0.003 -15"><span class='ocrx_word' id='word_1_85' title='bbox 282 1437 385 1476; x_wconf 86' lang='lat' dir='ltr'><strong>nos</strong></span> <span class='ocrx_word' id='word_1_86' title='bbox 413 1421 722 1477; x_wconf 86' lang='lat' dir='ltr'><strong>testimonii</strong></span> <span class='ocrx_word' id='word_1_87' title='bbox 755 1421 1174 1491; x_wconf 85' lang='lat' dir='ltr'><strong>expressionem</strong></span> <span class='ocrx_word' id='word_1_88' title='bbox 1207 1417 1543 1474; x_wconf 88' lang='lat' dir='ltr'><strong>ferebamus.</strong></span> <span class='ocrx_word' id='word_1_89' title='bbox 1585 1416 1722 1472; x_wconf 86' lang='lat' dir='ltr'><strong>Nam</strong></span> <span class='ocrx_word' id='word_1_90' title='bbox 1758 1418 1858 1488; x_wconf 84' lang='lat' dir='ltr'><strong>qui</strong></span> 
     </span>
    </p>
   </div>
   <div class='ocr_carea' id='block_1_17' title="bbox 281 1509 1860 1582">
    <p class='ocr_par' dir='ltr' id='par_1_17' title="bbox 281 1509 1860 1582">
     <span class='ocr_line' id='line_1_17' title="bbox 281 1509 1860 1582; baseline -0.001 -13"><span class='ocrx_word' id='word_1_91' title='bbox 281 1517 451 1569; x_wconf 88' lang='lat' dir='ltr'><strong>vitam</strong></span> <span class='ocrx_word' id='word_1_92' title='bbox 505 1515 664 1570; x_wconf 90' lang='lat' dir='ltr'><strong>istam</strong></span> <span class='ocrx_word' id='word_1_93' title='bbox 725 1513 1039 1578; x_wconf 87' lang='lat' dir='ltr'><strong>exstinxit,</strong></span> <span class='ocrx_word' id='word_1_94' title='bbox 1127 1511 1557 1582; x_wconf 81' lang='lat' dir='ltr'><strong>chirographum</strong></span> <span class='ocrx_word' id='word_1_95' title='bbox 1625 1509 1860 1567; x_wconf 88' lang='lat' dir='ltr'><strong>subinde</strong></span> 
     </span>
    </p>
   </div>
   <div class='ocr_carea' id='block_1_18' title="bbox 282 1603 1861 1678">
    <p class='ocr_par' dir='ltr' id='par_1_18' title="bbox 282 1603 1861 1678">
     <span class='ocr_line' id='line_1_18' title="bbox 282 1603 1861 1678; baseline -0.002 -17"><span class='ocrx_word' id='word_1_96' title='bbox 282 1607 430 1678; x_wconf 92' lang='lat' dir='ltr'><strong>quod</strong></span> <span class='ocrx_word' id='word_1_97' title='bbox 492 1608 764 1662; x_wconf 85' lang='lat' dir='ltr'><strong>adversus</strong></span> <span class='ocrx_word' id='word_1_98' title='bbox 831 1621 953 1661; x_wconf 92' lang='lat' dir='ltr'><strong>eam</strong></span> <span class='ocrx_word' id='word_1_99' title='bbox 1009 1605 1288 1670; x_wconf 90' lang='lat' dir='ltr'><strong>exstabat,</strong></span> <span class='ocrx_word' id='word_1_100' title='bbox 1337 1603 1748 1674; x_wconf 87' lang='lat' dir='ltr'><strong>pessumdedit,</strong></span> <span class='ocrx_word' id='word_1_101' title='bbox 1804 1611 1861 1659; x_wconf 82' lang='lat' dir='ltr'><strong>et</strong></span> 
     </span>
    </p>
   </div>
   <div class='ocr_carea' id='block_1_19' title="bbox 279 1695 1860 1770">
    <p class='ocr_par' dir='ltr' id='par_1_19' title="bbox 279 1695 1860 1770">
     <span class='ocr_line' id='line_1_19' title="bbox 279 1695 1860 1770; baseline -0.002 -17"><span class='ocrx_word' id='word_1_102' title='bbox 279 1712 480 1770; x_wconf 83' lang='lat' dir='ltr'><strong>pravas</strong></span> <span class='ocrx_word' id='word_1_103' title='bbox 509 1704 844 1766; x_wconf 86' lang='lat' dir='ltr'><strong>potestates,</strong></span> <span class='ocrx_word' id='word_1_104' title='bbox 882 1712 1003 1766; x_wconf 73' lang='lat' dir='ltr'><strong>qua:</strong></span> <span class='ocrx_word' id='word_1_105' title='bbox 1030 1695 1166 1750; x_wconf 88' lang='lat' dir='ltr'><strong>vitio</strong></span> <span class='ocrx_word' id='word_1_106' title='bbox 1202 1696 1391 1751; x_wconf 90' lang='lat' dir='ltr'><strong>carnis</strong></span> <span class='ocrx_word' id='word_1_107' title='bbox 1421 1695 1632 1750; x_wconf 88' lang='lat' dir='ltr'><strong>circum</strong></span> <span class='ocrx_word' id='word_1_108' title='bbox 1666 1708 1860 1750; x_wconf 87' lang='lat' dir='ltr'><strong>excre-</strong></span> 
     </span>
    </p>
   </div>
   <div class='ocr_carea' id='block_1_20' title="bbox 280 1786 1860 1861">
    <p class='ocr_par' dir='ltr' id='par_1_20' title="bbox 280 1786 1860 1861">
     <span class='ocr_line' id='line_1_20' title="bbox 280 1786 1860 1861; baseline -0.003 -16"><span class='ocrx_word' id='word_1_109' title='bbox 280 1800 500 1857; x_wconf 88' lang='lat' dir='ltr'><strong>verant,</strong></span> <span class='ocrx_word' id='word_1_110' title='bbox 534 1805 770 1861; x_wconf 67' lang='lat' dir='ltr'><strong>quaeque</strong></span> <span class='ocrx_word' id='word_1_111' title='bbox 817 1796 992 1843; x_wconf 90' lang='lat' dir='ltr'><strong>totum</strong></span> <span class='ocrx_word' id='word_1_112' title='bbox 1028 1786 1314 1843; x_wconf 82' lang='lat' dir='ltr'><strong>hominem</strong></span> <span class='ocrx_word' id='word_1_113' title='bbox 1360 1787 1714 1857; x_wconf 86' lang='lat' dir='ltr'><strong>obtegebant,</strong></span> <span class='ocrx_word' id='word_1_114' title='bbox 1749 1800 1860 1841; x_wconf 88' lang='lat' dir='ltr'><strong>una</strong></span> 
     </span>
    </p>
   </div>
   <div class='ocr_carea' id='block_1_21' title="bbox 281 1881 1864 1953">
    <p class='ocr_par' dir='ltr' id='par_1_21' title="bbox 281 1881 1864 1953">
     <span class='ocr_line' id='line_1_21' title="bbox 281 1881 1864 1953; baseline -0.003 -13"><span class='ocrx_word' id='word_1_115' title='bbox 281 1900 408 1940; x_wconf 91' lang='lat' dir='ltr'><strong>cum</strong></span> <span class='ocrx_word' id='word_1_116' title='bbox 439 1898 673 1953; x_wconf 87' lang='lat' dir='ltr'><strong>corpore</strong></span> <span class='ocrx_word' id='word_1_117' title='bbox 721 1882 895 1948; x_wconf 88' lang='lat' dir='ltr'><strong>exuit,</strong></span> <span class='ocrx_word' id='word_1_118' title='bbox 950 1881 1373 1952; x_wconf 86' lang='lat' dir='ltr'><strong>suspenditque,</strong></span> <span class='ocrx_word' id='word_1_119' title='bbox 1423 1881 1582 1950; x_wconf 70' lang='lat'><strong>211</strong></span> <span class='ocrx_word' id='word_1_120' title='bbox 1637 1881 1776 1936; x_wconf 87' lang='lat' dir='ltr'><strong>adeo</strong></span> <span class='ocrx_word' id='word_1_121' title='bbox 1801 1886 1864 1937; x_wconf 82' lang='lat' dir='ltr'><strong>ut</strong></span> 
     </span>
    </p>
   </div>
   <div class='ocr_carea' id='block_1_22' title="bbox 282 1973 1862 2047">
    <p class='ocr_par' dir='ltr' id='par_1_22' title="bbox 282 1973 1862 2047">
     <span class='ocr_line' id='line_1_22' title="bbox 282 1973 1862 2047; baseline -0.002 -16"><span class='ocrx_word' id='word_1_122' title='bbox 282 1977 598 2046; x_wconf 88' lang='lat' dir='ltr'><strong>susciperet</strong></span> <span class='ocrx_word' id='word_1_123' title='bbox 645 1976 872 2047; x_wconf 86' lang='lat' dir='ltr'><strong>quidem</strong></span> <span class='ocrx_word' id='word_1_124' title='bbox 923 1977 1046 2046; x_wconf 90' lang='lat' dir='ltr'><strong>ipse</strong></span> <span class='ocrx_word' id='word_1_125' title='bbox 1089 1973 1476 2029; x_wconf 80' lang='lat' dir='ltr'><strong>confusionem</strong></span> <span class='ocrx_word' id='word_1_126' title='bbox 1513 1980 1640 2028; x_wconf 92' lang='lat' dir='ltr'><strong>ante</strong></span> <span class='ocrx_word' id='word_1_127' title='bbox 1677 1973 1862 2028; x_wconf 89' lang='lat' dir='ltr'><strong>homi-</strong></span> 
     </span>
    </p>
   </div>
   <div class='ocr_carea' id='block_1_23' title="bbox 279 2066 1864 2141">
    <p class='ocr_par' dir='ltr' id='par_1_23' title="bbox 279 2066 1864 2141">
     <span class='ocr_line' id='line_1_23' title="bbox 279 2066 1864 2141; baseline -0.003 -14"><span class='ocrx_word' id='word_1_128' title='bbox 279 2088 417 2127; x_wconf 85' lang='lat' dir='ltr'><strong>num</strong></span> <span class='ocrx_word' id='word_1_129' title='bbox 452 2072 684 2139; x_wconf 89' lang='lat' dir='ltr'><strong>oculos;</strong></span> <span class='ocrx_word' id='word_1_130' title='bbox 725 2085 889 2141; x_wconf 90' lang='lat' dir='ltr'><strong>quam</strong></span> <span class='ocrx_word' id='word_1_131' title='bbox 930 2085 1067 2125; x_wconf 91' lang='lat' dir='ltr'><strong>vero</strong></span> <span class='ocrx_word' id='word_1_132' title='bbox 1097 2069 1152 2122; x_wconf 88' lang='lat' dir='ltr'><strong>in</strong></span> <span class='ocrx_word' id='word_1_133' title='bbox 1186 2068 1311 2123; x_wconf 81' lang='lat' dir='ltr'><strong>illos</strong></span> <span class='ocrx_word' id='word_1_134' title='bbox 1343 2082 1373 2121; x_wconf 88' lang='lat' dir='ltr'><strong>a</strong></span> <span class='ocrx_word' id='word_1_135' title='bbox 1419 2067 1624 2138; x_wconf 85' lang='lat' dir='ltr'><strong>quibus</strong></span> <span class='ocrx_word' id='word_1_136' title='bbox 1650 2066 1703 2121; x_wconf 89' lang='lat' dir='ltr'><strong>in</strong></span> <span class='ocrx_word' id='word_1_137' title='bbox 1733 2082 1864 2122; x_wconf 88' lang='lat' dir='ltr'><strong>cru-</strong></span> 
     </span>
    </p>
   </div>
   <div class='ocr_carea' id='block_1_24' title="bbox 281 2157 1858 2228">
    <p class='ocr_par' dir='ltr' id='par_1_24' title="bbox 281 2157 1858 2228">
     <span class='ocr_line' id='line_1_24' title="bbox 281 2157 1858 2228; baseline -0.003 -11"><span class='ocrx_word' id='word_1_138' title='bbox 281 2178 402 2217; x_wconf 89' lang='lat' dir='ltr'><strong>cem</strong></span> <span class='ocrx_word' id='word_1_139' title='bbox 436 2170 596 2216; x_wconf 90' lang='lat' dir='ltr'><strong>actus</strong></span> <span class='ocrx_word' id='word_1_140' title='bbox 635 2159 759 2223; x_wconf 90' lang='lat' dir='ltr'><strong>fuit,</strong></span> <span class='ocrx_word' id='word_1_141' title='bbox 810 2159 927 2214; x_wconf 86' lang='lat' dir='ltr'><strong>sive</strong></span> <span class='ocrx_word' id='word_1_142' title='bbox 978 2159 1034 2212; x_wconf 89' lang='lat' dir='ltr'><strong>in</strong></span> <span class='ocrx_word' id='word_1_143' title='bbox 1088 2157 1375 2228; x_wconf 89' lang='lat' dir='ltr'><strong>principes</strong></span> <span class='ocrx_word' id='word_1_144' title='bbox 1431 2157 1598 2225; x_wconf 87' lang='lat' dir='ltr'><strong>hujus</strong></span> <span class='ocrx_word' id='word_1_145' title='bbox 1644 2158 1858 2224; x_wconf 89' lang='lat' dir='ltr'><strong>mundi,</strong></span> 
     </span>
    </p>
   </div>
   <div class='ocr_carea' id='block_1_25' title="bbox 282 2249 1861 2322">
    <p class='ocr_par' dir='ltr' id='par_1_25' title="bbox 282 2249 1861 2322">
     <span class='ocr_line' id='line_1_25' title="bbox 282 2249 1861 2322; baseline -0.001 -14"><span class='ocrx_word' id='word_1_146' title='bbox 282 2254 563 2322; x_wconf 87' lang='lat' dir='ltr'><strong>rejiceret.</strong></span> <span class='ocrx_word' id='word_1_147' title='bbox 594 2251 738 2306; x_wconf 85' lang='lat' dir='ltr'><strong>Mors</strong></span> <span class='ocrx_word' id='word_1_148' title='bbox 769 2251 917 2306; x_wconf 91' lang='lat' dir='ltr'><strong>enim</strong></span> <span class='ocrx_word' id='word_1_149' title='bbox 955 2251 1010 2304; x_wconf 94' lang='lat' dir='ltr'><strong>in</strong></span> <span class='ocrx_word' id='word_1_150' title='bbox 1043 2263 1154 2320; x_wconf 90' lang='lat' dir='ltr'><strong>qua</strong></span> <span class='ocrx_word' id='word_1_151' title='bbox 1188 2249 1360 2304; x_wconf 89' lang='lat' dir='ltr'><strong>robur</strong></span> <span class='ocrx_word' id='word_1_152' title='bbox 1387 2264 1578 2304; x_wconf 87' lang='lat' dir='ltr'><strong>eorum</strong></span> <span class='ocrx_word' id='word_1_153' title='bbox 1614 2253 1861 2321; x_wconf 89' lang='lat' dir='ltr'><strong>positum</strong></span> 
     </span>
    </p>
   </div>
   <div class='ocr_carea' id='block_1_26' title="bbox 282 2341 1862 2416">
    <p class='ocr_par' dir='ltr' id='par_1_26' title="bbox 282 2341 1862 2416">
     <span class='ocr_line' id='line_1_26' title="bbox 282 2341 1862 2416; baseline -0.001 -16"><span class='ocrx_word' id='word_1_154' title='bbox 282 2352 432 2408; x_wconf 90' lang='lat' dir='ltr'><strong>erat,</strong></span> <span class='ocrx_word' id='word_1_155' title='bbox 469 2352 696 2399; x_wconf 89' lang='lat' dir='ltr'><strong>enecata</strong></span> <span class='ocrx_word' id='word_1_156' title='bbox 732 2349 839 2407; x_wconf 89' lang='lat' dir='ltr'><strong>est,</strong></span> <span class='ocrx_word' id='word_1_157' title='bbox 894 2349 949 2398; x_wconf 92' lang='lat' dir='ltr'><strong>et</strong></span> <span class='ocrx_word' id='word_1_158' title='bbox 989 2343 1043 2396; x_wconf 92' lang='lat' dir='ltr'><strong>in</strong></span> <span class='ocrx_word' id='word_1_159' title='bbox 1089 2341 1262 2397; x_wconf 79' lang='lat' dir='ltr'><strong>vitam</strong></span> <span class='ocrx_word' id='word_1_160' title='bbox 1320 2351 1703 2399; x_wconf 86' lang='lat' dir='ltr'><strong>commutata:</strong></span> <span class='ocrx_word' id='word_1_161' title='bbox 1750 2360 1862 2416; x_wconf 88' lang='lat' dir='ltr'><strong>quo</strong></span> 
     </span>
    </p>
   </div>
   <div class='ocr_carea' id='block_1_27' title="bbox 285 2432 1862 2502">
    <p class='ocr_par' dir='ltr' id='par_1_27' title="bbox 285 2432 1862 2502">
     <span class='ocr_line' id='line_1_27' title="bbox 285 2432 1862 2502; baseline 0.002 -14"><span class='ocrx_word' id='word_1_162' title='bbox 285 2434 494 2489; x_wconf 84' lang='lat' dir='ltr'><strong>factum</strong></span> <span class='ocrx_word' id='word_1_163' title='bbox 552 2441 660 2499; x_wconf 91' lang='lat' dir='ltr'><strong>est,</strong></span> <span class='ocrx_word' id='word_1_164' title='bbox 720 2433 883 2489; x_wconf 89' lang='lat' dir='ltr'><strong>utilli</strong></span> <span class='ocrx_word' id='word_1_165' title='bbox 941 2432 1139 2488; x_wconf 88' lang='lat' dir='ltr'><strong>throno</strong></span> <span class='ocrx_word' id='word_1_166' title='bbox 1177 2432 1514 2502; x_wconf 81' lang='lat' dir='ltr'><strong>exciderint,</strong></span> <span class='ocrx_word' id='word_1_167' title='bbox 1572 2434 1862 2491; x_wconf 88' lang='lat' dir='ltr'><strong>destructa</strong></span> 
     </span>
    </p>
   </div>
   <div class='ocr_carea' id='block_1_28' title="bbox 284 2523 1718 2596">
    <p class='ocr_par' dir='ltr' id='par_1_28' title="bbox 284 2523 1718 2596">
     <span class='ocr_line' id='line_1_28' title="bbox 284 2523 1718 2596; baseline 0.001 -14"><span class='ocrx_word' id='word_1_168' title='bbox 284 2536 482 2592; x_wconf 89' lang='lat' dir='ltr'><strong>morte,</strong></span> <span class='ocrx_word' id='word_1_169' title='bbox 519 2541 642 2596; x_wconf 62' lang='lat' dir='ltr'><strong>qua:</strong></span> <span class='ocrx_word' id='word_1_170' title='bbox 674 2527 827 2582; x_wconf 91' lang='lat' dir='ltr'><strong>basis</strong></span> <span class='ocrx_word' id='word_1_171' title='bbox 867 2525 993 2594; x_wconf 86' lang='lat' dir='ltr'><strong>ejus</strong></span> <span class='ocrx_word' id='word_1_172' title='bbox 1037 2532 1092 2580; x_wconf 90' lang='lat' dir='ltr'><strong>et</strong></span> <span class='ocrx_word' id='word_1_173' title='bbox 1125 2523 1546 2580; x_wconf 81' lang='lat' dir='ltr'><strong>fundamentum</strong></span> <span class='ocrx_word' id='word_1_174' title='bbox 1576 2533 1718 2584; x_wconf 87' lang='lat' dir='ltr'><strong>erat.</strong></span> 
     </span>
    </p>
   </div>
   <div class='ocr_carea' id='block_1_29' title="bbox 360 2615 1862 2690">
    <p class='ocr_par' dir='ltr' id='par_1_29' title="bbox 360 2615 1862 2690">
     <span class='ocr_line' id='line_1_29' title="bbox 360 2615 1862 2690; baseline 0.003 -20"><span class='ocrx_word' id='word_1_175' title='bbox 360 2637 379 2670; x_wconf 77' lang='grc' dir='ltr'><strong>ι</strong></span> <span class='ocrx_word' id='word_1_176' title='bbox 413 2617 606 2690; x_wconf 52' lang='lat' dir='ltr'><strong>[Vens</strong></span> <span class='ocrx_word' id='word_1_177' title='bbox 636 2616 721 2684; x_wconf 84' lang='grc'><strong>16,</strong></span> <span class='ocrx_word' id='word_1_178' title='bbox 750 2615 862 2690; x_wconf 82' lang='grc' dir='ltr'><strong>Π.]</strong></span> <span class='ocrx_word' id='word_1_179' title='bbox 889 2615 1058 2672; x_wconf 84' lang='lat' dir='ltr'><strong>Nemo</strong></span> <span class='ocrx_word' id='word_1_180' title='bbox 1082 2631 1216 2687; x_wconf 87' lang='lat' dir='ltr'><strong>ergo</strong></span> <span class='ocrx_word' id='word_1_181' title='bbox 1245 2631 1345 2672; x_wconf 90' lang='lat' dir='ltr'><strong>vos</strong></span> <span class='ocrx_word' id='word_1_182' title='bbox 1371 2617 1582 2688; x_wconf 89' lang='lat' dir='ltr'><strong>judicet</strong></span> <span class='ocrx_word' id='word_1_183' title='bbox 1617 2619 1674 2673; x_wconf 90' lang='lat' dir='ltr'><strong>in</strong></span> <span class='ocrx_word' id='word_1_184' title='bbox 1715 2619 1862 2685; x_wconf 91' lang='lat' dir='ltr'><strong>cibo,</strong></span> 
     </span>
    </p>
   </div>
   <div class='ocr_carea' id='block_1_30' title="bbox 284 2707 1861 2780">
    <p class='ocr_par' dir='ltr' id='par_1_30' title="bbox 284 2707 1861 2780">
     <span class='ocr_line' id='line_1_30' title="bbox 284 2707 1861 2780; baseline 0.001 -16"><span class='ocrx_word' id='word_1_185' title='bbox 284 2718 378 2764; x_wconf 89' lang='lat' dir='ltr'><strong>aut</strong></span> <span class='ocrx_word' id='word_1_186' title='bbox 412 2710 465 2763; x_wconf 90' lang='lat' dir='ltr'><strong>in</strong></span> <span class='ocrx_word' id='word_1_187' title='bbox 492 2719 644 2780; x_wconf 91' lang='lat' dir='ltr'><strong>potu,</strong></span> <span class='ocrx_word' id='word_1_188' title='bbox 685 2715 780 2764; x_wconf 90' lang='lat' dir='ltr'><strong>aut</strong></span> <span class='ocrx_word' id='word_1_189' title='bbox 812 2709 865 2764; x_wconf 88' lang='lat' dir='ltr'><strong>in</strong></span> <span class='ocrx_word' id='word_1_190' title='bbox 893 2716 1050 2778; x_wconf 91' lang='lat' dir='ltr'><strong>parte</strong></span> <span class='ocrx_word' id='word_1_191' title='bbox 1086 2707 1195 2762; x_wconf 90' lang='lat' dir='ltr'><strong>diei</strong></span> <span class='ocrx_word' id='word_1_192' title='bbox 1228 2708 1374 2773; x_wconf 89' lang='lat' dir='ltr'><strong>festi,</strong></span> <span class='ocrx_word' id='word_1_193' title='bbox 1415 2718 1508 2763; x_wconf 90' lang='lat' dir='ltr'><strong>aut</strong></span> <span class='ocrx_word' id='word_1_194' title='bbox 1528 2707 1861 2778; x_wconf 68' lang='lat' dir='ltr'><strong>Neomeniae,</strong></span> 
     </span>
    </p>
   </div>
   <div class='ocr_carea' id='block_1_31' title="bbox 284 2798 1865 2870">
    <p class='ocr_par' dir='ltr' id='par_1_31' title="bbox 284 2798 1865 2870">
     <span class='ocr_line' id='line_1_31' title="bbox 284 2798 1865 2870; baseline 0.001 -15"><span class='ocrx_word' id='word_1_195' title='bbox 284 2810 378 2856; x_wconf 81' lang='lat' dir='ltr'><strong>aut</strong></span> <span class='ocrx_word' id='word_1_196' title='bbox 408 2799 806 2862; x_wconf 88' lang='lat' dir='ltr'><strong>Sabbatorum,‘</strong></span> <span class='ocrx_word' id='word_1_197' title='bbox 828 2815 951 2870; x_wconf 71' lang='lat' dir='ltr'><strong>quas</strong></span> <span class='ocrx_word' id='word_1_198' title='bbox 982 2808 1114 2854; x_wconf 88' lang='lat' dir='ltr'><strong>sunt</strong></span> <span class='ocrx_word' id='word_1_199' title='bbox 1145 2800 1341 2855; x_wconf 89' lang='lat' dir='ltr'><strong>umbra</strong></span> <span class='ocrx_word' id='word_1_200' title='bbox 1375 2798 1710 2867; x_wconf 88' lang='lat' dir='ltr'><strong>futurorum,</strong></span> <span class='ocrx_word' id='word_1_201' title='bbox 1743 2818 1865 2856; x_wconf 89' lang='lat' dir='ltr'><strong>cor-</strong></span> 
     </span>
    </p>
   </div>
   <div class='ocr_carea' id='block_1_32' title="bbox 283 2892 914 2964">
    <p class='ocr_par' dir='ltr' id='par_1_32' title="bbox 283 2892 914 2964">
     <span class='ocr_line' id='line_1_32' title="bbox 283 2892 914 2964; baseline -0.006 -18"><span class='ocrx_word' id='word_1_202' title='bbox 283 2908 387 2964; x_wconf 90' lang='lat' dir='ltr'><strong>ptts</strong></span> <span class='ocrx_word' id='word_1_203' title='bbox 419 2902 602 2948; x_wconf 88' lang='lat' dir='ltr'><strong>autem</strong></span> <span class='ocrx_word' id='word_1_204' title='bbox 631 2892 860 2950; x_wconf 86' lang='lat' dir='ltr'><strong>Christi.</strong></span> <span class='ocrx_word' id='word_1_205' title='bbox 897 2910 914 2942; x_wconf 74' lang='grc' dir='ltr'><strong>ι</strong></span> 
     </span>
    </p>
   </div>
   <div class='ocr_carea' id='block_1_33' title="bbox 355 2985 1864 3057">
    <p class='ocr_par' dir='ltr' id='par_1_33' title="bbox 355 2985 1864 3057">
     <span class='ocr_line' id='line_1_33' title="bbox 355 2985 1864 3057; baseline 0.003 -18"><span class='ocrx_word' id='word_1_206' title='bbox 355 2985 506 3041; x_wconf 81' lang='lat' dir='ltr'><strong>Facti</strong></span> <span class='ocrx_word' id='word_1_207' title='bbox 565 2985 704 3041; x_wconf 89' lang='lat' dir='ltr'><strong>estis</strong></span> <span class='ocrx_word' id='word_1_208' title='bbox 741 2986 1038 3052; x_wconf 90' lang='lat' dir='ltr'><strong>immunes,</strong></span> <span class='ocrx_word' id='word_1_209' title='bbox 1075 2985 1276 3056; x_wconf 88' lang='lat' dir='ltr'><strong>inquit,</strong></span> <span class='ocrx_word' id='word_1_210' title='bbox 1331 2986 1541 3042; x_wconf 90' lang='lat' dir='ltr'><strong>abillis</strong></span> <span class='ocrx_word' id='word_1_211' title='bbox 1574 2987 1864 3057; x_wconf 71' lang='lat' dir='ltr'><strong>prazceptis</strong></span> 
     </span>
    </p>
   </div>
   <div class='ocr_carea' id='block_1_34' title="bbox 1966 478 3204 554">
    <p class='ocr_par' dir='ltr' id='par_1_34' title="bbox 1966 478 3204 554">
     <span class='ocr_line' id='line_1_34' title="bbox 1966 478 3204 554; baseline -0.004 -18"><span class='ocrx_word' id='word_1_212' title='bbox 1966 482 2276 554; x_wconf 77' lang='grc' dir='ltr'><strong>παρρησίᾳ,</strong></span> <span class='ocrx_word' id='word_1_213' title='bbox 2308 480 2687 553; x_wconf 88' lang='grc' dir='ltr'><strong>θριαμϐεύσας</strong></span> <span class='ocrx_word' id='word_1_214' title='bbox 2722 480 2922 546; x_wconf 78' lang='grc' dir='ltr'><strong>αὐτοὺς</strong></span> <span class='ocrx_word' id='word_1_215' title='bbox 2942 480 3004 536; x_wconf 84' lang='grc' dir='ltr'><strong>ἐν</strong></span> <span class='ocrx_word' id='word_1_216' title='bbox 3031 478 3204 552; x_wconf 83' lang='grc' dir='ltr'><strong>αὐτῷ.</strong></span> 
     </span>
    </p>
   </div>
   <div class='ocr_carea' id='block_1_35' title="bbox 2041 657 3544 730">
    <p class='ocr_par' dir='ltr' id='par_1_35' title="bbox 2041 657 3544 730">
     <span class='ocr_line' id='line_1_35' title="bbox 2041 657 3544 730; baseline 0 -16"><span class='ocrx_word' id='word_1_217' title='bbox 2041 661 2128 714; x_wconf 84' lang='grc' dir='ltr'><strong>Ἐν</strong></span> <span class='ocrx_word' id='word_1_218' title='bbox 2150 662 2266 724; x_wconf 81' lang='grc' dir='ltr'><strong>τοῖς</strong></span> <span class='ocrx_word' id='word_1_219' title='bbox 2293 659 2678 730; x_wconf 87' lang='grc' dir='ltr'><strong>παρακούσασι</strong></span> <span class='ocrx_word' id='word_1_220' title='bbox 2702 659 2862 725; x_wconf 75' lang='grc' dir='ltr'><strong>Θεοῦ,</strong></span> <span class='ocrx_word' id='word_1_221' title='bbox 2893 659 3146 730; x_wconf 86' lang='grc' dir='ltr'><strong>καθάπερ</strong></span> <span class='ocrx_word' id='word_1_222' title='bbox 3167 657 3405 730; x_wconf 78' lang='grc' dir='ltr'><strong>γράμμα</strong></span> <span class='ocrx_word' id='word_1_223' title='bbox 3427 657 3544 714; x_wconf 83' lang='grc' dir='ltr'><strong>ἐστὶ</strong></span> 
     </span>
    </p>
   </div>
   <div class='ocr_carea' id='block_1_36' title="bbox 1955 750 3544 824">
    <p class='ocr_par' dir='ltr' id='par_1_36' title="bbox 1955 750 3544 824">
     <span class='ocr_line' id='line_1_36' title="bbox 1955 750 3544 824; baseline -0.002 -18"><span class='ocrx_word' id='word_1_224' title='bbox 1955 753 2056 824; x_wconf 82' lang='grc' dir='ltr'><strong>τὴν</strong></span> <span class='ocrx_word' id='word_1_225' title='bbox 2080 752 2368 824; x_wconf 83' lang='grc' dir='ltr'><strong>παρακοὴν</strong></span> <span class='ocrx_word' id='word_1_226' title='bbox 2393 753 2638 823; x_wconf 90' lang='grc' dir='ltr'><strong>ἐλέγχον,</strong></span> <span class='ocrx_word' id='word_1_227' title='bbox 2673 755 2708 824; x_wconf 81' lang='grc' dir='ltr'><strong>ή</strong></span> <span class='ocrx_word' id='word_1_228' title='bbox 2741 753 3070 817; x_wconf 89' lang='grc' dir='ltr'><strong>ἐκτύπωσις,</strong></span> <span class='ocrx_word' id='word_1_229' title='bbox 3099 755 3132 823; x_wconf 79' lang='grc' dir='ltr'>ἡ</span> <span class='ocrx_word' id='word_1_230' title='bbox 3163 753 3228 805; x_wconf 88' lang='grc' dir='ltr'><strong>ἐκ</strong></span> <span class='ocrx_word' id='word_1_231' title='bbox 3249 750 3351 821; x_wconf 84' lang='grc' dir='ltr'><strong>τῆς</strong></span> <span class='ocrx_word' id='word_1_232' title='bbox 3373 768 3544 822; x_wconf 80' lang='grc' dir='ltr'><strong>πονη-</strong></span> 
     </span>
    </p>
   </div>
   <div class='ocr_carea' id='block_1_37' title="bbox 1959 834 3545 911">
    <p class='ocr_par' dir='ltr' id='par_1_37' title="bbox 1959 834 3545 911">
     <span class='ocr_line' id='line_1_37' title="bbox 1959 834 3545 911; baseline -0.001 -17"><span class='ocrx_word' id='word_1_233' title='bbox 1959 842 2059 911; x_wconf 81' lang='grc' dir='ltr'><strong>ρᾶς</strong></span> <span class='ocrx_word' id='word_1_234' title='bbox 2089 834 2256 910; x_wconf 78' lang='grc' dir='ltr'><strong>ζωῆς.</strong></span> <span class='ocrx_word' id='word_1_235' title='bbox 2291 841 2366 894; x_wconf 83' lang='grc' dir='ltr'><strong>Τὸ</strong></span> <span class='ocrx_word' id='word_1_236' title='bbox 2389 839 2716 911; x_wconf 81' lang='grc' dir='ltr'><strong>διάγραμμα</strong></span> <span class='ocrx_word' id='word_1_237' title='bbox 2738 840 2898 894; x_wconf 82' lang='grc' dir='ltr'><strong>τοῦτο</strong></span> <span class='ocrx_word' id='word_1_238' title='bbox 2922 840 3285 909; x_wconf 78' lang='grc' dir='ltr'><strong>ἐξαλείφεται,</strong></span> <span class='ocrx_word' id='word_1_239' title='bbox 3325 839 3404 902; x_wconf 88' lang='grc' dir='ltr'><strong>ὼς</strong></span> <span class='ocrx_word' id='word_1_240' title='bbox 3437 857 3545 910; x_wconf 87' lang='grc' dir='ltr'><strong>μη-</strong></span> 
     </span>
    </p>
   </div>
   <div class='ocr_carea' id='block_1_38' title="bbox 1957 919 3624 1001">
    <p class='ocr_par' dir='ltr' id='par_1_38' title="bbox 1957 919 3624 1001">
     <span class='ocr_line' id='line_1_38' title="bbox 1957 919 3624 1001; baseline -0.002 -17"><span class='ocrx_word' id='word_1_241' title='bbox 1957 929 2078 984; x_wconf 89' lang='grc' dir='ltr'><strong>κέτι</strong></span> <span class='ocrx_word' id='word_1_242' title='bbox 2105 931 2550 1000; x_wconf 78' lang='grc' dir='ltr'><strong>καταμαρτυρεῖν</strong></span> <span class='ocrx_word' id='word_1_243' title='bbox 2580 928 2760 1000; x_wconf 83' lang='grc' dir='ltr'><strong>ἡμῶν,</strong></span> <span class='ocrx_word' id='word_1_244' title='bbox 2808 929 2905 982; x_wconf 81' lang='grc' dir='ltr'><strong>ἐὰν</strong></span> <span class='ocrx_word' id='word_1_245' title='bbox 2938 930 3169 1001; x_wconf 82' lang='grc' dir='ltr'><strong>δόγματι</strong></span> <span class='ocrx_word' id='word_1_246' title='bbox 3211 929 3342 999; x_wconf 84' lang='grc' dir='ltr'><strong>θείῳ</strong></span> <span class='ocrx_word' id='word_1_247' title='bbox 3377 945 3546 999; x_wconf 84' lang='grc' dir='ltr'><strong>προσ·</strong></span> <span class='ocrx_word' id='word_1_248' title='bbox 3613 919 3624 930; x_wconf 75' lang='grc'><em>“</em></span> 
     </span>
    </p>
   </div>
   <div class='ocr_carea' id='block_1_39' title="bbox 1960 1017 3546 1091">
    <p class='ocr_par' dir='ltr' id='par_1_39' title="bbox 1960 1017 3546 1091">
     <span class='ocr_line' id='line_1_39' title="bbox 1960 1017 3546 1091; baseline -0.003 -18"><span class='ocrx_word' id='word_1_249' title='bbox 1960 1019 2148 1090; x_wconf 82' lang='grc' dir='ltr'><strong>ίωμεν,</strong></span> <span class='ocrx_word' id='word_1_250' title='bbox 2170 1021 2414 1073; x_wconf 80' lang='grc' dir='ltr'><strong>τουτέστι</strong></span> <span class='ocrx_word' id='word_1_251' title='bbox 2461 1019 2777 1089; x_wconf 83' lang='grc' dir='ltr'><strong>προαιρέσει</strong></span> <span class='ocrx_word' id='word_1_252' title='bbox 2815 1020 2910 1073; x_wconf 80' lang='grc' dir='ltr'><strong>καὶ</strong></span> <span class='ocrx_word' id='word_1_253' title='bbox 2930 1020 3158 1091; x_wconf 80' lang='grc' dir='ltr'><strong>σπουδῇ.</strong></span> <span class='ocrx_word' id='word_1_254' title='bbox 3184 1017 3546 1089; x_wconf 86' lang='grc' dir='ltr'><strong>Προσήλωται</strong></span> 
     </span>
    </p>
   </div>
   <div class='ocr_carea' id='block_1_40' title="bbox 1967 1106 3548 1181">
    <p class='ocr_par' dir='ltr' id='par_1_40' title="bbox 1967 1106 3548 1181">
     <span class='ocr_line' id='line_1_40' title="bbox 1967 1106 3548 1181; baseline -0.004 -17"><span class='ocrx_word' id='word_1_255' title='bbox 1967 1107 2086 1175; x_wconf 84' lang='grc' dir='ltr'><strong>οὖν,</strong></span> <span class='ocrx_word' id='word_1_256' title='bbox 2119 1111 2291 1181; x_wconf 74' lang='grc' dir='ltr'><strong>φησὶ..</strong></span> <span class='ocrx_word' id='word_1_257' title='bbox 2323 1109 2401 1180; x_wconf 88' lang='grc' dir='ltr'><strong>τῷ</strong></span> <span class='ocrx_word' id='word_1_258' title='bbox 2445 1109 2666 1180; x_wconf 88' lang='grc' dir='ltr'><strong>σταυρῷ</strong></span> <span class='ocrx_word' id='word_1_259' title='bbox 2699 1109 2792 1162; x_wconf 82' lang='grc' dir='ltr'><strong>τοῦ</strong></span> <span class='ocrx_word' id='word_1_260' title='bbox 2834 1109 3066 1180; x_wconf 81' lang='grc' dir='ltr'><strong>Κυρίου,</strong></span> <span class='ocrx_word' id='word_1_261' title='bbox 3111 1109 3360 1163; x_wconf 85' lang='grc' dir='ltr'><strong>τουτέστι</strong></span> <span class='ocrx_word' id='word_1_262' title='bbox 3400 1106 3548 1160; x_wconf 85' lang='grc' dir='ltr'><strong>νενέ-</strong></span> 
     </span>
    </p>
   </div>
   <div class='ocr_carea' id='block_1_41' title="bbox 1960 1190 3543 1271">
    <p class='ocr_par' dir='ltr' id='par_1_41' title="bbox 1960 1190 3543 1271">
     <span class='ocr_line' id='line_1_41' title="bbox 1960 1190 3543 1271; baseline -0.001 -19"><span class='ocrx_word' id='word_1_263' title='bbox 1960 1216 2168 1270; x_wconf 88' lang='grc' dir='ltr'><strong>κρωται</strong></span> <span class='ocrx_word' id='word_1_264' title='bbox 2195 1199 2289 1252; x_wconf 74' lang='grc' dir='ltr'><strong>καὶ</strong></span> <span class='ocrx_word' id='word_1_265' title='bbox 2326 1195 2609 1271; x_wconf 77' lang='grc' dir='ltr'><strong>ἠκύρωται</strong></span> <span class='ocrx_word' id='word_1_266' title='bbox 2632 1237 2647 1264; x_wconf 91' lang='grc'><strong>,</strong></span> <span class='ocrx_word' id='word_1_267' title='bbox 2674 1198 2776 1269; x_wconf 85' lang='grc' dir='ltr'><strong>τῆς</strong></span> <span class='ocrx_word' id='word_1_268' title='bbox 2805 1199 2953 1268; x_wconf 80' lang='grc' dir='ltr'><strong>ζωῆς</strong></span> <span class='ocrx_word' id='word_1_269' title='bbox 2981 1198 3354 1269; x_wconf 82' lang='grc' dir='ltr'><strong>νεκρωθείσης</strong></span> <span class='ocrx_word' id='word_1_270' title='bbox 3375 1239 3392 1265; x_wconf 89' lang='grc'><strong>,</strong></span> <span class='ocrx_word' id='word_1_271' title='bbox 3419 1198 3476 1250; x_wconf 90' lang='grc' dir='ltr'><strong>ἐν</strong></span> 
     </span>
    </p>
   </div>
   <div class='ocr_carea' id='block_1_42' title="bbox 1958 1287 3546 1363">
    <p class='ocr_par' dir='ltr' id='par_1_42' title="bbox 1958 1287 3546 1363">
     <span class='ocr_line' id='line_1_42' title="bbox 1958 1287 3546 1363; baseline -0.004 -18"><span class='ocrx_word' id='word_1_272' title='bbox 1958 1292 2059 1363; x_wconf 85' lang='grc' dir='ltr'><strong>τὴν</strong></span> <span class='ocrx_word' id='word_1_273' title='bbox 2113 1291 2362 1346; x_wconf 77' lang='grc' dir='ltr'><strong>τύπωσιν</strong></span> <span class='ocrx_word' id='word_1_274' title='bbox 2413 1291 2638 1362; x_wconf 78' lang='grc' dir='ltr'><strong>εἴχομεν</strong></span> <span class='ocrx_word' id='word_1_275' title='bbox 2689 1290 2792 1360; x_wconf 86' lang='grc' dir='ltr'><strong>τῆς</strong></span> <span class='ocrx_word' id='word_1_276' title='bbox 2841 1290 3107 1362; x_wconf 83' lang='grc' dir='ltr'><strong>πονηρίας</strong></span> <span class='ocrx_word' id='word_1_277' title='bbox 3138 1329 3154 1354; x_wconf 92' lang='grc'><strong>,</strong></span> <span class='ocrx_word' id='word_1_278' title='bbox 3199 1290 3296 1344; x_wconf 80' lang='grc' dir='ltr'><strong>καὶ</strong></span> <span class='ocrx_word' id='word_1_279' title='bbox 3336 1289 3435 1359; x_wconf 83' lang='grc' dir='ltr'><strong>τῆς</strong></span> <span class='ocrx_word' id='word_1_280' title='bbox 3483 1287 3546 1352; x_wconf 78' lang='grc' dir='ltr'><strong>ἐξ</strong></span> 
     </span>
    </p>
   </div>
   <div class='ocr_carea' id='block_1_43' title="bbox 1960 1381 3542 1456">
    <p class='ocr_par' dir='ltr' id='par_1_43' title="bbox 1960 1381 3542 1456">
     <span class='ocr_line' id='line_1_43' title="bbox 1960 1381 3542 1456; baseline -0.003 -19"><span class='ocrx_word' id='word_1_281' title='bbox 1960 1384 2131 1454; x_wconf 79' lang='grc' dir='ltr'><strong>αὐτῆς</strong></span> <span class='ocrx_word' id='word_1_282' title='bbox 2166 1383 2645 1455; x_wconf 87' lang='grc' dir='ltr'><strong>καταμαρτυρίας.</strong></span> <span class='ocrx_word' id='word_1_283' title='bbox 2685 1383 2746 1438; x_wconf 84' lang='lat'><strong>&#39;0</strong></span> <span class='ocrx_word' id='word_1_284' title='bbox 2778 1383 2888 1456; x_wconf 83' lang='grc' dir='ltr'><strong>γὰρ</strong></span> <span class='ocrx_word' id='word_1_285' title='bbox 2917 1383 3201 1455; x_wconf 85' lang='grc' dir='ltr'><strong>νεκρώσας</strong></span> <span class='ocrx_word' id='word_1_286' title='bbox 3233 1382 3334 1453; x_wconf 81' lang='grc' dir='ltr'><strong>τὴν</strong></span> <span class='ocrx_word' id='word_1_287' title='bbox 3373 1381 3542 1450; x_wconf 77' lang='grc' dir='ltr'><strong>ζωὴν,</strong></span> 
     </span>
    </p>
   </div>
   <div class='ocr_carea' id='block_1_44' title="bbox 1963 1469 3545 1544">
    <p class='ocr_par' dir='ltr' id='par_1_44' title="bbox 1963 1469 3545 1544">
     <span class='ocr_line' id='line_1_44' title="bbox 1963 1469 3545 1544; baseline -0.002 -19"><span class='ocrx_word' id='word_1_288' title='bbox 1963 1472 2233 1544; x_wconf 89' lang='grc' dir='ltr'><strong>ἐνέκρωσε</strong></span> <span class='ocrx_word' id='word_1_289' title='bbox 2262 1472 2323 1526; x_wconf 79' lang='grc' dir='ltr'><strong>τὺ</strong></span> <span class='ocrx_word' id='word_1_290' title='bbox 2356 1473 2478 1526; x_wconf 83' lang='grc' dir='ltr'><strong>κατ’</strong></span> <span class='ocrx_word' id='word_1_291' title='bbox 2512 1473 2681 1542; x_wconf 82' lang='grc' dir='ltr'><strong>αὐτῆς</strong></span> <span class='ocrx_word' id='word_1_292' title='bbox 2719 1472 3094 1544; x_wconf 83' lang='grc' dir='ltr'><strong>χειρόγραφον</strong></span> <span class='ocrx_word' id='word_1_293' title='bbox 3123 1513 3138 1536; x_wconf 90' lang='grc'><strong>,</strong></span> <span class='ocrx_word' id='word_1_294' title='bbox 3181 1471 3276 1524; x_wconf 74' lang='grc' dir='ltr'><strong>καὶ</strong></span> <span class='ocrx_word' id='word_1_295' title='bbox 3317 1469 3418 1532; x_wconf 77' lang='grc' dir='ltr'><strong>τὰς</strong></span> <span class='ocrx_word' id='word_1_296' title='bbox 3449 1485 3545 1522; x_wconf 90' lang='grc' dir='ltr'><strong>πο-</strong></span> 
     </span>
    </p>
   </div>
   <div class='ocr_carea' id='block_1_45' title="bbox 1962 1558 3547 1631">
    <p class='ocr_par' dir='ltr' id='par_1_45' title="bbox 1962 1558 3547 1631">
     <span class='ocr_line' id='line_1_45' title="bbox 1962 1558 3547 1631; baseline -0.004 -17"><span class='ocrx_word' id='word_1_297' title='bbox 1962 1561 2136 1631; x_wconf 81' lang='grc' dir='ltr'><strong>νηρὰς</strong></span> <span class='ocrx_word' id='word_1_298' title='bbox 2167 1559 2419 1626; x_wconf 80' lang='grc' dir='ltr'><strong>ἐξουσίας</strong></span> <span class='ocrx_word' id='word_1_299' title='bbox 2439 1559 2539 1624; x_wconf 79' lang='grc' dir='ltr'><strong>τὰς</strong></span> <span class='ocrx_word' id='word_1_300' title='bbox 2561 1559 3005 1630; x_wconf 88' lang='grc' dir='ltr'><strong>περιπεφυκυίας</strong></span> <span class='ocrx_word' id='word_1_301' title='bbox 3037 1561 3102 1629; x_wconf 82' lang='grc' dir='ltr'><strong>τῇ</strong></span> <span class='ocrx_word' id='word_1_302' title='bbox 3123 1558 3294 1628; x_wconf 73' lang='grc' dir='ltr'><strong>κακίᾳ.</strong></span> <span class='ocrx_word' id='word_1_303' title='bbox 3325 1559 3392 1627; x_wconf 86' lang='grc' dir='ltr'><strong>τῇ</strong></span> <span class='ocrx_word' id='word_1_304' title='bbox 3421 1573 3547 1626; x_wconf 84' lang='grc' dir='ltr'><strong>σαρ-</strong></span> 
     </span>
    </p>
   </div>
   <div class='ocr_carea' id='block_1_46' title="bbox 1964 1648 3547 1724">
    <p class='ocr_par' dir='ltr' id='par_1_46' title="bbox 1964 1648 3547 1724">
     <span class='ocr_line' id='line_1_46' title="bbox 1964 1648 3547 1724; baseline -0.004 -16"><span class='ocrx_word' id='word_1_305' title='bbox 1964 1656 2127 1724; x_wconf 84' lang='grc' dir='ltr'><strong>κικῇ,</strong></span> <span class='ocrx_word' id='word_1_306' title='bbox 2174 1655 2271 1709; x_wconf 73' lang='grc' dir='ltr'><strong>καὶ</strong></span> <span class='ocrx_word' id='word_1_307' title='bbox 2309 1655 2475 1708; x_wconf 73' lang='grc' dir='ltr'><strong>οἱονεὶ</strong></span> <span class='ocrx_word' id='word_1_308' title='bbox 2511 1653 2822 1724; x_wconf 69' lang='grc' dir='ltr'><strong>σκεπούσας</strong></span> <span class='ocrx_word' id='word_1_309' title='bbox 2876 1653 2971 1706; x_wconf 75' lang='grc' dir='ltr'><strong>καὶ</strong></span> <span class='ocrx_word' id='word_1_310' title='bbox 3023 1648 3408 1713; x_wconf 88' lang='grc' dir='ltr'><strong>καλυπτούσας</strong></span> <span class='ocrx_word' id='word_1_311' title='bbox 3451 1649 3547 1703; x_wconf 83' lang='grc' dir='ltr'><strong>τὸν</strong></span> 
     </span>
    </p>
   </div>
   <div class='ocr_carea' id='block_1_47' title="bbox 1893 1719 3544 1818">
    <p class='ocr_par' dir='ltr' id='par_1_47' title="bbox 1893 1719 3544 1818">
     <span class='ocr_line' id='line_1_47' title="bbox 1893 1719 3544 1818; baseline -0.005 -14"><span class='ocrx_word' id='word_1_312' title='bbox 1893 1747 1938 1804; x_wconf 88' lang='grc' dir='ltr'><strong><em>Β</em></strong></span> <span class='ocrx_word' id='word_1_313' title='bbox 1965 1740 2274 1818; x_wconf 74' lang='grc' dir='ltr'><strong>ἄνθρωπον,</strong></span> <span class='ocrx_word' id='word_1_314' title='bbox 2306 1719 2754 1800; x_wconf 65' lang='grc' dir='ltr'><strong>συναπεκδύσατο</strong></span> <span class='ocrx_word' id='word_1_315' title='bbox 2773 1744 2848 1815; x_wconf 86' lang='grc' dir='ltr'><strong>τῷ</strong></span> <span class='ocrx_word' id='word_1_316' title='bbox 2875 1743 3114 1814; x_wconf 80' lang='grc' dir='ltr'><strong>σώματι,</strong></span> <span class='ocrx_word' id='word_1_317' title='bbox 3140 1740 3544 1812; x_wconf 84' lang='grc' dir='ltr'><strong>συνεκρέμασε,</strong></span> 
     </span>
    </p>
   </div>
   <div class='ocr_carea' id='block_1_48' title="bbox 1964 1831 3548 1913">
    <p class='ocr_par' dir='ltr' id='par_1_48' title="bbox 1964 1831 3548 1913">
     <span class='ocr_line' id='line_1_48' title="bbox 1964 1831 3548 1913; baseline -0.004 -19"><span class='ocrx_word' id='word_1_318' title='bbox 1964 1838 2254 1913; x_wconf 79' lang='grc' dir='ltr'><strong>βαστάζων</strong></span> <span class='ocrx_word' id='word_1_319' title='bbox 2303 1837 2406 1910; x_wconf 76' lang='grc' dir='ltr'><strong>μὲν</strong></span> <span class='ocrx_word' id='word_1_320' title='bbox 2446 1837 2715 1910; x_wconf 75' lang='grc' dir='ltr'><strong>αἰσχύνην</strong></span> <span class='ocrx_word' id='word_1_321' title='bbox 2757 1837 2942 1900; x_wconf 77' lang='grc' dir='ltr'><strong>αὐτὸς,</strong></span> <span class='ocrx_word' id='word_1_322' title='bbox 2991 1835 3093 1907; x_wconf 81' lang='grc' dir='ltr'><strong>τὴν</strong></span> <span class='ocrx_word' id='word_1_323' title='bbox 3137 1835 3194 1888; x_wconf 84' lang='grc' dir='ltr'><strong>ἐν</strong></span> <span class='ocrx_word' id='word_1_324' title='bbox 3241 1831 3548 1904; x_wconf 81' lang='grc' dir='ltr'><strong>ἀνθρώπων</strong></span> 
     </span>
    </p>
   </div>
   <div class='ocr_carea' id='block_1_49' title="bbox 1962 1921 3550 1999">
    <p class='ocr_par' dir='ltr' id='par_1_49' title="bbox 1962 1921 3550 1999">
     <span class='ocr_line' id='line_1_49' title="bbox 1962 1921 3550 1999; baseline -0.005 -16"><span class='ocrx_word' id='word_1_325' title='bbox 1962 1928 2282 1999; x_wconf 77' lang='grc' dir='ltr'><strong>ὀφθαλμοῖς,</strong></span> <span class='ocrx_word' id='word_1_326' title='bbox 2313 1926 2663 1998; x_wconf 80' lang='grc' dir='ltr'><strong>περιτρέπων</strong></span> <span class='ocrx_word' id='word_1_327' title='bbox 2691 1925 2748 1979; x_wconf 81' lang='grc' dir='ltr'><strong>δέ</strong></span> <span class='ocrx_word' id='word_1_328' title='bbox 2781 1925 2951 1996; x_wconf 80' lang='grc' dir='ltr'><strong>αὐτὴν</strong></span> <span class='ocrx_word' id='word_1_329' title='bbox 2980 1925 3060 1988; x_wconf 87' lang='grc' dir='ltr'><strong>είς</strong></span> <span class='ocrx_word' id='word_1_330' title='bbox 3084 1923 3219 1987; x_wconf 80' lang='grc' dir='ltr'><strong>τοὺς</strong></span> <span class='ocrx_word' id='word_1_331' title='bbox 3251 1921 3550 1994; x_wconf 83' lang='grc' dir='ltr'><strong>σταυροῦν-</strong></span> 
     </span>
    </p>
   </div>
   <div class='ocr_carea' id='block_1_50' title="bbox 1961 2015 3548 2090">
    <p class='ocr_par' dir='ltr' id='par_1_50' title="bbox 1961 2015 3548 2090">
     <span class='ocr_line' id='line_1_50' title="bbox 1961 2015 3548 2090; baseline -0.005 -16"><span class='ocrx_word' id='word_1_332' title='bbox 1961 2037 2060 2085; x_wconf 89' lang='grc' dir='ltr'><strong>τας</strong></span> <span class='ocrx_word' id='word_1_333' title='bbox 2091 2020 2185 2075; x_wconf 82' lang='grc' dir='ltr'><strong>τοῦ</strong></span> <span class='ocrx_word' id='word_1_334' title='bbox 2218 2020 2414 2084; x_wconf 82' lang='grc' dir='ltr'><strong>αἰῶνος</strong></span> <span class='ocrx_word' id='word_1_335' title='bbox 2440 2018 2630 2073; x_wconf 87' lang='grc' dir='ltr'><strong>τούτου</strong></span> <span class='ocrx_word' id='word_1_336' title='bbox 2680 2019 2946 2090; x_wconf 77' lang='grc' dir='ltr'><strong>ἄρχοντας</strong></span> <span class='ocrx_word' id='word_1_337' title='bbox 2971 2017 3133 2081; x_wconf 73' lang='grc' dir='ltr'><strong>ὄντας</strong></span> <span class='ocrx_word' id='word_1_338' title='bbox 3158 2032 3171 2046; x_wconf 77' lang='grc' dir='ltr'><strong>ο</strong></span> <span class='ocrx_word' id='word_1_339' title='bbox 3198 2017 3280 2070; x_wconf 86' lang='grc' dir='ltr'><strong>ὅτι</strong></span> <span class='ocrx_word' id='word_1_340' title='bbox 3308 2015 3368 2068; x_wconf 84' lang='grc' dir='ltr'><strong>τὸ</strong></span> <span class='ocrx_word' id='word_1_341' title='bbox 3398 2017 3548 2085; x_wconf 85' lang='grc' dir='ltr'><strong>ίσχυ-</strong></span> 
     </span>
    </p>
   </div>
   <div class='ocr_carea' id='block_1_51' title="bbox 1963 2105 3547 2186">
    <p class='ocr_par' dir='ltr' id='par_1_51' title="bbox 1963 2105 3547 2186">
     <span class='ocr_line' id='line_1_51' title="bbox 1963 2105 3547 2186; baseline -0.007 -18"><span class='ocrx_word' id='word_1_342' title='bbox 1963 2113 2059 2186; x_wconf 77' lang='grc' dir='ltr'><strong>ρὺν</strong></span> <span class='ocrx_word' id='word_1_343' title='bbox 2087 2112 2291 2176; x_wconf 81' lang='grc' dir='ltr'><strong>αὐτῶν,</strong></span> <span class='ocrx_word' id='word_1_344' title='bbox 2320 2111 2348 2164; x_wconf 84' lang='grc' dir='ltr'><strong>ὁ</strong></span> <span class='ocrx_word' id='word_1_345' title='bbox 2375 2110 2611 2174; x_wconf 83' lang='grc' dir='ltr'><strong>θάνατος</strong></span> <span class='ocrx_word' id='word_1_346' title='bbox 2647 2107 2892 2182; x_wconf 80' lang='grc' dir='ltr'><strong>ἀνῃρέθη</strong></span> <span class='ocrx_word' id='word_1_347' title='bbox 2919 2107 3244 2180; x_wconf 85' lang='grc' dir='ltr'><strong>μεταπεσὼν</strong></span> <span class='ocrx_word' id='word_1_348' title='bbox 3269 2107 3348 2170; x_wconf 84' lang='grc' dir='ltr'><strong>είς</strong></span> <span class='ocrx_word' id='word_1_349' title='bbox 3379 2105 3547 2176; x_wconf 77' lang='grc' dir='ltr'><strong>ζωὴν,</strong></span> 
     </span>
    </p>
   </div>
   <div class='ocr_carea' id='block_1_52' title="bbox 1963 2196 3547 2271">
    <p class='ocr_par' dir='ltr' id='par_1_52' title="bbox 1963 2196 3547 2271">
     <span class='ocr_line' id='line_1_52' title="bbox 1963 2196 3547 2271; baseline -0.006 -14"><span class='ocrx_word' id='word_1_350' title='bbox 1963 2203 2106 2258; x_wconf 81' lang='grc' dir='ltr'><strong>ὥστε</strong></span> <span class='ocrx_word' id='word_1_351' title='bbox 2144 2201 2560 2256; x_wconf 73' lang='grc' dir='ltr'><strong>ἐκπεπτωκέναι</strong></span> <span class='ocrx_word' id='word_1_352' title='bbox 2590 2201 2682 2253; x_wconf 81' lang='grc' dir='ltr'><strong>τοῦ</strong></span> <span class='ocrx_word' id='word_1_353' title='bbox 2711 2199 2925 2271; x_wconf 83' lang='grc' dir='ltr'><strong>θρόνου,</strong></span> <span class='ocrx_word' id='word_1_354' title='bbox 2955 2199 3045 2252; x_wconf 79' lang='grc' dir='ltr'><strong>διὰ</strong></span> <span class='ocrx_word' id='word_1_355' title='bbox 3079 2197 3142 2251; x_wconf 88' lang='grc' dir='ltr'><strong>τὺ</strong></span> <span class='ocrx_word' id='word_1_356' title='bbox 3174 2196 3273 2268; x_wconf 82' lang='grc' dir='ltr'><strong>τὴν</strong></span> <span class='ocrx_word' id='word_1_357' title='bbox 3302 2197 3547 2269; x_wconf 76' lang='grc' dir='ltr'><strong>ῥίζωσιν,</strong></span> 
     </span>
    </p>
   </div>
   <div class='ocr_carea' id='block_1_53' title="bbox 1962 2288 3550 2362">
    <p class='ocr_par' dir='ltr' id='par_1_53' title="bbox 1962 2288 3550 2362">
     <span class='ocr_line' id='line_1_53' title="bbox 1962 2288 3550 2362; baseline -0.003 -17"><span class='ocrx_word' id='word_1_358' title='bbox 1962 2293 2058 2346; x_wconf 70' lang='grc' dir='ltr'><strong>καὶ</strong></span> <span class='ocrx_word' id='word_1_359' title='bbox 2085 2292 2184 2362; x_wconf 82' lang='grc' dir='ltr'><strong>τὴν</strong></span> <span class='ocrx_word' id='word_1_360' title='bbox 2226 2289 2542 2362; x_wconf 86' lang='grc' dir='ltr'><strong>ὑποϐάθραν</strong></span> <span class='ocrx_word' id='word_1_361' title='bbox 2585 2289 2749 2343; x_wconf 79' lang='grc' dir='ltr'><strong>αὑτοῦ</strong></span> <span class='ocrx_word' id='word_1_362' title='bbox 2786 2289 3189 2362; x_wconf 78' lang='grc' dir='ltr'><strong>περιῃρῆσθαι,</strong></span> <span class='ocrx_word' id='word_1_363' title='bbox 3235 2289 3356 2359; x_wconf 76' lang='grc' dir='ltr'><strong>ἥτις</strong></span> <span class='ocrx_word' id='word_1_364' title='bbox 3401 2288 3550 2340; x_wconf 70' lang='grc' dir='ltr'><strong>ἐστὶν</strong></span> 
     </span>
    </p>
   </div>
   <div class='ocr_carea' id='block_1_54' title="bbox 1960 2380 2270 2446">
    <p class='ocr_par' dir='ltr' id='par_1_54' title="bbox 1960 2380 2270 2446">
     <span class='ocr_line' id='line_1_54' title="bbox 1960 2380 2270 2446; baseline 0 -11"><span class='ocrx_word' id='word_1_365' title='bbox 1960 2380 1992 2435; x_wconf 87' lang='grc' dir='ltr'><strong>ό</strong></span> <span class='ocrx_word' id='word_1_366' title='bbox 2023 2382 2270 2446; x_wconf 81' lang='grc' dir='ltr'><strong>θάνατος.</strong></span> 
     </span>
    </p>
   </div>
   <div class='ocr_carea' id='block_1_55' title="bbox 2042 2633 3549 2710">
    <p class='ocr_par' dir='ltr' id='par_1_55' title="bbox 2042 2633 3549 2710">
     <span class='ocr_line' id='line_1_55' title="bbox 2042 2633 3549 2710; baseline -0.003 -16"><span class='ocrx_word' id='word_1_367' title='bbox 2042 2657 2062 2694; x_wconf 87' lang='grc' dir='ltr'><strong>ι</strong></span> <span class='ocrx_word' id='word_1_368' title='bbox 2110 2639 2201 2710; x_wconf 79' lang='grc' dir='ltr'><strong>Μὴ</strong></span> <span class='ocrx_word' id='word_1_369' title='bbox 2272 2637 2365 2694; x_wconf 83' lang='grc' dir='ltr'><strong>οὖν</strong></span> <span class='ocrx_word' id='word_1_370' title='bbox 2422 2657 2507 2705; x_wconf 86' lang='grc' dir='ltr'><strong>τις</strong></span> <span class='ocrx_word' id='word_1_371' title='bbox 2577 2639 2724 2710; x_wconf 76' lang='grc' dir='ltr'><strong>ὑμᾶς</strong></span> <span class='ocrx_word' id='word_1_372' title='bbox 2784 2641 3020 2710; x_wconf 81' lang='grc' dir='ltr'><strong>κρινέτω</strong></span> <span class='ocrx_word' id='word_1_373' title='bbox 3059 2637 3116 2690; x_wconf 90' lang='grc' dir='ltr'><strong>ἐν</strong></span> <span class='ocrx_word' id='word_1_374' title='bbox 3159 2633 3395 2708; x_wconf 85' lang='grc' dir='ltr'><strong>βρώσει,</strong></span> <span class='ocrx_word' id='word_1_375' title='bbox 3434 2635 3549 2706; x_wconf 78' lang='grc' dir='ltr'><strong>ἢέν</strong></span> 
     </span>
    </p>
   </div>
   <div class='ocr_carea' id='block_1_56' title="bbox 1967 2727 3550 2804">
    <p class='ocr_par' dir='ltr' id='par_1_56' title="bbox 1967 2727 3550 2804">
     <span class='ocr_line' id='line_1_56' title="bbox 1967 2727 3550 2804; baseline -0.004 -16"><span class='ocrx_word' id='word_1_376' title='bbox 1967 2735 2143 2797; x_wconf 83' lang='grc' dir='ltr'><strong>πόσει,</strong></span> <span class='ocrx_word' id='word_1_377' title='bbox 2177 2732 2212 2804; x_wconf 72' lang='grc' dir='ltr'>ἢ</span> <span class='ocrx_word' id='word_1_378' title='bbox 2244 2734 2302 2787; x_wconf 84' lang='grc' dir='ltr'><strong>ὲν</strong></span> <span class='ocrx_word' id='word_1_379' title='bbox 2351 2733 2507 2804; x_wconf 86' lang='grc' dir='ltr'><strong>μέρει</strong></span> <span class='ocrx_word' id='word_1_380' title='bbox 2574 2731 2788 2802; x_wconf 80' lang='grc' dir='ltr'><strong>ἑορτῆς,</strong></span> <span class='ocrx_word' id='word_1_381' title='bbox 2821 2730 2854 2800; x_wconf 78' lang='grc' dir='ltr'><strong>ἢ</strong></span> <span class='ocrx_word' id='word_1_382' title='bbox 2907 2727 3304 2800; x_wconf 79' lang='grc' dir='ltr'><strong>Νουμηνίας,.ἢ</strong></span> <span class='ocrx_word' id='word_1_383' title='bbox 3334 2727 3550 2782; x_wconf 75' lang='grc' dir='ltr'><strong>Σαϐϐά-</strong></span> 
     </span>
    </p>
   </div>
   <div class='ocr_carea' id='block_1_57' title="bbox 1965 2805 3549 2893">
    <p class='ocr_par' dir='ltr' id='par_1_57' title="bbox 1965 2805 3549 2893">
     <span class='ocr_line' id='line_1_57' title="bbox 1965 2805 3549 2893; baseline -0.004 -14"><span class='ocrx_word' id='word_1_384' title='bbox 1965 2843 2095 2891; x_wconf 85' lang='grc' dir='ltr'><strong>των,</strong></span> <span class='ocrx_word' id='word_1_385' title='bbox 2134 2823 2170 2879; x_wconf 78' lang='grc' dir='ltr'><strong>ἆ</strong></span> <span class='ocrx_word' id='word_1_386' title='bbox 2209 2826 2325 2877; x_wconf 90' lang='grc' dir='ltr'><strong>ἐστι</strong></span> <span class='ocrx_word' id='word_1_387' title='bbox 2384 2823 2514 2877; x_wconf 87' lang='grc' dir='ltr'><strong>σκιά</strong></span> <span class='ocrx_word' id='word_1_388' title='bbox 2546 2822 2656 2876; x_wconf 87' lang='grc' dir='ltr'><strong>τῶν</strong></span> <span class='ocrx_word' id='word_1_389' title='bbox 2707 2805 3028 2893; x_wconf 82' lang='grc' dir='ltr'><strong>μελλόντων,</strong></span> <span class='ocrx_word' id='word_1_390' title='bbox 3055 2819 3116 2873; x_wconf 79' lang='grc' dir='ltr'><strong>τὸ</strong></span> <span class='ocrx_word' id='word_1_391' title='bbox 3136 2820 3194 2873; x_wconf 82' lang='grc' dir='ltr'><strong>δὲ</strong></span> <span class='ocrx_word' id='word_1_392' title='bbox 3220 2818 3379 2891; x_wconf 92' lang='grc' dir='ltr'><strong>σῶμα</strong></span> <span class='ocrx_word' id='word_1_393' title='bbox 3414 2819 3549 2890; x_wconf 78' lang='grc' dir='ltr'><strong>Χρι-</strong></span> 
     </span>
    </p>
   </div>
   <div class='ocr_carea' id='block_1_58' title="bbox 1967 2916 2169 2971">
    <p class='ocr_par' dir='ltr' id='par_1_58' title="bbox 1967 2916 2169 2971">
     <span class='ocr_line' id='line_1_58' title="bbox 1967 2916 2169 2971; baseline -0.01 -1"><span class='ocrx_word' id='word_1_394' title='bbox 1967 2916 2117 2971; x_wconf 82' lang='grc' dir='ltr'><strong>στοῦ.</strong></span> <span class='ocrx_word' id='word_1_395' title='bbox 2150 2935 2169 2968; x_wconf 72' lang='grc' dir='ltr'><strong>ι</strong></span> 
     </span>
    </p>
   </div>
   <div class='ocr_carea' id='block_1_59' title="bbox 2049 3003 3549 3078">
    <p class='ocr_par' dir='ltr' id='par_1_59' title="bbox 2049 3003 3549 3078">
     <span class='ocr_line' id='line_1_59' title="bbox 2049 3003 3549 3078; baseline -0.004 -17"><span class='ocrx_word' id='word_1_396' title='bbox 2049 3007 2452 3078; x_wconf 79' lang='grc' dir='ltr'><strong>Ἀπηλλάγητε,</strong></span> <span class='ocrx_word' id='word_1_397' title='bbox 2493 3006 2648 3077; x_wconf 77' lang='grc' dir='ltr'><strong>φησὶ,</strong></span> <span class='ocrx_word' id='word_1_398' title='bbox 2708 3005 2818 3060; x_wconf 91' lang='grc' dir='ltr'><strong>τῶν</strong></span> <span class='ocrx_word' id='word_1_399' title='bbox 2873 3004 3004 3076; x_wconf 70' lang='grc' dir='ltr'><strong>περὶ</strong></span> <span class='ocrx_word' id='word_1_400' title='bbox 3029 3003 3297 3076; x_wconf 85' lang='grc' dir='ltr'><strong>σωμάτων</strong></span> <span class='ocrx_word' id='word_1_401' title='bbox 3325 3019 3549 3075; x_wconf 73' lang='grc' dir='ltr'><strong>νομοτε-</strong></span> 
     </span>
    </p>
   </div>
   <div class='ocr_carea' id='block_1_60' title="bbox 286 3075 1863 3170">
    <p class='ocr_par' dir='ltr' id='par_1_60' title="bbox 286 3075 1863 3145">
     <span class='ocr_line' id='line_1_60' title="bbox 286 3075 1863 3145; baseline 0 -15"><span class='ocrx_word' id='word_1_402' title='bbox 286 3091 410 3145; x_wconf 71' lang='lat' dir='ltr'><strong>qua:</strong></span> <span class='ocrx_word' id='word_1_403' title='bbox 449 3075 514 3129; x_wconf 89' lang='lat' dir='ltr'><strong>ad</strong></span> <span class='ocrx_word' id='word_1_404' title='bbox 544 3089 776 3145; x_wconf 86' lang='lat' dir='ltr'><strong>corpora</strong></span> <span class='ocrx_word' id='word_1_405' title='bbox 809 3075 1153 3145; x_wconf 87' lang='lat' dir='ltr'><strong>spectabant.</strong></span> <span class='ocrx_word' id='word_1_406' title='bbox 1213 3075 1349 3130; x_wconf 79' lang='lat' dir='ltr'><strong>Nam</strong></span> <span class='ocrx_word' id='word_1_407' title='bbox 1383 3075 1497 3129; x_wconf 61' lang='lat' dir='ltr'><strong>haec</strong></span> <span class='ocrx_word' id='word_1_408' title='bbox 1531 3077 1717 3130; x_wconf 87' lang='lat' dir='ltr'><strong>omnia</strong></span> <span class='ocrx_word' id='word_1_409' title='bbox 1746 3092 1863 3130; x_wconf 85' lang='lat' dir='ltr'><strong>um-</strong></span> 
     </span>
    </p>
   </div>
   <div class='ocr_carea' id='block_1_61' title="bbox 1965 3075 3549 3170">
    <p class='ocr_par' dir='ltr' id='par_1_61' title="bbox 1973 3075 3549 3170">
     <span class='ocr_line' id='line_1_61' title="bbox 1973 3075 3549 3170; baseline -0.004 -17"><span class='ocrx_word' id='word_1_410' title='bbox 1973 3075 2257 3170; x_wconf 84' lang='grc' dir='ltr'><strong>θημάτων.</strong></span> <span class='ocrx_word' id='word_1_411' title='bbox 2281 3075 2601 3168; x_wconf 83' lang='grc' dir='ltr'><strong>Ταῦτα</strong></span> <span class='ocrx_word' id='word_1_412' title='bbox 2639 3094 2823 3150; x_wconf 85' lang='grc' dir='ltr'><strong>πάντα</strong></span> <span class='ocrx_word' id='word_1_413' title='bbox 2847 3075 3080 3149; x_wconf 74' lang='grc' dir='ltr'><strong>τυπικαὶ</strong></span> <span class='ocrx_word' id='word_1_414' title='bbox 3117 3075 3277 3149; x_wconf 82' lang='grc' dir='ltr'><strong>σκιαὶ</strong></span> <span class='ocrx_word' id='word_1_415' title='bbox 3327 3093 3549 3166; x_wconf 87' lang='grc' dir='ltr'><strong>μελλόν-</strong></span> 
     </span>
    </p>
   </div>
   <div class='ocr_carea' id='block_1_62' title="bbox 284 3166 1867 3239">
    <p class='ocr_par' dir='ltr' id='par_1_62' title="bbox 284 3166 1867 3239">
     <span class='ocr_line' id='line_1_62' title="bbox 284 3166 1867 3239; baseline 0 -15"><span class='ocrx_word' id='word_1_416' title='bbox 284 3167 515 3224; x_wconf 87' lang='lat' dir='ltr'><strong>bratiles</strong></span> <span class='ocrx_word' id='word_1_417' title='bbox 579 3167 767 3236; x_wconf 72' lang='lat' dir='ltr'><strong>ligura:</strong></span> <span class='ocrx_word' id='word_1_418' title='bbox 814 3175 975 3222; x_wconf 87' lang='lat' dir='ltr'><strong>erant</strong></span> <span class='ocrx_word' id='word_1_419' title='bbox 1025 3166 1631 3238; x_wconf 89' lang='lat' dir='ltr'><strong>futurorum;quando</strong></span> <span class='ocrx_word' id='word_1_420' title='bbox 1671 3181 1867 3239; x_wconf 86' lang='lat' dir='ltr'><strong>nempe</strong></span> 
     </span>
    </p>
   </div>
   <div class='ocr_carea' id='block_1_63' title="bbox 285 3257 1864 3330">
    <p class='ocr_par' dir='ltr' id='par_1_63' title="bbox 285 3257 1864 3330">
     <span class='ocr_line' id='line_1_63' title="bbox 285 3257 1864 3330; baseline -0.001 -15"><span class='ocrx_word' id='word_1_421' title='bbox 285 3260 618 3316; x_wconf 88' lang='lat' dir='ltr'><strong>assistemus</strong></span> <span class='ocrx_word' id='word_1_422' title='bbox 649 3257 782 3325; x_wconf 87' lang='lat' dir='ltr'><strong>Deo,</strong></span> <span class='ocrx_word' id='word_1_423' title='bbox 819 3274 1003 3315; x_wconf 88' lang='lat' dir='ltr'><strong>veram</strong></span> <span class='ocrx_word' id='word_1_424' title='bbox 1037 3260 1206 3324; x_wconf 69' lang='lat' dir='ltr'><strong>illam</strong></span> <span class='ocrx_word' id='word_1_425' title='bbox 1244 3259 1600 3330; x_wconf 63' lang='lat' dir='ltr'><strong>praeferentes</strong></span> <span class='ocrx_word' id='word_1_426' title='bbox 1645 3259 1864 3314; x_wconf 90' lang='lat' dir='ltr'><strong>mundi-</strong></span> 
     </span>
    </p>
   </div>
   <div class='ocr_carea' id='block_1_64' title="bbox 285 3350 1453 3423">
    <p class='ocr_par' dir='ltr' id='par_1_64' title="bbox 285 3350 1453 3423">
     <span class='ocr_line' id='line_1_64' title="bbox 285 3350 1453 3423; baseline -0.003 -15"><span class='ocrx_word' id='word_1_427' title='bbox 285 3353 443 3416; x_wconf 87' lang='lat' dir='ltr'><strong>tiam,</strong></span> <span class='ocrx_word' id='word_1_428' title='bbox 474 3367 774 3423; x_wconf 86' lang='lat' dir='ltr'><strong>veramque</strong></span> <span class='ocrx_word' id='word_1_429' title='bbox 817 3350 1177 3407; x_wconf 80' lang='lat' dir='ltr'><strong>festivitatem</strong></span> <span class='ocrx_word' id='word_1_430' title='bbox 1206 3359 1453 3421; x_wconf 78' lang='lat' dir='ltr'><strong>agentes.</strong></span> 
     </span>
    </p>
   </div>
   <div class='ocr_carea' id='block_1_65' title="bbox 360 3439 1864 3507">
    <p class='ocr_par' dir='ltr' id='par_1_65' title="bbox 360 3439 1864 3507">
     <span class='ocr_line' id='line_1_65' title="bbox 360 3439 1864 3507; baseline -0.001 -11"><span class='ocrx_word' id='word_1_431' title='bbox 360 3442 525 3497; x_wconf 75' lang='lat' dir='ltr'><strong>VEns.</strong></span> <span class='ocrx_word' id='word_1_432' title='bbox 589 3441 679 3507; x_wconf 76' lang='grc'><strong>18,</strong></span> <span class='ocrx_word' id='word_1_433' title='bbox 713 3441 800 3497; x_wconf 81' lang='lat' dir='ltr'><strong>f9.</strong></span> <span class='ocrx_word' id='word_1_434' title='bbox 836 3459 856 3494; x_wconf 81' lang='grc' dir='ltr'><strong>ι</strong></span> <span class='ocrx_word' id='word_1_435' title='bbox 888 3439 1060 3497; x_wconf 78' lang='lat' dir='ltr'><strong>Nemo</strong></span> <span class='ocrx_word' id='word_1_436' title='bbox 1100 3456 1198 3497; x_wconf 91' lang='lat' dir='ltr'><strong>vos</strong></span> <span class='ocrx_word' id='word_1_437' title='bbox 1251 3441 1497 3505; x_wconf 90' lang='lat' dir='ltr'><strong>seducat,</strong></span> <span class='ocrx_word' id='word_1_438' title='bbox 1528 3439 1720 3495; x_wconf 77' lang='lat' dir='ltr'><strong>volens</strong></span> <span class='ocrx_word' id='word_1_439' title='bbox 1809 3439 1864 3494; x_wconf 93' lang='lat' dir='ltr'><strong>in</strong></span> 
     </span>
    </p>
   </div>
   <div class='ocr_carea' id='block_1_66' title="bbox 286 3529 1865 3606">
    <p class='ocr_par' dir='ltr' id='par_1_66' title="bbox 286 3529 1865 3606">
     <span class='ocr_line' id='line_1_66' title="bbox 286 3529 1865 3606; baseline -0.003 -16"><span class='ocrx_word' id='word_1_440' title='bbox 286 3534 601 3590; x_wconf 88' lang='lat' dir='ltr'><strong>humilitate</strong></span> <span class='ocrx_word' id='word_1_441' title='bbox 627 3541 682 3590; x_wconf 90' lang='lat' dir='ltr'><strong>et</strong></span> <span class='ocrx_word' id='word_1_442' title='bbox 714 3533 979 3606; x_wconf 75' lang='lat' dir='ltr'><strong>religione</strong></span> <span class='ocrx_word' id='word_1_443' title='bbox 1018 3534 1364 3604; x_wconf 81' lang='lat' dir='ltr'><strong>angelorum,</strong></span> <span class='ocrx_word' id='word_1_444' title='bbox 1402 3547 1526 3602; x_wconf 85' lang='lat' dir='ltr'><strong>quae</strong></span> <span class='ocrx_word' id='word_1_445' title='bbox 1563 3547 1671 3586; x_wconf 91' lang='lat' dir='ltr'><strong>non</strong></span> <span class='ocrx_word' id='word_1_446' title='bbox 1704 3529 1865 3597; x_wconf 85' lang='lat' dir='ltr'><strong>vidit,</strong></span> 
     </span>
    </p>
   </div>
   <div class='ocr_carea' id='block_1_67' title="bbox 287 3624 1868 3693">
    <p class='ocr_par' dir='ltr' id='par_1_67' title="bbox 287 3624 1868 3693">
     <span class='ocr_line' id='line_1_67' title="bbox 287 3624 1868 3693; baseline -0.001 -14"><span class='ocrx_word' id='word_1_447' title='bbox 287 3625 604 3693; x_wconf 89' lang='lat' dir='ltr'><strong>ambulans,</strong></span> <span class='ocrx_word' id='word_1_448' title='bbox 663 3625 871 3681; x_wconf 81' lang='lat' dir='ltr'><strong>frustra</strong></span> <span class='ocrx_word' id='word_1_449' title='bbox 927 3625 1152 3681; x_wconf 81' lang='lat' dir='ltr'><strong>inﬂatus</strong></span> <span class='ocrx_word' id='word_1_450' title='bbox 1193 3640 1364 3681; x_wconf 91' lang='lat' dir='ltr'><strong>sensu</strong></span> <span class='ocrx_word' id='word_1_451' title='bbox 1401 3624 1594 3680; x_wconf 90' lang='lat' dir='ltr'><strong>carnis</strong></span> <span class='ocrx_word' id='word_1_452' title='bbox 1646 3639 1783 3688; x_wconf 72' lang='lat' dir='ltr'><strong>suae,</strong></span> <span class='ocrx_word' id='word_1_453' title='bbox 1813 3630 1868 3679; x_wconf 86' lang='lat' dir='ltr'><strong>et</strong></span> 
     </span>
    </p>
   </div>
   <div class='ocr_carea' id='block_1_68' title="bbox 286 3724 1868 3788">
    <p class='ocr_par' dir='ltr' id='par_1_68' title="bbox 286 3724 1868 3788">
     <span class='ocr_line' id='line_1_68' title="bbox 286 3724 1868 3788; baseline 0 -17"><span class='ocrx_word' id='word_1_454' title='bbox 286 3732 400 3771; x_wconf 87' lang='lat' dir='ltr'><strong>non</strong></span> <span class='ocrx_word' id='word_1_455' title='bbox 432 3726 624 3772; x_wconf 88' lang='lat' dir='ltr'><strong>tenens</strong></span> <span class='ocrx_word' id='word_1_456' title='bbox 659 3725 846 3786; x_wconf 86' lang='lat' dir='ltr'><strong>caput,</strong></span> <span class='ocrx_word' id='word_1_457' title='bbox 883 3731 950 3772; x_wconf 90' lang='lat' dir='ltr'><strong>ex</strong></span> <span class='ocrx_word' id='word_1_458' title='bbox 978 3732 1088 3788; x_wconf 88' lang='lat' dir='ltr'><strong>quo</strong></span> <span class='ocrx_word' id='word_1_459' title='bbox 1121 3724 1296 3771; x_wconf 91' lang='lat' dir='ltr'><strong>totum</strong></span> <span class='ocrx_word' id='word_1_460' title='bbox 1339 3731 1543 3786; x_wconf 87' lang='lat' dir='ltr'><strong>corpus</strong></span> <span class='ocrx_word' id='word_1_461' title='bbox 1573 3730 1669 3786; x_wconf 86' lang='lat' dir='ltr'><strong>per</strong></span> <span class='ocrx_word' id='word_1_462' title='bbox 1694 3730 1868 3771; x_wconf 86' lang='lat' dir='ltr'><strong>nexus</strong></span> 
     </span>
    </p>
   </div>
   <div class='ocr_carea' id='block_1_69' title="bbox 291 3807 1867 3876">
    <p class='ocr_par' dir='ltr' id='par_1_69' title="bbox 291 3807 1867 3876">
     <span class='ocr_line' id='line_1_69' title="bbox 291 3807 1867 3876; baseline 0 -13"><span class='ocrx_word' id='word_1_463' title='bbox 291 3817 349 3863; x_wconf 90' lang='lat' dir='ltr'><strong>et</strong></span> <span class='ocrx_word' id='word_1_464' title='bbox 390 3807 816 3876; x_wconf 87' lang='lat' dir='ltr'><strong>conjunctiones</strong></span> <span class='ocrx_word' id='word_1_465' title='bbox 861 3807 1350 3864; x_wconf 78' lang='lat' dir='ltr'><strong>subniinistratum</strong></span> <span class='ocrx_word' id='word_1_466' title='bbox 1397 3816 1452 3864; x_wconf 89' lang='lat' dir='ltr'><strong>et</strong></span> <span class='ocrx_word' id='word_1_467' title='bbox 1483 3816 1867 3864; x_wconf 89' lang='lat' dir='ltr'><strong>constructum</strong></span> 
     </span>
    </p>
   </div>
   <div class='ocr_carea' id='block_1_70' title="bbox 290 3900 1722 3972">
    <p class='ocr_par' dir='ltr' id='par_1_70' title="bbox 290 3900 1722 3972">
     <span class='ocr_line' id='line_1_70' title="bbox 290 3900 1722 3972; baseline -0.001 -17"><span class='ocrx_word' id='word_1_468' title='bbox 290 3901 495 3957; x_wconf 87' lang='lat' dir='ltr'><strong>crescit</strong></span> <span class='ocrx_word' id='word_1_469' title='bbox 516 3900 573 3955; x_wconf 89' lang='lat' dir='ltr'><strong>in</strong></span> <span class='ocrx_word' id='word_1_470' title='bbox 605 3908 961 3972; x_wconf 76' lang='lat' dir='ltr'><strong>augmentum</strong></span> <span class='ocrx_word' id='word_1_471' title='bbox 998 3900 1113 3956; x_wconf 92' lang='lat' dir='ltr'><strong>Dei.</strong></span> <span class='ocrx_word' id='word_1_472' title='bbox 1151 3920 1170 3953; x_wconf 80' lang='grc' dir='ltr'><strong>ι</strong></span> <span class='ocrx_word' id='word_1_473' title='bbox 1719 3907 1722 3910; x_wconf 84' lang='lat'>&#39;</span> 
     </span>
    </p>
   </div>
   <div class='ocr_carea' id='block_1_71' title="bbox 359 4095 1869 4170">
    <p class='ocr_par' dir='ltr' id='par_1_71' title="bbox 359 4095 1869 4170">
     <span class='ocr_line' id='line_1_71' title="bbox 359 4095 1869 4170; baseline 0.002 -17"><span class='ocrx_word' id='word_1_474' title='bbox 359 4095 555 4162; x_wconf 88' lang='lat' dir='ltr'><strong>Nemo,</strong></span> <span class='ocrx_word' id='word_1_475' title='bbox 591 4097 688 4163; x_wconf 88' lang='lat' dir='ltr'><strong>ait,</strong></span> <span class='ocrx_word' id='word_1_476' title='bbox 719 4096 880 4154; x_wconf 82' lang='lat' dir='ltr'><strong>vobis</strong></span> <span class='ocrx_word' id='word_1_477' title='bbox 910 4097 1131 4153; x_wconf 86' lang='lat' dir='ltr'><strong>sanciat</strong></span> <span class='ocrx_word' id='word_1_478' title='bbox 1169 4098 1341 4170; x_wconf 83' lang='lat' dir='ltr'><strong>legem</strong></span> <span class='ocrx_word' id='word_1_479' title='bbox 1364 4113 1487 4169; x_wconf 66' lang='lat' dir='ltr'><strong>quae</strong></span> <span class='ocrx_word' id='word_1_480' title='bbox 1523 4099 1749 4155; x_wconf 88' lang='lat' dir='ltr'><strong>humilis</strong></span> <span class='ocrx_word' id='word_1_481' title='bbox 1771 4101 1869 4156; x_wconf 84' lang='lat' dir='ltr'><strong>ad-</strong></span> 
     </span>
    </p>
   </div>
   <div class='ocr_carea' id='block_1_72' title="bbox 290 4189 1866 4262">
    <p class='ocr_par' dir='ltr' id='par_1_72' title="bbox 290 4189 1866 4262">
     <span class='ocr_line' id='line_1_72' title="bbox 290 4189 1866 4262; baseline 0.002 -18"><span class='ocrx_word' id='word_1_482' title='bbox 290 4191 402 4245; x_wconf 92' lang='lat' dir='ltr'><strong>huc</strong></span> <span class='ocrx_word' id='word_1_483' title='bbox 432 4189 755 4260; x_wconf 75' lang='lat' dir='ltr'><strong>abiectaque</strong></span> <span class='ocrx_word' id='word_1_484' title='bbox 785 4189 880 4256; x_wconf 87' lang='lat' dir='ltr'><strong>sit,</strong></span> <span class='ocrx_word' id='word_1_485' title='bbox 919 4204 1042 4260; x_wconf 60' lang='lat' dir='ltr'><strong>qua</strong></span> <span class='ocrx_word' id='word_1_486' title='bbox 1080 4205 1177 4246; x_wconf 89' lang='lat' dir='ltr'><strong>vos</strong></span> <span class='ocrx_word' id='word_1_487' title='bbox 1228 4191 1438 4260; x_wconf 80' lang='lat' dir='ltr'><strong>angelis</strong></span> <span class='ocrx_word' id='word_1_488' title='bbox 1491 4194 1866 4262; x_wconf 89' lang='lat' dir='ltr'><strong>procuratori-</strong></span> 
     </span>
    </p>
   </div>
   <div class='ocr_carea' id='block_1_73' title="bbox 289 4281 1871 4356">
    <p class='ocr_par' dir='ltr' id='par_1_73' title="bbox 289 4281 1871 4356">
     <span class='ocr_line' id='line_1_73' title="bbox 289 4281 1871 4356; baseline 0.001 -18"><span class='ocrx_word' id='word_1_489' title='bbox 289 4284 416 4348; x_wconf 88' lang='lat' dir='ltr'><strong>bus,</strong></span> <span class='ocrx_word' id='word_1_490' title='bbox 472 4289 528 4338; x_wconf 89' lang='lat' dir='ltr'><strong>et</strong></span> <span class='ocrx_word' id='word_1_491' title='bbox 589 4281 940 4337; x_wconf 86' lang='lat' dir='ltr'><strong>administris</strong></span> <span class='ocrx_word' id='word_1_492' title='bbox 985 4281 1138 4337; x_wconf 91' lang='lat' dir='ltr'><strong>orbis</strong></span> <span class='ocrx_word' id='word_1_493' title='bbox 1185 4281 1240 4336; x_wconf 87' lang='lat' dir='ltr'><strong>iu</strong></span> <span class='ocrx_word' id='word_1_494' title='bbox 1295 4283 1612 4339; x_wconf 85' lang='lat' dir='ltr'><strong>carnalibus</strong></span> <span class='ocrx_word' id='word_1_495' title='bbox 1648 4299 1871 4356; x_wconf 84' lang='lat' dir='ltr'><strong>quoque</strong></span> 
     </span>
    </p>
   </div>
   <div class='ocr_carea' id='block_1_74' title="bbox 289 4373 1867 4446">
    <p class='ocr_par' dir='ltr' id='par_1_74' title="bbox 289 4373 1867 4446">
     <span class='ocr_line' id='line_1_74' title="bbox 289 4373 1867 4446; baseline 0.001 -16"><span class='ocrx_word' id='word_1_496' title='bbox 289 4373 726 4445; x_wconf 83' lang='lat' dir='ltr'><strong>subjiciat.Nam</strong></span> <span class='ocrx_word' id='word_1_497' title='bbox 755 4373 833 4428; x_wconf 91' lang='lat' dir='ltr'><strong>illi</strong></span> <span class='ocrx_word' id='word_1_498' title='bbox 866 4374 1126 4430; x_wconf 89' lang='lat' dir='ltr'><strong>custodes</strong></span> <span class='ocrx_word' id='word_1_499' title='bbox 1156 4374 1316 4446; x_wconf 90' lang='lat' dir='ltr'><strong>legis,</strong></span> <span class='ocrx_word' id='word_1_500' title='bbox 1353 4375 1449 4446; x_wconf 89' lang='lat' dir='ltr'><strong>qui</strong></span> <span class='ocrx_word' id='word_1_501' title='bbox 1478 4390 1598 4430; x_wconf 91' lang='lat' dir='ltr'><strong>eam</strong></span> <span class='ocrx_word' id='word_1_502' title='bbox 1621 4392 1867 4446; x_wconf 88' lang='lat' dir='ltr'><strong>sequun-</strong></span> 
     </span>
    </p>
   </div>
   <div class='ocr_carea' id='block_1_75' title="bbox 287 4465 1865 4535">
    <p class='ocr_par' dir='ltr' id='par_1_75' title="bbox 287 4465 1865 4535">
     <span class='ocr_line' id='line_1_75' title="bbox 287 4465 1865 4535; baseline 0.003 -15"><span class='ocrx_word' id='word_1_503' title='bbox 287 4475 402 4530; x_wconf 87' lang='lat' dir='ltr'><strong>tur,</strong></span> <span class='ocrx_word' id='word_1_504' title='bbox 439 4465 589 4521; x_wconf 89' lang='lat' dir='ltr'><strong>nulla</strong></span> <span class='ocrx_word' id='word_1_505' title='bbox 647 4479 818 4521; x_wconf 90' lang='lat' dir='ltr'><strong>causa</strong></span> <span class='ocrx_word' id='word_1_506' title='bbox 853 4465 1180 4535; x_wconf 89' lang='lat' dir='ltr'><strong>sapientiam</strong></span> <span class='ocrx_word' id='word_1_507' title='bbox 1235 4466 1496 4535; x_wconf 86' lang='lat' dir='ltr'><strong>jactitant</strong></span> <span class='ocrx_word' id='word_1_508' title='bbox 1526 4483 1707 4535; x_wconf 84' lang='lat' dir='ltr'><strong>suam,</strong></span> <span class='ocrx_word' id='word_1_509' title='bbox 1738 4484 1865 4524; x_wconf 92' lang='lat' dir='ltr'><strong>cum</strong></span> 
     </span>
    </p>
   </div>
   <div class='ocr_carea' id='block_1_76' title="bbox 292 4554 1865 4630">
    <p class='ocr_par' dir='ltr' id='par_1_76' title="bbox 292 4554 1865 4630">
     <span class='ocr_line' id='line_1_76' title="bbox 292 4554 1865 4630; baseline 0.002 -17"><span class='ocrx_word' id='word_1_510' title='bbox 292 4559 496 4627; x_wconf 90' lang='lat' dir='ltr'><strong>capite,</strong></span> <span class='ocrx_word' id='word_1_511' title='bbox 552 4555 703 4627; x_wconf 85' lang='lat' dir='ltr'><strong>quod</strong></span> <span class='ocrx_word' id='word_1_512' title='bbox 755 4565 841 4612; x_wconf 89' lang='lat' dir='ltr'><strong>est</strong></span> <span class='ocrx_word' id='word_1_513' title='bbox 892 4554 1175 4621; x_wconf 88' lang='lat' dir='ltr'><strong>Christus,</strong></span> <span class='ocrx_word' id='word_1_514' title='bbox 1222 4564 1481 4625; x_wconf 87' lang='lat' dir='ltr'><strong>careant;</strong></span> <span class='ocrx_word' id='word_1_515' title='bbox 1540 4573 1639 4628; x_wconf 91' lang='lat' dir='ltr'><strong>per</strong></span> <span class='ocrx_word' id='word_1_516' title='bbox 1700 4575 1865 4630; x_wconf 91' lang='lat' dir='ltr'><strong>quem</strong></span> 
     </span>
    </p>
   </div>
   <div class='ocr_carea' id='block_1_77' title="bbox 288 4644 1868 4717">
    <p class='ocr_par' dir='ltr' id='par_1_77' title="bbox 288 4644 1868 4717">
     <span class='ocr_line' id='line_1_77' title="bbox 288 4644 1868 4717; baseline 0.001 -14"><span class='ocrx_word' id='word_1_517' title='bbox 288 4650 614 4703; x_wconf 85' lang='lat' dir='ltr'><strong>universum</strong></span> <span class='ocrx_word' id='word_1_518' title='bbox 663 4644 927 4703; x_wconf 67' lang='lat' dir='ltr'><strong>Ecclesia:</strong></span> <span class='ocrx_word' id='word_1_519' title='bbox 991 4661 1196 4717; x_wconf 90' lang='lat' dir='ltr'><strong>corpus</strong></span> <span class='ocrx_word' id='word_1_520' title='bbox 1247 4661 1345 4716; x_wconf 89' lang='lat' dir='ltr'><strong>per</strong></span> <span class='ocrx_word' id='word_1_521' title='bbox 1384 4647 1788 4705; x_wconf 87' lang='lat' dir='ltr'><strong>commissuras</strong></span> <span class='ocrx_word' id='word_1_522' title='bbox 1813 4658 1868 4706; x_wconf 90' lang='lat' dir='ltr'><strong>et</strong></span> 
     </span>
    </p>
   </div>
   <div class='ocr_carea' id='block_1_78' title="bbox 289 4737 1868 4810">
    <p class='ocr_par' dir='ltr' id='par_1_78' title="bbox 289 4737 1868 4810">
     <span class='ocr_line' id='line_1_78' title="bbox 289 4737 1868 4810; baseline 0.001 -17"><span class='ocrx_word' id='word_1_523' title='bbox 289 4738 647 4810; x_wconf 81' lang='lat' dir='ltr'><strong>compagines</strong></span> <span class='ocrx_word' id='word_1_524' title='bbox 675 4752 740 4793; x_wconf 90' lang='lat' dir='ltr'><strong>ea</strong></span> <span class='ocrx_word' id='word_1_525' title='bbox 767 4737 1084 4794; x_wconf 88' lang='lat' dir='ltr'><strong>accretione</strong></span> <span class='ocrx_word' id='word_1_526' title='bbox 1113 4739 1340 4805; x_wconf 89' lang='lat' dir='ltr'><strong>crescit,</strong></span> <span class='ocrx_word' id='word_1_527' title='bbox 1368 4752 1477 4808; x_wconf 91' lang='lat' dir='ltr'><strong>qua</strong></span> <span class='ocrx_word' id='word_1_528' title='bbox 1498 4738 1606 4809; x_wconf 89' lang='lat' dir='ltr'><strong>ipsi</strong></span> <span class='ocrx_word' id='word_1_529' title='bbox 1636 4754 1868 4796; x_wconf 85' lang='lat' dir='ltr'><strong>conces-</strong></span> 
     </span>
    </p>
   </div>
   <div class='ocr_carea' id='block_1_79' title="bbox 298 4829 1869 4901">
    <p class='ocr_par' dir='ltr' id='par_1_79' title="bbox 298 4829 1869 4901">
     <span class='ocr_line' id='line_1_79' title="bbox 298 4829 1869 4901; baseline 0 -15"><span class='ocrx_word' id='word_1_530' title='bbox 298 4831 372 4886; x_wconf 82' lang='lat' dir='ltr'><strong>sit</strong></span> <span class='ocrx_word' id='word_1_531' title='bbox 399 4830 541 4887; x_wconf 88' lang='lat' dir='ltr'><strong>Deus</strong></span> <span class='ocrx_word' id='word_1_532' title='bbox 569 4837 628 4886; x_wconf 91' lang='lat' dir='ltr'><strong>ut</strong></span> <span class='ocrx_word' id='word_1_533' title='bbox 651 4838 932 4901; x_wconf 85' lang='lat' dir='ltr'><strong>augescat.</strong></span> <span class='ocrx_word' id='word_1_534' title='bbox 959 4829 1358 4886; x_wconf 77' lang='lat' dir='ltr'><strong>Commissuras</strong></span> <span class='ocrx_word' id='word_1_535' title='bbox 1392 4839 1577 4886; x_wconf 92' lang='lat' dir='ltr'><strong>autem</strong></span> <span class='ocrx_word' id='word_1_536' title='bbox 1615 4837 1670 4887; x_wconf 90' lang='lat' dir='ltr'><strong>et</strong></span> <span class='ocrx_word' id='word_1_537' title='bbox 1703 4847 1869 4886; x_wconf 66' lang='lat' dir='ltr'><strong>nemus</strong></span> 
     </span>
    </p>
   </div>
   <div class='ocr_carea' id='block_1_80' title="bbox 294 4923 1873 4995">
    <p class='ocr_par' dir='ltr' id='par_1_80' title="bbox 294 4923 1873 4995">
     <span class='ocr_line' id='line_1_80' title="bbox 294 4923 1873 4995; baseline 0.003 -17"><span class='ocrx_word' id='word_1_538' title='bbox 294 4924 531 4994; x_wconf 87' lang='lat' dir='ltr'><strong>appellat</strong></span> <span class='ocrx_word' id='word_1_539' title='bbox 561 4923 708 4989; x_wconf 88' lang='lat' dir='ltr'><strong>illos,</strong></span> <span class='ocrx_word' id='word_1_540' title='bbox 737 4924 832 4995; x_wconf 90' lang='lat' dir='ltr'><strong>qui</strong></span> <span class='ocrx_word' id='word_1_541' title='bbox 867 4927 1092 4988; x_wconf 86' lang='lat' dir='ltr'><strong>verbum</strong></span> <span class='ocrx_word' id='word_1_542' title='bbox 1125 4925 1328 4981; x_wconf 92' lang='lat' dir='ltr'><strong>docent</strong></span> <span class='ocrx_word' id='word_1_543' title='bbox 1363 4927 1420 4980; x_wconf 90' lang='lat' dir='ltr'><strong>in</strong></span> <span class='ocrx_word' id='word_1_544' title='bbox 1459 4925 1730 4981; x_wconf 87' lang='lat' dir='ltr'><strong>Ecclesia.</strong></span> <span class='ocrx_word' id='word_1_545' title='bbox 1776 4923 1873 4982; x_wconf 85' lang='lat' dir='ltr'><strong>Ec-</strong></span> 
     </span>
    </p>
   </div>
   <div class='ocr_carea' id='block_1_81' title="bbox 293 5014 1869 5090">
    <p class='ocr_par' dir='ltr' id='par_1_81' title="bbox 293 5014 1869 5090">
     <span class='ocr_line' id='line_1_81' title="bbox 293 5014 1869 5090; baseline 0.001 -20"><span class='ocrx_word' id='word_1_546' title='bbox 293 5016 462 5070; x_wconf 63' lang='lat' dir='ltr'><strong>clesia</strong></span> <span class='ocrx_word' id='word_1_547' title='bbox 493 5014 763 5085; x_wconf 76' lang='lat' dir='ltr'><strong>siquidem</strong></span> <span class='ocrx_word' id='word_1_548' title='bbox 802 5033 900 5088; x_wconf 87' lang='lat' dir='ltr'><strong>per</strong></span> <span class='ocrx_word' id='word_1_549' title='bbox 929 5033 1025 5072; x_wconf 80' lang='lat' dir='ltr'><strong>eos</strong></span> <span class='ocrx_word' id='word_1_550' title='bbox 1063 5017 1283 5074; x_wconf 92' lang='lat' dir='ltr'><strong>Christo</strong></span> <span class='ocrx_word' id='word_1_551' title='bbox 1320 5019 1691 5090; x_wconf 89' lang='lat' dir='ltr'><strong>conjungitur,</strong></span> <span class='ocrx_word' id='word_1_552' title='bbox 1724 5027 1780 5074; x_wconf 92' lang='lat' dir='ltr'><strong>et</strong></span> <span class='ocrx_word' id='word_1_553' title='bbox 1819 5019 1869 5072; x_wconf 91' lang='lat' dir='ltr'><strong>in</strong></span> 
     </span>
    </p>
   </div>
   <div class='ocr_carea' id='block_1_82' title="bbox 190 5105 1208 5196">
    <p class='ocr_par' dir='ltr' id='par_1_82' title="bbox 190 5105 1208 5196">
     <span class='ocr_line' id='line_1_82' title="bbox 190 5105 1208 5196; baseline 0.002 -34"><span class='ocrx_word' id='word_1_554' title='bbox 190 5161 224 5196; x_wconf 58' lang='grc' dir='ltr'><strong><em>ο</em></strong></span> <span class='ocrx_word' id='word_1_555' title='bbox 293 5109 513 5177; x_wconf 84' lang='lat' dir='ltr'><strong>elegans</strong></span> <span class='ocrx_word' id='word_1_556' title='bbox 550 5105 843 5164; x_wconf 63' lang='lat' dir='ltr'><strong>aedilicium</strong></span> <span class='ocrx_word' id='word_1_557' title='bbox 875 5109 1208 5164; x_wconf 86' lang='lat' dir='ltr'><strong>exstruitur.</strong></span> 
     </span>
    </p>
   </div>
   <div class='ocr_carea' id='block_1_83' title="bbox 371 5197 1876 5260">
    <p class='ocr_par' dir='ltr' id='par_1_83' title="bbox 371 5197 1876 5260">
     <span class='ocr_line' id='line_1_83' title="bbox 371 5197 1876 5260; baseline 0.004 -6"><span class='ocrx_word' id='word_1_558' title='bbox 371 5200 534 5256; x_wconf 75' lang='lat' dir='ltr'><strong>Vcas.</strong></span> <span class='ocrx_word' id='word_1_559' title='bbox 566 5197 760 5255; x_wconf 71' lang='lat'><strong>20-22.</strong></span> <span class='ocrx_word' id='word_1_560' title='bbox 803 5218 822 5253; x_wconf 86' lang='grc' dir='ltr'><strong>ι</strong></span> <span class='ocrx_word' id='word_1_561' title='bbox 856 5198 914 5256; x_wconf 91' lang='lat' dir='ltr'><strong>Si</strong></span> <span class='ocrx_word' id='word_1_562' title='bbox 957 5201 1162 5256; x_wconf 92' lang='lat' dir='ltr'><strong>mortui</strong></span> <span class='ocrx_word' id='word_1_563' title='bbox 1211 5201 1347 5258; x_wconf 84' lang='lat' dir='ltr'><strong>estis</strong></span> <span class='ocrx_word' id='word_1_564' title='bbox 1381 5216 1508 5257; x_wconf 91' lang='lat' dir='ltr'><strong>cum</strong></span> <span class='ocrx_word' id='word_1_565' title='bbox 1543 5202 1768 5260; x_wconf 85' lang='lat' dir='ltr'><strong>Christo</strong></span> <span class='ocrx_word' id='word_1_566' title='bbox 1805 5203 1876 5260; x_wconf 89' lang='lat' dir='ltr'><strong>ab</strong></span> 
     </span>
    </p>
   </div>
   <div class='ocr_carea' id='block_1_84' title="bbox 297 5291 1867 5364">
    <p class='ocr_par' dir='ltr' id='par_1_84' title="bbox 297 5291 1867 5364">
     <span class='ocr_line' id='line_1_84' title="bbox 297 5291 1867 5364; baseline 0.001 -16"><span class='ocrx_word' id='word_1_567' title='bbox 297 5291 583 5350; x_wconf 88' lang='lat' dir='ltr'><strong>elementis</strong></span> <span class='ocrx_word' id='word_1_568' title='bbox 641 5291 860 5358; x_wconf 91' lang='lat' dir='ltr'><strong>mundi,</strong></span> <span class='ocrx_word' id='word_1_569' title='bbox 901 5293 1035 5362; x_wconf 90' lang='lat' dir='ltr'><strong>quid</strong></span> <span class='ocrx_word' id='word_1_570' title='bbox 1067 5292 1247 5350; x_wconf 89' lang='lat' dir='ltr'><strong>adhuc</strong></span> <span class='ocrx_word' id='word_1_571' title='bbox 1311 5305 1576 5364; x_wconf 89' lang='lat' dir='ltr'><strong>tanquam</strong></span> <span class='ocrx_word' id='word_1_572' title='bbox 1612 5295 1867 5350; x_wconf 84' lang='lat' dir='ltr'><strong>viventes</strong></span> 
     </span>
    </p>
   </div>
   <div class='ocr_carea' id='block_1_85' title="bbox 297 5384 1873 5458">
    <p class='ocr_par' dir='ltr' id='par_1_85' title="bbox 297 5384 1873 5458">
     <span class='ocr_line' id='line_1_85' title="bbox 297 5384 1873 5458; baseline 0.002 -18"><span class='ocrx_word' id='word_1_573' title='bbox 297 5386 503 5442; x_wconf 90' lang='lat' dir='ltr'><strong>mundo</strong></span> <span class='ocrx_word' id='word_1_574' title='bbox 534 5384 872 5442; x_wconf 87' lang='lat' dir='ltr'><strong>decernitis?</strong></span> <span class='ocrx_word' id='word_1_575' title='bbox 895 5400 966 5441; x_wconf 94' lang='lat' dir='ltr'><strong>ne</strong></span> <span class='ocrx_word' id='word_1_576' title='bbox 1007 5387 1282 5458; x_wconf 82' lang='lat' dir='ltr'><strong>tetigeris,</strong></span> <span class='ocrx_word' id='word_1_577' title='bbox 1322 5403 1503 5458; x_wconf 86' lang='lat' dir='ltr'><strong>neque</strong></span> <span class='ocrx_word' id='word_1_578' title='bbox 1536 5389 1873 5458; x_wconf 85' lang='lat' dir='ltr'><strong>gustaveris,</strong></span> 
     </span>
    </p>
   </div>
   <div class='ocr_carea' id='block_1_86' title="bbox 301 5480 1873 5554">
    <p class='ocr_par' dir='ltr' id='par_1_86' title="bbox 301 5480 1873 5554">
     <span class='ocr_line' id='line_1_86' title="bbox 301 5480 1873 5554; baseline 0 -18"><span class='ocrx_word' id='word_1_579' title='bbox 301 5495 480 5550; x_wconf 90' lang='lat' dir='ltr'><strong>neque</strong></span> <span class='ocrx_word' id='word_1_580' title='bbox 534 5480 1008 5550; x_wconf 84' lang='lat' dir='ltr'><strong>contrectaveris;</strong></span> <span class='ocrx_word' id='word_1_581' title='bbox 1039 5496 1160 5554; x_wconf 72' lang='lat' dir='ltr'><strong>quae</strong></span> <span class='ocrx_word' id='word_1_582' title='bbox 1193 5481 1381 5538; x_wconf 88' lang='lat' dir='ltr'><strong>omnia</strong></span> <span class='ocrx_word' id='word_1_583' title='bbox 1428 5491 1561 5538; x_wconf 88' lang='lat' dir='ltr'><strong>sunt</strong></span> <span class='ocrx_word' id='word_1_584' title='bbox 1593 5483 1646 5538; x_wconf 90' lang='lat' dir='ltr'><strong>in</strong></span> <span class='ocrx_word' id='word_1_585' title='bbox 1680 5483 1873 5538; x_wconf 88' lang='lat' dir='ltr'><strong>interi-</strong></span> 
     </span>
    </p>
   </div>
   <div class='ocr_carea' id='block_1_87' title="bbox 300 5570 778 5642">
    <p class='ocr_par' dir='ltr' id='par_1_87' title="bbox 300 5570 778 5642">
     <span class='ocr_line' id='line_1_87' title="bbox 300 5570 778 5642; baseline -0.006 -15"><span class='ocrx_word' id='word_1_586' title='bbox 300 5581 415 5627; x_wconf 84' lang='lat' dir='ltr'><strong>tum</strong></span> <span class='ocrx_word' id='word_1_587' title='bbox 453 5570 572 5642; x_wconf 85' lang='lat' dir='ltr'><strong>ipso</strong></span> <span class='ocrx_word' id='word_1_588' title='bbox 603 5587 728 5628; x_wconf 92' lang='lat' dir='ltr'><strong>usu.</strong></span> <span class='ocrx_word' id='word_1_589' title='bbox 759 5588 778 5624; x_wconf 75' lang='grc' dir='ltr'><strong>ι</strong></span> 
     </span>
    </p>
   </div>
   <div class='ocr_carea' id='block_1_88' title="bbox 1967 3186 3551 3262">
    <p class='ocr_par' dir='ltr' id='par_1_88' title="bbox 1967 3186 3551 3262">
     <span class='ocr_line' id='line_1_88' title="bbox 1967 3186 3551 3262; baseline -0.004 -16"><span class='ocrx_word' id='word_1_590' title='bbox 1967 3209 2077 3246; x_wconf 90' lang='grc' dir='ltr'><strong>των</strong></span> <span class='ocrx_word' id='word_1_591' title='bbox 2100 3233 2117 3258; x_wconf 88' lang='grc'><strong>,</strong></span> <span class='ocrx_word' id='word_1_592' title='bbox 2165 3192 2254 3244; x_wconf 83' lang='grc' dir='ltr'><strong>ὅτε</strong></span> <span class='ocrx_word' id='word_1_593' title='bbox 2314 3191 2412 3262; x_wconf 80' lang='grc' dir='ltr'><strong>τὴν</strong></span> <span class='ocrx_word' id='word_1_594' title='bbox 2469 3190 2638 3253; x_wconf 77' lang='grc' dir='ltr'><strong>ὅντως</strong></span> <span class='ocrx_word' id='word_1_595' title='bbox 2704 3188 2918 3259; x_wconf 73' lang='grc' dir='ltr'><strong>ἔχοντες</strong></span> <span class='ocrx_word' id='word_1_596' title='bbox 2965 3187 3277 3259; x_wconf 88' lang='grc' dir='ltr'><strong>καθρότητα</strong></span> <span class='ocrx_word' id='word_1_597' title='bbox 3324 3199 3365 3227; x_wconf 76' lang='grc' dir='ltr'>ω</span> <span class='ocrx_word' id='word_1_598' title='bbox 3385 3227 3400 3251; x_wconf 95' lang='grc'><strong>,</strong></span> <span class='ocrx_word' id='word_1_599' title='bbox 3455 3186 3551 3240; x_wconf 79' lang='grc' dir='ltr'><strong>καὶ</strong></span> 
     </span>
    </p>
   </div>
   <div class='ocr_carea' id='block_1_89' title="bbox 1968 3277 3551 3354">
    <p class='ocr_par' dir='ltr' id='par_1_89' title="bbox 1968 3277 3551 3354">
     <span class='ocr_line' id='line_1_89' title="bbox 1968 3277 3551 3354; baseline -0.004 -16"><span class='ocrx_word' id='word_1_600' title='bbox 1968 3283 2069 3354; x_wconf 80' lang='grc' dir='ltr'><strong>τὴν</strong></span> <span class='ocrx_word' id='word_1_601' title='bbox 2113 3281 2292 3352; x_wconf 82' lang='grc' dir='ltr'><strong>ἀληθῆ</strong></span> <span class='ocrx_word' id='word_1_602' title='bbox 2329 3279 2684 3352; x_wconf 78' lang='grc' dir='ltr'><strong>ἑορτάζοντες</strong></span> <span class='ocrx_word' id='word_1_603' title='bbox 2735 3280 2956 3352; x_wconf 77' lang='grc' dir='ltr'><strong>ἐορτὴν,</strong></span> <span class='ocrx_word' id='word_1_604' title='bbox 3021 3277 3140 3350; x_wconf 85' lang='grc' dir='ltr'><strong>Θεῷ</strong></span> <span class='ocrx_word' id='word_1_605' title='bbox 3201 3277 3551 3351; x_wconf 85' lang='grc' dir='ltr'><strong>παραστησό-</strong></span> 
     </span>
    </p>
   </div>
   <div class='ocr_carea' id='block_1_90' title="bbox 1973 3374 3582 3444">
    <p class='ocr_par' dir='ltr' id='par_1_90' title="bbox 1973 3374 3582 3444">
     <span class='ocr_line' id='line_1_90' title="bbox 1973 3374 3582 3444; baseline 0.007 -16"><span class='ocrx_word' id='word_1_606' title='bbox 1973 3374 2139 3444; x_wconf 85' lang='grc' dir='ltr'><strong>μεθα.</strong></span> <span class='ocrx_word' id='word_1_607' title='bbox 3579 3437 3582 3440; x_wconf 87' lang='grc'><strong>.</strong></span> 
     </span>
    </p>
   </div>
   <div class='ocr_carea' id='block_1_91' title="bbox 2044 3459 3552 3538">
    <p class='ocr_par' dir='ltr' id='par_1_91' title="bbox 2044 3459 3552 3538">
     <span class='ocr_line' id='line_1_91' title="bbox 2044 3459 3552 3538; baseline -0.005 -18"><span class='ocrx_word' id='word_1_608' title='bbox 2044 3484 2066 3520; x_wconf 79' lang='grc' dir='ltr'><strong>ι</strong></span> <span class='ocrx_word' id='word_1_609' title='bbox 2095 3465 2303 3538; x_wconf 80' lang='grc' dir='ltr'><strong>Μηδεὶς</strong></span> <span class='ocrx_word' id='word_1_610' title='bbox 2331 3465 2477 3536; x_wconf 78' lang='grc' dir='ltr'><strong>ὑμᾶς</strong></span> <span class='ocrx_word' id='word_1_611' title='bbox 2523 3461 3007 3535; x_wconf 89' lang='grc' dir='ltr'><strong>καταϐραϐευέτω,</strong></span> <span class='ocrx_word' id='word_1_612' title='bbox 3061 3459 3232 3514; x_wconf 84' lang='grc' dir='ltr'><strong>θέλων</strong></span> <span class='ocrx_word' id='word_1_613' title='bbox 3260 3460 3319 3514; x_wconf 90' lang='grc' dir='ltr'><strong>ἐν</strong></span> <span class='ocrx_word' id='word_1_614' title='bbox 3362 3475 3552 3514; x_wconf 82' lang='grc' dir='ltr'><strong>ταπει-</strong></span> 
     </span>
    </p>
   </div>
   <div class='ocr_carea' id='block_1_92' title="bbox 1969 3550 3554 3630">
    <p class='ocr_par' dir='ltr' id='par_1_92' title="bbox 1969 3550 3554 3630">
     <span class='ocr_line' id='line_1_92' title="bbox 1969 3550 3554 3630; baseline -0.005 -16"><span class='ocrx_word' id='word_1_615' title='bbox 1969 3557 2296 3630; x_wconf 81' lang='grc' dir='ltr'><strong>νοφροσύνῃ.</strong></span> <span class='ocrx_word' id='word_1_616' title='bbox 2322 3555 2417 3610; x_wconf 74' lang='grc' dir='ltr'><strong>καὶ</strong></span> <span class='ocrx_word' id='word_1_617' title='bbox 2441 3554 2713 3627; x_wconf 77' lang='grc' dir='ltr'><strong>θρησκείᾳ</strong></span> <span class='ocrx_word' id='word_1_618' title='bbox 2753 3554 2863 3606; x_wconf 89' lang='grc' dir='ltr'><strong>τῶν</strong></span> <span class='ocrx_word' id='word_1_619' title='bbox 2885 3552 3134 3622; x_wconf 81' lang='grc' dir='ltr'><strong>ἀγγέλων</strong></span> <span class='ocrx_word' id='word_1_620' title='bbox 3153 3591 3170 3616; x_wconf 90' lang='grc'><strong>,</strong></span> <span class='ocrx_word' id='word_1_621' title='bbox 3203 3551 3240 3606; x_wconf 78' lang='grc' dir='ltr'>ἃ</span> <span class='ocrx_word' id='word_1_622' title='bbox 3275 3550 3351 3623; x_wconf 81' lang='grc' dir='ltr'><strong>μὴ</strong></span> <span class='ocrx_word' id='word_1_623' title='bbox 3379 3551 3554 3622; x_wconf 81' lang='grc' dir='ltr'><strong>ἐώρα-</strong></span> 
     </span>
    </p>
   </div>
   <div class='ocr_carea' id='block_1_93' title="bbox 1969 3644 3553 3722">
    <p class='ocr_par' dir='ltr' id='par_1_93' title="bbox 1969 3644 3553 3722">
     <span class='ocr_line' id='line_1_93' title="bbox 1969 3644 3553 3722; baseline -0.004 -18"><span class='ocrx_word' id='word_1_624' title='bbox 1969 3667 2066 3704; x_wconf 88' lang='grc' dir='ltr'><strong>κεν</strong></span> <span class='ocrx_word' id='word_1_625' title='bbox 2113 3647 2476 3722; x_wconf 87' lang='grc' dir='ltr'><strong>ἐμϐατεύων,</strong></span> <span class='ocrx_word' id='word_1_626' title='bbox 2525 3646 2652 3717; x_wconf 76' lang='grc' dir='ltr'><strong>εἰκῆ</strong></span> <span class='ocrx_word' id='word_1_627' title='bbox 2701 3645 3064 3715; x_wconf 82' lang='grc' dir='ltr'><strong>φυσιούμενος</strong></span> <span class='ocrx_word' id='word_1_628' title='bbox 3119 3644 3226 3699; x_wconf 75' lang='grc' dir='ltr'><strong>ὑπὸ</strong></span> <span class='ocrx_word' id='word_1_629' title='bbox 3281 3645 3379 3699; x_wconf 80' lang='grc' dir='ltr'><strong>τοῦ</strong></span> <span class='ocrx_word' id='word_1_630' title='bbox 3434 3645 3553 3710; x_wconf 80' lang='grc' dir='ltr'><strong>νοὸς</strong></span> 
     </span>
    </p>
   </div>
   <div class='ocr_carea' id='block_1_94' title="bbox 1969 3736 3551 3814">
    <p class='ocr_par' dir='ltr' id='par_1_94' title="bbox 1969 3736 3551 3814">
     <span class='ocr_line' id='line_1_94' title="bbox 1969 3736 3551 3814; baseline -0.004 -18"><span class='ocrx_word' id='word_1_631' title='bbox 1969 3745 2069 3814; x_wconf 80' lang='grc' dir='ltr'><strong>τῆς</strong></span> <span class='ocrx_word' id='word_1_632' title='bbox 2111 3742 2313 3812; x_wconf 79' lang='grc' dir='ltr'><strong>σαρκὸς</strong></span> <span class='ocrx_word' id='word_1_633' title='bbox 2356 3740 2523 3797; x_wconf 81' lang='grc' dir='ltr'><strong>αὑτοῦ</strong></span> <span class='ocrx_word' id='word_1_634' title='bbox 2547 3780 2563 3806; x_wconf 94' lang='grc'><strong>,</strong></span> <span class='ocrx_word' id='word_1_635' title='bbox 2616 3738 2712 3792; x_wconf 71' lang='grc' dir='ltr'><strong>καὶ</strong></span> <span class='ocrx_word' id='word_1_636' title='bbox 2740 3738 2800 3791; x_wconf 81' lang='grc' dir='ltr'><strong>οὐ</strong></span> <span class='ocrx_word' id='word_1_637' title='bbox 2851 3736 3072 3808; x_wconf 89' lang='grc' dir='ltr'><strong>κρατῶν</strong></span> <span class='ocrx_word' id='word_1_638' title='bbox 3124 3737 3226 3809; x_wconf 85' lang='grc' dir='ltr'><strong>τὴν</strong></span> <span class='ocrx_word' id='word_1_639' title='bbox 3285 3737 3551 3808; x_wconf 79' lang='grc' dir='ltr'><strong>κεφαλὴν,</strong></span> 
     </span>
    </p>
   </div>
   <div class='ocr_carea' id='block_1_95' title="bbox 1971 3827 3554 3906">
    <p class='ocr_par' dir='ltr' id='par_1_95' title="bbox 1971 3827 3554 3906">
     <span class='ocr_line' id='line_1_95' title="bbox 1971 3827 3554 3906; baseline -0.004 -18"><span class='ocrx_word' id='word_1_640' title='bbox 1971 3834 2032 3900; x_wconf 84' lang='grc' dir='ltr'><strong>ἐξ</strong></span> <span class='ocrx_word' id='word_1_641' title='bbox 2053 3828 2116 3888; x_wconf 75' lang='grc' dir='ltr'><strong>οὗ</strong></span> <span class='ocrx_word' id='word_1_642' title='bbox 2139 3835 2250 3888; x_wconf 83' lang='grc' dir='ltr'><strong>πᾶν</strong></span> <span class='ocrx_word' id='word_1_643' title='bbox 2279 3833 2340 3886; x_wconf 82' lang='grc' dir='ltr'><strong>τὸ</strong></span> <span class='ocrx_word' id='word_1_644' title='bbox 2375 3832 2536 3903; x_wconf 81' lang='grc' dir='ltr'><strong>σῶμα</strong></span> <span class='ocrx_word' id='word_1_645' title='bbox 2584 3831 2672 3886; x_wconf 83' lang='grc' dir='ltr'><strong>διὰ</strong></span> <span class='ocrx_word' id='word_1_646' title='bbox 2705 3829 2815 3884; x_wconf 90' lang='grc' dir='ltr'><strong>τῶν</strong></span> <span class='ocrx_word' id='word_1_647' title='bbox 2873 3829 3027 3900; x_wconf 82' lang='grc' dir='ltr'><strong>ἁφῶν</strong></span> <span class='ocrx_word' id='word_1_648' title='bbox 3090 3829 3184 3883; x_wconf 74' lang='grc' dir='ltr'><strong>καὶ</strong></span> <span class='ocrx_word' id='word_1_649' title='bbox 3239 3827 3554 3906; x_wconf 79' lang='grc' dir='ltr'><strong>συνδέσμων</strong></span> 
     </span>
    </p>
   </div>
   <div class='ocr_carea' id='block_1_96' title="bbox 1971 3919 3554 3998">
    <p class='ocr_par' dir='ltr' id='par_1_96' title="bbox 1971 3919 3554 3998">
     <span class='ocr_line' id='line_1_96' title="bbox 1971 3919 3554 3998; baseline -0.004 -19"><span class='ocrx_word' id='word_1_650' title='bbox 1971 3925 2270 3998; x_wconf 85' lang='grc' dir='ltr'><strong>χορηγοῦν,</strong></span> <span class='ocrx_word' id='word_1_651' title='bbox 2295 3924 2393 3980; x_wconf 68' lang='grc' dir='ltr'><strong>καὶ</strong></span> <span class='ocrx_word' id='word_1_652' title='bbox 2450 3922 2926 3998; x_wconf 76' lang='grc' dir='ltr'><strong>συμϐιϐαζόμενον</strong></span> <span class='ocrx_word' id='word_1_653' title='bbox 2979 3920 3130 3988; x_wconf 72' lang='grc' dir='ltr'><strong>αὔξει</strong></span> <span class='ocrx_word' id='word_1_654' title='bbox 3180 3921 3279 3994; x_wconf 75' lang='grc' dir='ltr'><strong>τὴν</strong></span> <span class='ocrx_word' id='word_1_655' title='bbox 3322 3919 3554 3992; x_wconf 76' lang='grc' dir='ltr'><strong>αὔξησιν</strong></span> 
     </span>
    </p>
   </div>
   <div class='ocr_carea' id='block_1_97' title="bbox 1971 4016 2308 4072">
    <p class='ocr_par' dir='ltr' id='par_1_97' title="bbox 1971 4016 2308 4072">
     <span class='ocr_line' id='line_1_97' title="bbox 1971 4016 2308 4072; baseline -0.009 -1"><span class='ocrx_word' id='word_1_656' title='bbox 1971 4016 2068 4071; x_wconf 80' lang='grc' dir='ltr'><strong>τοῦ</strong></span> <span class='ocrx_word' id='word_1_657' title='bbox 2090 4017 2249 4072; x_wconf 82' lang='grc' dir='ltr'><strong>Θεοῦ.</strong></span> <span class='ocrx_word' id='word_1_658' title='bbox 2289 4036 2308 4068; x_wconf 75' lang='grc' dir='ltr'><strong>ι</strong></span> 
     </span>
    </p>
   </div>
   <div class='ocr_carea' id='block_1_98' title="bbox 2045 4098 3554 4178">
    <p class='ocr_par' dir='ltr' id='par_1_98' title="bbox 2045 4098 3554 4178">
     <span class='ocr_line' id='line_1_98' title="bbox 2045 4098 3554 4178; baseline -0.005 -17"><span class='ocrx_word' id='word_1_659' title='bbox 2045 4108 2139 4178; x_wconf 78' lang='grc' dir='ltr'><strong>Μὴ</strong></span> <span class='ocrx_word' id='word_1_660' title='bbox 2171 4106 2534 4177; x_wconf 81' lang='grc' dir='ltr'><strong>νομοθετείτω</strong></span> <span class='ocrx_word' id='word_1_661' title='bbox 2567 4122 2651 4170; x_wconf 90' lang='grc' dir='ltr'><strong>τις</strong></span> <span class='ocrx_word' id='word_1_662' title='bbox 2685 4105 2835 4176; x_wconf 79' lang='grc' dir='ltr'><strong>ύμῖν,</strong></span> <span class='ocrx_word' id='word_1_663' title='bbox 2881 4103 3050 4174; x_wconf 80' lang='grc' dir='ltr'><strong>φησὶ,</strong></span> <span class='ocrx_word' id='word_1_664' title='bbox 3087 4101 3410 4173; x_wconf 82' lang='grc' dir='ltr'><strong>νομοθεσίαν</strong></span> <span class='ocrx_word' id='word_1_665' title='bbox 3473 4098 3554 4154; x_wconf 83' lang='grc' dir='ltr'><strong>ἔτι</strong></span> 
     </span>
    </p>
   </div>
   <div class='ocr_carea' id='block_1_99' title="bbox 1972 4190 3551 4270">
    <p class='ocr_par' dir='ltr' id='par_1_99' title="bbox 1972 4190 3551 4270">
     <span class='ocr_line' id='line_1_99' title="bbox 1972 4190 3551 4270; baseline -0.004 -17"><span class='ocrx_word' id='word_1_666' title='bbox 1972 4199 2073 4270; x_wconf 82' lang='grc' dir='ltr'><strong>τὴν</strong></span> <span class='ocrx_word' id='word_1_667' title='bbox 2100 4197 2386 4268; x_wconf 81' lang='grc' dir='ltr'><strong>ταπεινὴν,</strong></span> <span class='ocrx_word' id='word_1_668' title='bbox 2425 4198 2522 4270; x_wconf 79' lang='grc' dir='ltr'><strong>τὴν</strong></span> <span class='ocrx_word' id='word_1_669' title='bbox 2576 4196 2668 4250; x_wconf 85' lang='grc' dir='ltr'><strong>ὑπ’</strong></span> <span class='ocrx_word' id='word_1_670' title='bbox 2712 4195 2968 4265; x_wconf 83' lang='grc' dir='ltr'><strong>ἀγγέλοις</strong></span> <span class='ocrx_word' id='word_1_671' title='bbox 3017 4190 3184 4250; x_wconf 81' lang='grc' dir='ltr'><strong>οὖσαν</strong></span> <span class='ocrx_word' id='word_1_672' title='bbox 3213 4193 3551 4264; x_wconf 82' lang='grc' dir='ltr'><strong>ἐπιτρόποις,</strong></span> 
     </span>
    </p>
   </div>
   <div class='ocr_carea' id='block_1_100' title="bbox 1976 4282 3554 4358">
    <p class='ocr_par' dir='ltr' id='par_1_100' title="bbox 1976 4282 3554 4358">
     <span class='ocr_line' id='line_1_100' title="bbox 1976 4282 3554 4358; baseline -0.006 -15"><span class='ocrx_word' id='word_1_673' title='bbox 1976 4290 2070 4343; x_wconf 77' lang='grc' dir='ltr'><strong>καὶ</strong></span> <span class='ocrx_word' id='word_1_674' title='bbox 2119 4289 2427 4358; x_wconf 78' lang='grc' dir='ltr'><strong>οἰκονόμοις</strong></span> <span class='ocrx_word' id='word_1_675' title='bbox 2457 4325 2474 4350; x_wconf 95' lang='grc'><strong>,</strong></span> <span class='ocrx_word' id='word_1_676' title='bbox 2527 4287 2622 4340; x_wconf 76' lang='grc' dir='ltr'><strong>καὶ</strong></span> <span class='ocrx_word' id='word_1_677' title='bbox 2669 4289 2728 4341; x_wconf 87' lang='grc' dir='ltr'><strong>ἐν</strong></span> <span class='ocrx_word' id='word_1_678' title='bbox 2777 4287 2891 4349; x_wconf 88' lang='grc' dir='ltr'><strong>τοῖς</strong></span> <span class='ocrx_word' id='word_1_679' title='bbox 2945 4285 3229 4355; x_wconf 88' lang='grc' dir='ltr'><strong>σαρκικοῖς</strong></span> <span class='ocrx_word' id='word_1_680' title='bbox 3282 4282 3554 4335; x_wconf 85' lang='grc' dir='ltr'><strong>ταπεινῶν</strong></span> 
     </span>
    </p>
   </div>
   <div class='ocr_carea' id='block_1_101' title="bbox 1977 4376 3555 4454">
    <p class='ocr_par' dir='ltr' id='par_1_101' title="bbox 1977 4376 3555 4454">
     <span class='ocr_line' id='line_1_101' title="bbox 1977 4376 3555 4454; baseline -0.005 -18"><span class='ocrx_word' id='word_1_681' title='bbox 1977 4383 2144 4454; x_wconf 80' lang='grc' dir='ltr'><strong>ὑμᾶς.</strong></span> <span class='ocrx_word' id='word_1_682' title='bbox 2204 4382 2422 4452; x_wconf 88' lang='grc' dir='ltr'><strong>Ταύτης</strong></span> <span class='ocrx_word' id='word_1_683' title='bbox 2473 4383 2584 4453; x_wconf 83' lang='grc' dir='ltr'><strong>γὰρ</strong></span> <span class='ocrx_word' id='word_1_684' title='bbox 2630 4377 2982 4450; x_wconf 82' lang='grc' dir='ltr'><strong>ἀντεχόμενοι</strong></span> <span class='ocrx_word' id='word_1_685' title='bbox 3006 4380 3055 4431; x_wconf 85' lang='lat' dir='ltr'><strong>ot</strong></span> <span class='ocrx_word' id='word_1_686' title='bbox 3085 4376 3179 4431; x_wconf 84' lang='grc' dir='ltr'><strong>τοῦ</strong></span> <span class='ocrx_word' id='word_1_687' title='bbox 3227 4377 3555 4448; x_wconf 84' lang='grc' dir='ltr'><strong>γράμματος</strong></span> 
     </span>
    </p>
   </div>
   <div class='ocr_carea' id='block_1_102' title="bbox 1977 4467 3557 4546">
    <p class='ocr_par' dir='ltr' id='par_1_102' title="bbox 1977 4467 3557 4546">
     <span class='ocr_line' id='line_1_102' title="bbox 1977 4467 3557 4546; baseline -0.006 -17"><span class='ocrx_word' id='word_1_688' title='bbox 1977 4475 2217 4546; x_wconf 81' lang='grc' dir='ltr'><strong>φύλακες</strong></span> <span class='ocrx_word' id='word_1_689' title='bbox 2269 4475 2448 4545; x_wconf 89' lang='grc' dir='ltr'><strong>μάτην</strong></span> <span class='ocrx_word' id='word_1_690' title='bbox 2500 4474 2594 4526; x_wconf 74' lang='grc' dir='ltr'><strong>ἐπὶ</strong></span> <span class='ocrx_word' id='word_1_691' title='bbox 2651 4471 2816 4542; x_wconf 82' lang='grc' dir='ltr'><strong>σοφίᾳ</strong></span> <span class='ocrx_word' id='word_1_692' title='bbox 2879 4467 3401 4542; x_wconf 85' lang='grc' dir='ltr'><strong>μεγαλοφρονοῦσιν,</strong></span> <span class='ocrx_word' id='word_1_693' title='bbox 3457 4467 3557 4520; x_wconf 85' lang='grc' dir='ltr'><strong>οὐκ</strong></span> 
     </span>
    </p>
   </div>
   <div class='ocr_carea' id='block_1_103' title="bbox 1974 4551 3556 4636">
    <p class='ocr_par' dir='ltr' id='par_1_103' title="bbox 1974 4551 3556 4636">
     <span class='ocr_line' id='line_1_103' title="bbox 1974 4551 3556 4636; baseline -0.005 -18"><span class='ocrx_word' id='word_1_694' title='bbox 1974 4565 2188 4636; x_wconf 76' lang='grc' dir='ltr'><strong>ἔχοντες</strong></span> <span class='ocrx_word' id='word_1_695' title='bbox 2223 4565 2321 4635; x_wconf 81' lang='grc' dir='ltr'><strong>τὴν</strong></span> <span class='ocrx_word' id='word_1_696' title='bbox 2372 4563 2639 4634; x_wconf 84' lang='grc' dir='ltr'><strong>κεφαλὴν,</strong></span> <span class='ocrx_word' id='word_1_697' title='bbox 2662 4562 2720 4625; x_wconf 84' lang='grc' dir='ltr'><strong>ὃς</strong></span> <span class='ocrx_word' id='word_1_698' title='bbox 2750 4563 2934 4615; x_wconf 85' lang='grc' dir='ltr'><strong>ἐστινὸ</strong></span> <span class='ocrx_word' id='word_1_699' title='bbox 2951 4559 3207 4631; x_wconf 84' lang='grc' dir='ltr'><strong>Χριστὸς,</strong></span> <span class='ocrx_word' id='word_1_700' title='bbox 3234 4558 3294 4624; x_wconf 79' lang='grc' dir='ltr'><strong>ἐξ</strong></span> <span class='ocrx_word' id='word_1_701' title='bbox 3314 4551 3377 4610; x_wconf 74' lang='grc' dir='ltr'><strong>οὗ</strong></span> <span class='ocrx_word' id='word_1_702' title='bbox 3413 4556 3556 4611; x_wconf 74' lang='grc' dir='ltr'><strong>ἅπαν</strong></span> 
     </span>
    </p>
   </div>
   <div class='ocr_carea' id='block_1_104' title="bbox 1969 4649 3557 4729">
    <p class='ocr_par' dir='ltr' id='par_1_104' title="bbox 1969 4649 3557 4729">
     <span class='ocr_line' id='line_1_104' title="bbox 1969 4649 3557 4729; baseline -0.007 -18"><span class='ocrx_word' id='word_1_703' title='bbox 1969 4657 2070 4729; x_wconf 83' lang='grc' dir='ltr'><strong>τῆς</strong></span> <span class='ocrx_word' id='word_1_704' title='bbox 2098 4656 2424 4725; x_wconf 83' lang='grc' dir='ltr'><strong>Ἐκκλησίας</strong></span> <span class='ocrx_word' id='word_1_705' title='bbox 2449 4655 2510 4708; x_wconf 82' lang='grc' dir='ltr'><strong>τὸ</strong></span> <span class='ocrx_word' id='word_1_706' title='bbox 2527 4655 2686 4724; x_wconf 87' lang='grc' dir='ltr'><strong>σῶμα</strong></span> <span class='ocrx_word' id='word_1_707' title='bbox 2703 4653 2794 4706; x_wconf 76' lang='grc' dir='ltr'><strong>διὰ</strong></span> <span class='ocrx_word' id='word_1_708' title='bbox 2817 4651 2925 4705; x_wconf 88' lang='grc' dir='ltr'><strong>τῶν</strong></span> <span class='ocrx_word' id='word_1_709' title='bbox 2948 4649 3100 4721; x_wconf 83' lang='grc' dir='ltr'><strong>ἁφῶν</strong></span> <span class='ocrx_word' id='word_1_710' title='bbox 3133 4649 3224 4704; x_wconf 79' lang='grc' dir='ltr'><strong>καὶ</strong></span> <span class='ocrx_word' id='word_1_711' title='bbox 3249 4649 3557 4720; x_wconf 84' lang='grc' dir='ltr'><strong>συνδέσμων</strong></span> 
     </span>
    </p>
   </div>
   <div class='ocr_carea' id='block_1_105' title="bbox 1978 4741 3556 4818">
    <p class='ocr_par' dir='ltr' id='par_1_105' title="bbox 1978 4741 3556 4818">
     <span class='ocr_line' id='line_1_105' title="bbox 1978 4741 3556 4818; baseline -0.004 -17"><span class='ocrx_word' id='word_1_712' title='bbox 1978 4747 2127 4815; x_wconf 62' lang='lat' dir='ltr'><strong>abest</strong></span> <span class='ocrx_word' id='word_1_713' title='bbox 2158 4748 2255 4818; x_wconf 81' lang='grc' dir='ltr'><strong>τὴν</strong></span> <span class='ocrx_word' id='word_1_714' title='bbox 2278 4746 2528 4816; x_wconf 77' lang='grc' dir='ltr'><strong>αὔξησιν,</strong></span> <span class='ocrx_word' id='word_1_715' title='bbox 2553 4746 2621 4816; x_wconf 77' lang='grc' dir='ltr'><strong>ἦν</strong></span> <span class='ocrx_word' id='word_1_716' title='bbox 2648 4743 2785 4816; x_wconf 84' lang='grc' dir='ltr'><strong>αύτῇ</strong></span> <span class='ocrx_word' id='word_1_717' title='bbox 2829 4743 3063 4797; x_wconf 83' lang='grc' dir='ltr'><strong>δέδωκεν</strong></span> <span class='ocrx_word' id='word_1_718' title='bbox 3099 4743 3126 4796; x_wconf 89' lang='grc' dir='ltr'><strong>ὁ</strong></span> <span class='ocrx_word' id='word_1_719' title='bbox 3160 4741 3294 4806; x_wconf 83' lang='grc' dir='ltr'><strong>Θεὸς</strong></span> <span class='ocrx_word' id='word_1_720' title='bbox 3326 4741 3556 4806; x_wconf 78' lang='grc' dir='ltr'><strong>αὐξάνε-</strong></span> 
     </span>
    </p>
   </div>
   <div class='ocr_carea' id='block_1_106' title="bbox 1978 4832 3558 4909">
    <p class='ocr_par' dir='ltr' id='par_1_106' title="bbox 1978 4832 3558 4909">
     <span class='ocr_line' id='line_1_106' title="bbox 1978 4832 3558 4909; baseline -0.006 -15"><span class='ocrx_word' id='word_1_721' title='bbox 1978 4841 2125 4896; x_wconf 90' lang='grc' dir='ltr'><strong>σθαι.</strong></span> <span class='ocrx_word' id='word_1_722' title='bbox 2159 4839 2448 4909; x_wconf 71' lang='grc' dir='ltr'><strong>Συναςρὰς</strong></span> <span class='ocrx_word' id='word_1_723' title='bbox 2476 4840 2533 4893; x_wconf 82' lang='grc' dir='ltr'><strong>δὲ</strong></span> <span class='ocrx_word' id='word_1_724' title='bbox 2570 4839 2665 4892; x_wconf 73' lang='grc' dir='ltr'><strong>καὶ</strong></span> <span class='ocrx_word' id='word_1_725' title='bbox 2701 4835 3091 4905; x_wconf 82' lang='grc' dir='ltr'><strong>συνδέσμους</strong></span> <span class='ocrx_word' id='word_1_726' title='bbox 3156 4833 3286 4899; x_wconf 79' lang='grc' dir='ltr'><strong>τοὺς</strong></span> <span class='ocrx_word' id='word_1_727' title='bbox 3336 4833 3428 4887; x_wconf 78' lang='grc' dir='ltr'><strong>τὸν</strong></span> <span class='ocrx_word' id='word_1_728' title='bbox 3471 4832 3558 4886; x_wconf 88' lang='grc' dir='ltr'><strong>λό-</strong></span> 
     </span>
    </p>
   </div>
   <div class='ocr_carea' id='block_1_107' title="bbox 1977 4925 3560 5004">
    <p class='ocr_par' dir='ltr' id='par_1_107' title="bbox 1977 4925 3560 5004">
     <span class='ocr_line' id='line_1_107' title="bbox 1977 4925 3560 5004; baseline -0.005 -18"><span class='ocrx_word' id='word_1_729' title='bbox 1977 4949 2076 5002; x_wconf 89' lang='grc' dir='ltr'><strong>γον</strong></span> <span class='ocrx_word' id='word_1_730' title='bbox 2113 4935 2178 5004; x_wconf 84' lang='grc' dir='ltr'><strong>τῇ</strong></span> <span class='ocrx_word' id='word_1_731' title='bbox 2228 4932 2532 5003; x_wconf 75' lang='grc' dir='ltr'><strong>Ἐκκλησία</strong></span> <span class='ocrx_word' id='word_1_732' title='bbox 2578 4929 2958 5002; x_wconf 84' lang='grc' dir='ltr'><strong>κηρύττοντας</strong></span> <span class='ocrx_word' id='word_1_733' title='bbox 3013 4927 3184 4994; x_wconf 88' lang='grc' dir='ltr'><strong>λέγει.</strong></span> <span class='ocrx_word' id='word_1_734' title='bbox 3245 4925 3322 4978; x_wconf 81' lang='grc' dir='ltr'><strong>Δι’</strong></span> <span class='ocrx_word' id='word_1_735' title='bbox 3377 4925 3560 4978; x_wconf 84' lang='grc' dir='ltr'><strong>αὐτῶν</strong></span> 
     </span>
    </p>
   </div>
   <div class='ocr_carea' id='block_1_108' title="bbox 1977 5017 3562 5095">
    <p class='ocr_par' dir='ltr' id='par_1_108' title="bbox 1977 5017 3562 5095">
     <span class='ocr_line' id='line_1_108' title="bbox 1977 5017 3562 5095; baseline -0.003 -18"><span class='ocrx_word' id='word_1_736' title='bbox 1977 5025 2088 5095; x_wconf 83' lang='grc' dir='ltr'><strong>γὰρ</strong></span> <span class='ocrx_word' id='word_1_737' title='bbox 2111 5024 2505 5094; x_wconf 76' lang='grc' dir='ltr'><strong>συνάπτεταιὴ</strong></span> <span class='ocrx_word' id='word_1_738' title='bbox 2549 5021 2849 5092; x_wconf 82' lang='grc' dir='ltr'><strong>Ἐκκλησία</strong></span> <span class='ocrx_word' id='word_1_739' title='bbox 2879 5018 3130 5091; x_wconf 83' lang='grc' dir='ltr'><strong>Χριστῷ,</strong></span> <span class='ocrx_word' id='word_1_740' title='bbox 3185 5019 3285 5072; x_wconf 78' lang='grc' dir='ltr'><strong>καὶ</strong></span> <span class='ocrx_word' id='word_1_741' title='bbox 3326 5017 3426 5089; x_wconf 82' lang='grc' dir='ltr'><strong>τὴν</strong></span> <span class='ocrx_word' id='word_1_742' title='bbox 3462 5035 3562 5072; x_wconf 82' lang='grc' dir='ltr'><strong>κα-</strong></span> 
     </span>
    </p>
   </div>
   <div class='ocr_carea' id='block_1_109' title="bbox 1977 5116 2805 5188">
    <p class='ocr_par' dir='ltr' id='par_1_109' title="bbox 1977 5116 2805 5188">
     <span class='ocr_line' id='line_1_109' title="bbox 1977 5116 2805 5188; baseline -0.002 -19"><span class='ocrx_word' id='word_1_743' title='bbox 1977 5116 2076 5188; x_wconf 87' lang='grc' dir='ltr'><strong>λὴν</strong></span> <span class='ocrx_word' id='word_1_744' title='bbox 2099 5117 2387 5188; x_wconf 82' lang='grc' dir='ltr'><strong>οἰκοδομὴν</strong></span> <span class='ocrx_word' id='word_1_745' title='bbox 2416 5117 2805 5187; x_wconf 76' lang='grc' dir='ltr'><strong>οἰκοδομεῖται.</strong></span> 
     </span>
    </p>
   </div>
   <div class='ocr_carea' id='block_1_110' title="bbox 2053 5203 3559 5278">
    <p class='ocr_par' dir='ltr' id='par_1_110' title="bbox 2053 5203 3559 5278">
     <span class='ocr_line' id='line_1_110' title="bbox 2053 5203 3559 5278; baseline -0.003 -17"><span class='ocrx_word' id='word_1_746' title='bbox 2053 5227 2072 5261; x_wconf 83' lang='grc' dir='ltr'><strong>ι</strong></span> <span class='ocrx_word' id='word_1_747' title='bbox 2111 5209 2175 5264; x_wconf 86' lang='grc' dir='ltr'><strong>Εἰ</strong></span> <span class='ocrx_word' id='word_1_748' title='bbox 2207 5208 2511 5263; x_wconf 82' lang='grc' dir='ltr'><strong>ἀπεθάνετε</strong></span> <span class='ocrx_word' id='word_1_749' title='bbox 2552 5208 2652 5260; x_wconf 82' lang='grc' dir='ltr'><strong>σὺν</strong></span> <span class='ocrx_word' id='word_1_750' title='bbox 2681 5204 2906 5278; x_wconf 82' lang='grc' dir='ltr'><strong>Χριστῷ</strong></span> <span class='ocrx_word' id='word_1_751' title='bbox 2947 5203 3072 5272; x_wconf 38' lang='grc' dir='ltr'><strong>,ἀπὸ</strong></span> <span class='ocrx_word' id='word_1_752' title='bbox 3116 5203 3224 5257; x_wconf 89' lang='grc' dir='ltr'><strong>τῶν</strong></span> <span class='ocrx_word' id='word_1_753' title='bbox 3275 5203 3559 5275; x_wconf 85' lang='grc' dir='ltr'><strong>στοιχείων</strong></span> 
     </span>
    </p>
   </div>
   <div class='ocr_carea' id='block_1_111' title="bbox 1976 5295 3556 5371">
    <p class='ocr_par' dir='ltr' id='par_1_111' title="bbox 1976 5295 3556 5371">
     <span class='ocr_line' id='line_1_111' title="bbox 1976 5295 3556 5371; baseline -0.004 -17"><span class='ocrx_word' id='word_1_754' title='bbox 1976 5301 2073 5356; x_wconf 81' lang='grc' dir='ltr'><strong>τοῦ</strong></span> <span class='ocrx_word' id='word_1_755' title='bbox 2093 5301 2327 5371; x_wconf 86' lang='grc' dir='ltr'><strong>κόσμου,</strong></span> <span class='ocrx_word' id='word_1_756' title='bbox 2357 5303 2410 5356; x_wconf 84' lang='grc' dir='ltr'><strong>τί</strong></span> <span class='ocrx_word' id='word_1_757' title='bbox 2444 5301 2520 5366; x_wconf 85' lang='grc' dir='ltr'><strong>ὡς</strong></span> <span class='ocrx_word' id='word_1_758' title='bbox 2551 5299 2751 5366; x_wconf 78' lang='grc' dir='ltr'><strong>ζῶντες</strong></span> <span class='ocrx_word' id='word_1_759' title='bbox 2777 5300 2835 5352; x_wconf 89' lang='grc' dir='ltr'><strong>ἐν</strong></span> <span class='ocrx_word' id='word_1_760' title='bbox 2871 5295 3063 5366; x_wconf 84' lang='grc' dir='ltr'><strong>κόσμῳ</strong></span> <span class='ocrx_word' id='word_1_761' title='bbox 3123 5295 3556 5366; x_wconf 74' lang='grc' dir='ltr'><strong>δογματίζεσθες</strong></span> 
     </span>
    </p>
   </div>
   <div class='ocr_carea' id='block_1_112' title="bbox 1981 5386 3558 5465">
    <p class='ocr_par' dir='ltr' id='par_1_112' title="bbox 1981 5386 3558 5465">
     <span class='ocr_line' id='line_1_112' title="bbox 1981 5386 3558 5465; baseline -0.004 -17"><span class='ocrx_word' id='word_1_762' title='bbox 1981 5394 2057 5465; x_wconf 81' lang='grc' dir='ltr'><strong>μὴ</strong></span> <span class='ocrx_word' id='word_1_763' title='bbox 2089 5393 2225 5464; x_wconf 72' lang='grc' dir='ltr'><strong>ἅψῃ,</strong></span> <span class='ocrx_word' id='word_1_764' title='bbox 2282 5393 2419 5465; x_wconf 84' lang='grc' dir='ltr'><strong>μηδὲ</strong></span> <span class='ocrx_word' id='word_1_765' title='bbox 2468 5392 2665 5464; x_wconf 83' lang='grc' dir='ltr'><strong>γεύσῃ,</strong></span> <span class='ocrx_word' id='word_1_766' title='bbox 2723 5388 2860 5462; x_wconf 80' lang='grc' dir='ltr'><strong>μηδὲ</strong></span> <span class='ocrx_word' id='word_1_767' title='bbox 2913 5386 3111 5462; x_wconf 89' lang='grc' dir='ltr'><strong>θίγῃς·</strong></span> <span class='ocrx_word' id='word_1_768' title='bbox 3142 5387 3180 5443; x_wconf 76' lang='grc' dir='ltr'><strong>ὅ.</strong></span> <span class='ocrx_word' id='word_1_769' title='bbox 3209 5388 3326 5442; x_wconf 88' lang='grc' dir='ltr'><strong>ἐστι</strong></span> <span class='ocrx_word' id='word_1_770' title='bbox 3379 5388 3558 5444; x_wconf 77' lang='grc' dir='ltr'><strong>πάντα</strong></span> 
     </span>
    </p>
   </div>
   <div class='ocr_carea' id='block_1_113' title="bbox 1980 5486 2793 5560">
    <p class='ocr_par' dir='ltr' id='par_1_113' title="bbox 1980 5486 2793 5560">
     <span class='ocr_line' id='line_1_113' title="bbox 1980 5486 2793 5560; baseline -0.001 -20"><span class='ocrx_word' id='word_1_771' title='bbox 1980 5488 2060 5550; x_wconf 86' lang='grc' dir='ltr'><strong>είς</strong></span> <span class='ocrx_word' id='word_1_772' title='bbox 2086 5486 2292 5557; x_wconf 85' lang='grc' dir='ltr'><strong>φθορὰν</strong></span> <span class='ocrx_word' id='word_1_773' title='bbox 2319 5489 2386 5560; x_wconf 79' lang='grc' dir='ltr'><strong>τῇ</strong></span> <span class='ocrx_word' id='word_1_774' title='bbox 2409 5486 2734 5558; x_wconf 70' lang='grc' dir='ltr'><strong>ἀποχρήσει.</strong></span> <span class='ocrx_word' id='word_1_775' title='bbox 2777 5504 2793 5538; x_wconf 77' lang='grc' dir='ltr'><strong>ι</strong></span> 
     </span>
    </p>
   </div>
   <div class='ocr_carea' id='block_1_114' title="bbox 1576 5663 2249 5722">
    <p class='ocr_par' dir='ltr' id='par_1_114' title="bbox 1576 5663 2249 5722">
     <span class='ocr_line' id='line_1_114' title="bbox 1576 5663 2249 5722; baseline 0.004 -3"><span class='ocrx_word' id='word_1_776' title='bbox 1576 5663 1812 5720; x_wconf 71' lang='lat' dir='ltr'><strong>VARUE</strong></span> <span class='ocrx_word' id='word_1_777' title='bbox 1849 5663 2143 5720; x_wconf 80' lang='lat' dir='ltr'><strong>LECTION</strong></span> <span class='ocrx_word' id='word_1_778' title='bbox 2150 5664 2249 5722; x_wconf 85' lang='lat' dir='ltr'><strong>ES.</strong></span> 
     </span>
    </p>
   </div>
   <div class='ocr_carea' id='block_1_115' title="bbox 349 5752 2104 5852">
    <p class='ocr_par' dir='ltr' id='par_1_115' title="bbox 349 5752 2104 5852">
     <span class='ocr_line' id='line_1_115' title="bbox 349 5752 2104 5852; baseline 0 -42"><span class='ocrx_word' id='word_1_779' title='bbox 349 5839 362 5852; x_wconf 32' lang='lat' dir='ltr'><strong><em>O</em></strong></span> <span class='ocrx_word' id='word_1_780' title='bbox 392 5764 430 5789; x_wconf 83' lang='grc' dir='ltr'><strong>ι·</strong></span> <span class='ocrx_word' id='word_1_781' title='bbox 464 5752 714 5828; x_wconf 79' lang='lat' dir='ltr'><strong>Spatium</strong></span> <span class='ocrx_word' id='word_1_782' title='bbox 742 5767 971 5812; x_wconf 88' lang='lat' dir='ltr'><strong>vacuum</strong></span> <span class='ocrx_word' id='word_1_783' title='bbox 999 5761 1084 5813; x_wconf 87' lang='lat' dir='ltr'><strong>est</strong></span> <span class='ocrx_word' id='word_1_784' title='bbox 1107 5753 1166 5810; x_wconf 89' lang='lat' dir='ltr'><strong>in</strong></span> <span class='ocrx_word' id='word_1_785' title='bbox 1193 5767 1347 5821; x_wconf 70' lang='lat' dir='ltr'><strong>mss;</strong></span> <span class='ocrx_word' id='word_1_786' title='bbox 1376 5755 1496 5828; x_wconf 80' lang='lat' dir='ltr'><strong>lego</strong></span> <span class='ocrx_word' id='word_1_787' title='bbox 1530 5765 1711 5812; x_wconf 88' lang='lat' dir='ltr'><strong>autem</strong></span> <span class='ocrx_word' id='word_1_788' title='bbox 1739 5755 2104 5830; x_wconf 75' lang='grc' dir='ltr'><strong>καθαρότητα.</strong></span> 
     </span>
    </p>
   </div>
  </div>
