4048 6388
524 359 622 424 897

1583 357 1665 420 ΙΝ
1697 355 1934 418 EPIST.
1976 353 2076 414 AD
2116 353 2654 418 COLOSSENSES.

3686 370 3792 432 898

592 468 656 524 El
692 470 1033 542 ὲνεκρὼοητε
1083 471 1278 542 ταύτῃ,
1314 470 1470 541 φησὶ,
1504 473 1571 542 τῇ
1602 472 1738 542 ζωῇ,
1795 471 1892 525 καὶ
1940 469 2099 523 παντὶ

2284 468 2341 522 Si
2399 471 2708 525 mortiﬁcati
2739 472 2895 536 estis,
2933 472 3132 543 inquit,
3192 475 3320 530 huic
3371 477 3518 543 vitm,
3552 489 3606 534 et
3640 484 3789 538 omni

517 563 782 634 δρωμένῳ
824 564 918 616 καὶ
971 563 1242 635 σαρκικῷ.
1303 563 1407 616 Τὸν
1437 565 1546 635 γὰρ
1593 565 1836 634 παρόντα
1868 563 1982 634 βίον
2011 562 2100 616 διὰ

517 653 636 707 τῶν
672 654 990 722 στοιχείων
1016 654 1298 724 σημαίνει.
1326 653 1391 708 Et
1417 653 1721 708 ἀπεθάνετε
1778 652 1893 720 οὖν,
1942 653 2098 722 φησι,

515 744 595 813 τῷ
625 744 782 797 αἰῶνι
839 744 1037 814 τούτῳ,
1064 743 1116 797 τί
1149 744 1313 798 πάλιν
1371 744 1503 816 περὶ
1561 744 1725 798 αὐτὸν
1772 741 2098 814 στρέφεσθε,

517 836 645 906 περὶ
699 834 989 908 βρώματα,
1023 836 1116 890 καὶ
1146 835 1217 890 τὰ
1245 836 1471 890 τοιαῦτα
1520 836 1914 907 στρεφόμενοι;
1970 835 2102 888 ταῦ-

515 945 582 980 τα
611 929 742 1000 γὰρ,
766 928 922 998 φησὶ,
974 928 1178 1000 γαστρὶ
1235 929 1472 995 δέδοται,
1508 929 1605 985 καὶ
1650 930 1732 992 εἰς
1756 927 1964 1000 φθορὰν
1989 946 2099 1000 χω-

517 1037 622 1089 ρει.

593 1131 611 1162 ι
651 1111 807 1166 Κατά
837 1111 908 1166 τὰ
943 1112 1260 1184 ἐντάλματα
1307 1113 1404 1168 καὶ
1458 1112 1811 1177 διδασκαλίας
1858 1113 1969 1167 τῶν
2007 1115 2099 1168 ἀν-

515 1202 751 1274 θρὼπων
786 1221 800 1235 °
823 1204 984 1260 ἀτινά
1013 1207 1132 1260 ἐστι
1190 1205 1348 1274 λόγον
1405 1206 1505 1276 μὲν
1558 1205 1752 1276 ἔχοντα
1793 1207 2008 1274 σοφίας,
2040 1207 2100 1259 ὲν

516 1290 969 1364 ὲθελοθρησκείᾳ,
1017 1294 1114 1347 καὶ
1165 1297 1664 1367 ταπεινοφροσύνῃ,
1725 1296 1823 1349 καὶ
1877 1297 2101 1366 ἀφειδίᾳ

517 1383 788 1452 σώματος,
835 1384 938 1437 οὐκ
972 1384 1031 1439 ἐν
1055 1387 1186 1456 τιμῇ
1251 1403 1381 1454 τινι,
1441 1387 1577 1458 πρὸς
1629 1388 1946 1459 πλησμονὴν
1999 1389 2100 1458 τῆς

518 1476 737 1548 σαρκός.
770 1495 789 1529 ι

599 1569 878 1636 Ἐντολὰς
897 1569 1248 1639 ἀνθρώπων,
1308 1572 1408 1636 τάς
1461 1571 1698 1643 μυθικὰς
1744 1573 2100 1637 διδασκαλίας

513 1658 622 1712 τῶν
668 1659 943 1714 Ἰουδαίων
987 1659 1165 1728 λέγει,
1196 1660 1229 1730 ἥ
1254 1660 1349 1714 καὶ
1367 1660 1583 1725 ἐντολὰς
1614 1663 1881 1732 σαρκικάς
1931 1663 2101 1726 αὑτὰς

513 1749 711 1818 λέγει,
747 1751 918 1822 μηδὲν
974 1751 1208 1822 ἐχούσας
1257 1754 1648 1824 πνευματικόν.
1677 1755 1850 1808 Τοῦτο
1879 1755 1988 1826 γὰρ
2009 1755 2102 1822 δη-

2203 562 2350 630 quod
2416 561 2633 619 visibile
2668 571 2722 617 et
2769 564 2994 619 carnale
3042 577 3152 622 est.
3195 567 3532 624 Praesentem
3585 574 3791 644 quippe

2201 652 2390 717 vitam,
2447 652 2708 708 elementa
2773 655 3011 712 dicendo
3069 658 3367 728 signiﬁcat.
3403 660 3458 715 Si
3491 678 3624 733 ergo
3661 665 3790 720 huic

2202 744 2403 798 saeculo
2451 746 2652 800 mortui
2707 748 2864 812 estis,
2902 748 3102 818 inquit,
3139 766 3239 805 cur
3286 768 3419 824 ergo
3466 756 3618 809 circa
3654 758 3787 810 illud

2199 836 2499 890 versamini
2557 837 2780 902 iterum,
2831 842 2982 894 circa
3021 855 3202 906 escas,
3251 854 3301 899 et
3331 847 3438 900 alia
3480 850 3789 920 ejusmodi?

2203 925 2394 982 iethazc
2434 927 2582 982 enim
2624 927 2751 982 data
2794 938 2927 985 sunt
2967 931 3173 998 ventri,
3204 933 3343 988 etin
3375 939 3788 1008 corruptionem

2201 1016 2423 1072 abeunt.

2277 1128 2297 1159 ι
2336 1109 2652 1167 Secundum
2714 1120 2990 1184 praecepta
3027 1123 3082 1170 et
3121 1116 3409 1175 doctrinas
3445 1119 3729 1178 hominum
3771 1145 3783 1180 :

2204 1197 2404 1270 [νειιε.
2429 1199 2525 1271 εδ]
2555 1218 2675 1270 quae
2703 1212 2832 1259 sunt
2874 1207 3143 1260 rationem
3191 1207 3450 1264 habentia
3483 1213 3787 1282 sapientiae,

2201 1291 2255 1345 in
2285 1294 2681 1361 superstitione
2709 1306 2764 1349 et
2787 1295 3122 1364 humilitate,
3147 1309 3195 1352 et
3225 1299 3292 1352 ad
3320 1315 3427 1354 non
3450 1306 3787 1370 parcendum

2200 1383 2446 1452 corpori,
2484 1400 2593 1440 non
2631 1388 2684 1441 in
2720 1387 2933 1443 honore
2956 1389 3164 1459 aliquo,
3200 1389 3267 1444 ad
3287 1391 3637 1448 saturitatem
3663 1410 3791 1450 car-

2201 1476 2308 1530 nis.
2356 1494 2375 1527 ›

2273 1566 2552 1636 Pra'cepta
2581 1569 2876 1636 hominum,
2912 1570 3194 1628 fabulares
3227 1570 3546 1630 Judaaorum
3571 1577 3785 1632 doctri-

2203 1674 2302 1715 nas
2337 1671 2517 1722 vocat.
2565 1678 2706 1731 quas
2753 1663 2982 1732 perinde
3014 1665 3272 1719 mandata
3302 1667 3490 1726 carnis
3524 1671 3787 1739 appellat,

2209 1758 2264 1804 ut
2302 1765 2424 1819 qum
2464 1752 2599 1805 nihil
2640 1754 2872 1822 spiritus
2909 1755 3168 1812 habeant.
3210 1757 3324 1814 lloc
3372 1776 3541 1830 porro
3573 1764 3787 1832 signiﬁ-

513 1841 595 1895 λοῖ
632 1842 692 1896 τὺ
713 1883 729 1908 ,
773 1821 846 1896 οὗ
898 1843 1051 1922 κατᾲ
1103 1844 1253 1899 Θεόν
1269 1853 1320 1901 ³³.
1374 1821 1679 1914 Ἀφειδίαν
1707 1845 1777 1899 δὲ
1803 1821 2099 1917 σώματος,

2210 1849 2299 1894 cat
2329 1842 2459 1896 dum
2486 1843 2583 1907 ait,
2620 1860 2725 1898 non
2752 1847 3040 1902 secundum
3069 1849 3262 1905 Deum.
3297 1851 3544 1910 Dicendo
3575 1866 3786 1922 autem,

513 1932 612 2004 τὴν
644 1932 952 2005 περιτομὴν
985 1911 1162 2003 λέγει.

1142 2115 1404 2176 ΚΕΦΔΛ.
1431 2117 1509 2173 Γ’.

588 2223 607 2256 ι
645 2205 710 2259 Et
778 2207 1156 2280 συνηγέρθητε
1185 2209 1264 2279 τῷ
1306 2208 1565 2281 Χριστῷ,
1595 2210 1664 2264 τὰ
1688 2209 1803 2264 ἄνω
1861 2210 2100 2281 ζητεῖτε,

514 2291 579 2352 οὗ
632 2299 662 2350 ὁ
693 2299 930 2370 Χριστός
980 2303 1129 2355 ἐστιν
1159 2303 1219 2356 ὲν
1247 2301 1397 2372 δεξιᾷ
1434 2303 1528 2356 τοῦ
1588 2302 1724 2356 Θεοῦ
1771 2303 2098 2374 καθήμενος,

511 2390 580 2445 τὰ
612 2390 725 2445 ἄνω
781 2395 1056 2462 φρονεῖτε,
1086 2393 1163 2465 μὴ
1195 2395 1265 2449 τά
1293 2395 1389 2448 ὲπὶ
1447 2395 1549 2465 τῆς
1604 2395 1728 2464 γῆς.
1773 2395 2100 2451 Ἀπεθάνετε

510 2484 619 2554 γὰρ
645 2523 660 2550 ,
721 2485 816 2539 καὶ
845 2487 879 2556 ἡ
914 2484 1028 2556 ζωὴ
1073 2487 1228 2557 ὑμῶν
1277 2489 1588 2558 κέκρυπται
1649 2489 1745 2543 σὺν
1769 2488 1849 2560 τῷ
1876 2491 2100 2562 Χριστῷ

510 2578 567 2630 ὲν
587 2577 665 2648 τῷ
686 2576 827 2647 Θεῷ.
869 2578 1038 2632 Ὅταν
1069 2583 1096 2633 ὁ
1120 2579 1357 2650 Χριστὸς
1386 2581 1676 2653 φανερωθῇ
1706 2584 1740 2653 ἡ
1771 2581 1884 2652 ζωὴ
1921 2582 2094 2652 ὑμῶν,

509 2667 629 2722 τότε
663 2669 759 2722 καὶ
794 2669 953 2739 ὑμεῖς
991 2671 1088 2725 σὺν
1115 2671 1264 2742 αὐτῷ
1319 2673 1778 2745 φανερωθήσεσθε
1811 2677 1870 2730 ὲν
1903 2671 2086 2746 δόξῃ.)

591 2847 747 2900 Ἐπεὶ
768 2842 881 2914 οὖν,
918 2849 1104 2920 φησὶν,
1130 2851 1212 2914 εἰς
1250 2850 1444 2922 ἑτέραν
1496 2852 1643 2924 ζωὴν
1697 2853 1960 2925 ἀνέστητε
2000 2854 2098 2927 τὴν

509 2938 761 3010 οὐράνιον
789 2978 806 3003 ,
864 2939 974 2994 τῶν
1047 2943 1190 2996 κατά
1237 2943 1342 3014 γῆν
1395 2945 1656 2998 ἁπάντων
1702 2946 2098 3017 δικαιωμάτων

508 3029 622 3084 ἄνω
655 3029 895 3098 γίνεσθε.
935 3030 1009 3086 Οὐ
1043 3032 1155 3103 γὰρ
1207 3033 1454 3101 δυνατὸν,
1506 3035 1744 3106 ἀλλαχοῦ
1809 3039 1910 3108 μὲν
1951 3039 2098 3109 ἔχειν

507 3118 606 3189 τὴν
633 3119 800 3191 ζωὴν,
830 3122 930 3191 τῆς
949 3120 1006 3174 δὲ
1045 3123 1276 3195 ἑτέρωθι
1336 3126 1599 3198 κειμένης
1650 3128 1798 3198 ἔχειν
1827 3130 1898 3182 τὰ
1927 3147 2092 3199 νομο-

507 3186 830 3281 θετήματαο
868 3186 1005 3290 ἀλλά
1047 3186 1289 3284 ἀργείτω
1339 3186 1441 3287 μὲν
1480 3186 1724 3288 τά”περὶ
1785 3221 1968 3291 σῶμα,
1991 3186 2092 3285 ιὼς
2120 3186 2167 3249 c

506 3298 851 3370 τεθνηκότων
880 3301 1060 3372 ήμῷν,
1097 3304 1430 3375 ὲνεργείσθω
1468 3305 1526 3358 δὲ
1550 3306 1619 3359 τὰ
1637 3306 1924 3378 πνεύματα
1957 3307 2093 3362 καθὸ

511 3387 669 3460 ζῆτε,
697 3391 794 3444 καὶ
823 3392 1144 3463 ἀναμενέτω
1176 3394 1238 3447 τὺ
1271 3393 1430 3464 σῶμα
1451 3395 1549 3467 τὴν
1583 3398 1676 3450 καὶ
1723 3397 1874 3469 αὑτῷ
1933 3398 2094 3470 δοθη-

508 3481 746 3552 σομένην
796 3483 963 3556 ζωὴν,
1012 3486 1234 3540 ἐπειδὰν
1265 3487 1294 3540 ὁ
1325 3487 1428 3558 τῆς
1483 3489 1630 3559 ζωῆς
1681 3491 1814 3560 ἡμῖν
1857 3491 2094 3563 χορηγὸς

507 3573 748 3646 ἐπιφανῇ
793 3577 1052 3646 Χριστὸς,
1111 3577 1252 3649 ἔχων
1296 3579 1398 3650 μὲν
1455 3581 1628 3649 αὐτὴν
1653 3585 1713 3634 ὲν
1742 3581 1819 3652 τῷ
1847 3582 1963 3653 ἰδίῳ
1985 3581 2092 3635 σώ-

509 3680 662 3736 ματι,
697 3667 1028 3737 μεταδώσων
1054 3669 1110 3723 δὲ
1137 3671 1308 3742 αὐτῆς
1337 3673 1432 3725 καὶ⁹
1457 3675 1572 3736 τοῖς
1594 3673 1889 3746 ἡμετέροις
1911 3690 1922 3703 ’
1948 3677 2095 3728 ἐπει·

506 3758 605 3813 δάν
666 3761 762 3814 καὶ
826 3759 966 3814 αὐτὰ
1021 3764 1104 3826 είς
1167 3762 1312 3834 ζωὴν
1374 3763 1715 3835 προαχθῆναι
1766 3765 1884 3836 δὲῃ,
1946 3765 2093 3837 ζωὴν

505 3850 607 3922 τὴν
637 3850 871 3918 ἔνδοξον,
902 3851 1048 3924 ζωὴν
1076 3853 1176 3925 τὴν
1213 3855 1514 3926 μακαρίαν,
1563 3856 1702 3927 πρὸς
1741 3857 1809 3928 ἣν
1845 3857 1984 3912 ίδίαν
2003 3857 2094 3913 οὓ-

507 3959 607 3996 σαν
637 3942 900 4014 Χριστοῦ,
927 3944 1022 3998 καὶ
1050 3945 1212 4016 ἡμεῖς
1234 3947 1780 4019 συσχηματιζόμεθα.

575 4133 596 4169 ι
631 4116 966 4190 Νεκρώσατε
1000 4119 1095 4176 οὖν
1130 4121 1200 4177 τὰ
1228 4121 1366 4194 μέλη
1408 4123 1564 4194 ὑμῶν
1593 4125 1662 4178 τὰ
1692 4126 1785 4179 ἐπὶ
1818 4127 1917 4198 τῆς
1963 4131 2090 4199 γῆς,

507 4206 793 4277 πορνείαν,
844 4207 1230 4282 ἀκαθαρσίαν,
1283 4211 1495 4280 πάθος,
1544 4213 1842 4286 ἐπιθυμίαν
1891 4218 2089 4290 κακὴν,

505 4299 601 4352 καὶ
619 4298 720 4370 τὴν
746 4299 1086 4368 πλεονεξίαν,
1132 4303 1255 4374 ἥτις
1296 4305 1448 4358 ἐστὶν
1481 4305 1923 4380 είδωλολατρεία,
1958 4310 2024 4363 δι’
2054 4311 2090 4365 ἃ

506 4390 726 4462 ἔρχεται
751 4394 784 4464 ή
808 4394 949 4465 ὀργὴ
979 4393 1077 4448 τοῦ
1103 4394 1241 4449 Θεοῦ
1281 4396 1376 4449 ἐπὶ
1424 4397 1554 4461 τοὺς
1611 4399 1764 4463 υἱοὺς
1791 4399 1894 4470 τῆς
1934 4403 2092 4455 ἀπει-

509 4479 662 4543 θείας
687 4496 700 4509 °
727 4483 785 4535 ἐν
815 4479 898 4546 οἷς
929 4484 1026 4537 καὶ
1083 4484 1242 4554 ὑμεῖς
1304 4487 1748 4558 περιεπατήσατέ
1803 4505 1964 4554 ποτε,
2001 4491 2089 4544 ὅτε

509 4569 674 4639 ἐζῆτε
711 4571 772 4623 έν
811 4571 996 4636 αὐτοῖς
1031 4589 1046 4607 ο
1106 4547 1228 4628 νυνὶ
1265 4573 1334 4627 δὲ*
1351 4547 1622 4629 ἀπόθεσθε
1678 4577 1774 4630 καὶ
1828 4547 1987 4650 ὑμείς
2021 4581 2090 4634 τά
2121 4547 2166 4602 D

506 4660 710 4725 πάντα,
767 4661 960 4733 ὀργὴν,
1013 4660 1208 4732 θυμὸν,
1262 4664 1486 4728 κακίαν,
1543 4664 1923 4738 βλασφημίαν,
1976 4671 2088 4722 αεσ·

507 4751 797 4820 χρολογίαν
820 4755 885 4807 ἐκ
911 4751 1006 4806 τοῦ
1053 4755 1326 4824 στόματος
1375 4755 1550 4826 ὑμῶν.
1573 4755 1666 4828 Μὴ
1714 4757 1977 4828 ψεύδεσθε
2011 4761 2090 4822 εἰς

507 4841 791 4913 ἀλλήλους.
818 4861 839 4913 ε

591 4904 657 4988 Ἦ
681 4904 778 4988 soi":
823 4904 1040 4988 θαύλου
1093 4935 1440 5008 παραίνεσις,
1483 4938 1786 5011 νεκρότητα
1822 4939 1922 5009 μὲν
1975 4942 2092 4995 εἱσ-

507 5027 740 5095 ηγεῖταιε
769 5026 906 5095 πρὸς
953 5026 1055 5096 τὴν
1110 5027 1382 5098 κοσμικὴν
1427 5026 1575 5098 ζωὴν
1623 5028 1724 5100 τὴν
1767 5031 2092 5103 παρεφθαρ-

2203 1931 2274 1984 ad
2329 1949 2433 1986 non
2487 1937 2814 2002 parcendum
2865 1943 3094 2010 corpori,
3152 1936 3637 2001 circu'mcisionem
3703 1947 3788 2001 in-

2202 2023 2342 2079 nuit.

2843 2120 2997 2177 CAP.
3029 2123 3126 2178 ΙΙΙ.

2271 2205 2437 2264 Vens.
2467 2209 2584 2265 1-4.
2625 2229 2645 2263 ι
2681 2209 2855 2282 Igitur
2909 2215 2956 2271 si
3014 2221 3452 2278 consurrexistis
3481 2239 3607 2280 cum
3629 2224 3787 2281 Chri-

2199 2305 2307 2365 sto,
2344 2315 2466 2370 quae
2507 2301 2669 2372 212
2705 2319 2927 2359 sursum
2953 2315 3085 2361 sunt
3120 2311 3370 2379 quaerite,
3399 2313 3490 2368 ubi
3519 2313 3779 2372 Christus

2199 2397 2282 2445 est
2303 2391 2357 2445 in
2387 2391 2619 2448 dextera
2644 2394 2735 2449 Dei
2765 2395 2989 2459 sedens,
3013 2415 3136 2468 quae
3163 2413 3389 2457 sursum
3423 2415 3554 2460 sunt
3579 2409 3783 2478 sapite,

2198 2496 2307 2535 non
2345 2499 2466 2552 quae
2517 2500 2687 2554 super
2716 2494 2942 2541 terram.
2979 2489 3179 2546 Mortui
3214 2496 3362 2548 enim
3394 2499 3552 2566 estis,
3579 2510 3636 2555 et
3672 2502 3784 2557 vita

2196 2583 2381 2628 vestra
2433 2577 2758 2632 abscondita
2796 2591 2882 2635 est
2929 2597 3052 2636 cum
3114 2582 3340 2642 Christo
3372 2589 3425 2643 in
3469 2589 3600 2646 Deo.
3643 2594 3780 2648 Cum

2197 2663 2453 2722 Christus
2479 2671 2820 2738 apparuerit,
2850 2673 2960 2728 vita
2989 2683 3194 2741 vestra,
3235 2687 3366 2733 tunc
3397 2689 3453 2735 et
3483 2699 3579 2739 vos
3609 2700 3782 2755 appa-

2199 2756 2393 2812 rebitis
2427 2773 2551 2812 cum
2583 2760 2706 2830 ipso
2741 2762 2795 2815 in
2819 2763 3018 2832 gloria.
3066 2784 3082 2816 ι

2259 2845 2533 2913 Quoniam
2573 2853 2639 2904 ad
2665 2851 2833 2907 vitam
2892 2856 3144 2923 alteram,
3179 2861 3464 2918 cmlestem
3496 2867 3782 2937 nimirum,

2205 2945 2624 3010 resurrexistis,
2666 2948 2984 3018 superiores
3035 2951 3347 3008 eiﬁciamini
3380 2960 3620 3015 terrenis
3662 2978 3782 3015 om-

2195 3033 2358 3086 nibus
2416 3034 2711 3091 institutis.
2765 3037 2884 3093 Non
2929 3041 3077 3095 enim
3113 3043 3226 3097 ﬁeri
3264 3057 3446 3115 potest
3488 3059 3544 3102 ut
3582 3052 3690 3106 alio
3725 3055 3780 3107 in

2196 3125 2320 3179 loco
2380 3128 2545 3181 vitam
2599 3144 2855 3198 agamus,
2890 3141 2944 3186 et
2998 3134 3121 3190 vitm
3177 3138 3408 3194 alterius
3461 3145 3781 3201 sanctiones

2198 3218 2631 3272 sectemur:sed
2690 3235 2812 3289 qua:
2869 3221 2937 3276 ad
2991 3239 3196 3295 corpus
3259 3229 3516 3297 attinent,
3558 3251 3783 3292 cessare

2202 3305 2442 3368 oportet,
2508 3314 2571 3354 ac
2601 3302 2647 3356 si
2684 3304 2887 3357 mortui
2954 3310 3196 3374 essetis;
3239 3321 3536 3379 operentur
3595 3328 3782 3372 autem

2193 3403 2316 3458 quae
2347 3399 2478 3444 sunt
2501 3389 2738 3460 Spiritus
2769 3396 3072 3450 secundum
3113 3415 3276 3468 quem
3313 3403 3520 3459 vivitis.
3559 3405 3782 3464 Interim

2195 3493 2403 3550 corpus
2435 3492 2716 3551 exspectet
2745 3486 2938 3552 vitam,
2973 3504 3096 3558 quae
3146 3490 3250 3560 ipsi
3281 3492 3526 3560 dabitur,
3557 3501 3782 3566 quando

2195 3571 2286 3627 ille
2351 3574 2446 3643 qui
2473 3574 2600 3630 vita;
2631 3584 2718 3632 est
2752 3587 2966 3643 auctor,
2997 3583 3329 3641 manifestus
3379 3586 3494 3652 ﬂet,
3517 3600 3578 3642 ut
3612 3592 3780 3647 vitam

2193 3677 2305 3732 qua
2336 3680 2498 3719 suum
2527 3681 2730 3736 corpus
2766 3669 3053 3738 praeditum
3097 3682 3200 3736 est,
3237 3678 3444 3733 nostris
3474 3680 3640 3734 etiam
3674 3683 3784 3736 ima

2193 3756 2482 3825 pertiatur,
2535 3758 2755 3828 quando
2785 3761 2978 3817 isthazc
3005 3779 3227 3835 quoque
3273 3767 3342 3821 ad
3369 3770 3541 3826 vitam
3579 3774 3782 3831 adduci

2192 3862 2422 3905 necesse
2441 3850 2567 3915 erit,
2601 3852 2668 3906 ad
2696 3853 2885 3920 vitam,
2912 3854 3156 3925 inquam,
3176 3859 3492 3930 gloriosam,
3517 3864 3584 3919 ad
3615 3868 3785 3924 vitam

2193 3941 2434 4007 felicem,
2463 3944 2578 4010 cui,
2609 3947 2870 4014 quoniam
2898 3950 3124 4019 propria
3151 3960 3238 4007 est
3263 3952 3498 4024 Christi,
3521 3973 3623 4017 nos
3639 3976 3785 4031 quo-

2196 4045 2305 4100 que
2329 4032 2538 4090 similes
2572 4034 2895 4094 evademus.

2263 4119 2430 4178 Vens.
2471 4124 2600 4205 5-9.
2655 4145 2674 4178 ι
2712 4125 3041 4186 Mortiﬁcate
3087 4147 3218 4203 ergo
3267 4139 3515 4195 membra
3575 4155 3782 4214 vestra,

2193 4213 2318 4281 quae
2358 4220 2488 4266 sunt
2535 4229 2703 4283 super
2752 4225 2999 4272 terram:
3035 4219 3486 4293 fornicationem,
3539 4213 3783 4286 immun-

2192 4305 2408 4372 ditiam,
2489 4308 2796 4376 libidinem,
2855 4314 3374 4384 concupiscentiam
3439 4322 3678 4392 malam,
3728 4335 3784 4382 ct

2194 4396 2509 4464 avaritiam,
2537 4413 2661 4469 quae
2677 4408 2762 4456 est
2794 4401 3224 4461 simulacrorum
3251 4409 3515 4478 servitus,
3553 4425 3784 4485 propter

2194 4503 2320 4558 qua:
2350 4490 2500 4544 venit
2526 4490 2609 4545 ira
2635 4490 2733 4546 Dei
2761 4493 2817 4547 in
2855 4494 3000 4550 filios
3030 4497 3456 4556 incredulitatis.
3490 4503 3548 4559 In
3577 4509 3782 4576 quibus

2195 4588 2251 4636 et
2278 4595 2378 4636 vos
2413 4582 2712 4652 aliquando
2738 4587 3064 4644 ambulastis
3090 4605 3216 4644 cum
3243 4591 3504 4650 viveretis
3545 4598 3596 4652 in
3627 4599 3736 4656 illis
3760 4615 3777 4653 :

2193 4686 2342 4726 nunc
2371 4683 2554 4728 autem
2595 4675 2858 4745 deponite
2887 4685 2942 4733 et
2973 4694 3074 4735 vos
3105 4683 3499 4752 omnia,iram,
3523 4688 3782 4761 indigna-

2195 4763 2425 4829 tionem,
2454 4766 2744 4830 malitiam,
2767 4769 3194 4841 blasphemiam,
3228 4783 3445 4846 turpem
3465 4794 3779 4842 sermonem

2195 4853 2264 4908 de
2302 4868 2400 4909 ore
2433 4862 2640 4952 vestr’o.
2664 4856 2846 4914 Nolite
2885 4863 3109 4916 mentiri
3143 4863 3405 4922 invicem.
3452 4889 3473 4923 ι

2252 4943 2381 4999 Haec
2432 4943 2751 5003 exhortatio
2804 4949 2983 5018 Pauli,
3033 4957 3328 5013 mundanae
3369 4974 3466 5015 seu
3504 4975 3784 5036 corruptae

2195 5033 2323 5089 vita:
2379 5035 2863 5108 interemptionem
2925 5042 3141 5110 suadet,
3175 5045 3229 5100 in
3269 5047 3433 5117 cujus
3457 5050 3642 5108 locum
3666 5033 3785 5111 cm-

510 5115 705 5187 μένην,
755 5116 904 5186 ζωὴν
937 5117 996 5170 δὲ
1022 5118 1146 5172 ἀντὶ
1186 5116 1392 5189 ταύτης
1446 5119 1657 5187 εἰσάγει
1704 5120 1804 5192 τὴν
1841 5123 2094 5191 οὐράνιον

2202 5127 2392 5182 testem
2443 5136 2499 5183 et
2545 5129 2893 5199 spiritualem
2940 5133 3108 5190 vitam
3141 5115 3391 5209 subjicit.
3434 5141 3514 5198 Ac
3534 5147 3785 5204 membra
3849 5143 3856 5156 ί

506 5207 605 5259 καὶ
634 5209 1016 5280 πνευματικήν
1037 5225 1051 5240 ·
1095 5210 1191 5264 καὶ
1221 5211 1498 5280 νεκρῶσαι
1520 5210 1621 5280 μὲν
1641 5212 1711 5265 τά
1743 5212 1880 5282 μέλη
1924 5230 2096 5285 προσ-

2202 5216 2449 5288 quidem,
2479 5234 2602 5288 quae
2634 5229 2768 5276 sunt
2794 5237 2964 5293 super
2987 5233 3221 5294 terram,
3247 5207 3407 5300 jubet
3433 5237 3783 5308 mortiﬁcari,

505 5295 693 5349 τάττει
740 5298 808 5350 τά
840 5298 933 5350 ἐπὶ
996 5298 1096 5369 τῆς
1130 5297 1236 5368 γῆς
1258 5339 1274 5363 ,
1304 5298 1382 5362 ὡς
1408 5297 1586 5370 ἂν,τῷ
1615 5299 1887 5370 πνεύματι
1935 5301 2093 5372 ἡμῶν

2203 5319 2266 5365 ιιι
2296 5318 2483 5366 tamen
2515 5314 2736 5384 spiritui
2787 5324 2982 5373 nostro
3013 5295 3262 5391 supersit
3286 5325 3398 5380 vita
3435 5341 3558 5399 qua:
3585 5295 3785 5390 secun:

507 5385 656 5458 ζωὴν
689 5387 1008 5443 καταλιπὼν
1040 5391 1183 5445 κατά
1209 5390 1309 5461 τὴν
1334 5392 1391 5444 ὲν
1415 5391 1561 5461 ἁγίῳ
1610 5391 1890 5462 Πνεύματι
1936 5394 2092 5447 πολι-

2204 5403 2346 5458 dum'
2375 5401 2645 5474 Spiritum
2697 5416 2953 5463 sanctum
3016 5385 3364 5472 instituatur.
3397 5385 3784 5480 Necessariam

507 5479 680 5545 retur,
717 5481 1025 5550 ἀναγκαίαν
1048 5481 1220 5554 δὲτὴν
1277 5483 1545 5554 νέκρωσιν
1609 5483 1712 5555 τῆς
1759 5484 1907 5556 ζωῆς
1955 5488 2093 5541 ἀπο-

2216 5502 2399 5550 autem
2436 5510 2562 5552 esse
2619 5498 2862 5554 ostendit
2899 5501 3022 5556 vitae
3055 5503 3220 5576 hujus
3272 5509 3784 5584 mortiﬁcationem,

1793 5595 2027 5655 VARle
2065 5601 2480 5665 LECTIONES.

783 5688 860 5743 οὐ
918 5689 1071 5744 κατὰ
1141 5689 1308 5745 Geor.
1373 5687 1603 5747 Videtur
1665 5697 1857 5747 auctor
1915 5691 1970 5747 in
2002 5692 2245 5765 Apostoli
2287 5708 2435 5757 textu
2488 5701 2707 5774 legisse,
2763 5703 3114 5774 διδασκαλίας
3151 5709 3480 5783 ἀνθρώπων,
3533 5717 3598 5772 οὐ
3644 5719 3781 5774 κατὰ

509 5751 669 5810 θεόν.
