4048 6372
369 340 472 404 83')

1575 331 1634 390 S.
1670 326 1988 389 JOANNIS
2015 326 2448 388 DAMASCENI

3519 328 3625 396 900

373 455 467 510 ubi
489 452 680 509 sordes
703 439 822 519 ejn's
841 448 1241 519 spurcitiasque
1258 445 1545 510 edisserit;
1574 458 1663 506 ne,
1684 441 1951 513 quemad-

2063 441 2314 508 δείκνυσι,
2346 444 2407 497 τὸ
2431 441 2842 513 μεμολυσμένον
2878 441 3049 515 αὐτῆς
3097 443 3486 515 ἐξηγούμενος,
3541 447 3628 500 ινα

373 541 595 595 modum
638 539 889 609 gentiles,
946 536 1116 590 vitam
1167 548 1292 605 quae
1339 535 1397 590 in
1419 541 1671 601 corpore
1730 531 1940 601 agitur,

373 630 571 683 malam
622 641 746 681 esse
774 624 1145 694 suspicemur,
1178 624 1275 679 sed
1321 624 1450 679 vita:
1480 621 1756 678 duntaxat
1772 619 1948 676 'delle-

374 719 592 773 xionem
635 715 701 769 ad
737 714 1073 784 voluptates,
1128 714 1186 769 in
1228 714 1432 785 quibus
1458 711 1734 770 scortatio
1758 718 1867 776 est,
1892 716 1950 766 et

373 806 555 863 omnia
574 803 777 874 quaevis
808 803 1065 873 nequitiae
1086 818 1292 873 genera
1326 821 1338 858 :
1367 800 1774 858 immunditiam
1803 814 1948 870 quo-

373 910 481 966 que
507 903 560 949 et
577 894 1003 966 impudicitiam,
1034 893 1339 961 libidinem,
1364 899 1419 951 et
1439 889 1948 962 concupiscentiam

376 989 571 1041 malam
622 986 907 1053 nominat;
942 985 1144 1055 quibus
1197 992 1254 1040 et
1315 982 1608 1039 avaritiam
1677 978 1950 1051 adiungit,

374 1078 580 1148 quippe
612 1091 734 1147 quae
768 1076 989 1144 sequela
1017 1075 1091 1130 sit
1127 1074 1495 1144 voluptatum,
1520 1083 1643 1142 quae
1672 1069 1951 1141 pecunia-

376 1184 496 1224 rum
520 1168 1020 1239 suppeditationem
1036 1168 1282 1238 exigunt.
1305 1164 1604 1220 Avaritiam
1625 1177 1778 1229 vero,
1792 1160 1957 1216 servi-

379 1270 542 1313 tutem
600 1260 866 1313 idolorum
914 1258 1173 1327 appellat,
1234 1258 1493 1327 quoniam
1537 1254 1713 1319 avari,
1758 1252 1953 1309 relicto

378 1349 472 1406 Dei
524 1353 671 1406 cultu
713 1358 768 1405 et
812 1350 1061 1414 servitio,
1105 1348 1199 1402 Dei
1225 1349 1343 1403 vice
1386 1346 1642 1415 pecuniis
1680 1344 1954 1401 serviunt.

378 1439 451 1498 Ut
474 1458 605 1512 ergo
669 1441 903 1496 suadeat
937 1439 1207 1509 ejusmodi
1242 1438 1392 1494 vitiis
1419 1453 1529 1493 non
1552 1436 1951 1497 adbmrescere,

378 1535 518 1589 iram
544 1534 636 1589 Dei
674 1543 896 1604 propter
934 1533 1027 1586 illa
1058 1533 1344 1586 imminere
1372 1532 1447 1584 ait
1475 1529 1532 1584 in
1554 1529 1679 1584 illos
1706 1527 1803 1597 qui
1835 1539 1956 1585 cre-

2051 532 2128 605 μὴ
2184 534 2284 604 τὴν
2339 537 2398 588 ἐν
2459 534 2673 606 σώματι
2736 533 2882 606 ζωὴν
2937 536 3181 606 πονηρὰν
3246 535 3627 604 ὑπολάϐωμεν,

2046 624 2238 696 ὥσπερ
2295 627 2558 698 ’Έλληνες
2610 627 2915 698 ἡγοῦνται,
2979 628 3115 682 ἀλλὰ
3172 627 3270 698 τὴν
3328 628 3426 698 τῆς
3484 627 3629 699 ζωῆς

2049 719 2415 789 παρατροπὴν
2440 758 2455 783 ,
2503 719 2612 796 ’τὴν
2649 722 2708 775 ἐν
2758 720 2992 791 ἡδοναῖς,
3032 720 3092 773 ὲν
3144 713 3231 783 αἷς
3265 721 3319 772 at
3352 722 3626 789 πορνεῖαι,

2051 809 2148 863 καὶ
2170 810 2293 862 ὅσαι
2321 810 2461 864 ίδέαι
2478 810 2819 881 κακουργίας
2841 827 2858 843 ο
2890 809 3256 881 ἀκαθαρσίαν,
3313 810 3410 863 κοιλ⁸
3469 808 3632 863 άσέλ-

2049 916 2223 969 γειαν,
2249 901 2347 963 καὶ
2395 901 2587 965 πάθος,
2621 904 2716 955 καὶ
2762 900 3059 971 ἐπιθυμίαν
3119 900 3298 972 κακὴν
3350 901 3628 971 ὀνομάζει,

2051 993 2147 1044 καὶ
2208 991 2308 1061 τὴν
2367 992 2682 1058 πλεονεξίαν
2731 992 3134 1057 ὲπισυνάπτων,
3189 992 3272 1045 δτι
3305 991 3369 1062 δὴ
3414 990 3633 1045 ἀκολού-

2053 1079 2205 1151 θημα
2262 1079 2375 1133 τῶν
2429 1080 2635 1151 ἡδονῶν
2694 1082 2751 1133 αἱ
2780 1080 3106 1145 πλεονεξίαι,
3160 1080 3459 1152 χρημάτων
3513 1097 3635 1151 χορ-

2055 1173 2220 1243 ηγίαν
2297 1171 2674 1242 ἐπιζητουσῶν
2740 1171 2962 1241 ἡδονῶν.
3017 1154 3529 1239 Είδωλολατρείακ
3576 1170 3635 1225 δέ

2053 1267 2209 1318 καλεῖ
2235 1265 2334 1335 τὴν
2386 1264 2721 1331 πλεονεξίαν,
2781 1266 2864 1318 ὅτι
2896 1264 2973 1334 τῷ
2998 1263 3116 1335 Θεῷ
3160 1264 3431 1317 δουλεύειν
3467 1279 3635 1316 κατα⁸

2055 1356 2322 1419 λιπόντες,
2352 1356 2475 1410 ἀντὶ
2506 1355 2643 1409 Θεοῦ
2675 1358 2787 1418 τοῖς
2835 1357 3086 1426 χρήμασι
3143 1354 3473 1409 δουλεύουσι.
3506 1354 3633 1405 Πεί-

2056 1448 2165 1501 θων
2222 1443 2314 1501 οὖν
2355 1448 2430 1518 μὴ
2480 1446 2776 1516 διατρίϐειν
2824 1449 2938 1508 τοῖς
2984 1446 3284 1509 τοιούτοις,
3315 1446 3416 1516 τὴν
3467 1445 3636 1516 ὀργὴν

2056 1540 2387 1613 ἐπέρχεσθαι
2440 1556 2574 1611 φησι
2623 1539 2690 1593 δι’
2742 1540 2884 1591 αὐτὰ
2926 1541 2991 1592 ἐκ
3040 1538 3177 1593 Θεοῦ
3228 1541 3341 1601 τοῖς
3379 1538 3636 1592 ἁπειθοῦ-
3749 1523 3752 1527 ’

377 1625 507 1680 dere
559 1624 885 1678 detrectant.
915 1623 955 1677 E
982 1637 1038 1677 re
1087 1637 1196 1676 non
1225 1621 1388 1678 fuerit
1417 1620 1609 1692 igitur,
1649 1617 1855 1686 inquit,
1892 1623 1955 1671 ut

2063 1646 2164 1684 σιν.
2203 1632 2279 1683 Οὐ
2325 1629 2445 1683 δέον
2502 1629 2623 1691 οῦν,
2685 1628 2842 1700 φησὶ,
2910 1631 3004 1682 καὶ
3051 1631 3177 1692 τοὺς
3232 1629 3459 1692 πιστοὺς
3511 1631 3638 1693 τοὺς

378 1726 431 1772 ct
479 1716 684 1782 ﬁdeles,
741 1715 836 1785 qui
868 1718 1010 1767 iram
1057 1712 1391 1784 eﬁugerunt,
1427 1713 1482 1767 in
1536 1710 1665 1767 istis
1692 1708 1952 1779 operibus

2063 1725 2151 1776 καὶ
2209 1722 2310 1793 τὴν
2374 1722 2544 1794 ὀργὴν
2606 1722 3131 1792 ἀποφευξαμένους,
3170 1725 3229 1775 ἐν
3256 1722 3467 1787 τούτοις
3527 1726 3639 1791 τοῖς

379 1815 686 1871 versentur,
740 1805 1018 1876 inquibus
1046 1820 1146 1862 vos
1206 1805 1338 1859 olim
1370 1800 1765 1866 versabamini,
1822 1798 1952 1853 dum

2063 1812 2241 1884 ἔργοις
2265 1788 2593 1884 ’διατρίϐειν
2619 1854 2633 1877 ,
2673 1788 2739 1867 ἐν.
2765 1808 2860 1883 ιοῖς
2899 1788 2972 1866 -τὸ
3021 1812 3248 1904 παλαιὸν
3302 1788 3637 1886 διετρίϐετε,

379 1896 546 1952 vitam
596 1896 743 1950 illam
790 1883 1060 1968 agebatis,
1100 1911 1263 1966 quam
1295 1910 1394 1952 vos
1434 1909 1500 1947 ex
1532 1899 1647 1947 toto
1680 1890 1955 1961 deponere

382 2002 823 2045 commonemus.
1952 1990 1960 1997 '

454 2100 473 2132 ‹
511 2078 898 2150 Exspoliantes
940 2091 1051 2147 vos.
1071 2082 1309 2131 veterem
1350 2071 1629 2127 hominem
1662 2085 1786 2123 cum
1821 2068 1959 2122 acti-

381 2174 487 2230 bus
516 2172 653 2228 suis.
690 2189 709 2223 ε

446 2261 761 2318 Generatim
811 2259 950 2315 etin
1007 2272 1223 2313 summa
1250 2256 1409 2323 dicit,
1441 2263 1690 2313 veterum
1746 2268 1959 2311 morum

382 2353 744 2410 mutationem
791 2366 912 2406 esse
958 2351 1351 2407 necessariam.
1396 2346 1675 2402 Hominem
1705 2347 1849 2400 enim
1882 2361 1961 2400 ve-

385 2455 544 2501 larem
599 2453 904 2514 nuncupat,
951 2441 1252 2512 ingenitam
1313 2439 1531 2497 vivendi
1563 2438 1856 2500 rationem,
1895 2451 1962 2490 cx

384 2551 495 2607 quo
537 2537 723 2606 lapsus
759 2544 840 2590 est
865 2533 1056 2588 homo.

442 2626 609 2682 Vsus.
649 2626 833 2682 10-14.
872 2623 981 2678 «Ει
1052 2624 1346 2681 induentes
1410 2639 1634 2694 novum,
1697 2641 1821 2682 eum
1871 2630 1964 2696 qm

383 2727 684 2778 renovatur
718 2720 774 2773 in
805 2718 1166 2789 agnitionem,
1193 2717 1497 2773 secundum
1516 2718 1823 2790 imaginem
1847 2723 1969 2789 ejus

383 2815 477 2884 qui
511 2815 718 2869 creavit
761 2812 932 2866 illum.
983 2809 1088 2866 Ubi
1126 2824 1234 2865 non
1272 2817 1356 2867 est
1394 2812 1615 2881 gentilis
1639 2820 1694 2868 et
1717 2812 1965 2878 Jutlveus,

2057 1909 2147 1961 ὅτε
2185 1906 2278 1978 τὴν
2308 1906 2453 1977 ζωὴν
2484 1906 2660 1976 εἴχετε
2690 1905 2916 1976 ταύτην,
2945 1906 3012 1977 ἣν
3045 1906 3343 1989 ἀποθέσθαι
3399 1907 3640 1979 συμϐου-

2059 1998 2311 2068 λεύομεν.
3410 2014 3413 2015 ⁷

2139 2111 2157 2140 ε
2203 2088 2669 2158 Ἀπεκδυσάμενοι
2690 2085 2782 2139 τὸν
2814 2086 3044 2142 παλαιὸν
3071 2088 3358 2160 ἄνθρωπον
3392 2092 3487 2144 σὺν
3520 2091 3641 2152 ταῖς

2064 2181 2330 2252 πράξεσιν
2362 2178 2552 2233 αὐτοῦ.
2583 2198 2604 2231 a

2135 2272 2381 2326 Καθόλου
2438 2271 2587 2342 λέγει
2623 2273 2874 2329 συνελὼν
2937 2269 3240 2343 μεταϐολὴν
3266 2271 3373 2325 τῶν
3400 2269 3645 2324 παλαιῶν

2062 2363 2282 2431 τρόπων
2333 2363 2445 2415 δεῖν
2497 2363 2773 2432 γενέσθαι.
2821 2364 3174 2431 Ἄνθρωπον
3210 2363 3317 2432 γάρ
3354 2361 3502 2431 λέγει
3534 2377 3645 2415 παι

2063 2454 2260 2515 λαιὸν,
2289 2452 2380 2505 τὸν
2403 2454 2603 2523 τρόπον
2650 2453 2743 2506 τὸν
2779 2453 2969 2518 πάλαι,
3002 2452 3094 2505 τὸν
3121 2452 3232 2505 ἀπὸ
3260 2452 3357 2522 τῆς
3380 2449 3644 2514 πτώσεως

2068 2545 2363 2610 ἐπιγεγενη
2373 2543 2554 2611 μόνον.

2146 2652 2165 2684 ι
2198 2636 2305 2687 Καὶ
2335 2635 2686 2704 ἐνδυσάμενοι
2716 2634 2807 2687 τὸν
2838 2634 2977 2698 νέον,
3031 2635 3125 2689 τὸν
3180 2636 3646 2706 ἀνακαινούμενον

2069 2723 2148 2784 εἰς
2182 2722 2500 2788 ἐπίγνωσιν,
2544 2723 2674 2775 κατ’
2713 2722 2899 2777 εἰκόνα
2948 2721 3043 2775 τοῦ
3103 2722 3407 2788 κτίσαντος
3461 2725 3643 2788 αὐτὸν,

2071 2814 2205 2867 ὅπου
2230 2813 2333 2867 οὐκ
2373 2812 2451 2867 ἔνι
2479 2814 2681 2884 Ἕλλην
2745 2814 2841 2867 καὶ
2886 2813 3189 2879 Ἰουδαῖος,’
3217 2815 3492 2887 περιτομὴ
3555 2820 3649 2870 καὶ

389 2907 748 2963 circumcisio
774 2916 829 2959 et
866 2904 1218 2974 praeputium,
1252 2902 1551 2970 Barbarus,
1580 2903 1811 2976 Scytha,
1854 2924 1960 2963 ser-

2063 2903 2441 2973 .ἁκροϐυστία,
2481 2901 2779 2973 βάρϐαρος,
2831 2902 3069 2971 Σκύθης,
3092 2902 3295 2965 δοῦλος,
3343 2904 3644 2972 ἐλεύθερος,

386 3014 511 3060 vus,
541 2997 700 3061 liber,
728 2993 888 3064 213
919 2993 1014 3049 sed
1039 2992 1223 3047 omnia
1256 2992 1386 3048 etin
1405 2978 1661 3050 omnibus
1695 2995 1969 3052 Christus.

2073 2995 2211 3049 ἀλλὰ
2244 2995 2312 3048 τὰ
2363 2994 2540 3049 πάντα
2591 2993 2687 3047 καὶ
2729 2994 2789 3047 ἐν
2839 2994 2973 3045 πᾶσι
3033 2992 3285 3066 Χριστός.
3327 2994 3648 3048 Ἐνδύσασθε

386 3086 601 3141 lnduite
633 3098 762 3155 ergo
803 3098 901 3137 vos
931 3082 1077 3138 sicut
1102 3083 1264 3139 electi
1315 3085 1433 3155 Dei,
1463 3086 1637 3140 sancti
1666 3097 1721 3141 et
1760 3087 1960 3152 dilecti,

2074 3088 2167 3141 οῦν
2193 3086 2268 3150 ὡς
2326 3086 2576 3141 ἐκλεκτοὶ
2619 3085 2715 3139 τοῦ
2749 3084 2911 3153 Θεοῦ,
2972 3085 3119 3154 ἂγιοι
3159 3086 3256 3141 καὶ
3303 3089 3649 3159 ἠγαπημένοι

388 3179 603 3235 viscera
648 3174 1061 3241 misericordiae,
1104 3174 1535 3246 benignitatem,
1570 3177 1963 3240 humilitatem,

392 3268 739 3332 modestiam,
778 3266 1136 3339 patientiam;
1191 3274 1581 3337 supportantes
1613 3268 1874 3332 invicem,
1913 3276 1969 3322 et

390 3359 661 3415 donantes
706 3356 1145 3428 vobismetipsis,
1189 3356 1236 3411 si
1269 3356 1399 3426 quis
1428 3355 1699 3414 adversus
1729 3358 1969 3427 aliquem

390 3455 557 3511 habet
608 3453 915 3524 querelam,
948 3450 1097 3506 sicut
1139 3458 1194 3506 et
1223 3448 1484 3507 Christus
1514 3451 1746 3506 donavit
1778 3452 1963 3513 nobis,

393 3548 468 3603 ita
505 3556 560 3602 et
586 3562 704 3602 vos.
735 3544 913 3616 Super
934 3544 1120 3599 omnia
1148 3551 1332 3599 autem
1360 3543 1477 3598 haec
1500 3542 1827 3600 charitatem
1864 3543 1966 3599 Ita-

392 3638 540 3703 bete,
572 3651 695 3708 quae
731 3642 817 3692 est
838 3633 1120 3690 vinculum
1151 3632 1534 3704 perfectionis.
1567 3650 1587 3684 ε

461 3724 935 3793 Quemadmodum
967 3732 1193 3779 veterem
1243 3723 1507 3777 hominem
1536 3722 1692 3788 dicit,
1726 3723 1974 3793 pravita-

397 3825 507 3873 tem
541 3831 662 3887 quze
690 3816 848 3871 nobis
878 3829 947 3870 ex
993 3815 1151 3885 lapsu
1181 3814 1405 3878 accidit,
1434 3814 1516 3870 sic
1545 3826 1600 3871 et
1632 3829 1840 3870 novum
1871 3830 1971 3869 vo-

400 3914 512 3971 cat,
553 3919 675 3961 eam
722 3903 849 3959 vitae
882 3901 1178 3965 rationem,
1207 3917 1333 3972 qua:
1375 3903 1448 3958 sit
1486 3902 1795 3959 secundum
1816 3902 1976 3960 Chri-

400 4006 583 4066 stum;
616 4011 720 4067 qua
753 3994 814 4049 tit
844 4004 902 4049 ut
933 4008 1125 4049 omnes
1177 3993 1386 4049 Christi
1430 3994 1543 4049 sint
1602 3993 1974 4058 aemulatores,

401 4089 519 4147 sive
547 4087 672 4160 quis
701 4084 923 4145 Iudaeus
953 4086 1207 4154 exsistat,
1262 4086 1380 4142 sive
1411 4085 1802 4160 Gmcus,_sive
1837 4085 1976 4143 Bar-

399 4181 593 4246 barus,
640 4178 760 4236 sive
792 4178 935 4234 liber
971 4196 985 4233 :
1017 4192 1158 4249 quos
1178 4191 1380 4235 omnes
1399 4176 1522 4247 ejus
1542 4176 1966 4235 simiiitudinem

400 4273 516 4328 vult
539 4272 867 4342 exprimere.

476 4360 643 4416 Vens.
695 4358 879 4415 15-25.
911 4377 931 4411 ι
959 4359 1041 4414 Ex
1072 4373 1174 4430 pax
1209 4357 1310 4414 Dei
1342 4358 1580 4415 exsultet
1623 4358 1679 4412 in
1710 4355 1980 4413 cordibus

2072 3176 2359 3246 σπλάγχνα
2386 3176 2698 3248 οἰκτιρμοῦ,
2720 3177 3092 3247 χρηστότητα,
3116 3178 3648 3249 ταπεςνοφροσύνην,

2071 3268 2374 3337 πραότητα,
2408 3267 2809 3338 μακροθυμίαν,
2868 3268 3190 3338 ἀνεχόμενοι
3261 3267 3531 3339 ἀλλήλων,
3557 3268 3652 3322 καὶ

2070 3360 2420 3432 χαριζόμενοι
2458 3361 2694 3423 ἑαυτοῖς,
2732 3361 2827 3414 ἐάν
2866 3375 2951 3423 τις
3006 3359 3144 3432 πρός
3185 3376 3309 3413 τινα
3360 3356 3461 3432 Im
3510 3377 3652 3431 μομ-

2072 3451 2200 3522 φὴν,
2233 3450 2415 3514 καθὼς
2473 3450 2623 3504 καὶὸ
2654 3450 2893 3521 Χριστὸς
2954 3451 3250 3522 ἐχαρίσατο
3301 3452 3454 3520 ὑμῖν,
3510 3449 3654 3504 οὕτω

2074 3546 2169 3599 καὶ
2196 3545 2373 3615 ὑμεῖς.
2412 3544 2533 3597 Ἐπὶ
2593 3544 2805 3597 πᾶσιδέ
2831 3543 3042 3606 τούτοις
3091 3544 3192 3616 τὴν
3240 3544 3485 3614 ἀγάπην,
3530 3543 3653 3615 ἣτις

2073 3635 2191 3689 ἐστὶ
2226 3634 2523 3703 σύνδεσμος
2554 3634 2652 3703 τῆς
2681 3633 3043 3703 τελειότητος.
3068 3649 3091 3684 ε

2151 3726 2360 3798 ’Ὠσπερ
2386 3724 2645 3780 παλαιὸν
2671 3724 3006 3792 ἄνθρωπον,
3041 3725 3141 3796 τὴν
3180 3725 3446 3796 πονηρίαν
3472 3728 3654 3779 ἐπεισ-

2074 3818 2338 3881 ελθοῦσαν
2367 3820 2498 3889 ἡμῖν
2532 3820 2603 3871 ἐκ
2634 3816 2737 3887 τῆς
2764 3816 3028 3879 πτώσεως
3064 3817 3237 3883 λέγει,
3264 3816 3409 3870 οὕτω
3445 3816 3651 3881 καινὸν,

2075 3908 2176 3977 τὴν
2206 3905 2351 3959 κατὰ
2395 3904 2633 3975 Χριστὸν
2678 3904 2978 3971 πολιτείαν,
2999 3905 3078 3968 ὼς
3108 3904 3319 3965 πάντας
3366 3899 3507 3959 εἶναι
3568 3923 3656 3975 μι-

2086 3996 2262 4068 μητάς
2295 3994 2556 4067 Χριστοῦ,
2581 3993 2720 4049 καθὸ
2744 3995 2839 4048 καὶ
2865 3994 2923 4047 tv
2937 3994 3173 4066 Ἰουδαίῳ
3190 4036 3206 4060 ,
3238 3995 3333 4049 καὶ
3354 3996 3412 4049 ἐν
3434 3994 3655 4065 Ἕλληνι

2083 4091 2180 4147 καὶ
2209 4086 2504 4160 Βαρϐἀρῳ,
2551 4086 2649 4139 καὶ⁸
2689 4084 2959 4157 nemo,
2984 4084 3085 4150 οὓς
3115 4085 3443 4157 ὁμοιώματα
3490 4085 3653 4141 αὐτοῦ

2079 4181 2291 4242 πάντας
2315 4178 2460 4232 θέλει
2485 4176 2761 4246 γενέσθαι.

2180 4378 2201 4412 ι
2241 4361 2351 4417 Καὶ
2385 4362 2418 4431 ὴ
2448 4314 2755 4430 είρήνηθτοῦ
2778 4354 2915 4411 Θεοῦ
2944 4355 3263 4427 βραϐευέτω
3282 4356 3344 4412 ἐν
3360 4359 3484 4421 ταῖς
3528 4372 3659 4429 καρ-

404 4453 625 4518 vestris,
683 4453 739 4508 in
773 4467 882 4524 qua
915 4460 970 4507 et
1001 4452 1182 4507 vocati
1198 4451 1333 4508 estis
1368 4451 1422 4507 in
1456 4464 1569 4509 uno
1595 4464 1860 4521 corpore,
1917 4458 1960 4506 et

2077 4454 2220 4517 δίαις
2271 4451 2447 4523 ὑμῶν,
2500 4452 2587 4515 είς
2620 4452 2691 4522 ἣν
2733 4447 3007 4520 ἐκλήθητε
3038 4449 3098 4502 ἐν
3128 4448 3211 4501 ἐνὶ
3275 4446 3509 4518 σώματι,
3565 4447 3659 4502 καὶ

405 4543 543 4612 grati
612 4548 808 4596 estote.
864 4538 1110 4595 Verbum
1160 4539 1371 4596 Christi
1433 4539 1649 4596 habitet
1716 4539 1773 4593 in
1825 4537 1960 4593 vobi:

2082 4539 2395 4609 εὐχάριστοι
2428 4536 2665 4605 γίνεσθε.
2714 4536 2774 4589 '0
2790 4536 2948 4604 λόγος
2984 4533 3081 4588 τοῦ
3116 4535 3356 4607 Χριστοῦ
3384 4536 3659 4591 ἐνοικείτω

406 4631 757 4687 abundanter
782 4632 837 4685 in
855 4631 1006 4685 omni
1039 4629 1332 4701 sapientia,
1367 4628 1639 4686 docentes
1656 4637 1714 4684 et
1732 4643 1960 4684 commol

2082 4630 2142 4684 tv
2165 4630 2295 4699 ὑμῖν
2324 4628 2594 4691 πλουσίως
2612 4629 2671 4685 ἐν
2697 4627 2849 4699 πάσῃ
2903 4626 3088 4697 σοφίᾳ,
3141 4626 3506 4693 διδάσκοντες,
3568 4629 3662 4683 καὶ

408 4730 603 4779 n‘entes
637 4723 1030 4792 vosmetipsos,
1097 4721 1353 4791 psalmis,
1382 4720 1629 4789 hymnis,
1656 4727 1713 4772 et
1741 4718 1960 4773 cantici:

2084 4718 2471 4782 νουθετοῦντες
2503 4717 2752 4787 ἐαυτοῦς,
2792 4717 3051 4789 ψαλμοῖς,
3100 4718 3197 4771 καὶ
3232 4717 3445 4788 ὕμνοις,
3476 4720 3569 4772 καὶ
3589 4718 3663 4790 ᾡ-

409 4811 813 4881 spiritualibus,
851 4812 909 4864 in
944 4810 1124 4881 gratia
1164 4817 1454 4866 cantantes
1508 4810 1562 4862 in
1591 4807 1760 4862 corde
1792 4817 1960 4864 vestri

2084 4813 2200 4875 δαῖς
2228 4812 2651 4882 πνευματικαῖς,
2704 4812 2763 4863 ἐν
2784 4806 2989 4882 ἷάριτι
3027 4810 3244 4881 ᾄδοντες
3273 4813 3431 4896 ἐν.τῇ
3468 4810 3665 4883 καρδία

411 4900 664 4956 Domino.
693 4899 758 4955 Et
797 4916 957 4955 omne
985 4900 1358 4972 quodcunque
1389 4898 1575 4956 facitis
1613 4899 1670 4952 in
1701 4899 1900 4962 verbo,
1929 4914 1960 4952 e

2088 4901 2242 4972 ὑμῶν
2269 4901 2349 4971 τῷ
2377 4899 2588 4971 Κυρίῳ.
2610 4898 2720 4952 Καὶ
2767 4900 2876 4952 πᾶν
2920 4898 2951 4952 ὃ
2982 4915 3034 4961 τι
3080 4899 3153 4952 ἂν
3186 4899 3383 4967 ποιῆτε
3408 4900 3467 4952 ἐν
3493 4898 3661 4969 λόγῳ,

413 4995 469 5049 in
535 5008 720 5063 opere,
770 4993 955 5048 omnia
1004 4994 1058 5047 in
1096 4995 1320 5051 nomine
1359 4991 1960 5061 DominiJesu,gratia:

2088 4994 2121 5066 ἢ
2149 4995 2208 5047 ἐν
2228 4993 2400 5064 ἔργῳ,
2450 4992 2631 5047 πάντα
2660 4993 2721 5044 ἐν
2744 4991 2970 5063 ὀνόματι
3022 4992 3230 5062 Κυρίου
3276 4991 3474 5061 Ἰησοῦ,
3506 4992 3663 5060 εὐχα-

414 5092 639 5154 agentes
689 5082 798 5137 Deo
819 5090 873 5137 et
905 5081 1052 5137 Patri
1079 5098 1172 5151 per
1200 5083 1404 5152 ipsum.
1432 5082 1712 5147 Mulieres,
1756 5082 1960 5136 subdita

2092 5081 2404 5154 ριστοῦντες
2421 5081 2499 5151 τῷ
2519 5080 2639 5152 Θεῷ
2667 5081 2766 5135 καὶ
2790 5080 2967 5151 Πατρὶ
2994 5081 3061 5134 δι’
3089 5081 3275 5135 αὐτοῦ.
3299 5083 3363 5136 Ai
3387 5099 3455 5150 γυ
3465 5083 3665 5147 ναῖκες,

416 5183 593 5230 estote
615 5173 749 5228 viris
780 5174 1011 5239 vestris,
1036 5173 1179 5229 sicut
1206 5179 1443 5243 oportet,
1480 5173 1536 5227 in
1568 5170 1960 5228 Domino.Viri

2092 5173 2461 5231 ὑποτάσσεσθε
2494 5177 2612 5237 τοῖς
2638 5174 2791 5239 ἰδίοις
2834 5175 3084 5248 ἀνδράσι,
3117 5176 3444 5244 ὼςάνῆκεν,
3464 5175 3528 5226 ἐν
3558 5175 3671 5226 Κυ-

380 5326 387 5333 ,
416 5264 632 5332 diligite
677 5278 882 5319 uxores
933 5270 1168 5330 vestras,
1190 5272 1246 5318 et
1277 5263 1449 5319 nolite
1490 5265 1665 5321 amari
1700 5278 1828 5321 esse
1856 5263 1960 5318 illis

2098 5266 2216 5338 ρίῳ.
2239 5267 2304 5319 Οἱ
2334 5265 2547 5337 ἄνδρες,
2580 5269 2832 5336 ἀγαπᾶτε
2877 5267 2979 5332 τὰς
3031 5269 3318 5335 γυναῖκας,
3358 5265 3451 5319 καὶ
3481 5264 3557 5335 μὴ
3582 5276 3682 5317 πιαιν

422 5354 566 5418 Filii,
629 5354 852 5409 obcdite
908 5353 1243 5419 parentibus
1295 5368 1391 5423 per
1437 5354 1644 5409 omnia.
1676 5352 1793 5409 Hoc
1847 5355 1960 5410 enir

2095 5353 2387 5425 κραίνεσθε
2434 5355 2575 5424 πρὸς
2607 5356 2801 5418 αὐτάς.
2859 5355 2942 5409 Τὰ
2992 5355 3179 5421 τέκνα,
3212 5353 3516 5407 ὑπακούετε
3561 5354 3676 5415 τοῖς

420 5443 682 5514 placitum
716 5448 799 5497 est
830 5442 881 5494 in
908 5439 1255 5495 Domino.Pa
1271 5449 1404 5506 tres,
1437 5442 1611 5497 nolite
1643 5441 1709 5497 ad
1744 5441 1960 5513 indigna

2095 5443 2313 5513 γονεῦσι
2364 5444 2507 5499 κατὰ
2567 5445 2771 5500 πάντα.
2816 5445 2990 5501 Τοῦτο
3027 5446 3136 5516 γάρ
3175 5447 3329 5498 ἐστιν
3380 5444 3675 5514 εὐάρεστον

422 5534 630 5589 tionem
690 5547 987 5602 provocare
1040 5532 1183 5588 ﬁlios
1213 5539 1454 5593 vestros,
1520 5541 1584 5587 ut
1636 5548 1745 5587 non
1792 5532 1958 5603 pusill

2098 5538 2157 5591 ἐν
2188 5535 2400 5608 Κυρίῳ.
2430 5538 2492 5590 Ui
2528 5537 2785 5608 πατέρες,
2815 5537 2892 5608 μὴ
2914 5536 3191 5609 ἐρεθίζετε
3221 5534 3289 5590 τά
3308 5535 3475 5589 τέκνα
3496 5532 3673 5605 ὑμῶν,

425 5624 611 5681 ιιιίωο
658 5623 806 5681 (iant.
860 5624 1042 5690 Servi,
1103 5623 1321 5680 obcdite
1349 5638 1448 5695 per
1506 5624 1695 5683 omnia
1750 5623 1960 5679 domini

2098 5625 2185 5681 ἵνα
2213 5625 2288 5698 μὴ
2313 5626 2619 5697 ἀθυμῶσιν.
2650 5629 2717 5681 οι
2759 5628 2957 5694 δοῦλοι,
2981 5627 3286 5693 ὑπακούετε
3328 5625 3469 5681 κατὰ
3498 5625 3677 5683 πάντα

426 5716 770 5782 carnalibus,
802 5729 917 5774 non
948 5716 1019 5775 ad
1063 5715 1288 5777 oculum
1344 5715 1670 5784 servientes,
1704 5715 1868 5786 quasi
1897 5715 1960 5771 he

2100 5720 2211 5782 τοῖς
2243 5716 2387 5773 κατὰ
2411 5718 2592 5790 σάρκα
2626 5720 2856 5790 κυρίοις,
2888 5721 2964 5791 μὴ
3009 5722 3067 5774 tv
3092 5717 3575 5789 ὀφθαλμοδουλείᾳ,
3598 5715 3676 5777 ὡς
