4048 6378
485 341 585 409 901

1530 333 1610 394 IN
1654 332 1895 394 EPIST.
1938 330 2037 390 AD
2071 326 2606 390 COLOSSENSES.

3652 331 3756 395 902

485 453 966 527 ἀνθρωπάρεσκοι,
997 452 1113 507 ἀλλ’
1139 453 1197 503 ὲν
1229 450 1498 538 ἁέτλότητι
1523 447 1770 519 καρδίας,
1808 440 2080 538 φοϐούμεο

2187 439 2426 495 minibus
2477 441 2776 511 placentes,
2810 442 2906 497 sed
2933 443 2993 497 in
3042 428 3406 514 simplicitate
3446 443 3657 511 cordis,
3690 449 3761 501 ti-

486 564 567 603 νοι
592 546 686 599 τὸν
726 545 882 599 Θεόν.
927 545 1036 598 Καὶ
1069 544 1177 597 πᾶν
1232 532 1362 594 ὃ“τι
1416 539 1511 593 ἐὰν
1540 541 1755 607 ποιῆτε,
1792 537 1856 588 ὲκ
1898 532 2077 604 ψυχῆς

487 636 809 708 ἐργάζεσθε,
839 635 915 699 ὡς
943 634 1021 705 τῷ
1054 624 1267 705 Κυρίῳ,
1320 632 1414 685 καὶ
1462 631 1561 684 οὐκ
1614 626 1948 699 ἀνθρώποις,
1996 626 2075 677 εί-

486 732 637 793 δὸτες
663 729 744 782 ὃτι
784 726 894 780 ἀπὸ
938 724 1150 795 Κυρίου
1178 723 1417 792 λήψεσθε
1450 720 1550 792 τὴν
1587 716 1947 773 ἀνταπόδοσιν
1978 714 2078 783 τῆς

488 818 894 892 κληρονομὶα;⁶
946 817 1026 888 τῷ
1066 815 1178 887 γὰρ
1239 816 1433 885 Κυρίῳ
1484 811 1709 884 Χριστῴ
1770 808 2073 864 δουλεύετε.

499 914 559 965 Ὀ
601 910 660 964 δὲ
710 908 936 972 ἀδικῶν,
983 909 1258 979 κομιεῖται
1304 904 1334 959 ὂ
1366 904 1618 975 ἠδίκησε,
1666 902 1762 957 καὶ
1804 900 1905 954 οὐκ
1958 898 2076 953 ἔστι

491 997 945 1072 προσωποληψω.
974 1016 993 1051 ι

1098 1130 1353 1184 ΚΕΦΑΛ.
1388 1130 1463 1184 A'.

560 1268 622 1322 Οἱ
650 1265 852 1337 κύριοι,
878 1264 939 1318 τὸ
972 1264 1185 1317 δίκαιον
1214 1263 1310 1316 καὶ
1347 1262 1444 1333 τὴν
1478 1259 1699 1330 ἰσότητα
1732 1259 1844 1321 τοῖς
1863 1255 2075 1320 δούλοις

491 1358 831 1430 παρέχεσθε,
863 1357 1088 1420 εἰδότες,
1117 1356 1200 1409 ὅτι
1236 1355 1332 1408 καὶ
1381 1355 1546 1423 ὑμεῖς
1594 1351 1749 1421 ἔχετε
1776 1348 1984 1420 Κύριον
2014 1349 2074 1401 ἐν

489 1452 764 1524 οὐρανοῖς.
835 1449 914 1519 Τῇ
972 1451 1255 1520 προσευχῇ
1317 1445 1808 1520 προσκαρτερεῖτε,
1869 1456 2074 1512 γρηγο⁴

494 1544 712 1616 ροῦντες
743 1545 801 1597 ὲν
834 1542 978 1614 αὐτῇ
1008 1545 1064 1595 ὲν
1094 1539 1445 1611 εὐχαριστίᾳ,
1472 1540 1914 1609 προσευχόμενοι
1958 1538 2075 1608 ἅμα

491 1638 586 1692 καὶ
623 1636 948 1707 περὶὴμῶν,
980 1635 1070 1689 ἵνα
1092 1637 1120 1689 6
1148 1634 1281 1698 Θεὸς
1344 1633 1535 1707 ἀνοίξῃ
1597 1636 1731 1704 ἡμῖν
1764 1632 1935 1702 θύραν
1978 1629 2075 1686 τοῦ

490 1732 672 1795 λόγου,
714 1728 944 1798 λαλῆσαι
971 1728 1031 1780 τὸ
1064 1728 1370 1798 μυστήριον
1428 1726 1523 1780 τοῦ
1571 1724 1838 1798 Χριστοῦ,
1872 1724 1952 1778 διὸ
1984 1723 2079 1777 καὶ

490 1819 730 1889 δέδεμαι,
766 1817 855 1872 ἵνα
904 1818 1209 1888 φανερῶσω
1248 1816 1401 1881 αὐτὸ,
1449 1816 1526 1879 ὡς
1560 1816 1643 1870 δεῖ
1675 1832 1743 1887 με
1769 1814 2024 1885 λαλῆσαι.
2049 1833 2067 1866 ι

564 1995 676 2049 Καὶ
717 1994 776 2048 τὸ
804 1996 1099 2064 εἱρηναῖον,
1153 1993 1339 2065 φησὶν,
1375 1993 1446 2046 ἐκ
1486 1992 1715 2065 καρδίας
1764 1991 1924 2056 ἔστω,
1980 1992 2077 2046 καί⁸

494 2092 558 2142 ὲκ
614 2086 839 2157 καρδίας
887 2086 1182 2157 κρατείτω,
1215 2085 1291 2157 μὴ
1345 2084 1517 2153 λόγων
1568 2084 1809 2149 ἀπάταις
1861 2084 2078 2139 δοκούν-

490 2197 599 2232 των
624 2177 1012 2231 ἐπιτελεῖσθαι.
1050 2178 1302 2229 ’Δπαιτεί
1329 2176 1438 2248 γὰρ
1472 2175 1571 2246 τὴν
1613 2175 1703 2229 διὰ
1724 2174 1823 2245 τῆς
1848 2175 2076 2245 εἰρήνης

492 2270 684 2323 ἕνωσιν
738 2269 833 2322 τοῦ
884 2269 1005 2332 ἐνὸς
1063 2267 1316 2339 σώματος
1377 2267 1605 2339 ἑνότης,
1671 2268 1750 2331 εἰς
1798 2266 1827 2321 ὃ
1874 2267 2077 2330 πάντες

492 2360 874 2433 ἁνειλήμμεθα
919 2360 1172 2432 δυνάμει,
1229 2362 1369 2432 ὅπερ
1422 2361 1542 2415 ἐστὶ
1584 2360 1753 2431 ’σῶμα
1810 2357 1904 2415 τοῦ
1945 2360 2079 2430 Χρι-

494 2471 644 2508 στου.

649 2545 737 2599 Ἐν
772 2546 936 2614 σοφία
965 2546 1323 2616 περιπατεῖτε
1347 2544 1481 2616 πρὸς
1509 2544 1637 2608 τοὺς
1681 2543 1809 2612 ἔξω,
1833 2543 1924 2597 τὸν
1954 2561 2077 2598 και-

499 2635 590 2705 ρὸν
647 2634 1131 2705 ἐξαγοραζόμενοι.
1187 2636 1248 2688 '0
1285 2634 1447 2702 λόγος
1513 2634 1669 2704 ὑμῶν
1736 2634 1969 2688 πάντοτε
2021 2637 2081 2688 ὲν

449 2793 453 2797 ν
497 2726 722 2796 χάριτι,
769 2724 932 2779 ἅλατι
985 2724 1326 2795 ἠρτυμένος,
1383 2724 1581 2778 εἰδέναι
1618 2722 1762 2795 ⁹πῶς
1806 2723 1889 2777 δεῖ
1936 2724 2081 2793 ὑμᾶς

497 2816 578 2869 ἑνὶ
599 2815 813 2886 ἑκάστῳ
839 2814 1254 2886 ἀποκρίνεσθαι.
1288 2814 1369 2869 Τὰ
1411 2816 1535 2868 κατ’
1586 2814 1687 2886 ἐμὲ
1727 2815 1911 2868 πάντα
1938 2831 2082 2881 γνω-

499 2906 641 2977 ρίσει
684 2906 833 2977 ὑμῖν.
865 2925 882 2959 ι

574 2997 684 3067 Τὴν
742 2994 1125 3068 συνδιατριϐὴν
1188 2994 1296 3048 τῶν
1363 2993 1611 3047 ἀπίστων
1662 2991 1888 3063 φιλικὴν
1940 2986 2082 3047 εἶναι

2185 536 2401 585 mentes
2438 529 2633 585 Deum.
2669 530 3056 603 Quodcunque
3093 534 3300 599 facitis,
3325 549 3387 589 ex
3414 534 3602 588 animo
3633 550 3760 607 ope-

2182 622 2407 685 ramini,
2442 623 2592 678 sicut
2615 622 2869 690 Domino,
2903 633 2958 680 et
2990 641 3101 682 non
3129 626 3483 694 hominibus;
3518 627 3759 684 scientes

2180 714 2326 783 quod
2363 729 2393 770 ιι
2424 714 2658 771 Domino
2686 717 2974 786 accipietis
3004 718 3429 774 retributionem
3461 718 3754 774 haeredita-

2180 808 2252 863 tis
2286 825 2299 859 :
2340 822 2468 862 nam
2530 806 2765 863 Domino
2794 807 3021 865 Christo
3043 809 3285 865 servitis.
3316 809 3423 876 Qui
3445 820 3628 866 autem
3654 810 3762 865 iui-

2182 915 2328 967 quus
2348 907 2456 964 est,
2489 900 2719 970 recipiet
2742 900 2796 957 id
2832 900 2979 971 quod
3008 900 3195 971 inique
3216 902 3385 971 gessit
3411 917 3424 953 :
3452 912 3505 958 et
3536 917 3646 958 non
3676 909 3764 958 est

2182 1005 2553 1061 personarum
2581 991 2834 1063 acceptio
2858 992 3003 1063 apud
3033 990 3227 1049 Deum.
3269 1010 3293 1045 ι

2823 1128 2977 1184 CAP.
3010 1125 3099 1184 IV.

2258 1262 2422 1320 Vsus.
2466 1266 2517 1329 f,
2542 1266 2597 1319 4.
2647 1287 2664 1318 ι
2697 1266 2935 1330 Domini,
2956 1264 3103 1336 quod
3117 1263 3334 1334 justum
3348 1270 3434 1319 est
3464 1272 3517 1319 ct
3545 1280 3766 1334 aequum

2183 1360 2360 1416 servis
2416 1358 2711 1428 praestate;
2751 1359 2992 1414 scientes
3048 1355 3195 1426 quod
3258 1364 3315 1411 et
3342 1371 3440 1411 vos
3470 1355 3765 1410 Dominum

2182 1450 2400 1507 habetis
2432 1451 2486 1504 in
2521 1452 2700 1507 cretis.
2733 1449 2988 1504 Orationi
3024 1448 3251 1510 instate,
3286 1448 3581 1518 vigilantes
3620 1447 3674 1501 in
3702 1463 3767 1501 ea

2183 1542 2236 1597 in
2265 1543 2567 1611 gratiarum
2602 1542 2862 1597 actione:
2892 1547 3119 1594 orantes
3151 1538 3315 1595 simul
3345 1546 3399 1594 et
3447 1555 3544 1609 pro
3577 1539 3762 1603 nobis,

2183 1643 2244 1688 ut
2272 1634 2419 1689 Deus
2448 1633 2660 1703 aperiat
2690 1635 2851 1688 nobis
2888 1633 3093 1686 ostium
3120 1631 3420 1695 sermonis,
3445 1631 3511 1685 ad
3543 1632 3772 1700 loquen-

2184 1727 2313 1781 dum
2348 1728 2673 1798 mysterium
2723 1726 2929 1780 Chriin
2981 1727 2998 1797 (
3020 1733 3247 1795 propter
3280 1723 3430 1794 quod
3453 1723 3620 1777 etiam
3649 1721 3771 1775 vin-

2182 1826 2309 1871 ctus
2328 1816 2499 1887 sum),
2536 1826 2597 1870 ut
2627 1817 2978 1872 manifestem
3012 1816 3170 1883 illud,
3202 1816 3279 1871 ita
3324 1827 3384 1870 ut
3414 1821 3637 1885 oportet
3681 1828 3772 1869 me

2185 1910 2363 1978 loqui.
2404 1929 2426 1961 ι

2261 2001 2335 2056 lis
2383 2016 2506 2070 quae
2540 2007 2672 2055 sunt
2705 2000 2879 2070 pacis,
2910 1998 3114 2069 inquit,
3142 2013 3211 2054 ex
3243 1999 3428 2053 animo
3449 1997 3771 2062 studeatur,

2191 2107 2370 2162 eaque
2418 2106 2482 2147 ex
2536 2092 2749 2145 intimis
2803 2090 3264 2154 corroborentur,
3298 2104 3477 2159 neque
3534 2088 3770 2144 fallaciis

2185 2185 2481 2240 verborum
2503 2183 2694 2253 specie
2727 2189 2893 2237 tenus
2918 2190 3275 2252 praestentur.
3308 2179 3769 2248 ConiunctiOnem

2184 2278 2331 2331 enim
2352 2289 2483 2346 qua
2518 2288 2653 2345 pace
2683 2263 2993 2335 sanciatur,
3030 2270 3276 2341 postulat
3306 2271 3494 2325 unitas
3514 2268 3771 2339 corporis

2184 2367 2374 2430 unius,
2411 2365 2465 2419 in
2514 2364 2662 2435 quod
2714 2378 2914 2417 omnes
2964 2362 3168 2416 virtute
3206 2360 3477 2429 assumpti
3519 2372 3717 2414 sumus
3756 2378 3769 2411 :

2186 2459 2401 2527 hocque
2440 2464 2528 2513 est
2553 2470 2761 2525 corpus
2791 2453 3023 2509 Christi.

2259 2548 2428 2604 Vsus.
2481 2547 2601 2602 5-7.
2642 2564 2662 2597 ι
2703 2547 2769 2600 ln‘
2820 2543 3091 2613 sapientia
3130 2540 3408 2607 ambulate
3450 2537 3519 2592 ad
3552 2550 3648 2592 eos
3680 2534 3776 2605 qui

2187 2640 2324 2697 foris
2355 2646 2507 2703 sunt,
2538 2649 2752 2708 tempus
2784 2636 3137 2692 redimentcs.
3183 2632 3382 2687 Sermo
3414 2636 3598 2684 vester
3620 2641 3770 2683 sem-

2184 2747 2286 2802 per
2315 2732 2369 2785 in
2399 2729 2577 2801 gratia
2607 2729 2724 2783 sale
2753 2725 2828 2780 sit
2850 2726 3133 2787 conditus,
3168 2729 3229 2776 ut
3265 2720 3458 2777 sciatis
3484 2718 3774 2787 quomodo

2189 2830 2443 2894 oporteat
2465 2835 2568 2875 vos
2596 2818 2908 2887 unicuique
2942 2815 3303 2886 respondere.
3339 2812 3474 2879 Quae
3505 2812 3657 2865 circa
3688 2824 3775 2864 me

2191 2926 2341 2981 sunt,
2382 2914 2566 2969 omnia
2594 2913 2758 2967 vobis
2794 2917 2921 2963 nota
2962 2908 3155 2962 faciet.
3179 2916 3208 2958 δ

2263 3006 2393 3061 Vult
2455 3014 2516 3060 ut
2547 3018 2671 3060 cum
2736 3001 3067 3057 infidelibus
3103 2999 3284 3053 amice
3338 3010 3772 3058 commoremur,

498 3086 747 3159 βούλεται
775 3088 940 3159 μέχρι
976 3087 1075 3158 τῆς
1099 3089 1283 3158 κοινῆς
1315 3084 1523 3157 ταύτης
1555 3083 1762 3153 φιλίας.
1797 3085 1944 3148 Ἕως
1973 3085 2083 3157 γάρ

2190 3098 2475 3156 communi
2533 3097 2639 3150 hac
2698 3093 2969 3148 amicitia.
2992 3091 3128 3146 Nam
3189 3089 3589 3159 quandiucum
3617 3087 3769 3157 ejus-

500 3180 768 3249 σύνεσμεν
824 3182 937 3242 τοῖς
994 3179 1291 3243 τοιούτοις,
1337 3174 1630 3249 εἰρηνικῶς
1692 3179 1932 3231 συνεῖναι
1972 3177 2081 3244 δεῖ,

499 3273 687 3344 ἐπειδὴ
705 3272 844 3342 μετὰ
868 3270 1027 3325 τοῦτο
1055 3269 1211 3325 ἔσται
1239 3268 1301 3322 τό
1320 3286 1333 3300 ο
1354 3268 1518 3325 Κατὰ
1541 3268 1737 3338 μόνας
1768 3267 1859 3320 ἐπ’
1885 3268 2088 3323 ἐλπίδι

500 3362 859 3432 κπῴκησίὶς
880 3379 978 3432 με.

574 3473 595 3509 ι
634 3455 890 3527 Τυχικὺς,
923 3457 951 3509 6
987 3455 1273 3526 ἀγαπητὸς
1309 3455 1559 3525 ἀδελφὸς,
1594 3456 1689 3510 καὶ
1727 3457 1916 3519 πιστὸς
1967 3455 2085 3510 διά-

501 3563 693 3611 κονος,
747 3546 840 3601 καὶ
877 3545 1163 3621 σύνδουλος
1218 3547 1276 3600 ὲν
1319 3546 1543 3619 Κυρίῳ,
1587 3546 1646 3601 ὃν
1672 3546 1902 3619 ἔπεμψα
1948 3547 2088 3618 πρὸς

502 3639 649 3711 ὑμᾶς
677 3638 779 3703 ,εἰς
835 3638 970 3692 αὐτὸ
1024 3635 1205 3706 τοῦτο,
1268 3638 1357 3692 ἵνα
1398 3637 1514 3710 γνῷ
1548 3656 1609 3692 τε
1645 3640 1715 3692 τὰ
1745 3640 1875 3711 περὶ
1908 3638 2085 3710 ὑμῶν,

501 3731 600 3787 καὶ
628 3729 992 3803 παρακαλέσῃ
1037 3730 1138 3795 τὰς
1177 3730 1405 3803 καρδίας
1447 3732 1601 3803 ὑμῶν
1663 3735 1761 3787 σὺν
1805 3733 2089 3803 Ὀνησίμῳ

501 3821 581 3891 τῷ
619 3820 795 3892 πιστῷ
844 3822 939 3875 καὶ
984 3808 1262 3895 ἀγαπῆτῷ
1316 3822 1555 3894 ἀδελφῷ,
1576 3825 1633 3888 ὃς
1657 3826 1807 3878 ἐστιν
1829 3824 1890 3890 ἐξ
1910 3826 2087 3895 ὑμῶν.

505 3911 693 3965 Πάντα
721 3912 853 3983 ὑμῖν
884 3912 1300 3984 γνωρίσουσιτὰ
1322 3906 1447 3970 ὦδε.
1485 3914 1818 3980 Ἀσπάζεται
1850 3916 2020 3987 ὑμᾶς.
2064 3935 2083 3970 ι

592 4081 845 4150 Ἀσιανὸς
875 4085 1015 4159 ἀνὴρ
1044 4086 1331 4143 ἀπολιπὼν
1383 4088 1485 4161 τὴν
1525 4090 1784 4161 πατρίδα,
1842 4093 1935 4145 καὶ
1968 4093 2090 4147 άκο·

501 4180 712 4243 λουθῶν
742 4181 820 4254 τῷ
851 4182 1183 4255 Ἀποστόλῳ.
1218 4183 1310 4238 Διὸ
1335 4185 1427 4239 καὶ
1455 4185 1768 4255 ἀγαπητὸν
1794 4185 2088 4257 ἀδελφὸν.

444 4285 463 4303 ’ί
503 4276 604 4330 καὶ
632 4276 848 4341 manli
885 4274 1196 4342 διάκονον,
1262 4275 1361 4331 καὶ
1410 4276 1763 4332 σύνδουλον
1793 4277 1863 4331 ἐν
1891 4280 2090 4348 Κυρίῳ

504 4368 684 4435 καλεῖ,
718 4369 812 4422 καὶ
833 4368 1223 4438 διδασκαλικῖκ
1278 4368 1501 4440 χάριτος
1551 4370 1910 4440 τετυχηκότα.
1971 4372 2091 4424 Δεί-

2189 3190 2339 3245 modi
2401 3187 2721 3243 hominibus
2781 3199 3093 3248 versamur,
3148 3181 3379 3252 pacifiee
3442 3194 3544 3233 nos
3608 3192 3774 3249 agerc

2187 3288 2445 3351 oportet:
2476 3278 2716 3349 posthac
2747 3276 2899 3332 enim
2956 3275 3051 3329 ﬁet
3101 3273 3279 3327 illud:
3325 3270 3686 3341 Singulariter
3718 3271 3776 3322 in

2189 3390 2279 3444 spe
2305 3373 2631 3428 constituisti
2658 3386 2741 3424 me
2766 3370 2834 3421 τι.

2267 3482 2286 3515 ι
2311 3463 2608 3535 'l‘yehicus,
2660 3457 3031 3515 charissimus
3063 3454 3258 3521 frater,
3306 3460 3362 3509 et
3395 3451 3569 3507 ﬁdelis
3601 3452 3773 3506 mini-

2191 3563 2308 3612 ster
2341 3562 2397 3609 et
2437 3566 2746 3608 conservus
2782 3549 2836 3604 in
2862 3548 3096 3604 Domino
3124 3563 3138 3611 ;
3168 3546 3375 3619 [Vens
3412 3542 3581 3616 8-10]
3611 3559 3772 3614 quem

2190 3648 2319 3703 misi
2345 3646 2411 3700 ad
2445 3660 2545 3700 vos
2576 3643 2643 3697 ad
2673 3643 2778 3698 hoc
2812 3642 3017 3712 ipsum,
3051 3649 3113 3693 ut
3145 3644 3449 3709 cognoscat
3482 3652 3602 3706 quae
3624 3636 3774 3689 circa

2170 3755 2290 3795 "vos
2349 3746 2502 3802 sunt,
2537 3734 2703 3807 214
2745 3742 2800 3790 et
2823 3733 3151 3788 consoletur
3180 3731 3349 3786 corda
3396 3737 3580 3785 vestra
3648 3741 3773 3783 cum

2174 3830 2456 3889 ~0nesimo
2489 3829 2634 3884 tideli
2664 3835 2725 3882 et
2766 3824 3102 3882 eharissimo
3133 3822 3325 3887 fratre,
3367 3822 3464 3892 qui
3500 3835 3567 3876 ex
3623 3820 3778 3875 vobis
3848 3812 3867 3821 ”

2190 3933 2295 3982 est.
2330 3923 2529 3979 Omnia
2580 3935 2703 3991 qua:
2758 3919 3141 3990 hicaguntur,
3182 3923 3311 3971 nota
3347 3914 3553 3971 facient
3592 3914 3771 3969 vobis.

2174 4018 2409 4073 ἥδισται
2437 4028 2558 4069 vos.
2594 4030 2614 4064 ι

2264 4102 2362 4159 Vir
2418 4102 2722 4165 Asiaticus,
2778 4098 2878 4170 qui
2922 4098 3113 4154 relicta
3163 4096 3365 4168 patria,
3409 4107 3635 4151 secutus
3656 4107 3778 4151 erat

2178 4197 2534 4269 .Apostelum.
2568 4191 2943 4260 Quamobrem
2972 4191 3126 4245 illum
3168 4197 3226 4244 et
3260 4187 3632 4242 charissimam
3659 4188 3777 4256 {ra-

2188 4302 2345 4354 trem,
2377 4299 2427 4345 et
2456 4286 2663 4358 fidelem
2693 4286 3022 4348 ministrum,
3047 4291 3096 4337 et
3123 4297 3429 4337 causamn:
3457 4279 3513 4335 in
3542 4279 3775 4333 Domino

2193 4377 2450 4448 appellat,
2495 4389 2710 4429 necnon
2757 4372 2991 4429 docendi
3022 4372 3196 4442 gratia
3238 4379 3516 4424 ornatum.
3556 4367 3779 4439 Signiﬁ-

507 4477 700 4513 κνυσιν
750 4460 843 4514 ἐπὶ
894 4460 1242 4530 παρακλήσει
1281 4459 1390 4514 τῶν
1425 4460 1764 4531 Ἐκκλησιῶν
1821 4464 2083 4518 ἀποστέλ-

2198 4478 2285 4525 eat
2311 4483 2373 4524 se
2404 4469 2578 4528 illim,
2612 4465 2881 4521 Ecclesits
2914 4465 2967 4518 id
3012 4461 3439 4534 postulantibus,
3472 4459 3642 4515 Roma
3671 4461 3776 4514 mi-

504 4551 614 4606 λων
645 4552 809 4606 αὐτὸν
864 4551 975 4606 ἀπὸ
1022 4551 1121 4621 τῆς
1163 4551 1381 4623 Ῥώμης
1434 4552 1531 4606 σὺν
1574 4552 1849 4625 Ὀνησίμῳ
1893 4555 2086 4626 πολίτῃ

509 4642 862 4696 Κολοσσαέων
893 4642 1030 4706 ὄντι,
1060 4641 1157 4696 καὶ
1185 4642 1405 4708 οἰκείως
1436 4642 1574 4715 πρὸς
1630 4645 1756 4709 τοὺς
1799 4646 2090 4713 Ἰουδαίους

507 4732 989 4804 όιποστελλομένῳ.

582 4843 602 4876 ι
653 4822 1013 4895 ’Δρίσταρχος
1041 4824 1071 4877 6
1100 4823 1548 4895 συναιχμάλωτός
1583 4842 1710 4897 μου.
1734 4844 1752 4875 ι

581 4906 753 4979 Οὗτός
799 4908 949 4968 ἐστιν
977 4916 1007 4969 6
1033 4914 1101 4969 ὲκ
1140 4918 1240 4987 τῆς
1293 4916 1703 4987 Θεσσαλονίκης
1773 4921 2093 4997 συναπάρας

506 5004 586 5076 τῷ
608 5004 827 5077 Παύλῳ.
870 5005 1027 5060 Ἐπεὶ
1048 5002 1143 5061 οὖν
1164 5007 1259 5060 καὶ
1289 5006 1544 5079 δεσμώτῃ
1596 5008 1940 5079 συνεξῆλθεν,
1988 5009 2099 5065 ὦσ-

509 5113 619 5167 περ
662 5095 999 5168 αἰχμαλώτῳ
1041 5097 1196 5171 παρὰ
1222 5093 1337 5162 τοῖς
1378 5098 1586 5153 ἔθνεσιν
1643 5099 1775 5166 ὄντι,
1813 5111 2115 5170 συναιχμ-

506 5186 743 5243 dicitur
769 5189 944 5245 καλεῖ.

592 5382 614 5417 ι
649 5367 760 5421 Καὶ
782 5367 1011 5439 Μάρκος
1031 5368 1253 5441 ἀνεψιὸς
1310 5369 1590 5440 Βαρνάϐα,
1620 5374 1750 5439 περὶ
1778 5370 1840 5427 οὗ
1868 5359 2092 5429 ἐλάϐετε

514 5457 755 5524 ἐντολὰς,
786 5458 884 5513 ἐὰν
911 5459 1044 5534 ἔλθῃ
1069 5462 1206 5533 πρὸς
1262 5462 1432 5531 ὑμᾶς,
1478 5461 1712 5527 δέξασθε
1763 5465 1926 5519 αὐτόν
1950 5482 1965 5497 ·
2003 5468 2097 5520 καὶ

529 5547 735 5617 Ἰησοῦς
757 5552 785 5604 6
811 5551 1106 5625 λεγόμενος
1131 5552 1387 5620 Ἰοῦστος,
1419 5555 1467 5607 οί
1496 5553 1651 5620 ὄντες
1671 5556 1734 5609 ἐκ
1765 5557 2089 5628 περιτομῆς.

542 5726 586 5763 ⁷³
604 5727 749 5785 Psal.
788 5738 865 5795 IV,
905 5732 992 5789 10.

2195 4563 2337 4619 sisse
2364 4576 2489 4616 cum
2510 4557 2783 4615 'Onesimo
2805 4558 3157 4613 Colossarum
3188 4555 3327 4617 cive,
3368 4552 3465 4624 qui
3493 4552 3774 4624 speciatim

2184 4666 2248 4711 .et
2274 4655 2524 4726 apposite
2555 4653 2624 4709 ad
2664 4648 2886 4707 Iudaeos
2917 4651 3122 4706 missus
3154 4653 3296 4705 erat.

2277 4849 2295 4882 ι
2322 4830 2680 4886 Aristarchus
2708 4827 3072 4898 coneaptivus
3102 4839 3281 4881 meus.
3314 4842 3336 4878 ι

2270 4919 2370 4976 ille
2417 4921 2535 4990 ipse
2559 4926 2647 4974 est
2672 4913 2778 4988 qui
2799 4915 3199 4972 Thessalonica
3229 4929 3355 4970 eum
3394 4912 3568 4969 Paulo
3598 4912 3779 4969 solve-

2202 5016 2311 5065 rat.
2371 5009 2644 5077 Quoniam
2690 5009 2859 5080 igitur
2891 5015 3007 5062 tum
3073 5006 3299 5078 quando
3353 5005 3561 5061 Paulus
3580 5016 3779 5061 catena

2200 5104 2419 5158 vinctus
2463 5107 2571 5164 est,
2605 5114 2712 5153 una
2738 5113 2863 5153 cum
2890 5096 3013 5165 ipso
3033 5112 3100 5153 ex
3132 5094 3321 5151 Iudaea
3367 5105 3618 5159 venerat,
3652 5112 3782 5149 con-

2202 5194 2440 5262 captivus
2497 5190 2706 5247 idcirco
2737 5199 2986 5254 vocatur,
3018 5202 3089 5243 ac
3130 5186 3177 5244 si
3202 5185 3349 5257 apud
3387 5194 3582 5258 gentes
3606 5187 3781 5256 capti-

2202 5300 2305 5341 vus
2338 5289 2543 5354 ageret.

2276 5394 2296 5427 ι
2322 5374 2389 5429 Et
2412 5373 2630 5429 Marcus
2657 5371 3030 5428 consobrinus
3058 5369 3345 5438 Barnaba,
3385 5371 3456 5427 de
3482 5385 3593 5441 quo
3620 5384 3778 5424 acce-

2201 5465 2365 5537 pistis
2394 5462 2655 5519 mandata
2692 5478 2707 5515 :
2752 5461 2797 5516 si
2836 5461 3051 5517 venerit
3074 5459 3145 5515 ad
3166 5475 3291 5527 vos,
3321 5459 3561 5529 excipite
3585 5459 3778 5514 illum:

2202 5553 2403 5629 (Vens.
2435 5550 2530 5623 tt]
2564 5560 2618 5610 et
2650 5548 2837 5616 Jesus,
2873 5547 3207 5624 quidicitur
3265 5547 3482 5617 Justus,
3509 5548 3603 5619 qui
3651 5552 3777 5605 sunt
