4048 6394
409 325 514 389 903

1607 328 1670 395 ‘S.
1730 332 2050 402 JOANNIS
2089 342 2521 411 DAMASCENI

3567 371 3671 434 904

407 450 472 491 ex
497 423 948 494 circumcisione.
988 439 1050 493 Hi
1080 439 1183 496 soli
1218 449 1346 496 sunt
1375 443 1656 516 adjutores
1687 453 1790 506 mei
1822 453 1874 507 in
1909 469 1960 509 re

2062 452 2262 516 ,Οὗτοι
2303 465 2454 532 μόνοι
2498 470 2751 539 συνεργοὶ
2782 472 2863 536 είς
2896 475 2992 546 τὴν
3032 477 3312 547 βασιλείαν
3367 481 3460 536 τοῦ
3508 483 3645 538 Θεοῦ

404 545 515 600 gno
545 530 665 597 Dei,
690 532 782 600 qui
813 531 944 585 mihi
976 533 1199 588 fuerunt
1228 535 1445 590 solatio.
1469 556 1488 589 ι

477 620 616 674 Eum
673 623 838 675 etiam
869 623 964 692 qui
997 621 1216 678 Marcus
1247 627 1342 680 hic
1364 629 1704 696 nominatur,
1743 645 1985 687 consan-

405 712 645 782 guinitas
659 711 922 768 Barnabas
933 718 1302 770 commendat.
1314 717 1450 773 Nam
1469 718 1750 777 Barnabas
1762 731 1880 777 erat
1891 739 1987 778 no-

406 805 530 857 tior.
548 802 736 858 Jcsum
754 805 906 860 addit
927 808 1018 877 qui
1033 819 1248 862 vocatur
1267 809 1457 865 Justus
1475 829 1495 877 ;
1512 828 1636 867 cum
1657 813 1803 869 hunc
1822 813 1984 872 forsi-

403 900 494 945 tan
529 893 715 948 tideles
741 894 815 948 ita
855 896 1364 964 cognominassent,
1397 900 1467 954 ob
1496 903 1866 958 reverentiam
1889 919 1984 960 no-

401 979 568 1035 minis
595 980 921 1040 Salvatoris.
939 986 1106 1056 Atqui
1130 987 1233 1043 hos
1253 989 1358 1044 sibi
1374 991 1568 1047 solatio
1588 1007 1712 1049 esse
1730 995 1829 1061 ait,
1852 1010 1979 1051 cum

400 1084 588 1126 essent
635 1088 699 1128 ex
733 1076 1176 1142 circumcisione,
1210 1089 1436 1150 propter
1465 1081 1741 1152 jacturam
1788 1089 1980 1158 utique

398 1166 792 1221 contribulium
829 1169 1084 1226 aliorum.
1118 1171 1255 1226 Nam
1291 1175 1340 1228 ei
1369 1176 1460 1245 qui
1484 1186 1706 1248 propter
1738 1180 1863 1237 illos
1885 1181 1981 1253 qui

399 1267 652 1328 pereunt,
683 1259 855 1331 luget,
887 1261 1143 1319 solamini
1175 1273 1306 1321 sunt
1334 1269 1429 1337 qui
1461 1271 1597 1326 salvi
1634 1271 1790 1327 ﬁunt.

471 1427 637 1485 Vens.
674 1429 762 1493 12,
821 1431 909 1486 15.
969 1451 990 1483 ι
1029 1431 1360 1491 Salutatvos
1417 1437 1722 1509 Epaphras,
1778 1443 1875 1514 qui
1907 1458 1975 1500 ex

395 1519 554 1574 vobis
601 1530 708 1586 est,
768 1536 964 1578 servus
998 1523 1224 1588 Christi,
1267 1542 1484 1599 semper
1544 1532 1820 1589 sollicitus
1874 1549 1974 1604 pro

393 1611 552 1666 vobis
594 1611 648 1665 in
681 1613 1047 1681 orationibus,
1101 1623 1162 1671 ut
1200 1619 1358 1674 stetis
1395 1620 1625 1690 perfecti
1656 1631 1710 1679 et
1734 1625 1880 1695 pleni
1915 1627 1968 1680 in

392 1704 541 1757 omni
573 1703 872 1761 voluntate.
923 1705 1324 1764 Testimonium
1358 1713 1509 1768 enim
1571 1715 1648 1769 illi
1682 1717 1966 1786 perhibeo.

392 1795 541 1865 quod
593 1794 759 1851 habet
810 1797 985 1853 zelum
1030 1800 1262 1856 multum
1323 1818 1425 1873 pro
1459 1805 1635 1869 vobis,
1664 1817 1720 1863 et
1763 1823 1863 1878 pro
1902 1809 1960 1866 iis

2071 1830 2152 1883 ὅτι
2181 1831 2295 1901 ἔχει
2325 1794 2688 1903 ζῆλον⁶

389 1884 482 1954 qui
532 1893 661 1940 sunt
699 1883 1007 1954 Laodicea,
1039 1897 1096 1944 et
1135 1890 1230 1960 qui
1260 1891 1560 1963 Hierapoli.
1603 1895 1820 1951 Salutat
1868 1913 1969 1954 vos

387 1973 569 2030 Lucas
613 1975 862 2032 medicus
894 1977 1284 2046 charissimus,
1317 1991 1373 2037 et
1434 1983 1655 2039 Demas.
1714 1985 1968 2045 Salutate

385 2066 586 2123 fratres
616 2068 710 2138 qui
744 2080 876 2124 sunt
906 2069 1208 2136 Laodiceae,
1250 2081 1306 2127 et
1337 2071 1667 2144 Nympham.
1708 2095 1728 2127 ι

455 2156 716 2212 Nonnihil
767 2158 926 2227 juvat
954 2160 1216 2228 amnitas,
1271 2164 1388 2218 sive
1419 2165 1725 2221 secundum
1790 2183 1964 2238 genus

384 2247 478 2310 sit,
519 2249 634 2304 sive
659 2251 964 2306 secundum
999 2253 1257 2322 patriam,
1296 2255 1521 2326 insuper
1559 2258 1727 2312 etiam
1755 2270 1810 2315 et
1841 2274 1964 2331 quae

382 2339 686 2394 secundum
735 2339 1069 2400 doctrinam.
1121 2343 1214 2400 llis
1237 2355 1422 2400 autem
1485 2349 1744 2404 omnibus
1777 2353 1960 2407 modis

381 2424 668 2496 Epaphras
748 2431 1111 2512 Colossenses
1159 2436 1555 2508 contingebat.
1631 2439 1957 2498 Orationum

380 2519 552 2590 igitur
572 2521 816 2578 studium
849 2525 1223 2593 commendat,
1251 2527 1382 2583 dum
1405 2527 1475 2584 de
1493 2529 1603 2586 illis
1647 2545 1958 2591 sermonem

379 2609 566 2665 habet.

455 2717 475 2750 ι
500 2701 567 2754 Ει
596 2704 787 2771 quain
804 2703 969 2760 domo
988 2706 1112 2779 ejus
1145 2718 1251 2778 est,
1275 2710 1602 2770 Ecclesiam.
1626 2714 1820 2788 [Vena
1839 2715 1959 2789 46.]

378 2788 443 2843 Et
473 2806 598 2845 cum
630 2795 770 2849 lecta
810 2795 978 2853 fuerit
1008 2801 1154 2870 apud
1185 2817 1285 2859 vos
1319 2804 1571 2876 Epistola
1600 2808 1737 2874 haec,
1765 2788 1954 2876 facite,

377 2893 516 2968 utet
547 2886 601 2938 in
625 2884 1049 2946 Laodicensium
1074 2894 1310 2951 ecclesia
1346 2897 1582 2968 legatur.
1613 2918 1633 2950 ι

448 2966 902 3044 Unamquamque
933 2979 1103 3033 etiam
1137 2995 1236 3051 per
1272 2966 1468 3042 domos
1525 2987 1828 3046 Ecclesiam
1853 2991 1954 3049 ad-

375 3057 653 3126 hortatur,
713 3071 772 3118 ut
806 3065 1066 3135 pietatem
1093 3085 1224 3142 erga
1259 3074 1431 3130 Deum
1483 3079 1690 3137 colant.
1720 3081 1826 3140 Ubi
1853 3083 1955 3140 do-

373 3166 517 3218 mos,
550 3155 701 3224 ipsas
727 3173 949 3230 quoque
975 3164 1243 3222 ecclesias
1271 3169 1529 3238 appellat.

449 3267 468 3298 ι
504 3249 572 3302 Ει
594 3265 715 3306 eam
745 3269 869 3323 quae
895 3268 1065 3314 estex
1089 3259 1386 3331 Laodicea,
1411 3280 1510 3322 vos
1537 3267 1752 3339 legatis.
1785 3287 1805 3323 ι

441 3337 682 3396 Primam
720 3342 1016 3414 Epistolam
1056 3352 1126 3406 ad
1158 3353 1506 3413 Timotheum
1536 3337 1693 3416 dicit.
1715 3361 1950 3428 Quidam

369 3431 528 3486 aiunt
556 3449 666 3489 non
701 3436 790 3492 hic
819 3436 1120 3511 Epistolam
1147 3444 1304 3503 innui
1348 3464 1511 3519 quam
1544 3449 1749 3508 Paulus
1777 3453 1846 3508 ad
1881 3456 1950 3508 il-

369 3519 453 3575 los
513 3525 744 3580 miserit.
775 3527 893 3584 Non
951 3532 1100 3588 enim
1161 3536 1260 3602 ait,
1298 3538 1368 3592 ad
1399 3539 1796 3610 Laodicenses,
1851 3544 1948 3600 sed

366 3622 487 3662 eam
523 3625 644 3678 quae
666 3611 931 3670 Laodicea
963 3620 1170 3690 scripta
1202 3633 1352 3679 esset
1375 3626 1443 3680 ad
1474 3626 1730 3685 Paulum.

451 3699 618 3756 Vsus.
652 3703 740 3768 l7,
774 3705 864 3759 18.
904 3726 923 3758 ι
960 3709 1028 3762 Ει
1057 3710 1225 3768 dicite
1255 3713 1532 3787 Archippo
1563 3737 1576 3774 :
1615 3718 1754 3776 Vide
1775 3721 1947 3778 mini-

365 3793 597 3846 sterium
633 3794 780 3862 quod
812 3797 1078 3867 accepisti
1104 3814 1134 3853 a
1160 3801 1413 3872 Domino,
1440 3817 1501 3863 ut
1524 3808 1662 3865 illud
1688 3811 1941 3883 impleas.

367 3883 639 3939 Salutatio
671 3900 792 3942 mea
824 3902 991 3945 manu
1011 3890 1190 3950 Pauli.
1228 3913 1248 3948 ι

433 3974 574 4029 Cum
601 3975 1002 4036 ministratoria
1024 3983 1274 4054 quaedam
1308 4003 1444 4045 cura
1496 3991 1628 4050 huic
1657 3997 1821 4068 215
1852 4000 1944 4056 in-

362 4065 552 4134 iuncta
580 4076 752 4133 esset,
779 4086 906 4127 eum
934 4079 1381 4147 commonefacit,
1423 4085 1504 4140 uti
1530 4065 1844 4157 jussione—m
1873 4108 1941 4149 ac

362 4173 592 4227 pensum
643 4173 980 4235 exsequatur
1008 4187 1023 4223 :
1051 4169 1220 4244 idque
1271 4175 1327 4229 in
1368 4175 1622 4248 Domino,
1674 4190 1735 4238 ut
1779 4184 1937 4252 nihil,

359 4251 480 4306 sive
502 4267 728 4318 parvum
753 4256 847 4322 sit,
879 4259 999 4318 sive
1045 4278 1329 4334 magnum,
1361 4269 1520 4327 aliter
1552 4273 1670 4342 ﬁat,
1692 4276 1802 4334 nisi
1836 4251 1928 4335 se?

358 4343 599 4399 cundum
631 4345 824 4404 Deum.

433 4451 453 4485 ι
493 4434 762 4495 Memor-es
799 4450 977 4500 estote
1008 4446 1355 4507 vinculorum
1385 4470 1656 4514 meorum.
1687 4481 1706 4515 ι

435 4523 558 4582 Non
587 4544 714 4586 eum
743 4533 914 4602 pudet
939 4537 1306 4608 vinculorum,
1330 4547 1463 4616 quin
1493 4559 1549 4607 et
1591 4551 1660 4608 iis
1693 4556 1937 4614 oblecta-

353 4623 488 4762 ἕως
514 4634 684 4693 seque
718 4624 899 4697 ipsum
928 4637 1155 4701 propter
1177 4634 1270 4692 illa
1299 4640 1683 4701 recordatione
1704 4647 1932 4721 dignum

395 4710 530 4762 ucit.

395 4710 530 4764 ucit.

428 4816 450 4850 ι
480 4799 670 4859 Gratia
693 4805 1007 4868 vobiscum.
1039 4811 1238 4871 Amen.
1265 4835 1284 4870 ι

425 4887 656 4947 Volebat
698 4896 844 4951 enim
881 4901 938 4955 in
996 4909 1316 4963 memoriam
1357 4912 1608 4981 ipsorum
1665 4933 1928 4981 revocare
1978 4973 1981 4976 .

351 4977 670 5037 universum
702 4999 878 5056 genus
923 4990 1208 5052 hominum
1270 4977 1505 5059 salutem
1536 5022 1635 5076 per
1690 4977 1921 5083 gratiam

348 5069 681 5130 obtinuisse.

417 5162 502 5218 Ad
550 5161 885 5266 Colossen‘m
923 5171 1098 5266 iRoma
1133 5183 1344 5253 scripsit
1396 5206 1492 5258 per
1551 5193 1836 5266 Tychicum
1873 5211 1924 5258 et

773 5258 1100 5356 Onesimum.
1143 5271 1332 5334 Versus
1367 5280 1494 5339 208.

2093 549 2290 616 οἵτινες
2319 556 2656 630 ἐγενήθησάν
2687 580 2777 632 μοι
2796 572 3129 641 παρηγορία.
3168 592 3186 624 s

2169 643 2275 696 Καὶ
2307 647 2339 716 ἡ
2369 649 2508 718 πρὸς
2539 651 2828 720 Βαρνάόαν
2880 661 3170 729 συγγένεια
3225 665 3512 736 συνίστησι
3577 669 3654 724 τὶτ

2087 729 2494 830 ὀνομαζόμενον
2535 743 2782 814 Μάρκον.
2837 748 2878 800 Γ
2881 751 3266 823 νωριμώτερος
3320 729 3490 826 γὰρ-ό
3521 757 3650 830 Βαρ-

2086 820 2274 887 νάὃας.
2308 825 2518 896 Ἰησοῦν
2538 829 2594 883 δὲ
2623 834 2820 903 ἐπάγει
2849 820 2968 890 τὸνί
2988 820 3646 909 λεγόμενονλίοῦστοκ

2084 911 2218 976 ἴσως
2269 916 2720 988 ἐπονομαζόντων
2771 927 2944 981 αὐτὸν
2998 929 3142 984 οὕτω
3186 933 3296 985 τῶν
3356 936 3568 989 πιστῶν
3599 936 3649 988 δι

2081 1002 2369 1060 εὐλάϐειαν
2416 1010 2517 1080 τὴν
2578 1015 2709 1084 περὶ
2735 1017 2797 1069 τὸ
2832 1018 3004 1090 ὄνομα
3058 1022 3332 1094 Σωτῆρος.
3382 1025 3477 1079 Ἐκ
3503 1043 3666 1096 περι-

2079 1095 2256 1188 τομῆς
2280 1097 2338 1150 δὲ
2370 1101 2595 1167 τούτους
2654 1106 2835 1175 ὕντας,
2874 1115 3216 1184 παρηγορίαν
3273 1116 3454 1187 ἐαυτῷ
3493 1095 3662 1188 φησιν

2079 1181 2221 1240 εἶναι
2252 1189 2340 1243 διὰ
2391 1193 2491 1264 τὴν
2539 1197 2820 1255 ἀπώλειαν
2858 1203 2966 1257 τῶν
3023 1207 3320 1275 συγγενῶν.
3365 1208 3659 1264 Πενθοῦντι

2079 1277 2190 1348 γὰρ
2227 1280 2322 1335 ἐπὶ
2382 1286 2497 1349 τοῖς
2557 1289 2886 1360 ἀπολωλόσι,
2942 1297 3286 1366 παραμύθιον
3315 1299 3364 1350 oi
3411 1299 3655 1369 σωζόμεο

2077 1388 2178 1426 νοι.
3612 1438 3622 1446 .

2157 1484 2176 1516 ι
2228 1465 2557 1532 Ἀσπάζεται
2605 1472 2751 1542 ὑμᾶς
2785 1473 3072 1548 Ἐπαφρᾶς
3100 1479 3128 1530 ὁ
3169 1479 3228 1543 ἐξ
3275 1479 3428 1550 ὑμῶν
3469 1480 3658 1546 δοῦλος

2074 1555 2334 1627 Χριστοῦ,
2369 1559 2603 1614 πάντοτε
2643 1564 3046 1636 ἀγωνιζόμενος
3075 1569 3218 1640 ὑπὲρ
3265 1571 3419 1640 ὑμῶν
3448 1573 3505 1624 ὲν
3534 1577 3657 1637 ταῖς

2074 1652 2424 1720 προσευχαῖς,
2474 1652 2564 1707 ἵνα
2603 1655 2767 1724 στῆτε
2819 1657 3052 1725 τέλειοι,
3103 1661 3199 1714 καὶ
3230 1662 3656 1732 πεπληρωμένοι

2075 1740 2134 1792 ὲν
2165 1740 2329 1793 παντὶ
2372 1741 2642 1813 θελήματι
2664 1745 2758 1798 τοῦ
2787 1747 2946 1801 Θεοῦ.
2999 1749 3279 1820 Μαρτυρεῖ)
3311 1751 3418 1822 γὰρ
3479 1753 3652 1823 αὐτῷ⁹

2737 1836 2877 1908 ὑπὲρ
2911 1838 3087 1908 ὑμῶν,
3147 1840 3242 1893 καὶ
3292 1841 3400 1894 τῶν
3429 1844 3487 1896 ἐν
3515 1843 3656 1896 Λαο-

2069 1922 2278 1994 δικείᾳ,
2334 1926 2429 1979 καὶ
2489 1927 2598 1981 τῶν
2645 1929 2702 1982 ὲν
2749 1929 3074 2000 Ἱεραπόλει.
3114 1932 3449 1997 Ἀσπάζεται
3506 1935 3652 2006 ὑμᾶς

2067 2015 2284 2078 Λουκᾶς
2322 2018 2351 2069 ό
2381 2018 2564 2088 ἰατρὸς
2593 2021 2621 2072 ό
2656 2020 2942 2092 ἀγαπητὸς
2964 2062 2980 2087 ,
3041 2024 3136 2077 καὶ
3187 2025 3398 2096 Δημᾶς.
3442 2025 3649 2080 Ἀσπά-

2067 2103 2228 2170 ζεσθε
2273 2107 2399 2171 τοὺς
2428 2110 2484 2160 ἐν
2515 2110 2807 2182 Λαοδικείᾳ
2855 2114 3142 2184 ἀδελφοὺς,
3189 2117 3285 2169 καὶ
3329 2117 3588 2188 Νυμφᾶν.
3619 2136 3640 2170 s

2148 2199 2473 2269 Ἐργάζεταί
2495 2219 2549 2254 τι
2580 2205 2676 2257 καὶ
2707 2206 2741 2273 ἠ
2771 2205 2912 2259 κατά
2952 2206 3141 2275 γένος,
3176 2209 3269 2261 καὶ
3298 2209 3330 2275 ἡ
3367 2209 3506 2262 κατὰ
3549 2228 3651 2262 πα-

2064 2291 2224 2363 τρίδα
2253 2293 2546 2365 οἰκειότης,
2582 2295 2665 2349 ἔτι
2695 2296 2749 2349 δὲ
2776 2299 2869 2351 καὶ
2904 2301 3097 2370 ἡκατά
3129 2299 3227 2372 τὴν
3277 2301 3648 2359 διδασκαλίαν.

2065 2381 2254 2436 Ταῦτα
2273 2383 2330 2436 δὲ
2369 2385 2547 2439 πάντα
2580 2388 2796 2458 ὑπῆρχε
2829 2388 2908 2459 τῷ
2949 2390 3328 2463 Ἐπαφροδίτῳ
3357 2392 3494 2462 πρὸς
3520 2394 3649 2456 τοὺς

2063 2474 2432 2540 Κολοσσαέας.
2470 2478 2581 2548 Τὴν
2611 2474 2704 2532 οὖν
2729 2481 2838 2533 τῶν
2884 2481 3062 2550 εὐχῶν
3112 2483 3349 2553 σπουδὴν
3375 2482 3648 2538 δείκνυσιν

2064 2567 2124 2621 ὲν
2152 2567 2231 2640 τῷ
2258 2568 2618 2640 περὶτούτων
2645 2569 2974 2644 διηγήματι.

2147 2767 2166 2801 ι
2194 2751 2306 2805 Καὶ
2327 2752 2428 2824 τὴν
2457 2754 2583 2808 κατ’
2616 2749 2766 2811 οἷκον
2796 2755 2964 2812 αὐτοῦ
3007 2757 3355 2832 Ἐκκλησίαν.
3387 2762 3496 2816 Καὶ
3514 2762 3645 2818 ὅταν

2059 2841 2382 2917 ἀναγνωσθῇ
2431 2846 2564 2917 παρ’
2629 2849 2760 2918 ὑμῖν
2787 2851 2821 2921 ή
2858 2850 3153 2922 ἐπιστολὴ,
3202 2856 3501 2924 ποιήσατε,
3557 2855 3645 2908 ἵνα

2059 2933 2154 2987 καὶ
2178 2935 2236 2987 ὲν
2255 2936 2321 3005 τῇ
2343 2936 2656 2992 Λαοδικέων
2677 2941 2944 3014 ἐκκλησία
2970 2944 3315 3016 ἀναγνωσθῇ.
3341 2965 3362 2998 ι

2137 3027 2452 3098 Προτρέπει
2499 3030 2594 3084 καὶ
2646 3031 2748 3103 τὴν
2807 3037 2932 3089 κατ’
2989 3035 3178 3101 οἴκους
3244 3039 3531 3093 ἀσκεῖσθαι
3571 3040 3642 3094 τά

1980 3133 2024 3192 C
2056 3115 2156 3184 τῆς
2211 3114 2554 3188 θεοσεὸείας,
2621 3121 2921 3193 ἐκκλησίας
2997 3125 3182 3180 καλῶν
3231 3127 3327 3182 καὶ
3379 3131 3506 3192 τοὺς
3561 3130 3642 3182 ol-

2060 3225 2211 3272 κους.

2130 3319 2149 3352 ι
2173 3302 2280 3355 Καὶ
2307 3302 2408 3374 τὴν
2427 3302 2491 3357 ὲκ
2506 3303 2852 3376 Λαοδικείας,
2886 3309 2976 3364 ἵνα
2998 3312 3094 3365 καὶ
3121 3312 3277 3383 ὑμεῖς
3299 3312 3600 3384 ἀναγνῶτε.
3616 3335 3633 3367 ι

2121 3393 2236 3465 Τὴν
2256 3395 2395 3465 πρὸς
2420 3395 2686 3467 Τιμόθεον
2731 3400 2959 3473 πρώτην
3018 3404 3189 3472 λέγει.
3247 3407 3402 3470 Τινές
3451 3426 3635 3478 φασιν,

2055 3482 2138 3536 ὅτι
2177 3485 2300 3555 οὐχὶ
2343 3486 2444 3555 τὴν
2487 3487 2704 3542 Παύλου
2755 3493 2895 3562 πρὸς
2946 3496 3143 3561 αὐτοὺς
3191 3498 3633 3571 ἀπεσταλμένην.

2055 3575 2130 3628 Οὐ
2155 3577 2262 3648 γάρ
2291 3577 2462 3646 λέγει,
2502 3580 2603 3652 τὴν
2625 3581 2765 3653 πρὸς
2814 3586 3137 3654 Λαοδικέας,
3179 3589 3316 3644 ἀλλά
3353 3591 3454 3662 τὴν
3504 3593 3634 3662 παρ’

2051 3667 2232 3721 αὐτῶν
2256 3669 2452 3741 Παύλῳ
2479 3672 2548 3725 ἐκ
2562 3675 2920 3745 Λαοδικείας
2950 3683 3287 3752 γραφεῖσαν.

2131 3776 2152 3812 ι
2180 3760 2292 3814 Καὶ
2339 3763 2534 3816 εἴπατε
2580 3765 2871 3840 Ἀρχίππῳ
2894 3783 2908 3798 ·
2941 3770 3116 3826 Βλέπε
3176 3773 3275 3844 τὴν
3309 3773 3586 3828 διακονίαν
3611 3816 3628 3843 ,

2051 3850 2118 3921 ῆν
2136 3853 2444 3922 παρέλαϐες
2469 3856 2529 3909 ἐν
2550 3857 2770 3930 Κυρίῳ,
2809 3861 2898 3916 ἵνα
2931 3863 3100 3936 αὐτὴν
3151 3865 3400 3939 πληροῖς.
3443 3867 3504 3924 '0
3528 3871 3628 3924 ἀσ-

2050 3944 2272 4015 πασμὸς
2292 3947 2359 4017 τῇ
2381 3948 2489 4020 ἐμῇ
2513 3952 2656 4021 χειρὶ
2681 3953 2915 4011 Παύλου.
2938 3975 2958 4011 s

2131 4037 2461 4110 Διακονικήν
2503 4058 2629 4096 τινα
2673 4047 2936 4115 φροντίδα
2973 4051 3474 4124 προστεταγμένον,
3500 4055 3625 4109 τοῦ·

2046 4143 2139 4180 τον
2178 4129 2592 4204 ἀναμιμνήσκει
2642 4135 2891 4209 πληροῦν
2919 4141 2981 4194 τὸ
3001 4143 3303 4216 ἐπίταγμα,
3341 4147 3435 4200 καὶ
3469 4147 3627 4202 τοῦτο

2044 4217 2117 4272 ἐν
2146 4221 2362 4288 Κυρίῳ,
2394 4222 2481 4277 ἵνα
2512 4225 2680 4296 μηδὲν
2717 4229 2941 4298 ἑτέρως,
2981 4235 3120 4305 μήτε
3158 4235 3333 4307 μέγα,
3373 4239 3510 4311 μήτε
3537 4256 3660 4310 μι-.

2045 4308 2178 4380 κρδν
2197 4311 2438 4383 γίνηται,
2467 4313 2584 4368 ἀλλ’
2612 4315 2646 4388 ἦ
2671 4319 2811 4374 κατά
2831 4321 2987 4380 Θεόν.

1965 4485 2010 4542 lt
2115 4503 2133 4535 ι
2166 4486 2553 4558 Μνημονεύετέ
2585 4510 2686 4564 μου
2719 4496 2827 4550 τῶν
2863 4497 3099 4570 δεσμῶν.
3136 4521 3155 4555 ι

2111 4579 2227 4632 Οὐκ
2275 4580 2593 4651 αἰσχύνεται
2632 4588 2746 4650 τοῖς
2771 4588 3015 4659 δεσμοῖς,
3062 4593 3199 4649 ἀλλά
3244 4596 3341 4650 καὶ
3392 4599 3620 4668 ἀγάλλε-

2036 4685 2163 4724 ταιο
2198 4671 2530 4729 καὶτούτων
2571 4677 2734 4733 ἕνεκα
2783 4683 3010 4755 μνήμης
3053 4686 3203 4754 ἄξιον
3239 4691 3435 4747 ἑαυτὸν
3475 4689 3620 4750 οἷδεν

2035 4763 2185 4819 ὄντα.

2113 4855 2234 4962 ("II
2267 4859 2429 4930 χάρις
2463 4861 2586 4932 μεθ’
2623 4863 2799 4934 ὑμῶν.
2828 4867 3025 4940 Ἀμήν.
3059 4890 3080 4924 ›

2034 5050 2238 5091 σωσται
2264 5038 2323 5092 τὸ
2343 5039 2455 5094 τῶν
2483 5043 2790 5116 ἀνθρώπων
2814 5049 2990 5117 γένος.

2030 5212 2187 5281 Πρὸς
2223 5217 2605 5309 Κολοσσαεῗς
2629 5223 2858 5297 ἐγράφη
2888 5228 3008 5284 ἀπὸ
3043 5229 3265 5304 Ῥώμης
3300 5233 3402 5292 διὰ
3444 5240 3612 5309 Τυχι-

2303 5305 2408 5361 ιιοῦ
2434 5309 2533 5364 καὶ
2569 5311 2908 5388 Ὀνησίμου.
2942 5320 3176 5382 Στίχων
3201 5328 3317 5385 σιπιό
