4048 6392
417 341 538 407 907

1631 345 1690 404 S.
1709 344 2032 406 JOANNIS
2072 343 2507 406 DAMASCENI

3602 347 3708 410 903

428 456 480 510 in
525 455 679 509 vobis
735 453 843 509 vim
883 451 1095 516 habuit,
1155 451 1549 507 ut'imitatores
1581 455 1761 508 nostri
1818 463 1873 509 et
1902 453 2001 507 Do-

2121 455 2266 522 ὑμᾶς
2295 455 2452 525 ἡμῶν
2481 453 2761 523 γενέσθαι,
2795 453 2889 506 καὶ
2912 451 3007 506 τοῦ
3051 452 3280 524 Κυρίου.
3318 452 3491 508 Τοῦτο
3534 455 3590 509 δὲ
3615 456 3706 510 λέ-

425 543 558 597 mini
591 541 916 597 evaderctis.
971 540 1063 594 Sic
1093 549 1274 596 autem
1307 541 1570 610 loquitur,
1613 552 1836 612 propter
1867 541 2011 597 allii-

423 633 641 688 ctiones
661 633 865 704 quibus
895 641 1124 687 vexatus
1153 639 1238 686 est
1258 647 1287 685 a
1315 631 1538 687 Judaeis.

493 727 660 782 Vens.
712 725 832 780 7-9.
891 744 908 775 ι
943 723 1018 777 Ita
1057 733 1119 779 ut
1183 723 1307 778 facti
1357 725 1479 781 sitis
1533 724 1707 780 forma
1756 724 2013 781 omnibus

421 818 779 876 credentibus
845 818 899 872 in
934 815 1259 871 Macedonia
1313 825 1369 873 et
1406 818 1460 872 in
1501 818 1731 874 Achaia.
1787 818 1832 873 A
1857 820 2012 876 vobis

419 915 568 967 enim
600 909 918 965 diliamatus
945 913 1031 963 est
1079 923 1265 963 sermo
1320 907 1553 972 Domini,
1603 925 1708 964 non
1741 911 1920 966 solum
1958 911 2012 965 in

420 1002 742 1059 Macedonia
767 1009 822 1056 et
856 1000 910 1053 in
937 999 1179 1066 Achaia;
1212 999 1308 1055 sed
1335 1009 1389 1055 et
1437 1001 1492 1056 in
1527 1001 1676 1056 omni
1713 1003 1838 1058 loco
1878 1002 2012 1062 ﬁdes

421 1103 611 1151 vestra
644 1108 766 1165 qua:
801 1099 886 1147 est
918 1091 1060 1161 apud
1081 1088 1274 1156 Deum,
1303 1090 1549 1160 profecta
1581 1101 1685 1158 est,
1708 1094 1782 1148 ita
1824 1101 2012 1151 utnon

2120 563 2234 616 γει,
2265 547 2334 600 δι’
2361 547 2426 611 ἃς
2447 547 2710 618 ὑπέμεινε
2749 547 2962 617 θλίψεις
2991 547 3145 617 παρὰ
3167 547 3276 600 τῶν
3318 547 3612 603 Ἰουδαίων.

2197 743 2214 775 ι
2247 725 2410 777 Ὥστε
2435 723 2687 794 γενέσθαι
2721 723 2866 794 ὑμᾶς
2882 723 3089 785 τύπους
3121 721 3258 774 πᾶσι
3282 721 3392 784 τοῖς
3419 721 3706 776 πιστεύου⁹

2118 833 2202 870 σιν
2247 816 2305 867 ὲν
2365 818 2432 886 τῇ
2493 815 2804 886 Μακεδονίᾳ
2868 815 2965 868 καὶ
3004 816 3071 885 τῇ
3113 813 3328 884 ’Δχαΐᾳ.
3390 814 3509 881 Ἀφ’
3551 815 3709 884 ὑμῶν

2115 908 2223 980 γὰρ
2259 908 2526 980 ἐξήχηται
2559 911 2588 962 ὀ
2622 909 2782 977 λόγος
2833 908 2928 961 τοῦ
2965 907 3205 978 Κυρίου,
3249 907 3311 960 οὐ
3344 893 3503 978 μόνον
3549 908 3607 960 ὲν
3637 909 3704 977 τῇ

2115 1000 2430 1073 Μακεδονίᾳ
2479 1001 2575 1054 καὶ
2601 1002 2660 1054 ὲν
2717 1003 2785 1071 τῇ
2829 999 3046 1071 Ἀχαΐᾳ,
3099 997 3236 1052 άλλὰ
3270 999 3364 1052 καὶ
3425 1001 3482 1052 ἐν
3542 1001 3707 1054 παντὶ

2114 1096 2334 1167 τόπῳή
2380 1095 2562 1159 πίστις
2616 1094 2774 1165 ὑμῶν
2818 1093 2958 1165 πρὸς
3015 1093 3108 1146 τὸν
3156 1093 3290 1147 Θεὸν
3344 1092 3704 1164 ἐξελήλυθεν,

420 1191 493 1244 sit
515 1188 672 1243 nobis
697 1199 924 1241 necesse
954 1182 1253 1255 quidquam
1298 1183 1470 1254 loqui.
1495 1183 1604 1254 Ipsi
1634 1187 1780 1240 enim
1809 1187 1876 1242 de
1911 1203 2001 1243 vo-

2115 1186 2258 1241 ὥστε
2292 1187 2367 1258 μὴ
2402 1187 2595 1259 χρείαν
2650 1185 2798 1257 ὑμᾶς
2851 1185 2998 1254 ἔχειν
3051 1184 3236 1239 λαλεῖν
3268 1200 3342 1238 τι.
3393 1183 3557 1257 Αὐτοὶ
3595 1187 3707 1253 γάρ

418 1284 506 1339 bis
560 1280 928 1344 annuntiant,
990 1276 1209 1347 qualem
1264 1275 1552 1332 introitum
1602 1278 1902 1336 habeamus
1942 1280 2008 1335 ad

418 1389 541 1430 vos.
578 1371 645 1426 Et
679 1365 1014 1441 quomodo?»
1624 1445 1630 1450 _
1875 1443 1879 1446 γ

491 1463 630 1519 Vide
669 1471 880 1534 quanto
923 1461 1266 1516 incremento
1319 1461 1464 1516 aucti
1505 1471 1687 1530 erant,
1728 1471 1788 1518 ut
1822 1472 1878 1520 et
1905 1466 2011 1536 ipsi

418 1558 594 1614 forma
643 1555 836 1611 ﬁerent
887 1554 1033 1620 aliis,
1083 1568 1274 1624 neque.
1304 1555 1494 1624 paucis
1540 1556 1881 1624 hominibus,
1915 1560 2010 1616 sed

417 1654 472 1703 ct
537 1646 757 1702 cunctis
804 1644 1122 1715 regionibus
1187 1653 1240 1700 et
1299 1645 1582 1718 gentibus,
1614 1647 1670 1701 in
1695 1645 2010 1703 Macedonia

2114 1277 2246 1348 περὶ
2299 1277 2455 1348 ὐμῶν
2510 1276 2953 1346 ἀπαγγέλλουσιν
3004 1274 3198 1329 ὁποίαν
3246 1275 3455 1330 εἴσοδον
3505 1274 3706 1346 ἔχομεν

2115 1371 2253 1442 πρὸς
2292 1372 2458 1442 ὑμᾶς.
2491 1370 2602 1425 Καὶ
2632 1369 2770 1434 πῶς.
2812 1389 2830 1421 ι
2935 1377 2938 1379 ’

2188 1465 2332 1536 Ὅρα
2372 1465 2549 1533 πόσην
2600 1463 2761 1534 ἔσχον
2797 1461 3062 1526 ἐπίδοσιν,
3105 1461 3182 1524 ὡς
3219 1461 3315 1514 καὶ
3354 1459 3556 1523 αὐτοὺς
3583 1457 3704 1511 ἐτέ-

2116 1571 2234 1626 ροις
2265 1553 2518 1622 γίνεσθαι
2575 1551 2770 1617 τύπον,
2828 1551 2924 1605 καὶ
2975 1552 3077 1604 οὐκ
3124 1549 3364 1619 ὀλίγοις,
3405 1548 3545 1603 ἀλλὰ
3581 1552 3703 1602 κκαὶ

2114 1644 2322 1717 χώραις
2351 1644 2521 1708 ὅλαις,
2563 1643 2658 1697 καὶ
2713 1643 2949 1696 ἔθνεσινο
2990 1643 3061 1696 ἐν
3089 1640 3164 1710 τῇ
3198 1640 3543 1707 Μακεδονίᾳ
3590 1639 3702 1710 γὰρ

415 1738 698 1802 nimirum,
734 1745 783 1790 et
827 1737 883 1790 in
941 1736 1171 1791 Achaia.
1220 1735 1365 1792 Bene
1411 1751 1541 1792 vero
1571 1738 1670 1803 ait,
1698 1738 2001 1808 di/famatua:

2115 1734 2212 1788 καὶ
2244 1735 2314 1788 ἐν
2359 1734 2432 1804 τῇ
2474 1736 2696 1805 Ἀχαΐᾳ.
2731 1733 2808 1788 Εὐ
2837 1734 2895 1787 δὲ
2922 1733 3020 1789 καὶ
3048 1732 3110 1786 τὸ
3149 1731 3448 1802 ὲξηχήθη,
3481 1731 3572 1786 διὰ
3598 1729 3696 1800 τὴν

396 1839 515 1895 τοδε,
549 1843 644 1884 seu
675 1827 1017 1898 divulgatus;
1064 1835 1123 1882 ut
1165 1827 1629 1899 superjectionem
1659 1830 2009 1888 claritudinis

425 1918 789 1990 signiﬁcaret.

487 2027 506 2060 ι
538 2008 805 2064 Conversi
834 2007 971 2064 estis
1005 2007 1072 2064 ad
1134 2007 1304 2064 Deum
1341 2023 1371 2065 a
1420 2009 1761 2079 simulacris,
1797 2013 2009 2070 servire

415 2099 529 2154 Deo
555 2101 678 2155 vivo
713 2106 766 2154 et
793 2113 944 2154 vero.
975 2118 995 2152 ι

471 2192 755 2258 Quoniam
787 2191 880 2246 Dei
913 2191 1192 2261 quondam
1227 2189 1465 2261 fuerant,
1495 2208 1734 2264 cumque
1775 2197 2007 2268 posthac

409 2282 792 2350 aberrassent,
841 2283 1025 2338 vocati
1066 2298 1289 2340 rursum
1353 2292 1531 2352 erant,
1590 2285 1803 2342 idcirco
1846 2287 2004 2354 dixit,

2116 1825 2426 1898 ὑπερϐολὴν
2452 1829 2550 1898 τῆς
2581 1826 2988 1899 λαμπρότητος.

2191 2025 2210 2057 ‹
2241 2004 2653 2077 ξυνεστρὲψατε
2682 2004 2823 2077 πρὸς
2857 2005 2950 2059 τὸν
2973 2002 3110 2058 Θεὸν
3151 2000 3261 2056 ἀπὸ
3297 1998 3407 2052 τῶν
3437 1997 3695 2063 εἰδώλων,

2111 2068 2420 2169 Θεῷῒῶντι
2447 2068 2540 2152 καί
2567 2068 2830 2167 ἀληθινῷ.
2856 2113 2876 2148 ι

2193 2190 2415 2259 Ἐπειδὴ
2448 2189 2584 2243 Θεοῦ
2620 2184 2784 2259 ἦσαν,
2823 2186 2920 2242 καὶ
2955 2185 3365 2258 ἐπλανήθησαν,
3393 2187 3491 2239 καὶ
3530 2181 3696 2237 πάλιν

2108 2284 2442 2357 ἐκλήθησαν,
2471 2282 2560 2338 διὰ
2583 2283 2764 2351 τοῦτο,
2804 2281 3239 2351 ἐπεστρέψατε,
3290 2275 3446 2334 εἶπεν
3466 2295 3481 2310 ·
3515 2277 3696 2339 καλῶς

409 2375 651 2428 conversi
679 2375 828 2430 estis.
863 2373 1036 2430 Recte
1081 2383 1265 2431 autem
1317 2377 1526 2440 subdit,
1561 2379 1694 2445 vivo,
1728 2387 1787 2434 ut
1807 2380 2001 2437 distin-

2106 2377 2164 2432 δὲ
2198 2376 2314 2442 καὶ,
2344 2375 2426 2443 τῷ
2469 2375 2659 2442 ζῶντι,
2713 2374 2852 2446 πρὸς
2891 2371 3302 2444 άντιδιαστολὴν
3339 2370 3435 2425 τοῦ
3482 2368 3693 2442 ἀψύχου

411 2473 616 2536 guatur
667 2465 737 2522 ab
759 2465 906 2523 idolo
937 2466 1274 2535 inanimato;
1312 2479 1424 2524 tum
1447 2469 1668 2535 deinde,
1690 2480 1739 2526 et
1766 2487 1907 2538 vero,
1935 2472 2001 2528 ad

2107 2469 2359 2525 εἰδώλου·
2392 2470 2489 2524 καί
2521 2469 2601 2534 τῷ
2631 2467 2920 2537 ἀληθινῷ,
2961 2466 3098 2537 πρὸς
3128 2453 3542 2533 άντιδιαστολῆν
3585 2463 3694 2516 τῶν

409 2554 778 2610 dili‘erentiam
799 2569 990 2611 eorum
1009 2555 1102 2625 qui
1125 2555 1262 2610 falso
1283 2554 1544 2610 dicuntur
1583 2557 1679 2611 dii.

2104 2561 2350 2631 ψευδωνύ
2359 2579 2477 2633 μων
2503 2559 2666 2633 θεῶν..

481 2647 646 2704 Vens.
680 2647 766 2703 10.
819 2665 840 2700 ι
866 2646 931 2703 Et
964 2654 1288 2718 exspectare
1318 2645 1538 2703 Filium-
1551 2649 1673 2717 ejus
1721 2647 1789 2703 de
1821 2648 2000 2712 caelis,

2184 2669 2203 2703 ο
2230 2651 2342 2705 Καὶ
2370 2650 2669 2720 ἀναμένειν
2696 2650 2790 2704 τὸν
2817 2649 2948 2703 Υίδν
2979 2645 3148 2701 αὐτοῦ
3177 2648 3242 2700 ὲκ
3283 2645 3395 2701 τῶν
3422 2645 3688 2716 οὐρανῶν,

409 2753 571 2810 quem
607 2739 904 2796 suscitavit
937 2738 1008 2796 de
1038 2739 1298 2807 mortuis,
1328 2737 1520 2796 Jesum
1561 2740 1878 2810 quieripuit
1901 2755 2001 2795 nos

2104 2743 2164 2796 ὃν
2196 2743 2422 2813 ἦγειρεν
2469 2743 2534 2796 ὲκ
2581 2740 2694 2809 τῶν
2731 2739 2968 2812 νεκρῶν,
3009 2739 3244 2810 Ἰησοῦν,
3292 2739 3386 2793 τὸν
3427 2738 3691 2810 ῥυόμενον

407 2833 478 2888 ab
505 2832 587 2886 ira
612 2838 866 2886 ventura.
897 2849 920 2884 ι

2104 2833 2248 2903 ὑμᾶς
2275 2832 2382 2885 ἀπὸ
2410 2833 2508 2903 τῆς
2539 2833 2708 2903 ὀργῆς
2735 2834 2834 2903 τῆς
2861 2829 3182 2902 ἐρχομένης.
3218 2847 3238 2880 ι

477 2921 666 2978 Primo
697 2923 819 2977 loco
843 2921 998 2992 ponit
1017 2921 1073 2977 id
1104 2921 1252 2992 quod
1275 2921 1582 2993 gloriosum
1621 2929 1728 2990 est,
1765 2923 2001 2980 dicendo

2173 2923 2400 2996 Πρῶτον
2435 2924 2496 2978 τὸ
2544 2923 2756 2988 ἔνδοξον
2796 2923 2980 2994 τίθησι
3025 2922 3088 2975 τὸ
3153 2922 3219 2974 ὲκ
3261 2919 3375 2976 τῶν
3419 2915 3687 2992 οὐρανῶν.

406 3014 694 3081 nimirum,
717 3011 782 3066 de
800 3013 967 3081 cretis,
1000 3021 1115 3068 tum
1132 3013 1188 3068 id
1209 3013 1358 3084 quod
1402 3014 1728 3086 inglorium,
1767 3021 1999 3071 mortem

2104 3009 2223 3070 εἶτα
2250 3017 2312 3069 τὸ
2345 3015 2554 3082 ἄδοξον,
2584 3015 2678 3069 τὸν
2723 3015 2954 3069 θάνατον
2979 3030 2992 3044 ·
3021 3013 3117 3069 καὶ
3165 3013 3268 3084 τὴν
3305 3011 3485 3067 αἰτίαν
3524 3011 3689 3074 εὐθὺς

401 3105 660 3170 scilicet;
703 3117 941 3174 moxque
992 3104 1188 3160 mortis
1242 3105 1529 3177 subjungit
1589 3119 1837 3173 causam,
1870 3122 1994 3178 quae

2104 3107 2456 3162 ὲπισυνάπτει
2477 3106 2571 3160 τοῦ
2605 3107 2873 3162 θανάτουο
2907 3107 3045 3178 αῦτη
3088 3106 3146 3161 δέ
3183 3107 3332 3160 ἐστιν
3365 3107 3398 3177 ὴ
3443 3105 3687 3176 ἡμετέρα

408 3206 496 3255 est
530 3204 724 3254 nostra
762 3198 938 3253 salus.
963 3196 1103 3253 Nam
1137 3197 1341 3268 eripuit
1380 3213 1485 3256 nos
1516 3200 1587 3256 ab
1625 3200 1706 3256 ira
1739 3210 1995 3256 ventura.

473 3465 646 3524 Vsus.
681 3467 800 3525 1-4.
841 3483 862 3520 ι
895 3465 1034 3522 Nam
1064 3468 1170 3538 ipsi
1220 3468 1410 3536 scitis,
1442 3467 1672 3536 fratres,
1716 3469 2000 3524 introitum

405 3566 662 3616 nostrum
731 3560 801 3615 ad
845 3575 972 3625 vos,
1029 3561 1160 3631 quia
1187 3575 1300 3615 non
1336 3560 1520 3616 inanis
1577 3561 1708 3626 fuit;
1742 3561 1836 3617 sed
1875 3569 2002 3618 ante

415 3651 566 3721 passi
598 3659 656 3707 et
689 3651 1060 3708 contumeliis
1098 3651 1282 3706 affecti
1316 3651 1502 3722 (sicut
1529 3651 1720 3723 scitis)
1773 3653 1830 3708 in
1871 3651 2002 3708 Phi-

408 3743 596 3812 lippis,
634 3741 890 3798 ﬁduciam
942 3743 1243 3799 habuimus
1282 3743 1336 3798 in
1371 3742 1484 3799 Deo
1523 3750 1720 3800 nostro
1743 3744 1896 3815 loqui
1933 3745 2001 3802 ad

383 3839 506 3890 svos
531 3834 1012 3905 EvangeliumDei
1043 3835 1100 3891 in
1136 3836 1310 3892 multa
1349 3834 1750 3894 sollicitudine.
1787 3835 2002 3893 Exhor-

402 3927 544 3981 tatio
570 3929 718 3984 enim
748 3936 962 3986 nosua.
1002 3948 1021 3982 ι

485 4019 678 4077 Testes
709 4021 834 4076 illos
861 4021 1115 4088 advocat,
1151 4022 1216 4077 ad
1274 4037 1416 4093 quos
1450 4037 1761 4080 sermonem
1796 4023 1998 4081 habet:

401 4113 531 4185 quia
567 4125 764 4182 nempe
813 4111 932 4166 vult
977 4127 1074 4167 eos
1107 4114 1276 4178 scire,
1309 4128 1420 4168 non
1453 4128 1513 4169 sc
1550 4115 1854 4185 segniorem
1887 4113 2005 4170 red-

401 4203 580 4260 ditum
622 4216 749 4258 esse
779 4202 852 4257 ob
909 4204 1255 4260 vexationem
1284 4219 1419 4274 quae
1471 4203 1750 4276 Philippis
1785 4205 2003 4261 accide-

397 4303 510 4363 rat,
569 4295 705 4364 quin
745 4294 882 4364 ipsis
914 4295 1262 4364 praedicaret.
1311 4293 1426 4351 Hoc
1477 4305 1660 4351 autem
1702 4296 1870 4351 tacita
1903 4312 2000 4352 ex-

399 4386 649 4442 hortatio
669 4396 809 4453 erat,
845 4394 906 4439 ut
928 4385 1252 4442 amictiones
1279 4395 1508 4443 strenue
1532 4377 1854 4444 tolerarent.

477 4495 498 4529 ε
535 4477 657 4532 Non
682 4477 751 4532 de
783 4491 1001 4532 errore.
1038 4495 1057 4529 ι

470 4569 638 4640 Atqui
669 4569 835 4640 hujus
867 4569 950 4628 rei
982 4576 1372 4638 argumentum
1427 4579 1530 4636 est,
1560 4569 1708 4639 quod
1741 4570 1795 4625 in
1826 4576 1991 4627 vexa-

397 4661 549 4717 tione
602 4661 985 4731 prmdicasset.
1043 4658 1184 4714 Nam
1237 4662 1333 4730 qui
1367 4660 1722 4731 praedicando
1768 4661 1993 4731 decipit,

395 4767 682 4822 nunquam
714 4760 939 4823 propter
967 4751 1415 4822 praedicationem
1450 4766 1610 4808 suam
1643 4753 1835 4807 vexari
1862 4769 1991 4807 sus-

396 4845 646 4908 tinuerit,
713 4857 840 4897 cum
894 4857 1008 4899 non
1041 4844 1258 4900 nesciat
1287 4844 1434 4900 hanc
1466 4846 1645 4915 ipsam
1681 4843 1982 4900 alilictione

399 4947 506 4985 non
539 4945 762 4987 vacare.
1984 4991 1992 4998 .

476 5041 496 5074 ι
537 5023 728 5092 Neque
751 5022 820 5078 de
859 5024 1232 5093 immunditia,
1267 5041 1445 5099 neque
1474 5026 1530 5081 in
1555 5025 1707 5091 dolo,
1741 5026 1840 5082 sed
1875 5026 1989 5082 sic-

398 5123 458 5167 ut
522 5115 740 5184 probati
812 5131 1006 5170 sumus
1059 5132 1089 5169 a
1128 5116 1238 5173 Deo
1275 5157 1290 5184 ,
1337 5127 1396 5172 ut
1439 5117 1771 5175 crederetur
1825 5116 1990 5173 nobis

398 5203 760 5276 Evangelium
792 5207 908 5272 ;ita
957 5205 1258 5276 loquimur,
1287 5225 1397 5264 non
1449 5209 1611 5280 quasi
1663 5208 1990 5264 hominibus

397 5296 702 5364 placentes,
717 5295 812 5350 sed
835 5295 943 5350 Deo
963 5298 1056 5366 qui
1082 5299 1279 5367 probat
1298 5299 1468 5353 corda
1496 5307 1717 5354 nostra.
1734 5295 1988 5370 [Vsas.5,

397 5387 477 5461 6.]
508 5388 699 5460 Neque
732 5390 877 5444 enim
912 5391 1210 5461 aliquando
1241 5393 1404 5462 217
1427 5391 1707 5446 fuimusin
1735 5405 1992 5448 sermone

398 5479 752 5547 adulationis,
786 5484 937 5538 sicut
989 5484 1171 5549 scitis,
1207 5501 1390 5556 neque
1434 5487 1491 5539 in
1527 5484 1826 5539 occasione
1856 5498 1991 5537 ava-

397 5572 540 5628 ritiae
574 5573 760 5644 (Deus
816 5578 979 5632 testis
1016 5575 1160 5646 est),
1196 5591 1296 5633 nec
1329 5585 1638 5647 quaerentes
1663 5575 1735 5630 ab
1759 5575 1992 5631 hemini-

397 5664 501 5722 bus
547 5667 800 5738 gloriam,
842 5685 1020 5740 neque
1050 5686 1078 5724 a
1117 5670 1296 5732 vobis,
1335 5684 1513 5740 neque
1543 5668 1611 5722 ab
1643 5668 1788 5723 aliis.
1823 5685 1841 5719 ι

475 5755 590 5812 Hor
621 5769 725 5824 est,
779 5777 887 5818 non
929 5762 1087 5818 vobis
1117 5761 1410 5832 loquentes
1459 5777 1583 5832 qua:
1611 5758 1856 5831 jucunda
1887 5774 1980 5814 es-

2103 3201 2371 3272 σωτηρία.
2414 3198 2719 3273 Ἐρῤύσατο
2752 3200 2861 3271 γὰρ
2895 3200 3046 3271 ἡμᾶς
3089 3201 3156 3253 ἐκ
3185 3198 3289 3269 τῆς
3325 3199 3687 3269 ἐπικειμένης

2095 3293 2292 3364 ὁργῆς.

2711 3385 2968 3438 ΚΕΦΔΛ.
3008 3384 3087 3439 Β’.

2178 3495 2198 3531 ι
2227 3477 2397 3531 Αὐτοὶ
2440 3476 2551 3546 γὰρ
2595 3474 2800 3540 οἴδατε,
2832 3476 3079 3546 ἀδελφοὶ,
3132 3475 3234 3547 τὴν
3275 3473 3480 3530 εἴσοδον
3524 3476 3685 3548 ἡμῶν

2103 3569 2242 3642 πρὸς
2275 3571 2441 3640 ὑμᾶς,
2484 3569 2570 3623 ὅτι
2608 3568 2667 3620 οὐ
2699 3569 2830 3640 κενὴ
2861 3569 3106 3637 γέγονεν,
3136 3567 3274 3621 ἀλλά
3311 3567 3686 3644 προπαθόντες

2102 3663 2196 3716 καὶ
2226 3660 2599 3733 ὑϐρισθέντες,
2633 3658 2817 3722 καθὼς
2857 3658 3059 3722 οἴδατε,
3089 3661 3147 3713 ὲν
3175 3659 3487 3725 Φιλίπποις,
3512 3660 3686 3731 exop.

2105 3751 2493 3826 ῥησιασάμεθα
2526 3752 2584 3805 ὲν
2613 3749 2692 3821 τῷ
2723 3749 2844 3820 Θεῷ
2871 3750 3053 3820 ἡμῶν,
3092 3750 3324 3821 λαλῆσαι
3362 3749 3498 3821 πρὸς
3539 3750 3686 3822 ὑμᾶς

2101 3847 2162 3900 τὸ
2190 3845 2527 3915 Εὐαγγέλιον
2555 3842 2651 3897 τοῦ
2701 3838 2844 3898 Θεοῦ
2879 3845 2938 3896 ἐν
2981 3841 3162 3914 πολλῷ
3206 3841 3398 3913 ἀγῶνι.
3461 3843 3526 3897 Ἦ
3574 3843 3686 3915 γὰρ

2102 3937 2452 4008 παράκλησις
2479 3934 2660 4006 ἡμῶν.
2699 3954 2717 3986 ι

2172 4027 2381 4090 Αὐτοὺς
2416 4026 2576 4080 καλεῖ
2617 4025 2908 4096 μάρτυρας
2939 4025 3077 4097 πρὸς
3107 4024 3202 4090 οὓς
3224 4026 3252 4078 ὁ
3287 4025 3468 4095 λόγος,
3507 4025 3590 4079 ὅτι
3618 4025 3684 4098 δὴ

2101 4117 2302 4182 αὐτοὺς
2335 4116 2536 4171 εἰδέναι
2568 4115 2841 4186 βούλεται,
2871 4117 2953 4169 ὅτι
2994 4118 3094 4170 οὐκ
3123 4116 3484 4189 ὀκνηρότερον
3519 4116 3684 4170 αὐτὸν

2102 4210 2329 4281 ἐποίησε
2381 4208 2519 4280 πρὸς
2558 4208 2620 4262 τὺ
2667 4207 2846 4261 αὐτῶν
2884 4210 3171 4280 κήρυγμα,¹
3217 4210 3248 4278 ή
3300 4211 3358 4262 ἐν
3396 4208 3685 4271 Φιλίπποις

2101 4299 2407 4372 γειναμένη
2451 4298 2650 4368 θλίψις.
2683 4297 2855 4350 Τοῦτο
2885 4297 2941 4350 δὲ
2974 4297 3261 4370 προτροπὴ
3293 4296 3552 4368 λεληθυῖα
3585 4296 3680 4351 τοῦ

2103 4393 2367 4462 γενναίως
2395 4390 2694 4461 ὑποφέρειν
2717 4389 2816 4453 τὰς
2838 4388 3070 4459 θλίψεις.

2181 4504 2199 4535 ι
2235 4484 2351 4538 Οὐκ
2387 4485 2452 4536 ὲκ
2483 4482 2714 4553 πλάνης.
2747 4500 2768 4533 ι

2175 4577 2289 4630 Καὶ
2320 4576 2514 4629 τούτου
2553 4575 2803 4645 σημεῖον,
2833 4574 2962 4638 τοὺς
2994 4577 3052 4628 ὲν
3091 4575 3270 4646 θλίψει
3321 4576 3579 4648 κηρύξαι.
3624 4576 3681 4630 Ὁ

2100 4666 2209 4737 γὰρ
2237 4665 2456 4720 πλανῶν
2503 4665 2561 4719 ἐν
2604 4664 2684 4736 τῷ
2733 4664 3076 4737 κηρύγματι,
3121 4669 3221 4722 οὐκ
3253 4668 3322 4723 ἄν
3369 4686 3500 4722 ποτε
3545 4668 3684 4737 ὑπὲρ

2100 4755 2266 4810 αὐτοῦ
2296 4755 2391 4809 τοῦ
2434 4754 2795 4826 κηρύγματος
2824 4755 3006 4826 θλίψιν
3037 4757 3298 4829 ὑπομένοι
3319 4798 3334 4825 ,
3366 4757 3523 4822 εἰδὼς
3551 4758 3683 4812 αὐτὸ

2097 4845 2258 4899 τοῦτο
2287 4845 2467 4914 θλίψιν
2495 4845 2761 4917 ὑπάρχον.

2178 5039 2196 5072 ι
2231 5021 2364 5074 Οὐδὲ
2389 5020 2449 5085 ἐξ
2479 5021 2845 5091 ἀκαθαρσίας,
2879 5021 3006 5076 οὔτε
3045 5025 3103 5077 ὲν
3131 5022 3294 5095 δόλῳ,
3326 5022 3465 5080 ἀλλὰ
3497 5023 3682 5089 καθὼς

2099 5111 2550 5182 δεδοκιμάσμεθα
2575 5112 2679 5164 ὑπὸ
2704 5112 2799 5165 τοῦ
2838 5113 2995 5180 Θεοῦ,
3029 5115 3390 5186 πιστευθῆναι
3417 5116 3478 5168 τὸ
3505 5117 3676 5190 Εὐαγ-

2097 5206 2303 5274 γέλιον,
2334 5204 2480 5256 οὕτω
2507 5203 2778 5274 λαλοῦμεν
2796 5244 2810 5267 ,
2845 5207 2944 5275 οὐχ
2972 5206 3049 5268 ὼς
3078 5206 3389 5278 ἀνθρώποις
3418 5208 3683 5279 ἀρέσκον-

2095 5314 2208 5361 τες,
2253 5297 2394 5350 ἀλλὰ
2450 5296 2528 5366 τῷ
2588 5296 2728 5368 Θεῷ,
2776 5297 2856 5366 τῷ
2902 5298 3256 5369 δοκιμάζοντι
3302 5299 3403 5364 τὰς
3454 5301 3684 5370 καρδίας

2096 5389 2276 5460 ἡμῶν.
2304 5387 2442 5443 Οῦτε
2487 5389 2598 5458 γάρ
2627 5405 2760 5441 ποτε
2795 5390 2852 5442 ὲν
2889 5389 3034 5460 λόγῳ
3074 5391 3364 5455 κολακείας
3410 5391 3679 5460 ἐγενήθη-

2098 5499 2219 5551 μεν,
2249 5479 2433 5544 καθὼς
2476 5481 2679 5544 οἴδατε,
2735 5478 2858 5533 οὐτε
2909 5483 2968 5534 ὲν
3002 5483 3275 5552 προφάσει
3321 5482 3675 5548 πλεονεξίας⁶

2096 5574 2229 5636 Θεὸς
2262 5573 2507 5643 μάρτυς·
2538 5569 2664 5625 οὔτε
2707 5571 3001 5641 ζητοῦντες
3044 5573 3106 5638 ἐξ
3151 5573 3457 5645 ἀνθρώπων
3493 5572 3676 5642 δόξαν,

2095 5665 2214 5719 οὐδὲ
2243 5665 2333 5732 ὑφ’
2361 5665 2390 5715 ὐ
2401 5663 2538 5733 μῶν,
2563 5662 2688 5716 οὔτε
2711 5663 2819 5715 ἀπὸ
2857 5664 3054 5720 ἄλλων.
3087 5683 3106 5717 ι

2183 5758 2330 5810 Ἂν·τί
2357 5756 2472 5821 τοῦ,
2497 5757 2749 5824 λέγοντες
2776 5757 2904 5825 ύμῖν
2933 5759 3001 5811 τὰ
3035 5756 3170 5828 πρὸς
3198 5758 3390 5828 ἡδονήν
3412 5775 3424 5789 ο
3455 5755 3569 5810 ἀλλ’
3599 5752 3692 5805 οὖ-
