4048 6440
370 410 471 472 909

1307 395 1390 470 ‘IN
1429 391 1785 468 EPIST.AD
1823 406 2582 466 TllESSAIDNICENSES
2622 410 2668 469 I.

3526 397 3628 470 910

368 538 477 584 τως
513 522 882 594 ἐκηρύξαμεν,
908 523 1093 592 φησὶν,
1119 523 1193 585 ὡς
1221 522 1546 592 ἐδοκίμασεν
1577 523 1723 590 ἡμᾶς
1747 522 1775 572 ό
1798 520 1948 582 Θεός.

2062 528 2229 574 sent:
2284 521 2378 577 scd
2449 522 2524 575 ita
2581 521 3029 591 praedicavimns,
3095 521 3297 592 inquit,
3350 523 3628 591 quomodo

363 614 444 665 Οὐ
481 615 591 685 γὰρ
637 614 946 691 ἀνθρῴποις
975 613 1253 686 ἡρέσαμεν
1276 630 1290 644 ⁶
1354 613 1475 667 οὐδὲ
1505 614 1615 683 γὰρ
1654 611 1949 666 ἐκολακεύ-

371 722 550 778 σαμεν
577 707 744 778 ὑμᾶς,
771 707 906 762 ἀλλὰ
932 707 1003 760 τὰ
1036 706 1270 761 ἐπίπονα
1303 707 1670 780 ἐκηρύξαμεν,
1713 722 1732 756 ›

452 902 472 937 ι
506 875 804 954 Δυνάρενοι
836 887 895 938 ἐν
923 884 1076 954 βάρει
1110 879 1255 938 εἶναι
1279 883 1355 945 ὡς
1375 881 1612 953 Χριστοῦ
1636 880 1948 945 ἀπόστολοι,

370 975 488 1031 ἀλλ’
534 976 906 1047 ἐγεννήθημεν
937 977 1094 1046 ῆπιοι
1124 977 1182 1029 ἐν
1216 975 1367 1045 μέσῳ
1402 975 1577 1044 ὑμῶν,
1610 974 1686 1036 ὡς
1730 972 1796 1025 ἂν
1824 989 1951 1042 τρο-

376 1069 479 1139 φὸς
530 1068 710 1139 θάλπῃ
764 1068 835 1122 τά
885 1067 1086 1137 ἐαυτῆς
1142 1067 1331 1120 τέκνα.
1364 1065 1550 1129 Οὕτως
1602 1064 1942 1134 ἱμειρόμενοι

374 1160 558 1231 ὑμῶν,
607 1158 938 1229 εὐδοκοῦμεν
993 1158 1316 1228 μεταδοῦναι
1359 1158 1510 1227 ὑμῖν,
1567 1156 1627 1208 ού
1690 1156 1850 1225 μόνον
1892 1153 1953 1206 τὸ

375 1247 709 1321 Εὐαγγέλιον
744 1250 840 1304 τοῦ
878 1247 1035 1313 Θεοῦ,
1068 1249 1205 1302 ἁλλά
1243 1248 1341 1302 καὶ
1370 1248 1468 1310 τὰς
1509 1245 1716 1300 ἑαυτῶν
1747 1244 1950 1315 ψυχὰς,

366 1343 512 1397 ίδιότι
550 1342 823 1412 ἀγαπητοὶ
851 1342 984 1412 ἡμῖν
1025 1338 1347 1410 γεγένησθε.
1391 1335 1781 1408 Μνημονεύετε
1819 1335 1950 1405 γὰρ,

375 1433 618 1502 ἀδελφοὶ,
652 1432 743 1485 τὸν
774 1430 941 1485 κόπον
971 1429 1150 1501 ἡμῶν,
1186 1430 1280 1482 καὶ
1323 1428 1416 1481 τὸν
1480 1427 1682 1497 μόχθον
1709 1443 1721 1457 ·
1759 1426 1955 1487 νυκτὸς

377 1525 489 1598 γὰρ
516 1525 610 1578 καὶ
640 1522 857 1594 ἡμέρας
885 1521 1243 1593 ἐργαζόμενοι
1267 1519 1402 1591 πρὸς
1427 1517 1487 1571 τὸ
1517 1518 1592 1588 μὴ
1621 1514 1956 1586 ἐπιϐαρῆσαί

377 1626 503 1670 τινα
534 1615 708 1686 ὑμῶν,
741 1613 1091 1684 ἐκηρύξαμεν
1121 1615 1200 1676 είς
1234 1613 1378 1683 ὑμᾶς
1410 1609 1471 1664 τὸ
1492 1607 1828 1677 Εὐαγγέλιον
1859 1605 1955 1658 τοῦ

378 1707 539 1761 Θεοῦ.
580 1706 770 1776 Ὑμεῖς
802 1704 910 1777 γὰρ
948 1704 1246 1775 μάρτυρες,
1293 1702 1387 1756 καὶ
1419 1702 1448 1754 ὁ
1481 1699 1633 1767 Θεὸς,
1656 1698 1730 1760 ὡς
1771 1697 1953 1762 ὁσίως,

381 1798 482 1851 καὶ
514 1794 760 1858 δικαίως,
790 1794 886 1848 καὶ
929 1793 1235 1863 ἀμέμπτως
1270 1791 1400 1860 ὑμῖν
1446 1791 1559 1850 τοῖς
1605 1785 1957 1840 πιστεύουσιν

389 1889 730 1958 ἐγενήθημεν
750 1903 764 1918 ο
800 1883 1053 1953 καθάπερ
1083 1883 1280 1948 οἴδατε,
1300 1880 1374 1943 ὡς
1399 1880 1494 1932 ’ἐνα
1523 1878 1754 1931 ἕκαστον
1775 1874 1954 1946 ὑμῶν,

370 1981 456 2043 εὼς
483 1977 664 2049 πατὴρ
696 1978 864 2030 τέκνα
904 1973 1124 2042 ἑαυτοῦ,
1163 1970 1612 2044 παρακαλοῦντες
1653 1968 1819 2039 ὑμᾶς,
1865 1967 1960 2021 καὶ

382 2069 895 2143 παραμυθούμενοι,
932 2069 1027 2120 καὶ
1055 2063 1581 2137 μαρτυρόμενοιέίς
1620 2060 1680 2112 τὸ
1724 2074 1961 2130 περιπα-

379 2165 546 2234 τῆσαι
575 2162 719 2231 ὑμᾶς
747 2158 914 2223 ἀξίως
937 2157 1031 2210 τοῦ
1065 2155 1222 2221 Θεοῦ,
1252 2154 1345 2208 τοῦ
1393 2151 1685 2214 καλοῦντος
1711 2151 1855 2222 ὑμᾶς
1881 2150 1962 2212 είς

380 2255 482 2323 τὴν
508 2249 700 2304 ἐαυτοῦ
735 2247 1014 2321 βασιλείαν
1038 2248 1131 2301 καὶ
1157 2245 1336 2310 δόξαν.
1362 2244 1458 2297 Διά
1487 2243 1649 2297 τοῦτο
1677 2243 1772 2296 καὶ
1797 2243 1962 2312 ἡμεῖς

383 2343 817 2416 εὐχαριστοῦμεν
852 2340 930 2412 τῷ
976 2339 1096 2410 Θεῷ
1134 2338 1529 2402 ἀδιαλείπτως,
1579 2336 1660 2390 ὅτι
1712 2333 1962 2406 παραλα-

380 2439 570 2500 ϐόντες
601 2437 758 2504 λόγον
804 2435 972 2506 ἀκοῆς
1004 2432 1135 2504 παρ’
1175 2431 1333 2502 ἡμῶν
1373 2429 1464 2483 τοῦ
1494 2429 1650 2495 Θεοῦ,
1682 2425 1958 2492 ἐδέξασθε,

380 2531 446 2584 ὀὐ
471 2531 628 2598 λόγον
651 2528 748 2582 ἀνθ
759 2525 977 2599 ρώπων,
996 2525 1154 2591 ἀλλὰ,
1175 2521 1359 2585 καθώς
1379 2523 1527 2574 ἐστιν
1548 2519 1784 2591 ἀληθῶς,
1803 2517 1960 2586 λόγον

382 2620 543 2686 Θεοῦ,
590 2620 648 2684 ὃς
699 2619 794 2672 καὶ
840 2619 1145 2688 ἐνεργεῖται
1189 2617 1246 2667 ἐν
1280 2615 1408 2684 ὑμῖν
1443 2615 1553 2675 τοῖς
1588 2609 1958 2664 πιστεύουσιν.

396 2710 586 2782 Ὑμεῖς
661 2708 771 2780 γὰρ
848 2707 1084 2779 μιμηταὶ
1165 2705 1495 2775 ἐγενήθητε,
1553 2702 1800 2772 ἀδελφοὶ,
1855 2699 1962 2754 τῶν

393 2793 737 2873 Ἐκκλησιῶν
769 2800 862 2856 τοῦ
886 2797 1044 2864 Θεοῦ,
1074 2797 1181 2852 τῶν
1231 2795 1404 2849 οὐσῶν
1445 2797 1502 2847 ἐν
1541 2795 1607 2864 τῇ
1645 2790 1874 2862 Ἰουδαίᾳ
1906 2791 1964 2843 ἐν

385 2890 606 2970 Χριστῷ
650 2891 850 2966 Ἰησοῦ,
877 2893 959 2946 ὅτι
990 2891 1060 2944 τὰ
1091 2889 1231 2944 αύτά
1265 2887 1498 2942 ἐπάθετε
1536 2886 1630 2940 καὶ
1663 2885 1820 2956 ὑμεῖς
1856 2881 1964 2936 ἀπὸ

382 2991 493 3044 τῶν
519 2988 666 3042 ἰδίων
689 2983 1070 3056 συμφυλετῶν,
1089 2981 1272 3045 καθὼς
1294 2982 1387 3034 καὶ
1410 2980 1564 3034 αὐτοὶ
1587 2978 1691 3032 ὑπὸ
1719 2977 1826 3030 τῶν
1841 2977 1967 3029 ’ῐου-

383 3081 572 3148 δαίων,
588 3080 697 3134 τῶν
728 3078 821 3132 καὶ
847 3077 938 3131 τὸν
963 3077 1168 3146 Κύριον
1205 3073 1646 3129 ἀποκτεινάντων
1681 3067 1906 3141 Ἰησοῦν.
1941 3087 1958 3121 ι

455 3171 783 3236 Τουτέστιν,
820 3169 1069 3223 ἀπαιτεῖν
1116 3167 1246 3238 παρ’
1304 3164 1458 3237 ὑμῶν
1491 3164 1680 3234 τιμὰς,
1723 3163 1796 3225 ὡς
1840 3177 1964 3214 τοσ-
1990 3207 2034 3267 c

388 3265 548 3321 οῦτον
599 3263 1038 3336 ἐγχειρισθέντες
1092 3260 1350 3330 ἀξίωμα,
1408 3257 1547 3312 ἀλλὰ
1590 3255 1964 3322 ταπεινότεροι

385 3358 498 3412 τῶν
527 3355 786 3427 μαθητῶν
817 3353 1100 3424 γενόμενοι
1129 3349 1464 3405 διδάσκαλοι.

468 3549 487 3586 ι
522 3532 634 3588 Καὶ
659 3531 785 3596 τοὺς
819 3528 985 3592 ἰδίους
1016 3526 1321 3600 προφήτας,
1347 3525 1442 3580 καὶ
1477 3524 1630 3596 ἡμᾶς
1677 3520 1969 3587 ἐκδιωξάν·

387 3632 519 3690 των,
561 3623 656 3676 καὶ
676 3621 797 3692 Θεῷ
833 3620 909 3692 μὴ
940 3617 1305 3691 ἀρεσκόντων.
1347 3635 1366 3670 ι

463 3717 681 3778 Μέσους
736 3712 923 3784 τίθησι
970 3711 1095 3775 τοὺς
1137 3711 1420 3782 προφήτας
1453 3707 1550 3762 τοῦ
1613 3707 1818 3778 Κυρίου
1874 3707 1969 3760 καὶ

397 3807 511 3862 τῶν
541 3805 881 3869 ἀποστόλων,
913 3803 1002 3858 ἵνα
1057 3802 1152 3856 καὶ
1191 3801 1320 3871 περὶ
1361 3799 1583 3862 τούτους
1611 3798 1758 3870 δείξῃ
1806 3811 1967 3866 γεγο-

387 3897 554 3959 νότας
577 3895 802 3960 κακοὺς,
840 3893 932 3958 οὓς
970 3891 1324 3964 ὁμολογοῦσιν
1367 3891 1529 3954 ίδίους
1563 3886 1723 3945 εἶναι.
1757 3887 1869 3944 Καὶ
1906 3888 1968 3941 τὸ

392 3986 583 4058 μέσον,
622 3988 766 4039 ποιεῖ
792 3984 990 4047 αὐτοὺς
1020 3983 1100 4047 είς
1123 3981 1190 4036 τὰ
1219 3981 1366 4052 ἄκρα
1386 3979 1613 4044 κακούς.

470 4181 489 4218 t
531 4163 645 4218 Kal.
693 4163 862 4216 πᾶσιν
912 4161 1227 4232 ἀνθρώποις
1294 4158 1589 4224 ἐναντίων,
1651 4157 1971 4213 κωλυόντων

390 4259 542 4330 ἡμᾶς
577 4258 693 4321 τοῖς
724 4256 904 4310 ἐθνεσι
933 4256 1188 4327 λαλῆσαι,
1220 4254 1309 4309 ἵνα
1343 4252 1612 4317 σωθῶσιν,
1646 4253 1728 4315 είς
1753 4251 1815 4306 τδ
1841 4253 1974 4306 ἀναο

390 4348 685 4420 πληρῶσαι
716 4347 899 4403 αὐτῶν
922 4347 1020 4410 τάς
1052 4345 1329 4418 ἁμαρτίας
1352 4345 1608 4399 πάντοτε.
1645 4361 1662 4395 ι

465 4435 752 4492 Κωλύουσι
773 4437 884 4508 γὰρ
911 4437 1111 4499 αὐτοὺς
1137 4435 1428 4499 σώζεσθαι.

469 4543 492 4580 ι
527 4527 802 4597 Ἐφθασεν
829 4527 916 4580 ἐπ’
949 4527 1148 4590 αὐτοὺς
1187 4529 1220 4598 ἡ
1274 4527 1413 4599 όργὴ
1446 4527 1526 4591 είς
1562 4528 1737 4590 τέλος.
1775 4519 1968 4597 Ἡμεῖς
1999 4544 2044 4601 ι)

388 4621 470 4686 δέ,
501 4620 740 4690 ἀδελφοὶ,
774 4619 1277 4691 ἀπορφανισθέντες
1302 4620 1396 4689 ἀφ’
1423 4620 1578 4692 ὑμῶν
1610 4623 1748 4692 πρὸς
1778 4619 1970 4691 καιρὸν

391 4712 566 4783 ὥρας,
593 4710 893 4782 προσώπῳ,
935 4711 996 4764 οὐ
1045 4711 1270 4783 καρδίᾳ,
1324 4713 1733 4783 περισσοτέρως
1772 4713 1972 4764 ἐσπου-

392 4804 640 4873 δάσαμεν
660 4803 722 4855 τὸ
752 4803 1045 4873 πρόσωπον
1074 4803 1228 4873 ὑμῶν
1255 4803 1383 4856 ίδεῖν
1408 4806 1463 4857 ἐν
1487 4802 1655 4873 πολλῇ
1681 4801 1966 4872 ἐπιθυμίᾳ.

393 4892 488 4946 Διὸ
519 4893 864 4964 ἠθελήσαμεν
893 4893 1067 4945 ἐλθεῖν
1101 4893 1236 4962 πρὸς
1263 4894 1428 4964 ὑμᾶς,
1461 4891 1572 4960 ἐγὼ
1601 4880 1702 4962 μέν
1738 4890 1960 4956 Παῦλος

397 4984 496 5037 καὶ
518 4983 689 5050 ἅπαξ,
719 4984 813 5037 καὶ
851 4984 953 5048 δίς.
992 5002 1012 5036 ι

478 5077 628 5132 Ἀντὶ
651 5075 769 5143 τοῦ,
802 5073 1208 5146 ἐπληρώθησαν
1235 5073 1416 5128 αὐτῶν
1449 5074 1506 5128 at
1534 5073 1826 5145 ἁμαρτίαι.

476 5265 494 5299 ι
526 5248 639 5301 Καὶ
666 5245 922 5316 ἐνέκοψεν
953 5247 1101 5316 ὑμᾶς
1131 5248 1159 5299 ό
1191 5246 1458 5309 Σατανᾶς.
1493 5263 1511 5297 ι

480 5339 696 5409 Ἐπειδὴ
731 5339 789 5392 αί
826 5337 1034 5407 θλίψεις
1066 5338 1124 5391 at
1170 5337 1257 5391 διὰ
1303 5338 1363 5390 τὸ
1395 5338 1678 5408 κήρυγμα,
1731 5337 1972 5391 ἐνεπόδι-

393 5447 521 5496 trav,
545 5430 741 5484 τούτου
774 5429 932 5499 χάριν
956 5429 1126 5491 αὑτὰς
1162 5428 1260 5489 τὰς
1295 5427 1505 5496 θλίψεις
1559 5426 1845 5497 ἀνατίθησι
1896 5428 1974 5498 τῷ

392 5523 632 5594 Σατανᾷ.
677 5522 914 5584 Ἐκεῖνος
943 5521 1052 5590 γὰρ
1080 5516 1146 5590 ἦν
1181 5521 1210 5572 ὁ
1243 5520 1569 5590 ἐπεγείρων,
1605 5520 1700 5574 καὶ
1735 5521 1973 5591 παροξύ-

393 5631 504 5670 νων
534 5613 678 5668 κατὰ
705 5612 813 5666 τῶν
842 5611 1155 5665 ἀποστόλων
1178 5612 1305 5675 τοὺς
1335 5612 1622 5676 ἀπίστους.

408 5797 413 5802 ’
476 5809 495 5844 ι
532 5790 628 5854 Τίς
659 5788 768 5860 γὰρ
795 5787 953 5860 ήμῶν
985 5787 1167 5853 ἐλπὶς,
1215 5788 1247 5858 ἣ
1281 5787 1446 5860 χαρὰ,
1481 5789 1516 5857 ἢ
1548 5789 1812 5860 στέφανος
1839 5805 1972 5842 καυ-

2056 612 2199 667 Deus
2229 612 2297 667 de
2331 613 2494 668 nobis
2537 613 3024 681 periculumfccil.
3058 613 3176 668 Non
3213 614 3360 670 enim
3393 614 3632 669 homini-

2055 706 2156 760 bus
2177 704 2514 774 placuimus:
2545 705 2744 776 quippe
2774 707 2868 774 qui
2889 721 2992 760 non
3017 707 3222 761 adulati
3245 708 3422 763 simus
3452 709 3625 774 vobis,

2054 796 2150 852 sed
2185 811 2306 865 qua:
2334 810 2529 866 aspera
2557 804 2766 863 essent,
2800 798 3170 853 docuerimus.

2125 887 2291 943 Vens.
2327 889 2469 942 7-15.
2504 908 2522 939 ι
2569 892 2705 942 Cum
2751 903 3040 958 possemus
3085 889 3242 946 vobis
3299 892 3454 946 oneri
3509 907 3632 946 esse

2057 986 2116 1032 ut
2147 978 2359 1032 Christi
2389 981 2645 1049 apostoli,
2675 981 2770 1035 sed
2804 979 2934 1034 facti
2962 993 3152 1036 sumus
3187 984 3398 1050 parvuli
3436 984 3488 1036 in
3516 999 3632 1038 tne-

2055 1070 2148 1123 dio
2167 1077 2431 1134 vestrum,
2471 1077 2735 1140 tanquam
2763 1071 2810 1126 si
2846 1073 3037 1126 nutrix
3089 1071 3270 1127 foveat
3299 1074 3444 1128 ﬁlios
3474 1090 3628 1128 suos.

2056 1157 2133 1212 Ita
2189 1159 2576 1215 desiderantes
2636 1175 2736 1215 vos
2786 1161 3006 1230 cupide,
3068 1161 3391 1216 volebamus
3417 1163 3634 1217 tradere

2056 1246 2231 1308 vobis,
2285 1260 2396 1299 non
2433 1246 2609 1301 solum
2640 1246 2996 1317 Erangelium
3027 1248 3145 1316 Dei,
3179 1249 3277 1304 scd
3325 1252 3488 1304 etiam
3515 1252 3630 1304 ani-

2057 1353 2178 1394 mas
2203 1347 2445 1403 nostras,
2479 1341 2740 1409 quoniam
2787 1342 3098 1397 charissimi
3131 1343 3294 1399 nobis
3320 1343 3444 1398 facti
3477 1346 3633 1399 estis.

2059 1428 2327 1485 Memores
2351 1431 2497 1486 enim
2529 1432 2691 1497 estis,
2720 1431 2943 1498 fratres,
2979 1434 3185 1492 laboris
3219 1437 3396 1491 nostri
3425 1443 3479 1490 et
3506 1435 3632 1489 fati-

2058 1521 2295 1590 gationis
2326 1538 2340 1574 :
2383 1529 2546 1579 nocte
2574 1532 2628 1579 et
2659 1525 2748 1579 die
2767 1533 3082 1596 operantes,
3115 1543 3183 1582 ne
3210 1543 3369 1598 quem
3394 1535 3633 1583 vestrum

2060 1623 2443 1676 gravaremus,
2493 1610 2920 1681 pradica‘vimus
2968 1615 3023 1670 in
3077 1617 3233 1672 vobis
3278 1616 3632 1688 Evangelium

2060 1692 2178 1752 Dei.
2231 1696 2342 1754 Vos
2377 1700 2522 1755 enim
2555 1709 2719 1758 testes
2749 1705 2881 1758 estis
2939 1714 2991 1758 et
3040 1704 3207 1771 Deus,
3245 1722 3408 1776 quam
3445 1717 3636 1763 sancte

2060 1795 2114 1840 et
2149 1787 2319 1857 iuste,
2341 1796 2395 1843 et
2426 1791 2546 1846 sine
2593 1794 2817 1862 querela
2845 1795 3024 1858 vobis,
3056 1797 3152 1866 qui
3176 1797 3508 1862 credidistis,
3531 1797 3639 1852 fui-

1988 1875 2033 1931 B
2060 1892 2186 1934 mus
2219 1897 2232 1932 :
2269 1880 2416 1935 sicut
2441 1882 2618 1949 scitis,
2651 1885 2888 1954 qualiter
2924 1903 3374 1959 unumquemque
3391 1898 3634 1945 vestrum

2064 1967 2245 2039 (sicut
2274 1978 2432 2040 pater
2455 1971 2601 2030 ﬁlios
2639 1975 2808 2047 suos)
2837 1975 3197 2047 deprecantes
3227 1995 3324 2035 vos
3356 1989 3409 2034 et
3439 1996 3635 2036 conso-

2061 2059 2260 2128 lantes,
2299 2062 2574 2120 testiﬁcati
2605 2081 2817 2133 sumus,
2845 2076 2904 2123 ut
2923 2070 3282 2127 ambularetis
3309 2073 3473 2143 digne
3497 2075 3631 2139 Deo,

2062 2153 2157 2224 qui
2187 2155 2405 2210 vocavit
2431 2171 2529 2212 vos
2581 2158 2638 2212 i'n
2667 2175 2826 2214 suum
2867 2171 3095 2231 regnum
3129 2172 3183 2218 et
3226 2165 3475 2233 gloriam.
3510 2166 3638 2222 Ideo

2061 2251 2116 2298 et
2132 2258 2234 2300 nos
2265 2247 2468 2316 gratias
2507 2249 2722 2320 agimus
2759 2250 2872 2307 Deo
2903 2253 3021 2309 sine
3043 2254 3475 2320 intermissione,
3498 2273 3639 2326 quo-

2061 2332 2209 2386 niam
2243 2349 2368 2388 cum
2400 2339 2750 2406 accepis’setis
2777 2355 2806 2395 a
2832 2342 2990 2399 nobis
3021 2343 3246 2398 verbum
3280 2345 3498 2402 auditus
3524 2345 3636 2412 Dei,

2063 2423 2354 2494 accepistis
2377 2426 2533 2493 illud,
2556 2445 2664 2485 non
2686 2441 2747 2486 ut
2774 2433 2998 2489 verbum
3026 2435 3332 2502 hominum,
3370 2437 3463 2492 sed
3487 2441 3503 2502 (
3526 2438 3639 2492 sic-

2063 2521 2124 2568 ut
2152 2527 2238 2571 est
2263 2519 2418 2591 vere)
2451 2523 2676 2578 verbum
2715 2527 2826 2592 Dei,
2853 2527 2946 2598 qui
2995 2537 3046 2583 ct
3094 2536 3352 2600 operatur
3374 2534 3429 2584 in
3459 2532 3637 2598 vobis,

2063 2607 2159 2675 qui
2220 2611 2558 2670 credidistis.
2612 2616 2717 2672 Vos
2751 2621 2894 2673 enim
2947 2620 3256 2679 imitatores
3292 2623 3419 2678 facti
3479 2625 3637 2688 estis,

2064 2694 2288 2763 fratres,
2349 2699 2722 2759 Ecclesiarum
2773 2706 2892 2772 Dei,
2929 2725 3052 2778 quae
3090 2719 3219 2766 sunt
3265 2712 3322 2766 in
3361 2711 3549 2767 Judtea
3577 2715 3632 2767 in

2065 2783 2285 2842 ChriSto
2314 2787 2444 2844 Jesu
2476 2808 2490 2845 :
2519 2793 2649 2862 quia
2678 2796 2866 2850 eadem
2899 2801 3047 2866 passi
3076 2802 3210 2854 estis
3234 2809 3289 2856 et
3321 2816 3421 2857 vos
3452 2819 3480 2856 a
3506 2819 3640 2858 con-

2065 2875 2364 2964 tribulibus
2427 2884 2650 2949 vestris,
2691 2887 2836 2940 sicut
2885 2897 2940 2942 et
3001 2890 3104 2958 ipsi
3136 2890 3414 2958 aJudacis,
3465 2896 3558 2964 qui
3588 2893 3641 2950 et

2069 2963 2360 3022 Dominum
2391 2970 2717 3027 occiderunt
2740 2971 2950 3030 Jesum.
2979 2995 2997 3028 ι

2137 3136 2254 3200 Hoc
2302 3150 2408 3213 est,
2471 3163 2596 3204 cum
2657 3161 2946 3221 possemus
3012 3155 3246 3224 pretium
3296 3163 3325 3211 a
3362 3158 3521 3215 vobis
3586 3160 3642 3215 e't

2072 3236 2382 3297 mercedem
2438 3241 2683 3313 exigere,
2718 3259 2814 3298 ceu
2845 3246 2940 3314 qui
2993 3237 3265 3316 ejusmodi
3290 3265 3517 3306 munere
3547 3267 3641 3306 οισι

2068 3323 2184 3378 nati
2213 3339 2509 3394 essemus;
2542 3329 2660 3394 sed,
2686 3331 2786 3386 etsi
2813 3333 3060 3404 magistri
3103 3349 3345 3404 eramus,
3400 3339 3643 3412 discipu-

2070 3415 2138 3471 lis
2183 3417 2508 3476 humiliorcs
2531 3437 2634 3478 nos
2657 3424 3008 3494 pra:buimus.

2146 3527 2166 3560 ι
2199 3509 2266 3563 Et
2317 3512 2615 3593 prophetas
2674 3530 2828 3583 suos,
2851 3527 2904 3572 et
2941 3533 3042 3574 nos
3084 3523 3362 3590 persecuti
3400 3533 3550 3592 sunt,
3590 3535 3647 3583 et

2069 3596 2182 3656 Deo
2208 3615 2317 3656 non
2357 3604 2598 3672 placent.
2627 3623 2646 3658 ›

2139 3691 2318 3748 Medio
2351 3695 2491 3761 loco,
2524 3695 2815 3753 Dominum
2843 3700 2986 3757 inter
3011 3707 3064 3756 et
3085 3705 3386 3772 apOStolOs,
3412 3709 3648 3778 propbeé

2070 3791 2157 3839 tas
2187 3786 2363 3855 ponit,
2395 3794 2455 3840 ut
2476 3790 2732 3844 ostendat
2757 3789 2974 3847 Judaaos
2999 3807 3155 3849 suam
3213 3796 3478 3851 malitiam
3517 3815 3648 3870 erga

2069 3873 2194 3929 illos
2220 3875 2548 3944 prodidisse,
2590 3878 2731 3947 quos
2755 3881 2984 3948 gentiles
3015 3895 3144 3936 suos
3170 3896 3293 3938 esse
3322 3882 3644 3939 faterentur.

2071 3962 2342 4035 Quodque
2405 3967 2702 4037 prophetas
2762 3971 2942 4025 medio
2975 3973 3098 4028 loco
3129 3974 3342 4040 statuit,
3385 3986 3645 4030 extremae

2072 4058 2196 4114 illos
2226 4059 2484 4129 nequitiae
2515 4075 2637 4117 esse
2664 4062 2957 4132 signiﬁcat.

2149 4167 2168 4200 ι
2207 4147 2273 4203 Ει
2319 4150 2576 4206 omnibus
2631 4153 2948 4209 hominibus
3005 4154 3397 4222 adversantur;
3434 4157 3646 4228 [Vsns.

2073 4239 2178 4312 16]
2201 4239 2556 4310 prohibentes
2584 4257 2686 4296 nos
2718 4244 2975 4313 gentibus
3004 4245 3177 4312 loqui,
3208 4255 3269 4300 ut
3290 4248 3456 4304 salvae
3489 4250 3644 4316 ﬁant,

2073 4338 2133 4385 ut
2160 4331 2423 4401 impleant
2452 4341 2675 4402 peccata
2701 4350 2801 4390 sua
2819 4351 3059 4407 semper.
3096 4357 3115 4390 ι
3539 4339 3548 4346 ’

2145 4424 2353 4479 Arcent
2383 4425 2528 4480 enim
2561 4436 2616 4480 et
2643 4426 2949 4496 impediunt
2978 4445 3072 4484 eas
3097 4441 3166 4486 ne
3195 4431 3360 4488 salvae
3390 4432 3544 4490 ﬁant.

2151 4533 2169 4565 ι
2205 4512 2463 4572 Pervenit
2516 4517 2663 4572 enim
2693 4519 2774 4573 ira
2807 4535 2972 4589 super
3003 4522 3124 4579 illos
3171 4539 3347 4593 usque
3377 4524 3429 4578 in
3461 4526 3644 4581 ﬁnem.

2075 4601 2282 4674 [Vens
2321 4604 2408 4670 17,
2437 4604 2553 4677 18.]
2576 4605 2685 4662 Nos
2706 4617 2910 4675 autem,
2941 4609 3158 4677 fratres,
3176 4613 3404 4667 desolati
3436 4629 3466 4668 a
3494 4617 3649 4671 vobis

2073 4695 2140 4748 ad
2171 4703 2391 4766 tempus
2425 4698 2595 4762 horte,
2632 4707 2860 4768 aspectu
2913 4716 3020 4755 non
3055 4703 3244 4766 corde,
3276 4705 3649 4763 abundantius

2074 4783 2460 4841 festinavimus
2481 4787 2674 4842 faciem
2715 4798 2954 4844 vestram
2991 4791 3181 4847 videre
3204 4807 3325 4846 cum
3353 4795 3526 4850 multo
3552 4799 3648 4851 tle-

2072 4874 2276 4932 siderio
2313 4895 2326 4930 :
2359 4880 2618 4947 quoniam
2639 4880 2912 4935 voluimus
2945 4883 3132 4938 venire
3163 4883 3230 4937 ad
3259 4898 3373 4949 vos,
3403 4899 3504 4954 ego
3525 4889 3651 4955 qui-

2073 4965 2196 5022 dem
2239 4966 2444 5024 Paulus
2471 4976 2524 5024 et
2555 4971 2722 5025 semel
2749 4979 2804 5024 et
2831 4972 3051 5026 iterum.
3093 4990 3112 5022 ι
3346 5017 3365 5037 ,

2145 5059 2252 5115 Pro
2285 5075 2352 5116 eo
2378 5076 2443 5117 ac
2497 5063 2543 5118 si
2584 5065 2836 5120 diceret:
2900 5066 3180 5137 Completa
3242 5077 3373 5124 sunt
3427 5082 3654 5139 peccata

2073 5167 2264 5208 eorum
2275 5193 2288 5208 .

2151 5259 2170 5294 ι
2196 5242 2302 5299 Sed
2336 5245 2622 5315 impedivit
2651 5264 2754 5305 nos
2783 5248 3039 5307 Satanas.
3076 5261 3095 5302 ι

2148 5331 2420 5398 Quoniam
2454 5333 2774 5394 aﬂiictioncs
2802 5355 2942 5409 quas
2979 5349 3199 5408 propter
3233 5339 3652 5410 praedicationes

2077 5424 2442 5494 pertulerant,
2499 5426 2638 5498 ipsis
2705 5429 3102 5499 impedimento
3127 5428 3366 5493 fuerant,
3407 5440 3529 5480 eam
3580 5426 3650 5475 ob

2078 5531 2190 5572 rem
2238 5517 2363 5572 illas
2405 5517 2656 5573 attribuit
2715 5516 2953 5574 Satanm.
2982 5521 3119 5573 Nam
3153 5520 3200 5572 is
3234 5525 3352 5572 erat
3399 5515 3490 5580 qui
3525 5511 3649 5562 inti;

2076 5608 2225 5664 deles
2281 5609 2550 5666 adversus
2586 5611 2911 5681 Apostolum
2936 5611 3214 5665 exc‘itabat
3243 5615 3296 5661 et
3341 5595 3642 5656 instimula-'

2078 5698 2192 5752 bat.

2145 5791 2312 5862 218
2345 5790 2510 5848 Vsus.
2551 5791 2639 5859 i9,
2665 5791 2754 5848 20.
2797 5809 2814 5842 ι
2841 5792 2974 5856 Qua:
3001 5797 3085 5844 est
3111 5788 3255 5842 enim
3281 5778 3458 5836 1105""
3486 5765 3634 5820 ⁵Ῑ¹⁰⁵¹
