4048 6376
354 325 459 391 913

1302 323 1385 382 ΙΝ
1435 322 1670 382 EPIST.
1710 322 1809 381 AD
1846 316 2603 380 THESSALONICENSES
2632 317 2681 375 Ι.

3514 310 3617 373 ςιιι

358 441 434 510 μὴ
469 436 694 498 ποιεῖτε,
724 434 862 488 ἀλλά.
894 433 992 497 τὰς
1025 431 1403 503 παραγγελίας
1434 432 1634 493 αὐτοὺς
1666 431 1732 482 ἐκ
1766 428 1934 482 πάλαι

2052 426 2255 481 ivertit.
2302 425 2418 480 Non
2446 425 2769 494 simpliciter
2798 424 2873 478 ait
2903 442 2916 477 :
2945 423 3025 481 Ne
3058 423 3162 478 hoc
3192 421 3274 476 vel
3312 421 3446 477 illud
3477 421 3622 476 [ecc—

355 528 639 600 είληφέναι
675 530 807 598 παρ’
838 525 1005 581 αὐτοῦ
1031 542 1187 594 φησι,
1214 523 1302 577 διά
1334 524 1429 577 τοῦ
1474 523 1686 592 Κυρίου
1731 520 1930 590 Ἰησοῦ,

353 622 421 685 ἃς
455 620 748 690 φυλάττειν
802 615 1253 690 παρακελεύεται.
1315 615 1496 670 Τοῦτο
1530 613 1641 684 γάρ
1679 613 1811 667 ἐστι
1847 610 1935 666 θέ-

355 715 521 781 λημα
550 710 657 764 τοῦ
685 708 854 763 Θεοῦ.

434 821 455 855 ι
485 802 560 855 Τὸ
590 802 788 854 ἐαυτοῦ
816 799 1011 862 σκεῦος
1033 799 1269 854 κτᾶσθαι
1294 803 1350 853 ἐν
1373 798 1634 870 ἁγιασμῷ
1659 800 1751 854 καὶ
1775 804 1932 872 τιμῇ,

359 896 436 967 μὴ
471 896 530 948 ἐν
561 894 726 948 πάθει
761 892 1079 963 ἐπιθυμίας.
1119 911 1136 943 ι

440 982 587 1035 ’Av'ri.
619 980 748 1045 τοῦ,
779 981 880 1050 τὴν
909 982 1108 1052 σάρκα.

434 1092 455 1126 ι
496 1073 766 1145 Καθάπερ
790 1074 883 1127 καὶ
915 1073 985 1127 τά
1017 1072 1145 1142 ἔθνη
1177 1073 1247 1126 τά
1278 1074 1353 1143 μὴ
1386 1073 1566 1127 εἰδότα
1600 1075 1692 1130 τὸν
1718 1076 1875 1130 Θεόν.
1911 1095 1929 1129 ι

439 1164 647 1218 Ἱκανὸν
687 1165 777 1217 καὶ
818 1163 978 1217 τοῦτο
1009 1163 1105 1217 τοῦ
1148 1163 1456 1234 ἀποτρέψαι
1501 1166 1603 1235 τῆς
1641 1167 1933 1237 πορνείας,

358 1259 423 1313 τὸ
457 1258 596 1330 μετὰ
635 1256 741 1312 τῶν
769 1257 1159 1326 ἐπεγνωκότων
1186 1256 1279 1310 τὸν
1306 1258 1438 1311 Θεὸν
1476 1257 1567 1310 τὸν
1607 1258 1939 1329 πορνεύοντα

360 1348 675 1405 τάττεσθαι.

440 1457 460 1491 ι
494 1439 569 1491 Τὸ
592 1437 668 1510 μὴ
699 1437 1055 1508 ὑπερϐαίνειν
1078 1439 1175 1493 καὶ
1207 1440 1555 1496 πλεονεκτεῖν
1583 1442 1642 1496 ἐν
1664 1441 1743 1513 τῷ
1762 1443 1942 1514 πράγο

366 1548 498 1603 ματι
525 1530 618 1585 τὸν
648 1530 880 1599 ἀδελφὸν
909 1530 1102 1587 αὑτοῦ.
1144 1551 1164 1584 ι

448 1621 828 1693 ’Υπερϐαίνειν
858 1623 960 1693 μὲν
988 1623 1089 1687 τὰς
1115 1623 1210 1677 τοῦ
1232 1622 1367 1678 Θεοῦ
1392 1624 1633 1689 ἐντολάς.
1661 1625 1940 1695 Εὑφήμως

367 1714 428 1769 δέ
451 1715 671 1786 σφόδρα,
706 1717 803 1768 καὶ
833 1714 1361 1787 ἐπικεκαλυμμένως
1389 1716 1489 1787 τὴν
1521 1717 1772 1787 μοιχείαν
1799 1717 1940 1772 ὠνό-

373 1822 537 1877 μασε,
564 1805 663 1875 τὴν
687 1807 768 1870 είς
792 1806 1021 1875 ἀδελφὸν
1046 1808 1263 1863 ἀδικίαν
1288 1807 1468 1879 αὐτὴν
1493 1803 1634 1862 εἶναι
1669 1809 1870 1879 λέγων.

443 1915 464 1949 ι
506 1898 650 1952 Διότι
692 1897 908 1961 ἔκδικος
936 1900 964 1952 ὁ
1011 1897 1216 1970 Κύριος
1263 1900 1393 1969 περὶ
1443 1899 1665 1954 πάντων
1701 1899 1940 1965 τούτων,

365 1988 550 2054 καθὼς
594 1989 691 2046 καὶ
734 1990 1071 2061 προείπομεν
1101 1991 1253 2060 ὑμῖν,
1286 1991 1384 2045 καὶ
1424 1991 1949 2063 διεμαρτυράμεθα.

364 2082 443 2137 Οὐ
470 2082 580 2153 γὰρ
614 2082 875 2139 ἐκάλεσεν
911 2085 1063 2155 ἡμᾶς
1092 2084 1121 2137 ὁ
1158 2083 1292 2148 Θεὸς
1333 2084 1427 2138 ἐπὶ
1455 2084 1788 2158 ἀκαθαρσίᾳ,
1826 2085 1943 2140 ἀλλ’

363 2177 425 2229 ἐν
451 2174 730 2245 ἁγιασμῷ.
771 2193 790 2227 ι

440 2270 584 2341 Ὅρα
629 2269 746 2334 πῶς
789 2271 941 2341 παρά
994 2271 1161 2336 πόδας
1210 2272 1377 2345 ἔθηκε
1427 2274 1526 2347 τὴν
1568 2272 1707 2345 ὑπὲρ
1740 2274 1947 2329 τούτων

363 2361 544 2433 δίκην.

443 2473 464 2507 r
497 2453 801 2525 Τοιγαροῦν
826 2456 854 2509 ὀ
880 2455 1110 2522 ἀθετῶν,
1140 2457 1241 2511 οὐκ
1266 2456 1556 2528 ἄνθρωπον
1582 2457 1783 2521 ἀθετεῖ,
1809 2456 1946 2511 ἀλλά

365 2543 460 2600 τὸν
491 2545 625 2599 Θεὸν
646 2586 661 2610 ,
691 2547 782 2599 τὸν
814 2548 910 2600 καὶ⁸
938 2547 1097 2601 δόντα
1132 2549 1192 2601 τὸ
1238 2537 1464 2620 Πνεῦμα
1495 2548 1661 2603 αὐτοῦ
1701 2548 1762 2602 τὸ
1792 2547 1948 2617 ἅγιον

369 2638 451 2702 είς
479 2638 641 2706 ὑμᾶς.
677 2640 813 2710 Περὶ
837 2640 894 2693 δὲ
923 2643 1023 2711 τῆς
1051 2641 1405 2712 φιλαδελφίας
1423 2681 1439 2706 ,
1470 2642 1531 2695 ού
1574 2642 1766 2713 χρείαν
1795 2641 1949 2711 ἔχετε

368 2730 603 2801 γράφειν
649 2732 800 2800 ὑμῖν.
848 2733 1014 2785 Αὐτοὶ
1055 2733 1166 2805 γὰρ
1208 2735 1371 2803 ὑμεῖς
1409 2733 1740 2787 θεοδίδακτοί
1790 2735 1948 2802 ἐστε,

370 2821 452 2885 είς
486 2822 549 2875 τὸ
586 2823 815 2893 ἀγαπᾷν
847 2822 1137 2893 ἀλλήλους.
1169 2824 1282 2879 Καὶ
1308 2824 1418 2894 γὰρ
1460 2828 1666 2878 ποιεῖτε
1698 2824 1831 2879 αὐτὸ
1868 2828 1950 2891 εἰς

368 2912 582 2975 πάντας
626 2913 754 2977 τοὺς
792 2913 1056 2982 ἀδελφοὺς
1103 2914 1230 2977 τοὺς
1278 2916 1337 2968 ἐν
1367 2914 1466 2988 ὅλῃ
1507 2917 1575 2987 τῇ
1616 2916 1946 2987 Μακεδονίᾳ.

369 2999 807 3076 Παρακαλοῦμεν
841 3005 895 3059 δὲ
924 3006 1102 3077 ὑμᾶς,
1139 3006 1393 3075 ἀδελφοὶ,
1431 3009 1781 3079 περισσεύειν
1815 3011 1953 3082 μᾶλ-

368 3094 485 3192 λον,
520 3095 619 3150 καὶ
651 3096 1084 3192 φιλοτιμεῖσθαι,
1116 3097 1418 3169 ἡσυχάζειν
1444 3099 1542 3154 καὶ
1568 3102 1836 3169 πράσσειν
1878 3101 1950 3154 τά
1975 3132 2020 3192 6

369 3188 505 3255 ἴδια,
535 3191 633 3244 καὶ
655 3187 991 3261 ἐργάζεσθαι
1016 3193 1134 3252 ταῖς
1162 3191 1320 3256 ἰδίαις
1344 3192 1534 3263 χερσὶν
1562 3193 1740 3263 ὑμῶν,
1764 3194 1961 3259 καθὼςσ

370 3279 504 3348 ύμῖν
552 3282 1025 3353 παρηγγείλαμεν.
1060 3283 1181 3338 Ἵνα
1221 3285 1567 3354 περιπατῆτε
1596 3287 1959 3358 εὐσχημόνως

370 3368 509 3440 πρὸς
539 3370 665 3434 τοὺς
695 3371 822 3439 ἔξω,
851 3373 945 3427 καὶ
977 3373 1209 3445 μηδενὸς
1236 3375 1429 3445 χρείαν
1458 3374 1643 3447 ἔχητε.
1683 3396 1702 3430 ι

443 3460 614 3516 Ὅταν
638 3463 930 3538 ἀθετήσῃς,
962 3466 1280 3537 φησ“ιν,.τὸν
1313 3466 1565 3536 ἀδελφὸν,
1592 3467 1687 3522 τὸν
1714 3468 1950 3524 λαϐόντα

369 3551 461 3606 διά
493 3553 587 3608 τοῦ
615 3553 991 3625 βαπτίσματος
1026 3557 1089 3611 τὸ
1118 3557 1346 3629 Πνεῦμα
1384 3558 1446 3613 τὸ
1474 3558 1652 3628 ἅγιον,
1693 3560 1815 3616 τότε
1848 3563 1951 3617 οὐκ

368 3642 679 3715 ἄνθρωπον,
711 3645 848 3700 ἀλλά
878 3647 971 3701 τὸν
999 3647 1131 3703 Θεὸν
1164 3647 1401 3712 ἀθετεῖς.

446 3753 466 3786 ι
505 3737 579 3790 υύ
610 3736 855 3809 θέλωμεν
879 3739 938 3793 δὲ
963 3739 1109 3809 ὑμᾶς
1138 3741 1378 3808 ἀγνοεῖν,
1413 3740 1653 3811 ἀδελφοὶ,
1686 3743 1817 3815 περὶ
1840 3743 1950 3798 τῶν

370 3828 771 3898 κοιμωμένων,
817 3830 902 3885 ἵνα
958 3830 1034 3902 μὴ
1090 3831 1366 3904 λυπῆσθε,
1402 3832 1586 3898 καθὼς
1628 3835 1726 3889 καὶ
1754 3836 1805 3888 οἱ
1840 3834 1952 3889 λοι-

370 3919 467 3973 ποὶ
494 3960 511 3989 ,
547 3920 598 3973 οί
640 3919 715 3990 μὴ
765 3919 985 3991 ἔχοντες
1012 3921 1224 3977 ἐλπίδα.
1255 3924 1319 3978 Ei
1350 3924 1457 3995 γὰρ
1492 3924 1821 3996 πιστεύομεν
1867 3926 1950 3979 ὅτι

382 4012 593 4083 Ἰησοῦς
619 4012 891 4079 ἀπέθανε,
930 4012 1029 4067 καὶ
1061 4013 1282 4086 ἀνέστη,
1317 4014 1459 4069 οὕτω
1493 4016 1590 4069 καὶ
1611 4018 1639 4069 ό
1669 4017 1800 4082 Θεὸς
1824 4018 1951 4081 τοὺς

371 4102 742 4174 κοιμηθέντας
780 4103 869 4157 διά
916 4105 1092 4177 Ἰησοῦ
1137 4106 1259 4171 ἄξει
1289 4107 1388 4161 σὺν
1416 4106 1586 4178 αὐτῷ.
1635 4107 1808 4163 Τοῦτο
1839 4110 1951 4184 γὰρ

374 4194 503 4267 ὑμῖν
527 4194 759 4265 λέγομεν
789 4196 848 4249 ἐν
878 4194 1022 4267 λόγῳ
1057 4197 1286 4268 Κυρίου.
1346 4217 1365 4251 ι
1623 4223 1631 4230 ·

442 4286 777 4342 Μεταῦαίνει
805 4288 901 4341 ἐπὶ
931 4287 1023 4343 τὸν
1059 4290 1188 4361 περὶ
1219 4290 1572 4356 ἀναστάσεως
1598 4292 1776 4363 λόγον.
1808 4294 1951 4366 Ὅρα

366 4377 425 4434 δὲ
465 4379 581 4443 πῶς
618 4379 947 4451 θαυμαστῶς
974 4382 1346 4437 κατεσκεύασε
1377 4384 1438 4436 τὸ
1476 4385 1946 4457 ὁμολογούμενον,

2044 516 2198 579 ritis;
2233 515 2328 571 sed
2360 517 2618 570 mandata
2657 531 2780 584 quae
2810 515 3092 571 observari
3142 512 3413 582 praecipit,
3435 528 3498 568 ea
3534 513 3617 580 ip-

2042 608 2120 662 sis
2153 622 2184 660 a
2233 621 2296 663 se
2331 621 2428 676 per
2453 604 2750 660 Dominum
2804 605 2990 662 Jesutn
3047 606 3247 661 tradita
3279 605 3435 660 dicit.
3495 603 3622 658 Hm:

2041 699 2177 752 enim
2208 707 2283 753 est
2313 697 2554 752 voluntas
2583 696 2700 753 Dei.

2114 789 2281 860 219
2323 808 2342 841 ι
2372 787 2481 842 Vas
2513 804 2672 842 suum
2706 788 2992 857 possidere
3025 788 3083 843 in
3111 788 3405 846 sanctitate
3434 794 3490 842 et
3525 786 3625 841 bo-

2045 897 2179 938 nore
2201 922 2216 947 ,
2250 898 2359 937 non
2394 881 2446 936 in
2483 881 2738 950 passione
2767 878 3056 937 desiderii.
3089 899 3110 933 ι

2115 975 2262 1031 Idem
2298 975 2404 1029 hoc
2432 984 2513 1029 est
2540 988 2605 1030 ac
2635 987 2862 1029 carnem
2896 987 3080 1030 suam.

2122 1088 2140 1121 ι
2173 1069 2332 1126 Sicut
2361 1078 2417 1126 et
2448 1079 2670 1140 gentes,
2705 1083 2824 1138 qua:
2854 1069 3110 1137 ignorant
3138 1063 3330 1120 Deum.
3368 1083 3386 1115 ο

2116 1160 2236 1219 Hoc
2268 1175 2486 1233 quoque
2538 1162 2796 1217 idoneum
2850 1169 2933 1215 est
2991 1157 3058 1212 ad
3118 1157 3538 1213 absterrenilum
3594 1176 3624 1213 a

2047 1256 2384 1312 scortatione
2412 1273 2426 1323 ;
2463 1254 2614 1326 quod
2649 1267 2844 1323 nempe
2878 1258 3154 1307 scortator
3186 1250 3296 1305 illis
3332 1251 3421 1321 qui
3457 1250 3624 1308 Deum

2045 1349 2334 1420 ignorant,
2370 1357 2746 1405 accenseatur.

2117 1440 2285 1497 Vens.
2322 1439 2374 1495 6.
2408 1460 2427 1493 ι
2458 1439 2524 1494 Et
2549 1455 2625 1497 ne
2648 1441 2773 1511 quis
2801 1439 3272 1511 supergredistur,
3309 1452 3485 1509 neque
3517 1437 3631 1492 cir-

2048 1534 2361 1589 cumveniat
2392 1535 2449 1588 in
2484 1533 2705 1605 negotio
2738 1532 2965 1590 fratrem
3002 1548 3183 1590 suum.
3218 1550 3238 1582 ι

2119 1623 2605 1695 Supergrediatur,
2640 1624 2859 1694 inquit,
2899 1632 3167 1693 praecepta
3221 1621 3335 1675 Dei.
3385 1618 3626 1689 Eleganti

2048 1731 2179 1773 vero
2214 1717 2505 1773 admodum
2542 1730 2675 1771 voce
2715 1716 2994 1784 taciteque
3023 1711 3352 1768 adulterium
3380 1711 3647 1775 notavit,.

1970 1783 2023 1844 Β
2046 1825 2166 1866 eam
2202 1826 2328 1867 esse
2354 1810 2589 1867 dicendo
2622 1810 2880 1881 injuriam
2911 1810 3207 1878 irrogatam
3240 1806 3421 1861 fratri.

2121 1902 2415 1969 «Quoniam
2456 1904 2657 1958 vindex
2693 1912 2781 1957 est
2820 1901 3084 1956 Dominus
3122 1900 3189 1953 de
3228 1899 3316 1953 his
3351 1896 3627 1959 omnibus,

2045 1996 2187 2055 sicut
2266 1996 2622 2068 praediximus
2701 1994 2858 2050 vobis
2930 2001 2985 2049 et
3071 1992 3345 2049 testiﬁcati
3410 2006 3625 2069 sumus.

2049 2088 2254 2161 [Vens
2288 2087 2381 2159 7.]
2415 2087 2534 2143 Non
2569 2088 2714 2143 enim
2752 2086 2965 2141 vocavit
2998 2100 3098 2141 nos
3134 2084 3279 2140 Deus
3305 2083 3359 2139 in
3391 2083 3639 2137 iuturus--

2046 2180 2235 2236 ditiam
2262 2220 2277 2246 ,
2309 2179 2403 2234 sed
2436 2179 2489 2234 in
2524 2177 3032 2235 sanctiﬁcationem.
3065 2196 3083 2227 ι

2117 2269 2258 2326 Vide
2307 2269 2583 2341 quomodo
2628 2286 2658 2325 e
2704 2267 2940 2339 vestigio
2982 2266 3176 2322 horum
3224 2264 3487 2321 ultionem
3544 2263 3628 2318 in-

2045 2371 2245 2421 tentat.

2123 2453 2293 2511 Vens.
2332 2453 2489 2510 8-H.
2525 2472 2544 2506 ι
2575 2453 2764 2523 Itaque
2786 2453 2876 2523 qui
2904 2452 3020 2508 hac
3043 2449 3255 2521 spernit
3276 2489 3291 2514 ,
3316 2461 3425 2501 non
3451 2447 3629 2501 homi-

2049 2562 2172 2603 nem
2202 2546 2449 2613 spernit,
2483 2545 2577 2603 sed
2615 2544 2825 2611 Deum,
2856 2544 2949 2614 qui
2984 2542 3150 2599 etiam
3185 2541 3334 2596 dedit
3365 2538 3629 2610 Spiritum

2049 2654 2209 2694 suum
2238 2647 2489 2696 sanctum
2520 2640 2577 2693 in
2607 2638 2790 2693 vobis.
2820 2637 2895 2692 De
2925 2636 3195 2691 charitale
3220 2643 3400 2689 autem
3430 2633 3631 2686 fratcr-

2050 2732 2241 2786 nitatis
2275 2746 2379 2785 non
2412 2744 2640 2787 necesse
2675 2730 2941 2784 habemus
2987 2728 3239 2782 scribere
3280 2724 3462 2779 vobis.
3520 2723 3628 2791 ipsi

2053 2825 2329 2883 enimwos
2358 2838 2388 2877 a
2409 2821 2521 2879 Deo
2538 2821 2849 2897 ‘ditiiCiSliS,
2877 2828 2937 2873 ut
2956 2819 3199 2888 diligatis
3251 2817 3507 2870 invicem.
3538 2814 3630 2867 Et-

2052 2916 2197 2970 enim
2226 2914 2360 2970 illud
2389 2914 2575 2970 facitis
2607 2914 2663 2969 in
2686 2928 2876 2968 omnes
2905 2911 3103 2966 fratres
3137 2911 3193 2964 iii
3228 2910 3482 2963 universa
3515 2907 3630 2960 Ma-

2051 3008 2305 3065 cedonia.
2338 3006 2618 3086 Rogamus
2648 3015 2838 3060 autem
2874 3020 2969 3059 vos
2997 3044 3012 3069 ,
3063 3004 3262 3057 fratres
3283 3042 3299 3066 ,
3352 3008 3414 3055 ut
3460 3003 3633 3054 almu-

2053 3097 2193 3154 detis
2225 3097 2435 3170 magis,
2487 3104 2542 3151 et
2576 3110 2799 3167 operam
2831 3094 2975 3151 detis
3008 3100 3068 3149 ut
3093 3094 3266 3163 quieti
3296 3093 3419 3149 sitis
3440 3131 3457 3154 .
3487 3098 3544 3146 et
3573 3100 3633 3144 ut

2050 3196 2294 3245 vestrum
2324 3188 2606 3260 negotium
2636 3186 2834 3258 agatis,
2869 3195 2922 3242 et
2942 3187 3240 3256 operemini
3268 3184 3515 3240 manibus
3537 3197 3632 3236 ve-

2050 3283 2212 3348 stris,
2248 3283 2395 3339 sicut
2418 3281 2780 3352 praecepimus
2809 3280 2968 3337 vobis
2994 3288 3053 3335 ut
3079 3280 3306 3334 honeste
3335 3275 3634 3331 ambuletis

2050 3375 2117 3430 ad
2146 3389 2243 3430 eos
2274 3374 2365 3440 qui
2398 3373 2534 3430 foris
2569 3380 2738 3439 sunt,
2770 3380 2825 3428 et
2856 3373 3017 3427 nullo
3046 3387 3184 3441 opus
3214 3369 3482 3426 habeatis.
3514 3389 3534 3421 ι

2120 3465 2257 3522 Dum
2295 3466 2513 3535 spernis
2555 3466 2783 3520 fratrem
2825 3471 3019 3529 tuum,
3055 3464 3148 3533 qui
3192 3461 3455 3531 Spiritum
3497 3474 3628 3514 san-

2050 3566 2201 3614 ctum
2231 3573 2328 3629 per
2356 3558 2693 3629 baptismum
2725 3556 2978 3627 accepit,
3013 3564 3146 3611 tunc
3176 3570 3285 3610 non
3316 3553 3591 3609 hominem
3612 3590 3629 3617 ,

2052 3652 2147 3708 sed
2176 3650 2345 3705 Deum
2374 3648 2709 3720 asperneris.

2124 3740 2291 3799 Vens.
2334 3741 2527 3797 ιε-ιι.
2550 3760 2569 3794 ‹
2590 3739 2858 3801 Nolumus
2878 3748 3060 3797 autem
3086 3752 3184 3795 vos
3211 3740 3465 3809 ignorare
3481 3779 3496 3803 ,
3522 3735 3634 3791 fra-

2050 3839 2199 3900 tres,
2232 3832 2302 3888 de
2335 3830 2730 3888 dormientibus
2754 3869 2772 3896 ,
2804 3836 2868 3884 ut
2901 3844 3010 3885 non
3047 3825 3449 3884 contristemini
3488 3825 3637 3881 sicut

2050 3934 2106 3980 et
2137 3923 2318 3981 caeteri
2348 3923 2445 3993 qui
2478 3936 2631 3991 spem
2668 3936 2776 3976 non
2813 3921 3043 3977 habent.
3083 3920 3141 3974 Si
3174 3920 3320 3975 enim
3355 3917 3634 3973 credimus

2052 4015 2199 4086 quod
2225 4011 2387 4071 Iesus
2420 4022 2674 4068 mortuus
2702 4021 2787 4068 est
2815 4021 2870 4068 et
2914 4010 3251 4075 resurrexit,
3291 4011 3366 4062 ita
3398 4019 3453 4062 et
3491 4007 3635 4062 Deus

2051 4124 2149 4166 eos
2194 4107 2288 4179 qui
2337 4105 2683 4162 dormierunt
2709 4119 2806 4172 per
2832 4102 3019 4160 Jesum
3048 4143 3064 4169 ,
3107 4102 3341 4157 adducet
3386 4115 3513 4155 cum
3540 4115 3629 4156 eo.

2055 4203 2170 4258 Hoc
2193 4200 2341 4264 enim
2373 4198 2531 4254 vobis
2561 4197 2799 4253 dicimus
2831 4196 2886 4251 in
2921 4194 3090 4250 verbo
3122 4193 3363 4248 Domini.
3394 4211 3414 4245 ι

2127 4292 2353 4350 Transit
2379 4291 2448 4347 ad
2477 4290 2771 4348 dicendum
2805 4277 2873 4344 de
2903 4286 3331 4343 resurrectione.
3361 4284 3501 4340 Vide
3533 4301 3632 4340 au-

2057 4397 2164 4444 tem
2228 4400 2393 4456 quam
2458 4382 2677 4454 egregie
2730 4380 2785 4436 id
2829 4379 3029 4436 astruit
3071 4378 3216 4449 quod
3264 4376 3631 4446 proﬁtemur;

370 4468 552 4524 λαϐὼν
592 4470 690 4542 τὴν
721 4470 1017 4524 ἀνάστασιν
1060 4470 1153 4524 τοῦ
1187 4473 1391 4545 Κυρίου
1430 4474 1511 4537 είς
1558 4474 1824 4530 πίστωσιν
1852 4477 1950 4549 τῆς

2055 4485 2340 4550 assumpta
2372 4476 2634 4532 nimirum
2666 4472 3067 4529 resurrectione
3094 4470 3309 4525 Domini
3354 4469 3422 4524 ad
3471 4471 3628 4524 ﬁdem

368 4562 650 4635 ἡμετέρας
706 4563 1076 4626 ἀναστάσεως.
1112 4564 1329 4626 Πάντας
1360 4565 1468 4635 γὰρ
1498 4563 1820 4638 ἀνθρώπους
1853 4569 1949 4623 ἀν-

369 4654 567 4726 έστησε
596 4655 685 4710 διά
709 4656 811 4727 τῆς
836 4656 974 4720 ίδίας
1004 4656 1320 4728 σαρκός.Διὸ
1352 4658 1445 4710 καὶ
1471 4661 1846 4727 πρωτότοκος
1882 4661 1952 4715 ἐκ

368 4744 491 4799 τῶν
534 4746 767 4814 νεκρῶν
812 4746 1052 4816 λέγεται.
1117 4747 1213 4800 Ἐν
1258 4748 1419 4817 λόγῳ
1472 4748 1541 4802 δὲ
1589 4751 1835 4819 Κυρίου,
1885 4752 1950 4806 τὸ

373 4837 524 4909 ῥῆμα
561 4837 764 4907 λέγειν,
812 4840 999 4911 φησὶν,
1030 4838 1118 4893 ἵνα
1154 4837 1401 4910 θαρρῶσι
1427 4840 1558 4911 περὶ
1588 4841 1698 4894 τῶν
1730 4842 1951 4913 ἀποφη-

370 4928 642 4999 ναμένων.

446 5039 466 5071 ι
510 5020 634 5074 Ὅτι
667 5021 831 5092 ἡμεῖς
856 5024 905 5076 oi
935 5021 1158 5088 ζῶντες,
1193 5022 1242 5077 οἱ
1270 5020 1715 5093 περιλειπόμενοι
1738 5025 1819 5088 είς
1852 5024 1950 5096 τὴν

368 5112 677 5183 παρουσίαν
708 5113 804 5167 τοῦ
838 5114 1071 5184 Κυρίου.
1114 5132 1134 5165 ι

442 5201 615 5256 Τοῦτό
642 5221 831 5276 φησιν,
870 5205 970 5276 οὐχ
998 5206 1082 5259 ὅτι
1109 5204 1272 5270 αὐτὸς
1305 5206 1490 5277 ἔμεινε
1523 5208 1684 5279 μέχρι
1726 5207 1819 5263 τοῦ
1851 5210 1951 5280 τῆς

367 5293 724 5358 ἀναστάσεως
749 5295 965 5366 καιροῦ,
998 5295 1115 5348 ἀλλ’
1141 5297 1337 5369 ἐπειδὴ
1361 5297 1493 5369 περὶ
1519 5296 1743 5362 ζώντων
1770 5299 1947 5369 ἔλεγε,

368 5386 467 5441 καὶ
488 5385 653 5465 αὐτὸς
690 5386 747 5440 δέ
783 5385 879 5459 ἔζη
904 5402 918 5417 ·
958 5388 1133 5442 ταῦτα
1162 5388 1357 5458 λέγων,
1397 5392 1467 5461 τῇ
1502 5393 1655 5463 κοινῇ
1686 5391 1951 5464 συνηθείᾳ

241 5500 265 5517 ο
366 5476 467 5533 τοῦ
494 5479 656 5547 λόγου
683 5480 990 5550 ἐχρήσατο,
1038 5479 1115 5550 τῷ
1143 5480 1316 5549 ἡμεῖς
1356 5483 1410 5535 οί
1454 5481 1687 5549 ζῶντες.
1737 5483 1861 5538 Ὅτι
1891 5485 1948 5539 δέ

367 5568 532 5627 τοῦτο
575 5569 762 5639 λέγει,
808 5572 1043 5641 ἐπάγει,
1080 5575 1135 5627 οι
1181 5576 1698 5642 περιλειπόμενοι,
1750 5576 1871 5629 ἐπεὶ
1899 5580 1948 5632 εί

365 5660 531 5717 τοῦτο
557 5661 742 5732 λέγει,
778 5662 859 5716 ὅτι
894 5662 1029 5734 ἐμοῦ
1066 5663 1268 5729 ζῶντος
1292 5704 1307 5730 ,
1344 5665 1460 5727 πῶς
1492 5665 1724 5737 ἀλλαχοῦ
1764 5666 1945 5737 λέγει,

366 5755 453 5809 ὅτι
476 5753 675 5819 πάντες
705 5755 801 5825 μὲν
830 5757 1281 5828 ἀναστησόμεοα;
1311 5757 1370 5811 Εἰ
1400 5758 1505 5829 γὰρ
1534 5757 1640 5822 ζῶν
1669 5760 1949 5833 καταλαμ-

2052 4581 2259 4629 nostrze
2295 4565 2691 4625 resurrectioni
2736 4562 3081 4619 ﬁrmandam.
3140 4561 3439 4618 Universos
3484 4562 3632 4616 enim

2052 4663 2305 4720 homines
2330 4676 2428 4732 per
2454 4672 2676 4713 carnem
2711 4671 2866 4712 suam
2889 4671 2922 4711 a
2953 4662 3128 4711 morte
3155 4654 3456 4709 revocarit.
3489 4653 3634 4720 Qua-

2051 4762 2277 4828 pmpter
2304 4751 2685 4823 primogenitus
2714 4749 2881 4803 etiam
2911 4762 2980 4802 es
3013 4747 3242 4801 mortuis
3265 4756 3513 4802 vocatur.
3537 4745 3632 4801 Di-

2052 4846 2227 4904 cendo
2261 4853 2474 4909 autem,
2512 4843 2568 4896 in
2616 4839 2770 4896 verba
2817 4837 3069 4906 Domini,
3118 4838 3194 4893 ita
3240 4838 3507 4909 loquitur,
3555 4839 3631 4894 uti

2052 4938 2122 4995 iis
2159 4937 2329 4992 ﬁdant
2356 4936 2445 5006 qui
2474 4935 2589 4989 haec
2618 4931 3030 4986 annuntiarent.

2131 5051 2151 5085 ι
2181 5031 2322 5099 Quia
2354 5044 2456 5085 nos
2483 5025 2577 5097 qui
2604 5027 2878 5093 vivimus,
2927 5023 3022 5094 qui
3076 5023 3283 5080 residui
3335 5038 3525 5081 sumus
3581 5026 3634 5080 in

2051 5123 2345 5180 adventum
2375 5118 2610 5175 Domini.
2651 5136 2671 5171 ι

2124 5212 2242 5271 Non
2277 5212 2379 5266 hoc
2414 5209 2633 5273 innuit,
2665 5223 2726 5264 se
2759 5204 3109 5279 superstitem
3166 5207 3284 5263 fore
3339 5223 3517 5278 usque
3566 5208 3653 5261 ait.

2054 5312 2268 5373 tempus
2304 5297 2770 5363 resurrectionis,
2811 5298 2938 5363 sed,
2973 5312 3097 5352 cum
3132 5298 3202 5355 de
3237 5299 3551 5354 viventibus
3583 5297 3635 5351 ei

2051 5409 2236 5450 sermo
2264 5400 2445 5458 esset,
2477 5391 2704 5462 ipseque
2730 5389 2862 5444 dum
2896 5389 3012 5445 haec
3041 5388 3223 5445 aiebat
3250 5390 3305 5446 in
3337 5390 3479 5446 vivis
3506 5404 3634 5459 age-

2051 5495 2166 5553 ret,
2199 5483 2479 5541 communi
2531 5481 2788 5553 loquendi
2840 5496 2995 5537 more
3042 5481 3223 5547 dixit,
3255 5499 3347 5538 nos
3380 5483 3472 5552 qui
3503 5483 3636 5537 υίυὶο

2050 5595 2188 5633 mus.
2225 5575 2381 5643 Quod
2415 5582 2597 5629 autem
2634 5573 2724 5628 hic
2758 5571 2893 5627 dicti
2926 5572 3085 5628 istius
3118 5573 3192 5628 sit
3220 5587 3458 5637 sensus,
3485 5571 3632 5627 indi-

2052 5677 2138 5725 cat
2174 5666 2599 5738 subjungendo,
2635 5665 2726 5735 qui
2761 5663 2961 5719 residui
2996 5679 3198 5718 smnus.
3232 5662 3367 5717 Nam
3403 5662 3448 5717 si
3488 5661 3627 5717 idem

2051 5761 2417 5830 signiﬁcaret
2438 5759 2581 5829 quod
2624 5775 2709 5816 me
2752 5758 3002 5824 vivente,
3050 5773 3287 5821 quonam
3330 5755 3491 5812 modo
3519 5755 3628 5811 alio
