4048 6386
406 311 511 375 915
1581 317 1640 376 s.
1683 317 2004 377 manus
2043 317 2473 378 DAMASL‘EN-l
3578 291 3692 392 9m

412 439 463 486 in
503 433 626 488 loco
663 432 931 498 dixisset,
973 448 1150 495 omnes
1184 433 1394 502 quidem
1445 438 1818 504 resurgentus?
1855 433 1986 487 Nam

2100 432 2358 496 δάνεται,
2411 434 2528 498 πῶς
2582 435 2892 506 ἐγείρεται;
2945 435 3136 504 Ἡμεῖς
3169 430 3285 490 οὖν
3325 438 3381 490 οἱ
3431 435 3676 508 ζῶντες,

411 523 454 577 si
484 523 638 579 vivus
667 538 886 580 sursum
906 524 1230 591 assumitur,
1254 542 1363 596 quo
1394 536 1554 597 pacto
1591 527 1991 589 resurrexerit?

2100 525 2230 595 ιρησὶ
2249 566 2265 591 ,
2298 527 2441 580 κατά
2465 527 2555 580 τὸν
2586 526 3091 597 προαποδεδομένον
3125 526 3300 596 λόγον.

411 614 489 668 Eo
523 615 690 685 igitur
726 629 896 670 sensu
937 631 1101 686 quem
1146 617 1509 683 tradidimus,
1558 619 1636 673 ait
1675 657 1692 683 ,
1749 634 1844 672 nos
1899 618 1990 687 qui

409 722 652 760 vivimus.

480 797 648 868 220
691 815 710 848 ι
740 794 859 854 Νοη
895 799 1292 869 ριωνειιὶειηιιε
1341 815 1435 856 eos
1481 800 1576 870 qui
1623 799 1988 859 dormierunt.

2169 817 2188 850 α
2234 798 2310 851 Οὐ
2355 799 2431 869 μὴ
2466 797 2925 869 φθάσωμεν-τοῦς
2957 795 3350 866 κοιμηθέντας,
3390 796 3474 850 ὅτι
3517 797 3684 862 αὐτὸς

409 885 601 958 [Vens
645 888 865 960 15-17.]
896 889 1168 956 Quoniam
1196 891 1311 960 ipse
1341 891 1606 949 Dominus
1633 892 1684 947 in
1706 893 1867 962 jussu
1892 933 1906 957 ,
1937 893 1991 945 in

2100 891 2358 963 ὁΚύριος
2396 891 2454 945 ὲν
2497 891 2853 963 κελεύσματι,
2897 893 2955 944 ἐν
2982 891 3133 962 φωνῇ
3169 889 3511 960 ἀρχαγγέλου
3534 931 3551 959 ,
3588 894 3685 946 καλ⁸

408 994 544 1034 voce
573 980 918 1052 archangeli,
956 990 1011 1038 et
1039 983 1093 1038 in
1116 983 1247 1038 tuba
1267 984 1358 1040 Dei
1381 984 1678 1051 descendet
1694 985 1760 1039 de
1777 986 1941 1040 coelo.
1965 1003 1983 1034 ι

2100 985 2155 1039 ἐν
2189 985 2452 1054 σάλπιγγι
2483 983 2622 1038 Θεοῦ
2651 984 3025 1056 καταϐήσεται
3056 983 3165 1038 ἀπὸ
3193 982 3447 1054 ούρανοῦ.
3485 1002 3506 1036 ι

480 1071 660 1126 Edicit
686 1073 849 1127 etiam
879 1076 1153 1144 quomodo
1182 1091 1290 1130 non
1317 1083 1694 1145 praeventurus
1718 1077 1807 1132 sit.
1851 1077 1991 1142 Quo-

2166 1076 2274 1130 Kat‘t
2303 1077 2422 1140 πῶς
2446 1078 2508 1130 οὐ
2552 1076 2627 1148 μὴ
2665 1076 2879 1149 φθάσῃ,
2913 1075 3084 1142 λέγει’
3135 1075 3259 1129 Ὅτι
3287 1075 3472 1142 αὐτὸς
3508 1076 3542 1128 ὀ
3567 1074 3682 1128 Κύ-

409 1164 555 1216 niam
594 1164 704 1231 ipse
751 1165 1011 1229 Dominus
1045 1168 1100 1221 in
1135 1168 1306 1234 iussu.
1358 1168 1516 1235 Quali
1551 1170 1754 1250 jussu?
1802 1173 1991 1240 utique

2100 1187 2224 1238 ριος
2264 1168 2334 1222 ὲν
2386 1170 2770 1238 κελεύσματι.
2805 1167 2987 1238 Ποίῳς
3018 1166 3111 1238 Τῷ
3148 1167 3246 1238 τῆς
3287 1166 3641 1228 ἀναστάσεως
3665 1181 3679 1194 ·

415 1260 762 1328 rcsurgendi,
820 1261 872 1314 id
907 1271 991 1316 est
1014 1302 1031 1329 ,
1061 1277 1350 1334 resurgere
1382 1248 1728 1333 praecipiens.
1772 1265 1839 1322 In
1869 1283 1991 1324 voce

2100 1259 2213 1314 ἀντὶ
2267 1258 2364 1313 τοῦ
2413 1260 2652 1314 κελεύων
2697 1258 3039 1314 ἀνίστασθαι.
3109 1259 3213 1313 Ἐν
3250 1256 3424 1328 φωνῇ
3464 1258 3685 1364 ἀρζαγνη

412 1351 762 1420 archangeli,
800 1368 964 1423 quam
999 1361 1056 1409 et
1109 1355 1291 1409 tubam
1332 1357 1431 1410 Dei
1467 1358 1757 1424 nominat;
1793 1358 1991 1428 quippe

2100 1351 2302 1421 τέλου,
2337 1353 2407 1423 ἦν
2437 1353 2533 1408 καὶ
2563 1351 2870 1422 σάλπιγγα
2915 1351 3064 1405 Θεοῦ
3096 1367 3250 1421 φησι,
3283 1350 3373 1404 διὰ
3401 1349 3464 1403 τὸ
3490 1349 3685 1402 κελεύ-

411 1441 820 1510 quaa,jubente
849 1444 996 1510 Dco,
1048 1447 1389 1516 personabit.
1430 1446 1545 1502 Hoc
1595 1456 1778 1502 autem
1829 1462 1991 1518 para-

2100 1461 2266 1515 σματι
2295 1444 2432 1498 Θεοῦ
2478 1444 2751 1514 γενέσθαι.
2797 1443 2970 1497 Τοῦτο
3011 1443 3070 1497 δὲ
3109 1444 3204 1496 καὶ
3244 1445 3278 1514 ή
3308 1444 3366 1496 ὲν
3398 1441 3476 1511 τῷ
3501 1440 3683 1509 Εὐαγα

415 1533 535 1586 bola
569 1549 689 1603 quae
753 1536 954 1606 legitur
997 1538 1051 1591 in
1099 1537 1393 1608 Evangelio
1455 1539 1820 1610 signiﬁcatum
1870 1540 1991 1596 fuit.

2100 1536 2262 1607 γελίῳ
2313 1537 2595 1608 παραϐολὴ
2645 1536 2901 1607 ἐδήλωσε.
2951 1533 3194 1604 Κραυτὴ
3271 1533 3380 1604 γὰρ
3442 1533 3686 1636 ἐγένετο

410 1623 502 1678 Ait
537 1627 729 1682 enim:
771 1627 952 1683 Media
1005 1639 1153 1688 nocte
1203 1632 1407 1700 clamor
1461 1631 1632 1688 factus
1685 1642 1800 1698 est,
1855 1633 1991 1687 exite

2100 1630 2519 1700 μεσονυκτίου,
2558 1628 2877 1693 Ἐξέλθατε
2901 1629 2988 1693 εις
3024 1625 3372 1698 ἀπάντησιν
3399 1625 3506 1684 τοῦ
3531 1641 3698 1702 ruga-

411 1714 618 1772 obviam
649 1719 830 1786 sponsi
855 1721 924 1774 τ’.
2028 1782 2073 1820 η
2099 1719 2262 1789 φίου·
2330 1809 2343 1820 _
2409 1810 2423 1820 ι
2616 1811 2627 1820 _
2667 1811 2681 1820 _
2754 1811 2799 1820 η
2940 1807 2967 1820 ,,
3013 1810 3025 1820 ,
3190 1809 3202 1820 .
3530 1806 3556 1820 ..

487 1824 506 1855 ι
535 1805 604 1860 Ει
633 1782 837 1862 mortui
870 1811 963 1880 qui
998 1811 1055 1866 in
1082 1811 1303 1868 Christo
1333 1823 1465 1875 sunt
1493 1823 1786 1886 resurgent
1811 1815 1991 1886 primi.

2100 1782 2116 1789 '
2180 1829 2200 1862 ι
2242 1809 2354 1864 Καὶ
2376 1810 2426 1864 οἱ
2453 1811 2638 1882 νεκροὶ
2665 1811 2722 1864 ὲν
2754 1807 2977 1881 Χριστῷ
3003 1809 3402 1878 ἀναστήσονται
3444 1806 3683 1878 πρῶτον.

411 1894 619 1952 Deinde
649 1914 750 1956 nos
779 1898 872 1971 qui
926 1903 1200 1966 vivimus,
1248 1906 1344 1975 qui
1398 1899 1786 1977 relinquimur,
1834 1908 1991 1971 simul

2107 1903 2342 1956 Ἔπειτα
2376 1903 2426 1955 οἱ
2451 1901 2651 1966 ζῶντες
2685 1904 2848 1972 ἡμεῖς
2870 1904 2918 1956 οἱ
2939 1900 3406 1974 περιλειπόμενοι,
3437 1900 3557 1970 ἅμα
3587 1901 3686 1952 σὺν

409 1990 689 2058 rapiemur
717 2008 842 2046 cum
879 1994 992 2050 illis
1017 1994 1073 2049 in
1105 1996 1345 2054 nubibus
1391 1999 1609 2054 obviam
1661 1999 1898 2056 Domino.
1945 2002 1991 2056 in

2101 1993 2288 2057 αὐτοῖς
2335 1993 2773 2064 ἁρπαγησόμεθα
2821 1995 2880 2047 ὲν
2939 1993 3196 2064 νεφέλαις
3245 1995 3327 2055 είς
3376 1991 3687 2061 ἀπάντησιν

409 2065 536 2134 aera
561 2120 576 2146 ,
607 2091 666 2138 et
693 2084 771 2140 sic
801 2101 1025 2156 semper
1068 2103 1196 2142 cum
1252 2089 1484 2145 Domino
1528 2093 1763 2147 erimus.
1809 2093 1991 2163 Itaque

2101 2086 2193 2139 τοῦ
2225 2085 2433 2157 Κυρίου
2464 2087 2546 2149 εἰς
2575 2086 2745 2157 ἀέρα,
2781 2087 2876 2140 καὶ
2909 2086 3056 2142 οὕτω
3094 2087 3326 2141 πάντοτε
3356 2085 3455 2138 σὺν
3492 2084 3686 2154 Κυρίῳ

394 2174 769 2238 _consolamini
808 2177 1042 2245 invicem
1077 2181 1130 2240 in
1166 2182 1351 2240 verbis
1388 2182 1533 2251 istis.
1583 2201 1602 2235 ι

1065 2361 1219 2417 CAP.
1263 2362 1329 2420 V.

483 2446 650 2504 Vens.
687 2451 802 2506 I—5.
837 2469 855 2502 ι
887 2451 963 2508 De
994 2456 1331 2524 temporibus
1362 2465 1544 2514 autem
1579 2468 1634 2514 et
1664 2463 1956 2518 momentis
1977 2503 1992 2530 ,

410 2536 628 2602 fratres,
658 2555 765 2593 non
790 2541 1064 2612 indigetis,
1093 2554 1145 2597 ut
1171 2546 1476 2603 scribamus
1501 2549 1675 2606 vobis.
1705 2551 1808 2620 Ipsi
1836 2553 1985 2608 enim

407 2629 703 2700 diligenter.
729 2632 882 2690 scitis
902 2635 1028 2704 quia
1048 2635 1166 2692 dies
1188 2636 1402 2693 Domini
1431 2641 1574 2696 sicut
1597 2641 1689 2696 fur
1712 2644 1762 2697 in
1787 2655 1948 2700 nocte
1969 2685 1985 2711 ,

409 2723 482 2776 ita
509 2725 706 2780 veniet.
731 2723 866 2780 Cum
886 2727 1032 2784 enim
1054 2729 1317 2793 dixerint,
1340 2731 1450 2788 Pax
1473 2745 1526 2790 et
1544 2737 1834 2801 securitas,
1857 2745 1991 2795 tunc

410 2816 728 2882 repentinus
755 2818 836 2872 eis
865 2821 1218 2890 superveniet
1253 2824 1532 2889 interitus,
1569 2827 1712 2880 sicut
1742 2827 1895 2883 dolor
1924 2830 1980 2883 in

411 2917 572 2961 utero
600 2909 839 2973 habenti,
866 2918 921 2964 et
943 2927 1050 2966 non
1077 2912 1360 2984 eﬁ'ugient.
1387 2914 1502 2971 Vos
1535 2927 1740 2985 autem,
1768 2920 1988 2989 fratres,

414 3013 519 3051 non
555 3001 688 3054 estis
721 3000 773 3054 in
809 3003 1075 3068 tenebris,
1108 3014 1170 3059 ut
1197 3020 1294 3062 vos
1329 3007 1447 3065 dies
1480 3009 1570 3067 illa
1614 3021 1869 3082 tanquam
1903 3013 1990 3069 fur

2100 2177 2360 2248 ἐσόμεθα.
2387 2179 2554 2232 Ὥστε
2586 2179 2957 2249 παρακαλεῖτε
2979 2177 3248 2247 ἀλλήλους
3277 2177 3336 2230 ὲν
3361 2177 3472 2240 τοῖς
3501 2175 3687 2245 λόγοις

2097 2272 2326 2337 τούτοις.
2371 2289 2390 2324 ι

2133 2342 2135 2344 ’
2707 2366 2960 2421 ΚΕΦΑΛ.
3003 2364 3079 2420 E'.

2174 2477 2193 2509 ι
2233 2456 2371 2529 Περὶ
2407 2456 2466 2509 δὲ
2502 2456 2610 2510 τῶν
2641 2458 2848 2527 χρόνων
2882 2458 2977 2511 καὶ
3002 2457 3113 2510 τῶν
3159 2455 3396 2528 καιρῶν,
3429 2454 3702 2524 ἀδελφοὶ,-

2096 2548 2157 2602 ού
2182 2549 2372 2621 χρείαν
2404 2546 2558 2618 ἔχετε
2587 2547 2716 2618 ὑμῖν
2744 2547 3076 2618 γράφεσθαι.
3107 2547 3273 2600 Αὐτοὶ
3299 2546 3407 2616 γὰρ
3437 2544 3686 2617 ἀκριϐῶς

2095 2640 2312 2705 οἴδατε,
2344 2639 2428 2693 ὅτι
2476 2642 2510 2711 ή
2560 2639 2744 2711 ἡμέρα
2786 2639 2996 2710 Κυρίου
3035 2639 3110 2703 ὡς
3157 2637 3400 2709 κλέπτης
3440 2638 3498 2692 ὲν
3527 2638 3686 2691 νυκτὶ

2095 2731 2269 2796 οὕτως
2298 2731 2718 2803 ἔρχεται.”οταν
2737 2732 2847 2802 γὰρ
2871 2731 3126 2801 λέγωσιν,
3161 2732 3366 2802 Εἰρήνη
3385 2731 3478 2784 καὶ
3499 2730 3682 2799 ἀσφά-

2093 2827 2252 2894 λεια,
2305 2828 2428 2882 τότε
2489 2827 2756 2897 αἰφνίδιος
2820 2828 3007 2890 αὐτοῖς
3072 2826 3361 2896 ἐφίσταται
3429 2823 3680 2895 ὄλεθρος,

2095 2921 2284 2993 ὥσπερ
2315 2923 2348 2992 ή
2377 2919 2509 2973 ὠδὶν
2540 2923 2605 2992 τῇ
2637 2922 2694 2974 ὲν
2720 2920 2921 2991 γαστρὶ
2942 2917 3164 2992 ἐχούσῃ,
3199 2919 3292 2972 καὶ
3314 2917 3376 2971 οὐ
3408 2917 3482 2988 μὴ
3510 2915 3681 2985 ἐκφύ-

2095 3030 2286 3082 γωσιν.
2333 3013 2523 3083 Ὑμεῖς
2558 3012 2636 3076 δὲ,
2675 3011 2918 3081 ἀδελφοὶ,
2951 3011 3052 3064 οὐκ
3101 3009 3226 3063 ὲστὲ
3255 3011 3314 3062 ὲν
3347 3008 3553 3071 σκότει,
3593 3007 3681 3061 ἵνα

410 3093 858 3160 comprehendat.
893 3093 1094 3153 Omnes
1120 3099 1262 3152 enim
1295 3116 1391 3156 vos
1424 3101 1518 3158 ﬁlii
1555 3103 1696 3160 lucis
1725 3108 1864 3162 estis
1887 3147 1903 3172 ,
1935 3117 1988 3164 et

2100 3106 2132 3176 ή
2169 3104 2354 3176 ἡμέρα
2376 3105 2521 3176 ὑμᾶς
2551 3105 2626 3168 ὡς
2661 3103 2902 3174 κλέπτης
2934 3101 3242 3173 καταλάϐῃ.
3276 3103 3486 3165 Πάντες
3521 3101 3680 3171 ὑμεῖς

415 3181 512 3235 filii
550 3183 682 3240 Dei:
719 3200 828 3240 non
860 3201 1055 3244 sumus
1093 3192 1274 3246 noctis
1298 3233 1312 3258 ,
1349 3210 1531 3266 neque
1564 3199 1935 3258 tenebrarum.
1968 3221 1988 3256 ι

2100 3197 2209 3248 υἱοὶ
2236 3195 2415 3264 φωτός
2440 3196 2588 3262 ὲστε,
2617 3195 2713 3248 καὶ
2737 3195 2845 3249 υἱοὶ
2866 3194 3080 3267 ἡμέρας
3096 3211 3108 3222 ·
3136 3195 3236 3248 οὐκ
3261 3191 3431 3264 ἐσμὲν
3462 3192 3686 3266 νυκτὸςὶ

480 3363 769 3432 Ostendit,
821 3383 930 3424 non
976 3384 1200 3439 prorsus
1241 3384 1486 3432 mortuos
1533 3383 1993 3439 resurrectionem

412 3453 759 3522 obtinuisse,
811 3457 917 3514 nisi
947 3475 1045 3530 per
1073 3462 1376 3520 Christum.
1412 3467 1529 3522 Nisi
1561 3470 1708 3526 enim
1743 3471 1998 3532 Christus

411 3545 602 3602 fuisset
632 3550 931 3606 secundum
962 3567 1183 3610 carnem
1211 3567 1490 3626 mortuus,
1534 3577 1682 3617 mors
1721 3565 1996 3622 destructa

413 3656 520 3694 non
564 3651 726 3697 esset.
763 3642 861 3698 Vel
883 3645 1045 3700 etiam
1073 3647 1304 3703 dicendo
1324 3689 1338 3712 ,
1371 3655 1567 3707 mortui
1588 3656 1677 3725 qui
1707 3672 1760 3710 in
1787 3655 1998 3714 Christo

413 3743 558 3799 sunt,
584 3735 707 3790 illos
733 3736 910 3791 innuit
933 3737 1025 3807 qui
1047 3752 1264 3809 propter
1284 3741 1567 3799 Christum
1594 3756 1824 3802 mortem
1847 3751 1998 3806 obie-

415 3836 883 3897 runt,opportune
917 3832 1213 3888 consolans
1238 3849 1332 3890 eos
1361 3836 1456 3905 qui
1500 3836 1616 3895 haec
1661 3841 1954 3898 audiebant
1976 3884 1991 3908 ,

414 3933 539 3975 cum
573 3921 625 3973 in
659 3921 951 3979 amictione
987 3935 1359 3988 versarentur.
1389 3929 1480 3984 Ait
1507 3945 1638 4001 ergo
1688 3933 1811 3990 illos
1834 3975 1849 3999 ,
1897 3936 1992 4006 qui

413 4026 581 4066 causa
608 4013 810 4068 Christi
841 4017 1082 4085 perpessi
1107 4025 1302 4082 erunt,
1324 4020 1536 4089 priores
1566 4037 1994 4085 resurrecturos.

485 4101 651 4159 Vsus.
700 4103 882 4159 6-H.
915 4107 1135 4178 «Igitur
1184 4127 1293 4165 non
1348 4113 1690 4172 dormiamus
1742 4119 1887 4173 sicut
1939 4127 1998 4175 et

412 4197 632 4260 αξιοι-ἰ,
667 4198 762 4251 sed
792 4198 1084 4266 vigilemus
1133 4209 1190 4256 et
1233 4203 1410 4259 sobrii
1461 4207 1662 4264 simus.
1712 4209 1848 4264 Nam
1899 4212 1992 4282 qui

411 4289 732 4354 dormiunt,
769 4299 928 4347 nocte
945 4294 1280 4351 .dormiunt:
1313 4306 1367 4352 et
1396 4299 1487 4368 qui
1523 4299 1661 4355 ebrii
1697 4312 1859 4368 sunt,
1892 4319 1995 4358 no-

411 4388 498 4434 etc
523 4381 660 4436 ebrii
699 4391 850 4438 sunt.
893 4383 1007 4440 Nos
1047 4396 1228 4443 autem
1272 4389 1367 4458 qui
1413 4391 1520 4445 diei
1552 4407 1746 4449 sumus
1771 4435 1785 4460 ,
1820 4395 1990 4451 sobrii

2099 3287 2220 3342 οὐδὲ
2251 3287 2495 3352 σκότους.
2534 3305 2552 3339 ι

2169 3379 2453 3433 Δείκνυσιν
2493 3378 2570 3442 ὡς
2611 3379 2710 3449 οὐχ
2747 3378 2938 3442 ἁπλῶς
2971 3377 3234 3449 ηὕρισκον
3264 3377 3314 3430 οἱ
3357 3376 3542 3446 νεκροὶ
3581 3374 3681 3447 τὴν

2098 3471 2421 3538 ἀνάστασιν,
2464 3473 2514 3524 εἰ
2553 3469 2754 3542 μὴ,διὰ
2778 3469 3039 3542 Χριστοῦ.
3077 3471 3139 3525 El
3173 3469 3249 3540 μὴ
3297 3469 3405 3539 γὰρ
3443 3467 3680 3524 ἀπέθανε

2099 3563 2243 3619 κοιτά
2279 3563 2459 3634 σάρκα
2492 3564 2520 3616 ὁ
2552 3562 2825 3635 Χριστὸς,
2861 3563 2961 3616 οὐκ
2999 3561 3066 3616 ἀν
3102 3561 3288 3615 ὲλύετο
3326 3561 3575 3624 θάνατος.
3611 3561 3684 3623 Ἡ

2099 3658 2196 3712 καὶ
2249 3655 2503 3725 νεκροὺς
2531 3655 2601 3710 ἐν
2633 3654 2896 3724 Χριστῷ,
2932 3655 3059 3718 τοὺς
3108 3653 3482 3717 ἀποθανόντας
3531 3653 3681 3720 λέγει

2097 3749 2187 3804 διὰ
2218 3749 2454 3815 Χριστὸν
2475 3793 2490 3816 ,
2533 3748 2810 3819 εὐκαίρως
2837 3747 2926 3801 διά
2955 3747 3016 3801 τὸ
3056 3747 3113 3800 ὲν
3159 3746 3337 3817 θλίψει
3375 3740 3518 3799 εἶναι
3553 3743 3681 3807 τοὺς

2099 3838 2397 3903 ἀκούοντας
2455 3837 2972 3910 παραμυθούμενος.
3025 3837 3196 3907 Φησὶν
3230 3831 3352 3896 οὖν,
3385 3835 3462 3899 ὡς
3493 3835 3546 3889 οἱ
3594 3835 3686 3904 διὰ,

2099 3933 2335 4005 Χριστὸν
2363 3933 2670 4004 πάσχοντες
2704 3933 2801 3990 καὶ
2831 3930 3040 4002 πρῶτοι
3068 3931 3168 4002 τῆς
3211 3929 3560 3992 ἀναστάσεως
3588 3928 3680 3981 τύ-

2134 4044 2289 4081 ωσιν.

2098 4047 2380 4192 χωῗιίιλρα
2403 4115 2496 4174 οὖν
2530 4119 2606 4191 μὴ
2639 4118 2994 4189 καθεύδωμεν
3019 4117 3096 4181 ὼς
3113 4116 3215 4173 καὶ
3243 4116 3294 4170 οῑ
3315 4115 3513 4183 λοιποὶ,
3544 4113 3680 4170 ἀλλά

2098 4213 2464 4285 ΥΡηΥδρῶμεν
2494 4211 2587 4264 καὶ
2611 4211 2892 4282 νήφωμεν.
2921 4211 2984 4263 υἱ
3013 4209 3122 4280 γὰρ
3179 4206 3554 4271 καθεύδοντες,
3587 4224 3679 4263 vu-

2098 4306 2225 4369 κτὺς
2270 4304 2629 4359 καθεύδουσι·
2667 4304 2761 4358 καὶ
2785 4304 2836 4357 oi
2876 4301 3298 4374 μεθυσκόμενοι,
3333 4300 3530 4364 νυκτὸς
3581 4317 3678 4370 με-

2099 4399 2336 4453 θύουσιν.
2377 4397 2570 4468 Ἦμεῐς
2597 4395 2654 4449 δὲ
2683 4395 2895 4469 ήμέρας
2921 4395 3097 4460 ὄντες,
3132 4396 3416 4466 νήφωμεν,
3452 4390 3680 4447 ἐνδυσά-

411 4473 586 4528 simus
608 4513 623 4538 ,
679 4474 854 4530 induti
909 4477 1134 4532 loricam
1184 4479 1312 4535 ﬁdei
1345 4488 1403 4545 et
1434 4482 1725 4540 charitatis
1747 4524 1762 4550 ,
1793 4495 1848 4540 et
1897 4503 1991 4557 ga-

2102 4506 2254 4561 μενοι
2286 4487 2512 4559 θώρακα
2553 4487 2791 4549 πίστεως
2820 4486 2915 4540 καὶ
2944 4488 3197 4559 ἀγάπης,
3229 4486 3323 4540 καὶ
3371 4501 3678 4558 περικεφα-

409 4564 549 4619 leam
573 4604 588 4630 ,
623 4581 773 4636 spem
810 4568 1021 4625 salutis.
1052 4569 1324 4636 Quoniam
1356 4590 1464 4628 non
1500 4577 1685 4644 posuit.
1716 4591 1812 4632 vos
1849 4577 1998 4640 Deus.

409 4656 465 4712 in
501 4657 638 4712 iram
661 4697 676 4723 ,
714 4660 808 4716 sed
845 4661 900 4714 in
929 4663 1348 4731 acquisitionem
1401 4667 1599 4727 salutis
1655 4683 1752 4738 per
1803 4668 1989 4725 Domi-

409 4767 539 4805 num
572 4759 824 4813 nostrum
863 4752 1052 4811 Iesum
1086 4756 1408 4823 Christum,
1458 4760 1553 4830 qui
1608 4771 1860 4818 mortuus
1907 4773 2003 4820 est.

408 4859 507 4912 pro
565 4845 761 4911 nobis;
810 4855 870 4901 ut
923 4851 1040 4906 sive
1088 4850 1418 4921 vigilemus,
1469 4853 1584 4909 sive
1618 4856 1990 4922 dormiamus,

410 4934 576 4988 simul
605 4949 730 4990 cum
764 4939 859 4992 illo
885 4939 1152 4996 vivamus.
1183 4943 1413 5012 PrOptcr
1438 4946 1587 5016 quod
1627 4949 1995 5004 consulamini

412 5026 644 5081 invicem
667 5067 682 5093 ,
713 5037 768 5084 et
796 5031 1066 5086 aediﬁcate
1095 5034 1418 5090 alterutrum
1441 5076 1457 5103 ,
1485 5038 1629 5093 sicut
1660 5047 1718 5095 et
1749 5039 1989 5095 facitis.»

480 5119 745 5188 Apposite
797 5137 1108 5178 sermonem
1165 5136 1346 5181 movet
1392 5129 1461 5183 de
1510 5129 1727 5193 labore,
1778 5145 1997 5201 unaque

411 5209 734 5279 mysterium
789 5211 1074 5280 declarat,
1127 5227 1184 5272 et
1229 5232 1393 5289 quam
1423 5220 1498 5277 ob
1530 5234 1754 5278 causam
1787 5222 1995 5279 Christi

411 5315 560 5357 mors
591 5302 908 5374 contigerit.

485 5391 650 5450 Vens.
689 5395 794 5460 12,
820 5398 910 5452 I5.
939 5417 958 5451 ι
989 5397 1266 5470 Rogamus
1296 5410 1478 5470 autem
1503 5421 1636 5473 vos,
1667 5405 1870 5465 fratres
1890 5448 1904 5472 ,
1933 5418 1995 5466 ut

413 5488 674 5552 noveritis
706 5506 802 5546 eos
846 5495 940 5562 qui
993 5495 1251 5552 laborant
1307 5498 1450 5554 inter
1498 5517 1628 5568 vos,
1664 5511 1718 5557 et
1748 5509 1991 5572 praasunt

412 5577 568 5639 vobis
599 5579 650 5634 in
683 5581 948 5650 Domino,
983 5597 1038 5642 et
1061 5599 1282 5645 monent
1311 5605 1409 5649 vos
1429 5634 1443 5661 ,
1475 5601 1535 5648 ut
1563 5592 1811 5651 habeatis
1864 5594 1987 5651 illos

447 5762 492 5808 ῐ²
533 5763 727 5838 Matth.
763 5782 890 5835 xxv,
923 5771 976 5826 6.

2099 4583 2281 4646 λαίαν,
2316 4581 2508 4635 ἐλπίδα
2537 4580 2844 4651 σωτηρίας·
2881 4581 2964 4634 ὅτι
3006 4579 3108 4633 οὐκ
3137 4578 3291 4633 ἔθετο
3324 4579 3468 4649 ὑμᾶς
3491 4581 3520 4632 ὁ
3545 4577 3678 4642 Θεὸς

2099 4675 2178 4738 είς
2219 4673 2422 4744 ὀργὴν,
2470 4670 2585 4724 ἀλλ’
2624 4672 2704 4733 εἰς
2747 4670 3098 4740 περιποίησιν
3140 4669 3414 4739 σωτηρίας
3461 4667 3548 4721 διά
3585 4665 3676 4720 τοῦ

2098 4767 2311 4837 Κυρίου
2344 4764 2506 4835 ,ήμῶν
2551 4761 2729 4836 Ἰησοῦ
2753 4761 2992 4834 Χριστοῦ
3023 4760 3119 4814 τοῦ
3149 4760 3515 4824 ἀποθανόντος
3539 4759 3678 4831 ὑπὲρ

2100 4859 2278 4930 ήμῶν,
2309 4858 2395 4911 ἵνα
2437 4859 2547 4912 εἴτε
2581 4855 2970 4928 γρηγορῶμεν,
2999 4853 3111 4907 εἴτε
3145 4852 3518 4931 καθεύδωμεν,
3563 4852 3678 4921 ἃμα

2097 4952 2196 5004 σὺν
2235 4949 2383 5020 αὐτῷ
2413 4949 2690 5020 ζήσωμεν.
2731 4947 2823 5019 Διὸ
2852 4945 3226 5018 παρακαλεῖτε
3253 4942 3552 5014 ἀλλήλους,
3588 4943 3682 4995 καί

2093 5041 2429 5112 οἰκοδομεῖτε
2453 5035 2540 5108 ,εἷς
2567 5039 2663 5094 τὸν
2687 5039 2807 5104 ἕνα,
2840 5037 3024 5102 καθὼς
3056 5037 3153 5092 καὶ
3183 5037 3414 5089 ποιεῖτε.
3456 5053 3475 5086 ι

2165 5135 2453 5206 Εὐκαίρως
2495 5134 2587 5188 τὸν
2627 5133 2756 5205 περὶ
2782 5133 2943 5186 πόνου
2991 5131 3174 5200 ὲνάγει
3206 5128 3386 5197 λόγον,
3422 5125 3682 5197 παραδειε

2093 5229 2232 5292 κνὺς
2265 5226 2416 5298 αὐτῷ
2441 5227 2532 5280 τὸν
2564 5225 2695 5296 περὶ
2721 5225 2815 5279 τοῦ
2850 5223 3150 5296 μυστηρίου
3184 5221 3364 5292 λόγον,
3387 5218 3483 5274 καὶ
3513 5217 3606 5272 διὰ
3629 5217 3680 5270 τί

2099 5323 2129 5376 ὁ
2161 5320 2398 5393 Χριστοῦ
2427 5319 2618 5389 γέγονε
2652 5318 2898 5381 θάνατος.

2178 5432 2198 5466 ι
2235 5412 2561 5486 Ἐρωτῶμεν
2597 5411 2656 5465 δὲ
2698 5411 2878 5482 ὑμᾶς,·
2903 5407 3150 5476 ἀδελφοὶ,
3191 5405 3389 5459 εἰδέναι
3428 5403 3558 5466 τοὺς
3587 5418 3681 5453 κο-

2100 5503 2343 5566 πιῶντας
2381 5502 2440 5556 ὲν
2477 5501 2642 5572 ὑμῖν,
2682 5500 2778 5554 καὶ
2807 5498 3242 5570 προϊσταμένους
3275 5493 3436 5565 ὑμῶν
3461 5494 3521 5546 ὲν
3565 5492 3682 5545 Κυ-
3795 5495 3806 5500 “

2103 5597 2222 5668 ρίῳ,
2273 5597 2368 5654 καὶ
2403 5595 2790 5657 νουθετοῦντας
2834 5593 3000 5674 ὑμᾶς,
3032 5591 3126 5647 καὶ
3151 5586 3404 5663 ἡγεῖσθαι
3451 5581 3682 5667 ἑαυτοὺς
