4048 6388
434 328 533 391 917

1346 318 1432 380 ΙΝ
1471 318 1710 381 EPIST.
1747 319 1849 380 AD
1886 317 2646 380 THESSALONICENSES
2673 317 2756 377 II.

3589 315 3704 382 918'

435 431 914 508 ὑπερεκπερισσοῦ
935 433 994 489 ἐν
1023 430 1214 504 ἀγάπῃ
1243 431 1332 488 διὰ
1351 433 1413 486 τὸ
1445 431 1606 504 ἔργον
1633 432 1836 490 αὐτῶν.
1855 433 2020 504 Εἰρη-

2136 431 2493 486 ibundantius
2523 431 2576 485 in
2610 429 2880 485 charitate
2904 435 3128 500 propter
3157 440 3297 498 opus
3323 426 3560 483 illorum.
3593 430 3697 484 l’a-

436 529 623 582 νεύετε
651 526 708 578 ἐν
733 526 966 588 ἑαυτοῖς.
1007 543 1026 577 ι

506 618 590 672 Τὰ
617 617 748 687 περὶ
775 614 1113 671 διδασκάλων
1136 613 1400 682 διδάσκει,
1434 614 1621 679 ποίους
1648 609 1786 670 εἶναι
1809 615 1892 670 δεῖ
1920 634 2014 672 πε-

434 705 802 782 ριπαραινῶν.

514 818 534 851 r
589 794 1025 867 Παρακαλοῦμεν
1076 795 1142 874 δὲ,
1186 794 1367 866 ὑμᾶς,
1415 794 1655 864 ἀδελφοὶ,
1709 795 2014 851 νουθετεῖτε

353 889 356 892 ’
431 890 562 953 τοὺς
591 889 882 955 ἀτάκτους,
903 885 1318 959 παραμυθεῖσθε
1336 886 1462 951 τοὺς
1492 885 1869 958 ὀλιγοψύχους,
1887 889 2016 944 ἀντ-

433 979 625 1050 έχεσθε
672 978 781 1034 τῶν
814 976 1090 1043 ἀσθενῶν,
1131 976 1539 1049 μακροθυμεῖτε
1583 977 1718 1048 πρὸς
1779 979 2012 1043 πάντας.

445 1069 643 1140 Ὁρᾶτε
676 1069 751 1140 μή
801 1085 886 1130 τις
918 1067 1086 1121 κακὸν
1115 1067 1237 1121 ἀντὶ
1273 1066 1446 1121 κακοῦ
1481 1084 1585 1121 τινι
1623 1067 1830 1140 ἀποδῷ,
1880 1067 2017 1124 ἀλλὰ

433 1157 670 1212 πάντοτε
699 1155 905 1226 ἀγαθὸν
930 1154 1179 1222 διώκετε,
1214 1157 1308 1210 καὶ
1352 1157 1430 1219 εἰς
1459 1156 1725 1228 ἀλλήλους
1745 1195 1761 1221 ,
1795 1159 1891 1212 καὶ
1935 1158 2016 1222 είς

435 1249 669 1311 πάντας.
698 1245 937 1300 Πάντοτε
960 1245 1179 1317 χαίρετε
1203 1263 1216 1276 °
1240 1244 1599 1310 ἀδιαλείπτως
1621 1247 2012 1318 προσεύχεσθε,

433 1341 493 1393 ἐν
523 1339 679 1392 παντὶ
728 1338 1124 1408 εὐχαριστεῖτε.
1158 1337 1328 1392 Τοῦτο
1371 1337 1479 1409 γὰρ
1517 1337 1730 1409 θέλημα
1779 1339 1914 1394 Θεοῦ
1957 1342 2015 1394 ἐν

432 1428 657 1501 Χριστῷ
697 1427 871 1499 Ἰησοῦ
899 1430 980 1492 εἰς
1008 1429 1174 1500 ὑμᾶς.

503 1519 772 1574 Ποικίλων
801 1519 1012 1588 ἀρετῶν
1043 1519 1230 1582 αὐτοῖς
1255 1519 1531 1587 ἐξυφαίνει
1561 1518 1741 1588 λόγον.

510 1631 530 1665 ι
565 1614 639 1666 Τὸ
674 1612 898 1683 Πνεῦμα
926 1612 1002 1683 μὴ
1028 1611 1306 1678 σϐέννυτε,
1345 1613 1682 1684 προφητείαν
1738 1612 1814 1683 μὴ
1866 1611 2017 1676 ἐξου-

435 1704 667 1758 θενεῖτεο
713 1703 895 1757 πάντα
935 1703 992 1757 δὲ
1035 1703 1380 1774 δοκιμάζετε,
1414 1703 1476 1756 τὸ
1518 1703 1682 1758 καλὸν
1730 1703 2012 1774 κατέχετε,

2119 536 2240 578 cem
2273 523 2472 579 habete
2505 537 2628 576 cum
2665 521 2768 576 eis.
2803 540 2822 573 ι

2187 613 2362 670 Docet
2389 629 2511 683 quae
2535 613 2858 669 doctoribus
2885 613 3192 682 praestanda
3222 615 3367 679 sint,
3395 611 3706 668 admonens

2119 702 2336 758 interim
2372 705 2564 773 quales
2599 702 2677 757 illi
2705 717 2832 758 esse
2860 704 3118 759 debeant.

2188 792 2358 851 Vens.
2389 793 2581 848 14-18.
2612 812 2630 844 ι
2665 792 2945 862 Rogamus
2971 801 3148 848 autem
3177 808 3297 858 vos,
3318 792 3544 857 fratres,
3571 805 3698 845 eor-

2118 886 2284 957 ripite
2323 887 2635 957 inquietos,
2669 885 3038 942 consolamini
3071 887 3454 954 pusillanimes
3476 927 3492 953 ,
3525 887 3702 941 susci-

2121 979 2239 1049 pite
2271 978 2562 1042 inﬁrmos,
2599 977 2872 1049 patientes
2918 984 3093 1032 estote
3139 976 3207 1032 ad
3254 991 3468 1031 omnes.
3506 974 3703 1030 Videte

2118 1086 2190 1128 ne
2212 1071 2337 1142 quis
2361 1071 2566 1126 malum
2594 1085 2696 1142 pro
2727 1070 2874 1125 malo
2904 1068 3072 1125 alicui
3102 1068 3332 1134 reddat;
3360 1067 3457 1122 sed
3491 1082 3704 1136 semper

2119 1163 2269 1234 quod
2298 1164 2506 1218 bonum
2542 1170 2629 1219 est
2649 1203 2663 1229 ,
2696 1162 3022 1227 sectamini,
3051 1170 3108 1218 et
3153 1161 3208 1215 in
3254 1160 3494 1216 invicem
3516 1199 3532 1224 ,
3563 1167 3620 1213 et
3649 1160 3704 1212 in

2120 1268 2337 1310 omnes.
2373 1253 2604 1323 Semper
2630 1252 2899 1322 gaudete;
2949 1251 3069 1308 sine
3119 1248 3531 1306 intermissione
3574 1262 3705 1302 ora-

2119 1352 2213 1413 te;
2247 1346 2304 1401 in
2339 1344 2600 1400 omnibus
2631 1343 2839 1414 gratias
2875 1343 3034 1412 221
3070 1341 3218 1414 agite
3246 1360 3260 1394 :
3294 1341 3413 1396 haec
3443 1349 3529 1396 est
3561 1339 3704 1395 enim

2118 1436 2374 1491 voluntas
2409 1434 2504 1490 Dei
2539 1435 2596 1489 in
2633 1433 2855 1491 Christo
2888 1433 3017 1489 Jesu
3049 1433 3106 1488 in
3140 1446 3260 1488 vos.
3300 1451 3320 1485 ι

2190 1527 2266 1583 De
2300 1527 2471 1582 variis
2497 1526 2795 1582 virtutibus
2825 1540 3133 1582 sermonem
3162 1524 3271 1580 illis
3295 1524 3565 1581 contexit.

2189 1617 2354 1674 Vitas.
2383 1617 2572 1674 19-25.
2615 1636 2635 1671 ι
2667 1616 2935 1688 Spiritum
2968 1617 3140 1672 nolite
3169 1617 3546 1688 exstinguere.
3569 1613 3707 1670 Pro-

2120 1709 2361 1781 phetiam
2410 1711 2586 1766 nolite
2606 1725 2866 1782 spernere
2902 1727 2916 1763 :
2949 1708 3136 1763 omnia
3188 1716 3372 1763 autem
3422 1707 3700 1778 probate:

435 1795 548 1848 ἀπὸ
601 1792 796 1858 παντὸς
851 1794 1026 1857 εἴδους
1068 1770 1306 1866 πονηροῦ
1372 1792 1662 1863 ἀπέχεσθε.
1697 1770 2011 1859 Αὐτὸς-’δὲὸ

2136 1772 2262 1873 ίιιού
2291 1803 2496 1857 bonum
2525 1770 2652 1866 est;
2665 1808 2869 1858 tenete.
2894 1799 2978 1855 Ab
3009 1799 3159 1855 omni
3189 1799 3372 1870 specie
3401 1770 3542 1853 mala
3569 1798 3704 1856 abs-

433 1886 568 1950 Θεὸς
593 1885 690 1956 τῆς
717 1886 937 1957 εἰρήνης
971 1886 1196 1954 ἁγιάσαι
1231 1885 1396 1956 ὑμᾶς.
1436 1903 1455 1936 ι

507 1978 655 2032 Ἀντὶ
680 1977 818 2042 τοῦ,
862 1978 954 2046 Μὴ
1003 1976 1233 2048 ἐπέχετε
1285 1977 1376 2030 τὸν
1435 1975 1879 2048 προφητεύοντα’
1919 1976 2014 2029 καὶ

429 2069 593 2124 τοῦτο
613 2070 765 2141 δηλοῖ
793 2069 854 2124 τὸ
883 2069 1030 2142 ἑξῆς.

512 2179 532 2211 ι
576 2159 872 2224 Ὀλοτελείς
902 2177 916 2189 '
950 2160 1046 2215 ml.
1068 2160 1362 2233 ὁλόκληρον
1394 2159 1568 2232 ὑμῶν.
1609 2179 1627 2210 ι

504 2251 578 2306 Εἴ
594 2270 648 2306 τι
670 2251 850 2305 λείπει
874 2253 1024 2324 ὑμῖν,
1043 2251 1492 2326 προσπληρώσει.

511 2362 532 2396 ‹
564 2343 638 2398 Τὸ
663 2344 912 2416 Πνεῦμα,
953 2347 1050 2401 καὶ
1079 2348 1111 2417 ἡ
1142 2344 1312 2415 ψυχὴ,
1338 2344 1434 2398 καὶ
1479 2342 1542 2397 τὸ
1593 2342 1777 2414 σῶμα,
1834 2343 2018 2414 ἀμέμ-

435 2453 586 2500 πτως
608 2436 665 2489 ἐν
685 2439 751 2507 τῇ
779 2436 1052 2507 παρουσίᾳ
1088 2435 1183 2490 τοῦ
1216 2435 1423 2507 Κυρίου
1463 2433 1622 2507 ήμῶν
1664 2434 1838 2505 Ἰησοῦ
1879 2436 2018 2507 Χρι-

438 2526 567 2580 στοῦ
594 2525 884 2598 τηρηθείη.
918 2527 1119 2592 Πιστὸς
1142 2528 1171 2580 ὁ
1197 2527 1354 2590 Θεός.
1395 2545 1414 2578 ι

510 2616 773 2685 Πνεῦμα,
802 2617 957 2687 φησι,
981 2616 1040 2669 τὸ
1080 2618 1328 2688 χάρισμα
1359 2616 1388 2670 ὃ
1426 2615 1617 2670 ἐλαϐεν
1661 2615 1891 2681 ἕκαστος
1931 2615 2022 2671 διά

437 2706 534 2760 τοῦ
568 2706 959 2777 βαπτίσματος.
984 2709 1119 2762 Τότε
1150 2709 1260 2781 γὰρ
1295 2709 1404 2764 τῶν
1438 2708 1853 2780 βαπτιζομένων
1882 2711 2022 2764 ἐκαο

442 2816 564 2862 στος
587 2799 861 2869 ἐλάμϐανε
900 2801 1166 2872 χάρισμα,
1214 2801 1309 2856 καὶ
1355 2802 1530 2856 ἐποίει
1580 2804 1804 2874 σημεῖα.
1852 2802 1962 2858 Καὶ
1995 2803 2025 2856 δ

443 2890 542 2960 μὲν
581 2891 856 2960 γλώσσαις
901 2892 1101 2956 ἐλάλει,
1141 2895 1168 2947 ὁ
1193 2893 1249 2946 δὲ
1282 2895 1655 2966 προεφήτευεν
1678 2913 1692 2927 ο
1724 2895 1881 2957 ἄλλος
1909 2897 2026 2951 ίᾶτο

439 2981 566 3044 τοὺς
598 2980 927 3051 κάμνοντας,
959 2981 1114 3046 ἄλλος
1144 2982 1398 3054 δαιμόνια
1420 2983 1732 3052 ἐξέϐαλλεν,
1751 2986 1907 3050 ἄλλος
1933 2987 2026 3042 άν-

2115 1893 2281 1948 tinete
2339 1906 2459 1948 vos.
2501 1889 2625 1961 Ipse
2651 1901 2830 1946 autem
2854 1889 3002 1946 Deus
3038 1889 3193 1958 pacis
3221 1888 3527 1945 sanctiﬁcet
3547 1904 3708 1945 vos.»

2187 1981 2300 2039 Hoc
2337 1990 2446 2049 est,
2474 1999 2541 2038 ne
2590 1982 2895 2038 eohibeatis
2923 1982 3074 2036 illum
3102 1982 3194 2052 qui
3221 1981 3542 2052 prophetias
3575 1980 3706 2038 fun-

2114 2074 2197 2129 dit
2227 2094 2239 2130 :
2282 2073 2429 2146 quod
2455 2074 2620 2129 etiam
2644 2073 2891 2129 declarat
2920 2074 3197 2130 orationis
3229 2074 3424 2130 series.

2113 2214 2126 2224 ,
2193 2163 2328 2220 «Per
2360 2164 2582 2219 omnia:
2616 2171 2670 2219 et
2705 2163 2919 2233 integer
2945 2163 3017 2218 sit
3038 2173 3240 2218 vester.
3279 2185 3302 2216 ι

2191 2254 2246 2311 Si
2277 2259 2432 2312 deest
2464 2254 2622 2311 vobis
2649 2255 2878 2332 aliquid,
2910 2254 3014 2309 hoc
3038 2255 3156 2324 ipse
3193 2253 3497 2323 praestabit,

2197 2365 2215 2399 ς
2247 2346 2512 2417 Spiritus,
2563 2352 2618 2402 et
2645 2345 2854 2410 anima,
2887 2353 2944 2400 et
2973 2359 3174 2414 corpus
3226 2343 3346 2398 sine
3396 2341 3619 2414 querela
3652 2342 3708 2399 in

2120 2435 2360 2492 adventu
2421 2435 2640 2490 Domini
2720 2434 2899 2492 nostri
2964 2433 3094 2490 .lesu
3157 2431 3366 2489 Christi
3432 2440 3707 2489 servetur.

2123 2521 2336 2596 [Vens
2365 2523 2456 2576 24.
2493 2521 2512 2595 ]
2541 2520 2747 2576 Fidelis
2779 2521 2925 2576 Deus
2965 2559 2979 2574 .
3014 2538 3033 2572 ι

2197 2613 2454 2683 Spiritum
2495 2613 2652 2678 dicit,
2685 2611 2819 2666 illud
2875 2612 3080 2667 donum
3116 2610 3265 2680 quod
3318 2609 3707 2680 unusquisque

2121 2719 2223 2776 per
2249 2703 2584 2773 baptismum
2618 2707 2928 2770 acceperat.
2960 2697 3227 2767 Quisquis
3254 2694 3402 2751 enim
3459 2697 3707 2765 baptiza—

2121 2796 2310 2858 batur,
2340 2790 2640 2860 accipiebat
2667 2789 2872 2844 donum
2915 2803 3024 2860 quo
3047 2787 3291 2858 prodigia
3319 2786 3594 2856 patrabat.
3622 2787 3703 2841 Ac

2126 2883 2220 2938 ille
2249 2881 2474 2952 quidem
2509 2880 2715 2951 linguis
2741 2881 3093 2948 loquebatur,
3118 2878 3209 2932 hic
3228 2891 3359 2931 vero
3387 2875 3708 2946 prophetias

2130 2970 2523 3043 pronuntiabat
2551 2987 2566 3035 ;
2597 2970 2732 3024 alter
2755 2983 2932 3039 aegros
2961 2966 3212 3032 sanabat,
3239 2965 3514 3020 daemones
3569 2964 3710 3017 alter

445 3070 567 3124 ίστα
596 3069 722 3134 τοὺς
747 3073 995 3142 νεκροὺς,
1029 3072 1184 3135 ἄλλος
1216 3073 1344 3128 ἄλλο
1371 3091 1424 3128 τι
1454 3075 1646 3130 ἐποίει.
1705 3075 1873 3130 Τοῦτο
1932 3076 2025 3132 οὖν

2136 3068 2384 3140 ejiciebat
2413 3084 2428 3134 ;
2453 3065 2594 3122 alius
2630 3065 2903 3120 excitabat
2951 3069 3222 3127 mortuos,
3267 3060 3414 3116 aliud
3452 3057 3596 3112 alius
3627 3056 3709 3111 fa-

442 3161 504 3214 τὸ
535 3162 798 3234 χάρισμα,
830 3135 1247 3234 δκαὶίηνεῦμά
1277 3181 1434 3236 φησι,
1487 3166 1671 3236 μένειν
1720 3167 1780 3220 ἐν
1837 3167 2020 3232 αὐτοῖς

2136 3135 2325 3216 ciebat.
2353 3157 2468 3213 Hoc
2497 3171 2626 3229 ergo
2656 3156 2882 3221 donum,
2916 3154 3062 3225 quod
3098 3162 3154 3210 et
3202 3151 3468 3222 Spiritum
3522 3148 3708 3206 nomi-

440 3251 734 3324 ὁλόκληρον
758 3253 994 3324 εὔχεται,
1021 3255 1109 3310 ἵνα
1159 3255 1304 3309 κατὰ
1352 3256 1518 3328 μηδὲν
1574 3257 1880 3328 στερηθῶσι
1921 3259 2019 3331 τῆς

444 3341 726 3413 ἐνεργείας
756 3344 847 3396 τοῦ
873 3343 1030 3412 ἁγίου
1057 3343 1199 3398 Πνεύ
1210 3361 1400 3414 ματος.

522 3451 542 3484 r
578 3434 636 3486 ὐ
660 3433 840 3487 καλῶν
866 3435 1032 3504 ὑμᾷς,
1055 3435 1114 3497 ὃς
1136 3436 1229 3488 καὶ
1259 3435 1770 3506 ποιήσει.Ἀδελφοὶ,
1788 3437 2017 3507 προσεύ-

448 3525 606 3596 χεσθε
637 3526 776 3596 ὑπὲρ
808 3525 982 3596 ἡμῶν.
1023 3526 1370 3582 Ἀσπάσασθε
1397 3527 1525 3592 τοὺς
1580 3527 1844 3597 ἀδελφοὺς
1885 3527 2022 3582 πάν-

446 3632 546 3679 τας
575 3617 635 3669 ἐν
667 3617 933 3687 φιλήματι
959 3617 1121 3690 ἁγίῳ.
1158 3638 1176 3671 ι

531 3708 590 3761 Ὀ
607 3707 845 3772 καλέσας
874 3709 1040 3779 ὑμᾶς,
1073 3708 1259 3779 φησὶν,
1287 3709 1518 3782 Ἰησοῦς,
1550 3711 1770 3784 ποιήσει
1799 3711 1860 3765 τὸ
1906 3709 2025 3764 ὁλο-

447 3798 623 3864 τελεῖς
653 3801 798 3871 ὐμᾶς
829 3801 1084 3869 γενέσθαι
1116 3803 1210 3856 καὶ
1233 3801 1575 3874 ἀμέμπτους.

526 3911 545 3943 ‹
588 3890 880 3962 Ἐνορκίζω
909 3891 1055 3962 ὑμᾶς
1082 3891 1171 3946 τὸν
1207 3891 1436 3964 Κύριον.
1480 3891 1899 3964 ἀναγνωσθῆναι
1926 3893 2025 3966 τὴν

448 3983 738 4054 ἐπιστολὴν
768 3986 900 4038 πᾶσι
925 3985 1038 4048 τοῖς
1075 3983 1252 4054 ἁγίοις
1288 3985 1560 4054 ἀδελφοῖς.
1617 3985 1682 4041 Ἦ
1726 3984 1888 4056 χάρις
1930 3981 2026 4038 τοῦ

446 4074 656 4147 Κυρίου
680 4075 839 4147 ἡμῶν
869 4075 1045 4148 Ἰησοῦ
1068 4076 1305 4147 Χριστοῦ
1341 4077 1459 4148 μεθ’
1488 4077 1662 4148 ὑμῶν.
1697 4077 1893 4148 Ἀμήν.
1931 4094 1952 4128 ι

532 4167 750 4238 Ἐπειδὴ
776 4167 1028 4239 ἐλέγχους
1051 4169 1084 4238 ἡ
1113 4167 1405 4240 Ἐπιστολὴ
1438 4168 1704 4238 περιέχει,
1738 4168 1950 4239 μήποτε
1978 4167 2029 4220 οἱ

451 4257 676 4312 ἄτακτοι
691 4259 947 4324 λαϐόντες
964 4259 1060 4332 τὴν
1077 4259 1402 4332 Ἐπιστολὴν
1429 4259 1735 4330 κρύψωσιν,
1757 4256 2028 4330 ὲνορκίζει

454 4349 649 4412 αὐτοὺς
682 4350 1097 4419 ἀναγνωσθῆναι
1119 4349 1218 4421 τὴν
1259 4349 1602 4420 Ἐπιστολὴν.

528 4435 682 4504 Πρὸς
716 4438 1186 4505 Θεσσαλονικεῒς
1213 4443 1265 4491 a'
1310 4436 1537 4508 ἐγράφη
1577 4436 1697 4492 ἀπὸ
1737 4434 2027 4504 Ἀθηνῶν.
2059 4491 2106 4547 D

451 4532 499 4586 Σ
504 4529 559 4582 τί
558 4545 682 4599 χων
709 4533 854 4601 ρίιγ¹.

2119 3261 2237 3319 nat,
2270 3253 2325 3306 in
2356 3251 2491 3321 ipsis
2543 3263 2764 3304 manere
2792 3248 3063 3319 integrum
3090 3254 3370 3317 precatur,
3403 3259 3471 3299 ne
3516 3243 3626 3298 ulla
3649 3241 3705 3296 iit

2120 3359 2182 3400 re
2205 3342 2488 3414 priventur
2532 3338 2774 3395 eﬂieacia
2839 3338 3086 3408 Spiritus
3146 3335 3346 3390 sancti.
3709 3391 3713 3394 Α

2195 3433 2330 3501 «Qui
2353 3432 2570 3488 vocavit
2597 3447 2728 3498 vos;
2751 3431 2843 3501 qui
2866 3430 3028 3485 etiam
3054 3427 3234 3482 faciet.
3257 3424 3448 3498 [Vsus
3475 3423 3567 3488 25,
3583 3420 3706 3498 26.]

2121 3523 2367 3588 Fratres,
2398 3533 2552 3580 orate
2588 3538 2691 3594 pro
2714 3522 2878 3578 nobis
2902 3564 2916 3574 .
2967 3519 3216 3575 Salutate
3271 3517 3470 3572 fratres
3516 3531 3710 3570 omnes

2123 3617 2180 3671 in
2204 3617 2395 3672 osculo
2423 3622 2619 3671 saneto
2641 3656 2654 3670 .
2699 3632 2717 3665 ι

2193 3707 2356 3764 Iesus
2384 3707 2475 3779 qui
2504 3706 2719 3762 vocavit
2756 3721 2876 3770 vos,
2922 3704 3120 3776 inquit,
3158 3702 3322 3757 faciet
3385 3709 3444 3756 ut
3489 3700 3712 3770 perfecti

2125 3807 2290 3872 atque
2312 3798 2512 3870 integri
2536 3798 2657 3854 sitis
2683 3805 2739 3852 et
2790 3793 3334 3867 irreprehensibiles.

2194 3889 2365 3947 Vens.
2395 3890 2485 3955 27,
2510 3889 2601 3944 28.
2642 3907 2661 3941 ι
2705 3887 2918 3957 Adjuro
2949 3901 3048 3941 vos
3075 3901 3172 3958 per
3213 3883 3527 3948 Dominum,
3555 3888 3614 3935 ut
3640 3879 3716 3934 le-

2125 3988 2287 4052 gatur
2311 3979 2544 4052 epistola
2572 3978 2691 4033 haac
2709 3976 2969 4032 oumibus
2994 3975 3202 4032 sanctis
3230 3974 3516 4028 fratribus.
3574 3969 3680 4024 Cra
3699 3998 3712 4010 -

2125 4073 2202 4127 tia
2236 4071 2450 4126 Domini
2482 4070 2656 4125 nostri
2692 4066 2820 4122 Jesu
2853 4066 3062 4122 Christi
3103 4065 3409 4121 vobiscum.
3443 4063 3637 4115 Amen.
3679 4080 3697 4111 ι

2199 4164 2471 4232 Quoniam
2513 4161 2764 4233 Epistola
2797 4161 2916 4216 haec
2948 4159 3408 4230 reprehensiones
3447 4154 3713 4216 continet,

2129 4273 2200 4315 ne
2227 4257 2368 4313 forte
2387 4258 2481 4327 qui
2507 4255 2690 4327 pravis
2715 4254 2962 4310 moribus
2982 4261 3163 4315 erant,
3201 4251 3346 4304 hanc
3379 4247 3715 4316 accipientes

2131 4345 2559 4410 abscondereut,
2590 4344 2809 4414 adjurat
2840 4343 2962 4398 illos
2985 4350 3045 4395 ut
3073 4342 3249 4411 ipsam
3282 4339 3484 4409 legant.

2203 4432 2450 4508 Epistola
2484 4431 2552 4488 ad
2607 4429 3106 4486 Thessalonicenses
3163 4429 3338 4494 prima
3387 4423 3586 4489 scripta
3637 4432 3714 4476 est

2587 4522 2824 4578 Athenis.
2852 4519 3100 4576 Versibus
3134 4517 3255 4576 I93.

467 4715 3699 4758 Μ

863 4891 1037 4978 ΕΙΣ
1122 4889 1770 4978 ΕΠΙΣΤΟΛΗΝ

1869 4890 1965 4974 Β’-
2000 4887 2296 4975 ΠΡΟΣ
2363 4883 3279 4977 ΘΕΣΣΑΛΟΝΙΚΕΙΣ.

779 5247 906 5339 ΙΝ
986 5241 1667 5336 EPISTOLAM
1754 5241 1843 5330 II
1930 5239 2085 5329 AD
2162 5229 3394 5330 THESSALONICENSES.

882 5547 1272 5606 ΚΕΦΔΛΑΙΟΝ
1307 5548 1600 5604 ΠΡΩΤΟΝ.

534 5661 554 5696 ι
593 5641 824 5708 Παῦλος,
856 5643 949 5696 καὶ
990 5642 1296 5706 Σιλουανὸς,
1339 5643 1433 5694 καὶ
1476 5641 1738 5710 Τιμόθεος
1799 5630 1869 5711 τῇ
1911 5641 2036 5694 Ἐκ-

459 5732 661 5807 κλησίᾳ
689 5733 1144 5799 Θεσσαλονικέων,
1179 5735 1237 5787 ἐν
1265 5733 1383 5803 Θεῷ
1417 5733 1592 5802 Πατρὶ
1611 5733 1767 5802 ἡμῶν
1794 5733 1889 5785 καὶ
1932 5733 2036 5785 Κυ-

2655 5540 2884 5597 CAPU'I‘
2911 5538 3206 5595 PRIMUM.

2219 5633 2382 5691 Vrsas.
2405 5635 2516 5690 1-5,
2537 5632 2791 5697 «Paulus,
2806 5638 2860 5687 et
2889 5630 3167 5694 Silvanus,
3190 5624 3598 5689 ct'l‘imothcus,
3619 5623 3722 5678 lica

2145 5728 2328 5784 clesize
2355 5724 2964 5788 Thessalonicensium,
2996 5722 3050 5776 in
3090 5721 3198 5777 Deo
3227 5719 3384 5794 Patre
3415 5723 3638 5782 nostro,
3663 5719 3719 5767 et
