4048 6376
457 296 561 361 919

1649 312 1707 369 S.
1754 312 2072 372 JOANNIS
2101 314 2534 379 DAM‘ASCEN‘I

3624 324 3730 398 920

459 413 693 470 Domino
717 412 846 472 Iesu
870 414 1113 472 Christo.
1155 415 1381 474 Gratias
1415 434 1579 491 agere
1610 422 1871 481 debemus
1929 425 2024 481 Det

2144 426 2247 497 ρίῳ
2284 427 2456 496 Ἰησοῦ
2488 429 2711 502 Χριστῷ
2747 449 2759 463 ’
2798 432 3145 503 εὐχαριστεῖν
3167 431 3456 506 ὀφείλομεν
3493 437 3572 507 τῷ
3611 439 3729 509 Θεῷ

458 521 679 575 semper
714 523 813 578 pro
849 508 1028 575 vobis,
1066 509 1289 577 fratres,
1313 509 1388 565 ita
1408 519 1466 566 ut
1493 513 1721 582 dignum
1761 524 1867 578 est,
1903 532 2039 586 quo-

457 596 606 651 niam
662 599 1083 668 superabundat
1115 599 1249 656 fides
1285 609 1492 669 vestra,
1528 612 1584 659 et
1621 606 1868 660 abundat
1903 607 2038 661 cha-

454 687 592 742 ritas
645 690 1082 760 uniuscujusque
1113 688 1355 747 vestrum
1393 694 1446 747 in
1477 694 1713 751 invicem
1741 712 1756 763 ;
1788 695 1864 750 ita
1892 705 1953 751 ut
1978 706 2033 751 et

453 792 556 832 nos
588 777 686 847 ipsi
718 780 771 833 in
798 780 960 835 vobis
993 781 1299 850 gloriemur
1363 783 1420 837 in
1474 782 1735 841 Ecclesiis
1790 785 1886 840 Dei
1942 801 2040 856 pro

452 868 716 937 patientia
744 877 930 925 vestra
955 881 1009 925 et
1034 871 1159 935 fide,
1187 873 1242 926 in
1263 873 1522 929 omnibus
1553 875 2039 943 persecutionibus

450 956 676 1020 vestris,
696 966 751 1012 et
777 958 1249 1025 tribulationibus,
1275 976 1413 1032 quas
1436 962 1747 1027 sustinetis,
1774 964 1831 1019 in
1853 979 2041 1020 exem-

451 1048 602 1116 plum
620 1047 758 1118 justi
790 1049 991 1119 judicii
1020 1050 1138 1118 Dei,
1171 1061 1231 1106 ut
1257 1052 1409 1125 digni
1457 1053 1771 1110 habeamini
1794 1056 1850 1110 in
1870 1068 2039 1127 regno

451 1138 567 1204 Dei,
603 1155 705 1209 pro
735 1154 844 1211 quo
881 1150 936 1197 et
971 1138 1244 1231 patimini.
1283 1162 1307 1195 ι
2017 1144 2024 1151 ’

519 1334 715 1407 Opera:
750 1340 988 1408 pretium
1037 1341 1225 1397 nuitut
1254 1343 1486 1397 alteram
1545 1359 1769 1415 quoque
1820 1344 2037 1416 Episto—

449 1427 557 1479 lam
590 1428 890 1498 Apostolus
924 1432 991 1486 ad
1025 1432 1562 1491 'l‘bessalonicenses
1597 1436 1903 1504 scriberet;
1927 1453 2032 1492 non

448 1523 511 1569 ut
544 1518 752 1588 aliquid
773 1522 1029 1578 suaderet
1049 1538 1236 1578 eorum
1262 1541 1384 1594 quae
1408 1525 1546 1595 ipsis
1562 1526 1931 1582 conducibilia
1950 1526 2035 1582 fo-

446 1616 592 1673 rent,
620 1608 735 1666 sive
758 1611 824 1667 ad
867 1612 1023 1668 fidem
1054 1614 1200 1685 (nam
1229 1630 1646 1685 supercrescere
1670 1631 1858 1672 eorum
1873 1617 2033 1687 222

448 1699 607 1754 tidem
640 1701 773 1755 dicit
798 1701 837 1772 γ,
890 1704 1005 1759 sive
1029 1705 1097 1758 ad
1155 1705 1420 1760 virtutum
1470 1706 1735 1781 studium.
1808 1705 2033 1763 Dixerat

445 1793 594 1848 enim
630 1793 685 1847 in
722 1793 964 1866 Epistola
992 1796 1197 1867 priore,
1234 1813 1581 1868 nequaquam
1618 1814 1717 1855 eos
1750 1813 1891 1868 opus
1927 1800 2028 1855 lia-

445 1885 577 1939 bere
608 1881 932 1953 disciplina,
972 1901 1096 1941 cum
1127 1886 1310 1943 edocti
1336 1903 1367 1942 a
1398 1889 1509 1944 Deo
1539 1896 1747 1945 essent.
1774 1888 2024 1955 Quanam

445 1992 579 2050 ergo
611 1977 679 2034 de
722 1993 895 2035 causa
948 1980 1247 2049 Epistolam
1270 1982 1411 2037 hanc
1450 1982 1720 2054 scripsit?
1772 1983 1934 2053 plane
1959 1998 2028 2038 ne

445 2071 825 2138 turbarentur,
881 2072 1156 2130 audiendo
1188 2074 1417 2130 secundi
1467 2076 1741 2133 adventus
1806 2074 2024 2130 Domini

442 2163 587 2220 diem
618 2164 847 2221 instare.
874 2162 1012 2220 Nam
1055 2165 1181 2221 falsi
1212 2167 1433 2237 quidam
1455 2167 1713 2223 doctores
1747 2167 1849 2223 hoc
1887 2182 2057 2238 prae»

441 2257 730 2314 dicabant.
769 2257 1045 2325 Quocirca
1081 2273 1312 2315 necesse
1346 2259 1451 2315 fuit
1476 2268 1533 2315 ut
1566 2268 1823 2330 portenta
1857 2274 2023 2316 enar-

438 2356 612 2414 raret,
647 2365 769 2421 quae
804 2350 949 2407 diem
981 2352 1129 2407 illam
1158 2367 1495 2424 praecessura
1520 2359 1689 2409 sunt:
1734 2360 1865 2423 puta
1900 2366 2022 2422 quae

446 2439 516 2495 ad
550 2441 913 2499 defectionem
956 2451 1009 2500 et
1050 2444 1209 2500 finem
1235 2446 1448 2516 imperii
1484 2445 1718 2500 Romani
1746 2453 2015 2516 spectant,

443 2537 500 2585 et
530 2546 653 2601 qua:
684 2532 749 2586 ad
786 2532 1202 2589 Antichristum.
1236 2534 1361 2590 liceo
1391 2536 1535 2591 enim
1575 2536 1631 2592 in
1665 2544 2018 2591 antecessum

436 2629 691 2692 Oportere
717 2620 833 2680 ﬁeri
865 2624 965 2691 ait,
992 2631 1218 2697 tumque
1246 2625 1387 2683 diem
1421 2627 1569 2682 illam
1595 2618 1875 2683 advenire.

508 2712 646 2771 Vide
672 2726 906 2788 quantos
941 2733 1265 2789 progressus
1311 2718 1839 2776 Thessalonicenses
1873 2717 2018 2777 fece-

434 2807 569 2874 rint,
601 2816 658 2863 ut
701 2817 757 2864 et
808 2811 1108 2880 gratiarum
1165 2812 1413 2868 actiones
1462 2827 1562 2882 pro
1621 2811 1734 2867 illis
1789 2809 2016 2865 referret

434 2900 736 2970 Apostolus
755 2920 767 2956 :
786 2917 895 2957 non
911 2903 1089 2959 solum
1103 2905 1233 2974 quia
1245 2903 1620 2968 crediderant,
1644 2917 1829 2959 verum
1850 2900 2014 2956 etiam

435 2992 564 3059 quia
584 3002 998 3061 supercreverat
1022 2996 1154 3051 fides
1169 2995 1409 3066 ipsorum
1431 3011 1637 3067 ;neque
1650 3009 1871 3050 rursum
1888 2992 2015 3065 quia

2147 519 2381 573 πάντοτε
2401 522 2531 591 περ)⁸
2563 522 2736 592 ὑμῶν,
2780 523 3020 593 ἀδελφοὶ,
3045 524 3231 589 καθὼς
3262 526 3413 593 ἄξιόν
3443 528 3611 594 ἐστιν,
3648 531 3730 583 ὅτι

2146 610 2520 682 ὑπεραυξάνει
2549 614 2582 685 ή
2609 613 2793 678 πίστις
2823 616 3000 686 ὑμῶν,
3025 618 3120 671 καὶ
3161 617 3448 683 πλεονάζει
3482 623 3514 690 ή
3540 622 3725 693 ἀγάπη

2145 700 2264 764 ἐνδς
2298 704 2527 757 ἑκάστου
2551 705 2771 760 πάντων
2804 707 2959 776 ὑμῶν
2984 710 3066 773 είς
3097 709 3383 781 ἀλλήλους,
3417 710 3555 765 ὥστε
3584 714 3730 783 ἡμᾶς

2143 792 2339 857 αὐτοὺς
2378 796 2437 848 ἐν
2459 796 2587 867 ὑμῖν
2636 799 2945 868 καυχᾶσθαι
3010 802 3068 854 ἐν
3096 804 3217 866 ταῖς
3258 803 3580 873 ἐκκλησίαις
3632 806 3725 859 τοῦ

2140 884 2299 950 Θεοῦ,
2349 886 2490 957 ὑπὲρ
2547 888 2648 958 τῆς
2690 890 2968 962 ὑπομονῆς
3010 893 3165 963 ὑμῶν
3205 894 3300 948 καὶ
3342 896 3617 963 πίστεως,
3670 902 3728 953 ἐν

2143 976 2277 1030 πᾶσι
2304 979 2418 1041 τοῖς
2449 977 2707 1049 διωγμοῖς
2739 981 2768 1033 ὑ
2777 980 2892 1049 μῶν
2945 981 3039 1034 καὶ
3055 984 3177 1044 ταῖς
3208 982 3452 1054 θλίψεσιν
3479 981 3568 1049 αἷς
3635 988 3728 1040 ἀν-

2141 1066 2351 1136 έχεσθε,
2384 1066 2640 1140 ἔνδειγμα
2691 1071 2925 1141 κρίσεως
2956 1073 3050 1126 τοῦ
3079 1073 3236 1137 Θεοῦ,
3259 1077 3339 1139 είς
3371 1076 3432 1129 τὸ
3458 1078 3726 1142 καταξιω-

2141 1156 2301 1226 θῆναι
2335 1158 2481 1229 ὑμᾶς
2510 1160 2611 1230 τῆς
2659 1159 2938 1231 βασιλείας
2970 1163 3062 1218 τοῦ
3101 1162 3261 1234 Θεοῦ,
3315 1167 3454 1239 ὑπὲρ
3508 1163 3577 1240 ἦς
3628 1170 3723 1225 καὶ

2139 1246 2397 1317 πάσχετε.
2427 1267 2446 1300 ι

2207 1340 2318 1393 Kal.
2349 1339 2610 1412 δευτέρας
2631 1341 2710 1413 τῷ
2745 1342 3058 1415 Ἀποστόλῳ
3108 1345 3245 1416 πρὸς
3291 1345 3721 1415 Θεσσαλονικέας

2137 1427 2356 1500 ἐδέησεν
2382 1430 2724 1502 Ἐπιστολῆς,
2753 1433 2855 1503 οὐχ
2882 1433 2969 1487 ἵνα
2995 1450 3050 1487 τι
3075 1435 3379 1509 παραινέσῃ
3399 1437 3510 1491 τῶν
3537 1455 3723 1492 συντε-

2136 1518 2388 1586 λούντων,
2410 1521 2444 1590 ἣ
2469 1521 2606 1592 πρὸς
2635 1522 2817 1576 πίστιν
2841 1524 2860 1593 ί
2875 1524 3275 1595 ’Υπεραυξάνει
3309 1526 3438 1597 γάρ,
3466 1528 3651 1597 φησὶν,
3684 1532 3718 1601 ή

2137 1608 2319 1672 πίστις
2376 1610 2575 1682 ὑ·μῶν)·
2628 1611 2661 1682 ἢ
2713 1611 2855 1682 πρὸς
2906 1616 2999 1666 τὸν
3037 1615 3292 1684 ἐνάρετον
3326 1615 3629 1685 βίον⁴ὂπου
3654 1636 3727 1687 γε.

2136 1702 2231 1754 καὶ
2259 1702 2318 1754 ἐν
2374 1704 2440 1772 τῇ
2483 1703 2728 1774 προτέρᾳ
2769 1705 3081 1778 Ἐπιστολῇ,
3114 1708 3175 1760 οὐ
3208 1709 3398 1779 χρείαν
3443 1709 3588 1780 ἐχειν
3617 1713 3714 1765 αύ-

2060 1765 2103 1820 Β
2129 1795 2257 1857 τοὺς
2283 1765 2503 1866 διδαχῆς
2528 1765 2672 1865 ἐφη..
2693 1765 2856 1862 δντας
2883 1765 3279 1863 θεοδιδάκτούς.
3311 1802 3411 1865 Τίς
3441 1765 3537 1856 οῦν
3570 1805 3604 1874 ή
3632 1805 3716 1857 ai-

2129 1883 2219 1938 τία
2246 1883 2348 1954 τῆς
2370 1884 2727 1963 Ἐιπιστολῆςς
2763 1888 2852 1941 ἵνα
2884 1888 2962 1960 μὴ
3002 1888 3337 1962 θορυδῶνται
3399 1894 3712 1961 ἀκούοντες,

2127 1974 2203 2038 ὡς
2235 1975 2428 2047 ἐνέστη
2458 1977 2491 2048 ἠ
2515 1977 2698 2051 ἡμέρα
2716 1978 2817 2049 τῆς
2845 1979 3107 2052 δευτέρας
3130 1983 3225 2036 τοῦ
3259 1983 3467 2055 Κυρίου
3501 2002 3712 2057 παρου-

2129 2068 2270 2132 σίας.
2320 2068 2493 2123 Τοῦτο
2547 2071 2656 2142 γάρ
2703 2090 2851 2136 τινες
2907 2074 3017 2130 τῶν
3058 2075 3560 2145 ψευδοδιδασκάλων
3582 2082 3712 2151 ἐκήὲι

2130 2179 2341 2234 ρυττον.
2364 2161 2460 2216 Διὸ
2487 2162 2578 2217 καὶ
2597 2164 2909 2234 ἀναγκαίως
2942 2168 3165 2236 γέγονεν
3195 2168 3342 2240 αύτῷ
3397 2170 3467 2224 τά
3512 2174 3713 2243 σημεῖα

2121 2252 2426 2324 διηγεῖσθαι
2452 2253 2520 2309 τὰ
2545 2254 2651 2326 πρὸ
2675 2256 2775 2326 τῆς
2804 2257 3016 2329 ἡμέρας
3053 2260 3268 2331 ἐκείνης
3289 2278 3301 2290 ·
3347 2254 3460 2315 οἷον
3490 2264 3558 2318 τὰ
3582 2263 3709 2334 περὶ

2122 2344 2221 2415 τῆς
2253 2345 2609 2413 ἀποστασίας,
2645 2350 2893 2421 καὶπερὶ
2926 2350 3020 2405 τοῦ
3056 2352 3245 2417 τέλους
3296 2357 3396 2425 τῆς
3429 2355 3707 2426 βασιλείας

2132 2436 2440 2508 Ῥωμαίων,
2500 2441 2595 2495 καὶ
2637 2440 2706 2494 τά
2758 2445 2889 2514 περὶ¹
2933 2444 3098 2498 αὐτοῦ
3148 2445 3243 2500 τοῦ
3312 2447 3704 2518 Ἀντιχρίστου.

2122 2527 2305 2584 Ταῦτα
2354 2533 2463 2602 γάρ
2513 2534 2707 2605 πρῶτα
2736 2533 2819 2587 δεῖ
2848 2535 3105 2603 γενέσθαι
3132 2576 3148 2602 ,
3180 2536 3368 2608 φησὶν,
3392 2533 3509 2590 εἶτα
3532 2537 3707 2602 οὕτως

2120 2621 2337 2694 ἐκείνην
2371 2624 2567 2680 ἐλθεῖν.
3519 2617 3528 2626 ’

2187 2713 2332 2787 Ὅρα
2357 2717 2496 2788 πόση
2524 2716 2635 2771 τῶν
2659 2717 3100 2773 Θεσσαλονικέων
3128 2722 3160 2791 ή
3199 2720 3472 2793 προκοπή,
3507 2722 3584 2786 ὡς
3612 2721 3702 2776 καὶ

2118 2809 2447 2881 χαριστήρια
2479 2810 2616 2882 ὑπὲρ
2653 2810 2831 2864 αὐτῶν
2865 2812 3213 2883 ἀναπέμπειν
3236 2814 3328 2869 τὸν
3356 2814 3699 2878 Ἀπόστολον,

2117 2898 2217 2969 οὐχ
2242 2899 2325 2952 ὅτι
2356 2899 2544 2963 ἀπλῶς
2566 2901 2938 2969 πιστεύουσιν,
2974 2903 3091 2957 ἀλλ’
3130 2905 3212 2959 ὅτι
3262 2905 3629 2977 ὑπεραυξάνει
3666 2908 3717 2978 ή-

2119 2991 2306 3056 πίστις
2329 2992 2529 3059 αὐτῶν,
2562 2994 2658 3048 καὶ
2717 2995 2799 3049 ὃτι
2853 2996 2951 3068 οὐχ
2988 2996 3179 3061 ἁπλῶς
3231 2997 3535 3066 ἀγαπῶσιν,
3566 2995 3713 3051 ἀλλά⁴

436 3081 763 3152 simpliciter
787 3086 1067 3150 amabant,
1096 3086 1190 3142 sed
1213 3096 1268 3141 et
1293 3087 1418 3159 quia
1448 3087 1549 3142 hac
1579 3086 1632 3141 in
1657 3094 1812 3157 parte
1838 3085 2011 3141 abun-

2123 3082 2216 3136 καὶ
2238 3082 2625 3179 πλεονάζουσιν
2656 3087 2714 3140 ἐν
2745 3086 2824 3158 τῷ
2845 3087 3155 3159 πράγματι.
3186 3087 3358 3141 Τοῦτο
3394 3086 3474 3153 δέ,
3512 3087 3697 3159 φησὶν,

437 3170 666 3233 dabant.
716 3170 843 3229 Haec
873 3175 1131 3246 gloriatio
1183 3185 1373 3233 nostra
1417 3183 1523 3239 est.
1586 3174 1784 3245 inquit,
1835 3182 2019 3231 vestra

2123 3170 2385 3245 καύχημα
2410 3175 2764 3249 ήμέτερον,ή
2804 3177 3049 3249 ὑπομονὴ
3092 3177 3270 3249 ὑμῶν,
3312 3179 3345 3248 ή
3385 3176 3587 3243 πίστις,
3649 3178 3699 3229 οἱ

436 3264 723 3333 patientia,
761 3266 919 3335 fides,
959 3266 1375 3332 insectationes,
1424 3267 1765 3327 vexationes.
1820 3265 2020 3322 lsthaec

436 3357 620 3411 omnia
652 3357 925 3425 toleratis,
957 3360 1196 3416 scientes
1224 3374 1323 3417 vos
1357 3359 1518 3415 finem
1548 3358 1745 3414 horum
1773 3368 2022 3428 reporta-

436 3457 610 3515 turns,
637 3450 845 3506 scilicet
875 3467 1099 3523 regnum
1134 3452 1421 3508 caelorum.

506 3540 675 3599 Vens.
702 3542 821 3599 6-9.
868 3564 888 3596 ι
914 3543 972 3599 Si
1023 3552 1210 3600 tamen
1255 3544 1470 3615 justum
1528 3551 1614 3599 est
1647 3541 1808 3612 ’apud
1849 3539 2018 3596 Deum

437 3633 744 3691 retribuere
767 3635 1177 3692 tribulationem
1213 3635 1281 3691 iis
1309 3634 1400 3704 qui
1430 3648 1526 3689 vos
1557 3631 1838 3688 tribulant.
1871 3648 1893 3681 ι

510 3723 658 3779 Idem
686 3733 768 3781 est
800 3740 864 3781 ac
894 3726 943 3781 si
973 3726 1199 3791 diceret,
1223 3724 1664 3796 quandoquidem
1684 3723 1895 3793 justum
1913 3727 2017 3781 est.

439 3814 686 3873 Observa
734 3826 935 3877 autem,
970 3818 1248 3887 quomodo
1301 3830 1398 3875 eos
1458 3815 1779 3872 consolatus
1828 3820 1933 3877 est,
1963 3820 2018 3867 et

438 3908 805 3965 levamentum
838 3907 1088 3980 praebuit,
1122 3907 1429 3979 subjiciens
1460 3907 1573 3962 illis
1614 3906 1878 3961 ultionem
1909 3922 1921 3958 :
1958 3902 2014 3958 id

441 4001 589 4073 quod
624 4001 884 4059 nimirum
932 4001 1029 4072 qui
1053 4000 1258 4071 injuria
1310 4008 1604 4066 vexantur,
1657 4006 1712 4055 et
1747 3997 2016 4054 lubentis-

437 4093 576 4147 sime
601 4090 852 4157 audiunt,
889 4099 942 4147 et
966 4091 1153 4148 videre
1179 4090 1440 4162 gestiunt.

513 4202 532 4235 ι
568 4180 829 4252 Requiem
864 4182 1151 4238 nobiscum
1185 4183 1240 4237 in
1279 4181 1613 4238 revelatione
1640 4178 1858 4237 Domini
1883 4178 2015 4238 Iesu

436 4272 505 4330 de
533 4275 675 4330 cmlo
704 4290 829 4330 cum
871 4274 1082 4345 angelis
1128 4274 1353 4329 virtutis
1390 4272 1509 4344 ejus
1543 4271 1597 4327 in
1633 4272 1850 4327 flamma
1873 4272 2016 4343 ignis

436 4367 621 4423 dantis
655 4367 952 4423 vindictam
992 4367 1062 4424 iis
1091 4366 1186 4438 qui
1208 4383 1317 4422 non
1342 4374 1610 4422 noverunt
1633 4365 1827 4431 Deum,
1850 4373 1903 4420 et
1918 4367 2013 4436 qui

2118 3266 2373 3338 διωγμοὶ,
2405 3268 2461 3320 αἱ
2495 3267 2725 3339 θλίψεις.
2765 3269 2983 3322 Τούτων
3018 3268 3076 3322 δέ
3140 3268 3359 3322 πάντων
3417 3265 3715 3338 ἀνέχεσθε,

2121 3358 2307 3430 φησὶν,
2334 3358 2541 3422 εἰδότες
2560 3359 2636 3423 ὡς
2659 3360 2720 3417 τὸ
2746 3359 2900 3423 τέλος
2946 3359 3127 3415 αὐτῶν
3183 3356 3484 3431 κομιεῖσθε,
3551 3357 3699 3428 βασι-

2118 3450 2268 3505 λείαν
2291 3451 2558 3524 οὐρανῶν.

2194 3562 2212 3595 ι
2245 3544 2416 3617 Ετπερ
2448 3544 2655 3598 δίκαιον
2682 3543 2833 3613 παρά
2874 3541 2991 3613 Θεῷ
3012 3540 3404 3599 ἀνταποδοῦναι
3448 3543 3559 3609 τοῖς
3584 3541 3696 3596 θλί-

2118 3633 2303 3689 ϐουσιν
2330 3635 2475 3704 ὑμᾶς
2506 3633 2705 3704 θλίψιν,
2734 3634 2825 3687 καλ⁸
2856 3633 2987 3702 ὑμῖν
3026 3634 3139 3696 τοῖς
3169 3632 3530 3703 θλιδομένοις.
3565 3652 3583 3685 ι

2189 3723 2338 3777 Ἀντὶ
2364 3722 2481 3789 τοῦ,
2512 3723 2747 3794 ἐπείπερ
2776 3723 3006 3777 δίκαιον.
3044 3723 3155 3776 Kal.
3177 3720 3277 3792 ὅρα
3303 3720 3419 3785 πῶς
3441 3738 3693 3793 παρεμυ-

2118 3818 2341 3889 θήσατο,
2368 3818 2462 3873 καὶ
2496 3815 2847 3885 ἐπεκούφισε,
2883 3815 2981 3885 τήν
3016 3815 3298 3886 ἐκδίκησιν
3329 3814 3513 3877 αὐτοῖς
3559 3815 3693 3868 ὑπο-

2118 3911 2344 3982 θέμενος
2371 3926 2385 3941 °
2414 3911 2549 3981 ὅπερ
2605 3909 2837 3979 μάλιστα
2887 3909 2938 3960 οἱ
2974 3906 3171 3970 ἀδίκως
3218 3907 3536 3978 πάσχοντες,
3601 3907 3711 3963 καὶ.

2117 4003 2403 4059 ἀκούουσιν
2434 4002 2625 4073 ήδὲως,
2663 4001 2755 4054 καὶ
2784 3998 2911 4053 [δεῖν
2940 3995 3213 4068 εὔχονται.
3274 4004 3277 4007 ‘

2194 4198 2213 4231 ι
2256 4180 2473 4233 Ἀνεσιν
2500 4175 2619 4247 μεθ’
2647 4174 2802 4246 ήμῶν
2839 4175 2897 4228 ἐν
2952 4177 3017 4245 τῇ
3063 4171 3403 4242 ἀποκαλύψει
3450 4171 3543 4225 τοῦ
3582 4173 3693 4226 Ku—

2118 4271 2235 4343 ρίου
2266 4266 2442 4338 Ἰησοῦ
2466 4266 2560 4321 ἀπ’
2589 4264 2821 4336 ούρανοῦ
2853 4267 2977 4336 μετ’
3004 4263 3254 4334 ἀγγέλων
3278 4262 3563 4334 δυνάμεως
3592 4264 3690 4317 αύ-

2115 4359 2233 4430 τοῦ,
2265 4361 2323 4415 ἐν
2346 4360 2480 4431 πυρὶ
2503 4359 2699 4429 φλογὸς
2731 4357 2965 4421 διδόντος
2997 4357 3277 4427 ἐκδίκησιν
3326 4356 3439 4419 τοῖς
3495 4355 3569 4425 μὴ
3614 4356 3691 4408 εί-

433 4473 547 4514 non
593 4456 853 4513 obediunt
901 4455 1197 4527 Evangelia
1231 4453 1449 4510 Domini
1491 4453 1669 4511 nostri
1712 4451 1880 4521 Jesu;
1911 4455 2006 4525 qui

2123 4455 2222 4510 566i.
2249 4452 2400 4515 Θεὸν,
2440 4452 2535 4505 καὶ
2559 4451 2670 4513 τοῖς
2692 4450 2765 4521 μὴ
2796 4446 3222 4517 ὑπακούουσιτῷ
3251 4446 3568 4518 Εὐαγγελίῳ
3599 4446 3689 4499 τοῦ

434 4563 631 4620 pmnas
646 4546 874 4614 dabunt,
890 4546 1173 4602 interitum
1198 4554 1464 4602 aeternum
1491 4559 1521 4599 a
1546 4544 1685 4600 facie
1705 4543 1942 4611 Domini,
1964 4553 2019 4600 et

436 4641 660 4715 agloria
690 4639 915 4695 virtutis
942 4637 1094 4709 ejus;
1126 4637 1314 4712 [Vens
1360 4637 1451 4711 10]
1488 4636 1614 4693 cum
1646 4637 1859 4694 venerit
1897 4638 2015 4708 glo-

435 4734 644 4789 rificari
673 4733 728 4788 in
767 4731 979 4789 sanctis
1009 4732 1148 4799 suis,
1178 4741 1232 4788 et
1274 4730 1618 4788 admirabilis
1650 4729 1767 4786 fieri
1801 4730 1856 4786 in
1891 4745 2013 4785 om-

434 4826 600 4882 nibus
627 4825 719 4895 qui
738 4823 1193 4885 crediderunt.,s.

504 4999 588 5055 Ab
618 4998 792 5054 altero
823 5014 1047 5070 quoque
1077 4999 1259 5070 capite
1276 5013 1375 5056 eos
1418 4999 1758 5064 consolatur,
1785 5005 1846 5053 ut
1883 5012 2016 5053 con-

437 5098 618 5148 sortes
650 5090 800 5162 ipsos
849 5091 1221 5161 apostolorum
1254 5089 1443 5147 faciat.
1481 5089 1782 5160 Accipietis
1839 5088 2014 5155 enim,

435 5183 637 5254 inquit,
698 5182 946 5252 requiem
1008 5182 1321 5238 nobiscum.
1379 5182 1785 5251 Rrobsndoque
1827 5194 2013 5236 veram

436 5274 949 5330 remunerationem
986 5271 1127 5337 fore,
1168 5272 1303 5329 illud
1348 5272 1486 5343 ipsis
1528 5271 1789 5343 iudiciale
1833 5271 2012 5328 tribu-

437 5367 527 5422 nal
559 5365 771 5432 statuit,
797 5367 851 5420 in
872 5361 1319 5437 quojustissima
1347 5365 1508 5436 plane
1552 5364 1846 5421 retributio
1892 5365 2004 5433 flet,

440 5458 556 5514 sive
576 5457 865 5523 malorum,
898 5457 1015 5514 sive
1046 5458 1339 5513 bonorum.

516 5547 816 5615 «Quoniam
842 5549 1110 5606 creditum
1133 5557 1216 5606 est
1236 5549 1617 5606 testimonium
1643 5556 1894 5606 nostrum
1922 5566 2016 5609 su-

439 5654 536 5717 per
574 5653 675 5693 vos
698 5637 753 5693 in
788 5639 876 5695 die
905 5640 1017 5695 illa.
1059 5660 1076 5693 ι

517 5727 751 5797 Veritas,
784 5731 983 5804 inquit,
1018 5733 1143 5800 ista,
1170 5734 1255 5789 cui
1293 5749 1439 5791 nunc
1472 5734 1850 5792 testimonium
1893 5749 2015 5807 pcr-

2118 4545 2325 4614 Κυρίου
2353 4542 2511 4615 ήμῶν
2551 4539 2724 4613 Ἰησοῦ
2759 4556 2773 4572 σ
2805 4540 3001 4603 οἵτινες
3037 4537 3277 4591 τίσουσιν
3310 4535 3531 4608 ὀλεθρον
3560 4536 3690 4589 αἰώ-

2116 4654 2227 4693 νιον
2258 4636 2365 4691 ἀπὸ
2400 4634 2696 4706 προσώπου
2733 4630 2828 4685 τοῦ
2856 4630 3085 4702 Κυρίου,
3110 4630 3206 4684 καὶ
3249 4629 3357 4682 ἀπὸ
3392 4629 3491 4699 τῆς
3537 4628 3691 4697 δόξης

2114 4731 2214 4801 τῆς
2267 4725 2449 4798 ἰσχύος
2495 4723 2684 4789 αὐτοῦ,
2734 4723 2862 4776 ὃταν
2915 4719 3047 4791 ἔλθῃ
3092 4717 3474 4790 ἐνδοξασθῆναι
3506 4719 3563 4770 ἐν
3584 4719 3691 4780 τοῖς

2113 4819 2293 4889 ἁγίοις
2319 4815 2506 4882 αὐτοῦ,
2533 4814 2629 4875 καὶ
2657 4809 3042 4883 θαυμασθῆναι
3072 4810 3132 4863 ἐν
3166 4810 3302 4863 πᾶσι
3321 4810 3435 4873 τοῖς
3476 4806 3715 4862 πιστεύει

2113 4922 2291 4966 σασιν.
2328 4926 2346 4960 ι
2700 4952 2703 4953 ν

2186 5000 2298 5055 Kal.
2321 4998 2381 5064 ἐξ
2414 4996 2604 5068 ἐτέρου
2665 4994 2867 5067 μέρους
2921 4990 3351 5065 παρεμυθήσατο
3383 4987 3446 5041 τὸ
3500 5004 3688 5042 κοινωο

2113 5094 2239 5157 νοὺς
2270 5092 2467 5153 αὐτοὺς
2502 5088 2697 5158 στῆσαι
2734 5086 2841 5141 τῶν
2870 5084 3209 5139 ἀποστόλων.
3272 5080 3526 5155 Λήψεσθε
3565 5080 3691 5151 γάρ,

2115 5183 2305 5254 φησὶν,
2330 5181 2527 5236 ἄνεσιν.
2545 5179 2663 5249 μεθ’
2695 5177 2853 5250 ἡμῶν
2882 5193 2897 5207 ³
2922 5177 3019 5232 καὶ
3044 5176 3219 5248 ἀληθῆ
3248 5176 3349 5246 τὴν
3400 5172 3701 5227 ἀνταπόδο-

2117 5292 2200 5329 σιν
2227 5271 2673 5336 κατασκευάζων,
2705 5271 2884 5323 ἐκετνο
2903 5268 3099 5332 αὐτοὺς
3126 5266 3189 5322 τὸ
3220 5266 3504 5338 κριτήριον
3545 5264 3666 5331 ἶστη

2068 5404 2075 5407 Α
2117 5383 2223 5432 σιν,
2257 5368 2315 5421 ἐν
2348 5358 2392 5434 ᾧ
2421 5364 2640 5428 πάντως
2669 5362 2857 5417 δικαία
2878 5363 2911 5432 ἡ
2934 5359 3315 5425 ἀνταπόδοσις,
3352 5359 3462 5412 εῐτε
3485 5354 3688 5419 κακῶν,

2113 5459 2226 5515 εἴτε
2256 5458 2363 5513 τῶν
2387 5456 2666 5511 ἐναντίων.

2191 5570 2209 5602 ι
2243 5552 2365 5603 Ὅτι
2379 5546 2673 5618 ἐπιστεύθη
2703 5546 2764 5600 τὸ
2792 5547 3091 5618 μαρτύριον
3118 5544 3277 5617 ἡμῶν
3320 5543 3407 5613 ἐφ’
3460 5542 3605 5613 ὑμᾶς
3637 5542 3694 5594 ἐν

2115 5648 2180 5714 τῇ
2205 5642 2389 5715 ἡμέρᾳ
2415 5641 2618 5713 ἐκείνῃ.
2657 5658 2676 5693 ι

2199 5735 2262 5787 Ἦ
2291 5731 2534 5802 ἀλήθειαν,
2573 5731 2757 5803 φησὶν,
2808 5729 2968 5800 αῦτη,
3016 5731 3081 5800 ἣν
3142 5725 3525 5799 μαρτυροῦμεν
3577 5723 3690 5783 νῦν,
