4048 6436
495 363 602 430 92k

1449 373 1531 431 IN
1585 372 1821 434 EPIST.
1864 373 1962 432 AD
2001 371 2754 434 THESSALONICENSES
2781 376 2862 434 II.

3655 380 3763 441 9‘22

493 489 558 558 τῇ
581 484 761 539 πίστει
796 486 952 557 ὑμῶν
980 490 1074 543 καὶ
1110 487 1378 560 ὑπομονῇ,
1433 489 1492 542 ἐν
1547 491 1729 564 ἐκείνῃ
1786 495 1850 562 τῇ
1890 491 2074 563 ἡμέρᾳ

2183 489 2454 556 bibemus,
2488 507 2587 561 per
2608 499 2845 546 vestram
2879 491 3039 547 ﬁdem
3069 502 3124 551 et
3155 497 3473 566 patientiam
3501 512 3756 565 compro-

495 577 943 648 πιστευθήσεται.

568 689 587 722 ι
618 671 713 734 Ei;
740 671 768 723 ὃ
795 672 887 726 καὶ
918 673 1331 744 προσευχόμεθα
1353 674 1586 728 πάντοτε
1618 679 1748 746 περὶ
1778 677 1953 747 ὑμῶν,
1988 677 2075 732 ἴνα

495 761 643 831 ὑμᾶς
671 760 877 834 ἀξιώσῃ
906 763 1004 831 τῆς
1027 764 1274 834 κλήσεως
1311 767 1338 818 6
1376 765 1507 830 Θεὸς
1547 767 1718 836 ὑμῶν.
1757 787 1775 818 ι
1891 828 1896 832 ι

575 853 793 924 Ἐπειδὴ
815 851 936 906 εἷπε
960 855 1141 908 πίστιν
1166 853 1302 910 εἶναι
1325 858 1424 927 τὴν
1457 859 1584 928 περὶ
1629 859 1809 912 αὐτῶν
1865 878 2075 931 μαρτυ-

497 947 643 1018 ρίαν,
678 949 774 999 καὶ
803 946 978 1002 ταῦτα
1010 943 1177 1002 οὖσαν
1226 950 1354 1023 περὶ
1409 952 1659 1020 μεγάλων
1685 969 1698 982 ·
1744 954 1843 1006 Ἐν
1878 955 2076 1008 πίστει

493 1041 626 1110 γὰρ,
658 1040 842 1111 φησὶν,
871 1041 970 1094 καί
998 1041 1296 1112 ὑπομονῇ,
1326 1045 1422 1098 καὶ
1454 1044 1727 1115 διωγμοῖς
1751 1063 1764 1075 ο
1790 1045 1879 1098 ἵνα
1905 1045 1979 1118 μὴ
2011 1047 2076 1100 ἐκ

494 1132 690 1185 τούτου
726 1131 1090 1196 ὑπτιωθέντες
1121 1134 1465 1189 ἀπολέσωσιν
1487 1136 1522 1190 ἃ
1555 1139 1900 1209 εἰργάσαντο,
1952 1137 2076 1190 τού-

495 1237 587 1274 του
636 1222 794 1291 χάριν
854 1223 1039 1291 φησὶν,
1097 1225 1177 1277 ὅτι
1244 1225 1652 1292 Ἁδιαλείπτως
1699 1228 1829 1298 περὶ
1885 1227 2074 1280 τούτου

496 1315 972 1384 προσευχόμεθα,
1008 1317 1338 1384 ἐναγωνίους
1377 1319 1574 1382 αὐτοὺς
1605 1321 1795 1373 ποιῶν.
1831 1322 2076 1390 Προσευ-

495 1406 704 1477 χόμεθα
734 1407 862 1478 γὰρ,
897 1408 1082 1477 φησὶν,
1129 1409 1217 1462 ἵνα
1259 1408 1442 1474 ἀξίους
1483 1411 1628 1479 ὑμᾶς
1685 1412 1784 1482 τῆς
1833 1411 2080 1482 κλήσεως

496 1498 722 1567 ποιήσῃ.
750 1496 920 1550 Τοῦτο
940 1498 997 1550 δέ
1021 1515 1206 1569 φησιν,
1240 1501 1338 1570 οὐχ
1361 1500 1435 1563 ὡς
1455 1499 1698 1571 ἀναιρῶν
1724 1501 1784 1554 τὸ
1811 1500 1871 1566 ἐξ
1899 1501 2074 1572 ἡμῶν,

495 1587 720 1643 ἀλλ’ἵνα
748 1590 822 1661 μὴ
856 1590 999 1660 μέγα
1024 1593 1310 1663 φρονῶμεν
1332 1593 1418 1661 ἐφ’
1449 1595 1682 1658 ἑαυτοῖς,
1716 1592 1855 1647 ἀλλὰ
1875 1595 1968 1647 καὶ
1997 1594 2079 1658 είς

497 1680 636 1734 αὐτὰ
694 1682 868 1734 ταῦτα
915 1681 952 1736 ἃ
994 1683 1342 1752 ἐργαζόμεθα
1391 1684 1455 1736 ὲκ
1497 1683 1843 1755 συγγνώμης,
1881 1683 2080 1754 συλλή-

501 1788 674 1844 πτορα
705 1771 961 1841 καλῶμεν
983 1772 1137 1835 Θεὸν,
1159 1773 1236 1837 ὡς
1259 1775 1308 1826 εί
1342 1774 1709 1846 θαρσήσωμεν
1738 1776 1821 1846 ἐφ’
1841 1777 2074 1842 ἑαυτοῖς,

503 1864 646 1926 ἄπας
671 1863 826 1934 ἡμῶν
855 1862 1016 1927 εὐθὺς
1041 1864 1278 1936 ἀναλυθῇ
1311 1866 1491 1929 πόνος.

576 1973 596 2007 ι
635 1955 744 2009 Καὶ
771 1955 1039 2027 πληρώσῃ
1077 1957 1256 2009 πᾶσαν
1291 1956 1542 2012 εὐδοκίαν
1574 1957 1938 2030 ἀγαθοσύνης.
1974 1977 1994 2011 ›

568 2129 852 2184 Δείκνυσιν
897 2129 1050 2185 οῦπω
1105 2131 1496 2198 τελειωθέντας
1545 2135 1764 2199 αὐτούς.
1799 2136 1932 2189 Τότε
1967 2137 2079 2208 γὰρ

502 2225 663 2294 μόνον
695 2226 727 2292 ὴ
768 2223 1069 2287 τελείωσις,
1103 2223 1232 2277 ὅταν
1261 2227 1288 2278 6
1313 2225 1504 2296 καιρὸς
1525 2226 1774 2298 παρέλθῃ
1803 2226 1896 2279 τοῦ
1925 2225 2075 2294 ἀγῶ-

499 2331 590 2377 νος
610 2332 622 2345 ο
658 2316 716 2367 ἐν
760 2316 873 2385 ὅσῳ
899 2314 957 2367 δέ
984 2333 1066 2378 τις
1097 2315 1447 2384 ἀγωνίζεται,
1479 2319 1751 2386 φοϐείσθω
1786 2319 1860 2390 μὴ
1893 2319 2036 2391 πέσῃ
2059 2336 2073 2349 ο

498 2407 588 2460 διὰ
614 2407 771 2460 τοῦτο
805 2408 912 2478 γὰρ
951 2407 1046 2461 καὶ
1080 2409 1296 2480 εἴρηται
1321 2426 1334 2440 ·
1388 2411 1484 2481 Μὴ
1507 2409 1790 2481 μακάριζε
1824 2411 1938 2481 πρὸ
1969 2411 2078 2466 τοῦ

499 2501 736 2567 τέλους.
1907 2527 1909 2531 ι

577 2613 605 2646 e
629 2594 742 2647 Καὶ
773 2593 931 2665 ἔργον
963 2595 1199 2658 πίστεως
1227 2595 1285 2650 ἐν
1317 2595 1566 2666 δυνάμει.
1603 2615 1621 2646 ι

574 2687 693 2742 Ἵνα
723 2689 1193 2759 ἐνδυναμωθῶσιν,
1229 2687 1374 2760 ἔργῳ
1403 2689 1570 2753 δεῖξαι
1603 2688 1703 2760 τὴν
1734 2689 1934 2742 πίστιν.

579 2797 608 2830 ε
644 2780 832 2844 Ὅπως
880 2780 1166 2852 ἐνδοξασθῇ
1215 2780 1275 2833 τὸ
1325 2780 1497 2851 ὄνομα
1542 2780 1638 2835 τοῦ
1680 2782 1886 2851 Κυρίου
1921 2780 2081 2850 ἡμῶν

518 2871 694 2943 Ἰησοῦ
726 2874 784 2926 ἐν
814 2873 964 2942 ὑμῖν,
1000 2873 1094 2926 καὶ
1127 2873 1286 2943 ὑμεῖς
1325 2873 1383 2926 ἐν
1419 2867 1588 2943 αῦτῷ,
1623 2872 1764 2926 κατά
1784 2872 1886 2944 τὴν
1919 2874 2079 2945 χάριν

502 2962 598 3016 τοῦ
628 2962 764 3015 Θεοῦ
792 2963 953 3034 ἡμῶν
994 2966 1088 3018 καὶ
1111 2967 1320 3036 Κυρίου
1366 2965 1542 3036 Ἰησοῦ
1573 2965 1837 3037 Χριστοῦ.
1881 2983 1898 3017 ι

575 3055 806 3124 Ὅμοιον
829 3055 908 3125 τῷ
934 3058 1211 3129 εἰρημένῳ
1240 3058 1345 3112 ὑπὸ
1373 3058 1468 3112 τοῦ
1494 3059 1702 3129 Κυρίου
1730 3074 1744 3088 ·
1777 3059 2081 3128 Λαμψάτω

2177 580 2397 634 habitur
2420 582 2473 636 in
2509 582 2599 637 die
2628 582 2744 636 illa.

2246 671 2412 727 Vens.
2446 674 2531 728 11.
2576 693 2594 725 ι
2620 675 2672 727 In
2695 691 2808 744 quo
2835 679 2999 732 etiam
3028 695 3256 736 oramus
3277 695 3500 749 semper
3529 693 3630 748 pro
3667 692 3761 730 vo-

2176 763 2281 829 bis,
2311 773 2369 818 ut
2393 765 2646 835 dignetur
2673 782 2770 822 vos
2801 771 3087 825 vocatione
3122 787 3218 825 sua
3258 771 3400 827 Deus
3429 781 3630 826 vester.
3673 790 3692 821 ι

2246 854 2517 919 Quoniam
2534 856 2671 910 dixit
2691 857 2755 919 η,
2789 859 2946 913 ﬁdem
2975 862 3227 930 proipsi-s
3260 862 3755 930 testiﬁcari,idque

2176 943 2243 998 de
2269 947 2484 1014 magnis
2516 947 2683 1004 rebus
2721 947 2818 1019 (ait
2834 950 3012 1004 enim:
3051 949 3108 1004 in
3141 951 3266 1018 fide,
3303 954 3363 1006 in
3395 953 3671 1020 patientia,
3698 952 3752 1003 in

2174 1037 2661 1106 persecutionibus),
2685 1054 2753 1094 ne
2786 1039 2988 1095 eximie
3022 1042 3424 1110 superbientes,
3456 1059 3578 1112 qua:
3613 1043 3750 1095 huc-

2177 1141 2350 1196 usque
2395 1139 2677 1196 gesserant
2714 1127 3199 1196 amitterent,eam
3233 1134 3304 1187 ob
3347 1135 3600 1198 rem,ait,
3641 1136 3754 1187 sine

2175 1219 2565 1274 intermissione
2616 1237 2870 1287 oramus;
2906 1231 2965 1277 ut
2999 1225 3323 1280 intentiores
3369 1226 3516 1294 ipsos
3564 1225 3748 1278 faciat.

2176 1309 2410 1365 Oramus
2448 1311 2618 1378 enim,
2650 1311 2856 1382 inqu-it,
2891 1321 2952 1366 ut
2981 1314 3179 1385 dignos
3215 1329 3311 1368 vos
3338 1313 3538 1368 reddat
3589 1327 3752 1366 voca-

2176 1403 2322 1459 tione
2354 1410 2555 1459 vestra.
2583 1403 2778 1482 ‘Atque
2803 1406 2907 1460 hoc
2953 1405 3114 1470 dicit,
3149 1421 3252 1459 non
3288 1415 3346 1458 ut
3373 1405 3517 1474 quod
3537 1419 3563 1455 a
3593 1403 3753 1457 nobis

2177 1502 2259 1548 est
2299 1493 2535 1560 auferat,
2569 1493 2669 1549 sed
2691 1509 2760 1550 ne
2790 1494 2858 1549 de
2889 1495 3051 1549 nobis
3085 1496 3389 1549 insolenter
3419 1493 3752 1564 gloriemur;

2177 1585 2426 1654 quinimo
2466 1586 2532 1640 ad
2565 1586 2680 1640 haec
2716 1586 2857 1657 ipsa,
2889 1601 3124 1657 quorum
3149 1585 3556 1642 eﬁiciendorum
3579 1585 3752 1638 iacul-

2180 1686 2265 1732 tas
2325 1678 2483 1734 nobis
2545 1678 2886 1748 indulgetur,
2945 1678 3114 1732 Deum
3157 1679 3474 1733 invocemus
3532 1677 3750 1746 adjuto-

2176 1785 2293 1824 rem
2345 1789 2359 1825 :
2405 1785 2472 1825 eo
2528 1770 2696 1840 quod,
2763 1771 2812 1827 si
2873 1771 3202 1827 conﬁdimus
3231 1770 3288 1826 in
3328 1770 3514 1833 nobis,
3567 1767 3752 1823 omnis

2107 1843 2150 1897 Β
2180 1861 2363 1918 statim
2392 1868 2588 1916 noster
2629 1860 2788 1914 labor
2820 1868 3157 1930 pessumeat.

2247 1951 2409 2022 223
2453 1970 2472 2003 ι
2518 1951 2586 2006 Ει
2642 1953 2874 2023 impleat.
2927 1967 3145 2008 omnem
3201 1951 3539 2008 voluntatem
3594 1948 3754 2004 boni-

2177 2044 2328 2097 tatis.
2380 2061 2398 2094 ι

2247 2133 2498 2190 Ostendit
2548 2149 2646 2190 eos
2693 2133 2938 2187 nondum
2970 2147 3092 2189 esse
3134 2141 3570 2188 consummatos.
3599 2131 3754 2185 Tunc

2178 2228 2325 2282 enim
2360 2227 2626 2282 duntaxat
2653 2227 3059 2283 consummatio
3095 2233 3204 2292 est,
3236 2224 3458 2296 quando
3491 2223 3752 2280 certami-

2177 2326 2266 2379 nis
2302 2332 2518 2394 tempus
2542 2325 2838 2394 praeteriit;
2871 2322 3113 2394 quandiu
3151 2329 3333 2377 autem
3378 2321 3623 2376 decertat
3657 2318 3756 2372 ali-

2178 2417 2322 2487 quis,
2367 2428 2620 2472 vereatur
2657 2433 2726 2472 ne
2772 2416 2953 2470 cadat.
3008 2413 3282 2481 Quocirca
3324 2413 3491 2467 etiam
3545 2409 3755 2466 dictum

2178 2521 2264 2567 est
2294 2528 2308 2566 :
2341 2509 2423 2564 Ne
2456 2511 2664 2564 beatum
2691 2510 2890 2564 dixeris
2923 2516 3042 2562 ante
3065 2507 3223 2576 ﬁnem
3251 2505 3320 2558 ⁷⁵.

2253 2620 2272 2651 ι
2306 2599 2374 2654 Et
2397 2615 2537 2668 opus
2575 2600 2701 2654 ﬁdei
2740 2601 2795 2654 in
2826 2599 3054 2652 virtute.
3096 2615 3114 2648 ι

2250 2693 2320 2748 Ut
2350 2695 2798 2757 corroborentur,
2831 2707 2948 2761 quo
2973 2691 3133 2745 ﬁdem
3163 2703 3332 2759 opere
3363 2686 3678 2757 praeferant.

2250 2785 2420 2841 Vens.
2452 2785 2539 2839 i2.
2578 2805 2596 2836 ι
2641 2782 2712 2838 Ut
2741 2784 3082 2837 clariﬁcetur
3111 2795 3311 2835 nomen
3335 2779 3552 2834 Domini
3579 2779 3753 2832 nostri

2179 2875 2311 2932 Jesu
2343 2877 2546 2931 Christi
2574 2876 2631 2930 in
2655 2876 2840 2939 vobis,
2865 2884 2920 2928 et
2945 2889 3048 2928 vos
3083 2873 3138 2926 in
3163 2873 3280 2935 illo,
3314 2869 3614 2926 secundum
3637 2883 3760 2939 επις

2182 2967 2312 3021 tiam
2346 2966 2442 3021 Dei
2465 2964 2642 3021 nostri
2680 2976 2736 3018 et
2764 2964 2979 3018 Domini
3012 2961 3142 3018 Jesu
3172 2962 3401 3016 Christi.
3452 2978 3470 3011 ι

2256 3058 2446 3113 Simile
2488 3057 2595 3111 hoc
2618 3063 2704 3111 est
2750 3055 2830 3109 illi
2887 3053 3105 3108 Domini
3164 3050 3450 3108 sententiae
3491 3067 3505 3102 :
3558 3047 3762 3100 Luceat

503 3147 572 3202 τὸ
605 3147 732 3217 φῶς
771 3148 938 3218 ὑμῶν
976 3151 1319 3218 ἔμπροσθεν
1359 3149 1480 3204 τῶν
1515 3152 1866 3219 ἀνθρώπων,
1922 3152 2081 3219 ὅπως

2185 3148 2281 3202 tua:
2306 3156 2480 3202 vestra
2510 3159 2689 3199 coram
2723 3143 3045 3206 hominibus,
3081 3151 3138 3194 ut
3161 3139 3368 3193 videant
3391 3153 3550 3207 opera
3590 3145 3762 3189 vestra

507 3237 680 3293 ἴδωσι
708 3240 781 3294 τὰ
803 3241 964 3294 καλὰ
985 3241 1128 3311 ἔργα
1155 3241 1343 3310 ὑμῶν,
1366 3242 1465 3295 καὶ
1493 3242 1801 3307 δοξάσωσι
1833 3243 1939 3297 τὸν
1957 3247 2078 3299 Πα-

2184 3241 2346 3304 bona,
2363 3247 2412 3294 et
2432 3239 2722 3309 gloriﬁcent
2742 3235 2960 3290 Patrem
2984 3242 3211 3287 vestrum
3232 3231 3323 3298 qui
3351 3231 3402 3282 iu
3431 3228 3572 3282 costis
3588 3243 3642 3280 es

504 3331 648 3398 τέρα
687 3330 854 3401 ὑμῶν
877 3331 986 3385 τὸν
1010 3332 1080 3386 ἐν
1104 3332 1229 3398 τοῖς
1277 3333 1577 3402 οὐρανοῖς.
1614 3335 1725 3388 Καὶ
1783 3334 1945 3388 τοῦτο
1976 3334 2083 3388 δεί-

507 3440 697 3477 κνυσιν
731 3423 795 3476 ἐκ
826 3425 927 3492 τῆς
958 3424 1180 3495 χάριτος
1207 3425 1428 3495 ἔχοντας
1452 3426 1547 3479 τοῦ
1581 3427 1715 3479 Θεοῦ
1737 3427 1798 3480 τὸ
1823 3426 2082 3481 δύνασθαι.

502 3515 791 3579 τοσούτους
842 3517 1094 3584 γενέσθαι
1138 3519 1198 3570 ἐν
1254 3517 1434 3588 ἔργοις
1468 3517 1762 3588 λαμπροῖς.
1810 3518 1928 3572 Κᾶν
1972 3518 2082 3589 γάρ

503 3601 651 3678 τις
680 3604 906 3670 τέλειος,
941 3607 1127 3678 φησὶν,
1161 3609 1217 3661 ἐν
1263 3610 1394 3673 υίοῖς
1443 3608 1773 3680 ἀνθρώπων,
1828 3611 1927 3680 τῆς
1976 3610 2082 3664 ἀπὸ

507 3695 604 3750 σοῦ
636 3696 957 3761 λειπόμενος
993 3698 1206 3768 σοφίας,
1235 3701 1315 3762 είς
1344 3700 1496 3754 οὐδὲν
1525 3699 1936 3772 λογισθήσεται.

1109 3791 1359 3857 ita-«MA.
1404 3791 1480 3845 ιιι.
1535 3836 1551 3853 ,

583 3900 603 3934 ι
652 3881 980 3953 Ἐρωτῶμεν
1011 3882 1073 3936 δὲ’
1104 3883 1269 3953 ὑμᾶς,
1298 3881 1540 3951 ἀδελφοὶ,
1577 3884 1720 3955 ὺπέρ
1749 3882 1850 3954 τῆς
1875 3900 2083 3952 παρου-

507 3971 632 4036 σίας
660 3971 756 4026 τοῦ
799 3973 1006 4041 Κυρίου
1055 3973 1214 4044 ἡμῶν
1253 3973 1427 4043 Ἰησοῦ
1468 3974 1728 4044 Χριστοῦ,
1781 3974 1876 4027 καὶ
1923 3974 2082 4044 ἡμῶν

505 4064 932 4135 ἐπισυναγωγῆς
960 4065 1046 4117 ἐπ’
1075 4064 1238 4118 αὐτὸν
1267 4067 1348 4126 είς
1377 4065 1437 4118 τὸ
1467 4067 1542 4135 μὴ
1573 4067 1784 4136 ταχέως
1815 4065 2082 4136 σαλευθῆ-

504 4169 594 4205 ναι
621 4153 767 4222 ὑμᾶς
794 4153 900 4206 ἀπὸ
937 4153 1030 4207 τοῦ
1078 4155 1218 4219 νοὸς,
1284 4156 1422 4228 μήτε
1465 4156 1758 4225 θροεῖσθαι,
1813 4160 1950 4228 μήτε
1994 4157 2082 4211 διὰ

507 4241 842 4312 πνεύματος,
890 4243 1026 4314 μήτε
1065 4243 1154 4296 διὰ
1186 4244 1364 4313 λόγου,
1400 4246 1536 4316 μήτε
1583 4245 1651 4299 δι’
1675 4248 1966 4319 ἐπιστολῆς
2007 4250 2082 4312 ὡς

508 4331 575 4383 δι’
609 4331 787 4402 ἡμῶν,
818 4332 893 4394 ὡς
921 4332 1002 4385 ὅτι
1034 4331 1328 4403 ἐνέστηκεν
1377 4335 1411 4403 ἡ
1461 4335 1646 4404 ἡμέρα
1693 4333 1786 4387 τοῦ
1819 4333 2077 4406 Χριστοῦ.

510 4421 604 4491 Μή
639 4439 722 4484 τις
757 4422 901 4492 ὑμᾶς
926 4421 1243 4494 ἐξαπατήσῃ
1282 4423 1426 4476 κατά
1480 4423 1682 4494 μηδένα
1735 4423 1958 4494 τρόπον,
2000 4423 2081 4476 ὅτι

3648 3237 3664 3278 ι
3687 3227 3756 3280 ⁷³.

2181 3331 2338 3386 Unde
2373 3306 2651 3385 evincitur
2683 3328 2884 3382 habere
2905 3341 3005 3380 nos
3041 3340 3072 3378 a
3101 3322 3275 3393 gratia
3299 3321 3416 3384 Dei,
3449 3328 3507 3372 ut
3533 3319 3671 3373 tales
3689 3306 3760 3372 ac

2182 3423 2320 3478 tanti
2353 3423 2534 3493 quoad
2583 3419 2805 3490 egregia
2837 3431 3001 3488 opera
3037 3413 3362 3470 evadamus.
3394 3409 3759 3477 Quantumvis

2182 3516 2327 3570 enim
2359 3515 2584 3583 aliquis,
2613 3511 2815 3580 inquit,
2849 3509 2992 3563 inter
3033 3506 3178 3561 ﬁlios
3210 3504 3494 3558 hominum
3531 3503 3603 3554 sit
3635 3515 3760 3570 per-

2183 3608 2383 3670 fectus,
2420 3605 2514 3660 ubi
2544 3603 2813 3674 sapientia
2847 3609 2939 3654 tua
2969 3596 3310 3660 destituitur,
3340 3593 3499 3648 nihili
3527 3605 3760 3662 prorsus

2182 3698 2508 3753 restituatur.
2605 3703 2614 3710 ‘

2874 3780 3026 3836 CAP.
3064 3779 3136 3836 ll.

2255 3881 2422 3937 Vens.
2474 3879 2592 3934 1-4.
2657 3897 2675 3930 ι
2708 3876 2987 3948 Rogamus
3020 3882 3202 3927 autem
3241 3885 3363 3932 vos,
3396 3867 3616 3928 fratres,
3667 3880 3763 3935 per

2185 3977 2480 4029 adventum
2518 3969 2733 4025 Domini
2787 3967 2962 4023 nostri
3017 3963 3150 4020 Jesu
3204 3963 3429 4024 Christi,
3479 3969 3534 4015 et
3565 3968 3762 4012 nostrae

2183 4063 2628 4136 congregationis
2657 4062 2710 4115 in
2743 4061 2944 4130 ipsum,
2980 4066 3040 4110 ut
3082 4071 3192 4110 non
3222 4054 3335 4108 cito
3369 4051 3700 4107 moveamini
3732 4065 3761 4101 a

2183 4165 2371 4212 vestro
2401 4169 2591 4218 sensu,
2627 4165 2803 4220 neque
2832 4146 3187 4211 terreamini,
3224 4159 3406 4213 neque
3452 4157 3548 4213 per
3592 4141 3759 4210 spiri-

2186 4258 2322 4311 tum,
2361 4260 2538 4315 neque
2570 4259 2666 4314 per
2698 4255 3006 4297 sermonem
3029 4279 3045 4306 ,
3093 4251 3269 4306 neque
3301 4251 3397 4305 per
3445 4234 3759 4304 epistolam,

2187 4350 2446 4408 tanquam
2492 4351 2588 4406 per
2619 4348 2720 4388 nos
2766 4332 3016 4394 missam,
3052 4329 3208 4398 quasi
3246 4327 3413 4381 instet
3454 4326 3572 4379 dies
3604 4323 3766 4377 Chri—

2188 4433 2281 4486 sti.
2319 4430 2396 4485 Ne
2425 4428 2550 4498 quis
2581 4441 2680 4481 vos
2712 4424 2943 4481 seducat
2969 4423 3080 4477 ullo
3115 4421 3274 4475 modo
3306 4435 3320 4472 :
3358 4416 3622 4486 quoniam
3655 4415 3765 4470 nisi

511 4513 608 4566 ἐὰν
639 4512 713 4584 μὴ
745 4512 873 4584 ἔλθῃ
904 4514 1212 4568 ἀποστασία
1241 4514 1478 4585 πρῶτον,
1527 4515 1622 4568 καὶ
1663 4515 2024 4585 ἀποκαλυφθῇ
2054 4517 2081 4568 6

2189 4521 2404 4579 venerit
2432 4518 2702 4574 discessio
2725 4515 2990 4588 primum,
3013 4520 3068 4568 et
3098 4511 3375 4566 revelatus
3411 4507 3575 4561 fuerit
3601 4507 3764 4560 homo

508 4603 796 4675 ἄνθρωπος
823 4605 1118 4676 ἁμαρτίας,
1165 4605 1194 4657 ό
1231 4606 1348 4669 υίὸς
1387 4606 1488 4676 τῆς
1515 4605 1814 4672 ἀπωλείας,
1865 4607 1893 4658 ὁ
1928 4607 2081 4659 ἀντι-

509 4697 764 4768 κείμενος
794 4697 890 4750 καὶ
949 4697 1385 4768 ὑπεραιρόμενος
1416 4697 1513 4751 ἐπὶ
1562 4697 1739 4751 πάντα
1787 4697 2083 4768 λεγόμενον

511 4787 702 4858 Θεὸνῆ
740 4788 1014 4859 σέϐασμα,
1047 4787 1188 4842 ὥστε
1216 4789 1378 4842 αὑτὸν
1415 4792 1496 4853 είς
1522 4788 1614 4842 τὸν
1645 4790 1773 4843 ναὸν
1803 4789 1897 4842 τοῦ
1923 4788 2080 4853 Θεοῦ,

509 4877 587 4941 ὡς
635 4877 771 4931 Θεὸν
809 4877 1071 4942 καθίσαι,
1123 4875 1519 4932 ἀποδεικνύντα
1572 4877 1765 4929 ἑαυτὸν
1822 4875 1904 4929 ὅτι
1964 4873 2082 4928 ἐστι

511 4969 665 5033 Θεός.
710 4989 729 5022 ι
1179 4964 1184 4967 ’

583 5058 792 5116 Ἦλθεν
827 5063 908 5126 είς
959 5060 1020 5115 τὸ
1051 5061 1436 5134 προκείμενον.
1461 5061 1635 5114 Τοῦτο
1669 5062 1738 5115 δέ·
1770 5063 1889 5115 ἐστι
1917 5062 1979 5116 τὸ
2009 5061 2089 5133 μὴ

513 5155 822 5225 ὑπάγεσθαι
864 5158 930 5227 τῇ
961 5155 1072 5210 τῶν
1099 5153 1604 5224 ψευδοδιδασκά).ων
1648 5155 1855 5225 ἀπάτῃ,
1902 5155 2088 5222 λεγόν-

514 5265 622 5301 των
652 5245 942 5317 ἠγγικέναι
974 5246 1072 5317 τὴν
1111 5244 1414 5316 παρουσίαν
1451 5245 1545 5298 τοῦ
1570 5245 1778 5316 Κυρίου
1812 5245 1912 5315 τὴν
1962 5246 2088 5298 δευ-

514 5338 702 5408 τέραν.
752 5339 841 5409 Μή
868 5355 954 5400 τις
1005 5333 1098 5390 οὖν
1150 5337 1294 5407 ὑμᾶς
1331 5337 1666 5407 θορυϐείτω,
1727 5336 1862 5408 μήτε
1917 5337 2088 5393 δοκῶν

516 5429 792 5499 πνεύματι
824 5427 1220 5498 ἀποκαλύψεως
1261 5429 1461 5497 λέγειν,
1504 5429 1642 5500 μήτε
1685 5430 1786 5499 ἐμὲ
1827 5430 1987 5484 τοῦτο
2013 5433 2089 5484 εί-

527 5522 752 5593 ρηκέναι
779 5520 1274 5592 προφασιζόμενος.
1313 5520 1598 5575 Ἀδύνατον
1622 5521 1729 5592 γάρ
1761 5521 1858 5592 τὴν
1885 5539 2090 5592 παρου⁶

517 5611 641 5667 σίαν
669 5613 769 5681 τὴν
789 5611 1048 5684 δευτέραν
1083 5614 1256 5667 ἐλθεῖν
1290 5614 1364 5686 μὴ
1399 5614 1961 5684 προαποδεδειγμένου
1993 5615 2122 5669 τοῦ-κ

617 5772 837 5860 ⁷⁸3υρτ.
875 5804 928 5845 v.‘
1089 5790 1137 5822 “
1162 5789 1332 5847 Eccli.
1373 5808 1443 5860 xi,
1475 5792 1560 5846 '50.
1623 5791 1668 5824 ⁷⁵
1694 5791 1883 5849 Matth.
1913 5810 1966 5861 ι’,
1999 5795 2084 5849 16.

2187 4613 2421 4686 peccati,
2452 4613 2595 4666 titius
2619 4607 2966 4680 perditionis,
2994 4605 3086 4676 qui
3110 4603 3434 4657 adversatur
3462 4606 3515 4653 et
3545 4597 3767 4652 extolli—

2185 4716 2276 4760 tur
2300 4719 2465 4782 super
2507 4716 2668 4756 omne
2696 4699 2844 4769 quod
2873 4697 3078 4752 dicitur
3111 4693 3281 4754 Deus,
3310 4699 3406 4745 aut
3436 4688 3585 4758 quod
3631 4687 3768 4741 coli-

2186 4809 2295 4864 tur,
2328 4798 2402 4851 ita
2429 4805 2488 4851 ut
2510 4796 2565 4849 in
2599 4792 2808 4863 templo
2838 4789 2933 4846 Dei
2963 4786 3173 4853 sedeat,
3199 4785 3496 4841 ostendens
3522 4782 3765 4851 seipsum

2186 4897 2448 4960 tanquam
2480 4888 2552 4942 sit
2579 4885 2746 4941 Deus.
2786 4902 2805 4935 ι

2258 4982 2339 5036 Ad
2381 4979 2719 5050 propositum
2751 4976 2856 5033 sibi
2887 4981 3274 5046 argumentum
3299 4970 3469 5026 venit.
3502 4967 3640 5022 lllud
3671 4981 3770 5021 au-

2190 5083 2298 5130 tem
2321 5081 2430 5139 est,
2455 5087 2524 5127 ne
2549 5071 2890 5127 seducantur
2921 5068 3183 5122 falsorum
3210 5063 3589 5134 apostolorum
3617 5062 3772 5113 frau-

2189 5167 2280 5231 de,
2333 5164 2429 5235 qui
2480 5163 2782 5220 secundum
2841 5160 3060 5216 Domini
3115 5157 3411 5212 adventum
3458 5155 3774 5226 proximum

2189 5273 2314 5314 esse
2353 5256 2739 5328 prmdicarent.
2786 5253 2958 5308 Nemo
2989 5252 3155 5322 igitur
3191 5265 3290 5304 vos
3328 5247 3646 5309 conturbet,
3679 5245 3768 5297 in-

2199 5347 2335 5416 quit,
2364 5346 2479 5401 sive
2506 5345 2760 5400 videatur
2812 5339 3280 5396 nianifestationis
3334 5337 3534 5408 spiritu
3587 5335 3767 5402 loqui,

2200 5437 2318 5492 sive
2372 5435 2424 5490 id
2461 5451 2491 5489 a
2535 5449 2623 5490 me
2675 5433 3089 5502 pronuntiatum
3125 5437 3404 5500 praetexat.
3463 5423 3596 5477 Nam
3654 5423 3784 5476 ﬁeri.

2198 5541 2308 5581 non
2337 5535 2518 5597 potest
2553 5532 2614 5578 ut
2668 5523 2944 5579 secundus
2995 5520 3263 5574 adventus
3318 5513 3626 5583 contingat,
3663 5512 3774 5567 nisi

2200 5628 2323 5674 ante
2373 5617 2757 5676 manifestatur
2799 5613 2944 5670 ﬁlius
2990 5609 3334 5682 perditionis.
3364 5605 3785 5663 Antichristuni.
