4048 6408
465 324 566 386 9'25

1412 327 1493 386 IN
1533 326 1770 388 EPI’ST.
1815 329 1915 386 AD
1951 325 2705 387 THESSALONICENSES
2739 327 2826 386 Ιῐ.

3625 330 3732 393 926

533 429 830 494 Διεξελθὼν
875 432 942 486 τά
988 432 1116 503 περὶ¹
1154 432 1260 486 τῶν
1295 435 1712 502 ἀπιστησάντων
1753 435 2038 496 Ἰουδαίων,

2219 433 2515 503 Postquam
2567 444 2868 492 exsecutus
2904 442 2992 492 est
3040 450 3162 507 qua:
3212 436 3280 491 ad
3324 433 3564 502 Iudaeos,
3636 437 3732 507 qui

462 523 559 576 καὶ
601 522 814 590 διδάξας
859 525 1039 576 ὁποῖον
1097 523 1275 578 αὐτῶν
1331 520 1498 579 ἔσται
1533 527 1681 590 τέλος
1709 527 1868 598 (Ἵνα
1920 527 2027 597 γὰρ

462 613 729 683 κριθῶσι,
767 612 960 682 φησὶ),
995 614 1328 686 διεξέρχεται
1354 616 1551 670 καὶ-τά
1585 618 1692 670 τῶν
1722 619 2048 672 πιστευσάν-

2153 539 2260 581 non
2296 527 2609 592 crederent,
2646 529 2995 598 spectabant,
3023 539 3076 586 et
3099 529 3224 600 quis
3256 527 3478 584 futurus
3507 530 3579 584 sit
3605 529 3730 584 ﬁnis

2148 618 2340 674 docuit
2364 619 2463 684 (ait
2490 619 2659 683 enim,
2689 629 2746 672 ut
2767 620 3126 692 judicentur),
3151 638 3301 677 nunc
3329 621 3588 676 edisserit
3607 637 3730 690 qua:

460 721 590 766 των,
620 696 694 756 ὧν
727 706 818 756 καὶ
865 703 926 757 τὸ
965 707 1248 776 προοίμιον
1298 707 1652 780 εὐχαριστία,
1698 710 1794 762 καὶ
1850 710 1942 762 ἐπὶ
1973 711 2040 778 τῇ

2170 709 2426 764 tertinent
2457 709 2524 764 ad
2569 708 2800 764 ﬁdeles:
2849 725 3082 780 quorum
3123 710 3454 780 praeludium
3490 719 3575 765 est
3603 725 3730 779 gra-

464 795 783 866 εύχαριστίᾳ
814 796 992 864 λέγει·
1031 798 1244 869 πρῶτον
1287 802 1407 870 μὲν,
1432 803 1511 854 ὅτι
1544 801 1912 871 ἠγαπήθησαν
1942 798 2047 853 ὑπὸ

2175 800 2350 854 iarum
2393 801 2559 865 actio,
2609 816 2817 870 eosque
2853 801 3066 870 gratias
3114 802 3318 857 habere
3373 810 3576 866 monet,
3610 801 3729 869 pri-

464 886 560 939 τοῦ
593 887 750 950 Θεοῦ,
785 888 880 940 καὶ
917 888 996 941 ὅτι
1033 888 1314 955 ἐξελέξατο
1343 893 1540 954 αὐτοὺς
1563 890 1753 962 ὥσπερ
1790 891 2047 962 ἀπαρχὴν

2170 907 2294 945 num
2321 893 2468 962 quod
2503 893 2688 948 dilecti
2721 893 2830 949 sint
2868 909 2898 945 a
2931 893 3078 960 Deo;
3116 893 3357 961 itemque
3391 893 3540 963 quod
3567 892 3726 947 electi

465 978 547 1039 είς
594 978 888 1049 σωτηρίαν,
924 982 1016 1034 καὶ
1053 982 1134 1035 ὅτι
1173 982 1422 1052 ἡγίασεν,
1466 984 1562 1036 καὶ¹
1605 984 1688 1037 ὅτι
1730 981 2048 1053 Πνεύματος

469 1068 625 1137 ἁγίου
657 1069 906 1138 ἠξίωσεν.

544 1179 563 1213 ι
602 1161 744 1230 Ἀρα
790 1158 900 1226 οὖν,
934 1160 1171 1231 ἀδελφοὶ,
1215 1165 1463 1235 στήκετε,
1497 1165 1592 1220 καὶ
1642 1167 1897 1237 κρατεῖτε
1947 1163 2048 1228 τὰς

469 1252 818 1323 παραδόσεις,
869 1252 934 1317 ἃς
979 1255 1317 1328 ἐδιδάχθητε,
1351 1258 1460 1318 εἴτε
1492 1258 1581 1313 διὰ
1606 1259 1788 1327 λόγου,
1820 1257 1931 1311 εἴτε
1968 1256 2040 1318 δι’

469 1343 794 1412 ἐσπιστολῆς
821 1345 999 1415 ἡμῶν.
1046 1365 1066 1398 ι

546 1436 890 1502 Ἀναγκαῖον,
929 1437 1083 1508 φησὶ,
1114 1438 1242 1502 τοὺς
1285 1439 1414 1512 περὶ
1463 1439 1734 1496 τοσούτων
1759 1442 2047 1513 καυχωμέ⁹

472 1543 597 1590 νους
628 1526 851 1587 ἑστάναι
886 1527 1140 1596 βεϐαίως.

553 1636 570 1669 ι
609 1611 773 1681 Οὗτος
801 1618 856 1671 δὲ
891 1621 918 1674 ό
951 1604 1154 1691 Κύριος
1193 1621 1352 1692 ἡμῶν
1408 1621 1616 1692 Ἰησοῦς
1660 1621 1914 1692 Χριστὸς,
1953 1623 2048 1678 καὶ

2148 984 2202 1038 in
2232 984 2462 1038 salutem
2507 993 2766 1054 tanquam
2801 984 3086 1055 primitiae,
3117 984 3265 1054 quod
3303 984 3484 1039 sancti
3531 998 3728 1040 evase-

2145 1071 2277 1139 rint,
2316 1073 2464 1141 quod
2494 1071 2705 1142 Spiritu
2739 1082 2935 1128 sancto
2964 1073 3194 1143 dignati.

2217 1161 2388 1218 Vens.
2423 1163 2510 1217 14.
2550 1183 2568 1215 ι
2607 1162 2818 1233 Itaque,
2855 1163 3076 1229 fratres,
3111 1172 3275 1233 state,
3315 1171 3370 1220 et
3402 1169 3586 1218 tenete
3608 1169 3725 1217 tra-

2146 1250 2386 1308 ditiones
2415 1266 2554 1322 quas
2585 1253 2882 1318 didicistis,
2936 1253 3052 1308 sive
3101 1269 3196 1325 per
3249 1266 3580 1317 sermonem,
3612 1252 3728 1306 sive

2147 1354 2244 1410 per
2273 1339 2568 1411 epistolam
2602 1350 2872 1397 nostram.
2914 1361 2934 1395 ι

2217 1431 2408 1501 Operae
2436 1433 2670 1502 pretium
2696 1441 2802 1497 est,
2826 1433 3024 1504 inquit,
3047 1443 3108 1488 ιιι
3133 1435 3228 1504 qui
3255 1433 3322 1491 de
3344 1441 3424 1489 tot
3449 1432 3727 1502 tantisque

2146 1520 2310 1576 donis
2349 1521 2689 1590 gloriantur,
2734 1524 2877 1578 ﬁrmi
2915 1525 3242 1580 consistant.

2220 1613 2387 1667 Vens.
2421 1613 2512 1680 15,
2545 1613 2634 1668 16.
2670 1615 2792 1684 lpse
2820 1623 3006 1670 autem
3037 1615 3308 1672 Dominus
3351 1622 3542 1672 noster
3566 1612 3728 1668 Jesus

475 1709 506 1764 ὁ
535 1707 664 1771 Θεὸς
698 1709 793 1762 καὶ
816 1711 1004 1782 Πατὴρ
1029 1711 1184 1782 ἡμῶν
1214 1712 1242 1764 ὁ
1274 1713 1569 1783 ἀγαπήσας
1606 1715 1773 1784 ἡμᾶς,
1795 1714 1892 1768 καὶ
1923 1715 2049 1779 δοὺς

2170 1702 2424 1771 Ihristus,
2461 1716 2515 1761 et
2550 1706 2718 1770 Deus,
2753 1715 2806 1762 et
2833 1707 2994 1762 Pater
3023 1718 3235 1773 noster,
3275 1708 3370 1777 qui
3398 1705 3594 1760 dilexit
3625 1720 3728 1760 nos

478 1801 819 1872 παράκλησιν
851 1773 1081 1856 αιωέἐίαὶἱ
1131 1803 1226 1858 καὶ
1270 1773 1461 1858 ἐλπίδα
1502 1773 1712 1875 ἀγαθὴν
1735 1773 1808 1860 iw
1839 1773 2043 1875 χάριτι,

2170 1805 2202 1851 :t
2223 1796 2373 1853 dedit
2400 1799 2838 1854 consolationem
2873 1807 3156 1867 aeternam,
3183 1807 3237 1854 et
3261 1773 3410 1868 spem
3442 1798 3640 1852 bonam
3671 1796 3727 1849 in

475 1889 848 1960 παρακαλέσαι
872 1889 1024 1960 ὑμῶν
1049 1890 1145 1954 τὰς
1167 1891 1412 1961 καρδίας,
1432 1893 1526 1946 καὶ
1550 1891 1798 1963 στηρίξαι
1824 1892 1968 1962 ὑμᾶς
1989 1893 2048 1946 ὲν

2170 1891 2346 1962 gratia,
2375 1891 2696 1946 exhortetur
2720 1892 2888 1946 corda
2917 1898 3123 1959 vestra,
3156 1899 3210 1946 et
3233 1890 3526 1946 conﬁrmet
3550 1903 3648 1944 vos
3671 1887 3726 1944 in

471 1976 637 2030 παντὶ
669 1975 812 2047 λόγῳ
843 1978 939 2030 καὶ
968 1977 1115 2050 ἔργῳ
1139 1979 1350 2050 ἀγαθῷ.
1394 1999 1413 2033 ι

543 2067 683 2137 Ὅρα
713 2069 830 2132 πῶς
861 2068 1022 2122 πάλιν
1061 2071 1402 2140 ἐπικουφίζει
1447 2070 1631 2125 αὐτῶν
1680 2071 1783 2136 τὰς
1816 2071 2046 2143 θλίψεις,

467 2157 567 2229 τὴν
587 2159 931 2231 παράκλησιν
974 2161 1156 2225 αὐτοῖς
1180 2161 1354 2215 ἐλθεῖν
1381 2164 1692 2234 εὐχόμενος.

1086 2255 1336 2310 ΚΕΦΑΛ.
1368 2255 1443 2310 1'".

538 2362 566 2396 ι
597 2344 669 2396 Τὺ
709 2345 896 2399 λοιπὸν
953 2345 1344 2416 προσεύχεσθε,
1393 2346 1634 2416 ἀδελφοὶ,
1682 2347 1814 2419 περὶ
1866 2347 2046 2420 ἡμῶν,

2149 1981 2300 2034 omni
2339 1995 2591 2036 sermone
2615 1988 2671 2035 et
2693 1995 2859 2051 Opere
2886 1981 3055 2036 bono.
3093 2000 3113 2033 ι

2218 2069 2358 2126 Vide
2391 2086 2502 2141 quo
2536 2079 2698 2141 pacto
2751 2072 3077 2129 al‘ﬁictiones
3107 2088 3297 2128 eorum
3344 2071 3516 2139 levat,
3565 2083 3739 2126 orans

2149 2168 2212 2216 ut
2241 2161 2378 2232 ipsis
2403 2161 2620 2218 tandem
2654 2163 2900 2219 solamen
2929 2163 3206 2218 adveniat.

2799 2251 2951 2307 CAP.
2985 2253 3076 2308 lll.

2218 2340 2384 2399 Vens.
2426 2343 2474 2407 l,
2501 2341 2558 2398 2.
2592 2362 2612 2395 ι
2657 2341 2738 2398 De
2767 2322 2989 2409 caetero,
3025 2343 3254 2409 fratres,
3293 2352 3448 2402 orate
3481 2358 3582 2414 pro
3624 2358 3732 2399 no-

473 2435 560 2490 ῑνα
583 2437 612 2489 ὁ
631 2436 788 2506 λόγος
816 2438 909 2494 τοῦ
936 2438 1142 2510 Κυρίου
1174 2439 1365 2512 τρέχῃ,
1393 2440 1485 2493 καὶ
1517 2440 1830 2510 δοξάζηται,
1865 2440 2051 2504 καθὼς

2170 2434 2258 2501 iis,
2291 2442 2350 2489 ut
2380 2450 2559 2490 sermo
2585 2435 2679 2490 Dei
2710 2443 2941 2501 currat,
2990 2448 3044 2491 et
3082 2435 3421 2491 clariﬁcetur
3445 2475 3462 2501 ,
3499 2436 3643 2491 sicut
3673 2443 3731 2488 et

471 2527 729 2598 καὶπρὸς
755 2529 917 2599 ὑμᾶς,
948 2530 1041 2582 καὶ
1078 2530 1164 2584 ἵνα
1195 2531 1482 2601 ῥυσθῶμεν
1528 2531 1638 2586 ἀπὺ
1683 2531 1791 2586 τῶν
1832 2532 2049 2586 ἀτόπων

2170 2524 2312 2600 225
2347 2525 2488 2594 apud
2540 2541 2664 2593 vos,
2715 2533 2769 2580 et
2819 2534 2880 2580 ut
2921 2526 3228 2580 liberemur
3273 2526 3341 2580 ab
3401 2525 3731 2595 importunis

473 2621 568 2674 καὶ
599 2621 853 2690 πονηρῶν
882 2621 1206 2694 ἀνθρώπων.
1233 2623 1306 2677 Ού
1332 2623 1694 2694 γάρπάντων
1725 2627 1758 2696 ἡ
1784 2625 1984 2688 πίστις.
2023 2644 2044 2678 ι

2170 2624 2206 2668 :t
2236 2616 2393 2671 malis
2423 2616 2762 2673 hominibus.
2801 2616 2920 2672 Non
2960 2617 3107 2672 enim
3143 2616 3385 2671 omnium
3415 2623 3501 2670 cst
3537 2615 3725 2670 ﬁdes.»

542 2712 618 2766 Τὸ
648 2714 762 2768 ἴσον
800 2715 1122 2768 ἀνταπαιτεῖ
1147 2731 1160 2746 ο
1212 2715 1502 2786 εὐχόμενος
1551 2718 1689 2790 ὑπὲρ
1722 2718 1920 2784 αὐτῶν,
1961 2717 2050 2770 εῦ-

2221 2705 2329 2761 Par
2365 2707 2563 2763 referri
2596 2708 2702 2763 sibi
2743 2709 3012 2778 postulat,
3048 2714 3101 2762 et
3137 2707 3264 2776 quia
3295 2722 3397 2779 pro
3425 2707 3506 2762 eis
3534 2721 3736 2776 preca-

472 2803 664 2872 χεσθαι
693 2803 1038 2874 προστάττει,
1077 2804 1170 2858 καὶ
1204 2805 1343 2876 ὑπὲρ
1367 2806 1563 2867 αὐτοῦ.
1589 2808 1738 2878 Αὕτη
1771 2809 1830 2861 δὲ
1853 2811 1886 2879 ἡ
1912 2808 2051 2878 ὑπὲρ

2170 2811 2267 2861 .ur,
2302 2797 2556 2866 praecipit
2604 2805 2664 2850 ut
2714 2798 2821 2868 ipsi
2871 2798 3120 2853 vicissim
3159 2812 3257 2867 pro
3307 2811 3365 2853 se
3409 2803 3728 2867 precentur.

474 2895 637 2964 αὑτοῦ
660 2896 954 2967 προσευχὴ,
974 2897 1033 2949 τὸ
1059 2899 1390 2969 προκόπτειν
1408 2900 1473 2954 δι’
1491 2900 1655 2954 αὐτοῦ
1681 2900 1743 2953 τὸ
1765 2901 2047 2971 κηρυγμα.

2154 2885 2342 2942 Oratio
2373 2896 2554 2942 autem
2586 2903 2745 2959 quam
2775 2904 2874 2959 pro
2905 2905 2965 2944 se
2990 2889 3181 2958 exigit,
3218 2889 3334 2942 haec
3361 2896 3468 2952 est,
3505 2895 3566 2942 ut
3591 2902 3732 2957 pra:-

473 2985 660 3051 Οὕτως
707 2989 814 3059 ἄρα
847 2987 926 3040 δεῖ
968 3005 1033 3058 με
1081 2991 1252 3043 αἰτεῖν
1295 2992 1421 3054 τοὺς
1467 2991 1657 3060 ἁγίους
1701 2992 1844 3062 ὑπὲρ
1891 2991 2048 3063 ἡμῶν

2170 2977 2360 3033 iicatio
2413 2994 2578 3050 opera
2615 2997 2712 3037 sua
2749 2980 3026 3051 proliciat.
3069 2978 3162 3034 Sic
3209 2994 3340 3048 ergo
3375 2993 3570 3049 preces
3602 2994 3730 3033 san-

473 3078 744 3150 εύχεσθαι,
777 3080 862 3132 ἵνα
891 3081 948 3134 ὲν
987 3082 1097 3144 τοῖς
1131 3083 1271 3137 κατά
1319 3082 1452 3136 Θεὸν
1502 3083 1902 3154 προκόπτωμεν
1929 3123 1945 3149 ,
1977 3084 2053 3148 ὡς

2170 3081 2373 3129 :torum
2407 3088 2508 3142 pro
2541 3073 2703 3127 nobis
2739 3072 3040 3142 eﬁlagitare
3077 3072 3370 3138 incumhit,
3427 3079 3486 3125 ut
3551 3071 3609 3125 in
3665 3071 3733 3125 iis

473 3171 544 3224 τά
576 3187 641 3240 γε
679 3171 813 3226 ἄλλα
841 3172 1023 3227 πάντα
1042 3172 1292 3245 περιττὰ,
1318 3173 1412 3226 καὶ
1443 3172 1504 3225 οὐ
1534 3173 1752 3237 πάντως
1777 3175 2048 3245 χρήσιμα,

479 3263 580 3319 κᾶν
617 3264 803 3334 ὑγείαν
837 3265 999 3339 εἴπῃς
1024 3304 1040 3330 ,
1071 3264 1172 3320 κᾶν
1202 3265 1448 3338 εἰρήνην,
1480 3265 1583 3321 κᾶν
1611 3263 1789 3320 ὁτιοῦν
1815 3265 1924 3319 τῶν
1962 3265 2054 3318 ὲκ-

476 3355 588 3419 τός.

554 3551 573 3584 ι
609 3531 807 3595 Πιστὸς
831 3531 890 3586 δέ
914 3532 1062 3586 ἐστιν
1087 3532 1115 3587 ὁ
1147 3532 1374 3603 Κύριος,
1407 3532 1466 3597 ὂς
1498 3530 1740 3604 στηρίξει
1761 3531 1926 3602 ὑμᾶς,
1957 3531 2054 3588 καὶ

479 3619 705 3691 φυλάξει
734 3621 841 3676 ἀπὸ
865 3621 958 3674 τοῦ
991 3621 1250 3692 πονηροῦ.
1299 3641 1318 3676 ι

549 3714 720 3766 Τοῦτο
748 3714 885 3784 ὅπερ
928 3713 1096 3784 ᾔτησε
1140 3715 1339 3778 αὐτοὺς
1373 3715 1514 3786 ὑπὲρ
1557 3712 1724 3770 αὑτοῦ
1771 3713 2050 3781 εὔξασθαι,

479 3807 574 3860 καὶ
607 3805 768 3869 αὐτὸς
793 3806 932 3875 ὑπὲρ
965 3807 1141 3860 αὐτῶν
1167 3805 1624 3879 εὔχεται.”ῌτησε
1656 3807 1732 3872 δὲ,
1766 3807 1853 3860 ἵνα
1881 3805 2050 3878 ρυσθῇ

478 3901 546 3952 ἐκ
595 3897 702 3952 τῶν
755 3899 972 3953 ἀτόπων
1023 3899 1328 3970 ἀνθρώπων
1381 3899 1488 3954 τῶν
1528 3900 1920 3971 ἀντικειμένων
1985 3902 2052 3970 τῇ

479 3993 686 4045 πίστει.
718 3991 890 4044 Τοῦτο
922 3991 1016 4046 οῦν
1062 3993 1158 4045 καὶ
1183 3992 1344 4056 αὐτὸς
1385 3993 1569 4057 αὐτοῖς
1602 3977 1928 4064 ἐπεύχεται,
1959 4008 2054 4061 cpu-

479 4087 752 4158 λαχθῆναι
781 4087 888 4140 ἀπὸ
916 4087 1010 4140 τοῦ
1044 4086 1307 4158 πονηροῦ.
1537 4074 1539 4076 ’

557 4198 578 4231 ι
619 4179 966 4250 Πεποίθαμεν
1009 4179 1068 4232 δὲ
1097 4181 1154 4234 ὲν
1186 4180 1373 4252 Κυρίῳ
1403 4181 1488 4251 ἐφ’
1527 4179 1692 4252 ὑμᾶς,
1719 4181 1803 4234 ὅτι
1837 4178 1872 4234 δι
1907 4197 2053 4252 παρο

480 4269 812 4340 ἀγγέλλομεν
845 4270 994 4340 ὑμῖν,
1020 4270 1114 4324 καὶ
1143 4274 1366 4324 ποιεῖτε.
1408 4291 1425 4323 ι

553 4361 627 4413 Οὐ
665 4361 855 4432 χρείαν
890 4360 1032 4432 ἔχειν
1069 4361 1267 4426 αὐτούς
1301 4380 1457 4434 φησι,
1483 4361 1590 4416 τῶν
1617 4361 1823 4416 λοιπῶν
1850 4379 2054 4432 παραι-

2158 3180 2282 3235 qua:
2320 3171 2572 3234 spectant
2603 3163 2670 3218 ad
2698 3163 2891 3227 Deum,
2916 3178 3251 3234 progressus
3278 3161 3568 3227 faciamus,
3605 3177 3731 3226 cum

2159 3265 2356 3312 caetera
2388 3256 2571 3310 omnia
2610 3269 3019 3326 supervacanea
3053 3255 3185 3319 sint,
3217 3269 3320 3309 nec
3363 3269 3596 3323 prorsus
3624 3252 3731 3307 uti—

2157 3348 2252 3414 lia,
2293 3347 2397 3402 etsi
2427 3345 2931 3413 sanitatem‘dicas,
2971 3347 3074 3402 etsi
3105 3359 3318 3416 pacem,
3352 3345 3458 3400 etsi
3497 3342 3743 3414 quodvis

2160 3438 2311 3495 aliud
2353 3437 2642 3493 eximium.

2229 3529 2398 3586 Vens.
2430 3529 2482 3584 5.
2518 3548 2536 3582 ι
2568 3527 2770 3585 Fidelis
2798 3537 2983 3584 autem
3015 3518 3160 3585 Deus
3191 3537 3297 3593 est,
3320 3527 3414 3598 qui
3440 3524 3733 3582 conﬁrma-

2158 3623 2240 3679 bit
2267 3637 2391 3688 vos,
2422 3628 2477 3678 et
2500 3621 2774 3676 custodiet
2807 3636 2838 3674 a
2870 3621 3034 3676 malo.
3069 3639 3089 3673 ›

2231 3716 2289 3771 id
2337 3715 2482 3786 quod
2541 3714 2696 3786 petiit
2749 3722 2808 3770 ut
2854 3729 2955 3785 pro
3003 3729 3062 3769 se
3095 3713 3470 3785 postularent,
3507 3712 3624 3782 ipse
3653 3711 3734 3766 eis

2161 3817 2512 3878 apprecatur.
2536 3806 2769 3880 Rogavit
2792 3814 2974 3861 autem
3013 3816 3071 3860 ut
3104 3805 3174 3862 ab
3204 3805 3535 3876 importunis
3562 3805 3737 3858 homi-

2161 3897 2348 3960 nibus,
2373 3896 2466 3965 qui
2498 3895 2620 3952 ﬁdei
2646 3896 3016 3965 obsistebant,
3060 3897 3388 3952 liberaretur
3418 3914 3433 3950 :
3467 3896 3571 3950 hoc
3611 3909 3738 3966 ergo

2160 3989 2279 4060 ipse
2297 3987 2547 4044 vicissim
2567 3988 2679 4043 illis
2696 3996 3049 4058 apprecatur,
3079 3997 3138 4043 ut
3164 4003 3362 4060 nempe
3391 3995 3680 4047 serventur
3706 4000 3748 4046 a.

2161 4079 2329 4133 malo.

2235 4167 2399 4224 Vens.
2429 4167 2486 4222 4.
2529 4186 2548 4221 ι
2592 4166 2938 4224 Conﬁdimus
2973 4175 3156 4224 autem
3187 4167 3244 4224 in
3279 4166 3516 4224 Domino
3541 4166 3610 4222 de
3639 4181 3737 4221 vo-

2160 4262 2273 4328 bis,
2303 4262 2566 4333 quoniam
2593 4277 2716 4332 quae
2742 4261 3088 4332 praecipimus
3120 4261 3279 4317 vobis
3303 4302 3319 4328 ,
3355 4269 3410 4317 et
3455 4259 3664 4315 facitis.
3714 4278 3732 4311 ι

2235 4353 2327 4408 Ait
2360 4368 2457 4409 eos
2483 4339 2910 4423 quibuscunque
2953 4351 3079 4406 aliis
3109 4349 3596 4406 adhortationibus
3627 4364 3738 4404 non

484 4449 704 4504 νέσεων·
736 4451 878 4521 Ἤδη
908 4452 1040 4522 γὰρ,
1070 4453 1233 4522 φησιν
1255 4495 1272 4521 ,
1301 4453 1472 4516 αὐτὰς
1501 4453 1811 4518 ἐπεδείξατε
1838 4453 1925 4507 διὰ
1944 4455 2053 4508 τῶν

2170 4444 2427 4516 indigere.
2461 4443 2574 4500 llas
2607 4443 2754 4503 enim
2798 4459 2964 4514 opere
2991 4442 3348 4516 praestitistis,
3377 4441 3596 4512 inquit;
3638 4457 3742 4497 nec

482 4543 693 4614 ἔργων·
743 4543 838 4596 καὶ
874 4543 975 4596 οὐκ
1004 4543 1263 4615 ἀρκεῖσθε
1304 4545 1397 4598 ἐπὶ
1439 4547 1553 4608 τοῖς
1583 4544 1888 4612 γεγονόσιν,
1922 4544 2053 4600 ἀλλά

2170 4537 2226 4598 κίε
2255 4552 2377 4607 quae
2405 4543 2565 4608 gesta
2598 4542 2753 4602 sunt,
2779 4536 3028 4591 contenti
3065 4535 3224 4602 estis,
3252 4533 3352 4591 sed
3389 4541 3446 4589 et
3477 4533 3740 4602 deinceps

485 4634 581 4690 καὶ
612 4633 752 4705 μετά
778 4633 952 4687 ταῦτα
987 4636 1352 4706 προσθήσετε.

563 4742 583 4776 ι
637 4724 700 4777 'O
743 4724 802 4778 δὲ
858 4723 1063 4795 Κύριος
1101 4727 1429 4780 κατευθύναι
1479 4727 1636 4798 ὑμῶν
1680 4727 1779 4792 τὰς
1830 4727 2060 4798 καρδίας

487 4815 571 4878 εἰς
598 4815 698 4898 τὴν
731 4815 952 4886 ἀγάπην
977 4816 1070 4870 τοῦ
1101 4816 1257 4882 Θεοῦ,
1287 4818 1380 4871 καὶ
1412 4818 1491 4886 είς
1522 4818 1620 4892 τὴν
1652 4817 1928 4892 ὑπομονὴν
1959 4817 2056 4880 τοῦ

485 4903 748 4975 Χριστοῦ.
785 4923 804 4956 ι

555 4995 795 5068 Συνεχὴς
834 4996 869 5070 ἡ
920 5000 1218 5072 προσευχὴ,
1271 5000 1458 5072 ἐπειδὴ
1503 5001 1598 5055 καὶ
1639 5001 1768 5071 περὶ
1810 5000 2066 5071 μεγάλων

496 5093 731 5160 γίνεται.
766 5087 939 5144 Τοῦτο
965 5092 1022 5145 δέ
1055 5095 1170 5147 ἐστι
1192 5132 1209 5159 ,
1237 5092 1298 5145 τὸ
1344 5093 1630 5164 ἀγαπῆσαι
1661 5092 1754 5145 τὸν
1787 5092 1942 5158 Θεὸν,
1975 5095 2068 5148 καὶ

491 5171 797 5253 ὑπομεῖναί
813 5186 934 5247 ταῖς
965 5184 1106 5256 ὑπὲρ
1149 5184 1388 5257 Χριστοῦ
1423 5185 1633 5255 θλίψεσι
1657 5227 1671 5249 ,
1703 5187 1798 5240 καὶ
1834 5186 2068 5256 συνάψαι

489 5276 560 5344 τῇ
593 5275 782 5346 ἀγάπῃ
814 5275 914 5346 τὴν
942 5275 1220 5348 ὑπομονὴν
1241 5318 1256 5343 ,
1292 5277 1494 5347 μᾶλλον
1539 5277 1596 5331 δὲ
1632 5278 1930 5350 σφραγίσαι
1968 5279 2068 5350 τὴν

494 5365 722 5438 ἀγάπην
749 5370 816 5438 τῇ
845 5368 1129 5441 ὑπομονῇ·
1161 5369 1236 5433 ὡς
1268 5371 1318 5424 εί
1363 5371 1690 5440 ἀγαπῶμεν,
1719 5371 1818 5442 οὐχ
1851 5371 2066 5442 ὑπομέ-

491 5471 659 5526 νομεν
689 5455 767 5523 δὲ,
795 5458 890 5511 καὶ
913 5460 948 5530 ἡ
983 5459 1172 5531 ἀγάπη
1200 5458 1501 5516 διαλύεται.

569 5654 588 5685 ι
627 5634 1084 5706 Παραγγέλλόμεν
1107 5633 1164 5688 δὲ
1195 5635 1346 5706 ὑμῖν,
1375 5635 1610 5705 ἀδελφοὶ,
1633 5639 1689 5692 ἐν
1711 5639 1933 5709 ὀνόματι
1967 5643 2066 5698 τοῦ

498 5725 703 5807 Κυρίου
733 5727 891 5797 ἡμῶν
932 5725 1105 5798 Ἰησοῦ
1136 5727 1396 5800 Χριστοῦ,
1436 5728 1742 5783 στέλλεσθαι
1792 5731 1932 5800 ὑμᾶς
1964 5735 2068 5789 ἀπὸ

2159 4627 2458 4699 adjicietis.

2235 4717 2400 4774 Vens.
2445 4717 2497 4772 5.
2559 4734 2577 4770 ι
2633 4715 2902 4771 Dominus
2952 4723 3136 4771 autem
3195 4715 3396 4787 dirigat
3456 4713 3632 4770 corda
3689 4722 3756 4777 et,

2160 4825 2394 4881 corpora
2455 4817 2641 4864 vestra
2713 4807 2770 4862 in
2834 4806 3107 4864 charitate
3175 4805 3274 4864 Dei
3339 4813 3395 4863 et
3469 4806 3743 4879 patientia

2168 4901 2396 4961 Christi.
2446 4921 2466 4957 ι

2239 4995 2623 5052 Precationem
2657 4993 2966 5061 continuat,
3018 4993 3152 5066 quia
3201 4993 3272 5049 de
3319 4993 3536 5065 magnis
3575 4993 3770 5051 rebus.

2169 5089 2378 5160 agitur.
2439 5085 2555 5143 Hoc
2604 5094 2788 5142 autem
2841 5093 2928 5142 est
2981 5085 3152 5142 Deum
3206 5099 3416 5151 amare,
3473 5085 3747 5157 patienter

2168 5181 2407 5236 tolerare
2459 5194 2583 5251 quae
2640 5178 2854 5235 Christi
2915 5193 3085 5234 causa
3132 5177 3450 5234 vexationes
3502 5177 3746 5234 obvene-

2171 5271 2304 5339 rint,
2359 5278 2415 5327 et
2481 5269 2828 5326 tolerantiam
2888 5283 3015 5325 cum
3082 5269 3382 5326 dilectione
3437 5270 3700 5340 copulare
3729 5289 3765 5333 ι,

2172 5363 2422 5436 quinimo
2477 5361 2829 5418 dilectionem
2891 5361 3186 5418 tolerantia
3241 5361 3558 5434 obsignare.
3607 5361 3762 5422 Nam.

2173 5457 2219 5512 si
2263 5455 2571 5527 diligimus,
2607 5469 2786 5526 neque
2826 5455 3187 5522 sustinemus,
3221 5451 3446 5510 dilectio
3485 5453 3542 5509 in
3580 5466 3769 5509 auras.

2172 5547 2305 5605 abit.

2249 5638 2414 5697 Vens.
2442 5639 2558 5695 6-8.
2605 5659 2624 5694 ι
2654 5639 3053 5698 Denuntiamus
3082 5649 3266 5698 autem
3297 5640 3453 5698 vobis
3473 5681 3488 5702 .
3522 5639 3760 5700 fratres,

2179 5735 2230 5789 in
2249 5733 2472 5791 nomine
2503 5733 2716 5790 Domini
2737 5735 2910 5792 nostri
2931 5732 3059 5792 Jcsu
3085 5734 3315 5804 Christi,
3331 5741 3390 5794 ut
3408 5728 3733 5796 subtrahatis
