4048 6418
381 341 486 406 927

1583 356 1641 414 S.
1679 354 1999 416 JOANNIS
2025 356 2459 418 DAMASCENI

3531 362 3639 426 928

383 462 581 517 vos'ab
607 463 757 518 omni
805 463 972 519 fratre
1019 466 1336 523 ambulante
1388 468 1721 536 inordinate,
1759 483 1953 528 etnon

2066 474 2257 538 παντὸς
2310 474 2543 544 ἀδελφοῦ
2612 473 2866 535 ἀτάκτως
2898 471 3356 543 περιπατοῦντος,
3415 475 3509 529 καὶ
3565 478 3643 545 μὴ

386 553 692 607 secundum
742 553 1092 611 traditionem
1129 572 1295 627 quam
1344 569 1676 631 acceperunt
1707 578 1736 616 a
1771 564 1954 619 nobis.

386 643 495 711 Ipsi
559 643 704 698 enim
761 645 917 701 scitis
967 649 1430 716 quemadmodum
1483 660 1694 720 oportet
1747 653 1956 709 imitari

232 726 239 733 ’
322 770 333 775 -
386 747 510 795 nos,
551 734 811 804 quoniam
847 751 956 790 non
995 737 1223 807 inquieti
1277 740 1480 796 fuimus
1520 742 1665 799 inter
1699 745 1956 808 vos,'ne-

386 839 493 889 que
527 824 699 893 gratis
740 839 939 894 panem
970 830 1291 898 accepimus
1318 832 1385 885 ab
1410 831 1617 902 aliquo,
1653 842 1746 889 sed
1780 834 1836 889 in
1872 835 1959 889 la-

387 915 520 969 bore
569 923 626 969 et
684 915 1010 987 fatigatione
1059 927 1219 975 nocte
1273 931 1327 977 et
1367 922 1454 978 die
1501 931 1826 995 aperantes,
1890 942 1959 983 ne

385 1020 548 1074 quem
582 1017 827 1060 vestrum
865 1022 1242 1078 gravaremus.
1288 1031 1308 1064 ι

459 1095 571 1150 Hoc
596 1097 760 1150 etiam
798 1099 1012 1164 suadet,
1050 1108 1110 1154 ut
1138 1102 1345 1158 otiosos
1368 1102 1633 1160 devitent.
1659 1105 1794 1162 Nam
1818 1108 1960 1180 ejus-

388 1182 530 1238 modi
565 1185 691 1251 viri,
719 1187 1033 1243 blaterones
1066 1198 1195 1245 sunt
1213 1198 1269 1246 et
1298 1189 1469 1247 anxii.
1494 1194 1573 1248 Ac
1601 1195 1647 1250 si
1672 1195 1809 1266 ipse,
1832 1213 1958 1253 cum

388 1273 714 1340 praedicaret
779 1274 1163 1347 Evangelium,
1219 1290 1391 1338 artem
1444 1298 1601 1340 suam
1647 1285 1956 1353 factitabat,

386 1369 597 1431 quanto
629 1365 807 1436 magis
837 1366 978 1423 alios
1021 1369 1248 1437 perinde
1298 1375 1557 1433 manibus
1597 1376 1714 1433 suis
1743 1380 1958 1449 operari

387 1454 677 1520 oportebat
703 1456 715 1509 ί
1070 1466 1075 1469 ·

459 1541 628 1598 Vens.
672 1546 823 1601 9-12.
884 1566 904 1599 ι
941 1546 1062 1603 Non
1109 1552 1264 1621 quasi
1313 1567 1421 1607 non
1465 1555 1826 1614 habuerimus
1859 1574 1961 1629 po-

390 1640 676 1704 testatem;
735 1638 830 1693 sed
886 1649 943 1694 ut
1005 1645 1376 1714 nosmetipsos
1420 1645 1653 1702 formam
1701 1651 1962 1709 daremus

2060 564 2202 618 κατά
2236 563 2334 636 τὴν
2362 565 2662 635 παράδοσιν
2684 564 2750 636 ἢν
2774 563 3079 634 παρέλαϐον
3109 563 3244 632 παρ’
3271 565 3304 633 ἡ
3314 563 3452 632 μῶν.
3478 566 3643 619 Αὐτοὶ
3736 562 3751 581 ¹

2060 657 2167 729 γὰρ
2192 657 2369 711 οἴδατε
2396 658 2513 721 πῶς
2541 658 2624 711 δεῖ
2659 656 2948 728 μιμεῖσθαι
2981 657 3166 726 ἡμᾶς,
3199 656 3281 709 ὅτι
3358 656 3460 710 οὐκ
3506 659 3644 726 ἠταο

2059 751 2340 820 κτήσαμεν
2356 750 2416 803 ὲν
2445 749 2598 818 ὑμῖν,
2627 747 2749 802 οὐδὲ
2769 748 2976 818 δωρεὰν
3006 747 3170 816 ἄρτον
3195 746 3463 817 ἐλάϐομεν
3490 750 3643 820 παρά

2057 840 2221 903 τινος,
2259 838 2377 891 ἀλλ’
2417 839 2475 891 ὲν
2520 837 2677 907 κόπῳ
2709 837 2803 891 καὶ
2837 836 3022 908 μόχθῳ
3067 836 3240 890 νύκτα
3279 837 3376 889 καὶ
3421 837 3639 908 ἡμέραν

2058 926 2440 998 ἐργαζόμενοι,
2467 926 2606 998 πρὸς
2635 925 2698 979 τὸ
2726 926 2803 997 μὴ
2830 924 3170 997 ἐπιϐαρῆσαί
3205 941 3328 979 τινα
3359 924 3535 996 ὑμῶν.
3574 943 3595 977 ι

2129 1107 2240 1161 Καὶ
2272 1105 2431 1160 τοῦτο
2459 1106 2644 1170 αὐτοῖς
2671 1108 2949 1177 παραινεῖ,
2988 1106 3050 1160 τὸ
3086 1105 3473 1178 παραιτεῖσθαι
3508 1105 3639 1168 τοῦς

2060 1198 2290 1269 ἀργούςε
2321 1193 2481 1253 Οὗτοι
2530 1199 2640 1271 γάρ
2682 1199 2821 1252 είσιν
2854 1198 2947 1251 καὶ
2980 1197 3233 1269 φλύαροι,
3283 1197 3378 1252 καὶ
3416 1197 3640 1269 περίερ-

2060 1305 2167 1357 γοι.
2207 1289 2318 1342 Kal.
2353 1289 2400 1343 εί
2429 1290 2592 1354 αὐτὸς
2615 1290 2675 1343 τὸ
2714 1288 3046 1358 Εῦαγγέλιον
3086 1287 3370 1359 κηρύττων
3405 1288 3640 1358 ἐργάζε-

2059 1397 2169 1449 ται,
2204 1381 2354 1454 πόσῳ
2392 1382 2593 1454 μᾶλλον
2622 1382 2751 1447 τοῦς
2779 1382 2974 1446 ἄλλους
3008 1379 3340 1451 ἐργάζεσθαι
3373 1379 3492 1446 δεῖς
3566 1374 3571 1379 ’

2130 1563 2241 1634 Οὐχ
2269 1564 2351 1616 ὅτι
2397 1562 2499 1616 οῦκ
2547 1561 2744 1632 ἔχομεν
2782 1560 3054 1626 ἐξουσίαν,
3106 1558 3223 1613 ἀλλ’
3265 1558 3354 1612 ἵνα
3408 1557 3641 1620 ἑαυτοὺς

2058 1655 2228 1709 τύπον
2252 1654 2430 1726 δῶμεν
2474 1654 2627 1725 ὑμῖν,
2660 1654 2740 1733 είς
2774 1653 2835 1705 τὸ
2864 1650 3148 1722 μιμεῖσθαι
3191 1651 3363 1721 ἡμᾶς.
3394 1649 3505 1703 Καὶ
3527 1648 3639 1720 γὰρ

390 1725 548 1781 vobis
577 1725 646 1780 ad
672 1728 1000 1786 imitandum
1017 1746 1140 1787 nos.
1165 1732 1301 1788 Nam
1323 1741 1521 1791 etcum
1547 1753 1797 1797 essemus
1815 1742 1959 1813 apud

2066 1748 2149 1801 ὅτε
2172 1743 2315 1819 ἦμεν
2356 1747 2491 1818 πρὸς
2516 1747 2682 1817 ὑμᾶς,
2712 1730 2868 1799 τοῦτο
2891 1742 3343 1815 παρηγγέλλομεν
3373 1742 3531 1813 ύμῖν,
3555 1742 3640 1795 ὄτι

385 1829 506 1882 vos,
563 1816 668 1873 hoc
716 1818 1183 1880 denuntiabamus
1228 1826 1407 1893 vobis,
1436 1830 1718 1900 quoniam,
1755 1833 1802 1888 si
1837 1835 1963 1905 quis

2066 1840 2118 1893 εῐ
2142 1816 2229 1903 τις
2250 1841 2310 1893 οὐ
2342 1816 2485 1891 θέλει
2506 1816 2840 1907 ἐργάζεσθαι
2865 1876 2879 1900 ,
2901 1834 3036 1906 μηδὲ
3069 1833 3322 1888 ἐσθιέτω.
3339 1830 3643 1901 ’Δκούομεν

386 1920 500 1959 non
532 1906 649 1961 vult
676 1914 916 1978 operari,
956 1926 1060 1967 nec
1090 1915 1408 1973 manducet.
1443 1919 1775 1978 Audivimus
1815 1925 1962 1981 enim

387 1995 533 2051 inter
558 2012 657 2054 vos
677 2001 948 2069 quosdam
974 2005 1260 2063 ambulare
1285 2008 1548 2079 inquiete,
1574 2013 1713 2067 nihil
1734 2029 1964 2086 operan-

390 2094 493 2153 tes,
522 2089 617 2145 sed
654 2097 709 2145 et
738 2093 961 2151 curiose
990 2106 1236 2166 agentes.
1261 2098 1334 2156 lis
1359 2109 1540 2158 autem
1570 2105 1663 2175 qui
1690 2105 1964 2174 ejusmodi

388 2188 540 2245 sunt,
581 2181 981 2243 denuntiamus
1031 2196 1087 2243 ct
1134 2190 1497 2250 obsecramus
1537 2211 1638 2265 per
1666 2197 1962 2254 Dominum

389 2280 643 2328 nostrum
685 2273 872 2332 Jesum
924 2278 1229 2344 Christum.
1288 2295 1349 2340 ut
1396 2302 1522 2342 cum
1564 2289 1785 2345 silentio
1832 2306 1936 2361 ope

388 2370 596 2429 rantes,
630 2379 789 2422 suum
821 2383 1017 2439 panem
1052 2375 1409 2434 manducent.
1448 2399 1467 2432 ι

462 2456 599 2512 Nam
636 2458 898 2518 Dominus
949 2468 1240 2524 constituit
1288 2471 1397 2525 illis
1444 2473 1538 2541 qui
1598 2473 1967 2542 praedicarent

391 2543 773 2616 Evangelium,
806 2561 867 2605 ut
893 2551 962 2608 de
995 2553 1292 2626 Evangelio
1324 2560 1590 2617 viverent.

461 2634 632 2694 Vens.
665 2639 751 2694 15.
790 2658 809 2691 ι
856 2639 969 2697 Vos
1005 2655 1208 2717 autem,
1240 2648 1459 2715 fratres,
1508 2652 1681 2707 nolite
1731 2652 1964 2708 deiicere

388 2724 824 2786 benefacientes.
867 2749 886 2783 ι

460 2818 627 2890 226
664 2819 762 2877 Vel
803 2822 971 2880 tacite
1029 2825 1097 2882 de
1154 2830 1433 2901 eroganda
1490 2831 1634 2902 stipe
1700 2833 1962 2903 loquitur,

388 2908 479 2963 vel
527 2909 636 2965 hoc
687 2910 824 2968 ait:
880 2912 1107 2973 Minime
1164 2917 1438 2977 fatiscatis
1502 2921 1559 2975 in
1621 2922 1967 2981 admonendo

389 2996 517 3063 illos
546 2999 640 3070 qui
680 3001 877 3056 nolunt
899 3007 1138 3074 operari.
1165 3010 1281 3064 Hoc
1310 3010 1457 3065 enim
1493 3017 1579 3067 est
1609 3012 1749 3068 bene
1781 3030 1962 3085 agere,

390 3089 617 3157 quando
660 3096 1198 3157 consuetudomala
1246 3100 1734 3160 exhortationibus
1776 3106 1961 3161 elimi-

391 3187 578 3235 natur.

463 3271 631 3330 Vens.
668 3276 850 3334 14-16.
899 3296 918 3331 ι
952 3278 1108 3346 Quod
1148 3283 1196 3337 si
1227 3282 1355 3353 quis
1392 3299 1505 3340 non
1559 3285 1748 3342 obedit
1798 3286 1967 3343 verbo

389 3372 587 3422 nostro
616 3382 714 3437 per
742 3370 1033 3439 epistolam
1054 3413 1070 3438 ,
1116 3374 1266 3430 hunc
1312 3384 1524 3445 notate,
1553 3386 1609 3434 et
1639 3394 1708 3435 ne
1734 3378 1961 3434 commi-

390 3459 652 3514 sceamini
683 3475 807 3516 cum
840 3463 958 3531 illo,
1000 3473 1060 3520 ut
1089 3466 1498 3537 confundatur;
1530 3478 1586 3528 et
1612 3471 1785 3528 nolite
1807 3472 1965 3541 quasi

389 3546 673 3605 inimicum
697 3554 1040 3621 existimare,
1071 3557 1168 3614 sed
1190 3560 1455 3631 corripite
1481 3569 1542 3615 ut
1570 3560 1815 3619 fratrem.
1843 3562 1967 3634 Ipse

388 3647 568 3695 autem
609 3640 878 3700 Dominus
907 3647 1081 3716 pacis.
1122 3667 1142 3700 ι

459 3732 887 3791 Animadversio
917 3737 1364 3798 haec-mediocris
1391 3756 1516 3799 esse
1539 3744 1966 3802 contumacibus

386 3820 642 3879 videtur:
676 3834 1059 3883 verumtamen
1093 3844 1125 3886 e
1171 3831 1518 3902 gravissimis
1566 3841 1671 3891 est.
1720 3832 1855 3890 Nam
1907 3824 1979 3891 ut

389 3914 515 3983 quis
577 3915 860 3975 solitarius
915 3927 1074 3989 agat,
1134 3922 1358 3978 tametsi
1417 3924 1475 3978 in
1528 3923 1665 3980 urbe
1723 3934 1965 3994 maneat,

389 4004 524 4075 quid
555 4006 657 4062 hac
689 4023 853 4079 poena
901 4011 1125 4083 gravius
1165 4012 1372 4070 fuerit?
1412 4013 1567 4072 Hanc
1614 4025 1796 4072 autem
1853 4032 1965 4074 non

389 4096 539 4163 odio,
570 4098 666 4154 sed
697 4114 885 4157 amore
913 4102 1064 4159 illius
1085 4105 1189 4175 qui
1217 4108 1520 4173 castigatur
1541 4147 1557 4173 ,
1588 4107 1787 4180 infligit
1816 4126 1830 4164 :
1864 4124 1969 4164 un-

389 4188 458 4244 de
484 4189 792 4260 subiunxit,
820 4201 871 4247 et
902 4194 1069 4250 nolite
1090 4197 1246 4266 quasi
1264 4198 1538 4251 inimicum
1559 4198 1889 4254 existimare.

469 4298 490 4333 ι
538 4280 637 4336 Det
663 4282 818 4339 vobis
849 4298 1042 4354 pacem
1088 4290 1481 4359 sempiternam
1513 4288 1571 4343 in
1601 4290 1749 4345 omni
1776 4289 1962 4346 modo.

388 4370 658 4430 Dominus
704 4376 931 4433 sitcum
964 4380 1223 4437 omnibus
1262 4381 1439 4437 vobis.
1474 4379 1668 4453 [VEBS.
1709 4380 1821 4455 17.]
1862 4380 1965 4437 Sa-

388 4464 589 4522 lutatio
618 4482 739 4523 mea
769 4484 939 4525 manu
974 4469 1157 4527 Pauli.
1199 4489 1218 4524 ι

457 4555 597 4611 Cum
632 4571 728 4614 eos
765 4561 1201 4618 commonuisset
1237 4571 1298 4617 ut
1326 4572 1755 4635 segregarentur
1796 4564 1864 4619 ab
1899 4564 1968 4619 iis

388 4649 481 4718 qui
512 4649 829 4707 inordinate
857 4662 1100 4725 agerent,
1128 4655 1374 4712 ostendit
1418 4655 1473 4711 id
1516 4671 1575 4713 se
1604 4671 1715 4712 non
1748 4665 1966 4728 sponte,

389 4743 484 4797 sed
537 4744 874 4800 necessitate
932 4746 1280 4817 compulsum
1341 4745 1561 4804 fecisse.
1595 4747 1795 4805 Statim
1833 4763 1968 4820 ergo

388 4840 546 4903 rogat
576 4842 636 4889 ut
668 4849 834 4906 poena
868 4837 1089 4894 tandem
1122 4837 1362 4905 desinat,
1407 4838 1517 4894 hoc
1551 4846 1658 4904 est,
1698 4854 1808 4895 non
1839 4855 1969 4910 per-

389 4929 573 4990 petua,
627 4938 732 4979 nec
777 4927 1097 4983 omnimoda
1148 4929 1428 4998 separatio
1474 4929 1582 4997 sit;
1632 4944 1822 5000 pacem
1884 4930 1970 4984 ni-

390 5014 591 5068 mirum
628 5014 711 5070 eis
753 5018 1126 5086 apprecando.
1175 5010 1401 5076 Desinet
1441 5028 1625 5076 autem
1649 5058 1664 5085 ,
1695 5019 1789 5076 ubi
1824 5020 1969 5075 otio-

392 5106 442 5158 si
490 5104 570 5160 illi
620 5112 677 5161 et
723 5105 947 5164 inertes
976 5109 1341 5166 mutabuntur
1387 5110 1443 5166 in
1491 5121 1752 5168 actuosos
1802 5118 1856 5168 et
1888 5112 1970 5167 di-

392 5197 647 5269 ligentes.

470 5308 491 5343 ι
528 5289 685 5356 Quod
719 5297 807 5347 est
834 5292 1054 5365 signum
1096 5294 1149 5350 in
1180 5297 1329 5351 omni
1351 5295 1582 5369 epistola
1617 5315 1631 5351 :
1666 5297 1740 5353 ita
1762 5296 1967 5355 scribo.

395 5382 586 5456 [Vens
620 5384 733 5457 18.]
763 5384 950 5443 Gratia
987 5385 1203 5443 Domini
1232 5389 1410 5446 nostri
1439 5386 1568 5446 Jesu
1598 5386 1805 5447 Christi
1845 5403 1968 5446 cum

395 5475 653 5532 omnibus
691 5475 873 5533 vobis.
906 5480 1105 5533 Amen.
1153 5498 1172 5532 ι

468 5566 924 5637 Quandoquidem
957 5568 1216 5639 Epistolze
1246 5571 1403 5626 initio
1445 5571 1504 5627 in
1550 5571 1700 5627 hunc
1746 5558 1983 5627 modum’

396 5655 659 5729 praefatus
698 5666 817 5714 erat
850 5677 863 5714 :
905 5660 1092 5716 Fidem
1147 5662 1258 5718 illis
1302 5678 1411 5718 non
1446 5663 1704 5719 adhibete
1742 5663 1836 5733 Qui
1881 5679 1970 5720 se-

396 5749 640 5805 cundum
676 5748 886 5809 Domini
930 5754 1229 5811 adventum
1277 5757 1437 5813 modo
1483 5757 1692 5814 instare
1746 5772 1966 5815 annun-

1162 6006 1235 6023 ,κ

2064 1917 2371 1998 γάρκτινας
2405 1925 2846 1998 περιπατοῦντας
2892 1928 2948 1979 ὲν
2980 1925 3107 1996 ὑμῖν
3149 1924 3436 1991 ἀτάκτως,
3471 1923 3640 1994 μηδὲν

2064 2017 2503 2091 ὲργαζομένους*,
2538 2017 2678 2072 ἀλλά
2705 2017 2801 2071 καὶ
2830 2016 3386 2088 περιεργαζομένους.
3419 2016 3543 2079 Τοῖς
3579 2015 3639 2068 δὲ

2064 2104 2326 2169 τοιούτοις
2354 2105 2829 2176 παραγγέλλομεν,
2853 2105 2949 2159 καὶ
2979 2103 3407 2175 παρακαλοῦμεν
3435 2103 3523 2157 διὰ
3543 2102 3637 2156 τοῦ

2063 2197 2272 2267 Κυρίου
2294 2195 2452 2269 ἡμῶν
2497 2194 2674 2267 Ἰησοῦ
2700 2194 2959 2266 Χριστοῦ,
2992 2196 3081 2248 ἵνα
3116 2194 3254 2264 μετὰ
3283 2194 3515 2266 ἡσυχίας
3540 2194 3636 2266 ὲρ-

2065 2286 2356 2360 γαζόμενοι
2386 2286 2476 2344 τὸν
2503 2286 2713 2344 ἑαυτῶν
2741 2287 2905 2359 ἄρτον
2945 2285 3183 2341 ὲσθίωσι.
3226 2305 3246 2340 ι
3292 2317 3299 2324 -

2142 2479 2161 2510 ι
2230 2458 2290 2512 '0
2335 2456 2444 2529 γὰρ
2506 2455 2715 2529 Κύριος
2753 2436 3000 2522 διέταξεν
3035 2458 3150 2521 τοῖς
3194 2456 3253 2512 τὺ
3298 2457 3637 2528 Εῦαγγέλιον

2067 2548 2447 2622 κηρύττουσιν,
2482 2549 2546 2602 ἐκ
2571 2547 2663 2602 τοῦ
2694 2547 3025 2618 Εὐαγγελίου
3063 2548 3179 2620 ζῇν.

2140 2660 2158 2694 ι
2203 2639 2391 2712 Ὑμεῖς
2415 2638 2492 2707 δὲ,
2516 2639 2753 2710 ἀδελφοὶ,
2789 2642 2865 2712 μὴ
2896 2640 3247 2712 ἐκκακήσητε
3274 2638 3634 2695 καλοποιοῦν-

2066 2751 2177 2797 τες.
2216 2751 2235 2783 ι

2138 2822 2210 2875 Ἦ
2233 2822 2361 2892 περὶ
2382 2820 2506 2892 ὲλεη
2515 2820 2756 2892 μοσύνης
2772 2821 2955 2886 αὐτοῖς
2983 2820 3284 2892 λεληθότως
3309 2820 3636 2889 διαλέγεται,

2066 2916 2100 2987 ἦ
2138 2913 2296 2968 τοῦτο
2345 2911 2536 2982 λέγει,
2566 2910 2964 2975 Νουθετοῦντες
3006 2913 3135 2975 τοὺς
3170 2910 3245 2982 μὴ
3282 2910 3638 2981 βουλομένους

2067 3002 2397 3076 ἐργάζεσθαι
2452 3001 2528 3072 μὴ
2569 3001 2938 3072 ἀποκάμνετε.
2985 3002 3158 3056 Τοῦτο
3218 3003 3329 3074 γάρ
3381 3004 3499 3056 ἐστι
3535 3019 3638 3055 κα-

2068 3098 2329 3161 λοποιεῖν,
2360 3094 2489 3149 ὅταν
2526 3093 2762 3166 πονηρὸν
2788 3093 2912 3159 ἔθος
2936 3094 3243 3150 ἐκϐάλωσιν
3283 3098 3407 3159 ταῖς
3438 3097 3639 3166 παραι-

2069 3191 2296 3245 νέσεσιν.

2144 3302 2163 3335 ι
2202 3281 2340 3336 Είδέ
2369 3299 2453 3346 τις
2479 3282 2578 3353 οὐχ
2625 3280 2893 3334 ὑπακούει
2923 3277 3002 3349 τῷ
3047 3278 3194 3351 λόγῳ
3234 3277 3391 3351 ἡμῶν
3414 3277 3500 3332 διὰ
3538 3278 3643 3348 τῆς

2065 3373 2395 3445 ἐπιστολῆς,
2439 3373 2630 3428 τοῦτον
2683 3370 3011 3442 σημειοῦσθε
3034 3410 3048 3434 ,
3101 3371 3196 3424 καὶ
3238 3370 3313 3442 μὴ
3348 3370 3645 3440 συναναμίο

2064 3464 2263 3534 γνυσθε
2302 3463 2472 3535 αὐτῷ,
2504 3463 2593 3516 ῖνα
2614 3465 2856 3541 ἐντραπῇ
2886 3478 2899 3493 ο
2931 3462 3026 3515 καὶ
3062 3461 3136 3533 μὴ
3168 3460 3243 3525 ὡς
3270 3460 3461 3533 ἐχθρὸν
3489 3463 3642 3532 ἡγεῖ-

2069 3553 2186 3615 σθε,
2217 3552 2356 3609 ἀλλά
2387 3551 2690 3607 νουθετεῖτε
2719 3552 2795 3616 ὡς
2817 3551 3068 3623 ἀδελφόν.
3103 3551 3274 3616 Αὐτὸς
3301 3551 3358 3605 δὲ
3385 3552 3413 3604 ὁ
3437 3551 3641 3622 Κύριος

2065 3642 2167 3714 τῆς
2204 3644 2449 3715 εἰρήνης.
2497 3661 2516 3694 ι

2136 3735 2297 3786 Δοκεῖ
2318 3732 2513 3804 μετρία
2538 3725 2729 3803 εῖναιή
2755 3732 2996 3804 τιμωρία
3019 3732 3127 3796 τοῖς
3151 3730 3225 3803 μὴ
3243 3729 3609 3785 ὑπακούουσιν
3624 3746 3637 3760 ·

2072 3824 2189 3878 ἐστι
2216 3822 2274 3877 δὲ
2301 3822 2410 3876 τῶν
2439 3822 2648 3893 σφόδρα
2682 3823 2918 3894 βαρέων.
2946 3822 3053 3876 Τοῦ
3088 3822 3196 3895 γὰρ
3214 3824 3270 3875 ὲν
3298 3822 3505 3894 ἐρημίᾳ
3530 3823 3644 3876 διά-

2067 3932 2204 3985 γειν,
2239 3912 2343 3968 κᾶν
2395 3913 2535 3986 μέσῃ
2573 3916 2641 3986 τῇ
2693 3914 2845 3968 πόλει
2887 3914 3133 3986 τυγχάνῃ
3156 3952 3172 3978 ,
3216 3913 3270 3967 τί
3305 3912 3639 3984 βαρύτερον;

2066 4010 2179 4064 Καὶ
2203 4010 2407 4081 ταύτην
2437 4010 2515 4077 δὲ,
2571 4010 2632 4064 οὐ
2667 4010 2846 4083 μίσει,
2887 4009 3025 4064 ἀλλὰ
3059 4011 3245 4082 ἀγάπῃ
3277 4012 3343 4081 τῇ
3385 4010 3522 4081 πρὸς
3554 4010 3642 4063 τὸν

2065 4099 2500 4174 τιμωρούμενον,
2530 4103 2697 4156 ποιεῖ.
2733 4101 2823 4155 Διὸ
2865 4103 2958 4155 καὶ
3002 4102 3274 4172 ἐπήγαγε,
3312 4100 3413 4155 καί
3447 4100 3534 4170 μὴ
3564 4101 3644 4167 ὡς

2067 4193 2290 4267 ἐχθρὸν
2312 4192 2577 4265 ἡγεῖσθε.

2145 4305 2165 4337 ι
2207 4284 2327 4356 Δῴη
2385 4287 2514 4357 ὑμῖν
2558 4286 2660 4357 τὴν
2694 4285 2921 4357 εἰρήνην
2960 4285 3049 4339 διὰ
3100 4284 3306 4349 παντὸς
3364 4284 3424 4339 ἐν
3482 4285 3643 4338 παντὶ

2068 4376 2274 4449 τρόπῳ.
2322 4377 2381 4432 '0
2410 4376 2617 4449 Κύριος
2643 4378 2782 4449 μετά
2823 4378 3042 4432 πάντων
3065 4376 3238 4448 ὑμῶν.
3265 4377 3325 4431 '0
3356 4375 3642 4448 ἀσπασμὸς

2069 4471 2136 4540 τῇ
2167 4470 2272 4540 ἐμῇ
2302 4469 2447 4540 χειρὶ
2473 4468 2711 4522 Παύλου.
2765 4487 2783 4520 ι

2152 4559 2374 4630 Ἐπειδὴ
2403 4559 2736 4630 χωρίζεσθαι
2769 4560 2878 4615 τῶν
2935 4561 3186 4616 ἀτάκτων
3212 4559 3513 4632 παρῄνεσε,
3539 4557 3645 4612 δεί-

2071 4667 2282 4718 κνυσιν,
2332 4650 2410 4714 ὡς
2450 4652 2551 4722 οὐχ
2605 4651 2750 4706 ἑκὼν
2789 4650 2951 4707 τοῦτο
3001 4651 3323 4723 πεποίηκεν,
3379 4650 3517 4705 ἀλλά
3577 4653 3642 4722 τῇ

2071 4744 2288 4814 ἀνάγκη
2321 4741 2579 4807 ἐνδιδούς.
2612 4742 2821 4798 Αὐτίκα
2866 4739 2961 4798 οῦν
3018 4742 3238 4814 εὔχεται
3279 4742 3520 4814 ἀργῆσαι
3548 4742 3646 4812 τὴν

2072 4832 2195 4886 κατ’
2225 4831 2405 4887 αὐτῶν
2433 4833 2707 4905 τιμωρίαν
2729 4874 2744 4900 ,
2780 4834 3029 4888 τουτέστι
3063 4833 3163 4905 τὴν
3204 4834 3510 4899 διάστασιν,
3553 4833 3647 4887 καὶ

2071 4922 2164 4977 τὸν
2185 4922 2465 4995 χωρισμὸν
2489 4923 2580 4977 διά
2617 4925 2844 4989 παντὸς,
2874 4926 2968 4978 καὶ
2997 4926 3093 4977 ἐπὶ
3113 4925 3280 4977 παντὶ
3318 4926 3526 4997 τρόπῳ,
3551 4926 3647 4995 τὴν

2071 5016 2296 5087 εἰρήνην
2319 5016 2506 5080 αὐτοῖς
2536 5015 2939 5087 ἐπευχόμενος.-
2968 5017 3224 5089 ’Δργήσει
3263 5016 3340 5083 δὲ,
3375 5016 3648 5087 μεταϐαλ-

2070 5106 2316 5177 λομένων
2346 5105 2590 5178 δηλονότι
2628 5105 2738 5161 τῶν
2771 5105 2959 5179 ἀργῶν
2982 5107 3062 5172 είς
3096 5107 3298 5179 ἄνδρας
3329 5107 3647 5177 σπουδαίους

2075 5199 2168 5253 καὶ
2196 5200 2281 5253 ὲνε
2290 5197 2475 5271 ργούς.

2151 5308 2170 5341 ι
2210 5289 2309 5353 ’ος
2332 5290 2449 5342 ὲστι
2483 5290 2709 5360 σημεῖον
2730 5289 2789 5343 ὲν
2817 5288 2966 5361 πάσῃ
2988 5288 3246 5361 ἐπιστολῇ
3267 5306 3281 5319 ·
3309 5288 3483 5360 οὕτως
3514 5289 3642 5361 γρά-

2074 5399 2179 5452 φω.
2215 5381 2283 5434 Ἦ
2308 5380 2468 5453 χάρις
2491 5379 2586 5434 τοῦ
2605 5379 2813 5452 Κυρίου
2836 5382 2867 5453 ἡ
2878 5379 2995 5451 μῶν
3036 5379 3211 5451 Ἰησοῦ
3242 5379 3479 5451 Χριστοῦ
3513 5380 3648 5451 μετὰ

2073 5474 2296 5528 πάντων
2329 5474 2505 5544 ὑμῶν.
2554 5474 2751 5545 Ἀμήν.
2789 5492 2810 5527 ι

2161 5565 2376 5638 Ἐπειδὴ
2413 5565 2715 5637 ἀρχόμενος
2740 5564 2840 5635 τῆς
2880 5564 3170 5635 ἐπιστολῆς
3221 5559 3403 5628 εἷπεν,
3435 5563 3528 5633 Μὴ
3558 5580 3647 5616 πι-

2078 5657 2296 5713 στεύετε
2318 5659 2432 5722 τοῖς
2457 5657 2889 5726 καταγγέλλουσι
2906 5656 3011 5737 ,νῦν
3035 5656 3131 5727 τὴν
3153 5655 3413 5726 δευτέραν
3439 5670 3647 5725 παρουο

2080 5750 2200 5805 σίαν
2221 5748 2315 5804 τοῦ
2342 5748 2574 5819 Κυρίου,
2596 5747 2700 5803 κᾶν
2729 5750 2776 5801 εἰ
2802 5747 3013 5816 λέγοιεν
3034 5746 3109 5812 ὡς
3140 5748 3299 5817 ἡμεῖς
3324 5746 3393 5800 δι’
3426 5747 3645 5800 ἐπιστο-
