4048 6436
537 369 636 435 om
1734 369 1814 428 1N
1851 349 2086 429 EPIST.
2126 369 2226 428 AD
2263 367 2652 428 naeuos.
3694 376 3800 439 930

533 481 633 550 λῆς
659 476 821 533 τοῦτο
854 477 1124 549 δηλοῦμεν
1148 495 1161 508 ·
1203 480 1393 531 τούτου
1442 479 1601 549 χάριν
1640 479 1883 533 διδάσκει
1913 478 2112 541 αὐτοὺς

2224 475 2378 542 tiant,
2416 479 2776 548 quantumvis
2812 480 2913 535 hoc
2948 494 2975 535 a
3005 482 3166 538 nobis
3196 483 3254 537 in
3278 481 3522 554 Epistola
3550 485 3798 540 declara-

537 569 635 623 καὶ
661 568 723 622 τὸ
755 572 979 640 σημεῖον
1005 569 1105 638 τῆς
1132 569 1301 623 αὐτοῦ
1330 570 1641 641 ἐπιστολῆς,
1667 570 2002 640 φοϐούμενος
2038 571 2114 641 μὴ

2224 573 2336 619 tum
2376 581 2500 622 esse
2535 576 2845 638 assererem
2874 586 2888 622 :
2918 569 3060 624 hanc
3100 572 3170 626 ob
3207 587 3433 627 causam
3481 573 3607 628 illos
3639 571 3799 627 docet

537 660 850 715 πλάσωνταί
882 677 957 727 τι,
991 660 1066 725 ὡς
1091 661 1155 713 ἐκ
1180 660 1271 714 τοῦ
1314 660 1635 715 Ἀποστόλου
1667 660 1935 732 πεμφθὲν.

537 924 695 993 Πρὸς
738 924 1214 991 Θεσσαλονικεῒς
1264 925 1326 991 ,θ’
1383 926 1610 997 ἐγράφη
1659 927 1779 983 ἀπὸ
1838 926 2112 998 Ἀθηνῶν.

1140 1015 1373 1087 στίχων
1388 1017 1512 1085 pg’.

2217 672 2342 727 quae
2374 658 2448 712 sit
2480 645 2630 713 certa
2667 657 2977 713 litterarum
3005 677 3233 717 suarum
3278 674 3431 731 nota,
3476 664 3687 718 veritus
3724 679 3795 717 ne

2218 747 2348 818 quid
2375 748 2500 804 falsi
2541 749 2935 820 subjiceretur,
2978 759 3247 822 tanquam
3285 755 3518 813 missum
3553 762 3701 813 esset
3730 757 3800 811 ab

2217 839 2512 908 Apostolo.

2217 930 2468 988 Secunda
2507 929 2578 985 ad
2626 931 3124 990 Thessalonicenses
3173 937 3375 1006 scripta
3421 947 3500 994 est
3546 937 3794 997 Athenis.

2842 1021 3036 1080 Versus
3070 1025 3192 1083 106.

546 1231 3774 1285 nam:

1183 1399 1356 1486 ΕΙΣ
1438 1397 2091 1485 ΕΠΙΣΤΟΛΗΝ
2178 1399 2470 1486 ΠΡΟΣ
2551 1400 3106 1492 ΕΒΡΑΙΟΥΣ.

1156 1736 1282 1824 IN
1371 1697 2107 1832 'EPISTOLAM

2120 1955 2188 1971 Ι..)-

958 2078 1358 2133 ΚΕΦΔΛΔΙΟΝ
1392 2077 1690 2133 ΠΡΩΤΟΝ.

613 2188 637 2225 ί
674 2169 1003 2241 Πολυμερῶς
1029 2171 1124 2225 καὶ
1164 2170 1520 2242 πολυτρόπως
1545 2171 1714 2225 πάλαι
1737 2171 1766 2224 ὁ
1792 2169 1924 2233 Θεὸς
1953 2167 2121 2241 λαλή-

543 2279 642 2326 σας
665 2265 776 2326 τοῖς
799 2262 1071 2331 πατράσιν
1093 2263 1152 2314 ὲν
1177 2264 1290 2325 τοῖς
1314 2263 1640 2333 προφήταις,
1655 2261 1741 2315 ἐπ’
1761 2261 1991 2332 ἐσχάτου
2012 2260 2120 2313 τῶν

541 2355 767 2426 ἡμερῶν
800 2353 1007 2415 τούτων
1029 2353 1293 2425 ἐλάλησεν
1335 2356 1393 2408 ὲν
1426 2353 1563 2425 Υίῷ.
1600 2373 1619 2407 ι

616 2448 760 2517 ’Θρα
788 2445 906 2508 πῶς
934 2445 1088 2499 οὐδὲν
1123 2446 1182 2499 ὲν
1211 2445 1538 2516 προοιμίοις,
1571 2445 1763 2517 ὥσπερ
1785 2445 2000 2510 εἴωθεν,
2037 2447 2118 2499 εἰ·

541 2537 683 2602 πὼν,
722 2536 782 2602 ἐξ
824 2537 998 2607 ἀρχῆς
1034 2536 1198 2598 εὐθὺς
1231 2536 1323 2589 ἐπὶ
1366 2536 1436 2589 τὰ
1464 2535 1601 2605 βάθη
1650 2536 1761 2590 τῶν
1802 2537 2120 2608 μυστηρίων

540 2628 708 2699 ὁρμᾷ,
758 2627 974 2691 δεικνὺς
1010 2626 1111 2697 τῆς
1155 2625 1519 2696 εὐαγγελικῆς
1560 2625 1832 2692 πολιτείας
1859 2629 1999 2698 πρὸς
2022 2629 2121 2700 τὴν

541 2721 774 2791 νομικὴν
819 2720 954 2773 πολὺ
1009 2719 1070 2773 τὸ
1106 2719 1272 2790 μέσον
1314 2720 1583 2791 τυγχάνον
1608 2760 1623 2776 .
1654 2723 1750 2775 καὶ
1799 2721 1916 2785 πῶς
1965 2720 2122 2774 τοῦτο

542 2815 720 2878 ποιεῖ;
751 2813 928 2866 Πάλαι
952 2851 967 2878 ,
1004 2813 1189 2883 φησὶν,
1225 2814 1254 2865 ὁ
1285 2812 1414 2875 Θεὸς
1444 2813 1534 2866 διὰ
1577 2813 1872 2884 προφητῶν
1916 2813 2119 2877 ἐλάλει,

543 2905 639 2958 καὶ
660 2904 835 2958 ταῦτα
858 2906 1339 2977 συνεσκιασμένως
1360 2924 1374 2938 ·
1401 2906 1559 2961 τοῦτο
1583 2906 1693 2976 γὰρ
1721 2905 1982 2976 σημαίνει
2022 2905 2083 2958 τὸ
2103 2944 2118 2967 ,

543 2995 899 3065 πολυμερῶς
922 2996 1024 3049 καί
1049 2998 1442 3066 πολυτρόπως
1458 3015 1472 3029 ο
1499 2999 1617 3051 νυνὶ
1639 2997 1697 3051 δὲ
1727 2997 1794 3051 δι’
1818 2997 1985 3051 αὐτοῦ
2025 2995 2119 3051 τοῦ

544 3090 712 3142 Υἰοῦ·
763 3087 904 3142 ὥστε
964 3089 1218 3142 τοσοῦτον
1247 3089 1520 3143 δείκνυται
1554 3090 1616 3142 τὸ
1655 3088 1842 3159 μέσον,
1880 3090 2004 3144 ὅσον
2034 3089 2123 3143 δε-

540 3180 749 3230 σπότου
782 3177 877 3230 καὶ
911 3176 1133 3231 δούλων.
1182 3178 1424 3242 Εἰκότως
1461 3179 1519 3232 δὲ
1547 3178 1702 3232 τοῦτο
1725 3180 2025 3250 πεποίηκεν
2062 3176 2124 3244 ἐξ

537 3268 740 3337 ἀρχῆς,
759 3267 856 3321 ἅτε
890 3267 965 3336 μὴ
989 3266 1304 3339 χρηιζόντων
1337 3269 1445 3321 τῶν
1479 3269 1774 3333 Ἰουδαίων,
1802 3268 1993 3341 ὥσπερ
2012 3268 2121 3323 τῶν

546 3357 720 3412 ἄλλων
747 3357 941 3422 ἐθνῶν,
963 3358 1274 3428 εἰσαγωγῆς
1296 3362 1696 3430 πνευματικῆς,
1719 3361 1840 3431 ἥτις
1866 3361 1925 3414 ἐν
1941 3377 2122 3432 προοι-

2263 1743 2412 1829 AD
2534 1741 3159 1836 HEBRIEOS-

2733 2071 2961 2128 CAPUT
2999 2070 3290 2128 PRIMUM.

2297 2146 2464 2225 Viris.
2497 2167 2552 2231 1,
2578 2164 2635 2220 2.
2672 2182 2692 2216 ι
2729 2162 3088 2218 Multifariam
3123 2165 3427 2235 multisque
3455 2164 3636 2222 modis
3669 2165 3799 2222 olim

2222 2256 2370 2314 Deus
2426 2254 2664 2328 loquens
2723 2254 2979 2325 patribus
3028 2255 3083 2308 in
3136 2255 3439 2325 prophetis,
3498 2257 3804 2313 novissime

2222 2346 2418 2403 diebus
2457 2344 2585 2402 istis
2615 2344 2836 2399 locutus
2867 2351 2954 2399 est
2982 2343 3225 2398 nobisin
3252 2343 3415 2399 Filio.
3457 2363 3478 2397 ι

2294 2437 2433 2494 Vide
2467 2454 2587 2510 quo
2606 2448 2793 2510 pacto,
2846 2435 3236 2507 praetermissis
3265 2451 3388 2507 quae
3421 2437 3481 2491 in
3513 2437 3803 2509 principiis

2221 2531 2604 2601 epistolarum.
2624 2545 2853 2585 suarum
2902 2527 3126 2599 praefari
3172 2536 3560 2595 consueverat,
3615 2531 3799 2586 statim

2224 2624 2290 2679 ad
2319 2624 2430 2677 alta
2454 2622 2842 2693 mysteriorum
2869 2619 3176 2686 contendit,
3208 2630 3268 2673 ut
3295 2618 3548 2675 ostendat
3580 2620 3804 2676 institu-

2224 2715 2429 2770 tionem
2483 2713 2855 2783 evangelicam
2917 2712 3083 2783 longo
3156 2712 3446 2767 intervallo
3496 2712 3706 2768 distare
3769 2730 3801 2767 a

2226 2810 2417 2881 legali.
2448 2807 2566 2874 Qua
2597 2822 2728 2862 vero
2759 2806 2975 2860 ratione
3005 2805 3059 2860 id
3097 2806 3365 2875 praestat?
3391 2804 3562 2870 Olim,
3600 2806 3801 2874 inquit,

2224 2902 2368 2957 Deus
2398 2898 2725 2969 loquebatur
2772 2913 2869 2967 per
2908 2898 3224 2968 prophetas,
3264 2897 3428 2967 idque
3458 2898 3706 2971 obscure
3747 2908 3804 2953 et

2227 2992 2535 3047 umbratica
2570 2990 2699 3062 (hoc
2740 2990 2888 3045 enim
2940 2989 3254 3059 signiﬁcant
3284 2989 3393 3044 illae
3430 3005 3594 3045 voces
3625 2990 3803 3043 multi-

2225 3085 2428 3155 fariam
2479 3083 2764 3154 multisque
2799 3080 3023 3153 modis);
3057 3097 3208 3136 nunc
3234 3092 3415 3138 autem
3470 3083 3687 3138 locutus
3718 3092 3803 3139 est

2225 3193 2323 3249 per
2356 3176 2657 3246 ipsummet
2684 3173 2922 3228 Filium:
2956 3173 3051 3227 ubi
3092 3174 3434 3229 tantumdem
3464 3174 3803 3233 discriminis

2224 3265 2496 3333 occurrit,
2524 3273 2791 3334 quantum
2819 3264 2964 3317 inter
2988 3264 3181 3317 herum
3213 3273 3267 3319 et
3294 3279 3504 3321 servos.
3538 3264 3804 3324 Consulto

2226 3365 2411 3413 autem
2455 3356 2558 3411 hoc
2588 3353 2717 3409 fecit
2748 3352 3008 3423 Epistolas
3038 3351 3219 3416 initio,
3255 3353 3458 3437 quippe
3484 3368 3610 3408 cum
3642 3355 3808 3425 spiri-

543 3450 692 3519 μίοις
731 3449 1052 3520 ᾠκονόμητο
1091 3427 1273 3520 πάσης
1309 3427 1752 3521 ἐπιστολῆςξδιὸ-
1775 3452 1850 3516 ὡς
1894 3427 2120 3523 ἐπιστή-

2227 3449 2364 3505 tuali
2403 3447 2639 3518 quadam
2676 3443 3103 3506 introductione,
3146 3442 3294 3513 quali
3332 3427 3387 3496 in
3416 3443 3649 3498 aliarum
3686 3460 3804 3501 om-

547 3556 672 3609 μοσι
713 3539 810 3593 τοῦ
843 3541 1007 3611 νόμου
1039 3538 1099 3607 ἐξ
1124 3541 1290 3595 αὐτοῦ
1319 3541 1414 3595 τοῦ
1439 3542 1635 3613 βάθους
1660 3544 1769 3599 τῶν
1810 3543 2124 3616 μυστηρίων

544 3646 795 3684 απτεται.

2228 3530 2380 3598 nium
2394 3537 2634 3595 exordiis
2650 3533 2907 3590 utendum
2927 3532 3240 3596 censuerat,
3258 3529 3287 3585 J
3296 3533 3431 3588 udaai
3456 3549 3803 3605 nequaquam

2230 3648 2369 3703 opus
2406 3629 2702 3691 habebant,
2732 3623 2892 3694 227
2925 3623 3387 3694 quemadmodum
3427 3634 3621 3696 gentes
3659 3628 3801 3685 aliae.

545 3712 818 3783 Quocirca
879 3726 1140 3790 tanquam
1197 3734 1293 3778 eos
1355 3722 1752 3793 alloqueretur,
1801 3726 1899 3797 qui
1953 3729 2116 3800 periti
2191 3730 2379 3786 essent
2424 3720 2587 3791 legis,
2646 3716 3038 3788 mysteriorum
3089 3715 3278 3769 statim
3370 3703 3802 3790 profunditatem

543 3826 753 3867 oceuna
763 3819 804 3867 t.

625 3829 681 3865 un
728 3829 804 3867 at.

625 3927 645 3960 ι
688 3829 788 3963 ξ’)ον
820 3908 1018 3980 ἔθηκεν
1044 3910 1382 3986 κληρονόμον
1412 3916 1651 3985 πάντων,
1679 3917 1748 3971 δι’
1777 3911 1838 3973 οὗ
1873 3919 1968 3974 καὶ
1995 3921 2121 3985 τοὺς

547 3998 753 4063 αἰῶνας
778 3999 1055 4071 ἐποίησεν.
1082 4020 1101 4051 ι

616 4089 802 4143 Εἰπὼν
835 4089 1083 4160 περὶτοῦ
1122 4090 1281 4155 Υἱοῦ,
1308 4091 1470 4156 εὐθὺς
1489 4093 1766 4149 ἐκτίθεται
1800 4096 1861 4150 τὸ
1904 4100 2116 4171 μυστή-

2305 3939 2324 3972 ι
2359 3918 2534 3986 Quem
2572 3910 2863 3971 constituit
2909 3908 3185 3965 haeredem
3247 3909 3673 3976 universorum,
3707 3924 3808 3981 per

2228 4028 2392 4084 quem
2419 4011 2548 4066 fecit
2577 4017 2633 4065 et
2659 4006 2883 4062 saecula.
2921 4023 2940 4056 ι

2298 4100 2597 4169 Postquam
2657 4096 2856 4149 Filium
2905 4090 3242 4155 nominavit,
3302 4105 3427 4144 mox
3483 4091 3806 4161 mysterium

551 4198 685 4252 ριον,
712 4181 806 4236 τὸν
841 4181 1003 4235 αὐτὸν
1032 4181 1163 4236 Θεὸν
1195 4187 1289 4237 καὶ
1318 4185 1606 4257 ἄνθρωπον
1632 4189 1959 4256 ἐπιδεικνύς.
1993 4196 2118 4259 Πῶς

2224 4190 2467 4262 exponit,
2497 4185 2858 4243 monstrando
2888 4183 3037 4238 hunc
3064 4182 3245 4252 ipsum
3269 4223 3286 4247 ,
3333 4190 3389 4236 et
3436 4179 3605 4235 Deum
3639 4184 3806 4267 simul

547 4272 831 4327 δὲοτοῦτο
869 4274 1047 4340 natet;
1088 4273 1349 4341 Ἔθηκεν
1390 4277 1595 4346 αὑτὸν,
1626 4281 1780 4350 φησί,
1823 4285 2117 4352 κληρονό-

2224 4292 2280 4339 et
2305 4281 2585 4336 hominem
2621 4293 2764 4334 esse.
2798 4272 3091 4341 Quomodo
3137 4288 3267 4328 vero
3301 4271 3486 4327 istud?
3516 4271 3803 4328 Constituit

543 4381 662 4433 μον
712 4364 983 4419 πάντων⁸
1023 4364 1201 4437 δηλῶν
1231 4365 1288 4419 δὲ
1317 4369 1399 4421 ὅτι
1449 4369 1560 4424 τῶν
1614 4371 1805 4440 ἐθνῶν,
1855 4376 1999 4431 κατὰ
2034 4377 2116 4431 τό·

2224 4396 2363 4443 eum,
2388 4375 2593 4447 inquit,
2622 4371 2882 4428 Izwredem
2925 4372 3329 4457 universprum;
3365 4368 3614 4441 gentium
3652 4369 3806 4425 vide-

549 4454 805 4524 Altna'at
835 4454 971 4526 παρ’
1003 4457 1170 4526 ἐμοῦ,
1197 4459 1296 4514 καὶ
1323 4460 1496 4516 δώσω
1528 4478 1629 4518 σοι
1653 4464 1797 4536 ἔθνη
1828 4471 1946 4539 τὴν
1973 4475 2120 4541 κλη-

2227 4471 2379 4534 licet,
2411 4466 2715 4523 secundum
2747 4462 2881 4518 illud
2918 4479 2932 4513 :
2970 4452 3194 4513 Ροδιιιία
3240 4476 3271 4513 a
3304 4475 3404 4521 me,
3440 4466 3489 4512 et
3521 4458 3659 4512 dabo
3709 4460 3803 4513 tibi

541 4547 837 4616 ρονομίαν
860 4564 998 4602 σου.
1028 4549 1164 4602 Πότε
1192 4550 1249 4605 δὲ
1275 4551 1518 4619 τίθεται,
1545 4555 1578 4627 ἢ
1611 4557 1699 4610 ὅτε
1734 4559 1949 4632 εἴρηται
1990 4565 2120 4634 πρὸς

2230 4571 2407 4634 gentes
2444 4558 2806 4614 hmreditatem
2826 4554 2894 4609 ⁸ο.
2920 4552 3280 4619 Quandonatn
3312 4565 3443 4605 vero
3463 4550 3804 4607 constitutus

545 4634 730 4688 αὐτόν·
779 4634 927 4708 Ἐγὼ
947 4639 1212 4710 σήμερον
1262 4644 1593 4715 γεγέννηκά
1629 4663 1743 4715 σε;
1773 4652 1942 4706 Τοῦτο
1964 4653 2021 4706 δὲ
2044 4656 2120 4719 εἰς

2228 4663 2330 4713 est,
2370 4650 2476 4705 nisi
2520 4646 2741 4719 quando
2772 4644 2984 4699 dictum
3026 4651 3111 4695 est
3157 4641 3251 4694 ei:
3303 4638 3412 4709 Ego
3461 4639 3615 4694 hodie
3648 4643 3803 4710 genui

546 4726 639 4780 τὸν
673 4728 866 4798 καιρὸν
899 4729 997 4798 τῆς
1013 4733 1344 4810 ,οἰκονομίας
1372 4738 1710 4796 ἀπετείνετο.
1747 4741 1887 4795 Ἀλλ’
1941 4736 2118 4810 οὗτος,

2232 4752 2278 4795 te
2302 4742 2343 4773 ⁸³
2364 4741 2388 4793 ?
2412 4738 2526 4793 Hoc
2555 4746 2739 4790 autem
2772 4733 2839 4787 ad
2888 4739 3104 4799 tempus
3139 4727 3566 4797 dispensationis
3609 4739 3804 4784 exten-

546 4817 661 4871 ὸτά
692 4817 822 4889 ἔθνη
858 4821 941 4883 εἰς
964 4805 1167 4892 κλῆρον
1199 4824 1515 4897 δεξάμενος,
1561 4831 1725 4896 αὐτὸς
1761 4835 1932 4897 ἐστιν,
1959 4834 2026 4888 δι’

2230 4834 2358 4888 dere
2392 4829 2585 4884 voluit.
2620 4828 2690 4881 At
2722 4825 2815 4879 ille
2836 4824 2929 4892 qui
2964 4827 3155 4893 gentes
3181 4820 3398 4891 accepit
3422 4821 3477 4875 in
3505 4820 3804 4877 heredita-

545 4907 675 4970 τοὺς
723 4906 928 4970 αἰῶνας
982 4909 1240 4982 ἐποίησεν
1277 4916 1307 4967 ὁ
1335 4916 1547 4988 Πατήρ.
1577 4912 1679 4972 Ὧν
1702 4920 1814 4993 γὰρ
1867 4918 1982 4994 εἶχε
2029 4924 2120 4995 τὴν

2226 4934 2361 4988 tem,
2414 4923 2530 4992 ipse
2577 4925 2661 4975 est
2716 4930 2815 4987 per
2865 4928 3029 4983 quem
3081 4912 3285 4967 saecula
3338 4910 3581 4967 condidit
3619 4911 3802 4968 Pater.

545 4997 865 5051 δεσποτείαν
901 4999 1035 5053 καθὸ
1078 5001 1212 5066 Θεὸς
1249 5006 1424 5074 Λόγος
1446 5046 1462 5073 ,
1518 5009 1723 5064 τούτων
1776 5012 1991 5081 λέγεται
2037 5014 2120 5069 τὸν

2225 5017 2469 5083 Quorum
2501 5011 2649 5067 enim
2679 5006 3024 5062 dominatum
3063 5004 3306 5068 tenebat,
3337 5010 3614 5072 quatenus
3661 5002 3808 5058 Deus

549 5090 752 5160 κλῆρον
779 5088 985 5157 λαϐεῖν,
1016 5094 1152 5147 καθὸ
1193 5096 1432 5165 γεγονὼς
1490 5100 1776 5173 ἄνθρωπος
1814 5119 1827 5133 ο
1861 5104 2120 5173 ὑπέταξεν

2230 5107 2464 5162 Verbum
2485 5113 2626 5167 erat,
2658 5101 2853 5156 horum
2879 5095 3254 5151 baercditatem
3289 5095 3543 5165 accipere
3567 5095 3800 5162 dicitur,

546 5183 614 5251 τῇ
642 5183 722 5245 εἰς
750 5183 914 5237 αὑτὸν
941 5184 1121 5239 πίστει
1148 5187 1329 5242 πάντα
1361 5190 1430 5244 τὰ
1465 5190 1613 5263 ἔθνη.

2227 5214 2334 5268 qua
2365 5196 2549 5251 tactus
2576 5203 2663 5249 est
2693 5193 2894 5247 homo:
2921 5199 3109 5260 gentes
3142 5188 3437 5244 universas
3461 5186 3719 5259 subjecit,
3745 5201 3807 5248 ut

2230 5289 2285 5342 in
2310 5288 2487 5357 ipsum
2517 5284 2677 5339 ﬁdem
2704 5281 2992 5336 haberent.

2301 5374 2474 5429 Vens.
2526 5373 2580 5428 5.
2641 5389 2660 5422 ι
2721 5367 2826 5434 Qui
2879 5380 3002 5421 cum
3066 5363 3140 5421 sit
3200 5365 3461 5436 splendor
3512 5363 3700 5435 gloriae
3751 5373 3809 5418 et

2231 5465 2406 5535 ﬁgura
2452 5458 2775 5517 substantia:
2810 5456 2956 5526 ejus,
3002 5463 3230 5524 portans
3259 5454 3444 5509 omnia
3477 5452 3646 5509 verbo
3694 5452 3807 5510 vir-

592 5379 646 5415 ἰ
685 5363 782 5426 Ὃς
808 5362 884 5417 ὢν
909 5365 1257 5436 ἀπαύγασμα
1310 5371 1412 5439 τῆς
1466 5369 1644 5442 δόξης,
1686 5373 1781 5425 καὶ
1834 5373 2123 5445 χαρακτὴρ

542 5450 650 5521 τῆς
683 5453 1035 5520 ὑποστάσεως
1073 5457 1260 5525 αὐτοῦ,
1313 5462 1495 5530 φέρων
1523 5479 1580 5515 τε
1611 5463 1677 5517 τὰ
1704 5465 1881 5519 πάντα
1911 5465 1988 5535 τῷ
2018 5467 2119 5537 ῥή-

606 5567 653 5599 ε⁸
703 5568 850 5624 Psal.
875 5586 943 5636 ιι,
967 5571 1020 5625 8.
1101 5574 1145 5605 ⁸¹
1184 5574 1314 5628 ibid.
1348 5576 1401 5633 Ἰ.

826 5724 833 5731 .
1803 5669 2039 5725 VARI/F1
2082 5668 2482 5725 LECTIONES.

622 5760 650 5792 ο
680 5753 941 5822 Eruenda,
972 5756 1063 5828 δή.
1853 5767 1861 5773 ·
