4048 6398
455 362 558 428 931

1609 356 1669 413 s.
1704 341 2029 413 ‘JoANNtS
2072 340 2506 411 DAMASCENI

3609 340 3722 417 932

455 476 591 531 tutis
632 488 766 539 suae,
819 486 916 543 per
962 447 1206 541 seipsnm
1245 470 1624 540 purgationem
1678 471 2015 535 peccatorum

2140 481 2273 535 ματι
2327 463 2426 533 τῆς
2467 459 2752 532 δυνάμεως
2801 458 2988 525 αὐτοῦ,
3026 460 3095 514 δι’
3132 459 3330 514 ἑαυτοῦ
3390 460 3721 534 καθαρισμὸν

454 573 769 620 nostrorum
793 555 1028 625 faciens,
1064 559 1219 616 sedet
1237 560 1305 613 ad
1329 558 1610 614 dexteram
1625 552 1932 625 maiestatis
1974 553 2030 606 in

450 651 708 707 excelsis.
746 670 764 703 ι

522 740 765 796 Rursum
799 739 926 796 vide
955 739 1235 811 quomodo
1266 741 1415 795 hunc
1442 737 1701 795 eumdem
1733 735 1902 791 Deum
1937 749 2034 805 pa-

451 831 588 886 riter
611 840 668 886 et
714 831 995 886 hominem
1030 845 1155 887 esse
1187 831 1558 887 demonstrat.
1611 828 1845 884 Perinde
1887 827 2033 883 enim

450 932 536 977 est
565 937 630 977 ac
658 923 705 978 si
736 922 946 977 diceret
978 941 991 977 :
1022 920 1130 988 Qui
1179 937 1304 977 cum
1357 923 1432 978 sit
1477 923 1661 977 lumen
1706 921 1775 977 de
1825 919 2037 974 lumine

451 1015 577 1084 (hoc
615 1014 762 1068 enim
816 1013 1112 1084 splendore
1161 1012 1568 1086 significatur),
1620 1014 1851 1083 insuper
1884 1018 1939 1066 et
1975 1011 2033 1065 in

449 1105 634 1174 seipso
667 1103 884 1160 Patrem
917 1104 1165 1172 exhibet,
1191 1104 1499 1163 secundum
1528 1104 1663 1159 illud
1710 1122 1723 1159 :
1766 1102 1871 1168 Qui
1891 1100 2033 1156 videt

448 1211 550 1260 me,
576 1195 713 1251 videt
742 1207 791 1252 et
819 1196 1037 1252 Patrem
1066 1198 1113 1230 ⁸⁸
1140 1198 1308 1269 (quod
1336 1199 1502 1269 plane
1531 1197 1677 1252 idem
1717 1203 1805 1251 est
1847 1201 2032 1265 atque,

445 1285 619 1358 ﬁgura
663 1300 711 1344 et
743 1291 1028 1345 character
1062 1292 1381 1346 substantiae
1419 1290 1581 1361 ejus).
1619 1288 1717 1343 ille
1750 1286 1920 1351 enim,
1950 1285 2035 1339 in-

446 1382 591 1447 quit,
626 1390 917 1451 postquam
946 1383 1131 1440 l‘actus
1161 1393 1243 1440 est
1278 1386 1464 1447 homo,
1502 1390 1557 1437 et
1582 1387 1811 1452 peccata
1842 1389 2035 1432 nostra

445 1474 684 1539 portavit
720 1473 846 1542 (hoc
877 1475 1082 1543 quippe
1112 1476 1278 1529 verba
1305 1475 1394 1528 illa
1432 1473 1672 1527 innuunt
1700 1488 1713 1525 :
1743 1469 2027 1539 purgatio-

445 1578 562 1616 nem
609 1575 946 1634 peccatorum
1000 1567 1250 1636 faciens),
1304 1565 1561 1621 absoluto
1594 1560 2034 1633 dispensationis

443 1655 645 1710 divina!
667 1659 954 1726 mysterio,
975 1670 1293 1728 assumptus
1319 1665 1406 1713 est
1426 1671 1550 1711 cum
1575 1656 1774 1726 gloria,
1793 1663 1848 1709 et
1874 1654 2036 1710 sedet

442 1743 496 1797 in
523 1742 702 1800 Patris
735 1745 949 1801 dextra.
984 1746 1127 1801 Dum
1157 1755 1340 1802 autem
1393 1745 1575 1810 audis,
1619 1744 1690 1799 ad
1726 1744 2031 1814 dexteram,

2136 554 2509 626 ποιησάμενος
2566 552 2678 608 τῶν
2738 553 3028 624 ἁμαρτιῶν
3084 551 3278 624 ἡμῶν,
3356 549 3613 606 ἐκάθισεν
3668 556 3721 609 ὲν

2134 645 2286 717 δεξιᾷ
2313 644 2414 716 τῆς
2447 644 2845 716 μεγαλωσύνης
2873 645 2933 699 ὲν
2961 644 3208 715 ὑψηλοῖς.
3252 663 3271 696 ι

2209 739 2352 809 Ὅρα
2374 738 2489 802 πῶς
2524 737 2689 792 πάλιν
2718 738 2854 807 ἡμῖν
2881 736 2973 791 τὸν
3021 736 3154 789 Θεὸν
3185 732 3323 805 ὁμοῦ
3356 733 3600 788 δείκνυσι
3630 735 3721 791 καὶ

2138 830 2456 901 ἄνθρωπον.
2485 829 2714 900 Ὅμοιον
2741 827 2852 899 γὰρ
2875 828 2951 892 ὡς
2984 828 3033 881 si
3061 826 3212 895 λέγοι
3232 842 3247 857 ·
3279 826 3401 889 Φῶς
3425 824 3502 879 ὢν
3537 827 3601 880 ὲκ
3617 845 3721 894 φω-

2135 922 2228 986 τὸς
2253 920 2431 994 (τοῦτο
2465 921 2573 992 γὰρ
2600 919 3057 992 τὸ,άπαύγασμα,
3081 917 3281 990 δηλοῖ),
3324 918 3419 971 καὶ
3448 921 3507 972 ὲν
3545 919 3719 992 ἑαυτῷ

2134 1017 2226 1071 τὸν
2274 1015 2495 1085 Πατέρα
2532 1015 2799 1078 δείκνυσι,
2867 1013 3009 1067 κατὰ
3049 1011 3111 1065 τὸ
3134 1054 3149 1078 ,
3194 1012 3259 1065 ’0
3303 1010 3581 1079 ἑωρακώς
3628 1029 3716 1080 με,

2133 1106 2359 1176 ἑώρακε
2397 1106 2502 1160 τὸν
2530 1105 2794 1174 Πατέρα-
2845 1103 3007 1158 τοῦτο
3061 1103 3170 1174 γάρ
3230 1104 3370 1166 ἔστι,
3421 1102 3720 1174 χαρακτὴρ

2134 1199 2246 1267 τῆς
2284 1198 2683 1264 ὑποστάσεως
2742 1196 2953 1251 αὐτοῦ.
3018 1186 3210 1262 Οὗτος,
3267 1196 3431 1266 φησι,
3486 1194 3720 1263 γεγονὼς

2134 1289 2441 1360 ἄνθρωπος,
2469 1289 2569 1343 καὶ
2616 1289 2716 1355 τὰς
2764 1288 3044 1363 ἁμαρτίας
3097 1287 3256 1359 ἡμῶν
3311 1286 3595 1358 βαστάσας
3621 1286 3719 1340 ’τὸ

2132 1378 2264 1452 γὰρ,
2316 1381 2692 1450 καθαρισμὸν
2743 1380 2865 1434 τῶν
2917 1376 3219 1449 ἁμαρτιῶν
3272 1372 3715 1448 ποιησάμενος,

2132 1471 2295 1526 τοῦτο
2354 1472 2525 1543 δηλοῖ.
2596 1471 2770 1527 Πάλιν
2825 1470 3124 1542 πληρώσας
3158 1469 3220 1523 τὸ
3250 1469 3349 1541 τῆς
3409 1468 3717 1538 οἰκονομίας

2136 1564 2463 1634 μυστήριον,
2529 1563 2810 1634 ἀνελήφθη
2844 1565 2903 1617 ὲν
2931 1562 3081 1635 δόξῃ,
3135 1559 3364 1614 ὲκάθισέ
3395 1576 3458 1612 τε
3490 1561 3550 1614 ὲν
3573 1559 3718 1627 δεξιᾷ

2131 1652 2225 1708 τοῦ
2289 1654 2522 1725 Πατρός.
2573 1653 2646 1706 Τὸ
2678 1653 2735 1709 δὲ
2775 1655 2846 1708 ἐν
2886 1652 3077 1720 δεξιᾷ,
3141 1650 3261 1717 καὶ,
3306 1652 3380 1705 ἐν
3417 1650 3714 1720 ὑψηλοῖς,

2133 1743 2373 1813 ἀκούων,
2398 1746 2474 1817 μὴ
2501 1746 2667 1801 τόπον
2687 1756 2717 1797 ι)
2738 1745 2911 1810 αὐτὰς
2935 1745 3213 1817 σημασίας
3237 1743 3510 1816 λάμϐανε
3529 1744 3715 1815 ἀπέρι-

438 1841 514 1898 et,
549 1834 605 1887 in
631 1834 879 1901 excelsis,
914 1851 982 1891 ne
1016 1837 1136 1892 loca
1165 1837 1233 1892 iis
1257 1838 1487 1893 vocibus
1512 1837 1765 1893 denotari
1792 1836 2015 1892 arbitre-

2128 1852 2378 1907 γραπτὸν
2442 1837 2552 1908 γὰρ
2619 1838 2681 1890 τὸ
2726 1838 2917 1892 Θεῖονσ
2972 1836 3110 1891 ἀλλὰ
3167 1835 3514 1906 θεοπρεποῦς
3564 1834 3715 1906 δόξης

437 1924 519 1978 ris
547 1925 565 1993 (
598 1925 741 1981 Deus
779 1925 1050 1996 siquidem
1082 1928 1607 1998 incircumscriptus
1641 1926 1772 1998 est),
1804 1925 1903 1982 sed
1938 1927 2025 1981 di-

436 2016 620 2068 vinam
654 2016 844 2085 potius
877 2018 1110 2088 gloriam
1145 2026 1200 2073 et
1230 2020 1542 2075 claritatem
1581 2017 1851 2087 intellige.
1883 2014 2021 2069 illud

434 2117 642 2174 autem,
668 2118 889 2177 portans
916 2112 1120 2174 omnia,
1150 2111 1297 2167 idem
1355 2117 1444 2167 est
1477 2124 1544 2165 ac
1587 2109 1772 2165 omnia
1817 2107 2022 2177 guber-

434 2214 578 2255 nans
606 2210 661 2255 et
694 2201 1115 2258 administrans.
1144 2198 1285 2256 Nam
1324 2202 1510 2256 omnia
1539 2215 1637 2270 per
1664 2198 1844 2270 ipsum
1874 2197 2021 2252 facta

434 2302 587 2357 sunt,
613 2303 667 2349 et
696 2295 1032 2361 consistunt,
1058 2296 1198 2350 utin
1229 2296 1506 2351 concione
1539 2292 1750 2349 Paulus
1781 2291 2014 2348 dixerat.

432 2385 584 2441 Bene
622 2400 757 2441 vero
789 2388 885 2452 ait,
917 2395 1138 2457 portans
1188 2389 1370 2442 omnia
1415 2386 1591 2451 verba,
1631 2392 1693 2441 ut
1719 2385 1901 2454 palam
1937 2381 2019 2437 fa-

432 2476 546 2530 ciat
572 2491 698 2531 eum
725 2478 1014 2534 universas
1043 2495 1133 2534 res
1163 2479 1440 2543 conditas,
1490 2478 1608 2533 sive
1666 2475 2013 2546 superiores,

434 2567 552 2621 sive
576 2565 890 2634 inferiores,
918 2567 1141 2627 facilius
1175 2585 1340 2641 quam
1372 2569 1502 2639 quis
1535 2566 1764 2621 minima
1800 2564 2017 2621 levissia

2121 1927 2447 1998 δηλωτικάς.
2480 1930 2554 1981 Τὸ
2582 1929 2640 1982 δὲ
2668 1928 2868 1998 φέρων
2897 1928 2972 1985 τὰ
2997 1928 3217 1994 πάντα,
3269 1927 3397 1981 ἀντὶ
3422 1925 3521 1979 τοῦ
3542 1964 3559 1991 ,
3588 1925 3710 1980 διοι-

2120 2018 2236 2073 κῶν
2305 2021 2403 2072 καὶ
2436 2020 2751 2103 κυϐερνῶν,
2804 2023 3007 2075 κεῖται.
3048 2020 3129 2073 Δι’
3156 2017 3325 2073 αὑτοῦ
3370 2016 3486 2089 γάρ
3538 2017 3712 2071 πάντα

2120 2111 2363 2180 ἐγένετο,
2393 2112 2489 2165 καὶ
2515 2113 2874 2185 συνέστηκεν,
2907 2113 2986 2177 ὡς
3018 2113 3078 2168 ὲν
3107 2111 3484 2183 δημηγορῑᾶις
3508 2110 3538 2164 ό
3571 2109 3708 2163 Παῦ-

2072 2246 2083 2255 .
2119 2200 2211 2264 λος
2236 2200 2363 2273 ἔφη.
2399 2198 2474 2257 Εὖ
2506 2202 2564 2255 δὲ
2590 2203 2672 2269 τὸ,
2700 2203 2988 2272 φέρωμέν
3006 2203 3089 2269 τῷ
3106 2202 3362 2274 ῥήματι,
3401 2202 3492 2256 ἵνα
3540 2201 3706 2275 δείξῃ,

2122 2291 2200 2355 ὼς
2223 2292 2321 2363 τὴν
2354 2291 2653 2364 σύμπασαν
2688 2295 2891 2361 κτίσιν,
2925 2295 3027 2367 τὴν
3063 2295 3199 2364 ἄνω,
3239 2294 3342 2367 τὴν
3376 2295 3552 2360 κάτω,
3603 2293 3705 2347 ῶσ-

2124 2398 2232 2453 περ
2251 2384 2300 2436 oi
2327 2382 2397 2438 τὰ
2427 2384 2570 2438 πάνυ
2606 2386 2784 2458 μικρὰ
2811 2386 2907 2440 καὶ
2945 2387 3312 2458 εὐπαράφορα
3354 2385 3560 2458 μᾶλλον
3618 2385 3706 2438 δα-

2124 2472 2324 2527 κτύλου
2362 2474 2661 2543 κινοῦντες,
2718 2475 2893 2541 οὕτως
2944 2477 3109 2541 αὐτὸς
3133 2479 3342 2548 ῥήματι
3374 2477 3444 2532 τὰ
3473 2476 3701 2545 ἐπίγεια,

2122 2564 2194 2618 τά
2212 2565 2462 2636 οὐράνια,
2493 2567 2563 2621 τά
2583 2568 2888 2638 ἐπουράνια
2918 2567 3105 2640 φέρει,

430 2676 630 2731 maqu
682 2660 857 2732 digito
913 2671 1152 2730 moveat,
1209 2677 1467 2719 sermone
1514 2676 1619 2718 suo
1670 2666 2014 2725 sustentare,
2051 2655 2192 2726 sive,
2242 2658 2490 2732 inquam,
2536 2668 2832 2718 terrestres
2872 2676 2952 2718 eae
2986 2661 3137 2727 sint,
3218 2660 3338 2718 sive
3419 2660 3697 2727 caelestes,

432 2754 554 2809 sive
576 2752 740 2808 etiam
784 2753 1138 2810 sublimiores
1163 2755 1329 2810 coelo.

498 2866 667 2924 VERS.
716 2868 773 2933 4,
826 2868 880 2922 5.
919 2884 938 2921 ι
974 2867 1157 2923 Tanto
1223 2868 1425 2924 melior
1482 2865 1698 2941 angelis
1757 2862 2006 2930 eiiectus,

428 2966 636 3029 quanto
665 2958 1013 3015 diﬂ‘erentius
1058 2972 1168 3025 prae
1211 2958 1324 3015 illis
1383 2973 1584 3014 nomen
1639 2955 2006 3013 haereditavit.

428 3050 533 3105 Cui
563 3052 707 3106 enim
740 3051 876 3106 dixit
908 3051 1210 3122 aliquando
1235 3051 1559 3120 angelorum
1590 3068 1604 3106 :
1635 3048 1812 3106 Filius
1852 3063 2009 3105 meus

428 3154 492 3194 es
514 3146 596 3205 tu,
625 3154 722 3211 ego
755 3139 920 3195 hodie
945 3122 1110 3209 genui
1144 3139 1236 3194 te?
1272 3148 1324 3195 et
1357 3154 1577 3196 rursum
1611 3157 1626 3194 :
1660 3138 1776 3211 Ego
1800 3152 1901 3195 ero
1931 3136 2008 3192 illi

429 3228 486 3281 in
517 3233 748 3300 patrem,
779 3235 836 3283 et
864 3228 985 3300 ipse
1011 3228 1118 3284 erit
1142 3228 1277 3284 mihi
1310 3228 1366 3284 in
1399 3228 1595 3284 illium.
1634 3246 1655 3281 ι

497 3426 770 3496 Quoniam
821 3431 1228 3489 incarnationis
1257 3433 1581 3505 mysterium
1629 3434 2003 3506 praedicando,

427 3521 526 3578 Dei
559 3521 761 3579 Filium
816 3525 893 3580 ait
933 3525 1174 3595 seipsum
1225 3526 1570 3594 humiliasse,
1626 3526 1802 3583 forma
1858 3530 2005 3584 servi

425 3622 682 3683 accepta;
713 3627 833 3668 eam
864 3613 936 3669 ob
964 3629 1080 3669 rem
1105 3615 1256 3669 illum
1289 3615 1512 3671 confert
1533 3630 1658 3671 cum
1691 3617 1925 3688 angelis,
1945 3624 2006 3671 ut

428 3705 699 3773 approbet
730 3704 906 3771 illum,
932 3706 1150 3761 tametsi
1171 3704 1349 3761 factus
1389 3714 1476 3762 est
1511 3706 1700 3774 homo,
1722 3709 2003 3763 nihilomis-

425 3809 531 3849 nus
568 3809 691 3849 esse
736 3794 906 3850 Deum
956 3803 1012 3850 et
1059 3796 1395 3854 Dominum:
1428 3807 1595 3869 atque
1624 3800 1730 3856 hoc
1758 3816 2007 3857 momen-

425 3892 566 3951 tum,
605 3901 717 3941 rem
755 3886 922 3943 altius
944 3888 1282 3958 repetendo,
1321 3891 1611 3948 conﬁrmat
1644 3908 1712 3949 ex
1759 3893 2003 3965 prophe-

423 3976 520 4041 tis,
554 3986 614 4032 ut
640 3992 799 4033 nemo
831 3981 1064 4035 assertis
1094 3982 1212 4037 suis
1245 3981 1446 4038 audeat
1474 3985 1879 4040 contradicere.

493 4088 660 4160 228
696 4089 865 4146 Vens.
895 4090 1011 4147 6-8.
1060 4110 1080 4144 ι
1130 4093 1198 4150 Ει
1249 4110 1375 4151 cum
1430 4096 1633 4172 iterum
1696 4098 2004 4154 introducit

420 4181 847 4253 prinwgenitum
906 4183 962 4238 in
1013 4184 1200 4239 orbem
1249 4195 1431 4254 terrae,
1462 4187 1643 4244 dicit:
1679 4188 1745 4243 Et
1770 4189 2005 4246 adorent

421 4287 547 4326 eum
580 4288 773 4330 omnes
808 4276 991 4345 angeli
1026 4275 1161 4342 Dei;
1194 4286 1251 4334 et
1288 4279 1357 4334 ad
1405 4281 1626 4351 angelos
1656 4280 1878 4352 quidem
1912 4283 2000 4338 di-

422 4363 499 4418 cit
531 4383 544 4419 :
577 4365 680 4431 Qui
717 4365 846 4420 facit
878 4369 1103 4438 angelos
1138 4385 1270 4427 suos
1310 4371 1563 4441 spiritus,
1607 4380 1663 4428 et
1713 4374 2033 4431 ntinistros'

422 4468 554 4510 suos
582 4454 856 4511 ﬂammam
886 4458 1050 4530 ignis.
1071 4458 1153 4514 Ad
1185 4458 1379 4517 Filium
1411 4473 1593 4519 autem
1620 4485 1631 4518 :
1658 4484 1677 4517 ι

2193 2881 2213 2914 ι
2242 2857 2495 2929 Τοσούτῳ
2524 2858 2791 2930 κρείττων
2815 2859 3109 2930 γενόμενος
3137 2857 3248 2911 τῶν
3280 2856 3551 2927 ἀγγέλων,
3600 2860 3697 2928 ὅσῳ

2114 2948 2520 3028 διαφορώτερον
2575 2953 2707 3023 παρ’
2763 2951 2963 3014 αὐτοὺς
3008 2948 3462 3021 ἐκληρονόμησεν
3511 2947 3693 3018 ὄνομα.

2116 3047 2240 3102 Τίνι
2275 3045 2388 3119 γὰρ
2420 3041 2544 3099 εἶπέ
2601 3060 2734 3097 ποτε
2775 3042 2887 3096 τῶν
2919 3041 3170 3111 ἀγγέλων
3191 3056 3205 3071 ο
3244 3040 3381 3105 Υἱός
3415 3057 3517 3111 μου
3540 3037 3590 3092 εἷ
3611 3038 3692 3103 ob;

2117 3138 2231 3208 ἐγὼ
2292 3140 2534 3211 σήμερον
2570 3134 2886 3206 γεγέννηκά
2923 3150 2983 3187 σε
3006 3148 3021 3198 ;
3048 3131 3144 3187 καὶ
3174 3131 3362 3199 πάλιν,
3407 3129 3546 3201 Ἐγὼ
3585 3130 3694 3182 ἔσο-

2033 3259 2078 3319 C
2117 3248 2219 3303 μαι
2277 3229 2428 3301 αὐτῷ
2473 3230 2555 3292 εις
2603 3226 2844 3296 πατέρα,
2904 3223 3000 3278 καὶ
3060 3222 3224 3286 αὐτὸς
3269 3221 3430 3275 ἔσται
3479 3237 3568 3292 μοι
3620 3219 3692 3282 τις

2107 3324 2245 3387 υἱόν.
2292 3341 2310 3373 ι

2189 3454 2410 3526 Ἐπειδὴ
2438 3453 2500 3506 τὸ
2520 3452 2618 3520 τῆς
2670 3438 2986 3519 οἰκονομίας
3040 3436 3339 3519 κηρύσσων
3370 3446 3683 3518 μυστήριον,

2104 3547 2571 3607 τεταπεινωκέναι
2607 3541 2800 3596 ἑαυτὸν
2852 3540 2982 3613 ἔφη,
3037 3539 3275 3594 λαϐόντα
3327 3537 3521 3593 δούλου
3558 3553 3685 3607 μορ-

2121 3644 2229 3715 φήν
2264 3660 2278 3673 '
2307 3638 2500 3693 τούτου
2528 3636 2688 3707 χάριν
2715 3633 2969 3703 ἀγγέλοις
3026 3632 3191 3686 αὐτὸν
3248 3630 3555 3702 συγκρίνει,
3588 3629 3686 3715 Seti-

2105 3713 2270 3799 κνὸς,
2322 3726 2399 3795 ὡς
2457 3729 2538 3783 ὅτι
2578 3727 2672 3782 καὶ
2733 3723 2976 3794 γεγονὼς
3027 3721 3339 3795 ἄνθρωπος,
3388 3720 3541 3775 οὐδὲν
3593 3713 3685 3789 ἦτε.

2104 3825 2197 3880 τόν
2229 3826 2346 3877 ἐστι
2380 3820 2514 3885 Θεὸς
2546 3819 2641 3872 καὶ
2682 3816 2983 3888 Δεσπότης,
3016 3813 3114 3868 καὶ¹
3162 3814 3255 3867 τὸν
3286 3812 3479 3881 ἀγῶνα
3504 3809 3683 3863 τοῦτον

2104 3915 2310 3970 ἄνωθεν
2353 3915 2418 3967 ὲκ
2455 3909 2755 3983 προφητῶν
2811 3906 3187 3978 ἰσχυροποιεῖ,
3223 3904 3376 3969 ὅπως
3405 3903 3470 3956 ἂν
3503 3890 3681 3972 μηδεὶς

2103 4007 2409 4076 ἀντιλέγειν
2437 4004 2538 4076 ἔχῃ
2576 4004 2688 4066 τοῖς
2719 3999 3055 4071 λεγομένοις.

2177 4119 2347 4173 Ὅταν
2377 4118 2433 4172 δὲ
2465 4115 2629 4171 πάλιν
2657 4112 2932 4184 εἰσαγάγῃ
2956 4111 3052 4165 τὸν
3082 4106 3430 4182 πρωτότοκον
3465 4109 3544 4169 εἰς
3562 4142 3567 4145 Α
3586 4103 3678 4174 τὴν

2101 4209 2451 4282 οἰκουμένην,
2466 4207 2647 4276 λέγει’
2675 4205 2788 4261 Καὶ
2806 4201 3345 4275 προσκυνησάτωσαν
3374 4197 3524 4270 αὐτῷ
3546 4196 3675 4251 πάν-

2100 4320 2192 4366 τες
2216 4299 2437 4371 ἄγγελοι
2465 4297 2632 4353 Θεοῢ’
2666 4297 2765 4352 καὶ
2789 4295 2928 4367 πρὸς
2960 4294 3061 4366 μὲν
3118 4291 3248 4356 τοὺς
3300 4289 3567 4361 ἀγγέλους
3593 4284 3674 4339 λέ-

2102 4411 2226 4465 γει·
2268 4393 2326 4447 Ὀ
2355 4390 2526 4446 ποιῶν
2547 4389 2676 4452 τοὺς
2715 4386 2982 4459 ἀγγέλους
3019 4383 3186 4441 αὐτοῦ
3250 4383 3553 4453 πνεύματα,
3589 4376 3675 4432 καὶ

2101 4485 2226 4547 τοὺς
2249 4481 2599 4554 λειτουργοὺς
2625 4477 2792 4533 αὐτοῦ
2846 4476 3019 4548 πυρὸς
3071 4472 3270 4546 φλόγα.
3333 4472 3479 4544 Πρὸς
3501 4469 3558 4522 δὲ
3587 4465 3673 4520 τὸν

2029 4602 2075 4664 D
2104 4574 2256 4629 Tidv.
2288 4593 2306 4627 ι

488 4645 568 4708 Ne
595 4652 1151 4725 negotium'i‘acessat
1192 4657 1315 4727 tibi,
1364 4658 1580 4731 inquit,
1611 4661 1761 4733 quod
1801 4662 1999 4721 audias

417 4758 541 4798 eum
566 4745 779 4816 angelis
812 4746 976 4816 paulo
1005 4750 1275 4806 minorem
1297 4765 1423 4808 esse
1442 4750 1678 4810 factum.
1704 4752 1841 4809 Nam
1873 4754 1999 4812 vide

419 4835 619 4889 iterum
651 4835 878 4905 quinam
916 4837 1007 4895 ille
1036 4842 1260 4897 exsistit
1290 4842 1435 4900 Deus
1469 4863 1483 4900 :
1510 4860 1637 4901 cum
1669 4861 1868 4918 nempe
1897 4863 1999 4905 an-

416 4925 522 4995 geli
568 4940 794 4996 quoque
842 4929 1020 4999 ipsum
1054 4932 1307 4991 adorent.
1351 4937 1457 4993 Ubi
1491 4948 1674 4995 autem
1718 4940 1776 4994 in
1820 4941 1995 4998 orbem

419 5025 574 5070 terra:
616 5017 839 5084 dicitur,
880 5020 973 5073 alii
1006 5030 1207 5078 terram
1242 5026 1401 5082 istam
1434 5029 1737 5100 accipiunt,
1780 5032 1875 5087 alii
1905 5032 1994 5088 fu-

423 5114 620 5161 turam.
677 5104 984 5180 Utrumque
1036 5129 1169 5171 vero
1210 5121 1520 5189 appositum
1571 5131 1675 5177 est.
1713 5121 1779 5177 Et
1816 5133 1988 5190 certe,

415 5198 546 5251 dum
578 5196 1008 5267 dispensationis
1043 5209 1365 5276 mysterium
1398 5211 1654 5281 gerebat,
1690 5216 1869 5286 angeli
1902 5216 1984 5283 ei,

420 5298 514 5340 seu
543 5287 778 5343 Domino
810 5306 933 5359 suo,
975 5295 1400 5369 ministrabant;
1438 5302 1701 5376 itemque,
1730 5305 1982 5377 subjectis

484 5439 534 5475 ⁶²
568 5440 731 5504 Joan.
765 5463 876 5513 λιν,
910 5449 962 5504 9.

2173 4687 2267 4758 Μὴ
2325 4682 2631 4756 θορυὸείτω
2659 4691 2717 4736 σε
2745 4723 2761 4749 ,
2796 4680 2965 4752 φησι,
2999 4681 3061 4733 τὸ
3102 4677 3343 4733 ἀκοῦσαι
3406 4672 3577 4749 βραχύ
3619 4678 3668 4723 τι

2096 4776 2229 4847 παρ’
2273 4775 2540 4845 ἀγγέλους
2573 4771 2738 4827 αὐτὸν
2794 4769 3173 4826 ἐλαττοῦσθαι.
3200 4769 3347 4840 Ὅρα
3391 4766 3499 4837 γὰρ
3558 4760 3668 4823 πῶς

2096 4862 2262 4917 πάλιν
2289 4863 2406 4916 ἐστὶ
2428 4862 2588 4927 Θεὸς,
2621 4860 2756 4913 ὅπου
2782 4875 2846 4928 γε
2868 4858 2966 4912 καὶ⁹
3013 4855 3238 4926 ἄγγελοι
3282 4848 3667 4926 προσκυνοῦσιν

2094 4954 2263 5026 αὐτῷ.
2300 4954 2374 5008 Τὸ
2402 4952 2482 5020 δὲ,
2513 4954 2603 5018 εἰς
2629 4949 2746 5019 τὴν
2788 4947 3242 5018 οἰκουμένηνψὶ
3275 4946 3375 5018 μὲν
3427 4943 3526 5014 τὴν
3569 4932 3663 4991 ὧδ⁸
3776 4998 3779 5001 .

2094 5047 2344 5115 λέγουσιν
2364 5085 2380 5112 ,
2433 5047 2483 5098 οἱ
2507 5045 2568 5098 δὲ
2610 5042 2709 5115 τὴν
2767 5040 3088 5111 μέλλουσαν.
3123 5039 3435 5110 Ἀμφότερα
3461 5034 3519 5086 δὲ
3558 5029 3661 5097 ἔχει

2099 5135 2300 5200 καλῶς.
2336 5134 2449 5190 Καὶ
2477 5134 2537 5187 τὸ
2561 5135 2661 5203 τῆς
2703 5129 3020 5201 οἰκονομίας
3074 5129 3372 5200 μυστήριον
3431 5119 3691 5179 τελοῦντες

2096 5222 2267 5292 αὐτῷ,
2318 5221 2602 5291 διηκόνουν
2634 5220 2710 5283 ὡς
2741 5218 2988 5290 Δεσπότῃ
3022 5219 3075 5271 οἱ
3108 5217 3330 5287 ἄγγελοι
3362 5230 3376 5244 ⁸
3410 5212 3504 5267 καὶ
3547 5210 3661 5260 ἐπο-

2097 5311 2265 5382 ρεύθη
2296 5312 2354 5365 ὲν
2385 5312 2638 5382 οὐρανοῖς
2661 5349 2676 5377 ,
2708 5308 3133 5379 ὑποταγέντων
3185 5305 3347 5373 αὐτῷ
3377 5299 3656 5374 ἀγγέλων,

1688 5613 1917 5669 VARIIE
1958 5613 2361 5674 LECTIONEsc

481 5746 505 5789 ρ
534 5737 777 5809 Legerim
802 5738 1009 5807 potius,
1038 5740 1236 5793 τόπωνι
