4048 6392
468 334 574 400 933

1650 328 1735 392 IN
1781 328 2020 392 EPIST.
2062 330 2160 390 AD
2197 307 2592 391 Enen/Eos.

3622 327 3727 392 934

471 441 614 496 κατὰ
647 440 749 511 τὴν
795 440 889 496 τοῦ
925 440 1135 513 Πέτρου
1193 440 1397 510 φωνήν.
1452 437 1624 492 Πάλιν
1654 439 1710 492 δὲ
1741 441 1803 493 τὸ
1827 443 2048 495 ὑποτα-

2168 439 2253 493 sibi
2291 441 2491 510 angelis
2531 442 2600 508 ⁸³,
2649 439 2715 495 ad
2769 440 2940 496 ρωπος
2975 440 3244 512 perrexit,
3292 438 3594 496 secundum
3623 437 3725 493 Pe-

469 534 717 604 γέν-των,
750 533 840 588 διὰ
867 533 965 606 τὴν
994 532 1310 604 οἰκονομίαν
1333 531 1621 604 λαμϐάνει.
1665 549 1685 582 ι

545 807 567 842 ι
603 787 663 843 '0
692 787 887 859 θρόνος
917 804 1031 852 σου,
1067 789 1096 840 ὁ
1125 786 1283 851 Θεὸς,
1320 786 1403 850 εἰς
1427 786 1522 840 τὸν
1572 786 1744 841 αἰῶνα
1790 785 1884 840 τοῦ
1912 784 2047 839 αἰῶ-

468 899 600 948 νος,
672 880 870 952 ῥάϐδος
931 878 1226 948 εὐθύτητος
1277 881 1310 948 ὴ
1364 877 1560 950 ῥάϐδος
1604 879 1703 948 τῆς
1771 878 2048 948 βασιλείας

471 991 587 1027 σου.
634 971 962 1042 Ἠγάπησας
1011 970 1405 1041 δικαιοσύνην,
1458 972 1553 1024 καὶ
1608 969 1881 1040 ἐμίσησας
1927 970 2053 1023 ἀνο-

473 1065 607 1134 μίαν
639 1079 655 1093 ο
685 1062 775 1116 διὰ
801 1062 960 1114 τοῦτο
989 1060 1177 1133 ἐχρισέ
1213 1077 1273 1114 σε
1300 1063 1328 1114 ὁ
1349 1061 1502 1126 Θεὸς,
1534 1062 1562 1114 ὁ
1590 1061 1723 1125 Θεός
1752 1076 1845 1114 σου
1873 1060 2050 1114 ἔλαιον

472 1154 870 1224 ἀγαλλιάσεως,

471 1269 473 1271 ί
545 1247 748 1300 Σκόπει
773 1244 936 1297 πάλιν
963 1243 1080 1307 πῶς
1098 1244 1187 1296 τὸν
1206 1243 1386 1309 αὑτὸν,
1406 1243 1536 1296 Θεὸν
1551 1229 1647 1297 καὶ
1669 1243 1955 1315 ἄνθρωπον
1972 1239 2048 1312 (8)

473 1334 738 1400 δείκνυσι,
795 1335 886 1390 διὰ
924 1335 1021 1406 μὲν
1065 1334 1160 1388 τοῦ
1196 1333 1388 1403 θρόνου
1424 1336 1519 1388 καὶ
1555 1335 1654 1403 τῆς
1708 1334 1904 1404 ῥάϐδου
1950 1333 2051 1401 τὴν

476 1427 754 1499 βασιλείαν
803 1426 968 1480 αὑτοῦ
993 1466 1007 1492 ,
1050 1427 1146 1479 καὶ
1186 1424 1284 1496 τὴν
1331 1425 1562 1497 θεότητα
1603 1425 1857 1489 δεικνύς·
1882 1423 2051 1478 διὰδὲ

469 1523 590 1587 τοῦ,
622 1521 832 1590 ἐχρισέ
867 1533 945 1573 σε
970 1522 1002 1573 ό
1035 1518 1199 1584 Θεὸς,
1225 1521 1258 1572 ό
1283 1519 1426 1584 Θεός
1464 1534 1602 1586 σου,
1628 1519 1690 1571 τὸ
1714 1519 1812 1589 τῆς
1842 1519 2049 1571 οἰκονο-

477 1615 605 1684 μίας
632 1613 952 1682 μυστήριον.

553 1721 572 1755 ι
611 1701 772 1772 Παρὰ
800 1703 927 1763 τοὺς
951 1700 1213 1771 μετόχους
1241 1716 1360 1754 σου.
1388 1718 1408 1752 ι

2153 531 2226 585 tri
2250 546 2465 587 vocem.
2487 532 2745 599 Quinimo
2766 549 2988 589 rursum
3020 535 3093 590 ob
3120 533 3370 590 eamdem
3393 531 3730 586 incarnatio-

2154 622 2242 678 nis
2297 637 2412 678 suae
2445 623 2910 694 dispensationem
2940 639 3129 681 vocem
3174 625 3318 679 hanc
3348 622 3572 693 accipit,
3604 621 3730 677 sub-

2144 713 2304 783 Jectis
2338 714 2458 769 sibi.

2233 819 2253 853 ‹
2285 803 2542 857 Thronus
2571 809 2723 867 tuus,
2759 800 2927 864 Deus,
2957 801 3011 854 in
3044 802 3306 857 saeculum
3343 803 3550 868 saeculi,
3575 803 3732 873 virga

2154 893 2457 969 aequitatis,
2511 893 2664 962 virga
2716 894 2868 962 regni
2927 893 3028 948 tui.
3087 891 3280 964 [γωδ.
3342 893 3422 966 9.]
3481 895 3733 949 Dilexisti

2153 984 2453 1054 justitiam,
2486 990 2540 1038 et
2585 984 2754 1039 odisti
2798 984 3188 1053 iniquitatem:
3222 993 3514 1054 pr0pterea
3574 984 3736 1038 unxit

2155 1079 2210 1128 te
2240 1072 2401 1138 Deus,
2435 1072 2579 1129 Deus
2607 1082 2735 1130 tuus
2762 1075 2882 1129 oleo
2921 1073 3141 1128 laetitiae.
3177 1092 3198 1126 ι

2228 1247 2474 1304 Observa
2509 1247 2710 1302 iterum
2745 1248 3024 1318 quomodo
3051 1247 3305 1301 eumdem
3335 1260 3459 1301 esse
3489 1245 3657 1300 Deum
3681 1252 3735 1298 et

2159 1339 2436 1393 hominem
2471 1337 2726 1408 perhibet
2761 1354 2775 1404 ;
2815 1346 2875 1390 ut
2907 1350 3002 1405 per
3021 1336 3280 1389 thronum
3300 1333 3524 1403 quidem
3554 1331 3735 1386 etvir-

2155 1445 2302 1500 gam,
2335 1443 2432 1484 seu
2466 1437 2768 1496 sceptrum,
2810 1440 3038 1494 regnum
3065 1423 3238 1493 ipsius
3265 1431 3319 1476 et
3350 1421 3613 1475 deitatem
3638 1434 3736 1472 no-

2158 1520 2364 1585 tiﬁeet;
2400 1518 2640 1572 dicendo
2677 1527 2887 1578 autem,
2925 1513 3088 1568 Unxit
3123 1524 3168 1568 te
3200 1512 3342 1567 Deus
3365 1515 3384 1578 ,’
3413 1511 3557 1565 Deus
3589 1521 3734 1571 tuus,

2157 1607 2557 1662 incarnationis
2585 1605 2903 1674 mysterium
2931 1603 3222 1672 exprimat:

2235 1718 2251 1750 ι
2299 1698 2420 1752 Pne
2453 1697 2818 1767 participibus
2850 1696 2982 1750 tuis.
3013 1715 3032 1748 ι

556 1813 578 1848 α
617 1796 778 1847 Ὥστε
804 1794 1015 1856 πάντας
1044 1793 1172 1856 τοὺς
1203 1792 1532 1863 μετέχοντας
1569 1789 1670 1863 τῆς
1726 1792 1892 1847 αὐτοῦ
1927 1810 2052 1847 συν-

2229 1791 2308 1845 Ita
2342 1801 2398 1844 ut
2426 1807 2617 1845 omnes
2657 1789 2750 1859 qui
2801 1789 3147 1846 sanctitatem
3200 1786 3350 1840 illius
3381 1783 3734 1854 participant,

477 1885 714 1958 αφείας,
767 1885 830 1939 τὸ
876 1883 1057 1937 ἔλαιον
1110 1883 1258 1953 ἔχειν
1302 1886 1402 1954 τῆς
1451 1883 1868 1951 ἀγαλλιάσεως,
1925 1884 2060 1938 καθὸ

469 1981 543 2034 ἐκ
569 1979 675 2033 τοῦ
719 1979 1112 2048 πληρώματος
1146 1973 1331 2030 αὐτοῦ
1367 1975 1591 2040 πάντες
1638 1975 1807 2046 ἡμεῖς
1849 1974 2060 2030 ἐλάϐοο

457 2087 613 2142 μεν,
649 2069 795 2124 κατὰ
823 2070 926 2139 τὴν
959 2068 1056 2123 τοῦ
1087 2067 1424 2135 Εὐαγγελίου
1456 2068 1662 2137 φωνήν.

550 2162 845 2227 Τουτέστι,
901 2160 963 2213 τὸ
1023 2158 1243 2231 πνεῦμα
1289 2161 1388 2214 οὐκ
1431 2160 1495 2214 ἐκ
1546 2161 1751 2230 μέτρου
1809 2157 2060 2214 ἐλαϐενὸ

472 2253 626 2316 Υἱός.

567 2361 587 2396 ι
628 2342 772 2396 Καί·
807 2341 881 2394 Σὺ
921 2341 1042 2394 κατ’
1075 2341 1274 2412 ἀρχὰς,
1308 2342 1504 2410 Κύριε,
1559 2340 1660 2412 τὴν
1705 2341 1812 2411 γῆν
1859 2340 2057 2411 ἐθεμε-

465 2430 699 2496 λίωσας,
755 2429 852 2484 καὶ
909 2429 1048 2501 ἔργα
1094 2430 1203 2483 τῶν
1252 2433 1456 2503 χειρῶν
1514 2448 1608 2484 σου
1638 2432 1774 2486 εἰσὶν
1804 2433 1856 2484 οἱ
1889 2433 2057 2504 οὐρα-

475 2523 581 2578 vol.
605 2541 626 2574 ι

550 2614 720 2670 Πάλιν
772 2614 864 2669 ἐπὶ
909 2615 1012 2686 τὴν
1067 2614 1300 2684 θεότητα
1338 2613 1628 2684 ἀνατρέχει
1681 2613 1776 2668 τοῦ
1833 2631 2056 2686 μονογε-

474 2705 624 2774 νοῦς,
665 2707 883 2771 δεικνὺς
914 2708 1078 2761 αὐτὸν
1106 2709 1201 2761 καὶ
1221 2709 1329 2761 τῶν
1345 2709 1594 2779 οὐρανῶν
1625 2711 1878 2781 ποιητήν.

559 2815 580 2849 ί
607 2796 773 2850 Αὐτοὶ
799 2796 1148 2861 ἀπολοῦνται,
1185 2797 1249 2849 σὺ
1283 2796 1338 2849 δὲ
1365 2797 1665 2866 διαμένεις,
1702 2801 1797 2852 καὶ
1853 2799 2056 2864 πάντες

465 2885 556 2950 ὡς
620 2887 834 2957 ἱμάτιον
885 2885 1381 2957 παλαιωθήσονται.
1432 2887 1542 2939 Καὶ
1591 2886 1666 2950 ὡς
1708 2888 2055 2958 περιϐόλαιον

477 2978 675 3044 ἑλίξεις
740 2979 960 3045 αὐτοὺς,
1016 2978 1111 3032 καὶ
1153 2977 1554 3049 ἀλλαγήσονται
1587 2995 1601 3009 ·
1641 2978 1706 3031 σὺ
1738 2979 1815 3044 δὲ,
1837 2981 1866 3034 ὀ
1893 2981 2055 3046 αὐτὸς

471 3065 552 3135 εἴ,
572 3071 678 3123 -καὶ
707 3069 778 3123 τὰ
803 3069 900 3141 ἐτη
933 3086 1028 3122 σου
1060 3069 1160 3123 οὐκ
1175 3069 1541 3138 ἐκλείψουσιν.
1569 3088 1588 3122 ι

546 3251 781 3320 ’Ὅμοιον
804 3250 882 3313 ὡς
914 3250 963 3302 εἱ
1001 3248 1152 3316 λέγοι
1176 3262 1191 3279 ⁸
1227 3249 1319 3319 Μὴ
1351 3248 1650 3319 θορυϐείτω
1685 3266 1766 3314 σε,
1818 3251 2004 3323 φησὶν,
2033 3253 2062 3306 ὁ

477 3343 626 3398 κατὰ
681 3342 862 3413 σάρκα
911 3341 1144 3403 Θάνατος
1165 3357 1180 3371 ⁸
1213 3340 1412 3411 ἀνέστη
1447 3341 1578 3412 γὰρ,
1620 3343 1714 3394 καὶ
1741 3341 1811 3395 τὰ
1841 3342 1935 3415 ἐτη
1963 3344 2062 3397 αὑ-

477 3433 578 3488 τοῦ
603 3435 702 3487 οὐκ
727 3432 1062 3501 ἐκλείψουσι.
1087 3432 1196 3486 Καὶ
1224 3432 1444 3503 οὐρανοὶ
1478 3431 1597 3503 μὲν,
1637 3432 1734 3488 ἅτε
1763 3433 1916 3498 ὄντες
1941 3452 2060 3488 κτι-

481 3525 622 3590 στοὶ,
665 3523 1162 3592 παλαιωθήσονται,
1205 3522 1292 3576 ἵνα
1343 3523 1440 3576 καὶ
1482 3522 1578 3576 τοῦ
1627 3525 1922 3596 καινισμοῦ
1967 3525 2065 3579 τύ-

480 3634 654 3689 χωσιν
687 3633 704 3649 ο
752 3617 916 3681 αὐτὸς
939 3617 996 3670 δὲ
1021 3615 1182 3670 τοῦτο
1215 3617 1400 3679 αὐτοῖς
1439 3618 1736 3687 χαριεῖται,
1767 3619 1850 3672 ὅτι
1876 3619 1940 3691 δὴ
1963 3620 2061 3674 καὶ⁹

484 3708 639 3780 μένει
662 3709 691 3762 ὃ
711 3705 801 3780 ἦν,
833 3707 1082 3762 τουτέστι
1143 3707 1298 3772 Θεός.
1329 3707 1442 3761 Καὶ
1464 3706 1626 3762 τοῦτο
1666 3708 1822 3779 δηλοῖ
1859 3709 1961 3765 καὶ
1985 3711 2060 3766 τὰ

475 3799 590 3868 ἔτη
621 3816 739 3855 σου
771 3801 884 3855 οὐκ
911 3800 1290 3868 ἐπιλείψουσι.

567 4025 618 4058 ⁸⁸
640 4025 685 4082 II
706 4024 855 4082 Petr.
888 4041 951 4093 II,
982 4025 1074 4079 22.
1139 4024 1188 4057 ⁸⁸
1215 4020 1374 4079 Joan.
1409 4037 1447 4091 ι,
1472 4023 1559 4077 I6.

2163 1884 2347 1937 oleum
2382 1881 2770 1936 cxsultationis
2806 1881 3047 1934 habeant
3082 1897 3096 1933 :
3137 1893 3242 1948 qua
3283 1891 3497 1946 nempe,
3538 1890 3737 1928 secun-

2159 1973 2287 2027 dum
2353 1973 2634 2041 Evangelii
2677 1972 2942 2036 eﬂ‘atum,
2980 1971 3044 2025 de
3105 1968 3432 2038 plenitudine
3487 1967 3602 2035 eius
3643 1980 3737 2019 nos

2159 2081 2336 2120 omnes
2370 2065 2666 2131 accepimus
2694 2063 2764 2116 ⁸⁵.
3429 2053 3453 2077 ⁸

2229 2154 2284 2209 Id
2327 2163 2431 2220 est,
2477 2153 2747 2224 Spiritum
2789 2151 2966 2208 Filius
3001 2166 3112 2206 non
3161 2151 3375 2221 accepit
3430 2148 3737 2206 secundum

2158 2260 2494 2316 mensuram.

2231 2337 2398 2393 Vens.
2455 2337 2545 2393 It).
2607 2355 2628 2388 ι
2685 2336 2752 2390 Et
2795 2354 2809 2392 :
2846 2333 2932 2390 Tu
3001 2333 3059 2388 in
3116 2331 3426 2404 principio,
3489 2330 3739 2396 Domine,

2157 2438 2360 2485 terram
2411 2429 2691 2495 fundasti,
2726 2437 2782 2484 et
2829 2441 3000 2498 opera
3051 2441 3314 2481 manuum
3355 2433 3575 2478 tuarum
3611 2433 3741 2478 sunt

2155 2521 2306 2576 C(Bli.
2349 2541 2368 2573 ι

2227 2613 2471 2668 Rursum
2502 2612 2568 2666 ad
2590 2611 2873 2680 Unigeniti
2907 2611 3162 2666 deitatem
3197 2610 3742 2674 revolat,ostendcus

2155 2706 2336 2776 ipsqu
2367 2707 2632 2759 cmlorum
2663 2716 2883 2773 quoque
2911 2718 3033 2757 esse
3063 2705 3428 2758 conditorem.

2226 2795 2395 2851 Vnus.
2428 2797 2519 2862 II,
2556 2796 2644 2850 12.
2687 2813 2705 2845 ι
2746 2796 2852 2864 Ipsi
2893 2795 3172 2865 peribunt,
3207 2802 3265 2848 tu
3302 2802 3488 2848 autem
3525 2809 3743 2864 perma-

2155 2888 2351 2954 nebis;
2399 2897 2454 2944 et
2499 2903 2692 2942 omnes
2742 2889 2891 2943 sicut
2941 2888 3325 2942 vestimentum
3378 2895 3741 2943 veterasccnt.

2156 2979 2223 3034 Et
2273 2983 2419 3035 sicut
2463 2980 2803 3049 opertorium
2855 2979 3098 3036 mutabis
3157 2994 3275 3045 eos,
3333 2987 3387 3034 et
3445 2980 3747 3034 mutabun-

2163 3080 2255 3124 tur
2288 3089 2300 3122 :
2341 3079 2397 3123 tu
2447 3079 2630 3124 autem
2675 3067 2818 3123 idem
2858 3069 2976 3138 ipse
3005 3078 3186 3135 cs,.et
3231 3069 3364 3124 anni
3399 3070 3478 3123 tui
3508 3085 3619 3124 non
3647 3069 3748 3125 de-

2088 3132 2134 3192 C
2167 3161 2374 3217 ﬂcient.
2411 3179 2432 3212 ι

2239 3253 2388 3308 Idem
2418 3259 2508 3307 est
2546 3265 2611 3306 ac
2649 3251 2692 3306 si
2725 3249 2935 3305 diceret
2962 3269 2976 3306 :
3011 3248 3129 3305 Non
3161 3258 3214 3307 te
3245 3252 3513 3322 percellat
3557 3267 3708 3308 mors
3730 3293 3745 3316 ,

2169 3341 2374 3413 inquit,
2406 3357 2572 3411 quam
2609 3355 2779 3395 carne
2813 3356 3110 3411 perpessus
3141 3349 3225 3397 est
3258 3360 3270 3396 :
3305 3345 3546 3398 surrexit
3573 3344 3745 3408 enim,

2167 3444 2222 3490 et
2251 3434 2379 3489 anni
2403 3435 2526 3504 ejus
2557 3449 2666 3487 non
2705 3434 2978 3489 desinent.
3009 3434 3090 3489 Ac
3123 3435 3251 3489 caeli
3281 3435 3529 3505 quidem,
3567 3450 3747 3505 quan~

2169 3523 2466 3593 doquidem
2505 3523 2714 3578 conditi
2751 3522 2993 3587 fuerunt,
3045 3532 3395 3580 veterascent
3418 3566 3431 3589 ,
3465 3533 3629 3594 atque
3659 3525 3743 3579 in-

2166 3616 2570 3674 staurabuntur
2599 3634 2611 3669 :
2645 3616 2738 3670 ille
2768 3622 2951 3669 autem
2975 3616 3080 3670 hoc
3100 3616 3182 3670 eis
3205 3617 3512 3685 praestabit,
3545 3617 3748 3686 quippe

2169 3710 2263 3780 qui
2294 3717 2516 3764 maneat
2542 3708 2595 3762 id
2628 3708 2775 3776 quod
2806 3716 2947 3772 erat,
2986 3709 3039 3762 id
3076 3716 3162 3764 est
3200 3707 3367 3764 Deus.
3399 3707 3558 3774 Quod
3584 3709 3750 3778 229

2173 3799 2394 3870 quidem
2450 3800 2536 3856 his
2594 3785 2780 3857 verbis
2839 3799 3222 3873 signiﬁcatur,
3260 3810 3312 3856 et
3361 3801 3490 3855 anni
3521 3801 3597 3855 tui
3648 3817 3752 3856 non

2176 3891 2440 3962 deﬁcient.

2027 4111 2262 4173 NOTIE.

568 4213 643 4287 (8)
670 4213 818 4287 1163;:
837 4213 946 4267 τὸν
968 4214 1160 4268 αὑτὸν
1188 4213 1340 4287 Geor
1366 4212 1466 4266 καὶ
1495 4213 1829 4283 ἄνθρωπον.
1964 4209 2065 4287 fre-

526 4282 747 4340 uentius
780 4285 1237 4354 Chrysostomum
1277 4282 1648 4354 Damasceuus
1696 4283 1964 4354 exscribit
2005 4282 2063 4336 in

487 4353 788 4423 Epistulam
823 4353 1202 4418 ad’Hebraaos,
1241 4356 1366 4408 hinc
1391 4354 1524 4407 mihi
1563 4353 1780 4423 videtur
1809 4353 1865 4406 in
1929 4366 2061 4423 san-

2169 4212 2370 4275 Patris,
2398 4213 2668 4272 adversus
2698 4215 3018 4270 Marcellum
3085 4216 3462 4285 Ancyranum,
3499 4213 3591 4282 qui
3629 4227 3754 4285 pcr-

2173 4297 2435 4353 sonarum
2497 4287 2865 4341 substantiam
2898 4285 2953 4339 in
2998 4299 3058 4339 se
3091 4283 3421 4339 Trinitatem
3491 4283 3762 4353 negabat,

2171 4352 2406 4407 ulterius
2439 4356 2722 4411 concludit
2750 4355 2966 4410 Patrem
3003 4364 3057 4409 et
3083 4355 3280 4409 Filium
3310 4354 3449 4407 duas
3477 4352 3601 4408 esse
3629 4355 3764 4420 per-ﬁ

487 4422 748 4501 ρῇδεῃὶφῇ
772 4424 1030 4501 doctoris
1071 4431 1338 4501 contextu
1371 4423 1590 4501 legisse,
1618 4429 1682 4501 ut
1730 4422 1836 4501 fert
1857 4422 2064 4501 _editio
2097 4445 2141 4500 Β
2172 4425 3263 4501 sonas,vereetsecuttdttm_b_ypostasim
3280 4423 3572 4501 distinctas
3609 4423 3756 4501 Πρὸς

488 4494 700 4558 Savilii,
725 4494 818 4548 δύο
857 4495 946 4547 τὸν
968 4494 1128 4548 αὐτὸν
1153 4493 1387 4556 δεικνὺς,
1422 4491 1514 4544 καὶ
1542 4492 1696 4556 Θεὸν,
1722 4494 1815 4545 καὶ
1850 4491 2064 4562 ἄνθρω-

486 4580 611 4617 πον.
644 4565 704 4618 In
762 4565 1003 4618 editione
1063 4574 1243 4616 autem
1303 4561 1626 4626 Veronensi,
1662 4569 1715 4616 et
1779 4561 2062 4616 codicibus

487 4635 702 4705 aliquot
729 4635 985 4695 habetur,
1007 4633 1100 4686 δύο
1116 4634 1385 4705 πρόσωπα
1407 4632 1640 4705 δεικνὺς,
1676 4633 1771 4705 καὶ
1789 4630 1944 4705 Θεὸν,
1969 4632 2064 4686 καὶ

486 4704 798 4775 ᾅνθρωπον.
833 4704 934 4758 Cui
959 4703 1250 4775 posteriori
1283 4703 1529 4775 lectioni
1565 4703 1856 4757 translatio
1907 4712 2066 4775 vetus

487 4772 637 4829 favet
669 4793 684 4829 :
711 4772 976 4828 Adversus
1004 4772 1223 4829 Judteos
1258 4773 1391 4827 duas
1449 4789 1702 4842 personas
1771 4773 1984 4836 asserit,
2017 4779 2067 4824 et

487 4842 698 4898 Filium
745 4861 850 4897 non
894 4846 1065 4898 solum
1132 4843 1437 4896 distinctam
1465 4860 1496 4895 a
1534 4842 1695 4896 Patre
1760 4858 2065 4912 personam,

484 4915 580 4968 sed
631 4912 872 4967 eumdem
924 4915 1084 4967 etiam
1142 4913 1311 4967 Deum
1342 4923 1390 4965 et
1426 4913 1711 4976 hominem,
1769 4929 1932 4965 unam
1980 4929 2072 4965 au-

487 4993 594 5038 tem
616 4985 738 5038 inse
776 5000 1079 5054 personam.
1115 5001 1134 5035 ι
1175 4986 1378 5054 Quare
1415 4983 1507 5035 δύο
1547 4983 1819 5054 πρόσωπα
1841 4987 2072 5054 nonest

486 5050 916 5123 permutandum
964 5093 981 5117 ,
1036 5054 1215 5121 inquit
1261 5051 1527 5123 Andraeas
1580 5050 1872 5107 Doumeus.
1952 5050 2073 5106 Non

483 5121 636 5178 enim
689 5124 824 5177 dit-it
855 5121 1025 5176 Deum
1059 5132 1112 5176 et
1145 5122 1420 5175 hominem
1447 5122 1589 5176 duas
1612 5137 1736 5176 esse
1781 5137 2072 5190 personas;

463 5204 552 5251 Aut
581 5192 894 5256 Nestorius,
948 5192 1046 5247 sed
1107 5191 1325 5247 Patrem
1357 5199 1410 5244 et
1445 5191 1649 5245 Filium
1685 5209 1698 5258 ;
1731 5191 1929 5246 Filium
1978 5207 2074 5245 au-

485 5272 620 5324 tem,
654 5262 824 5318 Deum
850 5272 896 5316 et
928 5262 1230 5316 hominem.
1271 5279 1291 5313 ι
1335 5259 1460 5315 Haec
1488 5263 1650 5330 plane
1701 5262 1925 5315 Βουηωὶ
1979 5276 2076 5315 ex-

486 5333 699 5403 positio
737 5333 1027 5403 verissima
1052 5339 1155 5403 est.
1205 5331 1325 5385 Non
1348 5331 1496 5403 enim
1550 5345 1887 5403 concessero
1908 5331 2079 5403 Chry-

487 5401 827 5468 sostomum,
873 5401 968 5454 δύο
1035 5401 1606 5472 πρόσωπα--ιῌοοηάο
1657 5411 1885 5455 naturas
1941 5401 2080 5455 duas

486 5473 852 5542 signiﬁcasse.
872 5469 1156 5539 Siquidem
1175 5486 1298 5524 cum
1318 5469 1621 5542 Meletianis
1644 5472 1759 5526 suis
1783 5472 2082 5525 Antioche-

2169 4492 2225 4545 δὲ
2249 4492 2574 4563 Μάρκελλον
2601 4498 2694 4549 καὶ
2721 4497 2850 4559 τοὺς
2879 4492 3095 4560 ἄλλους,
3121 4496 3203 4548 ὅτι
3239 4493 3333 4548 δύο
3365 4493 3482 4546 ἐστὶ
3498 4492 3755 4563 -τοσαῦτα

2170 4560 2443 4636 πρόσῴπα
2462 4564 2770 4636 διῃρημένα
2797 4565 2940 4619 κατὰ
3005 4566 3105 4632 τὴν
3136 4564 3460 4636 ὑπόστασιν.
3497 4560 3614 4636 Hoc
3651 4563 3756 4615 ita-

2169 4631 2280 4703 que
2317 4633 2424 4686 loci
2449 4631 3102 4706 CIi'r'ys'ostomusrepetit
3134 4633 3502 4706 quod‘contra
3529 4702 3539 4706 _
3568 4631 3757 4685 Samo-

2170 4702 2820 4773 satensem,Sa'belIium,
2860 4702 3201 4766 Marcellum,
3265 4702 3639 4773 Sophronium
3701 4707 3758 4756 et

2169 4771 2495 4844 glutinum,
2545 4779 2694 4830 hom.
2729 4777 2762 4830 6
2787 4777 2839 4828 in
2869 4775 3040 4844 Epist.
3075 4774 3143 4828 ad
3171 4771 3411 4844 Philipp.
3461 4780 3756 4844 statuerat,

2171 4841 2371 4896 Filium
2401 4840 2506 4898 non
2527 4861 2651 4902 esse
2672 4840 3018 4900 eﬂicientiam
3042 4840 3513 4898 duntaxat’Patris
3533 4840 3759 4895 minime

2173 4914 2542 4984 substantem,
2572 4916 2665 4971 sed
2690 4925 2985 4984 utrumque
3015 4916 3151 4968 duas
3180 4928 3448 4984 personas
3477 4911 3674 4967 esscin
3695 4925 3760 4984 se

2174 4983 2543 5054 subsistentes
2579 5004 2592 5040 :
2632 5004 2649 5036 ι
2687 4988 2810 5053 Οὐχ
2860 4981 3196 5054 ἁρπαγμὸν“
3223 4983 3550 5054 ἡγήσατο,⁸
3583 4981 3718 5054 φησὶ
3742 5021 3759 5043 .

2174 5053 2241 5106 τὸ
2288 5050 2443 5106 εἶναι
2495 5053 2603 5111 ἴσα
2653 5050 2808 5119 Θεῷ,
2855 5050 2997 5109 ’[σον
3029 5050 3086 5109 δὲ
3138 5055 3230 5106 ἐπὶ
3276 5050 3401 5117 ’ἑνὸς
3442 5053 3500 5104 οὑ
3539 5051 3761 5119 λέγεται

2178 5123 2494 5196 προσῴπου,
2527 5127 2598 5178 Τὸ
2627 5127 2734 5196 γὰρ
2771 5126 2906 5189 ἴσον,
2954 5127 3060 5178 τινί
3100 5127 3248 5196 ἐστιν
3281 5124 3420 5196 ἴσον..
3458 5122 3627 5196 ,Ὁρᾷς
3668 5120 3763 5196 δῷο

2179 5190 2490 5264 προσώπων
2541 5190 2862 5260 ὑπόστασιν,
2920 5196 3042 5264 οὐχὶ
3102 5195 3342 5264 ὀνόματα
3393 5190 3762 5264 ψιλὰλξχωρὶς

2183 5214 2490 5264 προσωπων
2541 5214 2862 5260 υποστοισιν,
2920 5214 2980 5248 ου
3027 5214 3042 5246 ι
3102 5214 3342 5264 ονοματα
3393 5214 3525 5262 qam;
3591 5214 3762 5260 χωρις

2183 5264 2522 5333 πραγμάτων
2585 5266 2874 5335 λεγόμενα.
2939 5214 3123 5318 «ἦνοη
3168 5265 3426 5335 rapinam
3465 5262 3762 5314 arbitratus

2181 5343 2280 5398 est,
2312 5335 2510 5403 inquit,
2541 5352 2655 5391 esse
2690 5333 2945 5403 (aqualem
2981 5336 3108 5390 Deo.
3143 5333 3378 5403 Aﬂquale
3398 5333 3465 5387 de
3502 5347 3606 5385 una
3639 5346 3762 5403 μοι-τ

2185 5419 2320 5474 sona
2385 5399 2506 5458 non
2555 5399 2780 5460 dicitur.
2815 5405 2971 5471 Quod
3011 5406 3154 5459 enim
3212 5399 3419 5474 aequale
3445 5409 3560 5474 est,_
3607 5399 3763 5455 alteri

2184 5473 2402 5546 quidem
2463 5485 2548 5528 est
2591 5477 2822 5546 aequale.
2888 5475 3063 5546 Vides
3118 5471 3476 5546 personarum
3530 5471 3763 5546 duarum

486 5541 580 5598 nis
604 5551 828 5597 noverat
851 5543 1145 5612 ὑπόστασιν
1173 5550 1227 5596 et
1255 5541 1634 5612 personamab
1658 5542 1895 5612 essentia
1912 5549 1964 5594 et
1993 5556 2085 5594 na-
2185 5541 2624 5609 Subsistentiam,
2657 5541 2778 5598 'nnn
2833 5541 3133 5612 simplicia
3169 5545 3390 5598 nomina
3429 5543 3551 5612 sine
3602 5541 3765 5594 reum

487 5622 618 5666 tura
643 5627 955 5666 secernere.
981 5609 1136 5666 Unde
1169 5611 1358 5679 paucis
1399 5617 1520 5679 post
1561 5611 1719 5666 lineis
1745 5651 1759 5674 ,
1791 5619 2080 5679 postquam

488 5692 687 5737 contra
716 5683 951 5735 Arianos
991 5697 1057 5736 ex
1085 5677 1332 5748 Apostoli
1367 5677 1430 5733 et
1464 5677 1663 5734 Psaltzc
1691 5677 1872 5736 verbis
1897 5677 2083 5734 intulit

485 5750 691 5807 Filium
740 5767 849 5806 non
892 5767 1014 5808 esse
1060 5767 1300 5815 servum,
1333 5764 1432 5807 nec
1487 5750 1717 5820 proinde
1773 5760 2081 5807 creaturam

2189 5612 2323 5679 ipsis
2350 5615 2660 5669 enuntiata.
2689 5634 2705 5665 ι
2744 5613 2820 5667 Εη
2843 5610 3063 5668 rursum
3085 5614 3470 5668 sanctissimus
3507 5610 3763 5678 Magistrr

2189 5682 2484 5751 πρόσωπον
2505 5700 2602 5752 pro
2629 5702 2855 5754 persona
2888 5685 3208 5740 subsistente
3240 5685 3462 5753 accipit,
3493 5696 3764 5749 nusquam

2154 5793 2163 5808 κ
2191 5768 2319 5808 vero
2356 5769 2453 5822 pro
2486 5765 2682 5809 natura
2706 5764 2754 5808 et
2776 5757 3024 5810 essentia.
