  <div class='ocr_page' id='page_1' title='image "/cluster/home/n/w/nwhite01/storage/ocr_20150623/95:no.2/coo.31924054869999/475.png"; bbox 0 0 4048 6388; ppageno 0'>
   <div class='ocr_carea' id='block_1_1' title="bbox 436 308 555 371">
    <p class='ocr_par' dir='ltr' id='par_1_1' title="bbox 436 308 555 371">
     <span class='ocr_line' id='line_1_1' title="bbox 436 308 555 371; baseline 0.017 -2"><span class='ocrx_word' id='word_1_1' title='bbox 436 308 555 371; x_wconf 74' lang='grc'><strong>’935</strong></span> 
     </span>
    </p>
   </div>
   <div class='ocr_carea' id='block_1_2' title="bbox 1634 299 2565 372">
    <p class='ocr_par' dir='ltr' id='par_1_2' title="bbox 1634 299 2565 372">
     <span class='ocr_line' id='line_1_2' title="bbox 1634 299 2565 372; baseline -0.006 -1"><span class='ocrx_word' id='word_1_2' title='bbox 1634 312 1711 372; x_wconf 81' lang='lat' dir='ltr'><strong>&#39;S.</strong></span> <span class='ocrx_word' id='word_1_3' title='bbox 1739 308 2059 372; x_wconf 85' lang='lat' dir='ltr'><strong>JOANNIS</strong></span> <span class='ocrx_word' id='word_1_4' title='bbox 2096 306 2525 369; x_wconf 70' lang='lat' dir='ltr'><strong>DAMASCENI</strong></span> <span class='ocrx_word' id='word_1_5' title='bbox 2555 299 2565 327; x_wconf 70' lang='lat'><strong>‘</strong></span> 
     </span>
    </p>
   </div>
   <div class='ocr_carea' id='block_1_3' title="bbox 3598 304 3717 370">
    <p class='ocr_par' dir='ltr' id='par_1_3' title="bbox 3598 304 3717 370">
     <span class='ocr_line' id='line_1_3' title="bbox 3598 304 3717 370; baseline 0.008 -1"><span class='ocrx_word' id='word_1_6' title='bbox 3598 304 3717 370; x_wconf 72' lang='lat'><strong>&#39;936</strong></span> 
     </span>
    </p>
   </div>
   <div class='ocr_carea' id='block_1_4' title="bbox 522 413 2013 489">
    <p class='ocr_par' dir='ltr' id='par_1_4' title="bbox 522 413 2013 489">
     <span class='ocr_line' id='line_1_4' title="bbox 522 413 2013 489; baseline 0.003 -22"><span class='ocrx_word' id='word_1_7' title='bbox 522 413 687 469; x_wconf 80' lang='lat' dir='ltr'><strong>Vsus.</strong></span> <span class='ocrx_word' id='word_1_8' title='bbox 727 414 814 469; x_wconf 79' lang='grc'><strong>15.</strong></span> <span class='ocrx_word' id='word_1_9' title='bbox 850 434 868 466; x_wconf 83' lang='grc' dir='ltr'><strong>ι</strong></span> <span class='ocrx_word' id='word_1_10' title='bbox 906 414 984 471; x_wconf 84' lang='lat' dir='ltr'><strong>Ad</strong></span> <span class='ocrx_word' id='word_1_11' title='bbox 1027 430 1189 485; x_wconf 87' lang='lat' dir='ltr'><strong>quem</strong></span> <span class='ocrx_word' id='word_1_12' title='bbox 1226 415 1373 471; x_wconf 86' lang='lat' dir='ltr'><strong>enim</strong></span> <span class='ocrx_word' id='word_1_13' title='bbox 1404 418 1723 489; x_wconf 71' lang='lat' dir='ltr'><strong>angelorum</strong></span> <span class='ocrx_word' id='word_1_14' title='bbox 1758 419 1892 473; x_wconf 80' lang='lat' dir='ltr'><strong>dixit</strong></span> <span class='ocrx_word' id='word_1_15' title='bbox 1926 419 2013 472; x_wconf 19' lang='lat' dir='ltr'><strong>alii</strong></span> 
     </span>
    </p>
   </div>
   <div class='ocr_carea' id='block_1_5' title="bbox 2122 413 3717 489">
    <p class='ocr_par' dir='ltr' id='par_1_5' title="bbox 2221 416 3717 489">
     <span class='ocr_line' id='line_1_5' title="bbox 2221 416 3717 489; baseline 0.002 -19"><span class='ocrx_word' id='word_1_16' title='bbox 2221 438 2239 470; x_wconf 81' lang='grc' dir='ltr'><strong>ι</strong></span> <span class='ocrx_word' id='word_1_17' title='bbox 2274 420 2417 489; x_wconf 83' lang='grc' dir='ltr'>Πρὸς</span> <span class='ocrx_word' id='word_1_18' title='bbox 2469 419 2596 473; x_wconf 85' lang='grc' dir='ltr'>τίνα</span> <span class='ocrx_word' id='word_1_19' title='bbox 2622 417 2680 471; x_wconf 83' lang='grc' dir='ltr'>δὲ</span> <span class='ocrx_word' id='word_1_20' title='bbox 2708 417 2816 471; x_wconf 83' lang='grc' dir='ltr'><strong>τῶν</strong></span> <span class='ocrx_word' id='word_1_21' title='bbox 2873 416 3119 485; x_wconf 69' lang='grc' dir='ltr'>ἀγγέλων</span> <span class='ocrx_word' id='word_1_22' title='bbox 3167 417 3358 487; x_wconf 80' lang='grc' dir='ltr'>εἴρηκέ</span> <span class='ocrx_word' id='word_1_23' title='bbox 3404 433 3567 471; x_wconf 88' lang='grc' dir='ltr'>ποτε·</span> <span class='ocrx_word' id='word_1_24' title='bbox 3602 420 3717 473; x_wconf 79' lang='grc' dir='ltr'><strong>Κά-</strong></span> 
     </span>
    </p>
   </div>
   <div class='ocr_carea' id='block_1_6' title="bbox 449 503 2039 577">
    <p class='ocr_par' dir='ltr' id='par_1_6' title="bbox 449 503 2039 577">
     <span class='ocr_line' id='line_1_6' title="bbox 449 503 2039 577; baseline 0.001 -19"><span class='ocrx_word' id='word_1_25' title='bbox 449 503 670 573; x_wconf 80' lang='lat' dir='ltr'><strong>quando</strong></span> <span class='ocrx_word' id='word_1_26' title='bbox 702 522 714 558; x_wconf 91' lang='lat'><strong>:</strong></span> <span class='ocrx_word' id='word_1_27' title='bbox 752 503 893 558; x_wconf 85' lang='lat' dir='ltr'>Sede</span> <span class='ocrx_word' id='word_1_28' title='bbox 928 519 957 558; x_wconf 91' lang='lat' dir='ltr'><strong>a</strong></span> <span class='ocrx_word' id='word_1_29' title='bbox 992 503 1206 561; x_wconf 83' lang='lat' dir='ltr'><strong>dextris</strong></span> <span class='ocrx_word' id='word_1_30' title='bbox 1236 507 1602 572; x_wconf 89' lang='lat' dir='ltr'><strong>meis,.donce</strong></span> <span class='ocrx_word' id='word_1_31' title='bbox 1630 521 1830 577; x_wconf 87' lang='lat' dir='ltr'><strong>ponam</strong></span> <span class='ocrx_word' id='word_1_32' title='bbox 1863 506 2039 560; x_wconf 86' lang='lat' dir='ltr'><strong>inimi-</strong></span> 
     </span>
    </p>
   </div>
   <div class='ocr_carea' id='block_1_7' title="bbox 446 595 1637 666">
    <p class='ocr_par' dir='ltr' id='par_1_7' title="bbox 446 595 1637 666">
     <span class='ocr_line' id='line_1_7' title="bbox 446 595 1637 666; baseline 0.001 -16"><span class='ocrx_word' id='word_1_33' title='bbox 446 610 545 652; x_wconf 89' lang='lat' dir='ltr'><strong>cos</strong></span> <span class='ocrx_word' id='word_1_34' title='bbox 574 603 700 650; x_wconf 88' lang='lat' dir='ltr'><strong>tuos</strong></span> <span class='ocrx_word' id='word_1_35' title='bbox 743 595 1044 649; x_wconf 86' lang='lat' dir='ltr'><strong>scabellum</strong></span> <span class='ocrx_word' id='word_1_36' title='bbox 1082 598 1280 666; x_wconf 85' lang='lat' dir='ltr'><strong>pedum</strong></span> <span class='ocrx_word' id='word_1_37' title='bbox 1313 599 1580 653; x_wconf 89' lang='lat' dir='ltr'><strong>tuorum?</strong></span> <span class='ocrx_word' id='word_1_38' title='bbox 1617 617 1637 651; x_wconf 72' lang='grc' dir='ltr'><strong>ι</strong></span> 
     </span>
    </p>
   </div>
   <div class='ocr_carea' id='block_1_8' title="bbox 518 685 2036 759">
    <p class='ocr_par' dir='ltr' id='par_1_8' title="bbox 518 685 2036 759">
     <span class='ocr_line' id='line_1_8' title="bbox 518 685 2036 759; baseline 0.003 -21"><span class='ocrx_word' id='word_1_39' title='bbox 518 686 740 750; x_wconf 89' lang='lat' dir='ltr'><strong>lterum,</strong></span> <span class='ocrx_word' id='word_1_40' title='bbox 785 686 928 749; x_wconf 81' lang='lat' dir='ltr'><strong>sede,</strong></span> <span class='ocrx_word' id='word_1_41' title='bbox 950 685 1168 741; x_wconf 91' lang='lat' dir='ltr'><strong>dictum</strong></span> <span class='ocrx_word' id='word_1_42' title='bbox 1203 695 1311 753; x_wconf 88' lang='lat' dir='ltr'><strong>est,</strong></span> <span class='ocrx_word' id='word_1_43' title='bbox 1347 698 1570 759; x_wconf 75' lang='lat' dir='ltr'><strong>propter</strong></span> <span class='ocrx_word' id='word_1_44' title='bbox 1601 687 2036 759; x_wconf 75' lang='lat' dir='ltr'><strong>dispensationis</strong></span> 
     </span>
    </p>
   </div>
   <div class='ocr_carea' id='block_1_9' title="bbox 883 778 2037 850">
    <p class='ocr_par' dir='ltr' id='par_1_9' title="bbox 883 778 2037 850">
     <span class='ocr_line' id='line_1_9' title="bbox 883 778 2037 850; baseline 0.003 -19"><span class='ocrx_word' id='word_1_45' title='bbox 883 784 942 831; x_wconf 92' lang='lat' dir='ltr'><strong>ut</strong></span> <span class='ocrx_word' id='word_1_46' title='bbox 970 778 1246 835; x_wconf 80' lang='lat' dir='ltr'><strong>discamus</strong></span> <span class='ocrx_word' id='word_1_47' title='bbox 1281 795 1406 835; x_wconf 90' lang='lat' dir='ltr'><strong>eum</strong></span> <span class='ocrx_word' id='word_1_48' title='bbox 1438 781 1530 849; x_wconf 89' lang='lat' dir='ltr'><strong>qui</strong></span> <span class='ocrx_word' id='word_1_49' title='bbox 1563 782 1806 850; x_wconf 76' lang='lat' dir='ltr'><strong>scipsum</strong></span> <span class='ocrx_word' id='word_1_50' title='bbox 1856 780 2037 836; x_wconf 85' lang='lat' dir='ltr'><strong>humi-</strong></span> 
     </span>
    </p>
   </div>
   <div class='ocr_carea' id='block_1_10' title="bbox 444 777 800 851">
    <p class='ocr_par' dir='ltr' id='par_1_10' title="bbox 444 777 800 851">
     <span class='ocr_line' id='line_1_10' title="bbox 444 777 800 851; baseline 0.014 -24"><span class='ocrx_word' id='word_1_51' title='bbox 444 777 760 851; x_wconf 82' lang='lat' dir='ltr'><strong>mysterium</strong></span> <span class='ocrx_word' id='word_1_52' title='bbox 785 817 800 842; x_wconf 91' lang='lat'><strong>,</strong></span> 
     </span>
    </p>
   </div>
   <div class='ocr_carea' id='block_1_11' title="bbox 2140 505 3717 580">
    <p class='ocr_par' dir='ltr' id='par_1_11' title="bbox 2140 505 3717 580">
     <span class='ocr_line' id='line_1_11' title="bbox 2140 505 3717 580; baseline 0 -18"><span class='ocrx_word' id='word_1_53' title='bbox 2140 509 2232 562; x_wconf 88' lang='grc' dir='ltr'><strong>θου</strong></span> <span class='ocrx_word' id='word_1_54' title='bbox 2268 511 2335 561; x_wconf 84' lang='grc' dir='ltr'>ὲκ</span> <span class='ocrx_word' id='word_1_55' title='bbox 2364 508 2554 576; x_wconf 80' lang='grc' dir='ltr'>δεξιῶν</span> <span class='ocrx_word' id='word_1_56' title='bbox 2623 526 2749 580; x_wconf 88' lang='grc' dir='ltr'>μου,</span> <span class='ocrx_word' id='word_1_57' title='bbox 2798 508 2903 573; x_wconf 73' lang='grc' dir='ltr'>ἕως</span> <span class='ocrx_word' id='word_1_58' title='bbox 2956 508 3022 561; x_wconf 80' lang='grc' dir='ltr'>ἂν</span> <span class='ocrx_word' id='word_1_59' title='bbox 3061 506 3139 561; x_wconf 87' lang='grc' dir='ltr'>θῶ</span> <span class='ocrx_word' id='word_1_60' title='bbox 3170 507 3296 569; x_wconf 78' lang='grc' dir='ltr'>τοὺς</span> <span class='ocrx_word' id='word_1_61' title='bbox 3344 505 3573 578; x_wconf 76' lang='grc' dir='ltr'>ἐχθρούς</span> <span class='ocrx_word' id='word_1_62' title='bbox 3621 525 3717 562; x_wconf 82' lang='grc' dir='ltr'><strong>σου</strong></span> 
     </span>
    </p>
   </div>
   <div class='ocr_carea' id='block_1_12' title="bbox 2139 600 2984 667">
    <p class='ocr_par' dir='ltr' id='par_1_12' title="bbox 2139 600 2984 667">
     <span class='ocr_line' id='line_1_12' title="bbox 2139 600 2984 667; baseline -0.002 -14"><span class='ocrx_word' id='word_1_63' title='bbox 2139 600 2428 654; x_wconf 86' lang='grc' dir='ltr'>ὑποπόδιον</span> <span class='ocrx_word' id='word_1_64' title='bbox 2459 601 2569 655; x_wconf 85' lang='grc' dir='ltr'><strong>τῶν</strong></span> <span class='ocrx_word' id='word_1_65' title='bbox 2607 600 2781 655; x_wconf 83' lang='grc' dir='ltr'><strong>ποδῶν</strong></span> <span class='ocrx_word' id='word_1_66' title='bbox 2807 618 2934 667; x_wconf 89' lang='grc' dir='ltr'>σου;</span> <span class='ocrx_word' id='word_1_67' title='bbox 2967 619 2984 651; x_wconf 78' lang='grc' dir='ltr'><strong>ι</strong></span> 
     </span>
    </p>
   </div>
   <div class='ocr_carea' id='block_1_13' title="bbox 2206 691 3719 764">
    <p class='ocr_par' dir='ltr' id='par_1_13' title="bbox 2206 691 3719 764">
     <span class='ocr_line' id='line_1_13' title="bbox 2206 691 3719 764; baseline 0 -19"><span class='ocrx_word' id='word_1_68' title='bbox 2206 692 2378 747; x_wconf 81' lang='grc' dir='ltr'>Πάλιν</span> <span class='ocrx_word' id='word_1_69' title='bbox 2410 692 2491 758; x_wconf 81' lang='grc' dir='ltr'><strong>τὺ,</strong></span> <span class='ocrx_word' id='word_1_70' title='bbox 2527 693 2735 759; x_wconf 82' lang='grc' dir='ltr'><strong>κάθου,</strong></span> <span class='ocrx_word' id='word_1_71' title='bbox 2768 693 2856 747; x_wconf 82' lang='grc' dir='ltr'>διὰ</span> <span class='ocrx_word' id='word_1_72' title='bbox 2885 694 2945 746; x_wconf 80' lang='grc' dir='ltr'>τὸ</span> <span class='ocrx_word' id='word_1_73' title='bbox 2976 693 3076 764; x_wconf 85' lang='grc' dir='ltr'><strong>τῆς</strong></span> <span class='ocrx_word' id='word_1_74' title='bbox 3124 691 3441 761; x_wconf 77' lang='grc' dir='ltr'><strong>οἰκονομίας</strong></span> <span class='ocrx_word' id='word_1_75' title='bbox 3505 693 3719 762; x_wconf 85' lang='grc' dir='ltr'>μυστή-</span> 
     </span>
    </p>
   </div>
   <div class='ocr_carea' id='block_1_14' title="bbox 2139 780 3743 853">
    <p class='ocr_par' dir='ltr' id='par_1_14' title="bbox 2139 780 3743 853">
     <span class='ocr_line' id='line_1_14' title="bbox 2139 780 3743 853; baseline -0.001 -17"><span class='ocrx_word' id='word_1_76' title='bbox 2139 796 2255 853; x_wconf 89' lang='grc' dir='ltr'>ριον</span> <span class='ocrx_word' id='word_1_77' title='bbox 2309 782 2582 847; x_wconf 77' lang='grc' dir='ltr'>λέλεκται,</span> <span class='ocrx_word' id='word_1_78' title='bbox 2630 781 2722 836; x_wconf 72' lang='grc' dir='ltr'><strong>ἵνα</strong></span> <span class='ocrx_word' id='word_1_79' title='bbox 2777 782 3061 852; x_wconf 78' lang='grc' dir='ltr'><strong>μάθωμεν,</strong></span> <span class='ocrx_word' id='word_1_80' title='bbox 3093 781 3170 844; x_wconf 85' lang='grc' dir='ltr'>ὡς</span> <span class='ocrx_word' id='word_1_81' title='bbox 3204 782 3301 836; x_wconf 79' lang='grc' dir='ltr'>καὶ</span> <span class='ocrx_word' id='word_1_82' title='bbox 3361 780 3743 845; x_wconf 62' lang='grc' dir='ltr'>ταπεινώσας,</span> 
     </span>
    </p>
   </div>
   <div class='ocr_carea' id='block_1_15' title="bbox 444 867 2013 943">
    <p class='ocr_par' dir='ltr' id='par_1_15' title="bbox 444 867 2013 943">
     <span class='ocr_line' id='line_1_15' title="bbox 444 867 2013 943; baseline 0.006 -24"><span class='ocrx_word' id='word_1_83' title='bbox 444 867 621 935; x_wconf 89' lang='lat' dir='ltr'><strong>liavit,</strong></span> <span class='ocrx_word' id='word_1_84' title='bbox 647 879 701 922; x_wconf 88' lang='lat' dir='ltr'><strong>et</strong></span> <span class='ocrx_word' id='word_1_85' title='bbox 725 867 908 925; x_wconf 82' lang='lat' dir='ltr'><strong>factus</strong></span> <span class='ocrx_word' id='word_1_86' title='bbox 938 870 1105 925; x_wconf 91' lang='lat' dir='ltr'><strong>homo</strong></span> <span class='ocrx_word' id='word_1_87' title='bbox 1135 880 1241 938; x_wconf 90' lang='lat' dir='ltr'><strong>est,</strong></span> <span class='ocrx_word' id='word_1_88' title='bbox 1269 872 1499 943; x_wconf 78' lang='lat' dir='ltr'><strong>perinde</strong></span> <span class='ocrx_word' id='word_1_89' title='bbox 1524 872 1698 928; x_wconf 78' lang='lat' dir='ltr'><strong>Deum</strong></span> <span class='ocrx_word' id='word_1_90' title='bbox 1725 889 1872 940; x_wconf 85' lang='lat' dir='ltr'><strong>esse,</strong></span> <span class='ocrx_word' id='word_1_91' title='bbox 1896 885 1951 930; x_wconf 86' lang='lat' dir='ltr'><strong>et</strong></span> <span class='ocrx_word' id='word_1_92' title='bbox 1978 875 2013 930; x_wconf 82' lang='lat' dir='ltr'><strong>it</strong></span> 
     </span>
    </p>
   </div>
   <div class='ocr_carea' id='block_1_16' title="bbox 2122 867 3718 943">
    <p class='ocr_par' dir='ltr' id='par_1_16' title="bbox 2136 871 3718 942">
     <span class='ocr_line' id='line_1_16' title="bbox 2136 871 3718 942; baseline -0.001 -17"><span class='ocrx_word' id='word_1_93' title='bbox 2136 871 2349 937; x_wconf 75' lang='grc' dir='ltr'>ἑαυτὸν,</span> <span class='ocrx_word' id='word_1_94' title='bbox 2382 872 2478 925; x_wconf 80' lang='grc' dir='ltr'>καὶ</span> <span class='ocrx_word' id='word_1_95' title='bbox 2508 872 2799 942; x_wconf 82' lang='grc' dir='ltr'>γενόμενος</span> <span class='ocrx_word' id='word_1_96' title='bbox 2836 871 3143 942; x_wconf 79' lang='grc' dir='ltr'>ἄνθρωπος,</span> <span class='ocrx_word' id='word_1_97' title='bbox 3179 871 3345 926; x_wconf 79' lang='grc' dir='ltr'>πάλιν</span> <span class='ocrx_word' id='word_1_98' title='bbox 3382 873 3512 926; x_wconf 67' lang='grc' dir='ltr'>ἐστὶ</span> <span class='ocrx_word' id='word_1_99' title='bbox 3559 871 3718 935; x_wconf 76' lang='grc' dir='ltr'>Θεὸς,</span> 
     </span>
    </p>
   </div>
   <div class='ocr_carea' id='block_1_17' title="bbox 444 957 1242 1032">
    <p class='ocr_par' dir='ltr' id='par_1_17' title="bbox 444 957 1242 1032">
     <span class='ocr_line' id='line_1_17' title="bbox 444 957 1242 1032; baseline 0.003 -20"><span class='ocrx_word' id='word_1_100' title='bbox 444 957 887 1013; x_wconf 86' lang='lat' dir='ltr'><strong>sublimitatibus</strong></span> <span class='ocrx_word' id='word_1_101' title='bbox 917 960 1035 1015; x_wconf 91' lang='lat' dir='ltr'><strong>suis</strong></span> <span class='ocrx_word' id='word_1_102' title='bbox 1060 974 1242 1032; x_wconf 86' lang='lat' dir='ltr'><strong>agere.</strong></span> 
     </span>
    </p>
   </div>
   <div class='ocr_carea' id='block_1_18' title="bbox 514 1044 2035 1111">
    <p class='ocr_par' dir='ltr' id='par_1_18' title="bbox 514 1044 2035 1111">
     <span class='ocr_line' id='line_1_18' title="bbox 514 1044 2035 1111; baseline 0.005 -10"><span class='ocrx_word' id='word_1_103' title='bbox 514 1046 682 1103; x_wconf 76' lang='lat' dir='ltr'><strong>Vsus.</strong></span> <span class='ocrx_word' id='word_1_104' title='bbox 743 1048 829 1102; x_wconf 76' lang='grc'><strong>14.</strong></span> <span class='ocrx_word' id='word_1_105' title='bbox 887 1067 907 1100; x_wconf 77' lang='grc' dir='ltr'><strong>ι</strong></span> <span class='ocrx_word' id='word_1_106' title='bbox 941 1049 1137 1107; x_wconf 82' lang='lat' dir='ltr'><strong>Nonne</strong></span> <span class='ocrx_word' id='word_1_107' title='bbox 1164 1067 1359 1107; x_wconf 90' lang='lat' dir='ltr'><strong>omnes</strong></span> <span class='ocrx_word' id='word_1_108' title='bbox 1397 1060 1525 1107; x_wconf 91' lang='lat' dir='ltr'><strong>sunt</strong></span> <span class='ocrx_word' id='word_1_109' title='bbox 1575 1044 2035 1111; x_wconf 73' lang='lat' dir='ltr'><strong>administratorii</strong></span> 
     </span>
    </p>
   </div>
   <div class='ocr_carea' id='block_1_19' title="bbox 2135 961 3059 1032">
    <p class='ocr_par' dir='ltr' id='par_1_19' title="bbox 2135 961 3059 1032">
     <span class='ocr_line' id='line_1_19' title="bbox 2135 961 3059 1032; baseline 0.001 -16"><span class='ocrx_word' id='word_1_110' title='bbox 2135 963 2231 1016; x_wconf 73' lang='grc' dir='ltr'>καὶ</span> <span class='ocrx_word' id='word_1_111' title='bbox 2266 963 2324 1015; x_wconf 79' lang='grc' dir='ltr'>ὲν</span> <span class='ocrx_word' id='word_1_112' title='bbox 2343 964 2459 1025; x_wconf 84' lang='grc' dir='ltr'>τοῖς</span> <span class='ocrx_word' id='word_1_113' title='bbox 2484 961 2710 1025; x_wconf 73' lang='grc' dir='ltr'>οἰκείοις</span> <span class='ocrx_word' id='word_1_114' title='bbox 2747 961 3059 1032; x_wconf 83' lang='grc' dir='ltr'>ὑψώμασιν.</span> 
     </span>
    </p>
   </div>
   <div class='ocr_carea' id='block_1_20' title="bbox 2209 1053 3720 1126">
    <p class='ocr_par' dir='ltr' id='par_1_20' title="bbox 2209 1053 3720 1126">
     <span class='ocr_line' id='line_1_20' title="bbox 2209 1053 3720 1126; baseline 0.001 -20"><span class='ocrx_word' id='word_1_115' title='bbox 2209 1073 2229 1106; x_wconf 77' lang='grc' dir='ltr'><strong>ι</strong></span> <span class='ocrx_word' id='word_1_116' title='bbox 2269 1053 2405 1124; x_wconf 80' lang='grc' dir='ltr'><strong>Οὐχὶ</strong></span> <span class='ocrx_word' id='word_1_117' title='bbox 2444 1054 2647 1116; x_wconf 84' lang='grc' dir='ltr'>πάντες</span> <span class='ocrx_word' id='word_1_118' title='bbox 2700 1053 2809 1106; x_wconf 74' lang='grc' dir='ltr'>εἰσὶ</span> <span class='ocrx_word' id='word_1_119' title='bbox 2861 1053 3212 1124; x_wconf 80' lang='grc' dir='ltr'>λειτουργικὰ</span> <span class='ocrx_word' id='word_1_120' title='bbox 3259 1053 3573 1126; x_wconf 81' lang='grc' dir='ltr'>πνεύματα,</span> <span class='ocrx_word' id='word_1_121' title='bbox 3632 1056 3720 1120; x_wconf 78' lang='grc' dir='ltr'><strong>είς</strong></span> 
     </span>
    </p>
   </div>
   <div class='ocr_carea' id='block_1_21' title="bbox 444 1137 2013 1218">
    <p class='ocr_par' dir='ltr' id='par_1_21' title="bbox 444 1138 2013 1216">
     <span class='ocr_line' id='line_1_21' title="bbox 444 1138 2013 1216; baseline 0.005 -23"><span class='ocrx_word' id='word_1_122' title='bbox 444 1138 694 1208; x_wconf 75' lang='lat' dir='ltr'><strong>spiritus,</strong></span> <span class='ocrx_word' id='word_1_123' title='bbox 750 1143 807 1194; x_wconf 89' lang='lat' dir='ltr'><strong>in</strong></span> <span class='ocrx_word' id='word_1_124' title='bbox 860 1141 1231 1196; x_wconf 70' lang='lat' dir='ltr'><strong>ministerium</strong></span> <span class='ocrx_word' id='word_1_125' title='bbox 1280 1143 1439 1198; x_wconf 88' lang='lat' dir='ltr'><strong>missi</strong></span> <span class='ocrx_word' id='word_1_126' title='bbox 1504 1152 1737 1215; x_wconf 77' lang='lat' dir='ltr'><strong>propter</strong></span> <span class='ocrx_word' id='word_1_127' title='bbox 1785 1159 1887 1200; x_wconf 88' lang='lat' dir='ltr'><strong>eos</strong></span> <span class='ocrx_word' id='word_1_128' title='bbox 1940 1162 2013 1216; x_wconf 89' lang='lat' dir='ltr'><strong>qu</strong></span> 
     </span>
    </p>
   </div>
   <div class='ocr_carea' id='block_1_22' title="bbox 2122 1137 3719 1218">
    <p class='ocr_par' dir='ltr' id='par_1_22' title="bbox 2132 1143 3719 1218">
     <span class='ocr_line' id='line_1_22' title="bbox 2132 1143 3719 1218; baseline 0.003 -21"><span class='ocrx_word' id='word_1_129' title='bbox 2132 1143 2411 1198; x_wconf 80' lang='grc' dir='ltr'>διακονίαν</span> <span class='ocrx_word' id='word_1_130' title='bbox 2431 1143 2897 1215; x_wconf 82' lang='grc' dir='ltr'><strong>ἀποστελλόμενα,</strong></span> <span class='ocrx_word' id='word_1_131' title='bbox 2922 1145 3011 1199; x_wconf 78' lang='grc' dir='ltr'>διὰ</span> <span class='ocrx_word' id='word_1_132' title='bbox 3034 1146 3164 1211; x_wconf 84' lang='grc' dir='ltr'>τοὺς</span> <span class='ocrx_word' id='word_1_133' title='bbox 3193 1146 3492 1218; x_wconf 84' lang='grc' dir='ltr'>μέλλοντας</span> <span class='ocrx_word' id='word_1_134' title='bbox 3516 1146 3719 1217; x_wconf 82' lang='grc' dir='ltr'>κληρο-</span> 
     </span>
    </p>
   </div>
   <div class='ocr_carea' id='block_1_23' title="bbox 444 1228 1402 1300">
    <p class='ocr_par' dir='ltr' id='par_1_23' title="bbox 444 1228 1402 1300">
     <span class='ocr_line' id='line_1_23' title="bbox 444 1228 1402 1300; baseline 0.002 -17"><span class='ocrx_word' id='word_1_135' title='bbox 444 1228 823 1284; x_wconf 73' lang='lat' dir='ltr'><strong>baereditatem</strong></span> <span class='ocrx_word' id='word_1_136' title='bbox 862 1232 1083 1300; x_wconf 81' lang='lat' dir='ltr'><strong>capient</strong></span> <span class='ocrx_word' id='word_1_137' title='bbox 1109 1232 1348 1286; x_wconf 78' lang='lat' dir='ltr'><strong>salutis?</strong></span> <span class='ocrx_word' id='word_1_138' title='bbox 1380 1250 1402 1285; x_wconf 77' lang='grc' dir='ltr'><strong>ι</strong></span> 
     </span>
    </p>
   </div>
   <div class='ocr_carea' id='block_1_24' title="bbox 514 1319 2031 1395">
    <p class='ocr_par' dir='ltr' id='par_1_24' title="bbox 514 1319 2031 1395">
     <span class='ocr_line' id='line_1_24' title="bbox 514 1319 2031 1395; baseline 0.005 -24"><span class='ocrx_word' id='word_1_139' title='bbox 514 1319 717 1389; x_wconf 84' lang='lat' dir='ltr'><strong>Aspice</strong></span> <span class='ocrx_word' id='word_1_140' title='bbox 745 1328 957 1389; x_wconf 88' lang='lat' dir='ltr'><strong>quanta</strong></span> <span class='ocrx_word' id='word_1_141' title='bbox 1008 1321 1156 1376; x_wconf 88' lang='lat' dir='ltr'><strong>inter</strong></span> <span class='ocrx_word' id='word_1_142' title='bbox 1205 1321 1385 1391; x_wconf 91' lang='lat' dir='ltr'><strong>ipsum</strong></span> <span class='ocrx_word' id='word_1_143' title='bbox 1441 1331 1607 1393; x_wconf 87' lang='lat' dir='ltr'><strong>atque</strong></span> <span class='ocrx_word' id='word_1_144' title='bbox 1660 1324 1917 1395; x_wconf 86' lang='lat' dir='ltr'><strong>angelum</strong></span> <span class='ocrx_word' id='word_1_145' title='bbox 1946 1324 2031 1379; x_wconf 85' lang='lat' dir='ltr'><strong>di-</strong></span> 
     </span>
    </p>
   </div>
   <div class='ocr_carea' id='block_1_25' title="bbox 446 1414 2030 1487">
    <p class='ocr_par' dir='ltr' id='par_1_25' title="bbox 446 1414 2030 1487">
     <span class='ocr_line' id='line_1_25' title="bbox 446 1414 2030 1487; baseline 0.004 -21"><span class='ocrx_word' id='word_1_146' title='bbox 446 1415 654 1468; x_wconf 82' lang='lat' dir='ltr'><strong>stantia</strong></span> <span class='ocrx_word' id='word_1_147' title='bbox 693 1422 801 1479; x_wconf 84' lang='lat' dir='ltr'><strong>est,</strong></span> <span class='ocrx_word' id='word_1_148' title='bbox 847 1416 1071 1484; x_wconf 83' lang='lat' dir='ltr'><strong>quando</strong></span> <span class='ocrx_word' id='word_1_149' title='bbox 1113 1414 1373 1470; x_wconf 87' lang='lat' dir='ltr'><strong>nimirum</strong></span> <span class='ocrx_word' id='word_1_150' title='bbox 1413 1416 1506 1471; x_wconf 88' lang='lat' dir='ltr'><strong>ille</strong></span> <span class='ocrx_word' id='word_1_151' title='bbox 1550 1416 1775 1487; x_wconf 88' lang='lat' dir='ltr'><strong>quidem</strong></span> <span class='ocrx_word' id='word_1_152' title='bbox 1808 1432 2030 1473; x_wconf 88' lang='lat' dir='ltr'><strong>sursum</strong></span> 
     </span>
    </p>
   </div>
   <div class='ocr_carea' id='block_1_26' title="bbox 446 1505 2029 1579">
    <p class='ocr_par' dir='ltr' id='par_1_26' title="bbox 446 1505 2029 1579">
     <span class='ocr_line' id='line_1_26' title="bbox 446 1505 2029 1579; baseline 0.003 -20"><span class='ocrx_word' id='word_1_153' title='bbox 446 1506 631 1566; x_wconf 73' lang='lat' dir='ltr'><strong>sedet,</strong></span> <span class='ocrx_word' id='word_1_154' title='bbox 671 1505 726 1558; x_wconf 90' lang='lat' dir='ltr'><strong>hi</strong></span> <span class='ocrx_word' id='word_1_155' title='bbox 760 1505 887 1560; x_wconf 62' lang='lat' dir='ltr'><strong>iero</strong></span> <span class='ocrx_word' id='word_1_156' title='bbox 920 1506 1061 1560; x_wconf 82' lang='lat' dir='ltr'><strong>infra</strong></span> <span class='ocrx_word' id='word_1_157' title='bbox 1104 1506 1425 1561; x_wconf 81' lang='lat' dir='ltr'><strong>ministrant</strong></span> <span class='ocrx_word' id='word_1_158' title='bbox 1476 1507 1607 1579; x_wconf 80' lang='lat' dir='ltr'><strong>ipsi.</strong></span> <span class='ocrx_word' id='word_1_159' title='bbox 1665 1509 1802 1563; x_wconf 86' lang='lat' dir='ltr'><strong>Dum</strong></span> <span class='ocrx_word' id='word_1_160' title='bbox 1847 1518 2029 1563; x_wconf 84' lang='lat' dir='ltr'><strong>autem</strong></span> 
     </span>
    </p>
   </div>
   <div class='ocr_carea' id='block_1_27' title="bbox 443 1597 2030 1666">
    <p class='ocr_par' dir='ltr' id='par_1_27' title="bbox 443 1597 2030 1666">
     <span class='ocr_line' id='line_1_27' title="bbox 443 1597 2030 1666; baseline 0.003 -17"><span class='ocrx_word' id='word_1_161' title='bbox 443 1597 674 1664; x_wconf 84' lang='lat' dir='ltr'><strong>angelos</strong></span> <span class='ocrx_word' id='word_1_162' title='bbox 720 1599 786 1650; x_wconf 88' lang='lat' dir='ltr'><strong>ad</strong></span> <span class='ocrx_word' id='word_1_163' title='bbox 836 1597 1263 1652; x_wconf 83' lang='lat' dir='ltr'><strong>ministrandum</strong></span> <span class='ocrx_word' id='word_1_164' title='bbox 1294 1613 1418 1654; x_wconf 89' lang='lat' dir='ltr'><strong>esse</strong></span> <span class='ocrx_word' id='word_1_165' title='bbox 1460 1602 1661 1656; x_wconf 87' lang='lat' dir='ltr'><strong>missos</strong></span> <span class='ocrx_word' id='word_1_166' title='bbox 1689 1600 1849 1666; x_wconf 80' lang='lat' dir='ltr'><strong>dixit,</strong></span> <span class='ocrx_word' id='word_1_167' title='bbox 1886 1600 2030 1656; x_wconf 75' lang='lat' dir='ltr'><strong>refo-</strong></span> 
     </span>
    </p>
   </div>
   <div class='ocr_carea' id='block_1_28' title="bbox 439 1691 2026 1762">
    <p class='ocr_par' dir='ltr' id='par_1_28' title="bbox 439 1691 2026 1762">
     <span class='ocr_line' id='line_1_28' title="bbox 439 1691 2026 1762; baseline 0.003 -17"><span class='ocrx_word' id='word_1_168' title='bbox 439 1691 640 1745; x_wconf 88' lang='lat' dir='ltr'><strong>cillavit</strong></span> <span class='ocrx_word' id='word_1_169' title='bbox 693 1707 789 1747; x_wconf 90' lang='lat' dir='ltr'><strong>eos</strong></span> <span class='ocrx_word' id='word_1_170' title='bbox 864 1693 957 1761; x_wconf 87' lang='lat' dir='ltr'><strong>qui</strong></span> <span class='ocrx_word' id='word_1_171' title='bbox 1030 1692 1085 1747; x_wconf 91' lang='lat' dir='ltr'><strong>in</strong></span> <span class='ocrx_word' id='word_1_172' title='bbox 1159 1693 1558 1750; x_wconf 88' lang='lat' dir='ltr'><strong>tentationibus</strong></span> <span class='ocrx_word' id='word_1_173' title='bbox 1632 1696 2026 1762; x_wconf 75' lang='lat' dir='ltr'><strong>conciderant;</strong></span> 
     </span>
    </p>
   </div>
   <div class='ocr_carea' id='block_1_29' title="bbox 2128 1237 2692 1307">
    <p class='ocr_par' dir='ltr' id='par_1_29' title="bbox 2128 1237 2692 1307">
     <span class='ocr_line' id='line_1_29' title="bbox 2128 1237 2692 1307; baseline 0 -18"><span class='ocrx_word' id='word_1_174' title='bbox 2128 1238 2318 1307; x_wconf 85' lang='grc' dir='ltr'>νομεῖν</span> <span class='ocrx_word' id='word_1_175' title='bbox 2352 1237 2627 1307; x_wconf 81' lang='grc' dir='ltr'><strong>σωτηρίαν</strong></span> <span class='ocrx_word' id='word_1_176' title='bbox 2646 1254 2692 1303; x_wconf 72' lang='grc' dir='ltr'><strong>,ι</strong></span> 
     </span>
    </p>
   </div>
   <div class='ocr_carea' id='block_1_30' title="bbox 2219 1326 3717 1400">
    <p class='ocr_par' dir='ltr' id='par_1_30' title="bbox 2219 1326 3717 1400">
     <span class='ocr_line' id='line_1_30' title="bbox 2219 1326 3717 1400; baseline 0.002 -20"><span class='ocrx_word' id='word_1_177' title='bbox 2219 1328 2360 1399; x_wconf 83' lang='grc' dir='ltr'>Ὅρα</span> <span class='ocrx_word' id='word_1_178' title='bbox 2386 1330 2553 1383; x_wconf 88' lang='grc' dir='ltr'>πόσον</span> <span class='ocrx_word' id='word_1_179' title='bbox 2615 1328 2749 1400; x_wconf 73' lang='grc' dir='ltr'>πρὸς</span> <span class='ocrx_word' id='word_1_180' title='bbox 2790 1327 2954 1381; x_wconf 79' lang='grc' dir='ltr'>αὐτὸν</span> <span class='ocrx_word' id='word_1_181' title='bbox 3006 1327 3118 1381; x_wconf 85' lang='grc' dir='ltr'><strong>τῶν</strong></span> <span class='ocrx_word' id='word_1_182' title='bbox 3162 1326 3410 1396; x_wconf 66' lang='grc' dir='ltr'>ἀγγέλων</span> <span class='ocrx_word' id='word_1_183' title='bbox 3432 1327 3496 1381; x_wconf 81' lang='grc' dir='ltr'><strong>τδ</strong></span> <span class='ocrx_word' id='word_1_184' title='bbox 3525 1329 3717 1399; x_wconf 80' lang='grc' dir='ltr'>μέσον,</span> 
     </span>
    </p>
   </div>
   <div class='ocr_carea' id='block_1_31' title="bbox 2130 1419 3720 1491">
    <p class='ocr_par' dir='ltr' id='par_1_31' title="bbox 2130 1419 3720 1491">
     <span class='ocr_line' id='line_1_31' title="bbox 2130 1419 3720 1491; baseline 0.001 -19"><span class='ocrx_word' id='word_1_185' title='bbox 2130 1419 2269 1473; x_wconf 75' lang='grc' dir='ltr'>ὅπου</span> <span class='ocrx_word' id='word_1_186' title='bbox 2329 1436 2415 1488; x_wconf 82' lang='grc' dir='ltr'><strong>γε,</strong></span> <span class='ocrx_word' id='word_1_187' title='bbox 2440 1422 2471 1473; x_wconf 85' lang='grc' dir='ltr'><strong>ό</strong></span> <span class='ocrx_word' id='word_1_188' title='bbox 2498 1419 2599 1491; x_wconf 87' lang='grc' dir='ltr'>μὲν</span> <span class='ocrx_word' id='word_1_189' title='bbox 2652 1419 2890 1489; x_wconf 81' lang='grc' dir='ltr'>κάθηται</span> <span class='ocrx_word' id='word_1_190' title='bbox 2952 1420 3070 1474; x_wconf 67' lang='grc' dir='ltr'>’ἄνω</span> <span class='ocrx_word' id='word_1_191' title='bbox 3090 1458 3113 1486; x_wconf 48' lang='grc' dir='ltr'>λ,</span> <span class='ocrx_word' id='word_1_192' title='bbox 3134 1421 3183 1472; x_wconf 83' lang='grc' dir='ltr'>οἱ</span> <span class='ocrx_word' id='word_1_193' title='bbox 3217 1420 3275 1474; x_wconf 82' lang='grc' dir='ltr'>δὲ</span> <span class='ocrx_word' id='word_1_194' title='bbox 3302 1419 3720 1490; x_wconf 77' lang='grc' dir='ltr'>λειτουργοῦσιν</span> 
     </span>
    </p>
   </div>
   <div class='ocr_carea' id='block_1_32' title="bbox 2131 1506 3715 1580">
    <p class='ocr_par' dir='ltr' id='par_1_32' title="bbox 2131 1506 3715 1580">
     <span class='ocr_line' id='line_1_32' title="bbox 2131 1506 3715 1580; baseline -0.003 -16"><span class='ocrx_word' id='word_1_195' title='bbox 2131 1508 2284 1579; x_wconf 86' lang='grc' dir='ltr'><strong>αὐτῷ</strong></span> <span class='ocrx_word' id='word_1_196' title='bbox 2330 1508 2503 1565; x_wconf 79' lang='grc' dir='ltr'>κάτω.</span> <span class='ocrx_word' id='word_1_197' title='bbox 2538 1509 2692 1580; x_wconf 78' lang='grc' dir='ltr'>’Ἅμα</span> <span class='ocrx_word' id='word_1_198' title='bbox 2729 1508 2787 1562; x_wconf 80' lang='grc' dir='ltr'>δὲ</span> <span class='ocrx_word' id='word_1_199' title='bbox 2815 1508 2896 1571; x_wconf 77' lang='grc' dir='ltr'><strong>είς</strong></span> <span class='ocrx_word' id='word_1_200' title='bbox 2956 1507 3232 1560; x_wconf 81' lang='grc' dir='ltr'>διακονίαν</span> <span class='ocrx_word' id='word_1_201' title='bbox 3281 1506 3715 1562; x_wconf 77' lang='grc' dir='ltr'>ἀποστέλλεσθαι</span> 
     </span>
    </p>
   </div>
   <div class='ocr_carea' id='block_1_33' title="bbox 2129 1598 3712 1670">
    <p class='ocr_par' dir='ltr' id='par_1_33' title="bbox 2129 1598 3712 1670">
     <span class='ocr_line' id='line_1_33' title="bbox 2129 1598 3712 1670; baseline 0 -19"><span class='ocrx_word' id='word_1_202' title='bbox 2129 1600 2257 1663; x_wconf 80' lang='grc' dir='ltr'>τοὺς</span> <span class='ocrx_word' id='word_1_203' title='bbox 2291 1599 2562 1668; x_wconf 83' lang='grc' dir='ltr'><strong>ἀγγέλους</strong></span> <span class='ocrx_word' id='word_1_204' title='bbox 2619 1600 2811 1666; x_wconf 78' lang='grc' dir='ltr'>εἰπὼν,</span> <span class='ocrx_word' id='word_1_205' title='bbox 2860 1598 3210 1669; x_wconf 77' lang='grc' dir='ltr'>’ἀνεκτήσατο</span> <span class='ocrx_word' id='word_1_206' title='bbox 3233 1598 3363 1663; x_wconf 77' lang='grc' dir='ltr'>τοὺς</span> <span class='ocrx_word' id='word_1_207' title='bbox 3405 1599 3712 1670; x_wconf 69' lang='grc' dir='ltr'>ἀπειρηκῶ</span> 
     </span>
    </p>
   </div>
   <div class='ocr_carea' id='block_1_34' title="bbox 2130 1691 3714 1763">
    <p class='ocr_par' dir='ltr' id='par_1_34' title="bbox 2130 1691 3714 1763">
     <span class='ocr_line' id='line_1_34' title="bbox 2130 1691 3714 1763; baseline -0.001 -18"><span class='ocrx_word' id='word_1_208' title='bbox 2130 1709 2230 1756; x_wconf 90' lang='grc' dir='ltr'><strong>τας</strong></span> <span class='ocrx_word' id='word_1_209' title='bbox 2265 1694 2321 1745; x_wconf 78' lang='grc' dir='ltr'>ἐν</span> <span class='ocrx_word' id='word_1_210' title='bbox 2353 1695 2466 1755; x_wconf 84' lang='grc' dir='ltr'>τοῖς</span> <span class='ocrx_word' id='word_1_211' title='bbox 2518 1694 2870 1763; x_wconf 85' lang='grc' dir='ltr'>πειρασμοῖς,</span> <span class='ocrx_word' id='word_1_212' title='bbox 2913 1691 2969 1744; x_wconf 82' lang='grc' dir='ltr'><strong>εί</strong></span> <span class='ocrx_word' id='word_1_213' title='bbox 3001 1709 3065 1761; x_wconf 92' lang='grc' dir='ltr'><strong>γε</strong></span> <span class='ocrx_word' id='word_1_214' title='bbox 3112 1692 3334 1761; x_wconf 79' lang='grc' dir='ltr'>ἄγγελοι</span> <span class='ocrx_word' id='word_1_215' title='bbox 3381 1691 3563 1746; x_wconf 79' lang='grc' dir='ltr'>αὐτῶν</span> <span class='ocrx_word' id='word_1_216' title='bbox 3616 1692 3714 1746; x_wconf 70' lang='grc' dir='ltr'><strong>ἐπὶ</strong></span> 
     </span>
    </p>
   </div>
   <div class='ocr_carea' id='block_1_35' title="bbox 438 1772 2013 1855">
    <p class='ocr_par' dir='ltr' id='par_1_35' title="bbox 438 1783 2013 1855">
     <span class='ocr_line' id='line_1_35' title="bbox 438 1783 2013 1855; baseline 0.003 -19"><span class='ocrx_word' id='word_1_217' title='bbox 438 1783 642 1853; x_wconf 89' lang='lat' dir='ltr'><strong>quippe</strong></span> <span class='ocrx_word' id='word_1_218' title='bbox 671 1798 796 1837; x_wconf 88' lang='lat' dir='ltr'><strong>cum</strong></span> <span class='ocrx_word' id='word_1_219' title='bbox 829 1784 1108 1855; x_wconf 78' lang='lat' dir='ltr'><strong>angeliad</strong></span> <span class='ocrx_word' id='word_1_220' title='bbox 1158 1786 1311 1855; x_wconf 90' lang='lat' dir='ltr'><strong>ipsos</strong></span> <span class='ocrx_word' id='word_1_221' title='bbox 1351 1785 1660 1841; x_wconf 85' lang='lat' dir='ltr'><strong>servandos</strong></span> <span class='ocrx_word' id='word_1_222' title='bbox 1709 1789 2013 1843; x_wconf 65' lang='lat' dir='ltr'><strong>mittantur.</strong></span> 
     </span>
    </p>
   </div>
   <div class='ocr_carea' id='block_1_36' title="bbox 2122 1772 3711 1855">
    <p class='ocr_par' dir='ltr' id='par_1_36' title="bbox 2141 1778 3711 1855">
     <span class='ocr_line' id='line_1_36' title="bbox 2141 1778 3711 1855; baseline -0.001 -18"><span class='ocrx_word' id='word_1_223' title='bbox 2141 1784 2389 1855; x_wconf 77' lang='grc' dir='ltr'>σωτηρίᾳ</span> <span class='ocrx_word' id='word_1_224' title='bbox 2441 1783 2883 1837; x_wconf 81' lang='grc' dir='ltr'>ἀποστέλλονται.</span> <span class='ocrx_word' id='word_1_225' title='bbox 2913 1783 3035 1836; x_wconf 86' lang='grc' dir='ltr'>Ὅτι</span> <span class='ocrx_word' id='word_1_226' title='bbox 3074 1782 3132 1836; x_wconf 85' lang='grc' dir='ltr'>δὲ</span> <span class='ocrx_word' id='word_1_227' title='bbox 3181 1782 3512 1853; x_wconf 83' lang='grc' dir='ltr'>βαρηθέντες</span> <span class='ocrx_word' id='word_1_228' title='bbox 3567 1778 3711 1855; x_wconf 77' lang='grc' dir='ltr'>ἦσαν</span> 
     </span>
    </p>
   </div>
   <div class='ocr_carea' id='block_1_37' title="bbox 437 1870 2020 1944">
    <p class='ocr_par' dir='ltr' id='par_1_37' title="bbox 437 1870 2020 1944">
     <span class='ocr_line' id='line_1_37' title="bbox 437 1870 2020 1944; baseline 0.003 -20"><span class='ocrx_word' id='word_1_229' title='bbox 437 1870 595 1937; x_wconf 76' lang='lat' dir='ltr'><strong>Quod</strong></span> <span class='ocrx_word' id='word_1_230' title='bbox 627 1879 807 1927; x_wconf 82' lang='lat' dir='ltr'><strong>autem</strong></span> <span class='ocrx_word' id='word_1_231' title='bbox 838 1872 1243 1930; x_wconf 87' lang='lat' dir='ltr'><strong>tentationibus</strong></span> <span class='ocrx_word' id='word_1_232' title='bbox 1272 1872 1565 1929; x_wconf 85' lang='lat' dir='ltr'><strong>admodum</strong></span> <span class='ocrx_word' id='word_1_233' title='bbox 1610 1875 2020 1944; x_wconf 84' lang='lat' dir='ltr'><strong>premebantur,</strong></span> 
     </span>
    </p>
   </div>
   <div class='ocr_carea' id='block_1_38' title="bbox 2135 1871 3711 1945">
    <p class='ocr_par' dir='ltr' id='par_1_38' title="bbox 2135 1871 3711 1945">
     <span class='ocr_line' id='line_1_38' title="bbox 2135 1871 3711 1945; baseline 0.001 -20"><span class='ocrx_word' id='word_1_234' title='bbox 2135 1872 2343 1942; x_wconf 87' lang='grc' dir='ltr'>σφόδρα</span> <span class='ocrx_word' id='word_1_235' title='bbox 2365 1874 2478 1935; x_wconf 86' lang='grc' dir='ltr'>τοῖς</span> <span class='ocrx_word' id='word_1_236' title='bbox 2504 1874 2850 1944; x_wconf 82' lang='grc' dir='ltr'>πειρασμοῖς,</span> <span class='ocrx_word' id='word_1_237' title='bbox 2879 1872 3041 1935; x_wconf 78' lang='grc' dir='ltr'>αὐτὸς</span> <span class='ocrx_word' id='word_1_238' title='bbox 3072 1873 3131 1925; x_wconf 82' lang='grc' dir='ltr'>ὲν</span> <span class='ocrx_word' id='word_1_239' title='bbox 3160 1876 3272 1937; x_wconf 84' lang='grc' dir='ltr'>τοῖς</span> <span class='ocrx_word' id='word_1_240' title='bbox 3307 1871 3434 1945; x_wconf 76' lang='grc' dir='ltr'><strong>ἑξῆς</strong></span> <span class='ocrx_word' id='word_1_241' title='bbox 3461 1873 3565 1943; x_wconf 81' lang='grc' dir='ltr'>τῆς</span> <span class='ocrx_word' id='word_1_242' title='bbox 3587 1874 3711 1927; x_wconf 65' lang='grc' dir='ltr'>ἔπιε</span> 
     </span>
    </p>
   </div>
   <div class='ocr_carea' id='block_1_39' title="bbox 436 1962 2013 2034">
    <p class='ocr_par' dir='ltr' id='par_1_39' title="bbox 436 1962 2013 2034">
     <span class='ocr_line' id='line_1_39' title="bbox 436 1962 2013 2034; baseline 0.001 -19"><span class='ocrx_word' id='word_1_243' title='bbox 436 1965 556 2034; x_wconf 88' lang='lat' dir='ltr'><strong>ipse</strong></span> <span class='ocrx_word' id='word_1_244' title='bbox 581 1964 882 2018; x_wconf 84' lang='lat' dir='ltr'><strong>declaravit</strong></span> <span class='ocrx_word' id='word_1_245' title='bbox 918 1964 976 2017; x_wconf 92' lang='lat' dir='ltr'><strong>in</strong></span> <span class='ocrx_word' id='word_1_246' title='bbox 1004 1964 1262 2034; x_wconf 59' lang='lat' dir='ltr'><strong>Epistolis</strong></span> <span class='ocrx_word' id='word_1_247' title='bbox 1285 1965 1432 2019; x_wconf 87' lang='lat' dir='ltr'><strong>serie</strong></span> <span class='ocrx_word' id='word_1_248' title='bbox 1470 1963 1662 2019; x_wconf 85' lang='lat' dir='ltr'><strong>dicens</strong></span> <span class='ocrx_word' id='word_1_249' title='bbox 1712 1981 1728 2021; x_wconf 87' lang='lat'>:</span> <span class='ocrx_word' id='word_1_250' title='bbox 1770 1962 2013 2018; x_wconf 83' lang='lat' dir='ltr'><strong>Nondum</strong></span> 
     </span>
    </p>
   </div>
   <div class='ocr_carea' id='block_1_40' title="bbox 2122 1962 3712 2034">
    <p class='ocr_par' dir='ltr' id='par_1_40' title="bbox 2135 1962 3712 2034">
     <span class='ocr_line' id='line_1_40' title="bbox 2135 1962 3712 2034; baseline 0.003 -19"><span class='ocrx_word' id='word_1_251' title='bbox 2135 1962 2331 2032; x_wconf 85' lang='grc' dir='ltr'>στολῆς</span> <span class='ocrx_word' id='word_1_252' title='bbox 2363 1963 2656 2034; x_wconf 74' lang='grc' dir='ltr'>ἐδήλωσεν,</span> <span class='ocrx_word' id='word_1_253' title='bbox 2707 1962 2879 2018; x_wconf 81' lang='grc' dir='ltr'>εἰπών</span> <span class='ocrx_word' id='word_1_254' title='bbox 2902 1980 2917 1995; x_wconf 79' lang='grc' dir='ltr'><strong>ο</strong></span> <span class='ocrx_word' id='word_1_255' title='bbox 2961 1964 3127 2018; x_wconf 80' lang='grc' dir='ltr'>Οὕτω</span> <span class='ocrx_word' id='word_1_256' title='bbox 3179 1964 3395 2032; x_wconf 68' lang='grc' dir='ltr'>μέχρις</span> <span class='ocrx_word' id='word_1_257' title='bbox 3458 1964 3712 2033; x_wconf 73' lang='grc' dir='ltr'>αἳματος</span> 
     </span>
    </p>
   </div>
   <div class='ocr_carea' id='block_1_41' title="bbox 434 2050 2013 2126">
    <p class='ocr_par' dir='ltr' id='par_1_41' title="bbox 434 2050 2013 2126">
     <span class='ocr_line' id='line_1_41' title="bbox 434 2050 2013 2126; baseline 0.003 -20"><span class='ocrx_word' id='word_1_258' title='bbox 434 2069 594 2124; x_wconf 77' lang='lat' dir='ltr'><strong>usque</strong></span> <span class='ocrx_word' id='word_1_259' title='bbox 635 2050 717 2107; x_wconf 79' lang='lat' dir='ltr'><strong>ad&#39;</strong></span> <span class='ocrx_word' id='word_1_260' title='bbox 735 2055 1049 2126; x_wconf 80' lang='lat' dir='ltr'><strong>sanguinem</strong></span> <span class='ocrx_word' id='word_1_261' title='bbox 1084 2066 1302 2124; x_wconf 78' lang='lat' dir='ltr'><strong>peccato</strong></span> <span class='ocrx_word' id='word_1_262' title='bbox 1340 2057 1634 2121; x_wconf 69' lang='lat' dir='ltr'><strong>restitistis,</strong></span> <span class='ocrx_word' id='word_1_263' title='bbox 1686 2065 1733 2110; x_wconf 84' lang='lat' dir='ltr'><strong>et</strong></span> <span class='ocrx_word' id='word_1_264' title='bbox 1771 2055 1889 2126; x_wconf 86' lang='lat' dir='ltr'><strong>jam</strong></span> <span class='ocrx_word' id='word_1_265' title='bbox 1925 2056 2013 2111; x_wconf 84' lang='lat' dir='ltr'><strong>de-</strong></span> 
     </span>
    </p>
   </div>
   <div class='ocr_carea' id='block_1_42' title="bbox 2122 2050 3709 2126">
    <p class='ocr_par' dir='ltr' id='par_1_42' title="bbox 2129 2051 3709 2124">
     <span class='ocr_line' id='line_1_42' title="bbox 2129 2051 3709 2124; baseline 0.003 -19"><span class='ocrx_word' id='word_1_266' title='bbox 2129 2053 2281 2120; x_wconf 83' lang='grc' dir='ltr'>πρὸς</span> <span class='ocrx_word' id='word_1_267' title='bbox 2307 2052 2422 2121; x_wconf 80' lang='grc' dir='ltr'><strong>τὴν</strong></span> <span class='ocrx_word' id='word_1_268' title='bbox 2450 2052 2743 2124; x_wconf 76' lang='grc' dir='ltr'>ἁμαρτίαν</span> <span class='ocrx_word' id='word_1_269' title='bbox 2794 2054 3271 2124; x_wconf 69' lang='grc' dir='ltr'>ἀπεκατέστητε</span> <span class='ocrx_word' id='word_1_270' title='bbox 3317 2051 3421 2108; x_wconf 78' lang='grc' dir='ltr'><strong>και</strong></span> <span class='ocrx_word' id='word_1_271' title='bbox 3468 2052 3589 2123; x_wconf 71' lang='grc' dir='ltr'>ἤδη</span> <span class='ocrx_word' id='word_1_272' title='bbox 3605 2055 3709 2110; x_wconf 69' lang='grc' dir='ltr'><strong>ἐκ·</strong></span> 
     </span>
    </p>
   </div>
   <div class='ocr_carea' id='block_1_43' title="bbox 433 2143 754 2214">
    <p class='ocr_par' dir='ltr' id='par_1_43' title="bbox 433 2143 754 2214">
     <span class='ocr_line' id='line_1_43' title="bbox 433 2143 754 2214; baseline 0 -15"><span class='ocrx_word' id='word_1_273' title='bbox 433 2143 657 2214; x_wconf 72' lang='lat' dir='ltr'><strong>ﬁcimiui</strong></span> <span class='ocrx_word' id='word_1_274' title='bbox 678 2144 754 2199; x_wconf 77' lang='grc'><strong>⁸⁸.</strong></span> 
     </span>
    </p>
   </div>
   <div class='ocr_carea' id='block_1_44' title="bbox 1096 2235 1364 2291">
    <p class='ocr_par' dir='ltr' id='par_1_44' title="bbox 1096 2235 1364 2291">
     <span class='ocr_line' id='line_1_44' title="bbox 1096 2235 1364 2291; baseline -0.004 0"><span class='ocrx_word' id='word_1_275' title='bbox 1096 2235 1254 2291; x_wconf 79' lang='lat' dir='ltr'><strong>CAP.</strong></span> <span class='ocrx_word' id='word_1_276' title='bbox 1296 2235 1364 2291; x_wconf 88' lang='lat' dir='ltr'><strong>Il.</strong></span> 
     </span>
    </p>
   </div>
   <div class='ocr_carea' id='block_1_45' title="bbox 508 2326 2020 2399">
    <p class='ocr_par' dir='ltr' id='par_1_45' title="bbox 508 2326 2020 2399">
     <span class='ocr_line' id='line_1_45' title="bbox 508 2326 2020 2399; baseline 0.003 -19"><span class='ocrx_word' id='word_1_277' title='bbox 508 2328 676 2384; x_wconf 77' lang='lat' dir='ltr'><strong>Vens.</strong></span> <span class='ocrx_word' id='word_1_278' title='bbox 714 2329 765 2383; x_wconf 80' lang='lat' dir='ltr'><strong>l.</strong></span> <span class='ocrx_word' id='word_1_279' title='bbox 803 2345 828 2380; x_wconf 70' lang='grc' dir='ltr'>ι</span> <span class='ocrx_word' id='word_1_280' title='bbox 874 2326 1108 2397; x_wconf 83' lang='lat' dir='ltr'><strong>Propter</strong></span> <span class='ocrx_word' id='word_1_281' title='bbox 1165 2327 1310 2398; x_wconf 83' lang='lat' dir='ltr'><strong>quod</strong></span> <span class='ocrx_word' id='word_1_282' title='bbox 1368 2328 1741 2385; x_wconf 84' lang='lat' dir='ltr'><strong>abundantius</strong></span> <span class='ocrx_word' id='word_1_283' title='bbox 1803 2336 2020 2399; x_wconf 87' lang='lat' dir='ltr'><strong>oportet</strong></span> 
     </span>
    </p>
   </div>
   <div class='ocr_carea' id='block_1_46' title="bbox 428 2419 2018 2493">
    <p class='ocr_par' dir='ltr' id='par_1_46' title="bbox 428 2419 2018 2493">
     <span class='ocr_line' id='line_1_46' title="bbox 428 2419 2018 2493; baseline 0.001 -17"><span class='ocrx_word' id='word_1_284' title='bbox 428 2437 539 2476; x_wconf 80' lang='lat' dir='ltr'><strong>nos</strong></span> <span class='ocrx_word' id='word_1_285' title='bbox 570 2421 867 2477; x_wconf 86' lang='lat' dir='ltr'><strong>observare</strong></span> <span class='ocrx_word' id='word_1_286' title='bbox 895 2435 1017 2492; x_wconf 73' lang='lat' dir='ltr'><strong>quae</strong></span> <span class='ocrx_word' id='word_1_287' title='bbox 1067 2419 1418 2487; x_wconf 84' lang='lat' dir='ltr'><strong>audivimus,</strong></span> <span class='ocrx_word' id='word_1_288' title='bbox 1465 2436 1534 2477; x_wconf 89' lang='lat' dir='ltr'><strong>ne</strong></span> <span class='ocrx_word' id='word_1_289' title='bbox 1581 2421 1721 2477; x_wconf 86' lang='lat' dir='ltr'><strong>forte</strong></span> <span class='ocrx_word' id='word_1_290' title='bbox 1772 2422 2018 2493; x_wconf 69' lang='lat' dir='ltr'><strong>superer-</strong></span> 
     </span>
    </p>
   </div>
   <div class='ocr_carea' id='block_1_47' title="bbox 431 2513 750 2569">
    <p class='ocr_par' dir='ltr' id='par_1_47' title="bbox 431 2513 750 2569">
     <span class='ocr_line' id='line_1_47' title="bbox 431 2513 750 2569; baseline -0.009 -2"><span class='ocrx_word' id='word_1_291' title='bbox 431 2513 690 2569; x_wconf 82' lang='lat' dir='ltr'><strong>ﬂuamus.</strong></span> <span class='ocrx_word' id='word_1_292' title='bbox 731 2531 750 2564; x_wconf 75' lang='grc' dir='ltr'><strong>ι</strong></span> 
     </span>
    </p>
   </div>
   <div class='ocr_carea' id='block_1_48' title="bbox 500 2604 2016 2676">
    <p class='ocr_par' dir='ltr' id='par_1_48' title="bbox 500 2604 2016 2676">
     <span class='ocr_line' id='line_1_48' title="bbox 500 2604 2016 2676; baseline 0.002 -18"><span class='ocrx_word' id='word_1_293' title='bbox 500 2604 730 2674; x_wconf 76' lang='lat' dir='ltr'><strong>Propter</strong></span> <span class='ocrx_word' id='word_1_294' title='bbox 751 2604 911 2676; x_wconf 84' lang='lat' dir='ltr'><strong>quod.</strong></span> <span class='ocrx_word' id='word_1_295' title='bbox 944 2604 1085 2672; x_wconf 85' lang='lat' dir='ltr'><strong>Quid</strong></span> <span class='ocrx_word' id='word_1_296' title='bbox 1124 2604 1231 2660; x_wconf 87' lang='lat' dir='ltr'><strong>hoc</strong></span> <span class='ocrx_word' id='word_1_297' title='bbox 1259 2610 1367 2669; x_wconf 86' lang='lat' dir='ltr'><strong>est,</strong></span> <span class='ocrx_word' id='word_1_298' title='bbox 1401 2604 1507 2660; x_wconf 88' lang='lat' dir='ltr'><strong>nisi</strong></span> <span class='ocrx_word' id='word_1_299' title='bbox 1546 2605 1774 2660; x_wconf 91' lang='lat' dir='ltr'><strong>multum</strong></span> <span class='ocrx_word' id='word_1_300' title='bbox 1810 2606 2016 2661; x_wconf 83' lang='lat' dir='ltr'><strong>distare</strong></span> 
     </span>
    </p>
   </div>
   <div class='ocr_carea' id='block_1_49' title="bbox 428 2694 2014 2768">
    <p class='ocr_par' dir='ltr' id='par_1_49' title="bbox 428 2694 2014 2768">
     <span class='ocr_line' id='line_1_49' title="bbox 428 2694 2014 2768; baseline 0.004 -21"><span class='ocrx_word' id='word_1_301' title='bbox 428 2694 661 2763; x_wconf 77' lang='lat' dir='ltr'><strong>legalem</strong></span> <span class='ocrx_word' id='word_1_302' title='bbox 694 2695 763 2750; x_wconf 89' lang='lat' dir='ltr'><strong>ab</strong></span> <span class='ocrx_word' id='word_1_303' title='bbox 788 2696 1106 2766; x_wconf 88' lang='lat' dir='ltr'><strong>evangelica</strong></span> <span class='ocrx_word' id='word_1_304' title='bbox 1154 2695 1543 2751; x_wconf 79' lang='lat' dir='ltr'><strong>institutione?</strong></span> <span class='ocrx_word' id='word_1_305' title='bbox 1578 2696 1801 2768; x_wconf 72' lang='lat' dir='ltr'><strong>Hocque</strong></span> <span class='ocrx_word' id='word_1_306' title='bbox 1835 2699 2014 2754; x_wconf 87' lang='lat' dir='ltr'><strong>mani-</strong></span> 
     </span>
    </p>
   </div>
   <div class='ocr_carea' id='block_1_50' title="bbox 429 2786 1554 2857">
    <p class='ocr_par' dir='ltr' id='par_1_50' title="bbox 429 2786 1554 2857">
     <span class='ocr_line' id='line_1_50' title="bbox 429 2786 1554 2857; baseline -0.001 -15"><span class='ocrx_word' id='word_1_307' title='bbox 429 2786 626 2842; x_wconf 76' lang='lat' dir='ltr'><strong>festum</strong></span> <span class='ocrx_word' id='word_1_308' title='bbox 660 2787 717 2841; x_wconf 86' lang='lat' dir='ltr'><strong>lit</strong></span> <span class='ocrx_word' id='word_1_309' title='bbox 739 2803 809 2843; x_wconf 79' lang='lat' dir='ltr'><strong>ex</strong></span> <span class='ocrx_word' id='word_1_310' title='bbox 838 2789 1054 2843; x_wconf 86' lang='lat' dir='ltr'><strong>ratione</strong></span> <span class='ocrx_word' id='word_1_311' title='bbox 1085 2802 1206 2857; x_wconf 61' lang='lat' dir='ltr'><strong>quae</strong></span> <span class='ocrx_word' id='word_1_312' title='bbox 1237 2787 1554 2857; x_wconf 80' lang='lat' dir='ltr'><strong>subjicitur.</strong></span> 
     </span>
    </p>
   </div>
   <div class='ocr_carea' id='block_1_51' title="bbox 501 2878 2014 2950">
    <p class='ocr_par' dir='ltr' id='par_1_51' title="bbox 501 2878 2014 2950">
     <span class='ocr_line' id='line_1_51' title="bbox 501 2878 2014 2950; baseline 0.006 -20"><span class='ocrx_word' id='word_1_313' title='bbox 501 2878 666 2935; x_wconf 78' lang='lat' dir='ltr'><strong>Vsus.</strong></span> <span class='ocrx_word' id='word_1_314' title='bbox 690 2880 747 2946; x_wconf 73' lang='lat'><strong>2,</strong></span> <span class='ocrx_word' id='word_1_315' title='bbox 779 2880 836 2933; x_wconf 79' lang='lat'><strong>&#39;5.</strong></span> <span class='ocrx_word' id='word_1_316' title='bbox 869 2899 889 2932; x_wconf 76' lang='grc' dir='ltr'><strong>ι</strong></span> <span class='ocrx_word' id='word_1_317' title='bbox 929 2878 987 2933; x_wconf 89' lang='lat' dir='ltr'><strong>Si</strong></span> <span class='ocrx_word' id='word_1_318' title='bbox 1017 2879 1167 2935; x_wconf 89' lang='lat' dir='ltr'><strong>enim</strong></span> <span class='ocrx_word' id='word_1_319' title='bbox 1214 2880 1309 2949; x_wconf 88' lang='lat' dir='ltr'><strong>qui</strong></span> <span class='ocrx_word' id='word_1_320' title='bbox 1340 2894 1436 2948; x_wconf 89' lang='lat' dir='ltr'><strong>per</strong></span> <span class='ocrx_word' id='word_1_321' title='bbox 1459 2880 1686 2950; x_wconf 76' lang='lat' dir='ltr'><strong>angelos</strong></span> <span class='ocrx_word' id='word_1_322' title='bbox 1714 2879 1896 2938; x_wconf 90' lang='lat' dir='ltr'><strong>dictus</strong></span> <span class='ocrx_word' id='word_1_323' title='bbox 1930 2890 2014 2938; x_wconf 83' lang='lat' dir='ltr'><strong>est</strong></span> 
     </span>
    </p>
   </div>
   <div class='ocr_carea' id='block_1_52' title="bbox 429 2969 2013 3039">
    <p class='ocr_par' dir='ltr' id='par_1_52' title="bbox 429 2969 2013 3039">
     <span class='ocr_line' id='line_1_52' title="bbox 429 2969 2013 3039; baseline 0.003 -15"><span class='ocrx_word' id='word_1_324' title='bbox 429 2983 635 3035; x_wconf 86' lang='lat' dir='ltr'><strong>sermo,</strong></span> <span class='ocrx_word' id='word_1_325' title='bbox 670 2971 848 3025; x_wconf 81' lang='lat' dir='ltr'><strong>factus</strong></span> <span class='ocrx_word' id='word_1_326' title='bbox 877 2978 962 3025; x_wconf 85' lang='lat' dir='ltr'><strong>est</strong></span> <span class='ocrx_word' id='word_1_327' title='bbox 989 2969 1178 3025; x_wconf 83' lang='lat' dir='ltr'><strong>ﬁrmus</strong></span> <span class='ocrx_word' id='word_1_328' title='bbox 1207 3009 1224 3036; x_wconf 92' lang='lat'><strong>,</strong></span> <span class='ocrx_word' id='word_1_329' title='bbox 1254 2980 1310 3025; x_wconf 91' lang='lat' dir='ltr'><strong>et</strong></span> <span class='ocrx_word' id='word_1_330' title='bbox 1346 2970 1528 3025; x_wconf 87' lang='lat' dir='ltr'><strong>omnis</strong></span> <span class='ocrx_word' id='word_1_331' title='bbox 1558 2971 1933 3039; x_wconf 59' lang='lat' dir='ltr'><strong>praevaricatio</strong></span> <span class='ocrx_word' id='word_1_332' title='bbox 1961 2984 2013 3028; x_wconf 87' lang='lat' dir='ltr'><strong>et</strong></span> 
     </span>
    </p>
   </div>
   <div class='ocr_carea' id='block_1_53' title="bbox 427 3059 2011 3130">
    <p class='ocr_par' dir='ltr' id='par_1_53' title="bbox 427 3059 2011 3130">
     <span class='ocr_line' id='line_1_53' title="bbox 427 3059 2011 3130; baseline 0.002 -17"><span class='ocrx_word' id='word_1_333' title='bbox 427 3060 803 3115; x_wconf 89' lang='lat' dir='ltr'><strong>inobedientia</strong></span> <span class='ocrx_word' id='word_1_334' title='bbox 859 3061 1070 3130; x_wconf 89' lang='lat' dir='ltr'><strong>accepit</strong></span> <span class='ocrx_word' id='word_1_335' title='bbox 1116 3059 1328 3129; x_wconf 81' lang='lat' dir='ltr'><strong>justam</strong></span> <span class='ocrx_word' id='word_1_336' title='bbox 1380 3060 1649 3114; x_wconf 84' lang='lat' dir='ltr'><strong>mercedis</strong></span> <span class='ocrx_word' id='word_1_337' title='bbox 1692 3061 2011 3117; x_wconf 89' lang='lat' dir='ltr'><strong>retributio-</strong></span> 
     </span>
    </p>
   </div>
   <div class='ocr_carea' id='block_1_54' title="bbox 427 3150 2013 3223">
    <p class='ocr_par' dir='ltr' id='par_1_54' title="bbox 427 3150 2013 3223">
     <span class='ocr_line' id='line_1_54' title="bbox 427 3150 2013 3223; baseline 0.002 -19"><span class='ocrx_word' id='word_1_338' title='bbox 427 3166 551 3205; x_wconf 89' lang='lat' dir='ltr'><strong>nem</strong></span> <span class='ocrx_word' id='word_1_339' title='bbox 579 3152 894 3221; x_wconf 88' lang='lat' dir='ltr'><strong>:quomodo</strong></span> <span class='ocrx_word' id='word_1_340' title='bbox 923 3166 1027 3209; x_wconf 91' lang='lat' dir='ltr'><strong>nos</strong></span> <span class='ocrx_word' id='word_1_341' title='bbox 1063 3150 1413 3222; x_wconf 77' lang='lat' dir='ltr'><strong>eﬂ‘ugiemus,</strong></span> <span class='ocrx_word' id='word_1_342' title='bbox 1447 3150 1493 3207; x_wconf 91' lang='lat' dir='ltr'><strong>si</strong></span> <span class='ocrx_word' id='word_1_343' title='bbox 1528 3159 1738 3205; x_wconf 86' lang='lat' dir='ltr'><strong>tantam</strong></span> <span class='ocrx_word' id='word_1_344' title='bbox 1767 3153 2013 3223; x_wconf 81' lang='lat' dir='ltr'><strong>neglexe-</strong></span> 
     </span>
    </p>
   </div>
   <div class='ocr_carea' id='block_1_55' title="bbox 410 3243 976 3300">
    <p class='ocr_par' dir='ltr' id='par_1_55' title="bbox 410 3243 976 3300">
     <span class='ocr_line' id='line_1_55' title="bbox 410 3243 976 3300; baseline 0 -5"><span class='ocrx_word' id='word_1_345' title='bbox 410 3244 609 3297; x_wconf 76' lang='lat' dir='ltr'><strong>rimus</strong></span> <span class='ocrx_word' id='word_1_346' title='bbox 645 3243 918 3300; x_wconf 86' lang='lat' dir='ltr'><strong>salutem?</strong></span> <span class='ocrx_word' id='word_1_347' title='bbox 956 3263 976 3295; x_wconf 77' lang='grc' dir='ltr'><strong>ι</strong></span> 
     </span>
    </p>
   </div>
   <div class='ocr_carea' id='block_1_56' title="bbox 497 3333 2010 3406">
    <p class='ocr_par' dir='ltr' id='par_1_56' title="bbox 497 3333 2010 3406">
     <span class='ocr_line' id='line_1_56' title="bbox 497 3333 2010 3406; baseline 0.002 -19"><span class='ocrx_word' id='word_1_348' title='bbox 497 3333 611 3389; x_wconf 80' lang='lat' dir='ltr'><strong>Hoc</strong></span> <span class='ocrx_word' id='word_1_349' title='bbox 644 3342 817 3388; x_wconf 88' lang='lat' dir='ltr'><strong>totum</strong></span> <span class='ocrx_word' id='word_1_350' title='bbox 850 3334 1193 3405; x_wconf 86' lang='lat' dir='ltr'><strong>comparatio</strong></span> <span class='ocrx_word' id='word_1_351' title='bbox 1221 3343 1305 3391; x_wconf 92' lang='lat' dir='ltr'><strong>est</strong></span> <span class='ocrx_word' id='word_1_352' title='bbox 1333 3354 1346 3389; x_wconf 93' lang='lat'><strong>:</strong></span> <span class='ocrx_word' id='word_1_353' title='bbox 1384 3349 1492 3406; x_wconf 90' lang='lat' dir='ltr'><strong>qua</strong></span> <span class='ocrx_word' id='word_1_354' title='bbox 1524 3342 1705 3391; x_wconf 87' lang='lat' dir='ltr'><strong>tamen</strong></span> <span class='ocrx_word' id='word_1_355' title='bbox 1736 3335 2010 3391; x_wconf 89' lang='lat' dir='ltr'><strong>evincitur</strong></span> 
     </span>
    </p>
   </div>
   <div class='ocr_carea' id='block_1_57' title="bbox 424 3426 2009 3499">
    <p class='ocr_par' dir='ltr' id='par_1_57' title="bbox 424 3426 2009 3499">
     <span class='ocr_line' id='line_1_57' title="bbox 424 3426 2009 3499; baseline 0.003 -20"><span class='ocrx_word' id='word_1_356' title='bbox 424 3427 708 3496; x_wconf 75' lang='lat' dir='ltr'><strong>graviores</strong></span> <span class='ocrx_word' id='word_1_357' title='bbox 746 3442 942 3497; x_wconf 68' lang='lat' dir='ltr'><strong>poenas</strong></span> <span class='ocrx_word' id='word_1_358' title='bbox 978 3429 1364 3498; x_wconf 89' lang='lat' dir='ltr'><strong>persoluturos</strong></span> <span class='ocrx_word' id='word_1_359' title='bbox 1389 3428 1486 3498; x_wconf 91' lang='lat' dir='ltr'><strong>qui</strong></span> <span class='ocrx_word' id='word_1_360' title='bbox 1517 3426 1801 3498; x_wconf 76' lang='lat' dir='ltr'><strong>Evangelii</strong></span> <span class='ocrx_word' id='word_1_361' title='bbox 1833 3429 2009 3499; x_wconf 89' lang='lat' dir='ltr'><strong>legem</strong></span> 
     </span>
    </p>
   </div>
   <div class='ocr_carea' id='block_1_58' title="bbox 427 3515 2009 3588">
    <p class='ocr_par' dir='ltr' id='par_1_58' title="bbox 427 3515 2009 3588">
     <span class='ocr_line' id='line_1_58' title="bbox 427 3515 2009 3588; baseline 0.004 -21"><span class='ocrx_word' id='word_1_362' title='bbox 427 3516 784 3572; x_wconf 83' lang='lat' dir='ltr'><strong>violaverim.</strong></span> <span class='ocrx_word' id='word_1_363' title='bbox 818 3515 955 3571; x_wconf 88' lang='lat' dir='ltr'><strong>Nam</strong></span> <span class='ocrx_word' id='word_1_364' title='bbox 989 3522 1035 3573; x_wconf 91' lang='lat' dir='ltr'><strong>si</strong></span> <span class='ocrx_word' id='word_1_365' title='bbox 1069 3518 1120 3572; x_wconf 94' lang='lat' dir='ltr'><strong>id</strong></span> <span class='ocrx_word' id='word_1_366' title='bbox 1151 3519 1300 3588; x_wconf 92' lang='lat' dir='ltr'><strong>quod</strong></span> <span class='ocrx_word' id='word_1_367' title='bbox 1328 3518 1562 3573; x_wconf 82' lang='lat' dir='ltr'><strong>inferius</strong></span> <span class='ocrx_word' id='word_1_368' title='bbox 1589 3526 1696 3583; x_wconf 86' lang='lat' dir='ltr'><strong>est,</strong></span> <span class='ocrx_word' id='word_1_369' title='bbox 1743 3518 1793 3573; x_wconf 89' lang='lat' dir='ltr'><strong>si</strong></span> <span class='ocrx_word' id='word_1_370' title='bbox 1841 3518 2009 3574; x_wconf 84' lang='lat' dir='ltr'><strong>viole-</strong></span> 
     </span>
    </p>
   </div>
   <div class='ocr_carea' id='block_1_59' title="bbox 424 3609 2000 3684">
    <p class='ocr_par' dir='ltr' id='par_1_59' title="bbox 424 3609 2000 3684">
     <span class='ocr_line' id='line_1_59' title="bbox 424 3609 2000 3684; baseline 0.003 -24"><span class='ocrx_word' id='word_1_371' title='bbox 424 3616 535 3672; x_wconf 85' lang='lat' dir='ltr'><strong>tur,</strong></span> <span class='ocrx_word' id='word_1_372' title='bbox 564 3624 724 3679; x_wconf 68' lang='lat' dir='ltr'><strong>pmna</strong></span> <span class='ocrx_word' id='word_1_373' title='bbox 768 3624 878 3663; x_wconf 90' lang='lat' dir='ltr'><strong>non</strong></span> <span class='ocrx_word' id='word_1_374' title='bbox 911 3609 1105 3664; x_wconf 71' lang='lat' dir='ltr'><strong>eximit</strong></span> <span class='ocrx_word' id='word_1_375' title='bbox 1133 3623 1230 3665; x_wconf 85' lang='lat' dir='ltr'><strong>eos</strong></span> <span class='ocrx_word' id='word_1_376' title='bbox 1260 3625 1293 3663; x_wconf 91' lang='lat' dir='ltr'><strong>a</strong></span> <span class='ocrx_word' id='word_1_377' title='bbox 1327 3610 1535 3680; x_wconf 91' lang='lat' dir='ltr'><strong>quibus</strong></span> <span class='ocrx_word' id='word_1_378' title='bbox 1581 3610 2000 3684; x_wconf 74' lang='lat' dir='ltr'><strong>pessumdatum</strong></span> 
     </span>
    </p>
   </div>
   <div class='ocr_carea' id='block_1_60' title="bbox 424 3698 2011 3768">
    <p class='ocr_par' dir='ltr' id='par_1_60' title="bbox 424 3698 2011 3768">
     <span class='ocr_line' id='line_1_60' title="bbox 424 3698 2011 3768; baseline 0.002 -17"><span class='ocrx_word' id='word_1_379' title='bbox 424 3700 568 3765; x_wconf 80' lang='lat' dir='ltr'><strong>fuit;</strong></span> <span class='ocrx_word' id='word_1_380' title='bbox 598 3709 809 3768; x_wconf 88' lang='lat' dir='ltr'><strong>quanto</strong></span> <span class='ocrx_word' id='word_1_381' title='bbox 830 3698 1047 3754; x_wconf 79' lang='lat' dir='ltr'><strong>fortiori</strong></span> <span class='ocrx_word' id='word_1_382' title='bbox 1066 3700 1210 3768; x_wconf 87' lang='lat' dir='ltr'><strong>jure,</strong></span> <span class='ocrx_word' id='word_1_383' title='bbox 1236 3699 1441 3754; x_wconf 81' lang='lat' dir='ltr'><strong>violato</strong></span> <span class='ocrx_word' id='word_1_384' title='bbox 1458 3698 1606 3768; x_wconf 88' lang='lat' dir='ltr'><strong>quod</strong></span> <span class='ocrx_word' id='word_1_385' title='bbox 1625 3707 1710 3754; x_wconf 80' lang='lat' dir='ltr'><strong>est</strong></span> <span class='ocrx_word' id='word_1_386' title='bbox 1733 3699 2011 3757; x_wconf 80' lang='lat' dir='ltr'><strong>excellen-</strong></span> 
     </span>
    </p>
   </div>
   <div class='ocr_carea' id='block_1_61' title="bbox 426 3790 2009 3862">
    <p class='ocr_par' dir='ltr' id='par_1_61' title="bbox 426 3790 2009 3862">
     <span class='ocr_line' id='line_1_61' title="bbox 426 3790 2009 3862; baseline 0.002 -19"><span class='ocrx_word' id='word_1_387' title='bbox 426 3792 561 3854; x_wconf 84' lang='lat' dir='ltr'><strong>tius,</strong></span> <span class='ocrx_word' id='word_1_388' title='bbox 594 3791 663 3845; x_wconf 86' lang='lat' dir='ltr'><strong>ab</strong></span> <span class='ocrx_word' id='word_1_389' title='bbox 694 3791 899 3845; x_wconf 89' lang='lat' dir='ltr'><strong>acerbo</strong></span> <span class='ocrx_word' id='word_1_390' title='bbox 930 3790 1207 3861; x_wconf 86' lang='lat' dir='ltr'><strong>supplicio</strong></span> <span class='ocrx_word' id='word_1_391' title='bbox 1234 3806 1347 3845; x_wconf 92' lang='lat' dir='ltr'><strong>non</strong></span> <span class='ocrx_word' id='word_1_392' title='bbox 1376 3792 1670 3857; x_wconf 86' lang='lat' dir='ltr'><strong>eximetur,</strong></span> <span class='ocrx_word' id='word_1_393' title='bbox 1713 3792 1806 3861; x_wconf 84' lang='lat' dir='ltr'><strong>qui</strong></span> <span class='ocrx_word' id='word_1_394' title='bbox 1868 3806 2009 3862; x_wconf 72' lang='lat' dir='ltr'><strong>pra:-</strong></span> 
     </span>
    </p>
   </div>
   <div class='ocr_carea' id='block_1_62' title="bbox 426 3882 2007 3954">
    <p class='ocr_par' dir='ltr' id='par_1_62' title="bbox 426 3882 2007 3954">
     <span class='ocr_line' id='line_1_62' title="bbox 426 3882 2007 3954; baseline 0.001 -20"><span class='ocrx_word' id='word_1_395' title='bbox 426 3883 704 3935; x_wconf 86' lang='lat' dir='ltr'><strong>varicator</strong></span> <span class='ocrx_word' id='word_1_396' title='bbox 752 3883 1065 3938; x_wconf 80' lang='lat' dir='ltr'><strong>exstiterit?</strong></span> <span class='ocrx_word' id='word_1_397' title='bbox 1099 3882 1202 3938; x_wconf 90' lang='lat' dir='ltr'><strong>Ubi</strong></span> <span class='ocrx_word' id='word_1_398' title='bbox 1233 3890 1414 3938; x_wconf 87' lang='lat' dir='ltr'><strong>autem</strong></span> <span class='ocrx_word' id='word_1_399' title='bbox 1453 3884 1678 3954; x_wconf 84' lang='lat' dir='ltr'><strong>ait,qui</strong></span> <span class='ocrx_word' id='word_1_400' title='bbox 1719 3885 1894 3939; x_wconf 78' lang='lat' dir='ltr'><strong>dictus</strong></span> <span class='ocrx_word' id='word_1_401' title='bbox 1926 3894 2007 3939; x_wconf 75' lang='lat' dir='ltr'><strong>est</strong></span> 
     </span>
    </p>
   </div>
   <div class='ocr_carea' id='block_1_63' title="bbox 421 3973 2008 4047">
    <p class='ocr_par' dir='ltr' id='par_1_63' title="bbox 421 3973 2008 4047">
     <span class='ocr_line' id='line_1_63' title="bbox 421 3973 2008 4047; baseline 0.003 -21"><span class='ocrx_word' id='word_1_402' title='bbox 421 3988 516 4041; x_wconf 84' lang='lat' dir='ltr'><strong>per</strong></span> <span class='ocrx_word' id='word_1_403' title='bbox 556 3973 797 4043; x_wconf 81' lang='lat' dir='ltr'><strong>angelos,</strong></span> <span class='ocrx_word' id='word_1_404' title='bbox 831 3973 1112 4043; x_wconf 82' lang='lat' dir='ltr'><strong>signiﬁcat</strong></span> <span class='ocrx_word' id='word_1_405' title='bbox 1147 3975 1375 4046; x_wconf 77' lang='lat' dir='ltr'><strong>angelos</strong></span> <span class='ocrx_word' id='word_1_406' title='bbox 1406 3973 1516 4031; x_wconf 85' lang='lat' dir='ltr'><strong>Deo</strong></span> <span class='ocrx_word' id='word_1_407' title='bbox 1545 3976 1718 4047; x_wconf 83' lang='lat' dir='ltr'><strong>legem</strong></span> <span class='ocrx_word' id='word_1_408' title='bbox 1761 3976 2008 4047; x_wconf 88' lang='lat' dir='ltr'><strong>promul-</strong></span> 
     </span>
    </p>
   </div>
   <div class='ocr_carea' id='block_1_64' title="bbox 423 4064 1098 4134">
    <p class='ocr_par' dir='ltr' id='par_1_64' title="bbox 423 4064 1098 4134">
     <span class='ocr_line' id='line_1_64' title="bbox 423 4064 1098 4134; baseline 0.003 -17"><span class='ocrx_word' id='word_1_409' title='bbox 423 4064 574 4134; x_wconf 85' lang='lat' dir='ltr'><strong>gauti</strong></span> <span class='ocrx_word' id='word_1_410' title='bbox 617 4064 915 4120; x_wconf 84' lang='lat' dir='ltr'><strong>famulalos</strong></span> <span class='ocrx_word' id='word_1_411' title='bbox 955 4080 1098 4121; x_wconf 89' lang='lat' dir='ltr'><strong>esse.</strong></span> 
     </span>
    </p>
   </div>
   <div class='ocr_carea' id='block_1_65' title="bbox 499 4156 2005 4229">
    <p class='ocr_par' dir='ltr' id='par_1_65' title="bbox 499 4156 2005 4229">
     <span class='ocr_line' id='line_1_65' title="bbox 499 4156 2005 4229; baseline 0.003 -20"><span class='ocrx_word' id='word_1_412' title='bbox 499 4176 517 4209; x_wconf 78' lang='grc' dir='ltr'><strong>ι</strong></span> <span class='ocrx_word' id='word_1_413' title='bbox 559 4156 690 4223; x_wconf 77' lang='lat' dir='ltr'><strong>Quae</strong></span> <span class='ocrx_word' id='word_1_414' title='bbox 720 4173 845 4212; x_wconf 86' lang='lat' dir='ltr'><strong>cum</strong></span> <span class='ocrx_word' id='word_1_415' title='bbox 877 4157 1098 4212; x_wconf 89' lang='lat' dir='ltr'><strong>initium</strong></span> <span class='ocrx_word' id='word_1_416' title='bbox 1137 4159 1448 4229; x_wconf 89' lang='lat' dir='ltr'><strong>accepisset</strong></span> <span class='ocrx_word' id='word_1_417' title='bbox 1468 4158 1722 4213; x_wconf 86' lang='lat' dir='ltr'><strong>enarrari</strong></span> <span class='ocrx_word' id='word_1_418' title='bbox 1746 4173 1846 4229; x_wconf 91' lang='lat' dir='ltr'><strong>per</strong></span> <span class='ocrx_word' id='word_1_419' title='bbox 1896 4157 2005 4213; x_wconf 87' lang='lat' dir='ltr'><strong>Do-</strong></span> 
     </span>
    </p>
   </div>
   <div class='ocr_carea' id='block_1_66' title="bbox 420 4249 2001 4319">
    <p class='ocr_par' dir='ltr' id='par_1_66' title="bbox 420 4249 2001 4319">
     <span class='ocr_line' id='line_1_66' title="bbox 420 4249 2001 4319; baseline -0.001 -15"><span class='ocrx_word' id='word_1_420' title='bbox 420 4251 632 4304; x_wconf 89' lang='lat' dir='ltr'><strong>minum</strong></span> <span class='ocrx_word' id='word_1_421' title='bbox 673 4251 741 4303; x_wconf 89' lang='lat' dir='ltr'><strong>ab</strong></span> <span class='ocrx_word' id='word_1_422' title='bbox 767 4249 847 4304; x_wconf 88' lang='lat' dir='ltr'><strong>eis</strong></span> <span class='ocrx_word' id='word_1_423' title='bbox 873 4249 965 4319; x_wconf 90' lang='lat' dir='ltr'><strong>qui</strong></span> <span class='ocrx_word' id='word_1_424' title='bbox 1015 4249 1332 4317; x_wconf 88' lang='lat' dir='ltr'><strong>audierunt,</strong></span> <span class='ocrx_word' id='word_1_425' title='bbox 1374 4250 1428 4305; x_wconf 91' lang='lat' dir='ltr'><strong>in</strong></span> <span class='ocrx_word' id='word_1_426' title='bbox 1475 4265 1578 4307; x_wconf 90' lang='lat' dir='ltr'><strong>nos</strong></span> <span class='ocrx_word' id='word_1_427' title='bbox 1609 4250 2001 4306; x_wconf 82' lang='lat' dir='ltr'><strong>conﬁrmatum</strong></span> 
     </span>
    </p>
   </div>
   <div class='ocr_carea' id='block_1_67' title="bbox 419 4339 2002 4414">
    <p class='ocr_par' dir='ltr' id='par_1_67' title="bbox 419 4339 2002 4414">
     <span class='ocr_line' id='line_1_67' title="bbox 419 4339 2002 4414; baseline -0.001 -18"><span class='ocrx_word' id='word_1_428' title='bbox 419 4352 525 4409; x_wconf 90' lang='lat' dir='ltr'><strong>est,</strong></span> <span class='ocrx_word' id='word_1_429' title='bbox 555 4339 748 4414; x_wconf 62' lang='lat' dir='ltr'><strong>[Vens</strong></span> <span class='ocrx_word' id='word_1_430' title='bbox 779 4339 838 4412; x_wconf 74' lang='grc'><strong>4]</strong></span> <span class='ocrx_word' id='word_1_431' title='bbox 861 4348 1209 4396; x_wconf 88' lang='lat' dir='ltr'><strong>contestante</strong></span> <span class='ocrx_word' id='word_1_432' title='bbox 1233 4340 1345 4398; x_wconf 88' lang='lat' dir='ltr'><strong>Deo</strong></span> <span class='ocrx_word' id='word_1_433' title='bbox 1388 4341 1560 4411; x_wconf 88' lang='lat' dir='ltr'><strong>signis</strong></span> <span class='ocrx_word' id='word_1_434' title='bbox 1585 4381 1601 4407; x_wconf 97' lang='lat'><strong>,</strong></span> <span class='ocrx_word' id='word_1_435' title='bbox 1624 4349 1680 4397; x_wconf 86' lang='lat' dir='ltr'><strong>et</strong></span> <span class='ocrx_word' id='word_1_436' title='bbox 1707 4341 2002 4411; x_wconf 85' lang='lat' dir='ltr'><strong>portentis,</strong></span> 
     </span>
    </p>
   </div>
   <div class='ocr_carea' id='block_1_68' title="bbox 417 4432 1083 4485">
    <p class='ocr_par' dir='ltr' id='par_1_68' title="bbox 417 4432 1083 4485">
     <span class='ocr_line' id='line_1_68' title="bbox 417 4432 1083 4485; baseline -0.005 -1"><span class='ocrx_word' id='word_1_437' title='bbox 417 4438 474 4485; x_wconf 86' lang='lat' dir='ltr'><strong>ct</strong></span> <span class='ocrx_word' id='word_1_438' title='bbox 507 4432 674 4485; x_wconf 87' lang='lat' dir='ltr'><strong>variis</strong></span> <span class='ocrx_word' id='word_1_439' title='bbox 704 4432 1024 4485; x_wconf 81' lang='lat' dir='ltr'><strong>virtutibus.</strong></span> <span class='ocrx_word' id='word_1_440' title='bbox 1063 4449 1083 4481; x_wconf 79' lang='grc' dir='ltr'><strong>ι</strong></span> 
     </span>
    </p>
   </div>
   <div class='ocr_carea' id='block_1_69' title="bbox 491 4520 2000 4591">
    <p class='ocr_par' dir='ltr' id='par_1_69' title="bbox 491 4520 2000 4591">
     <span class='ocr_line' id='line_1_69' title="bbox 491 4520 2000 4591; baseline -0.002 -15"><span class='ocrx_word' id='word_1_441' title='bbox 491 4521 970 4590; x_wconf 86' lang='lat' dir='ltr'><strong>Comparationem</strong></span> <span class='ocrx_word' id='word_1_442' title='bbox 1022 4521 1201 4575; x_wconf 84' lang='lat' dir='ltr'><strong>adhuc</strong></span> <span class='ocrx_word' id='word_1_443' title='bbox 1252 4520 1596 4591; x_wconf 81' lang='lat' dir='ltr'><strong>exsequitur.</strong></span> <span class='ocrx_word' id='word_1_444' title='bbox 1662 4520 1751 4574; x_wconf 85' lang='lat' dir='ltr'><strong>Ait</strong></span> <span class='ocrx_word' id='word_1_445' title='bbox 1816 4529 2000 4575; x_wconf 90' lang='lat' dir='ltr'><strong>autem</strong></span> 
     </span>
    </p>
   </div>
   <div class='ocr_carea' id='block_1_70' title="bbox 418 4613 2000 4684">
    <p class='ocr_par' dir='ltr' id='par_1_70' title="bbox 418 4613 2000 4684">
     <span class='ocr_line' id='line_1_70' title="bbox 418 4613 2000 4684; baseline 0 -15"><span class='ocrx_word' id='word_1_446' title='bbox 418 4615 725 4669; x_wconf 82' lang='lat' dir='ltr'><strong>doctrinam</strong></span> <span class='ocrx_word' id='word_1_447' title='bbox 769 4614 1143 4684; x_wconf 86' lang='lat' dir='ltr'><strong>evangelicam</strong></span> <span class='ocrx_word' id='word_1_448' title='bbox 1196 4613 1489 4669; x_wconf 88' lang='lat' dir='ltr'><strong>Dominum</strong></span> <span class='ocrx_word' id='word_1_449' title='bbox 1544 4629 1807 4670; x_wconf 85' lang='lat' dir='ltr'><strong>exorsum</strong></span> <span class='ocrx_word' id='word_1_450' title='bbox 1851 4628 2000 4675; x_wconf 83' lang='lat' dir='ltr'><strong>esse.</strong></span> 
     </span>
    </p>
   </div>
   <div class='ocr_carea' id='block_1_71' title="bbox 419 4704 1997 4774">
    <p class='ocr_par' dir='ltr' id='par_1_71' title="bbox 419 4704 1997 4774">
     <span class='ocr_line' id='line_1_71' title="bbox 419 4704 1997 4774; baseline 0 -17"><span class='ocrx_word' id='word_1_451' title='bbox 419 4713 530 4759; x_wconf 84' lang='lat' dir='ltr'><strong>tum</strong></span> <span class='ocrx_word' id='word_1_452' title='bbox 592 4704 790 4760; x_wconf 82' lang='lat' dir='ltr'><strong>deinde</strong></span> <span class='ocrx_word' id='word_1_453' title='bbox 842 4706 969 4759; x_wconf 90' lang='lat' dir='ltr'><strong>illos</strong></span> <span class='ocrx_word' id='word_1_454' title='bbox 1026 4706 1121 4774; x_wconf 89' lang='lat' dir='ltr'><strong>qui</strong></span> <span class='ocrx_word' id='word_1_455' title='bbox 1171 4720 1241 4761; x_wconf 78' lang='lat' dir='ltr'><strong>ex</strong></span> <span class='ocrx_word' id='word_1_456' title='bbox 1286 4705 1519 4759; x_wconf 79' lang='lat' dir='ltr'><strong>Domino</strong></span> <span class='ocrx_word' id='word_1_457' title='bbox 1574 4704 1894 4768; x_wconf 84' lang='lat' dir='ltr'><strong>audierant,</strong></span> <span class='ocrx_word' id='word_1_458' title='bbox 1943 4705 1997 4757; x_wconf 90' lang='lat' dir='ltr'><strong>in</strong></span> 
     </span>
    </p>
   </div>
   <div class='ocr_carea' id='block_1_72' title="bbox 2118 2142 2417 2198">
    <p class='ocr_par' dir='ltr' id='par_1_72' title="bbox 2118 2142 2417 2198">
     <span class='ocr_line' id='line_1_72' title="bbox 2118 2142 2417 2198; baseline 0.007 -2"><span class='ocrx_word' id='word_1_459' title='bbox 2118 2142 2417 2198; x_wconf 66' lang='grc' dir='ltr'><strong>⁷λέλυσθε.</strong></span> 
     </span>
    </p>
   </div>
   <div class='ocr_carea' id='block_1_73' title="bbox 2688 2235 3061 2292">
    <p class='ocr_par' dir='ltr' id='par_1_73' title="bbox 2688 2235 3061 2292">
     <span class='ocr_line' id='line_1_73' title="bbox 2688 2235 3061 2292; baseline 0.005 -3"><span class='ocrx_word' id='word_1_460' title='bbox 2688 2236 2942 2291; x_wconf 77' lang='grc' dir='ltr'><strong>ΚΕΦΔΛ.</strong></span> <span class='ocrx_word' id='word_1_461' title='bbox 2984 2235 3061 2292; x_wconf 89' lang='lat' dir='ltr'><strong>B&#39;.</strong></span> 
     </span>
    </p>
   </div>
   <div class='ocr_carea' id='block_1_74' title="bbox 2126 2326 3705 2405">
    <p class='ocr_par' dir='ltr' id='par_1_74' title="bbox 2126 2326 3705 2405">
     <span class='ocr_line' id='line_1_74' title="bbox 2126 2326 3705 2405; baseline 0.004 -24"><span class='ocrx_word' id='word_1_462' title='bbox 2126 2378 2131 2381; x_wconf 25' lang='grc' dir='ltr'><strong>Α</strong></span> <span class='ocrx_word' id='word_1_463' title='bbox 2198 2344 2218 2377; x_wconf 81' lang='grc' dir='ltr'><strong>ι</strong></span> <span class='ocrx_word' id='word_1_464' title='bbox 2258 2326 2358 2379; x_wconf 82' lang='grc' dir='ltr'>Διὰ</span> <span class='ocrx_word' id='word_1_465' title='bbox 2379 2327 2538 2381; x_wconf 90' lang='grc' dir='ltr'>τοῦτο</span> <span class='ocrx_word' id='word_1_466' title='bbox 2558 2327 2648 2381; x_wconf 80' lang='grc' dir='ltr'><strong>δεῖ</strong></span> <span class='ocrx_word' id='word_1_467' title='bbox 2676 2330 3082 2400; x_wconf 76' lang='grc' dir='ltr'>περισσοτέρως</span> <span class='ocrx_word' id='word_1_468' title='bbox 3107 2331 3258 2402; x_wconf 79' lang='grc' dir='ltr'>ἡμᾶς</span> <span class='ocrx_word' id='word_1_469' title='bbox 3280 2331 3571 2405; x_wconf 72' lang='grc' dir='ltr'>προσέχειν</span> <span class='ocrx_word' id='word_1_470' title='bbox 3588 2335 3705 2398; x_wconf 85' lang='grc' dir='ltr'>τοῖς</span> 
     </span>
    </p>
   </div>
   <div class='ocr_carea' id='block_1_75' title="bbox 2126 2415 3231 2492">
    <p class='ocr_par' dir='ltr' id='par_1_75' title="bbox 2126 2415 3231 2492">
     <span class='ocr_line' id='line_1_75' title="bbox 2126 2415 3231 2492; baseline 0.005 -23"><span class='ocrx_word' id='word_1_471' title='bbox 2126 2415 2467 2487; x_wconf 77' lang='grc' dir='ltr'>ἀκουσθεῖσι,</span> <span class='ocrx_word' id='word_1_472' title='bbox 2508 2420 2721 2489; x_wconf 85' lang='grc' dir='ltr'>μήποτε</span> <span class='ocrx_word' id='word_1_473' title='bbox 2751 2420 3180 2492; x_wconf 77' lang='grc' dir='ltr'>παραῤῥυῶμεν.</span> <span class='ocrx_word' id='word_1_474' title='bbox 3210 2441 3231 2474; x_wconf 74' lang='grc' dir='ltr'><strong>ι</strong></span> 
     </span>
    </p>
   </div>
   <div class='ocr_carea' id='block_1_76' title="bbox 2202 2596 3702 2678">
    <p class='ocr_par' dir='ltr' id='par_1_76' title="bbox 2202 2596 3702 2678">
     <span class='ocr_line' id='line_1_76' title="bbox 2202 2596 3702 2678; baseline 0.007 -29"><span class='ocrx_word' id='word_1_475' title='bbox 2202 2596 2308 2650; x_wconf 85' lang='grc' dir='ltr'><strong>Διὰ</strong></span> <span class='ocrx_word' id='word_1_476' title='bbox 2339 2597 2535 2652; x_wconf 85' lang='grc' dir='ltr'>τοῦτο.</span> <span class='ocrx_word' id='word_1_477' title='bbox 2572 2598 2751 2664; x_wconf 89' lang='grc' dir='ltr'>Ποῖον,</span> <span class='ocrx_word' id='word_1_478' title='bbox 2781 2599 2903 2670; x_wconf 54' lang='lat' dir='ltr'><strong>me</strong></span> <span class='ocrx_word' id='word_1_479' title='bbox 2933 2600 3071 2654; x_wconf 80' lang='grc' dir='ltr'>πολὺ</span> <span class='ocrx_word' id='word_1_480' title='bbox 3112 2598 3254 2656; x_wconf 79' lang='grc' dir='ltr'>εἶναι</span> <span class='ocrx_word' id='word_1_481' title='bbox 3293 2601 3355 2655; x_wconf 81' lang='grc' dir='ltr'>τὸ</span> <span class='ocrx_word' id='word_1_482' title='bbox 3388 2603 3553 2674; x_wconf 77' lang='grc' dir='ltr'>μέσον</span> <span class='ocrx_word' id='word_1_483' title='bbox 3600 2608 3702 2678; x_wconf 79' lang='grc' dir='ltr'>τῆς</span> 
     </span>
    </p>
   </div>
   <div class='ocr_carea' id='block_1_77' title="bbox 2122 2689 3703 2762">
    <p class='ocr_par' dir='ltr' id='par_1_77' title="bbox 2122 2689 3703 2762">
     <span class='ocr_line' id='line_1_77' title="bbox 2122 2689 3703 2762; baseline 0.009 -22"><span class='ocrx_word' id='word_1_484' title='bbox 2122 2704 2183 2741; x_wconf 86' lang='grc' dir='ltr'><strong>τε</strong></span> <span class='ocrx_word' id='word_1_485' title='bbox 2217 2689 2452 2760; x_wconf 83' lang='grc' dir='ltr'>νομικῆς</span> <span class='ocrx_word' id='word_1_486' title='bbox 2498 2691 2593 2743; x_wconf 79' lang='grc' dir='ltr'>καὶ</span> <span class='ocrx_word' id='word_1_487' title='bbox 2628 2691 2993 2762; x_wconf 79' lang='grc' dir='ltr'>εὐαγγελικῆς</span> <span class='ocrx_word' id='word_1_488' title='bbox 3046 2694 3363 2762; x_wconf 75' lang='grc' dir='ltr'>πολιτείαςς</span> <span class='ocrx_word' id='word_1_489' title='bbox 3391 2696 3505 2749; x_wconf 75' lang='grc' dir='ltr'><strong>Καὶ</strong></span> <span class='ocrx_word' id='word_1_490' title='bbox 3540 2697 3703 2753; x_wconf 81' lang='grc' dir='ltr'>τοῦτο</span> 
     </span>
    </p>
   </div>
   <div class='ocr_carea' id='block_1_78' title="bbox 2124 2783 3455 2860">
    <p class='ocr_par' dir='ltr' id='par_1_78' title="bbox 2124 2783 3455 2860">
     <span class='ocr_line' id='line_1_78' title="bbox 2124 2783 3455 2860; baseline 0.008 -25"><span class='ocrx_word' id='word_1_491' title='bbox 2124 2784 2190 2835; x_wconf 79' lang='grc' dir='ltr'>ὲκ</span> <span class='ocrx_word' id='word_1_492' title='bbox 2214 2783 2317 2853; x_wconf 84' lang='grc' dir='ltr'>τῆς</span> <span class='ocrx_word' id='word_1_493' title='bbox 2338 2785 2691 2856; x_wconf 79' lang='grc' dir='ltr'>κατασκευῆς</span> <span class='ocrx_word' id='word_1_494' title='bbox 2713 2784 2871 2855; x_wconf 83' lang='grc' dir='ltr'>δῆλον</span> <span class='ocrx_word' id='word_1_495' title='bbox 2900 2786 3001 2856; x_wconf 81' lang='grc' dir='ltr'>τῆς</span> <span class='ocrx_word' id='word_1_496' title='bbox 3029 2788 3455 2860; x_wconf 69' lang='grc' dir='ltr'>ἐπιφερομένης.</span> 
     </span>
    </p>
   </div>
   <div class='ocr_carea' id='block_1_79' title="bbox 2201 2875 3699 2949">
    <p class='ocr_par' dir='ltr' id='par_1_79' title="bbox 2201 2875 3699 2949">
     <span class='ocr_line' id='line_1_79' title="bbox 2201 2875 3699 2949; baseline 0.006 -22"><span class='ocrx_word' id='word_1_497' title='bbox 2201 2893 2222 2926; x_wconf 84' lang='grc' dir='ltr'><strong>ι</strong></span> <span class='ocrx_word' id='word_1_498' title='bbox 2258 2876 2322 2929; x_wconf 76' lang='lat' dir='ltr'><strong>Et</strong></span> <span class='ocrx_word' id='word_1_499' title='bbox 2356 2875 2467 2946; x_wconf 83' lang='grc' dir='ltr'><strong>γὰρ</strong></span> <span class='ocrx_word' id='word_1_500' title='bbox 2490 2878 2519 2929; x_wconf 87' lang='grc' dir='ltr'><strong>ό</strong></span> <span class='ocrx_word' id='word_1_501' title='bbox 2547 2877 2615 2930; x_wconf 91' lang='grc' dir='ltr'><strong>δι’</strong></span> <span class='ocrx_word' id='word_1_502' title='bbox 2660 2877 2911 2946; x_wconf 81' lang='grc' dir='ltr'>ἀγγέλων</span> <span class='ocrx_word' id='word_1_503' title='bbox 2963 2877 3217 2949; x_wconf 75' lang='grc' dir='ltr'>λαληθεὶς</span> <span class='ocrx_word' id='word_1_504' title='bbox 3273 2879 3433 2948; x_wconf 85' lang='grc' dir='ltr'>λόγος</span> <span class='ocrx_word' id='word_1_505' title='bbox 3478 2881 3699 2949; x_wconf 67' lang='grc' dir='ltr'>ἐγένετο</span> 
     </span>
    </p>
   </div>
   <div class='ocr_carea' id='block_1_80' title="bbox 2123 2966 3697 3044">
    <p class='ocr_par' dir='ltr' id='par_1_80' title="bbox 2123 2966 3697 3044">
     <span class='ocr_line' id='line_1_80' title="bbox 2123 2966 3697 3044; baseline 0.004 -24"><span class='ocrx_word' id='word_1_506' title='bbox 2123 2966 2360 3036; x_wconf 76' lang='grc' dir='ltr'>βέϐαιος,</span> <span class='ocrx_word' id='word_1_507' title='bbox 2392 2967 2488 3021; x_wconf 80' lang='grc' dir='ltr'>καὶ</span> <span class='ocrx_word' id='word_1_508' title='bbox 2540 2969 2691 3023; x_wconf 80' lang='grc' dir='ltr'>πᾶσα</span> <span class='ocrx_word' id='word_1_509' title='bbox 2749 2969 3064 3040; x_wconf 73' lang='grc' dir='ltr'>παράϐασις</span> <span class='ocrx_word' id='word_1_510' title='bbox 3102 2971 3200 3025; x_wconf 81' lang='grc' dir='ltr'>καὶ</span> <span class='ocrx_word' id='word_1_511' title='bbox 3255 2972 3515 3044; x_wconf 79' lang='grc' dir='ltr'>παρακοὴ</span> <span class='ocrx_word' id='word_1_512' title='bbox 3566 2973 3697 3027; x_wconf 73' lang='grc' dir='ltr'>ελα-</span> 
     </span>
    </p>
   </div>
   <div class='ocr_carea' id='block_1_81' title="bbox 2120 3055 3696 3135">
    <p class='ocr_par' dir='ltr' id='par_1_81' title="bbox 2120 3055 3696 3135">
     <span class='ocr_line' id='line_1_81' title="bbox 2120 3055 3696 3135; baseline 0.005 -25"><span class='ocrx_word' id='word_1_513' title='bbox 2120 3055 2214 3111; x_wconf 82' lang='grc' dir='ltr'>6εν</span> <span class='ocrx_word' id='word_1_514' title='bbox 2243 3056 2450 3112; x_wconf 73' lang='grc' dir='ltr'>ἔνδικον</span> <span class='ocrx_word' id='word_1_515' title='bbox 2475 3059 2929 3130; x_wconf 85' lang='grc' dir='ltr'>μισθαποδοσίαν,</span> <span class='ocrx_word' id='word_1_516' title='bbox 2962 3060 3081 3125; x_wconf 89' lang='grc' dir='ltr'><strong>πῶς</strong></span> <span class='ocrx_word' id='word_1_517' title='bbox 3114 3063 3279 3132; x_wconf 81' lang='grc' dir='ltr'>ἡμεῖς</span> <span class='ocrx_word' id='word_1_518' title='bbox 3319 3063 3696 3135; x_wconf 68' lang='grc' dir='ltr'>ἐκφευξόμεθα</span> 
     </span>
    </p>
   </div>
   <div class='ocr_carea' id='block_1_82' title="bbox 2115 3148 3255 3224">
    <p class='ocr_par' dir='ltr' id='par_1_82' title="bbox 2115 3148 3255 3224">
     <span class='ocr_line' id='line_1_82' title="bbox 2115 3148 3255 3224; baseline 0.003 -24"><span class='ocrx_word' id='word_1_519' title='bbox 2115 3148 2451 3216; x_wconf 57' lang='grc' dir='ltr'>τηλικαύτης</span> <span class='ocrx_word' id='word_1_520' title='bbox 2487 3149 2862 3221; x_wconf 83' lang='grc' dir='ltr'>ἀμελήσαντες</span> <span class='ocrx_word' id='word_1_521' title='bbox 2880 3151 3155 3224; x_wconf 87' lang='grc' dir='ltr'>σωτηρίας</span> <span class='ocrx_word' id='word_1_522' title='bbox 3184 3169 3200 3219; x_wconf 90' lang='lat'><strong>;</strong></span> <span class='ocrx_word' id='word_1_523' title='bbox 3237 3170 3255 3203; x_wconf 81' lang='grc' dir='ltr'><strong>ι</strong></span> 
     </span>
    </p>
   </div>
   <div class='ocr_carea' id='block_1_83' title="bbox 2192 3332 3815 3409">
    <p class='ocr_par' dir='ltr' id='par_1_83' title="bbox 2192 3332 3815 3409">
     <span class='ocr_line' id='line_1_83' title="bbox 2192 3332 3815 3409; baseline 0.006 -25"><span class='ocrx_word' id='word_1_524' title='bbox 2192 3333 2490 3404; x_wconf 83' lang='grc' dir='ltr'>Σύγκρισις</span> <span class='ocrx_word' id='word_1_525' title='bbox 2518 3332 2617 3402; x_wconf 84' lang='grc' dir='ltr'>μὲν</span> <span class='ocrx_word' id='word_1_526' title='bbox 2644 3332 2705 3386; x_wconf 86' lang='grc' dir='ltr'>τὸ</span> <span class='ocrx_word' id='word_1_527' title='bbox 2728 3333 2869 3399; x_wconf 84' lang='grc' dir='ltr'>ὅλον,</span> <span class='ocrx_word' id='word_1_528' title='bbox 2907 3335 3225 3407; x_wconf 76' lang='grc' dir='ltr'>κατασκευὴ</span> <span class='ocrx_word' id='word_1_529' title='bbox 3260 3335 3319 3389; x_wconf 68' lang='grc' dir='ltr'>δὲ</span> <span class='ocrx_word' id='word_1_530' title='bbox 3347 3334 3442 3393; x_wconf 85' lang='grc' dir='ltr'><strong>τοῦ</strong></span> <span class='ocrx_word' id='word_1_531' title='bbox 3491 3335 3695 3409; x_wconf 76' lang='grc' dir='ltr'>μᾶλλον</span> <span class='ocrx_word' id='word_1_532' title='bbox 3804 3392 3815 3399; x_wconf 35' lang='grc' dir='ltr'><strong>μ</strong></span> 
     </span>
    </p>
   </div>
   <div class='ocr_carea' id='block_1_84' title="bbox 2113 3422 3693 3498">
    <p class='ocr_par' dir='ltr' id='par_1_84' title="bbox 2113 3422 3693 3498">
     <span class='ocr_line' id='line_1_84' title="bbox 2113 3422 3693 3498; baseline 0.005 -23"><span class='ocrx_word' id='word_1_533' title='bbox 2113 3422 2475 3494; x_wconf 85' lang='grc' dir='ltr'>τιμωρεῖσθαι</span> <span class='ocrx_word' id='word_1_534' title='bbox 2529 3425 2655 3487; x_wconf 80' lang='grc' dir='ltr'>τοὺς</span> <span class='ocrx_word' id='word_1_535' title='bbox 2708 3424 2802 3477; x_wconf 79' lang='grc' dir='ltr'>τὸν</span> <span class='ocrx_word' id='word_1_536' title='bbox 2854 3425 3212 3494; x_wconf 83' lang='grc' dir='ltr'>εὐαγγελικὸν</span> <span class='ocrx_word' id='word_1_537' title='bbox 3245 3427 3693 3498; x_wconf 73' lang='grc' dir='ltr'>παραϐαίνοντας</span> 
     </span>
    </p>
   </div>
   <div class='ocr_carea' id='block_1_85' title="bbox 2115 3510 3692 3591">
    <p class='ocr_par' dir='ltr' id='par_1_85' title="bbox 2115 3510 3692 3591">
     <span class='ocr_line' id='line_1_85' title="bbox 2115 3510 3692 3591; baseline 0.003 -23"><span class='ocrx_word' id='word_1_538' title='bbox 2115 3515 2298 3585; x_wconf 89' lang='grc' dir='ltr'>νόμον.</span> <span class='ocrx_word' id='word_1_539' title='bbox 2360 3514 2423 3567; x_wconf 81' lang='lat' dir='ltr'><strong>Ei</strong></span> <span class='ocrx_word' id='word_1_540' title='bbox 2470 3515 2580 3586; x_wconf 87' lang='grc' dir='ltr'><strong>γὰρ</strong></span> <span class='ocrx_word' id='word_1_541' title='bbox 2629 3514 2690 3567; x_wconf 83' lang='grc' dir='ltr'>τὸ</span> <span class='ocrx_word' id='word_1_542' title='bbox 2730 3510 2914 3586; x_wconf 83' lang='grc' dir='ltr'>ἦττον,</span> <span class='ocrx_word' id='word_1_543' title='bbox 2974 3517 3131 3586; x_wconf 70' lang='grc' dir='ltr'>φησι,</span> <span class='ocrx_word' id='word_1_544' title='bbox 3192 3518 3692 3591; x_wconf 81' lang='grc' dir='ltr'>παραϐαινόμενον,</span> 
     </span>
    </p>
   </div>
   <div class='ocr_carea' id='block_1_86' title="bbox 2113 3605 3697 3679">
    <p class='ocr_par' dir='ltr' id='par_1_86' title="bbox 2113 3605 3697 3679">
     <span class='ocr_line' id='line_1_86' title="bbox 2113 3605 3697 3679; baseline 0.003 -20"><span class='ocrx_word' id='word_1_545' title='bbox 2113 3605 2214 3659; x_wconf 84' lang='grc' dir='ltr'>οὐκ</span> <span class='ocrx_word' id='word_1_546' title='bbox 2268 3608 2653 3676; x_wconf 82' lang='grc' dir='ltr'>ἀτιμωρήτους</span> <span class='ocrx_word' id='word_1_547' title='bbox 2697 3606 2762 3675; x_wconf 81' lang='grc' dir='ltr'><strong>ἐᾷ</strong></span> <span class='ocrx_word' id='word_1_548' title='bbox 2818 3611 2945 3669; x_wconf 85' lang='grc' dir='ltr'>τοὺς</span> <span class='ocrx_word' id='word_1_549' title='bbox 2997 3608 3477 3678; x_wconf 75' lang='grc' dir='ltr'>παραϐαίνοντας,</span> <span class='ocrx_word' id='word_1_550' title='bbox 3539 3611 3697 3679; x_wconf 85' lang='grc' dir='ltr'>πόσῳ</span> 
     </span>
    </p>
   </div>
   <div class='ocr_carea' id='block_1_87' title="bbox 2120 3696 3701 3770">
    <p class='ocr_par' dir='ltr' id='par_1_87' title="bbox 2120 3696 3701 3770">
     <span class='ocr_line' id='line_1_87' title="bbox 2120 3696 3701 3770; baseline 0.001 -19"><span class='ocrx_word' id='word_1_551' title='bbox 2120 3696 2322 3767; x_wconf 79' lang='grc' dir='ltr'>μᾶλλον</span> <span class='ocrx_word' id='word_1_552' title='bbox 2355 3698 2404 3750; x_wconf 86' lang='grc' dir='ltr'><strong>εί</strong></span> <span class='ocrx_word' id='word_1_553' title='bbox 2430 3697 2491 3751; x_wconf 81' lang='grc' dir='ltr'>τὸ</span> <span class='ocrx_word' id='word_1_554' title='bbox 2543 3699 2798 3769; x_wconf 78' lang='grc' dir='ltr'>κρεῖσσον</span> <span class='ocrx_word' id='word_1_555' title='bbox 2827 3697 3194 3768; x_wconf 70' lang='grc' dir='ltr'>παραϋαθείη,</span> <span class='ocrx_word' id='word_1_556' title='bbox 3237 3699 3337 3770; x_wconf 84' lang='grc' dir='ltr'>οὐχ</span> <span class='ocrx_word' id='word_1_557' title='bbox 3395 3699 3701 3753; x_wconf 72' lang='grc' dir='ltr'>ὑπεύθυνον</span> 
     </span>
    </p>
   </div>
   <div class='ocr_carea' id='block_1_88' title="bbox 2114 3786 3693 3860">
    <p class='ocr_par' dir='ltr' id='par_1_88' title="bbox 2114 3786 3693 3860">
     <span class='ocr_line' id='line_1_88' title="bbox 2114 3786 3693 3860; baseline 0.001 -19"><span class='ocrx_word' id='word_1_558' title='bbox 2114 3787 2332 3843; x_wconf 85' lang='grc' dir='ltr'>κολάσει</span> <span class='ocrx_word' id='word_1_559' title='bbox 2353 3788 2528 3859; x_wconf 77' lang='grc' dir='ltr'>πικρᾷ</span> <span class='ocrx_word' id='word_1_560' title='bbox 2557 3787 2776 3857; x_wconf 86' lang='grc' dir='ltr'>ποιήσει</span> <span class='ocrx_word' id='word_1_561' title='bbox 2801 3786 2892 3839; x_wconf 83' lang='grc' dir='ltr'>τὸν</span> <span class='ocrx_word' id='word_1_562' title='bbox 2920 3787 3330 3860; x_wconf 69' lang='grc' dir='ltr'>παραϐαίνοντα</span> <span class='ocrx_word' id='word_1_563' title='bbox 3362 3805 3378 3852; x_wconf 90' lang='lat'><strong>;</strong></span> <span class='ocrx_word' id='word_1_564' title='bbox 3415 3789 3489 3842; x_wconf 78' lang='grc' dir='ltr'>Τὸ</span> <span class='ocrx_word' id='word_1_565' title='bbox 3528 3789 3589 3843; x_wconf 68' lang='grc' dir='ltr'>δὲ</span> <span class='ocrx_word' id='word_1_566' title='bbox 3614 3789 3693 3842; x_wconf 77' lang='grc' dir='ltr'><strong>δι’</strong></span> 
     </span>
    </p>
   </div>
   <div class='ocr_carea' id='block_1_89' title="bbox 2112 3878 3696 3952">
    <p class='ocr_par' dir='ltr' id='par_1_89' title="bbox 2112 3878 3696 3952">
     <span class='ocr_line' id='line_1_89' title="bbox 2112 3878 3696 3952; baseline 0.004 -21"><span class='ocrx_word' id='word_1_567' title='bbox 2112 3878 2383 3949; x_wconf 75' lang='grc' dir='ltr'>ἀγγέλων</span> <span class='ocrx_word' id='word_1_568' title='bbox 2421 3878 2729 3945; x_wconf 73' lang='grc' dir='ltr'>λαληθεὶς,</span> <span class='ocrx_word' id='word_1_569' title='bbox 2797 3878 3075 3949; x_wconf 85' lang='grc' dir='ltr'>σημαίνει,</span> <span class='ocrx_word' id='word_1_570' title='bbox 3102 3878 3178 3943; x_wconf 83' lang='grc' dir='ltr'><strong>ὡς</strong></span> <span class='ocrx_word' id='word_1_571' title='bbox 3205 3879 3513 3952; x_wconf 83' lang='grc' dir='ltr'>ὑπηρέτουν</span> <span class='ocrx_word' id='word_1_572' title='bbox 3571 3881 3696 3952; x_wconf 82' lang='grc' dir='ltr'><strong>Θεῷ</strong></span> 
     </span>
    </p>
   </div>
   <div class='ocr_carea' id='block_1_90' title="bbox 2112 3968 2886 4040">
    <p class='ocr_par' dir='ltr' id='par_1_90' title="bbox 2112 3968 2886 4040">
     <span class='ocr_line' id='line_1_90' title="bbox 2112 3968 2886 4040; baseline -0.001 -15"><span class='ocrx_word' id='word_1_573' title='bbox 2112 3970 2333 4040; x_wconf 81' lang='grc' dir='ltr'>ἄγγελοι</span> <span class='ocrx_word' id='word_1_574' title='bbox 2362 3969 2556 4025; x_wconf 83' lang='grc' dir='ltr'>διδόντι</span> <span class='ocrx_word' id='word_1_575' title='bbox 2578 3969 2669 4023; x_wconf 80' lang='grc' dir='ltr'><strong>τὸν</strong></span> <span class='ocrx_word' id='word_1_576' title='bbox 2700 3968 2886 4039; x_wconf 89' lang='grc' dir='ltr'>νόμον.</span> 
     </span>
    </p>
   </div>
   <div class='ocr_carea' id='block_1_91' title="bbox 2190 4151 3690 4227">
    <p class='ocr_par' dir='ltr' id='par_1_91' title="bbox 2190 4151 3690 4227">
     <span class='ocr_line' id='line_1_91' title="bbox 2190 4151 3690 4227; baseline 0 -20"><span class='ocrx_word' id='word_1_577' title='bbox 2190 4174 2208 4207; x_wconf 79' lang='grc' dir='ltr'><strong>ι</strong></span> <span class='ocrx_word' id='word_1_578' title='bbox 2243 4156 2402 4219; x_wconf 80' lang='grc' dir='ltr'>’Ἢτις</span> <span class='ocrx_word' id='word_1_579' title='bbox 2430 4155 2605 4227; x_wconf 78' lang='grc' dir='ltr'>ἀρχὴν</span> <span class='ocrx_word' id='word_1_580' title='bbox 2628 4152 2869 4207; x_wconf 80' lang='grc' dir='ltr'>λαϐοῦσα</span> <span class='ocrx_word' id='word_1_581' title='bbox 2898 4152 3179 4208; x_wconf 86' lang='grc' dir='ltr'>λαλεῖσθαι</span> <span class='ocrx_word' id='word_1_582' title='bbox 3211 4151 3301 4207; x_wconf 84' lang='grc' dir='ltr'><strong>διὰ</strong></span> <span class='ocrx_word' id='word_1_583' title='bbox 3325 4151 3421 4207; x_wconf 88' lang='grc' dir='ltr'><strong>τοῦ</strong></span> <span class='ocrx_word' id='word_1_584' title='bbox 3453 4153 3690 4226; x_wconf 84' lang='grc' dir='ltr'>Κυρίου,</span> 
     </span>
    </p>
   </div>
   <div class='ocr_carea' id='block_1_92' title="bbox 2112 4243 3698 4315">
    <p class='ocr_par' dir='ltr' id='par_1_92' title="bbox 2112 4243 3698 4315">
     <span class='ocr_line' id='line_1_92' title="bbox 2112 4243 3698 4315; baseline 0 -14"><span class='ocrx_word' id='word_1_585' title='bbox 2112 4248 2217 4302; x_wconf 82' lang='grc' dir='ltr'><strong>ὑπὸ</strong></span> <span class='ocrx_word' id='word_1_586' title='bbox 2254 4247 2362 4300; x_wconf 85' lang='grc' dir='ltr'><strong>τῶν</strong></span> <span class='ocrx_word' id='word_1_587' title='bbox 2391 4246 2739 4300; x_wconf 83' lang='grc' dir='ltr'>ἀκουσάντων</span> <span class='ocrx_word' id='word_1_588' title='bbox 2765 4247 2844 4308; x_wconf 88' lang='grc' dir='ltr'><strong>είς</strong></span> <span class='ocrx_word' id='word_1_589' title='bbox 2898 4244 3043 4314; x_wconf 80' lang='grc' dir='ltr'>ὑμᾶς</span> <span class='ocrx_word' id='word_1_590' title='bbox 3081 4243 3412 4315; x_wconf 78' lang='grc' dir='ltr'>ἐϐεϐαιώθη,</span> <span class='ocrx_word' id='word_1_591' title='bbox 3466 4261 3698 4301; x_wconf 85' lang='grc' dir='ltr'>συνεπι-</span> 
     </span>
    </p>
   </div>
   <div class='ocr_carea' id='block_1_93' title="bbox 2114 4333 3697 4410">
    <p class='ocr_par' dir='ltr' id='par_1_93' title="bbox 2114 4333 3697 4410">
     <span class='ocr_line' id='line_1_93' title="bbox 2114 4333 3697 4410; baseline 0 -19"><span class='ocrx_word' id='word_1_592' title='bbox 2114 4337 2520 4410; x_wconf 76' lang='grc' dir='ltr'>μαρτυροῦντος</span> <span class='ocrx_word' id='word_1_593' title='bbox 2563 4336 2657 4389; x_wconf 90' lang='grc' dir='ltr'><strong>τοῦ</strong></span> <span class='ocrx_word' id='word_1_594' title='bbox 2706 4333 2844 4389; x_wconf 87' lang='grc' dir='ltr'>Θεοῦ</span> <span class='ocrx_word' id='word_1_595' title='bbox 2887 4334 3159 4405; x_wconf 81' lang='grc' dir='ltr'>σημείοις,</span> <span class='ocrx_word' id='word_1_596' title='bbox 3189 4335 3283 4388; x_wconf 74' lang='grc' dir='ltr'>καὶ</span> <span class='ocrx_word' id='word_1_597' title='bbox 3336 4335 3554 4406; x_wconf 71' lang='grc' dir='ltr'>τέρασι,</span> <span class='ocrx_word' id='word_1_598' title='bbox 3598 4337 3697 4391; x_wconf 78' lang='grc' dir='ltr'><strong>καὶ</strong></span> 
     </span>
    </p>
   </div>
   <div class='ocr_carea' id='block_1_94' title="bbox 2038 4424 2750 4516">
    <p class='ocr_par' dir='ltr' id='par_1_94' title="bbox 2038 4424 2750 4516">
     <span class='ocr_line' id='line_1_94' title="bbox 2038 4424 2750 4516; baseline -0.007 -37"><span class='ocrx_word' id='word_1_599' title='bbox 2038 4462 2083 4516; x_wconf 78' lang='lat' dir='ltr'><strong>D</strong></span> <span class='ocrx_word' id='word_1_600' title='bbox 2112 4425 2386 4487; x_wconf 85' lang='grc' dir='ltr'>ποικίλαις</span> <span class='ocrx_word' id='word_1_601' title='bbox 2413 4424 2700 4494; x_wconf 83' lang='grc' dir='ltr'>δυνάμεσι,</span> <span class='ocrx_word' id='word_1_602' title='bbox 2730 4442 2750 4474; x_wconf 73' lang='grc' dir='ltr'><strong>ι</strong></span> 
     </span>
    </p>
   </div>
   <div class='ocr_carea' id='block_1_95' title="bbox 2194 4512 3694 4587">
    <p class='ocr_par' dir='ltr' id='par_1_95' title="bbox 2194 4512 3694 4587">
     <span class='ocr_line' id='line_1_95' title="bbox 2194 4512 3694 4587; baseline -0.002 -17"><span class='ocrx_word' id='word_1_603' title='bbox 2194 4517 2314 4570; x_wconf 87' lang='grc' dir='ltr'>Ἔτι</span> <span class='ocrx_word' id='word_1_604' title='bbox 2366 4515 2466 4587; x_wconf 79' lang='grc' dir='ltr'>τῆς</span> <span class='ocrx_word' id='word_1_605' title='bbox 2512 4515 2900 4587; x_wconf 88' lang='grc' dir='ltr'>συγκρίσεωςὸ</span> <span class='ocrx_word' id='word_1_606' title='bbox 2922 4514 3077 4582; x_wconf 87' lang='grc' dir='ltr'>λόγος</span> <span class='ocrx_word' id='word_1_607' title='bbox 3113 4512 3252 4566; x_wconf 81' lang='grc' dir='ltr'>ὲστί.</span> <span class='ocrx_word' id='word_1_608' title='bbox 3284 4513 3448 4583; x_wconf 82' lang='grc' dir='ltr'>Λέγει</span> <span class='ocrx_word' id='word_1_609' title='bbox 3488 4513 3566 4579; x_wconf 82' lang='grc' dir='ltr'>δὲ,</span> <span class='ocrx_word' id='word_1_610' title='bbox 3615 4514 3694 4578; x_wconf 82' lang='grc' dir='ltr'>ὡς</span> 
     </span>
    </p>
   </div>
   <div class='ocr_carea' id='block_1_96' title="bbox 2098 4602 3694 4676">
    <p class='ocr_par' dir='ltr' id='par_1_96' title="bbox 2098 4602 3694 4676">
     <span class='ocr_line' id='line_1_96' title="bbox 2098 4602 3694 4676; baseline -0.004 -16"><span class='ocrx_word' id='word_1_611' title='bbox 2098 4609 2209 4676; x_wconf 33' lang='grc' dir='ltr'>,τῆς</span> <span class='ocrx_word' id='word_1_612' title='bbox 2257 4604 2622 4674; x_wconf 81' lang='grc' dir='ltr'>εὐαγγελικῆς</span> <span class='ocrx_word' id='word_1_613' title='bbox 2678 4603 3026 4667; x_wconf 84' lang='grc' dir='ltr'>διδασκαλίας</span> <span class='ocrx_word' id='word_1_614' title='bbox 3058 4602 3320 4672; x_wconf 84' lang='grc' dir='ltr'>όΚύριος</span> <span class='ocrx_word' id='word_1_615' title='bbox 3375 4602 3539 4666; x_wconf 83' lang='grc' dir='ltr'>αὐτὸς</span> <span class='ocrx_word' id='word_1_616' title='bbox 3592 4604 3694 4674; x_wconf 67' lang='grc' dir='ltr'>ηρ.</span> 
     </span>
    </p>
   </div>
   <div class='ocr_carea' id='block_1_97' title="bbox 2109 4696 3693 4767">
    <p class='ocr_par' dir='ltr' id='par_1_97' title="bbox 2109 4696 3693 4767">
     <span class='ocr_line' id='line_1_97' title="bbox 2109 4696 3693 4767; baseline -0.005 -11"><span class='ocrx_word' id='word_1_617' title='bbox 2109 4703 2237 4766; x_wconf 86' lang='grc' dir='ltr'>ξατο</span> <span class='ocrx_word' id='word_1_618' title='bbox 2261 4716 2274 4731; x_wconf 70' lang='grc'><strong><em>⁸</em></strong></span> <span class='ocrx_word' id='word_1_619' title='bbox 2307 4698 2426 4754; x_wconf 81' lang='grc' dir='ltr'>εἶτα</span> <span class='ocrx_word' id='word_1_620' title='bbox 2456 4702 2504 4754; x_wconf 78' lang='lat' dir='ltr'><strong>oi</strong></span> <span class='ocrx_word' id='word_1_621' title='bbox 2535 4700 2689 4752; x_wconf 78' lang='grc' dir='ltr'>αὐτοὶ</span> <span class='ocrx_word' id='word_1_622' title='bbox 2735 4698 2828 4751; x_wconf 87' lang='grc' dir='ltr'><strong>τοῦ</strong></span> <span class='ocrx_word' id='word_1_623' title='bbox 2884 4697 3092 4767; x_wconf 85' lang='grc' dir='ltr'>Κυρίου</span> <span class='ocrx_word' id='word_1_624' title='bbox 3145 4696 3502 4759; x_wconf 75' lang='grc' dir='ltr'>ἀκούσαντες,</span> <span class='ocrx_word' id='word_1_625' title='bbox 3540 4699 3693 4767; x_wconf 76' lang='grc' dir='ltr'>ἡμᾶς</span> 
     </span>
    </p>
   </div>
   <div class='ocr_carea' id='block_1_98' title="bbox 417 4785 2013 4868">
    <p class='ocr_par' dir='ltr' id='par_1_98' title="bbox 417 4795 1994 4868">
     <span class='ocr_line' id='line_1_98' title="bbox 417 4795 1994 4868; baseline 0.001 -17"><span class='ocrx_word' id='word_1_626' title='bbox 417 4797 610 4851; x_wconf 85' lang='lat' dir='ltr'><strong>eadem</strong></span> <span class='ocrx_word' id='word_1_627' title='bbox 644 4811 745 4851; x_wconf 88' lang='lat' dir='ltr'><strong>nos</strong></span> <span class='ocrx_word' id='word_1_628' title='bbox 783 4797 1166 4861; x_wconf 81' lang='lat' dir='ltr'><strong>confirmasse,</strong></span> <span class='ocrx_word' id='word_1_629' title='bbox 1204 4799 1312 4852; x_wconf 89' lang='lat' dir='ltr'><strong>Deo</strong></span> <span class='ocrx_word' id='word_1_630' title='bbox 1346 4795 1572 4868; x_wconf 82' lang='lat' dir='ltr'><strong>insuper</strong></span> <span class='ocrx_word' id='word_1_631' title='bbox 1617 4798 1994 4854; x_wconf 76' lang='lat' dir='ltr'><strong>testimonium</strong></span> 
     </span>
    </p>
   </div>
   <div class='ocr_carea' id='block_1_99' title="bbox 2122 4785 3688 4868">
    <p class='ocr_par' dir='ltr' id='par_1_99' title="bbox 2122 4785 3688 4862">
     <span class='ocr_line' id='line_1_99' title="bbox 2122 4785 3688 4862; baseline -0.004 -16"><span class='ocrx_word' id='word_1_632' title='bbox 2122 4796 2186 4856; x_wconf 75' lang='grc' dir='ltr'>είς</span> <span class='ocrx_word' id='word_1_633' title='bbox 2218 4792 2422 4862; x_wconf 78' lang='grc' dir='ltr'>ταύτην</span> <span class='ocrx_word' id='word_1_634' title='bbox 2452 4789 2807 4853; x_wconf 71' lang='grc' dir='ltr'>ἐϐεϐαίωσαν,</span> <span class='ocrx_word' id='word_1_635' title='bbox 2838 4785 3447 4858; x_wconf 83' lang='grc' dir='ltr'>συνεπιμαρτυροῦντος</span> <span class='ocrx_word' id='word_1_636' title='bbox 3502 4788 3688 4851; x_wconf 84' lang='grc' dir='ltr'>αὐτοῖς</span> 
     </span>
    </p>
   </div>
   <div class='ocr_carea' id='block_1_100' title="bbox 420 4888 2001 4961">
    <p class='ocr_par' dir='ltr' id='par_1_100' title="bbox 420 4888 2001 4961">
     <span class='ocr_line' id='line_1_100' title="bbox 420 4888 2001 4961; baseline 0.003 -21"><span class='ocrx_word' id='word_1_637' title='bbox 420 4888 732 4957; x_wconf 85' lang='lat' dir='ltr'><strong>adjicientc,</strong></span> <span class='ocrx_word' id='word_1_638' title='bbox 781 4904 878 4959; x_wconf 86' lang='lat' dir='ltr'><strong>per</strong></span> <span class='ocrx_word' id='word_1_639' title='bbox 927 4889 1193 4943; x_wconf 86' lang='lat' dir='ltr'><strong>miracula</strong></span> <span class='ocrx_word' id='word_1_640' title='bbox 1223 4904 1345 4959; x_wconf 80' lang='lat' dir='ltr'><strong>quae</strong></span> <span class='ocrx_word' id='word_1_641' title='bbox 1381 4890 1776 4960; x_wconf 68' lang='lat' dir='ltr'><strong>prmdicatores</strong></span> <span class='ocrx_word' id='word_1_642' title='bbox 1812 4900 2001 4961; x_wconf 88' lang='lat' dir='ltr'><strong>patra-</strong></span> 
     </span>
    </p>
   </div>
   <div class='ocr_carea' id='block_1_101' title="bbox 421 4971 647 5033">
    <p class='ocr_par' dir='ltr' id='par_1_101' title="bbox 421 4971 647 5033">
     <span class='ocr_line' id='line_1_101' title="bbox 421 4971 647 5033; baseline 0.004 -1"><span class='ocrx_word' id='word_1_643' title='bbox 421 4971 647 5033; x_wconf 75' lang='lat' dir='ltr'><strong>vérunt.</strong></span> 
     </span>
    </p>
   </div>
   <div class='ocr_carea' id='block_1_102' title="bbox 498 5066 2003 5137">
    <p class='ocr_par' dir='ltr' id='par_1_102' title="bbox 498 5066 2003 5137">
     <span class='ocr_line' id='line_1_102' title="bbox 498 5066 2003 5137; baseline 0.001 -17"><span class='ocrx_word' id='word_1_644' title='bbox 498 5087 516 5120; x_wconf 82' lang='grc' dir='ltr'><strong>ι</strong></span> <span class='ocrx_word' id='word_1_645' title='bbox 554 5068 619 5121; x_wconf 87' lang='grc' dir='ltr'><strong>Ει</strong></span> <span class='ocrx_word' id='word_1_646' title='bbox 671 5067 914 5137; x_wconf 84' lang='lat' dir='ltr'><strong>Spiritus</strong></span> <span class='ocrx_word' id='word_1_647' title='bbox 950 5068 1125 5123; x_wconf 88' lang='lat' dir='ltr'><strong>sancti</strong></span> <span class='ocrx_word' id='word_1_648' title='bbox 1169 5066 1663 5125; x_wconf 87' lang='lat' dir='ltr'><strong>distributionibus</strong></span> <span class='ocrx_word' id='word_1_649' title='bbox 1695 5069 2003 5125; x_wconf 88' lang='lat' dir='ltr'><strong>secundum</strong></span> 
     </span>
    </p>
   </div>
   <div class='ocr_carea' id='block_1_103' title="bbox 399 5161 1047 5215">
    <p class='ocr_par' dir='ltr' id='par_1_103' title="bbox 399 5161 1047 5215">
     <span class='ocr_line' id='line_1_103' title="bbox 399 5161 1047 5215; baseline -0.005 0"><span class='ocrx_word' id='word_1_650' title='bbox 399 5176 576 5215; x_wconf 84' lang='lat' dir='ltr'><strong>.suam</strong></span> <span class='ocrx_word' id='word_1_651' title='bbox 625 5161 986 5215; x_wconf 83' lang='lat' dir='ltr'><strong>voluntatem.</strong></span> <span class='ocrx_word' id='word_1_652' title='bbox 1028 5179 1047 5212; x_wconf 76' lang='grc' dir='ltr'><strong>ι</strong></span> 
     </span>
    </p>
   </div>
   <div class='ocr_carea' id='block_1_104' title="bbox 489 5251 2002 5322">
    <p class='ocr_par' dir='ltr' id='par_1_104' title="bbox 489 5251 2002 5322">
     <span class='ocr_line' id='line_1_104' title="bbox 489 5251 2002 5322; baseline -0.001 -17"><span class='ocrx_word' id='word_1_653' title='bbox 489 5252 620 5315; x_wconf 80' lang='lat' dir='ltr'><strong>Alii,</strong></span> <span class='ocrx_word' id='word_1_654' title='bbox 664 5251 866 5319; x_wconf 83' lang='lat' dir='ltr'><strong>inquit,</strong></span> <span class='ocrx_word' id='word_1_655' title='bbox 900 5259 955 5306; x_wconf 92' lang='lat' dir='ltr'><strong>et</strong></span> <span class='ocrx_word' id='word_1_656' title='bbox 983 5252 1074 5306; x_wconf 86' lang='lat' dir='ltr'><strong>alii</strong></span> <span class='ocrx_word' id='word_1_657' title='bbox 1110 5253 1354 5322; x_wconf 81' lang='lat' dir='ltr'><strong>Spiritus</strong></span> <span class='ocrx_word' id='word_1_658' title='bbox 1395 5260 1619 5308; x_wconf 88' lang='lat' dir='ltr'><strong>sanctus</strong></span> <span class='ocrx_word' id='word_1_659' title='bbox 1655 5252 1859 5306; x_wconf 90' lang='lat' dir='ltr'><strong>donum</strong></span> <span class='ocrx_word' id='word_1_660' title='bbox 1896 5252 2002 5304; x_wconf 89' lang='lat' dir='ltr'><strong>Iar-</strong></span> 
     </span>
    </p>
   </div>
   <div class='ocr_carea' id='block_1_105' title="bbox 421 5340 1994 5414">
    <p class='ocr_par' dir='ltr' id='par_1_105' title="bbox 421 5340 1994 5414">
     <span class='ocr_line' id='line_1_105' title="bbox 421 5340 1994 5414; baseline 0.003 -22"><span class='ocrx_word' id='word_1_661' title='bbox 421 5341 563 5410; x_wconf 79' lang='lat' dir='ltr'><strong>gitus</strong></span> <span class='ocrx_word' id='word_1_662' title='bbox 584 5351 704 5405; x_wconf 90' lang='lat' dir='ltr'><strong>est;</strong></span> <span class='ocrx_word' id='word_1_663' title='bbox 732 5342 821 5394; x_wconf 90' lang='lat' dir='ltr'><strong>alii</strong></span> <span class='ocrx_word' id='word_1_664' title='bbox 842 5342 1060 5410; x_wconf 86' lang='lat' dir='ltr'><strong>quidem</strong></span> <span class='ocrx_word' id='word_1_665' title='bbox 1089 5342 1457 5414; x_wconf 87' lang='lat' dir='ltr'><strong>prophetiam,</strong></span> <span class='ocrx_word' id='word_1_666' title='bbox 1483 5342 1578 5395; x_wconf 83' lang='lat' dir='ltr'><strong>alii</strong></span> <span class='ocrx_word' id='word_1_667' title='bbox 1597 5355 1728 5396; x_wconf 90' lang='lat' dir='ltr'><strong>vero</strong></span> <span class='ocrx_word' id='word_1_668' title='bbox 1756 5340 1994 5411; x_wconf 85' lang='lat' dir='ltr'><strong>linguas;</strong></span> 
     </span>
    </p>
   </div>
   <div class='ocr_carea' id='block_1_106' title="bbox 2101 4866 3685 4953">
    <p class='ocr_par' dir='ltr' id='par_1_106' title="bbox 2101 4866 3685 4953">
     <span class='ocr_line' id='line_1_106' title="bbox 2101 4866 3685 4953; baseline -0.005 -18"><span class='ocrx_word' id='word_1_669' title='bbox 2101 4883 2196 4936; x_wconf 88' lang='grc' dir='ltr'><strong>τοῦ</strong></span> <span class='ocrx_word' id='word_1_670' title='bbox 2221 4881 2356 4953; x_wconf 71' lang='grc' dir='ltr'>Θεοῦ</span> <span class='ocrx_word' id='word_1_671' title='bbox 2384 4880 2451 4933; x_wconf 85' lang='grc' dir='ltr'><strong>δι’</strong></span> <span class='ocrx_word' id='word_1_672' title='bbox 2473 4878 2696 4933; x_wconf 73' lang='grc' dir='ltr'>ἐκείνων</span> <span class='ocrx_word' id='word_1_673' title='bbox 2723 4876 2832 4931; x_wconf 85' lang='grc' dir='ltr'><strong>τῶν</strong></span> <span class='ocrx_word' id='word_1_674' title='bbox 2863 4876 3180 4946; x_wconf 88' lang='grc' dir='ltr'>θαυμάτων,</span> <span class='ocrx_word' id='word_1_675' title='bbox 3218 4866 3293 4928; x_wconf 82' lang='grc' dir='ltr'>ὧν</span> <span class='ocrx_word' id='word_1_676' title='bbox 3318 4873 3685 4945; x_wconf 81' lang='grc' dir='ltr'>κηρύττοντες</span> 
     </span>
    </p>
   </div>
   <div class='ocr_carea' id='block_1_107' title="bbox 2104 4973 2422 5027">
    <p class='ocr_par' dir='ltr' id='par_1_107' title="bbox 2104 4973 2422 5027">
     <span class='ocr_line' id='line_1_107' title="bbox 2104 4973 2422 5027; baseline -0.003 -1"><span class='ocrx_word' id='word_1_677' title='bbox 2104 4973 2400 5027; x_wconf 76' lang='grc' dir='ltr'>ἐπετέλουν</span> <span class='ocrx_word' id='word_1_678' title='bbox 2411 5013 2422 5025; x_wconf 94' lang='grc'><strong>.</strong></span> 
     </span>
    </p>
   </div>
   <div class='ocr_carea' id='block_1_108' title="bbox 2182 5058 3686 5133">
    <p class='ocr_par' dir='ltr' id='par_1_108' title="bbox 2182 5058 3686 5133">
     <span class='ocr_line' id='line_1_108' title="bbox 2182 5058 3686 5133; baseline -0.003 -18"><span class='ocrx_word' id='word_1_679' title='bbox 2182 5084 2199 5115; x_wconf 79' lang='grc' dir='ltr'><strong>ι</strong></span> <span class='ocrx_word' id='word_1_680' title='bbox 2233 5066 2346 5116; x_wconf 68' lang='grc' dir='ltr'>Καὶ</span> <span class='ocrx_word' id='word_1_681' title='bbox 2368 5062 2686 5133; x_wconf 85' lang='grc' dir='ltr'>Πνεύματος</span> <span class='ocrx_word' id='word_1_682' title='bbox 2713 5059 2868 5130; x_wconf 82' lang='grc' dir='ltr'>ἁγίου</span> <span class='ocrx_word' id='word_1_683' title='bbox 2917 5062 3210 5130; x_wconf 85' lang='grc' dir='ltr'>μερισμοῖς</span> <span class='ocrx_word' id='word_1_684' title='bbox 3265 5058 3408 5112; x_wconf 74' lang='grc' dir='ltr'>κατὰ</span> <span class='ocrx_word' id='word_1_685' title='bbox 3462 5060 3563 5128; x_wconf 83' lang='grc' dir='ltr'>τὴν</span> <span class='ocrx_word' id='word_1_686' title='bbox 3592 5059 3686 5111; x_wconf 82' lang='grc' dir='ltr'><strong>αὐ-</strong></span> 
     </span>
    </p>
   </div>
   <div class='ocr_carea' id='block_1_109' title="bbox 2105 5154 2516 5224">
    <p class='ocr_par' dir='ltr' id='par_1_109' title="bbox 2105 5154 2516 5224">
     <span class='ocr_line' id='line_1_109' title="bbox 2105 5154 2516 5224; baseline -0.015 -14"><span class='ocrx_word' id='word_1_687' title='bbox 2105 5154 2199 5210; x_wconf 85' lang='grc' dir='ltr'><strong>τοῦ</strong></span> <span class='ocrx_word' id='word_1_688' title='bbox 2225 5155 2466 5224; x_wconf 80' lang='grc' dir='ltr'>θέλησιν.</span> <span class='ocrx_word' id='word_1_689' title='bbox 2499 5171 2516 5203; x_wconf 74' lang='grc' dir='ltr'><strong>ι</strong></span> 
     </span>
    </p>
   </div>
   <div class='ocr_carea' id='block_1_110' title="bbox 2180 5240 3678 5315">
    <p class='ocr_par' dir='ltr' id='par_1_110' title="bbox 2180 5240 3678 5315">
     <span class='ocr_line' id='line_1_110' title="bbox 2180 5240 3678 5315; baseline -0.005 -13"><span class='ocrx_word' id='word_1_690' title='bbox 2180 5247 2393 5315; x_wconf 73' lang='grc' dir='ltr'>Ἄλλῳ,</span> <span class='ocrx_word' id='word_1_691' title='bbox 2445 5245 2609 5315; x_wconf 77' lang='grc' dir='ltr'>φησὶ,</span> <span class='ocrx_word' id='word_1_692' title='bbox 2671 5244 2873 5298; x_wconf 76' lang='grc' dir='ltr'>δέδωκε</span> <span class='ocrx_word' id='word_1_693' title='bbox 2942 5243 3192 5313; x_wconf 76' lang='grc' dir='ltr'>χάρισμα</span> <span class='ocrx_word' id='word_1_694' title='bbox 3244 5241 3307 5295; x_wconf 81' lang='grc' dir='ltr'>τὸ</span> <span class='ocrx_word' id='word_1_695' title='bbox 3348 5240 3575 5309; x_wconf 74' lang='grc' dir='ltr'>Πνεῦμα</span> <span class='ocrx_word' id='word_1_696' title='bbox 3623 5241 3678 5294; x_wconf 76' lang='grc' dir='ltr'>τὲ</span> 
     </span>
    </p>
   </div>
   <div class='ocr_carea' id='block_1_111' title="bbox 2102 5330 3679 5407">
    <p class='ocr_par' dir='ltr' id='par_1_111' title="bbox 2102 5330 3679 5407">
     <span class='ocr_line' id='line_1_111' title="bbox 2102 5330 3679 5407; baseline -0.006 -15"><span class='ocrx_word' id='word_1_697' title='bbox 2102 5340 2280 5407; x_wconf 81' lang='grc' dir='ltr'>ἆγιον,</span> <span class='ocrx_word' id='word_1_698' title='bbox 2330 5335 2409 5406; x_wconf 77' lang='grc' dir='ltr'>τῷ</span> <span class='ocrx_word' id='word_1_699' title='bbox 2445 5334 2545 5406; x_wconf 83' lang='grc' dir='ltr'>μὲν</span> <span class='ocrx_word' id='word_1_700' title='bbox 2608 5333 2971 5403; x_wconf 81' lang='grc' dir='ltr'>προφητείαν,</span> <span class='ocrx_word' id='word_1_701' title='bbox 3002 5332 3082 5402; x_wconf 78' lang='grc' dir='ltr'>τῷ</span> <span class='ocrx_word' id='word_1_702' title='bbox 3114 5331 3170 5384; x_wconf 75' lang='grc' dir='ltr'>δὲ</span> <span class='ocrx_word' id='word_1_703' title='bbox 3202 5331 3479 5401; x_wconf 85' lang='grc' dir='ltr'>γλῶσσαν,</span> <span class='ocrx_word' id='word_1_704' title='bbox 3521 5331 3601 5399; x_wconf 81' lang='grc' dir='ltr'>τῷ</span> <span class='ocrx_word' id='word_1_705' title='bbox 3625 5330 3679 5382; x_wconf 84' lang='grc' dir='ltr'>δὲ</span> 
     </span>
    </p>
   </div>
   <div class='ocr_carea' id='block_1_112' title="bbox 420 5419 2013 5506">
    <p class='ocr_par' dir='ltr' id='par_1_112' title="bbox 420 5434 1994 5506">
     <span class='ocr_line' id='line_1_112' title="bbox 420 5434 1994 5506; baseline 0.001 -19"><span class='ocrx_word' id='word_1_706' title='bbox 420 5435 574 5489; x_wconf 85' lang='lat' dir='ltr'><strong>alteri</strong></span> <span class='ocrx_word' id='word_1_707' title='bbox 594 5435 799 5504; x_wconf 85' lang='lat' dir='ltr'><strong>gratias</strong></span> <span class='ocrx_word' id='word_1_708' title='bbox 839 5435 1215 5505; x_wconf 88' lang='lat' dir='ltr'><strong>sanationum,</strong></span> <span class='ocrx_word' id='word_1_709' title='bbox 1250 5435 1406 5491; x_wconf 87' lang='lat' dir='ltr'><strong>alteri</strong></span> <span class='ocrx_word' id='word_1_710' title='bbox 1453 5435 1686 5490; x_wconf 88' lang='lat' dir='ltr'><strong>alterum</strong></span> <span class='ocrx_word' id='word_1_711' title='bbox 1714 5434 1994 5506; x_wconf 89' lang='lat' dir='ltr'><strong>quidpiam</strong></span> 
     </span>
    </p>
   </div>
   <div class='ocr_carea' id='block_1_113' title="bbox 2122 5419 3676 5506">
    <p class='ocr_par' dir='ltr' id='par_1_113' title="bbox 2122 5419 3676 5505">
     <span class='ocr_line' id='line_1_113' title="bbox 2122 5419 3676 5505; baseline -0.01 -19"><span class='ocrx_word' id='word_1_712' title='bbox 2122 5433 2420 5505; x_wconf 73' lang='grc' dir='ltr'>[αρίσματα</span> <span class='ocrx_word' id='word_1_713' title='bbox 2487 5427 2753 5499; x_wconf 74' lang='grc' dir='ltr'>ἰαμάτων,</span> <span class='ocrx_word' id='word_1_714' title='bbox 2811 5425 2958 5496; x_wconf 76' lang='grc' dir='ltr'>ἄλλῳ</span> <span class='ocrx_word' id='word_1_715' title='bbox 3008 5424 3137 5503; x_wconf 71' lang='grc' dir='ltr'>ἄλλο</span> <span class='ocrx_word' id='word_1_716' title='bbox 3159 5441 3210 5479; x_wconf 86' lang='grc' dir='ltr'><strong>τι</strong></span> <span class='ocrx_word' id='word_1_717' title='bbox 3240 5422 3349 5477; x_wconf 79' lang='grc' dir='ltr'><strong>τῶν</strong></span> <span class='ocrx_word' id='word_1_718' title='bbox 3403 5419 3676 5493; x_wconf 77' lang='grc' dir='ltr'>χαρισμά-</span> 
     </span>
    </p>
   </div>
   <div class='ocr_carea' id='block_1_114' title="bbox 420 5526 709 5580">
    <p class='ocr_par' dir='ltr' id='par_1_114' title="bbox 420 5526 709 5580">
     <span class='ocr_line' id='line_1_114' title="bbox 420 5526 709 5580; baseline -0.007 -1"><span class='ocrx_word' id='word_1_719' title='bbox 420 5526 709 5580; x_wconf 78' lang='lat' dir='ltr'><strong>donorum.</strong></span> 
     </span>
    </p>
   </div>
   <div class='ocr_carea' id='block_1_115' title="bbox 459 5702 950 5767">
    <p class='ocr_par' dir='ltr' id='par_1_115' title="bbox 459 5702 950 5767">
     <span class='ocr_line' id='line_1_115' title="bbox 459 5702 950 5767; baseline 0.002 -11"><span class='ocrx_word' id='word_1_720' title='bbox 459 5705 505 5737; x_wconf 71' lang='grc'><strong>⁸³</strong></span> <span class='ocrx_word' id='word_1_721' title='bbox 546 5702 707 5757; x_wconf 77' lang='lat' dir='ltr'><strong>Hebr.</strong></span> <span class='ocrx_word' id='word_1_722' title='bbox 760 5719 853 5767; x_wconf 78' lang='lat' dir='ltr'><strong>xu,</strong></span> <span class='ocrx_word' id='word_1_723' title='bbox 895 5704 950 5758; x_wconf 72' lang='grc'><strong>4.</strong></span> 
     </span>
    </p>
   </div>
   <div class='ocr_carea' id='block_1_116' title="bbox 2103 5541 2229 5578">
    <p class='ocr_par' dir='ltr' id='par_1_116' title="bbox 2103 5541 2229 5578">
     <span class='ocr_line' id='line_1_116' title="bbox 2103 5541 2229 5578; baseline 0 -1"><span class='ocrx_word' id='word_1_724' title='bbox 2103 5541 2229 5578; x_wconf 76' lang='grc' dir='ltr'>των.</span> 
     </span>
    </p>
   </div>
  </div>
