4048 6440
329 296 335 302 ’
374 332 484 397 937

1570 322 1656 385 1N
1696 320 1935 383 EPIST.
1967 319 2066 379 AD
2103 314 2495 379 'IIEBR.EOS.

459 462 477 494 ι
514 442 590 497 Οὑ
622 439 729 514 γὰρ
780 414 1029 510 ἀγγέλοις
1062 432 1299 502 ὑπέταξε
1354 434 1450 506 τὴν
1508 434 1836 504 οἰκουμένην
1877 431 1977 501 τὴν

2159 426 2326 482 Vens.
2382 427 2434 482 5.
2491 444 2509 476 ‹
2556 422 2675 479 Non
2735 424 2883 480 enim
2938 421 3149 496 angelis
3198 420 3441 493 subjecit
3493 424 3683 479 orbem

379 533 711 601 μέλλουσαν,
750 537 878 604 περὶ
905 529 972 604 ἧς
1005 529 1301 600 λαλοῦμεν.
1333 547 1350 579 ι

458 624 560 677 Δίὰ
589 623 751 677 τοῦτο
816 623 1155 695 προσέθηκε,
1206 620 1341 689 περὶ
1399 614 1476 691 ἧς
1518 616 1853 688 λαλοῦμεν,
1895 614 1983 670 ἵνα

389 716 465 789 μὴ
500 716 695 789 ἑτέραν
738 716 860 770 τινὰ
911 716 1243 786 οἰκουμένην
1277 714 1463 784 ζητεῖν
1490 711 1567 784 δῴ
1603 711 1683 783 τῷ
1708 713 1981 782 ἀκροατῇ.

388 807 514 871 Πῶς
558 801 652 860 οὖν
686 806 858 875 αὐτὴν
893 806 1256 876 μέλλουσαν
1305 804 1462 858 καλεῖ
1489 821 1505 870 ;
1535 803 1621 856 ὅτι
1668 801 1828 856 τοῦτο
1862 799 1985 865 ἔθος

386 903 455 972 τῇ
480 898 604 971 Θείᾳ
640 898 833 970 Γραφῇ
886 896 1074 966 ὥσπερ
1130 897 1225 952 καὶ
1252 895 1479 968 ἑτέρωθι
1506 911 1640 966 φησι
1661 935 1677 960 ,
1712 894 1821 961 ’ος
1851 894 1986 946 ἐστι

387 993 578 1059 τύπος
638 990 746 1045 τοῦ
783 988 1148 1060 μέλλοντος,
1199 987 1330 1058 περὶ
1383 986 1478 1042 τοῦ
1511 986 1705 1058 Ἀδὰμ,
1736 985 1834 1042 καὶ
1887 982 1982 1039 τοῦ

361 1082 625 1158 ’Χριστοῦ
655 1085 851 1154 λέγων.
878 1083 1099 1156 Ταύτην
1130 1082 1224 1141 οὖν
1248 1082 1349 1138 οὑκ
1381 1082 1639 1152 ἀγγέλοις
1684 1080 1981 1147 ὑπέταξεν,

387 1177 522 1232 ἀλλὰ
545 1177 624 1249 τῷ
641 1175 882 1251 Χριστῷ.

465 1380 483 1412 ι
513 1354 929 1432 Διεμαρτὺρατο
949 1357 1005 1412 δέ
1032 1358 1134 1414 πού
1183 1377 1268 1424 τις
1314 1350 1497 1427 ’λέγων
1520 1371 1536 1386 ⁸
1586 1352 1683 1422 Τίς
1712 1359 1860 1413 ἐστιν
1890 1352 1986 1413 άν-

380 1448 627 1523 Ὸρωπος,
663 1451 746 1503 ὅτι
775 1450 1065 1523 μιμνήσκῃ
1086 1447 1335 1520 αὑτοῦ,ἢ
1374 1448 1489 1512 υἱὸς
1534 1447 1849 1517 ἀνθρώπου,
1899 1448 1983 1501 ὅτι

388 1542 698 1613 ἐπισκέπτῃ
746 1537 947 1605 adadv;
997 1539 1346 1604 Ἠλάττωσας
1375 1537 1539 1595 αὑτὸν
1560 1537 1744 1610 βραχὺ
1763 1555 1817 1592 τι
1852 1539 1983 1610 παρ’

386 1632 682 1702 ἀγγέλους,
715 1631 842 1702 δόξῃ
868 1630 962 1685 καὶ
982 1633 1116 1702 τιμῇ
1146 1631 1538 1702 ἐστεφάνωσας
1575 1629 1738 1684 αὐτόν
1758 1645 1772 1660 ο
1801 1628 1985 1685 πάντα

386 1724 665 1790 ὑπέταξας
721 1723 980 1777 ὑποκάτω
1027 1722 1139 1777 τῶν
1199 1721 1381 1779 ποδῶν
1427 1719 1611 1776 αὑτοῦ.
1646 1721 1736 1775 Ἑν
1772 1719 1882 1792 γὰρ
1904 1718 1984 1792 τῷ

2095 530 2254 575 terras
2283 520 2547 584 futurum,
2586 518 2653 572 de
2684 532 2796 588 quo
2834 516 3134 588 loquimur.
3174 535 3195 569 ι

2163 611 2329 683 23o
2388 610 2602 666 idcirco
2634 609 2807 677 addit,
2840 608 2904 664 de
2934 626 3036 680 quo
3087 611 3378 681 loquimur,
3420 623 3489 665 ne
3519 609 3682 666 audi-

2085 707 2198 760 tori
2225 703 2589 761 concedat-ut
2630 704 2867 759 alterum
2895 703 3189 772 quemdam
3223 706 3415 760 orbem
3444 711 3543 758 aut
3573 712 3685 759 ter-

2086 811 2210 852 ram
2261 804 2493 867 quaerat.
2541 794 2667 863 Quo
2711 810 2882 852 sensu
2933 810 3064 851 vero
3114 795 3683 866 faturumaitiouia

2094 890 2285 959 utique
2332 890 2449 945 haec
2482 887 2901 959 Scripturarum
2937 890 3280 945 consuetudo
3307 898 3416 946 est.
3473 890 3685 957 Quem-

2093 981 2394 1036 admodum
2431 983 2648 1038 scilicet
2681 982 2739 1038 in
2773 983 2951 1037 altero
2986 996 3213 1053 quoque
3242 983 3365 1038 loco
3400 984 3560 1050 dicit,
3592 986 3684 1055 qui

2091 1082 2170 1129 est
2200 1073 2380 1144 {arma
2410 1073 2580 1141 futuri
2615 1075 2681 1138 ⁸⁸,
2718 1074 2813 1131 ubi
2859 1074 2928 1130 de
2966 1072 3184 1129 Δᾶτιωο
3230 1081 3287 1130 et
3343 1074 3413 1129 de
3461 1075 3683 1132 Christo

2093 1161 2359 1234 disputat.
2396 1163 2601 1223 Orbem
2642 1180 2776 1238 ergo
2802 1164 2954 1223 Deus
2993 1181 3113 1222 non
3159 1165 3401 1237 subjecit
3447 1169 3682 1239 angelis,

2092 1254 2188 1308 sed
2217 1253 2463 1323 Christo.
3138 1275 3146 1280 ·

2163 1345 2334 1405 Vens.
2368 1348 2489 1408 6—8.
2536 1370 2558 1404 ι
2597 1350 2860 1408 Testatus
2893 1358 2980 1409 est
3006 1357 3188 1408 autem
3215 1352 3272 1407 in
3292 1354 3531 1423 quodam
3562 1353 3686 1409 loco

2091 1440 2222 1510 quis
2254 1440 2495 1500 dicens:
2526 1443 2672 1511 Quid
2702 1450 2789 1501 est
2825 1443 2993 1499 homo
3020 1443 3171 1514 quod
3202 1458 3417 1499 memor
3454 1460 3516 1500 es
3541 1446 3684 1516 ejus,

2093 1540 2191 1588 aut
2220 1533 2370 1592 ﬁlius
2400 1537 2665 1605 hominis,
2695 1537 2959 1608 quoniam
2989 1536 3191 1593 visitas
3238 1538 3410 1593 eum?
3436 1537 3686 1595 Minuisti

2081 1639 2218 1681 eum
2246 1627 2421 1699 paulo
2451 1629 2634 1686 minus
2665 1629 2735 1686 ab
2766 1628 3003 1699 angelis,
3046 1629 3222 1701 gloria
3253 1637 3310 1685 et
3335 1629 3547 1685 honore
3585 1644 3683 1685 co-
3715 1706 3718 1710 '

2097 1720 2310 1776 ronasti
2340 1735 2492 1777 eum.
2540 1720 2745 1778 Omnia
2780 1720 3076 1792 subjecisti
3117 1721 3223 1777 sub
3260 1721 3497 1792 pedibus
3534 1723 3680 1793 ejus.

394 1815 660 1882 ὑποτάξαι
686 1814 837 1886 αὑτῷ
868 1815 938 1870 τὰ
969 1814 1172 1885 πάντα,
1221 1813 1374 1868 οὐδὲν
1418 1813 1632 1885 ἀφῆκεν
1692 1811 1845 1884 αὑτῷ
1895 1813 1983 1867 ἀν-

2110 1810 2255 1869 ῗηθο
2298 1820 2484 1872 autem
2514 1814 2664 1884 quod
2688 1814 2873 1870 omnia
2919 1813 2969 1868 ei
3008 1813 3272 1885 subjecit,
3298 1815 3442 1870 nihil
3469 1814 3687 1872 dimisit

398 1906 724 1961 υπότακτον.
750 1923 775 1957 -ι
1911 1963 1918 1971 .

483 1997 760 2068 ’Ᾱόριστον
797 1996 898 2067 τὴν
926 1991 1233 2068 μαρτυρίαν
1253 1996 1489 2065 εἰσάγει,
1511 1990 1614 2066 τῷ,
1641 1993 1754 2062 τὶς,
1783 1993 1982 2061 εἰπεῖν,

387 2087 604 2161 λέγων.
638 2083 734 2153 Ὧς
755 2087 893 2160 πρὸς
922 2081 1135 2152 εἰδότας
1166 2086 1276 2160 γὰρ
1305 2085 1638 2157 διαλέγεται.

422 2278 428 2285 '
470 2288 491 2323 ι
517 2267 634 2325 Νῦν
663 2266 722 2322 δέ
754 2264 906 2321 οὑπω
929 2265 1148 2338 ὁρῶμεν
1187 2263 1339 2336 αὑτῷ
1368 2263 1437 2321 τὰ
1466 2262 1649 2321 πάντα
1678 2264 1981 2333 ὑποτεταγι

500 2379 617 2415 α.ι
1828 2384 1860 2403 ν

500 2379 554 2415 α.
596 2379 617 2414 ι
1828 2384 1860 2403 ,ι

384 2362 582 2511 μέῖινα
618 2456 696 2527 μὴ
720 2454 951 2524 λέγωσι,
994 2448 1127 2518 Πῶς
1158 2446 1287 2517 τοὺς
1338 2448 1573 2524 nemo;
1627 2452 1825 2522 ἔθηκεν
1873 2450 1987 2504 ὑπὸ

381 2550 518 2613 τοὺς
542 2548 710 2612 πόδας
740 2546 928 2612 αὑτοῦ,
964 2544 1204 2600 τοσαῦτα
1241 2544 1560 2616 πασχόντων
1589 2542 1747 2616 ἡμῶν
1775 2560 1789 2611 ;
1821 2543 1982 2611 φησί·

286 2683 299 2690 -
378 2640 485 2713 ’Μὴ
503 2640 614 2714 γὰρ
637 2640 830 2712 ἐπειδὴ
873 2638 1087 2694 οὐδέπω
1135 2636 1424 2705 ὑπέταξεν,
1486 2636 1717 2708 νομίσῃς
1750 2632 1826 2706 μὴ
1852 2633 1991 2686 ὑπο-

381 2732 685 2788 τάττεσθαι
713 2748 727 2761 ·
761 2731 976 2805 ὅτιγὰρ
997 2732 1077 2786 δεῖ
1102 2731 1466 2803 ὑποταγῆναι.
1496 2728 1612 2784 Καὶ
1653 2726 1764 2799 γὰρ
1783 2728 1818 2799 ἡ
1850 2743 1990 2802 προ-

386 2826 595 2900 φητεῖα
612 2824 703 2880 διὰ
728 2823 897 2880 τοῦτο
923 2823 1163 2897 εἴρηται.

474 3026 495 3062 t
531 3007 635 3063 Τὸν
668 3007 727 3062 δὲ
774 3005 946 3079 βραχὺ
979 3023 1034 3059 τι
1086 3004 1219 3077 παρ’
1265 3002 1538 3074 ἀγγέλους
1570 2999 1986 3089 ,ἠλαττωμένον

390 3094 677 3169 βλέπομεν
716 3093 948 3166 Ἰησοῦν,
981 3092 1070 3147 διὰ
1095 3093 1158 3146 τὸ
1180 3090 1417 3164 πάθημα
1444 3089 1540 3145 τοῦ
1571 3089 1830 3147 θανάτου.
1854 3108 1875 3143 ι

472 3270 572 3325 Διὰ
618 3269 713 3324 τδν
765 3267 1099 3341 τριήμερον,
1144 3266 1321 3339 φησὶ,
1376 3264 1627 3320 θάνατον.
1681 3262 1869 3320 Πειθει
1932 3261 1991 3318 δὲ

388 3361 595 3426 αὐτοὺς
641 3359 839 3429 πάντα
869 3355 1137 3428 γενναίως
1195 3357 1514 3430 ὑποφέρειν,
1580 3355 1866 3427 μονονουχὶ
1898 3355 1989 3409 λέ-

380 3472 507 3523 γων
538 3468 555 3484 ⁸
585 3454 651 3508 El
688 3452 717 3506 ὁ
745 3448 1225 3527 προσκυνούμενος
1278 3448 1372 3502 ὑπ’
1427 3446 1677 3517 ἀγγέλων
1731 3447 1992 3519 ἠνέσχετο

382 3545 571 3620 βραχὺ
601 3563 656 3599 τι
680 3543 807 3616 παρ’
853 3543 1120 3613 ἀγγέλους
1166 3543 1316 3613 σχεῖν
1348 3539 1438 3594 διὰ
1465 3541 1523 3594 σὲ
1544 3582 1560 3607 ,
1600 3539 1736 3594 πολὺ
1789 3540 1990 3612 μᾶλλον

385 3639 462 3692 σὺ
483 3639 511 3690 ὁ
540 3635 650 3691 τῶν
683 3632 937 3703 ἀγγέλων
972 3633 1180 3705 ἥττων,
1216 3631 1400 3686 πάντα
1428 3629 1624 3701 φέρειν
1647 3628 1880 3699 ὀφείλεις
1895 3630 1990 3701 ,διὰ

380 3729 646 3785 σεαυτόν.

482 3841 504 3874 ι
541 3820 682 3893 Δόξῃ
728 3819 824 3875 καὶ
872 3816 1008 3891 τιμῇ
1065 3816 1551 3887 ἐστεφανωμένον,
1594 3815 1744 3880 ὅπως
1804 3817 1988 3890 χάριτι

382 3915 581 3972 Θεοῦ.)
1500 3973 1503 3976 ,

465 4008 791 4072 Δεὶκνυσιν,
851 4004 936 4058 ὅτι
986 4001 1115 4070 δόξα
1167 4001 1267 4056 καὶ
1316 4000 1508 4073 τιμὴό
1540 4001 1771 4074 σταυρὸς
1817 4003 1988 4067 ἐστιν,

385 4100 588 4173 ὤσπερ
623 4095 718 4153 οὖν
774 4098 871 4151 καὶ
897 4095 1061 4159 αὐτὸς
1086 4096 1116 4149 6
1145 4094 1404 4166 Χριστὸς,
1454 4094 1617 4149 αὑτὸν
1646 4094 1791 4149 οὑτω
1834 4095 1992 4150 καλεῖ

384 4196 594 4263 λέγων’
629 4191 758 4247 Ἵνα
798 4187 1073 4258 δοξασθῇ
1101 4192 1134 4243 ό
1173 4190 1307 4256 Υἱὸς
1340 4186 1449 4242 τοῦ
1496 4187 1841 4256 ἀνθρώπου·
1869 4189 1985 4255 καὶ,

401 4285 741 4355 Ἐδοξάσθη
767 4287 802 4340 ό
831 4283 968 4351 Υἱὸς
990 4283 1096 4339 τοῦ
1123 4283 1463 4351 ἀνθρώπου.

478 4398 498 4432 ι
516 4379 719 4453 [Υπὲρ
753 4377 958 4442 παντὸς
980 4375 1251 4447 γεύσηται
1283 4375 1540 4430 θανάτου.
1564 4394 1583 4429 ι

2086 1918 2196 1960 non
2233 1904 2549 1975 subjecmm
2577 1906 2654 1962 ei.
2708 1924 2730 1959 ι

2159 1996 2563 2054 Testimonium
2610 1997 2810 2065 alien,
2845 1999 3060 2056 omisso
3106 2008 3357 2066 auctore,
3406 2001 3538 2057 dum
3580 2000 3682 2068 ait,

2084 2091 2205 2163 quis
2234 2089 2437 2148 dicens.
2486 2088 2598 2147 Eos
2627 2090 2776 2147 enim
2810 2091 3120 2164 alloquitur
3162 2092 3262 2164 qui
3290 2093 3452 2149 illum
3498 2093 3678 2166 probe

2087 2191 2379 2239 noverant.
3462 2198 3466 2202 ’
3528 2234 3571 2264 ⁸

2165 2294 2190 2328 ί
2249 2274 2410 2333 Nunc
2465 2283 2650 2333 autem
2702 2274 2944 2333 necdum
2995 2272 3250 2331 videmus
3302 2276 3490 2332 omnia
3546 2276 3683 2332 sub-

2082 2365 2235 2436 jecta
2263 2364 2339 2421 ei.
2371 2383 2390 2416 ι

2161 2416 2242 2515 Βιέ
2269 2416 2624 2529 obiicerem:
2659 2416 2783 2526 Qua
2825 2473 2960 2516 vero
3004 2458 3232 2516 ratione
3285 2459 3392 2517 sub
3442 2450 3684 2531 pedibus

2084 2550 2213 2608 suis
2260 2551 2623 2607 adversarios
2668 2551 2932 2623 subjecit,
2969 2553 3194 2622 quando
3242 2566 3346 2609 nos
3382 2560 3469 2608 tot
3502 2561 3686 2609 tanta-

2091 2659 2202 2716 que
2229 2644 2519 2715 patimur?
2541 2642 2736 2715 Neque
2787 2643 2936 2711 enim
2972 2644 3299 2700 existimare
3339 2643 3511 2700 debes
3547 2645 3686 2700 sub.

2088 2736 2338 2806 jicienda
2385 2742 2592 2792 cuncta
2624 2749 2744 2791 non
2789 2749 2949 2802 esse,
2997 2734 3266 2806 quoniam
3314 2735 3562 2791 nondum
3617 2750 3685 2792 ea

2092 2826 2355 2897 subjecit.
2386 2824 2621 2898 Oportet
2644 2811 2802 2883 enim
2848 2833 2912 2882 ut
2954 2824 3351 2895 subiiciantur.
3385 2826 3525 2882 Nam
3555 2841 3686 2899 pro-

2091 2919 2276 3017 phggia
2302 2933 2531 3017 prqpter
2545 2919 2663 3017 {loc
2693 2920 3059 3017 pronuntiata
3084 2926 3245 3017 est.“
3664 2986 3700 3017 ο

2167 3010 2335 3070 Vens.
2379 3011 2434 3068 9.
2474 3031 2503 3065 ια
2538 3010 2683 3068 Eum
2726 3021 2915 3067 autem
2964 3010 3060 3083 qui
3097 3010 3318 3082 modico
3362 3025 3531 3082 quam
3584 3010 3689 3068 an;

2094 3105 2202 3177 geli
2246 3103 2561 3160 minoratus
2604 3113 2715 3171 est,
2745 3102 3003 3159 videmus
3038 3100 3253 3169 Jesum,
3298 3111 3527 3176 propter
3561 3118 3690 3176 ροσε

2006 3168 2059 3228 C
2093 3196 2281 3254 siones
2317 3195 2527 3252 crucis.
2572 3214 2593 3247 ι
2704 3218 2707 3221 -

2166 3287 2511 3345 Triduanam
2542 3296 2781 3344 mortem
2815 3288 3019 3345 innuit.
3046 3286 3317 3347 Hortatur
3344 3298 3527 3348 autem
3559 3291 3687 3349 illos

2095 3392 2157 3437 ut
2192 3389 2396 3437 cuncta
2434 3395 2706 3453 generose
2752 3382 3017 3448 tolerent,
3065 3383 3154 3440 bis
3199 3382 3317 3439 fere
3367 3384 3594 3440 verbis:
3627 3381 3686 3440 Si

2094 3475 2190 3532 ille
2216 3488 2381 3550 quem
2407 3474 2591 3545 angeli
2616 3474 2810 3530 cernui
2841 3474 3115 3541 adorant,
3159 3476 3242 3531 tui
3280 3488 3449 3532 causa
3482 3493 3688 3549 passus

2080 3576 2200 3631 est,
2238 3576 2300 3623 ut
2354 3566 2646 3638 paululum
2696 3565 2842 3620 intra
2888 3569 3119 3640 angelos
3153 3569 3484 3627 'minoratus
3513 3579 3686 3637 esset,

2084 3659 2274 3715 multo
2303 3660 2484 3730 magis
2508 3665 2570 3712 tu
2605 3658 2701 3728 qui
2743 3656 2956 3731 angelis
2988 3675 3051 3717 es
3093 3661 3296 3731 minor,
3321 3671 3523 3719 cuncta
3559 3676 3689 3735 pro-

2088 3757 2216 3821 pter
2241 3749 2424 3820 i'psum
2449 3749 2620 3806 debes
2644 3748 2906 3806 tolerare.

2084 3886 2093 3891 .
2170 3861 2191 3895 ι
2231 3842 2425 3900 Gloria
2452 3852 2509 3900 et
2554 3842 2769 3899 honore
2803 3852 3155 3911 coronatum,
3192 3852 3254 3899 nt
3288 3844 3469 3917 gratia
3507 3843 3627 3903 Dei.
3663 3862 3683 3900 ι

2159 4019 2422 4078 Ostendit
2452 4036 2676 4079 crucem
2705 4022 2940 4094 gloriam
2974 4035 3107 4078 esse
3139 4033 3193 4077 et
3216 4022 3511 4089 honorem.
3537 4024 3688 4079 sicut

2090 4124 2147 4171 et
2190 4114 2457 4171 Christus
2510 4116 2631 4186 ipse
2676 4114 2931 4172 eamdem
2979 4115 3262 4186 appellat,
3302 4117 3432 4170 dum
3466 4117 3586 4170 ait:
3617 4115 3688 4171 Ut

2090 4208 2417 4278 gloriﬁcatur
2448 4206 2626 4262 Filius
2673 4207 2941 4273 hominis;
2975 4214 3067 4275 et,
3102 4204 3447 4276 Clariﬁcattts
3483 4216 3561 4262 est
3590 4205 3685 4262 Fi-

2093 4292 2197 4353 lius
2219 4299 2449 4355 hominis
2482 4300 2550 4356 ⁸⁷.
2910 4340 2913 4347 ι

2168 4408 2187 4441 ι
2231 4389 2338 4447 Pro
2368 4391 2630 4447 omnibus
2657 4399 2911 4461 gustaret
2938 4401 3193 4448 mortem.
3229 4412 3248 4446 ι

478 4472 691 4544 Ὠσπερ
716 4471 827 4544 γὰρ
872 4471 1044 4535 ὅντως
1091 4468 1454 4541 γευσάμενος,
1500 4468 1646 4525 οὑτω
1697 4466 1896 4543 μικρὸν
1923 4471 1983 4572 έν

2165 4480 2380 4540 Revera
2431 4484 2577 4540 enim
2634 4483 2704 4540 ad
2766 4485 2945 4541 instar
2992 4486 3145 4542 illius
3198 4486 3294 4557 qui
3351 4495 3558 4558 gustat,
3600 4487 3685 4543 sic

384 4563 545 4635 αὑτῷ
572 4565 805 4635 ποιήσας
819 4562 1121 4633 διάστημα,
1145 4559 1352 4624 εὐθέως
1375 4560 1600 4632 ἀνέστη.
1631 4558 1723 4630 Τῷ
1748 4562 1847 4631 μὲν
1891 4554 1983 4615 οὖν

2110 4591 2217 4633 :um
2276 4576 2446 4634 breve
2497 4577 2857 4633 intervallum
2922 4578 3066 4635 iter
3137 4554 3386 4635 mortuos
3453 4579 3686 4649 egisset,

386 4661 592 4725 εἰπεῖν,
647 4657 747 4712 διὰ
771 4655 842 4711 τὸ
869 4655 1118 4724 πάθημα
1176 4653 1286 4708 τοῦ
1339 4652 1603 4710 θανάτου
1628 4692 1643 4719 ,
1684 4654 1786 4723 τὸν
1815 4652 1990 4719 ὅντως

388 4753 630 4808 Θάνατον
657 4751 904 4821 ὲσήμανε
922 4764 939 4780 ο
969 4748 1049 4817 τῷ
1068 4747 1126 4801 δέ
1149 4748 1348 4815 εἰπεῖν,
1374 4744 1648 4819 ἀγγέλων
1662 4746 1985 4815 κρείσσων,

388 4844 497 4917 τὴν
523 4843 828 4898 ἀνάστασιν
855 4841 1146 4913 ἐδήλωσεν.

332 5004 338 5009 ί
474 4955 494 4989 ‹
528 4935 779 5007 Ἐπρεπε
822 4933 934 5005 γὰρ
981 4933 1152 5004 αὑτῷ,
1178 4932 1247 4987 δι’
1268 4930 1330 4989 ὃν
1363 4932 1433 4987 τὰ
1457 4931 1657 5000 πάντα,
1715 4934 1811 4987 καὶ
1832 4932 1899 4987 δι’
1924 4926 1989 4988 οὗ

387 5026 467 5081 τὰ
492 5026 690 5081 πάντα.
718 5044 738 5076 ι

481 5116 764 5189 Ἔπρεπεν
815 5115 990 5187 αὐτῷ,
1027 5115 1218 5188 φησὶν,
1237 5113 1319 5186 τῷ
1343 5110 1629 5187 κηδεμόνι,
1680 5117 1776 5169 καὶ
1806 5119 1988 5171 πάντα

386 5214 477 5276 εἰς
504 5210 568 5265 τὸ
616 5204 759 5265 εἶναι
812 5209 1156 5281 παράγοντι,
1209 5208 1465 5263 ἐκδοῦναι
1520 5209 1611 5263 τὸν
1655 5209 1787 5263 Υῐδν
1845 5210 1988 5282 ὑπὲρ

386 5305 499 5376 τῆς
557 5302 667 5357 τῶν
725 5301 933 5356 λοιπῶν
984 5298 1299 5373 σωτηρίας,
1365 5299 1457 5355 τὸν
1516 5298 1615 5356 ἕνα
1666 5296 1807 5373 ὑπὲρ
1857 5304 1987 5358 πολι

385 5392 527 5451 λῶν.

474 5503 497 5539 ι
537 5484 776 5550 Πολλοὺς
809 5485 961 5548 υἱοὺς
983 5485 1063 5549 εἰς
1091 5480 1252 5550 δόξαν
1277 5481 1576 5553 ἀγαγόντα.
1605 5502 1624 5536 ι

473 5576 587 5631 Καὶ
618 5576 781 5640 αὐτὸς
813 5576 910 5630 καὶ
941 5576 1104 5647 ἡμεῖς
1129 5574 1256 5640 υἱοὶ,
1289 5572 1406 5626 ἀλλ’
1434 5575 1463 5627 ὁ
1486 5573 1585 5645 μὲν
1611 5571 1794 5643 σώζει,
1824 5577 1988 5649 ἡμεῖς

383 5668 456 5725 δὲ
487 5667 799 5740 σωζόμεθα.

467 5757 516 5792 ⁸⁸
556 5758 796 5829 Rom.v,
838 5761 925 5816 ﬂ.
996 5757 1042 5795 "'
1086 5758 1257 5831 ,Joan.
1304 5773 1380 5825 xl,
1411 5757 1616 5830 4;'xu,
1641 5760 1729 5820 16.

757 5855 1034 5918 ΡΑτιιοι.
1074 5853 1195 5916 Gn.
1234 5851 1410 5915 XCV.

2093 4669 2338 4726 surrexit
2393 4670 2602 4725 statim.
2664 4668 2909 4727 Dicendo
2968 4671 3178 4740 igitur,
3238 4686 3331 4739 per
3384 4673 3691 4739 passionem

2092 4763 2298 4826 mortis,
2330 4774 2565 4841 mortem
2594 4776 2779 4817 veram
2816 4763 3176 4835 signiﬁcavit,
3210 4763 3456 4833 itemque
3498 4762 3690 4818 dicen-

2093 4854 2189 4923 do,
2222 4854 2426 4926 angelis
2466 4855 2759 4921 meliorem,
2792 4854 3263 4912 resurrectionem
3309 4854 3617 4911 denotavit.

2168 4945 2339 5004 Vsus.
2394 4948 2483 5004 io.
2539 4966 2558 5001 ι
2595 4947 2837 5004 Decebat
2888 4949 3040 5005 enim
3087 4963 3215 5005 eum
3263 4954 3490 5018 propter
3523 4961 3689 5018 quem

2096 5041 2308 5108 omnia,
2341 5048 2397 5096 et
2436 5055 2537 5111 per
2572 5055 2735 5112 quem
2766 5041 2973 5097 omnia.
3018 5060 3036 5094 ι

2166 5130 2428 5199 Decebat,
2462 5134 2683 5202 inquit,
2739 5140 2800 5189 ut
2843 5134 2937 5204 qui
2988 5142 3188 5188 cuncta
3230 5131 3482 5198 curabat,
3511 5140 3566 5186 et
3596 5129 3687 5201 qui

2095 5232 2294 5279 cuncta
2321 5224 2682 5294 produxerat,
2718 5224 2839 5294 ipse
2867 5222 3064 5280 Filium
3094 5238 3196 5295 pro
3227 5222 3567 5295 reliquorum
3598 5237 3690 5281 sa-

2097 5314 2212 5372 lute
2237 5325 2561 5387 exponeret,
2591 5331 2762 5372 unum
2796 5330 2897 5386 pro
2930 5316 3139 5372 multis.

2177 5510 2198 5546 ι
2237 5492 2342 5561 Qui
2373 5494 2577 5550 multos
2617 5493 2763 5549 ﬁlios
2803 5494 2855 5549 in
2888 5494 3121 5566 gloriam
3157 5491 3485 5550 adduxerat.
3519 5507 3541 5545 ο

2168 5585 2306 5642 Cum
2340 5586 2456 5657 ipse
2481 5587 2632 5644 ﬁlius
2654 5597 2761 5656 est,
2792 5595 2906 5642 tum
2943 5596 3000 5644 et
3031 5602 3130 5643 nos
3154 5600 3345 5643 sumus
3363 5585 3491 5653 Mli;
3518 5593 3573 5641 at
3597 5585 3691 5641 ille

2098 5679 2318 5750 quidem
2346 5679 2526 5738 salvos
2553 5678 2708 5751 facit,
2748 5696 2849 5739 nos
2880 5696 3011 5739 vero
3033 5680 3173 5738 salvi
3205 5694 3417 5737 sumus.

3269 5861 3344 5923 30

3577 272 3807 381 ass.
