4048 6434
354 380 437 458 9ζὶ

1517 371 1595 440 ΪΝ
1638 379 1870 439 ΕῬΙΞΤ.
1902 377 1998 435 AD
2037 375 2427 435 HEBREOS.

3495 373 3600 439 «διε

357 503 529 560 εἰπὼν,
563 502 660 555 διὰ
684 501 909 565 παντὸς
941 496 1046 551 τοῦ
1092 494 1225 562 ζῆν’
1277 492 1412 547 ἀλλὰ
1456 491 1763 561 ἀπήλλαξεν
1825 490 1916 540 τὸν

2029 491 2171 554 [nam
2211 486 2316 540 hoc
2350 484 2720 540 subindicavit
2745 485 2996 554 dicendo,
3025 502 3118 556 per
3143 502 3344 540 omnem
3373 489 3554 556 vitam)
3580 507 3596 554 ;

357 593 518 662 φόϐον,
545 594 640 646 καὶ
671 590 919 660 γελῶμεν
946 589 1049 660 ήδη
1079 587 1266 641 αὐτόν.

303 807 307 840 ἓ
410 799 440 841 -ι
473 775 554 827 Οὐ
592 772 704 841 γὰρ
757 769 931 839 δήπου
971 765 1223 835 ἀγγέλων
1265 762 1719 833 ἐπιλαμϐάνεται,
1777 760 1912 813 ἀλλὰ

357 864 652 934 σπέρματος
687 856 942 930 Ἀϐραὰμ
966 854 1420 924 ἐπιλαμϐάνεται.
1458 871 1476 904 ι

306 985 309 988 -
412 953 519 1010 Οὐκ
555 951 798 1020 ἐκείνης,
840 949 1024 1020 φησιν,
1073 946 1340 1018 ἐδράξατο
1383 945 1483 1014 τῆς
1528 943 1767 1014 φύσεως,
1813 942 1915 1013 τῆς

355 1045 445 1097 τῶν
466 1041 713 1110 ἀγγέλων
734 1039 901 1109 φημὶ,
947 1037 1085 1090 ἀλλά
1126 1034 1226 1104 τῆς
1271 1033 1566 1104 ἡμετέρας.
1617 1031 1718 1084 Διὰ
1756 1029 1916 1083 τοῦτο

322 1114 402 1186 ς’·δὲ
421 1127 588 1197 εἶπεν,
618 1129 965 1193 ἐπελάϐετο,
989 1128 1080 1182 ἵνα
1111 1125 1262 1198 δείξῃ
1297 1125 1564 1180 διώκοντα
1594 1124 1758 1177 αὑτὸν
1789 1123 1917 1185 τοὺς

355 1222 848 1295 ἀποστρεφομένους
872 1237 888 1252 ·
926 1220 1002 1284 ὡς
1049 1220 1242 1290 πόρρω
1283 1217 1392 1292 γὰρ
1431 1219 1577 1287 ἡμᾶς
1617 1215 1917 1286 φεύγοντας

355 1315 708 1370 ἐπεσπάσατο.

416 1407 573 1460 Ὅθεν
633 1403 832 1472 ὤφειλε
887 1401 1030 1455 κατὰ
1064 1399 1244 1453 πάντα
1279 1401 1396 1462 τοῖς
1435 1396 1682 1466 ἀδελφοῖς
1713 1398 1917 1467 ὁμοιω-

354 1499 519 1566 θῆναι,
546 1495 920 1564 ἴναὲλεήμων
949 1492 1198 1562 γένηται,
1243 1491 1338 1544 καὶ
1383 1490 1577 1552 πιστὸς
1625 1489 1918 1560 ἀρχιερεὺς

355 1591 416 1644 τὰ
445 1590 574 1659 πρὸς
605 1589 698 1642 τὸν
744 1588 906 1648 Θεδν,
939 1589 1020 1649 είς
1049 1581 1114 1638 τὸ
1143 1582 1465 1638 ἱλάσκεσθαι
1505 1583 1603 1645 τὰς
1647 1581 1919 1653 ἁμαρτίας

356 1681 437 1735 τοῦ
466 1680 612 1733 λαοῦ.
650 1697 669 1730 ι

421 1770 480 1822 Τί
526 1772 639 1821 ἐστι
688 1766 838 1821 κατὰ
884 1765 1118 1829 «circa;
1165 1763 1411 1835 Ἐτέχθη,
1446 1761 1631 1834 φησιν,
1685 1761 1916 1832 ἐτράφη,

358 1861 576 1933 ηὐξήθη,
624 1859 820 1924 ἔπαθε,
853 1857 1033 1912 πάντα
1078 1857 1224 1926 ἆπερ
1257 1857 1426 1927 ἐχρῆν
1484 1854 1780 1918 τελειώσας
1818 1856 1923 1908 ἀπε

355 1951 548 2004 ἐθανεν.
589 1947 760 2002 Τοῦτό
789 1949 906 2002 ἐστι
926 1947 1072 2001 κατά
1101 1945 1282 2000 πάντα
1309 1947 1422 2009 τοῖς
1445 1944 1696 2013 ἀδελφοῖς
1725 1947 1924 2014 ὁμοιω-

352 2044 515 2113 θῆναι.
560 2041 781 2110 Ἐπειδὴ
808 2040 920 2111 γὰρ
955 2039 1128 2093 πολλὰ
1177 2037 1488 2109 διαλεχθεὶς
1520 2037 1660 2108 περὶ,
1685 2035 1787 2104 τῆς
1832 2052 1924 2105 με-

351 2136 691 2206 γαλειότητος
723 2131 914 2197 αὐτοῦ,
956 2132 1184 2202 καὶτῆς
1229 2132 1343 2186 ἂνω
1387 2130 1567 2200 δόξης,
1617 2129 1806 2183 λοιπὸν
1833 2129 1924 2181 τὸν

348 2225 592 2296 περὶτῆς
624 2224 944 2293 οἰκονομίας
985 2222 1142 2291 λόγον
1187 2223 1348 2289 κινεῖ,
1388 2221 1672 2292 μονονουχὶ
1712 2218 1886 2289 λέγων
1908 2237 1920 2250 ·

362 2316 412 2370 '0
434 2315 574 2370 οὕτω
606 2315 799 2385 μέγας,
827 2316 862 2367 ὁ
909 2313 984 2368 ὣν
1012 2312 1362 2384 ἀπαύγασμα
1392 2311 1486 2366 τοῦ
1516 2312 1752 2382 Πατρδς,
1791 2313 1819 2365 ὁ
1846 2312 1924 2365 ὢν

347 2404 626 2478 χαρακτήρ
656 2404 754 2474 τῆς
793 2403 1167 2468 ὑποστάσεως,
1225 2402 1292 2456 δι’
1322 2395 1384 2456 οὗ
1419 2402 1546 2466 τοὺς
1587 2401 1795 2465 αἰῶνας
1827 2419 1925 2454 πε-

348 2496 588 2568 ποίηκεν,
605 2497 634 2548 ὁ
655 2496 714 2548 ὲν
729 2493 879 2563 δεξιᾷ
902 2493 997 2547 τοῦ
1023 2493 1237 2564 Πατρὸς
1258 2493 1591 2563 καθήμενος,
1616 2485 1772 2556 οὗτος
1797 2492 1926 2561 ήθέ·

346 2587 492 2658 inde,
515 2585 951 2640 καὶὲσπούδακεν
969 2585 1199 2654 ἀδελφὸς
1216 2585 1374 2656 ἡμῶν
1398 2588 1454 2638 ὲν
1479 2587 1614 2638 πᾶσι
1632 2584 1884 2653 γενέσθαι
1908 2601 1922 2614 ·

363 2679 626 2750 Ἒθὲλησε,
647 2679 742 2732 καὶ
764 2678 850 2732 διὰ
876 2678 1036 2731 τοῦτο
1058 2680 1154 2732 καὶ
1177 2678 1312 2748 πρὸς
1343 2678 1490 2746 ἡμᾶς
1513 2677 1800 2746 κατῆλθεν,
1832 2678 1928 2730 καὶ

347 2771 500 2844 ήμῶν
530 2770 848 2836 ἐπελάϐετο,
897 2771 994 2824 καὶ
1043 2769 1215 2841 μυρία
1259 2770 1556 2840 εἰργάσατο
1589 2769 1790 2837 ἀγαθά.
1817 2769 1924 2824 Θά-

345 2880 500 2919 νατον
548 2864 760 2929 ἔλυσεν,
791 2863 881 2917 τὸν
925 2862 1174 2918 διάϐολον
1205 2863 1303 2932 τῆς
1334 2863 1656 2933 τυραννίδος.
1682 2861 1926 2928 ἐξέϐαλε,

344 2953 586 3018 δουλείας
622 2951 958 3023 ἀπήλλαξεν,
1024 2951 1344 3022 Ἀρχιερεὺς
1397 2950 1654 3019 γενέσθαι
1695 2950 1928 3021 ήθὲλησε

348 3045 480 3118 πρὸς
507 3045 597 3098 τὸν
639 3044 880 3114 Πατέρα.
921 3043 1014 3096 Διὸ
1041 3043 1138 3096 καὶ
1174 3043 1480 3112 ἐπήγαγεν,
1505 3042 1629 3096 Ἵνα
1659 3040 1930 3110 ἐλεήμων

344 3136 589 3208 γένηται
617 3136 719 3191 καὶ
750 3134 968 3200 πιστὸς
997 3133 1312 3203 ἀρχιερεὺς
1339 3133 1414 3188 τὰ
1441 3132 1589 3200 πρὸς
1618 3132 1725 3186 τὸν
1759 3133 1927 3188 Θεόν.
1958 3167 2000 3224 c

345 3229 493 3282 Τίδέ
524 3231 639 3283 ἐστι
663 3267 678 3294 ,
719 3229 975 3294 πιστός;
1017 3227 1246 3298 Ἀληθής
1271 3227 1365 3279 καὶ
1407 3227 1722 3293 δυνάμενος.
1756 3226 1832 3280 Τὰ
1875 3226 1932 3279 δὲ

342 3321 498 3388 πρὸς
520 3319 625 3373 τὸν
657 3321 826 3383 Θεὸν,
859 3320 1129 3390 ἐπήγαγε,
1185 3318 1345 3371 τοῦτο
1372 3317 1574 3386 δηλῶν,
1603 3319 1679 3381 ὡς
1721 3320 1786 3370 ὲκ
1833 3334 1932 3372 πο-

352 3409 703 3482 λεμουμένων
733 3409 812 3480 τῷ
835 3409 976 3480 Θεῷ,
1019 3409 1116 3462 καὶ
1144 3409 1633 3478 κατεγνωσμένων,
1665 3409 1762 3462 καὶ
1786 3426 1930 3462 τετι-

346 3501 716 3574 μωρημένων,
742 3499 920 3564 οὐδεὶς
948 3496 1016 3572 ἦν
1059 3501 1088 3552 ὁ
1124 3499 1432 3570 προσοίσων
1476 3499 1619 3570 ὑπὲρ
1645 3499 1804 3570 ἡμῶν
1837 3500 1930 3552 θυ-

343 3597 494 3661 σίαν,
524 3594 640 3648 ἀλλ’
675 3591 811 3649 εἶδεν
846 3595 994 3666 ἡμᾶς
1019 3595 1080 3646 ὲν
1103 3593 1313 3656 τούτοις
1340 3592 1526 3657 ὂντας,
1554 3594 1650 3646 καὶ
1676 3591 1931 3662 ἠλέησεν,

339 3690 407 3742 οὐ
441 3688 788 3758 καταστήσας
837 3688 972 3754 ἡμῖν
1019 3685 1308 3755 ἀρχιερέα,
1345 3685 1462 3738 ἀλλ’
1497 3685 1662 3748 αὐτὸς
1697 3683 1935 3754 γεγονὼς

356 3776 676 3850 Ἀρχιερεὺς
705 3777 918 3843 πιστὸς,
946 3777 1049 3828 ἵνα
1070 3775 1355 3844 “domuit
1376 3775 1483 3841 τὰς
1509 3775 1796 3844 ἁμαρτιας
1829 3775 1934 3828 τοῦ

336 3869 525 3924 λαοῦ,

426 4071 448 4104 ι
503 4052 590 4105 Ἐν
615 4043 659 4120 ᾧ
688 4049 797 4123 γὰρ
827 4045 1119 4116 πέπονθεν,
1151 4050 1315 4114 αὐτὸς
1344 4049 1680 4120 πειρασθείς.
1724 4065 1743 4100 ι

423 4228 652 4304 Ὅμοιον
709 4234 784 4298 ὡς
834 4235 882 4287 εί
929 4233 1108 4302 λέγοι·
1157 4233 1272 4287 Οὐκ
1304 4234 1488 4300 ἀγνοεῖ
1537 4231 1606 4287 τὰ
1658 4230 1806 4301 πάθη
1869 4231 1938 4285 τὰ

339 4324 601 4396 ἡμέτερα
632 4342 645 4354 °
681 4325 780 4396 οὐχ
807 4326 883 4389 ὼς
922 4325 1056 4389 Θεὸς
1087 4325 1249 4396 μόνον
1296 4319 1438 4378 οἶδεν
1467 4324 1631 4389 αὐτὰ,
1664 4323 1800 4376 ἀλλὰ
1843 4323 1938 4377 καὶ⁵

339 4416 431 4481 ὡς
479 4418 760 4490 ἄνθρωπος
802 4417 942 4487 ἔγνω
979 4417 1067 4470 διὰ
1115 4417 1216 4486 τῆς
1273 4418 1494 4488 πείρας,
1531 4410 1600 4488 ἧς
1644 4415 1932 4488 ἐπειράθη.

2017 590 2201 630 rerum
2231 576 2479 631 timorem
2510 575 2653 631 hunc
2679 576 2932 633 Christus
2970 579 3201 648 pepulit,
3235 578 3306 632 ita
3339 585 3391 632 ut
3431 579 3594 634 morti

2015 669 2126 738 jam
2164 668 2474 723 illudamus.

2097 758 2257 813 Vsus.
2294 756 2385 811 16.
2424 776 2442 808 ι
2475 756 2750 826 Nusquam
2784 758 2927 810 enim
2959 757 3180 828 angelos
3213 756 3594 830 apprehendit,

2017 849 2114 904 sed
2151 865 2336 905 semen
2371 850 2603 905 Abrahae
2628 848 3009 918 apprehendit.
3055 869 3076 902 ι

2087 939 2207 996 Non
2252 942 2419 1008 illam,
2459 942 2660 1011 inquit,
2695 941 3014 1011 angelorum
3060 941 3288 1006 scilicet,
3346 953 3595 998 naturam

2019 1035 2252 1102 accepit,
2289 1033 2386 1088 sed
2418 1043 2683 1088 nostram.
2741 1033 2950 1085 Idcirco
3000 1040 3179 1086 autem
3214 1032 3376 1094 dixit,
3411 1049 3600 1101 appreo

2020 1124 2220 1190 hendit,
2254 1135 2310 1178 ut
2339 1121 2620 1195 Christum
2647 1124 2901 1179 ostendat
2926 1123 3043 1178 illos
3072 1137 3190 1177 esse
3225 1134 3600 1192 prosecutum,

2021 1217 2110 1284 qui
2146 1231 2205 1272 se
2244 1216 2660 1271 aversabantur.
2709 1215 2846 1269 Dum
2907 1215 3053 1270 enim
3097 1215 3289 1285 procul
3343 1215 3602 1285 fugieba—

2022 1321 2161 1367 tuus,
2195 1307 2312 1376 ipse
2338 1321 2436 1362 nos
2470 1306 2714 1360 attraxit.

2097 1389 2263 1455 Vens.
2296 1399 2384 1455 17.
2426 1417 2444 1450 ι
2480 1399 2633 1454 Unde
2667 1399 2855 1470 debuit
2891 1412 2984 1466 per
3008 1397 3192 1453 omnia
3230 1397 3494 1453 fratribus
3526 1397 3602 1452 si-

2024 1488 2221 1554 milari,
2253 1487 2416 1558 232
2448 1497 2504 1541 ιιι
2528 1488 2838 1542 misericors
2864 1488 3039 1552 fieret,
3068 1496 3121 1542 ει
3145 1487 3320 1542 ﬁdelis
3354 1485 3598 1558 pontifex

2023 1579 2086 1632 ad
2124 1557 2413 1645 Deum,th
2445 1579 2828 1650 repropitiaret
2859 1577 3054 1632 delicta
3079 1577 3280 1647 populi.
3330 1595 3348 1628 ι
3511 1557 3538 1571 ’

2095 1758 2370 1827 Quidnam
2421 1755 2559 1814 illud
2591 1771 2692 1828 est,
2719 1771 2812 1830 per
2847 1761 3063 1813 omnia?
3087 1755 3259 1816 Natus
3282 1767 3384 1825 est,
3408 1761 3604 1833 inquit,

1954 1833 1996 1888 Β
2028 1853 2267 1906 nutritus
2295 1860 2402 1916 est,
2435 1865 2627 1922 passus
2654 1861 2757 1916 εει,
2796 1851 3070 1904 universis
3108 1863 3227 1920 quae
3263 1865 3399 1919 opus
3425 1862 3604 1918 erant,

2026 1943 2442 2006 consummatis,
2480 1949 2732 1996 mortuus
2771 1948 2897 1995 est:
2933 1941 3037 1996 hoc
3068 1950 3152 1996 est
3198 1941 3464 1998 fratribus
3511 1958 3609 2014 per

2026 2035 2208 2088 omnia
2238 2033 2494 2088 similari.
2527 2031 2688 2095 Nam,
2727 2033 2852 2100 quia
2907 2031 3092 2086 multis
3136 2033 3510 2102 disputaverat
3538 2033 3608 2089 de

2026 2127 2312 2194 majestate
2345 2125 2676 2193 sublimique
2720 2123 2890 2194 gloria
2929 2123 3095 2189 illius,
3135 2125 3240 2179 hoc
3285 2125 3385 2179 loci
3423 2125 3489 2180 de
3517 2126 3608 2179 in-

2027 2218 2362 2275 carnationis
2394 2215 2808 2285 dispensatione
2830 2215 3141 2270 sermonem
3167 2216 3356 2288 agitat,
3382 2217 3436 2269 in
3460 2217 3610 2270 hunc

2029 2314 2142 2371 fere
2171 2315 2423 2370 modum:
2448 2311 2550 2379 Qui
2589 2318 2697 2366 tam
2720 2327 2945 2382 magnus
2969 2319 3074 2376 est,
3104 2311 3193 2381 qui
3231 2312 3492 2382 splendor
3527 2320 3613 2368 est

2027 2406 2227 2472 Patris,
2269 2403 2362 2474 qui
2397 2412 2484 2460 est
2521 2404 2808 2459 character
2839 2410 2893 2456 et
2925 2401 3097 2473 figura
3131 2401 3448 2457 substantiae
3467 2402 3608 2472 ejus,

2003 2509 2121 2565 Aper
2146 2509 2309 2565 quem
2343 2495 2436 2549 ille
2466 2493 2596 2549 fecit
2635 2493 2855 2557 saecula,
2894 2495 2983 2562 qui
3016 2493 3171 2548 sedet
3202 2509 3232 2546 a
3272 2493 3482 2548 dextris
3512 2491 3615 2547 Pas-

2029 2589 2152 2653 tris,
2179 2589 2295 2657 ipse
2315 2587 2509 2650 voluit,
2543 2600 2871 2656 summoque
2901 2586 3083 2640 studio
3107 2587 3414 2655 peroptavit
3445 2586 3614 2640 frater

2029 2689 2218 2734 noster
2271 2679 2448 2734 modis
2494 2679 2754 2732 omnibus
2808 2678 2926 2732 fieri
2973 2697 2986 2730 :
3028 2677 3216 2741 voluit,
3274 2678 3517 2746 inquam,
3560 2688 3616 2732 et

2028 2779 2316 2840 propterea
2352 2768 2422 2823 ad
2454 2785 2554 2825 nos
2575 2783 2798 2839 quoque
2831 2769 3137 2830 descendit,
3178 2782 3391 2837 nosque
3418 2782 3615 2837 appre-

2031 2861 2247 2926 hendit,
2272 2867 2331 2915 et
2356 2860 2648 2935 innumera
2676 2861 2820 2914 bona
2850 2859 3107 2927 patravit.
3143 2857 3404 2913 Dissolvit
3439 2867 3494 2911 et
3519 2874 3615 2913 ex-

2031 2951 2225 3004 stinxit
2259 2957 2514 3017 mortem,
2550 2950 2829 3006 diabolum
2862 2952 3151 3022 tyrannico
3182 2952 3411 3022 imperio
3436 2952 3622 3021 εἰει-ξι,

2032 3057 2061 3095 a
2086 3042 2358 3097 servitute
2388 3057 2490 3098 nos
2520 3042 2800 3108 liberavit,
2832 3041 3086 3098 Pontifex
3113 3059 3235 3099 esse
3260 3054 3451 3099 noster
3472 3046 3618 3115 apud

2035 3133 2250 3188 Patrem
2282 3133 2481 3188 voluit.
2516 3134 2792 3200 Quocirca
2825 3133 3030 3191 Paulus
3058 3135 3265 3202 intulit,
3302 3147 3357 3189 ut
3403 3139 3617 3192 miseri-

2034 3235 2154 3280 cors
2177 3226 2346 3296 ﬁeret,
2366 3235 2413 3279 et
2439 3225 2614 3294 ﬁdelis
2648 3226 2898 3295 Pontifex
2925 3226 3065 3294 apud
3095 3227 3286 3281 Deum.
3312 3227 3451 3293 Quid
3490 3244 3621 3282 vero

2036 3317 2332 3386 signiﬁcat,
2365 3317 2542 3386 ﬁdelis
2562 3318 2587 3372 ?
2604 3315 2785 3372 Verax
2816 3327 2868 3371 et
2895 3329 3108 3388 potens.
3132 3317 3448 3387 Subiunxit,
3476 3320 3617 3388 apud

2035 3408 2246 3475 Deum;
2287 3409 2574 3463 declarans
2600 3410 2764 3479 quod,
2802 3423 2929 3464 cum
2978 3409 3165 3465 hostes
3212 3426 3464 3467 essemus
3499 3411 3620 3478 Dei,

2037 3513 2164 3552 cum
2190 3498 2433 3550 damnati
2465 3513 2718 3554 essemus
2757 3510 2812 3552 et
2841 3499 3126 3569 suppliciis
3169 3500 3419 3564 obnoxii,
3452 3517 3620 3556 nemo

2037 3589 2200 3644 fuerit
2234 3589 2328 3657 qui
2362 3589 2697 3644 sacrificium
2745 3590 2969 3644 oﬂ‘errct
3019 3605 3127 3659 pro
3160 3593 3357 3658 nobis;
3402 3591 3498 3648 sed
3532 3593 3622 3647 ille

2034 3681 2227 3736 videns
2263 3695 2362 3735 nos
2393 3681 2478 3735 his
2505 3681 2560 3734 in
2595 3682 2757 3737 malis
2783 3683 3014 3746 versari,
3039 3687 3212 3738 nostri
3245 3684 3503 3738 misertus
3526 3685 3617 3750 sit,

2041 3788 2222 3844 neque
2257 3789 2533 3828 summum
2584 3777 2924 3829 sacerdotem
2980 3775 3216 3829 alterum
3269 3776 3625 3831 constituerit

2039 3866 2198 3923 nobis
2221 3906 2235 3931 ,
2279 3867 2373 3922 sed
2402 3867 2517 3935 ipse
2543 3865 2793 3921 Pontifex
2825 3867 2998 3922 fidelis
3030 3869 3101 3924 sit
3127 3868 3333 3935 factus,
3358 3881 3416 3924 ut
3445 3887 3623 3940 repro-

2033 3960 2247 4026 pitiaret
2271 3967 2491 4028 peccata
2516 3958 2719 4026 populi.

2111 4052 2276 4106 Vitas.
2315 4052 2401 4107 18.
2461 4068 2480 4102 ι
2515 4049 2572 4105 In
2621 4066 2687 4105 eo
2716 4052 2860 4105 enim
2895 4052 2946 4106 in
2985 4067 3095 4124 quo
3129 4068 3324 4123 passus
3351 4061 3470 4120 est,
3506 4056 3620 4124 ipse

2037 4149 2294 4198 tentatus.
2340 4161 2359 4196 ι

2113 4230 2260 4289 Idem
2295 4243 2378 4289 est
2407 4250 2471 4290 ac
2495 4251 2542 4290 ει
2574 4236 2780 4294 diceret
2813 4256 2824 4291 :
2864 4235 3272 4308 Egritudinum
3302 4245 3616 4293 nostrarum

2035 4327 2472 4397 haudquaquam
2507 4329 2713 4384 inscius
2743 4338 2826 4384 est
2850 4370 2863 4394 ,
2903 4344 3007 4385 nec
3039 4344 3133 4384 eas
3167 4330 3431 4384 duntaxat
3471 4329 3620 4385 novit

2039 4433 2146 4489 qua
2187 4419 2330 4475 Deus
2366 4427 2474 4484 est,
2522 4421 2618 4475 sed
2665 4422 2829 4474 etiam
2883 4435 2988 4490 qua
3039 4420 3204 4473 homo
3243 4420 3474 4484 exsistit,
3523 4434 3620 4488 pe-

340 4509 572 4562 Ἐπαθε
606 4510 805 4565 πολλὰ·
842 4506 953 4563 οῐδε
985 4509 1355 4579 συμπάσχειν,
1396 4507 1576 4561 καίτοι
1622 4523 1687 4576 γε
1720 4505 1930 4577 ἀπαθὴς

2043 4511 2273 4566 riculmn
2325 4513 2643 4567 earumdem
2715 4511 2882 4576 fecit,
2943 4512 3144 4581 quippe
3200 4526 3323 4565 cum
3382 4517 3620 4565 tentatus

331 4596 428 4653 ὢν
467 4598 544 4663 ὡς
555 4599 734 4663 ’Θεός.

429 4801 458 4836 ι
502 4784 741 4837 Δύναται
767 4784 878 4846 τοῖς
901 4773 1317 4854 πειραζομένοις
1346 4780 1631 4852 βοηθῆσαι.
1674 4797 1695 4833 ›

434 4875 530 4939 Ὠς
556 4874 622 4929 ἂν
655 4875 801 4929 εἴποι
832 4892 917 4939 τις
945 4892 960 4906 ο
986 4875 1142 4930 Μετά
1192 4873 1390 4944 πολλῆς
1414 4871 1725 4944 προθυμίας
1764 4869 1940 4946 ὀρέξει

331 4969 542 5040 χεῖρα,
575 4965 670 5020 καὶ
699 4965 1139 5037 συμπαθήσεταιι

977 5058 1229 5112 ΚΕΦΑΛ.
1259 5059 1313 5111 I"

428 5166 454 5200 ε
497 5145 680 5214 Ὅθεν,
711 5146 932 5215 ἀδελφοὶ
973 5145 1142 5214 ἅγιοι,
1186 5147 1432 5218 κλήσεως
1461 5147 1786 5218 ἐπουρανίου
1819 5145 1946 5216 μέτ-

327 5255 500 5309 οχοι,
549 5239 919 5308 κατανοήσατε
978 5237 1072 5290 τὸν
1121 5237 1476 5306 ’Λπόστολον,
1524 5240 1616 5294 καὶ
1661 5239 1946 5310 Ἀρχιερέα

325 5331 466 5402 τῆς
500 5329 793 5400 ὁμολογίας
823 5328 981 5399 ήμῶν
1014 5328 1103 5382 τὸν
1140 5329 1347 5400 Ἰησοῦν
1380 5332 1639 5402 Χριστόν.
1673 5350 1692 5384 ι

425 5423 663 5477 Μέλλων
700 5421 861 5475 αὐτὸν
891 5421 1170 5490 προθεῖναι.
1212 5421 1305 5477 τοῦ
1348 5423 1650 5488 Μωῦσέως,
1685 5423 1779 5477 καὶ
1815 5421 1947 5491 σύγε

329 5530 554 5588 κρισιν
587 5511 884 5578 ποιεῖσθαι,
918 5513 999 5575 είς
1039 5511 1132 5565 τὸν
1171 5512 1276 5581 τῆς
1325 5513 1626 5583 ἱερωσύνης
1663 5513 1829 5583 νόμον
1858 5512 1950 5567 τὸν

325 5606 528 5674 λόγον
565 5605 794 5676 ἢγαγεν.
833 5605 893 5656 '0
941 5603 999 5656 δὲ
1047 5604 1151 5672 τῆς
1198 5602 1499 5678 ἱερωσύνης
1525 5605 1702 5673 λόγος,
1745 5607 1826 5668 είς
1852 5604 1951 5676 τὴν

325 5696 683 5765 οἰκονομίαν
716 5694 1014 5767 ὲκληφθείη
1037 5695 1123 5750 ἄν.

435 5787 708 5842 Τουτέστι
738 5787 835 5858 τῆς
868 5786 1119 5851 πίστεως.

2040 4604 2156 4674 ipse
2186 4605 2373 4660 fuerit.
2410 4605 2602 4669 Multa,
2630 4605 2827 4674 inquit,
2855 4605 3100 4672 pertulit,
3139 4605 3623 4659 commiserascere

2040 4697 2167 4760 scit,
2193 4693 2458 4765 quamvis
2480 4696 2590 4766 pati
2620 4698 2825 4751 nesciat
2849 4703 3123 4766 quatenus
3151 4703 3236 4749 est
3263 4693 3428 4748 Deus.

2115 4803 2134 4836 ι
2175 4783 2381 4841 Potens
2407 4794 2490 4841 est
2527 4794 2584 4840 et
2617 4785 2697 4840 eis
2728 4786 2819 4854 qui
2845 4793 3145 4846 tentantur,
3175 4781 3453 4837 auxiliari.
3489 4799 3507 4833 ι

2111 4878 2222 4933 Ceu
2269 4877 2420 4932 dicat
2462 4879 2701 4948 aliquis:
2734 4877 2868 4932 Cum
2917 4878 3087 4932 multa
3132 4875 3300 4930 animi
3343 4874 3627 4929 alacritate

2044 4968 2285 5039 porriget
2316 4967 2620 5032 dexteram,
2652 4975 2707 5022 et
2737 4966 3116 5022 commiserabi
3129 4977 3234 5020 tur.

2700 5058 2852 5113 CAP.
2882 5059 2970 5114 Ill.

2119 5152 2282 5206 Vsus.
2302 5151 2384 5205 1.(
2411 5149 2587 5217 Unde,
2612 5149 2807 5206 fratres
2832 5151 3028 5214 sancti,
3052 5151 3355 5206 vocationis
3385 5151 3626 5205 cmlestis

2047 5242 2364 5310 participes,
2431 5241 2778 5296 considerate
2831 5240 3152 5310 Apostolum
3207 5249 3260 5296 et
3305 5239 3626 5295 Pontiﬁcem

2049 5330 2424 5388 confessionis
2448 5340 2650 5388 nostra:
2677 5330 2859 5387 Jesum
2895 5331 3202 5389 Christum.
3240 5351 3259 5384 ι

2121 5419 2388 5488 Quoniam
2425 5437 2550 5476 eum
2580 5420 2751 5493 Moysi
2778 5422 3187 5490 antepositurus
3209 5418 3630 5482 erat.etutriusa

2051 5528 2156 5584 que
2189 5515 2654 5583 comparationem
2690 5514 2889 5579 facere,
2940 5515 3007 5570 de
3047 5515 3166 5584 lege
3214 5511 3506 5569 sacerdotii
3544 5511 3631 5565 di-

2051 5621 2176 5660 cere
2223 5605 2482 5660 instiluit.
2528 5605 2693 5673 Atqui
2726 5606 3019 5662 sacerdOtii
3055 5607 3193 5662 ratio
3237 5604 3305 5660 ad
3336 5603 3623 5674 dispensas-

2055 5697 2257 5751 tionem
2293 5696 2522 5750 omnino
2547 5697 2898 5765 pertinuerit.

2123 5784 2184 5841 ld
2213 5792 2297 5840 est
2321 5783 2466 5840 ﬁdei.
