4048 6380
549 308 652 374 943

1761 317 1820 377 S.
1861 316 2181 378 JOANNIS
2224 319 2656 386 DAMASCENI

3687 351 3781 419 illi

628 420 788 475 Vsus.
812 419 864 476 2.
911 440 928 473 ι
964 421 1067 489 Qui
1101 420 1280 478 ﬁdelis
1309 429 1394 479 est
1430 423 1502 478 illi
1531 425 1632 494 qui'
1656 426 1785 482 fecit
1821 429 1991 482 illum.
2030 448 2048 479 ι

2309 450 2327 482 «
2368 434 2567 488 Πιστδν
2588 437 2717 491 ὄντα
2748 437 2824 508 τῷ
2850 440 3138 510 ποιήσαντι
3167 443 3350 500 αὐτόν.
3395 465 3412 498 ι

609 514 913 582 'Apostolus
939 515 1125 582 utique
1155 526 1209 570 et
1239 514 1516 573 Pontifex.
1551 516 1670 574 Non
1702 521 1851 575 enim
1886 522 1991 576 hoc
2023 520 2126 576 loci

548 606 614 658 tie
661 606 965 660 substantia
1007 607 1132 677 ejus
1166 608 1437 678 loquitur,
1485 612 1593 666 imo
1637 628 1737 667 nec
1784 614 1852 668 de
1904 613 2126 680 deitate,

547 695 639 750 sed
674 696 835 750 modo
865 696 933 751 de
965 697 1326 768 dignitatibus
1357 700 1632 757 humanis.

617 805 636 839 ι
655 787 823 842 ‘Sicnt
845 798 905 843 'et
933 788 1147 861 Moyses
1169 792 1224 847 in
1243 793 1392 848 omni
1418 795 1581 848 domo
1605 794 1740 865 ejus.
1757 793 1949 868 [Vnus
1972 797 2023 861 5,
2046 795 2128 868 4.]

542 878 836 949 Amplioris
878 882 1023 936 enim
1078 883 1268 954 gloriae
1301 886 1407 942 iste
1440 901 1555 956 pra:
1603 885 1788 958 Moyse
1819 888 2020 959 dignus
2048 899 2133 944 (ast

531 969 786 1037 'lrabitus,
814 973 1036 1040 quando
1067 976 1392 1044 ampliorem
1419 978 1686 1034 honorem
1721 979 1886 1035 habet
1911 980 2127 1048 domus,

543 1063 634 1129 qui
674 1062 963 1120 fabricavit
996 1065 1168 1121 illam.
1198 1067 1391 1125 Omnis
1427 1069 1576 1126 enim
1604 1070 1801 1126 domus
1832 1070 2131 1127 fabricatur

542 1153 610 1207 ab
636 1153 836 1224 aliquo.
863 1173 896 1209 -ι

603 1242 670 1302 ’ω
696 1257 779 1304 est
805 1250 858 1303 in
890 1252 1114 1321 populo.
1143 1251 1283 1318 Quia
1313 1252 1534 1326 Moyses
1563 1254 1736 1311 instar
1755 1255 2132 1328 procuratoris

541 1350 662 1395 erat
689 1351 746 1396 et
772 1347 1066 1402 oeconomi.

621 1455 639 1487 ε
681 1435 784 1502 Qui
821 1445 1004 1494 autem
1034 1442 1217 1494 omnia
1251 1440 1484 1506 creavit,
1520 1439 1661 1497 Deus
1686 1450 1790 1498 est.
1819 1440 2018 1515 [νεεδ.
2047 1440 2130 1514 5.]

543 1527 606 1580 E1
639 1525 856 1598 Moyses
890 1529 1106 1599 quidem
1144 1529 1320 1586 lidelis
1345 1541 1464 1586 erat
1496 1531 1550 1586 in
1579 1538 1693 1587 tota
1727 1533 1924 1597 domo,
1959 1541 2018 1587 ut
2049 1531 2133 1587 fa-

542 1617 745 1672 mulus.
794 1637 814 1671 ›

607 1710 771 1781 233
806 1709 908 1766 Hic
939 1711 1099 1782 plane
1129 1712 1385 1770 Christus
1417 1713 1596 1770 fuerit.

613 1818 632 1851 ι
679 1801 736 1856 in
759 1802 1133 1858 testimonium
1155 1819 1352 1860 eorum
1379 1822 1500 1877 qua:
1535 1805 1773 1862 dicenda
1809 1816 1955 1863 sunt.
2000 1825 2046 1860 »-

606 1894 764 1962 Quod
792 1897 840 1952 si
889 1896 1030 1954 Deus
1069 1899 1268 1954 coelum
1298 1906 1353 1957 et
1385 1908 1591 1957 terram
1613 1939 1630 1967 ,
1659 1910 1716 1956 et
1747 1901 1920 1958 colles
1963 1911 2131 1958 testes

524 1988 692 2054 -citat,
723 1998 929 2060 quanto
953 1991 1132 2062 magis
1163 1993 1418 2048 homines
1446 1992 1790 2049 adhibuerit!

614 2079 776 2138 Vsus.
801 2081 856 2137 6.
890 2102 909 2136 ι
947 2083 1207 2140 Christus
1236 2099 1366 2141 vero
1408 2093 1667 2156 tanquam
1700 2085 1846 2142 ﬁlius
1878 2086 1931 2140 in
1965 2087 2129 2142 domo

516 2186 669 2239 .sua;
728 2173 888 2244 cujus
939 2173 1144 2231 domus
1195 2189 1392 2231 sumus
1445 2190 1592 2241 nos,
1654 2176 1700 2233 si
1763 2174 2019 2232 ﬁduciam
2076 2168 2150 2232 et'

536 2266 768 2335 gloriam
801 2267 916 2338 spei
951 2283 1124 2339 usque
1160 2271 1226 2326 ad
1254 2269 1421 2326 tinem
1456 2271 1673 2327 ﬁrmam
1709 2273 2067 2329 retineamus.
2104 2290 2124 2326 ι

609 2357 852 2418 Observa
878 2365 1156 2434 quomodo
1170 2377 1270 2420 :res
1293 2365 1549 2422 conditas
1574 2380 1606 2420 ι
1635 2365 1922 2422 conditore
1945 2379 2128 2422 secer-

540 2457 640 2520 nit,
673 2456 944 2526 quomodo
979 2470 1199 2511 servum
1246 2471 1276 2512 a
1310 2457 1476 2513 .tilio:
1511 2465 1570 2513 ut
1624 2457 1715 2513 hic
1761 2457 1982 2528 quidem
2033 2473 2130 2528 pa-

541 2561 721 2603 ternas
755 2552 901 2603 aedes
932 2548 1078 2603 velut
1106 2548 1276 2605 herus
1315 2549 1679 2619 ingrediatur,
1719 2549 1811 2606 ille
1833 2559 2018 2605 autem
2051 2549 2127 2605 uti

535 2654 732 2716 servus
762 2641 980 2694 domum
1011 2651 1288 2710 procuret.

605 2730 876 2798 Quoniam
912 2730 967 2786 in
998 2746 1098 2802 spe
1123 2731 1304 2789 adhuc
1349 2733 1491 2789 bona
1531 2742 1714 2800 erant,
1753 2732 1972 2790 ideirco
2001 2746 2126 2789 eam

535 2823 748 2878 firmam
780 2824 1072 2880 tenendam
1104 2839 1228 2880 esse
1259 2824 1421 2890 dicit,
1447 2825 1523 2880 ita
1551 2835 1616 2880 ut
1649 2825 1881 2895 perinde
1923 2824 2126 2897 glorie-

532 2929 679 2982 mur,
712 2931 774 2971 ac
802 2915 848 2972 si
879 2915 1099 2971 illorum
1131 2923 1417 2987 compotes
1456 2931 1726 2973 essemus.

610 3004 786 3061 Vsus.
831 3005 984 3062 7-H.
1041 3026 1061 3058 «
1104 3005 1472 3078 Quapropter,
1511 3006 1655 3063 sicut
1693 3007 1828 3064 dicit
1881 3006 2122 3078 Spiritus

517 3110 759 3155 sanctus
791 3097 1013 3155 :Hodie
1047 3102 1092 3155 si
1120 3114 1307 3156 vocem
1331 3099 1455 3171 ejus
1489 3099 1798 3166 audieritis,
1828 3101 1998 3156 nolite
2028 3101 2124 3156 ob-

523 3190 738 3244 -durare
782 3190 948 3244 corda
974 3201 1177 3257 vestra,
1213 3191 1356 3245 sicut
1383 3191 1435 3244 in
1466 3190 1891 3246 exacerbatione
1924 3204 2126 3246 secun-

517 3284 661 3337 .dum
693 3281 836 3338 diem
876 3283 1202 3339 tentationis
1238 3282 1291 3336 in
1321 3283 1540 3337 deserto
1565 3324 1580 3350 ,
1631 3281 1722 3338 ubi
1773 3290 2124 3338 tentavcrunt

533 3391 622 3431 me
667 3355 854 3446 patres
903 3375 1096 3442 vestri,
1145 3375 1522 3444 probaverunt
1567 3383 1623 3429 et
1662 3375 1925 3430 viderunt
1955 3391 2122 3446 opera

533 3481 676 3532 mea,
730 3466 1092 3536 quadraginta
1141 3464 1330 3520 annis.
1385 3463 1616 3533 Propter
1669 3465 1816 3535 quod
1873 3464 2122 3521 infensus

533 3559 609 3613 fui
662 3556 1004 3629 generatiOni
1062 3556 1226 3621 huic,
1267 3562 1323 3610 et
1364 3554 1523 3609 dixi:
1563 3555 1792 3623 Semper
1831 3555 1885 3609 hi
1935 3561 2124 3610 errant

533 3651 721 3706 corde.
776 3648 888 3719 ipsi
946 3655 1130 3703 autem
1178 3661 1289 3700 non
1341 3652 1716 3716 cognoverunt
1765 3645 1885 3700 vias
1946 3661 2120 3712 meas,

533 3741 729 3810 quibus
763 3738 942 3810 juravi
967 3738 1024 3792 in
1057 3736 1138 3792 ira
1170 3751 1326 3792 mea:
1366 3736 1426 3792 Si
1459 3734 1766 3792 introibant
1793 3736 1850 3791 in
1877 3738 2120 3808 requiem

536 3847 737 3888 meam.
774 3850 794 3882 ι

609 3924 687 3981 De
716 3939 814 3995 spe
853 3921 1167 3979 futurorum
1197 3922 1398 3978 Paulus
1433 3921 1697 3993 loquitur,
1727 3930 1784 3977 et
1819 3921 1964 3992 quod
2003 3935 2121 3976 om-

535 4020 664 4076 nino
704 4019 888 4075 fntura
917 4019 992 4074 sit
1024 4017 1092 4074 iis
1106 4017 1207 4088 .qui
1243 4016 1757 4082 hiolaboraverint,
1787 4030 1996 4070 merces
2021 4015 2121 4070 ali-

533 4127 664 4184 qua,
689 4121 741 4168 et
769 4111 1005 4176 fruetus,
1047 4117 1102 4165 et
1145 4109 1385 4180 requies.
1426 4107 1597 4177 Atque
1627 4107 1731 4162 hoc
1763 4107 2006 4162 ostendit
2049 4121 2118 4161 ex

531 4203 822 4276 propheta,
854 4202 1074 4258 dicente
1101 4221 1114 4257 :
1141 4201 1318 4256 Hodie
1355 4200 1403 4255 si
1432 4215 1610 4256 uocem
1651 4198 1764 4268 ejus
1804 4197 2114 4254 audieritis.

530 4299 684 4354 Scire
739 4306 920 4352 antem
974 4295 1177 4350 attinet
1212 4304 1323 4350 tres
1369 4309 1492 4349 eum
1519 4294 1750 4364 requies
1783 4293 2114 4368 enuntiare:

531 4405 696 4443 unam
753 4387 1001 4453 Sabbati,
1058 4402 1165 4457 qua
1218 4387 1360 4441 Dens
1408 4386 1679 4456 requievit
1731 4387 1799 4442 ab
1857 4386 2116 4454 operibus

2323 521 2652 582 Ἀπόστολον
2684 529 2776 582 καὶ
2815 529 3120 603 Ἀριχιερέα.
3143 534 3310 590 Οὐδὲν
3343 538 3451 610 γὰρ
3476 544 3595 613 περὶ
3618 549 3779 619 οὐσίας

2233 619 2420 709 φησιν,
2442 619 2556 672 ἀλλ’
2587 621 2708 674 οὐδὲ
2733 625 2862 694 περὶ
2885 625 3156 698 οεότητος,
3184 627 3321 682 ἀλλὰ
3342 631 3477 697 τέως
3500 639 3621 709 περὶ
3638 642 3783 709 ἀξιω.

2236 708 2422 776 μάτων
2451 710 2548 764 ἀνθ
2555 712 2830 782 ρωπίνων.

2308 819 2326 852 ‹
2377 801 2466 866 Ὠς
2494 805 2588 856 καὶ
2614 806 2855 892 limbo-7|;
2878 809 2935 860 ἐν
2965 809 3072 882 ὅλῳ
3090 810 3325 885 τῷοῐκῳ
3350 816 3533 873 αὐτοῦ.
3562 823 3786 892 Πλείονος

2232 895 2345 965 γὰρ
2391 894 2549 966 δόξης
2592 889 2748 960 οὗτος
2785 900 2939 971 παρὰ
2975 903 3218 974 Μωῦσῆν
3245 906 3494 976 ἠξίωται,
3529 914 3646 968 καθ’
3673 889 3784 973 ὅσον

2232 986 2454 1042 πλείονα
2488 989 2654 1060 τιμὴν
2680 989 2795 1060 ἔχει
2845 994 2938 1047 τοῦ
2981 995 3154 1061 οῐκου,
3188 1001 3218 1052 ὁ
3263 1004 3670 1072 κατασκευάσας
3701 1011 3790 1064 αὺ-

2233 1079 2346 1134 τόν.
2378 1082 2494 1146 Πᾶς
2521 1083 2631 1155 γὰρ
2651 1085 2800 1151 οἶκος
2817 1089 3291 1155 κατασκευάζεται
3325 1093 3432 1146 ὑπό
3451 1109 3610 1161 τινος.
3638 1117 3666 1152 θ

2307 1258 2633 1327 Τουτέστιν,
2667 1263 2724 1315 ἐν
2757 1261 2833 1333 τῷ
2877 1262 3014 1335 λαῷ.
3048 1265 3172 1320 Ὅτι
3208 1265 3572 1340 καθάπερ-τις
3597 1271 3793 1347 ἐπίτρο-

2233 1368 2357 1420 πος,
2369 1353 2463 1406 κα¹ι
2487 1353 2770 1426 οἰκονόμος
2800 1351 2924 1427 ἦνύ
2956 1358 3220 1429 Μωῦσῆς.

2312 1463 2332 1498 ι
2378 1444 2437 1499 '0
2468 1445 2526 1500 δὲ
2554 1446 2624 1501 τὰ
2657 1448 2837 1503 πάντα
2862 1451 3305 1520 κατασκευάσας,
3333 1452 3488 1518 Θεός.
3523 1456 3632 1510 Καὶ
3655 1460 3795 1514 Μωῦ-

2237 1537 2338 1609 σῆς
2363 1537 2464 1608 μὲν
2497 1539 2688 1604 πιστὸς
2715 1542 2774 1596 ἐν
2797 1541 2905 1613 ὅλῳ
2925 1543 3006 1614 τῷ
3033 1544 3168 1616 οἴκῳ
3193 1546 3358 1600 αὑτοῦ
3379 1547 3456 1613 ὡς
3481 1549 3743 1620 θεράπων.
3775 1574 3789 1604 ι

2309 1716 2478 1788 Οὗτος
2509 1721 2578 1778 ἂν
2607 1719 2694 1798 ﬁo
2723 1725 2980 1797 Χριστός.

2151 1802 2205 1858 «Β
2312 1834 2330 1867 ι
2360 1816 2456 1879 Et;
2489 1816 2794 1890 μαρτύριον
2821 1819 2930 1872 τῶν
2959 1819 3446 1892 λαληθησομένων.
3470 1841 3499 1873 -τ

2298 1908 2372 1962 .Ei
2395 1909 2628 1980 οὐρανὸν
2647 1912 2743 1964 καὶ
2762 1910 2885 1980 γῆν,
2911 1911 3008 1965 καὶ
3039 1911 3261 1983 βουνοὺς
3284 1917 3647 1988 μαρτυρεῖται
3666 1921 3798 1990 Θέδς.

2231 1999 2420 2071 πολλῷ
2447 2001 2651 2072 μᾶλλον
2683 2002 2784 2057 ἀνθ
2791 2001 3032 2075 ρώπους.

2310 2108 2329 2142 ι
2363 2091 2598 2162 Χριστὸς
2626 2091 2685 2146 δὲ
2714 2093 2809 2146 ἐπὶ
2841 2095 2936 2148 τὸν
2969 2091 3122 2149 οἷκον
3159 2097 3330 2152 αὐτοῦ
3352 2139 3368 2164 ,
3393 2093 3462 2155 οὗ
3487 2095 3632 2167 οἶκός
3658 2105 3800 2176 ἐσμεν

2233 2183 2396 2252 ἡμεῖς
2418 2222 2434 2248 ,
2463 2183 2670 2257 ἐάνπερ
2699 2185 2803 2257 τὴν
2826 2187 3144 2258 παῤῥησίαν
3163 2229 3178 2254 ,
3218 2191 3312 2245 καὶ
3345 2191 3411 2246 τὺ
3443 2194 3700 2266 καύχημα
3725 2197 3799 2249 ἐλ-

2234 2273 2388 2338 πίδος
2419 2274 2584 2347 μέχρι
2611 2277 2802 2340 τέλους
2831 2277 3059 2348 βεϐαίαν
3085 2282 3485 2355 κατάσχωμεν.
3522 2305 3549 2338 -ι

2306 2366 2450 2439 Ὅρα
2486 2369 2602 2434 πῶς
2642 2371 2926 2442 ποιήματα
2970 2372 3069 2426 καὶ
3106 2377 3343 2448 ποιητὴν
3387 2376 3654 2448 διίστησι’
3699 2381 3800 2444 πῶς

2231 2457 2417 2514 δοῦλον
2465 2463 2559 2517 καὶ
2606 2463 2747 2529 υἱὸν,
2781 2452 2877 2518 καῖ
2905 2463 2964 2530 ὃς
2997 2467 3099 2537 μὲν
3137 2468 3220 2533 είς
3263 2468 3336 2522 τὰ
3367 2471 3604 2542 πατρῷα
3629 2471 3701 2536 ὡς
3729 2473 3801 2526 δεο

2235 2548 2442 2622 σπότης
2474 2551 2782 2625 εἰσέρχεται
2807 2594 2823 2620 ,
2860 2555 3070 2622 ἐκεῖνος
3097 2558 3156 2613 δέ
3201 2560 3280 2624 ὡς
3327 2560 3519 2626 δοῦλος
3557 2563 3647 2618 τὸν
3671 2559 3800 2619 οἶκον

2231 2641 2623 2714 ἐπετρόπευεν.
2677 2655 2680 2657 ’

2315 2734 2537 2808 Ἐπειδὴ
2583 2739 2641 2791 ἐν
2675 2739 2895 2796 ἐλπίσιν
2922 2737 2992 2814 ἦν
3019 2743 3089 2797 τὰ
3129 2743 3339 2812 ἀγαθὰ,
3380 2744 3526 2800 οὕτω
3563 2747 3626 2818 δὴ
3651 2747 3799 2818 αὐτὴν

2231 2826 2484 2898 κατέχειν
2522 2831 2689 2902 φησὶν
2711 2872 2726 2898 ,
2753 2832 2830 2896 ὡς
2855 2834 2955 2906 ἥδη
2988 2836 3299 2908 καυχᾶσθαι
3323 2876 3340 2903 ,
3370 2838 3447 2902 ῶς
3472 2839 3563 2893 ἐπὶ
3593 2857 3798 2912 γεγενηο

2235 2917 2438 2989 μένοις.
3099 2985 3106 2993 _

2306 3029 2326 3062 ι
2372 3011 2465 3066 Διὸ
2504 3011 2688 3078 καθὼς
2723 3014 2874 3084 λέγει
2903 3016 2965 3070 τὸ
2995 3017 3226 3090 Πνεῦμα
3253 3021 3317 3074 τὸ
3352 3021 3511 3094 ἅγιον
3537 3041 3550 3054 ·
3574 3025 3798 3098 Σήμερον

2230 3100 2328 3155 ἐὰν
2351 3102 2452 3175 τῆς
2485 3105 2673 3176 φωνῆς
2703 3107 2870 3160 αὐτοῦ
2903 3108 3200 3180 ἀκούσητε,
3238 3113 3315 3184 μὴ
3352 3115 3691 3188 σκληρύνητε
3719 3119 3801 3181 τὰς

2229 3191 2454 3263 καρδίας
2489 3193 2642 3264 ὑμῶν
2662 3234 2678 3260 ,
2721 3195 2798 3260 ὡς
2835 3199 2895 3250 ὲν
2939 3197 3018 3269 τῷ
3051 3205 3514 3277 παραπικρασμῷ
3546 3208 3682 3261 κατὰ
3715 3208 3799 3278 τὴν

2227 3286 2445 3357 ἡμέραν
2471 3278 2566 3340 τοῦ
2603 3289 2913 3361 πειρασμοῦ
2947 3293 3004 3344 ἐν
3046 3297 3112 3364 τῇ
3145 3295 3378 3368 ἐρήμῳ,
3432 3295 3493 3355 οὗ
3525 3301 3800 3372 ἐπείρασαν

2231 3395 2300 3448 με
2326 3379 2376 3431 οἱ
2425 3380 2660 3452 πατέρες
2706 3382 2898 3452 ὑμῶν,
2930 3384 3265 3457 ἐδοκίμασάν
3307 3408 3400 3460 με,
3453 3393 3551 3446 καὶ
3588 3389 3719 3449 εἶδον
3743 3394 3800 3447 τὰ

2228 3470 2367 3542 ἔργα
2417 3489 2522 3542 μου
2579 3476 2993 3547 τεσσαράκοντα
3035 3477 3167 3550 ἔτη,
3219 3480 3300 3534 διὸ
3348 3485 3703 3556 προσώχθισα
3743 3489 3798 3557 τῇ

2226 3563 2392 3634 γενεᾷ
2416 3563 2622 3638 ἐκείνῃ,
2644 3565 2739 3619 καὶ
2763 3561 2917 3621 εἷπον
2934 3585 2948 3600 ο
2963 3569 3080 3622 Ἀεὶ
3104 3571 3420 3628 πλανῶνται
3441 3576 3544 3640 τὰς
3568 3577 3797 3650 καρδίας.

2224 3655 2390 3708 Αὐτοὶ¹
2435 3655 2493 3708 δὲ
2533 3657 2635 3710 οὐκ
2672 3656 2918 3727 ἔγνωσαν
2967 3660 3067 3726 τὰς
3115 3663 3270 3728 ὁδούς
3320 3684 3466 3738 μου,
3511 3668 3590 3734 ὡς
3630 3667 3800 3740 ὤμοσα

2225 3746 2285 3800 ἐν
2318 3749 2384 3818 τῇ
2413 3748 2552 3820 ὀργῇ
2585 3765 2716 3819 μου,
2749 3751 2800 3804 εί
2833 3752 3238 3809 εἰσελεύσονται
3263 3759 3361 3823 εἰς
3383 3759 3496 3832 τὴν
3536 3760 3801 3815 κατάπαυ-

2223 3837 2308 3890 σίν
2340 3855 2460 3909 μου.
2503 3859 2522 3891 ι

2300 3929 2435 4000 Περὶ
2464 3929 2682 3996 ἐλπίδος
2719 3934 2869 4006 αὑτῷ
2905 3937 3054 3991 ἐστιν
3089 3940 3118 3991 ὁ
3151 3939 3311 4010 λόγος
3339 3943 3447 4012 τῆς
3485 3944 3800 4017 μελλούσης,

2221 4020 2304 4074 ὅτι
2339 4022 2556 4087 πάντως
2585 4023 2740 4078 ἕσται
2769 4029 2882 4090 τοῖς
2914 4029 3152 4083 ἐνταῦθα
3179 4031 3454 4088 πονέσασι
3486 4037 3680 4107 μισθός
3707 4054 3800 4100 τις,
3883 4064 3889 4074 -

2221 4115 2316 4167 xui.
2349 4117 2586 4185 καρπὸς,
2617 4119 2713 4170 καὶ
2743 4120 3072 4185 ἀνάπαυσις.
3101 4121 3274 4177 Τοῦτο
3303 4121 3401 4180 οὖν
3428 4130 3564 4182 αὐτὸ
3591 4129 3696 4182 ἀπὸ
3720 4129 3802 4180 τοῦ

2221 4209 2505 4280 προφήτου
2541 4210 2784 4266 δείκνυσι
2806 4253 2820 4278 ,
2853 4213 3028 4283 λέγων
3051 4233 3062 4244 ·
3098 4217 3377 4289 Σήμερον
3411 4223 3526 4278 ἐὰν
3562 4226 3672 4294 τῆς
3699 4241 3804 4294 φω-

2217 4298 2335 4369 νῆς
2383 4298 2570 4357 αὐτοῦ
2611 4303 2938 4373 ἀκούσητε.
2995 4308 3192 4363 Ἰστέον
3251 4311 3308 4365 δὲ
3363 4313 3443 4377 ὡς
3483 4318 3636 4386 τρεῖς
3686 4332 3803 4388 φησι

2215 4391 2597 4458 καταπαύσεις
2627 4391 2803 4449 εἶναι’
2841 4399 2974 4467 μίαν
3003 4399 3102 4470 τὴν
3135 4401 3231 4455 τοῦ
3271 4403 3591 4472 Σαῦὸάτου,
3626 4409 3685 4461 ἐν
3779 4405 3803 4457 ὁ

529 4480 683 4544 suis;
718 4477 946 4532 alteram
985 4479 1037 4531 in
1075 4476 1407 4541 .Pala‘stina,
1463 4477 1725 4545 inquam
1775 4475 1954 4531 Judaei
1990 4492 2111 4531 cum

2221 4482 2352 4547 Θεὸς
2391 4485 2737 4540 κατέπαυσεν
2785 4488 2892 4541 ἀπὸ
2933 4490 3044 4543 τῶν
3093 4491 3272 4562 ἔργων
3305 4497 3516 4550 αὐτοῦ’
3559 4475 3802 4572 δευτέραν

422 4607 425 4640 ί
532 4571 830 4636 venissent,
871 4570 1173 4640 requieturi
1204 4581 1361 4625 erant
1395 4587 1426 4623 a
1463 4571 1657 4626 multis
1693 4570 1932 4626 miseriis
1953 4579 2008 4625 et
2039 4570 2118 4626 la-

530 4661 798 4726 boribus;
842 4661 1102 4727 tertiam,
1152 4676 1339 4716 veram
1392 4661 1537 4715 illam
1576 4661 1841 4731 requiem,
1885 4677 2114 4733 regnum

525 4753 736 4808 scilicet
780 4753 1046 4808 caelorum
1072 4794 1086 4817 ,
1120 4753 1264 4823 quod
1311 4754 1407 4824 qui
1461 4753 1873 4821 adipiscuntur,
1926 4768 2114 4809 revera

528 4844 938 4913 requiescunLa
975 4843 1257 4908 laboribus
1283 4853 1338 4900 et
1365 4845 1654 4900 molestiis.
1687 4845 1897 4898 Harum
1931 4846 2115 4916 itaque

526 4933 692 4985 trium
727 4933 814 4986 hic
843 4934 1174 4990 mentionem
1212 4934 1363 4991 facit.
1397 4936 1577 4992 Eccur
1601 4951 1733 4992 vero
1760 4939 1885 4993 dum
1918 4939 1984 4994 de
2005 4953 2111 4993 una

525 5024 793 5094 disputat,
823 5025 988 5078 trium
1020 5027 1300 5080 meminit?
1319 5035 1377 5081 ut
1413 5027 1666 5083 ostendat
1691 5030 2011 5099 prophetam
2042 5028 2112 5084 de

526 5116 686 5170 tertia
713 5114 816 5170 hac
841 5130 967 5170 esse
997 5115 1262 5173 locutum.
1300 5117 1436 5173 Nam
1469 5119 1536 5173 de
1568 5120 1742 5189 prima
1797 5137 1907 5176 non
1943 5121 2110 5186 dixit,

523 5207 715 5278 inquit.
763 5206 995 5273 Quinam
1037 5208 1184 5263 enim
1239 5224 1548 5266 sermonem
1597 5211 1886 5270 habuisset
1913 5215 1982 5270 de
2017 5214 2107 5269 illa

524 5314 646 5368 qua:
669 5298 780 5368 jam
808 5297 940 5353 olim
971 5301 1277 5355 acciderat?
1305 5302 1406 5358 sed
1429 5317 1610 5372 neque
1627 5304 1698 5360 de
1721 5305 1960 5361 secunda
1983 5291 2108 5378 qum

521 5391 720 5462 obtigit
748 5392 798 5445 in
820 5389 1126 5446 Palaestina.
1143 5391 1428 5459 Quomodo
1448 5395 1632 5450 enim?
1663 5397 2103 5470 quandoquidem

521 5483 620 5547 ait,
651 5499 756 5537 non
789 5481 1084 5536 introibant
1122 5483 1177 5536 in
1209 5487 1456 5554 requiem
1491 5502 1682 5541 meam.
1733 5489 1926 5544 Restat
1973 5504 2104 5560 ergo

522 5574 741 5630 tertiam
792 5574 935 5629 hanc
967 5575 1240 5638 residuam
1281 5593 1424 5643 esse,
1451 5593 1572 5646 quae
1601 5587 1689 5633 est
1720 5595 1948 5649 regnum
1981 5596 2100 5636 θαι-

523 5668 723 5721 lorum.
755 5665 932 5736 llujus
981 5676 1162 5722 autem
1213 5669 1347 5723 dicti
1397 5670 1702 5740 isprorsus
1738 5686 1936 5728 scmus
1963 5684 2086 5729 est:

524 5755 717 5822 David,
754 5756 964 5828 inquit,
1001 5759 1094 5812 diu
1141 5769 1268 5828 post
1301 5761 1518 5816 illorum
1575 5766 1984 5833 generationem
2019 5767 2101 5824 lo-

2219 4574 2317 4645 τὴν
2348 4576 2447 4647 τῆς
2472 4578 2859 4651 Παλαιστίνης,
2898 4583 2981 4645 εἰς
3015 4584 3081 4654 ἣν
3108 4587 3156 4638 oi
3197 4585 3448 4642 Ἰουδαῖοι
3483 4590 3803 4655 εἰσελθόντες

2220 4666 2445 4737 ἔμελλον
2497 4671 2878 4726 ἀναπαύεσθαι
2929 4676 3064 4755 ἀπὸ.
3107 4679 3204 4748 τῆς
3280 4682 3672 4757 ταλαιπωρίας
3716 4685 3804 4751 τῆς

2220 4758 2418 4830 πολλῆς
2449 4762 2545 4815 καὶ
2580 4763 2690 4817 τῶν
2723 4766 2900 4819 πόνων
2925 4785 2936 4797 ·
2971 4769 3192 4840 τρίτην,
3229 4769 3328 4842 τὴν
3360 4773 3541 4840 ὅντως
3571 4777 3804 4830 ἀνάπαυ-

2218 4869 2338 4920 σιν,
2378 4853 2481 4924 τὴν
2529 4853 2811 4924 βασιλείαν
2854 4858 2962 4914 τῶν
3009 4861 3292 4934 οὐρανῶν,
3336 4862 3409 4938 ἧς
3459 4871 3509 4922 oi
3561 4869 3800 4938 τυχόντες

2215 4944 2552 5000 ἀνεπαύοντο
2584 4947 2754 5012 ὅντως
2784 4949 2892 5003 τῶν
2937 4953 3117 5008 πόνων
3160 4957 3254 5012 καὶ
3284 4959 3398 5014 τῶν
3433 4961 3664 5015 ὀδυνῶν.
3694 4959 3802 5013 Τῶν

2213 5039 2381 5112 τριῶν
2422 5040 2608 5094 τοίνυν
2661 5041 2902 5097 ἐνταῦθα
2945 5045 3242 5117 μέμνηται.
3299 5050 3413 5103 Καὶ
3455 5051 3607 5114 τίνος
3649 5051 3801 5104 ἕνεκα

2213 5132 2342 5202 περὶ
2380 5134 2511 5202 μιᾶς
2550 5132 2934 5204 διαλεγόμενος
2984 5136 3093 5188 τῶν
3137 5138 3306 5209 τριῶν
3349 5141 3800 5213 ἐμνημόνευσενς

2213 5223 2330 5277 Ἵνα
2375 5223 2524 5297 δείξῃ
2567 5223 2658 5278 τὸν
2685 5227 2988 5298 προφήτην
3025 5229 3154 5300 περὶ
3183 5230 3388 5301 ταύτης
3435 5233 3669 5299 λέγοντα
3707 5233 3798 5302 τῆς

2208 5314 2399 5386 τρίτης
2420 5315 2613 5386 φῆσαι.
2635 5316 2776 5388 Περὶ¹
2805 5320 2913 5390 γὰρ
2940 5320 3038 5390 τῆς
3064 5321 3287 5396 πρώτης
3311 5324 3418 5379 οὐκ
3448 5322 3598 5396 εἶπε,
3630 5325 3794 5397 φησι.

2207 5404 2332 5468 Πῶς
2367 5407 2473 5478 γὰρ
2507 5407 2662 5478 ἔλεγε
2713 5412 2969 5483 περὶτῆς
3000 5414 3168 5469 πάλαι
3201 5419 3630 5490 γεγενημένης;
3689 5415 3794 5472 ἀλλ’

2204 5493 2327 5549 οὐδὲ
2352 5499 2599 5570 περὶτῆς
2621 5500 2877 5573 δευτέρας
2892 5503 2993 5575 τῆς
3019 5506 3076 5557 ἐν
3097 5507 3440 5581 Παλαιστίνῃ
3463 5528 3478 5541 ο
3509 5512 3636 5576 Πῶς
3661 5509 3792 5583 γάρς

2203 5587 2338 5642 ὅπου
2373 5607 2437 5657 γε
2465 5591 2650 5660 λέγει,
2685 5596 2799 5649 οὐκ
2828 5599 3287 5655 εἰσελεύσονται
3326 5603 3422 5666 εὶς
3473 5605 3595 5672 τὴν
3621 5602 3790 5658 κατά-

2203 5682 2434 5735 παυσίν
2469 5700 2609 5750 μου.
2653 5686 2918 5742 Λείπεται
2958 5689 3014 5742 δὲ
3045 5692 3250 5760 ταύτην
3283 5687 3429 5746 εἶναι
3468 5694 3658 5749 λοιπὸν
3698 5693 3788 5762 τὴν

2202 5768 2412 5840 τρίτην,
2442 5771 2568 5841 ἥτις
2607 5773 2816 5847 ἐστὶνὴ
2857 5777 3105 5846 βασιλεία
3168 5783 3274 5836 τῶν
3309 5784 3588 5851 οὐρανῶν.
3635 5782 3784 5845 Ὀλος
