4048 6404
397 374 502 439 945
553 370 556 374 ’
1574 376 1657 436 IN
1697 376 1935 436 EPIST-
1963 375 2060 435 AD
2098 372 2494 434 HEBR/EOS’.
3567 375 3680 436 95ὶῖ

300 483 304 486 ’
392 487 450 540 δὲ
481 487 510 540 ό
539 484 662 549 νοῦς
681 483 774 539 τοῦ
815 486 982 558 ῥητοῦ
1009 479 1168 550 οὗτός
1203 487 1383 538 ἐστιν’
1418 486 1582 541 Δαῦὶδ
1617 485 1758 551 εἷπε,
1795 487 1962 558 φησὶν

2104 500 2292 555 quens,
2324 483 2463 540 dixit
2491 501 2502 536 :
2540 481 2713 537 Hodie
2744 484 2790 537 si
2817 499 2992 537 vocem
3025 483 3140 553 cj’us
3170 481 3472 546 audieritis,
3506 484 3674 538 nolite

393 577 622 650 ὕστερον
658 579 798 648 μετὰ
821 579 922 650 τὴν
951 579 1151 647 γενεὰν
1185 580 1287 650 τὴν
1319 580 1544 633 ἐκείνων
1575 579 1968 650 διαλεγόμενος,

2104 575 2353 630 ibdurare
2374 573 2540 629 corda
2566 581 2764 638 vestra,
2802 589 2872 628 ne
2903 574 3089 630 eadem
3120 575 3402 645 patiamini
3434 590 3558 646 quae
3583 592 3676 630 no-

389 670 472 722 ὃτι
505 668 777 738 Σήμερον
808 670 916 724 ἐὰν
942 670 1052 740 τῆς
1087 671 1291 741 φωνῆς
1323 672 1511 726 αὐτοῦ
1545 673 1872 740 ἀκούσητε,
1894 673 1968 742 ,ιιῆ

2104 670 2189 724 stri
2225 669 2627 740 progenitores,
2680 676 2736 722 et
2781 669 2989 737 requiei
3027 677 3281 724 exsortes
3315 669 3474 734 sitis;
3518 671 3674 739 quasi

389 764 778 830 σκληρύνητε
813 763 920 828 τὰς
961 763 1212 832 καρδίας
1256 765 1453 834 ὑμῶν,
1490 767 1577 818 ἵνα
1621 767 1695 837 μὴ
1736 765 1806 819 τὰ
1841 767 1968 820 αὐτὸ

2104 761 2278 830 itiqne
2327 759 2544 830 requies
2576 759 2826 828 quaedam
2858 761 3120 828 supersit.
3155 758 3292 814 Nam
3328 761 3373 815 si
3428 761 3674 830 requiem

389 855 625 925 πάθητε,
660 855 805 925 ἅπερ
845 859 893 910 οἱ
934 859 1190 928 πρόγονοι
1216 860 1264 911 οί
1302 859 1589 931 ἡμέτεροι,
1620 861 1716 913 καὶ
1744 861 1968 912 ἀποστ-ε·

2112 868 2197 905 am
2219 853 2591 916 obtinuerant,
2623 866 2728 922 qua
2753 851 2823 908 de
2850 867 3015 907 causa
3051 853 3281 907 dixisset
3310 853 3421 910 illis
3449 873 3461 908 :
3503 851 3676 907 Hodie

391 944 595 1014 ρηθῆτε
635 947 738 1016 τῆς
776 945 1180 1010 καταπαύσεως
1200 990 1214 1012 ,
1247 946 1323 1010 ὡς
1352 945 1520 1016 ούσης
1552 946 1795 1018 δηλονότι
1834 945 1968 1009 τινὸς

2104 961 2156 997 me
2209 944 2482 999 obduretis
2535 943 2701 998 corda
2747 952 2971 1008 vestra,
3033 945 3172 997 sicut
3232 953 3409 1013 patres
3474 946 3674 1008 vestri;

385 1034 812 1098 καταπαύσεως.
852 1035 1005 1088 Ἐπεὶ
1033 1037 1080 1089 εί
1108 1036 1480 1108 ἀπειληφότες
1504 1035 1646 1109 ἦσαν
1673 1037 1770 1109 τὴν
1812 1036 1968 1091 κατά-

2104 1049 2160 1090 ie
2203 1035 2440 1090 similem
2489 1050 2708 1106 poenam
2757 1037 3053 1105 patientes,
3107 1035 3201 1089 ilia
3255 1036 3446 1104 requie
3495 1039 3678 1106 prive-

386 1141 629 1188 παυσιν,
681 1125 826 1188 τίνος
865 1125 1029 1178 ἓνεκα
1066 1126 1252 1190 αὐτοῖς
1293 1125 1445 1195 ἔλεγε
1482 1126 1563 1190 τὸ,
1592 1126 1867 1196 Σήμερον
1889 1125 1968 1195 μὴ

2104 1126 2225 1181 nini
2259 1125 2575 1194 ?Qu:enam
2621 1141 2754 1197 ergo
2783 1127 2888 1182 alia
2930 1125 3146 1196 requies
3196 1123 3382 1190 fuerit,
3435 1126 3541 1180 nisi
3590 1141 3679 1180 re-

385 1216 780 1282 σκληρύνητε
826 1216 934 1282 τὰς
978 1216 1230 1286 καρδίας
1278 1219 1469 1288 ὑμῶν,
1499 1218 1581 1286 ὠς
1621 1222 1676 1272 οἱ
1723 1217 1968 1286 πατέρες

2104 1233 2254 1288 gnum
2289 1217 2580 1283 caelorum,
2629 1218 2786 1288 cujus
2833 1217 3016 1288 imago
3062 1224 3117 1270 et
3171 1215 3340 1285 ﬁgura
3372 1216 3672 1271 Sabbatum

386 1297 592 1375 ὑμῶν,
643 1307 732 1360 ἵνα
783 1306 858 1378 μὴ
903 1307 973 1362 τὰ
1012 1308 1105 1362 ῐσα
1134 1309 1398 1373 παθόντες
1428 1308 1842 1381 ἁποστερηθῆτε
1875 1309 1976 1379 τῆς
2085 1309 2250 1366 erat?

390 1399 798 1462 καταπαύσεως
820 1415 836 1465 ;
859 1399 957 1464 Τίς
983 1396 1077 1455 οὖν
1105 1401 1254 1455 ἐστιν
1293 1403 1327 1471 ἠ
1373 1400 1748 1465 κατάπαυσις,
1792 1400 1910 1456 ἀλλ’
1935 1399 1969 1469 ἢ
2009 1399 2044 1472 ἡ
2083 1399 2333 1468 βασιλεία
2363 1401 2473 1456 τῶν
2503 1400 2768 1472 οὐρανῶν,
2808 1396 2877 1474 ἧς
2903 1400 3069 1456 εἰκὼν
3102 1403 3197 1456 καὶ
3224 1400 3493 1464 τύποςτὺ
3533 1399 3677 1454 Σάϐ-

388 1488 553 1543 6ατον
576 1506 591 1555 ;

459 1584 523 1639 Ei
553 1584 672 1637 ἐκεῖ
695 1583 990 1655 κέκλησθε,
1028 1585 1195 1658 μηδὲν
1223 1584 1461 1641 ἐνταῦθα
1489 1586 1721 1658 ζητεῖτε.

466 1694 486 1727 ι
531 1674 798 1738 Βλέπετε,
831 1675 1085 1746 ἀδελφοὶ,
1133 1676 1347 1748 μήποτε
1388 1677 1542 1731 ἐσται
1587 1676 1645 1730 ἐν
1671 1694 1777 1731 τινι
1821 1675 1976 1746 ὑμῶν

2158 1577 2218 1634 Si
2251 1578 2378 1633 illuc
2407 1577 2591 1634 vocati
2625 1578 2782 1642 estis,
2820 1578 2959 1634 nihil
2992 1577 3119 1635 istic
3144 1579 3431 1649 quaeratis.
3467 1600 3486 1632 ι

2155 1669 2325 1726 Vens.
2357 1669 2445 1725 12.
2474 1687 2492 1721 ι
2537 1667 2751 1734 Videte,
2782 1667 3004 1732 fratres,
3029 1684 3101 1724 ne
3129 1667 3269 1725 forte
3295 1670 3451 1725 sit~iu
3481 1670 3669 1740 aliquo

389 1767 587 1839 καρδία
617 1767 830 1840 πονηρὰ
856 1768 1138 1836 ἀπιστίας,
1171 1770 1231 1824 ἐν
1260 1768 1338 1840 τῷ
1366 1770 1673 1842 ἀποστῆναι
1703 1769 1812 1824 ἀπὸ
1837 1768 1968 1824 Θεοῦ

2104 1770 2324 1817 restrum
2348 1775 2446 1816 cor
2471 1759 2675 1815 malum
2697 1759 3126 1825 incredulitatis,
3156 1760 3473 1817 discedendi
3501 1777 3529 1815 a
3560 1760 3672 1816 Deo

389 1859 610 1924 ζῶντος.
648 1878 666 1911 ι

460 1949 639 2002 Ὅθεν
661 1989 678 2015 ,
718 1949 840 2004 ἀντὶ
871 1951 989 2017 τοῦ,
1028 1951 1117 2007 διὰ
1141 1952 1322 2008 τοῦτο.
1379 1953 1514 2006 Ἀπὸ
1543 1953 1654 2024 γὰρ
1683 1952 1784 2022 τῆς
1811 1951 1979 2023 σκλη-

385 2041 616 2114 ρότητος
644 2043 873 2098 ἀπιστία
907 2045 1140 2114 γίνεται.

472 2135 694 2206 Ἐπειδὴ
733 2135 848 2208 γὰρ
883 2138 911 2191 ό
961 2137 1072 2192 τῶν
1119 2137 1424 2210 μελλόντων
1449 2137 1636 2208 λόγος,
1684 2137 1786 2191 οὐκ
1829 2134 1978 2189 ἔστιν

376 2224 555 2289 οὕτως
587 2227 837 2294 πιθανὸς,
871 2228 947 2292 ὡς
977 2229 1087 2282 τῶν
1117 2229 1521 2302 παρελθόντων,
1563 2227 1975 2299 ἀναμιμνήσκει

380 2319 580 2382 αὐτοὺς
617 2319 858 2384 παλαιᾶς
898 2321 1174 2392 ἱστορίας,
1209 2325 1269 2376 ἐν
1379 2323 1619 2384 πίστεως
1651 2321 1971 2393 ἐδεήθησαν.

381 2409 450 2462 Εἰ
475 2409 584 2480 γὰρ
626 2412 676 2464 οἱ
714 2411 950 2482 πατέρες
980 2413 1134 2484 ὑμῶν
1157 2457 1171 2482 ,
1212 2415 1400 2486 ἐπειδὴ
1425 2416 1526 2470 οὐκ
1565 2414 1833 2487 ἤλπισαν,
1865 2413 1976 2468 ὣσ-

381 2513 490 2569 περ
533 2501 698 2570 ἐχρῆν
732 2500 983 2569 ἐλπίσαι,
1037 2503 1213 2559 ταῦτα
1258 2503 1500 2571 ἔπαθον,
1546 2503 1730 2576 πολλῷ
1775 2503 1976 2576 μᾶλλον

379 2591 412 2644 ύ
420 2593 560 2662 μείς.

462 2701 481 2734 ι
569 2684 730 2740 Ἀλλὰ
797 2686 1167 2757 παρακαλεῖτε
1235 2686 1466 2749 ἑαυτοὺς
1548 2684 1670 2740 καθ’
1735 2686 1975 2756 ἑκάστην

377 2775 618 2846 ἡμέραν.
660 2796 677 2828 ι

453 2868 786 2937 Τουτέστιν,
857 2871 1190 2942 οἰκοδομεῖτε
1264 2871 1546 2942 ἀλλήλους.

378 2959 612 3024 ἑαυτοὺς
637 3001 651 3025 ,
682 2961 770 3016 ἵνα
801 2963 876 3034 μὴ
901 2963 970 3018 τὰ
998 2964 1140 3018 αὐτὰ
1169 2963 1407 3035 πάθητε.

458 3070 478 3102 ‹
523 3052 719 3122 Ἀχρις
749 3047 811 3108 οὗ
843 3054 906 3107 τὸ
937 3055 1182 3126 σήμερον
1212 3054 1480 3121 καλεῖται.
1526 3074 1546 3108 ι

1626 2872 1973 2945 Διορθώσατε

2079 1867 2223 1907 νινο.
2265 1871 2286 1904 1

2157 1941 2328 2008 Unde,
2357 1943 2499 1999 idem
2535 1951 2621 2000 est
2645 1959 2733 2007 ac,
2776 1953 3003 2016 propter
3033 1945 3160 2002 hoc.
3191 1943 3329 2000 Nam
3361 1961 3427 2002 ex
3463 1944 3679 2002 duritia-

2081 2032 2266 2087 cordis
2291 2032 2650 2088 incredulitas
2677 2035 2942 2104 gignitur.

2151 2121 2316 2194 234
2351 2121 2488 2176 Nam
2520 2123 2650 2192 quia
2673 2161 2688 2187 ,
2724 2123 2814 2178 ubi
2865 2124 2934 2178 de
2962 2122 3166 2180 futuris
3195 2131 3281 2180 est
3312 2138 3517 2189 sermo,
3558 2138 3666 2177 non

2081 2210 2154 2264 ita
2186 2210 2347 2265 ﬁdem
2375 2211 2562 2275 habet,
2600 2225 2666 2265 ac
2703 2211 2749 2266 si
2774 2211 2843 2266 de
2871 2213 3170 2281 praeteritis
3197 2213 3429 2279 diceret,
3453 2213 3519 2266 ad
3552 2227 3670 2267 me-

2080 2291 2313 2358 moriam
2345 2318 2442 2358 eos
2485 2310 2711 2359 revocat
2751 2303 2997 2359 historiae
3026 2305 3253 2372 veteris,
3303 2305 3362 2359 in
3409 2320 3518 2376 qua
3567 2302 3674 2358 ﬁde

2080 2410 2220 2468 opus
2265 2396 2467 2452 fuerat.
2505 2395 2641 2450 Nam
2684 2397 2731 2452 si
2788 2405 2977 2468 patres
3029 2397 3226 2462 vestri,
3290 2397 3491 2466 inquit,
3555 2397 3676 2450 haec

2078 2490 2227 2560 passi
2261 2497 2414 2555 sunt,
2438 2489 2569 2560 quia
2593 2503 2702 2544 non
2735 2497 3119 2559 speraverunt,
3149 2490 3227 2544 uti
3257 2504 3482 2560 sperare
3509 2503 3672 2558 opor-

2081 2582 2250 2646 tebat,
2294 2582 2475 2637 multo
2503 2583 2678 2652 magis
2719 2597 2836 2639 vos.

2153 2671 2322 2728 Vens.
2363 2675 2450 2728 15.
2501 2693 2519 2724 ι
2576 2673 2685 2729 Sed
2739 2675 3112 2731 adhortamini
3159 2674 3528 2744 vosmetipsos
3577 2688 3676 2743 per

2078 2763 2330 2834 singulos
2361 2762 2502 2818 dies.
2544 2781 2564 2816 ι

2150 2855 2267 2910 Hoc
2293 2864 2398 2921 est,
2438 2855 2673 2910 invicem
2707 2855 3002 2912 aediﬁcate.
3048 2853 3161 2911 Vos
3198 2855 3352 2926 ipsos
3380 2853 3674 2925 corrigite,

2079 2961 2149 3003 ne
2180 2948 2372 3003 eadem
2413 2947 2726 3018 patiamini.

2155 3059 2172 3092 ι
2206 3037 2393 3094 Donec
2426 3037 2590 3094 hodie
2613 3039 3056 3109 cognominatur.
3103 3057 3122 3090 ι

453 3143 528 3197 Τὸ
583 3145 860 3217 σήμερον,
909 3146 1072 3215 φησὶ,
1121 3147 1177 3200 τί
1227 3148 1405 3216 tactv;
1442 3149 1588 3212 Ἕως
1619 3141 1682 3204 οὗ
1728 3150 1897 3219 συστῇ
1943 3147 1968 3200 ό

2149 3130 2350 3195 Hodie,
2375 3131 2574 3202 inquit,
2604 3130 2738 3201 quid
2789 3130 2893 3186 hoc
2942 3130 3068 3187 est?
3123 3129 3379 3197 Quandiu
3432 3131 3675 3188 mundus

373 3234 604 3304 κόσμος.

459 3345 477 3373 ι
526 3325 640 3378 Ἰνα
696 3324 772 3396 μὴ
823 3325 1135 3399 σκληρυνθῇ
1187 3325 1246 3395 ἐξ
1295 3327 1452 3398 ὑμῶν
1500 3344 1586 3393 τις
1627 3328 1814 3401 ἀπάτῃ
1867 3328 1968 3401 τῆς

378 3418 679 3488 ἁμαρτίας.
718 3436 738 3469 ι
1505 3463 1511 3469 .

466 3510 659 3581 Ὁρᾷς,
693 3511 775 3566 ὅτι
808 3514 842 3584 η
873 3513 1104 3568 ἀπιστία
1128 3514 1228 3586 τὴν
1260 3515 1534 3586 ἁμαρτίαν
1565 3517 1728 3569 ποιεῖ.

515 3604 752 3675 Μέτοχοι
781 3605 892 3676 γὰρ
911 3607 1009 3661 τοῦ
1044 3608 1284 3680 Χριστοῦ
1316 3609 1645 3680 γεγόναμεν.
1687 3628 1704 3661 ι

462 3781 820 3853 Ἑγενόμεθα,
850 3785 1039 3861 φησὶν,
1064 3787 1246 3858 ἡμεῖς,
1269 3787 1306 3842 ἃ
1335 3789 1431 3843 καὶ
1453 3789 1636 3854 αὐτός.
1665 3791 1777 3845 Καὶ
1804 3790 1969 3856 αὐτὸς

375 3873 483 3943 μὲν
513 3874 724 3947 κεφαλὴ
747 3918 762 3942 ,
798 3877 958 3949 σῶμα
992 3878 1049 3932 δὲ
1080 3881 1262 3950 ἡμεῖς.
1317 3950 1324 3962 ὶ

456 3984 474 4017 t
525 3965 762 4038 Ἐἁνπερ
790 3969 888 4038 τὴν
917 3970 1098 4042 ἀρχὴν
1135 3971 1237 4042 τῆς
1280 3973 1635 4038 ὑποστάσεως
1675 3973 1841 4046 μέχρι
1879 3974 1970 4029 τέ-

370 4055 503 4121 λους
543 4057 769 4127 βεϐαίαν
799 4061 1186 4133 κατάσχωμεν,
1215 4065 1274 4118 ἐν
1296 4064 1375 4136 τῷ
1408 4065 1665 4135 λέγεσθαι
1683 4085 1697 4099 ·
1718 4068 1966 4140 Σήμερον

369 4151 472 4204 ἐὰν
503 4152 604 4224 τῆς
632 4153 820 4225 φωνῆς
843 4155 1009 4209 αὐτοῦ
1044 4157 1341 4229 ἀκούσητε,
1388 4159 1463 4231 μὴ
1491 4160 1837 4232 σκληρύνητε
1865 4161 1972 4226 τὰς

370 4242 607 4313 καρδίας
633 4244 789 4314 ὑμῶν
810 4286 824 4310 ,
864 4245 941 4309 ὡς
969 4246 1029 4298 ἐν
1057 4246 1137 4317 τῷ
1175 4251 1656 4322 παραπικρασμῷ.
1691 4271 1712 4303 ›

450 4333 514 4386 Τί
535 4336 682 4390 ἐστιν
701 4378 716 4402 ,
745 4337 946 4408 ἀρχὴν
967 4340 1365 4410 ὑποστάσεως
1385 4345 1534 4417 ;“Τὴν
1565 4346 1778 4413 πίστιν,
1808 4346 1874 4400 δι’
1898 4339 1967 4419 ἧς

372 4425 722 4498 ὑπέστημεν,
771 4431 867 4483 καὶ
901 4432 1242 4502 ἐγενόμεθα,
1291 4436 1386 4488 καὶ
1432 4435 1741 4510 ἐσώθημεν,
1774 4439 1851 4504 ὡς
1897 4441 1966 4494 ἂν

365 4519 518 4572 εῐποι
545 4537 646 4585 τις.

451 4631 470 4666 t
507 4613 664 4680 Τίνες
694 4615 804 4689 γὰρ
835 4618 1169 4685 ἀκούσαντες
1199 4622 1648 4694 παρεπίκραναν;
1689 4644 1707 4678 ι

444 4794 631 4850 Εἰπὼν
653 4797 755 4868 τὴν
780 4799 1108 4871 μαρτυρίαν,
1149 4802 1243 4856 καὶ
1273 4803 1546 4877 ἐρώτησιν
1569 4805 1790 4876 ἐπάγει,
1823 4807 1960 4880 ὅπερ

361 4890 518 4940 ποιεῖ
546 4887 637 4942 τὸν
686 4888 848 4958 λόγον
882 4892 1048 4962 σαφῆ.
1084 4894 1148 4947 Ὃ
1185 4893 1242 4948 δὲ
1289 4894 1457 4965 λέγει,
1491 4898 1734 4952 τοιοῦτόν
1771 4903 1922 4955 ἐστιν
1948 4919 1962 4934 ·

366 4980 659 5034 Ἤκουσαν
703 4982 967 5050 κάκεῖνοι,
1001 4985 1190 5055 φησὶν,
1239 4987 1430 5061 ὥσπερ
1472 4992 1636 5059 ἡμεῖς
1665 4991 1959 5063 ἀκούομεν,

360 5067 490 5122 ἀλλ’
517 5070 670 5126 οὐδὲν
711 5071 907 5141 ὄφελος
953 5076 1138 5139 αὐτοῖς
1176 5077 1420 5147 γέγονεν.
1453 5081 1545 5153 Μὴ
1587 5081 1770 5137 τοίνυν
1812 5085 1964 5156 νομί-

364 5180 507 5232 σητε
529 5202 545 5226 ,
585 5165 668 5218 ὅτι
709 5165 820 5219 ἀπὸ
848 5165 943 5220 τοῦ
974 5168 1198 5223 ἀκούειν
1229 5171 1322 5224 τοῦ
1359 5172 1726 5244 κηρύγματος
1747 5175 1966 5249 ὠφελη-

363 5254 630 5326 θήσεσθε,
664 5256 789 5308 ἐπεὶ
817 5258 1060 5312 κάκεῖνοι
1091 5260 1372 5331 ἥκουσαν,
1406 5262 1523 5317 ἀλλ’
1559 5263 1714 5318 οὐδὲν
1749 5265 1965 5338 ὠφελή-

363 5349 579 5417 θησαν,
611 5348 739 5402 ἐπεὶ
771 5349 845 5420 μὴ
878 5351 1226 5410 ἐπίστευσαν.

407 5535 426 5549 ⁸
453 5543 473 5576 ι
530 5525 673 5579 Ἀλλ’
718 5527 780 5580 οὐ
811 5527 1014 5593 πάντες
1051 5529 1102 5584 οἱ
1135 5528 1443 5594 ἐξελθόντες
1476 5531 1538 5599 ἐξ
1569 5531 1846 5602 Αἰγύπτου
1877 5533 1966 5588 διὰ

365 5615 676 5682 ιδῗωῧσέως.
719 5637 738 5670 ι

448 5710 491 5762 Τ
493 5710 588 5774 οὺς
621 5711 751 5781 περὶ
779 5711 961 5765 Χαλὲὸ
996 5714 1090 5767 καὶ
1135 5713 1344 5785 Ἰησοῦν
1378 5732 1533 5785 φησι.

451 5819 474 5856 ‹
519 5800 643 5855 Τίσι
687 5802 744 5856 δὲ
785 5804 1158 5876 προσώχθισεν
1210 5810 1621 5877 τεσσαράκοντα
1660 5807 1795 5877 ξτηὲ
1847 5807 1966 5876 οὐκὶ

2082 3221 2370 3279 consistet.

2155 3331 2176 3366 ι
2211 3312 2285 3369 Ut
2315 3328 2431 3370 non
2455 3313 2760 3370 obduretur
2812 3315 2948 3387 quis
2971 3331 3050 3371 ex.
3082 3316 3236 3371 vobis
3273 3315 3489 3372 fallacia
3536 3333 3660 3387 pec-

2079 3406 2207 3461 cati.
2249 3423 2269 3458 ι

2150 3496 2318 3554 Vides
2353 3499 2804 3556 incredulitatem
2831 3515 2954 3556 esse
2981 3515 3205 3556 causam
3238 3502 3471 3571 peccati.

2150 3589 2318 3648 Vens.
2349 3589 2552 3658 14,15.
2603 3611 2622 3643 ι
2668 3589 2976 3663 Participes
3027 3594 3174 3649 enim
3227 3594 3437 3650 Christi
3489 3594 3668 3650 cﬁ‘ccti

2079 3698 2293 3740 sumus.
2333 3701 2352 3736 ι

2149 3774 2354 3832 Eadem
2394 3789 2461 3831 ac
2491 3775 2610 3847 ipse
2637 3775 2768 3832 facti
2805 3791 3026 3841 sumus,
3067 3777 3270 3847 inquit.
3294 3779 3374 3834 Ac
3397 3778 3515 3849 ipse
3543 3782 3669 3850 qui-

2077 3865 2199 3923 dem
2225 3875 2313 3924 est
2344 3875 2533 3938 caput,
2567 3875 2870 3924 nosautetn
2897 3883 3124 3939 corpus.

2154 3977 2173 4012 ι
2218 3958 2276 4014 Si
2325 3969 2515 4016 tamen
2566 3960 2789 4015 initium
2843 3960 3174 4017 substantia?
3210 3961 3332 4031 ejus
3379 3979 3560 4036 usque
3599 3968 3680 4021 ad

2076 4049 2242 4108 ﬁnem
2288 4053 2508 4108 ﬁrmum
2567 4054 2925 4109 retineamus.
2963 4051 3102 4108 Dum
3136 4053 3340 4110 dicitur
3370 4074 3384 4109 :
3420 4056 3590 4112 Ilodie
3620 4061 3665 4114 si

2075 4158 2265 4198 vocem
2285 4143 2410 4213 ejus
2433 4143 2744 4210 audieritis,
2777 4138 2949 4200 nolite
2978 4143 3254 4202 obdurare
3284 4147 3454 4202 corda
3479 4159 3671 4205 vestra

2075 4235 2225 4292 sicut
2254 4235 2308 4289 in
2344 4236 2788 4292 exacerbatioue.
2817 4255 2835 4287 ι

2147 4325 2292 4394 Quid
2326 4327 2430 4382 hoc
2461 4334 2578 4392 est,
2624 4328 2836 4381 initium
2868 4327 3225 4382 substantia?
3250 4327 3414 4384 Fides
3451 4332 3666 4402 utique,

2073 4435 2174 4492 per
2199 4436 2390 4492 quam,
2424 4429 2484 4476 ut
2510 4421 2635 4492 quis
2663 4420 2894 4487 diceret,
2917 4421 3295 4490 constitimus,
3318 4425 3662 4482 exstitimus-

1999 4528 2044 4584 ι)
2073 4528 2182 4585 que
2210 4524 2264 4568 et
2295 4512 2432 4569 salvi
2466 4511 2594 4567 facti
2627 4526 2846 4568 sumus.

2140 4603 2310 4659 Vsus.
2354 4603 2442 4658 16.
2478 4620 2496 4655 ι
2528 4601 2766 4670 Quinam
2796 4602 2945 4658 enim
2976 4603 3279 4662 audientes
3303 4609 3654 4666 exacerbave-

2065 4696 2237 4753 runt?
2273 4716 2292 4749 ι

2137 4789 2324 4843 Allato
2385 4786 2728 4855 testimonio,
2789 4788 3079 4861 subiungit
3144 4790 3659 4863 interrogationem,

2067 4897 2191 4954 quae
2215 4880 2527 4936 claritatem
2575 4879 2738 4935 aﬂ‘ert
2786 4883 3048 4938 orationi.
3091 4882 3470 4960 Quodautem
3503 4886 3661 4951 dicit,

2068 4974 2216 5030 hunc
2271 4987 2498 5029 sensum
2559 4972 2728 5028 habet
2761 4992 2774 5027 :
2807 4973 2893 5028 Illi
2950 4974 3183 5045 perinde
3221 4977 3542 5042 audierunt,
3585 4980 3666 5034 iu-

2068 5067 2226 5136 quit,
2271 5067 2416 5122 sicut
2450 5073 2504 5120 et
2553 5080 2656 5121 nos
2695 5065 3046 5134 audivimus;
3080 5075 3136 5122 at
3161 5068 3300 5123 nihil
3347 5070 3475 5124 inde
3509 5087 3661 5126 emo-

2069 5161 2302 5216 lumenti
2339 5168 2734 5231 perceperunt.
2777 5158 2858 5216 Ne
2891 5160 3229 5219 existimetis
3277 5178 3412 5234 ergo
3467 5165 3662 5219 utilem

2067 5251 2223 5308 vobis
2258 5252 2376 5306 fore
2425 5249 2833 5321 praedicationis
2885 5250 3177 5318 auditum;
3207 5254 3661 5324 quandoquidem

2068 5344 2148 5399 illi
2173 5360 2394 5415 quoque
2426 5345 2724 5399 audierunt
2756 5383 2772 5408 ,
2810 5343 2907 5398 sed
2939 5345 3076 5398 nihil
3105 5345 3242 5415 ipsis
3284 5346 3388 5401 hoc
3431 5345 3660 5415 profuit,

2067 5436 2195 5508 quia
2229 5453 2339 5491 non
2368 5437 2749 5492 crediderunt.

2143 5549 2162 5582 ι
2196 5528 2305 5584 Sed
2347 5544 2457 5583 non
2496 5530 2740 5584 universi
2775 5531 2869 5601 qui
2897 5529 3130 5600 profecti
3164 5538 3388 5586 suntex
3423 5528 3662 5602 Egyrto

2068 5638 2165 5692 per
2205 5621 2451 5693 Moysen.
2494 5639 2512 5673 ι

2137 5715 2301 5771 Caleb
2327 5722 2384 5770 ct
2408 5712 2574 5769 Josuc
2606 5713 2804 5769 innuit.

2144 5807 2309 5864 Vens.
2346 5809 2433 5874 17,
2474 5807 2559 5864 18.
2599 5828 2616 5860 ι
2656 5809 2870 5876 Quibus
2907 5816 3090 5866 autem
3126 5809 3371 5866 oﬂ‘ensus
3395 5816 3476 5867 est
3515 5824 3654 5882 qua-
