4048 6380
498 282 602 350 947

1697 304 1758 364 S.
1799 304 1987 366 JOAN
1995 309 2042 367 N
2049 308 2130 367 IS
2170 311 2610 376 DAMASCEN’I

3656 344 3746 413 948

499 399 758 471 draginta
790 401 997 460 annis?
1035 417 1220 461 nonne
1252 404 1362 462 illis
1390 407 1486 478 qui
1515 421 1916 478 peccaverunt,
1947 429 2072 486 quu-

499 506 620 521 nnm
658 493 924 521 ηηλη..Α-.ι
957 505 1236 521 ..-ιι-ι.....-
1286 509 1410 521 -.....
1464 499 1515 521 ε..
1574 500 1830 521 J-_-_.Ao
1879 504 1919 521 Α
1970 505 2001 521 -ι

2189 421 2302 521 τοῖς
2330 419 2720 521 αμαρτήσασιν
2744 462 2759 488 ,
2786 415 2860 479 ὧν
2882 425 2952 481 τὰ
2975 427 3125 482 κῶλα
3147 428 3346 487 ἔπεσεν
3372 435 3430 491 ὲν
3452 441 3514 511 τῇ
3543 399 3746 521 ipf)

497 506 621 547 rum
657 493 927 551 cadavera
955 505 1241 566 prostrata
1284 509 1415 553 sunt
1463 499 1519 555 in
1567 500 1830 560 deserto?
1876 504 2092 570 Quibus

2198 510 2321 563 Τίσι
2349 510 2407 564 δὲ
2434 511 2618 583 ὤμοσε
2649 513 2727 587 μὴ
2757 517 3168 575 εἰσελεύσεσθαι
3203 524 3284 588 εἰς
3305 527 3403 596 τὴν

497 591 679 636 autem
709 582 920 654 juravit
952 601 1064 641 non
1096 586 1330 643 introire
1373 588 1428 643 in
1459 591 1712 660 requiem
1750 591 1947 663 ipsius,
1983 595 2070 651 nis

497 674 604 698 2112..
647 677 734 698 ..-.:
775 677 1041 698 :_,__-.‘I,AI!
1084 679 1165 698 ne,
1285 681 1341 698 .n
1435 689 1448 698 ι
1533 683 1583 698 ιι
1895 686 1907 698 ο

2196 601 2382 668 αὑτοῦ,
2426 582 2582 677 εἰμὴ
2608 582 2726 670 τοῖς
2745 609 3112 682 ἁπειθήσασι;
3152 582 3756 698 καὶ

496 674 608 728 illis
643 677 735 743 qui
774 677 1042 733 increduli
1082 679 1346 736 fuerunt?
1398 689 1455 737 et
1493 683 1777 750 videmus,
1813 686 1948 756 quia
1976 702 2090 744 non

496 777 792 837 potuerunt
821 769 1054 827 introire
1083 786 1308 846 propter
1349 775 1814 834 incredulitatem.
1859 798 1882 836 ι

1158 866 1310 922 CAP.
1347 867 1438 922 Ν.

564 951 730 1007 Vens.
768 954 882 1009 1-7.
931 973 953 1008 ‹
994 956 1309 1016 Timeamus
1361 976 1491 1032 ergo
1541 977 1610 1018 ne
1659 961 1801 1020 forte
1830 1004 1844 1030 ,
1894 964 2089 1020 relicta

492 1045 891 1114 pollicitatione
923 1050 1238 1108 introeundi
1268 1052 1322 1106 in
1354 1055 1602 1122 requiem
1643 1054 1786 1126 ejus,
1807 1055 2089 1113 existime-

492 1147 584 1192 tur
611 1139 811 1210 aliquis
854 1157 921 1196 ει
952 1144 1108 1200 vobis
1163 1144 1373 1201 deesse.
1409 1145 1624 1202 Etenim
1653 1155 1710 1206 et
1750 1147 1912 1204 nobis
1942 1162 2085 1202 nun-

492 1229 688 1284 tiatum
720 1241 826 1300 cst,
859 1235 1324 1304 quemadmodum
1353 1247 1406 1294 et
1428 1239 1540 1294 illis
1568 1257 1582 1307 ;
1616 1240 1709 1296 sed
1738 1256 1846 1295 non
1878 1239 2088 1310 profuit

493 1323 604 1380 illis
635 1339 816 1380 sermo
845 1327 1086 1393 auditus,
1106 1344 1216 1386 non
1243 1329 1500 1388 admistis
1529 1331 1653 1389 ﬁdei
1687 1332 1754 1389 iis
1778 1332 1869 1403 qui
1899 1333 2087 1389 audiet-

491 1426 640 1473 runt.
677 1436 697 1469 ι

567 1527 585 1560 ι
627 1509 971 1580 Ingredimur
997 1528 1128 1585 ergo
1155 1513 1210 1568 in
1261 1513 1507 1584 requiem
1528 1553 1545 1581 ,
1577 1514 1673 1585 qui
1700 1512 2080 1581 credidimus;

490 1605 950 1670 quemadmodum
981 1607 1119 1664 dixit
1153 1627 1166 1662 :
1211 1608 1366 1666 Sicut
1390 1609 1572 1678 juravi
1611 1610 1666 1664 in
1700 1610 1783 1663 ira
1817 1622 1936 1664 mea
1976 1626 1989 1662 :
2023 1605 2080 1662 Si

489 1696 800 1752 introibunt
828 1698 886 1754 in
921 1701 1170 1770 requiem
1204 1717 1426 1766 meam;
1467 1711 1524 1758 et
1554 1702 1782 1773 quidem
1809 1701 2076 1772 cperibus

2194 694 2542 774 ἠδυνήθησαν
2567 699 2833 755 εἰσελθεῖν
2852 744 2868 769 ,
2901 701 2992 760 διὰ
3022 706 3307 767 ἀπιστίαν.
3349 729 3372 771 ι

2801 883 3053 938 ΚΕΦΑΛ.
3095 885 3168 938 Δ’.

2268 989 2288 1022 ι
2328 972 2660 1045 Φοδηθῶμεν
2691 969 2787 1030 οὖν
2817 977 3036 1048 μήποτε
3077 977 3555 1053 καταλειπομένης
3593 985 3750 1058 ἐπαγ-

2191 1063 2377 1132 γελίας
2407 1066 2672 1122 εἰσελθεῖν
2691 1069 2774 1133 εἰς
2805 1068 2904 1140 τὴν
2931 1070 3281 1126 κατάπαυσιν
3309 1072 3496 1140 αὑτοῦ,
3530 1075 3651 1149 δοκῇ
3678 1097 3752 1146 τις-

2190 1155 2252 1220 ὲξ
2278 1157 2431 1227 ὑμῶν
2463 1158 2847 1230 ὑστερηκέναι.
2881 1162 2996 1216 Καὶ
3029 1162 3141 1235 γὰρ
3175 1163 3344 1234 ἐσμὲν
3383 1167 3752 1241 εὐηγγελισμέ-

2190 1265 2303 1312 νοι,
2336 1248 2593 1322 καθάπερ
2636 1252 2902 1320 κάκεῖνοι,
2934 1253 3051 1308 ἀλλ’
3101 1254 3208 1308 οὐκ
3235 1255 3520 1326 ὠφέλησεν
3551 1261 3579 1313 ὀ
3611 1260 3752 1331 λόγος

2186 1341 2286 1407 τῆς
2321 1342 2492 1415 ἀκοῆς
2531 1344 2803 1415 ἐκείνουςι
2844 1347 2921 1419 μὴ
2963 1331 3452 1420 συγκεκραμένους
3481 1352 3548 1421 τῇ
3589 1351 3756 1415 πίστει

2188 1431 2300 1494 τοῖς
2328 1432 2630 1486 ἀκούσασιν
2657 1434 2754 1505 (9).
2795 1454 2814 1486 ι

2263 1542 2282 1575 ι
2323 1523 2701 1597 Εἰσερχόμεθα
2728 1527 2836 1600 γὰρ
2861 1529 2945 1592 εἰς
2971 1528 3072 1600 τὴν
3093 1530 3444 1586 κατάπαυσιν
3470 1531 3519 1584 οἰ
3550 1532 3752 1586 πιστεύ-

2187 1633 2398 1684 σαντες,
2436 1617 2618 1682 καθὼς
2639 1619 2866 1693 εἴρηκεν
2887 1636 2902 1655 ⁶
2929 1623 3016 1688 Ὠς
3044 1621 3237 1696 ᾧμοσα
3265 1623 3324 1675 ὲν
3362 1624 3429 1695 τῇ
3460 1621 3596 1695 ὀργῇ
3631 1642 3749 1694 μουο

2185 1710 2248 1764 Εἰ
2285 1710 2684 1768 εἰσελεύσονται
2737 1715 2820 1780 εἰς
2861 1715 2959 1786 τὴν
3017 1717 3366 1770 κατάπαυσίν
3410 1733 3546 1785 μου·
3595 1717 3757 1778 καίτοι

489 1787 557 1839 ab
618 1786 968 1845 institutione
1021 1791 1212 1846 mundi
1265 1791 1552 1862 perfectis.
1612 1791 1760 1846 Dixit
1815 1792 1967 1846 enim
2018 1791 2072 1848 in

2185 1801 2288 1856 τῶν
2331 1801 2509 1875 ἔργων
2546 1806 2655 1860 ἀπὸ
2692 1781 3005 1878 καταϐολῆς
3034 1809 3244 1878 κόσμου
3278 1781 3640 1878 γενηθέντων.
3671 1807 3753 1862 Εἶ-

487 1878 726 1945 quodatn
781 1881 905 1937 loco
959 1883 1027 1940 de
1080 1885 1173 1940 die
1227 1887 1466 1955 septima
1503 1887 1628 1942 sic:
1684 1886 1755 1942 Et
1805 1885 2077 1956 requievit

486 1967 632 2024 Deus
659 1971 750 2026 die
773 1971 1007 2043 septima
1037 1975 1106 2030 ab
1137 1977 1398 2036 omnibus
1438 1979 1715 2049 operibus.
1739 1980 1882 2035 suis.
1924 1977 1988 2032 Et
2019 1977 2074 2032 in

485 2059 596 2116 isto
644 2079 916 2121 rursum:
962 2067 1020 2122 Si
1080 2068 1400 2126 introibunt
1448 2071 1507 2126 in
1563 2072 1809 2142 requiem
1869 2084 2072 2126 meam.

487 2150 759 2221 Quoniam
797 2174 931 2229 ergo
961 2172 1221 2231 superest
1250 2163 1485 2220 introire
1515 2162 1787 2234 quosdam
1805 2163 1860 2218 in
1887 2163 2072 2226 illam;

488 2257 543 2302 et
575 2249 610 2302 ii
644 2249 846 2320 quibus
874 2254 1028 2322 prius
1061 2255 1449 2312 annuntiatum
1466 2266 1572 2322 est,
1594 2273 1702 2312 non
1728 2257 2075 2313 introierunt

481 2347 714 2408 Propter
783 2342 945 2412 235
1005 2344 1492 2415 incredulitatem;
1557 2347 1754 2403 iterum
1814 2346 2079 2402 terminat

483 2429 631 2487 diem
663 2435 977 2502 quemdam,
1015 2435 1212 2502 Hodie,
1235 2438 1289 2492 in
1311 2437 1482 2494 David
1509 2439 1772 2506 dicendo,
1793 2449 1917 2510 post
1947 2451 2072 2498 tan-.-

483 2529 601 2576 tum
640 2527 925 2594 temporis,
982 2529 1130 2584 sicut
1181 2530 1393 2586 dictum
1427 2539 1555 2588 est:
1593 2532 1770 2588 Hodie
1801 2533 1848 2588 si
1881 2547 2070 2589 vocem

481 2614 605 2686 ejus
635 2617 950 2684 audieritis,
980 2605 1151 2677 nolih
1179 2623 1458 2679 obdurare
1484 2625 1654 2680 corda
1685 2633 1893 2680 vestra.
1926 2645 1953 2680 I,

554 2707 837 2765 Undenam
881 2712 984 2768 hoc
1046 2717 1403 2772 maniiestum
1450 2718 1602 2774 erit?
1648 2717 1940 2785 Quoniam,
1985 2718 2072 2773 in-

480 2800 624 2867 quit,
658 2803 830 2874 aliqui
872 2815 1004 2866 sunt
1049 2807 1382 2878 ingressuri.
1411 2811 1489 2863 Illi
1526 2817 1710 2865 autem
1735 2825 1928 2866 omnes
1962 2826 2070 2864 non

480 2893 844 2957 introierunt.
903 2896 1172 2967 Oportere
1227 2911 1411 2956 autem
1441 2902 1677 2973 ingredi,
1717 2913 1772 2958 ct
1801 2903 2078 2972 quosdam.

475 2984 832 3054 ingressuros
889 3003 1038 3056 esse,
1096 2990 1292 3047 audire
1317 2993 1476 3063 juvat
1510 2993 1660 3050 unde
1687 2997 1797 3051 hoc
1829 3004 2068 3051 constet.

478 3075 613 3135 Post
649 3087 729 3132 tot
757 3093 958 3146 annos,
1003 3082 1207 3152 inquit,
1232 3084 1402 3141 David
1431 3086 1630 3144 iterum
1661 3088 1798 3152 dicit
1827 3107 1839 3141 :
1878 3088 2068 3154 'Hodie

478 3168 527 3220 si
563 3184 734 3234 vocem
756 3170 870 3237 ejus
904 3171 1182 3229 audieritis
1212 3177 1280 3230 “°.

553 3267 719 3326 Vsus.
749 3272 804 3326 8.
831 3283 862 3326 ἰ
910 3271 1044 3329 Nam
1093 3277 1139 3332 si
1189 3277 1270 3332 eis
1299 3276 1464 3340 J-esus
1504 3278 1750 3350 requiem
1779 3280 2069 3351 praestitis-

479 3370 586 3424 set,
625 3379 911 3435 nunquam
944 3367 1012 3423 de
1043 3369 1148 3423 alia
1189 3371 1512 3441 loqueretur
1547 3373 1779 3441 posthac
1810 3372 1918 3429 die.
1955 3393 1976 3425 ι

549 3453 819 3512 Nimirum
855 3459 970 3514 haec
1023 3460 1103 3514 ait
1132 3503 1146 3527 ,
1177 3469 1438 3534 tanquam
1470 3463 1726 3518 nonnulli
1759 3465 2067 3523 mercedem

475 3549 713 3620 aliquam
742 3558 932 3608 essent
965 3556 1321 3624 reportaturi.

549 3642 688 3698 Cum
720 3646 869 3699 enim
908 3645 1068 3701 ﬁdem
1114 3663 1225 3701 non
1278 3647 1626 3713 admiserint,
1683 3665 1863 3720 neque
1892 3650 2068 3708 intro-

475 3734 661 3790 ierunt
689 3735 742 3789 in
777 3737 1056 3806 requiem.

551 3827 722 3883 Vsus.
756 3827 808 3883 9.
843 3847 860 3882 ι
899 3829 1069 3901 igitur
1103 3832 1442 3904 relinquitur
1466 3834 1841 3892 sabbatismus
1866 3835 2068 3908 populo

473 3916 590 3973 Dei.
631 3935 652 3972 ι

545 4009 611 4064 Ει
642 4011 787 4066 unde
817 4010 922 4066 hoc
956 4015 1215 4069 constat?
1235 4013 1312 4069 Ex
1333 4029 1400 4070 eo
1423 4015 1568 4087 quod
1595 4017 1960 4088 denuntiavit,
1987 4021 2066 4078 Ne

477 4101 830 4159 obduraretis
857 4106 1028 4163 corda
1055 4115 1258 4162 vestra.
1288 4090 1572 4178 Siquidem
1618 4111 1767 4166 enim
1799 4113 2066 4170 sabbatis.

474 4210 598 4250 mus
618 4210 728 4250 non
759 4194 974 4262 fuisset,
997 4213 1344 4270 nequaquam
1368 4201 1484 4260 haec
1509 4202 1831 4259 denuntiata
1855 4217 2064 4260 essent.

470 4284 732 4355 Apposite
751 4301 884 4342 vero
899 4303 1008 4342 non
1032 4287 1187 4356 dicit,
1220 4291 1628 4362 requiem,sed,
1655 4294 2061 4360 aabbatismum,

475 4379 697 4448 proprio
732 4381 972 4449 nomine,
1006 4383 1075 4438 ad
1106 4399 1269 4453 quem
1307 4399 1475 4441 cursu
1510 4386 1904 4456 properabant.
1925 4387 2064 4443 Sab—

472 4467 765 4524 batismum
788 4480 974 4527 autem
1014 4488 1244 4546 regnum
1281 4475 1375 4532 Dei
1413 4476 1676 4546 appellat.

543 4560 928 4620 Sabbatismus
975 4579 1108 4637 ergo
1163 4569 1472 4637 spiritualis
1505 4579 1566 4626 et
1590 4586 1756 4626 verus
1810 4581 1894 4628 est
1923 4581 2065 4628 tem-

469 4667 573 4721 pus
595 4654 867 4711 adventus
897 4654 1223 4714 Salvatoris.

541 4741 709 4802 Vens.
742 4748 832 4814 10,
856 4748 942 4803 il.
964 4768 982 4800 ι
1012 4751 1116 4816 Qui
1149 4753 1296 4808 enim
1319 4751 1608 4823 ingressus
1633 4755 1793 4810 estin
1814 4756 2062 4826 requiem

470 4849 645 4901 Sttam,
677 4839 848 4892 etiam
866 4841 998 4912 ipse
1044 4845 1314 4913 requievit
1345 4846 1416 4901 ab
1440 4846 1704 4916 operibus
1735 4846 1876 4913 suis;
1911 4848 2061 4904 sicut

468 4941 498 4979 a
519 4927 640 4982 suis
672 4929 835 4986 Deus.
870 4931 1221 4994 Festinamus
1245 4951 1377 5006 ergo
1409 4938 1622 5009 ingredi
1670 4939 1726 4994 in
1763 4941 1915 4995 illam
1969 4957 2059 4998 re-

467 5019 676 5090 quiem,
711 5032 772 5076 ιιι
803 5037 870 5077 ne
895 5024 953 5085 in
987 5025 1228 5098 idip‘sum
1257 5031 1384 5098 quis
1408 5032 1617 5088 incidat
1647 5033 1956 5104 exemplum
1980 5033 2061 5089 in-

467 5111 736 5166 eredulita
747 5115 837 5170 tis.
883 5134 903 5172 ι
1353 5149 1356 5152 -
1920 5170 1923 5172 ,

539 5200 1036 5274 Quemadmodum,
1069 5208 1269 5279 inquit,
1300 5211 1441 5272 Deus
1467 5217 1740 5286 requievit
1770 5219 1842 5274 ab
1872 5220 2060 5291 operi-

468 5292 572 5353 bus
593 5296 734 5363 suis,
760 5297 842 5354 sic
871 5310 925 5355 et
965 5301 1057 5356 ille
1083 5304 1176 5372 qui
1202 5304 1258 5358 in
1300 5308 1546 5377 requiem
1593 5324 1748 5365 suam
1785 5312 2056 5368 introivit.

467 5385 604 5447 Nam
639 5390 770 5460 quia
805 5391 873 5448 de
897 5395 1313 5454 resurrectione
1335 5399 1602 5471 loquitur,
1633 5411 1798 5476 atque
1827 5405 2062 5462 hoc-au-

510 5572 555 5613 “
584 5573 730 5629 Psal.
761 5590 902 5641 xcrv,
942 5577 994 5632 8.

2180 1909 2316 1966 ρηκε
2340 1896 2450 1968 γάρ
2480 1915 2583 1952 που
2610 1899 2743 1970 περὶ
2769 1899 2870 1971 τῆς
2892 1899 3132 1972 ἕϐδόμης
3151 1899 3294 1954 οὕτω
3313 1915 3329 1928 '
3362 1900 3475 1954 Καὶ
3499 1899 3754 1955 κατέπαυ-

2180 2001 2271 2038 σεν
2305 1987 2334 2040 ὁ
2370 1987 2503 2052 Θεὸς
2530 1991 2588 2043 έν
2612 1992 2678 2061 τῇ
2713 1990 2898 2063 ἡμέρα
2923 1993 2991 2064 τῇ
3025 1989 3234 2062 ἑϐδόμῃ
3273 1989 3386 2043 ἀπὸ
3415 1990 3632 2044 πάντων
3657 1989 3766 2044 τῶν.

2178 2074 2353 2148 ἔργων
2387 2079 2554 2134 αὑτοῦ
2573 2097 2588 2113 ο
2618 2081 2713 2136 καὶ
2751 2082 2811 2137 ἐν
2841 2081 3017 2154 τούτῳ
3049 2082 3210 2140 πάλιν
3231 2098 3245 2112 ·
3283 2081 3354 2137 Εἰ
3377 2079 3756 2135 εἰσελεύσονται

2178 2172 2258 2235 εἰς
2279 2172 2378 2243 τὴν
2402 2173 2748 2228 κατάπαυσίν
2774 2191 2898 2245 μου.
2933 2174 3087 2229 Ἐπεὶ
3111 2169 3205 2228 οὖν
3232 2171 3597 2228 ἀπολείπεταί
3620 2188 3762 2236 τινας,

2176 2263 2439 2326 εἰσελθεῖν
2469 2268 2548 2330 εἰς
2572 2267 2767 2339 αὐτὴν,
2792 2268 2887 2321 καὶ
2914 2269 2963 2323 οἱ
2990 2267 3259 2338 πρότερον
3285 2264 3760 2336 εὐαγγελισθέντες,

2175 2357 2276 2416 οὐκ
2310 2358 2558 2430 εἰσῆλθον
2590 2359 2658 2415 δι’
2689 2360 3014 2430 ἀπείθειαν,
3047 2360 3209 2416 πάλιν
3243 2359 3374 2414 τινὰ
3413 2356 3589 2430 ὁρίζει
3633 2357 3757 2427 ἡμέδ

2177 2468 2307 2524 ραν»
2344 2454 2624 2526 Σήμερον.
2660 2457 2718 2513 έν
2751 2455 2918 2512 Δαὸἰδ
2953 2455 3127 2524 λέγων
3172 2453 3316 2525 μετὰ
3363 2449 3616 2506 τοσοῦτον
3644 2449 3755 2521 χρό-

2175 2563 2298 2610 νον,
2336 2547 2518 2613 καθὼς
2549 2549 2800 2620 εἴρηται·
2823 2549 3072 2620 Σήμερον
3111 2546 3208 2600 ἐὰν
3246 2549 3354 2618 τῆς
3395 2543 3579 2613 φωνῆς
3607 2539 3754 2595 αὑτοῦ

2174 2637 2477 2708 ἀκούσητε,
2511 2638 2587 2710 μὴ
2618 2638 2958 2712 σκληρύνητε
2995 2638 3094 2702 τὰς
3126 2637 3362 2710 καρδίας
3392 2635 3570 2706 ὑμῶν.
3606 2651 3625 2686 ι

2250 2731 2419 2786 Πόθεν
2441 2732 2601 2787 τοῦτο
2625 2733 2783 2802 δῆλον
2806 2751 2821 2798 ;
2841 2731 3032 2802 ἐπειδὴ
3083 2729 3372 2800 ὀφείλουσι
3401 2727 3762 2798 τινες,φησίν,,

2177 2824 2465 2891 εἰσελθεῖν,
2511 2825 2712 2896 πάντες
2766 2825 2823 2878 δὲ
2853 2825 3053 2879 ἐκεῖνοι
3079 2824 3181 2878 οὐκ
3215 2821 3498 2892 εἰσῆλθον.
3537 2819 3656 2880 Ὅτι
3705 2816 3756 2870 δὲ

2181 2911 2446 2967 εἰσελθεῖν
2479 2911 2606 2984 χρὴ,
2640 2914 2736 2967 καὶ
2789 2913 2870 2967 δεῖ
2915 2931 3068 2976 τινας
3095 2911 3394 2975 εἰσελθεῖν,
3447 2909 3767 2975 ἀκούσωμεν.

2174 3004 2340 3058 πόθεν
2387 3006 2546 3059 τοῦτο
2578 3005 2758 3077 δῆλον.
2798 3005 2958 3060 Μετὰ
2997 3003 3239 3058 τοσαῦτα
3279 3002 3407 3074 ἐτη,
3437 2999 3592 3072 φησὶ,
3624 2998 3758 3066 λέγει

2093 3145 2136 3204 c
2175 3098 2338 3153 πάλιν
2369 3101 2400 3153 ὁ
2444 3097 2632 3163 Δαὸὶδ,
2694 3099 2988 3169 Σήμερον,
3033 3096 3146 3158 ἐὰν
3178 3093 3290 3164 τῆς
3345 3091 3559 3165 φωνῆς
3585 3087 3757 3144 αὐτοῦ

2169 3189 2493 3258 ἀκούσητε.

2247 3303 2266 3334 ‹
2306 3281 2369 3337 Εἰ
2399 3283 2730 3355 γὰραύτοὺς
2772 3280 2982 3352 Ἰησοῦς
3015 3279 3395 3345 κατέπαυσεν,
3417 3277 3524 3344 οὐκ
3551 3277 3618 3331 ἂν
3644 3269 3764 3343 περὶ

2169 3372 2338 3444 ἄλλης
2363 3375 2542 3429 ἐλάλει
2580 3375 2722 3446 μετὰ
2748 3373 2922 3429 ταῦτα
2952 3372 3190 3444 ἡμέρας.
3236 3389 3255 3421 ι

2241 3465 2518 3535 Δηλονότι,
2557 3465 2634 3530 ὡς
2697 3465 3005 3536 μελλόντων
3059 3458 3577 3528 τινῶντεύξασθαί
3630 3470 3769 3521 τινος¹

2171 3556 2429 3627 ἀμοιϐῆς,
2455 3557 2631 3612 ταῦτά
2663 3575 2850 3628 φησιν.

2247 3650 2323 3703 Ού
2360 3650 2468 3721 γὰρ
2490 3649 2741 3718 εἰσῆλθον
2783 3650 2864 3712 εἰς
2911 3649 3012 3718 τὴν
3041 3648 3400 3701 κατάπαυσιν
3432 3643 3624 3709 αὐτοῦ,
3673 3637 3760 3708 τὴν

2171 3743 2355 3802 πίστιν
2384 3742 2444 3794 οὐ
2484 3741 2922 3812 προσηκάμενοι.
3587 3822 3614 3832 _
3734 3816 3757 3832 η

2249 3854 2274 3886 ι.
2313 3835 2457 3906 Ἀρα
2510 3834 2868 3887 ἀπολείπεται
2924 3828 3302 3899 σαϐὁεατισμὸς
3359 3827 3441 3910 τῷ
3510 3822 3626 3896 λαῷ
3677 3822 3771 3884 τοῦ.

2168 3928 2329 3986 Θεοῦ.
2366 3947 2384 3978 ι
2827 3913 2837 3928 ’

2238 4021 2351 4075 Καὶ
2368 4019 2533 4076 πόθεν
2550 4018 2711 4090 δῆλον
2731 4035 2746 4085 ;
2777 4016 2873 4072 Ἐκ
2900 4015 2996 4069 τοῦ
3027 4013 3460 4086 παραγγέλλειν,
3484 4009 3583 4082 Μὴ
3606 4007 3764 4077 σκλη-

2170 4115 2370 4186 ρύνητε
2391 4113 2493 4176 τὰς
2523 4111 2748 4183 καρδίας
2782 4108 2958 4180 ὑμῶν.
2994 4107 3069 4162 Ού
3101 4106 3317 4206 γὰρ,
3351 4106 3430 4206 μὴ
3464 4099 3763 4206 ἦνισαδϐαῖ

2166 4207 2384 4278 τισμὸς,
2421 4203 2596 4260 ταῦτα
2627 4203 2691 4260 ού
2737 4199 3207 4273 παρηγγέλλοντο.
3243 4195 3320 4252 Εὖ
3353 4198 3417 4252 δὲ
3473 4195 3572 4250 καὶ
3603 4195 3661 4247 τδ
3697 4195 3773 4260 μὴ

2167 4297 2516 4354 κατάπαυσιν
2559 4297 2758 4360 εἰπεῖν,
2789 4292 2925 4348 ἀλλὰ
2954 4289 3404 4360 σαϐϐατισμὸν,
3453 4289 3519 4343 τὸ
3571 4284 3764 4340 οἰκεῖον

2165 4391 2360 4460 δνομα,
2389 4389 2485 4444 καὶ
2512 4383 2558 4457 ᾧ
2583 4387 2905 4460 ἐπέτρεχον.
2938 4382 3326 4454 Σαϐϐατισμὸν
3370 4382 3454 4452 δὲ,
3489 4380 3594 4451 τὴν
3625 4377 3766 4450 βασι·

2094 4488 2141 4547 n
2167 4483 2314 4536 λείαν
2339 4481 2514 4535 καλεῖ.

2243 4570 2627 4641 Σαϐϐατισμὸς
2651 4565 2746 4623 οὖν
2773 4568 2884 4640 ἄρα
2916 4567 3103 4640 νοητὸς
3130 4567 3227 4622 καὶ
3267 4563 3514 4638 ἀληθὴς,
3549 4562 3652 4635 τῆς
3680 4556 3769 4626 τοῦ,

2169 4665 2423 4735 Σωτῆρος
2454 4662 2612 4734 ἡμῶν
2641 4660 2942 4732 ἐπιδημίας
2967 4659 3179 4730 καιρός.

2245 4778 2262 4810 ι
2307 4757 2366 4811 '0
2397 4756 2508 4828 γὰρ
2528 4755 2788 4818 εἰσελθὼν
2814 4756 2895 4818 εἰς
2933 4755 3037 4824 τὴν
3073 4751 3436 4807 κατάπαυσιν
3458 4751 3654 4817 αὑτοῦ,
3681 4747 3767 4804 καὶ

2167 4850 2330 4912 αὐτὸς
2351 4849 2702 4904 κατέπαυσεν
2736 4847 2845 4902 ἀπὸ
2867 4848 2974 4901 τῶν
3001 4845 3184 4918 ἔργων
3204 4844 3404 4911 αὐτοῦ,
3438 4845 3638 4916 ὥσπερ
3670 4841 3766 4897 ἀπὸ

2165 4943 2276 5000 τῶν
2317 4942 2464 5002 ἰδίων
2495 4945 2524 4996 ό
2575 4941 2732 5004 Θεός.
2767 4939 3166 5010 Σπουδάσωμεν
3219 4933 3314 4992 οὖν
3365 4939 3647 4994 εἰσελθεῖν
3697 4935 3768 4998 εἰς

2166 5034 2385 5105 ἐκείνην
2417 5035 2516 5104 τὴν
2547 5032 2918 5095 κατάπαυσιν,
2936 5031 3022 5084 ἵνα
3055 5029 3130 5101 μὴ
3162 5031 3220 5084 ὲν
3247 5029 3330 5101 τῷ
3353 5030 3516 5102 αὺτῷ
3545 5047 3627 5098 τις
3649 5029 3770 5082 ὐπο-

2166 5127 2421 5198 δείγματι
2453 5125 2594 5198 πέσῃ
2626 5125 2728 5197 τῆς
2751 5124 3058 5187 ἀπειθείας.
3093 5142 3111 5175 ι

2242 5221 2458 5292 ’Ὠσπερ
2498 5221 2527 5274 ό
2555 5218 2714 5284 Θεὸς,
2747 5217 2902 5288 φησὶ,
2937 5215 3285 5271 κατέπαυσεν
3310 5214 3434 5269 ἀπὸ
3463 5214 3578 5269 τῶν
3601 5214 3771 5285 έργων

2159 5313 2350 5379 αὑτοῦ,
2385 5312 2560 5382 οὕτως
2587 5313 2618 5365 ὁ
2649 5309 2911 5364 εἰσελθὼν
2936 5310 3018 5372 εἰς
3040 5309 3143 5380 τὴν
3167 5306 3543 5366 κατάπαυσιν
3585 5301 3764 5364 αὐτοῦ.

2173 5399 2392 5476 Ἐπειδὴ
2435 5404 2546 5476 γὰρ
2603 5404 2734 5475 περὶ
2778 5401 3133 5466 ἀναστάσεως
3170 5402 3198 5456 ὁ
3228 5399 3420 5472 λόγος,
3463 5400 3566 5458 καὶ
3619 5396 3770 5456 τοῦτο

2015 5668 2246 5725 NOTAE.

546 5764 620 5834 (9.)
659 5761 876 5824 Omissa
912 5780 942 5820 a
977 5764 1211 5827 librario
1243 5772 1328 5821 est
1359 5763 1955 5837 textusantecedcntis
1991 5763 2392 5840 interpretatio.
