4048 6408
317 357 424 420 949

1493 358 1579 450 _IN
1607 357 1844 419 EPIST.
1879 357 1980 418 AD
2012 358 2408 420 HEBRIEOS.

3485 357 3592 422 950

318 464 634 534 ἐπεθύμουν
673 461 928 528 ἀκοῦσαι,
959 463 1085 515 πότε
1120 461 1296 526 ἔσται,
1336 463 1416 527 είς
1441 463 1600 518 τοῦτο
1630 465 1720 518 τὸν
1749 465 1907 535 λόγον
1937 521 1939 528 ,

2055 467 2134 522 ire
2156 465 2576 538 percupiebant,
2605 467 2957 537 quandonam
2986 475 3130 523 esset
3154 465 3362 532 futura,
3391 478 3596 519 sermo-

316 556 638 614 κατέκλεισε
649 594 663 609 .

395 669 416 702 ι
449 650 567 704 Ζῶν
587 648 700 720 γὰρ
728 649 756 703 ὁ
794 648 952 717 λόγος
985 646 1080 701 τοῦ
1116 645 1275 715 Θεοῦ,
1299 647 1394 702 καὶ
1424 649 1678 722 ἐνεργὴς,
1699 651 1793 706 καὶ
1820 669 1907 707 το.

319 742 567 815 μὼσερος
586 742 728 813 ὑπὲρ
752 743 933 795 πᾶσαν
957 740 1236 812 μάχαιραν
1257 741 1532 814 δίστομον,
1557 746 1650 800 καὶ
1667 743 1908 800 διικνού-

321 853 488 908 μενος
515 837 644 907 ἄχρι
678 833 950 906 μερισμοῦ
981 832 1162 904 ψυχῆς
1193 850 1254 888 τε
1295 836 1396 888 καὶ
1443 836 1777 907 πνεύματος,
1809 839 1914 909 ἁρ-

320 927 442 1001 μῶν
471 944 534 978 τε
556 925 650 981 καὶ
686 923 923 996 μυελῶν,
972 923 1070 980 καὶ
1127 925 1372 995 κριτικὸς
1425 927 1776 1000 ἐνθυμήσεων
1814 928 1911 984 καὶ

319 1016 550 1070 ἐννοιῶν
611 1015 862 1087 καρδίας.
896 1013 1010 1068 Καὶ
1059 1014 1161 1068 οὐκ
1191 1013 1307 1069 εστι
1334 1016 1513 1082 κτίσις
1561 1020 1775 1091 ἀφανὴς
1821 1021 1910 1075 ἐν·

320 1111 497 1164 ὠπιον
526 1107 716 1175 αὑτοῦ,
759 1109 938 1163 πάντα
979 1108 1036 1162 δὲ
1082 1108 1266 1180 γυμνὰ
1300 1111 1395 1165 καὶ
1439 1113 1912 1186 τετραχηλισμένα

317 1205 436 1266 τοῖς
461 1195 764 1272 ὀφθαλμοῖς
790 1200 976 1256 αὑτοῦ.
1012 1221 1033 1253 ι

395 1298 516 1352 Ἵνα
557 1297 632 1368 μὴ
677 1297 880 1370 νομίσῃ
907 1315 1014 1366 τις,
1047 1299 1128 1354 ὅτι
1163 1299 1350 1364 ἁπλῶς
1380 1301 1478 1370 τῆς
1512 1299 1912 1365 καταπαύσεως
1961 1373 1965 1377 _

321 1389 840 1461 ἀποστερηθήσεται
871 1390 1054 1460 μόνον,
1079 1392 1276 1460 ἐπάγει
1308 1392 1401 1446 καὶ
1437 1393 1678 1446 κόλασιν.

405 1499 426 1533 ι
460 1480 605 1552 Πρὸς
651 1481 710 1532 ὃν
741 1481 875 1550 ἡμῖν
921 1482 951 1534 ὁ
977 1480 1158 1550 λόγος.
1211 1481 1468 1552 Ἔχοντες
1495 1476 1590 1535 οὖν
1629 1480 1916 1552 Ἀρχιερέα

327 1575 526 1646 μέγαν,
552 1571 905 1644 διεληλυθότα
940 1574 1071 1640 τοὺς
1097 1574 1384 1646 οὐρανοὺς,
1422 1572 1633 1645 Ἰησοῦν
1663 1577 1758 1627 τὸν
1787 1573 1916 1629 Υἰὸν

321 1665 426 1720 τοῦ
453 1665 610 1720 Θεοῦ.
647 1683 666 1716 ι

405 1757 581 1826 οὕτω,
619 1759 806 1830 φησὶν,
831 1758 1034 1830 ἔχομεν
1058 1758 1242 1814 δοῦναι
1278 1758 1381 1823 τὰς
1414 1757 1647 1823 εὐθύνας
1685 1757 1796 1814 τῶν
1821 1776 1917 1814 πε-

328 1850 686 1922 πραγμένων.

411 1963 432 1995 ι
471 1942 780 2014 Κρατῶμεν
812 1942 916 2013 τῆς
949 1942 1265 2012 ὁμολογίας.
1303 1962 1326 1996 ι

401 2034 514 2088 Καὶ
564 2033 725 2090 ποίαν
769 2034 1060 2106 ὁμολογίαν
1099 2034 1250 2104 λέγει
1279 2053 1293 2102 ;
1319 2035 1446 2091 Ὅτι
1481 2036 1782 2102 ἀνάστασις
1827 2037 1924 2091 καὶ

325 2125 714 2191 ἀνταπόδοσις,
742 2128 839 2180 καὶ
859 2127 944 2180 ὅτι
962 2126 1096 2191 Θεὸς
1125 2129 1154 2180 ὁ
1179 2128 1416 2198 Χριστός
1439 2129 1608 2183 ἐστιν.

410 2235 430 2268 ι
467 2217 542 2270 Οὐ
565 2216 678 2288 γὰρ
702 2217 902 2289 ἔχομεν
957 2218 1244 2290 Ἀρχιερέα
1275 2218 1351 2290 μὴ
1374 2219 1675 2292 δυνάμενον
1705 2237 1926 2291 συμπα-

331 2309 504 2379 θῆσαι
533 2313 656 2373 ταῖς
688 2310 1000 2374 ἀσθενείαις
1019 2311 1202 2382 ἡμῶν,
1233 2312 1680 2382 πεπειρασμένον
1697 2311 1758 2366 δὲ
1784 2310 1928 2366 κατὰ

329 2403 517 2458 πάντα
549 2403 672 2458 καθ’
700 2403 1021 2475 ὁμοιότητα,
1052 2404 1224 2475 χωρὶς
1253 2404 1550 2475 ἁμαρτίας.
1592 2424 1612 2456 ι

410 2585 486 2638 Οὐ
515 2584 621 2655 γάρ
655 2586 792 2649 ἐστι,
827 2584 1012 2655 φησιν,
1044 2585 1256 2654 ἀγνοῶν
1300 2584 1369 2638 τὰ
1399 2585 1662 2657 ἡμέτερα,
1692 2584 1769 2648 ὡς
1795 2583 1928 2638 πολ-

332 2674 425 2730 λοὶ
453 2676 559 2729 τῶν
589 2675 916 2747 ἀρχιερέων,
954 2675 1004 2729 οἶ
1035 2665 1162 2740 τοὺς
1187 2678 1246 2731 ὲν
1265 2678 1386 2741 ταῖς
1411 2676 1658 2747 θλίψεσιν
1679 2675 1780 2730 οὐκ
1809 2676 1930 2730 ίσα-

339 2785 450 2822 σιν.
489 2768 613 2822 Ἐπὶ
639 2769 750 2842 γὰρ
779 2768 1086 2842 ἀνθρώπων
1108 2767 1376 2823 ἀδύνατον
1399 2768 1599 2823 εἰδέναι
1629 2767 1729 2838 τὴν
1750 2766 1932 2821 κάκω-

339 2877 434 2915 σιν
456 2860 552 2915 τοῦ
573 2862 943 2932 κακουμένου,
977 2861 1068 2915 τὸν
1107 2861 1182 2932 μὴ
1211 2862 1409 2932 πεῖραν
1436 2859 1692 2924 λαϐόντα,
1725 2859 1818 2913 καὶ⁵
1845 2857 1934 2912 διὰ

334 2952 456 3010 τῶν
482 2955 764 3026 αἰσθητῶν
799 2954 1046 3010 ἐλθόντα.
1102 2953 1290 3009 Πάντα
1327 2953 1386 3007 δὶ
1411 2952 1645 3019 ὑπέστη,
1686 2951 1875 3033 φησιν,
1905 2952 1934 3004 ὁ

337 3047 666 3120 ’Δρχιερεὺς
703 3051 732 3104 ὁ
779 3049 1074 3120 ἡμέτερος.
1121 3047 1222 3101 Διὰ
1257 3045 1369 3116 γὰρ
1395 3044 1557 3100 τοῦτο
1579 3043 1800 3114 πρῶτον
1828 3044 1933 3097 ὑπ-

340 3140 499 3212 έστη,
538 3140 634 3194 καὶ
661 3141 785 3194 τότε
816 3139 1011 3212 ἀνέϐη,
1045 3140 1133 3193 ἵνα
1164 3138 1392 3209 δύνηται
1433 3135 1764 3208 συμπαθεῖν.

421 3335 442 3370 ι
477 3315 908 3388 Προσερχόμεθα
947 3309 1044 3371 οὖν
1074 3314 1218 3386 μετὰ
1269 3315 1590 3388 παρρησίας
1625 3313 1704 3385 τῷ
1759 3312 1936 3384 θρόνῳ

197 3401 224 3409 ’
338 3409 450 3482 τῆς
477 3412 721 3483 χάριτος,
757 3411 844 3465 ἵνα
871 3410 1128 3482 λάϐωμεν
1159 3410 1331 3465 ἔλεον.
1374 3429 1392 3461 ι

416 3501 619 3574 Θρόνος
644 3502 868 3574 χάριτός
889 3503 1060 3568 ἐστιν,
1075 3501 1138 3556 οὐ
1160 3501 1349 3573 θρόνος
1372 3501 1629 3572 κρίσεως.
1657 3500 1818 3558 ’Ὀλον
1833 3500 1943 3571 γὰρ

341 3597 410 3651 τὸ
447 3598 680 3668 πρᾶγμα
713 3595 998 3666 φιλοτιμία
1023 3595 1165 3660 ἐστὶ,
1198 3595 1292 3648 καὶ
1328 3593 1508 3665 δωρεὰ
1533 3593 1811 3666 βασιλικὴ,
1843 3595 1944 3659 τὰς

342 3688 630 3760 ἁμαρτίας
649 3689 896 3757 ἀφιεῖσα.

430 3799 452 3834 ι
489 3779 601 3834 Καὶ
626 3780 787 3852 χάριν
817 3778 1073 3852 εὕρωμεν
1101 3780 1184 3843 είς
1209 3778 1470 3850 εὔκαιρον
1499 3778 1778 3851 βοήθειαν.
1814 3799 1833 3831 ι

422 3873 541 3929 Νῦν
577 3873 675 3927 ἐὰν
708 3872 1039 3947 προσέλθῃς,
1071 3873 1261 3943 φησὶν,
1289 3871 1436 3944 λήψῃ
1482 3871 1578 3927 καὶ
1615 3871 1800 3944 χάριν,
1855 3871 1948 3926 καὶ

347 3967 530 4023 ἔλεον.
558 3965 851 4037 Εὑκαίρως
879 3964 990 4035 γὰρ
1017 3964 1304 4038 προσέρχῃ
1327 3976 1343 3994 ⁸
1375 3963 1442 4018 ἂν
1469 3963 1528 4018 δὲ
1557 3964 1682 4018 τότε
1718 3963 1949 4036 προσέλ-

348 4062 479 4135 θῃς,
531 4060 739 4115 οὐκέτι.
773 4061 1042 4131 Ἀκαιρος
1073 4059 1184 4131 γὰρ
1219 4057 1346 4112 τότε
1395 4059 1429 4129 ἡ
1470 4057 1786 4128 προσδοκία.
1834 4059 1952 4114 Οὐκ

349 4154 474 4209 ἔστι
507 4151 618 4224 γὰρ
643 4152 766 4206 τότε
794 4151 985 4223 θρόνος
1009 4151 1254 4225 χάριτος,
1297 4150 1436 4206 ἀλλὰ
1463 4150 1654 4221 θρόνος
1689 4150 1946 4222 κρίσεως’

363 4248 622 4302 Ἀνάστα
647 4247 781 4319 γὰρ,
806 4249 840 4300 ό
866 4246 1033 4313 Θεὸς,
1053 4247 1211 4318 φησὶ,
1240 4246 1448 4316 κρῖνον
1474 4246 1589 4315 τὴν
1613 4245 1748 4316 γῆν.
1769 4246 1842 4300 Τὸ
1869 4246 1948 4311 δὲ,

356 4339 511 4410 μετὰ
535 4340 898 4408 παρῤησιάς,
935 4339 1055 4393 ἀντὶ
1087 4339 1204 4405 τοῦ,
1233 4339 1323 4412 μὴ.
1341 4339 1559 4411 ἔχοντες
1587 4340 1828 4404 συνειδὸς
1850 4349 1951 4394 πο-

357 4432 554 4503 νηρὸν,
586 4435 719 4505 μηδὲ
747 4433 1115 4498 διστάζοντες.
1149 4434 1224 4488 Οὐ
1253 4433 1479 4489 δύναται
1503 4434 1612 4506 γὰρ
1652 4433 1791 4504 μετὰ
1809 4437 1951 4508 παῤ-

2009 576 2135 617 nem
2170 561 2237 616 ad
2271 561 2419 615 hunc
2445 559 2668 616 modum
2701 563 2918 616 clausit.

2084 650 2250 708 Vens.
2277 654 2365 719 i2,
2394 653 2483 708 15.
2518 671 2536 705 ι
2564 651 2734 708 Vivus
2756 661 2839 709 cst
2866 654 3012 708 enim
3047 667 3231 709 sermo
3261 651 3375 716 Dei,
3409 658 3464 707 et
3488 650 3601 707 eiii-

2011 757 2135 809 cax,
2164 752 2223 801 et
2257 745 2654 816 penetrabilior
2683 746 2835 800 omni
2875 745 3058 814 gladio
3087 745 3351 815 ancipiti,
3386 755 3437 800 et
3474 759 3600 814 per-

2012 837 2233 910 tingens
2289 853 2468 910 usque
2512 839 2582 893 ad
2621 839 2948 893 divisionem
3006 839 3202 893 anima:
3243 845 3296 893 et
3350 837 3599 907 spiritus.

2014 943 2340 1000 compagum
2384 943 2604 1000 quoque
2665 943 2731 984 ac
2787 927 3190 995 medullarum,
3225 935 3283 981 et
3329 927 3604 982 discretor

2015 1022 2412 1093 cogitationum
2465 1030 2521 1078 et
2572 1021 2942 1078 intentionum
2996 1021 3201 1076 cordis.
3252 1019 3316 1072 Et
3357 1033 3465 1072 non
3521 1026 3607 1072 est

2014 1122 2272 1170 creatura
2291 1115 2590 1171 invisibilis
2616 1115 2673 1170 in
2691 1121 2997 1183 conspectu
3022 1112 3182 1183 ejus:
3207 1109 3394 1166 omnia
3424 1116 3604 1164 autem

2014 1205 2165 1262 nuda
2191 1213 2250 1262 et
2277 1214 2468 1276 aperta
2490 1214 2621 1262 sunt
2644 1205 2825 1261 oculis
2855 1205 2996 1276 ejus.
3032 1222 3052 1256 ι

2084 1296 2164 1355 Ne
2194 1299 2466 1370 quispiam
2509 1299 2810 1354 arbitretur
2875 1297 3078 1352 nudam
3113 1295 3235 1352 fore
3260 1294 3468 1366 requiei
3492 1291 3608 1364 pr-i-

2017 1391 2316 1457 vationem,
2347 1391 2499 1446 addit
2525 1396 2581 1445 et
2604 1389 2957 1462 supplicium.

2097 1501 2116 1535 ι
2156 1482 2234 1538 Ad
2288 1497 2452 1554 quem
2501 1484 2664 1540 nobis
2710 1496 2916 1538 sermo.
2955 1479 3152 1554 [νειε.
3183 1478 3300 1550 14.]
3333 1477 3613 1532 Habentes

2017 1591 2151 1647 ergo
2182 1573 2506 1631 Pontificem
2559 1591 2845 1648 magnum,
2893 1575 2987 1646 qui
3051 1572 3361 1645 penetravit
3415 1571 3610 1634 omlos,

2017 1665 2206 1723 Jesum
2235 1667 2437 1724 Filium
2474 1667 2591 1724 Dei.
2629 1689 2649 1723 ι

2092 1762 2205 1828 Sic,
2226 1761 2716 1833 inquit,rationem
2743 1777 2936 1820 sumus
2959 1757 3233 1817 reddituri
3265 1770 3458 1814 eorum
3489 1767 3613 1827 qua

1949 1857 1992 1914 Β
2019 1854 2373 1926 gesserimus.

2102 1963 2122 1996 ι
2155 1943 2468 2000 Teneamus
2504 1944 2934 2000 confessionem.
2966 1962 2984 1997 ι

2096 2036 2402 2104 Quamnam
2432 2051 2563 2092 vero
2586 2037 2970 2106 confessionem
3001 2031 3340 2100 dicithuod
3367 2043 3608 2086 resurre-

2026 2129 2138 2184 ctio
2164 2129 2260 2196 sit,
2291 2141 2356 2182 ac
2383 2128 2700 2193 retributio,
2733 2136 2789 2183 et
2813 2127 2961 2198 quod
2997 2125 3258 2181 Christus
3283 2123 3354 2179 sit
3376 2121 3539 2177 Deus.

2103 2219 2270 2276 Vens.
2303 2220 2392 2275 15.
2431 2238 2451 2272 ι
2485 2218 2606 2274 Non
2635 2220 2782 2275 enim
2817 2218 3086 2273 habemus
3140 2213 3470 2269 Pontificem
3522 2208 3615 2279 qui

2028 2313 2246 2370 nesciat
2304 2312 2546 2382 compati
2597 2310 3016 2366 inﬁrmitatibus
3062 2310 3310 2374 nostris;
3346 2312 3626 2359 tentatum.

2029 2414 2212 2461 autem
2275 2420 2373 2476 per
2435 2404 2622 2459 omnia
2657 2401 2757 2475 pro
2813 2401 3208 2465 similitudine,
3251 2398 3462 2467 absque
3495 2408 3623 2466 pec-

2030 2505 2173 2553 cato.
2216 2514 2236 2549 ι

2101 2591 2220 2645 Νοη
2275 2591 2422 2648 enim
2479 2596 2800 2644 nostrarum
2853 2585 3078 2642 nescius
3121 2590 3227 2652 est,
3265 2581 3418 2638 velut
3465 2576 3623 2634 multi

2032 2679 2349 2750 pontifices,
2388 2677 2597 2749 quibus
2629 2678 2804 2732 latent
2861 2676 2941 2730 illi
2990 2675 3088 2743 qui
3122 2675 3178 2728 in
3227 2668 3628 2726 aﬂlictionibus

2034 2771 2202 2843 236
2229 2778 2540 2827 versantur.
2566 2767 2705 2824 Nam
2757 2768 2899 2838 apud
2951 2766 3203 2822 homines
3239 2763 3358 2820 fieri
3391 2775 3502 2816 non
3526 2773 3627 2829 po-

2035 2873 2146 2922 test
2182 2873 2243 2919 ut
2269 2864 2392 2935 ejus
2410 2864 2504 2935 qui
2534 2869 2768 2918 vexatur
2808 2857 3159 2916 aﬂlictioncm
3203 2861 3499 2928 pernoscat
3534 2852 3628 2907 ille

2036 2958 2131 3028 qui
2157 2957 2279 3028 ejus
2305 2955 2744 3027 eXperimentum
2785 2967 2898 3008 non
2931 2951 3146 3017 habuit,
3189 2965 3371 3021 neque
3407 2947 3464 3001 in
3498 2958 3627 3000 sen-

2036 3047 2230 3106 sibiies
2273 3049 2618 3103 calamitates
2663 3046 2882 3101 incidit.
2920 3043 3120 3100 Noster
3159 3055 3294 3098 vero
3351 3033 3630 3100 Pontifex,

2039 3144 2238 3215 lnquit,
2263 3140 2452 3197 omnia
2481 3140 2732 3211 pertulit.
2765 3137 2893 3193 Ideo
2916 3136 3062 3193 enim
3100 3135 3256 3206 prius
3285 3128 3532 3204 pertulit,
3567 3140 3631 3180 ac

2044 3243 2174 3291 tunc
2201 3232 2472 3298 ascendit,
2509 3239 2566 3285 ut
2597 3238 2784 3302 posset
2809 3228 3327 3284 commiserascere.

2113 3325 2284 3381 Vens.
2319 3323 2405 3378 16.
2448 3341 2467 3375 ι
2505 3321 2783 3378 Adeamus
2812 3335 2945 3390 ergo
2979 3334 3105 3374 cum
3147 3317 3348 3372 fiducia
3381 3316 3449 3372 ad
3477 3317 3634 3376 thro-

2044 3434 2175 3475 num
2213 3417 2424 3489 gratim,
2462 3426 2524 3469 ut
2551 3411 2995 3469 misericordiam
3020 3423 3451 3478 consequamur.
3497 3428 3516 3462 ι

2115 3509 2318 3565 Gratia:
2350 3508 2590 3560 thronus
2622 3512 2730 3566 est,
2783 3515 2894 3556 non
2928 3497 3152 3569 judicii.
3194 3498 3392 3552 Totum
3429 3497 3633 3567 quippe

2045 3595 2420 3653 muniﬁcentia
2472 3601 2578 3659 est,
2625 3603 2942 3661 munusque
2975 3589 3211 3661 regium,
3264 3602 3376 3657 quo
3408 3597 3630 3657 peccata

2046 3685 2455 3742 condonantur.

2125 3794 2144 3830 ι
2180 3775 2248 3831 Et
2276 3775 2512 3847 gratiam
2542 3771 2848 3829 habeamus
2872 3771 2928 3826 in
2965 3769 3172 3825 auxilio
3202 3777 3538 3840 opportuno.
3581 3786 3602 3820 ι

2122 3870 2182 3925 Si
2209 3883 2356 3925 nunc
2405 3867 2735 3929 accesseris,
2783 3865 2985 3935 inquit,
3013 3863 3244 3934 gratiam
3273 3861 3557 3917 obtinebis
3585 3871 3646 3917 et-

2048 3961 2511 4020 misericordiam.
2559 3958 2886 4029 Opportuno
2933 3955 3138 4026 quippe
3189 3961 3440 4024 tempore
3483 3967 3640 4007 acce-

2051 4056 2138 4112 dis
2172 4073 2187 4110 :
2220 4055 2308 4110 sin
2329 4067 2472 4109 vero
2493 4060 2650 4114 tunc,
2701 4065 2813 4104 non
2862 4048 3074 4103 itidem.
3131 4045 3299 4100 Extra
3330 4060 3446 4100 rem
3491 4043 3644 4098 enim

2049 4146 2159 4203 erit
2178 4141 2546 4214 exspectatio.
2582 4139 2738 4194 Tunc
2758 4139 2963 4210 quippe
2990 4153 3097 4192 non
3124 4137 3230 4192 crit
3257 4136 3497 4190 thronus
3517 4149 3644 4206 gra-

2054 4239 2166 4303 tia,
2198 4237 2294 4293 sed
2325 4234 2522 4306 judicii
2560 4233 2824 4288 tribunal.
2879 4230 2973 4285 Ait
2996 4230 3141 4286 enim
3178 4247 3192 4284 :
3229 4227 3416 4298 Surge,
3480 4227 3641 4291 Deus,

2048 4329 2241 4400 judica
2298 4337 2497 4382 terram
2533 4325 2601 4378 ⁹¹.
2665 4323 2810 4378 Illud
2841 4332 3051 4388 autem,
3078 4338 3199 4376 cum
3230 4321 3456 4392 ﬁducia,
3499 4320 3642 4375 idem

2052 4430 2140 4481 est
2167 4437 2252 4488 ac,
2285 4421 2406 4477 sine
2432 4417 2774 4475 conscientia
2799 4416 2953 4480 mali,
2979 4416 3068 4472 vel
3094 4415 3460 4470 haesitatione.
3496 4411 3655 4469 Talis.

358 4525 562 4598 ρησίας
591 4527 620 4579 ὁ
645 4525 892 4592 τοιοῦτος
921 4527 1269 4599 προσελθεῖν.
1303 4528 1428 4581 Ἵνα
1457 4526 1533 4599 μὴ
1559 4505 1804 4591 άκούσας
1823 4505 1939 4598 Ἀρ.

2057 4517 2202 4571 enim
2262 4524 2612 4584 nequaquam
2665 4508 2844 4580 possit
2894 4522 3022 4564 cum
3069 4505 3274 4562 fiducia
3303 4515 3359 4563 et
3397 4506 3649 4562 libertate

355 4617 576 4690 χιερὲα,
618 4620 852 4691 νομίσῃς
874 4620 1099 4673 ἑστάναι
1137 4620 1324 4685 αὑτὸν,
1351 4619 1556 4685 εὐθέως
1589 4619 1683 4674 ἐπὶ
1709 4619 1801 4674 τὸν
1832 4619 1959 4692 Θρό-

355 4724 454 4760 νον
505 4707 699 4777 ἀνάγει
737 4709 829 4763 τὸν
880 4707 1180 4778 βασιλικόν.
1250 4711 1419 4782 Ὁρᾷς
1469 4710 1552 4764 ἵκει
1586 4710 1648 4764 τὸ
1699 4709 1959 4780 γενέσθαι

355 4800 681 4872 Ἀρχιερὲα,
737 4801 798 4854 οὐ
853 4801 1070 4872 φύσεώς
1123 4802 1296 4870 ἐστιν,
1325 4801 1464 4857 ἀλλὰ
1494 4801 1960 4872 συγκατασάσεως

357 4890 463 4946 καὶ
486 4892 794 4959 κενώσεως.

1009 5075 1266 5132 ΚΕΦΔΛ.
1287 5077 1364 5131 E'.

449 5187 471 5223 ι
503 5169 622 5233 na;
645 5169 760 5242 γάρ
792 5169 1088 5242 ἀρχιερεὺς
1135 5169 1195 5237 ἐξ
1223 5168 1532 5240 ἀνθρώπων
1581 5165 1964 5239 ἀναλαμϐανό-

370 5279 558 5334 μενος,
583 5257 728 5335 ὑπερ
753 5262 1060 5335 ἀνθρώπων
1081 5261 1411 5318 καθίσταται
1444 5261 1516 5316 τὰ
1535 5261 1676 5334 πρὸς
1696 5260 1790 5315 τὸν
1806 5260 1960 5328 Θεὸν,

370 5356 466 5410 ἵνα
491 5356 781 5429 προσφέρῃ
813 5355 966 5428 δῶρά
996 5373 1056 5410 τε
1086 5358 1182 5412 καὶ
1235 5355 1431 5421 θυσίας
1476 5355 1619 5428 ὑπὲρ
1652 5353 1958 5426 ἁμαρτιῶν,

370 5448 770 5520 μετριοπαθεῖν
799 5449 1096 5522 δυνάμενος
1120 5451 1236 5514 τοῖς
1261 5449 1516 5519 ἀγνοοῦσι
1542 5449 1637 5504 καὶ⁷
1668 5447 1963 5519 πλανωμέ-

366 5553 526 5600 νοις·
565 5538 816 5592 amittat
843 5539 1006 5603 αὐτὸς
1036 5540 1345 5612 περίκειται
1391 5539 1700 5607 ἀσθένειαν,
1747 5535 1842 5594 καὶ
1877 5536 1968 5591 διὰ

2063 4607 2345 4664 accedere.
2385 4603 2466 4660 Ne
2495 4617 2628 4659 vero
2675 4600 3003 4657 Pontificem
3055 4599 3338 4656 nominari
3395 4595 3649 4657 audiens.

2062 4701 2345 4757 existimes
2371 4698 2554 4769 ipsum
2583 4703 2752 4760 stare,
2785 4694 2933 4749 hunc
2987 4693 3174 4749 statim
3232 4691 3292 4746 in
3343 4690 3492 4762 regia
3517 4690 3651 4746 sedc

2062 4793 2339 4848 excelsum
2373 4790 2546 4861 ponit.
2593 4787 2674 4842 Ex
2721 4800 2832 4860 quo
2859 4785 3216 4857 perspicuum
3247 4790 3335 4839 est
3355 4782 3514 4837 illum
3540 4795 3650 4836 non

2062 4887 2276 4942 ratione
2317 4893 2532 4938 natura:
2595 4877 2904 4936 obtinuisse
2947 4885 3009 4932 ut
3055 4875 3310 4933 Pontifex
3350 4873 3526 4942 ﬁeret,
3559 4872 3655 4930 sed

2065 4975 2404 5033 demissione
2433 4983 2486 5031 et
2507 4969 2884 5028 exinanitlone
2917 4983 3040 5024 sua.

2720 5061 2874 5119 CAP.
2898 5059 2967 5114 ν.

2141 5158 2309 5215 Vsus.
2339 5157 2454 5212 1-4.
2502 5174 2523 5208 ι
2552 5143 2746 5210 Omnis
2768 5151 2916 5209 enim
2949 5147 3198 5223 pontifex
3244 5162 3312 5204 ex
3339 5143 3661 5202 hominibus

2070 5257 2390 5322 assumptus
2410 5290 2424 5316 ,
2473 5261 2576 5320 pro
2609 5244 2934 5302 hominibus
2964 5239 3326 5298 constituitur
3356 5239 3414 5294 in
3441 5236 3510 5293 iis
3539 5247 3662 5306 qua:

2073 5353 2204 5404 sunt
2235 5344 2304 5400 ad
2325 5343 2522 5407 Deum,
2545 5347 2608 5397 ut
2631 5339 2829 5397 oﬁerat
2851 5337 2998 5394 dona
3017 5343 3074 5392 et
3101 5330 3376 5391 sacrificia
3407 5343 3508 5400 pro
3529 5340 3663 5398 pec-

2074 5439 2251 5501 catis;
2283 5435 2380 5508 qui
2433 5433 2728 5490 condolere
2775 5429 2955 5502 possit
2981 5428 3051 5483 iis
3077 5425 3172 5496 qui
3203 5424 3460 5494 ignorant
3482 5425 3539 5473 et
3571 5432 3663 5473 er-

2077 5538 2204 5589 rant
2224 5546 2238 5584 :
2258 5536 2314 5585 et
2339 5532 2630 5599 propterea
2658 5523 2842 5588 debet,
2869 5511 3334 5590 quemadmodum
3362 5524 3464 5582 pro
3488 5522 3664 5599 popu-

367 5598 588 5704 catir'qv
616 5631 842 5702 ὀφείλει,
874 5598 1059 5698 καθιῦς
1085 5598 1218 5706 περὶ
1245 5634 1341 5690 τοῦ
1369 5633 1526 5702 λαοῦ,
1555 5598 1700 5689 οὗτοι
1721 5633 1818 5688 καὶ
1843 5648 1939 5702 περ

2081 5626 2156 5692 Ιο,
2189 5624 2264 5680 ita
2287 5598 2454 5678 etiam
2487 5627 2542 5676 et
2571 5630 2672 5688 pro
2701 5612 3020 5683 semetipso,
3038 5603 3238 5663 oiierre
3265 5616 3369 5675 pro
3393 5598 3658 5674 peccatis.

461 5806 501 5838 “
540 5805 690 5863 Psai.
713 5822 900 5874 Lxxxi,
928 5807 984 5864 8.
