4048 6382
462 327 563 398 951

1647 334 1707 393 S.
1735 334 1772 394 J
1773 332 1975 392 ΟΑΝΝ
1981 331 2054 390 IS
2090 331 2528 392 DAMASCENI

3623 340 3727 404 952

463 444 576 501 Nec
599 447 892 518 quisquam
933 445 1104 504 sumit
1122 446 1228 504 sibi
1255 446 1543 513 honorem,
1569 446 1664 502 sed
1695 447 1788 516 qui
1826 453 2052 501 vocatur

2192 444 2354 499 αυτοῦ
2385 445 2721 516 προσφέρειν
2753 444 2894 516 ὑπὲρ
2922 445 3231 516 αμαρτιῶν.
3279 444 3388 499 Καὶ
3434 445 3530 517 οὐχ
3557 449 3720 524 ἑαυτῷ

467 553 496 590 a
528 536 659 595 Deo.
699 557 719 592 ι

541 710 613 769 Ut
635 714 797 770 ambo
851 713 1205 772 Testamenta
1264 714 1332 770 ad
1383 715 1612 769 invicem
1667 721 1968 784 comparet,
2025 727 2055 766 a

470 803 855 860 sacerdotibus
933 805 1272 874 auspicatur.
1336 802 1812 874 Comparationem
1873 803 2058 873 itaque

474 894 608 949 facit
662 896 719 950 in
749 895 898 951 hunc
928 896 1176 952 modum.
1205 895 1420 954 Veteris
1452 896 1672 965 quidem
1743 894 2058 952 testamenti

469 985 784 1042 sacerdotes
853 988 924 1044 ab
989 988 1305 1044 hominibus
1407 988 1770 1043 sumebantur
1834 1003 1847 1038 :
1927 987 2057 1042 novi

473 1093 601 1132 vero
664 1082 976 1135 testamenti
1007 1080 1263 1135 sacerdos
1284 1121 1300 1146 ,
1349 1093 1378 1133 a
1418 1078 1629 1149 Spiritu
1661 1086 1889 1143 sancto,
1919 1087 2058 1138 tam-

472 1171 575 1225 ctsi
605 1171 768 1225 homo
803 1171 889 1227 sit.
922 1173 1104 1243 Atque
1132 1173 1224 1228 ille
1247 1172 1469 1243 quidem
1496 1171 1874 1228 circumdatur
1902 1170 2058 1226 infir-

473 1262 682 1327 mitate,
707 1263 798 1318 hic
821 1277 952 1319 vero
976 1263 1188 1333 peccati
1243 1277 1440 1333 expers
1480 1262 1722 1319 mansit:
1760 1260 1886 1316 Non
1921 1262 2060 1316 enim

474 1356 714 1410 inventus
748 1365 829 1411 est
849 1356 1003 1411 dolus
1035 1359 1089 1410 in
1120 1372 1209 1411 ore
1232 1357 1349 1426 ejus
1381 1359 1452 1410 ".

549 1443 1047 1510 Quemadmodum,
1073 1446 1166 1516 qui
1197 1446 1558 1503 victimarum.
1591 1444 1770 1515 pelles
1795 1443 2059 1508 detrahit,

476 1536 527 1592 is
556 1537 726 1592 nudat
765 1537 1047 1592 interanea
1072 1557 1084 1590 :
1113 1538 1193 1592 sic
1212 1545 1410 1592 cuncta
1443 1535 1556 1590 Deo
1585 1544 1772 1606 aperta
1796 1545 1948 1594 sunt.

553 1645 571 1677 ι
614 1625 896 1697 Tanquam
925 1627 1107 1681 Aaron
1145 1643 1159 1679 :
1192 1624 1382 1698 [Vt-ms.
1417 1625 1488 1692 5.,
1513 1624 1687 1697 6].sic
1722 1632 1778 1680 et
1807 1624 2073 1681 Christus.

477 1732 587 1773 non
618 1719 974 1788 semetipsum
1011 1718 1338 1774 clariﬁcavit
1386 1727 1448 1773 ut
1489 1716 1736 1789 pontifex
1767 1717 1940 1784 ﬁeret,
1967 1719 2062 1773 sed

479 1810 574 1881 qui
600 1811 815 1865 locutus
843 1819 928 1865 est
957 1811 1024 1865 ad
1055 1824 1182 1865 eum
1216 1823 1232 1863 ε
1258 1809 1433 1866 Filius
1466 1826 1625 1867 meus
1651 1827 1711 1867 es
1741 1819 1821 1865 tu.
1862 1830 1882 1862 ι

551 1899 665 1956 lloc
719 1902 774 1955 in
809 1903 932 1958 loco
983 1902 1134 1958 aliud
1190 1901 1312 1957 vult
1358 1902 1667 1969 insinuare,
1718 1910 1848 1973 puta
1879 1901 2067 1958 Jesum

479 2010 605 2050 esse
638 1993 868 2050 missum
924 2011 955 2049 a
988 1995 1120 2051 Deo.
1169 1994 1226 2052 ld
1267 1994 1414 2066 quod
1454 1995 1572 2064 ipse
1625 1994 1904 2062 Christus,
1941 2010 2068 2050 cum

478 2085 698 2142 Judaeos
721 2087 1118 2158 alloqueretur,
1150 2088 1357 2159 ubique
1389 2089 1598 2158 passim
1624 2088 1848 2143 dicebat
1882 2105 1894 2138 :
1922 2088 1964 2141 Α
1991 2103 2076 2144 me.

479 2181 593 2246 ipso
623 2195 728 2234 nou
767 2183 882 2234 ueni
910 2181 977 2233 ἰ.
1797 2231 1799 2233 ,

557 2291 577 2323 ι
615 2271 731 2343 Ego
764 2272 926 2328 hodie
957 2275 1120 2345 genui
1159 2285 1228 2330 te.
1267 2274 1748 2342 Quemadmodum
1790 2281 1841 2329 et
1877 2273 1931 2328 in
1961 2273 2076 2326 alio

482 2364 609 2419 loco
639 2364 771 2419 dicit
806 2383 820 2418 :
853 2363 935 2418 Tu
962 2380 1022 2422 es
1057 2368 1315 2422 sacerdos
1347 2369 1402 2423 in
1431 2378 1717 2423 azternum.
1761 2385 1779 2417 ι

557 2455 682 2512 Haec
717 2458 998 2528 praemittit
1035 2468 1093 2514 ut
1125 2461 1343 2516 evincat
1373 2461 1525 2515 illum
1557 2476 1586 2516 a
1612 2458 1720 2515 Deo
1755 2459 2076 2516 ordinatum

484 2549 696 2608 fuisse.

561 2661 580 2694 ι
614 2643 946 2700 Secundum,
987 2644 1238 2700 ordinem
1298 2643 1726 2702 Melchisedech.
1769 2643 1957 2717 [Vsus
1993 2643 2071 2715 7.]

483 2732 586 2799 Qui
623 2733 905 2791 indiebus
924 2735 1110 2790 carnis
1137 2749 1274 2801 suae,
1298 2749 1492 2806 preces
1523 2735 2076 2806 supplicationesque

483 2821 554 2877 ad
574 2837 699 2878 eum
729 2821 1015 2892 237qui
1039 2823 1216 2892 possit
1238 2824 1392 2879 illum
1422 2826 1639 2879 salvum
1671 2823 1849 2879 facere
1875 2839 2076 2879 amor-

485 2921 560 2981 te,
603 2927 730 2972 cum
787 2914 1030 2970 clamore
1087 2913 1283 2968 valido.
1321 2923 1376 2969 et
1423 2915 1684 2987 lacrymis
1740 2913 1998 2982 oﬂ'erens,
2022 2923 2078 2970 et

485 3005 782 3063 exauditus
811 3020 913 3076 pro
942 3021 1045 3061 sua
1076 3007 1408 3062 reverentia.
1445 3024 1466 3058 ›

559 3096 690 3154 Erat
720 3097 867 3154 enim
899 3098 1144 3168 gentium
1177 3097 1552 3166 sacerdos,et
1573 3111 1715 3170 pane
1743 3105 1805 3154 et.
1830 3096 1960 3154 vino
1983 3112 2074 3155 sa-

483 3183 756 3240 crificium
787 3182 1072 3241 olferebat.
1220 3187 1229 3191 ’

555 3273 726 3332 Vens.
757 3274 912 3334 8-14.
949 3294 970 3330 ι
1007 3277 1074 3332 Ει
1099 3276 1324 3348 quidem
1356 3294 1484 3335 cum
1519 3288 1668 3338 esset
1696 3281 2072 3352 Filius,_didi-

485 3368 564 3424 cit
590 3384 658 3427 ex
693 3369 761 3426 iis
811 3385 937 3442 quae
963 3385 1162 3441 passus
1185 3379 1272 3427 est
1315 3373 1711 3438 obedientiam,
1733 3382 1787 3430 et
1810 3389 2074 3430 consum-

484 3469 667 3520 matus
721 3462 902 3520 factus
950 3471 1036 3520 est
1085 3465 1346 3522 omnibus
1395 3466 1916 3538 obtemperantibus
1967 3470 2072 3526 sibi

485 3571 654 3613 causa
676 3556 872 3612 salutis
905 3567 1142 3624 aeternae,
1175 3559 1490 3628 appellatus
1517 3574 1546 3612 a
1571 3559 1682 3615 Deo
1704 3558 1958 3618 Pontifex
1984 3577 2076 3620 se-

485 3649 730 3705 cundum
760 3649 1011 3705 ordinem
1038 3648 1465 3708 Melchisedech.
1487 3651 1563 3708 De
1582 3667 1694 3723 quo
1723 3654 1886 3711 nobis
1907 3670 2075 3727 gran-

487 3741 575 3796 dis
608 3753 793 3795 sermo
813 3747 920 3806 ,et
969 3738 1406 3810 interpretabilis
1437 3741 1508 3796 ad
1558 3741 1856 3800 dicendum
1885 3762 1902 3812 ;
1933 3760 2077 3816 quo-

487 3830 637 3886 niam
668 3829 998 3886 imbecilles
1033 3828 1161 3887 facti
1189 3831 1326 3888 estis
1361 3831 1430 3888 ad
1457 3831 1818 3890 audiendum.
1856 3834 2074 3893 Etenim

489 3932 616 3973 cum
651 3916 928 3975 deberetis
967 3919 1216 3990 magistri
1251 3935 1377 3976 esse
1409 3928 1639 3992 propter
1671 3929 1913 3994 tempus,
1948 3941 2076 3980 rur-

487 4025 612 4068 sum
651 4009 908 4082 indigetis
954 4023 1014 4068 ut
1054 4011 1364 4068 doceamini
1393 4028 1518 4084 quae
1547 4017 1659 4070 sint
1687 4016 1957 4074 elementa
1984 4033 2079 4076 ex:-

487 4103 632 4160 ordii
660 4119 978 4160 sermonum
1004 4098 1130 4172 Dei;
1157 4112 1218 4161 et.
1246 4106 1372 4162 facti
1393 4108 1528 4164 estis
1545 4109 1748 4179 quibus
1773 4108 1919 4166 lacte
1938 4125 2078 4182 opus

494 4196 586 4259 sit,
616 4211 728 4251 non
761 4196 938 4252 solido
977 4195 1122 4252 cibo.
1175 4196 1369 4254 Omnis
1429 4199 1576 4254 enim
1613 4201 1709 4272 qui
1778 4202 1941 4258 lactis
1993 4212 2080 4260 est

494 4288 1023 4360 particeps,,expers
1071 4296 1157 4345 est
1192 4293 1466 4348 sermonis
1496 4293 1727 4362 iustitia:
1763 4311 1778 4350 :
1812 4296 2079 4365 parvulus

491 4380 638 4434 enim
695 4388 802 4438 est.
834 4381 1214 4437 Perfectorum
1276 4393 1465 4440 autem
1495 4394 1582 4441 est
1622 4384 1834 4442 solidus
1884 4386 2076 4453 cibus;

2158 556 2239 603 τις
2274 538 2542 610 λαμϐάνει
2587 537 2688 610 τὴν
2720 539 2908 610 τιμὴν,
2963 538 3101 592 ἀλλὰ
3147 538 3483 609 καλούμενος
3515 542 3615 595 ὑπὸ
3636 544 3732 598 τοῦ

2158 630 2317 686 Θεοῦ.
2351 651 2374 684 ι
2765 651 2770 657 ’

2231 724 2529 794 Σύγκρισιν
2577 723 2898 793 ποιούμενος
2944 722 3053 775 τῶν
3079 721 3380 792 διαθηκῶν,
3412 721 3518 775 ἀπὸ
3551 725 3742 794 ἱερέων-

2160 816 2411 886 ἀρχεται-.
2435 817 2772 885 .Ἐργάζεται
2805 815 2862 868 δὲ
2886 815 3056 885 αὐτὴν
3090 815 3296 876 οῦτωςσ
3327 815 3409 867 ὅτι
3435 817 3484 867 οί
3517 816 3614 884 μὲν
3637 818 3744 888 τῆς-

2162 909 2421 974 παλαιᾶς,
2475 908 2538 974 ἐξ
2590 907 2896 980 ἀνθρώπων
2941 902 3105 978 ἦσαν,
3137 909 3164 960 ὁ
3191 906 3248 958 δὲ
3282 906 3390 976 τῆς·
3415 907 3634 976 καινῆς,
3672 910 3732 963 ὲκ

2162 1001 2485 1073 Πνεύματος
2516 1002 2696 1070 ἁγίου,
2727 1003 2776 1055 εί
2814 1001 2909 1054 καὶ
2943 999 3233 1069 ἄνθρωπος
3288 997 3530 1066 γέγονεν.
3562 1001 3671 1053 Καὶ
3708 1005 3734 1055 ὁ

2167 1099 2266 1170 μὲν
2304 1097 2616 1167 περίκειται
2661 1092 2984 1156 ἀσθένειαν,
3027 1092 3056 1144 ὁ
3092 1090 3149 1144 δὲ
3176 1089 3563 1159 ἀναμάρτητος
3596 1087 3738 1160 ἔμει-

2164 1209 2255 1246 νεν
2281 1205 2295 1218 ο
2328 1192 2411 1245 οὐ
2445 1188 2555 1259 γὰρ
2582 1185 2808 1256 ηὑρέθη
2838 1184 3022 1250 δόλος
3044 1183 3113 1237 ἐν
3137 1182 3218 1248 τῷ
3257 1183 3509 1250 στόματι
3539 1182 3748 1237 αὐτοῦ..

2200 1452 2452 1527 ’Ὥσπερ
2487 1455 2726 1525 ὲκδέρων
2777 1468 2862 1514 τις
2911 1450 2982 1503 τὰ
3040 1449 3235 1520 ἱερεῖα,
3267 1445 3448 1500 πάντα
3493 1444 3562 1496 τὰ
3607 1443 3742 1497 ἔνδον

2167 1551 2302 1622 δῆλα
2335 1550 2502 1614 ποιεῖ,
2534 1545 2711 1608 οὕτως
2744 1542 2823 1613 τῷ
2845 1541 2966 1613 Θεῷ
2993 1540 3128 1611 δῆλα
3169 1538 3460 1610 πρόκειται
3483 1535 3678 1590 πάντα.

2246 1663 2264 1694 ι
2301 1641 2570 1710 Καθάπερ
2597 1638 2692 1692 καὶ⁵
2742 1633 2954 1706 Ἀαρών
2979 1650 2990 1661 '
3027 1632 3168 1685 οὓτω
3201 1630 3260 1684 δὲ
3293 1629 3386 1682 καὶ
3427 1629 3458 1682 ὁ
3500 1627 3756 1697 Χριστὸς,

2169 1735 2268 1806 οὐχ
2298 1735 2493 1789 ἑαυτὸν
2521 1731 2742 1798 ὲδόξασε
2764 1727 3063 1798 γενηθῆναι
3083 1721 3370 1796 ἀρχιερέα,
3399 1719 3515 1774 ἀλλ’
3544 1721 3576 1773 ὁ
3597 1719 3758 1790 λαλῇ

2096 1811 2146 1866 Β·
2172 1841 2272 1888 σας
2297 1823 2432 1895 πρὸς
2455 1822 2638 1886 αὐτὸν,
2670 1819 2798 1882 Υἱός
2823 1835 2926 1887 μου
2963 1811 3014 1868 εἴ
3038 1815 3125 1866 σύ.
3166 1831 3184 1862 ι

2256 1915 2521 1971 Ἐνταῦθα
2570 1911 2954 1985 ἓτερον-πάλιν
3003 1905 3324 1979 θεραπεύει,
3361 1904 3446 1958 ὅτι
3477 1901 3587 1958 ἀπὸ
3621 1903 3763 1958 Θεοῦ-

2173 2009 2530 2064 ἀπέσταλται.
2569 2007 2634 2059 Ὃ
2671 2006 2784 2060 ἄνω
2814 2003 2911 2057 καὶ
2939 2001 3092 2056 κάτω
3135 1996 3417 2059 Ἰουδαίοις
3442 1995 3767 2065 διαλεγόμε--

2173 2123 2263 2170 νος
2295 2104 2480 2172 ἔλεγεν
2508 2103 2539 2155 6
2560 2099 2816 2172 Χριστὸς,
2859 2098 2974 2152 Ἀπ’
2997 2093 3260 2166 ἐμαυτοῦ
3293 2093 3410 2146 οὐκ
3435 2091 3740 2159 ἐλήλυθα..

2252 2309 2270 2341 ι
2322 2285 2464 2356 Ἐγὼ
2504 2284 2746 2355 σήμερον
2794 2273 3104 2348 γεγέννηκά
3169 2287 3266 2324 σε·
3315 2265 3507 2329 καθὼς
3556 2262 3650 2317 καὶ
3702 2263 3770 2315 ὲν.

2175 2383 2346 2452 ἑτέρῳ
2379 2375 2640 2447 λέγει,Σὺ
2672 2372 2852 2444 ἱερεὺς
2881 2371 2960 2432 είς
2989 2367 3081 2421 τὸν
3109 2363 3301 2419 αίῶνα.
3350 2379 3370 2411 ι

2247 2450 2425 2529 ΙῨοῦτο
2477 2465 2904 2543 προκατασκευή
2950 2464 3066 2515 ἐστι
3096 2457 3189 2512 τοῦ
3223 2453 3333 2509 ὑπὸ
3360 2450 3501 2508 Θεοῦ
3531 2464 3776 2520 χειροτοι

2175 2567 2425 2639 νηθῆναιι.
3552 2637 3563 2640 _
3633 2634 3645 2640 Δ
3752 2634 3756 2640 Ι

2256 2681 2273 2713 ι
2300 2634 2464 2715 Κατά
2486 2656 2584 2726 τὴν
2613 2653 2766 2720 τάξιν
2793 2645 3168 2720 Μελχισεδέκ·
3197 2643 3257 2706 ὃς
3296 2641 3357 2693 ὲν
3374 2640 3512 2702 -ταῖς
3541 2634 3763 2726 ἡμέραις

2177 2752 2277 2821 τῆς
2303 2747 2510 2820 σαρκὸς
2537 2725 2705 2800 αὐτοῦ
2733 2742 2947 2811 δεήσεις
2979 2754 3040 2792 τε
3075 2736 3171 2790 καὶ
3198 2731 3494 2802 ἱκετηρίας
3519 2727 3655 2798 πρὸς
3679 2725 3764 2821 seu

2177 2818 2474 2912 δυνάμενον
2506 2835 2720 2901 σώζειν-
2755 2831 2920 2887 αὑτὸν
2959 2831 3025 2883 ἐκ
3051 2827 3310 2891 θανάτου,
3348 2821 3496 2894 μετὰ
3527 2818 3763 2912 κραυγῆς

2184 2907 2415 3006 ἰσχυρᾶς
2442 2931 2536 2986 καὶ
2555 2926 2808 2998 δακρύων
2841 2921 3238 2994 προσενέγκας,
3261 2915 3364 2970 καὶ
3396 2907 3780 2971 εἰσακουσθεὶς·

2180 3028 2289 3084 ἀπὸ
2313 3027 2414 3096 τῆς
2443 3019 2752 3082 εὐλαϐείας.
2788 3036 2822 3069 »-

2255 3091 2381 3172 "Ott
2403 3113 2515 3168 τῶν
2537 3110 2708 3164 ἐθνῶν
2738 3107 2918 3178 ἱερεὺς
2941 3099 3032 3175 ἦν,
3062 3101 3145 3155 ὅτι
3171 3098 3260 3155 διὰ
3283 3097 3483 3167 ἄρτου,
3514 3092 3610 3148 καὶ
3635 3091 3768 3145 οἴνου
3840 3108 3846 3114 ·

2109 3201 2150 3271 Ϊ
2183 3209 2283 3283 τὴν
2310 3207 2504 3262 θυσίαν
2538 3201 2828 3271 ἀνέφερεν.

2261 3321 2280 3354 ι
2312 3301 2534 3370 Καίπερ
2564 3296 2642 3349 ὢν
2675 3295 2810 3362 υίὸς,
2871 3290 3086 3363 ἔμαθεν
3107 3277 3310 3355 ἀφ’·ὧν
3333 3282 3518 3338 ἔπαθε
3543 3278 3644 3349 τὴν
3673 3276 3786 3370 se.

2185 3391 2377 3462 ακοὴν,
2416 3365 2517 3443 καί
2542 3383 2858 3445 τελειωθεὶς
2883 3379 3104 3448 ἐγένετο
3130 3378 3246 3439 τοῖς
3278 3370 3658 3427 ὑπακούουσιν
3683 3365 3771 3462 eti.-

2186 3485 2266 3556 τῷ
2291 3458 2458 3538 πᾶσιν
2491 3479 2664 3542 αἴτιος
2705 3473 2983 3546 σωτηρίας
3024 3469 3269 3532 αἰωνίου,
3315 3458 3774 3556 προσαγορευθεὶς

2188 3548 2294 3631 ὑπὸ
2321 3572 2417 3628 τοῦ
2439 3570 2578 3626 Θεοῦ
2612 3567 2907 3640 ἀρχιερεὺς
2938 3561 3080 3616 κατὰ
3101 3559 3201 3628 τὴν
3222 3557 3384 3622 τάξιν
3410 3548 3771 3640 Μελχισεδέκᾲε

2187 3669 2318 3740 περὶ
2339 3662 2400 3722 οῦ
2432 3663 2604 3726 πολὺς
2636 3638 2772 3732 ήμῖν
2802 3661 2832 3711 ὁ
2860 3656 3041 3725 λόγος,
3068 3651 3164 3707 καὶ
3199 3649 3650 3740 δυσερμήνευτος
3699 3638 3778 3740 re:

2187 3733 2330 3830 γειν,
2363 3760 2485 3813 ἐπεὶ
2529 3753 2730 3827 νωθροὶ⁵
2782 3749 3061 3820 γεγόνατε.
3086 3746 3208 3807 ταῖς
3258 3741 3485 3804 ἀκοαῖς.
3517 3735 3631 3792 Καὶ
3678 3733 3776 3830 γὰρ

2187 3824 2500 3924 δφείλοντες
2550 3824 2694 3902 εἶναι
2731 3839 3049 3897 διδάσκαλοι
3080 3835 3170 3889 διὰ
3208 3832 3319 3888 τὸν.
3351 3831 3574 3903 χρόνον,
3625 3824 3777 3924 πάλιν

2189 3919 2382 4020 χρείαν
2422 3943 2573 4014 ἔχετε
2629 3938 2724 3994 τοῦ
2774 3935 3050 3990 διδάσκειν
3100 3930 3246 4000 ὑμᾶς
3285 3924 3522 4020 τίνα-τὰ.
3550 3919 3777 4020 στοιχεῖα

2319 4011 2495 4110 ἀρχῆς
2509 4033 2621 4088 τῶν
2648 4029 2847 4100 λογίων
2874 4025 2970 4081 τοῦ
2992 4022 3152 4089 Θεοῦ,
3177 4021 3274 4076 καὶ
3296 4018 3587 4112 γεγύνατε
3602 4011 3780 4112 ἕρείαν

2438 4099 2732 4192 γάλακτος,
2772 4116 2869 4172 καὶ
2908 4114 2971 4169 οὺ
3001 4112 3228 4183 στερεᾶς
3267 4105 3658 4199 τροφῆςηΠᾶς
3685 4099 3784 4199 ﬁt?

2189 4193 2490 4292 δ’μετέχων
2515 4214 2807 4284 γάλακτος,
2830 4209 3058 4279 ἄπειρος
3083 4204 3242 4272 λόγον
3273 4197 3640 4292 δικαιοσύνης
3659 4211 3672 4225 '
3700 4193 3785 4292 νή·

2177 4284 2314 4376 Δπέος
2345 4284 2636 4382 γαρ-ἐστι.
2689 4303 2924 4358 Τελείων
2982 4299 3040 4356 δέ
3095 4297 3304 4364 ὲστινή
3357 4291 3568 4362 στερεὰ
3592 4284 3782 4382 τροφὴ,

2189 4404 2301 4473 τῶν
2327 4377 2538 4472 διὰ-τὴν
2566 4398 2683 4466 ἕξιν
2709 4397 2779 4451 τὰ
2811 4392 3145 4464 αἰσθητήρια
3165 4383 3612 4459 γεγυμνασμένα
3642 4377 3785 4451 ὲχόνσ-

491 4485 682 4529 eorum
734 4473 828 4542 qui
875 4489 976 4545 pro
1025 4477 1432 4534 consuetudine
1478 4478 1816 4534 exercitatos
1875 4479 2072 4536 habent

2193 4513 2302 4551 των
2329 4494 2465 4566 πρὸς
2489 4493 2764 4562 διάκρισιν
2786 4484 2954 4545 καλοῦ
2977 4501 3037 4540 τε
3069 4483 3164 4537 καὶ
3192 4477 3396 4536 κακοῦ.
3439 4497 3476 4536 ι,

494 4578 693 4620 sensus
723 4564 796 4622 ad
815 4563 1206 4624 discretionem
1235 4568 1365 4624 boni
1397 4576 1453 4625 et
1477 4569 1632 4624 mali.
1670 4588 1689 4621 ι

573 4657 688 4716 Hoc
718 4658 1146 4715 sollicitudinem
1175 4660 1393 4717 Domini
1430 4669 1486 4717 et
1510 4661 1718 4717 amoris
1749 4676 2086 4733 exsuperan-

494 4753 624 4810 tiam
655 4751 1026 4808 commendat.
1061 4751 1198 4807 Nam
1232 4769 1332 4823 pro
1372 4761 1612 4824 utroque
1643 4755 1846 4824 populo
1875 4756 2084 4828 suppli-

494 4842 678 4897 cabat.
709 4839 878 4911 Atqui
904 4841 1117 4897 haecad
1150 4842 1627 4914 dispensationem
1673 4845 1971 4915 pertinent.

1139 4932 1305 4988 CAP..
1336 4933 1426 4989 Vl.

567 5022 736 5078 Vens.
774 5025 828 5087 1,
855 5022 911 5079 2.
952 5041 970 5074 ‹
1000 5022 1348 5094 Quapropter
1394 5025 1822 5083 intermittentes
1854 5028 2084 5084 inchoa-

501 5113 675 5169 tionis
707 5113 915 5170 Christi
965 5128 1314 5185 sermonem,
1339 5115 1408 5172 ad
1435 5117 1766 5188 perfectiora
1814 5119 2081 5188 feramur,

498 5223 569 5265 ne
592 5221 816 5262 rursum
840 5205 1113 5276 iacientes
1160 5207 1587 5266 fundamentum
1627 5213 1964 5282 poenitentia
2014 5214 2085 5270 ab

469 5297 764 5370 operibus
792 5299 1048 5366 mortuis.
1099 5307 1162 5358 et.
1191 5300 1318 5358 fidei
1351 5301 1418 5357 ad
1449 5300 1646 5369 Deum,
1688 5303 2076 5375 baptismatum

493 5388 780 5455 doctrinae,
812 5407 832 5442 ι

569 5479 969 5535 Inchoationem
1016 5485 1148 5539 dicit
1175 5477 1594 5542 fundamentum
1625 5488 1771 5556 quod
1802 5487 1905 5545 fide
1937 5489 2079 5565 jaci-

500 5582 619 5638 tur;
665 5573 1038 5641 perfectionem
1096 5591 1254 5642 vero,
1313 5577 1750 5634 exstructionem
1816 5596 1939 5650 qua:
1983 5597 2080 5653 per

498 5663 741 5720 actiones
776 5665 946 5723 bonas
972 5667 1273 5738 consurgit.

549 5778 596 5813 "
631 5778 736 5836 lsa.
763 5794 884 5848 ιιιι,
914 5779 969 5836 9;
1057 5783 1112 5816 "
1142 5779 1298 5836 Joan.
1328 5795 1442 5849 Vill,
1482 5781 1566 5837 li.

2259 4671 2432 4728 Τοῦτο
2455 4667 2814 4741 κηδεμονικὸν
2837 4663 3164 4737 παρίστησι,
3186 4659 3412 4728 καὶτῆς
3444 4657 3676 4726 ἀγάπης
3699 4652 3790 4720 τὴν

2189 4763 2498 4837 ὑπερϐολήν
2518 4778 2532 4793 ο
2569 4761 2814 4815 ἱκέτευεν
2838 4757 2948 4827 γὰρ
2977 4755 3118 4824 ὑπὲρ
3147 4753 3257 4805 τῶν
3283 4751 3384 4805 δύο
3414 4749 3590 4803 λαῶν.
3613 4744 3790 4801 Ταῦτα

2187 4857 2245 4911 δὲ
2276 4857 2375 4927 τῆς
2409 4850 2720 4922 οίκονομίας
2751 4849 2921 4902 ἐστίν.

2779 4937 3034 4993 ΚΕΦΑΛ.
3083 4937 3174 5002 ς’.
3813 4990 3829 5012 ,

2269 5063 2287 5096 ι
2327 5041 2418 5095 Διὸ
2473 5037 2703 5106 ἀφέντες
2748 5035 2841 5088 τὸν
2873 5033 2972 5102 τῆς
3001 5027 3182 5100 ἀρχῆς
3205 5024 3301 5080 τοῦ
3329 5023 3588 5096 Χριστοῦ
3617 5022 3788 5088 λόγον,

2187 5137 2286 5192 ἐπὶ
2333 5135 2432 5203 τὴν
2469 5128 2786 5199 τελειότητα
2836 5122 3154 5196 φερώμεθα,
3200 5121 3276 5190 μὴ
3340 5118 3516 5172 πάλιν
3548 5113 3792 5186 θεμέλιον

2174 5224 2661 5294 ,καταϐαλλόμενοι
2693 5218 2981 5292 μετανοίας
3005 5257 3039 5281 ,,
3064 5214 3175 5269 ἀπὸ
3197 5213 3422 5282 νεκρῶν
3466 5213 3675 5284 ἔργων,
3705 5205 3792 5259 καὶ

2191 5321 2429 5382 πίστεως
2455 5317 2548 5372 ἐπὶ
2577 5315 2732 5379 Θεὸν,
2765 5308 3089 5384 βαπτισμῶν
3113 5306 3387 5376 διδαχῆς,
3413 5323 3432 5356 ι

2277 5497 2493 5568 Ἀρχὴν
2526 5512 2698 5565 φησι,,
2717 5493 2808 5546 τὸν
2839 5490 2928 5545 διὰ
2947 5489 3048 5562 τῆς
3076 5487 3320 5547 πίστεως
3375 5481 3678 5553 θεμέλιον·
3705 5488 3791 5528 τε·

2193 5594 2476 5660 λειότητα
2499 5589 2578 5654 δὲ,
2609 5587 2708 5659 τὴν
2730 5585 2797 5641 δι’
2831 5584 3009 5657 ἔργων
3037 5581 3260 5652 ἀγαθῶν
3287 5576 3694 5648 ὲποικοδομήν.
