4048 6408
467 365 573 428 853

1623 357 1722 420 ΙΙΝ
1753 356 1990 418 EPIST.
2025 356 2124 415 AD
2157 355 2545 414 HEBRZEOS.

3618 357 3726 422 954

545 491 565 521 ι
603 471 934 533 Ἐπιθέσεώς
963 487 1021 523 τε
1055 468 1277 540 χειρῶν,
1332 467 1682 531 ἀναστάσεώς
1725 486 1783 520 τε
1819 453 2049 536 νεκρῶν,

2234 483 2252 515 ⁸
2289 466 2659 535 ίηιΡοεῖιίοηὶε
2699 484 2918 544 quoque
2940 487 3222 538 manuum,
3271 486 3333 526 ac
3366 469 3723 526 resurrectio—

471 562 566 614 καὶ
595 561 866 632 κρίματος
894 559 1138 614 αἰωνίου.
1171 559 1281 613 Καὶ
1303 558 1463 613 τοῦτο
1483 561 1820 630 ποιήσωμεν,
1845 560 2048 626 ἐάνπερ

471 652 746 724 ἐπιτρέπῃ
777 655 806 706 ὁ
838 651 991 716 Θεός.
1038 650 1324 708 Ἀδύνατον
1358 651 1468 723 7&9
1499 652 1625 714 τοὺς
1686 649 1835 714 ἅπαξ
1879 663 2047 718 (ptati..-

471 743 715 805 σθέντας.
739 766 761 801 ι

541 834 699 889 Οὕτω
725 835 836 905 7&9
863 833 925 888 τὸ
957 830 1182 905 Πνεῦμα
1216 833 1546 905 ἐλάμϐανον.

551 947 569 980 ι
606 926 986 998 Γευσαμένους
1015 944 1076 979 τε
1106 926 1209 996 τῆς
1244 926 1453 997 δωρεᾶς
1477 927 1576 998 τῆς
1596 925 1942 998 ἐπουρανίου.
1984 945 2004 978 ι

542 1019 824 1083 Τουτέστι,
859 1019 959 1088 τῆς
986 1017 1236 1086 ἀφέσεως
1260 1017 1369 1072 τῶν
1402 1017 1834 1089 ἁμαρτημάτων.

549 1129 570 1162 ι
607 1111 722 1162 Καὶ
765 1109 1032 1181 μετόχους
1061 1110 1390 1180 γενηθέντας
1422 1108 1740 1180 Πννεύματος
1772 1109 1948 1178 ἁγίου.
1986 1125 2019 1158 »ι

544 1194 620 1256 Οῦ
642 1199 840 1271 ἔχομεν
870 1200 961 1253 διὰ
991 1200 1087 1255 τοῦ
1123 1201 1486 1271 χαρίσματος.

549 1308 582 1342 ι.
601 1290 712 1344 Καὶ
738 1290 903 1345 καλὸν
930 1291 1307 1362 γευσαμένους
1341 1290 1480 1344 Θεοῦ
1508 1291 1674 1361 ῥῆμα.
1718 1309 1740 1342 ι

545 1469 657 1540 Τὴν
695 1468 1046 1522 διδασκαλίαν
1065 1467 1166 1538 τῆς
1186 1465 1497 1538 ὁμολογίας.

551 1579 572 1614 ι
601 1559 874 1629 Δυνάμεις
904 1578 966 1613 τε
994 1558 1280 1630 μέλλοντος
1314 1557 1532 1623 αἰῶνος,
1560 1557 1655 1611 καὶ
1699 1559 2046 1630 παραπεσόν-

391 1686 394 1688 ~
474 1671 574 1716 τας
597 1652 782 1706 πάλιν.
826 1671 846 1703 ι

547 1741 715 1795 Τοῦτό
741 1759 895 1812 φησι,
942 1741 1030 1794 διὰ
1056 1741 1116 1795 τδ
1150 1739 1404 1811 θαύματα
1444 1739 1570 1804 τοὺς
1615 1737 2050 1809 βαπτιζομένους

2150 558 2240 612 nis
2275 565 2638 624 mortuorum,
2668 569 2721 616 et
2749 565 2939 619 aeterni
2966 566 3178 634 judieii.
3218 565 3410 638 Heus.
3447 565 3500 626 5,
3534 559 3614 632 4.]
3659 557 3724 612 Et

2150 647 2254 704 hoc
2283 647 2551 706 faciamus
2570 690 2586 716 ,
2612 652 2883 722 siquidem
2909 658 3221 724 permiserit
3277 657 3436 712 Deus.
3466 652 3734 723 lmpossi-

2151 737 2265 794 bile-
2285 747 2367 795 est
2399 742 2544 795 enim
2575 757 2671 798 eos
2704 745 2798 813 qui
2831 747 2999 800 semel
3035 758 3162 803 sunt
3197 749 3507 804 illuminati.
3559 765 3579 799 ι

2222 831 2335 887 Hoc
2371 833 2572 904 quippe
2601 838 2709 890 ritu
2737 835 3003 907 Spiritum
3045 842 3412 910 accipiebant.

2229 943 2247 976 ι
2291 925 2660 982 Gustaverunt
2685 930 2852 984 etiam
2896 931 3099 986 donum
3139 935 3383 1000 caeleste,
3419 953 3437 986 ι

2222 1017 2338 1070 Hoc
2364 1029 2468 1084 est,
2508 1018 2905 1090 indulgentiam
2931 1032 3300 1091 peccatorum.

2226 1126 2245 1158 ι
2283 1106 2348 1161 Et
2368 1109 2671 1180 participes
2691 1109 2818 1166 lacti
2841 1120 2971 1167 sunt
3000 1113 3243 1182 Spiritus
3277 1117 3472 1171 sancti.
3521 1135 3540 1169 ι

2219 1196 2391 1264 Quem
2425 1200 2688 1258 habemus
2713 1218 2810 1272 per
2833 1205 3022 1273 gratiae
3049 1206 3282 1261 donum.

2221 1288 2387 1346 Vens.
2425 1291 2478 1356 5,
2504 1291 2560 1346 6.
2607 1312 2626 1346 ι
2665 1293 3043 1351 Gustaverunt
3103 1297 3462 1356 nihilominus
3517 1299 3731 1357 bonum.

2154 1379 2248 1436 Dei
2273 1383 2520 1439 verbum.
2567 1402 2585 1436 ι

2221 1471 2534 1528 Doetrinam
2565 1475 2958 1532 confessionis.

2228 1581 2247 1614 ι
2285 1564 2638 1650 virtutesque
2699 1570 2881 1623 saeculi
2921 1571 3178 1638 venturi,
3217 1579 3272 1628 et
3309 1573 3552 1644 prolapsi
3596 1585 3730 1631 sunt

2150 1668 2368 1710 1⁸111³8118.
2414 1673 2433 1707 ι

2224 1743 2337 1800 Hoc
2359 1745 2455 1811 ait,
2489 1748 2746 1817 quoniam
2778 1749 2854 1803 illi
2908 1751 3001 1821 qui
3043 1751 3299 1822 baptizati
3347 1765 3522 1821 erant,
3557 1757 3732 1812 mira-

479 1804 765 1890 ἐπιτελεῖν.
937 1835 1047 1908 γὰρ
1063 1836 1112 1889 οἱ
1132 1804 1516 1907 βαπτιζόμενοι
1539 1804 1864 1906 χαρίσματα.
1881 1833 2047 1903 ἐλάμ-

2159 1837 2274 1942 eula
2307 1804 2611 1907 patrabant.
2649 1839 2803 1895 Tunc
2835 1804 3000 1897 enijmﬁ

476 1929 657 1994 ϐανθν,
689 1927 840 1982 ὥστε
866 1929 1110 2000 ἐνεργεῖν
1136 1927 1415 1997 δυνάμεις.

547 2037 568 2072 α
615 2020 1086 2085 ’Δνακαινίζεσθαι
1108 2021 1190 2085 είς
1220 2019 1591 2090 μετάνοιαν..)

543 2112 828 2177 Τουτέστι,
857 2113 946 2167 διὰ
995 2114 1308 2185 μετανοίας.
1345 2111 1517 2165 Τοῦτο
1552 2110 1618 2164 δὲ.
1641 2109 1813 2177 λέγει,
1844 2109 1943 2178 οὐχ
1977 2108 2052 2173 ὡς
2097 2117 2100 2120 ’

470 2203 703 2275 ὲέκόεϐλη
713 2205 878 2275 μένης
896 2204 994 2274 τῆς
1021 2203 1333 2275 μετανοίαις⁸
1361 2201 1665 2274 μὴγένοιτο
1684 2216 1703 2235 ο
1727 2201 1840 2254 ἀλλ’
1867 2201 1946 2262 ὡς
1974 2199 2052 2270 μὴ

471 2295 704 2349 δυνατοῦ
727 2295 879 2360 ὄντος
898 2295 995 2349 τοῦ
1023 2295 1113 2348 διὰ
1133 2294 1228 2348 τοῦ
1266 2291 1494 2365 λουτροῦ
1528 2291 1944 2362 ἀνακαινισμοῦ.
1963 2290 2052 2344 Διδ

473 2391 574 2444 οὐκ
622 2385 777 2445 εἶπεν
804 2431 820 2455 ,
849 2389 1148 2444 ἀδύνατον
1195 2385 1704 2454 ἀνακαινισθῆναι
1752 2385 1841 2451 εις
1875 2381 2053 2454 μετά-

474 2497 670 2546 νοιαν,
706 2481 802 2534 καλ⁸
824 2480 1099 2551 ἐσίγησεν,
1131 2480 1269 2535 ἀλλὰ
1306 2481 1424 2543 πῶς
1465 2478 1727 2533 ἀδύνατον
1767 2477 2049 2548 ἐπήγαγε,

475 2572 1009 2640 ἀνασταυροῦντας
1023 2571 1544 2639 ἁνακαινισθῆναι,
1560 2569 1807 2624 τουτέστι
1834 2568 2054 2631 καινοὺς

476 2660 752 2730 γενέσθαι.
776 2661 849 2714 Τὸ
874 2660 983 2732 7&9
1011 2659 1197 2714 καινὸν
1235 2660 1480 2729 ποιῆσαι,
1515 2659 1610 2712 τοῦ
1636 2656 1861 2728 λουτροῦ
1896 2655 2054 2726 μόνον

476 2753 645 2808 ἐστίν.
688 2753 1281 2824 Ἄνακαινισθήσεται
1315 2754 1426 2824 γὰρ
1453 2753 1534 2820 ὡς
1561 2752 1740 2808 ἀετοῦ
1770 2752 1810 2821 ἡ
1843 2751 2056 2819 νεότης

477 2858 618 2900 σου.

555 2954 574 2987 ι
619 2933 1119 3006 Ἀνασταυροῦντας
1146 2935 1360 2998 ἑαυτοῖς
1387 2932 1479 2988 τὸν
1505 2931 1635 2987 Υίὺν
1655 2931 1747 2986 τοῦ
1778 2930 1938 3001 Θεοῦ,
1961 2932 2056 2986 καὶΙ

475 3025 1096 3097 παραδειγματίζοντας.
1140 3043 1159 3078 ι
1589 3019 1591 3021 ’

2154 1928 2293 1984 dona
2320 1930 2658 1999 accipiebant
2693 1933 2892 2001 quibus
2918 1935 3146 1992 virtutes
3187 1937 3429 1994 ederent.

2229 2037 2250 2071 ι
2287 2019 2559 2076 Renovari
2581 2023 2649 2077 ad
2672 2024 3073 2093 pmnitentiam.
3108 2046 3127 2079 ι

2222 2108 2280 2164 ld
2326 2120 2411 2166 est
2461 2126 2559 2181 per
2608 2114 3016 2182 paenitentiam.
3047 2117 3105 2172 ld
3130 2118 3276 2186 quod
3332 2120 3487 2186 dicit,
3518 2136 3626 2178 non
3668 2131 3734 2176 ιιι.

2154 2201 2474 2272 paenitentia
2505 2203 2827 2259 excludatur
2861 2225 2873 2258 :
2921 2207 3060 2262 absit
3100 2208 3113 2260 ι
3151 2209 3243 2264 sed
3300 2211 3559 2280 quoniam
3611 2213 3726 2268 ﬁeri

2154 2307 2263 2348 non
2284 2300 2474 2363 potest
2486 2293 2652 2349 altera
2676 2309 2773 2365 per
2790 2294 3069 2350 lavacrum
3095 2301 3396 2366 renovatio.
3416 2301 3534 2356 Non
3559 2303 3726 2367 enim,

2153 2397 2279 2438 cum
2335 2385 2555 2449 dixerit,
2615 2386 2946 2454 impossibile
2976 2397 3062 2442 est
3095 2392 3337 2444 renovari
3384 2391 3452 2445 ad
3476 2394 3730 2460 pwniten-

2157 2477 2308 2540 tiam,
2343 2491 2468 2530 mox
2499 2478 2800 2544 conticuit;
2845 2478 2938 2533 sed
2980 2479 3162 2534 intulit
3195 2496 3293 2536 cur
3313 2482 3370 2535 .id
3407 2498 3513 2537 non
3550 2485 3730 2552 possit

2155 2569 2421 2638 praestari,
2450 2569 2704 2634 dicendo,
2755 2571 3122 2640 cruciﬁgentes
3169 2574 3446 2638 renovari;
3488 2558 3593 2630 hoc
3644 2584 3729 2630 est

2156 2675 2327 2717 novos
2353 2671 2513 2733 atque
2540 2664 2782 2734 integros
2824 2663 2966 2717 ﬁeri.
3012 2663 3198 2720 Solius
3241 2681 3478 2735 namque
3525 2668 3728 2722 lavacri

2156 2757 2241 2805 est
2273 2766 2475 2807 novum
2509 2753 2759 2810 reddere.
2792 2752 3166 2822 Renovabitur,
3213 2756 3412 2828 inquit,
3445 2769 3500 2812 ut
3537 2759 3730 2828 aquila:

2152 2841 2400 2910 juventus
2434 2853 2525 2897 tua
2557 2843 2640 2897 "._

2233 2951 2253 2984 ι
2288 2930 2528 2988 Rursum
2567 2935 2950 3004 cruciﬁgentes
2993 2934 3353 3005 sibimetipsis
3378 2935 3574 2991 Filium
3609 2935 3740 3002 Dei,.

2159 3029 2213 3078 et
2234 3025 2568 3094 contemptui
2604 3025 2888 3081 habentes.
2931 3045 2950 3078 ι
3033 3025 3072 3062 ί

548 3117 622 3171 Τὸ
664 3116 946 3189 βάπτισμα
995 3116 1226 3186 σταυρός
1249 3116 1390 3181 ἐστι,
1440 3117 1538 3170 καὶ⁵
1577 3113 2056 3185 συνεσταυρώθηδ

2229 3113 2396 3184 238
2425 3113 2736 3184 Baptismus
2775 3131 2908 3171 crux
2944 3124 3030 3172 est
3055 3158 3071 3184 ,
3121 3117 3397 3189 simulque
3431 3115 3729 3172 cruciﬁxus

475 3208 704 3273 παλαιὸς
719 3208 878 3280 ήμῶν
907 3208 1003 3263 άνθ
1011 3225 1214 3278 ρωπος.
1231 3209 1574 3278 Σύμμορφοι
1594 3206 1704 3277 7&9
1725 3208 2054 3276 γεγόναμεν

473 3295 558 3362 τῷ
604 3297 918 3367 ὁμοιώματι
976 3297 1082 3352 τοῦ
1136 3296 1396 3354 θανάτου
1442 3297 1654 3352 αὑτοῦ.
1717 3296 1828 3351 Καὶ
1853 3295 2052 3350 πάλινο

473 3387 904 3458 Συνετάφημεν
925 3387 1039 3459 γὰρ
1071 3387 1230 3453 αὐτῷ
1251 3387 1352 3442 διὰ
1391 3387 1498 3442 τοῦ
1515 3387 1941 3456 βαπτίσματος
1969 3387 2057 3452 εις

471 3478 587 3532 τὸν
606 3478 885 3535 θάνατον.
907 3479 1118 3551 Ὥσπερ
1145 3473 1240 3533 οῦν
1266 3479 1386 3532 ἐκεῖ
1399 3479 1500 3532 οὐκ
1523 3477 1878 3550 ἐνιδεύτερον
1902 3494 2059 3530 σταυ-

476 3568 718 3641 ρωθῆναι
766 3570 860 3624 τὸν
898 3569 1170 3642 Χριστόν*
1204 3569 1366 3622 τοῦτο
1415 3568 1526 3640 γὰρ
1557 3568 2058 3640 παραδειγματίσαι

476 3659 645 3715 αὐτόν
676 3661 794 3714 ἐστι
816 3676 832 3692 ο
865 3661 915 3714 εί
947 3659 1058 3731 7&9
1089 3660 1319 3724 θάνατος
1360 3658 1526 3714 αὑτοῦ
1555 3661 1656 3714 οὐκ
1685 3659 1764 3714 ἔτι
1791 3660 2056 3733 κυριεύει,

472 3745 600 3806 εἶτα
629 3750 1168 3823 πάλινσταυροῦται,
1203 3750 1372 3823 μῦθος
1397 3751 1576 3806 πάντα
1600 3753 1808 3804 ἐκεῖναι
1840 3751 2059 3805 ὁτοίνυν

474 3842 732 3914 δεύτερον
757 3842 1178 3914 βαπτιζόμενος,
1197 3843 1358 3898 πάλιν
1385 3843 1552 3897 αὐτὸν
1574 3845 1817 3916 σταυροῖ.
1850 3844 2060 3915 Ὥσπερ

476 3935 590 4006 γὰρ
628 3934 866 3989 ἀπέθανε
892 3935 1206 4007 Χριστδςςὲν
1236 3935 1315 4007 τῷ
1340 3936 1580 4008 σταυρῷ,
1611 3935 1786 4000 οὕτως
1815 3937 1975 4006 ἡμεῖς
2001 3938 2060 3990 ὲν

472 4026 558 4098 τῷ
591 4027 928 4100 βαπτίσματι
947 4045 962 4059 ο
991 4028 1053 4082 οὐ
1078 4031 1148 4102 τῇ
1181 4029 1362 4100 σαρκὶ,
1387 4028 1524 4082 άλλὰ
1550 4030 1620 4100 τῇ
1651 4028 1915 4101 ἁμαρτίᾳ.

557 4223 577 4256 ι
610 4203 690 4273 Γῆ
715 4203 826 4274 7&9
863 4203 1068 4261 πιοῦσα
1093 4204 1184 4259 τὸν
1207 4204 1300 4258 ἐπὶ
1331 4203 1506 4276 αὐτῆς
1538 4204 1799 4270 πολλάκις
1831 4206 2062 4278 ἐρχόμε-

481 4311 572 4348 νον
610 4295 785 4360 ὑετὸν,
823 4297 918 4348 καὶ
968 4296 1230 4350 τίκτουσα
1289 4295 1520 4367 βοτάνην
1545 4295 1767 4351 εὔθετον
1807 4298 2073 4382 ἐκείνοις,

484 4387 550 4440 δι’
583 4386 672 4450 οὓς
702 4388 796 4441 καὶ
823 4389 1172 4458 γεωργεῖται,
1198 4386 1628 4458 μεταλαμϐάνει.
1675 4407 1694 4442 ι

2157 3209 2243 3258 est
2278 3211 2528 3260 vetustus
2555 3214 2744 3261 noster
2797 3206 2961 3261 homo
2994 3225 3008 3261 :
3047 3208 3248 3278 quippe
3282 3223 3406 3263 cum
3439 3207 3731 3276 con/armes

2156 3293 2289 3362 [acti
2329 3295 2494 3348 simus
2546 3295 2888 3350 similitudini
2942 3298 3126 3352 mortis
3183 3298 3298 3366 ejus
3315 3297 3391 3351 .9'.
3420 3296 3484 3352 Et
3512 3313 3731 3353 rursum

2157 3385 2234 3441 ait
2269 3404 2283 3439 :
2313 3384 2618 3456 Consepulti
2646 3387 2785 3440 enim
2819 3388 2946 3442 estis
2976 3389 3026 3441 ei
3038 3394 3143 3457 per
3171 3386 3488 3456 baptismum
3508 3389 3564 3442 in
3591 3405 3734 3443 mor-

2157 3482 2260 3528 tem
2285 3475 2426 3530 ⁹⁶·⁹⁷.
2461 3475 2614 3530 Sicut
2639 3491 2768 3546 ergo
2787 3475 3040 3532 Christus
3065 3492 3173 3532 non
3195 3485 3374 3548 potest
3401 3478 3579 3532 denuo
3605 3491 3733 3531 cru-

2157 3563 2300 3634 ciﬁgi
2324 3564 2472 3635 (nam
2503 3563 2608 3619 hoc
2636 3573 2782 3620 esset
2807 3566 3141 3635 contemptui
3160 3580 3283 3621 eum
3313 3563 3514 3619 habere
3544 3571 3598 3619 et
3625 3573 3735 3618 tra-

2165 3655 2390 3710 ducere.
2423 3653 2479 3708 Si
2511 3655 2656 3710 enim
2695 3669 2845 3711 mors
2869 3655 2947 3710 illi
2993 3655 3135 3710 ultra
3177 3669 3287 3710 non
3316 3654 3649 3720 dominatur,
3681 3663 3735 3710 et

2162 3745 2523 3802 nihilominus
2567 3746 2718 3802 cruci
2779 3746 2976 3802 iterum
3023 3746 3278 3818 adigitur,
3333 3746 3525 3801 isthaec
3553 3747 3744 3818 omnia-

2164 3849 2496 3911 nugamenta
2550 3851 2679 3896 sunt
2734 3849 2790 3896 et
2833 3840 3090 3912 fabulae),
3148 3843 3238 3911 qui
3280 3842 3448 3913 igitur
3495 3844 3753 3898 secundo--

2163 3931 2496 4002 baptizatur,
2526 3947 2648 3987 eum
2679 3947 2875 3987 rursus
2906 3935 2962 3988 in
2992 3949 3208 3989 crucem
3239 3934 3368 4006 agit.
3387 3932 3522 3988 Nam
3547 3950 3740 4005 quem-

2164 4023 2456 4078 admodum
2488 4023 2542 4076 in
2565 4037 2726 4078 cruce
2753 4022 3009 4080 Christus
3039 4034 3290 4080 mortuus
3313 4033 3420 4094 est,
3447 4026 3527 4083 sic
3559 4035 3614 4081 et
3637 4040 3755 4081 nos-

2162 4115 2219 4169 in
2249 4115 2551 4185 baptismo;
2575 4129 2683 4169 non
2714 4115 2886 4181 carni,
2919 4115 3014 4169 sed
3040 4125 3284 4185 peccato.

2237 4203 2399 4260 Vens.
2443 4205 2495 4258 7.
2542 4224 2560 4258 ι
2599 4204 2769 4261 Terra
2803 4206 2946 4262 enim
2974 4223 3119 4278 saepe
3153 4209 3464 4264 venientem
3491 4225 3654 4281 super
3680 4225 3748 4266 se

2165 4294 2359 4352 bibens
2393 4295 2619 4350 imbrem
2650 4335 2664 4361 ,
2696 4303 2748 4349 et
2777 4307 3047 4366 generans
3093 4295 3318 4350 herbam
3373 4306 3736 4366 opportunam

2165 4389 2275 4444 illis
2304 4403 2406 4458 pro
2435 4387 2638 4458 quibus
2671 4395 2722 4443 et
2753 4389 2972 4454 colitur,
3009 4387 3276 4458 accipit.»

567 4477 794 4544 ’Υετὸν,
820 4478 920 4549 τὴν
950 4476 1325 4541 διδασκαλίαν,
1361 4477 1550 4548 φησὶν,
1575 4477 1652 4542 ὡς
1672 4476 1765 4531 καὶ
1794 4477 2053 4550 ἑτέρωθιο

2235 4478 2465 4535 Imbrem
2497 4479 2807 4536 doctrinam
2842 4486 3158 4551 nuncupat,
3190 4489 3250 4534 ut
3305 4479 3360 4534 in
3411 4479 3518 4536 alio
3566 4479 3688 4534 loco
3719 4495 3734 4532 :

493 4571 875 4640 Ἐντελοῦμαι
896 4571 1007 4641 7&9
1037 4570 1174 4636 sai;
1191 4570 1497 4639 νεφέλαις,
1532 4570 1598 4623 τὸ
1624 4569 1711 4640 μὴ
1733 4569 1949 4640 βρέξαι
1968 4573 2057 4638 εὶς

477 4661 666 4716 αὑτὸν
684 4661 886 4716 ὑετόν.
927 4659 1195 4719 Ἐνταῦθα
1216 4660 1386 4731 δηλοῖ,
1413 4660 1496 4714 ὅτι
1519 4659 1785 4727 ἐδέξαντο,
1816 4663 1908 4716 καὶ
1930 4677 2057 4715 συν-

476 4754 632 4824 έπιον
660 4752 753 4806 τὸν
772 4751 952 4821 λόγον,
983 4753 1079 4805 καὶ
1109 4751 1231 4804 οὐδὲ
1261 4749 1433 4815 οὕτως
1455 4750 1757 4817 άπώναντο,
1791 4751 2057 4823 μικροψυ-

474 4843 702 4915 χοῦντες
737 4843 795 4898 ὲν
827 4845 942 4906 τοῖς
975 4845 1323 4915 πειρασμοῖς.

555 4957 576 4990 ι
609 4936 874 5006 Εὑλογίας
912 4936 1020 4990 ἀπὸ
1043 4936 1198 4991 Θεοῦ.
1239 4955 1257 4987 ι

562 5025 826 5082 Ἐνταῦθα
873 5027 965 5081 τὸν
991 5025 1125 5081 Θεόν
1152 5042 1315 5098 φησιν
1342 5027 1511 5080 αἴτιον
1556 5025 1665 5080 τῶν
1699 5025 1952 5080 ἁπάντων
1973 5025 2058 5093 γίὺ

476 5117 688 5183 νεσθαι,
717 5117 970 5187 πλήττων
989 5115 1175 5187 ἠρέμα
1196 5117 1320 5181 τοὺς
1346 5116 1632 5188 Ἕλληνας,
1660 5117 1788 5179 τοὺς
1805 5117 1872 5187 τῇ
1895 5115 2056 5170 δυνά-

481 5225 576 5278 μει
603 5206 701 5277 τῆς
727 5205 855 5276 γῆς,
874 5203 1235 5276 τῶνκαρπῶν
1266 5206 1368 5277 τὴν
1397 5207 1610 5275 γένεσιν
1630 5206 2055 5276 ὲπιγράφοντας.

557 5318 577 5352 ι
616 5298 957 5368 Ἐκφέρουσα
993 5297 1052 5351 δὲ
1086 5296 1351 5362 ἀκάνθας.
1394 5317 1428 5352 r-

553 5387 708 5442 Ἐπεὶ
737 5389 831 5442 καὶ
861 5388 1022 5444 πάλιν
1059 5388 1160 5440 οὐκ
1187 5381 1329 5452 εἶπε,
1362 5387 1621 5441 τίκτουσα
1647 5387 1910 5453 ἀκάνθας,
1941 5387 2061 5441 οὐδὲ

477 5479 562 5550 τῷ
593 5481 850 5552 χρησίμῳ
880 5479 1055 5551 τούτῳ
1087 5479 1322 5550 ὀνόματι
1347 5479 1638 5551 ἐχρήσατο.
1663 5479 1824 5534 Ἀλλὰ
1855 5479 1937 5532 el:
1965 5479 2062 5533 ἐκ·

473 5573 750 5644 φέρουσα
770 5573 1060 5640 ἀκάνθας-ο
1089 5573 1164 5637 ὡς
1204 5573 1270 5628 ἂν
1310 5571 1454 5627 εἴποι
1491 5590 1595 5638 τις,
1626 5572 2020 5642 ἑκϐράσσουσα.

2170 4569 2439 4624 Mandab‘o
2486 4569 2732 4636 nubibus,
2790 4578 2848 4624 ut
2889 4587 2992 4624 non
3029 4570 3219 4640 pluunt
3257 4586 3413 4639 super
3461 4585 3579 4624 eam
3638 4571 3738 4624 im-

2168 4663 2309 4718 brem
2343 4662 2410 4717 9°.
2444 4661 2545 4716 Hic
2577 4662 2829 4718 declarat
2845 4676 2941 4718 eos
2992 4662 3308 4731 suscepisse
3329 4669 3382 4716 et
3410 4661 3739 4717 combibisse

2165 4768 2501 4821 sermonem,
2535 4767 2639 4808 nec
2673 4753 2754 4809 sic
2794 4762 2975 4806 tamen
3007 4752 3331 4823 profecisse,
3361 4767 3488 4808 cum
3539 4752 3737 4807 animis

2164 4842 2219 4896 in
2249 4839 2652 4896 tentationibus
2691 4838 3064 4895 conciderent.

2241 4953 2260 4985 ι
2306 4931 2732 4987 Benedictiones
2761 4928 2874 4985 Dei.

2234 5021 2334 5078 Hic
2367 5023 2526 5078 docet
2573 5020 2745 5076 Deum
2806 5021 3051 5076 omnium
3085 5036 3210 5077 esse
3266 5027 3571 5088 auctorem,
3611 5035 3740 5091 per-

2165 5115 2491 5186 stringitque
2543 5113 2712 5169 tacite
2741 5112 2992 5184 gentiles,
3039 5113 3140 5183 qui
3178 5121 3341 5170 terra;
3370 5113 3558 5170 virtuti
3608 5105 3743 5168 fru—

2165 5215 2349 5262 ctuum
2389 5205 2793 5276 generationem
2834 5205 3138 5261 ascribunt.

2235 5299 2402 5354 Vsas.
2433 5300 2485 5355 8.
2527 5317 2546 5350 ι
2582 5297 2880 5354 Proferens
2910 5305 3092 5353 autem
3123 5297 3329 5368 spinas.
3371 5317 3392 5350 ι

2235 5390 2424 5460 Neque
2447 5404 2667 5445 rursum
2695 5389 2852 5454 dixit,
2887 5403 3155 5460 generans
3176 5388 3386 5458 spinas,
3425 5400 3603 5458 neque
3642 5399 3748 5443 ac-

2166 5482 2453 5538 commodo
2502 5481 2606 5536 hoc
2669 5479 2834 5536 verbo
2884 5493 3019 5534 usus
3047 5485 3152 5534 est.
3181 5475 3287 5533 Sed
3335 5475 3466 5547 quid
3497 5476 3601 5531 hee
3632 5487 3756 5543 est,

2175 5573 2443 5643 proferens
2477 5573 2656 5642 spinas
2680 5572 2704 5626 .’
2730 5569 2887 5630 Velut
2913 5570 2958 5628 si
2991 5571 3114 5642 quis
3143 5569 3312 5637 dicat,
3345 5569 3650 5628 ebulliens.-

541 5749 592 5783 “
614 5749 755 5807 Psal.
789 5764 882 5816 cu,
915 5750 966 5806 5.
1024 5751 1069 5784 ⁸⁸
1103 5748 1260 5811 Rom.
1289 5767 1364 5818 vr,
1387 5751 1441 5808 5.
1507 5749 1775 5807 "-"ibid.
1800 5749 1854 5804 2.
1914 5751 1956 5784 ’⁸
1987 5750 2094 5808 lsa.
2127 5765 2180 5817 ν,
2215 5757 2275 5812 8.
