4048 6406
456 319 559 385 955

531 457 550 485 ι
587 437 649 489 Et
680 437 935 502 tribulos,
979 439 1216 510 reproba
1238 446 1346 496 est.
1384 459 1402 491 ι

2225 467 2245 500 ι
2287 449 2394 503 Καὶ
2418 448 2722 520 τριϐόλους,
2759 448 3040 520 ἀδόκιμος.
3073 469 3092 502 ι

525 529 813 602 Scriptura
845 534 1049 601 passim
1081 543 1304 604 peccata
1333 534 1570 606 appellat
1593 538 1775 608 spinas
1794 557 1813 604 ;
1843 555 2038 611 quem-

2215 541 2501 612 Πανταχοῧ
2529 543 2562 613 ἡ
2586 542 2777 615 Γραφὴ
2810 543 3080 610 ἀκάνθας
3105 543 3266 598 καλεῖ
3296 543 3367 601 τά
3400 545 3713 623 ἁμαρτήμα.
3788 580 3800 627 ι

453 623 746 680 admodum
782 634 836 679 et
864 624 1030 680 David
1062 627 1194 681 dicit
1223 644 1236 679 :
1263 627 1556 684 Conversus
1584 647 1700 684 sum
1722 631 1777 686 in
1801 650 2041 687 wrumna

2152 652 2230 700 τα,
2255 633 2332 699 ὡς
2353 636 2445 688 καὶ
2465 636 2494 687 ὁ
2523 634 2689 688 Δαϐξδ
2721 652 2886 706 φησιν
2906 652 2921 666 ο
2966 636 3317 707 Ἐστράςρην
3334 641 3420 705 εὶς
3443 645 3717 697 ταλαιπω-

451 740 589 787 mea,
642 723 768 776 dum
807 723 1148 792 conliguntur
1206 725 1374 793 spinae
1419 727 1488 780 ".
1531 724 1641 781 Nec
1665 727 1814 781 enim
1862 729 2038 783 solum

2152 727 2299 792 βίαν,
2331 727 2403 781 ἐν
2419 727 2500 794 τῷ
2514 727 2858 798 ἐμπαγῆναι
2873 745 2975 797 μοι
2997 729 3286 796 ἀκάνθας.
3319 732 3393 785 Οὐ
3417 731 3524 804 γὰρ
3547 734 3717 800 ἁπλῶς

452 813 862 882 ingrediuntur,
920 813 1015 867 sed
1067 815 1232 868 etiam
1295 815 1614 886 inﬁguntur.
1649 817 1765 872 Etsi
1811 819 1895 874 vel
1928 819 2042 874 exi-

2152 821 2490 892 ἐπέρχονται,
2546 821 2662 875 ἀλλ’
2716 821 3124 892 ὲμπήγνυνται.
3167 822 3286 876 Κᾶν
3344 827 3536 897 μικρὸν
3566 827 3718 897 αὐτῆς

1649 325 1707 387 S.
1733 325 1978 389 JOANN
1988 327 2056 388 IS
2099 330 2537 393 DAMASCENI
3616 347 3714 413 956

451 920 617 975 guum
679 905 810 974 quid
843 905 1018 975 spinae
1061 907 1583 968 remanserit,-nisi
1610 917 1783 964 totum
1825 910 2043 966 aufera-

451 1017 597 1068 mus,
652 1016 880 1072 parvum
946 1004 1052 1058 hoc
1084 1005 1363 1074 'peraeque
1403 1003 1648 1060 dolorem
1686 1015 1854 1072 creat,
1892 1007 2038 1062 haud

452 1108 617 1148 secus
652 1102 819 1163 atque
851 1109 918 1149 ex
950 1095 1109 1165 spina
1161 1095 1384 1150 accidit.
1431 1095 1536 1150 Sed
1569 1096 1702 1166 quid
1731 1097 1820 1152 aio
1857 1097 2041 1168 ipsum

451 1187 756 1258 exiguum?
803 1203 928 1242 nam
967 1203 1032 1243 eo
1072 1188 1275 1254 ablato,
1321 1187 1573 1244 vulneris
1605 1189 1764 1245 dolor
1793 1191 2043 1262 augescit

453 1277 710 1345 amplius,
739 1285 905 1348 atque
924 1277 1092 1332 multa
1118 1278 1410 1332 curatione
1429 1286 1483 1332 et
1505 1279 1872 1336 medicamine
1905 1295 2044 1352 opus

454 1379 541 1424 est
563 1378 622 1423 ut
651 1386 714 1424 ex
739 1377 857 1425 toto
894 1385 1065 1426 sanus
1094 1379 1149 1426 et
1172 1371 1311 1426 liber
1338 1372 1502 1427 homo
1533 1373 1625 1428 sit.
1653 1372 1809 1428 Haud
1842 1375 2044 1446 quippe

452 1462 652 1518 sulﬁcit
679 1472 966 1532 peccatum
1003 1465 1259 1534 evellere,
1293 1481 1486 1522 verum
1526 1466 1690 1522 etiam
1739 1477 1956 1538 oportet
1987 1475 2045 1522 ut

451 1564 690 1624 punctus
720 1556 874 1610 locus
905 1565 1152 1612 sanetur.
1701 1602 1713 1609 .

522 1645 655 1703 Jure
687 1648 889 1702 merito
917 1655 1208 1718 peccatum
1243 1649 1500 1704 tribulam
1534 1651 1774 1707 vocavit.
1806 1649 1944 1706 Nam
1975 1666 2042 1709 ex

451 1754 782 1812 quacunque
813 1750 969 1810 parte
1017 1725 1146 1796 hoc.
1167 1742 1438 1809 tenueris,
1486 1741 1614 1799 {erit
1647 1748 1700 1799 et
1722 1744 1936 1816 pungit.

509 1851 548 1908 ι
586 1832 654 1887 Et
688 1833 982 1889 maledicto
1006 1835 1276 1905 proxima.
1317 1853 1336 1888 ι

525 1925 843 1982 Proximam
893 1925 1178 1980 maledicto
1239 1925 1421 1993 dixit,
1492 1942 1606 1982 non
1661 1928 2038 1984 maledictum.

451 2021 626 2077 Porro
644 2019 736 2090 qui
773 2019 1018 2074 nondum
1055 2019 1107 2073 in
1132 2019 1485 2075 maledictum
1511 2019 1726 2087 incidit,
1748 2019 1844 2076 sed
1878 2035 2048 2092 prope

455 2113 714 2178 accessit,
746 2111 942 2182 procul
975 2112 1274 2168 abscedere
1302 2113 1527 2183 poterit.

529 2221 549 2254 ι
573 2199 746 2272 Cujus
771 2202 1181 2256 consummatio
1217 2201 1271 2256 in
1301 2203 1770 2260 combustionem.
1809 2225 1827 2258 ι

523 2293 644 2350 Non
687 2295 786 2361 ait,
831 2311 953 2366 qua:
1003 2295 1383 2350 comburetur.
1439 2295 1582 2362 Quid
1616 2312 1748 2352 vero
1775 2306 1861 2354 est
1891 2299 2044 2368 cujus

452 2387 844 2441 consummatio
885 2387 940 2441 in
971 2388 1438 2445 combustiouem?
1484 2386 1540 2443 Si
1578 2390 1646 2443 ad
1682 2389 1843 2446 ﬁnem
1875 2407 2048 2463 usque

454 2481 852 2551 perseverabit,
883 2481 1083 2552 inquit.

523 2570 695 2627 Vens.
733 2575 787 2627 9.
835 2590 854 2624 ι
898 2571 1242 2628 ϐοηῐίιίῐιηιιε
1264 2581 1447 2628 autem
1481 2572 1551 2629 de
1584 2573 1766 2638 vobis,
1799 2573 2046 2630 dilectis-

455 2665 605 2730 simi,
640 2665 866 2720 meliora
912 2673 967 2721 et
1000 2664 1273 2722 viciniora
1318 2665 1488 2721 saluti
1521 2683 1534 2720 :
1595 2655 1817 2722 tametsi
1859 2666 1934 2722 ita
1973 2667 2048 2723 lo-

454 2759 698 2830 quimur.
737 2778 758 2811 ›

527 2849 664 2906 Cum
696 2867 790 2906 eos
817 2858 1088 2921 quantum
1123 2866 1225 2922 par
1272 2858 1394 2907 erat
1427 2851 1840 2922 perstrinxerit,
1890 2866 2052 2907 cura-

457 2941 666 2996 tionem
697 2941 855 2996 allert
882 2941 1109 3007 iterum,
1141 2957 1212 2996 ne
1246 2942 1486 3010 dejiciat.
1532 2940 1745 3012 Ecquid
1778 2943 1924 2998 enim
1963 2941 2050 2996 di-

2142 914 2497 986 ὲναπομείνῃ,
2535 915 2628 968 καὶ
2656 913 2730 983 μὴ
2761 915 2945 968 πᾶσαν
2976 914 3148 987 αὐτὴν
3190 914 3486 988 ἐξέλωμεν,
3519 919 3645 972 αὐτὸ
3667 922 3720 975 τὸ

2146 1005 2343 1076 μικρὸν
2371 1004 2586 1077 ·όδυνᾷ,
2635 1004 2836 1077 ὁμοίως
2877 1004 3128 1078 καθάπερ
3181 1008 3275 1060 ὲπ¹ι
3324 1008 3424 1078 τῆς
3474 1009 3719 1080 ἀκάνθης.

2142 1099 2253 1152 Καὶ
2278 1097 2331 1151 τί
2363 1097 2506 1166 λέγω
2530 1097 2663 1153 αὐτὸ
2688 1097 2748 1151 τὸ
2777 1097 2974 1170 μικρόν
2999 1115 3014 1164 ;
3040 1099 3137 1152 καὶ
3167 1098 3277 1171 γὰρ
3315 1099 3456 1171 μετὰ
3477 1101 3570 1154 τοῦ
3590 1101 3721 1171 ἐξαι-

2146 1186 2369 1259 ρεθῆναι
2403 1189 2497 1242 ἐπὶ
2523 1188 2656 1242 πολὺ
2692 1188 2794 1259 τῆς
2830 1188 3046 1260 πληγῆς
3083 1188 3186 1261 τὴν
3217 1189 3413 1261 ὀδύνην
3457 1191 3719 1264 ὲναφίησι,

2145 1280 2240 1334 καὶ
2262 1281 2342 1334 δεῖ
2375 1279 2678 1351 θεραπείας
2710 1280 2916 1351 πολλῆς
2940 1282 3036 1335 καὶ
3069 1281 3335 1355 ίατρείας,
3365 1280 3507 1335 ὥστε
3531 1283 3722 1338 τέλειον

2144 1372 2314 1442 αὐτῆς
2344 1371 2799 1443 ὲλευθερωθῆναι.
2830 1371 2967 1425 Οὐδὲ
2993 1372 3103 1443 γὰρ
3136 1374 3300 1444 ἀρκεῖ
3331 1373 3394 1426 τὸ
3415 1372 3614 1440 ἐξελεῖν
3637 1375 3723 1446 μό-

2144 1481 2234 1516 νον
2265 1463 2364 1534 τὴν
2397 1465 2698 1536 ἁμαρτίαν,
2733 1463 2870 1518 ἀλλὰ
2897 1463 2993 1518 καὶ
3032 1463 3222 1519 τοῦτον
3260 1463 3540 1536 πληγέντα
3573 1464 3724 1538 θερα-

2145 1555 2345 1610 πεῦσαι
2373 1557 2561 1612 τόπον.

2215 1649 2456 1713 Εἰκότως
2484 1648 2582 1721 τὴν
2630 1649 2908 1720 ἁμαρτίαν
2956 1649 3243 1719 τρίϐολον
3269 1647 3552 1705 ἐκάλεσεν.
3580 1648 3725 1704 Ὅθεν

2146 1739 2256 1811 γὰρ
2287 1739 2461 1808 αὐτῆς
2497 1740 2802 1812 κατάσχῃς,
2839 1739 3068 1810 πλήττει
3093 1738 3188 1791 καὶ
3219 1737 3429 1792 δάκνει.

2078 1827 2125 1884 Β
2230 1851 2248 1884 ι
2285 1833 2395 1886 Καὶ
2417 1831 2664 1901 κατάρας
2699 1829 2886 1899 ἐγγύς.
2928 1847 2946 1882 ι

2227 1924 2500 1992 Κατάρας
2523 1921 2676 1978 εἶπεν
2711 1923 2912 1994 ἐγγὺς,
2950 1922 3011 1978 οὓ
3053 1921 3292 1991 κατάρα.
3334 1919 3395 1972 '0
3425 1918 3482 1973 δὲ
3520 1917 3728 1989 μηδέπω

2100 2080 2112 2087 ,
2155 2019 2235 2080 εἰς
2283 2018 2383 2088 τὴν
2435 2017 2575 2088 ἀρὰν
2609 2015 2868 2086 ἐμπεσὼν
2890 2055 2905 2080 ,
2942 2015 3059 2070 ἀλλ’
3095 2013 3265 2084 ἐγγὺς
3293 2011 3610 2084 γενόμενος,
3646 2011 3729 2063 καὶ

2159 2108 2378 2184 μακράν
2414 2107 2670 2177 γενέσθαι
2697 2107 3013 2179 δυνήσεται.

2233 2222 2252 2254 ι
2288 2194 2396 2265 τΗς
2422 2201 2484 2254 τὸ
2508 2200 2660 2264 τέλος
2698 2200 2776 2264 εἰς
2805 2199 3023 2254 καῦσιν.
3069 2217 3087 2250 ι

2227 2295 2341 2348 Οὐκ
2373 2289 2546 2360 εἴπεν,
2573 2293 2695 2364 ἥτις
2727 2295 3012 2363 καήσεται.
3033 2289 3197 2345 Ἀλλὰ
3223 2290 3313 2358 ri;
3347 2281 3456 2355 1Ἠς
3479 2286 3541 2340 τὸ
3575 2284 3731 2351 τέλος

2155 2389 2241 2452 εὶς
2277 2386 2529 2446 καῦσινο
2573 2384 2699 2439 Ἐὰν
2728 2383 3101 2456 μέχριτέλους
3133 2382 3416 2454 ὲπιμείνῃ,
3444 2375 3598 2449 φησι.

2234 2589 2252 2622 ι
2287 2567 2642 2639 Πεπείσμεθα
2665 2566 2723 2621 δὲ
2752 2567 2880 2638 περὶ
2901 2555 3080 2636 ὑμῶν,
3109 2560 3391 2633 ἀγαπητοὶ
3414 2601 3428 2627 ,
3458 2559 3528 2613 τά
3559 2556 3729 2630 κρείσ-

2159 2680 2308 2728 σονα,
2344 2661 2441 2724 καὶ
2492 2660 2734 2733 ἐχόμενα
2788 2658 3068 2731 σωτηρίας
3093 2699 3107 2724 ,
3149 2658 3198 2710 εἰ
3233 2655 3335 2709 καὶ
3375 2651 3516 2707 οὕτω
3557 2648 3731 2705 λαλοῦ-

2232 2769 2338 2807 ν.»
3563 2761 3566 2764 ’

2232 2769 2282 2807 ν.
2320 2771 2338 2802 ι

2161 2769 2634 2916 μΕιίειιθαψάμενος
2687 2815 2868 2898 αὐτῶν
2921 2839 3155 2906 ἱκανῶς,
3210 2835 3510 2910 θεραπεύει
3564 2831 3727 2896 πάλιν,

2158 2939 2298 2992 ὥστε
2356 2939 2432 3010 μὴ
2472 2935 2827 2992 καταϐαλεῖν.
2872 2934 2938 2987 Τί
2975 2934 3087 3006 γάρ
3119 2947 3332 3003 φησιν;
3379 2931 3491 2999 Οὐχ
3523 2928 3594 2991 ὡς
3623 2943 3736 2980 κατ-η

459 3030 721 3086 cit?Non
763 3030 879 3086 haec
902 3032 1187 3101 loquimur
1221 3039 1283 3085 ut
1317 3048 1415 3087 vos
1449 3031 1904 3099 condemnemus,
1959 3039 2052 3086 aut

2157 3031 2462 3099 ἐγνωκότες
2493 3028 2649 3100 ὑμῶν
2673 3026 2851 3081 ταῦτα
2877 3026 3138 3097 λέγομεν,
3166 3023 3290 3078 οὐδὲ
3343 3022 3422 3087 ὥς
3443 3020 3730 3092 νομίζοντες

462 3126 844 3181 existimemus
873 3124 1051 3196 spinis
1089 3140 1190 3179 vos
1215 3123 1426 3180 obsitos
1464 3131 1519 3180 et
1551 3124 1742 3195 plenos
1774 3139 1918 3192 esse,
1956 3124 2050 3179 sed

2159 3121 2413 3178 ἀκανθῶν
2445 3122 2592 3192 ὑμᾶς
2637 3119 2888 3192 πλήρεις,
2944 3116 3084 3172 ἀλλὰ
3121 3115 3448 3178 δεδοικὰτες,
3495 3112 3566 3184 μὴ
3591 3108 3731 3164 τοῦτο

459 3219 591 3290 quia
617 3234 874 3274 veremur
904 3193 981 3273 ne
1011 3216 1066 3272 id
1106 3217 1414 3289 contingat.
1441 3193 1660 3288 Adjeeit
1686 3217 1833 3272 enim
1872 3235 1884 3270 :
1911 3216 2053 3272 Con-

2156 3215 2404 3288 γένηται.
2449 3213 2732 3286 Ἐπήγαγε
2757 3213 2888 3285 γὰρ,
2916 3210 3302 3280 Πεπείσμεθα
3321 3205 3456 3276 περὶ
3486 3201 3644 3276 ὑμῶν
3668 3202 3732 3256 τὰ

459 3313 676 3384 ﬁdimus
706 3310 770 3365 de
809 3309 954 3366 vobis
995 3309 1240 3376 meliora,
1280 3317 1330 3365 et
1356 3310 1530 3365 vicina
1560 3309 1746 3365 saluti.

529 3403 695 3476 239
728 3401 883 3461 Vers.
921 3404 1006 3460 ιο.
1041 3401 1200 3458 «Non
1231 3402 1378 3459 enim
1411 3402 1656 3474 injustus
1680 3401 1826 3458 Dens
1851 3408 1940 3458 est
1996 3411 2059 3457 ut

458 3497 824 3553 obliviscatur
876 3497 1064 3568 operis
1131 3488 1331 3557 vestri,
1365 3501 1420 3550 et
1450 3493 1660 3549 laboris
1716 3493 2052 3558 dilectionis,

457 3605 621 3662 quam
641 3589 968 3646 ostendistis
993 3588 1047 3644 in
1081 3587 1305 3644 nomine
1325 3586 1525 3657 ipsius,
1560 3587 1656 3658 qui
1688 3585 2054 3644 ministrastis

457 3682 668 3738 sanctis
688 3689 743 3738 et
775 3680 1134 3737 ministratis.
1165 3698 1183 3732 ι

529 3765 714 3838 Papae,
756 3775 962 3839 quanta
990 3767 1199 3822 virtute
1231 3767 1449 3824 animos
1471 3767 1722 3837 ipsorum
1745 3765 2052 3833 roboravit,

461 3873 699 3930 quorum
755 3859 970 3929 priscas
995 3858 1248 3914 actiones
1297 3859 1604 3914 memorat!
1644 3868 1698 3915 et
1759 3858 1908 3930 quali
1957 3875 2055 3916 eos

463 3948 788 4004 necessitati
820 3949 1138 4016 adstrinxit,
1165 3965 1232 4005 ne
1267 3949 1373 4008 sibi
1429 3947 1702 4021 ﬁngerent
1747 3949 1920 4008 Deum
1949 3950 2056 4006 im-

465 4057 761 4098 memorem
793 4043 945 4099 essel
982 4041 1265 4114 Siquidem
1318 4043 1439 4098 ﬂeri
1483 4057 1593 4098 non
1632 4053 1815 4115 potest
1862 4052 1925 4101 ut
1958 4044 2054 4100 ille

462 4151 572 4191 non
599 4145 788 4206 peccet
813 4136 908 4207 qui
934 4145 1085 4190 certa
1125 4151 1222 4207 spe
1241 4152 1351 4192 non
1388 4135 1459 4192 sit
1490 4134 1840 4193 obﬁrmatus.

528 4226 702 4285 Vens.
736 4228 824 4284 11.
880 4247 899 4280 ι
931 4227 1205 4299 Cupimus
1224 4239 1409 4285 autem
1449 4245 1912 4302 unumquemque
1963 4247 2055 4288 ve-

458 4327 641 4406 strum_
676 4318 926 4375 eamdem
961 4327 1246 4376 ostentare
1294 4319 1723 4378 sollicitudinem
1761 4320 1830 4376 ad
1863 4321 2053 4394 exple-

458 4415 666 4470 tionem
699 4413 819 4483 spei
846 4428 1025 4483 usque
1059 4412 1116 4468 in
1145 4413 1331 4472 tinem.
1369 4432 1387 4466 ι

422 4539 432 4548 ς
529 4503 651 4562 Hoc
682 4506 1051 4564 admiratione
1081 4507 1310 4578 dignum
1337 4514 1444 4573 est,
1477 4520 1580 4562 nec
1615 4520 1728 4562 non
1763 4507 2053 4578 perspica-

457 4599 628 4655 citate
652 4597 844 4668 Pauli;
871 4597 1019 4670 quod
1045 4614 1156 4654 non
1178 4597 1421 4654 declarat
1438 4613 1534 4653 eos
1551 4595 1772 4654 tandem
1794 4598 2054 4657 cessisse.

457 4690 702 4748 Dieendo
723 4691 890 4759 enim,
910 4691 1177 4757 cupimus,
1201 4687 1344 4746 idem
1371 4695 1458 4746 est
1482 4703 1548 4745 ac
1584 4687 1631 4743 si
1649 4689 1776 4759 quis
1796 4688 2016 4760 inquiat
2041 4707 2056 4746 :

459 4783 601 4840 Volo
634 4792 694 4838 ut
728 4798 950 4852 semper
977 4784 1057 4839 sis
1101 4781 1404 4848 sollicitus,
1439 4789 1500 4838 et
1531 4781 1715 4851 qualis
1753 4789 1882 4838 ante
1907 4797 2054 4849 eras,

458 4876 588 4946 talis
645 4889 792 4930 nunc
845 4875 968 4941 tias,
1003 4881 1059 4929 et
1091 4873 1147 4927 in
1207 4873 1482 4928 futurum.
1535 4869 1656 4928 Hoc
1714 4881 1878 4943 pacto
1909 4873 2057 4930 enim

457 4964 941 5038 reprehensionem
981 4974 1210 5036 acceptu
1233 4963 1442 5020 facilem
1475 4961 1736 5020 instituit.
1758 4962 1905 5030 Quin
1957 4979 2060 5019 nec

459 5059 626 5128 dixit,
654 5057 806 5125 volo,
843 5060 994 5129 quod
1033 5058 1280 5129 magistri
1313 5055 1708 5112 auctoritatem
1741 5055 2052 5128 praeferret,

461 5127 563 5221 sed
598 5127 880 5221 cupimus,
901 5153 955 5208 id
989 5127 1457 5225 quodpaternam
1502 5153 1680 5226 magis
1703 5127 2053 5208 dilectionem

460 5246 744 5318 exprimit,
772 5261 937 5318 quam
965 5245 1125 5304 velle.

534 5340 704 5400 Vsus.
733 5339 821 5396 12.
862 5359 882 5393 ι
919 5339 992 5397 Ut
1024 5356 1135 5398 non
1168 5356 1366 5414 segnes
1397 5339 1735 5398 eiiiciamini.
1772 5357 1791 5392 ι

535 5432 696 5492 Sicut
737 5433 912 5494 otium
942 5435 1210 5492 nocivum
1248 5445 1338 5498 est
1371 5432 1617 5506 corpori,
1653 5430 1860 5504 inquit,
1889 5427 1972 5486 sic
1999 5434 2056 5483 et
2151 5479 2154 5482 .

467 5526 639 5586 otium
701 5527 774 5584 ab
813 5527 1130 5586 actionibus
1184 5529 1350 5586 bonis
1380 5526 1728 5598 supiniorem
1807 5522 2052 5580 animum

468 5616 653 5682 reddit
679 5631 745 5674 ac
780 5617 1018 5676 debilem

540 5791 584 5828 υ
606 5789 755 5852 Psal.
793 5806 878 5856 ιιι,
907 5793 961 5852 4.

2160 3308 2512 3378 κρείσσονα,
2545 3307 2646 3360 καὶ
2695 3304 2959 3376 ἐχόμενα
2988 3302 3311 3370 σωτηρίας.

2235 3420 2254 3451 ι
2301 3400 2375 3452 Οὐ
2410 3398 2520 3470 γὰρ
2550 3397 2735 3460 ἄδικος
2773 3398 2801 3449 ό
2850 3393 3004 3459 Θεδς,
3051 3389 3418 3446 ἐπιλαθέσθαι
3452 3386 3543 3442 τοῦ
3581 3383 3728 3452 ἔργου

2159 3488 2334 3561 ὑμῶν,
2367 3488 2463 3541 καὶ
2506 3485 2603 3540 τοῦ
2645 3486 2817 3539 κόπου
2861 3485 2962 3553 τῆς
3013 3483 3256 3553 ἀγάπης,
3293 3476 3364 3554 ἦς
3417 3473 3754 3551 ἐνεδείξασθε,

2157 3581 2236 3644 εἰς
2265 3577 2327 3633 τδ
2365 3576 2538 3648 ὖνομα
2573 3573 2763 3639 αὐτοῦ,
2807 3573 3236 3643 διακονήσαντες
3270 3571 3387 3634 τοῖς
3426 3566 3619 3636 ἁγίοις,
3650 3561 3732 3616 καὶ

2156 3669 2555 3735 διακονοῦντες.
2588 3689 2606 3722 ι

2225 3762 2423 3830 Βαόαὶ,
2455 3761 2575 3826 πῶς
2603 3759 2785 3816 αὐτῶν
2819 3757 3102 3830 άνέρῤωσε
3136 3755 3236 3827 τὴν
3267 3753 3472 3826 ψυχὴν,
3501 3749 3605 3804 τῶν
3641 3763 3730 3801 πα-

2156 3855 2326 3913 λαιῶν
2363 3854 2690 3928 ἀναμνήσας
2721 3851 3091 3924 πραγμάτων,
3128 3847 3224 3901 καὶ
3258 3847 3341 3910 εἰς
3375 3845 3535 3899 ποίαν
3581 3841 3730 3906 ἀνάγ-

2156 3967 2261 4022 κην
2305 3947 2637 4019 κατέστησε,
2671 3944 2768 3999 τοῦ
2811 3943 2888 4016 μὴ
2939 3941 3251 4014 προσδοκᾷν
3293 3933 3730 3993 ἐπιλανθάνεσθαι

2153 4021 2246 4096 τὸν
2272 4040 2444 4095 Θεόνῖ
2490 4039 2730 4108 Ἀνάγκη
2765 4036 2875 4108 γὰρ
2903 4036 3120 4090 ἐκεῖνον
3149 4033 3510 4104 ἁμαρτάνειν,
3538 4026 3624 4080 τὸν
3664 4021 3730 4094 μὴ

2157 4131 2719 4205 πεπληροφορημένον
2748 4129 2876 4200 περὶ
2911 4127 3010 4197 τῆς
3058 4125 3296 4190 ἐλπίδος.

2232 4245 2250 4279 ι
2307 4221 2718 4294 Ἐπιθυμοὺίμεν
2755 4219 2813 4274 δὲ
2859 4219 3090 4274 ἕκαστον
3136 4215 3291 4287 ὑμῶν
3320 4215 3420 4286 τὴν
3454 4209 3617 4278 αὐτὴν
3652 4208 3728 4258 tv-

2154 4316 2468 4373 δείκνυσθαι
2491 4315 2726 4386 σπουδὴν
2751 4309 2887 4386 πρὸς
2906 4312 3005 4384 τὴν
3024 4307 3397 4383 πληροφορίαν
3422 4305 3519 4376 τῆς
3538 4297 3731 4395 ἐλπίδος

2155 4410 2284 4483 ἄχρι
2313 4409 2518 4473 τέλους.
2556 4427 2575 4466 ι

2229 4503 2404 4560 Τοῦτο
2435 4499 2751 4573 θαυμαστόν
2784 4498 2922 4563 ἐστι,
2955 4495 3052 4551 καὶ
3083 4494 3184 4566 τῆς
3209 4492 3425 4547 Παύλου
3458 4486 3727 4545 συνέσεως,

2160 4597 2241 4653 ὅτι
2278 4596 2381 4650 οὐκ
2416 4591 2777 4658 ἐνδείκνυται,
2809 4591 2894 4645 ὅτι
2944 4589 3236 4644 ἐνέδωκαν.
3276 4586 3350 4639 Τὸ
3399 4583 3504 4654 γὰρ
3553 4577 3727 4639 εἰπεῖν,

2158 4687 2585 4760 ἐπιθυμοῦμεν,
2615 4685 2691 4750 ὡς
2725 4684 2792 4739 ἂν
2825 4683 2970 4737 εἴποι
3006 4699 3091 4744 τις
3111 4697 3125 4711 ο
3149 4678 3300 4733 Θέλω
3333 4694 3392 4731 σε
3426 4665 3726 4760 σπουδάζειν

2159 4781 2268 4846 ἀεὶ,
2304 4753 2398 4833 καὶ
2426 4753 2540 4839 οἶος
2571 4773 2640 4847 ἧς
2675 4773 2964 4846 πρότερος,
2999 4769 3240 4834 τοιοῦτος
3273 4763 3410 4821 εἶναι
3445 4763 3537 4818 καὶ
3563 4762 3637 4822 εἰς
3676 4753 3726 4847 τὸ

2163 4869 2355 4942 μέλλον
2378 4883 2393 4900 ·
2418 4867 2579 4921 τοῦτο
2597 4845 2731 4936 γὰρ
2752 4864 2844 4918 τὸν
2871 4862 3092 4933 ἔλεγχον
3129 4856 3535 4929 εῢπαράδεκτον
3563 4845 3729 4942 εἰργά-

2160 4939 2283 5028 ζετο
2306 4978 2320 4993 ’
2367 4960 2463 5016 καὶ
2505 4958 2607 5013 οὐκ
2652 4951 2826 5022 εἷπεν,
2861 4955 3035 5018 Θέλω,
3067 4953 3204 5025 ὅπερ
3261 4944 3330 5022 ἦν
3363 4939 3726 5037 διδασκαλικῆς

2162 5053 2473 5118 αὐθεντίας,
2496 5051 2635 5108 ἀλλὰ
2659 5049 2937 5121 πατρικῆς
2962 5043 3352 5118 φιλοστοργίας
3380 5040 3442 5096 τὸ
3470 5035 3623 5094 πλέον
3645 5035 3726 5085 τοῦ

2157 5146 2364 5219 θέλειν,
2389 5141 2819 5214 ἐπιθυμοῦμεν.

2241 5344 2260 5378 ι
2319 5323 2439 5378 Ἵνα
2470 5319 2550 5392 μὴ
2586 5317 2786 5392 νωθροὶ
2821 5316 3078 5388 γένησθε.
3125 5333 3144 5368 ι

2235 5389 2547 5486 Καθάπερ,
2567 5389 2756 5486 φησιν,
2777 5415 2811 5485 ή
2841 5411 3012 5485 ἀργία
3044 5410 3107 5464 τὸ
3140 5408 3301 5481 σῶμα
3329 5403 3572 5479 βλάπτει,
3599 5389 3723 5486 οὕτω

2165 5511 2261 5568 και
2291 5476 2541 5581 ψυχὴνίι
2575 5476 2750 5576 item
2779 5476 2893 5561 ἑῶν
2927 5476 3160 5573 ’ἀγαθῶν
3195 5476 3536 5567 ὐπτιωτέραν
3573 5476 3720 5557 ἔργά·

2166 5604 2319 5669 ζεται
2349 5598 2446 5656 καὶ
2475 5596 2698 5667 ἀσθενῆ.
2999 5587 3002 5590 ’
