4048 6414
433 352 536 421 957

1599 354 1681 415 ΙΝ
1721 352 1966 414 EPIST.
1999 350 2101 410 AD
2126 351 2521 415 HEBRJEOS.

3603 360 3714 426 958

504 480 532 515 e
571 462 829 535 Μιμηταὶ
857 461 914 516 δέ
942 463 1052 518 τῶν
1081 463 1170 518 διὰ
1196 463 1456 532 πίστεως,
1491 463 1588 519 καὶ
1631 463 2006 536 μακροθυμίας

2200 483 2219 516 ι
2257 464 2464 521 Verum
2507 464 2818 524 imitatores
2865 481 3061 526 eorum
3097 468 3192 540 qui
3228 468 3333 526 ﬁde
3363 478 3419 527 et
3447 470 3711 543 patientia

428 555 918 628 κληρονομούντων
949 557 1050 620 τὰς
1084 557 1438 627 ἐπαγγελίας.
1497 578 1515 611 ι

501 650 619 704 Ἵνα
657 648 733 721 μὴ
764 649 1078 720 νομίσωσιν,
1109 650 1185 713 ὼς
1225 651 1440 715 οὐδενὸς
1472 651 1614 719 ἄξιοι
1645 650 1809 720 λόγου
1844 668 2016 706 κατα·

428 742 793 815 φρονηθέντες
837 744 1360 814 ἐγκατελείφθησαν,
1397 745 1516 798 ἀλλ’
1560 744 1763 798 εἰδέναι
1797 743 2014 816 ἔχωσιν,

425 832 511 886 ὃτι
540 831 650 884 τῶν
682 832 917 904 μάλιστα
943 834 1209 902 γενναίων
1239 835 1450 908 ἀνδρῶν
1475 835 1634 891 τοῦτό
1667 837 1834 892 ἐστιν.

504 944 526 977 ‹
575 923 668 994 Τῷ
695 923 805 995 γὰρ
845 925 1100 997 Ἀϐραὰμ
1131 928 1602 999 ἐπαγγειλάμενος
1647 930 1676 982 6
1705 927 1859 996 Θεὸς,
1891 926 2018 981 ἐπεὶ

424 1014 549 1068 κατ’
593 1015 811 1080 οὐδενὸς
861 1012 976 1089 εῐχε
1047 1017 1298 1090 μείζονος
1355 1019 1554 1093 ὀμόσαι
1579 1060 1594 1088 ,
1657 1019 1841 1093 ὤμοσε
1891 1019 2015 1075 καθ’

427 1107 650 1172 ἑαυτοῦ,
682 1107 880 1178 λέγων.
938 1127 958 1162 ι

499 1200 905 1272 Καθαψάμενος
943 1201 1147 1269 αὐτῶν,
1184 1205 1452 1274 γενναίως
1482 1206 1647 1262 πάλιν
1676 1209 1758 1273 είς
1791 1207 2017 1274 ἐλπίδας

427 1290 606 1362 φέρει,
652 1293 736 1345 ὃτι
779 1297 999 1348 πάντων
1047 1296 1424 1364 ἐπιτεύξονται
1472 1299 1583 1352 τῶν
1618 1299 2012 1373 ἐλπιζομένων.

425 1383 763 1456 Ηροστίθησι
791 1385 849 1439 δέ
870 1386 998 1450 τοὺς
1020 1387 1268 1456 μισθοὺς,
1305 1389 1392 1445 ἵνα
1418 1390 1492 1461 μὴ
1523 1391 1855 1464 ἀποκάμωσι
1879 1393 2016 1465 πρὸς

424 1474 555 1538 τοὺς
572 1475 875 1546 καμάτους,
904 1476 1000 1532 καὶ
1032 1481 1320 1535 πιστοῦται
1350 1481 1510 1536 τοῦτο
1536 1484 1602 1537 ἐκ
1634 1485 2016 1566 παραδειγμά-

425 1583 556 1621 των.
597 1567 780 1638 Ἔχων
812 1569 872 1622 δὲ
917 1569 1148 1635 πολλοὺς
1188 1575 1382 1638 είπεῖν,
1445 1574 1699 1648 Ἀϐραὰμ
1735 1577 1816 1641 είς
1852 1576 2014 1650 μέσον

428 1660 574 1730 ἄγει,
605 1659 692 1714 διὰ
724 1661 786 1715 τὸ
815 1660 1035 1734 ἀξίωμα
1065 1663 1161 1720 τοῦ
1195 1664 1514 1736 προσώπου.

508 1771 528 1805 ι
582 1753 651 1806 Εἰς
695 1752 801 1825 μὴν
846 1754 1085 1824 εὐλογῶν
1126 1756 1410 1828 εὐλογήσω
1467 1777 1551 1826 σε,
1585 1759 1680 1828 καὶ
1726 1760 2013 1834 πληθύνων

429 1843 684 1914 πληθυνῶ
713 1861 796 1906 σε,
845 1864 865 1898 ι

495 1936 816 2006 Λεληθότως
846 1939 1255 2012 ἀναμιμνήσκει
1303 1942 1501 2008 αὐτοὺς
1529 1943 1639 1998 τῶν
1690 1945 1871 2016 ὅρκων
1915 1945 2011 2001 τοῦ

420 2026 682 2099 Χριστοῦ,
718 2023 793 2083 ὧν
844 2031 1086 2103 συνεχῶς
1133 2033 1343 2103 ἔλεγεν.
1395 2035 1604 2105 Ἀμὴν,
1657 2035 1821 2106 ἀμὴν
1858 2035 2013 2107 λέγω

419 2135 542 2189 σοι,
577 2125 610 2178 ό
652 2125 956 2180 πιστεύων
981 2129 1068 2194 εις
1108 2127 1235 2197 ἐμὲ,
1281 2131 1353 2185 οὐ
1376 2128 1465 2200 μὴ
1494 2129 1768 2201 ἀποθάνῃ
1792 2132 1879 2196 είς
1907 2128 2014 2184 τὸν

420 2219 631 2275 αἰῶνα.

500 2329 519 2363 ι
571 2313 685 2367 Καὶ
715 2313 856 2369 οὕτω
885 2315 1345 2390 μακροθυμήσας,
1380 2318 1611 2390 ἐπέτυχε
1643 2319 1743 2390 τῆς
1774 2320 2010 2388 ἐπαγγεο

417 2400 561 2468 λίας.
603 2405 918 2478 ’Ἄνθρωποι
951 2409 1050 2478 μὲν
1083 2408 1193 2480 γὰρ
1227 2408 1372 2462 κατὰ
1413 2408 1508 2462 τοῦ
1558 2408 1807 2482 μείζονος
1845 2409 2012 2482 ὀμνύ-

418 2517 562 2567 ουσι,
605 2502 702 2556 καὶ
739 2502 922 2576 πάσης
971 2505 1158 2568 αὐτοῖς
1203 2505 1516 2574 ἀντιλογίας
1566 2506 1741 2577 πέρας
1788 2509 1868 2570 είς
1921 2506 2011 2577 βε-

417 2592 671 2660 ϐαίωσιν,
707 2596 736 2648 6
772 2597 958 2666 ὅρκος.
1001 2597 1090 2650 Ἐν
1189 2597 1582 2670 περισσότερον
1629 2597 1952 2669 βουλόμενος
1980 2599 2009 2652 6

418 2685 552 2751 Θεὸς
583 2687 848 2753 ἐπιδεῖξαι
882 2691 993 2752 τοῖς
1026 2688 1387 2762 κληρονόμοις
1431 2691 1530 2762 τῆς
1566 2691 1918 2760 ἐπαγγελίας,
1949 2691 2010 2746 τὸ

416 2777 759 2849 ἀμετάθετον
803 2781 904 2852 τῆς
953 2779 1156 2852 βουλῆς
1203 2781 1393 2846 αὑτοῦ,
1433 2783 1787 2853 ἐμεσίτευσεν
1835 2785 2005 2854 ὅρκῳ,

416 2869 504 2924 ἵνα
536 2871 623 2924 διὰ
644 2870 740 2925 δύο
772 2873 1123 2944 πραγμάτων
1152 2874 1531 2946 ἀμεταθέτων,
1553 2875 1612 2928 ἐν
1639 2868 1722 2940 οἷς
1743 2875 2008 2931 ἀδύνατον

411 2964 719 3035 ψεύσασθαι
754 2966 909 3032 Θεὸν,
936 2967 1164 3040 ίσχυρὰν
1199 2967 1549 3041 παράκλησιν
1582 2967 1800 3041 ἔχωμεν
1828 2969 1878 3024 οἱ
1907 2986 2008 3024 κα-

408 3057 770 3127 ταφυγόντες.
810 3077 830 3112 ι

2119 558 2526 616 baereditabunt
2557 558 2981 630 promissiones.
3009 579 3027 614 ›

2189 649 2269 706 Ne
2299 651 2511 708 scilicet
2539 651 2855 706 existiment
2885 669 2945 708 se
2974 653 3133 709 nihili
3188 654 3330 720 ﬁeri,
3363 664 3417 711 et
3447 663 3708 725 tanquam

2119 739 2565 810 contemptibiles
2604 738 2874 811 relinqui;
2910 741 3008 798 sed
3037 744 3216 799 sciant
3247 743 3350 800 hoc
3379 743 3553 814 magis
3586 759 3712 798 esse

2119 832 2349 888 fortium
2378 833 2651 890 virorum.

2193 924 2365 983 Vens.
2427 925 2519 992 15,
2573 925 2661 981 Η.
2727 943 2748 979 ι
2784 924 3022 982 Abrahae
3084 941 3323 996 namque
3373 927 3709 996 promittens

2115 1018 2288 1087 Deus,
2321 1019 2584 1092 quoniam
2617 1021 2890 1076 neminem
2921 1020 3112 1075 habuit
3141 1034 3240 1090 per
3263 1033 3425 1090 quem
3469 1019 3712 1090 juraret,

2114 1112 2322 1184 juravit
2345 1127 2444 1183 per
2465 1112 2849 1184 semetipsum,
2878 1111 3089 1168 dicens.
3128 1130 3148 1164 ι

2188 1205 2489 1277 Postquam
2518 1221 2650 1278 ergo
2677 1221 2774 1263 eos
2791 1205 3020 1270 taxavit,
3044 1220 3195 1276 spem
3235 1217 3437 1259 rursus
3457 1203 3702 1272 ipsorum

2116 1299 2476 1356 vehementer
2528 1299 2752 1366 excitat,
2806 1299 2952 1369 quod
2989 1313 3187 1369 nempe
3230 1305 3578 1368 speratarum
3615 1311 3702 1351 re-

2119 1407 2244 1447 rum
2279 1391 2390 1448 sint
2413 1401 2695 1463 compotes
2731 1389 2927 1446 iuturi.
2954 1387 3260 1444 Mercedem
3305 1397 3486 1442 autem
3529 1385 3702 1451 addit,

2119 1499 2189 1540 ne
2231 1492 2455 1556 pr0pter
2512 1484 2737 1538 labores
2775 1482 3108 1537 concidant:
3143 1479 3197 1534 id
3251 1479 3400 1550 quod
3434 1475 3705 1546 exemplis

2117 1575 2335 1632 astruit.
2392 1573 2639 1644 Cumque
2694 1573 2902 1628 multos
2951 1574 3124 1627 citare
3185 1578 3391 1641 posset,
3427 1566 3705 1622 Abraham

2117 1664 2326 1738 profert
2357 1665 2412 1719 in
2445 1665 2708 1731 medium,
2747 1664 2818 1718 ob
2859 1677 3111 1734 personae
3140 1660 3488 1730 dignitatem.

2191 1755 2307 1812 Nisi
2354 1756 2690 1812 benedicens
2755 1754 3079 1810 benedicam
3141 1759 3194 1808 te
3221 1761 3278 1808 et
3320 1747 3704 1820 multiplicans

2043 1820 2088 1882 Β
2117 1849 2496 1919 multiplicabo
2517 1860 2588 1905 te.
2623 1866 2643 1901 ι

2188 1944 2376 1998 Tacite
2403 1958 2499 1998 eos
2520 1947 2744 1996 revocat
2781 1939 2847 1995 ad
2883 1939 3210 1996 memoriam
3260 1907 3702 2007 iuramentoru’m

2115 2033 2343 2099 Christi,
2371 2033 2463 2103 qui
2501 2032 3089 2102 frequenterdicebat,
3151 2035 3341 2093 Amen,
3399 2045 3552 2082 amen
3581 2027 3700 2080 dico

2117 2125 2231 2193 tibi,
2260 2124 2350 2196 qui
2379 2125 2540 2179 credit
2556 2124 2612 2180 in
2642 2139 2741 2188 me,
2775 2139 2877 2177 non
2910 2122 3168 2176 morietur
3193 2121 3246 2174 in
3284 2129 3555 2174 retentum.

2182 2303 2351 2359 Vsus.
2392 2301 2580 2358 15-20.
2608 2319 2627 2353 ι
2662 2302 2728 2355 Εῑ
2759 2300 2840 2357 sic
2881 2297 3270 2371 longanimiter
3323 2297 3526 2359 ferens,
3569 2292 3701 2348 ade-

2113 2401 2241 2467 ptus
2274 2400 2359 2449 est
2398 2391 2918 2464 repromissionem.
2972 2389 3239 2445 Homines
3269 2389 3416 2442 enim
3456 2400 3554 2457 per
3580 2399 3701 2438 ma-

2109 2492 2287 2562 jorem
2339 2487 2426 2544 sui
2473 2485 2686 2556 iurant,
2719 2492 2776 2540 et
2815 2483 2996 2540 omnis
3050 2479 3446 2536 controversia
3505 2491 3700 2534 eorum

2114 2578 2241 2634 ﬁnis
2289 2577 2357 2633 ad
2410 2576 2892 2632 conﬁrmationem
2929 2580 3025 2630 est
3043 2573 3447 2641 juramentum.
3481 2568 3540 2622 In
3591 2581 3703 2638 quo

2111 2669 2494 2725 abundantius
2526 2668 2720 2724 volens
2775 2665 2924 2722 Deus
2953 2663 3247 2720 ostendere
3279 2659 3700 2732 pollicitationis

2111 2761 2427 2818 haeredibus
2469 2758 2914 2815 immobilitatem
2943 2755 3163 2812 consilii
3224 2754 3331 2817 sui,
3366 2751 3703 2821 interposuit

2105 2851 2521 2925 jusjurandum.
2555 2848 2628 2904 Ut
2659 2864 2756 2920 per
2796 2849 2936 2903 duas
2971 2860 3063 2903 res
3101 2843 3440 2908 immobiles,
3491 2839 3700 2912 quibus

2110 2943 2454 3015 impossibile
2518 2947 2604 2997 est
2635 2939 2861 2995 mentiri
2895 2938 3089 3004 Deum,
3145 2934 3522 3009 fortissimum
3546 2932 3695 2989 sula-

2111 3037 2244 3094 tium
2271 3037 2598 3100 habeamus,
2631 3034 2726 3105 qui
2758 3032 3138 3105 confugimus.
3177 3049 3198 3082 ι

498 3119 765 3204 Ἐνταῦθα
797 3150 954 3220 φοϐεῖ
982 3151 1203 3217 αὐτοὺς,
1240 3151 1456 3217 δεικνὺς
1477 3152 1560 3207 ὅτι
1592 3152 1856 3219 πολλάκις
1882 3153 2002 3209 διας

2179 3126 2282 3183 llic
2307 3127 2428 3183 illos
2451 3125 2686 3189 territat,
2712 3123 3088 3179 intermissam
3123 3119 3326 3190 saepius
3347 3124 3572 3190 propter
3600 3131 3708 3188 pa-

409 3241 678 3295 κόπτεται
704 3243 1009 3310 ἐπαγγελία
1035 3244 1101 3297 δι’
1137 3243 1514 3316 ὀλιγοψυχίαν.

483 3334 766 3402 Τουτέστι,
797 3335 858 3389 τὸ
890 3336 978 3391 διὰ
1007 3337 1333 3409 πειρασμῶν
1358 3337 1567 3392 ὁδεύειν
1595 3337 1686 3392 τὸν
1723 3335 1858 3409 βίον.
1911 3340 2004 3393 Δεῖ

404 3426 489 3490 δὲ,
525 3428 680 3498 φησὶ,
714 3426 855 3498 μετά
885 3428 1270 3500 μακροθυμίας
1310 3429 1530 3485 ἅπαντα
1565 3429 1752 3502 φέρειν
1779 3432 1874 3486 καὶ
1910 3431 2002 3484 πί-

406 3536 601 3584 στεως.
647 3520 773 3574 Ἐὰν
799 3519 907 3591 γὰρ
937 3521 1087 3598 εἴπῃ,
1115 3522 1200 3578 δτι
1222 3521 1429 3591 δίδωσι,
1457 3522 1554 3576 καὶ¹
1582 3522 1756 3594 λάϐῃς
1776 3521 1997 3592 εὐθέως,

401 3611 466 3666 τί
494 3614 588 3666 καὶ
622 3613 950 3679 ἐπίστευσας
971 3632 988 3683 ;

489 3721 509 3755 ι
553 3706 848 3777 Κρατῆσαι
877 3708 976 3778 τῆς
999 3707 1372 3780 προκειμένης
1408 3707 1642 3774 ἐλπίδος,
1686 3707 1752 3782 ἣν
1789 3708 1864 3773 ὡς
1898 3708 2001 3779 ἄγ-

401 3813 587 3871 κυραν
615 3798 812 3870 ἔχομεν
839 3800 944 3871 τῆς
986 3801 1166 3873 ψυχῆς
1193 3801 1409 3873 ἀσφαλῆ
1452 3819 1512 3856 τε
1555 3801 1650 3856 καὶ
1681 3802 1928 3874 βεϐαίαν.
1971 3824 1992 3859 ι

493 3891 625 3944 Ἀπὸ
656 3892 882 3956 τούτων,
917 3893 1077 3963 φησὶ,
1104 3893 1173 3948 τὰ
1213 3893 1476 3964 μέλλοντα
1509 3896 1905 3968 στοχαζόμεθα.
1933 3898 1997 3954 El

397 3983 517 4055 γὰρ
551 3984 724 4039 ταῦτα
753 3986 892 4057 μετὰ
915 3986 1172 4040 τοσοῦτον
1198 3986 1360 4058 ἐξέϐη
1403 3987 1618 4060 χρόνον,
1649 3989 1867 4052 πάντως
1897 3992 1997 4044 κὰ-

399 4079 581 4133 κεῖνα.
616 4078 780 4131 Ὥστε
823 4078 893 4132 τὰ
933 4078 1071 4150 πρὸς
1116 4077 1370 4151 Ἀϐραὰμ
1397 4081 1660 4153 γινόμενα
1705 4081 1996 4140 πιστοῦται

399 4170 556 4248 ἡμᾶς
580 4170 675 4224 καὶ
703 4187 770 4223 πε
779 4170 832 4242 pl
859 4171 968 4226 τῶν
1004 4171 1330 4242 μελλόντων.

485 4369 508 4404 ι
549 4353 660 4406 Καὶ
685 4315 1100 4424 εἰσερχομένην.
1114 4373 1136 4407 ι

494 4441 580 4497 Ἐν
607 4443 684 4515 τῷ
714 4443 908 4515 κόσμῳ
940 4443 1021 4498 ἐτι
1057 4443 1240 4509 δντας,
1270 4443 1544 4500 δείκνυσιν
1584 4445 1644 4500 ἐν
1672 4447 1788 4510 τοῖς
1817 4447 1993 4519 ἐπηγ-

2113 3219 2297 3276 sillum
2334 3221 2576 3273 animum
2604 3216 3031 3288 promissionem
3067 3212 3392 3269 ostendens.

2179 3309 2295 3364 Hoc
2317 3319 2422 3372 est,
2465 3306 2863 3364 tentationlbus
2909 3301 3076 3360 vitam
3132 3303 3457 3372 transigere.
3529 3300 3702 3373 240

2109 3403 2335 3476 Oportet
2369 3417 2522 3468 vero,
2562 3399 2764 3470 inquit,
2799 3407 3000 3453 cuneta
3038 3397 3312 3469 patienter
3360 3402 3564 3450 etcum
3594 3393 3698 3449 ﬁde

2108 3497 2368 3554 tolerare.
2415 3495 2474 3550 Si
2535 3496 2680 3550 enim
2723 3507 2782 3548 se
2813 3489 3001 3560 largiri
3036 3487 3258 3556 dixerit,
3312 3487 3456 3559 quod
3510 3479 3696 3541 statim

2109 3587 2375 3659 accipias,
2402 3583 2533 3656 quid
2564 3583 2676 3655 jam
2708 3580 3049 3638 credideris?

2185 3699 2204 3734 ι
2238 3679 2322 3735 Ad
2362 3680 2655 3735 tenendam
2715 3675 3056 3746 propositam
3110 3689 3288 3745 spem,
3346 3688 3515 3746 quam
3550 3672 3698 3729 sicut

2107 3773 2405 3832 anchoram
2475 3771 2742 3826 habemus
2798 3768 3016 3834 animae,
3073 3773 3251 3822 tutam
3286 3781 3350 3822 ac
3402 3766 3637 3820 ﬁrmam.
3671 3785 3691 3819 ι

2177 3865 2258 3922 Ex
2285 3867 2395 3933 bis,
2436 3864 2638 3935 inquit,
2696 3877 2761 3918 ea
2795 3876 2920 3932 quae
2955 3868 3083 3917 sunt
3118 3869 3353 3916 ventura
3410 3859 3697 3929 conjecta-

2107 3974 2248 4015 mus.
2305 3958 2364 4015 Si
2399 3958 2544 4015 enim
2576 3957 2678 4011 ista
2712 3962 2834 4026 post
2879 3961 3088 4008 tantum
3141 3953 3405 4024 temporis
3459 3951 3697 4023 spalium

2105 4050 2327 4107 tandem
2353 4062 2606 4114 evenere,
2641 4048 2803 4118 plane
2830 4046 2921 4106 illa
2938 4046 3130 4102 etiam.
3167 4045 3542 4111 Quamobrem
3574 4059 3698 4114 quae

2102 4144 2416 4200 Abrahamo
2440 4140 2584 4214 facta
2618 4147 2769 4207 sunt,
2798 4139 2961 4203 ﬁdem
3009 4153 3232 4210 quoque
3287 4136 3450 4199 nobis
3481 4134 3695 4191 faciunt

2103 4238 2172 4293 de
2211 4235 2436 4292 futuris.

2179 4346 2199 4382 ι
2239 4327 2307 4382 Ει
2330 4327 2698 4390 incedentem.
2713 4345 2735 4380 ι

2174 4419 2433 4478 Ostendit
2461 4435 2560 4476 eos
2587 4419 2682 4490 qui
2713 4420 2769 4474 in
2798 4417 3008 4475 mundo
3041 4425 3334 4475 versantur
3358 4418 3562 4487 adhuc,
3598 4434 3703 4491 spe

397 4510 691 4606 vimth
739 4510 834 4597 δια
869 4510 970 4607 τῆς
1013 4535 1263 4600 ἐλπίδος·
1306 4536 1404 4590 καὶ
1441 4537 1543 4590 οὐκ
1605 4533 1780 4602 εῐπεγ,
1831 4510 1997 4611 ἡμείς

2127 4529 2326 4588 [noque
2370 4516 2429 4570 in
2470 4513 2639 4572 rebus
2690 4513 2983 4585 promissis
3014 4513 3250 4570 versari.
3305 4510 3495 4584 Neque
3527 4513 3705 4578 dixit,

395 4628 572 4698 ἐσμεν
611 4627 782 4693 ἔνδον,
812 4626 950 4682 ἀλλὰ
983 4628 1122 4699 αὐτὴ
1166 4628 1419 4700 εἰσῆλθεν
1470 4627 1642 4696 ἔνδον,
1674 4632 1814 4702 ὅπερ
1857 4632 1992 4708 ἀλη-

400 4720 664 4793 Θέστερον
693 4715 762 4791 ἦν
791 4720 888 4774 καὶ¹
918 4719 1314 4793 πιθανώτερον.

479 4829 502 4864 ο
546 4812 641 4875 Et;
669 4811 729 4865 τὸ
756 4811 1023 4884 ἐσώτερον
1049 4810 1145 4865 τοῦ
1173 4809 1696 4884 καταπετάσματος.
1754 4832 1773 4865 ι

486 4904 638 4958 Ἀντὶ
665 4903 784 4970 τοῦ,
813 4905 893 4968 είς
921 4903 1012 4958 τὸν
1040 4904 1294 4976 οὐρανόν.

485 5015 512 5048 ι.
548 4996 724 5054 Ὅπου
750 4996 1059 5068 πρόδρομος
1082 4997 1224 5068 ὑπὲρ
1243 4997 1404 5068 ἡμῶν
1424 4996 1676 5068 εἰσῆλθεν
1695 4999 1726 5052 6
1757 4998 1988 5071 Ἰησοῦς,

395 5088 548 5149 κατὰ
572 5087 671 5160 τὴν
700 5087 856 5155 τάξιν
888 5087 1250 5159 Μελχισεδέκ.
1303 5108 1324 5143 ι

413 5243 416 5246 ,
473 5181 750 5263 Εὔκαιρος
803 5185 837 5254 ἡ
888 5183 984 5240 τοῦ
1039 5184 1380 5254 προδρόμου
1431 5184 1719 5257 ὀνομασία,
1768 5186 1846 5252 ὡς
1898 5188 1994 5242 καὶ

394 5273 564 5351 ἡμῶν
595 5273 924 5345 ὀφειλόντων
960 5275 1168 5334 λαϐεῖν.
1223 5277 1300 5330 Οὐ
1335 5274 1475 5331 πολὺ
1501 5277 1613 5350 γὰρ
1639 5277 1735 5334 τοῦ
1763 5278 1994 5351 προδρό-

399 5349 510 5447 μού
543 5366 638 5420 καὶ
664 5365 776 5420 τῶν
804 5367 1091 5439 ἑπομένων
1117 5365 1182 5426 τὸ
1210 5368 1404 5438 μέσον.

481 5477 502 5512 ι
570 5459 888 5532 ’Δρχιερεὺς
918 5459 1214 5530 γενόμενος
1243 5460 1324 5524 είς
1352 5459 1445 5516 τὸν
1476 5460 1668 5517 αἰῶνα.
1718 5481 1739 5516 ι

489 5544 622 5600 Ἰδοὺ
655 5547 750 5600 καὶ
784 5547 952 5618 ἑτέρα
1001 5547 1373 5621 παράκλησις,
1419 5550 1563 5620 εἴγε
1595 5551 1708 5607 ἂνω
1753 5552 1782 5606 6
1813 5552 1992 5626 ἱερεὺς

399 5634 587 5709 ἡμῶν,
623 5637 717 5690 καὶ
747 5637 884 5692 πολὺ
929 5637 1154 5707 βελτίων
1183 5639 1276 5696 τοῦ
1308 5641 1457 5713 παρὰ
1513 5643 1807 5710 Ἰουδαίοις.

472 5811 490 5842 ⁸
512 5810 672 5880 loeti...
707 5829 774 5888 tl.
808 5815 913 5883 ‘25...

2100 4608 2254 4665 intus
2274 4607 2622 4674 exsistimus,
2644 4606 2743 4662 sed
2773 4605 2918 4678 quod
2950 4606 3069 4676 ipsa
3103 4620 3235 4675 spes
3263 4605 3415 4661 intus
3435 4605 3703 4679 ingressa.

2100 4699 2175 4759 sit
2206 4715 2223 4754 :
2251 4697 2307 4755 id
2337 4698 2483 4766 quod
2515 4697 2706 4754 verius
2741 4696 3178 4768 credibiliusque
3196 4702 3337 4752 erat.
3473 4699 3480 4706 “

2175 4809 2196 4844 ι
2233 4790 2293 4847 In
2327 4791 2590 4846 interiora
2610 4789 2920 4846 velaminis.
2954 4807 2974 4841 ι

2168 4880 2228 4938 ld
2259 4890 2344 4938 est
2373 4881 2432 4936 in
2467 4880 2690 4938 coelum.

2179 4989 2205 5027 ι
2237 4971 2341 5028 Ubi
2358 4985 2668 5042 praecursor
2690 4986 2792 5043 pro
2818 4971 2982 5030 nobis
3005 4971 3254 5030 introivit
3279 4972 3466 5044 Iesus,
3486 4988 3706 5032 secuna.

2096 5063 2230 5124 dum
2257 5064 2510 5121 ordinem
2544 5064 3004 5125 Melchisedech.»

2164 5156 2432 5229 Apposito
2480 5159 2828 5226 prwcursoris
2895 5159 3125 5216 nomine
3181 5161 3379 5229 utitur,
3424 5169 3704 5233 tanquam.

2096 5263 2200 5306 nos
2230 5247 2470 5306 subinde
2524 5251 2805 5321 accepturi
2831 5251 3028 5308 simus.
3058 5253 3180 5308 Non
3207 5254 3356 5309 enim
3385 5251 3548 5310 valde
3596 5251 3698 5319 (ὶῇι

2096 5346 2247 5400 stant
2261 5354 2596 5412 praecursor,
2621 5349 2678 5398 et
2708 5342 2805 5413 qui
2828 5343 3011 5415 ipsum
3033 5352 3368 5416 sequuntur.

2179 5453 2198 5487 ι
2225 5433 2487 5490 Pontifex
2508 5431 2694 5490 factus
2723 5435 2780 5490 in
2810 5442 3103 5496 aeternum.
3135 5456 3156 5490 ι

2171 5525 2256 5584 En
2297 5533 2355 5584 et
2384 5525 2825 5583 consolationem
2883 5528 3140 5585 alteram.
3175 5525 3313 5583 Nam
3341 5527 3390 5585 si
3435 5525 3706 5598 pontii“;

2102 5629 2290 5678 noster
2319 5619 2376 5674 in
2411 5617 2668 5691 supernis
2693 5628 2800 5688 est,
2817 5619 2981 5693 longe
3011 5619 3365 5694 praestantior
3398 5628 3487 5678 est
3541 5632 3701 5692 pom-1.

2103 5712 2248 5770 tiﬁce
2284 5709 2625 5769 Iudaeorum.
