4048 6420
458 383 563 449 959

1117 490 1271 547 CAP.
1303 489 1415 547 νη.
1461 499 1468 504 ·

533 603 779 662 ’νειιε.1.
836 605 980 660 «Hic
1002 604 1146 659 enim
1201 603 1624 668 Melchisedech,
1689 617 1781 656 rex
1817 600 2034 661 Salem,

463 697 721 753 sacerdos
746 696 840 751 Dei
871 698 1093 760 summi,
1134 697 1226 766 qui
1259 695 1499 749 obviavit
1523 693 1779 748 Abrahae.
1812 710 1830 742 ι

533 788 815 860 Frequens
840 790 1000 844 estin
1032 787 1408 858 comparando
1432 786 1604 842 Vetus
1630 786 2048 840 Testamentum

469 899 597 937 cum
655 880 836 936 Novo.
873 879 1091 936 Videsis
1123 896 1253 951 ergo
1303 881 1503 935 iterum
1537 894 1648 951 quo
1678 885 1839 948 pacto
1861 883 2051 932 osten-

462 975 555 1031 dat
615 974 916 1029 sacerdotii
947 973 1152 1028 Christi
1211 982 1421 1046 typum,
1477 975 1593 1029 sive
1625 968 2052 1036 Melchisedech,

462 1070 904 1140 praestantiorem
964 1067 1246 1123 exstitisse
1280 1065 1663 1122 sacerdotibus
1698 1065 1854 1135 legis.
1898 1062 2052 1128 Quo-

464 1162 632 1216 modo
663 1170 851 1215 autem
882 1161 987 1216 hoc
1024 1161 1212 1215 multis
1249 1161 1490 1226 evincat,
1520 1158 1757 1230 inspice.
1795 1155 2050 1210 Primum

474 1256 694 1324 quidem
727 1270 757 1308 a
796 1255 1040 1309 nomine.
1069 1252 1204 1307 Nam
1254 1251 1652 1308 Melchisedech
1709 1237 1943 1321 just-ilia!
1972 1265 2057 1302 re-

482 1365 599 1419 gem
647 1348 1095 1419 interpretantur.
1169 1346 1372 1401 Deinde
1417 1346 1582 1400 etiam
1629 1358 1659 1396 a
1716 1340 2054 1406 conditione,

467 1442 598 1510 quia
629 1441 740 1494 sine
761 1449 912 1509 patre
939 1450 985 1493 et
1019 1441 1134 1493 sine
1173 1450 1360 1492 matre.
1385 1435 1536 1492 Talis
1558 1436 1761 1506 quippe
1785 1433 1888 1488 fuit
1925 1431 2058 1488 Mcl-

471 1531 788 1597 chisedech,
856 1532 1016 1600 cujus
1049 1530 1330 1600 genitores
1359 1544 1468 1582 non
1504 1534 1933 1591 recenseantur;
1964 1538 2060 1590 ne-

471 1640 581 1694 que
615 1631 952 1692 compertum
988 1623 1147 1678 nobis
1172 1633 1343 1678 estex
1381 1636 1491 1690 quo
1521 1628 1694 1689 patre,
1723 1628 1775 1672 et
1808 1633 1874 1671 ex
1909 1615 2058 1687 quali

471 1727 646 1769 matre
678 1716 750 1770 sit
780 1723 964 1779 natus,
1013 1730 1190 1784 neque
1230 1715 1503 1768 undeuam
1563 1723 1745 1766 ortum
1781 1711 2057 1773 habuerit,

1661 375 1718 434 s.
1761 368 2078 435 JOANNIS
2113 319 2545 429 DAMASCENI

2077 484 2124 542 Α

3639 371 3734 436 960

2750 481 3006 537 ΚΕΦΑΛ.
3049 480 3124 537 Ζ”.

2227 617 2244 648 ι
2292 590 2460 662 Οὗτος
2481 596 2590 669 γὰρ
2610 599 2638 651 6
2657 596 2996 668 Μελχισεδὲκ
3022 598 3278 669 βασιλεὺς
3309 597 3530 670 Σαλὴμ,
3573 600 3738 673 ἱερεῦς

2149 691 2245 746 τοῦ
2279 691 2414 744 Θεοῦ
2445 691 2540 745 τοῦ
2579 691 2860 756 Ὑψίστου,
2892 695 2920 747 6
2950 694 3295 763 συναντήσας
3352 693 3626 765 Ἀϐραάμ.
3672 715 3690 748 ι

2223 783 2504 855 Πολλαχοῦ
2576 784 2677 856 τὴν
2730 784 3020 858 σύγκρισιν
3074 789 3313 840 ποιεῖται
3362 787 3468 856 τῆς.
3510 787 3740 855 Παλαιᾶς

2152 878 2249 931 καὶ
2287 877 2388 948 τῆς
2417 878 2649 949 Καινῆς.
2690 878 2832 947 Ὅρα
2877 875 2973 931 οὖν
3006 877 3170 932 πάλιν
3214 879 3314 933 καὶ
3349 877 3605 931 ἐντεῦθεν
3641 881 3742 934 δει-

2154 969 2378 1038 κνύντα,
2426 969 2508 1023 ὅτι
2562 971 2592 1023 6
2623 968 2796 1034 τύπος
2830 971 2931 1041 τῆς
2962 970 3268 1041 ἱερωσύνης
3321 971 3590 1041 Χριστοῦ,
3621 989 3739 1026 του-

2154 1061 2338 1115 τέστιν
2366 1061 2395 1114 6
2427 1061 2786 1131 Μελχισεδὲκ,
2826 1061 2963 1114 πολὺ
2996 1060 3221 1133 βελτέων
3242 1057 3315 1132 ἦν
3345 1062 3459 1114 τῶν
3493 1061 3635 1116 κατὰ
3661 1066 3742 1117 νό-

2160 1169 2262 1223 μον
2293 1151 2503 1222 ἱερέων.
2560 1151 2674 1206 Καὶ
2723 1152 2825 1224 ὅρα
2872 1152 2992 1216 πῶς
3027 1152 3205 1220 αὔξει,
3238 1154 3467 1224 πρῶτον
3515 1153 3616 1224 μὲν
3647 1154 3744 1210 ἀπὸ

2163 1242 2258 1297 τοῦ
2303 1243 2568 1314 ὀνόματος
2593 1259 2606 1274 ο
2630 1245 2658 1298 6
2702 1243 2810 1316 γὰρ
2839 1236 3520 1316 Μελχισεδὲκβασιλεὺς
3541 1246 3746 1301 δικαιο-

2162 1337 2363 1404 σύνης
2417 1335 2782 1409 ἑρμηνεύεται
2810 1354 2825 1372 ο
2869 1337 3064 1393 ἔπειτα
3101 1342 3198 1392 καὶ
3235 1339 3350 1392 ἀπὸ
3387 1337 3488 1392 τοῦ
3530 1340 3742 1410 τρόπον,

2158 1428 2240 1482 ὅτι
2270 1428 2513 1497 ἀπάτωρ
2557 1429 2656 1483 καὶ
2682 1429 2941 1500 ἀμήτωρ.
2990 1429 3049 1484 Ὁ
3078 1429 3325 1495 τοιοῦτος
3355 1429 3471 1500 γὰρ
3501 1432 3529 1484 6
3558 1431 3746 1502 Μελχιε-

2162 1519 2338 1584 σεδὲκ,
2378 1518 2454 1589 μὴ
2498 1521 3021 1592 γενεαλογούμενος,
3057 1521 3345 1590 ἄγνωστος
3373 1523 3510 1591 ἡμῖν
3549 1521 3644 1574 καὶ
3674 1522 3745 1575 τι

2161 1629 2251 1674 νος
2279 1612 2507 1683 πατρὸς,
2557 1613 2650 1666 καὶ
2702 1602 2822 1676 οἵας
2857 1613 3087 1684 μητρὸς,
3121 1613 3216 1666 καὶ
3249 1612 3420 1667 πόθεν
3461 1611 3638 1690 ,ἔσχεν
3661 1613 3745 1684 τὴν

2163 1703 2360 1774 ἀρχὴν,
2389 1705 2484 1757 καὶ⁸
2513 1697 2624 1758 οἷον
2656 1704 2769 1776 ἔχει
2799 1705 2862 1758 τὸ
2893 1703 3066 1769 τέλος.
3102 1704 3267 1758 Οὐδὲν
3297 1704 3414 1776 γὰρ
3435 1705 3568 1776 περὶ
3595 1705 3744 1760 αὐτοῦ

472 1821 573 1860 nec
600 1821 762 1875 quem
793 1804 916 1858 vita:
947 1803 1132 1858 ﬁnem.
1169 1803 1455 1873 Scriptura
1491 1803 1637 1856 enim
1673 1801 1809 1855 nihil
1840 1801 1907 1856 de
1939 1798 2060 1869 ej'us

2177 1795 2532 1868 γενεαλογεῖὴ
2572 1795 2784 1868 Γραφὴ,
2816 1794 3009 1868 ’ὥσπερ
3037 1796 3130 1850 ἐπὶ
3163 1794 3276 1850 τῶν
3310 1795 3514 1852 ἄλλων.
3556 1796 3622 1851 El
3651 1796 3745 1851 τοί-

473 1899 829 1966 gencratione
875 1904 1082 1961 narrat,
1129 1907 1186 1951 ut
1217 1897 1272 1950 in
1323 1895 1445 1950 aliis
1486 1895 1647 1950 solet.
1683 1893 1741 1946 Si
1776 1908 1906 1961 ergo
1931 1893 2058 1948 talis

473 2000 768 2060 tantusque
798 1997 959 2060 typus
980 1989 1215 2055 exsistit,
1244 1995 1450 2058 quanto
1480 1983 1660 2055 magis
1681 1986 1798 2054 ipsa
1833 1985 2057 2050 veritas,

473 2079 527 2134 id
566 2088 650 2135 est
679 2078 978 2134 Christus?
1014 2078 1170 2142 Quod
1205 2085 1387 2131 autem
1439 2074 1842 2130 Melchisedech
1897 2081 2060 2143 typus

470 2181 524 2226 et
557 2171 727 2236 figura
771 2169 954 2233 fuerit,
1008 2169 1398 2239 jusjurandum
1437 2165 1583 2236 quod
1623 2166 1671 2220 ei
1705 2165 1911 2219 factum
1952 2175 2058 2226 est,

473 2261 804 2316 obtestatur.
848 2264 921 2314 Tu
951 2277 1006 2314 es
1049 2259 1319 2314 sacerdos
1355 2260 1409 2312 in
1447 2271 1704 2312 aeternum
1767 2252 2059 2309 secundum

473 2355 712 2408 ordinem
745 2353 1178 2408 Melcltisedeclt'.
1198 2353 1279 2406 Ad
1307 2352 1420 2406 haec
1451 2351 1613 2405 etiam
1641 2350 1692 2402 id
1742 2364 1805 2404 ex
1838 2351 2062 2401 nomine

475 2446 784 2515 colligitur.
816 2446 1020 2514 Ecquis
1040 2447 1184 2500 enim
1211 2461 1305 2501 rex
1329 2444 1560 2512 justitiae
1594 2441 1734 2496 alter
1765 2439 1894 2496 fuit.
1920 2453 2062 2508 prae-

473 2546 727 2606 terquam
767 2539 1031 2593 Dominus
1069 2537 1296 2592 noster?
1326 2535 1462 2590 Nam
1517 2534 1634 2604 ipse
1663 2541 1748 2588 est
1784 2529 1890 2584 Rex
1915 2530 2061 2599 pacis

473 2630 565 2701 qui
604 2631 930 2698 paciﬁcavit,
961 2639 1070 2683 tum
1099 2645 1216 2698 quw
1247 2629 1300 2683 in
1331 2627 1499 2693 cmlis,
1527 2637 1639 2679 tum
1670 2639 1788 2694 quae
1815 2625 1871 2677 in
1906 2623 2062 2677 terris

475 2731 598 2775 sunt
618 2721 795 2791 '.|pse
825 2731 909 2777 est
931 2723 1045 2776 sine
1058 2733 1210 2791 patre
1234 2728 1283 2774 et
1307 2721 1421 2773 sine
1451 2729 1650 2773 matre:
1673 2731 1892 2773 sursum
1916 2716 2062 2771 enim

475 2830 588 2870 non
635 2826 862 2870 matrem
896 2816 1107 2880 habuit,
1151 2828 1255 2870 nec
1284 2813 1545 2870 deorsum
1597 2821 1849 2882 patrem:
1887 2807 2066 2879 ipsius

477 2921 697 2976 quoque
754 2907 1034 2976 generatio
1075 2921 1185 2959 non
1245 2910 1589 2959 enarratur:
1655 2899 2065 2955 Generationem

479 2996 628 3051 enim
683 2996 796 3063 ejus
827 2997 942 3063 quis
1003 2994 1242 3064 cognovit
1267 2994 1291 3046 Ρ
1321 2992 1500 3062 inquit
1533 2987 1820 3058 Scriptura
1846 2985 1887 3039 ⁸.
1923 2983 2064 3040 Fieri

482 3085 756 3155 siquidem
809 3100 918 3139 non
951 3092 1133 3155 potest
1165 3091 1225 3138 ut
1273 3083 1401 3152 quis
1434 3095 1731 3152 supernam
1760 3076 2068 3150 generatio-

2163 1907 2256 1943 νυν
2285 1892 2312 1943 ὁ
2343 1890 2511 1954 τύπος
2535 1889 2808 1953 τοσοῦτος,
2837 1887 2993 1961 πόσῳ
3029 1889 3232 1960 μᾶλλον
3261 1891 3299 1961 ἡ
3331 1889 3587 1959 ἀλήθεια,
3632 1907 3746 1943 του-

2162 1981 2342 2034 τέστιν
2371 1983 2398 2036 6
2435 1982 2694 2054 Χριστός.
2728 1983 2850 2036 Ὅτι
2880 1983 2936 2036 δὲ
2977 1982 3148 2046 τύπος
3186 1977 3256 2053 ἦν
3297 1981 3470 2036 αὑτοῦ
3506 1984 3535 2034 6
3567 1982 3748 2052 Μελχιι

2166 2073 2340 2138 σεδὲκ,
2379 2073 2548 2139 ἔδειξε
2583 2076 2680 2144 μὲν
2727 2075 2825 2129 καὶ
2855 2077 2889 2146 ἡ
2930 2076 3252 2146 ὁρκωμοσία
3303 2076 3338 2146 ἡ
3386 2075 3528 2146 πρὸς
3564 2075 3746 2129 αὐτόν’

2165 2164 2248 2218 Σὺ
2273 2165 2466 2234 ἱερεὺς
2491 2168 2578 2233 εἰς
2606 2165 2713 2221 τὸν
2747 2167 2956 2232 αἰῶνα,
2983 2165 3133 2222 κατὰ
3164 2166 3282 2236 τὴν
3331 2165 3521 2230 τάξιν
3542 2171 3744 2236 Μελχι-

2164 2256 2365 2311 σεδέκ.
2403 2259 2638 2311 Ἔπειτα
2675 2261 2739 2314 ἐκ
2769 2258 2863 2313 τοῦ
2906 2260 3172 2330 ὀνόματος
3197 2275 3212 2290 ’
3244 2259 3333 2322 τις
3366 2258 3480 2330 γὰρ
3513 2258 3747 2329 βασιλεὺς

2166 2347 2537 2422 δικαιοσύνης,
2570 2351 2602 2422 ἢ
2636 2353 2664 2405 6
2697 2353 2903 2423 Κύριος
2938 2353 3133 2423 ήμῶν;
3168 2352 3350 2416 Αὐτὸς
3386 2352 3497 2422 γάρ
3525 2353 3638 2405 ἐστι
3665 2353 3746 2405 καὶ

2166 2439 2471 2506 Βασιλεὺς
2528 2441 2806 2511 εἰρήνης·
2874 2444 3306 2512 εὶρηνοποίησε
3370 2444 3484 2513 τὰρ
3563 2444 3629 2497 τὰ
3688 2445 3747 2496 ἐν

2165 2529 2290 2596 τοῖς
2331 2532 2633 2600 οὐρανοῖς,
2691 2535 2788 2588 καὶ
2845 2535 2918 2589 τὰ
2973 2536 3070 2590 ἐπὶ
3121 2533 3226 2601 τῆς
3279 2535 3416 2604 τῆς.
3461 2535 3627 2599 Αὐτὸς
3666 2537 3746 2591 καὶ

2166 2621 2426 2692 ἀπάτωρ,
2463 2626 2559 2679 καὶ
2593 2626 2838 2696 ἀμήτωρ
2860 2643 2871 2656 ⁸
2916 2628 3028 2682 ἄνω
3083 2628 3179 2699 μὲν
3224 2629 3490 2699 ἀμήτωρ,
3527 2629 3670 2683 κάτω
3699 2629 3746 2682 δὲ

2167 2712 2418 2784 ἀπάτωρ.
2455 2714 2627 2779 Αὐτὸς
2661 2718 2760 2770 καὶ
2803 2718 2878 2789 μὴ
2940 2719 3476 2790 γενεαλογούμενος*
3538 2720 3650 2788 Τὴν
3688 2720 3746 2774 δὲ

2167 2805 2380 2874 γενεὰν
2409 2805 2517 2875 γὰρ
2552 2808 2760 2874 αὐτοῦ,
2791 2810 2944 2882 φησὶ,
2973 2811 3064 2877 τίς
3093 2811 3246 2881 ἔγνω
3283 2829 3303 2877 ;
3356 2814 3434 2867 Οὐ
3469 2812 3576 2884 γὰρ
3605 2814 3745 2866 δυνα-

2167 2893 2258 2946 τὸν
2279 2895 2443 2948 αὐτοῦ
2489 2895 2589 2967 τὴν
2617 2898 2730 2952 ἄνω
2762 2900 3020 2969 γέννησιν
3059 2900 3337 2973 ἐξειπεῖν.
3357 2903 3532 2967 Αὐτὸς
3571 2906 3657 2956 καὶ
3681 2904 3747 2965 εἰς

2167 2987 2295 3050 τοὺς
2323 2988 2526 3054 αίῶνάς
2557 2991 2738 3046 ἐστιν·
2772 2992 3072 3059 τουτέστιν,
3110 2994 3210 3048 οὐκ
3252 2993 3388 3064 ἔχει
3420 2993 3565 3065 ζωῆς
3594 2993 3745 3056 τέλος.

2168 3077 2342 3142 Αὐτὸς
2368 3080 2466 3134 καὶ
2496 3082 2603 3154 πρὸ
2632 3083 2836 3148 παντὸς
2867 3084 3068 3152 αἰῶνος
3091 3103 3104 3118 ”
3137 3085 3233 3140 καὶ
3264 3086 3430 3140 τοῦτό
3461 3088 3623 3152 ὲστιν,
3652 3083 3748 3138 οὐδ’

482 3191 608 3231 nem
644 3176 766 3246 ejus
793 3176 1079 3232 edisserat.
1108 3175 1337 3246 Insuper
1376 3181 1431 3229 et
1462 3173 1517 3227 in
1535 3181 1802 3227 aeternum
1827 3166 2069 3234 exsistit,

2177 3169 2352 3242 ἀρχὴν
2383 3173 2628 3246 ἡμερῶν·

485 3270 592 3327 hoc
612 3279 717 3340 est,
743 3272 868 3327 vitae
902 3270 1064 3327 ﬁnem
1118 3285 1230 3327 non
1259 3269 1444 3326 habet.
1495 3267 1618 3336 Ipse
1644 3267 1813 3323 etiam
1836 3271 1919 3320 est
1949 3269 2078 3320 ante
2112 3267 2378 3323 saeculum
2427 3285 2611 3341 omne,
2638 3273 2791 3345 quod
2816 3279 2922 3342 est,
2960 3273 3174 3331 dierum
3200 3264 3424 3332 initium
3499 3290 3603 3332 non
3663 3275 3752 3329 ha-

487 3364 636 3418 here.

563 3476 584 3510 ι
621 3457 891 3529 Regresso
921 3472 951 3512 a
975 3458 1121 3514 caede
1147 3473 1360 3530 regum,
1387 3467 1441 3515 et
1460 3459 1739 3516 benedixit
1771 3461 1849 3517 ei:
1867 3460 1890 3533 [
1908 3459 2076 3515 Vens.

486 3548 738 3621 2,5]cui
771 3547 930 3621 241
961 3555 1017 3604 et
1048 3549 1294 3606 decimas
1316 3551 1567 3606 omnium
1597 3551 2079 3609 divisitAbraham

492 3642 725 3713 primum
787 3641 1032 3710 quidem,
1081 3641 1176 3712 qui
1210 3642 1608 3712 interpretatur
1674 3657 1770 3698 rex
1808 3641 2071 3713 justitiae,

491 3732 689 3788 deinde
737 3739 919 3788 autem
950 3739 1004 3788 et
1038 3747 1133 3788 rex
1174 3731 1384 3798 Salem,
1436 3733 1583 3805 quod
1625 3742 1712 3789 est
1752 3749 1845 3790 rex
1873 3731 2074 3804 pacis;

495 3824 616 3880 sine
651 3833 827 3894 patre,
860 3824 981 3880 sine
1011 3832 1206 3890 matre,
1240 3825 1359 3881 sine
1393 3826 1748 3896 genealogia.
1770 3844 1787 3877 ι

571 4026 688 4082 Dici
716 4042 824 4083 non
849 4034 1052 4097 potest,
1085 4027 1286 4099 inquit,
1323 4027 1702 4084 Ahrahamum
1740 4027 2086 4096 illidedisse,

501 4135 603 4176 ceu
635 4120 763 4176 belli
797 4120 971 4176 socio.
1001 4121 1141 4176 Nam
1161 4128 1409 4193 propter
1449 4121 1555 4176 hoc
1579 4121 1655 4175 ait
1686 4121 1840 4176 illum
1867 4121 2084 4177 obviam

469 4229 476 4234 ·
500 4213 668 4270 ivisse
703 4213 1028 4269 revertenti.

579 4347 598 4380 ι
633 4326 822 4398 Neque
873 4327 1093 4382 initium
1144 4327 1380 4392 dierum,
1409 4343 1588 4397 neque
1635 4327 1798 4383 ﬁnem
1831 4327 1957 4382 vitae
1991 4326 2088 4381 ha-

505 4418 639 4474 bens
672 4433 686 4471 :
715 4418 1056 4474 assimilatus
1115 4426 1300 4474 autem
1340 4416 1483 4473 Filio
1513 4417 1632 4484 Dei,
1680 4425 1870 4473 manet
1898 4431 2086 4473 sacer-

2262 3476 2283 3509 ι
2329 3456 2753 3532 Ύποστρέφοντι
2783 3462 2892 3517 ἀπὸ
2907 3463 3004 3534 τῆς
3035 3466 3209 3536 κοπῆς
3237 3467 3351 3523 τῶν
3371 3466 3650 3537 βασιλέων,
3669 3465 3752 3519 καὶ

2183 3549 2487 3622 εὔλογήσας
2517 3553 2702 3619 αὐτὸν,
2733 3547 2778 3622 ᾧ
2809 3555 2904 3609 καὶ
2932 3555 3164 3628 δεκάτην
3195 3558 3308 3612 ἀπὸ
3339 3559 3556 3615 πάντων
3583 3555 3749 3628 ἐμέρι-

2187 3658 2280 3696 σεν
2323 3641 2612 3714 Ἀϐραάμ·
2661 3644 2877 3716 πρῶτον
2914 3646 3015 3719 μὲν
3045 3648 3491 3720 ἑρμηνευόμενος
3521 3647 3750 3718 βασιλεὺς

2183 3731 2555 3805 δικαιοσύνης,
2599 3733 2791 3791 ἔπειτα
2828 3737 2886 3791 δὲ
2920 3737 3016 3792 καὶ
3061 3737 3320 3810 βασιλεὺς
3361 3739 3569 3811 Σαλὴμ,
3597 3739 3624 3792 ὃ
3649 3739 3755 3790 ἐστι

2190 3821 2446 3894 βασιλεὺς
2482 3827 2729 3899 εἰρήνης,
2779 3828 3038 3902 ἀπάτωρ,
3089 3831 3355 3903 ἀμήτωρ,
3383 3827 3748 3902 ἀγενεαλογού-

2191 3933 2371 3987 μενος.
2416 3935 2439 3970 ι

2260 4029 2375 4086 Οὐκ
2410 4017 2558 4085 ἔστιν
2605 4033 2800 4101 εἰπεῖν,
2851 4034 3036 4107 φησὶν,
3091 4037 3177 4090 ὅτι
3217 4036 3294 4101 ὡς
3329 4037 3644 4108 μετασχόντι
3670 4031 3754 4086 τοῦ

2193 4121 2432 4196 πολέμου
2481 4123 2674 4183 ἔδωκε.
2719 4126 2818 4180 Διὰ
2869 4128 2979 4199 γὰρ
3027 4127 3186 4183 τοῦτο
3236 4125 3416 4198 εἶπεν,
3471 4129 3751 4200 ὑπήντησεν

2193 4211 2611 4281 ὑποστρέφοντι.

2273 4343 2294 4377 ‹
2336 4325 2492 4398 Μήτι
2521 4327 2697 4399 ἀρχὴν
2730 4327 2978 4400 ἡμερῶν,
3029 4328 3166 4399 μήτε
3213 4327 3362 4401 ζωῆς
3407 4328 3558 4392 τέλος
3600 4324 3748 4397 ἔχων·

2197 4417 2633 4490 ἀφωμοιωμένος
2657 4419 2715 4474 δὲ
2739 4419 2818 4492 τῷ
2845 4420 2961 4491 Υἱῷ
2987 4418 3084 4474 τοῦ
3115 4420 3273 4489 Θεοῦ,
3309 4421 3476 4493 μένει·
3493 4419 3663 4491 ἱερεὺς
3687 4415 3753 4477 εἰς

503 4508 606 4564 dos
659 4507 716 4564 in
770 4515 1117 4578 perpetuum.
1164 4507 1373 4580 [νιιιιε.
1403 4509 1460 4566 lt.
1499 4507 1520 4581 ]
1557 4508 1850 4564 Intuemini
1904 4513 2071 4563 auten

2197 4509 2262 4562 τὸ
2289 4509 2558 4582 διηνεκές.
2595 4511 2866 4582 Θεωρεῖτε
2900 4511 2958 4565 δὲ
2993 4511 3226 4583 πηλίκος
3275 4507 3452 4580 οὗτος,
3487 4504 3532 4580 ᾧ
3561 4509 3650 4564 καὶ.
3683 4506 3753 4560 δε-

505 4607 746 4669 quantus
770 4573 788 4578 —
805 4573 886 4656 sit
908 4599 1020 4666 hic,
1063 4573 1243 4655 curet
1275 4573 1558 4654 Abraham
1583 4598 1832 4655 decimas
1858 4597 2029 4653 dedit.
2064 4616 2071 4650 ι

2199 4573 2375 4673 κάτηᾴ
2409 4573 2664 4674 nam“
2687 4573 2906 4657 ιὲωκεν.
2955 4621 2978 4656 ›

579 4716 813 4783 Quinam
847 4730 978 4772 vero
996 4715 1144 4773 istud
1173 4715 1282 4772 nisi
1327 4715 1456 4786 quia
1479 4714 1596 4770 haec
1623 4713 1772 4770 edita
1793 4729 1900 4769 non
1932 4713 2094 4769 sunt?

508 4808 599 4860 Ait
637 4823 768 4879 ergo
805 4823 819 4860 :
851 4806 1008 4863 Sicut
1065 4807 1168 4863 iste
1199 4809 1314 4863 sine
1356 4817 1509 4878 patre
1567 4817 1671 4873 est,
1733 4809 1860 4877 quia
1921 4822 2094 4879 genus

509 4897 846 4968 descriptum
871 4913 980 4953 non
1004 4896 1130 4964 fuit,
1154 4899 1437 4955 consimili
1465 4897 1633 4954 modo
1673 4897 1930 4954 Christus
1967 4914 2097 4954 sua-

511 4996 604 5057 pte
630 4998 862 5055 natura;
889 4980 943 5044 et
973 4990 1115 5044 sicut
1133 4989 1203 5045 de
1229 4991 1328 5045 illo
1360 4989 1640 5048 nescimus
1662 4989 1886 5060 quando
1913 4989 2097 5046 vivere

512 5078 763 5148 cmperit,
803 5095 906 5135 nec
943 5081 1168 5151 quando
1210 5081 1462 5149 desierit,
1491 5090 1784 5154 propterea
1835 5083 1984 5153 quod
2005 5082 2097 5137 lit-

515 5172 652 5227 teris
680 5171 786 5226 hoc
830 5171 1107 5242 proditum
1145 5187 1252 5226 non
1285 5173 1484 5240 fuerit;
1525 5175 1608 5230 sic
1654 5173 1818 5230 etiam
1849 5173 1915 5230 de
1942 5173 2096 5239 Je'su,

517 5280 624 5320 non
663 5264 792 5337 quia
836 5265 888 5320 id
931 5265 1199 5335 scriptum
1245 5281 1354 5322 non
1394 5265 1519 5334 fuit,
1570 5267 1665 5322 sed
1703 5267 1831 5338 quia
1881 5268 2100 5337 generis

516 5367 603 5412 est
657 5371 876 5428 expers.
936 5355 1078 5412 Illud
1111 5358 1256 5414 enim
1312 5358 1488 5430 ﬁgura
1539 5367 1698 5426 erat;
1730 5374 1904 5430 quare
1931 5359 1997 5415 de
2029 5374 2096 5415 eo

519 5443 741 5511 dicitur,
778 5445 907 5515 quia
930 5444 1197 5515 scriptum
1233 5440 1344 5502 non
1369 5446 1473 5502 fuit
1505 5462 1520 5500 :
1557 5447 1662 5503 hoc
1681 5456 1866 5505 autem
1889 5451 2099 5506 veritas

522 5541 637 5604 est;
673 5533 824 5593 unde
853 5537 922 5593 de
951 5538 1074 5608 ipso
1129 5538 1456 5605 allirmatur,
1489 5555 1556 5595 eo
1578 5540 1724 5610 quod
1755 5540 1939 5613 reipsa
1968 5541 2094 5599 talis

525 5627 618 5683 sit.
674 5625 1143 5694 Quemadmodum
1196 5631 1252 5687 in
1305 5618 1620 5689 nominibus
1689 5632 1802 5688 illic
1875 5633 2096 5704 quidem

583 5804 604 5837 ³
660 5804 803 5864 Psal.
834 5826 946 5877 cu,
978 5809 1063 5868 16.
1125 5813 1144 5845 ³
1174 5813 1384 5870 Coloss.
1430 5830 1468 5880 I,
1500 5815 1590 5869 9.0.

1699 5814 1718 5844 δ
1758 5814 1900 5873 Dsal.
1933 5831 2050 5879 Llll,
2082 5816 2134 5870 8.

2270 4715 2384 4770 Kal.
2418 4715 2556 4782 πῶς,
2604 4716 2636 4787 ἢ
2689 4717 2768 4788 τῷ
2803 4717 2880 4789 μὴ
2927 4718 3297 4789 ἐκφέρεσθαι;
3325 4704 3498 4789 ’Λέγει
3531 4710 3635 4780 οὖν,
3665 4713 3749 4773 ὅτι,

2199 4807 2390 4879 ὥσπερ
2429 4802 2588 4872 οὗτος
2612 4809 2858 4880 ἀπάτωρ
2882 4811 2962 4883 τῷ
2997 4813 3071 4883 μὴ
3117 4811 3576 4881 γενεαλογεῖσθαι,
3604 4805 3751 4863 οὕτως

2200 4900 2230 4954 6
2257 4899 2494 4971 Χριστὸς
2525 4899 2663 4971 αὐτῇ
2698 4903 2764 4972 τῇ
2802 4901 2963 4970 φύσει
2991 4900 3087 4956 τοῦ
3120 4903 3444 4976 πράγματος
3473 4900 3566 4954 καὶ
3591 4897 3752 4961 ὥσπερ

2202 4989 2396 5044 τούτου
2426 4990 2526 5045 οὐκ
2575 4989 2756 5060 ἴσμεν,
2803 4989 2930 5045 οὔτε
2961 4991 3136 5063 ἀρχὴν
3188 4992 3433 5065 ήμερῶν,
3480 4987 3596 5042 οὔτε
3628 4980 3752 5047 ζωῆς

2202 5078 2375 5143 τέλος,
2405 5079 2495 5133 διὰ
2521 5079 2583 5133 τὸ
2630 5079 2706 5150 μὴ
2748 5079 3079 5151 γεγράφθαι,
3113 5080 3258 5134 οὕτω
3284 5080 3378 5134 καὶ
3409 5077 3500 5133 ἐπὶ
3526 5073 3615 5129 τοῦ
3664 5070 3752 5136 ἰη-

2209 5170 2325 5237 σοῦ,
2359 5171 2420 5225 οὐ
2454 5170 2544 5225 διὰ
2585 5171 2646 5224 τὺ
2679 5172 2756 5243 μὴ
2783 5171 3116 5244 γεγράφθαι,
3145 5172 3282 5227 ἀλλὰ
3309 5171 3400 5226 διὰ
3423 5170 3483 5224 τὸ
3515 5167 3586 5240 μὴ
3612 5157 3747 5217 εἶναι.

2221 5264 2429 5317 Ἐκεῖνο
2473 5263 2573 5334 μὲν
2603 5261 2794 5332 τύπος,
2841 5264 2938 5317 καὶ
2973 5264 3066 5318 διὰ
3111 5265 3292 5330 τοῦτο,
3326 5262 3435 5318 ἀπὸ
3460 5259 3551 5315 τοῦ
3580 5253 3650 5328 μὴ
3673 5264 3749 5318 τε·

2207 5333 2487 5427 γράφθαιέ
2519 5354 2680 5409 τοῦτο
2707 5356 2766 5410 δὲ
2792 5356 3042 5427 ἀλήθεια,
3075 5358 3172 5411 καὶ
3211 5356 3300 5412 διὰ
3344 5353 3517 5419 τοῦτο,
3547 5345 3645 5403 ἀπὸ
3668 5333 3746 5394 τοῦ

2211 5447 2288 5520 μὴ
2325 5443 2488 5505 εἶναι.
2533 5448 2744 5521 ’Ὥσπερ
2783 5449 2880 5503 καὶ
2921 5449 3015 5503 ἐπὶ
3055 5449 3166 5503 τῶν
3207 5446 3502 5519 ὀνομάτων,
3547 5431 3747 5494 ἐνταῦθα

2213 5539 2314 5612 μὲν
2343 5542 2707 5613 προσηγορίαι
2754 5537 2900 5612 ἦσαν
2923 5543 3017 5595 καὶ
3042 5541 3344 5608 βασιλεὺς
3374 5530 3743 5613 δικαιοσύνηςν

2209 5611 2302 5689 καὶ
2350 5611 2652 5704 βασιλεὺς
2707 5611 2952 5705 εἰρήνης
2980 5651 2994 5668 ·
3034 5636 3150 5690 ἐκεῖ
3197 5634 3253 5688 δὲ
3295 5630 3599 5704 πράγματος
3633 5611 3743 5683 ἁλίδ·
