4048 6404
405 323 504 394 9’31

1593 329 1674 389 IN
1708 330 1949 390 EPIST.
1977 330 2076 388 AD
2107 327 2504 388 HEBRIEOS.

3584 327 3691 395 962

405 441 529 494 θεια
552 455 564 468 °
601 437 746 491 οὕτω
781 439 876 492 καὶ
921 435 1159 491 ἐνταῦθα
1192 436 1552 507 προσηγορίαι
1605 439 1764 504 εἰσὶν,
1798 439 1915 490 ἐκεῖ
1941 437 1997 490 δὲ

2121 435 2266 489 iudze
2320 433 2719 504 appellationes
2781 441 2964 498 erant,
3017 440 3150 504 puta
3207 435 3342 506 regis
3368 436 3690 505 iustitiae,“

407 529 758 603 πραγμάτων
786 529 1036 600 ἀλήθεια.

489 732 508 764 ι
569 713 664 765 Ἐκ
695 712 803 766 τῶν
836 712 1163 783 ἀκροθινίων
1193 713 1220 766 ὀ
1250 710 1619 782 πατριάρχης.
1669 726 1687 757 ι

484 807 841 874 ’Ἆκροθίνια,
884 806 951 859 τὰ
982 805 1199 877 λάφυρα
1229 804 1402 872 λέγει.

487 921 506 953 ι
554 900 666 954 Καὶ
715 900 763 952 ot
819 899 917 969 μὲν
966 900 1031 952 ἐκ
1063 899 1174 951 τῶν
1223 897 1356 950 υἱῶν
1399 895 1531 950 Λευῖ
1572 895 1670 966 τὴν
1719 895 1998 965 ἱερατείαν

405 992 780 1064 λαμϐάνοντες
805 990 1030 1061 ἐντολὴν
1060 990 1279 1060 ἔχουσιν
1317 987 1691 1043 άποδεκατοῦν
1735 986 1828 1052 τὸν
1872 985 2000 1040 λαὸν

405 1085 552 1141 κατὰ
572 1083 665 1138 τὸν
695 1083 881 1153 νόμον,
914 1082 1164 1136 τουτέστι
1188 1083 1314 1144 τοὺς
1345 1080 1611 1150 ἀδελφοὺς
1641 1079 1844 1141 αὐτῶν,
1877 1077 2000 1131 καί·

406 1195 520 1246 περ
552 1175 946 1246 ἐξεληλυθότας
995 1175 1060 1227 ἐκ
1115 1174 1216 1244 τῆς
1262 1172 1466 1242 ὀσφύος
1523 1171 1797 1244 Ἀϐραάμ.
1851 1171 1914 1223 '0
1943 1169 2000 1223 δὲ

413 1271 492 1344 μὴ
517 1266 1012 1339 γενεαλογούμενος
1057 1266 1116 1332 ἐξ
1149 1264 1350 1328 αὐτῶν,
1396 1263 1732 1317 δεδεκάτωκε
1765 1262 1858 1315 τὸν
1914 1261 2002 1313 Ἀ-

409 1364 622 1436 ϐραὰμ,
651 1359 749 1415 καί⁵
781 1360 874 1413 τὸν
905 1358 1097 1430 ἔχοντα
1129 1357 1229 1422 τὰς
1262 1355 1599 1426 ἐπαγγελίας
1633 1355 1924 1424 εύλόγηκε.
1975 1371 1992 1404 ι

483 1542 756 1613 Τοσαύτη,
794 1539 980 1610 φησὶν,
1031 1533 1100 1608 ἦν
1143 1535 1247 1606 τῆς
1302 1534 1604 1608 ἱερωσύνης
1634 1534 1668 1606 ἡ
1699 1529 1998 1604 ὑπερϐολὴ,

413 1639 489 1702 ὡς
515 1635 608 1690 καὶ
631 1635 758 1697 τοὺς
784 1631 1081 1704 ὁμοτίμους
1110 1627 1218 1681 ἀπὸ
1249 1627 1553 1698 προγόνων,
1587 1625 1682 1680 καὶ
1718 1625 1810 1679 τὸν
1838 1623 2001 1679 αὑτὸν

407 1730 636 1800 ’ἔχοντας
663 1726 1036 1798 προπάτορας,
1068 1719 1248 1790 πολλῷ
1285 1719 1528 1790 βελτίους
1582 1713 1724 1772 εἶναι
1753 1716 1863 1770 τῶν
1902 1716 2002 1769 άλ-

2103 529 2240 598 regis
2266 530 2454 595 pacis;
2489 526 2613 582 istic
2642 542 2792 590 vero,
2825 527 2944 596 ipsa
2991 527 3069 582 rei
3115 528 3319 583 veritas
3354 545 3367 580 :
3397 530 3472 582 ita
3509 538 3564 584 et.
3593 528 3688 584 hic

2104 620 2546 690 nuncupationes
2575 626 2740 686 sunt;
2771 619 2883 673 illic
2901 626 3085 673 autem
3113 620 3318 676 veritas
3339 635 3550 675 rerum.

2181 733 2198 766 ι
2238 713 2313 768 De
2345 713 2635 784 praecipuis
2690 712 3027 782 patriarcha.
3071 733 3089 766 ι

2175 805 2462 874 Praecipua
2514 804 2804 859 manubias
2831 803 2986 858 dicit.

2176 895 2343 953 Vrsas.
2377 898 2428 962 5,
2456 898 2508 953 6.
2534 915 2552 949 ι
2586 897 2650 952 Ει
2671 897 2890 968 quidem
2911 896 2980 952 de
3012 896 3138 952 [iliis
3163 897 3292 953 Levi
3323 900 3696 955 sacerdotium

2101 989 2461 1058 accipientes,
2520 990 2842 1046 mandatum
2873 989 3080 1046 habent
3123 991 3367 1046 decimas
3402 1007 3625 1046 sumere
3665 1007 3693 1044 a

2102 1082 2307 1150 populo
2357 1083 2663 1137 secundum
2701 1083 2898 1153 legem,
2937 1083 2989 1138 id
3030 1089 3116 1138 est
3147 1097 3176 1136 a
3229 1081 3494 1138 fratribus
3537 1084 3695 1136 suis:

2105 1186 2422 1242 quanquam
2477 1173 2583 1243 ipsi
2615 1174 2854 1229 exierint
2885 1173 2952 1230 de
2982 1173 3185 1228 lumbis
3242 1173 3497 1228 Abrahae.
3525 1173 3700 1241 Cujus

2103 1277 2284 1320 autem
2348 1267 2631 1336 generatio
2689 1277 3084 1320 annumeratur
3155 1282 3220 1321 ex
3249 1266 3382 1329 illis,
3453 1266 3698 1320 decimas
3772 1254 3775 1256 ’

2103 1359 2340 1429 sumpsit
2357 1359 2424 1413 ab
2462 1358 2762 1421 Abraham,
2811 1368 2866 1414 et
2905 1359 3055 1414 hunc
3112 1358 3205 1429 qui
3235 1357 3470 1413 habebat
3510 1371 3698 1426 repro-

2103 1451 2428 1514 missiones,
2466 1449 2768 1506 benedixit.
2808 1471 2827 1503 ι

2175 1541 2350 1598 Tanta
2405 1542 2707 1598 eminentia
2741 1553 2857 1598 erat
2905 1542 3230 1609 sacerdotii,
3275 1542 3476 1613 inquit,
3513 1550 3572 1596 ut
3601 1525 3695 1612 qui

2103 1633 2354 1703 ejusdem
2380 1649 2410 1687 a
2446 1634 2770 1702 parentibus
2809 1619 3040 1689 honoris
3068 1643 3124 1690 et
3173 1633 3509 1689 conditionis
3542 1643 3694 1701 sunt,

2107 1720 2473 1789 eumdemque
2531 1722 2942 1793 progenitorem
2996 1722 3223 1787 habent,
3267 1724 3497 1794 reliquis
3533 1725 3697 1794 longe

416 1820 544 1874 λων.
578 1817 824 1886 Δεκάτην
857 1813 951 1868 οὖν
984 1814 1113 1884 παρ’
1142 1809 1370 1864 ἐκείνων
1405 1810 1798 1881 λαμϐάνουσιν.
1832 1808 2001 1861 Ὅταν

2121 1809 2508 1874 praecellerent.
2557 1811 2925 1876 Quamobrem
2984 1813 3233 1868 decimas
3280 1814 3349 1869 ab
3381 1814 3491 1868 illis
3548 1815 3697 1870 acci-

413 1911 510 1966 οὖν
555 1911 684 1981 παρ’
725 1908 906 1963 αὐτῶν
948 1907 1156 1962 τούτων
1199 1909 1433 1969 δεκάτας
1465 1902 1842 1975 λαμϐάνωσιν,
1891 1899 2002 1972 ἄρα

411 2003 512 2073 οὐχ
543 1996 690 2056 οὗτοι
737 2001 836 2072 μὲν
870 2003 928 2055 ἐν
977 2000 1130 2066 τάξει
1175 2000 1401 2065 λα’ίκῶν,
1456 1997 1656 2050 ἐκεῖνοι
1689 1993 1746 2046 δέ
1789 1993 1848 2045 ἐν
1889 1992 2004 2053 τοῖς

413 2093 659 2166 ἱερεύσις
697 2095 808 2148 Καὶ
855 2093 917 2146 οὐ
974 2093 1134 2148 τοῦτο
1185 2092 1368 2164 μόνον,
1417 2088 1534 2143 ἀλλ’
1568 2085 1692 2141 οὐδέ
1739 2085 2002 2157 ὁμότιμος

409 2187 597 2249 αὐτοῖς
617 2180 710 2256 ἦν,
739 2183 854 2239 ἀλλ’
878 2183 938 2248 ἐξ
963 2183 1152 2254 ἐτέρου
1182 2182 1395 2251 γένους.
1429 2179 1595 2232 Ὥστε
1615 2177 1718 2231 οὑκ
1747 2175 1814 2231 ἂν
1836 2175 2002 2229 ἔδωκε

409 2277 701 2349 ἀλλοφύλῳ
744 2276 1000 2344 δεκάτας,
1041 2276 1090 2328 εἰ
1124 2275 1200 2347 μὴ
1227 2272 1400 2345 πολλὴ
1429 2267 1497 2345 ἦν
1528 2272 1563 2342 ή
1593 2269 1748 2341 τιμή.

491 2477 510 2511 ι
556 2456 742 2530 Χωρὶς
775 2455 832 2509 δέ
865 2456 1046 2526 πάσης
1074 2451 1388 2523 ἀντιλογίας
1415 2449 1478 2504 τδ
1507 2449 1728 2503 ἔλαττον
1756 2446 1861 2501 ὑπὸ
1904 2443 2001 2497 τοῦ

406 2551 724 2622 κρείττονος
752 2547 1078 2618 εὐλογεῖται.
1105 2546 1217 2600 Καὶ
1245 2539 1348 2598 ὧδε
1383 2544 1483 2614 μὲν
1508 2541 1742 2603 δεκάτας
1764 2537 2003 2606 ἀποθνή-

409 2660 640 2705 σκοντες
677 2641 957 2713 ἄνθρωποι
1002 2637 1396 2710 λαμϐάνουσιν,
1434 2635 1552 2688 ἐκεῖ
1578 2633 1657 2696 δὲ,
1683 2627 2002 2702 μαρτυρού-

400 2751 578 2806 -μενος
611 2733 694 2787 ὅτι
721 2733 810 2804 ζῇ,
843 2733 960 2795 καὶ,
995 2730 1071 2794 ὡς
1097 2730 1226 2792 ἔπος
1257 2727 1454 2792 εἰπεῖν,
1485 2723 1576 2778 διὰ
1617 2721 1872 2793 Ἀϐραὰμ
1908 2718 2004 2773 καὶ

410 2825 568 2882 Λευῖ.
615 2826 676 2879 ’0
705 2824 764 2878 δέ
794 2822 1256 2894 καταλαμϐάνων,
1295 2815 1688 2873 δεδεκάτωται.
1732 2831 1752 2865 ι

496 2917 716 2987 Ἐπειδή
768 2917 883 2970 ἄνω
929 2915 1024 2968 καὶ
1075 2914 1224 2968 κάτω
1272 2908 1433 2965 τοῦτο
1473 2904 1542 2979 ἦν
1587 2906 1649 2960 τὸ
1695 2903 1914 2975 σεμνὸν,
1943 2900 2005 2954 τὸ

403 3009 752 3079 ἐπαγγελίαν
802 3009 948 3078 ἔχειν
995 3007 1087 3060 τὸν
1147 3003 1421 3076 Ἀϐραὰμ,
1473 2999 1751 3055 δείκνυσιν
1794 2998 2006 3050 ἐκεῖνον

410 3101 546 3154 ὄντα
578 3098 923 3169 σεμνότερον.

2107 1900 2286 1969 piunt.
2349 1899 2582 1967 Quando
2619 1903 2784 1972 igitur
2817 1903 2888 1958 ab
2951 1903 3038 1960 his
3076 1905 3321 1960 decimas
3382 1906 3685 1976 accipiunt,

2109 2006 2289 2045 nonne
2342 1992 2446 2062 ipsi
2499 1993 2554 2046 in
2610 1993 2803 2049 ordine
2864 2005 2996 2050 sunt
3055 1995 3366 2062 Iaicorum,
3434 1997 3511 2050 illi
3567 2013 3698 2052 vero

2108 2080 2456 2136 sacerdotum
2513 2081 2537 2134 ?
2583 2081 2780 2137 Verum
2833 2099 3014 2154 neque
3064 2085 3116 2138 id
3173 2087 3350 2141 solum
3402 2103 3417 2152 ;
3482 2097 3538 2141 ut
3596 2103 3699 2144 nec

2106 2173 2198 2228 ille
2246 2174 2478 2244 aaqualis
2539 2174 2770 2230 honoris
2837 2174 3024 2243 fuerit,
3083 2177 3179 2232 sed
3232 2194 3300 2232 ex
3329 2179 3441 2239 alio
3471 2194 3695 2250 genere.

2107 2265 2456 2336 Quapropter
2505 2266 2786 2320 Abraham
2832 2283 3181 2338 nequaquam
3208 2269 3531 2341 alienigena:
3555 2270 3701 2326 deci-

2108 2369 2225 2410 mas
2245 2355 2506 2421 dedisset,
2539 2357 2644 2412 nisi
2672 2357 2839 2428 hujus
2861 2359 3065 2414 eximia
3096 2359 3340 2430 dignitas
3377 2360 3594 2418 fuisset.

2178 2444 2349 2500 Vens.
2380 2445 2496 2512 7-9,
2543 2465 2562 2499 ι
2590 2446 2722 2502 Sine
2741 2449 2851 2503 ulla
2876 2456 3058 2504 autem
3079 2451 3537 2516 contradictione,
3555 2450 3702 2522 quod

2107 2535 2290 2592 minus
2324 2543 2432 2599 est,
2466 2552 2494 2591 a
2532 2539 2764 2595 meliore
2831 2541 3197 2598 benedicitur.
3229 2543 3296 2596 Et
3321 2542 3410 2598 hic
3444 2545 3695 2613 quidem.
3731 2551 3742 2560 '

2107 2628 2352 2683 decimas
2383 2633 2685 2688 morientes
2732 2633 2986 2690 homines
3047 2636 3332 2704 accipiunt
3369 2653 3384 2689 :
3421 2637 3700 2693 ibiautem

2107 2728 2448 2775 contestatur
2469 2722 2559 2792 qui
2587 2724 2740 2791 vivit,
2763 2732 2818 2780 et
2842 2725 2926 2786 (ut
2955 2725 3026 2780 ita
3052 2725 3258 2780 dictum
3283 2727 3378 2797 sit)
3408 2743 3503 2797 per
3520 2729 3699 2782 Abra-

2108 2811 2234 2864 ham
2264 2821 2318 2866 et
2342 2811 2494 2867 Levi.
2521 2813 2624 2879 Qui
2663 2822 2844 2871 autem
2877 2817 3110 2886 accepit,
3169 2817 3476 2876 decimatus
3521 2831 3628 2877 est.
3670 2841 3689 2872 ο

2197 2903 2468 2971 Quoniam
2519 2922 2746 2964 sursum
2808 2909 3181 2982 deorsumque
3235 2913 3341 2967 hoc
3391 2917 3700 2984 spectabile

2108 3005 2249 3061 erat,
2291 2998 2438 3069 quod
2503 3002 2859 3072 repromissio
2897 3001 3036 3056 facta
3067 3012 3214 3060 esset
3239 3005 3573 3074 Abrahamo,
3606 3025 3702 3064 os-

2111 3089 2284 3143 tendit
2312 3088 2715 3145 Melchisedech
2745 3092 2842 3147 illo
2881 3093 3054 3149 fuisse
3082 3095 3519 3152 honoratiorem.

491 3152 527 3246 ἶ
564 3152 827 3260 Ἔτιγὰρ
847 3191 904 3243 ἐν
929 3190 995 3260 τῇ
1023 3186 1188 3257 ὀσφύϊ
1215 3182 1311 3238 τοῦ
1349 3181 1556 3254 πατρὸς
1579 3175 1673 3253 ἦν,
1704 3177 1792 3233 ὅτε
1821 3177 2007 3248 συνήν-

2187 3180 2350 3236 Vens.
2389 3184 2474 3236 10.
2506 3201 2524 3234 ι
2553 3177 2749 3238 Adhuc
2807 3185 2953 3239 enim
3011 3187 3064 3240 in
3127 3187 3534 3259 lumbispatris
3561 3202 3699 3258 erat,

405 3301 582 3357 τησεν
618 3281 769 3354 αύτῷ
795 3285 823 3336 6
865 3279 1224 3352 Μελχισεδέκ.
1269 3297 1288 3330 ι

488 3375 723 3440 Οὐκοῦν,
761 3374 948 3444 φησὶν,
985 3373 1257 3446 κρείσσων
1285 3373 1314 3425 6
1344 3370 1512 3434 τύπος
1536 3366 1632 3422 τοῦ
1656 3363 1889 3437 Κυρίου,
1913 3361 2008 3416 καὶ

402 3466 586 3522 αὐτοῦ
618 3466 711 3520 τοῦ
742 3469 842 3528 τάς
873 3465 1211 3534 ἐπαγγελίας
1241 3463 1477 3535 ἔχοντος.

495 3577 514 3610 ι
562 3558 627 3611 Εἰ
661 3557 760 3629 μὲν
793 3557 886 3611 οὖν
906 3557 1188 3619 τελείωσις
1210 3555 1300 3609 διὰ
1322 3555 1423 3625 τῆς
1451 3551 1746 3622 Λευῖτικῆς
1781 3547 2008 3620 ἱερωσύ-

403 3667 519 3721 γης
543 3646 631 3722 ἦν.
679 3668 700 3703 s

504 3742 593 3794 Ἐν
619 3741 772 3811 αὐτῷ
810 3735 901 3812 ἦν,
932 3740 1120 3811 φησὶν,
1153 3741 1183 3792 6
1225 3736 1378 3802 Λευῒ,
1405 3738 1454 3790 εί
1493 3737 1589 3790 καὶ
1613 3733 1768 3789 οὔπω
1790 3732 2008 3804 ἐτέχθη.

417 3833 533 3888 Ἴδε
559 3835 726 3888 πόσον
759 3833 820 3886 τδ
851 3833 1019 3904 μέσον
1054 3831 1151 3886 τοῦ
1182 3831 1276 3884 τὸν
1305 3830 1476 3884 τύπον
1509 3829 1725 3901 ἔχοντος
1751 3826 1846 3882 τοῦ
1883 3827 1939 3880 Ἀ
1950 3843 2010 3897 ρ-

403 3929 649 4002 χιερέως
676 3929 709 3999 ή
720 3926 860 3998 μῶν,
890 3927 984 3980 καὶ¹
1017 3926 1125 3980 τῶν
1161 3926 1306 3981 κατὰ
1335 3925 1520 3996 νόμον.

494 4129 514 4163 ι
553 4109 612 4164 '0
633 4110 760 4175 λαὸς
783 4109 891 4181 γάρ
917 4111 1003 4163 ἐπ’
1028 4110 1166 4182 αὑτῇ
1192 4109 1584 4179 νενομοθέτητο
1603 4107 1717 4170 ’τίς
1745 4105 1824 4160 ἔτι
1853 4105 2016 4176 χρεία

411 4203 566 4257 κατὰ
591 4203 691 4272 τὴν
713 4202 866 4267 τάξιν
887 4202 1227 4272 Μελχισεδὲκ
1259 4201 1448 4272 ἕτερον
1480 4197 1802 4254 ἀνίστασθαι
1836 4196 2010 4266 ἱερέα,

422 4297 524 4351 καὶ
550 4297 611 4350 ού
642 4296 786 4351 κατὰ
817 4295 917 4367 τὴν
944 4296 1100 4362 τάξιν
1141 4295 1353 4366 Ἀαρὼν
1381 4293 1672 4364 λέγεσθαι;
1706 4311 1725 4344 ι

2109 3275 2330 3344 quando
2361 3275 2604 3330 obviavit
2636 3276 2685 3332 ei
2720 3275 3137 3332 Melchisedech.
3184 3297 3203 3329 ι

2179 3367 2365 3438 Typus
2394 3383 2528 3439 ergo
2565 3355 2787 3424 Domini
2820 3371 2999 3441 potior
3026 3382 3110 3428 est
3145 3373 3272 3442 illo,
3303 3375 3392 3430 cui
3427 3374 3702 3446 pollicita-

2112 3459 2292 3513 tiones
2323 3459 2480 3514 factae
2511 3469 2660 3516 sunt.

2189 3547 2350 3605 Vsus.
2381 3550 2498 3605 ΗΑ
2530 3549 2586 3604 Si
2617 3566 2748 3624 ergo
2774 3555 3181 3609 consummatio
3203 3569 3302 3626 per
3329 3559 3702 3615 sacerdotium

2111 3642 2417 3698 Leviticum
2449 3653 2590 3706 erat,
2629 3662 2647 3696 ι

2184 3735 2244 3789 In
2279 3751 2344 3790 eo
2370 3735 2657 3802 eratLevi,
2693 3737 2889 3808 inquit,
2917 3739 3022 3794 etsi
3099 3740 3345 3795 nondum
3369 3750 3532 3796 natus
3561 3751 3704 3799 erat.

2115 3827 2328 3898 Inspice
2358 3836 2627 3898 quantum
2659 3829 2884 3884 intersit
2942 3830 3084 3885 inter
3113 3831 3266 3885 illum
3293 3833 3385 3902 qui
3421 3833 3707 3889 Pontiﬁcis

2116 3920 2295 3976 nostri
2343 3928 2531 3992 typum
2566 3923 2810 3992 gerebat,
2842 3928 2897 3977 et
2931 3937 3027 3978 eos
3059 3922 3154 3992 qui
3185 3923 3490 3980 secundum
3534 3925 3705 3996 legem

2115 4011 2284 4067 creati
2308 4023 2457 4067 sunt.

2190 4103 2354 4175 242
2402 4121 2420 4155 ι
2451 4102 2734 4174 (Populus
2764 4103 2910 4159 enim
2944 4104 3048 4160 sub
3083 4105 3205 4174 ipso
3237 4107 3407 4176 legem
3437 4109 3704 4179 accepit.)

2119 4193 2260 4259 Quid
2313 4193 2493 4248 adhuc
2537 4194 2915 4249 necessariam
2949 4195 3051 4248 fuit
3113 4198 3419 4250 secundum
3452 4199 3706 4254 ordinem

2120 4285 2521 4340 Melchisedech
2575 4285 2743 4339 alium
2801 4301 3030 4356 surgere
3082 4287 3449 4356 sacerdotem,
3473 4298 3528 4344 et
3593 4306 3704 4347 non

2121 4377 2422 4435 secundum
2445 4377 2692 4432 ordinem
2715 4377 2900 4431 Aaron
2927 4377 3080 4433 dici?
3110 4396 3129 4428 ι

500 4432 690 4539 Δείξας
736 4473 819 4527 ὅτι
867 4471 1002 4526 πολὺ
1048 4471 1297 4542 βελτίων,
1331 4470 1547 4526 καὶτοῦ
1593 4469 1748 4539 Λευῒ,
1793 4470 2007 4525 καὶτοῦ

2193 4470 2493 4541 Postquam
2519 4469 2761 4525 ostendit
2783 4469 3188 4527 Melchisedech
3222 4471 3394 4527 multo
3435 4482 3702 4544 praestan-

440 4564 727 4636 Ἀϐραάμ,
783 4567 811 4618 6
864 4565 1222 4634 Μελχισεδὲκ,
1285 4567 1343 4619 ἐν
1391 4564 1543 4629 τάξει
1591 4563 1783 4634 ἱερέως
1830 4565 2016 4627 αὐτοῖς

420 4657 744 4728 γενόμενος,
769 4656 829 4721 ἐξ
856 4657 1047 4728 ἐτέρου
1081 4657 1246 4712 πάλιν
1293 4659 1591 4728 ἐπιχειρεῖ,
1618 4657 1794 4725 λέγων
1815 4672 1828 4688 ⁸
1859 4655 2018 4719 Τίνος

423 4749 617 4802 ἕνεκεν
659 4749 759 4802 οὐκ
787 4746 930 4812 εἷπε,
963 4751 1117 4804 κατὰ
1169 4749 1286 4818 τὴν
1325 4748 1501 4813 τάξιν
1556 4748 1814 4818 Ἀιιράιν;
1853 4749 2018 4816 Λέγει

419 4839 542 4910 οὖν,
586 4845 668 4896 ὃτι
706 4845 758 4896 εί
787 4842 1029 4907 τελείους
1076 4841 1249 4895 ἐποίει
1285 4845 1314 4895 6
1347 4842 1533 4912 νόμος,
1575 4841 1665 4894 διὰ
1699 4841 1752 4894 τί
1803 4839 2020 4912 μετετί-

423 4935 590 5004 θετο;
623 4937 658 5008 ἡ
684 4939 794 5009 γὰρ
832 4935 926 4990 τοῦ
964 4935 1156 5008 ίερέως
1189 4934 1478 5007 μετάθεσις
1511 4935 1608 4987 καὶ
1647 4934 1815 5006 νόμου
1851 4933 2020 5004 μετά·

424 5031 580 5094 θεσις
604 5026 696 5103 ἦν.

509 5232 530 5266 ι
575 5210 1028 5282 Μετατιθεμένης
1054 5209 1162 5282 γὰρ
1190 5210 1288 5282 τῆς
1326 5209 1648 5282 ἱερωσύνης,
1681 5207 1743 5273 ἐξ
1775 5208 2022 5278 ἀνάγκης

429 5305 530 5360 καὶ
560 5304 728 5376 νόμου
781 5303 1074 5375 μετάθεσις
1106 5301 1336 5372 γίνεται.
1388 5303 1504 5372 Ἐφ’
1550 5301 1610 5356 ὃν
1658 5302 1769 5373 γὰρ
1803 5301 2022 5371 λέγεται

425 5397 628 5454 ταῦτα.
675 5417 696 5450 ι

505 5490 826 5558 Τουτέστιν,
879 5491 1018 5562 αὐτῇ
1071 5492 1296 5561 στοιχεϊ,
1333 5490 1430 5544 καὶ
1479 5489 1550 5544 δι’
1579 5490 1749 5562 αὐτῆς
1803 5490 2022 5545 ἅπαντα

431 5583 693 5658 πράττει.
724 5583 800 5637 υὺ
845 5585 956 5656 γὰρ
988 5583 1138 5638 ἔστιν
1164 5585 1360 5649 εἰπεῖν,
1385 5583 1468 5636 ὅτι
1493 5582 1675 5636 τελεία
1712 5583 1811 5654 μὲν
1843 5578 1930 5655 ἦν,
1959 5583 2020 5635 οὐ

428 5678 793 5752 προειστήκει
821 5678 878 5733 δὲ
909 5678 1002 5733 τοῦ
1028 5677 1182 5732 λαοῦ.
1215 5678 1365 5749 Δύτῇ
1411 5677 1520 5749 γὰρ
1555 5677 1842 5749 ἐκέχρητο.

2124 4565 2318 4618 tiorem
2357 4564 2675 4622 Abrahamo
2706 4572 2762 4619 et
2811 4563 2940 4620 Levi
2988 4569 3294 4633 exstitisse,
3329 4582 3396 4622 eo
3447 4569 3594 4638 quod
3621 4584 3708 4625 sa-

2121 4655 2349 4710 cerdotii
2376 4669 2476 4724 pro
2514 4653 2625 4709 illis
2659 4653 3008 4710 iunctionem
3052 4655 3259 4710 obierit
3292 4675 3304 4710 :
3343 4673 3409 4712 ex
3435 4659 3544 4713 alio
3580 4674 3709 4712 rur-

2122 4763 2243 4804 sum
2268 4750 2448 4819 capite
2470 4747 2573 4802 hoe
2601 4754 2912 4802 monstrare
2945 4747 3285 4818 aggreditur,
3321 4749 3408 4804 his
3438 4748 3553 4805 fere
3588 4765 3710 4805 ver-

2123 4839 2418 4905 biszQuid
2473 4853 2656 4894 causae
2720 4839 2822 4893 fuit
2866 4845 2926 4892 ut
2986 4854 3099 4894 non
3141 4839 3361 4906 dixerit,
3423 4842 3711 4896 secundum

2122 4932 2363 4987 ordinem
2419 4930 2601 4985 Aaron
2636 4931 2660 4984 τ
2691 4930 2895 5001 Utique
2937 4930 3067 5001 quia
3131 4931 3216 4986 lex
3266 4931 3543 5003 perfectos
3601 4951 3712 4991 non

2121 5023 2383 5080 reddebat
2413 5039 2427 5076 :
2451 5023 2594 5078 unde
2614 5029 2667 5077 et
2701 5025 2966 5078 translata
2995 5022 3116 5079 fuit.
3145 5023 3278 5077 Nam
3301 5027 3588 5083 translatio
3616 5046 3712 5083 seu

2124 5116 2360 5172 mutatio
2394 5115 2721 5181 sacerdotis,
2745 5115 2881 5186 legis
2918 5132 3139 5187 quoque
3166 5119 3400 5172 mutatio
3417 5120 3570 5175 ‘erat.

2201 5207 2363 5263 Vens.
2421 5207 2509 5274 12,
2547 5208 2635 5261 l3.
2675 5225 2694 5259 ι
2725 5205 3020 5262 Translato
3065 5210 3211 5264 enim
3240 5209 3568 5271 sacerdotio,
3623 5226 3713 5262 nc-

2124 5318 2282 5359 cesse
2313 5309 2399 5358 est
2430 5307 2489 5356 ut
2511 5308 2561 5356 et
2582 5300 2720 5373 legis
2747 5302 3038 5357 translatio
3064 5301 3181 5358 ﬁat.
3205 5301 3262 5356 In
3293 5317 3404 5374 quo
3424 5304 3570 5358 enim
3603 5302 3719 5356 ha‘c

2124 5397 2405 5451 dicuntur.
2443 5412 2462 5444 ι
3585 5457 3588 5459 Δ

2196 5489 2255 5544 Id
2310 5495 2394 5543 est
2415 5527 2430 5551 ,
2463 5486 2596 5541 illud
2630 5487 2882 5557 sequitur
2905 5527 2920 5552 ,
2968 5495 3025 5543 et
3057 5503 3153 5558 per
3179 5487 3310 5542 illud
3344 5486 3528 5540 omnia
3554 5487 3712 5557 gerit.

2134 5578 2246 5635 Nec
2273 5579 2418 5634 enim
2455 5578 2562 5632 dici
2617 5588 2816 5649 potest,
2877 5579 3184 5649 perfectum
3237 5579 3462 5649 quidem
3521 5577 3715 5644 fuisse,

2131 5683 2184 5725 at
2218 5685 2327 5725 non
2370 5669 2553 5726 itidem
2585 5672 2788 5742 populo
2814 5673 3194 5743 praepositum.
3229 5669 3309 5726 Eo
3345 5672 3490 5728 enim
3523 5671 3713 5726 uteba-

2127 5772 2238 5816 ltll'.
