4048 6418
438 364 550 436 963

1599 360 1660 418 S.
1701 357 2022 419 JOANNES
2059 350 2493 421 DAMASCENI

3635 351 3739 421 ’964

519 498 540 532 ι
577 476 652 534 De
685 476 790 532 alia
847 475 995 531 tribu
1027 481 1130 538 est,
1179 471 1247 528 de
1271 485 1382 542 qua
1415 471 1603 527 nullus
1635 471 1796 526 altari
1832 479 2032 541 praesto

2214 492 2232 524 ι
2262 473 2438 542 Φυλῆς
2462 471 2654 542 ἐτέρας
2685 469 3052 541 μετέσχηκεν,
3092 468 3185 538 ἀφ’
3212 461 3282 542 ἧς
3332 465 3524 530 οὐδεὶς
3573 483 3738 538 προσ-

442 571 567 628 fuit.
628 569 840 643 [Vsas.
897 563 1106 639 14-16]
1150 563 1497 620 Manifestum
1544 569 1630 619 est
1683 564 1829 617 enim
1893 562 2025 630 quia

441 682 510 721 ex
564 663 705 719 .luda
733 670 891 718 ortus
947 668 1033 716 est
1095 657 1365 712 Dominus
1402 663 1619 720 noster,
1648 654 1704 708 in
1736 668 1846 723 qua
1879 652 2029 706 trihu

441 758 580 814 nihil
607 756 674 811 de
702 753 1015 810 sacerdotio
1045 750 1263 823 Moyses
1327 750 1550 804 locutus
1573 756 1679 804 est.
1708 745 1776 800 Et
1799 745 2038 816 amplius

442 849 624 905 adhuc
682 844 1044 902 manifestum
1088 852 1196 906 est,
1255 841 1302 899 si
1355 841 1663 898 secundum
1719 838 2042 895 similitudi-

441 958 562 998 nem
573 979 588 995 .
601 960 620 993 ι

385 1019 406 1043 ’⁵
511 1031 628 1085 Hoc
661 1029 728 1086 ad
786 1043 886 1083 eos
915 1031 1130 1098 spectat
1187 1024 1284 1095 qui
1323 1023 1516 1080 dicunt
1563 1042 1576 1077 :
1623 1019 1852 1091 Ecquod
1892 1031 2033 1090 opus

440 1134 559 1184 erat
593 1125 745 1180 Novo
775 1119 1170 1178 TeSIamento?

517 1238 537 1271 ι
569 1215 971 1274 Melchisedech
997 1220 1257 1283 exsurgat
1299 1210 1442 1266 alius
1497 1207 1779 1274 sacerdos,
1802 1203 1896 1277 qui
1927 1217 2040 1259 non

443 1311 752 1368 secundum
789 1309 986 1379 legem.
1034 1324 1055 1359 ι

485 1386 628 1458 ‘Hoc
666 1401 852 1467 modo,
887 1397 1088 1468 inquit,
1123 1397 1462 1452 Aaronicum
1492 1394 1755 1466 explosit.

514 1513 534 1546 ι
567 1493 808 1548 Mandati
840 1489 1084 1546 carnalis
1119 1487 1298 1543 factus
1329 1494 1468 1542 est.»

511 1585 624 1641 Lex
657 1587 860 1655 quippe
886 1595 982 1652 per
1014 1580 1199 1665 omnia
1224 1580 1466 1633 carnalis
1497 1583 1635 1632 erat.
1661 1571 2034 1634 Circumcide,

448 1680 652 1750 inquit,
680 1690 904 1733 carnem
933 1681 1114 1739 tuam,
1151 1687 1295 1744 unge
1329 1685 1577 1736 carnem,
1617 1681 1843 1725 carnem
1893 1665 2036 1731 lava,

447 1786 668 1827 carnem
702 1769 853 1824 rade.

2143 565 2346 635 ἐσχηκε
2377 563 2456 636 τῷ
2491 563 2878 635 Θυσιαστηρίῳ.
2903 561 3172 633 Πρόδηλον
3202 562 3344 632 γὰρ,
3365 560 3454 613 ὅτι
3481 559 3544 624 ἐξ
3579 558 3741 615 Ἰούδα

2141 638 2508 710 ἀνατέταλκεν
2563 657 2591 709 ὁ
2643 655 2848 725 Κύριος
2897 654 3078 726 ἡμῶν,
3131 653 3211 716 εἰς
3257 654 3331 724 ἢν
3370 651 3554 723 φυλὴν
3597 651 3744 705 οὐδὲν

2143 752 2274 822 περὶ
2318 749 2620 819 ἱερωσύνης
2645 747 2890 817 Μωῦσῆς
2913 745 3171 815 ὲλάλησε.
3201 745 3319 798 Καὶ
3350 743 3744 814 περισσότερον

2141 841 2223 895 ἔτι
2251 839 2555 910 κατάδηλόν
2585 839 2755 903 ἐστιν,
2793 839 2842 890 εί
2886 835 3030 890 κατὰ
3058 834 3157 907 τὴν
3184 833 3526 906 ὁμοιότητα.
3553 850 3572 884 ι

2215 1017 2388 1073 Τοῦτο
2425 1015 2562 1091 πρὸς
2599 1018 2726 1082 τοὺς
2775 1018 3054 1086 λέγοντας,
3088 1015 3154 1070 Τί
3205 1014 3319 1070 ἔδει
3355 1014 3581 1085 Καινῆς
3629 1014 3744 1069 Δια-

2143 1113 2353 1186 θήκης;

2221 1230 2238 1262 ι
2285 1206 2624 1282 Μελχισεδὲκ
2658 1205 2945 1262 ἀνίσταται
2982 1205 3164 1278 ἱερεὺς
3192 1204 3417 1275 ἕτερος,
3440 1202 3502 1266 ὃς
3526 1201 3590 1256 ού
3615 1202 3748 1256 κατὰ

2143 1305 2328 1376 νόμον,
2359 1324 2377 1357 ι
2807 1303 2814 1309 ’

2216 1398 2378 1454 Οὕτω
2403 1398 2533 1471 γὰρ,
2566 1401 2723 1468 φησὶ,
2760 1395 2862 1468 τὴν
2904 1393 3000 1448 τοῦ
3053 1393 3265 1465 ’Δαρὼν
3302 1391 3593 1457 ἐξέϐαλεν.

2223 1513 2241 1546 ι
2306 1492 2560 1562 Ἑντολῆς
2594 1491 2863 1563 σαρκίνης
2891 1489 3105 1558 γέγονε.
3155 1505 3174 1541 ι

2217 1585 2378 1664 Κατὰ
2424 1583 2603 1637 πάντα
2650 1581 2761 1653 γὰρ
2793 1580 2958 1650 νόμος
2995 1578 3250 1650 σάρκινος
3457 1564 3745 1646 Περίτεμε,

2145 1674 2298 1745 φησὶ,
2353 1673 2454 1744 τὴν
2499 1672 2680 1744 σάρκα
2729 1683 2860 1735 σου,
2913 1671 3100 1739 χρίσον
3146 1667 3248 1739 τὴν
3289 1667 3523 1739 σάρκα,
3569 1665 3748 1720 λοῦσον

2143 1768 2243 1837 τὴν
2271 1768 2470 1839 σάρκα,
2495 1763 2812 1837 περίκειρον
2837 1763 2938 1834 τὴν
2971 1760 3172 1833 σάρκα.

516 1881 536 1914 ι
567 1862 673 1916 Sed
700 1859 1001 1916 secundum
1033 1859 1287 1914 virtutem
1315 1854 1438 1910 vitae
1473 1853 1804 1910 insolubilis.
1843 1851 2044 1924 ﬂens.

2229 1882 2246 1913 ι
2309 1859 2471 1914 ’Λλλὰ
2504 1857 2647 1913 κατὰ
2679 1856 2909 1927 δύναμιν
2933 1855 3082 1924 ζωῆς
3109 1851 3496 1907 ἀκαταλύτου.
3531 1850 3749 1920 Μαρτυ-

449 1957 560 2028 l7]
595 1956 955 2012 Contestatur
1014 1954 1160 2008 enim
1203 1948 1329 2030 :‘Tu
1371 1965 1431 2005 es
1487 1949 1751 2004 sacerdos
1798 1949 1854 2002 in
1881 1954 2045 2002 aeter-

448 2063 580 2104 num
612 2045 918 2103 secundum
954 2045 1206 2100 ordinem
1261 2041 1687 2097 Melchisedech.
1755 2058 1775 2090 ›

517 2139 640 2196 Non
667 2137 1096 2202 Melchisedech,
1141 2134 1236 2190 sed
1272 2133 1558 2197 Christus,
1585 2131 1676 2202 qui
1710 2146 1809 2186 sua
1839 2131 2048 2186 virtute

448 2233 613 2291 Vivit.
713 2257 722 2266 -

523 2325 641 2383 Hoc
694 2332 803 2392 est,
858 2337 969 2378 non
1027 2330 1423 2391 tempora-near,
1458 2324 1550 2372 aut
1600 2331 1724 2388 quae
1759 2316 1922 2372 linem
1953 2315 2050 2370 bas-

451 2421 600 2478 beat.

522 2514 690 2569 Vens.
729 2509 923 2567 18-21.
952 2526 970 2561 ι
1009 2505 1344 2577 Reprobatio
1375 2502 1594 2574 quidem
1651 2501 1708 2556 ﬁt
1734 2499 2052 2573 praeceden-

453 2607 529 2663 tis
561 2603 834 2668 mandati,
868 2610 1096 2674 propter
1129 2597 1505 2654 inﬁrmitatem
1537 2596 1662 2666 ejus
1698 2604 1754 2650 et
1779 2593 2053 2648 inutilita-

431 2703 435 2711 '
465 2708 596 2755 tem.
626 2697 777 2753 Nihil
802 2697 949 2752 enim
991 2695 1061 2749 ad
1095 2691 1401 2765 perfectum
1449 2687 1682 2744 adduxit
1712 2688 1798 2742 lex
1828 2704 1842 2740 :
1878 2687 2056 2742 intro-

453 2793 643 2850 ductio
702 2805 836 2847 vero
872 2788 1123 2844 melioris
1174 2785 1314 2857 spei,
1343 2799 1439 2856 per
1485 2797 1652 2853 quam
1679 2781 2056 2854 proximamus

454 2889 525 2945 ad
578 2886 791 2942 Deum:
826 2890 883 2940 et
915 2888 1188 2953 quantum
1245 2885 1331 2933 est
1362 2893 1472 2931 nou
1514 2876 1637 2930 sine
1685 2873 2056 2946 jurejurando

456 2980 585 3055 (alii
632 2977 906 3048 siquidem
956 2971 1323 3044 jurejurando
1352 2968 1673 3024 sacerdotes
1704 2966 1834 3022 facti
1860 2965 2054 3038 sunt),

457 3074 552 3130 hic
582 3079 766 3126 autem
817 3081 944 3123 cum
967 3062 1363 3136 jurejurando,
1400 3077 1500 3133 per
1531 3076 1660 3116 eum
1692 3059 1788 3130 qui
1829 3060 1968 3116 dixit
1986 3057 2055 3113 ad

2152 1957 2238 2027 psi’
2276 1953 2385 2026 γὰρ
2416 1953 2498 2006 ὃτι
2535 1952 2599 2006 σὺ
2625 1949 2804 2020 ἱερεὺς
2832 1950 2911 2010 είς
2939 1948 3030 2002 τὸν
3060 1945 3235 2027 αἰῶνα
3270 1943 3429 1999 κατὰ
3474 1943 3577 2015 τὴν
3608 1941 3748 2010 τάξιν

2149 2019 2508 2118 Melita-adsit.
2555 2064 2573 2097 ι
2678 2019 2687 2020 7
3070 2019 3083 2034 ’

2220 2141 2334 2210 Ὀὐχ
2377 2140 2406 2192 ὁ
2449 2135 2810 2208 Μελχισεδὲκ,
2853 2133 2970 2190 ἀλλ’
3001 2133 3031 2188 ὁ
3069 2130 3338 2204 Χριστὸς,
3387 2130 3453 2196 ὃς
3481 2133 3552 2203 τῇ
3584 2127 3748 2201 οἰκείᾳ

2151 2230 2377 2302 δυνάμει
2415 2229 2504 2301 ζῇ.

2224 2324 2541 2387 Τουτέστιν,
2566 2321 2626 2374 ού
2655 2317 3018 2392 προσκαίρου,
3043 2315 3164 2370 ούδέ
3194 2315 3380 2388 πέρας
3409 2313 3651 2386 ἔχοντος.

2233 2541 2252 2574 ι
2298 2519 2580 2591 Ἀθέτησις
2604 2510 2703 2590 μὲν
2737 2514 2848 2587 γὰρ
2870 2513 3083 2584 γίνεται
3117 2511 3485 2586 προαγούσης
3515 2510 3742 2582 ἐντολῆς,

2154 2616 2245 2672 διὰ
2271 2615 2334 2670 τὸ
2357 2612 2530 2684 αὐτῆς
2560 2609 2786 2674 ἀσθενὲς
2815 2609 2908 2664 καὶ
2945 2607 3247 2677 ἀνωφελές.
3291 2606 3468 2661 Οὐδὲν
3501 2606 3612 2677 γὰρ
3638 2607 3744 2658 me

2157 2709 2384 2765 λείωσεν
2411 2709 2440 2760 ὁ
2469 2707 2634 2774 νόμος
2655 2721 2668 2737 ·
2695 2702 3052 2773 ἐπεισαγωγὴ
3085 2702 3144 2756 δὲ
3166 2702 3491 2774 κρείττονος
3525 2700 3743 2766 ἐλπίδος,

2157 2802 2226 2856 δι’
2264 2795 2333 2874 ἦς
2382 2797 2678 2868 ἐγγίζομεν
2724 2794 2804 2867 τῷ
2843 2792 2986 2866 Θεῷ,
3021 2795 3119 2848 καὶ
3166 2793 3292 2848 καθ’
3325 2793 3457 2847 ὅσον
3499 2792 3562 2846 οὐ
3591 2790 3745 2862 χωρὶς

2160 2889 2550 2963 ὁρκωμοσίας·
2603 2885 2652 2942 ei
2691 2882 2788 2958 μὲν
2849 2884 2959 2957 γὰρ
3007 2883 3179 2955 χωρὶς
3213 2882 3577 2954 ὁρκωμοσίας
3623 2882 3744 2936 εἰσὶν

2164 2984 2330 3051 ἱερεῖς
2356 2982 2681 3052 γεγονότες,
2724 2983 2753 3034 ὁ
2804 2979 2864 3033 δὲ
2897 2977 3036 3049 μετὰ
3093 2975 3487 3048 ὁρκωμοσίας,
3538 2973 3624 3028 διὰ
3661 2971 3743 3026 τοῦ

2161 3077 2416 3148 λέγοντος
2467 3075 2606 3147 πρὸς
2654 3073 2852 3128 αὐτόν·
2903 3058 3110 3142 "(locus
3160 3068 3396 3138 Κύριος,
3433 3066 3533 3122 καὶ
3571 3065 3631 3119 ού
3663 3081 3744 3136 μειί

457 3167 613 3222 illum
663 3177 677 3215 :
709 3159 932 3216 Juravit
964 3157 1256 3223 Dominus,
1289 3163 1345 3210 et
1376 3170 1488 3210 non
1534 3153 1824 3224 paenitebit
1882 3167 2008 3208 eum
2037 3171 2051 3208 ι

2167 3167 2630 3240 ταμεληθήσεται.
2673 3165 2747 3220 Σὺ
2781 3165 2960 3240 ἱερεὺς
2993 3165 3074 3227 εἰς
3109 3162 3203 3217 τὸν
3249 3161 3431 3218 αἰῶνα
3464 3159 3604 3215 κατὰ
3658 3157 3744 3227 τὴν

461 3257 549 3315 Tu
589 3272 651 3314 es
689 3251 953 3311 sacerdos
1009 3251 1064 3306 in
1111 3256 1384 3304 aeternum
1445 3246 1756 3303 secundum
1803 3244 2052 3302 ordinem

2167 3261 2320 3330 τάξιν
2350 3260 2704 3333 Μελχισεδέκ.
2755 3279 2773 3312 ι
3386 3260 3406 3279 ⁹

461 3347 892 3409 Melchisedech.
933 3363 956 3398 ι
1799 3415 1803 3418 _

525 3436 841 3496 Ρτωεεάεηε
878 3431 1224 3496 mandatum,
1247 3428 1452 3501 inquit,
1489 3429 1595 3484 hoc
1625 3438 1712 3485 est
1744 3426 2060 3485 testamenti

459 3531 668 3588 veteris
697 3527 1016 3584 mandatum
1057 3532 1185 3579 ante
1206 3523 1399 3586 latum,
1425 3522 1509 3576 lex
1537 3520 1820 3586 nimirum,
1855 3519 2062 3576 rescis-

466 3641 592 3683 sum
624 3631 712 3680 est
766 3630 821 3678 et
850 3622 1207 3692 abrogatum,
1235 3633 1302 3674 eo
1333 3617 1484 3688 quod
1518 3616 1734 3672 homini
1766 3615 2064 3688 perfectio-

465 3734 593 3776 nem
627 3716 932 3773 conciliare
960 3729 1076 3768 non
1106 3719 1320 3782 posset.
1351 3713 1422 3764 At
1451 3709 1633 3780 potior
1664 3724 1792 3778 spes
1815 3707 2064 3763 introdu-

467 3820 557 3867 cta
622 3817 728 3875 est,
793 3806 1000 3877 inquit,
1051 3819 1179 3875 quae
1243 3818 1347 3859 nos
1392 3801 1505 3858 Deo
1564 3801 1852 3872 proximos
1909 3798 2061 3856 facit.

472 3899 683 3955 Novum
715 3897 929 3953 scilicet
965 3895 1172 3962 innuit,
1221 3910 1322 3965 per
1355 3893 1502 3965 quod
1535 3891 1647 3950 Deo
1673 3903 1727 3948 et
1752 3890 1900 3947 Patri
1928 3907 2064 3946 con-

467 3991 647 4064 juncti
705 4005 922 4056 sumus,
962 3987 1220 4059 quodque
1267 3985 1402 4042 adeo
1435 3986 1669 4054 extollit,
1694 3995 1754 4040 ut
1794 3999 1905 4039 non
1943 3984 2066 4042 sine

466 4083 830 4157 jurejurando
860 4081 1038 4137 fuisse
1069 4079 1341 4136 sancitum
1391 4078 1540 4134 dicat
1577 4095 1590 4131 :
1628 4094 1754 4134 cum
1791 4078 1925 4135 illud
1966 4093 2061 4134 ve-

471 4186 565 4233 tus
601 4177 725 4232 sine
773 4175 1095 4242 juramento
1124 4173 1314 4231 datum
1345 4182 1513 4229 esset.
1549 4170 1686 4227 Vide
1713 4186 1821 4242 qua
1853 4171 2067 4227 ratione

2246 3431 2718 3505 Ἠ.προάγουσιι,
2748 3435 2934 3506 φησὶν,
2965 3431 3212 3500 ἐντολὴ,
3244 3432 3533 3488 τουτέστιν
3567 3431 3598 3501 ἡ
3629 3439 3744 3499 προ-

2163 3524 2430 3597 δεδομένη.
2457 3526 2650 3595 ἐντολὴ
2673 3526 2772 3598 τῆς
2795 3525 3039 3591 Παλαιᾶς
3062 3526 3343 3596 Διαθήκης
3362 3543 3375 3556 ·
3414 3524 3562 3594 λέγει
3591 3522 3646 3576 δὲ
3665 3521 3743 3574 τὸν

2165 3621 2367 3692 νόμον·
2420 3620 2720 3684 άθετείται,
2771 3621 2960 3692 φησὶν,
3027 3621 3121 3675 καὶ⁴
3167 3620 3522 3682 ἐκϐάλλεται,
3572 3614 3742 3685 ἐπειδὴ

2122 3734 2125 3736 ·
2165 3713 2454 3768 τελειῶσαι
2494 3713 2597 3768 οὐκ
2624 3713 2860 3786 ἠδύνατο
2884 3715 2975 3768 τδν
3006 3713 3320 3785 ἄνθρωπον.
3379 3711 3744 3780 Ἐπεισάγεται

2165 3806 2244 3870 δέ,
2281 3806 2470 3878 φησὶν,
2504 3808 2538 3878 ἡ
2588 3807 2860 3878 κρείσσων
2912 3806 3088 3874 ἐλπὶς,
3128 3809 3166 3878 ἡ
3204 3806 3303 3861 καὶ
3349 3805 3572 3874 ἐγγίσαι
3615 3803 3743 3874 ἡμᾶς

2167 3898 2398 3952 ποιοῦσα
2432 3899 2510 3971 τῷ
2547 3899 2688 3970 Θεῷ.
2721 3900 2885 3969 Λέγει
2913 3899 2972 3954 δὲ
3001 3899 3101 3972 τὴν
3135 3899 3305 3965 Νέαν,
3355 3899 3426 3954 δι’
3456 3897 3623 3966 αὐτῆς
3649 3892 3742 3963 γὰρ

2170 3990 2526 4063 συνήφθημεν
2578 3991 2657 4063 τῷ
2702 3991 2822 4063 Θεῷ
2857 3993 2950 4045 καὶ
3003 3991 3216 4064 Πατρί·
3276 3990 3373 4046 καὶ
3423 3988 3625 4056 ταύτην
3671 3983 3743 4036 ἔτι

2169 4084 2386 4150 αῧξων,
2443 4086 2504 4139 οὐ
2549 4085 2721 4156 χωρὶς
2771 4084 3122 4157 ὁρκωμοσίας
3187 4084 3344 4154 λέγει
3406 4078 3738 4152 γεγενῆσθαι.

2182 4176 2400 4249 Ἐκείνη
2433 4177 2490 4231 δὲ
2537 4180 2570 4249 ἠ
2615 4177 2823 4233 παλαιὰ
2871 4177 3040 4250 χωρὶς
3085 4177 3443 4250 ὁρκωμοσίας
3483 4170 3570 4246 ἧν.
3620 4171 3743 4238 Ὅρα

475 4280 777 4339 utrumque
832 4277 1036 4339 anget;
1077 4282 1142 4322 eo
1195 4265 1342 4337 quod
1398 4279 1580 4335 neque
1624 4265 1789 4320 finem
1843 4265 2062 4331 habeat,

474 4359 942 4434 quemadmodum
977 4360 1190 4430 legalis.
1225 4358 1364 4414 lluic
1388 4372 1522 4413 vero
1554 4356 1717 4412 ﬁnem
1747 4357 2064 4428 impositum

471 4474 598 4514 esse
645 4456 942 4527 signiﬁcat,
995 4455 1084 4510 ubi
1140 4455 1217 4508 ait
1255 4469 1270 4508 :
1309 4452 1617 4509 Secundum
1650 4453 1906 4508 virtutem
1946 4455 2066 4510 vitae

474 4545 774 4602 insolubilis
797 4555 844 4600 et
877 4544 1263 4614 iurisjurandi.

2175 4566 2303 4615 του,
2341 4549 2442 4604 καὶ
2482 4549 2595 4604 τοῦ
2632 4549 2835 4619 ὅρκου.

546 4638 710 4712 243
738 4636 1116 4694 νειιε.⁶22-25.
1160 4655 1180 4689 ι
1221 4637 1280 4692 ln
1329 4642 1547 4690 tantum
1595 4636 1843 4693 melioris
1898 4643 2052 4693 testa‘

2255 4660 2274 4694 ι
2306 4642 2466 4697 Κατὰ
2497 4642 2763 4697 τοσοῦτον.
2782 4642 2883 4696 καὶ
2920 4643 3231 4715 κρείττονος
3269 4640 3537 4714 διαθήκης
3569 4636 3736 4707 γέγονε

476 4731 650 4787 menti
691 4744 927 4801 sponsor
965 4729 1149 4785 factus
1199 4737 1286 4784 est
1347 4725 1531 4784 Jesus.
1589 4727 1658 4781 Et
1701 4729 1796 4783 alii
1845 4728 2052 4799 quiden

2178 4733 2378 4805 ἔγγυος
2424 4735 2651 4805 Ἰησοῦς,
2678 4737 2774 4791 καὶ
2809 4738 2860 4791 οἱ
2899 4737 2998 4807 μὲν
3047 4735 3294 4801 πλείονές
3321 4738 3430 4790 είσι
3480 4730 3738 4802 γεγονότες

478 4823 668 4896 plures
701 4820 835 4877 facti
869 4829 1002 4878 sunt
1054 4820 1398 4886 sacerdotes,
1448 4820 1660 4875 idcirco
1699 4819 1844 4890 quod
1894 4829 2052 4875 morti

2183 4829 2371 4900 ἱερεῖς,
2406 4828 2496 4882 διὰ
2519 4829 2581 4882 τὸ
2611 4828 2836 4902 θανάτῳ·
2858 4828 3169 4884 κωλύεσθαι
3221 4827 3594 4901 παραμένεινο
3632 4823 3658 4875 ὁ
3685 4818 3732 4872 δὲ

408 4977 410 4980 ,
480 4913 912 4986 prohiberentur
977 4927 1341 4985 permanere;
1395 4911 1485 4967 hic
1545 4920 1728 4968 autem
1787 4927 1856 4969 eo
1926 4928 2052 4983 quor

2182 4921 2272 4975 διὰ
2301 4921 2362 4974 τὸ
2390 4921 2576 4992 μένειν
2613 4922 2778 4976 αὑτὸν
2799 4923 2880 4986 είς
2903 4921 2996 4976 τὸν
3033 4922 3228 4989 αἰῶνα,
3265 4919 3614 4992 ἀπαράϐατον
3643 4911 3737 4980 ἔχει

415 5015 426 5075 l
483 5009 707 5057 maneat
730 5001 787 5056 in
826 5002 1545 5073 aaternum,sempiternum
1592 5001 1762 5058 habet
1809 5002 2052 5059 sacerdo'

2181 5014 2280 5085 τὴν
2318 5013 2646 5086 ἱερωσύνην.
2685 5013 2849 5068 Ὅθεν
2909 5014 3005 5067 καὶ
3039 5013 3234 5079 σώζειν
3263 5015 3343 5077 εἰς
3387 5012 3447 5064 τὸ
3503 5002 3736 5062 παντελὲς

2168 4267 2228 4321 δὲ
2276 4268 2395 4332 πῶς
2429 4269 2526 4324 καὶ
2553 4268 2623 4324 τὰ
2649 4270 2743 4324 δύο
2786 4269 2963 4337 αὔξει,
2991 4271 3074 4325 ὅτι
3101 4270 3203 4324 οὐκ
3235 4269 3353 4341 ἔχει
3383 4267 3537 4330 τέλος
3575 4262 3742 4328 ὥσπερ

2168 4365 2203 4435 ἡ
2237 4363 2436 4435 νομική
2470 4363 2606 4435 (10).
2642 4362 2814 4417 Τοῦτο
2837 4364 2894 4417 δὲ
2925 4363 3061 4435 αὐτῇ
3096 4363 3353 4434 σημαίνει
3381 4360 3490 4415 ἀπὸ
3517 4355 3608 4412 τοῦ
3632 4355 3743 4424 Χρι-

2173 4454 2324 4511 στοῦ.
2367 4455 2534 4510 Κατὰ
2583 4455 2842 4526 δύναμιν
2879 4455 3010 4528 γὰρ,
3074 4455 3238 4526 φησὶ,
3279 4453 3434 4524 ζωῆς
3465 4444 3740 4508 ἀκαταλύ-

484 5092 623 5146 tium
655 5107 668 5144 :
701 5092 845 5146 unde
871 5099 926 5146 et
958 5093 1174 5149 salvare
1210 5095 1266 5148 in
1306 5101 1638 5165 perpetuum
1683 5101 1869 5165 potest
1913 5109 2052 5150 acce‘

2180 5106 2405 5161 δύναται
2430 5109 2557 5170 τοὺς
2585 5107 3058 5179 προσερχομένους
3087 5107 3156 5160 δι’
3187 5105 3351 5160 αὐτοῦ
3378 5102 3453 5174 τῷ
3465 5098 3597 5170 Θεῷ,
3621 5093 3736 5148 πάν-

487 5184 842 5264 dentes_per
893 5185 1253 5257 semetipsum
1299 5186 1371 5242 ad
1429 5185 1650 5253 Deum,
1718 5201 1938 5258 setnper
1989 5187 2074 5242 vi-
2179 5213 2298 5249 τοτε
2332 5197 2460 5260 ζῶν,
2499 5217 2518 5250 .

487 5291 640 5333 vens.
681 5295 700 5327 ι

559 5362 837 5430 Quoniam
873 5362 1084 5435 juravit
1116 5381 1334 5438 semper
1377 5381 1506 5424 eum
1563 5383 1691 5424 esse
1743 5383 2052 5440 permansu

2255 5380 2380 5433 Ὅτι
2409 5378 2624 5448 ὤμοσεν
2647 5379 2798 5449 αὐτῷ
2827 5379 2916 5432 ἀεὶ
2947 5379 3108 5434 αὑτὸν
3127 5377 3367 5444 ἔσεσθαι,
3400 5375 3498 5429 οὐκ
3526 5362 3730 5424 ἂντοῦτο

487 5469 612 5510 runt
641 5474 654 5510 :
688 5456 836 5527 quod
881 5471 1166 5528 nunquam
1231 5460 1476 5526 fecisset,
1537 5460 1644 5514 nisi
1676 5457 1841 5517 Jesus
1885 5463 2052 5517 viven:

2185 5471 2386 5536 ἐποίει,
2416 5474 2464 5526 εἰ
2493 5473 2568 5544 μὴ
2600 5471 2712 5538 ζῶν
2745 5467 2837 5545 ἦν.
2881 5472 3107 5536 Ὁσάκις
3131 5473 3187 5526 δὲ
3214 5473 3365 5544 ἱερέα
3397 5453 3730 5540 ἢλειτουργδν

488 5554 658 5602 esset.
695 5546 968 5603 Caeterum
996 5551 1215 5618 quoties
1265 5552 1610 5608 sacerdotem
1651 5561 1711 5606 ut
1755 5553 2052 5610 ministruu

2185 5565 2428 5630 ἀκούεις,
2471 5565 2604 5619 αὐτὸ
2627 5565 2688 5618 τὸ
2713 5566 2811 5636 τῆς
2833 5566 3118 5630 κενώσεως
3152 5566 3320 5620 ἐννόει
3351 5563 3413 5617 τὸ
3443 5555 3725 5630 μυστήριον·

492 5639 679 5703 nudis,
712 5641 892 5710 ipsum
925 5643 1106 5715 cogita
1137 5644 1542 5701 exinanitionis
1572 5645 1918 5717 mysterium.
2245 5657 2274 5681 ⁸

1995 5739 2226 5798 NOTAE.

562 5824 678 5898 (10)
718 5825 926 5886 Textus
961 5830 1191 5886 mutilus
1219 5836 1272 5884 et
1303 5829 1771 5888 obscurissimus.
1807 5828 1957 5887 Nihil
1986 5831 2182 5888 horum
2211 5835 2374 5891 habet
2404 5836 2834 5910 Chrysostomus
2862 5839 3007 5896 unde
3049 5839 3348 5896 restaurari
3379 5826 3564 5908 p055“-
