4048 6404
431 313 539 376 965

1600 314 1682 376 IN
1709 317 1945 377 EPIST.
1973 316 2071 375 AD
2107 318 2495 381 IIEBIUEOS.

3570 333 3674 396 966

503 450 523 483 c
560 431 655 494 Είς
677 431 740 485 τὸ
802 430 1157 502 ἐντυγχάνειν
1185 431 1325 500 ὑπὲρ
1363 429 1566 484 αὐτῶν.
1606 431 1860 494 Τοιοῦτος
1891 429 1984 501 γὰρ

2179 433 2304 487 «Ad
2362 435 2820 506 interpellandum
2875 455 2974 512 pro
3040 442 3143 497 eis.
3210 441 3403 514 [Vens
3456 445 3673 520 26-28.]

423 526 561 596 ἡμῖν
589 523 833 594 ἔπρεπεν
876 523 1214 595 Ἀρχιερεὺς,
1251 524 1421 587 ὅσιος,
1458 521 1684 584 ἄκακος,
1715 521 1995 591 ἀμίαντος,

423 613 830 686 κεχωρισμένος
858 613 964 667 ἀπὸ
994 611 1101 666 τῶν
1130 610 1494 682 ἁμαρτωλῶν,
1536 611 1632 664 καὶ
1669 611 1999 680 ὑψηλότερος

420 706 529 760 τῶν
560 705 806 776 οὐρανῶν
831 705 1122 774 γενόμενος
1149 718 1164 732 '
1209 702 1269 765 ὃς
1327 704 1428 756 οὐκ
1472 701 1583 773 ἔχει
1634 702 1756 756 καθ’
1783 701 1998 772 ἡμέραν

421 795 692 864 ἀνάγκην,
752 792 941 862 ῶσπερ
973 793 1021 844 οἱ
1067 793 1366 862 ἀρχιερεῖς,
1419 791 1686 862 πρότερον
1727 791 1866 860 ὑπὲρ
1889 791 1996 843 τῶν

422 885 570 940 ἰδίων
595 883 883 955 ἁμαρτιῶν
932 882 1124 946 θυσίας
1166 883 1485 954 ἀναφέρειν,
1532 881 1727 936 ἔπειτα
1753 881 1866 935 τῶν
1900 880 1995 935 τοῦ

416 978 570 1032 λαοῦ.
611 996 630 1029 ι

492 1070 662 1123 Πάλιν
706 1068 800 1122 καὶ
851 1066 1010 1120 τοῦτο
1064 1067 1157 1122 τοῦ
1224 1067 1366 1121 κατά
1421 1067 1602 1138 σάρκα
1659 1068 1994 1138 σημαντικὸν

416 1159 615 1214 ἐποίει.
658 1159 717 1212 '0
738 1157 966 1229 ἐγείρων
994 1158 1122 1221 τοὺς
1168 1159 1424 1228 νεκροὺς,
1473 1159 1565 1212 καὶ
1591 1157 1870 1223 ζωοποιῶν
1899 1157 1993 1222 οὒς

416 1250 582 1316 θέλει,
613 1247 788 1312 οὕτως
820 1248 896 1313 ὡς
927 1250 1018 1301 καὶ
1038 1248 1066 1300 ό
1103 1249 1311 1318 Πατὴρ,
1345 1249 1460 1312 πῶς
1501 1251 1858 1320 ὲντυγχάνει;
1887 1250 1995 1319 Δῆ-

412 1341 506 1396 λον
532 1336 624 1396 οὖν
652 1342 734 1395 ὅτι
781 1340 882 1411 τῆς
911 1340 1224 1410 οἰκονομίας
1256 1341 1400 1395 είσὶν
1428 1342 1588 1395 αὐταὶ
1615 1345 1669 1396 αἱ
1700 1343 1898 1410 φωναὶ,
1929 1341 1991 1395 οὐ

412 1433 805 1504 διαιρουμένης
860 1436 957 1503 τῆς
997 1433 1247 1504 θεότητος
1271 1451 1283 1466 ο
1316 1435 1344 1486 ὁ
1396 1433 1560 1498 αὐτὸς
1605 1434 1714 1503 γάρ
1752 1435 1868 1488 ἐστι
1899 1435 1992 1488 καὶ

413 1525 568 1588 Θεὸς,
599 1521 702 1578 κᾶν
730 1522 819 1578 διὰ
867 1523 968 1594 τὴν
999 1523 1331 1594 οἰκονομίαν,
1363 1522 1500 1576 ἀλλα
1531 1525 1664 1593 περὶ
1717 1522 1881 1577 αὐτοῦ
1907 1523 1992 1576 λέ-

412 1631 590 1684 γεται.

494 1814 512 1847 ι
551 1792 719 1848 Τοῦτο
746 1793 856 1865 γὰρ
879 1791 1402 1864 ἐποίησενὲφάπαξ,
1441 1792 1635 1848 ἑαυτὸν
1660 1793 1981 1861 ἀνενέγκας.
2019 1772 2063 1828 Β

425 1887 484 1941 '0
551 1886 714 1956 νόμος
762 1885 871 1957 γὰρ
925 1884 1250 1956 ἀνθρώπους
1307 1879 1632 1954 καθίσττῖσιν
1683 1884 1982 1954 ἀρχιερεῖς,

408 1977 635 2048 ἔχοντας
667 1978 979 2042 ἀσθένειαν,
1012 1981 1041 2032 ὁ
1073 1977 1230 2048 λόγος
1265 1977 1322 2032 δὲ
1377 1977 1478 2048 τῆς
1503 1977 1852 2048 ὁρκωμοσίας
1883 1975 1986 2047 τῆς

395 2068 552 2140 μετὰ
581 2069 673 2124 τὸν
695 2069 880 2141 νόμον,
913 2070 1044 2124 Υίὸν
1071 2073 1150 2134 είς
1184 2070 1274 2124 τὸν
1301 2068 1472 2123 αίῶνα
1491 2069 1927 2140 τετελειωμένον.
1959 2086 1980 2120 ι

1016 2162 1268 2216 ΚΕΦΑΛ.
1302 2162 1385 2216 H'.

479 2273 502 2308 ι
526 2253 838 2325 Κεφάλαιον
865 2253 1033 2308 stent
1064 2255 1180 2318 τοῖς
1208 2253 1546 2325 λεγομένοις.
1577 2273 1598 2308 υ

479 2448 556 2502 Τδ
583 2447 846 2518 ὐπὲρτοῦ
871 2445 1005 2503 λαοῦ
1027 2448 1482 2520 προσενεχθῆναι,
1514 2449 1667 2520 φησί.

483 2558 507 2594 ι
542 2539 796 2594 Τοιοῦτον
873 2539 1072 2610 ἔχομεν
1147 2540 1456 2612 ’Δρχιερέα,
1526 2541 1586 2606 ὃς
1629 2541 1881 2598 ἐκάθισεν
1926 2545 1983 2599 ὲν

392 2628 554 2702 δεξιᾷ
580 2630 675 2685 τοῦ
707 2629 899 2701 θρόνου
953 2630 1055 2702 τῆς
1106 2632 1504 2706 μεγαλωσύνης
1547 2634 1608 2687 έν
1657 2637 1775 2698 τοῖς
1801 2635 1970 2705 οὐρα-

399 2725 534 2786 νοῖς.
571 2741 592 2776 ι

481 2813 702 2883 Ἐπειδὴ
748 2812 861 2868 ἀνω
904 2813 1002 2868 καὶ
1052 2813 1203 2868 κάτω
1247 2814 1560 2885 λειτουργὸν
1619 2813 1781 2870 αὐτὸν
1825 2814 1977 2885 εἶπε,

391 2901 470 2957 τὰ
490 2903 589 2973 τῆς
623 2903 1042 2975 ἀνθρωπότητος
1082 2903 1249 2959 αὐτοῦ
1275 2904 1473 2975 δηλῶν,
1505 2905 1610 2976 ὅρα
1635 2904 1753 2968 πῶς
1785 2907 1978 2976 ἀνάγει

387 2994 498 3064 τὴν
527 2994 764 3050 διάνοιαν
786 2994 896 3050 τῶν
933 2995 1241 3066 ἀκροατῶν,
1291 2995 1390 3068 τὴν
1426 2995 1662 3067 θεότητα
1692 2997 1980 3068 κηρύττων

390 3085 586 3148 αὐτοῦ,
616 3087 702 3142 διά
733 3087 826 3140 τοῦ
852 3088 1054 3157 λέγειν,
1094 3087 1486 3186 Ἐκάθισεν-έν
1516 3087 1686 3186 δεξτᾷ
1716 3091 1823 3146 τοῦ
1848 3092 1980 3160 θρόα
2003 3126 2044 3186 C

387 3194 509 3232 νου
542 3177 653 3246 τῆς
672 3180 1112 3248 μεγαλωσύνης
1139 3179 1208 3234 ἐν
1227 3179 1353 3246 τοῖς
1383 3182 1686 3248 οὐρανοῖς.

471 3287 491 3320 ι
535 3267 656 3321 Τῶν
688 3269 858 3338 ἁγίων
885 3269 1223 3341 λειτουργός.
1267 3289 1289 3323 ι

467 3359 784 3426 Τουτέστιν,
817 3359 957 3429 ὑπὲρ
988 3359 1098 3412 τῶν
1138 3359 1488 3431 ἡγιασμένων
1519 3359 1610 3414 διὰ
1650 3361 1746 3417 τοῦ
1777 3361 1974 3436 ὀνόμα-

376 3469 414 3506 τ
425 3467 489 3516 ος
512 3448 698 3505 αὐτοῦ.

470 3559 492 3596 ι
522 3544 634 3598 Καὶ
657 3543 756 3614 τῆς
786 3543 991 3614 σκηνῆς
1013 3543 1115 3615 τῆς
1138 3544 1420 3617 ἀληθινῆς.
1459 3564 1480 3599 ι

461 3632 674 3705 Σκηνὴν
699 3633 986 3705 ἀληθινὴν,
1021 3635 1122 3704 τὴν
1154 3637 1488 3708 -Ἐκκλησίαν
1511 3640 1696 3710 φησίν.

470 3744 490 3778 ε
530 3723 631 3778 Ἦν
657 3724 854 3796 ἔπηξεν
902 3728 931 3780 ὁ
981 3725 1208 3798 Κύριος,
1235 3730 1330 3781 καὶ
1371 3730 1471 3784 οὐκ
1516 3731 1822 3805 ἅνθρωπος.
1855 3737 1972 3800 Πᾶς

379 3816 501 3888 γὰρ
525 3817 814 3888 ἀρχιερεὺς
848 3819 930 3882 είς
983 3819 1046 3872 τὸ
1091 3823 1420 3891 προσφέρειν
1454 3823 1604 3895 δῶρά
1629 3843 1691 3879 τε
1750 3829 1844 3882 καὶ
1869 3829 1970 3882 θυ-

382 3906 514 3969 σίας
538 3908 884 3973 καθίσταται,
911 3909 1036 3963 ὄθεν
1055 3911 1353 3978 ἀναγκαῖον
1379 3912 1527 3983 ἔχειν
1555 3933 1606 3968 τι
1632 3917 1728 3970 καὶ
1747 3917 1964 3983 τοῦτον,

376 3996 415 4050 ὃ
455 3998 817 4070 προσενέγκῃ.
875 3999 939 4054 El
976 4001 1076 4070 μὲν
1103 3999 1214 4071 γὰρ
1263 3997 1332 4074 ἦν
1360 4003 1456 4056 ἐπὶ
1481 4005 1605 4075 γῆς,
1642 4006 1754 4060 οὐδ’
1788 4006 1856 4062 ἂν
1899 4003 1967 4079 ἦν

379 4090 593 4160 ἱερεὺς,
627 4089 797 4144 όντων
828 4091 1018 4162 ἱερέων
1064 4091 1176 4147 τῶν
1227 4096 1642 4166 προσφερόντων
1685 4099 1830 4154 κατὰ
1874 4100 1966 4154 τὸν

379 4181 555 4252 νόμον
578 4181 653 4234 τὰ
669 4181 839 4253 δῶρα.
879 4201 900 4234 ι

461 4273 898 4344 Περιεποιήσατο
935 4277 1046 4346 γὰρ
1097 4276 1276 4348 αὐτὴν
1292 4278 1380 4333 διὰ
1402 4279 1496 4333 τοῦ
1547 4281 1680 4334 ἰδίου
1710 4280 1961 4353 αἵματος.

471 4382 496 4417 ι
523 4365 730 4430 Οῖτινες
793 4365 1146 4437 ὑποδείγματι
1178 4370 1273 4422 καὶ¹
1328 4371 1459 4442 σκιᾷ
1497 4370 1822 4442 λατρεύουσι
1851 4374 1964 4429 τῶν

2101 521 2252 576 Talis
2292 525 2440 578 enim
2472 525 2703 582 decebat
2733 539 2794 584 ut
2848 531 3004 586 vobis
3043 540 3191 587 esset
3237 531 3511 600 Pontifex,
3540 551 3672 590 san-

2099 623 2245 677 ctus,
2290 613 2580 683 innocens,
2615 617 2964 688 impollutus,
2999 631 3320 693 segregatus
3344 639 3375 678 a
3415 637 3670 696 peccatoo

2099 704 2278 771 ribus,
2307 713 2360 761 et
2405 708 2679 763 excelsior
2717 712 2876 768 coelis
2933 713 3138 779 factus,
3197 717 3290 786 qui
3337 731 3446 770 non
3507 717 3672 773 habet

2099 796 2483 851 necessitatem
2510 837 2525 862 ,
2573 801 3036 868 quemadmodum
3081 807 3282 860 summi
3329 807 3669 872 sacerdotes,

2098 885 2253 953 prius
2281 903 2382 956 pro
2414 889 2631 947 delictis
2663 895 2779 948 suis
2827 894 3035 950 hostias
3067 895 3286 966 oﬁ‘erre,
3327 899 3525 956 deinde
3570 917 3670 972 pro

2096 978 2308 1044 populi.
2346 997 2366 1031 ›

2167 1065 2270 1125 His
2323 1088 2541 1143 quoque
2593 1076 2799 1140 verbis,
2852 1078 2905 1133 id
2953 1082 3098 1150 quod
3155 1084 3221 1138 ad
3273 1087 3394 1156 ejus
3447 1104 3668 1146 carnem

2096 1168 2330 1230 spectat,
2357 1163 2532 1217 voluit
2562 1165 2887 1236 significari.
2925 1170 3061 1225 Nam
3110 1174 3203 1243 qui
3249 1179 3481 1232 suscitat
3521 1196 3672 1233 mor-

2096 1257 2242 1317 tuos,
2273 1253 2391 1322 qui,
2420 1270 2561 1324 quos
2611 1259 2729 1312 vult
2781 1261 3023 1316 viviﬁcat
3067 1266 3300 1333 perinde
3333 1282 3395 1321 ac
3433 1267 3593 1322 Pater
3623 1272 3665 1334 ⁸,

2095 1345 2322 1414 quinam
2379 1347 2732 1405 intercedat?
2795 1352 3147 1410 Manifestum
3196 1368 3283 1413 est
3319 1360 3488 1429 igitur
3517 1361 3669 1429 ε]ιὼ

2094 1437 2238 1492 modi
2261 1453 2426 1494 voces
2459 1441 2524 1495 ad
2549 1441 2982 1513 dispensationis
3013 1451 3328 1518 mysterium
3365 1454 3666 1522 pertinere,

2092 1542 2439 1600 nequaquam
2471 1541 2656 1589 tamen
2701 1538 2928 1592 seorsim
2979 1541 3158 1610 posita
3199 1542 3420 1599 deitate.
3455 1543 3588 1598 Nam
3612 1555 3668 1600 et

2091 1617 2257 1674 simul
2282 1621 2400 1691 ipse
2451 1624 2593 1679 Deus
2628 1635 2734 1692 est,
2777 1629 2880 1683 etsi
2927 1622 3156 1702 prepter
3189 1632 3662 1704 dispensationem

2093 1710 2197 1766 alia
2229 1713 2296 1768 de
2328 1714 2448 1784 ipso
2485 1720 2872 1775 enuntiantur.

2167 1819 2186 1852 ι
2225 1800 2338 1856 lloc
2375 1805 2520 1859 enim
2565 1806 2692 1861 fecit
2724 1811 2915 1877 semel,
2973 1812 3215 1882 seipsum
3247 1815 3506 1875 oﬁ‘erens.
3553 1820 3663 1876 Lex

2087 1890 2232 1944 enim
2296 1892 2548 1950 homines
2593 1899 2889 1954 censtituit
2935 1905 3256 1960 sacerdotes
3292 1907 3661 1966 inﬁrmitatem

2089 1976 2389 2046 habentes;
2443 1997 2626 2038 sermo
2687 1993 2871 2041 autem
2933 1988 3333 2059 jurisjurandi,
3386 1996 3480 2064 qui
3538 2004 3664 2066 post

2086 2071 2258 2140 legem
2293 2079 2400 2138 est,
2431 2071 2630 2128 Filium
2665 2077 2964 2154 perfectum
3015 2080 3068 2134 in
3093 2090 3381 2141 aeternum.

2720 2168 2875 2224 CAP.
2899 2169 3030 2226 VIII.

2155 2250 2317 2309 Vens.
2346 2255 2402 2311 ί.
2435 2274 2454 2307 ι
2487 2257 2799 2328 Capitulum
2859 2269 3043 2317 autem
3086 2278 3253 2335 super
3300 2281 3365 2323 ea
3416 2283 3538 2339 quae
3575 2271 3664 2327 di-

2084 2352 2307 2400 cuntur.
2351 2364 2370 2398 ι

2153 2434 2461 2501 Quatenus,
2497 2437 2699 2508 inquit,
2729 2454 2832 2510 pro
2869 2441 3070 2511 populo
3105 2443 3327 2501 oblatus
3351 2455 3460 2504 est.

2157 2544 2176 2577 ι
2209 2525 2399 2582 Talem
2433 2528 2700 2585 habemus
2759 2532 3098 2601 pontiﬁcem,
3159 2536 3257 2604 qui
3300 2538 3551 2595 consedit
3601 2540 3659 2597 in

2081 2614 2306 2671 dextera
2340 2616 2488 2673 sedis
2520 2618 2921 2689 magnitudinis
2952 2620 3011 2674 in
3050 2621 3226 2676 caalis.
3269 2641 3289 2675 ι

2150 2791 2424 2858 Quoniam
2499 2809 2719 2850 sursum
2777 2796 3036 2853 deorsum
3102 2798 3252 2854 hunc
3334 2800 3655 2858 ministrum

2079 2882 2240 2949 dixit,
2267 2899 2376 2953 quo
2417 2885 2754 2954 signiﬁcaret
2801 2903 2924 2956 qua:
2977 2888 3344 2947 humanitatis
3389 2893 3539 2950 illius
3570 2909 3660 2950 es-

2081 2982 2236 3041 sent;
2266 2974 2389 3030 vide
2415 2976 2693 3045 quomo'do
2746 2979 3139 3047 cogitationem
3201 2982 3522 3038 auditorum
3545 2986 3658 3040 eri-

2082 3066 2181 3136 git,
2215 3065 2478 3122 deitatem
2501 3068 2648 3123 illius
2681 3069 3052 3138 praedicando,
3079 3071 3210 3126 dum
3245 3075 3324 3127 ait
3354 3092 3367 3128 :
3399 3073 3506 3140 Qui
3527 3092 3654 3131 catt-

2076 3156 2213 3212 sedit
2234 3158 2289 3211 in
2314 3157 2534 3214 dextera
2555 3159 2694 3214 sedis
2724 3163 3105 3231 magnitudinis
3135 3164 3192 3217 in
3217 3165 3383 3220 cretis.

2147 3248 2314 3305 Vens.
2341 3250 2396 3304 2.
2437 3268 2456 3301 ι
2494 3251 2825 3306 Sanctorum
2859 3253 3134 3311 minister.
3155 3273 3175 3305 ι

2145 3339 2203 3396 ld
2236 3351 2343 3408 est,
2367 3356 2470 3411 pro
2494 3342 2566 3398 iis
2597 3343 2694 3413 qui
2729 3359 2832 3415 per
2865 3360 3066 3401 nomen
3101 3346 3282 3417 ipsius
3312 3349 3496 3405 sancti
3517 3347 3653 3406 facti
3720 3352 3724 3354 ’

2074 3441 2224 3490 sunt.

2152 3542 2173 3577 ι
2209 3524 2277 3580 Ει
2308 3526 2650 3582 tabernaculi
2675 3526 2812 3582 veri.
2841 3545 2859 3578 ι

2146 3615 2454 3674 Ecclesiam
2487 3626 2648 3673 vocat
2669 3617 3097 3674 tabernaculum
3127 3635 3336 3677 verum.

2149 3729 2168 3763 ι
2213 3710 2370 3778 Quod
2398 3711 2516 3766 ﬁxit
2537 3711 2824 3778 Dominus,
2843 3721 2897 3766 et
2925 3729 3032 3768 non
3056 3713 3239 3769 homo.
3263 3714 3456 3787 ﬂeas.
3487 3716 3542 3784 5,
3564 3715 3646 3792 4.]

2072 3801 2265 3858 Omnis
2301 3803 2445 3858 enim
2502 3803 2749 3872 pontifex
2803 3803 2871 3857 ad
2918 3801 3258 3860 offerendum
3313 3823 3542 3863 munera
3590 3820 3646 3865 et

2071 3894 2286 3949 hostias
2339 3895 2918 3950 constituiturzunde
2976 3913 3207 3953 necesse
3261 3907 3346 3954 est
3402 3901 3648 3958 ethunc

2071 3985 2271 4041 habere
2293 3985 2504 4054 aliquid
2563 3986 2708 4056 quod
2760 3986 2976 4041 olferat.
3021 3987 3074 4041 Si
3120 3990 3264 4044 enim
3305 3999 3648 4063 essetsuper

2071 4084 2316 4141 terram,
2351 4091 2454 4131 nec
2511 4085 2657 4133 εεεει
2716 4078 2976 4133 sacerdos
3018 4094 3183 4134 :cum
3237 4090 3426 4138 essent
3458 4099 3646 4140 sacer-

2069 4170 2228 4226 dotes
2257 4170 2350 4239 qui
2374 4170 2635 4226 oﬁ'errent
2671 4171 2970 4226 secundum
3006 4172 3178 4242 legem
3208 4189 3457 4231 tnunera.
3497 4196 3517 4230 ι

2141 4261 2293 4317 Hanc
2315 4263 2461 4318 enim
2486 4262 2594 4317 sibi
2627 4264 2972 4332 comparavit
3003 4265 3271 4334 sanguine
3298 4280 3428 4321 suo.

2141 4353 2312 4411 Vens.
2337 4355 2392 4411 5.
2432 4373 2451 4406 ‹
2495 4354 2603 4421 Qui
2658 4355 2959 4426 exemplari
2998 4363 3054 4410 et
3084 4355 3294 4412 umbrae
3318 4359 3643 4414 deserviunt

381 4456 746 4529 ἐπουρανίων,
773 4457 956 4523 καθὼς
987 4460 1427 4532 κεχρημάτισται
1451 4464 1716 4536 Μωῦσῆς,
1753 4467 1964 4538 μέλλων

2085 4449 2399 4504 :telestium.
2429 4446 2586 4502 Sicut
2628 4461 2960 4515 responsum
3005 4457 3092 4502 est
3121 4446 3316 4519 Moysi,
3350 4465 3474 4505 cum
3503 4465 3640 4504 con-

377 4547 658 4602 ὲπιτελείν
681 4549 783 4620 τὴν
813 4549 1040 4621 σκηνήν.
1079 4569 1099 4602 ι

468 4637 534 4693 Ἦ
555 4640 784 4704 παλαιὰ,
816 4643 974 4712 φησι,
1001 4642 1315 4715 λειτουργία
1336 4645 1640 4718 ὑπόδειγμα
1667 4643 1739 4720 ἦν
1757 4649 1960 4722 ταύτης

375 4732 787 4802 πνευματικῆς,
818 4733 1010 4804 ἥντινα
1042 4735 1138 4788 καὶ
1189 4736 1512 4807 ἐπουράνιον
1551 4739 1728 4794 καλεῖ.
1757 4741 1821 4794 Et
1851 4742 1961 4814 γὰρ

374 4823 482 4878 καὶ
512 4825 604 4878 ἐπὶ
629 4826 734 4895 γῆς
761 4825 1018 4890 τελεῖται,
1039 4827 1177 4881 ἀλλά
1204 4828 1300 4900 ὅλη
1340 4830 1450 4884 τῶν
1479 4831 1728 4901 οὐρανῶν
1759 4835 1907 4888 ἐστιν
1939 4848 1956 4864 ·

372 4913 674 4984 ὲλάτρευον
698 4915 755 4968 δὲ
776 4915 1158 4986 ὑποδείγματι,
1188 4918 1265 4982 ὡς
1309 4921 1371 4972 τδ
1411 4921 1688 4992 πρόϐατον
1720 4924 1964 4994 προσφέ-

375 5020 574 5076 ροντες
594 5004 674 5068 είς
699 5003 871 5058 τύπον
894 5005 1135 5075 Χριστοῦ
1167 5023 1182 5038 ³
1211 5008 1288 5072 ὡς
1307 5010 1434 5073 τοὺς
1465 5010 1666 5082 ἄρτους
1699 5014 1798 5084 τῆς
1824 5031 1962 5087 προ·

2042 4591 2047 4595 .
2073 4544 2374 4594 summaret
2399 4535 2837 4592 tabernaculum.
2883 4553 2902 4586 ι

2138 4626 2443 4696 Antiquum
2476 4624 2612 4680 illud
2645 4623 3038 4689 ministerium,
3091 4623 3293 4692 inquit,
3329 4626 3634 4696 exemplum

2068 4729 2189 4776 erat
2219 4717 2526 4788 spiritualis
2557 4717 2724 4787 hujus
2751 4733 2766 4782 ;
2793 4715 2940 4786 quod
2961 4727 3016 4770 et
3039 4715 3264 4771 cceleste
3287 4727 3466 4770 vocat.
3500 4715 3635 4774 Nam

2067 4812 2172 4867 etsi
2205 4812 2260 4864 in
2291 4818 2440 4866 terra
2476 4809 2775 4879 peragitur,
2803 4816 2978 4862 totum
3017 4815 3197 4861 tamen
3232 4807 3496 4862 ccelorum
3535 4821 3640 4864 est.

2068 4903 2242 4958 Porro
2264 4902 2514 4971 exemplo
2559 4899 2967 4963 deserviebant,
2997 4906 3058 4954 ut
3086 4899 3205 4953 sive
3246 4912 3446 4968 agnum
3473 4899 3642 4954 offer-

2062 5001 2208 5058 rent,
2239 4991 2524 5048 Christum
2580 4991 2911 5063 ﬁgurarent,
2945 4992 3066 5048 sive
3114 5005 3284 5061 panes
3311 4995 3641 5062 propositio-

375 5094 589 5159 θέσεως
621 5096 786 5150 πάλιν
812 5098 892 5161 είς
915 5097 1085 5152 τύπον
1116 5097 1213 5152 τοῦ
1243 5100 1495 5172 σώματος
1526 5102 1715 5169 αὐτοῦ,
1756 5082 1960 5163 Ῠκαὶντά

2085 5084 2173 5147 iis,
2202 5083 2255 5138 hi
2291 5091 2456 5154 typus
2487 5090 2673 5138 essent
2697 5084 2950 5153 corporis
3012 5082 3183 5146 illius,
3217 5090 3273 5136 et
3309 5083 3418 5137 alia
3453 5085 3642 5139 consi—

373 5187 521 5242 ἇλλα
547 5189 770 5258 ὁμοίως.

459 5300 478 5332 ι
519 5281 661 5351 Ὅρα
685 5280 816 5352 γὰρ,
846 5283 1003 5353 φησι,
1036 5285 1285 5353 ποιήσεις
1318 5285 1495 5341 πάντα
1519 5287 1658 5342 κατά
1679 5291 1772 5343 τὸν
1789 5291 1960 5345 τύπον

368 5369 474 5424 τὸν
502 5369 781 5441 δειχθέντα
808 5388 890 5426 σοι
920 5373 977 5427 ὲν
997 5372 1075 5444 τῷ
1098 5374 1236 5446 δρει.
1283 5375 1422 5430 Νυνὶ
1456 5378 1514 5430 δὲ
1548 5378 1958 5452 διαφορωτέρας

367 5458 602 5531 τέτευχε
631 5460 997 5534 λειτουργίας,
1017 5463 1129 5533 ὅσῳ
1152 5464 1244 5521 καὶ
1291 5467 1755 5536 κρείττονός’ὲστι
1783 5471 1961 5554 διαθῇ-

360 5567 486 5622 -κης
527 5550 772 5622 μεσίτης.
811 5571 830 5604 ι

431 5745 453 5776 ⁸
476 5743 634 5801 Joan.
669 5759 721 5810 v,
752 5729 840 5800 21.

2068 5176 2290 5230 militer.

2139 5265 2304 5338 244
2346 5282 2364 5314 ι
2404 5264 2541 5321 Vide
2563 5265 2736 5331 enim,
2767 5265 2968 5336 inquit,
3002 5265 3202 5322 feceris
3232 5265 3417 5321 omnia
3455 5281 3641 5320 secun-

2069 5359 2198 5414 dum
2217 5357 2520 5427 exemplar,
2577 5355 2724 5427 quod
2774 5358 2871 5412 tibi
2905 5367 3190 5414 ostensum
3210 5369 3303 5414 est
3334 5358 3387 5412 in
3431 5365 3639 5410 monte.

2071 5448 2262 5520 [Vens
2299 5447 2379 5520 6.]
2412 5447 2568 5504 Nunc
2618 5456 2805 5503 autem
2865 5449 3066 5505 melius
3095 5449 3326 5504 sortitus
3355 5457 3438 5503 est
3480 5447 3645 5502 mini-

2068 5540 2325 5604 sterium,
2368 5547 2580 5610 quanto
2638 5549 2693 5595 et
2732 5539 2980 5596 melioris
3021 5538 3340 5598 testamenti
3371 5538 3644 5595 mediator

2066 5643 2172 5691 est.
2216 5652 2236 5684 ι
