4048 6382
481 307 584 373 967

543 418 820 486 Quoniam
876 417 1100 472 auditus
1159 416 1281 469 visu
1331 410 1583 467 obtusior
1632 417 1737 472 est,
1785 409 1832 463 ei
1877 406 2064 462 omnia
2097 410 2142 465 Α

479 509 832 564 ιιιοηειτυνὶι.
881 505 1127 562 Observa
1187 515 1370 560 autem
1439 497 1708 574 quantum
1772 501 2070 557 discrimen

480 602 552 654 sit
621 600 785 654 istius
855 600 924 652 ab
989 599 1083 653 illo
1141 617 1154 652 :
1209 597 1417 667 quippe
1471 610 1597 650 cum
1655 593 1788 648 illud
1851 591 2072 661 quidem

477 691 790 760 exemplum
850 690 1018 745 fuerit
1066 699 1123 746 et
1179 688 1376 759 ﬁgura,
1427 687 1534 742 hoc
1587 693 1772 740 autem
1813 686 1933 754 ipsa
1973 697 2070 737 ve-

479 782 636 837 ritas.

553 886 574 920 ι
609 868 763 935 Quod
815 867 1147 924 melioribus
1205 866 1742 938 repromissionibus
1797 864 2072 921 sancitum

477 968 582 1014 est.
624 980 642 1011 ι

549 1051 950 1121 Spiritualibns
977 1067 1197 1122 nempe.
1235 1050 1373 1105 Illud
1400 1064 1579 1121 porro
1619 1048 1894 1120 promissa
1923 1053 2072 1100 terra

475 1142 918 1199 Chananaaorum
965 1144 1178 1199 factum
1235 1152 1320 1199 est
1357 1143 1552 1198 :unde
1580 1141 1748 1197 etiam
1781 1139 2071 1210 explosum

476 1226 616 1296 fuit;
651 1231 757 1286 hoc
792 1241 976 1287 autem
1013 1238 1222 1286 manet.

519 1321 721 1383 oVsns.
758 1324 908 1382 7-l2.
937 1326 965 1376 ἱ
981 1323 1116 1378 Nam
1173 1325 1220 1378 si
1252 1325 1384 1380 illud
1422 1325 1578 1395 prius
1606 1324 1764 1394 culpa
1792 1329 2068 1385 vacasset,

477 1432 588 1470 non
618 1417 812 1486 utique
841 1416 1072 1472 secundi
1109 1417 1266 1472 locus
1299 1419 1702 1488 inquireretur.
1733 1415 2072 1486 Vituperans

474 1510 622 1565 enim
649 1524 746 1564 eos
774 1509 949 1562 dicit:
991 1508 1134 1563 Ecce
1169 1508 1289 1564 dies
1317 1510 1561 1572 venient,
1604 1507 2068 1582 dicitDominns,

473 1611 528 1656 et
561 1601 972 1657 consummatio
1004 1617 1177 1672 super
1204 1602 1430 1656 domum
1479 1600 1650 1656 Israel
1684 1609 1739 1654 et
1766 1615 1933 1669 super
1971 1599 2071 1654 do-

472 1709 621 1747 mum
679 1692 819 1748 .Iuda
869 1700 1265 1749 testamentum
1318 1708 1570 1760 novum;
1617 1708 1728 1748 non
1762 1692 2068 1755 secundum

1753 295 1813 356 S.
1843 290 2162 356 IOANNIS
2193 288 2606 352 ΒλΜΑδαΕΝ
2607 290 2633 349 Ι

3623 308 3724 374 ‘968

2255 404 2474 474 Ἐπειδὴ
2513 405 2546 475 ἡ
2569 403 2706 474 ἀκοὴ
2723 403 2885 476 ήμῶν
2907 403 3264 474 ἀμαθεστέρα
3286 407 3378 478 τῆς
3398 410 3563 482 ὄψεώς
3577 417 3724 484 ἐστιν⁹

2175 495 2378 561 ἔδειξεν
2404 495 2554 566 αύτῷ
2585 497 2784 550 πάντα.
2813 497 3017 550 Σκόπει
3049 496 3107 550 δὲ
3152 498 3316 553 πόσον
3349 503 3408 556 τὸ
3445 507 3595 574 μέσον
3618 514 3727 567 ταύ.

2175 603 2275 657 της
2309 587 2449 657 πρὸς
2468 587 2711 659 ἐκείνην,
2739 587 2796 641 ετ
2842 605 2906 656 γε
2961 588 3149 659 ἐκείνη
3201 589 3304 659 μὲν
3333 592 3620 670 ὑπόδειγμα
3649 607 3727 661 καὶ

2177 678 2373 747 τύπος,
2407 679 2549 751 αὕτη
2571 680 2627 733 δὲ
2658 680 2909 752 ἀλήθεια.

2252 875 2271 908 ‹
2305 856 2470 920 Ἦτις
2510 855 2605 909 ἐπὶ
2650 855 2960 928 κρείττοσιν
3019 859 3375 929 ἐπαγγελίαις
3410 868 3734 944 νενομοθέτη-

2176 965 2288 1003 ται.
2329 967 2348 999 ι

2248 1043 2383 1106 Ταῖς
2433 1045 2861 1113 πνευματικαῖς.
2936 1044 3152 1120 Ἑκείνη
3213 1044 3271 1098 δὲ
3329 1049 3450 1111 ταῖς
3505 1049 3598 1120 τῆς
3648 1055 3735 1126 γῆς

2174 1135 2284 1188 τῶν
2311 1135 2655 1191 Χαναναίων.
2699 1137 2792 1190 Διὸ
2846 1136 2963 1201 καὶ,
2996 1138 3030 1208 ἡ
3079 1137 3179 1209 μὲν
3241 1139 3583 1212 ἐκϐέϐληται,
3619 1147 3650 1216 ή
3686 1147 3735 1200 δὲ

2179 1229 2355 1299 μένει.

2251 1340 2270 1373 ι
2295 1322 2358 1374 Εί
2389 1322 2558 1393 γὰρὴ
2593 1321 2785 1393 πρώτη
2837 1320 3024 1391 ἐκείνη
3052 1317 3128 1394 ἦν
3171 1322 3482 1394 ἄμεμπτος,
3538 1328 3631 1382 οὐκ
3683 1331 3738 1386 ἂν

2166 1398 2439 1485 ⁵δευτέρας
2499 1413 2750 1484 ἐζητεῖτο
2797 1413 2983 1476 τόπος.
3046 1415 3419 1486 Μεμφόμενος
3447 1417 3554 1490 γὰρ
3577 1421 3738 1487 αὐτοῖς

2173 1507 2354 1576 λέγει’
2395 1505 2528 1561 Ἰδοὺ
2559 1505 2767 1577 ἡμέραι
2797 1506 3069 1577 ἔρχονται,
3098 1506 3247 1576 λέγει
3273 1507 3495 1580 Κύριος,
3522 1510 3610 1565 καὶ
3636 1530 3740 1567 συν-

2173 1595 2379 1652 τελέσω
2435 1597 2529 1650 ὲπὶ
2590 1595 2682 1649 τὸν
2736 1590 2886 1649 οἷκον
2941 1594 3182 1668 Ἰσραὴλ,
3235 1598 3330 1651 καὶ
3371 1600 3464 1652 ἐπὶ
3492 1598 3739 1658 τὸνόῖκον

2188 1690 2360 1744 ’ἰούδα
2385 1689 2655 1760 διαθήκην
2684 1688 2902 1760 καινήν,
2949 1689 3012 1742 ού
3068 1689 3213 1743 κατὰ
3240 1691 3342 1759 τὴν
3385 1691 3661 1763 διαθήκην,
3683 1698 3738 1768 ήν

471 1792 867 1839 testamentum
896 1784 1045 1854 quod
1081 1782 1186 1839 feci
1226 1786 1480 1853 patribus
1511 1758 1730 1850 eorum,
1760 1785 1815 1837 in
1852 1782 1942 1838 die
1964 1797 2070 1853 qua

2175 1779 2412 1850 ἐποίησα
2459 1758 2574 1842 τοίς
2611 1758 2921 1850 -πατράσιν
2967 1778 3170 1844 αὐτῶν,
3216 1780 3277 1832 ὲν
3300 1758 3483 1852 ήμέρᾳ
3511 1758 3738 1838 simia—6e-

471 1872 815 1942 apprehendi
865 1887 1088 1926 Inanum
1154 1888 1371 1939 eorum,
1430 1886 1490 1928 ut
1531 1873 1828 1928 educerem
1878 1887 1976 1928 eos
2005 1871 2075 1928 de

471 1968 618 2014 terra
668 1959 893 2032 Egypti
937 1979 952 2016 :
996 1961 1265 2032 quoniam
1323 1963 1431 2034 ipsi
1483 1978 1592 2018 non
1646 1970 2075 2033 permanserunt

471 2052 524 2106 in
575 2060 901 2108 testamento
929 2069 1072 2120 meo,
1125 2063 1182 2109 et
1224 2069 1326 2125 ego
1367 2055 1584 2126 neglexi
1631 2070 1752 2122 eos,
1791 2054 1927 2110 dicit
1963 2053 2074 2109 Do-

470 2146 678 2199 minus.
711 2144 852 2211 Quia
891 2146 993 2200 hoc
1021 2155 1108 2202 est
1139 2155 1536 2202 testamentum
1595 2149 1743 2218 quod
1781 2147 2070 2218 disponam

467 2235 660 2290 domui
682 2236 854 2292 Israel
890 2244 1015 2306 post
1041 2235 1165 2292 dies
1203 2236 1353 2303 illos,
1380 2236 1520 2292 dicit
1547 2233 1814 2290 Dominus
1843 2252 1857 2289 :
1891 2235 2073 2290 dando

471 2327 620 2395 leges
666 2340 818 2381 meas
877 2327 935 2380 in
995 2337 1236 2381 mentem
1286 2341 1504 2392 eorum,
1550 2332 1608 2380 et
1664 2326 1721 2379 in
1759 2325 1930 2380 corde
1975 2319 2081 2380 eo?

472 2429 593 2466 rnm
656 2415 1070 2486 superscribam
1102 2431 1238 2481 eas;
1293 2427 1348 2471 et
1396 2430 1493 2470 ero
1543 2415 1626 2470 eis
1673 2414 1729 2469 in
1779 2414 1978 2480 Deum,
2017 2424 2073 2469 et

470 2505 577 2574 ipsi
606 2513 771 2560 erunt
801 2505 933 2559 mihi
973 2508 1026 2561 in
1067 2506 1358 2576 populum,
1389 2512 1449 2559 et
1496 2519 1607 2557 non
1643 2503 1868 2558 docebit
1900 2517 2072 2556 unus-

471 2595 714 2666 quisque
769 2595 1085 2666 prosimum
1144 2610 1348 2661 suum,
1401 2601 1457 2650 et
1526 2594 1912 2664 unusquisque
1961 2592 2072 2648 fra-

469 2698 609 2742 trem
663 2703 825 2741 sunm
894 2688 1088 2743 dicens
1139 2704 1153 2742 :
1209 2687 1496 2758 Cognosce
1542 2685 1876 2752 Dominum;
1933 2701 2074 2757 (100*-

469 2780 619 2834 m‘am
657 2795 858 2836 omnes
894 2780 1076 2836 scient
1104 2795 1212 2844 me,
1246 2793 1277 2832 a
1303 2779 1518 2834 minore
1570 2792 1748 2848 usque
1790 2777 1858 2832 ad
1893 2778 2071 2846 majo-

468 2890 584 2928 rem
604 2889 793 2928 eorum
818 2891 833 2941 ;
858 2864 986 2944 quia
1013 2872 1284 2944 prepitius
1315 2886 1412 2928 ero
1443 2870 1831 2940 iniquitatibus
1855 2884 2069 2935 eorum,

467 2975 523 3019 et
553 2973 910 3035 peccatorum
943 2977 1135 3018 eorum
1177 2963 1292 3033 jam
1324 2977 1433 3018 non
1467 2963 1841 3017 memorabor.
1879 2979 1902 3013 ο

544 3141 658 3196 lloc
686 3149 790 3205 est,
825 3141 874 3196 si
906 3138 1432 3210 irreprebensibiles
1462 3138 1710 3194 fecisset.

543 3233 710 3289 Vens.
757 3233 844 3288 l5.
882 3250 900 3283 ι
949 3231 1196 3287 Dicendo
1251 3241 1437 3286 autem
1500 3246 1730 3295 novum,
1789 3228 2070 3284 veteravit

470 3329 647 3398 prius.
676 3325 836 3392 Quod
883 3333 1067 3380 autem
1108 3323 1434 3395 antiquatur
1487 3331 1542 3379 et
1582 3322 1849 3389 senescit,
1899 3336 2069 3393 prope

470 3419 754 3474 interitum
787 3427 890 3473 est.
926 3435 945 3470 ι

543 3509 618 3564 Ex
678 3510 916 3581 ipsomet
995 3509 1356 3565 tabernaculo
1415 3509 1718 3564 discrimen
1795 3505 2063 3564 ostendit.

470 3601 705 3668 Quinam
731 3600 907 3657 vero?
930 3600 1070 3666 Quia
1100 3601 1339 3671 primum
1373 3600 1598 3670 quidem
1633 3609 1887 3657 sanctum
1913 3606 2063 3656 erat:

471 3691 772 3748 secundum
796 3707 930 3747 vero
953 3691 1216 3746 Sanctum
1270 3700 1614 3747 sanctorum.

1124 3827 1283 3883 CAP.
1313 3827 1408 3884 IX.

543 3961 710 4017 Vsus.
771 3962 886 4016 1-4.
941 3979 959 4014 ι
1001 3961 1204 4017 Habuit
1243 3963 1465 4034 quidem
1513 3971 1570 4018 et
1609 3963 1763 4034 prius
1792 3963 2066 4034 iustiﬁca-

471 4053 649 4108 tiones
678 4053 934 4116 culturae,
986 4061 1039 4108 et
1093 4061 1349 4109 sanctum
1388 4044 1676 4110 saeculare.
1709 4054 2067 4112 Tabernacu-

472 4147 585 4201 lum
627 4145 771 4200 enim
805 4152 892 4200 est
940 4143 1146 4200 factum
1207 4146 1472 4217 primum,
1510 4148 1566 4202 in
1591 4162 1706 4217 quo
1737 4157 1898 4203 erant
1928 4163 2066 4204 can-

468 4240 717 4304 delabra,
746 4247 801 4294 et
831 4254 1045 4304 mensa,
1085 4247 1140 4294 et
1183 4241 1494 4311 propositio
1552 4257 1779 4313 panum,
1811 4257 1936 4312 quae
1981 4242 2068 4298 di-

470 4335 616 4387 citur
660 4339 877 4388 sancta.
914 4330 1047 4388 Post
1083 4330 1452 4390 velamentum
1503 4343 1684 4390 autem
1733 4335 2063 4400 secundum,

2180 1871 2346 1942 μένου
2378 1888 2481 1942 μου
2505 1871 2606 1940 τῆς
2652 1869 2837 1941 χειρὸς
2886 1868 3089 1935 αὐτῶν,
3142 1870 3434 1942 ἐξαγαγεῖν
3461 1874 3650 1940 αὐτοὺς
3687 1878 3740 1930 ἐκ

2175 1963 2278 2030 τῆς
2308 1961 2629 2032 Αίγύπτουν
2677 1964 2761 2018 ὅτι
2790 1964 2948 2017 αὐτοὶ
2979 1964 3084 2017 ὀὐκ
3131 1963 3424 2034 ἐνέμειναν
3456 1965 3514 2019 ἐν
3541 1971 3603 2038 τῇ
3639 1969 3739 2024 δια-

2177 2055 2318 2127 θήκῃ
2346 2072 2469 2125 μου,
2497 2055 2663 2124 -κάγὼ
2694 2055 2947 2126 ἠμέλησα
2976 2054 3175 2120 αὐτῶν,
3205 2055 3359 2124 λέγει
3391 2057 3608 2129 Κύριος.
3635 2059 3739 2113 Ὅτι

2177 2144 2316 2217 αῦτη
2347 2147 2381 2217 ή
2412 2145 2671 2216 διαθήκη,
2739 2145 2808 2216 ἢν
2840 2144 3172 2216 διαθήσομαι
3213 2145 3294 2215 τῷ
3335 2145 3471 2216 οἴκῳ
3527 2147 3738 2217 Ἰσραὴλ,

2179 2239 2318 2311 μετὰ
2353 2241 2454 2304 τὰς
2482 2239 2701 2312 ἡμέρας
2733 2239 2972 2303 ὲκείνας.
3009 2239 3160 2308 λέγει
3213 2237 3446 2311 Κύριος,
3473 2238 3739 2304 διδοῦςνό-

2179 2349 2315 2403 μους
2349 2349 2453 2403 μου
2485 2332 2566 2396 είς
2595 2331 2694 2402 τὴν
2725 2332 2971 2386 διάνοιαν
3004 2332 3209 2400 αὐτῶν,
3241 2332 3344 2386 καὶ
3379 2332 3472 2385 ἐπὶ
3507 2333 3601 2398 τὰς
3629 2349 3743 2404 καρ-

2175 2427 2294 2490 δίας
2315 2426 2498 2480 αὐτῶν
2535 2425 2832 2498 ἐπιγράψω
2866 2427 3087 2491 αὐτοὺς,
3110 2427 3207 2480 xui.
3235 2425 3444 2498 ἔσομαι,
3475 2426 3649 2490 αὐτοῖς
3676 2428 3741 2490 είς

2175 2520 2330 2584 Θεὸν,
2366 2520 2461 2574 καὶ
2485 2519 2642 2574 αὐτοὶ
2705 2519 2922 2574 ἔσονταί
2957 2537 3049 2590 μοι
3084 2521 3164 2583 εἰς
3195 2519 3350 2585 λαδν,
3382 2521 3480 2574 xui
3501 2519 3561 2572 ού
3588 2521 3656 2592 μὴ
3679 2520 3742 2573 διο

2173 2609 2406 2675 δάξωσιν
2431 2610 2663 2675 ἕκαστος
2694 2609 2788 2664 τὸν
2815 2609 3042 2680 πολίτην
3076 2609 3271 2673 αὑτοῦ,
3302 2609 3398 2665 καὶ
3424 2609 3645 2673 ἕκαστος
3666 2611 3741 2663 τὸν

2173 2701 2404 2770 ἀδελφὺν
2431 2698 2620 2768 αὐτοῦ,
2649 2701 2847 2771 λέγων,
2877 2701 3055 2757 Γνῶθι
3085 2703 3178 2757 τὸν
3212 2703 3446 2774 Κύριον,
3467 2704 3547 2758 ὅτι
3567 2701 3742 2765 πάντες

2173 2794 2450 2864 είδήσουσί
2486 2812 2556 2866 με
2587 2794 2698 2848 ἀπὸ
2731 2794 2930 2867 μικροῦ
2959 2794 3140 2848 αὐτῶν
3166 2793 3277 2856 ἕως
3309 2794 3546 2865 μεγάλου
3563 2792 3738 2856 αὐτῶν.

2173 2885 2255 2939 ὅτι
2313 2885 2475 2950 ἵλεως
2529 2885 2726 2957 ἔσομαι
2779 2887 2899 2950 ταῖς
2952 2885 3194 2949 ἀδικίαις
3243 2885 3456 2949 αὐτῶν,
3515 2886 3607 2939 καὶ
3648 2883 3741 2937 τῶν

2175 2979 2460 3048 ἁμαρτιῶν
2507 2979 2712 3046 αὐτῶν,
2767 2979 2864 3034 xui.
2912 2979 3023 3033 τῶν
3071 2978 3326 3050 ἀνομιῶν
3373 2979 3556 3035 αὐτῶν
3593 2979 3647 3032 οὐ
3679 2976 3740 3048 μὴ

2096 3111 2139 3172 C
2178 3069 2404 3140 μνησθῶ
2435 3070 2544 3122 ἔτι.
2583 3088 2602 3122 ι

2245 3160 2559 3225 Τουτέστιν,
2599 3164 2648 3214 εί
2675 3160 3006 3234 ἀμέμπτους
3029 3161 3228 3216 ἐποίει.

2250 3272 2268 3305 ι
2327 3253 2418 3306 Ἐν
2445 3253 2523 3324 τῷ
2542 3252 2724 3323 λέγειν
2750 3252 2966 3324 καινὴν,
2998 3253 3366 3306 πεπαλαίωκε
3401 3253 3501 3322 τὴν
3523 3249 3740 3322 πρώτην.

2171 3342 2248 3397 Τδ
2275 3343 2334 3397 δὲ
2357 3342 2785 3414 παλαιούμενον,
2815 3345 2911 3397 καὶ
2943 3342 3380 3415 γεγερασμένον,
3433 3342 3595 3412 ἐγγὺς
3623 3341 3743 3410 ἁφα-

2170 3430 2392 3505 νισμοῦ.
2439 3452 2459 3487 ι

2243 3526 2498 3581 Δείκνυσι
2526 3525 2588 3578 τὸ
2612 3525 2873 3597 διάφορον
2907 3525 3003 3579 xui.
3058 3525 3152 3579 ἀπ’
3183 3525 3359 3597 αὐτῆς
3399 3525 3500 3598 τῆς
3540 3522 3740 3595 σκηνῆς

2171 3616 2331 3684 Πῶςς
2359 3617 2392 3688 ἡ
2418 3616 2514 3688 μὲν
2543 3616 2736 3688 πρώτη
2763 3616 2896 3685 ἅγια
2915 3616 2983 3687 ’ἡ
3015 3616 3072 3670 δὲ
3094 3615 3351 3689 δευτέρα,
3383 3618 3552 3686 ’Ἅγια
3575 3615 3740 3686 ἁγίων.

2787 3847 3040 3902 ΚΕΦΑΛ.
3072 3846 3147 3901 Θν.

2243 4001 2264 4033 ι
2307 3977 2433 4052 Εῐχε
2460 3981 2560 4053 μὲν
2591 3975 2686 4036 οῦν
2703 3980 2798 4035 xui
2828 3983 2862 4053 ή
2891 3981 3087 4053 πρώτη
3113 3982 3468 4054 δικαιώματα
3491 3981 3743 4055 λατρείας,

2171 4077 2232 4130 τό
2255 4093 2317 4130 τε
2347 4075 2502 4144 ἅγιον
2525 4073 2816 4144 κοσμικόν.
2863 4074 3046 4146 Σκηνὴ
3090 4076 3200 4146 γὰρ
3250 4075 3666 4147 κατεσκευάσθη
3714 4076 3741 4144 ἡ

2171 4167 2388 4241 πρώτη,
2414 4169 2473 4221 ὲν
2559 4168 2594 4237 ἦ
2616 4184 2676 4220 τε
2700 4167 2914 4238 λυχνία,
2940 4167 3034 4220 καὶ
3062 4168 3095 4239 η
3119 4167 3398 4238 τράπεζα,
3435 4170 3530 4223 καὶ
3560 4171 3594 4242 ή
3625 4169 3743 4241 πρό⁴

2170 4263 2320 4324 θεσις
2356 4260 2466 4315 τῶν
2513 4259 2770 4332 ἄρτων,ἥ
2808 4277 2892 4324 τις
2921 4260 3139 4328 λέγεται
3188 4261 3344 4331 ἅγια.
3388 4263 3546 4318 Μετά
3597 4263 3650 4316 δὲ
3693 4261 3744 4314 τὸ

2169 4353 2424 4423 δεύτερον
2487 4352 2927 4422 καταπέτασμα,
2975 4354 3165 4426 σκηνὴ
3203 4357 3237 4427 ή
3271 4356 3570 4428 λεγομένη,
3598 4357 3746 4425 Ἅγια

471 4425 915 4490 tabernaculum,
966 4424 1116 4495 quod
1175 4425 1380 4482 dicitur
1433 4426 1639 4482 Sancta
1695 4436 2057 4483 sanctorum:

2171 4446 2365 4513 ἁγίων,
2395 4443 2633 4516 χρυσοῦν
2666 4444 2868 4515 ἔχουσα
2891 4424 3280 4517 θυμιατήριον,
3323 4424 3424 4502 xui
3461 4424 3562 4520 τὴν
3595 4447 3744 4502 κιϐω-

469 4534 699 4576 aureum
757 4519 966 4575 habens
1017 4521 1392 4587 thuribulum,
1419 4529 1475 4577 et
1515 4537 1704 4578 arcam
1747 4524 2062 4580 testamenti

469 4613 889 4666 circumteclam
923 4627 993 4667 ex
1045 4613 1197 4668 omni
1249 4623 1405 4684 parte
1451 4628 1612 4678 auro,
1670 4614 1722 4668 in
1763 4629 1872 4684 qua
1923 4629 2060 4670 urna

471 4717 636 4757 aurea
667 4702 878 4758 habens
933 4718 1161 4768 manna,
1203 4712 1258 4759 et
1307 4705 1464 4776 virga
1504 4704 1691 4760 Aaron
1741 4719 1866 4775 qua:
1911 4703 2062 4758 fron-

471 4798 687 4858 dnerat,
729 4803 781 4849 et
806 4795 1011 4849 tabulae
1036 4796 1371 4850 testamenti.
1414 4813 1433 4846 ›

420 4949 426 4964 ᾖ
540 4885 985 4953 Justiﬁcationes,
1019 4888 1176 4957 signa
1204 4903 1270 4942 ac
1309 4888 1559 4959 symbola
1591 4889 1849 4960 appellat.

421 4965 424 4974 ’
547 4973 817 5029 δίεειιιατε
844 4985 899 5029 et
943 4977 1282 5031 mundanum
1338 4979 1498 5045 dicit,
1536 4981 1798 5049 quoniam
1862 4980 2064 5036 licebat

474 5068 732 5124 omnibus
757 5069 890 5124 illud
918 5071 1129 5142 ingredi
1160 5091 1173 5126 :
1206 5085 1370 5144 atque
1391 5075 1718 5133 mani-festus
1753 5085 1874 5132 erat
1907 5077 2062 5133 locus

476 5163 531 5214 in
557 5161 724 5214 haece
750 5161 936 5226 domo,
968 5161 1024 5216 in
1071 5180 1181 5233 quo
1205 5165 1527 5222 sacerdotes
1581 5175 1817 5233 starent,
1842 5171 1895 5224 in
1951 5184 2064 5241 quo

473 5255 755 5317 Judaei,in
779 5271 889 5326 quo
945 5260 1230 5332 proselyti,
1277 5261 1332 5317 in
1360 5275 1475 5333 quo
1523 5265 1781 5332 gentiles,
1848 5265 1902 5319 in
1953 5280 2062 5336 quo

474 5348 740 5404 Nazareni.
777 5349 1238 5420 Quandoquidem
1298 5357 1560 5412 omnibus
1609 5357 1857 5426 pervium
1919 5368 2059 5424 erat,

477 5441 530 5497 id
572 5441 826 5510 appellat
871 5441 1149 5497 maculare.
1196 5444 1493 5504 Enimvero
1553 5447 1872 5505 Iudaeorum
1927 5467 2061 5522 gens

475 5532 714 5586 mundus
761 5547 866 5587 non
905 5543 1041 5589 erat.

549 5623 974 5679 Tabernaculum
999 5643 1092 5683 seu
1122 5629 1498 5689 habitaculum
1531 5643 1692 5690 vocat
1723 5635 1791 5692 ab
1839 5637 2059 5692 inhabi-

481 5718 666 5774 tando.

2112 4565 2123 4574 ο
2165 4536 2258 4590 τὸν
2289 4537 2389 4608 τῆς
2419 4537 2688 4610 διαθήκης
2712 4540 3274 4614 περικεκαλυμμένην
3317 4543 3588 4599 πάντοθεν
3630 4560 3745 4614 χρυ-

2167 4628 2289 4698 σίῳ,
2339 4631 2397 4682 ἐν
2538 4631 2775 4702 στάμνος
2821 4633 2997 4704 χρυσῆ
3043 4633 3244 4704 ἔχουσα
3281 4636 3344 4689 τὸ
3382 4637 3586 4718 μάννα,
3614 4635 3742 4703 καὶὴ

2168 4722 2364 4789 ῥάϐδος
2406 4722 2620 4795 Ἀαρὼν
2649 4727 2683 4796 ἡ
2721 4725 3095 4798 βλαστήσασα,
3160 4729 3258 4782 καὶ
3311 4732 3372 4804 ριί
3415 4729 3623 4793 πλάκες
3660 4726 3745 4792 τῆς

2165 4814 2449 4886 διαθήκης.
2489 4834 2507 4866 ι

2237 4907 2608 4977 Δικαιώματα
2633 4908 2710 4972 δὲ,
2743 4908 2805 4962 σύ
2815 4909 2993 4980 μϐολά
3013 4926 3204 4981 φησιν.

2231 5000 2541 5070 Κοσμικὸν
2577 5001 2753 5070 λέγει,
2784 5003 2976 5076 ἐπειδὴ
3016 5005 3183 5058 πᾶσιν
3223 5007 3414 5076 ἐφεῖτο
3436 5007 3741 5068 ἐπιϐαίνειν,

2169 5093 2263 5146 καὶ
2293 5093 2528 5165 φανερὸς
2553 5088 2622 5165 ἦν
2647 5095 2813 5159 τόπος
2847 5097 2906 5149 ἐν
2951 5096 3029 5168 τῷ
3063 5098 3211 5170 αὐτῷ
3233 5100 3393 5171 οἴκῳ,
3433 5101 3561 5159 ἔνθα
3590 5099 3635 5152 οί
3681 5097 3748 5148 is-

2168 5187 2284 5256 ρεῖς
2314 5185 2689 5256 είστήκεισαν,
2753 5187 2886 5242 ἔνθα
2929 5189 3194 5257 Ἰουδαῖοι,
3242 5190 3377 5246 ἔνθα
3408 5192 3743 5266 προσήλυτοι,

2167 5277 2297 5332 ἔνθα
2340 5277 2605 5350 Ἕλληνες
2635 5280 2730 5333 καὶ
2770 5279 3106 5352 Ναζωραῖοι.
3154 5284 3378 5356 Ἐπειδὴ
3419 5286 3556 5339 πᾶσι
3597 5280 3745 5355 βατδν

2163 5363 2251 5440 ἦν,
2280 5371 2577 5440 κοσμικόν
2629 5373 2762 5425 αὐτὸ
2805 5373 2981 5428 καλεῖ.
3041 5376 3117 5429 Oi:
3173 5379 3282 5449 γὰρ
3323 5378 3390 5451 δὴ
3446 5379 3682 5434 Ἰουδαῖοι
3715 5375 3742 5426 6

2165 5462 2368 5532 κόσμος
2393 5457 2484 5534 ἦν.
2517 5477 2524 5482 ’

2238 5640 2486 5710 Σκηνὴν
2513 5643 2687 5711 καλεῖ,
2722 5646 2871 5718 παρὰ
2901 5647 2961 5701 τὸ
2990 5650 3224 5720 σκηνοῦν
3257 5651 3399 5709 ἐκεῖ.
