4048 6412
288 352 380 411 969

1402 361 1486 422 ΙΝ
1528 359 1770 420 EPIST.
1815 361 1914 422 AD
1947 357 2346 421 HEBREOS.

3443 360 3552 427 970

356 488 373 522 ι
414 468 706 540 Ὑπερόινω
723 467 782 522 δὲ
812 467 986 540 αὐτῆς
1007 465 1293 537 Χερουϐὶμ
1331 465 1515 538 δόξης,
1547 465 1858 520 κατασκιά-

2033 464 2202 522 Vens.
2227 465 2349 520 5-7.
2374 482 2394 518 ι
2418 462 2705 536 Superque
2724 480 2846 522 eam
2866 475 3026 523 erant
3043 463 3340 523 Cherubim
3368 467 3559 540 gloria:

285 560 438 626 ζοντα
459 559 521 612 τὸ
552 558 888 628 ἱλαστήριον.
929 575 949 607 ι

363 651 505 704 ’Δντὶ
521 649 640 713 τοῦ,
678 649 749 702 τὰ
776 648 988 714 ἔνδοξα.

354 761 372 795 ι
398 741 538 814 Περὶ
572 737 648 796 ῶν
673 741 774 795 οὐκ
814 740 931 797 ἐστι
973 740 1068 796 νῦν
1113 741 1296 812 λέγειν
1319 741 1464 796 κατὰ
1497 742 1685 812 μέρος.
1727 739 1867 794 Τού-

283 851 386 890 των
419 835 476 888 δὲ
508 832 655 888 οὕτω
675 834 1232 905 κατεσκευασμένων,
1273 836 1354 899 εἰς
1388 835 1486 906 μὲν
1509 833 1610 906 τὴν
1640 833 1869 905 πρώτην

288 923 484 994 σκηνὴν
511 925 598 978 διὰ
637 925 842 987 παντὸς
895 925 1133 978 εἰσίασιν
1177 926 1230 979 οἰ
1271 927 1460 998 ἱερεῖς,
1486 926 1588 990 τὰς
1611 926 1868 998 λατρείας

288 1017 680 1082 ἐπιτελοῦντες,
706 1019 786 1080 είς
820 1018 879 1070 δὲ
896 1018 994 1090 τὴν
1015 1018 1275 1090 δευτέραν
1306 1039 1326 1073 ι

366 1109 453 1170 Ὡς
485 1108 703 1179 μακροῦ
732 1108 967 1180 δεόμενα
994 1107 1193 1178 λόγου.

361 1216 380 1250 ι
413 1197 600 1264 Ἀπαξ
617 1196 711 1250 τοῦ
732 1197 981 1252 ἐνιαυτοῦ
1019 1198 1178 1268 μόνος
1217 1199 1248 1252 ὁ
1278 1199 1594 1271 ἀρχιερεὺς,
1642 1203 1706 1256 οὐ
1746 1218 1864 1272 χω-

291 1293 374 1362 ρὶς
403 1289 660 1360 αἵματος,
687 1289 718 1342 ὃ
739 1292 1039 1361 προσφέρει
1068 1291 1210 1362 ὑπὲρ
1233 1292 1452 1357 ἑαυτοῦ,
1506 1294 1603 1347 καὶ
1629 1293 1741 1347 τῶν
1772 1293 1870 1348 τοῦ

290 1381 414 1436 λαοῦ
438 1382 828 1452 ἀγνοημάτων,
857 1382 1017 1437 τοῦτο
1057 1383 1347 1454 δηλοῦντος
1400 1383 1496 1438 τοῦ
1553 1385 1872 1457 Πνεύματος

293 1474 466 1542 ἁγίου,
499 1473 574 1544 μή
582 1490 668 1526 πω
697 1491 718 1525 ι

362 1565 480 1619 Ἵνα
512 1565 587 1635 μὴ
609 1565 866 1634 λέγωσιν,
898 1565 982 1619 ὅτι
1004 1565 1130 1629 Πῶς
1179 1566 1280 1636 μία
1323 1567 1482 1620 θυσία
1520 1567 1876 1624 τετελείωκεν

1969 559 2359 616 obumbrantia
2393 559 2863 630 propitiatorium.
2899 580 2918 612 ι

2041 648 2101 705 ld
2117 658 2221 716 est,
2257 649 2444 720 gloriae
2473 649 2651 720 plena.

2041 742 2204 816 245
2232 762 2251 796 ι
2292 741 2372 797 De
2401 740 2606 812 quibus
2637 755 2749 796 non
2781 747 2866 796 est
2898 741 3062 797 modo
3111 741 3410 799 dicendum
3460 758 3558 815 per

1972 835 2213 906 singula.
2242 833 2341 892 His
2379 849 2511 892 vero
2546 835 2622 889 ita
2657 834 3003 904 compositis,
3034 835 3089 889 in
3131 836 3304 906 priori
3333 836 3556 908 quidem

1972 927 2334 984 tabernaculo
2380 941 2600 998 semper
2662 926 2954 982 introeunt
3010 927 3332 985 sacerdotes
3385 929 3558 984 oﬁicia

1972 1029 2429 1078 consummantes
2461 1040 2474 1075 :
2501 1023 2558 1076 in
2586 1020 2833 1078 secundo
2858 1027 3047 1076 autem
3084 1040 3103 1073 ι

2048 1112 2116 1170 Ut
2146 1129 2270 1186 qute
2303 1115 2594 1187 prolixiori
2627 1117 2888 1171 se'rmone
2915 1129 3057 1186 opus
3087 1115 3348 1172 habeam.

2049 1224 2069 1259 ι
2108 1205 2291 1261 Semel
2321 1207 2379 1261 in
2413 1221 2559 1260 anno
2618 1206 2770 1262 solus
2801 1205 3072 1276 pontifex,
3116 1221 3225 1262 non
3269 1205 3391 1262 sine
3429 1219 3562 1260 san-

1975 1297 2167 1370 guine,
2200 1313 2370 1369 quam
2411 1297 2576 1354 otl‘ert
2602 1314 2704 1370 pro
2741 1314 2839 1354 sua
2875 1306 2931 1354 et
2967 1299 3152 1370 populi
3186 1299 3514 1371 ignorantiis
3545 1317 3560 1353 :

1976 1390 2168 1464 [νεεδ.
2202 1389 2260 1465 8]
2315 1391 2419 1448 hoc
2485 1391 2833 1465 signiﬁcante
2885 1392 3093 1464 Spiritu
3161 1401 3376 1461 Sancto,
3425 1408 3563 1448 non-

1975 1485 2105 1542 dum
2133 1507 2152 1540 ι

2047 1577 2126 1634 Νε
2149 1579 2456 1650 objicerent
2487 1597 2502 1634 :
2538 1577 2642 1646 Qui
2699 1579 2902 1635 factum
2961 1588 3048 1635 est
3085 1586 3146 1634 ut
3183 1595 3288 1634 una
3341 1580 3567 1635 victima

294 1658 374 1721 είς
395 1656 454 1710 τδ
510 1657 794 1726 διηνεκές;
831 1657 1106 1712 δείκνυσιν
1161 1658 1332 1729 αὐτὴν
1376 1660 1583 1715 ἄνωθεν
1633 1661 1743 1716 ἀπὸ
1780 1661 1873 1715 τοῦ

2001 1686 2034 1725 n
2071 1670 2471 1741 sempiternum
2504 1670 2975 1727 consummaverit
2997 1670 3021 1726 ’ί
3043 1672 3284 1727 ostendit
3306 1687 3425 1726 eam
3451 1672 3565 1742 jam

297 1747 598 1822 ἀρχιερέως
642 1753 1168 1820 προτετυπωμένην.
1212 1750 1280 1804 Et
1333 1768 1396 1820 γε
1444 1754 1724 1827 ἁγιωτέρα
1778 1756 1874 1811 καὶ

2000 1760 2192 1814 iridem
2227 1774 2260 1814 a
2295 1775 2519 1816 summo
2557 1761 2846 1816 sacerdote
2879 1775 3002 1816 esse
3039 1759 3351 1828 ﬁguratam.
3394 1760 3569 1826 Quin-

294 1841 519 1987 ;pptxtij,
549 1841 650 1912 μία
692 1837 784 1914 ἦν,
841 1843 935 1896 καὶ
986 1842 1152 1907 πῶςὸ
1182 1842 1479 1916 ἀρχιερεὺς
1519 1846 1670 1915 ἅπαξ
1706 1865 1877 1920 προσ-

330 1951 485 1987 osos:

367 1951 456 2001 ερε

367 1951 390 1986 ε
429 1951 485 2001 s;

330 1951 845 2098 φιρΠεφανεριῖισθαι
887 2029 988 2100 τὴν
1036 2031 1146 2086 τῶν
1198 2032 1375 2102 ἁγίων
1421 2033 1542 2089 ὁδὸν
1567 2075 1582 2100 ,
1630 2034 1714 2088 ἔτι
1777 2034 1878 2106 τῆς

291 2117 517 2190 πρώτης
558 2120 768 2192 σκηνῆς
819 2121 1054 2196 ἐχούσης
1113 2126 1327 2193 στάσιν,
1377 2126 1501 2199 ἥτις
1534 2126 1820 2199 παραϐολὴ
1853 2145 1874 2180 ο

375 2302 791 2374 Ἀπεκρύπτετο
846 2305 1118 2375 ἐνταῦθα,
1182 2311 1350 2381 φησὶν
1381 2355 1396 2379 ,
1451 2312 1486 2384 ὴ
1541 2311 1785 2385 προτέρα
1827 2322 1879 2378 ιι,

294 2396 482 2466 ἐπειδὴ
521 2395 696 2461 οὕτως
729 2397 1050 2473 ἐνειστήκει
1096 2402 1271 2474 αὐτῆς
1323 2406 1353 2458 6
1410 2405 1624 2477 καιρός.
1664 2403 1775 2461 ἾΙν
1823 2407 1883 2461 δὲ

291 2481 468 2554 οὗτος,
492 2490 522 2542 6
551 2490 652 2561 τῆς
685 2491 981 2563 ἐπιδημίας
1003 2493 1098 2547 τοῦ
1142 2496 1406 2567 Χριστοῦ,
1435 2497 1502 2550 δι’
1529 2492 1593 2552 οῦ
1619 2499 1715 2553 καὶ
1748 2499 1884 2570 ἐφα-

295 2577 529 2651 νερώθη.

379 2694 398 2728 ι
420 2677 512 2738 Ei;
531 2675 622 2729 τὸν
654 2674 851 2747 καιρὸν
883 2675 974 2730 τὸν
996 2678 1353 2750 ἐνεστηκότα,
1386 2680 1510 2734 καθ’
1535 2680 1594 2735 ὃν
1626 2681 1776 2753 δῶρά
1820 2697 1885 2736 τε

293 2770 395 2821 καὶ
422 2765 602 2820 θυσίαι
628 2767 1056 2838 προσφέρονται,
1113 2769 1189 2839 μὴ
1240 2769 1518 2841 δυνάμενα
1561 2772 1705 2826 κατὰ
1756 2789 1884 2828 συν-

293 2859 505 2930 είδησιν
526 2858 816 2912 τελειῶσαι
846 2858 937 2913 τὸν
959 2858 1315 2931 λατρεύοντα.
1357 2879 1377 2914 ι

371 2949 686 3016 Τουτέστιν,
709 2951 737 3004 6
763 2951 932 3014 τύπος
990 2951 1204 3020 γέγονε,
1248 2953 1375 3007 καθ’
1421 2953 1480 3009 ὃν
1510 2953 1664 3026 δῶρά
1693 2972 1754 3009 τε
1789 2958 1885 3011 καὶ

295 3041 484 3096 θυσίαι
510 3041 938 3113 προσφέρονται,
974 3043 1052 3114 μὴ
1079 3043 1378 3115 δυνάμεναι
1405 3047 1547 3103 κατὰ
1574 3049 1885 3121 συνείδησιν

295 3131 584 3187 τελειῶσαι
611 3134 704 3187 τὸν
730 3133 1085 3206 λατρεύοντα.

370 3312 441 3364 Ai-
471 3312 582 3380 γὰρ
610 3310 814 3377 θυσίαι,
841 3313 902 3365 οὐ
937 3311 1030 3366 τὸν
1055 3312 1164 3366 ἀπὸ
1192 3314 1372 3385 ψυχῆς
1418 3315 1592 3387 ῥύπον
1624 3317 1884 3387 ἠφίεσαν,

291 3403 416 3458 ἀλλ’
443 3404 526 3456 ἐτι
557 3419 624 3458 πε
635 3403 688 3473 ρ).
720 3404 883 3475 σῶμα
923 3399 1089 3475 ἦσαν,
1128 3406 1271 3460 κατὰ
1297 3407 1460 3478 νόμον
1487 3409 1765 3479 σαρκικῆς
1797 3411 1886 3462 ἐν-

290 3495 481 3568 τολῆς.
510 3497 586 3550 Ού
637 3497 745 3567 γὰρ
797 3496 862 3567 δὴ
892 3499 1168 3568 μοιχείαν,
1220 3497 1317 3552 καὶ
1349 3498 1548 3571 φθόνον
1598 3501 1720 3554 οὐδὲ
1747 3502 1888 3572 ἱερο-

293 3589 494 3644 συλίαν
515 3589 732 3658 ἀφιέναι
751 3588 1035 3659 ἠδύναντο.

375 3785 396 3820 ι
435 3766 617 3822 Μόνον
651 3765 744 3818 ἐπὶ
775 3762 1052 3836 βρώμασι,
1083 3766 1179 3821 καὶ
1209 3765 1438 3838 πόμασι,
1468 3768 1562 3822 καὶ
1611 3768 1890 3839 διαφόροις

181 3931 196 3942 .
293 3859 660 3932 βαπτισμοῖς.
701 3876 722 3910 ι

370 3949 678 4017 Δοκοῦντα,
705 3949 894 4020 φησὶν,
923 3950 1212 4022 καθαίρειν
1245 3951 1347 4024 τὴν
1375 3952 1578 4025 σάρκα.

377 4061 400 4097 ε
433 4042 547 4098 Καὶ
568 4041 903 4113 δικαιώμασι
935 4042 1160 4114 σαρκὸς,
1218 4044 1385 4115 μέχρι
1438 4045 1636 4118 καιροῦ
1665 4044 1893 4116 διορθὼο

294 4147 446 4200 σεως
513 4134 860 4204 ἐπικείμενα.
894 4135 1131 4208 Χριστὸς
1177 4136 1238 4190 δὲ
1285 4137 1728 4210 παραγενόμενος
1757 4140 1894 4212 ἀρχ.

293 4231 492 4304 ιερεὺς
516 4229 628 4284 τῶν
650 4227 952 4300 μελλόντων
975 4229 1219 4298 ἀγαθῶν,
1267 4248 1288 4283 ι

379 4321 1004 4392 Καιρὸνδιορθώσεως,
1025 4321 1120 4378 τὸν
1147 4323 1250 4393 τῆς
1271 4322 1578 4395 παρουσίας
1611 4325 1771 4380 καλεῖ
1797 4324 1894 4380 τοῦ

295 4411 574 4486 Χριστοῦ.
597 4413 762 4482 Λέγει
787 4407 882 4467 οῦν
921 4413 1005 4467 ὅτι
1039 4413 1294 4486 ὠφέλιμα
1321 4411 1390 4487 ἦν
1427 4416 1657 4488 πρὸστοῦ
1697 4419 1892 4490 καιροῦ

281 4507 412 4578 τῆς
445 4505 808 4578 διορθώσεως,
833 4507 974 4578 μετὰ
998 4507 1056 4561 δὲ
1081 4507 1262 4564 ταῦτα
1293 4510 1573 4583 ἀνωφελῆ.

385 4615 407 4651 ι
445 4597 544 4652 Διὰ
591 4597 696 4669 τῆς
747 4598 996 4669 μείζονος
1055 4599 1151 4654 καὶ
1187 4601 1532 4673 τελειοτέρας
1577 4604 1810 4675 σκηνῆς,
1834 4605 1896 4659 ού

289 4689 720 4762 χειροποιήτου,
740 4689 1022 4745 τουτέστιν
1046 4690 1110 4744 ού
1143 4693 1349 4765 ταύτης
1380 4694 1480 4765 τῆς
1500 4695 1754 4760 κτίσεως,
1777 4696 1899 4750 οὐδὲ

288 4780 377 4833 δι’
421 4780 655 4852 αἵματος
675 4780 900 4851 τράγων
946 4781 1045 4834 καὶ
1100 4782 1342 4853 μόσχων,
1379 4783 1468 4838 διὰ
1494 4785 1552 4838 δέ
1607 4786 1704 4840 τοῦ
1765 4787 1897 4841 ἰδίου

288 4871 546 4942 αἵματος
567 4872 820 4944 εἰσῆλθεν
851 4873 1076 4944 ἐφάπαξ
1129 4876 1209 4940 είς
1240 4875 1312 4929 τὰ
1341 4877 1527 4945 Ἅγια,
1573 4878 1800 4934 αἰωνίαν
1816 4879 1902 4933 λύ-

292 4982 522 5036 τρωσιν
540 4966 868 5037 εὑράμενος.
899 4967 963 5022 El
991 4969 1104 5041 γὰρ
1128 4969 1188 5022 τὸ
1221 4966 1361 5041 αἷμα
1386 4971 1606 5043 ταύρων
1643 4972 1737 5027 καὶ
1765 4974 1899 5046 τρά-

289 5075 449 5129 γων,
475 5057 571 5111 καὶ
597 5058 794 5122 σποδὸς
834 5059 1127 5131 δαμάλεως
1168 5060 1502 5133 ῥαντίζουσα
1547 5065 1674 5128 τοὺς
1716 5082 1902 5120 κεκοιά

287 5148 589 5220 νωμένους
610 5149 830 5219 ἁγιάζει
855 5151 994 5222 πρὸς
1023 5152 1125 5221 τὴν
1151 5153 1252 5223 τῆς
1285 5153 1490 5225 σαρκὸς
1526 5156 1897 5229 καθαρότητα,

291 5241 469 5312 πόσῳ
497 5242 699 5309 μᾶλλον
728 5242 792 5296 τὸ
822 5237 963 5313 αἷμα
1001 5242 1096 5297 τοῦ
1121 5245 1386 5315 Χριστοῦ,
1423 5247 1485 5310 ὃς
1516 5247 1608 5301 διὰ
1650 5249 1903 5320 ῐΙνεύμα-

289 5350 404 5397 τος
455 5334 614 5402 ἁγίου
661 5335 855 5389 ἐαυτὸν
908 5337 1288 5408 προσήνεγκεν
1351 5339 1584 5411 ἄμωμον
1638 5341 1718 5411 τῷ
1754 5341 1896 5411 Θεῷ⁹

290 5425 577 5498 καθαριεῖ
605 5427 708 5498 τὴν
743 5428 1051 5500 συνείδησιν
1084 5430 1241 5502 ὑμῶν
1270 5432 1379 5486 ἀπὸ
1404 5435 1615 5505 νεκρῶν
1646 5434 1844 5506 ἔργων,
1876 5453 1895 5487 ι

1983 1851 2095 1908 imo
2149 1851 2197 1907 si
2249 1853 2498 1907 sanctior
2533 1851 2626 1906 illa
2664 1862 2718 1907 et
2773 1851 3043 1908 terribilis
3078 1867 3188 1905 una
3231 1861 3370 1918 erat,
3400 1867 3568 1907 eccur

1983 1957 2015 1998 a
2045 1943 2306 2024 pontiﬁce
2335 1945 2506 2000 semel
2528 1943 2907 2001 oﬂerebatur?

2060 2053 2080 2088 ι
2117 2035 2466 2108 Propalatam
2494 2051 2617 2093 esse
2641 2045 2961 2093 sanctorum
2982 2039 3147 2104 viam,
3186 2037 3366 2092 adhuc
3387 2037 3569 2109 priore

1982 2126 2343 2183 tabernaculo
2395 2127 2634 2183 habente
2669 2136 2895 2196 statum,
2928 2126 3125 2200 [νειιε.
3149 2127 3206 2199 9]
3230 2130 3376 2199 quod
3414 2126 3571 2201 para-

1983 2219 2109 2275 hola
2135 2225 2230 2291 est
2271 2237 2292 2271 ι

2050 2311 2167 2368 Illic
2202 2311 2644 2369 abscondebatur
2677 2311 3006 2380 secundum,
3030 2311 3234 2384 inquit,
3268 2314 3397 2384 quia
3438 2327 3573 2368 non-

1985 2401 2116 2457 dum
2139 2402 2260 2472 ejus
2295 2411 2514 2475 tempus
2544 2404 2738 2458 aderat
2766 2422 2780 2458 :
2815 2412 3034 2475 tempus
3074 2405 3266 2475 utique
3296 2405 3572 2460 adventus

1984 2493 2217 2563 Christi,
2251 2511 2351 2567 per
2381 2512 2547 2568 quem
2577 2497 2716 2552 illud
2745 2497 3096 2568 propalatum
3132 2495 3262 2552 fuit.

2063 2693 2084 2728 ι
2117 2673 2408 2744 Temporis
2462 2671 2746 2740 instantis,
2797 2673 2954 2742 juxta
3019 2673 3167 2745 quod
3228 2688 3457 2730 munera
3516 2684 3573 2730 et

1986 2767 2183 2824 hostia:
2235 2765 2564 2831 offeruntur,
2620 2780 2743 2836 quae
2800 2780 2908 2820 non
2970 2773 3207 2835 possunt
3247 2765 3404 2836 juxta
3433 2781 3572 2822 eon-

1988 2857 2277 2915 scientiam
2309 2855 2612 2927 perfectum
2645 2857 2831 2912 facere
2865 2857 3222 2912 servientem.
3258 2876 3278 2910 ι

2057 2945 2174 3002 ΙΙοε
2229 2955 2331 3012 εει,
2402 2945 2576 3017 ﬁgura
2628 2944 2836 3000 factum
2887 2953 2995 3010 est,
3052 2945 3354 3001 secundum
3404 2961 3573 3017 quam

1988 3041 2133 3096 dona
2186 3046 2242 3095 et
2287 3038 2561 3094 sacriﬁcia
2593 3036 2992 3097 offerebantur.
3025 3052 3150 3108 quae
3193 3052 3303 3092 non
3347 3044 3580 3108 possent

1911 3156 1955 3215 α
1989 3129 2294 3188 secundum
2348 3129 2754 3185 conscientiam
2831 3127 3138 3197 perfectqu
3211 3127 3398 3184 facere
3452 3129 3574 3184 cul-

1991 3232 2189 3279 torem.

2058 3315 2312 3371 Victimte
2378 3311 2651 3385 siquidem
2716 3313 2996 3367 maculam
3075 3312 3145 3368 ab
3199 3313 3382 3368 anima
3464 3329 3577 3368 non

1991 3410 2346 3477 auferebaut;
2395 3408 2492 3464 sed
2529 3407 2709 3462 adhuc
2740 3407 2892 3462 circa
2932 3422 3138 3478 corpus
3180 3407 3574 3473 versabantur,

1989 3517 2091 3574 pro
2121 3503 2238 3569 lege
2286 3499 2535 3554 mandati
2576 3498 2841 3554 carnalis.
2878 3499 3099 3554 Etenim
3152 3513 3262 3555 non
3320 3507 3580 3569 poterunt

1991 3593 2351 3659 adulterium,
2384 3592 2470 3649 vel
2526 3590 2911 3655 invidentiam,
2960 3591 3048 3646 vel
3084 3591 3434 3662 sacrilegium
3480 3606 3580 3646 ex-

1991 3689 2163 3761 piare.

2059 3799 2079 3832 (
2116 3778 2474 3836 Solummodo
2500 3777 2558 3833 in
2593 3777 2758 3845 cibis,
2784 3776 2841 3832 in
2873 3777 3215 3848 potionibus,
3261 3774 3457 3849 [Ἶειιε.
3488 3775 3580 3849 10]

1991 3884 2046 3930 et
2067 3873 2235 3930 variis
2256 3871 2705 3943 baptismatibus.
2747 3888 2767 3923 ι

2067 3966 2199 4035 Quae
2234 3966 2592 4038 putabantur,
2626 3964 2833 4034 inquit,
2876 3979 3101 4020 carnem
3145 3963 3439 4020 mundare.

2073 4075 2094 4109 ι
2130 4057 2197 4111 Et
2228 4054 2724 4126 iustiﬁcationibus
2776 4055 2987 4119 carnis,
3042 4070 3217 4125 usque
3249 4054 3316 4108 ad
3359 4063 3580 4124 tempus

1994 4148 2361 4205 correCtionis
2393 4147 2676 4218 imposita.
2706 4143 2900 4217 [νεεδ.
2936 4143 3050 4216 11.]
3089 4145 3346 4201 Christus
3397 4155 3583 4200 autem

1996 4242 2266 4300 assistens
2295 4237 2538 4311 pontifex
2581 4238 2893 4293 futurorum
2934 4238 3230 4302 bonorum,
3274 4255 3292 4288 ι

2065 4327 2292 4397 Tempus
2346 4326 2732 4392 correctionis,
2781 4332 3002 4394 tempus
3049 4324 3324 4380 adventus
3369 4323 3580 4380 Christi
3651 4345 3666 4362 μ

1997 4427 2303 4489 nuncupat.
2343 4420 2434 4472 Ait
2465 4431 2598 4488 ergo
2634 4416 2751 4471 haec
2780 4415 2994 4486 juvisse
3041 4425 3169 4470 aute
3209 4424 3428 4486 tempus
3457 4429 3584 4470 cor-

1926 4497 1972 4557 ι)
2001 4511 2296 4574 rectionis,
2328 4507 2561 4579 posthac
2577 4521 2711 4562 vero
2742 4505 2959 4560 inutilia
2982 4504 3175 4562 fuisse.

2079 4620 2097 4654 ι
2137 4599 2243 4656 Ρει·
2289 4598 2528 4670 amplius
2565 4606 2621 4654 et
2671 4595 2971 4668 perfectius
2997 4597 3422 4652 tabernaculum
3471 4611 3584 4652 non

2002 4693 2402 4757 manufactum,
2431 4691 2483 4746 id
2525 4697 2634 4756 est,
2666 4703 2777 4744 non
2820 4688 2986 4759 hujus
3015 4689 3348 4755 creationis;
3388 4685 3581 4760 [νειιε.

2005 4781 2199 4856 12-14]
2232 4797 2411 4853 neque
2475 4797 2572 4853 per
2610 4779 2934 4851 sanguinem
2967 4780 3266 4835 vitulorum
3306 4789 3360 4835 et
3404 4781 3588 4835 hirco-

2005 4891 2152 4943 rum,
2183 4875 2277 4930 sed
2314 4889 2415 4945 per
2445 4875 2728 4944 proprium
2756 4871 3075 4943 sanguinem
3127 4872 3378 4927 introivit
3421 4873 3589 4929 semel

2005 4967 2061 5022 in
2092 4967 2317 5033 Sancta,
2350 4976 2555 5022 aeterna
2610 4964 2988 5036 redemptione
3050 4965 3292 5021 inventa.
3353 4965 3410 5020 Si
3441 4964 3592 5021 enim

2005 5059 2236 5131 sanguis
2291 5059 2579 5114 hircorum
2629 5065 2685 5114 et
2734 5065 3050 5126 taurorum,
3114 5069 3171 5114 et
3217 5051 3361 5114 εἰᾶτε
3407 5057 3593 5114 vitula:

2009 5166 2295 5224 aspersus,
2327 5151 2648 5221 inquinatos
2675 5149 2986 5207 sanctiﬁcat
3029 5150 3098 5206 ad
3145 5150 3593 5206 emundationem

2007 5244 2193 5302 carnis
2223 5263 2236 5300 :
2270 5255 2479 5314 quanto
2506 5243 2680 5316 magis
2702 5243 2930 5316 sanguis
2964 5241 3190 5310 Christi,
3219 5242 3316 5314 qui
3337 5257 3434 5313 per
3463 5241 3592 5313 Spi-

2008 5338 2179 5392 ritum
2203 5345 2456 5392 sanctum
2514 5336 2873 5406 semetipsum
2935 5335 3141 5391 obtulit
3191 5333 3591 5390 mmaculatum

2007 5428 2142 5495 Deo,
2176 5427 2498 5486 emundabit
2532 5427 2926 5486 conscientiam
2970 5433 3213 5485 vestram
3243 5425 3312 5482 ab
3331 5424 3595 5496 operibus

2013 5520 2271 5587 mortuis,
2314 5538 2334 5572 ι

1627 5693 1863 5751 ἾΛΒΙᾸΞ
1905 5696 2318 5756 LECTIONES.

382 5789 416 5829 (ἶ
448 5783 688 5844 Omnino
722 5785 1007 5856 legendum
1035 5797 1143 5854 est,
1171 5790 1426 5864 δευτέρα.

655 5877 928 5939 Parnm.
977 5880 1095 5941 Gn.
1144 5882 1328 5943 XCV.

3192 5887 3264 5953 31
