4048 6382
461 344 568 413 971

1676 343 1738 403 S.
1780 340 2104 402 JOANNIS
2131 341 2570 408 DAMASCENI

3635 346 3751 412 972

536 456 634 515 Vel
679 456 884 513 Christi
917 469 1138 511 carnem
1175 453 1300 510 istic
1337 451 1541 518 innuit,
1591 450 1679 506 vel
1714 449 2047 507 Ecclesiam.

2226 453 2338 524 Τὴν
2371 455 2551 524 σάρκα
2585 454 2736 524 λέγει
2754 453 3014 518 ἐνταῦθα,
3051 455 3085 526 ἢ
3116 449 3216 528 τὴν
3261 455 3607 528 Ἐκκλησίαν.

541 570 560 602 σ
584 550 663 604 Ad
699 549 1048 606 serviendum
1079 547 1190 603 Deo
1225 544 1473 602 viventi?
1506 563 1524 596 ›

535 643 634 697 llic
665 639 912 696 notiﬁeat
971 653 1097 694 eum
1146 637 1241 708 qui
1283 635 1520 690 mortuis
1553 632 1817 704 operibus
1838 640 1923 689 est
1951 630 2050 686 ad-

462 735 667 797 dictus,
697 733 823 787 vivo
858 736 914 786 et
935 744 1070 786 vero
1105 743 1217 784 non
1245 742 1411 798 posse
1436 725 1672 782 servire.

538 825 703 880 Vsus.
739 823 925 880 15-18.
961 842 979 874 ι
1015 821 1083 875 Ει
1110 821 1233 877 ideo
1262 822 1393 877 novi
1430 817 1748 875 testamenti
1767 815 2053 871 mediator

459 926 565 981 est,
591 923 673 980 ut,
700 923 876 968 morte
898 911 1296 974 intercedente,
1325 911 1379 964 in
1398 907 1829 978 redemptionem
1863 920 2052 962 carum

461 998 1014 1073 praevaricationum,
1075 1012 1200 1067 quae
1256 1003 1417 1051 erant
1476 993 1581 1050 sub
1656 991 1829 1062 priori
1881 999 2054 1047 testa-

461 1103 670 1158 mento,
695 1088 1184 1161 repromissionem
1224 1086 1521 1157 accipiant,
1550 1083 1646 1156 qui
1678 1083 1866 1140 vocati
1892 1090 2046 1147 sunt,

462 1179 1082 1240 aeternae'hazreditatis.
1109 1177 1278 1250 246
1324 1175 1426 1232 Ubi
1447 1175 1594 1232 enim
1657 1179 2051 1230 testamentum

463 1285 570 1344 est,
611 1290 765 1330 mors
790 1287 1017 1329 necesse
1049 1280 1135 1327 est
1179 1271 1485 1326 intercedat
1519 1265 1830 1323 testatoris.
1858 1262 2055 1320 Testa-

463 1375 711 1424 mentum
742 1366 888 1422 enim
926 1367 981 1420 in
1005 1362 1239 1419 mortuis
1264 1363 1659 1418 conﬁrmatum
1680 1364 1764 1414 est
1800 1377 1812 1411 :
1848 1355 2054 1427 alioqui

467 1477 576 1517 non
623 1461 788 1524 valet,
837 1459 968 1514 dum
1009 1457 1145 1511 vivit
1200 1455 1296 1526 qui
1356 1462 1590 1509 testatus
1621 1457 1728 1506 est.
1765 1446 1923 1504 Unde
1953 1460 2054 1503 nec

467 1554 704 1622 primum
730 1549 952 1618 quidem
982 1547 1104 1602 sine
1119 1545 1389 1617 sanguine
1417 1563 1436 1597 ι

481 1639 486 1642 ’
533 1643 677 1698 Fieri
705 1649 920 1712 poterat
947 1647 1006 1693 ut
1030 1638 1299 1710 plerique,
1328 1637 1420 1707 qui
1472 1634 1808 1690 inﬁrmiores
1839 1638 2054 1699 essent,

465 1723 532 1812 es
565 1751 632 1792 eo
652 1733 802 1804 quod
834 1732 1094 1788 Christus
1125 1738 1361 1785 mortem
1397 1728 1635 1796 obierat,
1671 1723 2058 1798 promissioni-

2236 561 2255 595 ι
2289 545 2383 607 Εἰς
2403 545 2465 598 τὸ
2490 543 2775 615 λατρεύειν
2804 544 2924 616 Θεῷ
2956 544 3153 612 ζῶντις
3188 564 3207 598 ι

2239 635 2507 690 Ἐνταῦθα
2537 636 2816 708 ἐμφαίνει,
2853 638 2936 690 ὅτι
2959 637 3132 709 νεκρὰ
3154 636 3292 708 ἔργα
3319 637 3512 709 ἔχοντα
3540 641 3642 695 οὐκ
3664 641 3746 695 ἔνι

2157 728 2433 782 δουλεύειν
2465 727 2543 800 τῷ
2570 728 2734 793 ζῶντι
2761 729 2856 782 καὶ
2884 729 3145 800 ἀληθινῷ.

2236 838 2254 871 ι
2289 822 2400 875 Καὶ
2415 821 2503 876 διὰ
2532 820 2692 876 τοῦτο
2741 821 3013 892 διαθήκης
3065 822 3266 893 καινῆς
3309 824 3540 896 μεσίτης
3575 826 3745 892 ἐστιν,

2159 913 2308 976 ὅπως
2337 912 2570 968 θανάτου
2604 914 2900 987 γενομένου
2954 916 3036 978 είς
3072 914 3456 987 ἀπολύτρωσιν
3495 917 3606 972 τῶν
3651 920 3751 972 ἐπὶ

2159 1007 2225 1077 τῇ
2257 1004 2453 1080 πρώτῃ
2479 1006 2714 1078 διαθήκῃ
2735 1007 3126 1080 παραϐάσεων,
3156 1009 3256 1080 τὴν
3279 1011 3620 1080 ἐπαγγελίαν
3654 1011 3752 1065 λά-

2162 1097 2331 1150 ϐωσιν
2361 1097 2413 1149 οἱ
2437 1097 2768 1169 κεκλημένοι
2799 1098 2900 1171 τῆς
2922 1099 3144 1152 αἰωνίου
3171 1099 3750 1172 κληρονομίας.“οπου

2162 1185 2274 1257 γὰρ
2309 1185 2570 1258 διαθήκη,
2603 1187 2836 1243 θάνατον
2868 1189 3086 1258 ἀνάγκη
3137 1189 3400 1260 φέρεσθαι
3431 1191 3526 1244 τοῦ
3565 1191 3752 1245 διαθε-

2165 1278 2352 1348 μένου.
2377 1279 2624 1352 Διαθήκη
2651 1280 2757 1351 γὰρ
2788 1282 2882 1334 ἐπὶ
2900 1284 3115 1354 νεκροῖς
3142 1282 3355 1353 βεϐαία,
3381 1284 3505 1336 ἐπεὶ
3533 1285 3753 1355 μήποτε

2166 1372 2363 1444 ίσχύει,
2394 1374 2485 1426 ὅτε
2519 1373 2589 1446 ζῇ
2611 1377 2640 1429 ὁ
2664 1373 3004 1446 διαθέμενος.
3039 1376 3204 1430 Ὅθεν
3235 1375 3347 1430 οὐδ’
3375 1377 3625 1450 ἡπρώτη
3648 1396 3752 1448 χω-

2165 1466 2249 1538 ρὶς
2280 1465 2510 1536 αἵματος
2541 1487 2560 1520 ι
3325 1487 3328 1490 ‘

2236 1643 2397 1708 Εἰκὸς
2423 1639 2492 1717 ἦν
2520 1644 2749 1708 πολλοὺς
2779 1645 2890 1699 τῶν
2929 1645 3321 1716 ἀσθενέστερον
3357 1647 3748 1718 διακειμένων,

2167 1733 2276 1789 ἀπὸ
2322 1733 2417 1788 τοῦ
2454 1735 2909 1804 τετελευτηκέναι
2955 1735 3047 1790 τὸν
3080 1736 3307 1807 Κύριον,
3339 1739 3577 1808 μάλιστα
3621 1739 3752 1794 ἀπι-

466 1830 573 1899 .hus
609 1828 727 1897 ejus
755 1840 866 1879 non
904 1825 1220 1880 crederent.
1259 1821 1534 1889 Quocirca
1558 1818 2054 1890 dieitApostolus:

2176 1829 2310 1881 ςτεῖν
2332 1830 2452 1890 ταῖς
2480 1826 2837 1896 ἐπαγγελίαις
2870 1827 3057 1883 αὑτοῦ.
3103 1827 3164 1880 '0
3191 1829 3372 1884 τοίνυν
3409 1830 3742 1895 Ἀπόστολός

466 1921 700 1990 Propter
735 1919 1040 1987 liocipsum
1072 1917 1241 1986 igitur
1283 1930 1407 1972 esse
1450 1913 1776 1969 ﬁdentiores
1815 1915 2056 1982 oportet,

465 2014 600 2090 quia
634 1994 993 2066 testatOrihus
1044 2023 1152 2063 non
1214 2005 1554 2071 viventibus,
1603 2004 1699 2060 sed
1754 2001 2058 2068 defunctis,

468 2105 627 2158 ﬁrma
660 2103 796 2156 ﬁunt
832 2106 1184 2165 testamenta,
1218 2105 1272 2152 et
1305 2097 1476 2152 robur
1523 2093 1826 2164 accipiunt.
1881 2093 2061 2160 Atque

468 2193 560 2249 hic
609 2199 694 2246 est
722 2203 921 2245 sensus
954 2205 966 2238 :
1002 2186 1148 2242 Deus
1176 2185 1456 2257 pollicitus
1487 2191 1592 2249 est,
1620 2180 1836 2252 inquit;
1862 2180 2060 2236 deinde

469 2300 596 2340 eum
619 2282 878 2338 homines
933 2285 1284 2351 peccassent,
1322 2291 1432 2332 non
1479 2275 1658 2331 solum
1692 2269 1913 2344 indigni
1936 2270 2059 2327 fue-

469 2383 604 2431 runt
637 2374 729 2445 qui
763 2372 1168 2443 promissorum
1201 2377 1484 2440 compotes
1516 2366 1734 2432 ﬁerent,
1779 2373 1840 2419 ut
1874 2363 2060 2435 potius

472 2469 701 2524 obnoxii
729 2466 855 2522 facti
887 2465 1000 2520 sint
1027 2463 1211 2519 morti.
1243 2461 1377 2516 Eam
1407 2462 1477 2516 ob
1519 2474 1634 2515 rem
1665 2456 1926 2513 Christus
1961 2472 2059 2512 ve-

470 2563 632 2617 niens
672 2557 973 2627 assumpsit
1016 2555 1070 2609 in
1129 2570 1188 2610 se
1245 2560 1496 2623 peccata,
1552 2558 1923 2618 mortuusque
1949 2556 2056 2615 est,

474 2663 533 2710 ut
570 2652 646 2706 illi
695 2650 1120 2713 mandarentur,
1165 2646 1426 2719 dignique
1464 2642 1759 2700 evaderent
1790 2641 1886 2710 qui
1923 2655 2060 2710 pro-

470 2745 642 2801 missa
666 2747 1168 2812 consequerentur.

547 2857 565 2890 ι
600 2835 924 2891 Dedicatum
982 2839 1087 2888 est.
1153 2828 1346 2901 [Vens.
1418 2823 1635 2898 lii-2L]
1693 2820 1864 2879 Lecto
1911 2823 2058 2880 enim

469 2929 622 2987 omni
657 2926 920 3004 mandato
952 2925 1088 2993 legis
1116 2938 1147 2976 a
1199 2921 1384 2992 Moyse
1411 2918 1676 2974 universo
1706 2918 1932 2988 populo,
1961 2931 2057 2971 ac-

471 3023 685 3092 cipiens
736 3017 1063 3089 sanguinem
1122 3014 1425 3068 vitulorum
1474 3023 1527 3066 et
1583 3010 1893 3076 hircorum,
1929 3023 2056 3063 cum

474 3127 617 3182 aqua
648 3119 703 3165 et
730 3111 854 3164 lana
896 3106 1178 3171 coccinea,
1222 3124 1240 3157 ι

535 3203 654 3258 Hoc
674 3211 780 3265 est,
809 3202 1027 3255 ﬁrmum
1069 3205 1364 3266 ratumque
1401 3193 1611 3249 factum
1647 3191 1774 3250 fuit.

542 3316 561 3348 ι
589 3297 656 3351 Ει
683 3295 948 3367 hyssopo,
1009 3291 1188 3361 ipsum
1227 3302 1446 3358 quoque
1495 3287 1718 3350 librum,
1761 3289 1818 3340 et
1841 3296 2062 3338 omnem

452 3389 739 3460 "populum
776 3384 1038 3457 aspersit,
1066 3383 1258 3438 dicens
1288 3397 1300 3431 :
1337 3380 1434 3434 l-lic
1457 3379 1686 3449 sanguis
1713 3376 2060 3442 testamenti,

472 3484 622 3556 quod
649 3483 928 3538 mandavit
961 3481 1029 3536 ad
1058 3495 1154 3535 vos
1198 3478 1364 3533 Deus.
1401 3475 1581 3529 Etiam
1636 3471 2058 3528 tabernaculum

455 3586 529 3633 eet
553 3577 737 3634 omnia
767 3590 897 3631 vasa
925 3571 1218 3629 ministerii
1250 3569 1522 3640 sanguine
1551 3565 1858 3624 secundum
1888 3565 2065 3637 legem

476 3655 735 3736 aspersit.
780 3684 800 3718 ι

509 3757 864 3829 .Symbolum
928 3754 1181 3825 spiritus.
1248 3751 1532 3822 Hyssopus
1563 3749 1711 3804 enim
1754 3747 1935 3804 calida
1956 3755 2062 3804 est.

474 3849 624 3918 Quin
657 3856 711 3902 et
747 3861 886 3917 aqua
918 3846 1339 3916 signiﬁcabatur
1359 3841 1684 3914 expurgatio
1709 3855 1832 3911 quae
1871 3839 1934 3895 ﬁt
1968 3853 2066 3910 per

474 3937 838 4008 baptismum.
872 3934 1024 3989 Lana
1083 3943 1265 3988 autem
1319 3931 1666 3998 sumebatur,
1691 3944 1800 4000 qua
1835 3928 2064 3999 sanguis

473 4032 883 4084 contineretur.

523 4122 715 4178 'Vsns.
753 4121 844 4175 22.
865 4138 884 4172 ι
922 4121 986 4175 Ει
1010 4118 1190 4174 omnia
1215 4132 1364 4186 pene
1387 4115 1444 4170 in
1465 4115 1734 4186 sanguine
1757 4113 2062 4173 secundum

472 4217 648 4286 legem
679 4211 1042 4277 inundantur,
1077 4217 1132 4264 et
1156 4209 1280 4264 sine
1318 4207 1608 4278 sanguinis
1643 4205 1912 4264 eﬁ'usione
1951 4220 2062 4264 non

475 4308 539 4360 ﬁt
578 4303 857 4359 remissio.
880 4320 915 4354 -›

531 4394 816 4462 Quoniam
844 4407 1084 4464 per-eam
1118 4406 1226 4447 non
1260 4389 1508 4462 perfecta
1543 4388 1832 4445 mundatio
1875 4388 2062 4451 ﬁebat,

2161 1934 2330 1989 φησι·
2359 1918 2461 1972 Διὰ
2486 1917 2645 1972 τοῦτο
2669 1918 2768 1990 μὲν
2789 1913 2881 1973 οὖν
2908 1918 3014 1991 χρὴ
3055 1918 3300 1991 θαρρεῖν,
3321 1921 3404 1974 ὅτι
3434 1923 3495 1975 ού
3527 1920 3753 1985 ζώντων

2163 2013 2273 2066 τῶν
2303 2012 2717 2084 διατιθεμένων,
2749 2012 2864 2066 ἀλλ’
2889 2013 3346 2084 ἀποθνησκόντων
3382 2015 3501 2068 τότε
3534 2014 3754 2084 βέϐαιαί

2163 2107 2302 2159 εἰσιν
2321 2107 2377 2158 αἱ
2403 2106 2690 2177 διαθῆκαι,
2721 2107 2817 2162 καὶ
2846 2108 2948 2177 τὴν
2978 2107 3134 2177 ἰσχὺν
3159 2107 3554 2178 λαμϐάνουσιν.
3602 2107 3659 2162 '0
3696 2109 3753 2163 δέ

2164 2198 2290 2262 νοῦς
2324 2193 2504 2263 οὗτος⁸
2538 2199 2958 2270 Ἐπηγγείλατο,
2975 2200 3164 2270 φησιν,
3181 2202 3208 2252 ὁ
3225 2200 3355 2264 Θεός
3376 2219 3388 2232 ·
3419 2196 3539 2254 εἶτα
3563 2201 3750 2272 ἀμαρ-

2162 2291 2417 2353 τάνοντες
2458 2291 2508 2342 οἱ
2553 2290 2852 2361 ἄνθρωποι,
2899 2290 2960 2344 ού
3013 2290 3172 2362 μόνον
3218 2285 3361 2362 ἦσαν
3413 2291 3625 2356 ἀνάξιοι
3651 2293 3752 2362 τὴν

2161 2382 2499 2451 ἐπαγγελίαν
2535 2382 2846 2448 ἀναλαϐεῖν,
2879 2382 3017 2436 ἀλλά
3066 2381 3162 2436 καὶ
3208 2381 3424 2453 θανάτῳ
3449 2382 3750 2452 γεγόνασιν

2163 2476 2361 2546 ἔνοχοι.
2419 2474 2520 2528 Διὰ
2551 2474 2712 2528 τοῦτο
2745 2477 2772 2528 ὁ
2804 2474 3042 2545 Χριστὸς
3093 2472 3266 2527 ἐλθὼν
3315 2473 3612 2541 ἀνεδέξατο
3644 2474 3750 2538 τὰς

2159 2568 2460 2640 ἁμαρτίας,
2498 2568 2590 2621 καὶ
2632 2567 2925 2632 ἀπέθανεν,
2983 2567 3068 2620 ἵνα
3114 2565 3569 2639 καθαρισθέντες,
3603 2565 3748 2633 ἀξιοι

2161 2662 2428 2731 γένωνται
2454 2659 2550 2722 τὰς
2566 2658 2903 2727 ἐπαγγελίας
2928 2657 3136 2712 λαϐεῖν.

2239 2860 2257 2892 ι
2307 2841 2764 2910 Ἑγκεκαίνισται.
2817 2837 3157 2911 Λαληθείσης
3178 2838 3288 2910 γὰρ
3323 2838 3505 2907 πάσης
3532 2837 3754 2909 ἐντολῆς

2164 2934 2304 2988 κατά
2325 2933 2489 3004 νόμον
2533 2931 2640 2984 ὑπὸ
2683 2932 2965 2994 Μωῢσέως
3008 2931 3171 2984 παντὶ
3207 2929 3288 3002 τῷ
3317 2929 3454 3000 λαῷ,
3483 2929 3665 2984 λαϐὼν
3691 2929 3754 2983 τὸ

2163 3021 2304 3098 αἷμα
2329 3025 2436 3079 τῶν
2465 3025 2679 3096 μόσχων
2708 3025 2802 3078 καὶ
2824 3023 3063 3093 τράγων,
3098 3023 3237 3094 μετὰ
3259 3021 3472 3089 ὓδατος,
3494 3023 3590 3077 καὶ
3601 3022 3754 3094 ἐρίου

2164 3118 2443 3183 κοκκίνου,
2475 3137 2492 3169 ι

2236 3211 2518 3275 Τουτέστι,
2554 3207 2747 3279 βεϐαία
2774 3206 2988 3276 γέγονε,
3017 3206 3113 3262 καὶ
3143 3205 3420 3278 ἐκυρώθη.

2242 3323 2260 3355 ι
2298 3303 2410 3356 Καὶ
2434 3301 2711 3366 ὑσσώπου,
2746 3299 2879 3353 αύτό
2903 3317 2964 3354 τε
2991 3301 3052 3352 τὸ
3074 3299 3418 3370 βιϐλίοννκαὶ
3450 3297 3631 3352 πάντα
3661 3297 3757 3351 τὸν

2165 3394 2294 3450 λαὸν
2315 3394 2624 3467 ἐρράντισε,
2643 3392 2818 3461 λέγων
2840 3408 2855 3422 ο
2892 3389 3063 3444 Τοῦτο
3081 3389 3155 3442 ιτδ
3177 3387 3316 3462 αἷμα
3341 3391 3440 3461 τῆς
3461 3390 3752 3460 διαθήκης,

2167 3483 2238 3560 ἧς
2268 3485 2576 3540 ἐνετείλατο
2603 3484 2739 3554 πρὸς
2767 3484 2912 3554 ὑμᾶς
2937 3486 2967 3536 ὁ
2992 3482 3146 3546 Θεός·
3172 3482 3282 3535 Καὶ
3305 3482 3405 3551 τὴν
3434 3480 3641 3551 σκηνὴν
3671 3481 3753 3544 δέν

2165 3580 2262 3633 καὶ
2313 3577 2492 3632 πάντα
2531 3576 2600 3629 τὰ
2647 3574 2818 3646 σκεύη
2879 3575 2981 3646 τῆς
3038 3573 3386 3645 λειτουργίας
3435 3573 3513 3643 τῷ
3559 3571 3758 3642 αἵματι

2167 3668 2369 3740 ὁμοίως
2395 3666 2707 3739 ἐρράντισε.
2732 3683 2751 3717 ι

2239 3756 2517 3828 Σύμϐολον
2548 3755 2644 3809 τοῦ
2672 3753 3007 3826 πνεύματος.
3037 3750 3230 3823 Θερμὴ
3257 3749 3368 3822 γὰρ
3391 3751 3426 3821 ή
3457 3748 3713 3812 ὕσσωπος
3738 3765 3756 3778 ο

2166 3851 2285 3904 ἔστι
2316 3849 2426 3921 γὰρ
2459 3849 2556 3903 καὶ
2589 3848 2648 3902 τὸ
2677 3847 2823 3920 ὔδωρ
2880 3847 3146 3918 σημαῖνον
3177 3844 3277 3916 τὴν
3315 3842 3406 3897 διὰ
3436 3841 3531 3895 τοῦ
3555 3842 3760 3913 βαπτί-

2168 3961 2379 4015 σματος
2407 3941 2680 4014 κάθαρσιν
2698 3957 2712 3973 °
2748 3938 2843 3996 καὶ
2871 3940 2934 3994 τὸ
2971 3938 3118 4011 έριον
3143 3937 3225 4003 δέ,
3249 3935 3393 3990 ὥστε
3421 3934 3760 4005 κατέχεσθαι

2164 4037 2228 4091 τὸ
2256 4029 2416 4107 αἷμα.

2243 4145 2261 4179 ι
2300 4129 2412 4182 Καὶ
2441 4125 2630 4197 σχεδὸν
2675 4126 2734 4180 ἐν
2754 4123 2956 4196 αἵματι
3007 4121 3188 4176 πάντα
3225 4120 3587 4192 καθαρίζεται
3613 4118 3763 4173 κατὰ

2164 4219 2258 4273 τὸν
2316 4219 2516 4290 νόμον,
2562 4218 2658 4272 καὶ
2703 4217 2873 4288 χωρἰς
2936 4212 3372 4288 αἱματεκχυσίας
3430 4213 3494 4266 ού
3543 4212 3760 4283 γίνεται

2165 4312 2381 4380 ἄφεσις.
2422 4327 2442 4362 ι
3087 4347 3091 4353 ,

2249 4399 2474 4470 Ἐπειδὴ
2500 4398 2710 4454 ἐκείνου
2748 4397 2850 4452 ούκ
2907 4393 2977 4468 ἦν
3027 4395 3316 4468 καθαρμὸς
3360 4394 3588 4462 τέλειος,
3633 4393 3759 4448 οὐδέ

471 4501 654 4555 neque
697 4483 941 4556 perfecta
999 4483 1289 4549 remissio,
1353 4481 1451 4537 sed
1511 4481 1865 4552 imperfecta;
1935 4480 2059 4536 ideo

2176 4494 2361 4563 ἄφεσις
2389 4491 2596 4557 τελεία,
2630 4490 2744 4544 ἀλλ’
2772 4488 3062 4560 ἡμιτελὴς,
3089 4485 3212 4541 εἷπε
3235 4487 3319 4553 τὸ,
3359 4487 3608 4556 σχεδόν.

472 4574 632 4637 dixit,
675 4588 826 4642 pene.

546 4663 714 4720 Vsus.
748 4664 840 4719 25.
876 4682 894 4715 ‹
931 4663 1169 4719 Necesse
1194 4670 1280 4719 est
1306 4677 1458 4735 ergo,
1485 4660 1821 4732 exemplaria
1836 4659 2062 4732 quidem

473 4758 785 4813 cmlestium
821 4757 907 4812 his
937 4757 1216 4811 mundari.
1264 4775 1282 4808 ι

547 4847 732 4902 Mundi
758 4845 858 4913 illi,
894 4847 1094 4918 inquit,
1130 4847 1227 4917 qui
1257 4844 1564 4901 secundum
1603 4843 1776 4914 legem
1821 4842 2067 4912 perlicie-

435 4975 438 4978 ~
474 4940 694 5004 bantur,
733 4939 1040 5008 imperfecti
1064 4935 1764 5002 nihilominusmanebant,
1805 4935 2064 5006 quoniam

475 5035 528 5082 et
561 5028 664 5098 ipsi
697 5027 872 5098 ﬁgura
894 5036 1051 5081 erant
1079 5029 1418 5082 futurorum.

553 5135 571 5169 ι
613 5118 736 5188 Ipsa
754 5125 935 5170 autem
969 5117 1245 5180 coalestia,
1288 5136 1306 5168 ι

532 5209 855 5265 “Ecclesium
893 5209 1047 5264 dicit.

555 5319 576 5352 ι
615 5299 1182 5356 Melioribus'hostiis
1215 5315 1380 5370 quam
1405 5300 1548 5356 istis.
1590 5318 1608 5351 ι

540 5391 701 5448 Tunc
722 5391 868 5446 enim
901 5391 1025 5462 agni
1095 5393 1362 5464 sanguine
1401 5391 1892 5463 perungebantur;
1920 5405 2068 5447 nunc

475 5500 606 5541 vero
631 5485 804 5554 ipsius
834 5482 1062 5540 Christi.

547 5600 715 5656 Vens.
741 5600 830 5655 Ξιί.
865 5619 884 5653 ι
924 5599 1041 5655 Non
1087 5599 1235 5653 enim
1293 5600 1349 5653 in
1394 5597 1715 5652 manufacta
1757 5607 1952 5652 saneta
1982 5597 2068 5652 in-

479 5695 668 5750 troivit
688 5693 969 5760 Christus,
1000 5693 1337 5762 exemplaria
1362 5707 1642 5760 verorum,
1674 5691 1770 5750 sed
1793 5692 1849 5750 in
1884 5693 2064 5762 ipsum

479 5784 700 5853 coelum,
729 5793 790 5838 ut
812 5793 1072 5856 appareat
1113 5797 1261 5837 nunc
1289 5800 1309 5833 ι

2241 4693 2260 4726 ι
2304 4674 2543 4743 Ἀνάγκη
2601 4665 2716 4735 οὖν,
2760 4670 2829 4724 τὰ
2869 4669 2968 4741 μὲν
3000 4668 3382 4739 ὑποδείγματα
3410 4669 3521 4721 τῶν
3557 4669 3617 4722 ὲν
3642 4671 3760 4730 τοῖς

2166 4763 2433 4834 οὐρανοῖς,
2470 4762 2680 4825 τούτοις
2714 4759 3130 4832 καθαρίζεσθαι.
3163 4781 3182 4811 ι

2238 4847 2418 4918 Οὗτοι,
2449 4855 2634 4924 φησιν,
2669 4853 2719 4906 oi
2753 4852 3008 4923 καθαροὶ,
3044 4854 3094 4905 oi.
3133 4850 3280 4904 κατὰ
3311 4849 3476 4920 νόμον
3517 4850 3765 4906 τελειού-

2171 4965 2342 5018 μενοι,
2368 4946 2575 5009 ἀτελεῖς
2605 4941 2768 5017 ἦσαν,
2803 4944 2990 5016 ἐπειδὴ
3042 4949 3138 4999 καὶ
3184 4945 3353 5007 τύπος
3382 4941 3526 5016 ἦσαν
3556 4947 3764 4998 ἐκεῖνοι

2166 5041 2275 5096 τῶν
2299 5039 2623 5111 μελλόντων.

2243 5152 2262 5184 ι
2294 5134 2443 5187 am
2472 5133 2530 5186 δὲ
2559 5131 2628 5185 τὰ
2657 5130 2980 5200 ἐπουράνια,
3025 5149 3043 5182 ι

2240 5227 2352 5299 Τὴν
2394 5226 2722 5297 Ἐκκλησίαν
2763 5224 2935 5293 λέγει.

2245 5339 2264 5372 ι
2291 5319 2584 5390 Κρείττοσι
2611 5319 2825 5382 θυσίαις
2857 5317 3012 5388 παρά
3034 5316 3263 5379 ταύτας.
3310 5335 3330 5368 ι

2238 5413 2372 5465 Τότε
2403 5412 2501 5482 μὲν
2523 5411 2796 5484 προϐάτου
2827 5412 3020 5482 αἵματι
3049 5410 3314 5482 ἐχρίοντο,
3346 5407 3442 5462 νῦν
3471 5407 3552 5472 δὲ,
3592 5403 3767 5462 αὑτοῦ

2169 5503 2262 5558 τοῦ
2295 5505 2556 5576 Χριστοῦ.
3272 5488 3288 5494 ’

2247 5616 2265 5648 ι
2296 5598 2369 5650 Οὐ
2400 5597 2508 5668 γὰρ
2561 5597 2640 5660 είς
2694 5595 3054 5667 χειροποίητα
3099 5595 3231 5664 ἅγια
3286 5594 3588 5666 εἰσῆλθενό
3621 5595 3770 5664 Χρι-

2173 5689 2318 5752 στὸς,
2344 5688 2613 5742 ἀντίτυπα
2645 5689 2754 5742 τῶν
2809 5689 3119 5760 ἀληθινῶν,
3181 5688 3297 5744 ἀλλ’
3357 5690 3435 5753 είς
3463 5689 3627 5746 αὑτὸν
3664 5687 3769 5744 τὸν

2171 5781 2399 5852 οὐρανόν
2430 5797 2443 5810 °
2479 5780 2574 5838 νῦν
2598 5782 3004 5854 ἐμφανισθῆναι
3055 5802 3074 5835 ι
