4048 6394
277 364 388 430 9¹13

1442 351 1524 411 ΙΝ
1555 346 1793 409 EPIST.
1839 345 1939 404 AD
1983 342 2382 404 HEBRJEOS.

3452 340 3557 404 974

347 471 542 537 Τοῦτο,
591 469 780 540 φησὶν,
835 468 1025 537 ὥσπερ
1067 463 1132 536 δὴ
1177 462 1320 533 μέγα
1366 461 1626 532 ἐφρόνουν
1654 460 1703 511 οἱ
1739 455 1894 509 ῚΟυ·η

2041 449 2119 505 lta
2158 452 2318 521 plane
2354 450 2620 520 loquitur,
2664 465 2790 504 cum
2837 457 3117 506 structura
3145 450 3332 520 templi
3365 451 3557 504 admo-

276 568 414 622 δαῖοι
444 564 536 618 ἐπὶ
555 564 623 633 τῇ
657 561 751 616 τοῦ
796 560 927 613 ναοῦ
965 558 1306 626 κατασκευῇ,
1340 555 1416 618 ὡς
1452 551 1646 623 μηδενί
1695 550 1862 602 τόπου

1970 543 2100 598 dum
2125 544 2297 600 Judaei
2331 545 2728 615 gloriarentur,
2763 559 2825 600 ac
2857 545 2903 598 si
2959 545 3147 600 nullus
3176 545 3315 599 alter
3357 544 3558 605 similis

277 658 430 718 ὄντος
463 652 727 708 τοιούτου.
762 651 936 704 Πάλιν
951 644 1046 702 οὖν
1071 647 1383 718 σύγκρισις,
1407 646 1501 697 καὶ
1519 642 1579 696 τό
1608 641 1866 710 διάφορον

2015 639 2418 694 rstaretlocus.
2456 637 2672 692 Rursus
2724 652 2856 707 ergo
2903 639 3318 708 comparatione
3361 638 3557 702 utitur,

281 749 438 814 πολὺ,
472 747 582 816 ὅσῳ
607 744 767 807 αὐτὸς
787 744 815 796 6
840 741 1068 812 οὐρανὸς
1099 739 1194 794 τοῦ
1224 736 1376 794 ναοῦ.

354 945 374 979 ι
411 921 503 995 Τῷ
531 921 809 992 προσώπῳ
838 919 974 972 Θεοῦ
1003 917 1144 990 ὑπὲρ
1169 917 1348 988 ἡμῶν.
1395 935 1413 968 ι

357 1017 543 1071 Εἰπὼν
571 1015 655 1079 τὺ,
691 1011 1161 1084 ἐμφανισθῆναι,
1213 1010 1306 1064 καί
1334 1009 1515 1075 δείξας
1544 1008 1642 1078 τὴν
1661 1009 1868 1060 οἰκονο-

285 1111 441 1183 μίαν,
493 1109 590 1162 καὶ
633 1107 733 1176 τὴν
761 1105 942 1158 αἰτίαν
990 1105 1210 1172 ἐπάγει,
1236 1104 1319 1157 ὅτι
1353 1101 1512 1155 τοῦτο
1567 1099 1870 1168 πεποίηκεν

284 1205 427 1273 ὑπὲρ
455 1199 637 1271 ἡμῶν,
660 1197 806 1261 ἐπεὶ,
866 1195 1003 1250 καθὸ
1050 1195 1186 1259 Θεὸς
1237 1193 1433 1262 Λόγος,
1475 1192 1710 1246 πάντοτε
1743 1191 1870 1244 σύν-

281 1312 403 1349 εστι
432 1291 509 1364 τῷ
539 1291 738 1362 Πατρί.
802 1287 953 1358 Ἐγὼ
1015 1290 1142 1361 γὰρ,
1180 1289 1364 1359 φησὶν,
1422 1287 1493 1341 ἐν
1546 1285 1627 1351 τῷ
1666 1286 1870 1353 Πατρί,

283 1384 386 1440 καὶ
413 1387 447 1436 ὁ
469 1381 678 1451 Πατὴρ
698 1380 768 1434 ἐν
803 1379 956 1448 ἐμοί.

365 1497 383 1528 ι
422 1475 557 1530 υύδὲ
589 1472 851 1535 πολλάκις
886 1471 1187 1542 προσφέρει
1227 1469 1441 1535 ἑαυτὸν,
1465 1468 1654 1538 ὥσπερ
1675 1469 1705 1520 6
1741 1467 1876 1538 ἀρχ-

286 1571 470 1640 ιερεὺς
507 1566 816 1637 εἰσέρχεται
864 1565 942 1628 εἰς
990 1564 1059 1618 τὰ
1089 1564 1220 1632 ἅγια
1247 1563 1368 1617 κατ’
1417 1561 1664 1616 ἐνιαυτὸν
1698 1561 1756 1613 ὲν
1788 1561 1877 1613 αἵ-

291 1680 427 1734 ματι
453 1659 738 1730 ἀλλοτρίῳ,
766 1659 887 1712 ἐπεὶ
915 1656 1022 1710 ἔδει
1054 1655 1216 1710 αὑτὸν
1252 1655 1514 1717 πολλάκις
1549 1653 1742 1707 παθεῖν
1769 1653 1879 1707 ἀπὺ

289 1757 396 1824 τῆς
443 1751 752 1820 καταϐολῆς
782 1749 878 1803 τοῦ
912 1750 1153 1818 κόσμου’
1193 1747 1288 1801 νῦν
1312 1747 1370 1800 δὲ
1409 1746 1557 1812 ἅπαξ
1598 1747 1691 1799 ἐπὶ
1749 1762 1878 1798 συν-

293 1846 479 1918 τελείᾳ
501 1843 607 1899 τῶν
628 1842 862 1898 αἰώνων.
906 1860 924 1893 ι

363 2022 429 2076 Εἰ
458 2019 610 2090 παρὰ
638 2019 738 2090 τὴν
763 2017 963 2090 ἀρχὴν,
995 2015 1152 2087 φησί,
1184 2014 1344 2069 τοῦτο
1367 2014 1610 2083 ἐγένετο,
1643 2009 1763 2068 εἷτα
1789 2012 1880 2066 ού-

286 2113 406 2178 δείς
428 2113 774 2178 ἐπίστευσεν,
809 2109 1002 2181 ἔμενεν
1027 2110 1086 2162 ἐν
1115 2107 1364 2178 ἀπωλείᾳ
1383 2107 1444 2161 τὸ
1468 2107 1644 2176 γένος.
1671 2108 1745 2160 Οὐ
1774 2107 1884 2175 γὰρ

287 2202 362 2277 ἦν
391 2205 620 2260 δυνατὸν
660 2203 913 2274 δεύτερον
954 2201 1250 2255 ἀποθανεῖν
1292 2199 1550 2271 Χριστὸν,
1600 2199 1687 2252 ἵνα
1724 2198 1886 2251 πάλιν

294 2299 469 2370 σωθῇ.
512 2297 734 2367 Ἐπειδὴ
763 2296 821 2350 δὲ
849 2296 1079 2366 ὕστερον
1108 2292 1281 2346 πολλὰ
1299 2288 1366 2362 ἦν
1391 2294 1460 2347 τὰ
1486 2292 1886 2363 ἁμαρτήματα,

290 2390 526 2454 εἰκότως
556 2389 681 2442 τότε
708 2389 974 2458 ἀνεφάνη.

378 2587 399 2624 t
435 2569 529 2632 Εἰς
565 2567 829 2638 ἀθέτησιν
862 2567 1159 2638 ἁμαρτίας,
1204 2586 1222 2619 ›

377 2663 444 2717 Τί
499 2663 646 2716 ἐστιν
707 2661 1024 2730 ἀ’οέτησις;
1087 2660 1209 2714 ἀντὶ
1264 2657 1389 2723 τοῦ,
1452 2657 1882 2730 καταφρόνησις.

297 2756 503 2813 Οὐκέτι
527 2756 841 2828 παρρησίαν
871 2753 1046 2826 ἔχειὴ
1080 2752 1348 2824 ἁμαρτία.
1389 2751 1680 2822 Ἠθέτηται
1714 2750 1824 2818 γὰρ
1861 2751 1896 2820 ὴ

295 2849 585 2920 ἁμαρτία,
644 2847 938 2918 ὀφείλουσα
985 2845 1088 2918 μὲν
1153 2846 1452 2900 ἀπολαϐεῖν
1502 2845 1748 2908 κόλασιν,
1795 2843 1898 2896 οὐκ

297 2941 658 2996 ἀπολαϐοῦσα
695 2940 774 2996 δέ.
808 2940 1106 3004 Τουτέστι,
1155 2938 1280 3009 βίαν
1309 2937 1540 2992 ἔπαθεν·
1586 2937 1676 2991 ὅτε
1720 2951 1898 3006 προσ⁴

300 3035 538 3107 εδόκησε
565 3036 775 3099 πάντας
805 3033 1040 3101 ἀνελεῖν,
1069 3031 1194 3085 τότε
1221 3030 1486 3106 ἀνῃρέθη.

388 3227 407 3260 ι
446 3209 546 3262 Διὰ
581 3209 684 3279 τῆς
713 3207 907 3272 θυσίας
935 3206 1101 3262 αὑτοῦ
1135 3204 1543 3276 πεφανέρωται.
1585 3221 1605 3254 ι

392 3303 744 3375 Ἐφανερώθη
776 3303 855 3374 τῷ
883 3301 1026 3373 Θεῷ,
1055 3301 1153 3357 καί
1175 3299 1511 3373 προσῆλθεν.

388 3411 410 3447 ι
457 3397 568 3448 Καὶ
617 3394 851 3449 καθόσον
903 3395 1192 3448 ἀπόκειται
1223 3394 1338 3456 τοῖς
1383 3389 1694 3462 ἀνθρώποις
1749 3387 1902 3454 ἅπαξ

303 3487 630 3556 ἀποθανεῖν,
665 3488 804 3559 μετὰ
825 3488 882 3542 δὲ
909 3489 1066 3542 τοῦτο
1087 3486 1271 3558 κρίσις
1293 3503 1305 3515 ·
1329 3485 1471 3539 οὕτω
1495 3486 1591 3539 καὶ
1613 3487 1641 3537 ὁ
1663 3483 1902 3555 Χριστὸς

307 3579 463 3648 ἅπαξ
493 3580 879 3651 προσενεχθεὶς
912 3582 995 3643 εἰς
1024 3579 1085 3634 τὸ
1119 3577 1330 3632 πολλῶν
1359 3578 1678 3647 ἀνενεγκεῖν
1715 3577 1901 3646 ἀμαρ-

303 3675 456 3739 τίας,
495 3693 516 3726 ι

386 3769 499 3822 Καὶ
537 3769 634 3839 τὴν
663 3766 842 3822 αἰτίαν
887 3766 1058 3834 λέγει,
1091 3765 1182 3820 διὰ
1207 3766 1260 3818 τί
1305 3765 1451 3832 ἆπαξ
1480 3767 1753 3824 ἀπέθανεν
1775 3785 1788 3800 ·
1822 3769 1904 3822 ὅτι

306 3859 436 3924 ἑνὸς
485 3859 718 3914 θανάτου
767 3858 1086 3930 ἀντίλυτρον
1131 3858 1371 3927 ἐγένετο.
1430 3859 1719 3916 Ἀπὲκειτο
1773 3864 1904 3935 γὰρ,

309 3947 506 4018 φησὶν,
531 3949 645 4010 τοῖς
663 3945 976 4018 ἀνθρώποις
999 3947 1316 4003 ἀποθανεῖν.
1343 3947 1516 4002 Τοῦτο
1547 3949 1642 4006 οὖν
1664 3952 1727 4006 τὸ
1757 3953 1909 4019 ἅπαξ

308 4039 592 4094 ἀπέθανεν
627 4039 770 4110 ὑπὲρ
821 4041 1105 4107 ἁπάντων,
1153 4041 1303 4110 ἅπαξ
1345 4044 1766 4116 προσενεχθείς·
1810 4049 1909 4102 καὶ

313 4133 426 4188 ὑπὸ
456 4131 605 4198 τίνος
630 4133 664 4204 ἢ
692 4135 783 4203 ὑφ’
816 4133 1010 4188 ἑαυτοῦ
1033 4133 1312 4204 δηλονότι;
1371 4136 1522 4208 Ἐγὼ
1550 4133 1682 4210 γὰρ,
1717 4141 1906 4211 φησὶν,

309 4226 474 4296 ὑπὲρ
502 4225 703 4282 αὐτῶν
730 4225 946 4295 ἁγιάζω
974 4226 1260 4297 ἐμαυτόν.

399 4338 420 4370 ι
492 4319 587 4372 Ἐκ
633 4319 891 4388 δευτέρου
924 4317 1094 4390 χωρὶς
1129 4317 1404 4389 ἁμαρτίας
1442 4318 1744 4392 ὀφθήσεται
1795 4324 1910 4385 τοῖς

314 4408 492 4464 αὑτὸν
516 4410 992 4481 ἀπεκδεχομένοις,
1025 4411 1106 4472 εἰς
1143 4407 1441 4479 σωτηρίαν.
1480 4429 1500 4462 ι

941 4502 1190 4557 ΚΕΦΑΛ.
1228 4504 1286 4559 1'.

373 4590 420 4645 ἰ
447 4593 614 4648 Σκιάν
636 4593 747 4664 γὰρ
762 4593 900 4669 ἔχων
915 4595 943 4648 ὁ
960 4594 1122 4664 νόμος
1141 4594 1251 4648 τῶν
1281 4596 1588 4666 μελλόντων
1613 4597 1862 4666 ἀγαθῶν,
1891 4617 1909 4650 ι

406 4777 497 4834 Ἐν
533 4784 600 4853 τῇ
647 4780 863 4853 πρώτῃ,
918 4783 1105 4852 φησὶν,
1157 4780 1350 4853 ὤφθη,
1390 4783 1472 4846 εἰς
1515 4781 1575 4836 τὸ
1626 4778 1762 4855 ἆραι
1815 4782 1916 4846 τὰς

309 4874 601 4946 ἁμαρτίας
630 4875 790 4946 ἡμῶν
810 4891 824 4904 ο
857 4874 916 4928 ἐν
947 4874 1007 4927 δὲ
1044 4876 1112 4945 τῇ
1151 4873 1384 4946 δευτέρᾳ
1415 4873 1600 4928 οὐκέτι
1629 4873 1772 4928 οὕτω
1807 4891 1914 4944 φα-

312 4970 516 5033 νεῖται,
553 4967 690 5022 ἀλλά
724 4966 916 5020 σώσων
947 4966 1073 5029 τοὺς
1113 4969 1192 5029 εἰς
1219 4967 1384 5020 αὑτὸν
1419 4965 1839 5030 πιστεύσαντας.

277 5051 287 5062 ’
395 5077 418 5112 σ
456 5060 572 5114 Οὐκ
618 5060 790 5130 αὐτὴν
831 5059 931 5130 τὴν
985 5057 1174 5112 εἰκόνα
1203 5057 1311 5112 τῶν
1371 5059 1738 5130 πραγμάτων,
1793 5059 1915 5112 κατ’

312 5150 570 5206 ἐνιαυτὸν
608 5153 730 5215 ταῖς
769 5151 987 5216 θυσίαις
1026 5149 1094 5215 ἃς
1150 5151 1559 5222 προσφέρουσιν
1600 5153 1680 5216 εἰς
1713 5151 1773 5206 τὸ
1833 5153 1916 5205 δι-

316 5244 546 5316 ηνεκὲς,
572 5244 832 5298 οὐδέποτε
862 5241 1122 5296 δύνανται
1159 5243 1288 5306 τοὺς
1323 5242 1806 5315 προσερχομένους
1826 5259 1915 5296 τε-

315 5333 575 5390 λειῶσαι.
614 5335 769 5389 Ἑπεί
809 5335 910 5388 ούκ
970 5333 1038 5388 ἂν
1070 5334 1384 5388 ἐπαύσαντο
1429 5334 1912 5406 προσφερόμεναι,

310 5427 409 5482 διὰ
440 5427 503 5481 τό
537 5429 811 5498 μηδεμίαν
849 5427 994 5498 ἔχειν
1025 5427 1106 5481 ἔτι
1135 5426 1444 5498 συνείδησιν
1470 5425 1762 5499 ἁμαρτιῶν
1785 5427 1912 5490 τοὺς

311 5519 685 5591 λατρεύοντας
732 5517 880 5584 ἅπαξ
928 5518 1409 5590 κεκαθαρμένουςο
1449 5518 1566 5572 ἀλλ’
1612 5519 1672 5572 ὲν
1723 5519 1912 5582 αὐτοῖς

313 5611 631 5684 ἀνάμνησις
675 5611 960 5684 ἁμαρτιῶν
995 5611 1116 5666 κατ’
1147 5610 1415 5666 ἐνιαυτόν.
1464 5611 1752 5667 Ἀδύνατον
1801 5611 1910 5684 γὰρ

941 5796 960 5828 ⁷
987 5792 1150 5854 Joan.
1187 5809 1323 5861 xvu,
1396 5793 1480 5850 l9.

372 5797 396 5829 ⁸
429 5795 589 5854 Joan.
627 5811 739 5860 xw,
774 5795 857 5850 ll.

1912 1802 1960 1861 Β

1945 4521 1992 4578 D

1973 730 2331 800 ostenditque
2356 731 2549 802 ingens
2601 729 2874 786 interesse
2919 730 3242 796 discrimen,
3289 742 3558 801 quantum

1975 823 2178 876 coelum
2215 823 2360 878 inter
2386 838 2450 879 ac
2479 823 2768 895 templum.

2052 933 2069 963 ‹
2105 912 2291 969 Vultui
2327 913 2419 971 Dei
2452 930 2552 986 pro
2582 914 2764 971 nobis.
2807 934 2826 966 ι

2047 1005 2182 1059 Cum
2209 1005 2443 1070 dixerit,
2475 1016 2531 1059 ut
2559 1014 2837 1075 appareat,
2878 1013 3293 1078 monstrataque
3337 1009 3564 1080 dispen—

1979 1098 2216 1159 satione,
2248 1111 2475 1152 causam
2509 1096 2813 1168 subjungit,
2863 1097 3012 1166 quod
3044 1114 3241 1169 nempe
3269 1115 3371 1169 pro
3404 1101 3567 1156 nobis

1981 1190 2030 1244 id
2072 1189 2332 1260 gesserit,
2357 1191 2452 1260 qui
2487 1191 2694 1260 ubique
2753 1201 2836 1245 est
2870 1207 2994 1245 cum
3035 1190 3218 1254 Patre,
3266 1208 3374 1260 qua
3430 1192 3573 1248 Deus

1981 1291 2066 1340 est
2094 1282 2358 1339 Verbum.
2402 1283 2494 1338 Ait
2541 1283 2689 1339 enim
2735 1302 2747 1335 :
2786 1282 2897 1355 Ego
2937 1285 2992 1338 in
3043 1284 3224 1348 Patre,
3252 1293 3302 1339 et
3333 1285 3497 1340 Pater
3521 1287 3573 1339 in

1982 1393 2062 1432 me
2089 1387 2167 1433 est
2194 1377 2235 1432 ⁸.

2050 1470 2212 1542 247
2255 1469 2424 1526 Vens.
2473 1470 2566 1535 25’,
2615 1469 2704 1524 26.
2763 1489 2782 1519 ι
2816 1469 3005 1540 Neque
3066 1482 3127 1525 ut
3183 1486 3328 1542 saepe
3381 1472 3576 1527 nﬂ‘erat

1984 1564 2384 1633 semetipsum,
2466 1564 2932 1633 quemadmodum
2995 1565 3242 1634 pontifex
3297 1566 3463 1620 intrat
3524 1568 3578 1620 in

1984 1658 2178 1706 sancta
2229 1667 2326 1722 per
2379 1652 2626 1723 singulos
2688 1668 2865 1708 annos
2919 1654 2974 1708 in
3013 1656 3284 1724 sanguine
3340 1657 3576 1712 alieno:

1988 1737 2233 1806 alioquin
2262 1741 2556 1810 oportebat
2588 1756 2715 1796 eum
2745 1740 3059 1810 frequenter
3095 1744 3206 1812 pati
3257 1746 3326 1799 ab
3367 1746 3582 1816 origine

1967 1829 2202 1904 lmundi.
2237 1828 2394 1885 Nunc
2430 1839 2616 1887 autem
2655 1833 2826 1888 semel
2859 1834 2912 1888 in
2948 1836 3434 1891 consummatione
3473 1853 3580 1892 sae-

1986 1925 2259 1979 culorum.

2063 2014 2120 2070 Si
2159 2016 2319 2072 initio
2358 2018 2412 2072 id
2469 2026 2686 2089 gestum
2729 2027 2899 2085 esset,
2951 2021 3157 2090 inquit,
3209 2029 3323 2075 tum
3382 2020 3585 2076 deinde

1991 2123 2152 2162 nemo
2179 2107 2528 2176 credidisset,
2562 2127 2740 2181 genus
2772 2121 3023 2168 nostrum
3053 2114 3106 2166 in
3138 2114 3364 2168 interitu
3397 2129 3586 2182 perse-

1995 2210 2226 2256 veraret.
2259 2199 2396 2255 Nam
2430 2203 2692 2271 possibile
2719 2218 2831 2258 non
2857 2212 2977 2258 erat
3025 2211 3086 2258 ut
3121 2204 3379 2260 Christus
3402 2206 3589 2260 denuo

1993 2300 2326 2358 moreretur,
2346 2307 2460 2364 quo
2477 2293 2611 2348 illud
2635 2294 2839 2350 iterum
2855 2294 3069 2348 salvum
3087 2295 3262 2351 ﬁeret.
3287 2294 3589 2366 Postquam

1991 2400 2126 2441 vero
2182 2386 2415 2455 plurima
2469 2386 2692 2441 tandem
2761 2397 2989 2458 peccata
3045 2390 3413 2454 exstiterunt,
3457 2397 3592 2444 tunc

1993 2486 2372 2533 consentanea
2404 2492 2635 2546 prorsus
2669 2493 2729 2534 se
2756 2478 3122 2550 conspicuum
3162 2478 3337 2535 dedit.

2071 2589 2092 2623 ι
2131 2570 2212 2626 Ad
2243 2571 2666 2628 destitutionem
2701 2573 2944 2643 peccati,
2988 2592 3008 2625 ι

2068 2661 2344 2729 Quidnam
2377 2672 2463 2718 est
2502 2664 2826 2720 destitutio?
2871 2664 3014 2720 idem
3077 2673 3229 2719 certe
3276 2665 3420 2734 quod
3457 2680 3592 2720 con-

1999 2756 2245 2825 temptio.
2282 2754 2578 2811 Peccatum
2611 2771 2966 2827 nequaquam
3001 2757 3244 2827 amplius
3281 2757 3596 2814 libertatem

1999 2846 2186 2902 habet.
2219 2845 2356 2901 Nam
2386 2847 2715 2902 destitutum
2743 2858 2828 2903 est
2871 2857 2928 2903 et
2975 2849 3267 2913 abolitum,
3326 2858 3409 2916 ut,
3468 2867 3597 2905 cum

2000 2953 2198 3010 poenas
2227 2938 2362 2994 dare
2409 2938 2659 3002 deberet,
2705 2940 2885 2995 nullas
2935 2949 3115 2996 tamen
3159 2941 3393 2996 dederit.
3453 2942 3598 3007 Quin

2001 3031 2168 3084 etiam
2200 3029 2308 3084 vim
2339 3029 2590 3100 pertulit,
2629 3036 2714 3094 ut,
2747 3028 2879 3083 dum
2923 3031 3186 3100 sperabat
3236 3041 3472 3086 cunctos
3502 3047 3601 3100 pe-

1925 3157 1973 3220 c
2003 3121 2227 3188 rimere,
2257 3131 2387 3176 tunc
2419 3121 2594 3190 ipsum
2628 3130 2972 3190 peremptum
3021 3120 3204 3177 fuerit.

2085 3233 2103 3267 ι
2138 3213 2242 3269 Per
2275 3214 2510 3269 hostium
2540 3227 2698 3268 suam
2727 3215 3010 3284 apparuit.
3046 3233 3066 3264 ι

2080 3305 2193 3360 Deo
2223 3321 2283 3360 se
2315 3304 2588 3367 exhibuit,
2627 3312 2681 3357 et
2703 3305 2770 3358 ad
2810 3319 2936 3359 eum
2970 3309 3228 3362 accessit.

2086 3395 2253 3452 Vens.
2288 3396 2380 3460 27,
2426 3395 2518 3450 28.
2561 3414 2580 3446 ι
2616 3394 2682 3450 Et
2713 3397 3178 3468 quemadmodum
3218 3406 3486 3455 statutum
3515 3411 3604 3458 εει

2009 3489 2332 3545 hominibus
2355 3489 2527 3544 semel
2555 3490 2693 3542 mori
2725 3507 2740 3556 ;
2781 3499 2903 3560 post
2930 3490 3036 3546 hoc
3067 3501 3250 3546 autem
3282 3493 3556 3562 judicium
3585 3516 3598 3549 :

2012 3585 2092 3640 sic
2143 3589 2200 3638 et
2254 3581 2508 3637 Christus
2555 3581 2726 3637 semel
2774 3582 2996 3638 oblatus
3037 3592 3124 3638 est
3177 3583 3246 3637 ad
3300 3585 3602 3641 multorum

2011 3673 2387 3732 exhaurienda
2417 3681 2663 3743 peccata.
2701 3692 2718 3724 ι

2083 3767 2322 3824 Causam
2355 3765 2526 3822 edicit
2558 3781 2659 3822 cur
2690 3775 2945 3823 mortuus
2978 3767 3071 3823 ille
3109 3768 3206 3832 sit,
3253 3770 3348 3839 qui
3409 3772 3605 3826 mortis

2015 3861 2182 3917 unius
2223 3860 2404 3915 factus
2445 3867 2530 3916 est
2573 3859 2836 3930 pretium.
2867 3857 3004 3914 Nam
3041 3869 3312 3916 statutum
3349 3871 3469 3918 erat
3505 3862 3608 3918 ho-

2015 3954 2283 4018 minibus,
2320 3953 2527 4023 inquit,
2553 3959 2616 4008 ut
2647 3962 3016 4010 morerentur.
3048 3953 3421 4020 Quamobrem
3439 3958 3609 4012 semel

2016 4058 2270 4101 mortuus
2301 4053 2388 4101 est
2435 4059 2536 4112 pro
2575 4045 2860 4113 omnibus,
2909 4054 3192 4117 quatenus
3251 4047 3473 4104 oblatus
3521 4063 3616 4106 est

2018 4139 2210 4196 semel.
2242 4138 2288 4191 Α
2318 4151 2557 4204 quonam
2593 4146 2801 4201 autem,
2836 4138 2946 4193 nisi
2976 4151 3006 4192 a
3054 4137 3283 4208 seipso?
3305 4139 3384 4192 ait
3416 4139 3565 4194 enim
3593 4159 3608 4196 :

2021 4232 2132 4306 Ego
2159 4247 2256 4300 pro
2285 4229 2395 4284 illis
2416 4230 2698 4298 sancti/ica
2730 4230 2987 4300 meipsum
3009 4231 3053 4286 ".

2096 4345 2114 4376 ι
2149 4323 2403 4378 Secundo
2434 4320 2552 4376 sine
2577 4331 2806 4393 peccato
2835 4323 3124 4395 apparebit
3151 4325 3608 4397 exspectantibus

2020 4435 2101 4486 se,
2137 4419 2188 4470 iu
2223 4415 2477 4469 salutem.
2521 4433 2538 4465 ι

2678 4507 2831 4563 CAP.
2882 4507 2951 4564 Χ.

2095 4603 2257 4657 Vens.
2293 4601 2342 4651 l.
2394 4622 2412 4655 ‹
2453 4597 2714 4654 Umbram
2744 4602 2894 4655 enim
2926 4599 3134 4655 habens
3165 4600 3252 4655 lex
3301 4597 3610 4654 futurorum

2017 4698 2311 4762 bonorum,
2352 4719 2370 4751 ι

2091 4793 2153 4846 In
2203 4794 2384 4862 primo
2430 4793 2669 4848 adventu
2711 4787 2990 4860 apparuit,
3025 4794 3091 4842 ut
3137 4785 3383 4842 auferret
3421 4793 3612 4842 nostra

2020 4893 2282 4953 peccata;
2321 4887 2376 4938 in
2405 4881 2652 4940 secundo
2681 4889 2865 4936 autem
2900 4893 3012 4933 non
3054 4877 3137 4933 sic
3165 4876 3479 4948 apparebit,
3514 4877 3610 4933 sed

2023 4984 2082 5029 ut
2122 4977 2306 5032 salvos
2335 4975 2499 5031 faciat
2538 4974 2664 5030 illos
2691 4972 2784 5043 qui
2819 4971 2873 5026 in
2898 4985 2957 5026 se
2986 4968 3367 5025 crediderunt.

2094 5087 2112 5119 ι
2147 5067 2264 5122 Non
2285 5069 2458 5137 ipsam
2490 5065 2786 5136 imaginem
2812 5078 3021 5129 rerum,
3039 5077 3140 5132 per
3164 5061 3416 5131 singulos
3437 5075 3613 5116 annos

2022 5155 2231 5212 eisdem
2277 5155 2415 5225 ipsis
2464 5154 2700 5220 hostiis,
2743 5167 2885 5217 quas
2927 5150 3173 5207 oﬂ‘erunt
3215 5149 3611 5212 indesinenter,

2021 5263 2304 5318 nunquam
2354 5253 2594 5316 possunt
2646 5243 2979 5300 accedentes
3033 5242 3317 5312 perfectos
3375 5240 3610 5296 facere:

2024 5335 2220 5408 [Vens
2253 5335 2376 5406 2-7]
2430 5334 2675 5406 alioquin
2711 5342 3023 5389 cessassent
3067 5331 3275 5397 offerri,
3319 5331 3443 5385 ideo
3466 5330 3610 5400 quod

2026 5427 2236 5484 nullam
2298 5426 2567 5481 baberent
2626 5423 3029 5479 conscientiam
3099 5420 3312 5493 peccati
3364 5420 3613 5473 cultores

2023 5519 2194 5576 semel
2230 5516 2477 5572 mundati
2502 5535 2518 5583 ;
2546 5515 2642 5572 sed
2672 5516 2724 5570 in
2767 5515 2904 5586 ipsis
2934 5511 3391 5569 commemoratio
3418 5523 3613 5580 pecca-

2023 5620 2205 5669 torum
2235 5625 2334 5683 per
2371 5610 2620 5682 singulos
2651 5623 2827 5666 annos
2854 5608 2934 5665 ﬁt:
2973 5605 3328 5678 impossibile
3352 5612 3437 5660 est
3465 5600 3610 5657 enim
