4048 6380
541 332 670 399 "975

562 442 833 516 sanguine
861 449 1152 498 taurorum
1191 450 1249 500 et
1298 442 1581 499 hircorum
1633 443 1840 501 auferri
1899 455 2142 516 peccata.

2259 442 2400 518 αἷμα
2447 448 2668 521 ταύρων
2715 449 2811 502 καὶ
2843 449 3066 521 τράγων
3110 451 3372 522 ἀφαιρεῖν
3403 454 3686 529 ἁμαρτίας·
3733 469 3797 522 διδ

561 533 690 590 Ideo
713 532 1034 604 ingrediens
1073 532 1345 588 mundum
1401 533 1540 589 dicit
1571 552 1586 590 :
1629 533 1884 591 Hostiam
1915 543 1972 590 et
2004 535 2142 590 obla-

2259 541 2648 612 εἰσερχόμενος
2675 543 2759 604 είς
2783 541 2876 596 τὸν
2902 541 3109 612 κόσμον
3132 543 3305 612 λέγει·
3341 544 3536 602 Θυσίαν
3561 554 3647 607 καὶ
3661 575 3799 628 προσ.

561 627 765 682 tionem
795 625 1068 692 noluisti;
1109 639 1310 696 corpus
1355 637 1542 682 autem
1583 629 1788 699 aptasti
1823 629 1958 684 mihi
2003 648 2016 684 :
2054 629 2142 685 ho-

2260 631 2434 702 φορὰν
2464 632 2567 686 οὐκ
2591 631 2888 704 ἠθέλησας,
2919 632 3082 703 σῶμα
3106 632 3164 686 δέ
3190 637 3503 706 κατηρτίσω
3539 659 3644 712 μοι..
3683 625 3799 706 Ὅλο-

561 721 932 776 Iocautomata
958 727 1015 775 et
1049 734 1151 790 pro
1181 729 1413 792 peccato
1459 735 1570 777 non
1621 721 1724 777 tibi
1781 722 2142 793 placuerunt;

2259 720 2600 794 καυτώματα
2637 723 2730 776 καὶ
2763 724 2893 795 περὶ
2926 724 3208 794 ἁμαρτίας
3241 725 3344 779 οὐκ
3371 728 3674 802 εὐδόκησας.
3699 741 3798 798 τότε

485 796 488 798 ⁷
560 821 690 867 tunc
721 809 835 866 dixi
872 827 886 866 :
930 809 1074 866 Ecce
1128 813 1312 867 venio.
1353 811 1411 867 ln
1463 813 1650 884 capite
1692 813 1828 869 libri
1879 814 2142 884 scriptum

2257 809 2434 882 εἶπον,
2480 815 2613 869 Ἰδοὺ
2665 814 2798 884 ἐγώ.
2864 817 2954 870 Ἐν
2999 816 3251 886 κεφαλίδι
3297 817 3498 888 βιϐλίου
3530 796 3800 898 γέγραπται

555 913 641 961 εει
667 903 736 959 de
760 919 866 970 me,
901 912 960 959 ut
988 903 1212 972 faciam,
1241 906 1406 972 Deus,
1443 908 1786 963 voluntatem
1821 915 1996 964 tuam.
2031 927 2049 961 ι

2256 907 2388 979 περὶ
2421 907 2580 978 ἐμοῦ,
2610 908 2707 962 τοῦ
2744 909 2972 981 ποιῆσαι
3003 911 3032 962 ὁ
3059 909 3194 974 Θεὸς
3223 908 3286 963 τὸ
3313 910 3522 985 θέλημά
3553 934 3657 974 σου.
3691 938 3710 974 ι

622 996 682 1052 Id
711 1005 818 1062 est,
853 1011 963 1052 non
995 996 1172 1068 ipsam
1202 999 1514 1054 veritatem.

2326 999 2622 1054 Τουτέστιν
2647 1002 2750 1054 οὐκ
2777 1001 2954 1072 αὐτὴν
2990 1001 3091 1074 τὴν
3122 1001 3409 1074 ἀλήθειαν.

628 1087 707 1144 De
763 1088 1008 1146 victimis
1051 1090 1342 1162 loquitur,
1408 1106 1530 1162 qum
1581 1107 1683 1163 pro
1739 1095 2142 1151 condonationc

2326 1091 2492 1160 Λέγει
2524 1091 2582 1146 δὲ
2613 1093 2716 1157 τὰς
2739 1093 2936 1158 θυσίας
2962 1094 3063 1166 τῆς
3086 1095 3358 1164 ἀφέσεως.

554 1177 950 1237 oﬂerebantur.

625 1270 795 1329 Vens.
825 1274 879 1340 8,
906 1273 961 1330 9.
1007 1293 1027 1328 ι
1065 1273 1338 1346 Superius
1385 1276 1597 1343 dicens,
1645 1278 1776 1349 quia
1827 1277 2061 1346 hostias,
2094 1289 2142 1335 et

2329 1292 2348 1325 ι
2403 1271 2703 1344 Ἀνώτερον
2737 1271 2934 1342 λέγων,
2963 1273 3047 1326 ὅτι
3078 1271 3304 1340 Θυσίαν,
3350 1271 3443 1326 καὶ
3482 1279 3798 1350 προσφορὰν,

531 1365 915 1432 oblationem,
953 1375 1009 1424 et
1049 1366 1529 1436 holocautomata,
1560 1379 1616 1425 et
1652 1384 1758 1439 pro
1793 1379 2020 1441 peccato
2043 1385 2142 1426 no-

2255 1365 2352 1418 καὶ
2399 1363 2836 1436 ὁλοκαυτώματα
2861 1403 2876 1429 ,
2919 1363 3017 1419 καὶ
3057 1363 3189 1434 περὶ
3218 1365 3492 1437 ἁμαρτίας
3519 1367 3616 1422 οὐκ
3637 1369 3804 1444 ἠθέλη.

552 1457 726 1523 luisti,
758 1472 868 1514 nec
892 1459 1097 1529 placita
1143 1467 1277 1515 sunt
1309 1459 1429 1524 tibi,
1472 1475 1598 1532 quae
1637 1463 1941 1520 secundum
1970 1462 2142 1537 legem

2252 1473 2372 1525 σας,
2406 1457 2527 1510 οὐδὲ
2557 1455 2892 1528 εὐδόκησας⁶
2941 1457 3147 1521 αἵτινες
3185 1457 3327 1511 κατὰ
3353 1457 3446 1513 τὸν
3487 1458 3644 1531 νόμον
3666 1477 3802 1534 προσ-

531 1548 880 1616 -oileruutur,
923 1556 1056 1604 tunc
1086 1549 1271 1604 dixit:
1313 1549 1456 1606 Ecce
1485 1551 1670 1607 venio.
1709 1570 1730 1606 ι

2251 1547 2510 1620 φέρονται
2530 1564 2546 1580 ο
2569 1548 2693 1602 τότε
2719 1548 2963 1620 εἴρηκεν·
3003 1547 3132 1603 Ἰδοὺ
3165 1549 3308 1619 ἥκω.
3355 1565 3376 1601 ›

621 1643 807 1699 Veteri
847 1641 1194 1698 Testimonio
1241 1642 1484 1713 prohat“
1511 1643 1867 1700 victimarum
1911 1645 2142 1703 oblatio-

2336 1641 2623 1696 Δείκνυσιν
2671 1642 2736 1694 ἐκ
2784 1640 3109 1712 Μαρτυρίας
3152 1640 3420 1706 Παλαιᾶς,
3468 1641 3552 1696 ὅτι
3597 1639 3801 1719 άφόὖίι

535 1748 676 1791 nem
714 1731 951 1788 desiisse
983 1746 1050 1786 ex
1086 1746 1199 1802 quo
1233 1731 1497 1788 Christus
1535 1734 1708 1798 venit,
1741 1736 1958 1792 tametsi
1991 1736 2142 1794 vide-

2248 1731 2519 1804 ἐπιδημία
2552 1732 2816 1804 Χριστοῦ,
2852 1732 3129 1786 πέπαυται
3162 1731 3234 1786 τὰ
3260 1731 3373 1786 τῶν
3405 1731 3626 1798 θυσιῶν,
3656 1736 3699 1788 εί
3730 1738 3803 1790 καὶ

551 1830 752 1883 bantur
784 1824 964 1880 adhuc
989 1823 1219 1881 .ell‘erri.
1258 1823 1562 1898 Tantisper
1611 1827 1761 1884 enim
1817 1826 2142 1901 differebat;

2249 1825 2500 1881 δοκοῦσιν
2545 1825 2625 1880 ἐτι
2674 1825 3104 1898 προσφέρεσθαι.
3162 1825 3518 1882 Ἀνεϐάλλετο
3557 1827 3662 1900 γὰρ
3695 1829 3802 1902 πρὸς

548 1936 614 1976 ac
635 1913 853 1975 demum
891 1920 1054 1974 linem
1097 1919 1208 1976 illis
1244 1919 1533 1990 imposuit.

2248 1916 2456 1985 ὀλίγον,
2481 1911 2604 1970 εἷτα
2633 1916 2917 1987 ἐπήγαγεν
2938 1917 3120 1970 αὐτῶν
3145 1915 3206 1970 τὺ
3229 1915 3407 1980 τέλος.

619 2011 786 2084 248
819 2030 838 2064 ι
885 2011 956 2067 Ut
985 2009 1187 2067 faciam
1217 2013 1561 2070 voluntatem
1601 2021 1778 2082 tuam,
1825 2014 1990 2072 Deus.
2027 2017 2142 2072 Au-

2325 2029 2346 2062 ι
2384 2008 2494 2064 Τοῦ
2525 2009 2748 2082 ποιῆσαι
2776 2009 2838 2063 τὸ
2865 2008 3082 2081 θέλημά
3123 2011 3279 2076 σου,ὁ
3311 2007 3467 2072 Θεὸς.
3511 2009 3734 2080 ’Δναιρεῖ
3758 2011 3804 2064 τὸ

2249 2101 2490 2174 πρῶτον,
2545 2101 2633 2156 ἵνα
2682 2101 2746 2156 τὸ
2797 2101 3052 2174 δεύτερον
3104 2102 3302 2174 στήσῃ.
3361 2103 3452 2156 Ἐν
3492 2095 3537 2171 ᾧ
3570 2103 3804 2175 θελήματι

2248 2195 2574 2266 ἡγιασμένοι
2605 2194 2797 2266 ἐσμὲν,
2823 2197 2872 2249 oi
2892 2194 2983 2250 διὰ
3000 2195 3101 2266 τῆς
3124 2196 3450 2267 προσφορᾶς
3470 2193 3563 2250 τοῦ
3587 2194 3804 2266 σώματος

2259 2286 2435 2359 Ἰησοῦ
2474 2286 2716 2360 Χριστοῦ
2745 2287 2989 2358 ἐφάπαξ.
3036 2287 3148 2342 Καὶ
3182 2289 3294 2350 πᾶς
3331 2287 3434 2358 μὲν
3468 2287 3642 2358 ἱερεὺς
3666 2288 3801 2357 έστη-

2247 2397 2344 2434 κεν
2380 2380 2505 2436 καθ’
2542 2380 2763 2452 ἡμέραν
2805 2379 3163 2451 λειτουργῶν,
3215 2380 3315 2434 καὶ
3342 2377 3444 2443 τὰς
3491 2379 3658 2444 αὐτὰς
3699 2379 3804 2434 πολ-

2247 2473 2407 2538 λάκις
2439 2473 2773 2545 προσφέρων
2804 2472 3020 2537 θυσίας,
3066 2472 3277 2537 αἵτινες
3307 2471 3565 2526 οὐδέποτε
3591 2471 3804 2528 δύνανται

2249 2566 2521 2640 περιελεῖν
2547 2565 2825 2638 ἁμαρτίας
2865 2579 2880 2595 ⁸
2910 2565 3076 2626 αὐτὸς
3107 2565 3167 2619 δέ
3209 2565 3345 2637 μίαν
3380 2565 3522 2638 ὑπὲρ
3563 2565 3804 2637 ἁμαρτιῶν

2249 2657 2626 2730 προσενέγκας
2674 2655 2892 2723 Θυσίαν,
2941 2659 3024 2721 είς
3075 2657 3137 2712 τὸ
3186 2658 3444 2729 διηνεκὲς
3498 2659 3735 2714 ἐκάθισεν
3761 2659 3804 2711 ἐν

2246 2752 2399 2823 δεξιᾷ
2430 2749 2525 2805 τοῦ
2557 2749 2714 2816 Θεοῦ,
2757 2751 2820 2805 τὸ
2849 2751 3038 2806 λοιπὸν
3064 2751 3453 2824 ἐκδεχόμενος,
3483 2753 3589 2818 ἕως
3613 2751 3806 2808 τεθῶσιν

2251 2844 2301 2895 oi
2335 2842 2523 2914 ἐχθροὶ
2560 2840 2729 2895 αὐτοῦ
2771 2860 2790 2894 ι

2321 2933 2430 2987 Τοῦ
2464 2933 2726 3005 ἐμαυτὸν,
2757 2934 2946 3004 φησὶν,
2977 2935 3232 2990 ἐκδοῦναι
3259 2973 3273 2988 .

2325 3045 2344 3076 ‹
2376 3025 2698 3080 Ὑποπόδιον
2723 3025 2836 3079 τῶν
2856 3025 3034 3081 ποδῶν
3067 3026 3256 3080 αὐτοῦ’
3291 3027 3397 3099 μιᾷ
3417 3027 3529 3100 γὰρ
3561 3025 3806 3098 προσφορᾷ

1758 335 1819 394 S.
1856 335 2180 396 JOANNIS
2213 335 2647 402 DAMASCENI
3709 362 3796 432 976

547 2103 658 2159 fert
690 2105 951 2174 primum,
989 2111 1049 2158 ut
1082 2117 1323 2175 sequens
1351 2113 1584 2162 statuat.
1613 2105 1809 2179 [Vsus
1841 2107 2054 2182 i0-l8.]
2087 2109 2150 2165 in

545 2209 659 2268 qua
691 2194 977 2251 voluntate
1026 2196 1358 2252 sanctiﬁcati
1397 2213 1615 2262 sumus,
1646 2200 1739 2270 qui
1773 2215 1873 2270 per
1914 2201 2150 2257 oblatio-

549 2303 677 2343 nem
711 2289 962 2358 corporis
991 2285 1125 2344 Jesu
1153 2286 1367 2345 Christi
1399 2291 1589 2346 semel.
1616 2289 1684 2346 Et
1707 2292 1887 2349 omnis
1921 2293 2145 2365 quidem

534 2381 812 2436 sacerdos
837 2387 1043 2450 praesto
1075 2392 1161 2436 est
1185 2381 1434 2452 quotidie
1461 2383 1811 2454 ministrans,
1845 2393 1900 2441 et
1923 2385 2143 2442 easdem

555 2489 705 2544 saepe
734 2471 975 2529 ollerens
1007 2473 1240 2541 hostias,
1281 2490 1405 2546 quae
1450 2491 1734 2547 nunquam
1767 2484 2008 2548 possunt
2047 2491 2145 2532 au-

535 2565 696 2622 ferre
726 2575 972 2636 peccata.
1008 2565 1114 2621 llic
1151 2575 1333 2621 autem
1377 2582 1542 2621 unam
1576 2583 1678 2638 pro
1722 2569 1966 2639 peccatis
2013 2567 2147 2625 οπε-

532 2674 680 2714 rens
713 2659 972 2723 hostiam,
1027 2659 1082 2714 in
1147 2661 1547 2731 sempiternum
1600 2661 1756 2718 sedet
1813 2662 1870 2717 in
1915 2662 2146 2719 dextera

548 2749 671 2816 Dci,
705 2750 774 2806 de
797 2759 1000 2808 caatero
1021 2765 1374 2824 exspectans,
1410 2755 1587 2810 donec
1619 2769 1901 2826 ponantur
1935 2757 2144 2812 inimici

546 2842 672 2912 ejus
704 2860 723 2894 ι
2098 2841 2116 2848 “

621 2934 893 3004 Meipsum
925 2935 1215 3003 tradendo,
1249 2935 1454 3007 inquit.

628 3043 648 3076 ι
685 3025 994 3080 Scabellum
1044 3027 1246 3096 pedum
1292 3029 1435 3097 ejus.
1494 3028 1617 3085 Una
1668 3030 1814 3086 enim
1868 3032 2149 3090 oblatione

547 3119 959 3174 consummavit
989 3121 1045 3174 in
1087 3128 1359 3176 aeternum
1398 3121 1798 3182 sanctificatos.
1852 3125 2144 3182 Contcsta-

553 3219 648 3265 tur
681 3217 864 3264 autem
895 3226 996 3267 nos
1028 3218 1084 3267 et
1109 3211 1351 3282 Spiritus
1385 3222 1633 3271 sanctus.
1669 3217 1969 3288 Postquam
1995 3219 2140 3274 enim

553 3303 736 3359 dixit:
768 3302 883 3358 Hoc
926 3314 1112 3359 autem
1156 3311 1576 3370 testamentum,
1607 3308 1758 3379 quod
1783 3311 2035 3367 testabor
2074 3312 2142 3367 ad

553 3396 680 3456 illos
704 3405 828 3464 post
855 3395 977 3450 dies
1021 3395 1166 3461 illos,
1209 3397 1345 3452 dicit
1376 3397 1644 3456 Dominus
1691 3418 1708 3456 :
1753 3401 1936 3459 dando
1994 3403 2144 3475 leges

547 3500 707 3544 ineas
740 3484 794 3539 in
840 3487 1104 3543 cordibus
1145 3502 1360 3555 eorum,
1407 3500 1462 3546 et
1518 3491 1573 3546 in
1628 3494 1907 3550 mentibus
1951 3510 2142 3551 eorum

539 3579 965 3649 superscribam
1013 3594 1130 3647 cas,
1185 3590 1241 3637 et
1272 3593 1625 3652 peccatorum
1676 3593 1732 3642 et
1789 3586 2142 3659 iniquitatum

539 3669 659 3738 jam
702 3683 813 3722 non
847 3669 1183 3728 recordahor
1232 3672 1492 3742 amplius.
1543 3675 1647 3730 Ubi
1702 3685 1887 3734 autem
1948 3679 2144 3735 horum

549 3758 831 3824 remissio,
864 3758 978 3829 jam
1008 3774 1120 3820 non
1152 3769 1240 3816 est
1267 3762 1475 3820 oblatio
1514 3780 1614 3835 pro
1643 3777 1890 3837 peccato.
1926 3789 1946 3823 ι

627 3935 885 3993 Inimicos
916 3939 1186 4006 nominat,
1222 3939 1465 4012 Iudaeos,
1494 3955 1549 4000 et
1577 3945 1878 4018 daemones,
1904 3959 1956 4006 et
1987 3961 2147 4022 quot-

551 4033 690 4096 quot
717 4025 1102 4096 praedicationi
1139 4029 1426 4102 Evangelii
1467 4034 1768 4091 obsistunt.

622 4115 790 4175 Vsus.
849 4119 936 4175 i9.
1008 4138 1028 4173 ι
1080 4120 1360 4181 Habentes
1417 4125 1647 4196 itaque,
1707 4126 1950 4197 fratres,
2005 4131 2142 4190 fidu-

549 4225 713 4276 cnam,
747 4230 767 4263 ι

619 4303 1093 4370 Quemadmodum
1120 4317 1371 4376 peccata,
1402 4311 1606 4381 inquit,
1634 4315 1897 4383 pudorem
1928 4329 2144 4389 creant,

550 4395 635 4449 sic
665 4409 888 4465 quoque
922 4394 1184 4452 ﬁduciam
1226 4408 1283 4455 et
1333 4400 1646 4458 libertatem
1682 4407 1972 4474 habemus,
2014 4411 2142 4468 dum

2249 3117 2601 3173 τετελείωκεν
2658 3120 2738 3184 είς
2806 3119 2869 3173 τὸ
2923 3119 3173 3191 διηνεκὲς
3230 3121 3364 3184 τοὺς
3429 3119 3804 3192 ἁγιαζομένους.

2248 3212 2540 3282 Μαρτυρεῖ
2566 3211 2623 3265 δὲ
2650 3213 2784 3283 ἡμῖν
2811 3213 2905 3266 καὶ
2930 3214 2990 3266 τὸ
3016 3212 3245 3284 Πνεῦμα
3265 3213 3330 3267 τὸ
3353 3212 3510 3283 ἅγιον
3527 3230 3542 3246 ⁸
3575 3211 3702 3284 μετὰ
3721 3211 3806 3283 γὰρ

2245 3305 2308 3358 τὸ
2340 3305 2435 3360 καὶ
2471 3304 2866 3377 προειρηκέναι
2886 3349 2900 3372 ,
2946 3305 3094 3377 Αὕτη
3125 3307 3158 3378 ἡ
3187 3305 3455 3379 διαθήκη,
3491 3308 3556 3379 ἢν
3589 3304 3807 3376 διαθήσο-

2254 3414 2353 3469 μαι
2383 3397 2521 3470 πρὸς
2566 3397 2764 3461 αὐτοὺς
2817 3397 2958 3468 μετὰ
3009 3395 3110 3460 τὰς
3143 3397 3366 3470 ἠμέρας
3414 3396 3657 3461 ἐκείνας,
3685 3395 3806 3462 λέγει

2248 3489 2455 3560 Κύριος
2477 3532 2491 3556 ,
2521 3487 2708 3552 Διδοῦς
2738 3487 2940 3560 νόμους
2974 3505 3076 3560 μου
3113 3489 3206 3543 ἐπὶ
3255 3488 3494 3560 καρδίας
3522 3488 3710 3550 αὐτῶν,
3734 3484 3808 3540 καὶ

2255 3582 2350 3635 ἐπὶ
2396 3583 2504 3636 τῶν
2530 3581 2780 3637 διανοιῶν
2807 3581 2990 3637 αὐτῶν
3033 3582 3328 3654 ἐπιγράψω
3361 3583 3578 3647 αὐτοὺς,
3610 3577 3806 3635 καὶτῶν

2248 3671 2538 3741 ἁμαρτιῶν
2590 3671 2791 3738 αὐτῶν,
2845 3673 2941 3724 καὶ
2996 3673 3108 3725 τῶν
3159 3673 3410 3743 ἀνομιῶν
3441 3673 3622 3730 αὐτῶν
3667 3671 3721 3725 ού
3749 3667 3807 3740 μὴ

2252 3762 2477 3833 μνησθῶ
2518 3761 2620 3818 su.
2656 3763 2833 3818 Ὅπου
2865 3763 2924 3818 δὲ
2954 3747 3152 3835 ἄφεσις
3183 3765 3423 3833 τούτων,
3456 3766 3639 3821 οὐκέτι
3671 3779 3806 3837 προσ-

2249 3853 2394 3925 φορὰ
2427 3855 2556 3927 περὶ
2585 3856 2883 3929 ἁμαρτίας.
2933 3874 2952 3908 ›

2331 3947 2612 4018 Ἐχθροὺς
2657 3948 2824 4003 αὐτοῦ
2876 3947 3165 4014 Ἰουδαίους
3198 3947 3374 4019 λέγει,
3429 3950 3526 4004 καὶ
3557 3949 3804 4019 δαίμονας,

2249 4043 2347 4096 καὶ
2377 4041 2590 4107 πάντας
2618 4041 2746 4106 τοὺς
2777 4041 3200 4108 ἀντιπίπτοντας
3230 4042 3310 4114 τῷ
3332 4043 3676 4116 κηρύγματι.

2322 4154 2341 4188 ι
2383 4136 2642 4207 Ἔχοντες
2673 4131 2787 4203 οὖν,
2819 4135 3067 4205 ἀδελφοὶ,
3097 4136 3444 4208 παρρησίαν,
3485 4156 3504 4190 ι

2320 4230 2537 4302 Ὥσπερ
2580 4230 2691 4302 γὰρ
2742 4229 3031 4303 αἰσχύνην,
3081 4230 3238 4301 φησὶ,
3293 4233 3446 4284 ποιεί
3478 4229 3549 4285 τὰ
3587 4229 3807 4302 ἁμαρτῆ·

2249 4338 2418 4392 ματα,
2442 4319 2587 4375 οὕτω
2615 4322 2958 4394 παρρησίαν,
2986 4321 3047 4374 τὸ
3067 4321 3247 4376 πάντα
3271 4321 3551 4393 ἀφεθῆναι
3575 4322 3717 4391 ἡμῖν,
3737 4318 3832 4391 καὶ,

2249 4413 2732 4487 συγκληρονόμους
2765 4413 3046 4485 γενέσθαι,
3090 4414 3184 4470 καὶ
3229 4414 3512 4486 τοσαύτης
3536 4413 3808 4470 ἀπολαῦσαι

547 4495 753 4542 cuncta
783 4488 945 4544 nobis
966 4491 1396 4561 condonantur;
1429 4493 1504 4549 ita
1527 4504 1585 4550 ut
1609 4498 1927 4557 coheredes
1952 4502 2145 4562 el'ﬁcia-
2171 4521 2222 4585 υ
2248 4503 2495 4574 ἀγάπης.

548 4594 696 4644 mur,
729 4593 796 4636 ac
820 4587 988 4637 tanta:
1017 4581 1341 4642 dilectionis
1370 4588 1690 4659 participes.

625 4690 646 4725 ι
689 4673 748 4728 In
805 4673 1038 4730 introitu
1103 4687 1422 4735 sanctorum
1477 4683 1531 4736 in
1593 4684 1866 4756 sanguine
1912 4687 2144 4757 Christi,

549 4765 746 4838 [Vnam
787 4768 880 4833 20,
907 4768 1002 4842 2i]
1049 4785 1215 4842 quem
1275 4771 1517 4829 initiavit
1557 4775 1719 4832 nobis
1764 4777 1911 4834 viam
1943 4795 2144 4839 novam

547 4866 603 4913 et
630 4858 929 4926 viventem,
953 4875 1052 4931 per
1077 4862 1352 4929 velamen,
1382 4862 1438 4920 id
1483 4873 1571 4921 est
1601 4881 1827 4924 carnem
1860 4885 2048 4940 suam;
2088 4880 2144 4929 et

550 4948 890 5006 sacerdotem
917 4965 1180 5022 magnum
1209 4968 1380 5026 super
1409 4953 1636 5012 domum
1669 4959 1786 5016 Dei.
1830 4981 1850 5014 ι

620 5041 836 5097 Caelum
868 5044 1084 5101 scilicet
1112 5047 1315 5101 innuit.

620 5131 788 5190 Vsus.
818 5135 1011 5191 22-24.
1052 5154 1071 5188 ι
1116 5137 1468 5198 Accedamus
1518 5157 1645 5199 cum
1695 5162 1828 5203 vero
1870 5150 2039 5206 corde
2087 5151 2142 5206 in

548 5225 899 5296 plenitudine
921 5227 1070 5296 ﬁdei,
1102 5233 1317 5301 aspersi
1352 5236 1520 5291 corda
1553 5251 1584 5292 a
1602 5240 1949 5298 conscientia
1975 5244 2140 5312 mala,

549 5325 602 5372 et
647 5318 820 5374 abluti
880 5333 1082 5391 corpus
1140 5338 1280 5397 aqua
1345 5326 1552 5383 munda
1604 5348 1618 5386 :
1676 5339 1966 5391 teneamus
2015 5335 2141 5394 fidei

548 5420 752 5466 nostrae
787 5409 1196 5471 confessionem
1245 5416 1702 5478 indeclinabilem
1740 5423 1947 5496 (ﬁdelis
1991 5427 2139 5485 enim

547 5509 654 5566 est,
679 5503 770 5573 qui
800 5505 1157 5580 repromisit),
1185 5516 1240 5567 et
1277 5512 1690 5575 consideremus
1731 5517 1966 5578 invicem
2002 5540 2022 5575 ι

613 5766 640 5802 ⁸
659 5765 808 5825 Psal.
881 5785 1078 5839 χχιιι,
1119 5771 1175 5827 7.

2326 4614 2345 4648 ι
2379 4597 2473 4659 Εἰς
2498 4595 2600 4666 τὴν
2628 4593 2835 4650 εἴσοδον
2863 4593 2972 4650 τῶν
2999 4595 3171 4666 ἁγίων
3197 4597 3256 4652 ἐν
3281 4594 3367 4669 τῷ
3397 4597 3597 4669 αἵματι
3636 4590 3804 4668 Ἰησοῦν

2242 4687 2311 4758 ἢν
2345 4686 2647 4741 ἐνεκαίνισε
2683 4687 2818 4757 ἡμῖν
2861 4685 2981 4741 ὁδὸν
3021 4686 3345 4759 πρόσφατον
3381 4689 3485 4745 καὶ
3513 4689 3706 4755 ζῶσαν,
3739 4683 3807 4737 διὰ

2242 4778 2339 4832 τοῦ
2368 4777 2890 4850 καταπετάσματος,
2921 4777 3173 4833 τουτέστι
3214 4778 3319 4848 τῆς
3377 4781 3588 4854 σαρκὸς
3633 4773 3805 4834 αὐτοῦ’

2242 4871 2338 4926 καὶ
2371 4869 2524 4942 ἱερέα
2550 4869 2725 4942 μέγαν
2747 4870 2847 4924 ἐπὶ
2867 4869 2961 4925 τὸν
2985 4865 3137 4926 οἶκον
3164 4869 3262 4926 τοῦ
3292 4870 3460 4930 Θεοῦ.
3501 4889 3524 4928 ι

2314 5055 2422 5109 Τὸν
2456 5057 2688 5129 οὐρανόν
2712 5075 2871 5130 φησι.

2317 5168 2336 5200 ι
2379 5149 2825 5223 Προσερχώμεθα
2861 5151 2982 5222 μετ’
3014 5151 3278 5223 ἀληθινῆς
3321 5152 3563 5226 καρδίας
3601 5153 3658 5207 ἐν
3691 5149 3809 5219 πλησ

2246 5243 2478 5316 ροφορίᾳ
2520 5243 2781 5310 πίστεως,
2821 5246 3240 5319 ἐρραντισμένοι
3283 5246 3390 5312 τὰς
3439 5247 3670 5322 καρδίας
3719 5242 3808 5298 ἀπὸ

2248 5333 2612 5406 συνειδήσεως
2669 5337 2948 5408 πονηρᾶς,
2998 5336 3095 5391 καὶ
3151 5335 3480 5406 λελουμένοι
3545 5335 3608 5390 τὸ
3674 5333 3807 5402 σῶμα

2249 5426 2402 5481 ὕδατι
2430 5425 2679 5498 καθαρῷ,
2709 5427 3033 5499 κατέχωμεν
3056 5427 3156 5498 τὴν
3181 5427 3484 5498 ὁμολογίαν
3505 5428 3606 5499 τῆς
3625 5423 3808 5483 ἐλπίδος

2245 5519 2472 5590 ἀκλινῆ·
2522 5520 2717 5584 πιστὸς
2760 5519 2872 5594 γὰρ
2904 5523 2933 5577 ὀ
2974 5518 3496 5592 ἐπαγγειλάμενος·
3547 5519 3640 5576 καὶ
3666 5529 3806 5573 κατα·

2245 5613 2457 5686 νοῶμεν
2480 5613 2743 5687 ἀλλήλους
2778 5634 2798 5671 ι
