4048 6378
283 354 395 422 97⁷1

1446 352 1530 414 IN
1571 351 1815 413 EPIST.
1843 351 1944 412 AD
1966 351 2360 416 ΗΕΒΙΗΕΟΞ.

3449 360 3558 423 978

351 459 678 527 Δείκνυσιν,
708 459 785 525 ὡς
826 440 923 514 καὶ
967 457 1151 513 πίστει
1204 456 1341 531 ὀρθῇ
1387 463 1674 530 προσεῖναι
1732 459 1817 513 δεῖ
1846 467 1868 496 τ

2041 458 2334 529 Signiﬁcat
2369 473 2555 530 operae
2593 460 2829 530 pretium
2858 475 2984 518 esse
3011 467 3072 516 ut
3109 473 3233 517 cum
3276 468 3423 518 recta
3456 463 3562 520 rule

277 551 379 610 καὶ
408 551 545 624 ἔργα
572 551 826 624 λαμπρά.
845 551 1108 605 Τουτέστι
1139 550 1246 622 γάρ
1276 550 1357 618 τὸ,
1387 551 1489 606 καὶ
1507 549 1868 621 λελουμένοι

275 645 347 701 τὸ
368 645 542 717 σῶμα
564 644 762 700 ὕδατι.

353 819 448 892 Τῷ
485 818 768 892 καθαροὺς
793 816 1062 886 ποιοῦντι,
1091 817 1127 888 ἢ
1159 817 1238 888 τῷ
1267 816 1342 890 μὴ
1367 816 1546 890 ἔχοντι
1577 813 1740 890 αἷμα.

355 1017 378 1056 ι
415 999 512 1066 Εἰς
543 998 895 1072 παροξυσμὸν
922 997 1146 1069 ἀγάπης
1177 998 1270 1053 καὶ
1299 997 1480 1054 καλῶν
1502 998 1704 1069 ἔργων.
1739 1016 1758 1051 ι

351 1184 450 1250 Εἰς
482 1183 545 1237 τὸ
577 1181 781 1255 μᾶλλον
809 1181 1056 1253 ἀγαπᾷν,
1083 1183 1179 1237 καὶ
1205 1183 1550 1252 ἀγαπᾶσθαι.

358 1293 377 1327 ι
414 1274 508 1346 Μὴ
537 1274 1032 1344 ἐγκαταλείποντες
1059 1274 1161 1346 τὴν
1189 1275 1614 1346 ἐπισυναγωγὴν
1634 1275 1868 1343 ἑαυτῶν,

277 1364 468 1428 καθὼς
495 1363 618 1429 ἔθος
641 1364 806 1430 τισὶν,
838 1363 976 1418 ἀλλά
1005 1363 1479 1436 παρακαλοῦντες,
1511 1366 1606 1419 καὶ
1632 1364 1872 1438 τοσούτῳ

283 1455 514 1528 μᾶλλον,
543 1455 655 1526 ὅσῳ
682 1452 912 1525 βλέπετε
935 1453 1264 1526 ἐγγίζουσαν
1293 1454 1391 1527 τὴν
1414 1454 1650 1526 ἡμέραν.
1687 1454 1874 1508 Ἑκου-

279 1545 418 1610 σίως
462 1544 572 1617 γάρ
603 1545 1030 1617 ἁμαρτανόντων
1054 1545 1212 1616 ἡμῶν
1258 1549 1397 1618 μετά
1432 1544 1496 1600 τὸ
1539 1546 1728 1599 λαϐεῖν
1773 1546 1871 1617 τὴν

280 1636 580 1706 ἐπίγνωσιν
613 1634 716 1705 τῆς
744 1635 1023 1707 ἀληθείας,
1052 1636 1239 1690 οὐκέτι
1265 1637 1398 1708 περὶ
1421 1635 1709 1708 ἁμαρτιῶν
1736 1636 1874 1689 ἀπο⁴

281 1727 538 1782 λείπεται
571 1726 756 1781 θυσία·
804 1727 1016 1800 φοϐερὰ
1063 1727 1120 1781 δέ
1148 1745 1234 1792 τις
1263 1728 1458 1800 ἐκδοχὴ
1488 1727 1749 1800 κρίσεως,
1776 1725 1874 1781 καὶ

1969 551 2322 618 accedamus,
2373 552 2851 624 exbibeamusque
2905 555 3125 626 egregia
3182 570 3374 626 opera.
3422 554 3556 611 Nam

1968 642 2062 698 hic
2110 652 2197 699 est
2257 643 2426 715 hujus
2480 642 2633 700 effati
2696 659 2937 712 sensus,
3002 654 3052 700 et
3123 647 3295 702 abluti
3367 663 3559 718 corpus

1969 751 2131 806 aqua.

2037 827 2212 899 Aqua,
2247 828 2496 900 inquam,
2531 843 2656 900 quae
2685 828 2922 885 mundos
2949 828 3103 900 facit,
3135 841 3227 888 aut
3270 831 3571 903 sanguinis.

1970 928 2056 974 est
2083 904 2304 990 expers.

2046 1027 2068 1062 ι
2101 1009 2159 1066 lu
2191 1012 2644 1082 provocationem
2675 1011 2968 1070 ebaritatis
3012 1020 3068 1069 et
3111 1013 3381 1071 bonorum
3431 1032 3563 1087 ope-

1973 1117 2118 1158 runL
2159 1121 2180 1158 ι

2042 1192 2166 1262 Quo
2193 1209 2443 1252 amemus
2472 1195 2733 1269 amplius,
2770 1204 2825 1252 et
2851 1197 3228 1254 redamemur.

2043 1285 2214 1343 Vens.
2269 1286 2460 1343 25-29.
2526 1305 2546 1339 ι
2599 1285 2720 1342 Non
2789 1287 3110 1344 deserentes
3182 1287 3564 1345 collectionem

1973 1387 2246 1448 nostram,
2288 1380 2430 1437 sicut
2457 1379 2886 1437 consuetudinis
2917 1390 3004 1436 est
3057 1381 3429 1451 quibusdam;
3467 1381 3566 1436 sed

1971 1471 2348 1539 consolantes,
2391 1481 2447 1528 ut
2492 1481 2648 1528 tanto
2693 1471 2891 1544 magis,
2927 1480 3136 1541 quanto
3185 1471 3436 1526 videritis
3465 1487 3566 1543 ap-

1971 1564 2439 1636 propinquantem
2464 1565 2634 1621 diem.
2665 1562 2993 1619 Voluntarie
3021 1563 3170 1618 enim
3202 1563 3567 1633 peccantibus

1972 1655 2137 1711 nobis
2176 1664 2303 1727 post
2359 1663 2649 1726 acceptam
2703 1654 2958 1709 nctitiam
2996 1653 3270 1720 veritatis,
3301 1653 3419 1721 jam
3451 1667 3565 1708 non

1974 1748 2314 1819 relinquitur
2335 1763 2439 1818 pro
2483 1747 2730 1820 peccatis
2785 1747 3009 1814 hostia;
3070 1746 3339 1802 terribilis
3381 1753 3567 1802 autem

282 1819 458 1891 πυρὸς
505 1818 686 1887 ζῆλος,
719 1817 922 1872 ἐσθίειν
968 1818 1259 1890 μέλλοντος
1302 1819 1430 1884 τοὺς
1482 1817 1860 1882 ὑπεναντίους.

1989 1814 2220 1909 [uaedam
2267 1814 2612 1911 exspectatio
2663 1838 2877 1911 iudicii,
2923 1846 2979 1894 et
3026 1838 3172 1910 ignis
3237 1837 3564 1912 aemulatio,

293 1909 590 1980 ’Δθετήσας
643 1928 727 1975 τις
753 1911 916 1982 νόμον
962 1912 1282 1978 Μωῦσέως,
1336 1911 1509 1983 χωρὶς
1564 1910 1869 1982 οἰκτιρμῶν

273 2002 375 2056 ἐπὶ
407 2001 619 2075 δυσὶ.νῆ
659 2004 812 2076 τρισὶ
847 2003 1117 2076 μάρτυσιν
1157 2002 1496 2075 ἀποθνήσκει
1521 2017 1536 2033 ⁸
1593 2001 1748 2074 πόσῳ
1786 2001 1870 2056 δο-

272 2096 432 2150 κεῖτε
457 2095 704 2170 χείρονος
727 2095 1099 2168 ἀξιωθήσεται
1121 2095 1418 2167 τιμωρίας,
1459 2113 1480 2148 ι

352 2293 478 2351 Οῐδε
513 2295 626 2367 γάρ
648 2296 757 2352 ἀπὺ
783 2297 886 2366 τῆς
916 2295 1234 2366 συνηθείας,
1262 2295 1357 2349 καὶ
1394 2297 1496 2364 τῆς
1526 2295 1872 2362 ἐπισυναγω-

275 2387 420 2459 γῆς,
475 2387 678 2457 πολλὴν
731 2383 899 2442 οὖσαν
935 2388 1037 2458 τὴν
1079 2386 1259 2458 ἰσχύν.
1308 2386 1504 2439 Ὅπου
1534 2383 1664 2456 γὰρ,
1713 2383 1868 2455 φησὶ,

276 2480 398 2537 δύο
433 2482 474 2551 ἢ
506 2480 667 2550 τρεῖς
703 2479 1071 2551 συνηγμένοι
1103 2481 1194 2545 είς
1225 2478 1293 2533 τὸ
1325 2477 1475 2549 ἐμὸν
1509 2476 1719 2546 ὄνομα,
1749 2476 1880 2530 ἐκεῖ

279 2574 406 2644 ειμι
430 2573 500 2628 ἐν
519 2573 692 2643 μέσῳ
718 2571 938 2627 αὐτῶν.

367 2683 388 2716 ι
429 2664 488 2718 Ὀ
505 2663 600 2718 τὸν
635 2662 765 2718 Υίὸν
793 2661 888 2716 τοῦ
921 2660 1058 2716 Θεοῦ
1082 2659 1492 2731 καταπατήσας,
1522 2658 1618 2713 καὶ⁹
1640 2658 1703 2712 τὺ
1732 2654 1875 2728 αἷμα

277 2756 387 2828 τῆς
416 2753 682 2828 διαθήκης
720 2755 903 2809 κοινὸν
941 2755 1326 2827 ἡγησάμενος,
1367 2753 1426 2806 ἐν
1455 2745 1499 2822 ᾧ
1547 2751 1871 2822 ἡγιάσθητε,

276 2845 382 2902 καὶ
408 2845 471 2899 τὸ
493 2845 717 2917 πνεῦμα
753 2845 853 2916 τῆς
883 2845 1109 2916 χάριτος
1143 2843 1468 2914 ἐνυϐρίσας,
1497 2842 1734 2913 Οἴδαμεν
1761 2840 1870 2912 γὰρ

277 2937 377 2994 τδν
399 2938 643 2993 εἰπόντα·
677 2939 834 3010 Ἐμοὶ
849 2937 1148 3009 ἐκδίκησις,
1173 2935 1285 3006 ἐγὼ
1310 2934 1698 2999 ἀνταποδώσω,
1723 2933 1874 3003 λέγει

277 3031 512 3102 Κύριος.
543 3032 656 3087 Kai.
688 3032 875 3097 πάλιν,
910 3031 1107 3101 Κρινεῖ
1132 3029 1229 3083 τὸν
1259 3028 1387 3082 λαὸν
1420 3024 1611 3082 αὐτοῦ.
1641 3025 1876 3099 Φοϐερὺν

279 3125 349 3180 τὸ
379 3125 641 3196 ἐμπεσεῖν
660 3124 740 3188 είς
763 3125 952 3196 χεῖρας
980 3119 1118 3177 Θεοῦ
1145 3121 1372 3188 ζῶντος.
1419 3137 1438 3172 ι

361 3294 532 3349 Ὅταν
569 3295 678 3368 γὰρ
713 3296 880 3350 αὐτοῦ
921 3293 1208 3367 μετασχὼν
1258 3296 1318 3350 ὲν
1361 3298 1478 3360 τοῖς
1528 3294 1874 3367 μυστηρίοις,

279 3385 568 3457 ἁμαρτίαν
605 3387 946 3459 ἐργάζηται,
988 3386 1107 3451 πῶς
1147 3387 1208 3441 οὐ
1260 3389 1643 3458 κατεπάτησεν
1690 3389 1876 3460 αὐτὸν,

279 3480 714 3551 καταφρονήσας
744 3480 910 3534 αὐτοῦ
936 3499 951 3546 ;

360 3588 382 3623 ι
434 3570 948 3641 Ἀναμιμνήσκεσθε
979 3569 1038 3624 δὲ
1077 3570 1180 3635 τάς
1224 3571 1492 3642 πρότερον
1541 3572 1777 3646 ἡμέρας,
1821 3575 1880 3629 ἐν

278 3656 379 3727 αἷς
424 3662 791 3734 φωτισθέντες
835 3662 1038 3734 πολλὴν
1073 3663 1302 3734 ἄθλησιν
1342 3664 1674 3734 ὑπεμείνατε
1705 3665 1882 3738 παθη-

283 3755 504 3826 μάτωνο
522 3752 685 3807 τοῦτο
711 3753 812 3825 μὲν
839 3753 1171 3826 ὀνειδισμοῖς
1196 3772 1258 3808 τε
1288 3755 1386 3809 καὶ
1416 3756 1630 3828 θλίψεσι
1664 3758 1884 3830 θεατρι-

279 3846 544 3917 ζόμενοιο
579 3845 738 3900 τοῦτο
772 3846 830 3901 δὲ
872 3847 1122 3902 κοινωνοὶ
1161 3847 1270 3901 τῶν
1314 3847 1490 3910 οὕτως
1539 3852 1880 3923 ἀναστρεφο-

284 3938 475 4011 μένων
507 3937 850 4009 γενηθέντες.
893 3938 1008 3993 Kal
1047 3940 1157 4012 γάρ
1191 3943 1308 4006 τοῖς
1351 3941 1576 4013 δεσμοῖς
1619 3960 1721 4013 μου
1757 3961 1884 3998 συν-

284 4029 642 4101 επαθήσατε,
702 4031 800 4085 καὶ¹
853 4031 955 4103 τὴν
1010 4031 1271 4103 ἁρπαγὴν
1338 4032 1450 4087 τῶν
1526 4034 1883 4107 ὑπαρχόντων

285 4122 452 4182 ὑμῶν
487 4142 506 4175 ι

377 4213 598 4286 Ἐπειδὴ
639 4212 990 4280 διαλυθέντες
1015 4209 1160 4287 ἦσαν
1190 4214 1299 4270 ἀπὸ
1346 4215 1455 4270 τῶν
1483 4215 1743 4288 Θλίψεων,
1781 4220 1884 4292 ὅρα

292 4304 422 4366 πῶς
468 4305 668 4369 αὐτοὺς
709 4305 1149 4379 παραμυθεῖται.
1189 4306 1418 4380 Πρῶτον
1473 4309 1574 4379 μὲν
1621 4310 1731 4365 ἀπὸ
1773 4312 1886 4365 τῶν

287 4394 503 4450 αὐτῶνθ
533 4397 1092 4469 Ἀναμιμνήσκεσθε
1120 4398 1250 4471 γὰρ,
1283 4399 1437 4469 φησὶ,
1465 4399 1568 4468 τὰς
1597 4403 1888 4474 πρότερον

1971 1945 2093 2001 quae
2147 1939 2541 2002 consumptum
2591 1936 2679 1987 est
2729 1929 3102 1986 adversarios.
3163 1929 3380 1984 Irritam
3439 1930 3569 2001 quis

1970 2021 2182 2077 faciens
2208 2021 2384 2094 legem
2417 2020 2616 2093 Moysi,
2653 2021 2773 2078 sine
2808 2021 2919 2077 ulla
2956 2022 3315 2078 miseratione
3348 2022 3569 2078 duobus

1971 2111 2056 2168 vel
2086 2111 2266 2168 tribus
2314 2111 2552 2167 testibus
2592 2111 2830 2167 moritur
2860 2130 2875 2166 ε
2908 2121 3119 2182 quanto
3150 2115 3324 2185 magis
3363 2115 3570 2184 putatis

1971 2203 2242 2261 deteriora
2271 2204 2469 2258 mereri
2510 2203 2800 2274 supplicia,
2843 2222 2862 2256 ι
2970 2218 2980 2228 ·

2043 2293 2284 2352 Noverat
2325 2293 2474 2350 enim
2528 2309 2596 2349 ex
2639 2293 3018 2351 familiaritate
3055 2302 3112 2352 et
3161 2295 3484 2352 collectione
3514 2294 3572 2350 in

1972 2402 2167 2454 unum,
2209 2388 2442 2443 multum
2478 2387 2700 2444 roboris
2741 2389 2823 2447 eis
2869 2403 3248 2446 accessurum.
3286 2388 3386 2444 Ubi
3409 2390 3572 2456 enim,

1973 2478 2050 2532 ait
2079 2477 2362 2547 Christus,
2405 2479 2511 2535 duo
2540 2480 2619 2536 vel
2674 2489 2780 2536 tres
2818 2481 3018 2552 fuerint
3052 2479 3222 2552 249
3268 2480 3575 2551 congregati

1973 2571 2028 2625 in
2059 2571 2270 2626 nomine
2302 2587 2438 2637 meo,
2466 2570 2540 2626 ibi
2571 2572 2628 2627 in
2672 2573 2845 2629 medio
2879 2589 3066 2629 eorum
3092 2588 3212 2626 sum
3239 2573 3282 2624 θ.

2053 2681 2072 2715 ι
2109 2663 2216 2731 Qui
2257 2663 2458 2720 Filium
2504 2663 2603 2721 Dei
2653 2667 3103 2730 conculcaverit,
3153 2672 3208 2720 et
3244 2664 3572 2735 sanguinem

1975 2757 2295 2813 testamenti
2336 2757 2606 2829 pollutum
2653 2757 2899 2824 duxerit,
2941 2759 2999 2814 in
3032 2773 3142 2829 quo
3189 2757 3574 2814 sanetiticatus

1975 2859 2084 2911 est,
2124 2855 2179 2904 et
2213 2847 2435 2919 spiritui
2465 2849 2658 2920 gratiae
2685 2848 3081 2905 contumeliam
3117 2847 3332 2903 fecerit.
3375 2845 3572 2918 [νειε.

1977 2940 2069 3006 50,
2097 2939 2211 3012 5L]
2247 2939 2468 2995 Scimus
2491 2940 2640 2996 enim
2667 2937 2774 3010 qui
2794 2940 2936 2996 dixit
2967 2953 2984 2994 :
3016 2938 3148 2994 Mihi
3180 2937 3442 3004 vindicta,
3473 2951 3575 3007 ego

1977 3032 2312 3098 retribuam,
2366 3031 2526 3088 dicit—
2551 3031 2841 3088 Dominus.
2871 3031 2941 3087 Et
2995 3031 3197 3087 iterum
3243 3053 3255 3085 :
3295 3023 3578 3084 Judicabit

1902 3162 1947 3224 ο
1980 3124 2250 3181 Dominus
2285 3125 2552 3195 populum
2592 3139 2778 3181 suum.
2822 3122 3177 3180 Horrendum
3212 3129 3299 3178 est
3330 3119 3578 3177 incidere

1980 3219 2038 3274 in
2077 3232 2277 3273 manus
2307 3216 2405 3274 Dei
2431 3217 2688 3274 viventis.
2728 3235 2749 3271 ›

2052 3309 2289 3379 Quando
2311 3312 2458 3368 enim
2491 3311 2588 3382 qui
2609 3310 2888 3382 particeps
2906 3308 3059 3364 illius
3077 3307 3179 3363 fuit
3197 3307 3254 3362 in
3273 3307 3576 3380 mysteriis,

1980 3412 2268 3476 peccatum
2306 3403 2570 3470 admittit,
2605 3401 2886 3474 quemodo
2921 3417 3028 3457 non
3079 3399 3367 3471 proculcat
3394 3399 3573 3466 illum,

1983 3505 2172 3569 utpote
2210 3512 2375 3567 quem
2413 3495 2723 3567 despicatui
2757 3493 2996 3548 habeat?

2059 3591 2223 3647 Vens.
2258 3589 2452 3646 52-54.
2486 3607 2505 3640 ι
2547 3584 3020 3644 Ιὶειηεηιοτειηίηῑ
3051 3585 3321 3656 pristinos
3348 3584 3488 3650 dies,
3523 3586 3576 3638 in

1983 3685 2186 3757 quibus
2235 3682 2557 3748 illuminati,
2598 3694 2858 3752 magnum
2889 3687 3174 3735 certamen
3233 3677 3580 3734 sustinuistis

1983 3773 2347 3846 passionum;
2379 3779 2436 3827 et
2467 3771 2520 3825 in
2555 3770 2730 3825 altero
2760 3766 2989 3840 quidem
3034 3763 3350 3835 opprobriis
3377 3771 3434 3819 et
3482 3763 3582 3816 tri-

1985 3863 2364 3921 bulationibus
2401 3857 2783 3932 spectaculum
2838 3853 2994 3919 facti,
3050 3852 3108 3907 in
3161 3851 3338 3906 altero
3393 3856 3580 3904 autem

1986 3957 2123 4014 socii
2154 3955 2340 4010 taliter
2371 3948 2826 4007 conversantium
2865 3943 3076 4002 eﬂecti.
3101 3941 3236 3997 Nam
3259 3951 3314 3998 et
3342 3940 3582 3997 vinculis

1988 4045 2129 4104 meis
2161 4041 2440 4115 compassi
2470 4042 2628 4109 estis,
2663 4044 2720 4095 et
2748 4037 3001 4108 rapinam
3049 4034 3324 4091 bonorum
3367 4038 3584 4088 vestro-

1987 4154 2160 4194 τυηιι

2058 4229 2331 4298 Quoniam
2361 4216 2765 4283 deﬁciebantur
2796 4221 2869 4279 ob
2902 4218 3256 4284 aiilictiones,
3280 4217 3408 4272 vide
3443 4228 3584 4287 quo-

1986 4320 2152 4376 modo
2169 4334 2264 4375 eos
2285 4316 2634 4380 consolatur,
2656 4327 2722 4369 ac
2750 4311 2991 4384 primum
3014 4309 3238 4381 quidem
3262 4309 3332 4363 ab
3359 4305 3579 4363 iisdem.

1989 4409 2474 4476 Rememoramini,
2509 4407 2731 4478 inquit,
2781 4403 3039 4476 pristinos
3083 4401 3220 4456 dies.
3276 4397 3485 4455 Deinde
3513 4397 3606 4462 ab,

283 4486 550 4580 ἡμέρας.
583 4489 818 4580 Ἔπειτα
851 4489 962 4545 ἀπὸ
1008 4491 1108 4561 τῆς
1143 4491 1370 4562 Γραφῆς
1415 4491 1705 4566 λεγούσης,
1723 4493 1786 4548 '0
1817 4495 1877 4550 δὲ

1991 4504 2323 4560 auctoritate
2349 4501 2676 4572 Scriptura),
2712 4511 2836 4570 quae
2868 4495 3008 4552 dicit
3036 4511 3051 4549 :
3084 4490 3280 4548 Justus
3313 4501 3494 4546 autem
3519 4506 3586 4546 ea:

285 4579 532 4647 δίκαιος
577 4579 648 4634 ἐκ
671 4581 935 4649 πίστεως
993 4581 1256 4652 ζήσεται.
1313 4583 1546 4639 Ἔπειτα
1587 4586 1697 4640 ἀπὸ
1739 4587 1888 4658 λογι-

292 4672 478 4743 σμῶν,
512 4672 704 4739 εἰπὼν,
739 4673 820 4728 ὅτι
853 4675 1022 4729 Ἔστι
1054 4674 1262 4741 πίστις
1299 4674 1702 4746 ἐλπιζομένων
1735 4681 1887 4737 ὑπό-

292 4777 523 4832 στασις
545 4765 924 4838 πραγμάτων,
956 4766 1212 4838 ἐλεγχος
1233 4769 1308 4823 οὐ
1325 4769 1746 4840 βλεπομένων.
1777 4776 1889 4830 Καὶ

267 4857 470 4913 ’πάλιν
500 4857 611 4912 ἀπὸ
661 4858 772 4913 τῶν
815 4859 1182 4931 προπατόρων
1229 4860 1340 4914 τῶν
1374 4862 1631 4932 μεγάλων
1676 4865 1890 4938 ἀνδρῶν

291 4952 529 5004 ἐκείνων
568 4951 666 5006 καὶ
711 4951 1067 5022 θαυμαστῶν.
1113 4952 1354 5018 Εἰκότως
1381 4955 1441 5009 δὲ
1487 4955 1706 5027 πρῶτον
1752 4976 1889 5032 μνη-

300 5039 525 5112 μονεύει
570 5040 666 5096 τοῦ
701 5041 891 5108 Ἀϐελ,
944 5044 1212 5116 πρότερον
1260 5045 1402 5118 ὑπὲρ
1443 5047 1727 5113 εὐσεϐείας
1755 5051 1892 5104 ἀπο-

293 5131 596 5197 Θανόντοςο
643 5133 903 5206 δεύτερον
944 5134 1120 5208 Ἑνὼχ
1141 5137 1208 5191 δι’
1235 5137 1522 5194 εὐσέϐειαν
1563 5143 1886 5211 μετατεθέν-

289 5239 419 5287 τος,
451 5223 668 5288 δεικνὺς
709 5227 976 5294 ἐσομένας
1022 5229 1246 5291 πάντως
1277 5227 1379 5292 τὰς
1409 5230 1644 5300 ἀμοιϐάς
1664 5249 1677 5264 ο
1708 5234 1892 5305 τρίτον

291 5313 455 5384 Νῶε,
485 5316 893 5389 κολαζομένους
921 5318 1140 5384 δεικνὺς
1167 5319 1296 5386 τοὺς
1331 5320 1421 5396 μὴ,
1438 5323 1819 5391 πιστεύοντας.

331 5632 383 5709 ,⁸
427 5630 625 5690 Matth.
667 5649 820 5701 xvtn,
849 5633 942 5690 20.
1027 5633 1073 5666 ¹⁰
1136 5632 1342 5692 Hahae.
1388 5637 1540 5706 ",4.

1993 4601 2098 4672 ﬁde
2119 4599 2250 4654 vivet
2275 4595 2341 4650 ³ο.
2369 4593 2644 4649 Praeterea
2673 4589 2921 4646 rationes
2943 4583 3280 4656 adjiciendo,
3307 4582 3439 4640 dum
3470 4583 3581 4638 ait:

1996 4692 2095 4748 Est
2123 4690 2255 4762 ﬁdes
2291 4685 2680 4758 sperandarum
2709 4678 3018 4737 substantia
3064 4689 3265 4742 rerum,
3299 4689 3585 4745 argumen-

1995 4793 2109 4836 tum
2137 4796 2241 4835 non
2269 4775 2664 4847 apparentium.
2712 4769 2962 4839 Itemque
2992 4780 3024 4820 a
3065 4763 3378 4835 majoribus
3402 4770 3457 4818 et
3491 4777 3588 4833 pa-

1993 4873 2270 4938 rentibus,
2306 4868 2522 4939 magnis
2569 4864 2785 4922 scilicet
2809 4869 2866 4918 et
2890 4856 3237 4916 admirandis
3274 4855 3388 4912 illis
3425 4853 3586 4910 viris.

1995 4968 2074 5022 Ac
2113 4965 2313 5021 merito
2367 4961 2591 5032 quidem
2643 4957 2827 5029 primo
2887 4953 3010 5008 loco
3069 4948 3404 5005 mentionem
3456 4945 3590 5001 facit

1989 5060 2150 5123 Abel,
2191 5057 2286 5128 qui
2335 5055 2549 5127 primus
2585 5051 2690 5108 fuit
2727 5063 2920 5106 eorum
2952 5044 3046 5116 qui
3081 5057 3181 5114 pro
3207 5055 3339 5097 vera
3382 5039 3590 5110 pietate

1990 5151 2195 5207 mortui
2231 5158 2412 5212 sunt;
2464 5144 2712 5204 secundo
2768 5140 2926 5213 ponit
2978 5135 3192 5203 Enoch,
3224 5132 3318 5204 qui
3364 5138 3589 5201 propter

1989 5246 2252 5317 pietatem
2295 5239 2596 5297 translatus
2649 5235 2754 5292 fttit
2800 5254 2812 5290 :
2852 5231 2943 5289 ttbi
2989 5228 3218 5285 omnino
3267 5237 3588 5317 remunerao

1992 5310 2177 5396 tiones
2213 5336 2330 5394 fore
2369 5331 2662 5398 ostendit;
2698 5327 2864 5385 tertio
2915 5321 3068 5387 Noe,
3108 5333 3222 5391 quo
3265 5323 3457 5371 uotum
3508 5310 3589 5364 fa-

2004 5432 2151 5494 ciat,
2206 5443 2403 5501 poenas
2464 5439 2559 5483 eos
2616 5421 2708 5494 qui
2764 5434 2873 5478 nou
2935 5409 3328 5473 crediderint,
3379 5399 3590 5476 persol-

2003 5535 2153 5576 vere.

1613 5725 1842 5785 VABUE
1884 5724 2288 5784 LECTIONES.

382 5825 409 5860 τ
446 5813 688 5875 Verbum
712 5817 890 5888 deest,
916 5815 1063 5874 forte
1098 5815 1395 5891 εἰσφέρειν.
