4048 6394
507 340 611 405 9ῑ9

506 551 742 606 vinculis
778 550 1007 617 fuerint,
1051 551 1106 606 in
1151 550 1455 610 hunc~fere
1496 555 1718 609 modqu
1759 556 1934 626 loqui.
1969 555 2090 613 Non

505 642 864 698 existimastis
900 641 1018 696 haec
1042 641 1263 697 vincula
1289 651 1345 698 et
1373 651 1599 701 catenas
1630 661 1774 713 esse,
1821 646 1922 703 sed
1943 649 2090 703 velut

505 733 723 788 athletae
755 737 1036 816 generosi,
1092 735 1170 790 ita
1230 737 1507 806 stetistis;
1565 739 1696 808 quia
1739 753 1852 794 non
1908 743 2090 797 nostri

502 840 670 879 causa
711 825 982 880 duntaxat
1012 840 1152 897 opus
1196 841 1310 882 non
1361 829 1637 886 habuistis
1686 832 2087 901 consolatione,

500 916 595 972 sed
624 926 678 972 et
705 916 811 988 ipsi
846 918 973 973 aliis
1003 919 1205 976 solatio
1240 919 1447 978 fuistis.

577 1027 597 1060 ς
643 1008 780 1064 Cum
838 1009 1038 1081 gaudio
1096 1013 1420 1084 suscepistis
1463 1032 1478 1069 :
1535 1025 1937 1086 cognoscentes
1987 1033 2088 1075 vos

503 1100 712 1156 habere
737 1103 1022 1157 meliorem
1047 1112 1102 1159 et
1124 1114 1436 1162 manentem
1469 1107 1860 1165 substantiam.
1894 1107 2084 1182 [Vens

499 1192 716 1264 35-59.]
735 1192 913 1250 Nolite
931 1193 1118 1264 itaque
1135 1196 1388 1253 amittere
1409 1199 1804 1256 conﬁdentiam
1823 1212 2085 1267 vestram,

498 1299 623 1354 quae
688 1297 948 1356 magnam
994 1285 1159 1343 habet
1223 1291 1754 1348 remunerationem.
1813 1291 2085 1350 Patientia

497 1375 646 1431 enim
679 1375 838 1432 vobis
880 1378 1197 1433 necessaria
1243 1389 1346 1443 est,
1399 1387 1459 1436 ut
1487 1382 1830 1440 voluntatem
1871 1382 1970 1439 Dei
2003 1383 2085 1438 fa-

498 1467 732 1535 cientes,
757 1470 1054 1539 reportetis
1089 1471 1535 1541 promissionem.
1571 1474 1770 1532 Adhuc
1791 1476 1940 1532 enim
1969 1492 2086 1534 mo-

497 1559 683 1614 dicum
717 1559 1146 1629 aliquantulum,
1197 1563 1291 1633 qui
1343 1573 1614 1623 venturus
1643 1577 1730 1624 est
1773 1571 1983 1638 veniet,
2029 1581 2087 1629 et

500 1664 608 1704 non
643 1649 905 1704 tardabit.
939 1649 1134 1706 Justus
1155 1663 1338 1708 autem
1368 1669 1435 1708 ex
1476 1655 1583 1712 llde
1614 1657 1763 1714 vivet
1796 1676 1811 1713 :
1844 1659 1992 1730 quod
2037 1661 2084 1717 si

496 1742 841 1799 subtraxerit
878 1758 957 1807 se,
1010 1758 1121 1798 non
1177 1745 1420 1814 placebit
1467 1747 1664 1804 animae
1712 1765 1846 1806 mea:
1875 1751 1933 1807 in
1965 1752 2082 1808 illo.

1726 350 1783 408 S.
1822 351 1856 412 J
1862 350 2066 413 OANN
2074 354 2146 411 IS
2190 356 2594 419 DAMASCEN
2600 361 2625 418 Ι

578 455 825 514 Observa
852 473 978 513 eum
1019 458 1087 514 de
1117 473 1202 525 se,
1235 469 1292 515 ut
1323 468 1379 517 et
1413 459 1482 516 de
1509 463 1634 520 aliis
1665 463 1759 533 qui
1799 466 2090 521 constricti
2121 473 2166 528 Α

2278 469 2463 554 'Op‘gk,
2514 471 2595 524 ὅτι
2627 475 2757 544 περὶ
2789 474 2957 528 αὐτοῦ
3007 492 3164 546 φησι,
3204 465 3440 532 καὶτῶν
3469 479 3650 534 ἄλλων
3699 487 3787 534 δε-

2193 558 2439 629 δεμένων
2485 561 2680 626 οὑτως.
2737 564 2849 634 Οὐχ
2893 566 3176 635 ἡγήσασθε
3226 568 3402 639 δεσμὰ
3450 566 3622 636 εἶναι,
3665 571 3784 625 ἀλλ’

2195 651 2384 722 ὥσπερ
2413 651 2650 723 ἀθληταὶ
2681 658 2938 724 γενναῖοι,
2971 656 3145 721 οὕτως
3171 658 3390 729 ἔστητε,
3415 662 3498 716 ὅτι
3526 663 3589 716 οὐ
3619 663 3788 732 μόνον

2195 745 2253 797 ἐν
2291 748 2404 808 τοῖς
2442 747 2733 818 ἡμετέροις
2774 748 2874 802 οὐκ
2907 748 3121 803 ἐδέεσθε
3171 753 3596 824 παρακλήσεως,
3645 754 3789 809 ἀλλὰ

2193 838 2288 892 καὶ
2316 840 2432 900 τοῖς
2458 839 2641 902 ἄλλοις
2665 841 2922 908 ἐγένεσθε
2956 843 3326 915 παράκλησις.
3531 840 3540 848 ’

2269 1029 2288 1064 ι
2327 1013 2483 1067 Μετὰ
2528 1016 2706 1086 χαρᾶς
2740 1017 3174 1087 προσεδέξασθε,
3225 1020 3594 1089 γινώσκοντες
3634 1023 3787 1094 ἔχειν

2192 1103 2408 1168 ἑαυτοῖς
2439 1105 2728 1176 κρείττονα
2775 1107 3013 1180 ὓπαρξιν
3043 1113 3102 1165 ἐν
3144 1111 3419 1182 οὐρανοῖς,
3459 1115 3556 1168 καὶ
3585 1117 3786 1186 μένου-

2193 1211 2313 1250 σαν.
2360 1196 2454 1268 Μὴ
2480 1198 2794 1269 άποϐάλητε
2832 1197 2928 1256 οὖν
2955 1202 3057 1274 τὴν
3095 1205 3416 1276 παρρησίαν
3451 1206 3626 1277 ὑμῶν,
3660 1207 3788 1277 ἥτις

2191 1289 2304 1362 εχει
2337 1291 2768 1364 μισθαποδοσίαν
2819 1297 3087 1369 μεγάλην.
3138 1300 3456 1372 ’Υπομονῆς
3487 1303 3597 1374 γὰρ
3624 1303 3787 1372 ἔχετε

2190 1381 2404 1451 χρείαν,
2433 1383 2521 1438 ἵνα
2549 1383 2612 1437 τὸ
2655 1384 2870 1457 θέλημα
2902 1387 2996 1442 τοῦ
3042 1389 3179 1442 Θεοῦ
3227 1391 3579 1462 ποιήσαντες,
3616 1392 3784 1463 κομί-

2191 1473 2357 1545 σησθε
2403 1475 2504 1544 τὴν
2543 1477 2902 1547 ἐπαγγελίαν.
2953 1479 3072 1532 Ἔτι
3127 1481 3236 1552 γὰρ
3299 1483 3496 1553 μικρὸν
3557 1484 3702 1549 ὅσον,
3757 1486 3786 1538 δ

2189 1565 2487 1637 ἐρχόμενος
2527 1567 2678 1640 ἥξει,
2732 1572 2829 1624 καὶ
2876 1571 2937 1624 οὐ
2994 1576 3232 1642 χρονιεῖ⁸
3282 1575 3311 1627 ό
3346 1574 3404 1628 δὲ
3451 1574 3669 1639 δίκαιος
3715 1579 3784 1631 ἐκ

2186 1657 2425 1722 πίστεως
2449 1657 2700 1730 ζῆσεται.
2735 1662 2848 1715 Καὶ
2870 1663 2966 1716 ἐὰν
2989 1663 3397 1733 ὑποστείληται,
3433 1664 3536 1718 οὐκ
3567 1667 3785 1720 εὐδοκεῖ

2187 1753 2222 1821 ἡ
2243 1750 2394 1823 ψυχή
2419 1769 2522 1823 μου
2553 1754 2611 1807 ἐν
2635 1754 2804 1825 αὐτῷ.
2849 1754 3045 1826 Ἡμεῖς
3065 1755 3121 1808 δὲ
3142 1755 3242 1809 οὐκ
3271 1753 3441 1826 ἐσμὲν
3471 1759 3782 1829 ὑποστολῆς

493 1832 611 1891 Nos
637 1842 820 1889 autem
856 1849 962 1889 non
995 1849 1193 1892 sumus
1231 1835 1634 1895 subtractionis
1674 1839 1774 1896 ﬁlii
1811 1841 1864 1896 in
1899 1843 2084 1913 perdi-

2200 1844 2269 1906 είς
2294 1843 2594 1912 ἀπώλειαν,
2613 1844 2750 1900 ἀλλὰ
2779 1846 3018 1911 πίστεως
3039 1849 3120 1912 είς
3136 1849 3490 1919 περιποίησιν
3518 1849 3720 1922 ψυχῆς.
3756 1870 3776 1903 ι

495 1926 730 1994 tionem,
753 1925 848 1982 sed
883 1924 1009 1981 ﬁdei
1047 1926 1104 1982 in
1140 1927 1568 1998 acquisitionem
1610 1930 1828 1987 animm.
1860 1951 1879 1984 ι

563 2019 672 2086 Qui
721 2034 848 2075 cum
899 2019 1103 2091 gaudio
1144 2021 1366 2088 tolerat,
1413 2023 1729 2080 mercedem
1783 2026 2084 2096 quamdam

495 2111 603 2169 sibi
636 2111 938 2182 repositam
989 2127 1116 2170 esse
1136 2113 1415 2182 ostendit;
1447 2115 1710 2188 quodque
1734 2131 1822 2174 res
1853 2117 1960 2174 sibi
1991 2119 2087 2177 de-

494 2203 762 2261 trimento
803 2217 917 2261 non
947 2203 1042 2272 sit,
1069 2203 1170 2260 sed
1201 2205 1520 2276 proventui.

1150 2337 1304 2396 CAP.
1345 2337 1418 2394 Xl

568 2475 733 2534 Vens.
766 2477 871 2532 1-4.
921 2495 940 2527 ι
977 2476 1072 2533 Est
1119 2488 1301 2535 autem
1337 2478 1471 2536 ﬁdes
1510 2481 1912 2552 sperandarum
1943 2484 2082 2541 sub-

495 2569 703 2623 stantia
740 2582 946 2632 rerum,
984 2576 1372 2637 argumentum
1419 2584 1531 2625 non
1563 2573 1973 2643 apparentium.
2025 2575 2082 2628 In

493 2659 602 2714 hac
638 2658 786 2714 enim
815 2659 1195 2714 testimonium
1225 2660 1515 2717 consecuti
1557 2669 1688 2718 sunt
1713 2677 1896 2719 senes.
1943 2661 2082 2718 Fide

489 2749 855 2822 intelligimus
892 2759 1081 2821 aptata
1111 2766 1238 2808 esse
1283 2751 1485 2808 szecula
1521 2754 1694 2808 verbo
1720 2753 1839 2821 Dei,
1870 2764 1932 2810 ut
1969 2771 2083 2811 non

490 2855 560 2896 ex
609 2839 921 2896 visibilibus
982 2840 1224 2896 visibilia
1283 2841 1498 2898 ﬁerent.
1575 2840 1709 2898 Fide
1783 2843 2081 2913 plurimam

490 2930 730 2987 hostiam
763 2930 922 2997 Abel,
949 2945 1112 3001 quam
1140 2930 1301 2993 Cain,
1333 2931 1539 2986 obtulit
1573 2932 1722 2998 Deo;
1773 2947 1871 3002 per
1915 2947 2082 3004 quam

494 3022 876 3080 testimonium
927 3031 1264 3080 consecutus
1299 3033 1406 3088 est,
1481 3039 1606 3080 esse
1658 3025 1867 3094 justus,
1923 3025 2078 3082 testi-

492 3114 739 3169 monium
774 3114 1102 3185 perbibente
1151 3115 1474 3173 muneribus
1527 3117 1649 3187 ejus
1692 3101 1830 3186 Deo;
1876 3125 1932 3173 et
1982 3133 2082 3189 per

491 3203 645 3258 illam
675 3201 963 3260 defunctus
1011 3223 1030 3256 ι

562 3293 682 3351 Nisi
741 3297 866 3369 quis
921 3297 1597 3357 invisibilia-certitudine
1637 3303 1835 3372 majori
1870 3310 2077 3369 teneat,

490 3403 658 3460 quam
687 3404 810 3462 qua:
839 3389 1121 3477 videntur,
1159 3391 1292 3449 ﬁdes
1319 3407 1442 3450 esse
1474 3408 1587 3448 non
1623 3402 1824 3464 potest.

553 3575 720 3648 250
748 3574 945 3630 Adhuc
969 3573 1236 3645 loquitur.
1264 3572 1457 3645 [Vens
1500 3572 1647 3645 5~7.’|
1689 3591 1707 3625 ι
1733 3572 1866 3630 Fide
1889 3573 2080 3628 Enocb

490 3669 796 3724 translatus
818 3676 905 3722 est
935 3683 1004 3722 ne
1035 3667 1248 3722 videret
1289 3674 1543 3732 mortem,
1579 3676 1634 3722 et
1673 3682 1784 3721 non
1833 3667 2081 3724 invenie-

490 3761 682 3827 batur,
727 3760 853 3829 quia
879 3758 1164 3814 transtulit
1198 3759 1354 3812 illum
1378 3759 1554 3825 Deus;
1593 3767 1723 3834 ante
1753 3759 2081 3813 translatio-

490 3865 619 3906 nem
653 3850 802 3906 enim
837 3850 1214 3906 testimonium
1244 3850 1439 3905 habuit
1478 3850 1755 3920 placuisse
1784 3851 1917 3906 Deo.
1952 3849 2082 3906 Sine

491 3941 602 3997 ﬁde
647 3949 831 3998 autem
884 3940 1232 4012 impossibile
1275 3947 1360 3997 est
1391 3941 1611 4011 placere
1656 3941 1785 3998 Deo.
1840 3942 2083 3998 Credere

489 4034 637 4088 enim
677 4041 893 4101 oportet
933 4031 1286 4087 accedentem
1343 4030 1409 4085 ad
1457 4029 1654 4097 Deum,
1699 4029 1832 4100 quia
1880 4038 1984 4096 est,
2027 4036 2082 4084 et

435 4124 907 4198 inquirentibus
983 4140 1043 4181 se
1106 4131 1497 4180 remunerator
1565 4123 1658 4179 sit.
1735 4120 1870 4178 Fide
1939 4122 2078 4189 Noe,

489 4233 760 4290 responso
796 4225 1026 4289 accepto
1058 4217 1126 4272 de
1164 4217 1232 4274 iis
1262 4233 1383 4288 quae
1429 4217 1614 4273 adhuc
1649 4231 1762 4274 non
1810 4217 2080 4273 videban-

489 4321 605 4376 tur,
648 4320 897 4368 metuens
952 4310 1164 4388 aptavit
1221 4323 1410 4365 arcam
1474 4309 1530 4364 in
1588 4309 1826 4365 salutem
1881 4309 2080 4366 domus

489 4418 626 4459 suae.
670 4422 690 4455 ι

2271 2027 2331 2079 '0
2364 2026 2506 2098 μετὰ
2533 2029 2711 2100 χαρᾶς
2756 2027 2961 2100 φέρων,
2991 2026 3268 2082 δείκνυσιν
3312 2029 3396 2082 ὅτι
3427 2026 3544 2099 ἔχει
3583 2026 3784 2097 μισθόν

2183 2135 2331 2182 τινα,
2381 2120 2476 2173 καὶ
2525 2120 2608 2174 ὅτι
2670 2119 2732 2172 οὐ
2789 2119 2984 2192 ζημία,
3043 2118 3180 2174 ἀλλὰ
3242 2119 3507 2189 πρόσοδός
3545 2119 3663 2173 ἐστι
3714 2119 3783 2173 τὸ

2187 2212 2444 2286 πρᾶγμα.

2787 2343 3033 2399 ΚΕΦΔΛ.
3062 2345 3168 2400 IA'.

2263 2497 2282 2530 ‹
2329 2477 2487 2531 Ἔστι
2534 2476 2591 2529 δὲ
2631 2475 2816 2538 πίστις
2848 2474 3226 2546 ἐλπιζομένων
3265 2474 3589 2539 ὑπόστασις,
3633 2490 3780 2546 πρα-

2185 2571 2416 2642 γμάτων
2470 2569 2691 2640 ἐλεγχος
2743 2569 2804 2622 οὐ
2859 2567 3230 2638 βλεπομένων.
3299 2567 3389 2621 Ἐν
3437 2566 3611 2638 ταύτῃ
3665 2566 3779 2637 γάρ

2186 2661 2654 2734 ἐμαρτυρήθησαν
2714 2661 2766 2713 οἱ
2823 2658 3206 2731 πρεσϐύτεροι.
3275 2659 3467 2712 Πίστει
3541 2658 3778 2729 νοοῦμεν

2185 2756 2551 2829 κατηρτίσθαι
2575 2757 2701 2819 τοὺς
2726 2753 2929 2818 αἰῶνας
2954 2753 3158 2824 ῥήματι
3179 2749 3346 2819 Θεοῦ,
3382 2755 3466 2816 είς
3483 2751 3546 2806 τὺ
3581 2751 3659 2823 μὴ
3683 2754 3778 2805 ἐκ·

2187 2848 2531 2920 φαινομένων
2559 2847 2630 2902 τά
2659 2846 2970 2917 βλεπόμενα
2997 2843 3303 2913 γεγονέναι.
3334 2844 3526 2898 Πίστει
3550 2843 3779 2898 πλείονα

2185 2941 2379 2996 θυσίαν
2420 2939 2589 2992 ΙΙ’Δϐελ
2629 2939 2782 3009 παρὰ
2824 2937 2968 2992 Κάἵν
3011 2939 3355 3010 προσήνεγκε
3406 2936 3484 3007 τῷ
3533 2935 3675 3007 Θεῷ,
3705 2935 3778 2990 δι’

2183 3031 2254 3108 ἧς
2277 3033 2637 3106 ἐμαρτυρήθη
2671 3029 2812 3088 εἶναι
2839 3033 3069 3096 δίκαιος,
3104 3030 3514 3103 μαρτυροῦντος
3543 3031 3640 3084 ἐπὶ
3661 3033 3780 3094 τοῖς

2184 3127 2379 3200 δώροις
2412 3125 2578 3181 αὑτοῦ
2611 3122 2705 3180 τοῦ
2737 3125 2896 3194 Θεοῦ,
2921 3126 3017 3181 καὶ
3035 3124 3102 3179 δι’
3138 3123 3310 3194 αὐτῆς
3336 3122 3628 3178 ἀποθανών
3664 3141 3683 3174 ι

2259 3309 2357 3363 Ἀν
2399 3305 2510 3378 γὰρ
2557 3305 2632 3376 μή
2662 3321 2748 3367 τις
2795 3303 2904 3357 τῶν
2939 3301 3235 3373 ὁρωμένων
3259 3300 3599 3370 σαφέστερον
3646 3299 3782 3368 περὶ

2183 3401 2295 3454 τῶν
2344 3397 2598 3469 ἀοράτων
2645 3395 3154 3467 πεπληροφόρηται,
3204 3394 3386 3457 πίστις
3424 3389 3564 3447 εἶναι
3603 3391 3666 3444 οὐ
3692 3390 3784 3445 δῦ-

2185 3505 2366 3544 ναται.

2260 3598 2283 3631 ι
2314 3581 2434 3634 Ἔτι
2451 3577 2620 3632 λαλεῖ·
2647 3577 2830 3631 Πίστει
2867 3575 3040 3648 Ἑνὼχ
3065 3574 3404 3645 μετετέθειτο
3423 3574 3516 3627 τοῦ
3544 3574 3620 3646 μὴ
3647 3574 3782 3627 ίδεῖν

2186 3674 2440 3738 θάνατον,
2473 3671 2570 3725 καὶ
2602 3671 2701 3741 οὐχ
2732 3669 3038 3740 εὑρίσκετο,
3068 3667 3203 3721 διότι
3253 3667 3563 3738 μετέθηκεν
3612 3665 3781 3719 αὐτὸν

2183 3767 2212 3818 ὁ
2247 3764 2402 3827 Θεός.
2433 3762 2577 3834 Πρὸς
2609 3761 2718 3831 γὰρ
2765 3761 2865 3831 τῆς
2895 3760 3244 3832 μεταθέσεως
3282 3757 3450 3814 αὐτοῦ
3490 3757 3781 3829 μεμαρτύ-

2189 3873 2348 3927 ρηται
2397 3853 2830 3926 εὐηρεστηκέναι
2880 3851 2961 3923 τῷ
3016 3852 3155 3922 Θεῷ,
3215 3851 3388 3924 χωρὶς
3423 3850 3482 3904 δέ
3537 3850 3782 3913 πίστεως

2183 3947 2448 4002 ἀδύνατον
2482 3945 2870 4017 εὐαρεστῆσαι.
2905 3943 3205 3999 Πιστεῦσαι
3237 3943 3345 4015 γὰρ
3369 3943 3450 3996 δεῖ
3475 3941 3571 3996 τὸν
3601 3958 3781 4013 προσ-

2185 4041 2480 4112 ερχόμενον
2539 4039 2615 4108 τῷ
2649 4037 2788 4110 Θεῷ,
2837 4037 2920 4101 ὅτι
2954 4036 3071 4090 ἐστι
3095 4075 3110 4102 ,
3161 4036 3258 4090 καὶ
3300 4037 3416 4099 τοῖς
3451 4033 3783 4106 ἐκζητοῦσιν

2184 4133 2348 4186 αὐτὸν
2389 4131 2659 4202 ἀποδότης
2693 4129 2926 4200 γίνεται.
2965 4131 3156 4184 Πίστει
3189 4127 3597 4201 χρηματισθεὶς
3650 4127 3781 4178 Νῶε

2184 4227 2317 4297 περὶ⁸
2384 4224 2492 4279 τῶν
2546 4223 2774 4294 μηδέπω
2832 4222 3205 4295 βλεπομένων,
3263 4221 3588 4292 εὐλαϐηθεὶς
3642 4237 3781 4274 κατ-

2184 4315 2452 4370 εσκεύασε
2485 4313 2719 4370 κιϐωτὸν
2748 4315 2829 4381 είς
2853 4313 3134 4384 σωτηρίαν
3163 4313 3259 4368 τοῦ
3295 4315 3445 4368 οῐκου
3474 4311 3663 4366 αὐτοῦ.
3711 4330 3731 4363 ι

559 4492 1041 4561 Quemadmodum
1097 4493 1302 4550 cmlum
1354 4493 1477 4566 ipso
1527 4466 1759 4563 aspectu
1807 4492 2079 4548 duntaxat

2259 4494 2473 4564 Ὥσπερ
2523 4494 2770 4565 οὐρανὸς
2807 4494 3133 4566 φαινόμενος
3187 4494 3347 4564 μόνον
3387 4491 3573 4558 λαλεῖ,
3632 4489 3777 4543 οὕτω

487 4601 593 4646 suo
647 4587 920 4659 loquitur,
967 4586 1048 4664 sic
1100 4593 1158 4641 et
1214 4583 1386 4654 Abel,
1445 4584 1576 4657 dum
1625 4584 1692 4652 in
1753 4584 2076 4641 memoriam

487 4678 658 4736 venit.

563 4787 586 4824 ι
617 4769 725 4827 Per
755 4785 921 4842 quam
957 4770 1242 4827 damnavit
1271 4769 1558 4826 mundum.
1599 4787 1620 4822 ι

556 4858 814 4919 Ostendit
863 4865 1012 4919 enim
1064 4879 1163 4920 eos
1212 4877 1338 4921 esse
1390 4863 1590 4935 dignos
1638 4861 1938 4933 supplicio,
1980 4860 2079 4930 qui

487 4970 672 5027 neque
704 4955 839 5011 dum
874 4955 1245 5012 fabricarctur
1266 4971 1420 5021 arca,
1455 4957 1524 5012 ad
1559 4955 1856 5012 sanitatem
1898 4952 2080 5009 redie-

492 5053 645 5104 runt.

567 5159 588 5192 ι
622 5139 686 5193 Ει
715 5139 948 5210 iustitia:
971 5153 1094 5209 quae
1114 5139 1418 5195 secundum
1448 5139 1612 5195 ﬁdem
1639 5148 1746 5207 est,
1782 5138 1962 5194 hazres
1995 5143 2081 5193 est

489 5230 802 5286 institutus.
837 5248 856 5281 ι

561 5322 679 5376 lloc
703 5327 810 5386 est,
838 5335 908 5376 ex
933 5320 1034 5376 hoc
1063 5321 1321 5392 apparuit
1347 5321 1558 5392 justus,
1595 5320 1742 5392 quod
1781 5319 2082 5377 crediderit

488 5414 624 5472 Deo.

564 5508 733 5562 Vsus.
760 5505 914 5561 8-10.
962 5524 980 5556 ι
1017 5503 1170 5573 Fide,
1216 5504 1312 5576 qui
1342 5513 1576 5561 vocatur
1602 5505 1909 5570 Abraham,
1943 5503 2080 5559 obe-

491 5601 629 5657 divit
660 5601 715 5654 in
753 5600 932 5655 locum
965 5600 1140 5663 exire,
1173 5614 1338 5668 quem
1369 5609 1700 5671 accepturus
1727 5607 1848 5655 erat
1879 5600 1935 5654 in
1971 5599 2080 5652 bte-

489 5694 816 5762 reditatem;
848 5703 901 5749 et
927 5694 1065 5749 exiit
1103 5692 1364 5748 nesciens
1399 5709 1510 5765 quo
1545 5695 1672 5749 iret.
1727 5692 1862 5766 Fide
1890 5692 2081 5748 demo-

493 5797 645 5842 ratus
669 5795 750 5842 cst
775 5788 827 5841 in
852 5793 998 5842 terra
1023 5786 1780 5858 repromissionis,tanquam
1800 5785 1856 5842 in
1877 5785 2077 5852 aliena,

2191 4586 2358 4648 Ἅϐελ
2395 4603 2501 4658 μνη
2510 4585 2886 4657 μονευόμενος.

2261 4783 2280 4816 ι
2319 4763 2398 4818 Δι’
2430 4759 2499 4836 ἧς
2533 4763 2824 4836 κατέκρινε
2851 4763 2943 4818 τὸν
2971 4763 3195 4832 κόσμον.
3238 4783 3258 4818 ι

2259 4857 2469 4926 Ἐδειξε
2500 4861 2610 4929 γὰρ
2639 4857 2838 4922 αὐτοὺς
2867 4859 3051 4922 ἀξίους
3088 4857 3248 4921 ὄντας
3293 4856 3592 4923 κολάσεως,
3626 4855 3680 4909 οἵ
3710 4873 3778 4925 γε

2183 4950 2308 5005 οὐδέ
2340 4950 2429 5005 διὰ
2475 4951 2577 5022 τῆς
2629 4951 2983 5022 κατασκευῆς
3027 4951 3129 5023 τῆς
3185 4950 3420 5006 κιϐωτοῦ
3477 4949 3779 5022 ἐσωφρονί-

2184 5043 2360 5108 ζοντο.
2409 5061 2428 5095 ι

2261 5155 2282 5190 ι
2327 5137 2441 5190 Καὶ
2469 5136 2572 5207 τῆς
2601 5137 2745 5192 κατὰ
2775 5137 2962 5192 πίστιν
2997 5137 3350 5210 δικαιοσύνης
3376 5137 3600 5206 ἐγένετο
3635 5135 3780 5205 κλη-

2185 5229 2438 5302 ρονόμος.
2476 5245 2495 5279 ι

2255 5320 2573 5386 Τουτέστιν,
2629 5318 2742 5376 ἀπὸ
2772 5319 2966 5374 τούτου
3014 5319 3223 5384 δίκαιος
3267 5319 3469 5390 ἐφάνη,
3518 5319 3626 5374 άπὸ
3677 5317 3778 5373 τοῦ

2185 5411 2476 5469 πιστεῦσαι
2505 5410 2646 5482 Θεῷ.
3485 5458 3490 5460 _

2262 5525 2282 5559 ι
2329 5505 2522 5559 Πίστει
2557 5504 2892 5575 καλούμενος
2949 5502 3223 5574 Ἀϐραάμ,
3264 5503 3578 5574 ὑπήκουσεν
3622 5501 3780 5567 ἐξελ-

2185 5599 2298 5654 θεῖν
2327 5599 2410 5668 είς
2433 5597 2526 5651 τὸν
2573 5598 2758 5662 τόπον,
2797 5596 2858 5649 ὂν
2884 5595 3080 5668 ἐμελλε
3128 5595 3432 5666 λαμϐάνειν
3456 5598 3536 5660 είς
3568 5595 3779 5666 κληρο-

2185 5691 2398 5762 νομίαν,
2439 5689 2535 5744 καὶ
2579 5686 2801 5759 ἐξῆλθε,
2846 5687 2922 5760 μὴ
2973 5688 3340 5759 ἐπιστάμενος
3386 5685 3490 5741 ποῦ
3523 5685 3774 5758 ἔρχεται.

2185 5784 2374 5839 Πίστει
2413 5782 2747 5856 παρῴκησεν
2783 5785 2860 5848 εἰς
2889 5781 2992 5854 γῆν
3034 5782 3135 5854 τῆς
3169 5780 3528 5852 ἐπαγγελίας,
3561 5778 3636 5844 ὡς
3676 5777 3779 5834 άλ-
