4048 6404
393 343 493 412 981

1575 343 1658 404 IN
1697 345 1934 405 EPIST.
1954 344 2054 404 AD
2094 343 2487 404 HEBIL-EOS.

3559 342 3664 405 982

382 456 631 529 λοτρίαν,
677 454 737 509 ἐν
778 453 1008 525 σκηναῖς
1057 451 1392 524 κατοικήσας
1447 449 1588 522 μετὰ
1646 451 1836 505 Ἰσαὰκ
1881 451 1974 504 καὶ

2099 467 2133 504 n
2167 451 2374 505 casulis
2411 448 2732 513 habitando,
2767 463 2892 505 cum
2925 449 3079 504 Isaae
3123 458 3175 504 et
3219 445 3390 502 Jaeob
3431 448 3668 503 coluere-

400 549 600 605 Ἰακωϐ
631 547 741 602 τῶν
767 547 976 618 συγκλη
988 545 1230 617 ρονόμων
1256 543 1356 615 τῆς
1391 541 1724 612 ἐπαγγελίας
1757 543 1858 614 τῆς
1885 543 1976 597 αὒ-

387 643 508 713 τῆς.
527 639 833 710 Ἐξεδέχετο
857 639 968 708 γὰρ
1007 657 1026 690 ι

474 732 696 802 Ἐπειδὴ
741 733 822 795 είς
870 730 1096 794 τούτους
1145 729 1332 802 ἐώρων
1377 728 1429 782 οί
1479 726 1540 792 ἐξ
1589 725 1858 799 Ἐϐραίων
1887 743 1978 780 περ

393 824 793 888 πιστευκότες,
852 820 930 884 ὡς
981 820 1192 891 μυρίων
1254 817 1676 881 ἀπολαύσαντας
1731 815 1973 886 ἀγαθῶν,

389 913 667 968 δείκνυσιν
689 913 771 966 ὅτι
805 911 1016 965 οὐδέπω
1045 909 1224 974 οὐδεὶς
1249 909 1568 980 ἐκομίσατο.

469 1024 490 1057 ο
528 1006 643 1076 Τὴν
669 1003 796 1068 τοὺς
822 1003 1108 1074 θεμελίους
1140 1001 1371 1073 ἔχουσαν
1401 1001 1575 1056 πόλιν.
1612 1020 1632 1054 ι

464 1093 780 1158 Τουτέστιν,
817 1093 917 1164 τὴν
938 1092 1263 1147 ἀσάλευτον.

469 1205 489 1239 ι
519 1179 630 1250 Ἦς
660 1185 910 1256 τεχνίτης
943 1185 1039 1238 καὶ
1071 1184 1407 1255 δημιουργὸς
1444 1186 1474 1238 ὁ
1504 1184 1659 1249 Θεός.
1701 1204 1722 1238 ι

460 1278 637 1341 Αὐτὸς
667 1278 780 1348 γὰρ
823 1276 1019 1343 ἐλθὼν,
1051 1277 1271 1348 ἐκείνην
1315 1278 1502 1342 αὐτοῖς
1544 1277 1859 1350 ἐχαρίσατο.
1913 1280 1978 1332 Et

393 1367 472 1440 μὴ
512 1367 624 1438 γὰρ
663 1365 934 1437 κατῆλθεν
968 1365 1199 1436 Ἰησοῦς,
1230 1365 1328 1418 καὶ
1362 1365 1596 1438 ἀνῆλθεν
1640 1368 1722 1431 είς
1763 1367 1856 1422 τὸν
1884 1368 1978 1422 οὐ·

396 1459 579 1530 ρανὸν,
627 1459 937 1531 πρόδρομος
983 1457 1144 1530 ἡμῶν
1178 1457 1494 1529 γενόμενος,
1541 1459 1643 1513 οὐκ
1699 1459 1766 1514 ἂν
1815 1461 1977 1531 ἡμεῖς

395 1551 623 1604 ἐκείνων
651 1550 976 1624 ἠξιώθημεν
1005 1551 1113 1606 τῶν
1139 1551 1337 1622 μονῶν.

473 1664 493 1696 ‹
532 1644 720 1698 Πίστει
749 1643 860 1714 γὰρ
888 1644 1079 1715 Σάρρα
1107 1644 1202 1698 καὶ
1236 1642 1375 1715 αὑτὴ
1413 1643 1644 1715 δύναμιν
1682 1661 1699 1694 ι

480 1735 875 1808 Ἐντρεπτικῶς
923 1733 1158 1789 ἐνταῦθα
1213 1735 1449 1806 ἤρξατο,
1501 1735 1554 1788 εί
1599 1753 1663 1804 γε
1714 1736 1976 1804 γυναικὸς

397 1829 837 1900 ἐλιγοψυχότεροι
878 1826 1180 1896 φαίνονται.
1221 1826 1383 1890 Ὂλος
1411 1826 1519 1897 γὰρ
1552 1827 1730 1880 αὐτῶν
1765 1827 1794 1878 ὁ
1821 1826 1978 1895 λόγος

393 1927 477 1989 είς
499 1923 660 1978 τοῦτο
687 1923 1077 1994 οἰκονομεῖται,
1099 1921 1182 1986 είς
1203 1920 1266 1975 τὸ
1295 1920 1760 1992 ἀποκεκμηκότας
1783 1919 1980 1984 αὐτοὺς

391 2015 832 2088 ἀνακτήσασθαι.

473 2127 494 2160 ε
547 2108 644 2170 Είς
698 2105 1006 2176 καταϐολὴν
1049 2103 1368 2175 σπέρματος
1419 2102 1619 2168 έλαϐε,
1672 2104 1766 2157 καὶ
1829 2104 1982 2174 παρὰ

389 2199 590 2271 καιρὸν
645 2198 865 2270 ἡλικίας
920 2197 1128 2263 ἔτεκεν,
1165 2197 1288 2250 ἐπεὶ
1341 2196 1533 2250 πιστὸν
1584 2198 1834 2268 ἡγήσατο
1887 2197 1980 2249 τὸν

389 2291 893 2363 ἐπαγγειλάμενον.
933 2309 953 2343 ›

465 2383 781 2448 Τουτέστιν,
815 2384 896 2446 είς
924 2381 986 2436 τὸ
1020 2382 1316 2454 κατασχεῑν
1345 2380 1407 2434 τὸ
1437 2379 1682 2452 σπέρμα.

476 2491 494 2525 ι
529 2473 621 2526 Διὸ
658 2473 754 2526 καὶ
797 2473 890 2541 ἀφ’
923 2471 1040 2536 ἐνὸς
1071 2471 1464 2542 ἐγεννήθησαν,
1509 2472 1605 2525 καὶ
1634 2469 1807 2525 ταῦτα
1836 2487 1982 2524 νενε-

392 2565 703 2638 κρωμένου,
741 2563 927 2628 καθὼς
961 2564 1032 2618 τὰ
1057 2563 1232 2637 ἄστρα
1263 2563 1360 2618 τοῦ
1393 2562 1626 2635 οὐρανοῦ
1659 2565 1737 2634 τῷ
1760 2564 1978 2635 πλήθει,

395 2659 497 2712 καὶ
533 2658 606 2721 ὡς
653 2658 860 2728 ἅμμος,
893 2658 928 2728 ἡ
961 2658 1116 2729 παρὰ
1147 2656 1208 2711 τὸ
1244 2657 1424 2728 χεῖλος
1467 2655 1570 2726 τῆς
1619 2655 1915 2728 θαλάσσης,
1949 2659 1982 2728 ἡ

391 2749 793 2820 ἀναρίθμητος.
832 2768 852 2801 ι

470 2841 640 2894 Τοῦτο
669 2841 771 2894 οὐκ
800 2840 944 2908 ἐστι,
975 2841 1163 2911 φησὶν,
1217 2841 1380 2912 μόνον
1412 2841 1472 2895 τὸ
1511 2840 1854 2914 θαυμαστὸν,
1901 2842 1983 2896 ὅτι

390 2931 558 3002 ἔσχεν
603 2930 833 3002 δύναμιν
859 2934 942 2994 εἰς
993 2931 1306 3002 καταϐολὴν
1363 2932 1701 3005 σπέρματος,
1749 2931 1862 2986 ἀλλ’
1903 2933 1984 2985 ὅτι

388 3022 669 3078 τοσούτων
697 3024 916 3093 ἐγένετο
965 3025 1172 3096 μήτηρ,
1201 3025 1344 3079 ὅσων
1375 3025 1497 3078 ούδέ
1538 3025 1758 3096 εύφοροι
1787 3025 1985 3094 γαστέ-

2078 541 2241 599 dibus
2268 542 2515 614 ejusdem
2549 541 3024 615 repromissionis.
3069 541 3432 612 Exspcctabat
3461 542 3604 596 enim
3641 561 3658 593 ι

2149 719 2420 788 Quoniam
2458 719 2539 777 illi
2585 718 2680 792 qui
2740 735 2808 777 ex
2858 719 3105 777 Hebraeis
3151 721 3523 784 crediderant,
3569 737 3665 776 eos

2079 812 2440 884 aspiciebant,
2473 826 2576 869 ceu
2607 812 2767 869 bonis
2794 815 3104 869 innumeris
3136 823 3380 882 ornatos,
3421 815 3666 870 declarat

2081 902 2353 959 neminem
2385 903 2688 974 quidquam
2721 904 3019 973 recepisse.

2156 1013 2174 1046 ι
2209 993 2590 1050 Fundamenta
2621 995 2919 1052 habentem
2951 995 3255 1050 civitatem.
3290 1017 3306 1048 ι

2149 1084 2204 1140 Id
2247 1093 2333 1142 est
2372 1086 2764 1144 inconcussam
2803 1095 2857 1142 et
2886 1086 3250 1162 immobilem.

2156 1195 2174 1228 ‹
2212 1177 2386 1248 Cujus
2426 1178 2628 1235 artifex
2665 1187 2719 1234 et
2759 1178 3015 1234 conditor
3052 1179 3216 1252 Deus.
3253 1199 3271 1231 ι

2152 1269 2274 1338 lpse
2321 1270 2468 1325 enim
2522 1269 2753 1326 veniens
2790 1269 2946 1329 '.hane
2987 1269 3069 1324 eis
3104 1269 3350 1324 donavit.
3389 1268 3522 1348 Nam
3562 1271 3666 1326 nisi

2079 1359 2238 1418 Jesus
2269 1361 2673 1430 descendisset,
2709 1371 2765 1417 et
2801 1361 3150 1417 ascendisset
3182 1362 3233 1416 in
3264 1353 3488 1427 eti-lum,
3526 1379 3664 1433 prze-

2079 1473 2277 1512 cursor
2313 1469 2502 1512 noster
2541 1456 2742 1522 factus,
2779 1456 3168 1514 mansionibus
3213 1458 3336 1515 istis
3387 1475 3667 1532 nunquam

2079 1549 2290 1620 dignati
2314 1550 2635 1606 fuissemus.

2154 1643 2317 1700 Vens.
2351 1645 2438 1699 11.
2479 1663 2498 1695 ι
2536 1643 2668 1700 Fide
2691 1654 2745 1701 et
2773 1643 2891 1714 ipsa
2923 1642 3060 1698 Sara
3098 1645 3358 1700 virtutem
3398 1665 3416 1696 ι

2153 1733 2254 1789 llic
2273 1734 2442 1790 veluti
2473 1749 2705 1804 arguere
2731 1734 2945 1804 incipit,
2972 1733 3416 1805 quandoquidem
3439 1735 3670 1789 muliere

2084 1825 2480 1882 imbecilliores
2507 1810 2860 1882 videbantur.
2894 1825 3029 1880 Nam
3064 1835 3212 1882 totus
3236 1827 3340 1882 iste
3371 1826 3438 1882 de
3470 1827 3670 1896 priscis

2083 1918 2336 1988 patribus
2365 1933 2550 1973 sermo
2576 1917 2644 1973 ad
2679 1918 2786 1974 hoc
2817 1926 3053 1991 spectat,
3091 1929 3151 1974 ut
3187 1917 3508 1974 fatiscentcs
3542 1919 3671 1974 illos

2083 2017 2318 2063 recreet.

2160 2117 2179 2150 ί
2216 2098 2278 2154 In
2307 2099 2632 2156 missionem
2677 2099 2909 2155 seminis
2964 2101 3210 2172 accepit;
3264 2101 3428 2157 etiam
3473 2109 3674 2171 praeter

2084 2197 2306 2262 tempus
2362 2193 2541 2248 aetatis
2577 2193 2814 2262 peperit,
2873 2189 3135 2262 quoniam
3179 2193 3392 2250 ﬁdelem
3438 2193 3674 2249 credidit

2083 2298 2209 2339 eum
2241 2283 2334 2354 qui
2379 2283 2795 2354 repromiserat.
2831 2303 2850 2337 ι

2153 2375 2207 2431 ld
2246 2385 2350 2444 est,
2379 2376 2448 2431 ad
2478 2362 2823 2432 retinendum
2856 2392 3066 2434 semen.

2156 2469 2326 2525 Vens.
2361 2468 2451 2522 12.
2497 2487 2516 2522 σ
2555 2467 2792 2539 Propter
2821 2469 2970 2539 quod
2995 2477 3049 2526 et
3074 2469 3143 2525 ab
3168 2483 3280 2524 uno
3304 2469 3411 2524 orti
3444 2476 3571 2524 sunt
3602 2470 3679 2539 (et

2085 2561 2190 2617 hoc
2219 2560 2511 2631 emortuo)
2565 2567 2828 2631 tanquam
2868 2560 3052 2617 sidera
3087 2561 3237 2627 cmli,‘
3269 2561 3326 2614 in
3366 2561 3678 2616 multitudi-

2087 2665 2234 2715 nem,
2265 2659 2320 2704 et
2353 2650 2499 2706 sicut
2527 2664 2696 2706 arena
2727 2665 2850 2722 qua:
2880 2657 2966 2706 est
2995 2649 3061 2705 ad
3092 2663 3248 2704 oram
3287 2647 3478 2714 maris,
3509 2649 3677 2703 innu-

2086 2743 2393 2797 merabilis.
2425 2761 2444 2795 ι

2157 2835 2277 2890 Non
2311 2837 2414 2890 hoc
2455 2837 2659 2903 solum,
2689 2836 2894 2907 inquit,
2949 2834 3205 2890 mirabile
3249 2844 3354 2899 est,
3387 2834 3534 2905 quod
3569 2834 3680 2889 vir-

2089 2933 2262 2982 tutem
2297 2927 2551 2983 habuerit
2574 2928 2641 2983 ad
2669 2927 3078 2997 susceptionem
3098 2927 3364 2994 seminis;
3389 2927 3483 2984 sed
3512 2927 3672 2982 etiam

2089 3023 2235 3091 quod
2276 3029 2443 3077 tantm
2492 3019 2869 3076 multitudinis
2913 3027 3088 3075 mater
3120 3019 3385 3084 evaserit,
3415 3027 3674 3088 quantam

363 3121 514 3187 'psc.
562 3117 648 3181 Ὧς
689 3115 758 3170 τὰ
803 3116 1000 3186 ἄστρα
1052 3117 1194 3188 γὰρ,
1246 3118 1418 3190 φησι,
1455 3118 1562 3173 τοῦ
1592 3117 1886 3186 οὐρανοῦ,
1928 3117 1986 3184 ἐξ

2096 3131 2192 3172 nec
2228 3115 2370 3169 uteri
2408 3113 2503 3168 ulli
2535 3113 2681 3168 ferre
2717 3112 2961 3168 valeant.
3011 3109 3171 3166 Sicut
3215 3109 3391 3164 sidera
3429 3109 3564 3174 cwli,
3601 3110 3679 3164 iu-

390 3209 518 3272 ἐνὸς
545 3208 602 3262 δὲ
631 3208 968 3279 σπέρματος,
999 3208 1169 3277 λέγει.

358 3317 364 3320 ’
470 3301 627 3354 Κατὰ
659 3302 844 3355 πίστιν
872 3301 1144 3358 ἀπέθανον
1186 3296 1332 3358 οὗτοι
1365 3305 1589 3370 πάντες,
1621 3304 1696 3379 μὴ
1725 3302 1986 3366 λαϐόντες

387 3391 501 3457 τὰς
532 3394 890 3462 ἐπαγγελίας.
926 3413 943 3447 ι
1035 3395 1042 3400 ’

474 3484 538 3537 Ui
563 3485 692 3554 περὶ
714 3483 806 3538 τὸν
849 3484 1125 3556 Ἀϐραὰμ,
1159 3487 1347 3557 φησίν.

479 3685 498 3718 ‹
547 3665 708 3720 Ἀλλὰ
737 3667 1028 3739 πόρρωθεν
1060 3666 1228 3730 αὐτὰς
1263 3667 1480 3734 ἰδόντες,
1509 3667 1604 3722 καὶ
1651 3668 1985 3740 ἀσπασάμε-

390 3773 503 3822 νοι,
536 3758 630 3810 καὶ
688 3757 1143 3828 ὁμολογήσαντες,
1190 3758 1274 3811 ὅτι
1304 3757 1444 3822 ξένοι
1477 3757 1572 3810 καὶ
1613 3759 1988 3829 παρεπίδημοί

392 3850 541 3902 εἰσιν
570 3849 664 3902 ἐπὶ
684 3850 782 3920 τῆς
805 3852 928 3920 γῆς.
960 3851 1024 3902 Οἱ
1053 3850 1162 3922 γὰρ
1199 3849 1425 3903 τοιαῦτα
1453 3850 1724 3920 λέγοντες,
1755 3852 1992 3922 ἐμφανί-

393 3942 628 4008 ζουσιν,
656 3942 736 3996 ὃτι
767 3943 1006 4014 πατρίδα
1051 3941 1424 4014 ἐπιζητοῦσιν.
1463 3943 1574 3996 Καὶ
1602 3945 1652 3998 εί
1701 3944 1800 4014 μὲν
1845 3943 1992 4000 ἐκεί-

391 4049 504 4103 νης
548 4034 918 4105 ἐμνημόνευον
943 4073 958 4100 ,
989 4034 1081 4104 ἀφ’
1110 4029 1180 4107 ἦς
1229 4034 1485 4105 ἐξῆλθον,
1516 4030 1662 4106 εἶχον
1697 4036 1764 4090 ἂν
1801 4037 1992 4108 καιρὸν

395 4125 749 4196 ἀνακάμψαι.
780 4126 898 4180 Νὖν
931 4125 988 4180 δέ
1031 4127 1342 4196 κρείττονος
1370 4127 1676 4196 ὀρέγονται,
1710 4130 1992 4185 τουτέστιν

361 4218 752 4289 1πουρανίου.
799 4219 890 4272 Διὸ
923 4219 1025 4272 οὐκ
1079 4219 1462 4290 ἐπαισχύνεται
1513 4221 1710 4285 αὐτοὺς
1757 4225 1784 4276 ὁ
1835 4223 1989 4292 Θεὸς,

399 4310 541 4373 Θεὸς
594 4309 973 4364 ἐπικαλεῖσθαι
1030 4311 1230 4366 αὐτῶν.
1295 4310 1586 4382 Ἢτοίμασε
1643 4313 1752 4385 γὰρ
1809 4314 1993 4380 αὐτοῖς

409 4399 588 4455 πόλιν.
627 4419 647 4454 ι

482 4491 572 4562 Τῷ
591 4492 864 4570 πνεύματι
891 4493 1157 4564 δηλονότι.

487 4600 507 4634 ‹
536 4582 730 4636 Πίστει
782 4586 1185 4656 προσενήνοχεν
1237 4584 1489 4657 Ἀϐραὰμ
1521 4585 1617 4643 τὸν
1651 4588 1838 4644 Ἰσαὰκ
1876 4607 1998 4644 πει-

404 4674 735 4746 ραζόμενος.
768 4679 864 4730 καὶ
890 4677 982 4730 τὸν
1014 4678 1280 4748 μονογενῆ
1304 4679 1668 4752 προσέφερεν,
1704 4683 1732 4734 ὁ
1765 4683 1862 4747 τὰς
1901 4685 2000 4737 ἐπ-

401 4766 670 4836 αγγελίας
699 4768 1119 4839 ἀναδεξάμενος,
1154 4770 1291 4841 πρὸς
1337 4770 1396 4824 δν
1449 4771 1720 4844 ἐλαλήθη,
1760 4774 1842 4828 ὃτι
1909 4776 1998 4830 Ἐν

418 4859 612 4913 Ἰσαὰκ
631 4858 964 4931 κληθήσεταί
999 4878 1082 4914 σοι
1129 4861 1371 4932 σπέρμα.
1409 4881 1428 4913 ι

481 4954 688 5024 Πεῖραν
732 4955 832 5025 τῆς
865 4956 1154 5020 εὐσεϐείας
1201 4956 1534 5022 ἐπιδεικνύς.
1572 4958 1835 5030 Πειράζει
1867 4961 1996 5033 γὰρ,

403 5047 511 5117 οὐχ
542 5048 620 5112 ὡς
662 5046 876 5116 ἀγνοῶν
918 5045 1073 5113 Θεὸς,
1101 5045 1219 5100 ἀλλ’
1272 5047 1353 5100 ὅτι
1390 5047 1440 5100 οἱ
1495 5047 1641 5118 ἅγιοι
1678 5053 1877 5121 πεῖραν
1904 5052 2000 5106 καὶ

407 5139 691 5205 ἀπόδειξιν
745 5138 844 5210 τῆς
895 5138 1182 5204 εὐσεϐείας
1230 5123 1660 5212 παρασχόμενοι,
1697 5142 2002 5216 θαυμαστοὶ

407 5230 569 5302 παρὰ
600 5233 736 5285 πᾶσι
769 5230 1055 5300 γένωνται.

491 5339 512 5373 ι
547 5323 938 5396 Δογισάμενος,
973 5325 1055 5378 ὅτι
1090 5324 1186 5380 καὶ
1217 5324 1282 5378 ἐκ
1331 5324 1542 5396 νεκρῶν
1571 5326 1810 5397 ἐγείρειν
1843 5327 2001 5382 δυνα-

407 5413 506 5477 τὸς
529 5417 558 5469 ὁ
587 5416 738 5480 Θεός.
777 5434 795 5466 ›
1579 5450 1588 5458 .

491 5505 688 5576 Ἔλεγε
710 5545 725 5573 ,
755 5509 941 5578 φησὶν,
969 5509 1051 5563 ὅτι
1082 5510 1112 5562 δ
1139 5511 1204 5563 ἐκ
1236 5511 1451 5582 μήτρας
1474 5511 1570 5565 καὶ
1603 5515 2000 5584 γεγηρακυίας,

411 5598 516 5657 καὶ
539 5600 812 5669 ἀχρήστου
844 5601 1220 5673 γεγενημένης
1246 5643 1260 5667 ,
1289 5603 1404 5656 υἱὸν
1433 5604 1689 5672 γενέσθαι
1720 5623 2000 5678 παρεσχη-

409 5689 552 5756 κὼς,
577 5690 672 5744 καὶ
705 5692 981 5761 σφαγέντα
1015 5693 1313 5764 ἀναστῆσαι
1339 5695 1645 5767 δυνήσεται.

495 5801 515 5836 ι
545 5782 708 5840 Ὅθεν
735 5784 900 5839 αὑτὸν
929 5786 1021 5840 καὶ
1047 5785 1105 5841 ἐν
1138 5786 1421 5860 παραϐολῇ
1454 5788 1766 5859 ἐκομίσατο.
1801 5807 1818 5840 ›

2098 3208 2240 3279 quit,
2276 3221 2342 3261 ex
2376 3219 2486 3259 uno
2518 3202 2779 3259 videlicet
2813 3203 3042 3260 semine.

2068 3307 2076 3310 ‘
2169 3297 2334 3353 Vens.
2363 3293 2547 3350 15-16.
2586 3313 2606 3346 ‹
2643 3294 2812 3349 Juxta
2845 3295 3006 3349 [idem
3053 3291 3301 3352 defuncti
3332 3301 3460 3352 sunt
3492 3309 3684 3349 omnes

2097 3397 2207 3463 isti,
2250 3408 2360 3449 non
2395 3392 2642 3462 acceptis
2673 3391 3230 3462 repromissionibns.
3268 3410 3286 3442 ι

2168 3489 2447 3543 Abraham
2497 3487 2778 3550 nimirum,
2809 3492 2863 3540 et
2921 3484 3015 3552 qui
3062 3499 3124 3539 ex
3172 3498 3238 3538 eo
3273 3481 3381 3539 orti
3430 3491 3561 3540 sunt
3595 3497 3682 3553 pa—

2100 3581 2377 3636 triarebae.

2169 3671 2328 3742 251
2370 3691 2387 3722 ‹
2429 3669 2536 3725 Sed
2564 3685 2590 3722 a
2624 3671 2782 3740 longe
2811 3683 2906 3724 eas
2957 3667 3315 3740 accipientes,
3349 3678 3402 3722 et
3436 3667 3685 3723 saluzau-

2100 3773 2205 3830 tes,
2234 3774 2288 3820 et
2325 3763 2651 3820 conﬁtentes
2694 3763 2827 3835 quia
2864 3763 3141 3835 peregrini
3169 3771 3223 3818 et
3275 3764 3522 3833 hospites
3556 3775 3684 3820 sunt

2102 3875 2267 3930 super
2301 3869 2528 3915 terram.
2563 3857 2666 3926 Qui
2698 3857 2846 3912 enim
2880 3857 2996 3910 haec
3034 3856 3248 3922 dicunt,
3285 3856 3594 3926 signiﬁcant
3627 3872 3687 3912 se

2101 3952 2336 4023 patriam
2360 3949 2661 4021 inquirere.
2683 3947 2750 4001 Et
2774 3949 2820 4002 si
2840 3948 3066 4018 quidem
3088 3947 3266 4017 ipsius
3288 3947 3684 4012 meminissent,

2101 4047 2168 4102 de
2196 4061 2305 4117 qua
2359 4045 2638 4108 exierunt,
2668 4041 2946 4096 habebant
2985 4039 3180 4110 utique
3235 4046 3452 4109 tempus
3500 4054 3685 4093 rever-

2103 4140 2273 4196 tendi.
2303 4138 2464 4192 Nunc
2502 4144 2684 4191 autem
2733 4134 3016 4190 meliorem
3050 4140 3337 4204 appetunt,
3373 4133 3424 4185 id
3458 4142 3539 4186 est
3571 4148 3687 4185 cm-

2101 4231 2315 4289 lestem.
2351 4229 2479 4286 Ideo
2531 4244 2640 4284 non
2701 4227 3060 4284 confunditur
3109 4226 3255 4281 Deus
3312 4225 3498 4280 vocari
3543 4225 3686 4280 Deus

2101 4301 2290 4380 eorum
2325 4338 2337 4376 ε
2367 4321 2578 4392 paravit
2610 4322 2756 4376 enim
2799 4319 2912 4376 illis
2940 4317 3242 4375 civitatem.
3277 4335 3294 4369 ι

2029 4491 2094 4553 1)Δ
2176 4500 2387 4570 Spiritu
2421 4499 2704 4554 nimirum.

2169 4590 2337 4647 Vens.
2371 4591 2458 4656 17,
2489 4590 2573 4645 18.
2605 4609 2622 4641 ‹
2661 4587 2791 4645 Fide
2823 4587 3022 4644 obtulit
3057 4587 3334 4644 Abraham
3368 4587 3540 4650 Isaac,
3563 4603 3684 4642 cum

2100 4691 2446 4750 tentaretur;
2474 4691 2527 4738 et
2576 4681 2919 4752 unigenitum
2969 4680 3258 4746 olIerebat,
3295 4681 3390 4752 qui
3425 4697 3688 4751 suscepe-

2101 4786 2186 4830 rat
2230 4775 2717 4845 repromissiones,
2753 4775 2822 4830 ad
2857 4788 3020 4845 quem
3049 4773 3256 4828 dictum
3294 4781 3378 4829 est
3410 4792 3423 4828 :
3459 4773 3596 4840 Quia
3634 4775 3688 4828 in

2102 4869 2256 4924 Isaac
2282 4867 2571 4924 vocabitur
2602 4868 2698 4923 tibi
2733 4883 2948 4924 semen.
2987 4886 3004 4919 ι

2174 4962 2624 5032 Experimentum
2677 4961 2928 5032 praebens
2959 4961 3184 5034 pietatis
3211 4977 3346 5018 suae.
3379 4959 3516 5016 Nam
3546 4961 3688 5042 Dens

2103 5056 2411 5131 perieulum
2454 5054 2609 5120 facit,
2658 5070 2766 5109 non
2809 5071 2873 5110 ex
2903 5054 3236 5126 ignorantia,
3271 5055 3365 5110 sed
3396 5063 3453 5108 ut
3491 5055 3689 5119 sancti,

2103 5145 2334 5216 probata
2386 5144 2875 5216 demonstrataque
2933 5145 3135 5216 pietate
3188 5159 3326 5209 sua,
3359 5157 3589 5203 cunctos
3635 5148 3688 5201 in

2105 5235 2526 5294 admirationem
2558 5236 2802 5308 rapiant.

2174 5326 2341 5382 Vens.
2379 5326 2464 5379 l9.
2507 5345 2524 5378 ι
2563 5327 2852 5382 Arbitrans
2904 5328 3031 5397 quia
3072 5335 3124 5383 et
3163 5341 3192 5380 a
3231 5328 3462 5383 mortuis
3512 5329 3690 5386 susci-

2104 5428 2223 5474 tare
2256 5429 2448 5488 potens
2482 5426 2567 5473 est
2599 5418 2759 5474 Deus.
2814 5437 2830 5468 ι
3267 5423 3270 5426 ’

2176 5511 2444 5578 Dicebat,
2479 5511 2658 5581 inquit
2698 5529 2710 5564 :
2749 5510 2844 5566 ille
2878 5511 2970 5581 qui
3030 5529 3094 5568 ex
3140 5513 3299 5568 vulva
3334 5523 3557 5585 propter
3607 5528 3692 5570 se»

2105 5606 2257 5659 nium
2299 5603 2542 5657 marcida
2577 5611 2740 5672 atque
2782 5605 2961 5657 inutili
3018 5605 3261 5670 reddita,
3309 5607 3456 5677 gigni
3519 5606 3686 5660 lilium

2108 5697 2405 5762 concessit,
2444 5696 2559 5766 ipse
2603 5695 2802 5766 poterit
2843 5704 2897 5750 et
2933 5697 3180 5752 occisum
3219 5699 3484 5752 excitare.
3523 5687 3528 5692 ’

2184 5807 2202 5843 ι
2239 5788 2397 5845 l'ndc
2433 5804 2555 5845 cum
2590 5795 2643 5844 et
2683 5789 2732 5844 in
2770 5789 3086 5858 parabolam
3115 5790 3343 5859 accepit.
3380 5806 3399 5840 ι
