4048 6436
421 313 529 382 983

1616 313 1679 373 S.
1706 308 2028 375 JOANNIS
2057 307 2492 371 DAMASCENI

3599 308 3713 372 985.

498 427 556 484 Id
599 434 704 493 est,
739 427 798 487 in
825 427 1158 496 exemplum.
1186 423 1326 482 Nam
1376 424 1549 497 figura
1584 424 1792 480 Christi
1827 426 2009 481 factus

2182 423 2476 477 Τουτέστιν
2499 420 2558 476 ἓν
2585 418 2968 490 ὑποδείγματι.
3002 418 3186 484 Τύπος
3217 419 3327 490 γάρ
3352 418 3546 488 γέγονε
3568 419 3712 494 Χριο

425 514 556 577 est:
587 517 803 590 hocque
823 517 1040 573 facinus
1071 517 1291 588 signum
1313 524 1432 572 erat
1462 514 1577 571 fore
1603 522 1662 570 ut
1687 515 1848 571 Pater
1876 513 2013 574 Uui-

429 612 675 683 genitum
705 609 944 666 traderet
971 608 1337 665 offerendum.

497 703 668 760 Vens.
720 702 813 768 20,
842 702 933 759 2i.
975 720 995 755 ι
1056 701 1192 757 Fide
1249 708 1304 758 ct
1363 702 1433 760 de
1482 701 1685 759 futuris
1733 699 2016 761 benedixit

431 795 582 853 Isaac
605 794 776 858 Jacob
804 808 861 852 et
908 795 1082 860 Esau.
1115 793 1252 851 Fide
1284 793 1458 860 Iacob
1488 797 1732 852 moriens
1763 795 2015 868 singulos

432 888 670 943 ﬁliorum
702 886 907 959 Ioseph
955 887 1260 947 benedixit.
1303 905 1324 939 ι

506 980 808 1047 Undenam,
855 980 1056 1052 inquit,
1090 979 1217 1036 filiis
1243 986 1394 1035 tanta
1431 980 1522 1035 illa
1549 979 1693 1036 bona
1739 980 2018 1053 pollicitus

432 1081 539 1135 est,
570 1073 677 1129 nisi
705 1073 835 1144 quia
858 1073 1118 1128 credebat
1148 1072 1257 1129 Deo
1286 1073 1311 1126 ‘2

511 1185 530 1218 ι
564 1164 630 1220 Et
661 1165 914 1222 adoravit
958 1164 1012 1219 in
1046 1163 1271 1235 fastigio
1296 1165 1466 1237 virgae
1508 1179 1646 1223 suae.
1682 1162 1876 1239 ﬂens.
1899 1163 2018 1238 22.]

437 1256 570 1313 Fide
607 1254 814 1328 Ioseph
859 1256 928 1313 de
953 1256 1296 1328 profectione
1325 1256 1566 1316 filiorum
1617 1259 1780 1316 Israel
1812 1273 2021 1315 memo-

435 1359 594 1406 ratus
624 1359 724 1408 est.
764 1367 786 1404 ι

510 1441 687 1509 Tunc,
725 1443 944 1512 inquit,
975 1459 1084 1499 non
1122 1443 1299 1500 solum
1333 1442 1532 1500 effatus
1583 1453 1666 1501 est
1691 1486 1709 1513 ι
1743 1443 1839 1501 sed
1873 1452 1924 1500 et
1956 1443 2023 1501 iis

436 1549 560 1605 quae
590 1543 818 1590 ventura
848 1544 1033 1600 erant,
1070 1535 1210 1593 adeo
1236 1534 1569 1603 confidebat,
1611 1547 1669 1592 ut
1690 1545 1747 1591 et
1773 1536 1876 1591 hoc
1908 1537 2026 1608 ipse

437 1624 610 1694 gestis
661 1625 1017 1696 exprimeret.
1047 1624 1182 1679 Nam
1225 1625 1351 1696 quia
1391 1624 1640 1681 futurum
1693 1633 1815 1681 erat
1847 1635 1908 1681 ut
1957 1643 2026 1682 ex

438 1716 698 1785 Ephraim
733 1731 828 1771 rex
865 1717 1005 1773 alter
1031 1724 1411 1788 consurgeret,
1446 1725 1741 1788 eapropter
1764 1717 2026 1787 adorasse

439 1822 563 1864 eum
597 1807 652 1862 in
684 1806 907 1880 fastigio
943 1808 1107 1881 virga
1153 1824 1268 1865 suae
1296 1809 1392 1864 ait.
1438 1807 1560 1864 Jam
1614 1809 1761 1866 enim
1783 1849 1798 1875 ,
1824 1809 2023 1880 inquit,

437 1897 736 1972 Josephtim
769 1902 1122 1968 adoraverat,
1153 1902 1477 1975 significans
1506 1917 1633 1959 eum
1668 1902 1738 1959 ab
1768 1902 2029 1958 universo

441 1994 644 2063 populo
715 2005 940 2067 propter
1013 1994 1268 2067 Ephraim
1339 1995 1684 2052 adorandum
1720 2013 1734 2051 :
1770 1995 1824 2052 id
1883 1994 2029 2066 quod

439 2086 792 2158 postmodum
827 2103 858 2143 a
884 2088 1145 2146 tribubus
1174 2095 1451 2162 patratum
1481 2088 1603 2144 fuit.

511 2266 627 2324 Hoc
662 2277 765 2335 est,
784 2270 912 2341 quia
946 2270 1060 2341 jam
1095 2271 1422 2342 grandaevus
1462 2277 1603 2326 erat.

519 2381 538 2408 ‹
579 2360 647 2415 Ει
684 2361 753 2418 de
782 2363 1005 2421 ossibus
1033 2364 1149 2422 suis
1183 2362 1488 2420 mandavit.
1525 2361 1720 2435 [νεεδ.
1745 2360 1866 2435 25.]
1896 2360 2033 2417 Fide

440 2452 652 2526 Moyses
696 2467 882 2522 natus,
916 2474 934 2508 ι

514 2543 585 2601 Ut
644 2557 801 2603 certo
831 2548 1082 2604 crederet
1127 2550 1370 2621 populus
1409 2548 1846 2621 redemptionem
1894 2547 2032 2620 ipsis

440 2637 718 2707 quondam
748 2638 1087 2698 adfuturam.
1118 2641 1310 2713 Neque
1359 2642 1507 2698 enim
1530 2641 1600 2698 de
1655 2642 1862 2699 ossium
1900 2655 2032 2698 suo-

2114 514 2244 569 στοῦ
2271 529 2286 545 ⁸
2335 514 2432 568 καὶ
2467 511 2628 567 τοῦτο
2657 506 2728 582 ἦν
2762 509 3065 581 σύμϐολον,
3114 509 3306 566 τοῦτον
3350 510 3574 582 Πατέρα
3615 512 3712 567 τὸν

2113 607 2396 680 Μονογενῆ
2430 607 2750 678 προσάγειν.

2193 722 2212 756 ι
2248 701 2437 758 Πίστει
2465 701 2562 757 καὶ
2587 702 2718 773 περὶ
2747 700 3052 774 μελλόντων
3080 699 3376 769 εὐλόγησεν
3409 694 3599 754 Ἰσαάκ
3619 695 3715 750 τὸν

2130 795 2325 850 Ἰακὼϐ
2371 794 2583 850 καὶτὸν
2624 796 2821 851 Ἠσαῦ.
2856 795 3048 850 Πίστει
3093 791 3291 847 Ἰακὼϐ
3325 791 3716 860 ἀποθνήσκων,

2117 890 2352 946 ἕκαστον
2380 889 2488 944 τῶν
2516 888 2648 944 υίῶν
2683 888 2884 960 Ἰωσὴφ
2922 887 3240 960 εὐλόγησεν.

2192 982 2385 1050 Πόθεν,
2414 981 2986 1054 φησὶν,ἐπηγγείλατο
3014 983 3128 1046 τοῖς
3157 980 3296 1044 υίοῖς
3315 976 3554 1032 τοσαῦτα
3581 975 3719 1045 ἀγα-

2121 1075 2211 1141 Θά,
2243 1073 2403 1146 ἢάπὺ
2427 1073 2520 1127 τοῦ
2555 1075 2834 1128 πιστεύειν
2883 1074 2962 1146 τῷ
2991 1074 3144 1144 Sed);

2199 1187 2218 1219 ι
2257 1167 2369 1222 Kal.
2410 1165 2820 1238 προσεκύνησεν
2845 1167 2939 1220 ἐπὶ
2966 1165 3027 1220 τὸ
3050 1167 3220 1234 ἄκρον
3264 1165 3364 1234 τῆς
3389 1162 3590 1234 ῥάϐδου
3621 1159 3725 1214 αὐ-

2122 1260 2236 1314 τοῦ.
2282 1259 2478 1314 Πίστει
2511 1259 2710 1332 Ἰωσὴφ
2749 1259 3023 1314 τελευτῶν
3078 1258 3208 1330 περὶ
3250 1255 3354 1326 τῆς
3397 1254 3588 1322 ἐξόδου
3608 1252 3726 1307 τῶν

2125 1352 2258 1405 υἱῶν
2296 1351 2514 1422 Ἰσραὴλ
2549 1351 2947 1424 ἐμνημόνευσε.
2985 1368 3005 1403 ι

2208 1443 2495 1509 Ἐνταῦθα,
2521 1444 2710 1514 φησὶν,
2745 1443 2808 1496 οὐ
2854 1442 3017 1514 μόνον
3046 1436 3224 1507 εἶπεν,
3256 1439 3394 1495 ἀλλά
3422 1438 3517 1493 καὶ
3544 1436 3727 1502 οὕτως

2127 1537 2352 1610 ἐθάῤῥει
2393 1538 2506 1600 τοῖς
2541 1536 2843 1606 ἐσομένοις,
2883 1535 2960 1599 ὡς
3002 1535 3096 1588 καὶ
3128 1532 3206 1604 τῷ
3251 1533 3399 1605 ἔργῳ
3427 1530 3590 1594 αὐτὸς
3627 1530 3729 1584 ἐπ-

2129 1625 2352 1691 έδειξεν.
2397 1625 2614 1697 Ἐπειδὴ
2643 1625 2752 1696 γὰρ
2778 1624 3004 1696 ἔμελλεν
3033 1623 3142 1678 ἀπὸ
3182 1621 3277 1677 τοῦ
3321 1619 3567 1695 Ἐφραὶμ
3623 1620 3724 1673 ἀν-

2134 1719 2648 1790 ίστασθαιβασιλεῦς
2689 1717 2898 1790 ἕτερος,
2925 1716 3027 1786 διὸ,
3065 1716 3222 1788 φησὶ,
3258 1716 3352 1769 καὶ
3375 1711 3728 1786 προσεκύνη-

2132 1831 2225 1868 σεν
2245 1813 2339 1868 ἐπὶ
2370 1812 2430 1866 τὸ
2455 1812 2626 1883 ἄκρον
2651 1811 2750 1881 τῆς
2793 1809 2993 1882 ῥάϐδου
3023 1807 3212 1862 αὐτοῦ.
3253 1807 3396 1877 Ἤδη
3432 1805 3546 1877 γὰρ
3567 1845 3582 1868 ,
3613 1821 3727 1876 φη-

2130 1906 2238 1971 σὶν,
2270 1904 2659 1976 προσεκυνεῖτο
2691 1901 2772 1972 τῷ
2804 1900 3036 1973 Ἰωσὴφ,
3071 1900 3172 1972 τὴν
3219 1899 3317 1953 τοῦ
3376 1895 3579 1960 παντὸς
3627 1895 3728 1949 τοῦ

2129 1996 2260 2052 λαοῦ
2293 1993 2664 2068 προσκύνησιν
2685 1993 2997 2064 δηλῶν,τὴν
3035 1990 3303 2063 ἐσομένην
3334 1988 3488 2060 αὐτῷ
3511 1987 3601 2040 διὰ
3629 1984 3731 2040 τοῦ

2142 2090 2388 2162 Ἐφραίμ
2426 2104 2442 2120 ’
2471 2089 2566 2144 καὶ
2612 2086 2776 2142 τοῦτο
2819 2085 2984 2158 ἐξέϐη
3039 2084 3132 2140 διὰ
3187 2083 3302 2141 τῶν
3349 2080 3537 2153 φυλῶν
3566 2079 3735 2133 ῦστε-

2133 2200 2248 2255 ρον.

2201 2276 2246 2329 Τ
2248 2272 2462 2330 ουτέστι
2484 2273 2577 2328 καὶ
2601 2272 2781 2344 γέρων
2812 2271 2889 2325 ὢν
2921 2269 3046 2343 ἢδη.

2207 2387 2226 2421 ι
2265 2367 2379 2422 Καὶ
2408 2365 2536 2437 περὶ
2587 2365 2696 2419 τῶν
2729 2364 2936 2419 ὀστέων
2989 2359 3154 2416 αὐτοῦ
3181 2357 3511 2415 ἐνετείλατο.
3536 2354 3732 2411 Πίστει

2130 2457 2376 2529 Μωῦσῆς
2407 2456 2715 2529 γεννηθεὶς,
2747 2475 2767 2508 ι

2202 2551 2322 2605 Ἶνα
2343 2548 2614 2621 πιστεύσῃ
2636 2549 2665 2602 ὁ
2693 2548 2840 2614 λαὸς,
2881 2549 2966 2602 ὅτι
2998 2546 3220 2610 πάντως
3257 2543 3413 2598 ἔσται
3449 2540 3603 2612 αὐτῷ
3635 2538 3734 2594 λύ-

2130 2659 2352 2714 τρωσις.
2383 2640 2499 2695 Οὐκ
2526 2641 2594 2694 ἂν
2624 2639 2733 2712 γὰρ
2765 2637 2897 2710 περὶ
2920 2639 3019 2710 τῆς
3044 2635 3389 2710 μεταθέσεως
3409 2633 3522 2686 τῶν
3554 2630 3735 2686 ὀστῶν

439 2745 564 2785 rum
624 2733 984 2790 translatione
1047 2735 1668 2802 commonuisset,nisi
1724 2735 1831 2791 hoc
1880 2741 2034 2791 certo

2158 2734 2576 2806 νμνημόνευσεν,
2605 2732 2655 2785 εί
2697 2730 2774 2803 μὴ
2824 2729 3070 2801 ἀκριϐῶς
3114 2727 3263 2798 ἐώρα
3312 2724 3584 2796 ἐσομένην
3631 2723 3736 2778 αὐ-

437 2831 743 2892 prtenosset
766 2823 1035 2880 futurum.
1086 2849 1089 2851 ν
2131 2826 2255 2898 τήν.

517 2935 536 2966 ι
574 2913 897 2970 Occultatus
941 2926 1029 2973 est
1062 2917 1350 2975 mensibus
1402 2919 1587 2979 tribus
1636 2936 1668 2978 a
1709 2917 2034 2992 parentibus

2211 2936 2231 2969 ι
2282 2915 2520 2987 Ἑκρύϐη
2576 2913 2846 2987 τρίμηνον
2902 2911 3012 2966 ἀπὸ
3057 2912 3169 2966 τῶν
3221 2909 3478 2983 πατέρων
3539 2903 3733 2972 αὐτοῦ,

441 3003 582 3065 suis.
618 3018 686 3059 eo
726 3004 874 3074 quod
895 3004 1128 3062 vidisset
1156 3007 1464 3076 elegantem
1505 3008 1805 3068 infantem;
1842 3011 1897 3059 et
1925 3018 2034 3059 non

2158 3009 2270 3064 ἱιότι
2295 3002 2436 3062 εἶδον
2474 3008 2692 3062 ἀστεῖον
2738 3005 2800 3059 τὸ
2851 3005 3087 3069 παιδίον,
3124 3003 3220 3058 καὶ
3239 3004 3341 3058 οὐκ
3379 2999 3735 3072 ἐφοϐήθησαν

446 3093 754 3149 timuerunt
805 3095 951 3166 regis
980 3095 1250 3152 edictum.
1285 3095 1476 3170 [Vr-2M.
1519 3098 1638 3170 ΞΗ
1661 3096 1794 3152 Fide
1823 3095 2034 3168 Moyses

2158 3102 2208 3155 ιδ
2253 3101 2531 3172 διάταγμα
2585 3098 2679 3154 τοῦ
2713 3097 2998 3171 βασιλέως.
3039 3097 3229 3151 Πίστει
3272 3094 3514 3166 Μωῦοῆς
3557 3090 3738 3164 μέγας

443 3181 670 3254 grandis
728 3181 908 3239 factus
933 3224 949 3250 ,
976 3203 996 3236 ι

517 3275 656 3343 Quia
694 3291 804 3330 non
857 3275 932 3332 ita
969 3291 1138 3348 grave
1180 3287 1266 3336 est
1320 3281 1532 3338 sanctis
1579 3281 1689 3340 illis
1727 3283 1864 3340 viris
1894 3281 2036 3339 infe-

443 3366 625 3423 riores
648 3368 843 3433 videri,
863 3383 982 3424 eam
1017 3371 1086 3426 ob
1123 3386 1239 3426 rem
1275 3372 1530 3430 homines
1553 3375 1761 3432 nullius
1791 3375 2037 3432 nominis

444 3467 500 3519 et
531 3461 803 3531 ignobiles
852 3460 1086 3532 profert.

514 3552 679 3623 252
722 3573 741 3605 ι
801 3553 1032 3626 Negavit
1080 3570 1140 3612 se
1195 3572 1324 3615 esse
1377 3557 1548 3632 filium
1610 3558 1738 3615 filiae
1786 3558 2037 3614 Pharao-

446 3643 555 3709 nis,
594 3643 786 3717 [Vens
824 3644 918 3719 25]
975 3647 1150 3720 magis
1186 3649 1394 3722 eligens
1449 3649 1615 3722 θαιίεὶ
1654 3666 1780 3707 cum
1835 3653 2040 3722 populo

446 3735 566 3802 Dei,
606 3755 626 3790 ι

519 3828 636 3884 Hoc
669 3829 748 3884 ait
787 3839 848 3884 ut
903 3830 1099 3887 doceat
1155 3830 1285 3888 illos
1343 3836 1529 3890 omnia
1589 3834 1901 3908 despicere,
1936 3851 2038 3892 nec

449 3921 746 3978 concidere
780 3924 1018 3991 animis,
1056 3924 1186 3980 dum
1239 3926 1531 3986 facultates
1572 3945 1686 3986 suae
1735 3930 2043 4001 diriperen-

450 4022 544 4070 tur
575 4032 590 4069 :
621 4014 844 4084 quando
875 4014 1087 4087 Moyses
1116 4032 1337 4090 quoque
1371 4030 1600 4090 propter
1632 4021 1794 4078 fidem
1825 4023 2042 4078 thesau-

452 4121 546 4162 ros
579 4106 761 4178 regios
790 4108 1037 4179 reliquit.

521 4194 643 4252 Non
692 4196 1023 4269 simpliciter
1069 4198 1321 4266 dimisit,
1353 4199 1450 4256 sed
1497 4207 1552 4256 et
1608 4200 2039 4265 abrenuntiavit,

452 4290 559 4349 hoc
580 4296 664 4344 est
693 4289 822 4344 odio
852 4288 984 4344 illud
1017 4288 1232 4355 habuit,
1263 4297 1320 4345 et
1371 4291 1683 4347 exhorruit.
1715 4292 1850 4346 Dum
1890 4290 2041 4346 enim

375 4381 380 4386 ’
451 4382 654 4437 coelum
706 4383 1154 4453 proponebatur,
1185 4381 1395 4440 frustra
1444 4385 1625 4456 regias
1672 4383 1895 4456 Egypti
1943 4383 2042 4439 do-

453 4487 575 4528 mos
604 4472 837 4529 miratus
865 4480 1036 4529 esset.

533 4581 553 4614 ¢
598 4563 773 4629 Quam
837 4563 1160 4634 temporalis
1199 4563 1433 4636 peccati
1474 4563 1679 4621 habere
1715 4565 2042 4636 iucunditas

455 4664 564 4715 tem
598 4671 612 4706 :
645 4654 839 4728 Heus.
869 4654 964 4728 26]
1014 4655 1254 4728 majores
1286 4657 1512 4715 divitias
1565 4658 1893 4716 existimans
1924 4660 2045 4720 the-

457 4763 622 4807 sauro
649 4747 1036 4820 Egyptiorum
1083 4768 1103 4802 ι

527 4840 820 4898 Peccatum
850 4856 975 4898 esse
1018 4841 1177 4908 dixit,
1199 4843 1344 4899 nolle
1375 4858 1497 4899 cum
1531 4843 1654 4908 aliis
1680 4844 1869 4918 affligi.

535 5039 558 5073 ι
594 5021 989 5092 Improperium
1017 5023 1222 5080 Christi
1242 5025 1576 5095 :aspiciebat
1601 5027 1745 5085 enim
1780 5027 1832 5082 in
1861 5043 2048 5084 remu-

461 5114 829 5183 nerationem.
883 5115 1078 5189 [Vens
1107 5116 1223 5188 27.]
1257 5117 1392 5174 Fide
1444 5119 1671 5191 reliquit
1722 5119 2044 5193 )Egyptum,

463 5224 573 5264 non
608 5208 813 5264 veritus
865 5208 1274 5262 animositatem
1318 5211 1480 5282 regis.

535 5298 650 5355 Hoc.
675 5307 781 5363 est,
811 5298 941 5353 talia
983 5299 1088 5354 sibi
1121 5303 1464 5371 exprobrari,
1501 5303 1684 5373 qualia
1733 5305 1895 5362 nobis
1923 5320 2050 5376 pro-

463 5402 585 5463 pter
609 5393 926 5449 Christum:
957 5408 1053 5448 seu
1087 5394 1213 5463 quia
1237 5394 1477 5466 Egyplii
1510 5394 1624 5452 Deo
1655 5399 2048 5453 contumeliam

465 5487 780 5556 irrogarant
812 5525 826 5550 ,
858 5485 1063 5555 injuste
1093 5486 1379 5544 alliciendo
1405 5530 1420 5556 ,
1456 5496 1510 5543 et
1537 5489 1822 5545 laboribus
1861 5490 2050 5560 oppri-

465 5576 664 5632 mendo
693 5575 995 5646 israelitas,
1034 5592 1099 5632 ac
1144 5580 1190 5634 si
1229 5580 1297 5634 ab
1333 5580 1425 5634 illo
1483 5581 1706 5634 liberari
1747 5596 1856 5636 non
1921 5597 2049 5652 pos-

466 5681 560 5724 seu
568 5677 609 5724 ῑο

549 5779 572 5816 ι
609 5759 946 5820 lnvisihilcm
993 5763 1142 5820 enim
1177 5775 1438 5835 tanquam
1470 5766 1662 5823 ridens
1694 5767 1981 5824 sustinuit.
2027 5788 2044 5820 ›

2273 3210 2451 3258 μενος,
2499 3211 2518 3244 ι

2273 3215 2281 3227 ·
2311 3210 2366 3246 εν
2436 3233 2451 3258 ,
2499 3211 2518 3244 ι

2137 3194 2444 3354 γεὛίῐέειτδῗί)
2468 3282 2578 3337 τῶν
2610 3283 2783 3352 ἁγίων
2828 3282 3055 3337 ἐκείνων
3086 3281 3351 3346 ἐλάττους
3375 3278 3616 3351 φανῆναι
3643 3276 3739 3332 οὐο

2136 3377 2225 3430 δὲν
2250 3371 2318 3448 ἦν
2344 3375 2536 3442 δεινὸν,
2567 3376 2762 3428 τούτου
2794 3374 2980 3446 χάριν,
3025 3373 3123 3427 καὶ
3155 3373 3416 3438 εὐτελεῖς,
3449 3371 3547 3425 καὶ
3590 3369 3734 3441 ἀσή-

2055 3513 2066 3530 ,
2142 3483 2278 3539 μους
2311 3465 2512 3537 ἄνδρας
2542 3465 2780 3536 τίθησιν.

2215 3579 2234 3612 ι
2289 3559 2596 3630 Ἦρνήσατο
2622 3556 2876 3626 λέγεσθαι
2901 3557 3015 3619 υίὸς
3048 3554 3320 3628 θυγατρὸς
3359 3552 3563 3624 Φαραὼ
3595 3551 3737 3624 μᾶλ-

2138 3653 2230 3706 λον
2259 3651 2514 3722 ἐλόμενος
2537 3649 3038 3720 συγκακουχεῖσθαι
3065 3648 3145 3720 τῷ
3176 3648 3292 3720 λαῴ
3319 3646 3414 3702 τοῦ
3446 3645 3609 3712 Θεοῦ,
3651 3663 3672 3696 ι

2211 3829 2385 3887 Τοῦτό
2436 3847 2605 3902 φησι,
2634 3829 2906 3884 διδάσκων
2955 3827 3154 3892 αὐτοὺς
3199 3827 3564 3898 καταφρονεῖν
3594 3823 3738 3878 πάν-

2142 3941 2270 3987 των,
2303 3922 2398 3976 καὶ
2430 3921 2507 3993 μὴ
2555 3919 2850 3990 ἀδημονεῖν
2891 3917 2984 3972 ἐπὶ
3009 3919 3076 3990 τῇ
3104 3916 3214 3970 τῶν
3249 3914 3609 3986 ὑπαρχόντων
3638 3913 3739 3983 άρ-

2143 4017 2315 4086 παγῇ,
2347 4014 2482 4067 ὅπου
2512 4029 2578 4082 γε
2600 4012 2628 4066 ό
2648 4010 2893 4081 Μωῦσῆς
2922 4009 3012 4063 διὰ
3045 4008 3229 4064 πίστιν
3259 4007 3386 4072 τοὺς
3418 4005 3739 4078 βασιλικοὺς

2143 4108 2358 4176 ἐξέλιπε
2402 4103 2736 4178 θησαυρούς.

2215 4197 2329 4268 Οὐχ
2355 4194 2544 4260 ἁπλῶς
2577 4195 2794 4266 ἀφῆκεν
2819 4233 2836 4258 ,
2863 4191 3030 4264 φησὶν
3052 4233 3067 4257 ,
3099 4189 3218 4246 ἀλλ’
3246 4190 3546 4264 ἠρνήσατο,
3576 4205 3738 4242 τουτο

2143 4291 2294 4345 ἐστιν
2356 4288 2612 4359 ἐμίσησε,
2649 4284 2747 4340 καὶ
2803 4285 3155 4358 ἀπεστράφη.
3191 4281 3300 4336 Τοῦ
3349 4281 3460 4353 γὰρ
3501 4279 3737 4350 οὐρανοῦ

2143 4381 2512 4452 προκειμένου
2538 4418 2556 4448 ,
2601 4377 2865 4450 περισσὸν
2905 4372 2976 4449 ἦν
3025 4376 3096 4430 τά
3132 4373 3379 4446 βασίλεια
3429 4371 3739 4446 θαυμάζειν

2018 4501 2023 4505 -
2074 4470 2119 4526 1)
2146 4472 2450 4542 Αἰγύπτου.

2222 4585 2242 4620 ι
2282 4566 2356 4619 ’Ἡ
2428 4564 2764 4636 πρόσκαιρον
2832 4561 2982 4634 ἔχειν
3053 4563 3330 4636 ἁμαρτίας
3391 4562 3690 4631 ἀπόλαυσιν
3722 4577 3738 4592 ·

2149 4659 2374 4731 μείζονα
2406 4657 2636 4712 πλοῦτον
2667 4655 3018 4729 ἡγησάμενος
3042 4655 3149 4708 τῶν
3176 4654 3235 4709 ἐν
3255 4654 3518 4725 Αἰγύπτῳ
3537 4653 3738 4726 θησαυ-

2147 4769 2260 4823 ρων
2294 4769 2314 4802 ›

2231 4841 2537 4914 Ἀμαρτίαν
2591 4835 2736 4909 εἶπε,
2768 4842 2829 4898 τὸ
2860 4843 2937 4916 μὴ
2974 4842 3198 4916 θελῆσαι
3229 4843 3343 4907 τοῖς
3376 4840 3561 4906 ἄλλοις
3606 4855 3742 4910 συγ-

2148 4936 2492 5007 κακωθῆναι.

2225 5047 2244 5081 ι
2279 5028 2383 5081 Τὸν
2409 5025 2714 5099 ὀνειδισμὸν
2742 5025 2836 5082 τοῦ
2881 5023 3122 5100 Χριστοῦ
3149 5041 3164 5058 ⁶
3200 5026 3482 5081 ἀπέϐλεπε
3515 5023 3626 5097 γάρ
3657 5023 3742 5087 είς

2148 5121 2245 5193 τὴν
2273 5120 2723 5188 μισθαποδοσίαν.
2760 5121 2954 5174 Πίστει
2983 5120 3276 5175 κατέλιπεν
3322 5121 3624 5189 Αἴγυπτον,
3664 5115 3739 5188 μὴ

2151 5212 2408 5282 φοϐηθεὶς
2441 5211 2532 5264 τὸν
2563 5210 2736 5282 θυμὸν
2764 5210 2859 5265 τοῦ
2887 5211 3174 5283 βασιλέως.
3212 5231 3231 5263 ι

2221 5307 2533 5374 Τουτέστιν,
2557 5304 2637 5360 Τὸ
2672 5304 3033 5370 ὀνειδίζεσθαι
3065 5305 3312 5370 τοιαῦτα,
3348 5299 3438 5358 οἷα
3473 5304 3632 5374 ὑμεῖς
3652 5301 3740 5356 διὰ

2148 5398 2240 5452 τὸν
2263 5397 2501 5470 Χριστόν
2525 5413 2539 5427 ⁸
2577 5397 2610 5469 ἢ
2639 5397 2721 5452 ὅτι
2743 5398 2792 5451 οἱ
2823 5397 3114 5468 Αἰγύπτιοι
3138 5397 3426 5451 ὼνείδισαν
3452 5396 3546 5450 τὸν
3580 5394 3737 5462 Θεὸν,

2151 5490 2492 5560 ἀδικοῦντες,
2527 5490 2626 5544 καὶ
2648 5491 3089 5556 καταπονοῦντες
3118 5491 3248 5555 τούς
3287 5491 3348 5558 ἐξ
3369 5545 3372 5548 ,
3391 5489 3631 5563 Ἰσραὴλ,
3660 5488 3743 5560 ὡς,

2155 5585 2228 5657 μὴ
2254 5585 2552 5657 δυνάμενον
2583 5583 2800 5650 σώζειν.

2244 5785 2262 5819 ι
2293 5769 2397 5824 Τὸν
2430 5767 2539 5840 γὰρ
2575 5768 2810 5839 ἀόρατον
2827 5765 2902 5832 ὡς
2933 5767 3076 5840 ὀρῶν
3096 5765 3458 5838 ἐκαρτέρησε.
3499 5783 3522 5821 t
