4048 6412
225 435 236 440 η
320 349 436 415 935

1486 355 1572 417 IN
1608 353 1846 417 EPIST.
1871 355 1972 415 AD
2010 356 2409 420 HEBR/EOS.

3489 363 3597 428 986

396 464 504 520 Τὸν
529 463 663 519 Θεὸν
685 463 847 537 ἔχων,
883 466 1040 538 φησὶ,
1084 465 1174 526 διὰ
1229 466 1434 533 παντὸς
1482 468 1544 524 ἐν
1586 472 1654 541 τῇ
1687 468 1908 541 καρδίᾳ,

2083 472 2218 526 Cum
2252 486 2468 542 semper
2500 470 2556 528 in
2583 471 2750 528 corde
2780 471 2951 530 Deum
2974 471 3224 540 haberet,
3263 471 3466 546 inquit,
3482 473 3602 531 ιιιεο

315 560 503 618 ταῦτα
536 560 822 628 ὑπέμεινε.

402 674 422 708 ι
456 654 647 709 Πίστει
683 653 956 725 πεποίηκε
992 651 1056 707 τὸ
1097 653 1312 724 Πάσχα,
1349 652 1448 708 καὶ⁹
1475 654 1575 726 τὴν
1601 654 1912 725 πρόσχυσιν

316 747 422 804 τοῦ
451 747 708 818 αἵματος,
734 747 823 801 ἴνα
847 747 924 818 μὴ
951 748 980 803 ό
1001 745 1309 819 ὀλεθρεύων
1327 748 1399 804 τὰ
1419 749 1751 820 πρωτότοκα
1782 748 1912 823 θίγῃ

317 840 525 897 αὐτῶν.
556 860 576 894 ι

398 933 504 988 Τὸν
534 933 666 1005 περὶ
725 931 837 988 τῶν
867 933 1188 1006 μυστηρίων
1219 933 1483 1006 ἐμϐάλλει
1522 935 1706 1004 λόγον.
1745 935 1912 1005 Λέγει

317 1027 404 1096 δὲ,
469 1014 554 1082 ὅτι
601 1027 902 1091 πιστεύσας
942 1026 1035 1080 τὸν
1089 1026 1420 1100 όλεθρευτὴν
1463 1027 1759 1095 δυσωπεῖν,
1817 1027 1914 1083 καὶ

320 1119 527 1184 σώζειν
554 1119 618 1174 τὸ
649 1119 834 1188 γένος,
859 1118 920 1172 τὸ
947 1121 1140 1193 ἀρνίον
1158 1119 1416 1190 ἔσφαξεν.

401 1318 423 1355 ι
463 1299 657 1356 Πίστει
681 1298 941 1372 διέϐησαν
959 1299 1061 1372 τήν
1087 1299 1356 1374 Ἐρυθρὰν
1388 1301 1687 1371 θάλασσαν,
1715 1299 1792 1366 ὡς
1821 1300 1912 1356 διὰ

317 1394 571 1540 alii:
594 1485 676 1548 είς
727 1482 858 1538 λαδν
913 1484 1211 1558 ὀλόκληρον
1257 1487 1444 1556 ἐξάγει
1488 1487 1590 1558 τὴν
1651 1485 1908 1558 μίμησιν.

318 1575 446 1631 Ἵνα
467 1575 547 1648 μή
561 1575 820 1644 λέγωσιν,
847 1576 931 1630 ὅτι
958 1577 1034 1631 Οὐ
1066 1578 1344 1650 δυνάμεθα
1372 1579 1516 1634 κατά
1537 1577 1666 1643 τοὺς
1705 1577 1906 1646 ἁγίους

315 1668 603 1740 γενέσθαι.

403 1777 425 1813 ι
452 1752 564 1823 Ἧς
600 1757 797 1828 πεῖραν
829 1756 1094 1822 λαϐόντες
1128 1759 1177 1810 οἱ
1221 1757 1536 1826 Αἰγύπτιοι,
1592 1759 1906 1830 κατεπόθη-

323 1821 654 1906 σαν.Πίστει
690 1821 761 1904 τὰ
791 1848 950 1918 τείχη
989 1847 1202 1919 Ἱεριχὼ
1232 1821 1420 1916 ἔπεσε,
1444 1848 1798 1905 κυκλωθέντα
1816 1821 1909 1902 ἐπὶ
1938 1821 1982 1877 Β

315 1944 464 1999 ἑπτὰ
492 1943 731 2016 ἡμέρας.
769 1961 789 1996 ι

394 2035 628 2102 Ἔδειξε,
661 2036 848 2108 φησὶν,
881 2035 962 2090 ὅτι
987 2033 1130 2106 ὕδωρ
1171 2029 1264 2105 ἦν,
1296 2033 1386 2089 διὰ
1411 2036 1522 2090 τῶν
1553 2034 1909 2106 ἐμπεσόντων

313 2131 415 2185 καὶ
438 2129 876 2198 ἁποπνιγέντων,
917 2130 966 2182 εἰ
1001 2127 1260 2184 καὶκατὰ
1293 2126 1552 2199 βούλησιν
1593 2127 1754 2196 Θεοῦ,
1787 2145 1910 2181 στε-

318 2219 591 2293 ρεώτερον
619 2220 835 2291 τείχους
861 2219 1102 2288 ἐγένετο.

394 2332 414 2367 ι
458 2314 655 2368 Πίστει
697 2313 867 2368 Ῥαὰϐ
916 2314 952 2386 ή
1006 2313 1185 2387 πόρνη
1236 2313 1300 2368 οὐ
1387 2311 1735 2367 συναπόλωλε
1793 2315 1910 2377 τοῖς

311 2407 678 2478 ἀπειθήσασι,
699 2406 968 2477 δεξαμένη
1003 2409 1132 2469 τοὺς
1165 2407 1551 2470 κατασκόπους
1590 2408 1709 2476 μετ’
1753 2405 1910 2477 εἰρή-

312 2517 440 2571 νης.
471 2498 582 2554 Καὶ
604 2499 656 2552 τί
679 2498 762 2552 ἔτι
790 2498 957 2566 λέγω,
997 2497 1271 2568 ἐπιλείψει
1295 2499 1406 2569 γάρ
1441 2515 1509 2570 με
1547 2498 1908 2569 διηγούμενον

313 2590 551 2664 χρόνος,
601 2591 732 2662 περὶ
793 2590 1038 2658 Γεδεὼν,
1093 2590 1282 2662 Βαράκ
1332 2605 1425 2660 τε,
1474 2593 1571 2644 καὶ
1628 2588 1905 2674 Σαμψὼν,

203 2743 214 2754 _
315 2683 420 2738 καὶ
463 2681 694 2752 Ἰεφθάε,
722 2681 888 2737 Δαϐίδ
910 2699 994 2750 τε,
1052 2679 1150 2736 καὶ
1191 2681 1470 2753 Σαμουὴλ,
1499 2681 1596 2736 καὶ
1633 2681 1742 2735 τῶν
1776 2699 1910 2753 προ-

294 2775 530 2847 ’φητῶν,
569 2795 588 2829 ι
1045 2809 1048 2813 ν

388 2868 605 2923 Οὐκοῦν
628 2866 879 2940 αἰσχρὸν,
912 2868 1099 2942 φησιν,
1126 2871 1175 2925 εί
1200 2869 1296 2926 καὶ
1321 2869 1532 2941 πόρνης
1555 2867 1909 2942 ἀπιστότεροι

312 2960 594 3033 φαίνεσθε.

395 3073 417 3107 ι
447 3053 617 3109 Οἱδιὰ
649 3053 890 3118 πίστεως
912 3052 1361 3125 κατηγωνίσαντο
1391 3053 1698 3125 βασιλείας.
1729 3071 1751 3106 ι

389 3149 454 3204 Οἱ
487 3166 554 3202 πε
562 3147 615 3220 pl
646 3147 738 3202 τὸν
766 3146 992 3202 Γεδεών.

389 3240 568 3298 Τοῦτο
626 3240 738 3312 γὰρ
797 3240 1005 3306 πίστις,
1058 3239 1191 3295 ὅταν
1222 3240 1296 3296 τὰ
1327 3241 1637 3317 πράγματα
1681 3242 1820 3314 πρὸς
1846 3243 1909 3297 τὸ

307 3333 566 3391 ἐναντίον
597 3332 841 3388 ἐκϐαίνει
865 3348 881 3366 ο
919 3333 1016 3388 καὶ
1049 3334 1175 3388 τότε
1204 3334 1287 3388 δεῖ
1314 3335 1616 3404 πιστεύειν,
1645 3335 1727 3391 ὄτι
1751 3335 1908 3392 οὐδὲν

306 3427 563 3487 ἐναντίον
595 3424 840 3496 γέγονεν,
875 3425 1017 3482 ἀλλὰ
1039 3426 1218 3482 πάντα
1239 3426 1534 3485 ἀκόλουθα.

389 3625 415 3661 e
451 3606 794 3678 Είργάσαντο
822 3605 1195 3678 δικαιοσύνην.
1241 3625 1260 3659 ι
1291 3634 1300 3645 -

380 3697 556 3753 Αὐτοὶ
578 3693 723 3752 οὗτοι
746 3697 909 3754 πάλιν
933 3714 948 3729 ⁸
978 3698 1014 3769 ἢ
1046 3699 1143 3754 καὶ
1165 3699 1260 3752 τὸν
1293 3697 1460 3753 Δαϐίδ
1482 3715 1670 3771 φησιν.

386 3896 414 3932 ε
460 3879 754 3948 Ἐπέτυχον
775 3876 1144 3945 ἐπαγγελιῶν.
1187 3895 1208 3928 ι

380 3970 490 4025 Διὰ
519 3969 620 4041 τὴν
651 3971 731 4034 εἰς
759 3969 888 4034 τοὺς
925 3969 1186 4038 ἐγγόνους
1224 3967 1484 4036 ,ἐκϐᾶσαν
1534 3968 1788 4039 εὐλογίαν
1816 3985 1833 4002 ο
1871 3973 1907 4044 ἢ

299 4063 412 4122 ἐπὶ
437 4061 534 4118 τοῦ
563 4062 751 4128 Δαϐὶδ,
780 4061 871 4116 διὰ
908 4061 1010 4132 τὴν
1052 4060 1148 4116 τοῦ
1201 4061 1559 4132 Σαλομῶντος
1600 4062 1907 4132 βασιλείαν.

386 4257 413 4293 α
461 4239 749 4312 Ἔφραξαν
774 4239 1024 4310 στόματα
1040 4240 1292 4297 λεόντων.
1317 4259 1338 4295 ι

398 4331 491 4396 ἀς
522 4331 748 4404 Δανιήλ.

396 4442 419 4475 ‹
460 4423 733 4480 Ἐσϐεσαν
761 4422 997 4495 δύναμιν
1027 4425 1224 4497 πυρός.
1253 4444 1274 4480 ι

397 4515 491 4583 Ὠς
517 4520 566 4572 οἱ
595 4519 747 4590 τρεῖς
779 4518 995 4582 παῖδες.

389 4633 415 4668 α
454 4612 699 4684 Ἐφυγον
732 4614 979 4685 στόματα
1009 4615 1314 4686 μαχαίρας.

293 4723 316 4732 ·’
392 4706 485 4768 Ὠς
506 4706 556 4760 οι
593 4705 962 4776 Ἰσραηλῖται.

389 4821 412 4854 ι
458 4798 988 4872 Ἐνεδυναμὼθησαν
1047 4800 1160 4855 άπὸ
1213 4801 1909 4880 ἀσθενείας,ἐγενήθησαν

302 4894 537 4967 ἰσχυροὶ
566 4894 626 4947 ἐν
646 4893 894 4965 πολέμῳ.
935 4910 955 4946 ι
1383 4934 1385 4938 .

399 4985 462 5038 '0
509 4983 654 5039 κατὰ
700 4983 802 5054 τὴν
853 4983 1113 5039 ἐπάνοδον
1142 4984 1294 5055 λέγει
1331 4988 1430 5061 τὴν
1457 4989 1524 5043 ἐκ
1562 4990 1905 5055 Βαϐυλῶνος.

303 5074 417 5136 Τίς
443 5069 554 5142 γὰρ
578 5071 809 5143 ήλπισεν
861 5071 972 5126 ἀπὸ
1028 5073 1130 5145 τῆς
1177 5076 1560 5148 αἰχμαλωσίας
1603 5083 1908 5153 ἐπανήκειν

306 5162 518 5227 αὐτούς
541 5181 558 5233 ;
590 5163 686 5219 καὶ
710 5163 811 5219 οὐκ
831 5165 1129 5237 ἐπανήκειν
1153 5169 1336 5238 μόνον,
1367 5171 1504 5224 ἀλλὰ
1531 5173 1626 5228 καὶ
1654 5173 1908 5248 ίσχυροὺς

309 5253 603 5326 γενέσθαι,
637 5253 736 5309 καὶ
754 5253 936 5311 κλῖναι
964 5257 1325 5328 παρεμϐολὰς
1356 5260 1692 5335 ἁλλοτρίων;

395 5365 414 5399 ι
457 5345 821 5418 Παρεμϐολὰς
843 5345 1064 5408 έκλιναν
1093 5351 1417 5423 ἀλλοτρίων.
1440 5373 1461 5408 ι

386 5439 666 5510 Σαμψώμ.

396 5552 416 5586 ι
454 5533 692 5592 Ἕλαϐον
719 5537 982 5608 γυναῖκες
1033 5538 1094 5607 ἐξ
1128 5539 1482 5608 ἀναστάσεως
1520 5543 1651 5610 τοὺς
1677 5545 1908 5618 νεκροὺς

307 5625 521 5684 αὐτῶν.
554 5648 575 5682 ι

390 5717 476 5772 Τὰ
496 5720 637 5776 κατὰ
661 5723 952 5796 προφήτας
982 5725 1216 5781 ἐνταῦθα
1238 5727 1409 5796 λέγει,
1441 5729 1532 5786 τὸν
1578 5730 1784 5800 Ἠλίαν,
1811 5731 1902 5786 τὸν

321 5806 654 5874 Ἐλισσαῖον.
690 5815 938 5889 Νεκροὺς
965 5818 1075 5888 γὰρ
1106 5819 1433 5891 ἀνέστησαν.

2012 562 2210 618 lubens
2241 563 2531 619 sustinuit.

2085 651 2254 710 Vens.
2275 653 2367 708 ΞΒ.
2401 671 2420 706 ι
2461 651 2596 709 Fide
2620 653 2920 710 celebravit
2953 654 3190 726 Pascha,
3221 664 3278 713 et
3311 656 3598 730 sanguinis

2014 743 2362 813 effusionem,
2410 761 2502 812 ne,
2547 746 2645 817 qui
2696 747 2954 802 vastabat
2999 749 3303 819 primitiva,
3343 757 3596 824 tangeret

2013 851 2129 892 90$.
2172 855 2193 890 ι

2091 927 2416 986 Sermonem
2447 931 2626 1003 injicit
2651 931 2721 988 de
2752 931 3034 1002 mysteriis
3069 950 3084 987 :
3113 933 3302 1004 aitque
3330 933 3552 1008 Moysen
3576 976 3594 1004 ,

2012 1034 2140 1075 cum
2195 1030 2348 1095 certo
2381 1025 2632 1079 crederet
2689 1032 3024 1080 vastatorem
3070 1040 3101 1079 a
3133 1040 3196 1082 se
3243 1026 3594 1096 ﬂectendum,

2013 1119 2408 1185 servatumque
2454 1114 2524 1169 iri
2569 1130 2748 1187 genus
2779 1131 2962 1183 suum,
2989 1131 3192 1188 agnum
3219 1117 3430 1174 idcirco
3475 1133 3596 1174 ma-

2015 1215 2224 1262 ctasse.

2076 1293 2248 1351 Vsas.
2289 1296 2382 1365 29,
2412 1297 2503 1353 50.
2535 1317 2555 1352 ι
2587 1297 2721 1355 Fide
2773 1301 3115 1357 transierunt
3158 1315 3312 1358 mare
3346 1301 3596 1360 Rubrum

2012 1399 2273 1461 tanquam
2305 1407 2402 1462 per
2435 1391 2648 1446 aridam
2673 1400 2898 1449 terram.
2936 1410 2957 1446 ι

2086 1483 2287 1539 lterum
2317 1485 2635 1540 universum
2667 1485 2928 1556 populum
2961 1487 3221 1558 proponit
3242 1487 3594 1557 imitandum,

2011 1587 2081 1628 ne
2109 1573 2360 1629 dicerent
2388 1592 2403 1629 :
2432 1573 2611 1632 Penes
2649 1589 2754 1632 nos
2786 1591 2897 1631 non
2927 1584 3013 1632 est
3053 1584 3370 1636 sanctorum
3411 1593 3598 1636 mores

2010 1665 2239 1721 referre.

2090 1775 2109 1808 ι
2164 1756 2322 1822 Quod
2387 1756 2602 1826 experti
2657 1757 2899 1830 Egyptii
2960 1759 3204 1815 devorati
3263 1768 3412 1817 sunt.
3460 1759 3596 1817 Fide

2011 1848 2153 1901 muri
2181 1845 2400 1902 Jericho
2431 1857 2765 1906 corruerunt
2799 1851 3036 1906 circuitu
3068 1850 3281 1906 dierum
3314 1862 3543 1924 septem.
3568 1871 3591 1907 ι

2081 1938 2492 2009 Comprobavit,
2518 1942 2719 2012 inquit,
2755 1957 2954 2014 aquam
2989 1959 3134 2010 esse,
3168 1945 3279 2001 illis
3301 1945 3597 2002 subsiden-

2011 2034 2160 2090 tibus
2207 2041 2262 2088 et
2312 2034 2646 2104 suilocatis;
2695 2037 2951 2108 quamvis
2988 2038 3217 2110 alioqui,
3265 2038 3376 2096 Deo
3405 2040 3596 2112 itaju-

2009 2126 2195 2192 bente,
2224 2141 2386 2182 muro
2409 2125 2639 2183 solidior
2667 2136 2846 2183 esset.

2081 2309 2246 2367 Vens.
2280 2311 2369 2374 ‘51.
2394 2310 2487 2366 52.
2527 2329 2548 2364 ι
2579 2308 2715 2366 Fide
2742 2309 2938 2366 Rahab
2970 2319 3234 2367 meretrix
3289 2329 3399 2369 non
3435 2315 3598 2384 periit

2010 2416 2135 2456 cum
2176 2402 2504 2470 incredulis,
2537 2404 2819 2473 excipiens
2853 2403 3234 2474 exploratores
3280 2419 3405 2459 eum
3440 2422 3594 2477 pace.

2009 2493 2077 2548 Et
2135 2495 2267 2565 quid
2327 2494 2510 2550 adhuc
2571 2493 3060 2550 dicam?Deﬁciet
3119 2495 3265 2550 enim
3321 2511 3408 2551 me
3456 2504 3596 2550 tem-

2010 2601 2116 2657 pus
2162 2593 2528 2643 cnarrantem.
2571 2587 2642 2642 de
2683 2585 2906 2641 Gedeon
2933 2625 2950 2653 ,
2984 2594 3040 2641 et
3096 2586 3306 2651 Barac,
3335 2596 3388 2642 et
3439 2585 3597 2642 Sam-

2010 2691 2137 2744 son,
2175 2684 2232 2733 et
2286 2675 2503 2748 Iephte,
2545 2686 2600 2734 et
2643 2677 2838 2744 David,
2879 2685 2936 2734 et
2984 2674 3228 2744 Samuel,
3261 2687 3318 2732 et
3360 2678 3594 2749 prophe-

2009 2769 2106 2836 tis,
2141 2787 2160 2821 ι

2081 2859 2192 2915 Res
2240 2875 2372 2932 ergo
2401 2867 2489 2915 est
2524 2859 2686 2932 digna
2725 2861 2954 2932 pudore,
2990 2860 3210 2935 inquit,
3245 2861 3292 2918 si
3347 2876 3444 2918 vos
3483 2875 3589 2918 me—

1933 2975 1936 2978 ~
2009 2951 2214 3008 retrice
2258 2951 2659 3008 increduliores
2713 2953 3081 3022 priebueritis,

2088 3039 2249 3096 Vens.
2277 3025 2370 3096 53.
2405 3060 2425 3093 ‹
2461 3041 2566 3108 Qui
2616 3056 2715 3112 per
2754 3041 2915 3099 fidem
2947 3042 3200 3098 vicerunt
3235 3057 3426 3114 regna.
3465 3061 3486 3095 ι

1932 3150 1978 3212 α
2081 3132 2303 3188 Gedeon
2353 3134 2567 3190 scilicet
2595 3144 2650 3190 et
2686 3135 2802 3190 alii.

2081 3222 2240 3280 Tunc
2276 3226 2479 3297 quippe
2525 3224 2663 3282 ﬁdes
2688 3236 2808 3292 est,
2840 3227 3066 3298 quando
3115 3243 3206 3286 res
3253 3230 3596 3284 contrarium

2008 3315 2216 3370 exitum
2257 3314 2464 3371 habere
2495 3316 2794 3384 videntur;
2824 3326 3052 3390 tumque
3106 3320 3334 3376 credere
3381 3329 3598 3390 oportet

2008 3407 2148 3463 nihil
2175 3408 2444 3464 contrarii
2477 3410 2821 3482 contingere,
2849 3411 2948 3468 scd
2975 3420 3343 3468 consentanea
3366 3426 3598 3484 prorsus

2009 3499 2152 3554 serie
2182 3500 2372 3554 omnia
2400 3499 2543 3557 fieri.

2085 3612 2105 3646 ι
2140 3593 2363 3664 Operati
2385 3604 2517 3652 sunt
2558 3595 2858 3668 justitiam.
2897 3615 2917 3650 ι

2079 3683 2242 3762 253
2291 3691 2374 3746 Illi
2419 3691 2526 3762 ipsi
2566 3691 2766 3748 iterum
2792 3692 2922 3761 ,vel
2971 3691 3163 3748 saltem
3214 3691 3473 3747 Davidem
3507 3690 3595 3748 di-

2010 3781 2108 3839 cit.

2085 3891 2106 3924 σ
2145 3871 2342 3945 Adepti
2379 3882 2513 3930 sunt
2548 3875 3037 3946 repromissiones.
3079 3893 3100 3928 ι

2076 3962 2361 4032 Quatenus
2390 3983 2590 4040 nempe
2628 3977 2857 4043 nepotes
2888 3972 3134 4042 ipsorum
3160 3968 3596 4028 benedictionem

2008 4059 2299 4114 consecuti
2343 4069 2492 4117 sunt.
2526 4059 2624 4118 Vel
2662 4062 2924 4119 Davidem
2969 4064 3085 4131 ait,
3109 4065 3205 4135 qui
3242 4063 3593 4121 Salomonem

2009 4151 2160 4220 regni
2200 4165 2582 4208 successorem
2637 4153 2850 4210 habuit.

2088 4263 2107 4293 ι
2139 4242 2570 4300 Obduraverunt
2601 4260 2699 4300 ora
2735 4247 2980 4305 leonum.
3015 4265 3036 4301 ι

2086 4333 2250 4391 Velut
2281 4336 2495 4394 Daniel.

2085 4427 2256 4486 Vens.
2287 4429 2379 4486 54.
2418 4449 2440 4490 ι
2475 4430 2883 4490 Exstinxerunt
2907 4433 3172 4506 impetum
3209 4435 3376 4507 ignis.
3405 4453 3427 4489 ι

1932 4483 1990 4548 υ
2083 4483 2154 4578 ut
2188 4483 2319 4594 ιέυιέι
2348 4483 2462 4582 tres
2476 4483 2744 4598 Igilii".

2088 4632 2107 4665 ι
2151 4613 2476 4686 Ell‘ugerunt
2505 4616 2681 4672 aciem
2714 4615 2905 4688 gladii.
2932 4635 2953 4671 ι

2085 4705 2246 4762 Velut
2283 4707 2566 4764 Israelita).

2089 4817 2109 4851 ι
2146 4799 2562 4856 Convaluerunt
2587 4798 2656 4856 de
2699 4799 3057 4868 infirmitate;
3099 4799 3273 4859 fortes
3306 4800 3436 4858 facti
3466 4811 3597 4860 sunt
3691 4833 3696 4840 ’

2009 4890 2064 4946 ἱη
2091 4891 2259 4948 bello.
2299 4910 2319 4944 ι

2083 4983 2199 5038 Hoc
2247 4985 2325 5038 ait
2370 4983 2439 5040 de
2482 4998 2740 5056 regressu
2778 4997 2810 5040 e
2857 4983 3182 5056 Babylonia.
3217 4983 3420 5055 Ecquis
3448 4986 3594 5042 enim

2010 5079 2291 5144 sperasset
2337 5087 2434 5130 eos
2499 5072 2568 5128 de
2633 5072 2954 5144 captivitate
3005 5073 3381 5128 reversuros?
3416 5087 3596 5142 neque

2011 5166 2190 5225 solum
2238 5181 2589 5233 reversuros,
2618 5166 2714 5222 sed
2768 5175 2822 5221 et
2863 5165 3127 5222 robustos
3154 5173 3209 5221 et
3243 5163 3416 5221 fortes
3457 5164 3594 5232 fore,

2012 5256 2086 5314 ita
2118 5267 2177 5314 ut
2204 5258 2642 5330 alienigenarum
2671 5274 2894 5330 quoque
2925 5269 3108 5314 castra
3145 5257 3494 5314 funderent?

2085 5370 2106 5404 ι
2143 5350 2340 5408 Castra
2365 5359 2654 5408 verterunt
2682 5361 3018 5408 exterarum.
3052 5370 3071 5404 ι

2077 5441 2336 5500 Samson.

2079 5534 2244 5594 Vens.
2275 5536 2366 5593 55.
2390 5555 2409 5589 ι
2434 5538 2786 5608 Acceperunt
2805 5536 3066 5594 mulieres
3095 5535 3164 5594 de
3188 5536 3599 5596 resurrectione

2009 5639 2263 5687 ΠΠΟΓῑΠΟΒ
2292 5645 2447 5688 SUOS.
2489 5650 2509 5684 ι

2080 5723 2157 5777 Ea
2200 5732 2391 5779 narrat
2439 5739 2560 5794 qua:
2598 5725 2884 5796 prophetis
2937 5725 3280 5793 acciderunt,
3314 5724 3446 5782 Elia:
3487 5726 3596 5782 sd-

2008 5817 2176 5882 licet,
2217 5823 2272 5871 ct
2323 5814 2528 5875 Eliseo.
2575 5816 2668 5877 Isti
2720 5835 2958 5891 namque
3005 5831 3256 5877 mortuos
3304 5821 3372 5876 ad
3423 5822 3588 5878 vitam

2009 5918 2428 5966 revocaverunt.
