4048 6398
585 344 694 411 987
1786 346 1846 406 S.
1885 343 2204 407 JOANNIS
2243 343 2677 406 DAMASCENI
3727 359 3802 426 933

655 478 677 512 ι
717 458 820 514 Alii
861 457 1088 515 distenti
1107 465 1270 523 sunt,
1297 471 1409 514 non
1441 456 1816 529 suscipientes
1847 457 2178 527 redemptie-
2207 459 2253 518 Α

2207 459 2254 518 Α
2355 473 2376 506 ι
2414 456 2601 510 Ἀλλοι
2621 457 2678 511 δὲ
2699 455 3294 528 ἐτυμπανίσθησαν,οὖ
3313 459 3705 534 προσδεξάμενοι
3731 473 3801 546 τὴν

585 567 751 617 nem,
809 557 870 606 ut
943 551 1226 605 meliorem
1305 549 1621 605 invenirent
1689 548 2178 624 resurrectionem.

2281 547 2686 620 ἀπολύτρωσιν,
2710 546 2806 604 ἵνα
2856 552 3171 621 κρείττονος
3222 549 3565 620 ἀναστάσεως
3595 557 3801 630 τύχωσιν,

587 642 777 718 [Vens
817 643 920 707 56,
958 639 1076 713 57.]
1127 642 1234 696 Alii
1274 641 1514 696 ludibria
1563 653 1614 697 et
1667 641 1898 697 verbera
1938 640 2176 711 experti,

2283 639 2504 732 Ἕτεροι
2536 641 2596 694 δὲ
2631 641 2968 712 ἐμπαιγμῶν
2995 646 3089 695 καὶ
3119 642 3400 714 μαστίγων
3425 650 3609 720 πεῖραν
3639 655 3802 732 ἔλαϐον,

585 737 815 806 insuper
845 742 900 790 et
945 735 1170 790 vincula
1197 743 1251 790 et
1279 749 1556 791 carceres.
1601 733 1856 805 Lapidati
1893 742 2044 790 sunt.
2089 751 2110 784 ›

2030 775 2044 788 .
2089 751 2110 784 ›
2282 731 2365 786 ἔτι
2389 733 2446 786 δὲ
2475 733 2692 804 δεσμῶν
2718 733 2814 787 καὶ
2847 733 3120 805 φυλακῆς.
3170 733 3574 809 Ἐλιθάσθησαν.
3607 762 3623 796 ι

661 826 999 897 Stephanus.

2357 825 2653 895 Στέφανος.

657 939 675 972 ι
718 920 864 975 Secti
912 930 1064 987 sunt,
1108 921 1303 976 tentati
1364 928 1517 988 sunt,
1566 920 1622 975 in
1689 918 1969 975 occisione
2017 917 2185 990 gladii

2362 936 2382 968 ι
2426 916 2824 987 Ἐπρίσθησαν,
2853 913 3292 987 ἐπειράσθησαν,
3337 918 3394 972 ἐν
3422 917 3562 992 φόνῳ
3587 928 3805 1003 μαχαίρας

588 1012 797 1068 mortui
849 1019 1003 1068 sunt.
1043 1030 1062 1063 ι

1043 1030 1062 1063 ι
2283 1009 2578 1064 ἀπέθανον..
2614 1027 2633 1060 ι

661 1104 770 1159 Eos
797 1118 865 1159 ex
921 1103 1206 1174 prophetis
1235 1101 1370 1157 dicit
1423 1101 1521 1172 qui
1566 1099 1882 1170 interempti
1939 1097 2184 1164 fuerunt,

2359 1101 2502 1164 Τοὺς
2573 1101 2954 1165 ἀποθανόντας
3006 1101 3332 1175 προφήτας,
3393 1104 3588 1174 φησὶν,
3637 1109 3702 1174 ὡς
3743 1114 3806 1171 τὸν

592 1195 792 1253 Isaiam
815 1203 968 1265 puta,
1001 1194 1097 1265 qui
1141 1209 1298 1250 serra
1337 1194 1515 1264 lignea
1539 1199 1724 1248 sectus
1777 1190 1902 1248 fuit.

1888 1233 1902 1248 .
2299 1194 2550 1258 Ἡσαΐαν,
2588 1194 2670 1248 ὅτι
2697 1195 2757 1249 ἐν
2783 1195 2984 1264 ξυλίνῳ
3019 1194 3259 1267 ἐπρίσθη
3281 1195 3482 1267 πρίονι.

671 1307 690 1340 ι
729 1287 1086 1343 Circuierunt
1111 1287 1170 1342 in
1228 1285 1445 1342 melotis
1474 1325 1489 1350 ,
1521 1292 1578 1340 et
1629 1282 1866 1354 pellibus
1918 1281 2186 1354 caprinis,

2364 1303 2383 1336 ι
2422 1282 2726 1356 ¹Περιῆλθον
2777 1285 2836 1338 ἐν
2873 1284 3172 1356 μηλωταῖς,
3242 1287 3300 1340 ἐν
3333 1287 3558 1356 αἰγείοις
3581 1291 3804 1365 δέρμασιν,

599 1389 847 1453 egentes,
879 1380 1204 1452 angustiati,
1242 1379 1449 1435 amicti.
1489 1399 1508 1431 ι

2290 1376 2708 1448 ὑστερούμενοι,
2739 1375 3073 1447 θλιϐόμενοι,
3108 1377 3561 1449 κακουχούμενοι.
3586 1401 3602 1436 ι

666 1475 838 1531 Elias.
1243 1484 1246 1488 '

2375 1468 2586 1532 Ἠλίας.
3521 1473 3523 1476 ’

667 1565 1048 1623 νεαε.58-40.
1084 1583 1103 1618 ι
1135 1565 1349 1632 Quibus
1402 1564 1603 1636 dignus
1632 1579 1742 1620 non
1780 1571 1900 1619 erat
1929 1562 2187 1619 mundus.

2367 1577 2385 1610 ι
2407 1553 2507 1612 Ὦν
2533 1559 2634 1614 οὐκ
2654 1555 2723 1632 ἦν
2757 1561 2909 1628 ἄξιος
2940 1563 2970 1616 ὁ
3001 1561 3233 1633 κόσμος.
3270 1561 3358 1618 Ἐν
3379 1562 3626 1634 ἐρημίαις
3651 1566 3806 1624 πλανώ-

598 1661 660 1716 ln
691 1659 1087 1718 solitudinibus
1113 1667 1388 1726 errantes,
1414 1658 1469 1712 in
1521 1656 1828 1720 montibus,
1865 1666 1921 1712 et
1961 1657 2189 1727 spelun—

2296 1666 2467 1720 μενοι,
2502 1650 2598 1704 καὶ
2635 1650 2812 1722 ὄρεσι,
2845 1652 2944 1705 καὶ
2975 1652 3292 1723 σπηλαίοις,
3325 1655 3420 1706 καὶ
3442 1656 3560 1718 ταῖς
3583 1655 3723 1721 ’ὀπαῖς
3743 1665 3808 1730 τῆς

598 1753 701 1817 cis,
735 1760 789 1807 et
837 1751 1090 1807 cavernis
1139 1759 1340 1818 terrae;
1368 1758 1423 1805 et
1462 1750 1519 1804 hi
1547 1765 1742 1806 omnes
1767 1750 2092 1807 testimonio
2129 1751 2192 1804 li-

2221 1814 2255 1819 _
2294 1739 2402 1810 γῆς
2424 1757 2438 1772 ⁸
2470 1741 2565 1794 καὶ
2603 1737 2750 1796 οὗτοι
2783 1743 2989 1807 πάντες
3043 1743 3488 1815 μαρτυρηθέντες
3515 1745 3600 1799 διὰ
3642 1748 3724 1819 τῆς
3751 1751 3809 1802 πί.

595 1845 683 1901 dei
731 1843 968 1915 probati,
995 1858 1107 1898 non
1145 1851 1482 1913 acceperunt
1527 1843 2049 1914 repromissionem,
2077 1841 2189 1899 Deo

2221 1814 2266 1871 Β
2298 1850 2490 1900 στεως,
2539 1836 2641 1888 οὐκ
2688 1836 3018 1906 ἐκομίσαντο
3065 1814 3165 1908 τὴν
3205 1837 3561 1906 ἐπαγγελίαν,
3607 1814 3700 1893 106‘
3717 1841 3808 1896 Θεοῦ

594 1953 695 2009 pro
735 1937 893 1992 nobis
924 1937 1124 1993 melius
1156 1936 1362 2008 aliquid
1398 1934 1763 2008 providente,
1799 1946 1860 1992 ut
1909 1951 2020 1993 non
2066 1935 2190 1992 sine

2298 1927 2427 1999 περὶ
2444 1927 2601 1998 ἡμῶν
2631 1926 2883 1999 κρεῖττόν
2910 1945 2962 1982 τι
2990 1928 3469 2002 προϐλεψαμένου,
3497 1930 3580 1989 ῐνα
3597 1930 3664 2004 μὴ
3693 1936 3810 2007 χωρὶς

594 2028 756 2086 nobis
779 2037 1325 2086 consummarentur.
1364 2047 1383 2082 ι

1316 2067 1325 2082 .
1364 2047 1383 2082 ι
2295 2019 2458 2091 ¹ἡμῶν
2495 2020 2856 2078 τελειωθῶσι.
2891 2039 2914 2076 ι

1236 2175 1392 2233 CAP.
1425 2173 1541 2231 XII.
1890 2210 1901 2225 ο
2048 2220 2050 2222 τ
2705 2166 2708 2168 ’

1890 2210 1901 2225 .
2048 2220 2050 2222 τ
2705 2166 2708 2168 ’
2895 2178 3151 2234 ΚΕΨΑΛ.
3181 2180 3283 2234 lB'.

664 2315 836 2372 Vens.
873 2314 924 2369 I.
961 2332 978 2367 ι
1014 2314 1251 2386 Ideoque
1285 2323 1341 2371 et
1392 2328 1494 2373 nos
1529 2323 1736 2372 tantam
1772 2314 2038 2372 trahentes
2083 2316 2191 2372 im-

2377 2333 2396 2366 ι
2433 2312 2740 2385 Τοιγαροῦν
2777 2313 2874 2368 καὶ
2895 2315 3064 2385 ἡμεῖς
3103 2312 3369 2368 τοσοῦτον
3399 2313 3604 2385 ἔχοντες
3633 2316 3813 2386 περικεί-

596 2411 834 2483 positam
871 2409 1075 2465 nubem
1120 2428 1142 2465 ι

2302 2424 2464 2479 μενον
2495 2408 2628 2477 ἡμῖν
2665 2406 2827 2475 νέφος
2863 2424 2880 2458 ι

669 2495 864 2563 Etiam,
888 2496 1121 2567 ejusque
1150 2499 1336 2556 socios
1373 2499 1532 2557 dicit.
1569 2500 1845 2568 Quidnam
1899 2502 2070 2573 igitur
2101 2501 2193 2560 hic

2369 2499 2510 2564 Τοὺς
2539 2498 2670 2570 περὶ
2709 2497 2896 2553 Ἠλίαν
2925 2497 3081 2569 φησί.
3106 2495 3173 2550 Τί
3201 2497 3385 2552 τοίνυν
3404 2498 3625 2569 ἤμελλον
3641 2497 3812 2552 ἐνταῦθα

596 2598 757 2643 erant
784 2590 1064 2659 accepturi
1094 2589 1117 2643 7

2298 2587 2708 2658 ἀπολαμϐάνειν
2734 2607 2749 2658 ;
3604 2614 3611 2620 ·

669 2679 933 2736 Mundum
967 2682 1156 2756 utique
1196 2685 1507 2758 intelligere
1553 2696 1773 2759 oportet
1797 2703 1896 2746 eos
1930 2690 2025 2761 qui
2059 2699 2194 2746 sunt

2370 2682 2593 2752 Κόσμον
2631 2699 2696 2752 γε
2757 2682 2864 2755 μὴν
2898 2682 2958 2736 ἐν
3002 2681 3240 2749 τούτοις,
3282 2684 3411 2746 τοὺς
3453 2685 3512 2737 ἐν
3539 2682 3811 2756 κὸσμῳνοεί-

597 2771 652 2826 in
687 2775 917 2829 mundo.

2302 2771 2425 2826 σθαι
2460 2774 2687 2846 πρέπει.
3572 2795 3576 2798 ·
3681 2763 3699 2769 ’-

673 2885 692 2918 ‹
739 2864 1006 2934 Tcstium,
1040 2868 1382 2939 deponentes
1412 2885 1577 2928 omne
1607 2873 1848 2944 pondus,
1889 2894 1909 2929 ι

2375 2885 2394 2916 ι
2433 2851 2777 2936 Μαρτύρων,
2795 2865 2960 2934 ὄγκον
2985 2866 3324 2939 ἀποθέμενοι
3353 2853 3546 2931 πάντα,
3581 2888 3595 2922 ι

667 2957 857 3016 Testes
884 2961 1040 3027 dicit,
1063 2977 1172 3017 non
1205 2965 1371 3020 modo
1401 2965 1496 3036 qui
1537 2966 1641 3021 sub
1684 2982 1828 3023 novo
1858 2976 2192 3027 testamento

2287 2987 2291 3000 ι
2367 2957 2699 3029 Μάρτυρας,
2759 2958 2882 3028 οὐχὶ
2911 2959 3039 3022 τοὺς
3079 2960 3138 3013 ἐν
3167 2963 3235 3031 τῇ
3286 2961 3463 3032 Καινῇ
3515 2962 3648 3028 λέγει
3687 2961 3811 3031 μόνω,

597 3061 748 3114 sunt,
786 3053 882 3107 sed
930 3053 1094 3108 etiam
1127 3055 1221 3124 qui
1283 3057 1386 3112 sub
1427 3058 1600 3113 veteri
1638 3057 1811 3115 fuere.
1858 3059 1994 3115 Nam
2028 3072 2082 3118 et
2111 3064 2191 3120 illi

2299 3048 2434 3104 ἀλλά
2485 3049 2579 3102 καί
2623 3049 2754 3114 τοὺς
2787 3051 2847 3103 ἐν
2895 3051 2962 3120 τῇ
2998 3049 3232 3120 Παλαιᾷ.
3283 3051 3392 3104 Καὶ
3434 3050 3540 3123 γὰρ
3579 3053 3662 3105 καὶ
3710 3052 3812 3104 αὐτοὶ

597 3143 976 3199 testimonium
1003 3144 1276 3202 dederunt
1305 3149 1505 3204 divinae
1530 3151 1975 3221 magniﬁcentiae.

1927 3168 1975 3207 ε,
2219 3178 2264 3238 α
2301 3142 2697 3238 ἐμαρτύρησαν
2724 3143 2790 3238 τῇ
2824 3141 2918 3238 τού
2949 3141 3084 3194 Θεοῦ
3119 3144 3525 3238 μεγαλειότητι.

669 3254 687 3286 ι
724 3234 788 3288 Et
841 3236 1213 3295 circumstans
1241 3245 1360 3298 nos'
1392 3251 1683 3312 peccatum
1705 3287 1720 3313 ,
1745 3259 1842 3314 per
1867 3250 2191 3316 patientiam
2232 3234 2263 3238 ﬂ

2232 3234 2263 3238 ’“
2375 3253 2394 3286 ‹
2444 3234 2558 3288 Καὶ
2586 3235 2687 3306 τὴν
2717 3235 3115 3304 εὐπερίστατον
3157 3236 3463 3308 ἁμαρτίαν,
3503 3236 3567 3289 δι’
3603 3235 3812 3305 ὑπομονῆς

596 3341 888 3382 curramus
914 3329 981 3383 ad
1005 3333 1349 3400 propositum
1382 3339 1544 3394 nobis
1572 3351 1890 3398 certamen:
1917 3343 2110 3415 [Vens
2131 3346 2190 3418 9.]

2297 3326 2587 3398 τρέχωμεν
2615 3328 2707 3381 τὸν
2757 3327 3122 3398 προκείμενον
3160 3331 3298 3399 ἡμῖν
3351 3317 3552 3397 ἀγῶνα,
3573 3327 3811 3395 ἀφορῶντες

595 3419 925 3488 aspicientes
960 3421 1016 3476 in
1069 3433 1350 3482 auctorem
1409 3429 1538 3489 fidei
1592 3442 1647 3490 et
1681 3445 2192 3495 consurnmatorem

2297 3423 2380 3484 είς
2427 3419 2520 3474 τδν
2555 3422 2655 3491 τῆς
2688 3419 2929 3484 πίστεως
2977 3421 3246 3491 ἀρχηγὸν,
3311 3423 3405 3476 καὶ
3451 3421 3714 3490 τελειωτὴν
3743 3419 3811 3487 Ἰη-

593 3507 805 3566 Jcsum.
840 3533 858 3565 ι
1619 3525 1624 3531 ·

1619 3525 1624 3531 “
2299 3514 2446 3569 σοῦν.
2490 3533 2509 3567 ι

665 3622 823 3688 Quod
877 3641 979 3682 nos
1043 3628 1201 3686 facile
1253 3633 1777 3702 circumvenit,vel
1832 3643 1981 3712 quod
2031 3643 2193 3701 facile

2367 3631 2481 3700 Τὴν
2531 3630 2772 3695 εὐκόλως
2794 3633 3234 3704 περιισταμένην
3273 3591 3442 3706 ἡμᾶς,
3469 3632 3501 3702 ἢ
3527 3591 3617 3700 τὴν
3643 3624 3810 3684 εὐκόλως

594 3712 759 3785 254,
809 3715 1197 3776 circumveniri
1228 3734 1412 3792 queat.
1442 3726 1622 3797 Atque
1649 3729 1753 3785 hoc
1774 3731 1984 3799 potius.
2018 3735 2192 3790 Dum-

2296 3722 2621 3794 περίστασιν
2676 3725 2983 3796 δυναμένην
3032 3728 3248 3782 παθεῖν.
3318 3724 3530 3781 Μᾶλλον
3585 3719 3638 3775 δὲ
3676 3716 3800 3770 τοῦτο.

596 3805 761 3859 modo
796 3807 940 3861 enim
973 3811 1206 3867 velimus
1230 3854 1245 3878 ,
1276 3814 1421 3872 facili
1463 3821 1688 3890 negotio
1723 3837 2022 3893 possumus
2059 3842 2191 3897 pcc-

2305 3815 2517 3886 ⁹Ρᾴδιον
2554 3815 2665 3888 γάρ
2694 3816 2789 3872 ἐὰν
2803 3816 3146 3891 θελήσωμεν,
3165 3817 3552 3890 περιγενέσθαι
3579 3817 3668 3884 τῆς
3692 3811 3813 3879 ἁμαρ

599 3903 725 3951 cato
753 3901 1069 3975 superiores
1095 3903 1235 3962 ﬂeri.

835 3901 1069 3975 seriores
1095 3903 1235 3962 fleri.
2292 3906 2433 3971 τίας-

673 4028 692 4061 ι
735 4008 858 4078 Qui,
904 4019 1189 4087 proposito
1225 4022 1329 4078 sibi
1382 4001 1605 4096 gaudio,
1639 4030 1905 4088 sustinuit
1943 4048 2188 4102 crucem,

2373 4039 2392 4073 ι
2432 4021 2529 4086 Ὃς
2559 4022 2682 4076 ἀντὶ
2710 4023 2812 4091 τῆς
2840 4024 3213 4096 προκειμένης
3251 4024 3402 4096 αὐτῷ
3423 4021 3591 4094 χαρᾶς
3617 4015 3813 4102 ὑπέμεινέ

593 4102 926 4163 confusione
958 4118 1310 4186 contempta,
1348 4115 1403 4172 in
1462 4119 1690 4176 dextera
1744 4122 1894 4179 sedis
1945 4122 2045 4181 Dei
2097 4098 2186 4182 se;

2296 4111 2554 4184 σταυρὸν,
2586 4113 2854 4184 αἰσχύνης
2913 4116 3364 4187 καταφρονήσας,
3411 4116 3467 4167 ἐν
3491 4109 3634 4179 δεξιᾷ
3670 4119 3718 4158 τε
3751 4098 3811 4152 τοῦ

597 4197 707 4254 det.
739 4216 760 4250 ι
2295 4203 2488 4276 θρόνου
2518 4203 2615 4258 τοῦ
2639 4205 2778 4259 Θεοῦ
2810 4206 3130 4267 κεκάθικεν.
3169 4225 3188 4260 ι

662 4309 781 4366 Hoc
814 4321 919 4378 est,
954 4315 1010 4370 in
1036 4324 1309 4386 potestate
1341 4321 1492 4380 illius
1525 4335 1646 4381 erat
1682 4326 1817 4383 nihil
1859 4331 1994 4400 pati,
2023 4332 2071 4388 si
2097 4348 2190 4389 vo-

2365 4317 2684 4388 Τουτὲστιν,
2718 4319 2848 4390 ἐξῆν
2879 4320 3031 4391 αύτῷ
3070 4321 3240 4392 μηδὲν
3286 4322 3502 4383 παθεῖν,
3538 4319 3678 4386 εἴπερ
3698 4307 3811 4400 £695-

591 4397 806 4456 luisset.
839 4403 957 4474 Ipse
987 4423 1118 4464 vero
1145 4411 1508 4479 nihilominus
1536 4419 1763 4487 pertulit
1795 4397 2040 4488 crucem,
2062 4439 2186 4478 cum

2292 4410 2433 4466 λετο.
2486 4411 2545 4466 ⁸0
2599 4412 2658 4465 δὲ
2716 4413 2840 4467 ἀντὶ
2875 4410 3070 4467 τούτου
3105 4413 3344 4485 σταυρὸν
3390 4411 3656 4480 ὑπέμεινε,
3695 4399 3811 4472 μηδε⁴

591 4493 744 4545 nulla
767 4498 1103 4563 necessitate
1133 4502 1199 4556 ad
1232 4518 1455 4560 crucem
1478 4508 1819 4580 adigeretur.
1846 4511 1985 4569 Nam
2010 4487 2187 4572 nostri

592 4597 758 4610 ιιι-...ιιι
799 4584 988 4610 ..ηε---μ
1029 4598 1098 4610 --ι
1143 4607 1225 4610 ,ην
1271 4596 1283 4607 ι

2221 4553 2267 4610 D
2299 4504 2430 4574 μίαν
2457 4504 2597 4576 έχων
2633 4506 2880 4578 ἀνάγκην
2945 4505 3036 4560 τοῦ
3082 4506 3488 4578 σταυρωθῆναι.
3533 4487 3811 4565 Ἐσταυρώθη

591 4597 760 4640 causa
797 4587 990 4644 allixus
1021 4598 1106 4645 est
1133 4596 1308 4650 cruci.

2221 4587 2267 4610 ν
2296 4596 2405 4667 γὰρ
2442 4595 2600 4667 ἡμῶν
2625 4595 2831 4650 ἕνεκεν.
2869 4617 2872 4621 λ
3402 4629 3406 4633 -
3460 4621 3471 4638 ·-

649 4693 830 4791 νιειιε.Δ
875 4700 1035 4788 5-10.
1077 4721 1096 4754 ι
1131 4703 1459 4778 Recogitate
1508 4711 1656 4767 enim
1703 4729 1828 4771 eum
1881 4722 1977 4791 qui
2021 4725 2187 4782 talem

2373 4728 2394 4761 ‹
2442 4709 2867 4778 Ἀναλογίσασθε
2898 4709 3008 4782 γὰρ
3028 4711 3120 4764 τὸν
3150 4712 3410 4783 τοιαύτην
3427 4691 3811 4791 ὑπομεμενηκότα

592 4786 860 4841 sustinuit
911 4805 941 4843 a
998 4785 1384 4862 peccatoribus
1465 4801 1762 4860 adversum
1827 4782 2189 4884 semetipsum

2249 4821 2252 4824 ‘
2297 4802 2403 4856 ὑπὸ
2429 4802 2540 4857 τῶν
2579 4803 2930 4874 ἁμαρτωλῶν
2973 4807 3054 4868 είς
3089 4805 3254 4860 αὑτὸν
3311 4799 3633 4881 ἀντιλογίαν,
3662 4793 3732 4884 IV?
3762 4782 3810 4854 μὴ

592 4882 1116 4973 contradictionem,
1149 4896 1210 4943 ut
1263 4907 1332 4947 ne
1370 4892 1705 4966 fatigemini,
1752 4902 1955 4962 animis
1983 4880 2190 4969 vestris

2297 4895 2538 4967 κάμητε,
2564 4896 2687 4958 ταῖς
2715 4895 2917 4967 ψυχαῖς
2944 4897 3098 4968 ὑμῶν
3114 4880 3458 4973 ἐκλυόμενοι.
3491 4889 3647 4945 Οὔπω
3671 4880 3810 4973 μέζρίς

593 4970 932 5068 deficientes.
965 4976 1224 5036 Nondum
1256 4984 1403 5039 enim
1437 5002 1614 5060 usque
1643 4992 1712 5047 ad
1750 4998 2078 5068 sanguinem
2105 5017 2191 5060 re-

2295 4987 2530 5059 αἵματος
2576 4972 3039 5060 ἀντικατέστητε,
3089 4990 3228 5062 πρὸς
3282 4970 3387 5060 τὴν
3425 4978 3679 5055 ἁμαρτίαν
3723 4970 3812 5068 ἀνξ·

596 5062 838 5162 stitistis,
877 5067 1145 5127 adversus
1176 5085 1466 5142 peccatum
1497 5062 1892 5154 repugnantes,
1926 5097 1983 5145 et
2031 5091 2190 5148 obliti

2295 5079 2696 5151 αγωνιζόμενοι
2721 5097 2736 5111 ·
2771 5080 2874 5134 καὶ·
2903 5079 3197 5154 ἐκλέλησθε
3230 5081 3333 5152 τῆς
3377 5062 3813 5162 παρακλήςεωξνδς

595 5151 732 5253 estis
762 5158 1167 5253 consolatio-nis
1194 5177 1316 5232 qua:
1348 5167 1508 5225 vobis
1545 5151 1811 5244 tanquam
1852 5151 1981 5237 filiis
2008 5181 2189 5253 loqui-

2295 5189 2382 5236 τις
2409 5172 2539 5243 ύμῖν
2566 5171 2643 5235 ὡς
2677 5173 2812 5236 υἱοῖς
2843 5151 3174 5240 διαλέγεται·
3207 5151 3305 5226 Υίέ
3347 5186 3471 5242 μου,
3521 5151 3813 5253 pth-6M???

596 5243 938 5342 tun-dicens
984 5247 1128 5304 :Fili
1184 5253 1256 5306 mi
1289 5296 1304 5320 ,
1335 5257 1447 5312 noli
1498 5240 1774 5333 negligere
1830 5240 2187 5342 disciplinam

2297 5240 2549 5330 παιδείας
2574 5266 2806 5338 Κυρίου,
2838 5265 2974 5337 μηδὲ
3014 5265 3214 5321 ἐκλύου
3257 5240 3359 5320 ύπί
3381 5257 3554 5335 αὐτοῦ’
3585 5240 3812 5342 ἐλεγχξμξς

592 5333 834 5432 Domini,
870 5355 1048 5410 neque
1078 5342 1495 5416 fatigeris,dum
1530 5354 1600 5410 ab
1627 5370 1694 5411 eo
1722 5323 2182 5430 argueriszuem

2297 5377 2408 5424 νος,
2445 5323 2546 5414 ’ον
2575 5323 2915 5432 γάῥοάγἀῖιτᾴ
2943 5360 3172 5432 Κύριος,
3229 5333 3496 5418 παιδεύει,
3531 5334 3750 5419 μαστιγοῖ
3775 5323 3811 5376 δὲ

592 5427 738 5483 cnim
791 5429 970 5503 diligit
1025 5433 1327 5508 Dominus,
1383 5445 1621 5515 castigat
1667 5427 1949 5525 :‘Ilagellat
2003 5427 2184 5512 autem

2297 5452 2480 5508 πάντα
2509 5427 2626 5506 υίδν
2651 5427 2710 5506 δν
2733 5427 3136 5524 παραδέχεται·
3163 5456 3243 5518 είς
3277 5448 3516 5507 παιδείαν
3539 5431 3806 5525 ὑπομέγετε¹

593 5533 813 5576 omnem
845 5525 1018 5581 filium
1043 5545 1206 5599 quem
1245 5534 1461 5605 recipit.
1497 5538 1556 5592 ln
1604 5523 1902 5613 disciplina
1932 5561 2186 5616 perseve-

2295 5545 2373 5610 ὡς
2401 5529 2705 5616 υίοῖςύμῖν
2759 5521 3132 5617 προσφέρεται
3180 5549 3208 5602 ὁ
3237 5525 3389 5610 Θεός.
3432 5539 3524 5600 Τίς
3569 5528 3665 5600 γάρ
3702 5521 3810 5572 ἐστιν

593 5617 754 5666 rate:
793 5620 1059 5686 tanquam
1095 5621 1222 5676 filiis
1254 5625 1412 5681 vobis
1443 5625 1601 5682 offert
1629 5643 1690 5684 se
1719 5628 1886 5688 Deus.
1922 5633 2058 5700 Quis
2088 5652 2186 5691 au-

2293 5639 2429 5704 υίὸς,
2451 5640 2510 5693 ὃν
2534 5639 2595 5693 ού
2630 5639 2880 5693 παιδεύει
2923 5640 3165 5714 πατήρςν
3191 5642 3253 5694 Εἰ
3299 5640 3355 5692 δὲ
3391 5629 3552 5707 χωρίς
3572 5621 3808 5714 ’ἔστεξῗῖ

595 5705 886 5806 t’emdilius
920 5727 1079 5783 quem
1117 5729 1224 5769 non
1258 5720 1486 5790 corripit
1517 5723 1716 5792 pater?
1751 5725 1909 5791 Quod
1931 5692 1998 5783 ἐἰ
2031 5739 2186 5786 extra

2683 5692 2690 5693 κ
2975 5692 3250 5718 η..ι,--
3311 5715 3318 5719 _
3391 5692 3484 5707 ιι-
3702 5702 3712 5714 .

2295 5732 2466 5799 δείας,
2503 5726 2570 5804 ἧς
2597 5731 2817 5801 μέτοχοι
2849 5731 3108 5800 γεγόνασι
3147 5731 3366 5794 πάντες,
3411 5725 3517 5804 ἄραη
3540 5712 3666 5806 νόθοι

594 5789 938 5867 disciplinam
1021 5803 1157 5859 estis
1188 5845 1202 5873 ,
1242 5789 1418 5877 cujus,
1468 5789 1790 5888 participes:
1841 5816 1972 5873 facti
2049 5832 2180 5877 sunt

2289 5822 2387 5876 καὶ
2422 5822 2522 5892 οὐχ
2543 5819 2670 5876 υἱοί.
2705 5816 2840 5877 Εἶτα
2870 5820 2995 5886 τοὺς
3033 5822 3132 5893 μὲν
3156 5822 3254 5894 τῆς
3288 5813 3483 5889 σαρκὸς
3516 5798 3655 5878 ἡμῶν
3674 5799 3801 5844 πατε-
