4048 6418
329 382 440 445 989

1497 387 1581 446 IN
1614 388 1855 451 EPIST.
1884 390 1989 450 AD
2013 391 2408 451 HEBRJEOS.

3499 381 3606 444 990

329 512 436 563 ρας
455 493 674 564 εἴχομεν
696 493 1013 562 παιδευτὰς,
1040 482 1136 550 καὶ
1158 494 1571 567 ἐνετρεπόμεθα
1598 513 1612 528 ·
1647 497 1710 550 οὐ
1741 495 1923 566 πολλῷ

2052 511 2418 565 ιιηηοεςενςο
2471 495 2749 561 adulteri,
2787 504 2842 548 et
2901 508 3011 548 non
3051 493 3146 547 lilii
3205 493 3364 548 estis.
3421 490 3630 546 Deinde

331 588 538 660 μᾶλλον
565 588 1030 660 ὑποταγησόμεθα
1054 608 1071 642 ι

403 865 468 918 El
503 863 573 918 τὰ
600 861 710 917 τῶν
775 862 1022 934 πλησίων
1079 861 1232 932 πάθη
1280 861 1340 916 οὐ
1385 861 1728 931 διανίστησιν
1753 859 1926 929 ἡμᾶς,

331 960 524 1029 φησιν,
562 957 680 1011 ἀλλ’
705 952 806 1032 οὖν
827 957 897 1010 τὰ
921 954 1017 1010 τοῦ
1047 957 1320 1010 Δεσπότου
1351 957 1432 1020 είς
1463 953 1623 1009 τοῦτο
1645 953 1926 1026 διεγείρει,

331 1054 413 1114 είς
437 1052 498 1105 τὸ
522 1050 706 1105 ἀθλεῖν
735 1049 878 1121 ὑπὲρ
905 1049 1014 1105 τῶν
1049 1048 1239 1121 ψυχῶν
1273 1048 1456 1120 ἡμῶν.

416 1249 434 1282 ι
469 1229 562 1299 Τῷ
594 1229 774 1300 Πατρὶ
801 1228 912 1282 τῶν
946 1227 1298 1299 πνευμάτων,
1320 1227 1416 1282 καὶ
1449 1225 1723 1298 ζήσομεν;
1753 1224 1803 1278 οἱ
1831 1222 1929 1295 μὲν

335 1322 444 1395 γὰρ
510 1323 648 1393 πρὸς
705 1322 897 1390 ὀλίγας
931 1321 1150 1392 ἡμέρας
1201 1320 1348 1374 κατὰ
1400 1319 1464 1374 τὸ
1515 1319 1711 1374 δοκοῦν
1742 1318 1931 1380 αὐτοῖς

337 1416 627 1470 ἐπαίδευον
658 1431 672 1446 ο
711 1415 740 1467 ὁ
786 1414 846 1468 δὲ
880 1414 976 1467 ἐπὶ
1007 1414 1070 1467 τὸ
1095 1414 1375 1484 συμφέρον
1397 1415 1476 1474 είς
1505 1413 1568 1466 τὸ
1602 1410 1932 1482 μεταλαϐεῖν

335 1507 439 1577 τῆς
472 1507 762 1577 ἁγιότητος
789 1505 975 1560 αὐτοῦ.
1001 1506 1160 1559 Πᾶσα
1179 1505 1236 1558 δὲ
1258 1505 1477 1558 παιδεία
1501 1502 1638 1574 πρὸς
1667 1503 1727 1555 τὸ
1757 1501 1932 1572 παρὸν

337 1603 401 1656 οὐ
431 1603 580 1655 δοκεῖ
603 1603 778 1672 χαρᾶς
805 1597 970 1663 εἶναι,
1005 1599 1144 1654 ἀλλὰ
1181 1598 1360 1670 λύπης
1386 1614 1399 1630 ·
1431 1595 1665 1668 ὕστερον
1702 1595 1760 1648 δὲ
1791 1611 1930 1666 καρ-

343 1695 445 1748 πδν
473 1692 744 1765 εἰρηνικὸν
763 1695 872 1756 τοῖς
887 1693 954 1746 δι’
987 1693 1159 1762 αὐτῆς
1197 1711 1214 1742 ι

426 1871 494 1922 Ἢ
524 1867 633 1921 τῶν
663 1865 1023 1939 χαρισμάτων
1062 1858 1252 1937 φησιν,
1290 1865 1324 1936 ἢ
1376 1863 1487 1919 τῶν
1520 1864 1720 1935 εὐχῶν,
1761 1866 1795 1936 ἢ
1824 1865 1932 1920 τῶν
1967 1849 2010 1903 Β

337 1961 648 2031 δυνάμεων.

413 2072 432 2105 ι
468 2051 955 2123 Γεγυμνασμένοις
985 2051 1290 2112 ἀποδίδωσι
1319 2053 1698 2124 δικαιοσύνης.
1717 2051 1810 2106 Διὺ
1831 2049 1932 2113 τὰς

339 2143 682 2215 παρειμένας
711 2147 918 2216 χεῖρας,
976 2143 1073 2198 καὶ
1124 2144 1193 2199 τὰ
1252 2145 1681 2216 παραλελυμένοι
1727 2142 1933 2214 γόνατα

340 2235 790 2308 ἐπανορθώσατε,
854 2236 950 2291 καὶ
995 2236 1225 2309 τροχιὰς
1273 2237 1443 2309 ὀρθὰς
1511 2237 1778 2309 ποιήσατε
1820 2235 1932 2298 τοῖς

340 2328 502 2382 ποσὶν
525 2328 702 2398 ὐμῶν,
737 2328 826 2382 ἵνα
857 2328 933 2401 μὴ
958 2328 1018 2382 τὸ
1050 2328 1224 2400 χωλὸν
1247 2330 1521 2401 ἐκτραπῇ,
1553 2328 1675 2400 ἰαθῇ
1705 2328 1763 2381 δέ
1797 2327 1934 2398 μᾶλ-

339 2421 449 2476 λον.
476 2419 718 2491 Εἰρήνην
777 2419 1005 2474 διώκετε
1063 2421 1205 2489 μετὰ
1235 2420 1478 2486 πάντων,
1526 2421 1622 2475 καὶ
1651 2421 1743 2474 τὸν
1773 2421 1931 2487 ἁγια-

341 2509 500 2579 σμὸν,
552 2501 616 2561 οὗ
666 2509 840 2581 χωρὶς
899 2510 1076 2574 οὐδεὶς
1138 2509 1331 2580 ὄψεται
1369 2511 1464 2565 τὸν
1509 2511 1737 2582 Κύριον.
1780 2511 1930 2564 Ἐπι-

343 2596 674 2661 σκοποῦντες
709 2598 784 2667 μή
843 2615 928 2663 τις
979 2599 1225 2671 ὑστερῶν
1275 2600 1386 2654 ἀπὸ
1443 2601 1540 2672 τῆς
1570 2602 1794 2673 χάριτος
1837 2599 1930 2654 τοῦ

342 2689 502 2745 Θεοῦ.
539 2709 556 2742 ι

423 2781 568 2836 ’Λντὶ
610 2781 730 2848 τοῦ,
781 2785 895 2846 τοῖς
925 2783 1327 2854 ἀνασχομένοις
1358 2785 1453 2838 ἐπὶ
1490 2785 1650 2852 πολὺ,
1683 2787 1776 2839 καὶ
1803 2803 1935 2856 καρ-

338 2873 650 2944 τερήσασιο
691 2875 789 2928 καὶ
864 2875 1098 2948 εὐφήμῳ
1149 2877 1375 2947 ὀνόματι
1435 2877 1724 2949 κέχρηται.
1789 2881 1932 2950 ’Ἄρα

338 2967 619 3036 γυμνασία
679 2969 904 3039 ἐστἰνή
965 2968 1208 3031 παιδεία,
1272 2968 1364 3022 τὸν
1409 2969 1654 3040 ἀθλητὴν
1711 2972 1933 3042 ἰσχυρὸν

338 3058 728 3131 ἐργαζομένη,
781 3059 876 3115 καὶ
931 3060 1381 3130 ἀκαταγώνιστον
1430 3063 1488 3116 ἐν
1525 3065 1640 3126 τοῖς
1700 3063 1930 3132 ἀγῶσιν,

338 3150 548 3222 ἄμαχοι
580 3153 636 3204 ἐν
666 3153 778 3214 τοῖς
807 3150 1089 3221 πολέμοις.

412 3263 431 3296 ι
462 3245 661 3315 Μῆτις
695 3245 818 3315 ῥίζα
869 3244 1099 3316 πικρίας
1153 3245 1264 3299 ἄνω
1320 3245 1532 3315 φύουσα
1575 3246 1789 3319 ἐνοχλῇ,
1836 3249 1930 3302 καὶ

334 3337 426 3392 διὰ
457 3336 663 3406 ταύτης
696 3336 967 3406 μιανθῶσι
997 3336 1205 3391 πολλοί.
1241 3356 1258 3388 ›

411 3424 595 3502 Κᾶνῇ
645 3446 730 3492 τις
760 3429 888 3499 ῥίζα
936 3427 1166 3498 τοιαύτη
1200 3429 1416 3498 γέγονε,
1456 3431 1609 3502 φησι,
1659 3431 1932 3502 μηδεμίαν

334 3521 578 3592 βλάστην
604 3520 741 3590 ἄφες
777 3520 1070 3590 ἀναϐῆναι,
1113 3520 1229 3574 ἀλλ’
1260 3519 1518 3590 ἔκκοψον,
1545 3522 1634 3575 ἵνα
1686 3523 1760 3594 μὴ
1791 3525 1933 3596 φέρῃ

330 3630 614 3684 καρπούς.

417 3726 434 3759 ι
470 3707 563 3778 Μή
593 3724 675 3770 τις
703 3705 919 3777 πόρνος,
977 3707 1012 3777 ἢ
1071 3706 1321 3776 βέϐηλος,
1349 3707 1426 3771 ὼς
1467 3708 1664 3772 Ἡσαῦ,
1697 3710 1756 3773 ὃς
1810 3709 1935 3764 ἀντὶ

329 3797 598 3870 βρώσεως
624 3797 754 3866 μιᾶς
782 3794 1012 3851 ἀπέδοτο
1039 3794 1108 3848 τὰ
1138 3796 1484 3864 πρωτοτόκια
1517 3796 1704 3850 αὐτοῦ.
1742 3816 1762 3848 ι

413 3981 510 4043 Εἰς
557 3977 718 4032 τοῦτο
783 3976 960 4043 στίξαι
981 3976 1062 4029 δεῖ
1095 3975 1231 4047 (ll),
1283 3973 1439 4050 ἴναῇ
1483 3978 1670 4034 τελεία
1700 3978 1932 4046 διάνοια,

327 4073 436 4130 καὶ
463 4073 526 4126 τὸ
575 4069 993 4142 ἐπιφερόμενον,
1033 4070 1071 4138 ἢ
1107 4069 1395 4138 βέϐηλος,
1435 4072 1519 4137 ὡς
1577 4071 1789 4128 Ἠσαῦ,
1836 4073 1936 4126 Bg.

328 4166 509 4240 ϐηλος
534 4165 614 4231 δὲ,
632 4161 1049 4235 γαστρίμαργος
1077 4163 1172 4216 καὶ
1201 4163 1466 4234 ἀκρατής.

424 4367 442 4400 ι
491 4345 631 4400 Ἰστε
674 4346 783 4416 γὰρ
835 4344 917 4397 ὅτι
965 4343 1062 4396 καὶ
1109 4343 1409 4414 μετέπειτα
1455 4341 1628 4397 θέλων
1669 4341 1948 4414 κληρονο-’

341 4438 523 4510 μῆσαι
553 4435 648 4506 τὴν
677 4433 931 4502 εὐλογίαν
950 4473 964 4499 ,
998 4432 1440 4504 ἀπεδοκιμάσθη.
1481 4435 1792 4499 Μετανοίας
1824 4435 1934 4506 γὰρ

2031 597 2221 658 patres
2253 587 2480 658 quidem
2522 587 2707 641 carnis
2744 594 2950 640 nostrae
2972 586 3286 640 eruditores
3309 582 3629 642 habuimus.

2031 688 2084 734 et
2120 680 2516 735 revcrebamur
2549 694 2648 735 eos
2679 695 2694 733 :
2729 692 2838 732 non
2863 677 3036 744 multo
3075 679 3252 750 magis
3277 677 3630 746 obtempera-

2031 771 2215 828 bimus
2245 792 2268 826 ι

2103 863 2258 929 Quod
2292 863 2336 920 si
2369 878 2432 919 ea
2457 873 2584 935 quae
2614 862 2915 934 propinqui
2956 863 3133 918 nostri
3166 861 3318 931 passi
3353 868 3503 924 sunt,
3533 873 3632 913 ne-

2031 970 2308 1026 quaquam
2344 972 2444 1012 nos
2477 959 2719 1028 erigunt,
2757 956 2959 1025 inquit,
2980 965 3034 1021 at
3068 955 3262 1009 saltem
3290 968 3414 1023 quae
3443 950 3632 1005 Domi-

2032 1066 2140 1104 nus
2200 1051 2492 1114 sustinuit,
2524 1050 2590 1105 ad
2629 1051 2734 1104 hoc
2778 1049 3027 1104 excitant
3059 1056 3119 1101 ut
3150 1061 3250 1116 pro
3281 1045 3491 1100 nostris
3517 1043 3632 1098 ani-

2031 1141 2229 1195 mabus
2267 1141 2676 1211 depugnemus.

2106 1245 2126 1280 ι
2165 1227 2317 1283 Patri
2347 1229 2664 1300 spirituum,
2683 1237 2738 1283 et
2760 1226 3045 1283 vivemus?
3065 1235 3119 1282 et
3141 1225 3221 1280 illi
3249 1223 3472 1295 quidem
3494 1237 3633 1292 pau-

2033 1323 2115 1378 cis
2145 1322 2345 1378 diebus
2379 1320 2688 1378 secundum
2740 1321 3084 1375 voluntatem
3116 1333 3272 1374 suam
3307 1315 3634 1370 erudiebant

2031 1433 2174 1484 nos;
2213 1418 2303 1473 hic
2353 1423 2541 1472 autem
2569 1415 2638 1471 ad
2692 1415 2749 1470 id
2799 1413 2945 1486 quod
2983 1413 3115 1468 utile
3165 1417 3274 1476 est,
3304 1411 3358 1464 in
3408 1406 3632 1479 partici-

2034 1511 2216 1583 pando
2276 1509 2777 1566 sanctiﬁcationem
2839 1508 2985 1578 ejus.
3025 1505 3218 1578 [Vens
3276 1502 3391 1573 11.]
3439 1500 3634 1555 Omnis

2035 1612 2217 1659 autem
2271 1601 2565 1673 disciplina
2599 1601 2655 1654 in
2694 1599 2952 1670 prmsenti
3005 1597 3231 1667 quidem
3273 1593 3493 1648 videtur
3525 1604 3633 1643 non

2035 1711 2159 1752 esse
2189 1696 2402 1766 gaudii,
2433 1695 2526 1750 sed
2576 1693 2838 1749 moeroris
2883 1708 2896 1746 :
2936 1697 3128 1760 postea
3163 1695 3348 1741 autem
3391 1685 3631 1738 fructum

2035 1783 2450 1853 pacatissimum
2485 1783 2553 1838 iis
2584 1781 2677 1852 qui
2703 1796 2800 1850 per
2819 1794 2938 1835 eam
2989 1797 3007 1830 ι

2113 1874 2211 1931 Vel
2247 1876 2520 1930 donorum
2575 1875 2687 1940 ait,
2721 1888 2820 1929 seu
2859 1871 3188 1946 gratiarum,
3226 1867 3312 1923 vel
3361 1864 3633 1935 precatio-

2035 1983 2190 2032 num,
2223 1969 2307 2022 vel
2333 1967 2626 2022 virtutum.

2111 2078 2131 2111 ι
2174 2057 2474 2113 Exercitati
2507 2065 2659 2123 sunt,
2702 2057 2885 2113 reddit
2910 2054 3166 2126 iustitia}.
3198 2034 3632 2126 [νεικείω-15]

2033 2149 2265 2221 Propter
2295 2149 2442 2222 quod
2473 2152 2744 2206 remissas
2777 2163 2978 2203 manus
3019 2155 3074 2203 et
3109 2147 3290 2202 soluta
3323 2159 3496 2214 genua
3527 2144 3634 2197 eri-

2009 2243 2177 2315 'gite,
2205 2249 2259 2299 et
2292 2257 2518 2314 gressus
2564 2249 2748 2297 rectos
2792 2240 2962 2296 facite
3013 2233 3249 2308 pedibus
3308 2235 3544 2299 vestris,
3578 2244 3635 2288 ut

2032 2351 2146 2390 non
2181 2334 2499 2390 claudicans
2534 2333 2660 2405 quis
2697 2341 2883 2396 erret,
2916 2332 3093 2402 magis
3145 2338 3329 2383 autem
3383 2335 3633 2384 sanetur.

2033 2428 2231 2484 Pacem
2275 2427 2574 2498 sequimini
2612 2442 2738 2482 cum
2777 2425 3060 2491 omnibus,
3097 2430 3152 2478 et
3186 2419 3636 2478 sanctimoniam,

2034 2519 2156 2575 sine
2192 2533 2302 2590 qua
2340 2533 2503 2574 nemo
2535 2517 2746 2573 videbit
2817 2515 3013 2572 Deum.
3072 2511 3526 2582 Contemplantes
3569 2522 3636 2560 ne

2033 2613 2159 2682 quis
2190 2610 2335 2666 desit
2367 2609 2555 2681 gratiae
2595 2607 2713 2664 Dei.
2751 2628 2768 2660 ι

2105 2789 2214 2846 Pro
2266 2791 2459 2845 eodem
2513 2802 2578 2842 ac
2618 2788 2667 2843 si
2697 2787 2928 2851 diceret,
2962 2785 3056 2857 qui
3102 2785 3195 2839 diu
3246 2781 3637 2838 sustinuerunt

2035 2889 2091 2937 et
2118 2885 2650 2952 perseveraverunt:
2686 2878 2778 2932 ubi
2820 2891 2953 2932 voce
2986 2877 3125 2931 bene
3171 2881 3407 2930 sonante
3440 2869 3633 2922 utitur.

2035 2976 2339 3031 Enimvero
2383 2972 2710 3029 exercitatio
2743 2971 3037 3040 disciplina
3075 2976 3159 3024 est
3183 3006 3197 3030 ,
3223 2981 3345 3036 quae
3374 2963 3634 3016 athletam

2036 3070 2327 3127 robustum
2379 3066 2597 3131 reddit,
2639 3073 2693 3120 et
2733 3062 3167 3134 insuperabilem
3208 3061 3266 3114 in
3321 3054 3634 3112 certamini-

2037 3162 2162 3226 bus,
2191 3175 2256 3214 ac
2277 3159 2333 3212 in
2360 3158 2568 3229 praeliis
2601 3155 3111 3226 inexpugnabilem.

2111 3271 2128 3303 ι
2161 3249 2237 3305 Ne
2273 3263 2380 3319 qua
2427 3247 2584 3302 radix
2623 3245 3015 3300 amaritudinis
3051 3255 3275 3297 sursum
3310 3237 3634 3308 germinans

2035 3335 2323 3406 impediat,
2359 3343 2415 3389 et
2453 3349 2552 3403 per
2595 3333 2744 3386 illam
2779 3333 3144 3402 inquinentur
3180 3327 3360 3398 multi.
3403 3345 3422 3377 ι

2108 3424 2248 3492 Etsi,
2291 3424 2493 3495 inquit,
2530 3424 2805 3494 ejusmodi
2846 3424 3000 3478 radix
3030 3421 3274 3484 exsistit,
3303 3434 3371 3472 ue
3404 3415 3636 3487 permit-

2037 3525 2122 3571 tas
2155 3518 2328 3571 ullum
2362 3531 2586 3588 germen
2620 3530 2926 3586 exsurgere
2958 3533 2972 3584 ;
3019 3515 3115 3570 sed
3157 3521 3380 3582 amputa
3427 3509 3636 3572 statim,

2011 3607 2015 3612 “
2036 3624 2107 3664 ne
2136 3607 2348 3662 fructus
2382 3607 2653 3677 proferat.

2109 3699 2277 3756 Vens.
2311 3700 2399 3756 16.
2451 3719 2468 3752 ι
2523 3700 2602 3755 Ne
2635 3699 2760 3770 quis
2813 3698 3126 3754 fornicator
3152 3735 3167 3761 ,
3203 3703 3296 3748 aut
3346 3692 3636 3762 profanus,

2039 3801 2099 3848 ut
2129 3795 2297 3858 Esau,
2331 3794 2427 3864 qui
2455 3782 2680 3864 propter
2714 3807 2880 3848 unam
2925 3805 3109 3848 escam
3156 3787 3406 3846 vendidit
3444 3782 3638 3856 primi-

2012 3888 2149 3940 ,tiva
2194 3901 2313 3941 sua.
2347 3906 2365 3937 ι

2039 3989 2044 3994 ’
2108 3977 2208 4032 Hic
2239 3986 2458 4048 oportet
2489 3978 2916 4049 interpungere,
2956 3983 3016 4031 ut
3053 3975 3125 4032 sit
3161 3974 3324 4045 255
3360 3971 3639 4043 perfectus

2036 4085 2264 4136 sensus,
2299 4081 2463 4141 atque
2501 4071 2893 4143 subiungitur,
2938 4079 3033 4124 aut
3062 4069 3348 4138 profanus,
3384 4077 3439 4120 ut
3464 4063 3635 4118 Esau.

2037 4164 2202 4235 Atqui
2266 4165 2538 4236 profanus
2594 4164 2740 4230 fuit,
2777 4165 2909 4237 quia
2963 4163 3193 4236 gulosus
3251 4170 3307 4218 et
3365 4160 3636 4227 intempe-

2038 4270 2191 4311 rans.

2109 4348 2279 4405 Vens.
2334 4349 2423 4404 17.
2463 4367 2481 4400 ι
2533 4349 2746 4406 Scitote
2789 4350 2960 4406 enim
3005 4350 3277 4422 quoniam
3335 4355 3389 4404 et
3445 4356 3637 4419 postea

2040 4443 2276 4513 cupiens
2354 4442 2691 4500 haereditate
2773 4444 3248 4509 benedictionem,
3304 4442 3638 4513 reprobatus

329 4529 512 4585 τόπον
541 4529 642 4599 οὐχ
670 4520 860 4598 εὗρεν,
903 4524 1106 4597 καίπερ
1153 4525 1294 4596 μετὰ
1322 4526 1576 4598 δακρύων
1624 4528 1933 4601 ἐκζητήσας

2052 4545 2146 4592 est.
2178 4537 2300 4593 Non
2354 4538 2501 4592 enim
2559 4538 2772 4594 invenit
2826 4538 3174 4609 poenitentiae
3223 4538 3431 4604 locum,
3463 4549 3639 4606 quan-

329 4620 534 4692 αὐτήν.
577 4639 595 4670 ι

297 4759 302 4763 .
415 4710 494 4764 Δι’
527 4709 839 4782 ὑπερϐατοῦ
879 4710 1119 4766 ἐνταῦθα
1147 4713 1175 4765 ὁ
1213 4711 1358 4777 νοῦς.
1405 4713 1495 4783 Τῷ
1530 4714 1714 4769 τοίνυν
1748 4715 1941 4771 θέλων·

335 4801 804 4871 κληρονομῆσαι
832 4801 948 4870 τὴν
976 4803 1366 4871 ἐπαγγελίαν,
1413 4804 1654 4874 σύναψον
1677 4807 1760 4873 τὸ,
1791 4807 1944 4877 μετὰ

335 4895 621 4963 δακρύων
649 4893 846 4962 αὐτὴν
883 4893 1252 4964 ἐκζητήσας,
1283 4896 1372 4949 ἵνα
1469 4897 1683 4952 διάνοια
1711 4901 1745 4970 ἡ
1776 4899 1938 4972 αὕτη.

321 4985 642 5057 ’Βουληθεὶς
699 4983 1110 5056 κληρονομῆσαι
1181 4987 1278 5041 καὶ
1337 4987 1500 5051 αὐτὸς
1559 4990 1938 5060 ἐπαγγελίαν,

341 5079 502 5152 φησι,
535 5079 631 5132 καὶ
667 5076 808 5150 μετὰ
837 5077 1090 5149 δακρύων
1112 5079 1300 5152 ,αὐτὴν
1352 5080 1557 5151 ταύτην
1603 5084 1942 5155 ἐπαγγελίαν

2041 4645 2206 4702 quam
2238 4646 2365 4686 cum
2397 4631 2663 4703 lacrymis
2697 4632 3029 4704 inquisisset
3055 4645 3196 4688 eam.
3235 4649 3253 4683 ι

2111 4720 2229 4778 Hoc
2260 4724 2315 4778 in
2352 4725 2476 4778 loco
2524 4724 2832 4795 hyperbato
2855 4725 3053 4779 utitur.
3092 4722 3231 4779 Huic
3249 4724 3435 4794 itaque
3464 4734 3638 4776 mem-

2042 4815 2168 4880 bro,
2198 4817 2414 4885 cupiens
2448 4814 2772 4870 hwreditare
2803 4816 3248 4883 benedictionem,
3284 4815 3417 4870 illud
3444 4813 3638 4885 iunge,

2043 4922 2163 4960 cum
2200 4907 2458 4978 lacrymis
2502 4909 2777 4978 inquirens
2829 4924 2992 4973 eam;
3041 4916 3101 4962 ut
3147 4908 3238 4963 hic
3285 4910 3358 4964 sit
3401 4922 3636 4965 sensus:

2049 4999 2188 5056 Cum
2219 5010 2275 5057 et
2326 5002 2448 5073 ipse
2495 5001 2822 5058 haereditate
2864 5002 3120 5058 obtinere
3148 5003 3640 5073 repromissionem

2049 5101 2302 5165 cuperet,
2348 5093 2718 5167 eamdemque
2763 5094 3192 5166 promissionem
3227 5110 3355 5152 cum
3384 5096 3642 5169 lacrymis

1880 5272 2114 5336 NOTAE.

425 5403 536 5484 _(ll)
571 5400 678 5484 ch
715 5401 892 5484 τοῦτο
945 5403 1149 5484 στέξαι
1187 5405 1298 5484 δεῖ.
1322 5402 1441 5484 _H_i_c
1489 5407 1650 5484 locus
1679 5412 1939 5484 nonnihil

345 5473 523 5554 habet
569 5473 928 5554 obscuritatis
952 5513 970 5540 ,
998 5482 1151 5529 textu
1179 5515 1194 5540 ,
1221 5477 1282 5554 ni.
1318 5475 1500 5545 fallor,
1534 5480 1832 5554 oscitantis
1867 5483 1938 5537 li-

349 5544 528 5622 brarii
582 5543 794 5622 vitiato.
820 5543 1172 5622 Quapropter
1222 5543 1606 5622 Chrysostomj
1662 5551 1938 5622 interpre-

349 5616 614 5695 tationem
638 5613 793 5695 juvat
819 5615 906 5693 hic
948 5613 1223 5695 subiicere
1254 5634 1267 5672 :
1337 5613 1596 5695 Kal.__rr06
1633 5613 1846 5695 Δπόρνος
1867 5619 1937 5695 ἦν

349 5683 590 5763 ῥ-ςιισαῦ
616 5682 719 5763 ,οὐ
751 5682 920 5763 τοῦτο
963 5682 1197 5763 ἐνταῦθά
1228 5705 1423 5763 φησιν,
1451 5689 1534 5742 ὅτι
1575 5682 1773 5759 πόρνος
1805 5682 1936 5762 ἦν’ὁ

358 5752 540 5825 Ἦσαῦ
564 5795 579 5818 ,
607 5753 775 5825 Δἀλλὰ
800 5755 960 5825 πρὸς
999 5752 1417 5825 ἀντιδιαστολὴν
1450 5764 1626 5813 κεῖται
1650 5752 1779 5824 τοῦ,
1824 5752 1939 5816 Τὸν

357 5823 663 5898 ἁγιασμόν
715 5823 974 5880 διώκετε.
1015 5826 1086 5879 Τὸ
1113 5827 1191 5895 δὲ,
1227 5823 1484 5899 βέϐηλος,
1518 5832 1594 5894 ὡς
1626 5823 1936 5901 πρὸςέκεῐ-

2038 5435 2130 5473 νον
2185 5421 2442 5494 εἴρηται’
2479 5442 2498 5477 ι
2539 5423 2776 5479 Ubinam
2816 5424 2963 5479 enim
3024 5421 3185 5494 Esau
3237 5421 3419 5494 fuisse
3480 5433 3640 5477 scor-

2037 5497 2188 5560 tator
2242 5491 2473 5549 fertur?
2512 5495 2632 5550 Non
2687 5495 2793 5550 hoc
2854 5495 2970 5560 ait,
3023 5492 3168 5549 Esau
3229 5491 3627 5547 fornicatorem

2039 5559 2235 5629 fuisse,
2275 5566 2371 5619 sed
2401 5581 2591 5620 vocem
2621 5566 2765 5619 hanc
2789 5579 2886 5635 per
2934 5559 3339 5634 Oppositionem
3361 5561 3637 5635 adhibuit

2038 5642 2267 5704 propter
2298 5635 2414 5688 haec
2450 5636 2556 5689 alia
2604 5632 2812 5690 verba}
2842 5632 3140 5704 Sequimini
3196 5632 3632 5704 sanctimoniam.

2036 5703 2526 5776 Gmterumﬂquod,
2572 5705 2836 5774 profanus
2861 5745 2878 5770 ,
2911 5702 3170 5776 additur,
3206 5703 3272 5756 ad
3320 5702 3455 5757 illud
3509 5717 3635 5776 spc-

2036 5781 2150 5828 ctat
2185 5791 2197 5828 :
2233 5775 2422 5832 nullus
2461 5791 2594 5847 ergo
2629 5777 2894 5846 profanus
2931 5776 3072 5833 sicut
3105 5774 3272 5840 Esau,
3309 5792 3327 5826 ι
3369 5783 3473 5831 etc.
