4048 6426
528 360 633 431 991

1745 360 1808 420 S.
1849 354 2173 420 IOANNIS
2208 352 2646 417 DAMASCENI
3711 351 3792 417 ﬁ

529 474 864 549 postularet,
895 471 1228 544 reprobatus
1255 471 1380 538 fuit,
1413 470 1544 544 quia
1577 488 1683 528 non
1719 471 1918 526 invenit
1947 470 2123 526 locum

2236 467 2563 542 ἐκζητήσας,
2590 465 3036 538 ἀπεδοκιμάσθη,
3058 465 3151 521 ὅτι
3171 463 3517 537 μετανοίας
3545 464 3654 536 οὐχ
3678 466 3798 536 ηὗρε

530 569 879 642 ρωηίιεηιίαε.
914 566 1032 623 Νοιι
1070 566 1336 636 paenituit
1375 566 1556 633 illum,
1605 565 1806 635 inquit.
1839 563 2128 632 Quomodo

531 661 705 727 enim,
732 661 828 730 qui
880 659 1146 715 dicebat:
1211 656 1728 729 Appropinquabunt
1779 657 1894 712 dies
1949 656 2128 711 luctus

530 752 702 824 patris
731 753 857 817 mei,
893 760 943 807 et
984 749 1228 806 occidam
1265 747 1436 805 Iacob
1467 749 1692 820 fratrem
1723 765 1898 804 meum
1929 748 1972 780 “
1998 747 2022 804 ?

1805 881 1828 910 Ν

598 927 771 986 Vens.
803 929 893 984 18.
928 946 948 981 ι
985 926 1108 983 Non
1131 927 1279 983 enim
1307 926 1628 984 accessistis
1674 923 1742 981 ad
1777 923 2128 981 tractabilem

530 1033 805 1088 montem,
834 1028 892 1077 et
920 1019 1316 1076 accensibilem
1371 1019 1580 1092 ignem,
1612 1017 1923 1084 turbinem,
1954 1025 2008 1073 et
2036 1030 2131 1072 ea-

530 1115 784 1188 liginem,
817 1123 872 1168 et
893 1112 1216 1184 procellam.
1252 1129 1272 1164 ι

604 1207 794 1262 Multis
837 1206 952 1276 jam
1004 1205 1060 1260 in
1117 1203 1256 1260 locis
1301 1217 1504 1258 novum
1563 1208 1962 1258 testamentum
1999 1214 2130 1258 cum

529 1307 719 1358 vetere
767 1298 1044 1365 contulit,
1087 1296 1446 1370 ostenditque
1501 1295 1610 1352 hoc
1657 1296 1755 1353 illo
1790 1295 1954 1367 longe
1985 1309 2130 1365 prae-

531 1390 834 1448 cellentius
906 1403 1055 1446 esse.
1128 1388 1230 1442 llic
1294 1401 1516 1458 quoque
1586 1401 1683 1457 per
1768 1394 2130 1440 transennam

534 1492 842 1554 utrumque
891 1488 1204 1552 comparat,
1241 1487 1299 1536 et
1346 1495 1448 1550 pro
1492 1477 1679 1550 Moyse
1704 1475 1895 1534 Jesum
1930 1475 2129 1548 ponit,

533 1585 591 1635 et
643 1591 746 1648 pro
800 1575 1006 1646 populo
1065 1574 1240 1628 multa
1297 1571 1622 1643 angelorum
1681 1569 1880 1636 millia,
1939 1574 1998 1624 et
2028 1581 2132 1640 pro

533 1674 727 1724 monte
758 1665 987 1721 coelum.

605 1756 776 1812 Vens.
823 1755 1015 1810 l9-25.
1055 1772 1073 1806 ι
1117 1753 1184 1808 Et
1213 1753 1362 1808 tubae
1401 1768 1626 1816 sonum,
1661 1760 1720 1808 et
1769 1766 1963 1808 vocem
2003 1765 2130 1808 ver-

533 1850 756 1914 borum,
785 1863 954 1918 quam
987 1848 1082 1918 qui
1126 1845 1452 1911 audierunt,
1507 1843 1924 1901 excusaverunt
1947 1859 2028 1909 se,
2061 1858 2134 1899 ne
2162 1823 2206 1880 Β

537 1942 696 1998 ﬁeret
725 1940 806 1996 eis
836 1939 1089 1996 verbum.
1132 1938 1250 1994 Non
1283 1940 1436 1994 enim
1470 1937 1776 2009 portabant
1811 1937 1961 2008 quod
1999 1951 2136 2005 prae-

535 2025 847 2104 cipiebatur
883 2042 978 2089 :et
1008 2033 1054 2089 si
1089 2031 1268 2088 bestia
1308 2031 1548 2104 tetigerit
1571 2041 1829 2097 mortem,
1863 2028 2136 2101 lapidabi-

535 2131 652 2177 tur.
683 2123 749 2178 Et
772 2124 847 2178 ita
879 2123 1137 2179 terribile
1181 2133 1302 2179 erat
1344 2124 1494 2194 quod
1530 2124 1824 2178 videbatur
1865 2141 1878 2177 :
1918 2122 2135 2194 Moyses

537 2213 720 2268 dixit:
783 2211 1104 2270 Exterritus
1151 2228 1274 2268 sum
1326 2221 1385 2268 et
1433 2213 1863 2270 tremebundus.
1899 2211 2009 2268 Sed
2040 2225 2136 2266 ac-

540 2303 798 2361 cessistis
836 2304 905 2360 ad
931 2303 1068 2358 Sion
1120 2312 1389 2373 montem,
1419 2312 1475 2361 et
1508 2305 1787 2361 civitatem
1817 2303 1914 2361 Dei
1944 2305 2138 2360 viven-

539 2395 636 2461 tis,
690 2395 1007 2453 Jerusalem
1065 2398 1351 2454 caalestem
1409 2405 1463 2454 et
1539 2399 1844 2454 multorum
1899 2397 2136 2452 millium

539 2489 866 2560 angelorum
920 2488 1287 2559 frequentiam
1322 2530 1338 2555 ,
1387 2499 1443 2545 et
1475 2489 1778 2546 Ecclesiam
1824 2489 2139 2561 primitivo-

541 2591 690 2641 rum,
742 2579 837 2649 qui
910 2580 1216 2651 conscripti
1276 2588 1408 2637 sunt
1455 2582 1511 2636 in
1567 2581 1751 2649 caelis,
1793 2589 1852 2638 et
1889 2580 2136 2651 judicem

539 2669 790 2724 omnium
842 2667 1035 2738 Deum,
1085 2680 1141 2729 et
1181 2673 1477 2742 spiritibus
1519 2672 1803 2742 iustorum
1852 2671 2136 2743 perfecto-

538 2775 692 2826 rum,
747 2770 802 2816 et
841 2763 1163 2820 testamenti
1219 2764 1348 2818 novi
1410 2763 1774 2819 mediatorem
1824 2760 2037 2830 losum,
2086 2772 2142 2819 et

540 2855 841 2924 sanguinis
891 2857 1275 2926 aspersionem
1333 2856 1535 2912 melius
1573 2857 1899 2925 loquentem
1972 2870 2140 2927 quam

542 2943 707 3000 Abel.
746 2943 942 3001 Videte
963 2961 1035 3001 ne
1062 2947 1336 3002 recusetis
1366 2945 1715 3015 loquentem.
1754 2964 1774 2998 ›

616 3035 786 3093 Velut
817 3038 1152 3094 adveniente
1174 3053 1303 3109 rege
1333 3039 1545 3108 aliquo.

615 3128 882 3196 Quanam
917 3146 1050 3185 vero
1085 3130 1368 3202 primitiva
1405 3130 1561 3198 dicit,
1600 3130 1708 3188 nisi
1746 3129 2033 3186 ﬁdelium?

625 3332 644 3365 ι
684 3312 741 3369 Si
779 3313 928 3369 enim
979 3313 1056 3369 illi
1092 3328 1208 3370 non
1262 3316 1602 3387 ell'ugerunt,
1656 3322 1986 3370 recusantes
2013 3328 2140 3370 eum

542 3405 642 3476 qui
695 3420 870 3476 super
915 3415 1120 3460 terram
1183 3406 1544 3478 loquebatur,
1579 3407 1761 3462 multo
1793 3407 1975 3477 magis
2010 3421 2139 3472 nos,

542 3498 638 3570 qui
671 3499 741 3554 de
763 3498 923 3555 cmlis
949 3498 1271 3570 loquentem
1305 3500 1469 3556 nobis
1502 3501 1830 3558 avertimus.
1870 3519 1889 3553 ι

614 3587 857 3660 lloysem
913 3589 1122 3644 innuit.
1186 3590 1370 3660 Atque
1422 3590 1513 3644 hic
1567 3605 1772 3645 sensus
1799 3596 1930 3646 est:
1969 3589 2027 3644 Si
2057 3589 2150 3673 illi

544 3679 642 3751 qui
675 3687 1013 3750 respuerunt
1053 3680 1210 3736 illum
1266 3695 1296 3735 a
1329 3697 1440 3750 quo
1484 3689 1706 3737 terrena
1739 3680 2144 3753 promitteban-

543 3780 658 3831 tur.
690 3786 802 3826 non
835 3770 1147 3842 ell‘ugerunt
1173 3771 1446 3844 (Moysem
1487 3772 1642 3837 citat,
1687 3774 1821 3844 quia
1869 3773 1986 3829 haec
2020 3788 2142 3828 om-

549 3863 640 3918 nia
668 3862 859 3933 ﬁgurae
893 3873 1074 3929 erant,
1104 3873 1239 3936 puta
1273 3865 1418 3936 agri,
1465 3866 1875 3937 possessiones,
1903 3872 1959 3922 et
1991 3871 2145 3922 terra

549 3955 1044 4028 Chananeeorum),
1093 3964 1307 4028 quanto
1343 3959 1634 4029 graviores
1668 3973 1864 4030 poenas
1905 3960 2143 4026 dabunt,

548 4046 646 4117 qui
680 4047 964 4117 aspernati
1002 4048 1159 4104 illum
1207 4047 1440 4116 fuerint,
1490 4049 1587 4120 qui
1645 4051 1896 4108 cmlestia
1925 4050 2148 4123 pollici-

550 4147 644 4195 tus
677 4148 763 4196 est
785 4141 799 4194 l

623 4236 794 4290 Vsus.
819 4233 910 4288 26.
949 4253 970 4287 ι
1001 4234 1176 4305 Cujus
1205 4251 1310 4292 vox
1349 4238 1526 4292 movit
1553 4243 1768 4294 terram
1798 4243 1964 4303 tunc;
1995 4250 2147 4292 nunc

551 4334 737 4381 autem
777 4327 1106 4398 repromisit
1160 4328 1394 4385 dicens:
1450 4328 1648 4386 Adhuc
1695 4329 1892 4398 semel,
1941 4338 1999 4386 et
2045 4343 2150 4402 ego

551 4420 810 4487 movebo,
843 4439 863 4474 ι

2229 566 2440 619 τόπον.
2473 565 2547 618 Οὐ
2577 562 2688 635 γὰρ
2721 561 3042 633 μετενόησε,
3078 559 3245 632 φησί.
3290 558 3428 623 Πῶς
3453 555 3586 630 γὰρ,
3622 559 3678 624 ὃς
3705 559 3801 617 ελε-

2230 674 2326 728 γεν
2344 697 2360 722 ,
2406 657 2798 729 Ἐ’ττίσουσιν
2849 657 2912 710 αὶ
2950 655 3166 734 ἡμέραι
3220 652 3340 708 τοῦ
3409 651 3665 720 πένθους
3713 657 3802 712 τοῦ

2229 749 2457 819 πατρός
2503 767 2626 821 μου
2643 787 2660 816 ,
2708 750 2810 805 καί
2862 745 3180 805 ἀποκτενῶ
3243 743 3470 804 Ἰακὼϐ
3511 746 3620 801 τὸν
3655 747 3802 806 ἀδελ.

2229 845 2349 914 φύν
2383 859 2534 912 pou;

2308 955 2328 989 ι
2373 937 2449 991 Ού
2482 934 2596 1010 γὰρ
2625 933 3074 1006 προσεληλύθατε
3110 928 3525 1004 ψηλαφωμένῳ
3557 929 3689 1002 δρει,
3728 933 3803 987 καὶ

2231 1026 2560 1099 κεκαυμένῳ
2625 1025 2798 1098 πυρὶ,
2857 1024 2958 1079 καὶ
3008 1021 3228 1094 γνόφῳ,
3300 1020 3404 1076 καὶ
3459 1019 3672 1092 σκότῳ,
3729 1024 3802 1077 καὶ

2233 1119 2452 1192 θυέλλῃ.
2500 1137 2521 1172 ι

2313 1209 2405 1266 Ἐν
2434 1209 2651 1272 πολλοῖς
2682 1207 2788 1279 ἢδη
2819 1204 3121 1280 συγκρίνας
3155 1204 3261 1277 τὴν
3293 1202 3452 1259 Νέαν
3480 1203 3550 1275 τῇ
3583 1203 3799 1276 Παλαιᾷ,

2231 1305 2329 1360 καὶ
2359 1304 2542 1370 δείξας
2587 1302 2795 1374 ταύτην
2846 1299 3066 1373 ἐκείνης
3117 1297 3259 1354 πολὺ
3313 1297 3641 1369 κρείττονα,
3671 1298 3801 1353 πάλιν

2232 1399 2330 1454 καὶ
2365 1396 2606 1454 ἐνταῦθα
2647 1396 2772 1452 κατ’
2805 1393 3110 1466 ἐπιδρομὴν
3156 1390 3454 1463 συγκρίνει
3475 1431 3490 1457 ,
3519 1390 3639 1444 ἀντὶ
3666 1391 3798 1447 Muli}-

2234 1491 2373 1555 σέως
2408 1489 2580 1554 τιθεὶς
2627 1486 2838 1556 Ἰησοῦν
2857 1527 2874 1554 ,
2905 1487 3002 1540 καὶ
3037 1484 3160 1539 ἀντὶ
3195 1480 3333 1538 λαοῦ
3368 1481 3641 1556 μυριάδας
3668 1483 3800 1553 ἀγγέ.

2231 1582 2342 1638 λων
2361 1622 2377 1649 ,
2410 1583 2508 1638 καὶ
2538 1580 2662 1636 ἀντὶ
2695 1579 2860 1653 ὄρους
2886 1579 2984 1633 τὸν
3013 1578 3270 1651 οὐρανόν.

2313 1780 2334 1815 ι
2380 1760 2497 1817 Καὶ
2526 1759 2829 1829 σάλπιγγος
2872 1758 3027 1829 ήχῳ,
3060 1755 3156 1810 καὶ
3187 1750 3350 1825 φωνῇ
3437 1751 3720 1823 ῥημάτων.
3747 1745 3794 1824 ἧς

2233 1855 2283 1909 οἱ
2321 1855 2657 1914 ἀκούσαντες
2681 1850 3094 1922 παρῃτήσαντο,
3131 1846 3208 1918 μὴ
3241 1841 3623 1916 προστεθῆναι
3651 1842 3796 1907 aurci;

2234 1949 2415 2020 λόγον.
2461 1947 2576 2002 Οὐκ
2609 1945 2806 2017 ἔφερον
2838 1942 2948 2014 γὰρ
2984 1941 3048 1995 τὸ
3079 1937 3576 2010 διαστελλόμενον⁸
3605 1934 3700 1992 κᾶν
3733 1935 3800 2007 θηο

2238 2040 2353 2115 ρίον
2383 2039 2512 2112 θίγῃ
2539 2037 2637 2092 τοῦ
2665 2037 2847 2110 ὅρους,
2873 2031 3389 2105 λιθοϐοληθήσεται.
3415 2029 3534 2084 Καὶ
3567 2028 3699 2083 οὕτω
3727 2047 3798 2098 φο-

2235 2134 2400 2206 ϐερὸν
2426 2128 2496 2205 ἦν
2514 2131 2577 2186 τὸ
2607 2129 3016 2201 φανταζόμενον
3035 2143 3051 2159 ⁸
3081 2125 3335 2197 Μωῦσῆς
3359 2117 3540 2190 εἶπεν,
3569 2122 3798 2192 Ἐκφοϐός

2237 2230 2355 2299 εἰμι
2405 2226 2501 2281 καὶ
2527 2224 2813 2296 ἔντρομος.
2849 2220 3014 2277 Ἀλλὰ
3040 2216 3499 2291 προσεληλύθατε
3530 2215 3663 2270 Σιὼν
3687 2214 3796 2285 όρει,

2237 2322 2336 2376 καὶ
2366 2319 2524 2375 πόλει
2552 2317 2692 2373 Θεοῦ
2717 2315 2943 2382 ζῶντος,
2985 2311 3354 2386 Ἰερουσαλὴμ
3384 2307 3703 2380 ἐπουρανίῳ,
3727 2308 3796 2361 καὶ

2241 2415 2502 2486 μυριάσιν
2529 2411 2780 2481 ἀγγέλων
2801 2407 3130 2480 πανηγύρει,
3157 2407 3258 2460 καὶ
3287 2402 3594 2474 Ἐκκλησία
3623 2417 3795 2472 πρωτο·

2238 2505 2417 2560 τόκων
2446 2506 2505 2560 ὲν
2527 2503 2781 2574 οὐρανοῖς
2808 2497 3335 2571 ἀπογεγραμμένων
3357 2535 3374 2560 ,
3399 2495 3498 2549 καὶ
3527 2496 3679 2566 κριτῇ
3705 2492 3793 2562 Θεῷ

2240 2597 2494 2664 πάντων,
2524 2594 2623 2648 καὶ
2657 2591 2940 2662 πνεύμασι
2968 2590 3196 2644 δικαίων
3229 2585 3699 2656 τετελειωμένων,
3727 2584 3794 2638 καὶ

2239 2687 2511 2758 διαθήκης
2533 2686 2660 2749 νέας
2698 2683 2896 2755 μεσίτῃ
2934 2679 3138 2752 Ἰησοῦ,
3164 2680 3266 2734 καὶ
3289 2680 3490 2749 αἵματι
3519 2675 3790 2749 ῥαντισμοῦ,

2241 2781 2489 2851 κρεῖττον
2518 2777 2770 2834 λαλοῦντι
2794 2777 2946 2848 παρὰ
2977 2776 3069 2830 τὸν
3092 2773 3285 2829 Ἀϐελ.
3319 2771 3560 2826 Βλέπετε
3589 2770 3658 2842 μὴ
3685 2783 3792 2837 παρ-

2240 2869 2543 2943 αιτήσησθε
2571 2861 2978 2924 τὺνλαλοῦντα.
3018 2883 3039 2918 ι

2315 3051 2448 3104 "Are
2479 3048 2556 3112 ὡς
2584 3047 2677 3101 ἐπὶ
2713 3045 2980 3118 βασιλέως
3007 3044 3158 3107 τινὸς
3185 3042 3490 3116 παρόντος.

2169 3171 2212 3231 c
2317 3143 2492 3197 Τίνων
2541 3141 2630 3208 δὲ,
2680 3139 2851 3212 φησὶ,
2894 3135 3297 3210 πρωτοτόκων,
3344 3133 3466 3189 ἀλλ’
3515 3132 3549 3205 ἢ
3594 3132 3690 3187 τῶν
3728 3149 3790 3186 πι-

2157 3266 2163 3286 ι
2245 3251 2428 3300 στων;

2320 3346 2340 3379 ι
2375 3326 2438 3379 Εἰ
2469 3323 2581 3396 γὰρ
2605 3323 2808 3378 ἐκεῖνοι
2833 3323 2935 3378 ούκ
2963 3322 3187 3394 ἔφυγον,
3215 3322 3312 3376 τὸν
3331 3322 3425 3376 ἐπὶ
3441 3321 3539 3390 τῆς
3568 3319 3662 3390 γῆς
3688 3335 3791 3388 παρ-

2243 3419 2605 3491 αιτησάμενοι
2654 3417 3091 3491 χρηματίζοντα,
3117 3417 3307 3488 πολλῷ
3351 3415 3556 3488 μᾶλλον
3582 3410 3791 3485 ήμεῖς,οί

2242 3511 2336 3567 τὸν
2361 3512 2457 3566 ἀπ’
2486 3510 2736 3582 οὐρανῶν
2765 3511 3269 3583 ἀποστρεφόμενοι.
3308 3527 3328 3561 ι

2315 3603 2558 3657 Μωῦσέα
2576 3602 2762 3672 λέγει’
2785 3603 2814 3656 ὁ
2840 3601 2896 3655 δὲ
2923 3600 3049 3665 νοῦς
3075 3596 3234 3666 οὗτος
3258 3619 3274 3630 ’
3306 3600 3371 3654 Ei
3407 3599 3499 3652 τὸν
3528 3597 3592 3652 τὰ
3619 3593 3789 3664 ἐπίγεια

2245 3694 2722 3766 ἐπαγγελλόμενον
2741 3695 3224 3766 παραιτησάμενοι
3246 3693 3354 3746 οὐκ
3371 3691 3630 3761 ἐξέφυγον
3651 3686 3788 3757 (λέγει

2245 3785 2305 3840 δὲ
2333 3784 2425 3840 τὸν
2464 3785 2707 3840 Μωῦσέα
2729 3825 2744 3852 ,
2777 3787 2860 3840 ὅτι
2903 3785 3114 3839 τυπικὰ
3158 3784 3344 3839 πάντα
3374 3778 3445 3854 ἦν
3476 3783 3678 3843 ἐκεῖνα,
3709 3772 3790 3831 οἷον

2247 3876 2410 3949 ἀγροὶ
2430 3879 2526 3932 καὶ
2551 3879 2832 3950 κτήματα,
2870 3877 2968 3932 καὶ
2997 3877 3073 3948 γῆ
3104 3874 3496 3948 Χαναναίων),
3523 3873 3663 3942 πόσῳ
3687 3868 3788 3941 μᾶλ-

2246 3971 2340 4025 λον
2375 3972 2425 4025 οί
2457 3971 2552 4026 τὸν
2589 3972 2661 4025 τὰ
2700 3972 2934 4044 οὐράνια
2971 3969 3456 4042 ἐπαγγελλόμενον
3502 3960 3790 4039 παραιτησά-

2250 4082 2424 4138 μενοι,
2459 4065 2890 4139 κολασθήσονται
2911 4065 2926 4120 l

2326 4262 2346 4297 ι
2382 4236 2458 4299 Οῦ
2483 4244 2518 4316 ἡ
2548 4243 2702 4316 φωνὴ
2729 4243 2830 4316 τὴν
2858 4243 2965 4315 γῆν
2986 4241 3252 4298 ὲσάλευσε
3278 4243 3427 4309 τότε,
3461 4238 3555 4295 νῦν
3585 4237 3636 4292 δὲ
3660 4232 3788 4301 ἐπήγ-

2248 4334 2438 4405 γελται
2457 4376 2474 4404 ,
2499 4335 2677 4407 λέγων
2696 4351 2710 4366 ·
2738 4335 2863 4390 Ἔτι
2893 4334 3065 4402 ἅπαξ,
3095 4332 3208 4404 ἐγὼ
3239 4334 3394 4401 σείω,
3428 4351 3448 4386 ι

607 4511 668 4567 ld
696 4521 805 4581 est,
864 4514 1166 4586 legislatio,
1220 4531 1345 4588 quae
1372 4515 1431 4572 in
1485 4522 1675 4573 mente
1714 4513 1855 4572 Sina
1884 4515 2141 4589 contigit,

2322 4511 2622 4569 Τουτέστιν
2646 4511 2744 4568 καὶ
2767 4512 2804 4586 ή
2833 4468 2978 4568 κατᾷ
3005 4510 3069 4565 τὸ
3096 4510 3224 4584 δρος
3264 4510 3401 4566 Σινᾶ
3438 4502 3707 4579 νομοθεσία
3725 4497 3786 4562 ἐξ·

549 4605 842 4676 percelluit
889 4622 1077 4676 aures,
1121 4623 1228 4666 nec
1257 4623 1371 4664 non
1430 4607 1691 4665 liberatio
1751 4622 1819 4663 ex
1875 4606 2144 4681 Egypto.

547 4695 688 4755 Nam
719 4697 1008 4772 Scriptura
1043 4701 1180 4758 dicit
1205 4719 1219 4756 :
1252 4701 1422 4767 Deus,
1454 4717 1578 4757 cum
1603 4699 1928 4771 egredereris
1958 4717 2148 4756 coram

547 4791 744 4861 populo
812 4801 922 4860 tuo,
973 4810 1096 4849 cum
1165 4794 1526 4862 pertransires
1591 4793 1650 4849 in
1712 4793 1946 4861 deserto,
2002 4801 2164 4849 terra

551 4892 696 4938 mota
723 4894 823 4940 est.
864 4886 931 4940 υ.

622 4975 740 5030 Hoc
793 4985 903 5041 est,
937 4993 1043 5032 vox
1083 4993 1182 5048 per
1241 4980 1565 5037 universam
1616 4985 1850 5046 terram,
1893 4992 2016 5049 quae
2042 4975 2148 5036 sub

553 5066 695 5122 cmlo
727 5075 832 5133 est,
865 5083 1200 5138 personans.

630 5177 651 5211 ι
689 5157 811 5214 Νοιι
841 5161 1025 5215 solum
1056 5167 1288 5226 terram,
1323 5161 1419 5218 sed
1449 5171 1505 5217 et
1534 5162 1758 5219 celum.
1804 5160 2000 5237 [νεεδ.
2031 5160 2150 5236 27.]

554 5251 713 5319 Quod
748 5261 935 5308 autem
967 5253 1160 5321 semel,
1190 5254 1346 5320 dicit,
1385 5255 1652 5322 declarat,
1682 5274 1702 5307 ι

624 5342 936 5416 2561100
985 5344 1142 5412 dicit,
1201 5363 1310 5419 qua
1362 5347 1489 5402 novi
1543 5348 1864 5404 testamenti
1919 5347 2150 5404 traditio

551 5438 893 5510 paciﬁcavit,
946 5447 1062 5494 tum
1111 5455 1239 5510 qua:
1282 5441 1338 5496 in
1385 5440 1567 5506 caelis,
1600 5447 1720 5494 tum
1758 5455 1881 5511 quae
1912 5439 1968 5495 in
1999 5447 2148 5496 terra

555 5542 724 5603 sunt;
765 5541 820 5590 et
849 5535 981 5607 quia
1037 5536 1281 5591 innotuit
1310 5537 1668 5607 potestatibus
1721 5543 1773 5590 et
1826 5534 2146 5606 principati-

557 5625 654 5682 bus
691 5641 784 5694 per
817 5626 1115 5683 Ecclesium
1153 5621 1506 5698 multiformis
1535 5629 1804 5698 sapientia
1835 5626 1934 5683 Dei
1971 5629 2036 5682 “.

2246 4607 2512 4673 ἀκουστος
2538 4606 2757 4678 γέγονε,
2793 4606 2890 4660 καὶ
2921 4607 2956 4677 ή
2981 4605 3272 4676 λύτρωσις,
3303 4608 3337 4675 ὴ
3375 4603 3433 4670 ἐξ
3459 4599 3724 4669 Αἰγύπτου.
3747 4590 3783 4642 Ὁ

2249 4700 2396 4767 Θεὸς
2436 4700 2548 4772 γὰρ
2566 4739 2582 4765 ,
2631 4699 2799 4770 φησιν
2821 4738 2836 4764 ,
2879 4697 2950 4753 ἐκ
3017 4696 3124 4752 τοῦ
3159 4691 3592 4765 ἐκπορεύεσθαι
3625 4703 3689 4742 σε
3715 4683 3786 4737 ἐν·

2243 4793 2438 4848 ὠπιον
2462 4791 2572 4845 τοῦ
2597 4790 2753 4846 λαοῦ
2785 4807 2925 4857 σου,
2950 4788 3023 4845 ἐν
3043 4787 3125 4854 τῷ
3137 4786 3469 4844 διαϐαίνειν
3481 4798 3554 4838 σε
3573 4778 3676 4846 τὴν
3685 4773 3782 4844 Epiz-

2241 4901 2364 4958 μον
2377 4925 2393 4952 ,
2435 4882 2514 4954 γῆ
2541 4883 2817 4952 ἐσείσθη.

2320 4977 2617 5033 Τουτέστιν
2637 5015 2654 5044 ,
2677 4977 2712 5048 ή
2741 4977 2825 5040 είς
2848 4975 3069 5032 ἃπασαν
3098 4975 3315 5046 ἥκουσα
3347 4972 3444 5044 τὴν
3473 4969 3560 5024 ὑπ’
3582 4957 3780 5038 οὐρανόν.

2297 5179 2348 5214 ⁴‹
2394 5159 2471 5214 Ού
2511 5158 2673 5230 μόνον
2704 5157 2808 5230 τὴν
2854 5159 2993 5230 γῆν,
3036 5157 3177 5213 ἀλλὰ
3219 5157 3316 5214 καὶ
3351 5153 3441 5209 τὸν
3480 5142 3710 5221 οὐρανόν
3738 5133 3783 5190 τὸ

2251 5253 2344 5320 δὲ,
2377 5250 2559 5319 ἅπαξ,
2590 5249 2764 5322 δηλοῖ,
2807 5267 2828 5302 ι

2327 5315 2858 5413 Tauro-Mychon
2901 5342 2938 5414 ή
2977 5341 3078 5413 τῆς
3123 5338 3320 5411 καινῆς
3362 5334 3612 5404 διαθήκης
3641 5315 3780 5414 παράς

2256 5439 2402 5502 δοσις
2429 5405 2820 5509 εἰρηνοποίησε
2857 5405 2938 5490 τά
2966 5405 3174 5497 ἐν’τοῖς
3211 5405 3478 5504 οὐρανοῖς,
3505 5416 3674 5478 καὶτὰ
3710 5405 3779 5511 ἑξὶ

2255 5532 2394 5603 γῆς,
2427 5531 2526 5586 καὶ
2576 5531 2660 5585 ὅτι
2709 5527 3018 5601 ἐγνωρίσθη
3062 5527 3152 5582 διὰ
3188 5526 3286 5599 τῆς
3328 5515 3637 5588 Ἐκκλησὶας
3677 5517 3771 5603 τας(

2254 5592 2471 5693 sese,
2498 5621 2598 5676 και
2625 5592 2764 5690 ταῑέ
2792 5592 3108 5690 έξόυσίὶιις
3135 5620 3175 5690 ἠ
3195 5592 3610 5673 πολυποίκιλος
3633 5592 3776 5666 σοφία

2260 5714 2368 5768 τοῦ
2405 5712 2577 5771 Θεοῦ.

611 5825 651 5859 ⁸⁵
686 5824 826 5883 Gen.
904 5846 1076 5898 uvu,
1107 5831 1193 5887 M.
1259 5832 1300 5864 ¹¹
1323 5832 1468 5887 Psal.
1509 5846 1684 5894 ωιτη,
1747 5832 1800 5886 8.
1879 5834 1922 5866 ¹³
1950 5830 2164 5888 Coloss.
2196 5849 2239 5902 ι,
2271 5830 2362 5888 9.0.
