4048 6396
297 347 408 411 993

1461 329 1544 390 ΙΝ
1584 328 1824 388 ΕΡ18Τ.
1864 327 1965 388 AD
2001 325 2400 388 HEBPuEOS.

3478 335 3589 402 994

377 473 396 506 ιι
441 449 565 506 Τῶν
598 443 979 516 σαλευομένων
1017 440 1116 512 τὴν
1160 438 1490 511 μετάθεσιν,
1531 438 1607 500 ὡς
1651 454 1886 509 πεποιη-

2067 454 2086 488 ι
2129 435 2416 492 Mobilium
2463 437 2912 504 translationem,
2953 447 3220 512 tanquam
3283 442 3588 514 factorum,

297 546 511 618 μένων,
537 541 626 595 ἵνα
660 538 822 612 μείνῃ
860 536 928 590 τά
963 535 1037 606 μὴ
1070 531 1412 602 σαλευόμενα
1433 547 1448 562 ο
1479 529 1561 585 διδ
1603 529 1886 600 βασιλείαν

294 636 600 694 ἀσάλευτον
636 627 1184 701 παραλαμϐάνοντες,
1231 643 1254 678 ι

371 726 542 782 Τοῦτό
566 740 753 794 φησιν,
791 721 874 774 ὅτι
900 717 1286 790 μετατέθεικεν
1302 715 1393 769 τὸν
1425 712 1590 786 νόμον
1622 714 1702 776 εἰς
1731 713 1886 766 πολι-

292 836 356 874 τε
365 819 445 872 ίαν
480 813 883 885 πνευματικήν.

379 932 396 964 ι
431 909 672 980 Ἐχομεν
701 906 884 976 χάριν,
915 902 984 958 δι’
1003 915 1071 973 ης
1089 899 1430 972 λατρεύομεν
1467 897 1784 968 εὐαρέστως
1808 895 1886 968 τῷ

295 1002 420 1074 Θεῷ
458 1000 598 1071 μετά
649 997 832 1060 αίδοῦς
869 997 962 1048 καὶ
1014 991 1321 1055 εὐλαϐείας.
1376 989 1486 1044 Καὶ
1519 989 1629 1060 γὰρ
1673 989 1704 1041 ὸ
1753 989 1887 1052 Θεὸς

295 1094 460 1168 ἡμῶν
492 1092 605 1162 πῦρ
633 1085 1055 1144 καταναλίσκον.
1096 1103 1114 1136 ι

892 1176 1145 1229 ΚΕΦᾹΛ.
1188 1174 1286 1230 II".

378 1290 398 1324 ι
445 1271 514 1324 Ἦ
544 1267 868 1339 φιλαδελφία
901 1267 1129 1338 μενέτω.
1167 1285 1186 1320 ›

377 1362 756 1434 Εὐχαρίστως,
795 1359 951 1430 φησι,
979 1358 1357 1430 λατρεύωμεν,
1393 1357 1468 1429 μὴ
1503 1355 1642 1426 μετὰ
1683 1372 1889 1427 γογγυ-

298 1456 494 1528 σμῶν,
527 1453 662 1524 μηδὲ
696 1451 1108 1515 ἀποκακοῦντες
1141 1452 1200 1505 ὲν
1233 1455 1354 1516 ταῖς
1387 1450 1655 1520 θλίψεσιν.

381 1566 402 1600 ι
447 1547 562 1617 Τῆς
615 1544 928 1614 φιλοξενίας
980 1543 1056 1616 μὴ
1100 1543 1528 1601 ἐπιλανθάνεσθε
1554 1561 1569 1578 ο
1619 1543 1710 1599 διά
1753 1544 1889 1599 ταύ-

293 1657 408 1713 της
446 1638 555 1708 γὰρ
594 1654 613 1688 ι

379 1731 496 1785 Οὐκ
530 1725 686 1794 εἶπε,
734 1727 1060 1798 ξενοδοχίας,
1099 1729 1239 1784 ἀλλά
1289 1730 1676 1798 φιλοξενίας·
1730 1748 1888 1786 τουτ-

1995 538 2055 583 ut
2086 537 2348 584 maneant
2377 543 2441 584 ea
2470 544 2594 600 qua:
2615 540 2744 584 sunt
2769 531 3093 588 immobilia.
3127 534 3321 606 [Vnus
3343 539 3439 606 28,
3462 539 3586 616 29.]

1993 619 2184 690 Itaque
2201 636 2432 692 regnum
2458 621 2744 677 immobile
2772 625 3171 694 suscipientes,
3208 647 3227 681 ι

2067 709 2144 764 lta
2204 710 2468 780 loquitur,
2510 726 2577 766 eo
2617 711 2764 782 quod
2810 720 3262 774 transmutaverit
3311 720 3486 792 legem
3531 723 3586 780 in

1994 802 2341 874 spiritualem
2374 803 2572 876 agendi
2607 804 2908 860 rationem.

2071 890 2414 948 «Habemus
2473 894 2730 962 gratiam,
2789 909 2889 964 per
2943 911 3108 964 quam
3167 902 3436 959 servimus
3470 904 3587 973 pla-

1994 991 2182 1038 centes
2219 984 2331 1038 Deo
2381 999 2508 1039 cum
2562 993 2711 1039 metu
2769 996 2823 1040 et
2879 992 3210 1047 reverentia.
3269 993 3406 1049 Nam
3442 995 3588 1052 Deus

1996 1083 2189 1131 noster
2225 1076 2370 1148 ignis
2400 1091 2738 1132 consumens
2769 1087 2878 1134 est.
2923 1099 2942 1132 ι

2621 1169 2777 1224 CAP.
2808 1169 2950 1226 XIII.

2065 1259 2236 1316 Vens.
2271 1260 2322 1316 l.
2356 1279 2375 1314 ι
2405 1260 2664 1319 Charitas
2695 1263 3071 1323 fraternitatis
3099 1278 3344 1327 maneat.
3384 1290 3402 1323 ι

2067 1351 2239 1408 Grato
2290 1353 2481 1408 animo
2533 1355 2867 1421 serviamus,
2909 1358 3115 1429 inquit,
3173 1377 3284 1417 non
3339 1380 3590 1419 murmu-

1995 1444 2192 1510 rando,
2233 1459 2338 1500 nec
2379 1445 2686 1502 deficiendo
2724 1447 2780 1502 in
2813 1447 3226 1508 afﬂictionibus.

2066 1536 2235 1594 Vens.
2293 1537 2352 1592 2.
2413 1554 2432 1590 ι
2465 1536 2916 1610 Hospitalitatem
2970 1543 3145 1600 nolite
3193 1545 3590 1608 oblivisci.Per

1997 1631 2138 1686 hanc
2165 1633 2335 1698 enim,
2369 1649 2388 1683 ι

2060 1721 2184 1778 Non
2249 1723 2413 1790 dixit,
2467 1725 2884 1797 susceptionem
2951 1728 3398 1800 peregrinorum,
3466 1731 3586 1798 sed,

306 1819 462 1875 ἐστιν
481 1860 496 1887 ,
524 1818 614 1890 Μὴ
651 1817 842 1884 ἁπλῶς
873 1819 1222 1892 ξενοδοχεῖτε,
1242 1820 1380 1876 ἀλλά
1410 1819 1551 1890 μετά
1580 1820 1676 1874 τοῦ
1719 1821 1896 1891 φιλεῖν

2013 1833 2318 1887 propensam
2369 1817 2824 1888 hospitalitatem:
2874 1820 2983 1876 hoc
3021 1829 3128 1890 est,
3155 1837 3264 1877 non
3314 1823 3589 1893 simplici-

298 1913 435 1974 τοὺς
465 1909 670 1976 ξένους.

379 2107 400 2144 ι
469 2089 703 2146 Ἐλαθὸν
755 2107 901 2157 τινες
958 2091 1266 2158 ξενίσαντες
1321 2093 1613 2163 ἀγγέλους.
1671 2093 1893 2166 Μιμνή-

294 2182 502 2238 σκεσθε
541 2183 653 2238 τῶν
689 2185 962 2256 δεσμίων,
1017 2186 1092 2252 ὡς
1126 2186 1540 2258 συνδεδεμένοι,
1570 2183 1683 2242 τῶν
1724 2204 1896 2244 κακο-

294 2276 586 2348 χουμένων
605 2316 622 2344 ,
652 2277 729 2342 ὡς
753 2278 850 2331 καὶ
873 2278 1032 2333 αὐτοὶ⁸
1059 2279 1212 2344 ὄντες
1241 2281 1301 2334 ὲν
1333 2279 1570 2351 σώματι.
1611 2297 1634 2334 ι

371 2453 476 2508 Διά
506 2453 616 2526 γὰρ
654 2453 816 2508 τοῦτο
854 2455 884 2507 6
924 2455 1115 2526 μισθὸς
1148 2455 1227 2528 τῷ
1263 2455 1519 2528 Ἀϐραὰμ
1547 2455 1758 2511 δέδοται
1797 2459 1897 2528 μέ.

291 2563 430 2617 τας,
463 2547 546 2602 ὅτι
587 2548 662 2620 μὴ
697 2547 854 2613 εἰδὼς
898 2548 1164 2618 ἀγγέλους
1202 2550 1402 2613 αὐτοὺς
1434 2549 1595 2614 ὄντας
1625 2551 1887 2616 ἐξένισεν.

313 2642 540 2713 Ἐπειδὴ
569 2643 618 2696 εί
658 2643 778 2714 ᾔδει
801 2681 816 2707 ,
849 2643 1002 2697 οὐδὲν
1033 2642 1372 2714 θαυμαστόν.
1418 2643 1794 2698 ’Δποτείνεται
1834 2644 1893 2698 δὲ

294 2737 402 2790 καὶ
437 2735 514 2798 εἰς
541 2733 635 2789 τὸν
667 2734 814 2789 Λώτ.

372 2827 572 2898 Τίμιος
613 2829 641 2881 6
673 2827 854 2898 γάμος
899 2825 959 2881 ὲν
998 2827 1158 2888 πᾶσι.
1191 2826 1289 2881 καὶ
1334 2828 1370 2898 ή
1403 2826 1560 2898 κοίτη
1603 2825 1888 2897 ἀμίαντος.

293 2919 546 2988 Πόρνους
573 2919 633 2974 δὲ
666 2920 760 2974 καὶ
789 2917 1012 2990 μοιχοὺς
1038 2921 1217 2989 κρινεῖ
1237 2920 1265 2972 6
1297 2917 1450 2983 Θεός.
1489 2919 1893 2990 Ἀφιλάργυρος

291 3010 329 3063 6
377 3009 617 3081 τρόπος,
665 3008 1000 3082 ἀρκούμενοι
1041 3011 1154 3073 τοῖς
1208 3008 1516 3079 παροῦσινο
1568 3008 1731 3072 αὐτὸς
1781 3007 1893 3080 γὰρ

297 3101 530 3172 εἴρηκεν
551 3117 564 3132 ·
594 3101 668 3154 Οὐ
700 3103 776 3172 μή
808 3117 866 3153 σε
897 3099 1032 3168 ἀνῶ,
1065 3100 1174 3153 οὐδ’
1204 3101 1266 3154 ού
1301 3101 1377 3172 μή
1413 3117 1474 3152 σε
1503 3099 1890 3170 ἐγκαταλίπω·

1996 1917 2081 1964 ter
2135 1910 2376 1981 excipite
2439 1913 2788 1983 peregrinos,
2843 1913 2943 1972 sed
3008 1929 3135 1970 cum
3189 1916 3490 1972 dilectione
3533 1923 3590 1973 et

1997 2001 2296 2057 charitate.

2078 2111 2098 2145 ι
2145 2092 2455 2150 Latuerunt
2495 2095 2746 2166 quidam,
2794 2097 3007 2168 angelis
3035 2097 3281 2170 hospitio
3326 2099 3588 2169 receptis.

1997 2183 2190 2259 [νεεδ.
2238 2185 2320 2261 5.]
2372 2187 2706 2245 Mementote
2738 2190 3076 2257 vinctorum,
3127 2200 3389 2262 tanquam
3421 2191 3589 2248 simul

1994 2277 2203 2346 vincti;
2261 2279 2654 2347 laborantium,
2707 2291 2970 2354 tanquam
3020 2291 3076 2339 et
3105 2283 3213 2355 ipsi
3257 2285 3315 2340 in
3348 2298 3590 2356 corpore

1996 2378 2301 2428 morantes.
2337 2390 2357 2424 ι

2065 2461 2288 2517 Idcirco
2337 2477 2539 2534 magna
2584 2478 2799 2520 merces
2838 2462 2967 2519 data
3003 2473 3089 2522 est
3119 2465 3428 2532 Abraham,
3458 2465 3592 2538 quia

1995 2566 2136 2622 quos
2163 2553 2452 2608 nesciebat
2479 2554 2706 2625 angelos
2747 2569 2890 2618 esse,
2929 2555 3032 2611 hos
3060 2557 3284 2626 excepit
3316 2557 3586 2627 hospitio.

1994 2640 2130 2696 Nam
2157 2642 2205 2697 si
2236 2642 2525 2709 rescisset,
2567 2644 2704 2698 nihil
2745 2645 3117 2702 admiratione
3149 2647 3380 2718 dignum
3425 2647 3588 2704 foret.

1995 2732 2112 2789 Hoc
2148 2734 2314 2789 etiam
2349 2735 2414 2790 ad
2448 2735 2550 2790 Lot
2586 2745 2821 2807 spectat.

2065 2823 2238 2882 Vens.
2275 2825 2392 2881 4-7.
2429 2846 2447 2880 ι
2484 2826 2820 2884 Honorabile
2851 2829 3195 2884 connubium
3222 2829 3281 2886 in
3303 2830 3584 2899 omnibus,

2000 2924 2055 2972 et
2089 2923 2249 2972 torus
2279 2916 2690 2972 immaculatus.
2711 2917 3106 2976 Fornicatores
3161 2921 3308 2977 enim
3341 2929 3397 2976 et
3424 2922 3584 2977 adul-

1999 3018 2151 3065 teros
2186 3009 2461 3080 iudicabit
2522 3007 2686 3067 Deus.
2743 3008 2870 3066 Sint
2915 3027 3100 3070 mores
3145 3015 3269 3070 sine
3326 3014 3586 3081 avaritia,

1996 3100 2243 3156 contenti
2302 3101 2710 3171 praesentibus;
2767 3102 2888 3174 ipse
2939 3103 3086 3159 enim
3134 3105 3322 3161 dixit:
3378 3104 3500 3161 Non
3534 3111 3588 3162 te

293 3171 448 3249 ὥστε
481 3193 820 3268 θαρροῦντας
843 3196 992 3266 ἡμᾶς
1022 3193 1227 3262 λέγειν,
1264 3171 1471 3266 Κύριος
1505 3194 1630 3265 ἐμοὶ
1669 3192 1891 3264 βοηθὸς,

2013 3189 2274 3256 leseram,
2331 3204 2512 3260 neque
2559 3171 2978 3263 derelinquam;
3033 3194 3108 3249 ita
3144 3203 3206 3250 ut
3249 3194 3592 3252 confidenter

293 3288 404 3341 καὶ
457 3286 518 3340 οὐ
579 3286 998 3358 φοϐηθήσομαι,
1050 3285 1104 3340 τί
1157 3286 1381 3354 ποιήσει
1439 3301 1532 3356 μοι
1582 3283 1892 3356 ἅνθρωπος.

293 3379 696 3451 Μνημονεύετε
733 3380 844 3433 τῶν
875 3379 1203 3451 ἡγουμένων
1243 3378 1429 3450 ὑμῶν,
1459 3378 1661 3443 οἵτινες
1697 3377 1896 3449 ἐλάλη-

299 3487 410 3524 σαν
439 3471 568 3541 ὑμῖν
599 3471 698 3526 τὸν
721 3470 881 3540 λόγον
913 3471 1010 3525 τοῦ
1045 3469 1203 3526 Θεοῦ.

377 3562 650 3626 Γενέσθω,
677 3563 836 3634 φησὶ,
858 3561 1061 3633 τίμιος,
1093 3563 1191 3618 καὶ
1222 3562 1298 3634 μὴ
1323 3561 1638 3634 μολυνέσθω
1665 3562 1732 3633 τῇ
1759 3559 1896 3631 πρὸς

295 3655 397 3710 ἑτέ
405 3673 504 3728 ραν
533 3656 812 3727 κοινωνίᾳ.

381 3767 404 3801 ο
449 3741 552 3800 Ὧν
606 3746 1048 3819 ἀναθεωροῦντες
1099 3746 1202 3820 τὴν
1238 3746 1466 3803 ἔκϐασιν
1519 3746 1894 3818 ἀναστροφῆς,

303 3841 568 3914 μιμεῖσθε
595 3841 696 3914 τὴν
716 3841 922 3897 πίστιν.
968 3839 1174 3912 Ἰησοῦς
1209 3841 1448 3912 Χριστὸς
1477 3839 1627 3912 χθὲς,
1669 3840 1764 3893 καὶ
1795 3839 1898 3910 σή-

300 3949 480 4007 μερον
507 3935 536 3988 6
560 3933 744 4000 αὐτὸς,
776 3933 872 3988 καὶ
895 3933 976 3997 είς
1003 3935 1131 3998 τοὺς
1162 3935 1386 3998 αἰῶνας.
1419 3933 1678 4005 Διδαχαῖς
1711 3933 1898 3987 ποικί-

297 4026 430 4090 λαις
450 4026 546 4080 καὶ
579 4025 761 4093 ξέναις
790 4027 866 4098 μὴ
890 4025 1303 4098 παραφέρεσθε.
1333 4025 1515 4080 Καλὸν
1542 4026 1655 4096 γὰρ
1700 4045 1719 4078 ι

375 4117 725 4190 Θεωροῦντες
767 4117 947 4173 αὐτῶν
985 4118 1079 4172 τὸν
1127 4117 1277 4190 βίον,
1315 4119 1411 4172 καὶ
1436 4117 1538 4190 τὴν
1578 4115 1895 4182 πολιτείαν,

300 4212 466 4283 φησὶ,
502 4210 756 4282 μιμεῖσθε
787 4210 886 4283 τὴν
924 4211 1126 4264 πίστιν.
1170 4209 1237 4265 Τί
1267 4212 1384 4264 ἐστι
1414 4207 1895 4280 ἀναθεωροῦντεςς

305 4301 554 4372 συνεχῶς
595 4302 925 4374 στρέφοντες
962 4301 1022 4357 ὲν
1055 4302 1304 4369 ἑαυτοῖς,
1331 4299 1714 4368 ἐξετάζοντες,
1744 4299 1897 4368 λογι-

305 4397 562 4466 ζόμενοι,
592 4394 1030 4467 ἀναζητοῦντες,
1074 4395 1321 4468 ἀκριϐῶς
1355 4395 1766 4464 βασανίζοντες,
1814 4395 1898 4450 δτι

303 4486 468 4552 τέλος
496 4488 732 4560 χρηστὸν
759 4488 944 4542 αὐτῶν
972 4487 1086 4560 ἔχει
1114 4489 1149 4558 ἡ
1177 4488 1518 4561 ἀναστροφή.

390 4595 410 4629 ι
450 4577 649 4648 Χάριτι
679 4576 1029 4648 βεϐαιοῦσθαι
1058 4577 1158 4649 τὴν
1187 4577 1441 4651 καρδίαν,
1480 4594 1502 4629 ι

395 4670 542 4725 ’Δντὶ
567 4669 663 4723 τοῦ
692 4669 896 4734 πίστει.

385 4781 406 4814 ι
447 4762 525 4817 Ού
563 4762 885 4835 βρώμασιν,
920 4764 978 4818 ὲν
1015 4758 1099 4828 οἷς
1129 4761 1232 4817 οὐκ
1267 4762 1630 4837 ὠφελήθησαν
1657 4763 1708 4819 οῖ
1741 4780 1902 4837 περι-

305 4855 682 4926 πατήσαντες.
731 4857 970 4927 Ἔχομεν
1013 4855 1440 4928 θυσιαστήριον,
1483 4856 1545 4924 ἐξ
1591 4847 1656 4912 οὗ
1705 4859 1903 4928 φαγεῖν

305 4949 414 5004 οὐκ
441 4947 658 5019 ἔχουσιν
677 4948 729 5002 oi
752 4951 819 5020 τῇ
853 4949 1028 5020 σκηνῇ
1049 4947 1429 5020 λατρεύοντες.
1453 4941 1558 5003 Ὧν
1573 4949 1683 5022 γάρ
1711 4948 1903 5020 είσφέ-

311 5055 471 5113 ρεται
497 5039 655 5105 ζώων
686 5041 748 5094 τὸ
776 5035 917 5111 αἷμα
954 5040 1085 5112 περὶ
1115 5039 1397 5112 ἁμαρτίας
1424 5040 1508 5104 είς
1538 5041 1608 5095 τά
1646 5041 1779 5110 ἀγια
1817 5039 1908 5096 διὰ

308 5131 409 5188 τοῦ
439 5134 768 5206 ἀρχιερέως,
797 5132 1004 5189 τούτων
1033 5136 1106 5188 τά
1138 5133 1374 5206 σώματα
1408 5133 1775 5190 κατακαίεται
1799 5134 1907 5203 ἔξω

311 5227 414 5299 τῆς
446 5230 823 5300 παρεμϐολῆς.
865 5229 960 5284 Διὸ
1003 5230 1099 5284 καὶ
1160 5228 1402 5300 Ἰησοῦς,
1435 5228 1526 5284 ῖνα
1574 5229 1780 5302 ἁγιάσῃ
1814 5227 1907 5284 διὰ

311 5316 414 5372 τοῦ
447 5319 580 5374 ίδίου
605 5320 838 5392 αἵματος
867 5319 961 5375 τὸν
989 5319 1140 5388 λαὸν,
1179 5337 1200 5373 ι

401 5495 620 5569 Ἠρέμα
649 5497 948 5551 αἰνίττεται
974 5497 1100 5560 τοὺς
1122 5495 1223 5568 τὴν
1249 5495 1585 5569 παραίτησιν
1618 5497 1730 5557 τῶν
1763 5498 1908 5572 βρω-

315 5587 513 5662 μάτων
537 5589 878 5657 εἰσάγοντας.

397 5699 420 5735 ι
458 5678 607 5746 Ἐξω
625 5681 725 5752 τῆς
748 5680 926 5751 πύλης
949 5679 1170 5735 ἔπαθεν.
1184 5680 1379 5736 Τοίνυν
1401 5679 1755 5754 ἐξερχώμεθα
1771 5684 1909 5756 πρὸς

315 5770 491 5827 αὐτὸν
528 5770 634 5840 ἔξω
675 5771 776 5844 τῆς
825 5771 1207 5845 παρεμϐολῆς,
1240 5772 1346 5859 -τὸν
1390 5773 1916 5860 ὀνειδισμὸν-ἀύτοῦ.

1996 3281 2290 3337 dicamus:
2344 3280 2617 3339 Dominus
2672 3283 2810 3338 mihi
2858 3284 3083 3355 adjulor
3136 3301 3151 3340 :
3215 3300 3326 3340 non
3383 3286 3590 3341 timebo

1996 3374 2132 3445 quid
2181 3374 2353 3430 faciat
2379 3375 2518 3430 mihi
2549 3377 2738 3432 homo.
2773 3377 3108 3435 Mementote
3163 3379 3586 3450 praepositorum

1996 3473 2331 3534 vestrorum,
2363 3467 2459 3536 qui
2491 3467 2653 3522 vobis
2683 3467 2852 3523 locuti
2884 3478 3018 3526 sunt
3044 3469 3275 3525 verbum
3305 3467 3426 3525 Dei.
3465 3486 3486 3522 ι

2063 3556 2172 3614 Per
2211 3557 2401 3614 omnia
2431 3558 2504 3614 sit
2534 3575 2662 3614 eum
2713 3560 2922 3618 decore
2985 3570 3041 3617 et
3082 3562 3321 3631 honore,
3355 3575 3460 3617 nec
3497 3560 3588 3617 in-

1997 3651 2261 3724 quinetur
2288 3655 2572 3709 consortio
2602 3667 2729 3708 cum
2767 3661 3055 3712 extranea.

2075 3761 2096 3797 ι
2127 3741 2374 3810 Quorum
2413 3744 2835 3802 considerantes
2862 3744 3078 3802 exitum
3114 3745 3588 3814 conversationis,

1999 3833 2294 3890 imitamini
2325 3832 2509 3891 ﬁdem.
2545 3833 2740 3908 [Vrsas
2767 3834 2823 3900 8,
2853 3835 2934 3909 9.]
2963 3835 3128 3893 Jesus
3157 3835 3417 3894 Christus
3438 3835 3588 3903 heri,

1999 3936 2055 3985 et
2095 3928 2257 3985 hodie
2285 3929 2427 4001 ipse,
2464 3937 2520 3986 et
2547 3931 2601 3986 in
2631 3931 2858 3988 saecula.
2899 3931 3186 3989 Doctrinis
3213 3932 3382 3989 variis
3410 3939 3466 3989 et
3497 3947 3593 4005 pe-

1997 4021 2240 4091 regrinis
2272 4021 2448 4077 nolite
2481 4022 2705 4078 abduci.
2733 4024 3010 4093 Optimum
3041 4031 3128 4079 est
3156 4025 3305 4078 enim
3331 4041 3352 4076 ι

2071 4111 2533 4178 Considerantes,
2587 4115 2791 4185 inquit,
2841 4114 3012 4168 vitam
3057 4129 3250 4170 eorum
3279 4125 3333 4171 et
3363 4129 3593 4170 conver-
3687 4141 3696 4146 α

2001 4203 2298 4273 sationem,
2352 4206 2652 4262 imitamini
2707 4206 2893 4264 ﬁdem.
2949 4207 3094 4274 Quid
3133 4207 3596 4266 considerantes?

2001 4295 2386 4353 indesinenter
2442 4297 2500 4352 in
2567 4297 2729 4354 vobis
2785 4307 3100 4364 versantes,
3130 4349 3138 4355 .
3170 4300 3592 4370 investigantes,

2001 4395 2351 4460 reputantes,
2401 4388 2774 4460 inquirentes,
2833 4389 3130 4460 diligenter
3185 4390 3592 4460 expendentes,

1929 4511 1976 4570 Β
2004 4481 2266 4555 quoniam
2305 4495 2498 4538 eorum
2531 4482 2882 4554 conversatio
2925 4479 3170 4540 faustum
3201 4481 3368 4538 linem
3397 4481 3586 4539 habet.

2081 4592 2102 4628 ι
2131 4572 2325 4628 Gratia
2355 4573 2614 4632 stabilire
2647 4589 2768 4644 cor,
2806 4593 2826 4629 ι

2077 4667 2208 4725 Sive
2238 4667 2366 4725 ﬁde.

2083 4777 2104 4813 ι
2137 4757 2260 4814 Non
2291 4759 2462 4826 escis,
2493 4774 2616 4830 quae
2657 4773 2768 4814 non
2808 4757 3145 4831 profuerunt
3176 4755 3593 4814 ambulantibus

2005 4851 2062 4908 in
2081 4852 2184 4908 eis.
2211 4850 2405 4925 [Vena
2430 4850 2645 4926 1042.]
2675 4851 2956 4908 Habemus
2975 4849 3171 4915 altare,
3207 4847 3274 4904 de
3304 4861 3416 4920 quo
3429 4849 3596 4903 edere

2005 4957 2120 5000 non
2141 4943 2348 5000 habent
2377 4951 2706 5015 potestatem
2740 4943 2835 5016 qui
2855 4941 3214 5001 tabernaculo
3251 4938 3591 4996 deserviunt.

2006 5035 2258 5103 Quorum
2310 5037 2460 5092 enim
2522 5036 2852 5092 animalium
2915 5033 3155 5092 infertur
3204 5031 3438 5103 sanguis
3493 5042 3598 5101 pro

2005 5139 2238 5200 peccato
2273 5131 2332 5185 in
2363 5127 2569 5185 Sancta
2622 5135 2944 5186 sanctorum
2982 5141 3082 5199 per
3119 5123 3463 5197 pontiﬁcem,
3495 5121 3597 5178 ho-

2007 5234 2132 5277 rum
2190 5233 2426 5292 corpora
2493 5229 2815 5277 cremantur
2880 5227 3038 5276 extra
3100 5225 3336 5276 castra..
3365 5215 3599 5286 Propter

2007 5312 2158 5385 quod
2190 5319 2243 5369 et
2280 5310 2465 5381 Jesus,
2504 5319 2566 5368 ut
2617 5309 2997 5370 sanctiﬁcaret
3040 5324 3139 5382 per
3175 5322 3339 5364 suum
3368 5303 3598 5377 sangui-

2010 5423 2135 5465 nem
2167 5409 2453 5482 populum,
2488 5427 2508 5462 ι

2083 5501 2218 5557 lllos
2247 5501 2416 5558 tacite
2449 5500 2640 5557 innuit
2677 5501 2774 5574 qui
2824 5500 3076 5558 ciborum
3115 5498 3490 5558 exclusionem
3519 5491 3600 5548 in-

2010 5596 2405 5653 troducebant.

2081 5688 2245 5760 257
2272 5709 2292 5743 ι
2330 5688 2501 5747 Extra
2531 5697 2748 5782 portam
2777 5705 2980 5763 passus
3012 5698 3122 5748 est.
3157 5687 3350 5763 [γης.
3378 5655 3596 5782 l3-l6.]

2009 5779 2287 5842 Exeamus
2312 5781 2484 5855 igitur
2507 5781 2577 5840 ad
2605 5798 2732 5842 eum
2787 5790 2948 5844 extra
2976 5792 3182 5855 castra,
3205 5779 3596 5851 improperium
