3998 6408
521 311 626 374 995

1688 293 1749 354 s.
1791 289 2112 356 JOANNIS
2138 287 2574 349 DAMASCENI
3662 297 3745 360 996

521 419 644 486 ejus
677 421 985 485 portantes.
1012 409 1132 465 Non
1164 408 1312 464 enim
1361 405 1635 462 habemus
1665 403 1760 458 hic
1792 409 2104 457 manentem

2233 400 2490 471 pépov-cec.
2527 399 2602 452 Οὐ
2636 396 2746 468 γὰρ
2775 396 2974 468 ἔχομεν
3000 388 3104 451 ὧδε
3141 398 3412 468 μένουσαν
3455 399 3616 469 πόλιν,
3642 405 3748 463 ἀλλὰ

521 510 827 572 civitatem,
889 503 985 561 sed
1055 501 1298 556 futuram
1370 497 1736 568 inquirimus.
1784 495 1891 550 Per
1924 495 2106 564 ipsum

2233 493 2312 563 τὴν
2347 492 2650 562 μέλλουσαν
2693 488 3086 560 ἐπιζητοῦμεν.
3134 492 3212 543 Δι’
3245 491 3414 545 αὐτοῦ
3458 489 3546 548 οὖν
3587 497 3750 570 ἀναφέ.

523 613 656 668 ergo
711 595 996 650 offerimus
1036 590 1275 646 hostiam
1327 587 1511 644 laudis
1567 600 1784 656 semper
1838 584 1969 648 Deo,
2009 582 2114 637 hoc

523 698 606 745 est
633 688 872 742 fructum
905 677 954 737 ι’

590 779 648 834 ld
698 788 804 843 est,
855 773 1310 847 quandoquidem
1354 770 1470 827 haec
1497 771 1763 844 patimur,
1796 766 2112 825 communi-

523 883 713 925 comus
743 865 991 938 passioni
1024 864 1256 919 Christi.

600 978 619 1011 ι
651 957 952 1013 Labiorum
984 954 1368 1011 confitentium
1392 953 1603 1008 nomini
1629 949 2110 1022 cjus.Bcneficen-

523 1052 616 1106 tiae
660 1058 844 1106 autem
896 1058 950 1104 et
980 1047 1402 1104 communionis
1451 1046 1624 1100 nolite
1657 1043 1912 1100 oblivisci
1945 1059 1961 1096 :
1990 1042 2116 1096 tali-

525 1143 632 1197 bus
662 1142 810 1197 enim
842 1138 1039 1196 hostiis
1074 1145 1432 1208 promeretur
1465 1136 1636 1191 Deus.
1672 1154 1691 1187 ι

599 1227 922 1284 Gratiarum
955 1226 1228 1282 actionem
1257 1225 1744 1281 Encharistiamve
1777 1223 2113 1280 offerendam

528 1322 684 1386 dicit,
741 1328 796 1377 et
845 1330 1046 1376 cuncta
1101 1321 1316 1376 fortiter
1368 1320 1678 1384 toleranda,
1737 1319 1841 1375 etsi
1886 1319 2114 1374 molesta

529 1413 806 1468 videntur.
842 1415 958 1468 Hoc
991 1397 1154 1484 pacto
1186 1413 1333 1468 enim
1383 1412 1494 1467 Deo
1527 1411 1763 1482 proximi
1798 1409 2114 1474 evadimus,

529 1509 663 1578 quin
695 1515 750 1562 et
782 1506 1086 1561 debitorem
1119 1506 1388 1560 habemus
1424 1504 1618 1559 Deum.
1665 1502 1900 1570 Quando
1930 1511 2117 1556 autem

528 1616 662 1664 non,
707 1600 784 1654 uti
821 1599 994 1665 decet,
1030 1600 1296 1668 patimur,
1341 1596 1450 1652 Deo
1486 1595 1756 1652 ellicimur
1797 1596 2030 1652 obnoxii
2061 1603 2119 1648 et

2217 600 2386 654 ρομεν
2419 583 2611 636 Θυσίαν
2639 582 2898 646 αἰνέσεως
2935 581 3024 634 διὰ
3054 581 3254 645 παντὸς
3277 582 3354 653 τῷ
3387 582 3523 656 Θεῷ,
3551 591 3753 646 τουτέστι

2216 671 2431 744 καρπὸν
2475 690 2493 723 ι

2289 764 2580 830 Τουτέστι,
2610 764 2680 818 τὰ
2711 763 2852 818 αὐτὰ
2885 764 3190 833 πάσχοντες
3234 764 3643 836 κοινωνήσωμεν
3672 773 3758 837 τοῖς

2218 857 2507 929 παθήμασι
2537 855 2632 910 τοῦ
2664 853 2927 926 Χριστοῦ.

2295 973 2314 1006 ι
2360 953 2601 1008 Χειλέων
2646 951 3060 1022 ὁμολογούντων
3087 951 3168 1021 τῷ
3214 951 3442 1022 ὀνόματι
3470 950 3642 1010 αὐτοῦ.
3675 956 3761 1027 Τῆς

2217 1045 2275 1100 δὲ
2303 1044 2554 1107 εὐποιίας
2578 1043 2673 1098 καὶ
2703 1043 2992 1106 κοινωνίας
3030 1042 3106 1114 μὴ
3142 1041 3594 1096 ἐπιλανθάνεσθε·
3618 1049 3763 1100 τοιού·

2218 1160 2340 1208 ταις
2368 1142 2476 1215 γὰρ
2509 1141 2727 1204 θυσίαις
2755 1141 3135 1212 εὐαρεστεῖται
3160 1139 3188 1192 ὁ
3216 1138 3376 1201 Θεός.
3419 1157 3438 1188 ι

2291 1233 2366 1289 Τὸ
2409 1235 2510 1304 τὴν
2551 1232 2906 1304 εὐχαριστίαν
2955 1231 3249 1301 ἀναφέρειν
3307 1229 3496 1298 λέγει,
3539 1231 3627 1284 καὶ
3665 1251 3762 1301 γεν-

2220 1327 2388 1390 ναίως
2411 1328 2628 1382 ἅπαντα
2650 1326 2862 1397 φέρειν,
2886 1323 2982 1377 καὶ
3004 1323 3073 1377 τὰ
3088 1321 3356 1377 δοκοῦντα
3379 1321 3610 1393 λυπηρά.
3633 1325 3764 1378 Τοῦτο

2221 1420 2390 1489 ἐγγὺς
2437 1420 2587 1490 ἡμᾶς
2641 1414 2785 1472 εἶναι
2819 1417 2967 1471 ποιεῖ
3018 1416 3156 1469 Θεοῦ
3180 1432 3194 1446 ·
3241 1418 3370 1469 τότε
3410 1417 3504 1468 καὶ
3543 1416 3626 1469 τὸν
3665 1418 3762 1470 Θεὸν

2220 1512 2508 1583 ὀφειλέτην
2556 1511 2775 1582 ἔχομεν.
2817 1510 2986 1563 Ὀταν
3046 1507 3104 1560 δὲ
3149 1507 3211 1560 οὐ
3271 1505 3455 1570 καλῶς
3513 1505 3763 1576 πάθωμεν,

2222 1607 2386 1675 ἡμεῖς
2418 1607 2588 1675 ἐσμεν
2625 1603 2904 1672 ὀφειλέται
2939 1602 3034 1654 καὶ
3060 1599 3358 1653 ὑπεύθυνοι
3391 1598 3485 1651 τοῦ
3516 1599 3671 1663 Θεοῦ,
3698 1604 3764 1654 καὶ

527 1692 841 1757 debitores;
875 1689 971 1746 sed
1005 1701 1056 1745 et
1089 1689 1410 1759 frequenter
1457 1689 1511 1743 id
1546 1689 1709 1744 nobis
1749 1689 1804 1743 in
1843 1689 2118 1760 judicium

2233 1695 2488 1760 πολλάκις
2515 1695 2678 1765 ἡμῶν
2717 1693 2894 1746 ταῦτα
2923 1695 3003 1756 εἰς
3038 1693 3132 1764 κρῖ
3145 1710 3220 1762 μα
3249 1691 3464 1760 γίνεται
3489 1707 3502 1720 ⁸
3536 1691 3698 1744 ἐκεῖνα
3725 1692 3764 1744 δὲ

527 1784 798 1838 vertitur:
830 1781 1085 1852 quinimo
1143 1779 1362 1837 dolores
1398 1788 1451 1836 et
1487 1782 1752 1838 molestia:
1781 1757 1911 1836 sunt
1945 1794 2122 1851 ptenae

2233 1791 2307 1854 εἰς
2340 1757 3014 1859 ἔκτισιν-ἁμαρτημάτων.

527 1881 913 1946 peccatorum.

599 1965 768 2021 Vens.
825 1964 1018 2020 17-24.
1078 1984 1096 2018 ‹
1135 1965 1366 2020 Obedite
1417 1966 1734 2036 praepositis
1785 1965 2011 2031 vestris,
2068 1975 2124 2021 et

528 2056 831 2126 subjaccte.
898 2054 1008 2125 Ipsi
1061 2055 1210 2112 enim
1264 2058 1618 2128 pervigilant,
1656 2057 1818 2128 quasi
1850 2058 2122 2112 rationem

528 2164 630 2218 pro
663 2147 954 2202 animabus
984 2149 1187 2203 vestris
1213 2149 1508 2216 reddituri,
1540 2158 1599 2204 ut
1631 2165 1757 2206 cum
1791 2150 1992 2221 gaudio
2017 2149 2123 2204 hoc

533 2239 766 2305 faciant,
804 2246 860 2294 et
894 2255 1006 2294 non
1059 2248 1344 2310 gementes
1379 2256 1393 2294 :
1433 2242 1537 2296 hoc
1577 2241 1728 2297 enim
1763 2255 1873 2296 non
1901 2241 2125 2312 expedit

533 2330 717 2386 vobis.
777 2328 945 2386 Orate
986 2345 1085 2400 pro
1139 2331 1322 2386 nobis.
1389 2329 1738 2386 Confidimus
1796 2331 1947 2387 enim
1990 2330 2122 2401 quia

530 2423 734 2478 bonam
799 2422 1204 2476 conscientiam
1261 2422 1532 2478 habemus
1586 2424 1642 2478 in
1673 2425 1936 2480 omnibus
1983 2423 2124 2479 bene

529 2516 782 2571 volentes
813 2515 1158 2570 conversari.
1191 2516 1446 2588 Amplius
1497 2526 1681 2572 autem
1725 2519 1993 2588 deprecor
2025 2531 2123 2572 vos

531 2609 638 2663 hoc
695 2607 903 2674 facere,
963 2624 1074 2678 quo
1126 2608 1370 2666 celerius
1423 2611 1694 2665 restituar
1743 2610 1918 2665 vobis.
1977 2608 2123 2664 Deus

531 2706 715 2752 autem
745 2697 924 2767 pacis,
948 2697 1059 2767 ;qui
1090 2696 1281 2753 eduxit
1327 2699 1395 2755 de
1425 2699 1666 2754 mortuis
1690 2709 1971 2769 pastorem
2005 2713 2125 2753 ma-

529 2803 700 2861 gnum
731 2789 940 2857 ovium,
983 2789 1038 2844 in
1065 2790 1338 2861 sanguine
1391 2791 1712 2846 testamenti
1758 2790 1974 2860 mterni,
2014 2789 2124 2845 Do-

530 2881 745 2936 minum
787 2888 1042 2935 nostrum
1084 2879 1294 2947 Jesum,
1346 2889 1497 2950 aptet
1527 2893 1631 2937 vos
1681 2881 1739 2935 in
1770 2881 1923 2936 omni
1955 2896 2126 2952 opere

531 2973 701 3038 bono,
738 2979 797 3027 ut
846 2971 1066 3028 faciatis
1094 2971 1218 3041 ejus
1244 2971 1589 3028 voluntatem
1622 2989 1636 3026 :
1687 2972 1899 3029 faciens
1941 2974 1998 3027 in
2029 2988 2128 3028 vo-

531 3065 621 3120 bis
650 3067 798 3134 quod
843 3063 1059 3134 placeat
1108 3077 1299 3118 coram
1351 3079 1411 3119 se
1456 3079 1555 3133 per
1575 3062 1766 3120 Jcsum
1819 3063 2123 3132 Christum,

532 3159 626 3214 cui
667 3166 754 3214 est
788 3156 964 3228 gloria
1009 3157 1067 3212 in
1103 3158 1306 3212 saecula
1354 3157 1711 3213 saeculorum.
1747 3157 1944 3212 Amen.
1977 3157 2131 3228 Rogo

533 3259 718 3307 autem
769 3264 891 3313 vos,
932 3249 1160 3316 fratres,
1212 3257 1278 3305 ut
1325 3249 1608 3306 sufferatis
1657 3250 1886 3305 verbum
1919 3251 2126 3306 solatii.

535 3343 750 3397 Etenim
807 3342 1103 3413 perpaucis
1152 3342 1357 3412 scripsi
1399 3341 1582 3398 vobis.
1630 3339 1961 3412 Cognoscite
2019 3339 2131 3394 fra-

533 3447 673 3492 trem
708 3444 962 3492 nostrum
995 3434 1374 3491 Timotheum.
1415 3454 1435 3487 ι

606 3528 747 3595 Quid
777 3543 910 3599 ergo
961 3527 1072 3583 ait?
1117 3525 1399 3598 nunquid,
1444 3527 1493 3582 si
1545 3526 1725 3581 malus
1759 3533 1865 3590 est,
1900 3523 2130 3579 obedire

533 3620 836 3676 debemus?
869 3618 1169 3690 lquomodo
1213 3620 1421 3674 malum
1472 3617 1727 3673 dixeris?
1786 3615 1845 3671 Si
1905 3616 2133 3686 quidem

535 3710 720 3766 malus
762 3711 836 3767 sit
866 3710 927 3765 in
956 3725 1127 3766 causa
1154 3710 1307 3777 tidei,
1340 3711 1469 3781 fuge
1508 3709 1667 3764 illum
1690 3716 1744 3764 et
1776 3707 1984 3772 devita,
2021 3723 2132 3763 non

539 3805 721 3858 solum
753 3803 802 3859 si
850 3803 1017 3858 homo
1049 3803 1146 3868 sit,
1177 3804 1275 3858 sed
1314 3809 1370 3857 et
1409 3802 1456 3857 si
1489 3801 1558 3857 de
1599 3801 1742 3856 coelo
1777 3801 2006 3871 angelus
2035 3799 2133 3854 de-

537 3893 838 3950 scenderit.
892 3892 990 3947 Sin
1021 3907 1156 3948 vero
1200 3892 1260 3947 in
1316 3892 1444 3948 vitae
1486 3878 1727 3958 ratione,
1759 3909 1826 3948 ne
1853 3891 1909 3948 id
1943 3891 2133 3947 curio-

537 3986 658 4041 sius
716 3984 989 4056 inquiras.
1043 3984 1186 4040 Nam
1234 3983 1366 4040 audi
1418 3985 1554 4053 quid
1603 3983 1867 4040 Christus
1933 3983 2128 4040 dicat:

537 4077 713 4148 Super
745 4077 1058 4133 cathedram
1100 4077 1280 4148 Moysi
1319 4077 1567 4133 sederunt
1613 4075 1820 4132 Scriba:
1851 4085 1901 4132 et
1933 4075 2132 4131 Phari-

537 4172 634 4226 δαί
666 4168 729 4226 ⁸⁸.
761 4169 898 4226 Cum
955 4171 1129 4226 multa
1164 4170 1384 4226 illorum
1441 4170 1586 4224 mala
1633 4176 1764 4224 ante
1790 4183 2133 4224 commemo-

541 4272 744 4326 rasset,
776 4269 912 4318 tunc
940 4261 1040 4328 ait,
1095 4260 1270 4331 Super
1313 4258 1626 4316 cathedram
1656 4261 1833 4332 Moysi
1857 4263 2130 4318 sederunt.

543 4354 739 4411 Omnia
763 4372 887 4426 ergo
934 4371 1259 4427 quaecunque
1305 4356 1544 4412 dixerint
1596 4357 1741 4414 vobis
1798 4369 1857 4413 ut
1887 4359 2131 4428 faciatis,

2309 1985 2326 2018 ι
2364 1965 2630 2020 Πείθεσθε
2676 1965 2787 2026 τοῖς
2819 1961 3148 2034 ἡγουμένοις
3179 1960 3372 2030 ὑμῶν,
3406 1961 3499 2013 καὶ
3534 1961 3761 2017 ὑπείκετε.

2230 2055 2396 2109 Αὐτοὶ
2426 2054 2536 2125 γὰρ
2574 2053 2950 2124 ἀγρυπνοῦσιν
2981 2051 3122 2124 ὑπὲρ
3151 2051 3264 2104 τῶν
3300 2049 3492 2121 ψυχῶν
3522 2051 3685 2121 ὑμῶν,
3715 2055 3766 2116 ὡς

2229 2147 2388 2216 λόγον
2431 2143 2807 2207 ἀποδώσοντες
2827 2183 2841 2208 ,
2876 2144 2964 2197 ἵνα
2996 2144 3133 2212 μετὰ
3166 2144 3362 2214 χαρᾶς,
3394 2141 3552 2196 τοῦτο
3580 2143 3764 2209 ποιῶσι,

2231 2239 2327 2292 καὶ
2363 2237 2438 2308 μὴ
2490 2235 2882 2300 στενάζοντες·
2940 2234 3258 2298 ἀλυσιτελὲς
3305 2233 3416 2305 γάρ
3468 2235 3589 2306 ὑμῖν
3629 2236 3764 2287 τοῦτο.

2231 2329 2614 2405 Προσεύχεσθε
2657 2329 2787 2400 περὶ
2821 2327 2999 2399 ἡμῶν.
3037 2328 3396 2398 Πεποίθαμεν
3439 2327 3564 2399 γὰρ,
3591 2328 3661 2381 ὅτι
3697 2346 3764 2381 κα-

2231 2423 2330 2495 λὴν
2353 2421 2660 2494 συνείδησιν
2682 2422 2878 2493 ἔχομεν
2901 2424 2960 2476 ἐν
2989 2425 3175 2490 πᾶσιν,
3213 2421 3400 2484 καλῶς
3429 2421 3655 2485 θέλοντες
3673 2422 3766 2475 ἀντι-

2234 2515 2585 2589 στρέφεσθαι.
2617 2516 3029 2588 Περισσοτέρως
3055 2516 3112 2570 δὲ
3146 2514 3456 2587 παρακαλῶ
3475 2514 3623 2568 τοῦτο
3647 2513 3762 2583 ποιῆ-

2234 2628 2360 2676 σαι,
2395 2611 2481 2664 ἵνα
2514 2609 2702 2680 τάχιον
2732 2609 3176 2663 ἀποκατασταθῶ
3203 2609 3360 2679 ὑμῖν.
3402 2610 3459 2661 Ὁ
3487 2607 3541 2660 δὲ
3560 2607 3674 2669 Θεὸς
3697 2607 3764 2674 τῆς

2233 2703 2478 2774 εἰρήνης,
2512 2704 2540 2755 ὁ
2589 2701 2885 2771 ἀναγαγὼν
2933 2703 2997 2754 ὲκ
3037 2700 3253 2770 νεκρῶν
3289 2701 3382 2754 τὸν
3432 2698 3653 2769 ποιμένα
3688 2698 3762 2750 τῶν

2233 2794 2526 2866 προϐάτων
2563 2793 2654 2847 τὺν
2688 2793 2894 2863 μέγαν,
2931 2793 2990 2846 ὲν
3026 2793 3224 2864 αἵματι
3263 2792 3528 2863 διαθήκης
3559 2789 3764 2853 αἰωνίου,

2232 2889 2324 2942 τὸν
2348 2887 2554 2960 Κύριον
2584 2886 2742 2958 ἡμῶν
2786 2884 3017 2957 Ἰησοῦν,
3050 2886 3387 2957 καταρτίσαι
3413 2885 3553 2955 ὑμᾶς
3574 2884 3624 2935 ἐν
3647 2881 3765 2934 παντὶ

2234 2982 2381 3054 ἔργῳ
2409 2981 2618 3051 ἀγαθῷ,
2645 2983 2724 3044 είς
2753 2981 2813 3034 τὸ
2843 2980 3068 3052 ποιῆσαι
3105 2980 3164 3032 τὸ
3192 2980 3409 3050 θέλημα
3439 2975 3613 3042 αὐτοῦ,
3642 2973 3765 3027 ποιῶν

2233 3075 2293 3125 ὲν
2339 3074 2470 3143 ὑμῖν
2515 3073 2578 3126 τὸ
2629 3072 2924 3141 εὐάρεστον
2961 3071 3194 3124 ἐνώπιον
3241 3069 3447 3134 αὐτοῦ,
3497 3067 3582 3121 διὰ
3635 3062 3764 3135 ’1ησοῦ

2235 3166 2513 3238 Χριστοῦ,
2551 3160 2659 3236 ᾧή
2705 3165 2833 3230 δόξα
2877 3166 2958 3227 εἰς
3012 3164 3142 3226 τοὺς
3193 3162 3401 3224 αἰῶνας
3445 3159 3549 3214 τῶν
3587 3155 3765 3212 αἰώνων.

2247 3263 2440 3334 Ἀμήν.
2465 3258 2779 3332 Παρακαλῶ
2817 3257 2874 3310 δὲ
2905 3258 3082 3328 ὑμᾶς,
3125 3254 3382 3324 ἀδελφοὶ,
3431 3248 3667 3322 ἀνέχεσθε
3702 3243 3764 3298 τοῦ

2234 3355 2394 3424 λόγου
2423 3354 2523 3426 τῆς
2556 3350 2980 3422 παρακλήσεως.
3021 3349 3132 3402 Καὶ
3156 3348 3269 3419 γὰρ
3331 3345 3419 3400 διὰ
3455 3342 3677 3416 βραχέων
3698 3338 3765 3389 ἒπ-

2234 3447 2449 3502 ἐστειλα
2494 3446 2643 3517 ὑμῖν.
2674 3441 2981 3496 Γινώσκετε
3000 3440 3092 3494 τὸν
3118 3439 3349 3509 ἀδελφὸν
3378 3434 3645 3508 Τιμόθεον.
3674 3450 3690 3483 ι

2307 3539 2374 3592 Τί
2400 3533 2493 3591 οῦν
2520 3552 2720 3608 φησιν;
2749 3533 2816 3588 ἂν
2845 3532 3084 3603 πονηρὸς
3111 3526 3170 3604 ᾗ,
3206 3527 3557 3600 πειθώμεθα;
3583 3517 3763 3608 πονηρὸς

2235 3625 2355 3690 πῶς
2379 3625 2558 3695 λέγεις
2581 3643 2596 3693 ;
2623 3625 2672 3676 εί
2707 3623 2808 3693 μὲν
2838 3622 3080 3684 πίστεως
3106 3621 3319 3686 ἕνεκεν,
3356 3617 3494 3689 φύγε
3519 3613 3679 3678 αὐτὸν,
3702 3607 3764 3662 καὶ

2235 3717 2612 3791 παραίτησαι,
2654 3715 2730 3788 μὴ
2783 3715 2946 3786 μόνον
2985 3714 3052 3768 ἂν
3083 3712 3378 3784 ἄνθρωπος
3412 3709 3484 3786 ᾗ,
3531 3706 3653 3763 ἀλλὰ
3697 3699 3765 3791 κᾶν

2236 3789 2470 3878 ἄγγελος
2497 3806 2558 3872 ἐξ
2599 3803 2836 3878 οὐρανοῦ
2885 3802 3111 3858 κατιών.
3146 3803 3210 3858 Εἰ
3243 3804 3303 3858 δὲ
3346 3802 3463 3874 βίου
3493 3800 3687 3860 ἕνεκεν,
3713 3789 3763 3861 μὴ

2236 3899 2631 3972 περιεργάζου.
2685 3898 2888 3951 ’Ἄκουε
2944 3895 3055 3966 γὰρ
3104 3894 3198 3948 τοῦ
3248 3893 3486 3966 Χριστοῦ
3551 3888 3763 3957 λέγοντος,

2249 3994 2375 4049 Ἐπί
2409 3992 2522 4060 τῆς
2554 3990 2854 4056 Μωϋσέως
2891 3987 3185 4058 καθέδρας
3219 3987 3512 4044 ἐκάθισαν
3543 3985 3592 4036 οἱ
3623 3982 3765 4046 Γραμ·

2233 4085 2440 4158 ματεῖς
2475 4083 2576 4138 καὶ
2604 4085 2660 4138 οἱ
2689 4082 3025 4153 Φαρισαῖοι.
3059 4081 3339 4153 Πρότερον
3372 4077 3537 4134 εἰπὼν
3563 4073 3674 4143 περὶ
3699 4068 3765 4122 αὑ-

2235 4177 2344 4230 τῶν
2374 4175 2526 4230 δεινὰ
2558 4173 2762 4236 πολλὰ,
2795 4173 2918 4226 τότε
2956 4171 3122 4242 φησιν
3143 4210 3159 4236 ,
3213 4172 3348 4227 Ἐπὶ
3388 4169 3496 4238 τῆς
3529 4161 3765 4222 Μωυσέως

2237 4264 2531 4334 καθέδρας
2553 4263 2866 4318 ἐκάθισαν.
2893 4264 3098 4318 Πάντα
3119 4259 3236 4318 οὖν
3261 4264 3381 4317 ὅσα
3401 4264 3644 4330 λέγωσιν
3666 4249 3764 4320 ὑμῖν

2237 4357 2466 4422 ποιεῖν,
2521 4357 2745 4412 ποιεῖτε
2769 4373 2781 4386 ·
2833 4357 2986 4411 κατὰ
3046 4356 3116 4410 δὲ
3172 4359 3246 4411 τὰ
3295 4356 3441 4425 ἔργα
3488 4348 3667 4406 αὐτῶν
3706 4338 3762 4411 μὴ

540 4447 702 4516 facite
731 4465 750 4503 :
801 4449 1093 4503 secundant
1160 4465 1340 4503 autem
1387 4465 1549 4519 opera
1595 4467 1780 4506 eorum
1827 4453 1992 4508 nolite
2051 4453 2126 4522 fa-

2240 4449 2480 4505 ποιεῖτε.
2509 4451 2758 4520 Ἔχουσι,
2792 4449 2948 4519 φησὶ,
2980 4448 3042 4501 τὸ
3094 4448 3336 4519 ἀξίωμα,
3369 4442 3501 4498 ἀλλὰ
3533 4439 3636 4510 βίου
3666 4433 3762 4485 εἰσὶν

539 4555 653 4594 cere
711 4541 775 4596 ⁸⁸.
831 4539 1050 4596 llabcnt
1105 4529 1550 4607 auctoritatem,‘
1583 4541 1788 4613 inquit,
1828 4544 1925 4599 sed
1966 4544 2134 4598 vitam

540 4641 710 4702 agunt
754 4633 1054 4702 impuram.
1103 4632 1311 4688 Verum
1344 4648 1458 4688 non
1489 4634 1636 4701 vitae,
1686 4635 1781 4690 sed
1823 4635 1987 4692 dictis
2016 4635 2138 4691 ani-

539 4741 690 4780 mum
751 4725 1000 4796 adjicite.
1058 4723 1233 4782 Nemo
1284 4727 1490 4798 quippe
1541 4712 1610 4782 ex
1647 4742 1838 4784 eorum
1889 4729 2136 4784 muribus

541 4819 932 4874 detrimentum
974 4822 1268 4891 acceperit.
1325 4820 1512 4874 Eccur
1567 4820 1737 4875 vero?
1784 4823 2047 4890 quoniam
2083 4828 2138 4876 et

541 4908 824 4965 manifesti
859 4919 991 4967 sunt
1047 4912 1331 4976 omnibus,
1387 4920 1443 4968 et
1490 4912 1751 4983 quamvis
1800 4912 1892 4968 ille
1931 4912 2134 4970 millies

537 5000 831 5071 improbus
862 5002 960 5070 sit,
991 5003 1136 5057 mala
1168 5003 1288 5058 haec
1323 4998 1612 5074 nunquam
1645 5004 1891 5059 docebit.
1927 5003 2004 5059 De
2032 5004 2139 5059 fide

539 5099 750 5156 autem,
801 5106 914 5147 non
969 5092 1053 5149 sic
1083 5092 1229 5163 apud
1276 5107 1470 5149 omnes
1525 5102 1766 5159 constat,
1807 5095 1902 5150 ubi
1957 5095 2139 5152 malus

546 5183 638 5238 ilie
672 5182 910 5258 docendi
939 5199 1147 5242 munus
1192 5199 1304 5240 non
1337 5183 1633 5241 detrectat.
1667 5186 1944 5251 Quoniam
1979 5195 2034 5242 et
2067 5187 2136 5242 il-

542 5275 637 5330 Iud
682 5274 932 5341 effatum,
964 5273 1150 5330 Nolite
1182 5276 1457 5346 judicare,
1493 5286 1552 5330 ut
1587 5293 1690 5331 non
1720 5277 2039 5348 judicentini
2071 5279 2137 5347 ’⁸,

537 5367 606 5422 de
628 5367 764 5433 vita,
824 5382 935 5422 non
988 5367 1056 5424 de
1102 5366 1210 5423 fide
1255 5368 1677 5438 pronuntiatum
1731 5377 1837 5424 est.
1895 5369 1953 5423 ld
1985 5369 2133 5439 quod

483 5464 488 5468 “
540 5461 814 5515 sermonis
879 5459 1055 5516 series
1113 5461 1468 5532 perspicuum
1527 5460 1684 5516 facit.
1743 5461 1885 5528 Quid
1952 5462 2129 5528 vides,

542 5548 743 5620 inquit,
779 5549 1039 5619 festucam
1069 5551 1126 5605 in
1160 5551 1314 5608 oculo
1346 5552 1540 5620 fratris
1581 5555 1680 5617 tui,
1719 5554 1920 5608 trabem
1955 5565 2132 5610 autem

615 5723 660 5758 “
690 5724 885 5784 Matth.
929 5743 1090 5800 χχιιι,
1122 5725 1176 5781 2.
1247 5728 1306 5804 ,η
1338 5727 1475 5784 ibid.
1518 5728 1570 5782 5.
1617 5728 1659 5759 ¹⁶
1694 5725 1889 5782 Matth.
1921 5743 2017 5795 vn,
2064 5730 2115 5782 i.

2233 4543 2568 4617 ἀκαθάρτου.
2587 4541 2752 4609 Ἀλλὰ
2787 4542 2862 4612 μὴ
2892 4541 2970 4611 τῷ
2997 4540 3117 4611 βίῳ,
3148 4539 3288 4593 ἀλλὰ
3316 4539 3426 4600 τοίς
3455 4534 3619 4601 λόγοις
3640 4537 3763 4617 πρῆσ⁴

2235 4613 2558 4707 ἑχετείΤῶν
2592 4635 2692 4704 μὲν
2735 4633 2847 4705 γὰρ
2875 4632 3022 4704 ἠθῶν
3052 4632 3244 4686 ἕνεκεν
3280 4628 3456 4691 οὐδεὶς
3479 4626 3540 4680 ἂν
3567 4613 3759 4707 βλαϐείη.

2329 4728 2569 4798 δήποτε;
2606 4727 2690 4780 ὅτι
2726 4727 2824 4781 καὶ
2856 4726 2994 4796 δῆλα
3026 4725 3194 4780 πᾶσίν
3229 4726 3378 4778 ἐστιν
3398 4761 3414 4786 ,
3445 4718 3535 4772 καὶ
3564 4711 3667 4766 οὐδὲ
3697 4705 3764 4798 air

2233 4821 2348 4888 τὸς,
2382 4793 2493 4876 κᾶν
2527 4819 2793 4891 μυριάκις
2825 4817 2859 4890 ᾖ
2886 4793 3146 4888 πονηρὸς,
3188 4812 3404 4886 πονηρά
3441 4807 3624 4872 διδάξει
3650 4793 3760 4852 ποτέ.

2237 4913 2486 4977 Πίστεως
2513 4911 2572 4965 δὲ
2601 4910 2816 4984 ἕνεκεν,
2843 4908 2967 4963 οὐτε
2999 4908 3158 4978 δῆλόν
3185 4909 3301 4961 ἐστι
3326 4906 3508 4964 πᾶσιν,
3538 4900 3618 4992 ὅτξ

2242 5005 2333 5077 ρὸς
2375 5005 2438 5059 οὐ
2481 4980 2886 5075 παραιτήσεται
2924 5000 3222 5055 διδάσκειν.
3267 4997 3422 5052 Ἐπεὶ
3453 4992 3542 5046 καὶ
3576 4987 3644 5049 τὸ,
3692 4980 3759 5077 Mil

2239 5067 2496 5166 κρίνετε,
2530 5067 2636 5160 Ira.
2654 5067 2741 5164 μῆ
2783 5091 3044 5161 κριθῆτε,
3083 5092 3212 5162 περὶ
3243 5090 3357 5160 βίου
3389 5086 3549 5146 ἐστὶν,
3578 5077 3630 5130 οὗ

2240 5156 2502 5252 πίστεωςι
2535 5185 2611 5242 Τὸ
2631 5156 2770 5255 ’γοῦν
2800 5156 3170 5258 ἐπαγόμενον,
3207 5156 3363 5236 τοῦτο
3386 5177 3543 5250 δηλοῖ.
3576 5156 3759 5258 Τίλβλέῖ

2242 5263 2412 5346 πεις,
2449 5278 2648 5349 φησιν,
2692 5276 2761 5330 τὸ
2798 5276 3026 5345 κάρφος
3055 5256 3124 5328 ’τὸ
3169 5274 3237 5328 ἐν
3271 5272 3351 5338 τῷ
3399 5256 3654 5353 ὀρθαίμᾷ
3682 5261 3758 5353 ξᾲυ

2239 5339 2525 5440 ἀδείῖέοάῧ
2561 5339 2712 5433 σόυ,
2756 5339 2886 5435 the
2907 5339 2975 5419 δὲ
3003 5339 3196 5419 saxat-
3233 5364 3346 5430 τὴν
3372 5360 3439 5413 ὲν
3462 5353 3535 5419 τῷ
3570 5345 3646 5410 σῷ

2240 5431 2447 5532 galati)
2496 5461 2568 5516 οὺ
2605 5431 2954 5525 κατανοεῖςς
3001 5457 3206 5513 Πάντα
3246 5451 3357 5511 οὖν·
3388 5452 3496 5504 ὅσα
3526 5431 3754 5540 ᾂνρλέΐίξξ

2238 5517 2550 5626 σινσύξιιῖν,
2597 5552 2851 5619 ποιεῖτε,
2893 5517 3051 5607 κατὰ
3090 5549 3159 5604 δὲ
3206 5550 3280 5604 τὰ
3326 5548 3461 5616 ἔργα
3489 5529 3658 5593 αὐτῶν
3689 5517 3754 5591 μὴ
