3998 6402
308 303 414 370 997
1437 302 1519 363 IN
1557 304 1798 367 EPIST.
1843 307 1870 365 ι
1910 307 2009 366 Αι)
2047 273 2534 370 TIMOTHEUM.
3487 316 3592 384 993

306 422 545 479 ποιεῖτε.
589 421 756 493 Ὁρᾷς
801 421 885 475 ὅτι
931 419 994 474 οὗ
1027 419 1158 492 περὶ
1197 418 1488 490 δογμάτων
1532 421 1713 486 ἐστὶν,
1763 423 1862 476 ἀλλ

2009 425 2064 478 in
2095 426 2250 480 oculo
2292 435 2382 480 tuo
2413 442 2518 480 non
2573 427 2715 483 vides
2770 428 2847 485 ‘1?
2886 429 3084 484 Omnia
3111 446 3235 501 ergo
3268 447 3590 504 quascunque

306 515 433 588 περὶ
471 513 591 584 βίου
625 513 722 566 καὶ
750 511 950 582 ἔργων.
993 511 1154 565 Ἀλλὰ
1178 512 1207 564 ὁ
1233 510 1446 575 Παῦλος
1471 513 1736 583 πρότερον
1769 532 1863 567 συν

2005 515 2244 570 dixerint
2302 516 2472 584 vobis,
2527 518 2732 587 facile:
2777 522 3064 576 secundum
3095 533 3274 578 autem
3310 540 3469 592 opera
3497 541 3589 579 eo-

307 604 538 676 έστησεν
617 603 852 668 αὐτοὺς,
898 603 994 656 καὶ
1044 601 1168 656 τότε
1229 603 1418 673 φησὶν,
1450 605 1738 660 Πείθεσθε
1775 606 1863 660 to?

2005 623 2125 662 rum
2161 611 2325 665 nolite
2344 610 2522 678 facere
2558 612 2624 668 ιθ.
2652 612 2819 670 Vides
2847 614 3040 684 igitur,
3072 631 3180 670 non
3211 617 3279 672 de
3309 616 3586 684 doctrina,

305 695 668 767 ἡγουμένοις
691 693 862 764 ὑμῶν
881 735 896 761 ,
922 694 1021 748 καὶ
1047 693 1344 749 ὑπείκετε.

2005 699 2106 756 sed
2154 700 2223 756 de
2269 701 2395 756 vitae
2431 702 2650 758 ratione
2684 711 2740 758 et
2784 705 3046 774 operibus
3091 723 3400 763 sermonem
3437 723 3583 763 esse.

305 788 511 846 Paulus
544 789 754 860 itaque,
789 786 958 857 258
1007 801 1133 842 cum
1209 787 1450 856 primum
1475 802 1573 844 eos
1644 788 2142 858 commendaverit,
2200 800 2333 848 tunc
2394 793 2578 850 dicit:
2646 793 2866 851 Obedite
2911 801 3212 866 prwpositis
3276 801 3485 866 vestris,
3534 811 3586 855 et

304 883 594 953 subjacete.

375 992 398 1027 ι
454 971 888 1044 Ἀπολελυμένον
907 989 924 1008 ο
981 972 1101 1045 μεθ’
1131 965 1194 1027 οῦ
1225 1012 1241 1038 ,
1274 973 1373 1028 ἐὰν
1409 974 1600 1045 τάχιον
1630 972 1858 1044 ἔρχηται

2077 995 2096 1028 ‹
2122 975 2446 1041 Dimissum,
2466 990 2591 1032 eum
2611 990 2723 1046 quo
2755 975 2823 1045 (si
2855 974 3092 1031 celerius
3122 977 3354 1048 venerit)
3384 979 3585 1033 videbo

301 1067 500 1138 ὄψομαι
533 1065 699 1136 ὑμᾶς.
744 1063 1095 1121 Ἀσπάσασθε
1130 1066 1341 1131 πάντας
1381 1067 1512 1130 τοὺς
1551 1066 1858 1137 ἡγουμένου

1995 1082 2118 1123 vos.
2155 1067 2407 1122 Salutate
2440 1081 2634 1123 omnes
2653 1068 2994 1138 praepositos
3019 1075 3260 1133 vestros,
3309 1076 3364 1123 et
3390 1084 3586 1126 omnes

301 1159 476 1229 ὑμῶν,
509 1157 608 1212 καὶ
638 1155 850 1221 πάντας
873 1157 1001 1222 τοὺς
1023 1157 1233 1228 ἁγίους.
1275 1157 1640 1222 Ἀσπάζονται
1667 1158 1813 1230 ὑμᾶς
1838 1175 1863 1212 ο

1997 1163 2241 1214 sanctos.
2276 1155 2534 1212 Salutant
2568 1172 2666 1214 vos
2695 1157 2791 1228 qui
2825 1167 2956 1214 sunt
2985 1157 3054 1212 de
3083 1157 3256 1215 Italia.
3294 1178 3313 1212 ι

300 1251 407 1308 ἀπὸ
434 1252 535 1320 τῆς
578 1249 829 1312 Ἰταλίας.
873 1267 892 1300 ι

377 1340 881 1410 Ἆπολελυμένον.
914 1339 1121 1406 Πόθενς
1157 1334 1327 1412 Οἶμαι
1366 1342 1532 1396 αὐτὸν
1560 1342 1642 1405 είς
1670 1340 1863 1410 δεσμω-

2065 1340 2378 1396 Dimimtm.
2444 1339 2600 1395 Unde
2629 1353 2758 1394 reor
2788 1339 2945 1394 illum
2981 1340 3037 1394 in
3080 1355 3361 1395 carcerem
3394 1341 3582 1409 conje-

296 1436 486 1507 τήριον
516 1431 927 1504 ἐμϐεϐλῆσθαιο
971 1431 1005 1502 ἢ
1052 1432 1101 1484 εί
1134 1431 1209 1502 μὴ
1245 1431 1434 1495 τοῦτο,
1477 1431 1587 1485 ἀπὸ
1643 1430 1863 1500 Ἀθηνῶ

1994 1439 2142 1488 ctum
2202 1433 2409 1499 fuisse;
2456 1431 2545 1488 sin
2595 1446 2752 1499 vero,
2799 1431 3095 1486 dimissum
3148 1431 3406 1487 Athenis.
3439 1433 3579 1487 Nam

294 1523 717 1596 ἀπολελυμένον.
750 1521 864 1576 Καὶ
900 1520 1010 1592 γὰρ
1044 1521 1140 1575 καὶ
1175 1521 1334 1576 τοῦτο
1379 1524 1437 1577 ὲν
1484 1523 1608 1581 ταῖς
1644 1521 1862 1592 Πράξεσ

1994 1530 2045 1580 et
2081 1523 2187 1579 hoc
2216 1538 2436 1595 quoque
2469 1523 2524 1579 in
2556 1523 2791 1579 Actibus
2831 1523 3206 1592 apostolorum
3240 1523 3497 1578 habetur.

294 1618 500 1670 κεῖται.
767 1651 770 1655 -
2999 1657 3002 1660 .

377 1728 397 1760 ι
451 1707 518 1760 Ἣ
547 1705 704 1777 χάρις
739 1703 878 1776 μετὰ
913 1705 1133 1760 πάντων
1165 1703 1340 1774 ὑμῶν.
1387 1703 1582 1776 Ἀμήν.
1624 1724 1643 1756 ›

2062 1702 2230 1760 Vens.
2261 1703 2353 1758 25.
2387 1723 2405 1756 ι
2446 1702 2636 1758 Gratia
2665 1716 2789 1758 cum
2818 1703 3076 1758 omnibus
3103 1703 3280 1759 vobis.
3315 1703 3508 1758 Amen.
3549 1723 3567 1756 ι

383 1797 445 1852 Ἦ
472 1798 632 1868 χάρις
665 1796 784 1861 πῶς
816 1797 1028 1866 γίνεται
1078 1797 1198 1868 μεθ’
1250 1796 1444 1868 ἡμῶν;
1475 1799 1571 1852 ἐὰν
1609 1798 1684 1868 μὴ
1725 1797 1863 1870 ὑϐρίι

2063 1798 2312 1863 Quonam
2365 1797 2529 1852 modo
2567 1797 2745 1868 gratia
2775 1795 3068 1852 nobiscum
3106 1798 3238 1861 erit,
3293 1797 3337 1852 si
3371 1797 3578 1852 bencli~

292 1905 478 1959 σωμεν
506 1890 588 1950 είς
613 1889 715 1958 τὴν
745 1887 1086 1961 εὐεργεσίαν.

1994 1885 2186 1940 centiaa
2220 1884 2318 1940 Dei
2349 1900 2699 1956 nequaquam
2732 1885 2922 1956 injurii
2953 1887 3203 1941 erimus?

283 1979 448 2048 Πρὸς
486 1978 796 2046 Ἑϐραίους
820 1977 1048 2046 ἐγράφη
1077 1977 1198 2032 ἀπὸ
1227 1976 1339 2046 τῆς
1374 1977 1636 2044 Ἰταλίας
1662 1976 1759 2031 διὰ
1793 1981 1863 2034 Tt-

1994 1974 2241 2044 Epistola
2266 1975 2335 2030 ad
2363 1974 2616 2031 Hebraeos
2649 1992 2714 2031 ea:
2746 1976 2914 2031 Italia
2943 1979 3143 2047 scripta
3173 1988 3250 2032 est
3277 1995 3368 2047 per
3391 1979 3576 2033 Timo-

730 2071 974 2140 μοθέου.
1014 2071 1264 2141 Στίχων.
1309 2068 1430 2140 ψγκ

2449 2069 2645 2124 theum.
2694 2069 2944 2124 Versibus
2973 2070 3098 2124 705.

360 2161 509 2234 (Τὴν
539 2162 676 2234 πρὸς
705 2162 992 2234 Ἐϐραίους
1044 2162 1362 2233 Ἐπιστολὴν
1393 2163 1600 2232 ἱστορεῖ
1621 2162 1863 2235 Κλήμης1

2058 2161 2081 2235 (
2101 2160 2403 2232 Epistolam
2431 2160 2500 2215 ad
2526 2160 2786 2215 Hebraeos
2812 2159 3072 2215 edisserit
3101 2158 3376 2226 Clemens,
3413 2161 3576 2230 cujus

282 2247 352 2310 οῦ
401 2257 680 2328 μέμνηται
724 2254 974 2320 Παῦλος,
1005 2255 1064 2318 ὃς
1102 2255 1197 2309 καὶ
1247 2255 1546 2318 ἐπίσκοπος
1589 2255 1863 2326 Ῥωμαίωι

1994 2253 2237 2312 meminit
2289 2252 2517 2318 Paulus,
2573 2251 2782 2322 quique
2845 2252 3229 2306 Romanorum
3281 2252 3575 2321 episcopus

279 2345 541 2414 ὲγένετο’
586 2344 662 2408 ὡς
706 2344 922 2398 Παύλου
971 2344 1140 2415 αὐτὴν
1197 2343 1476 2414 Ἑϐραίοις
1516 2345 1584 2414 τῇ
1635 2344 1863 2416 Ἐϐραΐδι

1994 2347 2087 2404 luit
2115 2364 2130 2401 :
2166 2355 2227 2403 ut
2264 2361 2463 2417 nempe
2489 2360 2615 2400 cum
2645 2342 2951 2415 Apostolus
2980 2357 3100 2398 eam
3133 2341 3409 2398 llebraico
3437 2342 3574 2396 idio-

278 2437 554 2508 διαλέκτῳ
607 2437 971 2505 συντάξαντος
1008 2435 1366 2508 ἡρμηνεύθη,
1420 2435 1496 2499 ὥς
1538 2453 1720 2502 τινες,
1773 2436 1863 2490 ὑπὲ

1994 2444 2131 2492 male
2161 2437 2507 2508 scripsisset,
2550 2436 2606 2490 in
2638 2435 2891 2492 Graecum
2931 2434 3204 2489 translata
3236 2433 3327 2497 sit,
3359 2443 3419 2487 ut
3453 2433 3574 2502 qui-

277 2531 474 2584 Λουκᾶ
517 2529 612 2584 τοῦ
658 2529 1054 2599 εὐαγγελιστοῦ
1086 2546 1100 2560 ’
1151 2531 1227 2593 ὡς
1271 2528 1329 2581 δὲ
1372 2528 1544 2597 ἄλλοι,
1577 2529 1682 2582 ὑπὸ
1710 2527 1863 2582 αὐτοῐ

1994 2526 2108 2583 iem
2142 2527 2426 2584 nonnullis
2461 2528 2661 2598 placet,
2697 2542 2727 2580 a
2773 2525 2922 2583 Luca
2953 2526 3330 2597 evangelista;
3360 2532 3421 2580 ut
3447 2523 3573 2577 aliis

277 2622 386 2676 τοῦ
420 2622 759 2694 Κλήμεντος.
782 2623 801 2694 )

1994 2634 2143 2686 vero,
2173 2621 2242 2676 ab
2267 2619 2462 2678 eodem
2491 2617 2842 2688 Clemente.)

371 2735 416 2767 ¹⁷
448 2736 640 2793 Matth.
675 2752 772 2802 vn,
795 2738 852 2794 4.
941 2738 984 2771 ⁸⁸
1007 2735 1200 2792 Matth.
1241 2751 1406 2802 nm,
1438 2737 1494 2792 '5.

282 2918 3521 2956 WW—

862 3091 1035 3176 ΕΙΣ.
1131 3085 1788 3176 ΕΠΙΣΤΟΛΗΝ
1843 3085 2139 3174 ΠΡΟΣ
2221 3081 2816 3174 ΤΙΜΟΘΕΟΝ
2862 3076 2980 3164 Α’.

674 3417 828 3532 1N
883 3440 1558 3535 EPISTOLAM
1635 3435 2105 3529 PBIMAM
2178 3411 2326 3524 AD
2407 3430 3191 3551 TlMOTHEUM.

2494 3755 2726 3813 CAPUT
2755 3754 3050 3813 PRIMUM.

2044 3851 2216 3910 Vens.
2255 3852 2310 3918 1,
2338 3851 2397 3910 2.
2434 3869 2454 3904 ι
2495 3850 2700 3908 Paulus
2751 3851 3038 3921 apostolus
3069 3850 3202 3908 Jesu
3231 3851 3435 3912 Christi
3469 3870 3558 3912 se-

717 3759 1116 3815 ΚΕΦΑΛΑΙΟΝ
1172 3757 1469 3813 ΠΡΩΤΟΝ.
1902 3773 1944 3832 ο

348 3871 376 3908 ι
412 3851 627 3917 Παῦλος
682 3851 978 3915 ἀπόστολος
1033 3848 1272 3922 Χριστοῦ
1315 3848 1491 3921 Ἰησοῦ
1531 3851 1653 3904 κατ’
1681 3852 1874 3908 ἐπιτα-

254 3946 383 4020 γὴν
440 3944 578 3999 Θεοῦ
639 3944 851 4017 Πατρὺς
897 3944 1010 4016 (12)
1059 3941 1215 4014 ὑμῶν
1273 3941 1368 3996 καὶ
1414 3942 1620 4013 Κυρίου
1694 3945 1869 4016 Ἰησοῦ

259 4037 516 4111 Χριστοῦ
546 4037 648 4108 τῆς
695 4035 914 4101 ἐλπίδος
961 4035 1146 4107 ήμῶν,
1178 4034 1431 4106 Τιμοθέῳ
1454 4035 1665 4108 γνησίῳ
1691 4037 1868 4110 τέκνῳ

263 4132 334 4185 ἐν
375 4130 580 4185 πίστει.
613 4146 633 4182 ι
1304 4149 1307 4151 ·

355 4220 578 4293 Ἐπειδὴ
635 4217 810 4291 μέγας
849 4213 919 4291 ἦν
962 4219 991 4273 ὁ
1021 4218 1172 4288 ἀγὼν
1221 4218 1300 4290 τῷ
1350 4219 1567 4292 μαθητῇ
1593 4236 1609 4251 ο
1642 4219 1867 4289 δέσμιος

267 4312 392 4384 γὰρ
433 4308 500 4384 ἦν
529 4311 670 4383 ὑπὲρ
699 4311 794 4365 τοῦ
829 4311 1221 4384 κηρύγματος·
1263 4311 1454 4364 τούτου
1495 4312 1658 4384 χάριν
1702 4310 1865 4376 εὐθὺς

267 4405 344 4457 ἐκ
376 4402 674 4474 προοιμίων
711 4401 995 4474 ἀνίστησιν
1028 4401 1195 4456 αὑτοῦ
1239 4401 1339 4472 τὴν
1368 4403 1568 4474 ψυχὴν,
1615 4401 1863 4472 Σωτῆρα

261 4495 367 4547 τὸν
400 4493 529 4547 Θεὸν
555 4493 738 4548 καλῶν
757 4511 772 4526 ο
799 4494 985 4564 ὅμοιον
1013 4491 1070 4545 δὲ
1097 4493 1174 4557 ὡς
1207 4493 1256 4545 εἰ
1280 4492 1451 4562 λέγοιο
1485 4495 1560 4547 Οὐ
1592 4495 1698 4566 χρὴ
1721 4497 1863 4566 ἀκη-

260 4581 392 4651 διᾷν
419 4582 478 4633 ἐν
506 4583 628 4643 ταῖς
651 4580 919 4651 θλίψεσιν,
953 4580 1168 4651 ἔχοντες
1198 4581 1428 4653 Σωτῆρα
1454 4582 1549 4638 τὸν
1577 4583 1732 4651 Θεὸν,
1764 4585 1862 4640 καὶ

261 4670 461 4725 ἐλπίδα
487 4671 579 4725 τὸν
615 4672 872 4743 Χριστόν.

338 4862 689 4936 Εὑρίσκομεν
730 4866 841 4937 γὰρ
882 4866 946 4920 τὸ
991 4865 1219 4939 Πνεῦμα
1262 4867 1421 4937 λέγον
1450 4885 1464 4898 ·
1515 4868 1862 4938 Ἀφορίσατέ

253 4971 372 5024 μοι
402 4953 651 5008 Παῦλον
681 4956 776 5009 καί
806 4955 1141 5026 Βαρνάϐαν.

345 5065 368 5098 ι
407 5047 616 5119 Χάρις,
647 5049 832 5113 ἕλεος,
877 5051 1070 5122 εἰρήνη
1098 5049 1208 5106 ἀπὸ
1236 5049 1372 5104 Θεοῦ
1413 5051 1630 5122 Πατρδς
1664 5049 1853 5122 ἡμῶν,

255 5138 369 5193 καὶ
403 5139 610 5210 Κυρίου
640 5140 880 5210 Χριστοῦ
924 5141 1100 5212 Ἰησοῦ
1138 5141 1236 5196 τοῦ
1265 5141 1474 5213 Κυρίου
1505 5141 1684 5212 ἡμῶν.
1724 5160 1742 5192 ι

342 5231 456 5284 Καὶ
481 5231 643 5286 τοῦτο
663 5233 763 5299 τῆς
793 5232 1026 5305 quem;
1047 5233 1458 5305 παραμυθικόν.
1487 5232 1737 5305 Οὐδαμοῦ
1764 5233 1856 5287 τὸν

255 5320 422 5375 ἔλεον
460 5323 492 5392 ἢ
534 5313 770 5396 ἐνταῦΟά
808 5303 1142 5395 ὠνόμασεν(
1208 5303 1219 5305 _
1615 5324 1620 5328 ’

260 5522 313 5555 ιθ
344 5516 474 5573 Act.
508 5532 629 5582 xm,
653 5517 712 5571 2.

1971 3947 2218 4002 cundqu
2249 3943 2547 4015 imperium
2594 3942 2693 3999 Dei
2735 3942 2920 4000 Patris
2969 3945 3170 4012 nostri,
3223 3953 3279 4001 et
3336 3946 3556 4004 Domini

1971 4041 2153 4096 nostri
2198 4036 2333 4094 Jesu
2362 4036 2571 4093 Christi
2611 4037 2732 4109 spei
2763 4044 2991 4108 nostrae,
3017 4035 3330 4095 Timotheo
3351 4039 3556 4099 dilecto

1969 4130 2084 4186 lilio
2109 4131 2165 4185 in
2197 4129 2324 4186 (ide.
2353 4148 2372 4182 ι

2039 4222 2315 4290 Quoniam
2365 4237 2626 4292 magnum
2674 4228 2959 4277 certamen
2993 4221 3354 4278 incumbebat
3383 4223 3550 4281 disci-

1966 4314 2118 4383 pulo,
2159 4326 2284 4368 cum
2335 4311 2556 4367 vinctus
2589 4319 2737 4367 esset
2791 4318 3015 4380 propter
3068 4309 3548 4382 praedicationem,

1966 4420 2087 4460 eam
2117 4403 2189 4459 ob
2219 4417 2447 4458 causam
2491 4402 2672 4458 statim
2729 4401 2802 4458 ab
2833 4401 3061 4458 exordio
3101 4402 3348 4459 animum
3398 4406 3550 4462 illius

1967 4496 2158 4569 erigit,
2195 4495 2370 4551 Deum
2419 4495 2756 4552 Salvatorem
2805 4503 3002 4561 vocat;
3034 4495 3265 4566 perinde
3295 4512 3363 4553 ac
3385 4499 3435 4554 si
3460 4500 3546 4555 di-

1965 4599 2154 4645 ceret:
2187 4588 2309 4644 Non
2340 4603 2444 4644 nos
2474 4596 2691 4659 oportet
2722 4588 2779 4642 in
2821 4586 3218 4645 aﬂlictionibus
3253 4591 3552 4648 concidere

1967 4679 2174 4745 animo,
2207 4678 2303 4750 qui
2355 4677 2532 4735 Deum
2585 4678 2890 4735 habeamus
2927 4679 3268 4737 Salvatorem
3301 4691 3357 4739 et
3385 4681 3549 4738 Chri-

1967 4781 2114 4828 stum
2148 4786 2323 4841 spem.

2036 4863 2359 4918 lnvenimus
2407 4862 2558 4919 enim
2628 4860 2904 4933 Spiritum
2947 4864 3231 4922 edixisse:
3267 4864 3548 4940 Segregate

1964 4955 2095 5008 mihi
2133 4953 2363 5009 Paulum
2400 4963 2448 5008 et
2479 4951 2788 5007 Barnabam
2827 4955 2896 5010 ".

2040 5066 2058 5098 ι
2115 5046 2329 5112 Gratia,
2382 5046 2801 5114 misericordia,
2855 5063 2963 5118 pax
3021 5063 3053 5103 a
3110 5047 3223 5105 Deo
3273 5047 3439 5107 Patre
3491 5061 3547 5108 et

1888 5136 1933 5192 D
1961 5138 2182 5195 Christo
2211 5136 2344 5193 Jesu
2371 5136 2608 5192 Domino
2641 5146 2858 5195 nostro.
2896 5158 2916 5192 ι

2035 5234 2218 5302 Atque
2269 5230 2374 5284 hoc
2412 5238 2499 5286 est
2547 5230 2863 5286 alliictionis
2903 5230 3271 5288 levamentum
3301 5241 3357 5288 et
3400 5236 3548 5291 sola-

1965 5338 2115 5378 men.
2145 5321 2435 5393 Nusquam
2478 5321 2916 5378 misericordiam
2947 5323 3036 5380 his
3067 5325 3125 5380 in
3165 5325 3302 5382 locis
3339 5341 3546 5385 memo-

1966 5414 2128 5468 ravit.

1787 5605 2022 5668 NOT/E.

338 5702 458 5777 (12)
495 5701 586 5762 Sic
609 5703 831 5777 quidem
856 5703 1073 5762 codices
1103 5702 1313 5775 aliquot
1332 5717 1363 5780 ,ι
1395 5708 1588 5760 auctor
1610 5713 1740 5760 vero
1769 5716 1894 5760 cum
1926 5705 2320 5778 Chrysostomo
2337 5718 2392 5768 et
2419 5711 2538 5772 aliis
2569 5711 2802 5786 legebat,
2841 5714 3114 5785 Σωτῆρος.
