3998 6430
493 346 601 415 999
1693 329 1754 403 s.
1787 324 2108 392 JOANNIS
2132 323 2564 388 DAMASCENI
3635 331 3750 397 10in

559 456 731 510 Vens.
763 453 817 506 '5.
855 467 875 501 ι
915 447 1071 502 Sicut
1105 443 1294 515 rogavi
1334 451 1387 497 te
1416 449 1476 496 ut
1501 452 1824 495 remaneres
1855 437 2080 509 Ephesi,
2115 437 2138 493 Α

2266 455 2284 488 ι
2340 437 2542 503 Καθὼς
2574 439 2932 512 παρεκάλεσά
2964 457 3024 494 σε
3065 443 3411 515 προσμεῖναι
3445 444 3505 500 ἑν
3539 445 3757 520 Ἐφέσῳ,

494 564 619 607 cum
660 547 794 600 irem
828 544 882 597 in
916 537 1318 594 Macedoniam.
1351 555 1370 588 ι

2186 532 2556 604 πορευόμενος
2586 535 2667 596 εἰς
2697 535 3060 590 Μακεδονίαν.
3102 555 3118 586 ι

562 639 686 694 Νοη
733 633 986 703 magistri
1038 643 1191 684 more
1235 628 1507 698 loquitur,
1542 625 1640 682 sed
1671 641 1810 697 pene
1844 622 2079 688 famuli;

2256 626 2331 680 Οὐ
2355 626 2683 681 διδασκάλου
2719 629 2870 699 φωνῇ
2915 627 3208 697 κέχρηται,
3243 627 3367 683 ἀλλ’
3407 629 3620 684 οἰκέτου
3657 649 3761 707 σχε.

497 740 558 786 ιιι
603 726 935 796 discipulum
997 722 1194 777 doceat
1233 719 1480 774 modeste
1506 732 1571 772 ac
1595 717 1836 773 demisse
1866 728 2076 786 sapere.

1975 728 2081 769 ere.
2185 718 2297 786 δδν,
2330 719 2420 772 ἵνα
2448 719 2636 794 διδάξῃ
2664 720 2754 774 τὸν
2789 720 3040 791 μαθητὴν
3070 725 3554 792 ταπεινοφρονεῖν.

571 841 592 874 ι
627 819 700 876 Ut
727 816 1090 873 denuntiares
1121 813 1453 883 quibusdam
1478 825 1587 864 non
1617 809 1777 864 aliter
1801 807 2024 863 docere.
2057 823 2077 859 ι

2265 833 2285 868 ι
2332 815 2453 869 Ἵνα
2487 816 2872 887 παραγγείλῃς
2899 816 3033 882 τισὶ,
3070 817 3143 887 μὴ
3177 816 3702 888 ἑτεροδιδασκαλεῖν.
3741 840 3758 876 ι

568 914 688 967 Νοιι
720 926 816 967 eos
860 906 1186 963 nominatim
1247 903 1478 968 indicat,
1534 917 1603 958 ne
1647 899 2087 972 impudentiores

2262 906 2338 959 Οὐ
2367 905 2586 976 τίθησιν
2626 906 2824 970 αὐτοὺς
2873 906 3155 977 ὀνομαστὶ,
3190 907 3284 960 ἵνα
3319 905 3398 978 μὴ
3435 907 3763 978 ἀναίσχυντα.

497 1004 713 1060 ﬁerent.
2188 997 2381 1070 τέρόυς
2410 999 2637 1070 ποιήσῃ.

569 1091 745 1148 Vens.
780 1091 835 1145 4.
874 1108 893 1141 ι
931 1087 1120 1158 Neque
1159 1084 1513 1141 intenderent
1544 1081 1774 1147 fabulis,
1817 1099 1837 1133 ι

1544 1081 1774 1147 fabulis,
1817 1099 1837 1133 ι
2267 1105 2288 1138 ι
2324 1088 2476 1158 Μηδὲ
2508 1088 2796 1159 προσέχειν
2830 1087 3044 1160 μύθοις,
3087 1106 3106 1141 ι

568 1184 866 1240 Fabulosis
899 1181 1094 1250 utique
1145 1177 1461 1232 Judteorum
1493 1173 1918 1236 traditionibus,
1947 1183 2090 1240 quos

2261 1179 2397 1242 Ταῖς
2425 1179 2683 1250 μυθικοῖς
2708 1179 2819 1235 τῶν
2859 1179 3127 1234 Ἰουδαίων
3157 1179 3556 1251 παραδόσεσιν,
3587 1176 3665 1246 οἷς
3690 1186 3767 1238 καὶ

499 1276 664 1332 etiam
700 1273 967 1346 propheta
1002 1273 1257 1341 coarguit
1295 1270 1494 1324 dicens
1525 1285 1539 1321 :
1592 1267 1852 1322 Docentes
1885 1262 2078 1318 doctri-

2191 1274 2221 1326 ὁ
2238 1273 2524 1344 προφήτης
2548 1271 2794 1326 ἐνεκάλει
2823 1271 3000 1340 λέγων
3022 1290 3036 1305 ·
3066 1272 3484 1340 Διδάσκονζες
3507 1273 3765 1332 διδασκα-

502 1384 601 1422 nas
654 1377 706 1422 et
757 1363 1016 1420 mandata
1064 1363 1338 1416 hominum
1381 1361 1450 1413 '°.
1495 1357 1633 1414 Nam
1666 1358 1921 1428 neglecta
1954 1353 2081 1426 legis

2193 1365 2363 1430 λίας,
2413 1363 2758 1433 ἐντάλματα
2823 1364 3175 1432 ἀνθρώπων.
3236 1363 3527 1434 Ἀφιέντες
3559 1366 3662 1438 γὰρ
3697 1366 3765 1434 ἐξ.

501 1460 875 1530 expositione,
911 1455 1248 1510 traditiones
1282 1469 1414 1510 suas
1441 1453 1911 1524 excogitaverant.

2195 1455 2450 1529 ηγεῖσθαι
2475 1456 2569 1509 τὸν
2599 1459 2789 1526 νόμον,
2833 1456 2971 1519 ἰδίας
3001 1455 3341 1527 παραδόσεις
3374 1457 3651 1517 ἐπενόουν,

577 1570 597 1603 ι
631 1549 698 1604 Ει
725 1547 1062 1622 genealogiis
1101 1545 1492 1600 interminatis.
1527 1563 1547 1596 ι
1619 1567 1624 1570 ε

2275 1569 2295 1602 ι
2339 1551 2452 1604 Καὶ
2479 1549 2856 1619 γενεαλογίαις
2884 1550 3235 1622 ἀπεράντοις.
3269 1567 3289 1599 ι

577 1639 924 1710 Genealogias
955 1644 1137 1702 vocat,
1175 1634 1501 1706 tlieogonias
1523 1632 1869 1695 Graecorum,
1896 1629 2092 1698 longas

2268 1641 2712 1712 Γενεαλογίας,
2755 1641 2857 1704 τὰς
2904 1642 3036 1712 παρ’
3082 1639 3368 1712 Ἑλλήνων
3399 1639 3672 1708 θεογονίας
3696 1639 3765 1696 λέ-

502 1735 675 1792 series
703 1731 958 1787 deorum.
995 1727 1266 1785 Hortatur
1291 1741 1426 1798 ergo
1455 1725 1796 1797 discipulum
1837 1721 2004 1794 259
2033 1730 2081 1775 ul

2197 1750 2321 1803 γει,
2351 1732 2452 1798 τὰς
2481 1750 2560 1787 σει
2570 1733 2669 1804 ράς
2693 1733 2802 1787 τῶν
2835 1732 2997 1792 θεῶν.
3026 1733 3310 1805 Παραινεῖ
3333 1726 3434 1787 οῦν
3455 1729 3534 1804 τῷ
3556 1733 3761 1806 μαθητῇ,

501 1843 600 1884 eos
650 1823 928 1881 dismrbet
963 1821 1058 1892 qui
1100 1819 1323 1876 fabulas
1373 1817 1641 1874 Judaicas
1691 1815 2080 1886 amplecteren-

2201 1826 2302 1882 καὶ
2339 1828 2468 1891 τοὺς
2527 1826 2716 1896 μύθοις
2775 1826 3090 1891 Ἰουδαϊκοῖς
3139 1826 3534 1897 κεχρημένους
3571 1827 3766 1899 ἀνατρέ-

503 1926 617 1983 tur,
653 1931 754 1972 nec
785 1915 910 1970 illos
937 1913 1086 1984 loqui
1124 1912 1333 1969 sineret
1376 1912 1474 1984 qui
1505 1907 1849 1968 Grmcanicis
1890 1906 2082 1963 errori-

2201 1926 2346 1987 πειν,
2378 1921 2475 1974 καὶ
2514 1922 2639 1985 τοὺς
2683 1920 3005 1991 Ἑλληνικῆς
3052 1919 3276 1988 ἀπάτης
3327 1918 3663 1990 χρωμένους,
3708 1919 3766 1992 μὴ

503 2012 606 2067 bus
661 2009 868 2064 addicti
936 2014 1148 2072 essent,
1213 2020 1317 2062 nec
1373 2004 1544 2061 veluti
1608 1998 2082 2058 concatenationes

2200 2013 2521 2088 ἐπιτρέπειν
2571 2014 2786 2079 λαλεῖν,
2854 2013 2994 2084 μηδὲ
3054 2011 3222 2066 οἱονεὶ
3280 2011 3477 2083 σειρὰς
3526 2011 3767 2083 εἰσφέρειν

502 2105 732 2161 deorum
765 2100 997 2157 inferre.

791 2100 997 2157 nferre.
2203 2107 2364 2163 θεῶν.

582 2215 601 2247 ί
633 2193 764 2260 Quin
808 2193 1145 2262 (ιιιεεειῖοηθε
1199 2197 1471 2261 Ιππείθῐη
1525 2187 1736 2261 magis:
1772 2199 1938 2259 quam
1983 2183 2102 2241 δίε·
2281 2220 2300 2254 ι
2332 2199 2550 2264 Αἴτινες
2602 2201 2859 2272 ζητήσεις
2897 2198 3198 2271 παρέχουσι
3247 2197 3485 2270 μᾶλλον,
3522 2197 3554 2269 ἢ
3588 2198 3764 2251 οἰκοδο-

503 2284 890 2358 pensationem
925 2284 1017 2339 Dei
1052 2285 1108 2338 in
1134 2283 1262 2340 lide.
1299 2302 1318 2336 ι

2206 2295 2343 2368 μίαν
2385 2294 2528 2349 ’Θεοῦ
2563 2294 2667 2365 τὴν
2700 2296 2759 2348 ὲν
2791 2293 3001 2349 πίστει.
3043 2312 3061 2345 ι

578 2377 705 2432 istae
757 2376 1064 2444 doctrinae,
1121 2375 1343 2446 inquit,
1399 2389 1526 2430 cum
1584 2373 1723 2428 nulli
1777 2372 2101 2443 adjumento

2275 2378 2472 2451 Αῦται,
2510 2386 2696 2457 φησὶν,
2728 2387 2782 2440 αἰ
2812 2384 3156 2440 διδασκαλίαι
3191 2383 3339 2454 πρὸς
3359 2382 3422 2437 τὸ
3455 2383 3617 2454 μηδὲν
3643 2385 3759 2454 ὠφε·

506 2469 658 2537 sint,
705 2468 988 2524 hominem
1038 2469 1265 2538 insuper
1299 2481 1329 2520 a
1359 2465 1782 2536 dispensatione
1810 2462 1909 2519 Dei
1939 2474 2085 2517 aven

2203 2477 2341 2543 λεῖν,
2368 2476 2465 2530 καὶ
2492 2475 2594 2546 τῆς
2633 2475 2950 2546 οἰκονομίας
2970 2474 3066 2528 τοῦ
3090 2472 3257 2537 Θεοῦ,
3283 2471 3658 2544 άπασχυλοῦσι
3694 2473 3762 2527 τὸν

505 2569 654 2617 tunt.
697 2559 1158 2626 Dispensationem
1211 2566 1397 2630 autem
1432 2557 1530 2613 Dei
1565 2557 1808 2628 appellat
1843 2555 2084 2610 incarna-

2205 2565 2516 2636 ἄνθρωπον.
2555 2566 2915 2636 Οἰκονομίαν
2947 2565 3005 2620 δὲ
3057 2564 3207 2619 Θεοῦ
3231 2564 3296 2618 τὸ
3320 2564 3424 2636 τῆς
3453 2563 3761 2636 ὲνανθρωπὴ·

509 2651 681 2706 tionis
709 2650 1054 2723 mysterium.

2205 2674 2346 2725 σεως
2380 2659 2531 2730 λέγει
2566 2661 2890 2731 μυστήριον.

581 2742 749 2799 Vens.
788 2743 841 2798 5.
873 2761 892 2794 ι
919 2740 1076 2798 Finis
1111 2749 1298 2796 autem
1336 2739 1601 2811 praecepti
1633 2745 1721 2794 est
1751 2736 2000 2793 cltaritas
2036 2732 2106 2790 de

2287 2765 2312 2802 ο
2341 2749 2416 2804 Τὸ
2447 2749 2504 2803 δὲ
2541 2748 2696 2812 τέλος
2727 2747 2831 2819 τῆς
2875 2748 3265 2820 παραγγελίας
3307 2748 3486 2812 ἐστὶν,
3515 2745 3688 2816 ἀγάπη
3713 2745 3761 2798 έκ

509 2836 682 2893 corde
733 2849 912 2906 puro,
963 2842 1018 2890 et
1057 2833 1409 2889 conscientia
1441 2832 1626 2901 bona,
1652 2838 1724 2886 ~et
1765 2827 1872 2884 tlde
1899 2841 2012 2884 non
2043 2827 2088 2882 ﬂ-

2205 2841 2461 2914 καθαρᾶς
2493 2841 2746 2913 καρδίας,
2775 2841 2869 2895 καὶ
2913 2841 3279 2911 συνειδήσεως
3309 2839 3550 2910 ἀγαθῆς,
3585 2837 3673 2893 καὶ
3695 2839 3760 2891 πί-

2174 2921 2190 2938 \.

509 2937 621 2985 cla.
656 2946 676 2984 ι

583 3018 637 3038 1-1
675 3026 751 3038 --ι
837 3032 1045 3038 ---μηΑΑ
1101 3016 1492 3038 ...ρ-ιι..ιΑ--...υ.
1542 3021 1622 3038 --ι
1670 3027 1850 3038 ,ιι-...ΑΛ
1883 3013 1947 3038 ,ΙΑ
1977 3012 2073 3038 ΑΙ.-

1883 3013 1912 3038 Δ
2008 3012 2023 3038 1
2133 2934 2384 3038 Caeso);
2409 2933 2798 3004 ἀνυποκρίτου.
2838 2951 2857 2984 ι

583 3018 640 3073 Id
669 3026 789 3082 est,
833 3032 1053 3074 summa
1101 3016 1496 3071 mandatorum
1539 3021 1627 3070 est
1669 3027 1853 3071 sermo
1881 3013 1949 3068 de
1975 3012 2107 3067 cha-
2133 3012 2162 3037 ‘

2181 3014 2183 3033 ι
2283 3025 2566 3088 Τουτέστι,
2607 3024 2907 3092 κεφάλαιον
2955 3024 3056 3095 τῆς
3106 3023 3500 3095 παραγγελίας
3568 3021 3760 3086 ἑστὶν,ὁ

511 3110 696 3166 ritate.
731 3108 1204 3174 Quemadmodum
1251 3117 1435 3163 autem
1486 3107 1780 3179 Scriptura
1821 3107 2090 3164 Cbristun‘

2211 3115 2340 3186 περὶ
2368 3116 2593 3184 ἀγάπης
2623 3115 2801 3184 λόγος.
2833 3115 3044 3186 Ὥσπερ
3085 3115 3142 3168 δὲ
3172 3115 3333 3180 τέλος
3364 3117 3534 3184 νόμου
3561 3109 3760 3184 Χριστὸν

512 3201 677 3255 linem
727 3198 866 3269 legis
915 3198 1051 3253 dicit
1101 3199 1170 3262 “,
1223 3199 1328 3253 hoc
1378 3209 1466 3254 est
1520 3198 1996 3269 complementum
2051 3208 2091 3252 el

2209 3203 2458 3274 ὴΓραφὴ
2486 3203 2671 3270 λέγει,
2718 3202 2971 3256 τουτέστι
3006 3201 3417 3272 συμπλήρωσιν
3477 3200 3570 3254 καὶ
3622 3214 3760 3266 κεφα-

512 3291 916 3358 summariurn;
951 3291 1034 3347 sic
1067 3298 1122 3347 et
1152 3291 1259 3346 hoc
1308 3291 1363 3346 in
1417 3292 1540 3347 loco
1596 3290 1928 3346 vocabulum
1977 3292 2091 3360 ﬁni:

2207 3289 2456 3353 λαίωσιν,
2484 3290 2633 3343 οὕτω
2662 3289 2901 3344 ἐνταῦθα
2939 3290 3132 3361 εἴρηκε
3166 3289 3269 3361 τὴν
3300 3287 3499 3354 λέξιν.
3543 3281 3611 3340 Εὖ
3643 3287 3692 3339 δὲ
3716 3282 3761 3335 τὸ

512 3385 826 3456 usurpavit.
857 3383 1004 3441 Bene
1036 3399 1168 3442 vero
1200 3385 1434 3456 adjecit,
1469 3383 1535 3440 de
1569 3386 1727 3440 corde
1757 3399 1890 3453 puro
1915 3401 1934 3450 ;
1968 3399 2091 3455 quo-

2210 3381 2531 3452 προσθεῖναι
2581 3382 2652 3434 ἐκ
2687 3381 2952 3450 καθαρᾶς
3002 3380 3279 3452 καρδίας,
3311 3379 3506 3450 ἐπειδὴ
3537 3379 3642 3432 ἔστι
3688 3376 3758 3430 καὶ

513 3479 664 3534 niam
715 3485 771 3534 et
821 3477 1097 3532 maiorum
1149 3487 1235 3532 est
1265 3476 1516 3532 amicitia
1537 3518 1552 3541 ,
1584 3477 1768 3547 qualis
1800 3475 1979 3532 fuerat
2013 3490 2092 3530 eo-

2209 3473 2465 3543 πονηρῶν
2500 3473 2713 3543 ἀγάπη.
2767 3467 2887 3525 Oiei.
2943 3467 3086 3544 ἦσαν
3115 3472 3166 3524 oi
3198 3470 3564 3544 ὁμονοοῦντες
3589 3467 3673 3521 ἐπὶ
3708 3468 3757 3536 τῇ

514 3587 638 3626 rum
671 3571 768 3640 qui
817 3570 1071 3625 unanimi
1125 3569 1367 3626 consilio
1413 3568 1704 3625 Christum
1751 3567 1921 3638 impie
1966 3565 2093 3622 ami-

1364 3595 1367 3614 ι
1413 3568 1704 3625 Christum
1751 3567 1921 3638 impie
1966 3565 2110 3622 aiﬂi-
2210 3563 2351 3617 κατὰ
2369 3563 2608 3634 Χριστοῦ
2631 3563 2943 3634 δυσσεϐείᾳ.

517 3669 741 3716 xerunt.

585 3751 759 3808 Vens.
800 3750 854 3807 6.
879 3771 898 3805 ι
925 3751 1175 3819 Quorum
1212 3749 1444 3821 quidam
1472 3747 1822 3817 aberrantes,
1849 3746 2108 3804 conversi

2288 3762 2306 3796 ι
2337 3736 2439 3798 Ὧν
2475 3757 2618 3806 τινες
2654 3743 3089 3815 ἀστοχήσαντες,
3139 3739 3529 3812 ἐξετράπησαν
3574 3737 3648 3799 εἰς
3684 3748 3758 3804 μα·

515 3851 649 3898 sunt
676 3842 734 3897 in
765 3841 1172 3912 vaniloquium.
1207 3859 1227 3893 ι

1015 3841 1172 3896 tium.
1207 3859 1227 3893 ι
2209 3833 2545 3903 ταιολογίαν.
2576 3853 2594 3885 ι

581 3932 629 3986 Α
663 3932 972 3998 cliaritate,
1005 3932 1119 3999 ait,
1173 3939 1228 3987 et
1279 3930 1626 3988 conscientia
1672 3932 1855 3999 bona,
1899 3939 1955 3989 et
2003 3932 2110 3988 ﬁde

2283 3928 2395 3999 Τῆς
2422 3927 2646 3999 ἀγάπης
2674 3927 2847 3998 λέγει,
2895 3928 2992 3984 καὶ
3035 3928 3137 3998 τῆς
3166 3926 3387 3998 ἀγαθῆς
3415 3921 3754 3990 συνειδήσεωςι

517 4040 628 4080 non
665 4026 954 4082 simulata.

2211 4019 2306 4075 καὶ
2337 4020 2437 4090 τῆς
2460 4019 2835 4091 ἀνυποκρίτου
2864 4019 3125 4083 πίστεως.

590 4115 755 4172 Vens.
800 4116 852 4172 7.
886 4135 905 4168 ι
940 4114 1203 4172 Volentes
1261 4131 1387 4174 esse
1443 4115 1581 4188 legis
1635 4115 1934 4185 doctores,
1996 4132 2108 4174 non

2296 4132 2315 4165 ι
2353 4113 2613 4177 Θέλοντες
2652 4109 2790 4166 εἶναι
2852 4112 3326 4184 νομοδιδάσκαλοι,
3403 4109 3478 4182 μὴ
3527 4107 3755 4167 νοοῦντες,

518 4209 897 4279 intelligentes
924 4247 940 4272 ,
981 4224 1162 4279 neque
1189 4208 1259 4266 de
1305 4209 1512 4281 quibus
1559 4209 1884 4281 loquuntur,
1928 4225 2097 4282 neque

2214 4208 2357 4281 μήτε
2385 4207 2424 4264 ἀ
2455 4206 2698 4278 λέγουσι,
2729 4207 2870 4279 μήτε
2903 4208 3034 4278 περὶ
3062 4207 3230 4261 τίνων
3264 4203 3705 4260 διαδεὸαιοῦνται.
3736 4214 3751 4249 ι

515 4301 585 4356 de
612 4300 816 4371 quibus
846 4299 1143 4355 affirmant.
1175 4319 1195 4354 ι
2134 4324 2182 4382 D

589 4389 785 4446 Libido
819 4391 1024 4462 quippe
1045 4391 1378 4448 dominandi
1405 4408 1503 4450 eos
1531 4395 1680 4467 cogit
1708 4404 1770 4450 ut
1799 4395 2105 4468 magisterii
2137 4378 2168 4382 ⁷

2286 4393 2354 4447 '0
2398 4391 2507 4463 γὰρ
2551 4389 2694 4463 έρως
2747 4391 2846 4460 τῆς
2903 4388 3199 4460 φιλαρχίας
3247 4387 3550 4458 ἀναγκάζει
3592 4383 3646 4437 τὸ
3672 4378 3754 4433 τῶν

513 4498 722 4541 munus
750 4485 1042 4555 arripiant.

2218 4485 2562 4542 διδασκάλων
2597 4480 2868 4555 ἁρπάζειν
2897 4482 3136 4553 ἀξίωμα.

581 4597 752 4656 Vens.
793 4596 850 4664 8,
888 4596 945 4652 9.
973 4614 994 4650 ι
1023 4596 1244 4654 Scimus
1274 4603 1464 4653 autem
1492 4598 1619 4668 quia
1650 4598 1796 4656 bona
1850 4611 1940 4658 est
1979 4600 2104 4668 lex,

2286 4619 2306 4654 ι
2336 4601 2576 4671 Οἴδαμεν
2622 4599 2682 4652 δὲ
2728 4599 2812 4653 ὅτι
2865 4597 3032 4660 καλὸς
3077 4597 3107 4649 ὁ
3153 4596 3343 4668 νόμος,
3377 4594 3496 4664 ,ἐάν
3535 4607 3615 4654 τις
3636 4580 3753 4652 αὐτῷ

515 4691 562 4749 si
592 4690 722 4762 quis
744 4703 810 4746 ea
840 4689 1086 4763 legitime
1114 4698 1324 4746 utatur.
1353 4688 1471 4746 Hoc
1501 4693 1711 4760 sciens,
1743 4712 1763 4746 ι

1619 4707 1711 4760 ns,
1743 4712 1763 4746 ι
2212 4695 2470 4766 νομίμως
2494 4692 2714 4764 χρῆται.
2755 4689 2930 4754 Εἰδὼς
2957 4689 3139 4755 τοῦτο,
3180 4707 3198 4739 ι

581 4803 874 4874 Legitime,
915 4803 1141 4874 inquit,
1185 4802 1240 4858 id
1277 4811 1399 4870 est,
1434 4819 1536 4876 per
1567 4821 1739 4876 opera
1779 4807 1953 4878 legem
2000 4809 2106 4864 im-

2283 4810 2380 4876 Τὸ,
2408 4808 2695 4878 νομίμως,
2735 4805 2862 4861 ἀντὶ⁹
2892 4803 3012 4869 τοῦ,
3048 4802 3119 4857 δι’
3159 4801 3338 4874 ἔργων
3376 4798 3537 4854 αὐτὸν
3569 4788 3749 4861 πληροῖ.

516 4895 738 4967 piendo.
770 4894 1128 4965 Rursumque
1161 4896 1396 4969 legitime
1439 4897 1670 4964 dicitur,
1720 4898 1854 4954 dum
1901 4900 2095 4972 aliquis

2214 4901 2325 4957 Καὶ
2359 4899 2527 4954 πάλιν
2547 4900 2612 4953 τδ
2655 4898 2944 4968 νομίμως,
2995 4896 3125 4950 ὅταν
3177 4912 3260 4959 τις
3307 4890 3458 4963 αύτῷ
3511 4879 3753 4972 πείθεσθαι

517 4990 623 5060 legi
658 5003 868 5045 morem
906 4989 1072 5059 gerit.
1103 4989 1235 5059 Legi
1268 5005 1399 5046 vero
1434 4991 1525 5047 ille
1554 5007 1764 5048 morem
1807 4993 1984 5065 gerit,
2011 4994 2096 5064 qui

2213 4989 2385 5059 λέγει.
2421 4990 2678 5044 Πείθεται
2725 4989 2784 5043 δὲ
2831 4988 2980 5060 αὐτῷ
3009 4989 3038 5041 ὁ
3075 4987 3367 5058 δεχόμενος
3397 4983 3490 5037 τὸν
3534 4971 3751 5049 Χριστὸν,

519 5077 803 5135 Christum
838 5078 1117 5147 suscipit:
1162 5081 1292 5149 quia
1341 5096 1542 5152 nempe
1588 5082 1706 5138 haec
1747 5098 1852 5139 nos
1899 5094 2098 5155 myste-

2216 5083 2352 5136 καθὸ
2393 5083 2576 5136 καὶτὸ
2609 5080 2740 5155 περὶ
2776 5079 2943 5134 αὐτοῦ
2970 5079 3251 5133 ἐδίδασκεν
3289 5077 3439 5149 ἡμᾶς
3464 5068 3749 5146 μυστήριον.

519 5171 663 5227 rium
693 5170 812 5240 ejus
841 5169 1118 5233 docebat,
1146 5169 1298 5241 quod
1327 5172 1637 5229 umbratice
1666 5153 1994 5231 delinearet.

1868 5153 1994 5231 iret.
2217 5174 2408 5247 ὥσπερ
2431 5176 2490 5228 έν
2520 5153 2701 5238 σκιάἶς
2735 5174 2866 5244 ὑμῖν
2892 5171 3268 5242 καταγράφων
3297 5167 3447 5223 αὑτό.

597 5303 617 5337 ι
646 5282 790 5351 Quia
821 5284 911 5340 lex
933 5283 1092 5354 justo
1123 5298 1234 5340 non
1263 5293 1350 5342 est
1381 5287 1585 5359 posita.
1617 5306 1637 5340 ι

2289 5304 2312 5342 ι
2351 5289 2477 5343 Ὀτι
2511 5287 2704 5356 δικαίῳ
2734 5288 2900 5358 νόμος
2922 5288 2982 5340 οὐ
3003 5287 3223 5351 κεῖται.
3251 5302 3269 5336 ι

588 5393 886 5451 Proximus
919 5408 1119 5451 sensus
1143 5405 1260 5463 est,
1287 5396 1506 5467 justum
1541 5400 1769 5457 minime
1800 5402 2101 5458 obnoxium

2286 5403 2447 5460 Κατὰ
2470 5402 2570 5473 μὲν
2591 5402 2684 5456 τὸν
2712 5401 3008 5474 πρόχειρον
3027 5392 3208 5470 λόγον,
3230 5400 3312 5454 ὅτι
3333 5388 3596 5452 κολάσεώς
3617 5386 3740 5474 ἐστιν

521 5501 646 5543 esse
679 5484 975 5558 supplicio.
1006 5484 1362 5555 Spiritualior
1387 5488 1555 5559 verof,
1605 5505 1733 5546 eum
1782 5493 1877 5562 qui
1919 5493 2100 5563 justus

2221 5493 2380 5557 ἐκτὸς
2417 5492 2496 5563 τῷ
2519 5491 2734 5563 δικαίῳ.
2755 5492 2916 5546 Κατὰ
2948 5491 3004 5545 δὲ
3028 5490 3120 5545 τὸν
3149 5483 3664 5560 πνευματικώτερονι
3683 5471 3747 5522 δτι

523 5577 703 5634 factus
755 5577 862 5644 sit,
912 5576 1148 5633 liberum
1194 5594 1317 5636 esse
1372 5594 1404 5634 a
1459 5579 1711 5639 molestis
1757 5582 2102 5653 jussionibus

2272 5587 2587 5651 δικαιωθείς
2617 5586 2708 5643 διὰ
2736 5587 2837 5658 τῆς
2878 5585 3125 5657 χάριτος,
3162 5584 3266 5652 ἔξω
3291 5577 3588 5636 λυπούντων
3610 5575 3747 5637 ﬂ?”
3846 5566 3850 5573 l

591 5757 638 5788 ’°
663 5753 773 5813 Isa.
807 5770 956 5822 xxxx,
994 5753 1083 5811 15.
1159 5757 1206 5836 ’,⁸
1244 5757 1406 5813 Rom.
1445 5773 1501 5826 κ,
1541 5757 1595 5813 4.
