3998 6404
257 410 382 480 1001

1265 398 1344 456 IN
1381 395 1619 455 EPIST.
1684 394 1784 452 AD
1813 389 2277 449 TIMOTHEUM
2328 390 2378 448 Ι.

2063 277 2098 314 1

3374 388 3510 451 1002

243 520 540 592 ταγμάτων
569 516 688 570 ἐστὶ
706 513 800 568 τοῦ
821 514 1011 584 νόμου,
1037 511 1218 564 οὐκέτι
1246 508 1435 580 χρείαν
1471 505 1620 576 ἔχων·
1655 501 1826 571 γάλα-

1956 500 2076 570 egis
2105 541 2119 566 ,
2155 509 2212 553 ut
2244 499 2338 570 qui
2377 513 2485 553 non
2518 499 2753 568 amplius
2784 512 2920 568 opus
2951 500 3090 554 lacte
3138 499 3328 556 habeat
3349 538 3363 562 ,
3414 504 3507 557 sed

245 597 380 675 κτος.
429 612 526 664 ac:
552 607 742 661 λοιπὸν
776 609 843 676 τῇ
878 605 1077 675 στερεᾷ
1117 599 1405 672 χρώμενος
1442 597 1638 668 τροφῇ-

312 724 328 756 t
396 701 649 770 Ἀνόμοις
696 700 752 753 δὲ
803 699 899 750 καὶ
965 695 1391 756 ἀνυποτάκτοις,
1441 689 1668 744 ἀσεϐέσι
1725 687 1820 740 καὶ

243 794 605 869 ἁμαρτωλοῖς,
637 791 876 854 ἀνοσίοις
913 789 1010 843 καὶ
1036 786 1309 858 βεϐήλοις,
1340 781 1699 854 πατραλοίαις
1726 780 1822 833 καὶ

246 889 596 962 μητραλοίαις
655 884 1033 955 ἀνδροφόνοις,
1079 880 1324 951 πόρνοις,
1383 876 1816 947 ἀρσενοκοίταις,

219 985 709 1058 ἀνδραποδισταῖς,
732 980 1020 1050 ψεύσταις,
1047 977 1350 1050 ἐπιόρκοις,
1375 974 1471 1029 καὶ
1493 971 1612 1026 εἴτι
1633 973 1822 1044 ἕτερον

241 1082 305 1151 τῇ
332 1077 652 1148 ὑγιαινούσῃ
678 1072 1001 1143 διδασκαλίᾳ
1036 1070 1364 1124 ἀντίκειται.
1381 1087 1400 1119 ι

312 1255 499 1311 Ταῦτα
527 1257 607 1318 είς
644 1252 934 1314 Ἰουδαίους
965 1251 1284 1305 αἰνίττεται.
1318 1251 1392 1304 05
1419 1249 1531 1320 γὰρ
1555 1245 1623 1321 ἦν
1649 1266 1824 1321 παραυ

244 1349 434 1419 νομίας
461 1341 620 1409 εἶδος,
656 1345 684 1397 ὃ
715 1344 789 1415 μὴ
821 1344 1114 1414 ἔπραττον.
1143 1345 1236 1396 Διὸ
1257 1343 1354 1394 καὶ
1377 1341 1607 1412 σφοδρὸς
1638 1342 1823 1405 αὐτοῖς

243 1439 398 1510 ἐτέθη
429 1439 596 1509 νόμος
624 1435 871 1499 κολάζων
909 1434 1373 1506 παραϐαίνοντας.

320 1640 340 1675 ι
385 1618 547 1674 Κατὰ
593 1616 652 1671 τὸ
685 1616 1018 1685 Εὑαγγέλιον
1056 1613 1158 1685 τῆς
1203 1615 1365 1686 δόξης
1405 1614 1500 1667 τοῦ
1549 1614 1824 1685 μακαρίου

245 1712 406 1778 Θεοῦ,
433 1712 460 1764 ὃ
487 1707 816 1778 ἐπιστεύθην
847 1707 958 1774 ἐγώ
978 1723 992 1737 ⁶
1038 1709 1134 1761 καὶ
1164 1708 1327 1781 χάριν
1363 1706 1471 1777 ἔχω
1497 1707 1572 1777 τῷ
1605 1707 1822 1760 ἐνδυνα-

250 1801 493 1876 μώσαντί
524 1817 612 1871 με,
643 1798 866 1870 Χριστῷ
912 1797 1089 1868 Ἰησοῦ
1121 1797 1199 1868 τῷ
1231 1798 1422 1868 Κυρίῳ
1451 1797 1630 1868 ἡμῶν.
1661 1817 1679 1850 ι

1927 594 2161 648 robusto
2184 593 2298 662 jam
2328 592 2455 647 cibo
2486 602 2762 647 vescatur.

2001 703 2018 735 ι
2055 684 2164 739 Sed
2195 683 2454 756 injustis,
2483 693 2538 740 et
2584 700 2690 739 non
2740 685 3009 751 subditis,
3046 687 3230 758 impiis
3287 695 3341 742 et
3385 702 3514 757 pec-

1922 777 2245 845 catoribus,
2275 776 2564 833 sceleratis
2595 785 2649 832 et
2673 779 3068 833 contaminatis
3091 819 3106 842 ,
3139 777 3432 847 parricidis
3459 789 3514 832 et

1923 870 2263 936 matricidis,
2296 869 2609 932 homicidis,
2645 869 2838 940 Heus.
2875 869 2964 940 10]
2999 869 3318 925 fornicariis
3339 911 3354 937 ,
3385 886 3508 924 ma-

1923 965 2205 1020 sculorum
2260 964 2714 1020 concubitoribus
2749 1003 2764 1026 ,
2829 963 3119 1034 plagiariis
3152 1005 3166 1029 ,
3228 965 3516 1018 mendaci-

1923 1055 2063 1121 bus,
2103 1063 2159 1110 et
2197 1055 2467 1126 perj'uris,
2500 1063 2554 1108 et
2586 1055 2634 1111 si
2681 1055 2815 1126 quid
2868 1053 3019 1110 aliud
3064 1069 3214 1110 sanae
3247 1054 3518 1109 doctrina:

1925 1149 2275 1204 adversatur.
2311 1167 2331 1200 ι

2009 1242 2108 1299 llis
2143 1243 2326 1297 verbis
2362 1241 2580 1298 Iudaeos
2615 1241 2819 1297 innuit.
2852 1240 3072 1296 Nullum
3107 1241 3315 1312 quippe
3346 1257 3521 1313 genus

1927 1335 2238 1406 iniquitatis
2289 1333 2391 1395 [uit
2444 1334 2590 1405 quod
2639 1334 2714 1388 illi
2775 1347 2886 1388 non
2937 1333 3327 1403 perpetrarint.
3382 1333 3520 1389 Pro—

1927 1435 2112 1498 pterea
2143 1427 2491 1482 severissima
2515 1427 2597 1482 lex
2626 1427 2707 1482 eis
2737 1427 2996 1497 imposita
3025 1433 3109 1481 cst
3128 1468 3141 1491 ,
3165 1441 3283 1495 qua:
3306 1441 3519 1497 praeva-

1930 1521 2205 1576 ricatores
2237 1521 2479 1591 puniret.

2002 1612 2170 1667 Vens.
2217 1612 2278 1665 ll
2309 1643 2334 1652 -
2358 1613 2444 1667 M.
2477 1631 2495 1664 ι
2529 1609 2846 1666 Secundum
2909 1609 3266 1680 Evangelium
3328 1611 3519 1680 gloriae

1933 1705 2074 1759 beati
2108 1704 2240 1768 Dei,
2275 1704 2422 1774 quod
2457 1703 2729 1759 creditum
2762 1712 2847 1759 est
2881 1703 3036 1757 mihi.
3076 1702 3141 1756 Et
3172 1703 3381 1773 gratias
3414 1719 3519 1774 ago

1930 1796 1978 1850 ei
2003 1797 2094 1864 qui
2122 1811 2208 1850 me
2230 1797 2586 1858 conl'orlavil,
2606 1796 2827 1850 Christo
2851 1792 2980 1850 Jesu
3005 1794 3238 1848 Domino
3265 1804 3477 1850 nostro.
3494 1815 3512 1848 ι

313 1855 678 1963 ὲὺαγγέλίον
697 1855 911 1958 ma,
947 1855 1078 1944 αἰπὺ
1108 1855 1287 1957 καλεῖ,
1322 1855 1404 1944 ις’
1433 1855 1586 1944 se.
1612 1891 1822 1961 ἕτερον,

1995 1885 2208 1961 Nullam
2265 1888 2336 1942 ob
2382 1903 2609 1943 causam
2656 1889 2884 1942 alteram
2929 1887 3278 1958 Evangetium
3332 1888 3520 1959 gloriae

238 1983 358 2037 ἀλλ’
389 1983 421 2053 ἡ
453 1982 592 2054 πρὸς
622 1982 752 2044 τοὺς
797 1980 1230 2050 αἰσχυνομένους
1259 1982 1352 2034 ἐπὶ
1397 1983 1510 2043 τοῖς
1538 1981 1824 2050 διωγμοῖς,

239 2075 337 2127 καὶ
364 2076 457 2126 ἐπὶ
495 2074 574 2144 τῷ
614 2073 780 2128 πάθει
835 2073 930 2126 τοῦ
983 2074 1225 2143 Χριστοῦ
1258 2091 1271 2104 ο
1313 2073 1345 2145 ἢ
1383 2073 1522 2144 τάχα
1555 2075 1650 2128 καὶ
1697 2076 1826 2147 περὶ

237 2167 350 2219 τῶν
383 2166 691 2236 μελλόντων
712 2167 1012 2220 αίνίττεται
1042 2165 1298 2235 ἀγαθῶν.

322 2278 340 2310 t
390 2259 517 2311 Ὅτι
549 2257 742 2311 πιστόν
771 2274 836 2328 με
855 2257 1126 2328 ἡγήσατο,
1161 2255 1388 2327 θέμενος
1413 2259 1494 2321 εἰς
1525 2257 1826 2320 διακονίαν,

239 2355 335 2408 τὸν
395 2353 667 2424 πρότερον
728 2351 860 2406 ὅντα
914 2350 1258 2420 βλάσφημον,
1298 2351 1392 2404 καὶ
1425 2349 1682 2418 διώκτην,
1732 2349 1829 2403 καὶ

239 2444 546 2516 ὑϐριστήνο
607 2443 744 2497 άλλά
781 2441 1043 2513 ἠλεήθην,
1083 2443 1166 2494 ὅτι
1219 2441 1433 2510 ἀγνοῶν
1506 2441 1740 2511 ἐποίησα
1771 2442 1829 2494 ἑν

223 2537 496 2607 σάπιστίᾳ.
565 2534 1042 2606 ’Ῑζπερεπλεόνασε
1082 2533 1140 2586 δὲ
1200 2535 1231 2604 ὴ
1284 2533 1442 2606 χάρις
1475 2532 1571 2586 τοῦ
1622 2534 1828 2604 Κυρίου

239 2631 406 2700 ἡμῶν
459 2627 600 2698 μετὰ
657 2628 899 2690 πίστεως
929 2627 1022 2681 καὶ
1079 2627 1302 2696 ἀγάπης
1334 2627 1431 2697 τῆς
1491 2626 1549 2678 ὲν
1605 2627 1830 2698 Χριστῷ

255 2721 458 2793 Ἰησοῦ.
500 2739 519 2773 ι

321 2813 528 2881 Εἰπὼν,
584 2815 668 2868 ὅτι
727 2814 1131 2882 Ἐπιστεύθην
1169 2815 1238 2867 τὸ
1295 2813 1670 2884 Εὐαγγέλιον
1716 2812 1831 2884 τῆς
1909 2807 1912 2810 ’

237 2905 436 2972 δόξης
461 2905 566 2958 τοῦ
588 2905 759 2972 Θεοῦ,
785 2905 975 2975 ἐπειδὴ
1005 2905 1152 2972 ἔδοξε
1183 2909 1328 2976 μέγα
1352 2905 1712 2975 φθέγξασθαι,
1740 2907 1828 2960 ἵνα

249 2999 331 3068 μή
357 2997 442 3061 τις
471 2995 600 3069 δόξῃ
633 2996 694 3062 ἐξ
740 2997 1001 3060 ἀπονοίας
1033 2995 1198 3050 τοῦτο
1240 3000 1436 3060 ποιεῖν,
1495 2999 1688 3052 σκόπει
1715 2999 1833 3063 πῶς

243 3088 676 3160 ὲπιδιορθοῦται,
700 3089 922 3154 ἀνάξιον
955 3089 1147 3142 ἑαυτὸν
1178 3089 1352 3154 λέγων
1382 3089 1470 3142 διὰ
1495 3089 1594 3158 τὴν
1624 3089 1829 3162 προτέ-

1929 1978 2096 2040 dicit,
2129 1980 2235 2034 nisi
2269 1981 2397 2049 quia
2433 1994 2527 2034 eos
2563 1980 2888 2050 alloquitur,
2929 1981 3131 2049 quibus
3153 2020 3166 2043 ,
3199 1997 3326 2035 cum
3366 1982 3519 2036 inse-

1932 2072 2204 2126 ctationes
2226 2109 2240 2133 ,
2276 2082 2389 2124 tum
2423 2072 2628 2127 Christi
2664 2073 2850 2142 passio
2879 2073 3182 2142 opprobrio
3209 2081 3388 2128 erant.
3418 2071 3517 2128 Vel

1933 2164 2119 2220 forsan
2157 2164 2342 2219 futura
2377 2165 2520 2219 bona
2553 2165 2756 2219 innuit.

1999 2258 2163 2328 260
2191 2277 2208 2308 ι
2244 2257 2348 2324 Qui
2385 2273 2471 2312 me
2507 2257 2722 2313 fidelem
2771 2258 3148 2324 existimavit,
3201 2275 3416 2331 ponens
3465 2261 3520 2314 in

1933 2349 2284 2417 ministerio;
2318 2350 2413 2419 qui
2459 2350 2616 2419 prius
2649 2350 3004 2420 blasphemus
3037 2351 3112 2407 fui
3138 2394 3152 2415 ,
3181 2363 3234 2407 et
3267 2368 3524 2422 persecu-

1933 2449 2043 2504 tor,
2071 2449 2125 2496 ct
2157 2442 2638 2508 contumeliosus;
2671 2442 2769 2498 sed
2797 2443 3234 2499 misericordiam
3265 2445 3360 2501 Dei
3390 2463 3522 2501 con-

1931 2542 2161 2589 secutus
2205 2547 2362 2600 sum,
2395 2535 2527 2604 quia
2569 2534 2832 2604 ignorans
2864 2534 2968 2590 feci
3003 2537 3057 2590 in
3104 2537 3516 2594 incredulitate.

1936 2626 2420 2698 Snperabundavit
2466 2635 2646 2682 autem
2691 2617 2870 2698 gratia
2919 2629 3137 2684 Domini
3183 2634 3360 2687 nostri
3394 2649 3520 2687 cum

1935 2717 2043 2773 title
2071 2728 2126 2773 et
2153 2718 2448 2773 dilectione
2468 2758 2482 2784 ,
2517 2733 2642 2789 quae
2671 2727 2756 2773 est
2790 2719 2844 2772 in
2873 2718 3096 2774 Christo
3126 2721 3278 2776 Jesu.
3320 2743 3338 2772 ι

2005 2809 2274 2877 Quoniam
2317 2811 2569 2874 dixerat,
2607 2807 2952 2880 Evangelia»:
2983 2812 3173 2881 gloria:
3219 2812 3320 2867 Dei
3349 2814 3524 2868 credi-

1937 2913 2046 2958 tum
2092 2911 2172 2957 est
2209 2900 2396 2967 mihi;
2443 2916 2568 2957 cum
2627 2917 2886 2970 magnum
2939 2905 3070 2974 quid
3129 2907 3524 2974 pronuntiasse

1935 2997 2238 3062 videretur,
2295 3012 2366 3051 ne
2416 3004 2678 3066 putarent
2733 2998 2906 3068 aliqui
2947 2999 2998 3051 id
3044 3000 3112 3053 ab
3158 3001 3280 3070 ipso
3315 3000 3522 3056 factum

1935 3091 2328 3148 ostentationis
2377 3104 2546 3160 ergo,
2597 3089 2724 3146 vide
2775 3091 3052 3158 Quomodo
3101 3093 3208 3148 hoc
3255 3096 3525 3164 corrigit,

243 3197 352 3252 ραν
373 3181 621 3249 ἄγνοιαν.
644 3182 799 3251 ’Ἅμα
820 3180 878 3232 δὲ
899 3180 996 3234 καὶ
1022 3182 1241 3252 ἐπαίρει
1261 3181 1350 3234 τὸν
1369 3173 1518 3234 ἔλεον
1539 3181 1637 3234 τοῦ
1667 3180 1826 3248 Θεοῦ,

1953 3185 2224 3255 ndiguum
2256 3184 2502 3252 seipsutn
2531 3182 2730 3238 dicens
2763 3183 2859 3238 illo
2885 3198 3114 3240 munere
3140 3195 3366 3256 propter
3397 3203 3527 3257 prte-

239 3273 344 3325 καὶ
393 3271 492 3344 τὴν
543 3271 984 3343 φιλανθρωπίαν,
1029 3272 1124 3325 τὸν
1178 3272 1450 3344 πρότερον
1483 3272 1678 3326 ἑαυτοῦ
1718 3272 1831 3342 βίον

236 3362 456 3433 ἑξηγού
463 3379 644 3434 μενος.

324 3559 346 3592 ι
387 3540 585 3604 Πιστὸς
613 3543 642 3594 ό
673 3540 852 3610 λόγος,
887 3542 986 3595 καὶ
1019 3541 1204 3612 πάσης
1236 3540 1514 3611 ἀποδοχῆς
1545 3539 1720 3606 ἄξιος,
1751 3541 1834 3594 ὅτι

236 3636 490 3705 Χριστὸς
531 3632 740 3704 Ἰησοῦς
781 3630 949 3706 ἦλθεν
983 3635 1066 3697 εἰς
1094 3634 1186 3687 τὸν
1236 3633 1441 3703 κόσμον
1471 3633 1834 3704 ἁμαρτωλοὺς

237 3724 453 3789 σῶσαι,
487 3719 562 3782 ὧν
594 3726 812 3796 πρῶτός
844 3727 961 3794 είμι
991 3723 1134 3793 ἐγώ·
1177 3723 1317 3776 ἀλλὰ
1361 3723 1453 3777 διὰ
1476 3721 1639 3775 τοῦτο
1669 3721 1836 3794 ἠλεη-

220 3818 378 3886 θην,
411 3817 500 3871 ἶνα
531 3817 591 3872 ὲν
619 3819 746 3888 ἐμοὶ
773 3817 977 3888 πρώτῳ
1019 3817 1320 3886 ἐνδείξηται
1366 3815 1577 3884 Ἰησοῦς
1602 3813 1838 3886 Χριστὸς

231 3912 349 3980 τὴν
373 3912 556 3964 πᾶσαν
587 3910 998 3982 μακροθυμίαν.
1037 3929 1056 3962 ι

320 4090 516 4155 οὕτως
544 4090 782 4162 μεγάλαι
812 4093 954 4147 εἰσὶν
979 4091 1038 4144 αί
1069 4089 1387 4162 εὐεργεσίαι
1433 4089 1528 4144 τοῦ
1557 4088 1718 4156 Θεοῦ,
1745 4091 1840 4144 καὶ

239 4185 440 4238 πᾶσαν
487 4184 844 4255 ἀνθρωπίνην
891 4183 1328 4255 ὑπερϐαίνουσαι
1371 4181 1700 4252 προσδοκίαν
1745 4183 1841 4236 καὶ

243 4277 473 4340 ἐλπίδα,
504 4279 582 4342 ὡς
639 4276 912 4348 πολλαχοῦ
963 4279 1059 4342 καὶ
1111 4276 1492 4332 ἀπιστεῖσθαι.
1531 4278 1597 4329 Ἃ
1626 4275 1736 4345 γὰρ
1765 4275 1840 4347 μὴ

242 4371 432 4424 εἶδετό
480 4388 632 4437 ποτε,
695 4373 834 4443 μήτε
893 4372 1201 4443 ἐνενόησεν,
1245 4373 1383 4442 μήτε
1435 4371 1841 4442 προσεδόκησεν

241 4460 388 4525 νοῦς
409 4462 771 4533 ἀνθρώπινος,
805 4464 980 4518 ταῦτα
1004 4467 1139 4536 ἡμῖν
1164 4465 1481 4536 ἐχαρίσατο.
1505 4464 1598 4517 Διὸ
1627 4465 1840 4534 μέλλων

1933 3279 2149 3334 teritam
2184 3276 2582 3348 ignorantiam.
2635 3274 2750 3330 Una
2781 3291 2916 3331 vero
2947 3278 3041 3331 Dei
3087 3278 3526 3334 misericordiam

1933 3378 1988 3426 et
2019 3369 2417 3424 humanitatem
2464 3368 2722 3436 extollit,
2777 3377 3089 3424 anteactam
3147 3370 3314 3425 vitam
3367 3386 3524 3427 suam

1935 3462 2260 3526 enarrando.

2012 3555 2176 3612 Vens.
2220 3555 2309 3620 15,
2345 3557 2433 3613 16.
2453 3575 2472 3610 ι
2502 3556 2706 3612 Fidelis
2733 3570 2918 3612 sermo
2944 3565 3001 3612 et
3025 3556 3172 3611 omni
3201 3557 3527 3627 acceptione

1937 3649 2169 3720 dignus,
2202 3649 2348 3719 quod
2379 3647 2542 3704 Jesus
2573 3647 2833 3703 Christus
2861 3648 3011 3702 venit
3061 3649 3116 3702 in
3171 3649 3318 3703 hunc
3361 3665 3523 3702 mun-

1939 3739 2069 3795 dum
2096 3747 2417 3808 peccatores
2446 3739 2630 3793 salvos
2664 3737 2846 3793 facere
2868 3780 2884 3805 ,
2913 3751 3148 3807 quorum
3180 3739 3392 3808 primus
3427 3755 3530 3810 ego

1939 3847 2084 3888 sum.
2122 3827 2228 3887 sed
2264 3831 2388 3886 ideo
2433 3830 2870 3886 misericordiam
2902 3838 3238 3885 consecutus
3291 3845 3436 3890 sum.
3470 3841 3531 3884 ut

1942 3921 1996 3976 in
2029 3935 2115 3976 me
2146 3921 2326 3990 primo
2356 3921 2676 3976 ostenderet
2706 3919 2968 3976 Christus
2994 3919 3157 3975 Iesus
3187 3934 3406 3976 omnem
3435 3935 3533 3992 pa<

1941 4012 2212 4068 tientiam.
2248 4032 2266 4064 ι

2009 4103 2140 4157 Tam
2179 4091 2388 4172 magna:
2419 4109 2548 4157 sunt
2581 4100 2954 4158 beneﬁcentia;-
2983 4099 3114 4166 Dei,
3157 4110 3381 4170 tamque
3418 4101 3524 4154 hu-

1942 4209 2157 4250 manam
2175 4194 2642 4264 exspectationem
2661 4203 2715 4248 et
2735 4209 2883 4264 spem
2907 4205 3122 4248 omnem
3147 4193 3438 4261 excedunt,
3468 4203 3527 4247 nt

1940 4285 2022 4340 eis
2055 4299 2200 4353 sape
2228 4285 2360 4338 fides
2389 4285 2715 4355 denegetur.
2739 4283 2816 4337 Ea
2847 4284 3050 4353 quippe
3079 4284 3305 4337 donavit
3333 4284 3522 4344 nobis.

1941 4389 2062 4444 quae
2095 4390 2252 4430 mens
2285 4375 2564 4440 hominis,
2601 4390 2700 4430 nec
2732 4375 2888 4429 novit
2919 4389 3191 4444 unquam,
3232 4389 3336 4428 nec
3373 4376 3528 4444 cogi-

1942 4468 2117 4530 tavit,
2165 4474 2261 4521 aut
2306 4467 2665 4537 exspectayit.
2696 4465 3064 4537 Quapropter,
3097 4468 3419 4538 priusquam
3465 4484 3526 4521 ea

233 4553 398 4608 αὐτά
445 4554 651 4625 λέγειν,
703 4557 1117 4628 προλαμϐάνει,
1165 4559 1260 4611 καὶ
1325 4558 1508 4626 λέγει·
1546 4560 1768 4624 Πιστὸς
1808 4561 1836 4611 d

1953 4558 2250 4625 edisserat,
2294 4559 2556 4630 praefatur
2600 4569 2656 4615 et
2701 4563 2821 4616 ait:
2856 4558 3064 4614 Fidelis
3092 4577 3264 4614 sermo
3292 4569 3342 4614 et
3383 4561 3528 4613 omni

233 4647 459 4716 λόγος,
488 4648 589 4701 καὶ
613 4648 818 4717 πάσης
848 4648 1161 4718 ἀποδοχῆς
1207 4648 1399 4713 ἄξιος.
1453 4650 1541 4713 Ὡς
1573 4652 1622 4702 εί
1656 4649 1834 4718 λέγον

236 4741 345 4812 Μή
375 4757 460 4804 τις
483 4741 763 4811 ἀπιστήσῃ
791 4735 872 4805 οἷς
904 4739 1173 4812 μέλλομεν
1195 4741 1360 4807 ἐρεῖν.
1377 4761 1397 4792 ι
1421 4756 1446 4765 '

326 4851 349 4884 1
394 4831 540 4902 Πρὸς
575 4831 926 4887 ὑποτύπωσιν
947 4831 1062 4886 τῶν
1096 4832 1400 4902 μελλόντων
1435 4833 1717 4886 πιστεύειν
1748 4835 1837 4887 ἐπ’
1917 4866 1928 4874 -

235 4924 408 4994 αὐτῷ
436 4926 520 4988 εἰς
543 4923 693 4993 ζωὴν
730 4924 973 4980 αἰώνιον.
1004 4923 1094 4995 Τῷ
1125 4925 1182 4977 δὲ
1229 4925 1447 4994 βασιλεί
1490 4925 1598 4978 τῶν
1623 4925 1839 4979 αἰώνων

235 5017 546 5089 ἀφθάρτῳ,
580 5019 728 5090 μόνῳ
759 5018 909 5088 σοφῷ
932 5018 1072 5089 Θεῷ,
1099 5018 1256 5089 τιμὴ,
1289 5018 1417 5084 δόξα
1443 5020 1523 5081 εις
1551 5020 1680 5082 τοὺς
1709 5017 1840 5071 αἰῶ-

237 5127 355 5172 νας
387 5113 501 5164 τῶν
529 5109 768 5164 αἰώνων.
813 5109 1008 5180 Ἀμήν.
1063 5108 1281 5178 Ταύτην
1316 5109 1415 5180 τὴν
1455 5109 1839 5180 παραγγελίαν

236 5201 638 5274 παρατίθεμαί
679 5217 786 5265 σοι,
819 5200 1009 5255 τέκνον
1038 5202 1293 5272 Τιμόθεε.
1322 5223 1342 5255 ι

326 5294 666 5364 Βουλόμενος
684 5295 893 5357 πεῖσαι,
919 5294 1109 5363 φησὶν,
1132 5296 1161 5347 ὁ
1179 5293 1314 5358 Θεὸς
1338 5293 1466 5356 τοὺς
1489 5291 1836 5363 ἀνθρώπους,

235 5387 335 5439 ὅτι
367 5386 546 5441 πάντα
570 5386 755 5450 αὐτοῖς
788 5385 1038 5455 ἀφίησιν,
1067 5386 1168 5455 ἐμὲ
1193 5385 1433 5452 ἐδέξατο.

335 5495 356 5528 ι
398 5478 560 5531 Κατά
580 5479 681 5540 τὰς
711 5477 1063 5547 προαγούσας
1098 5477 1193 5530 ἐπὶ
1235 5477 1294 5530 σὲ
1327 5479 1689 5547 προφητείας,
1752 5480 1838 5532 ἵνα

239 5572 536 5641 στρατεύῃ
569 5573 628 5623 ὲν
653 5571 838 5633 αὐτοῖς
870 5570 968 5640 τὴν
1007 5571 1182 5641 καλὴν
1225 5571 1538 5641 στρατείαν,
1573 5572 1712 5641 ἔχων
1747 5572 1840 5623 πί-

235 5681 378 5718 στιν
410 5664 507 5716 καὶ⁸
540 5662 755 5732 ἀγαθὴν
799 5663 1130 5732 συνείδησιν.
1163 5682 1179 5712 ι

323 5755 708 5824 Ῑιροερητείαν
738 5753 970 5806 ἐνταῦθα
999 5753 1096 5824 τὴν
1127 5753 1464 5824 χειροτονίαν
1493 5755 1645 5825 φησὶ,
1679 5755 1746 5807 δι’
1774 5750 1840 5824 ἧς

237 5850 310 5905 τδ
348 5847 580 5917 Πνεῦμα
629 5846 810 5900 ἔλαϐε.
850 5845 1239 5916 Πληθυντικῶς
1266 5846 1321 5899 δὲ
1349 5845 1520 5908 αὐτὰς
1555 5846 1835 5917 ὀνομάζει,

583 5943 855 6004 Parnm.
897 5943 1016 6005 Gtt.
1054 5943 1237 6004 XCV.

1944 4653 2241 4721 acceptione
2275 4653 2484 4723 dignus.
2522 4652 2598 4707 Ac
2644 4653 2692 4708 si
2736 4654 2928 4706 dicat:
2979 4650 3155 4707 Nemo
3196 4667 3258 4708 ea
3305 4651 3529 4707 credere

1946 4755 2172 4812 tenuat,
2206 4762 2328 4816 qua:
2360 4747 2636 4800 narraturi
2671 4761 2889 4804 sumus.

2023 4837 2151 4890 «Ad
2201 4837 2647 4890 informationem
2690 4851 2883 4891 eorum
2935 4837 3032 4905 qui
3081 4835 3349 4890 credituri
3398 4845 3528 4890 sunt

1941 4929 2019 4984 illi
2059 4930 2115 4983 in
2145 4929 2314 4983 vitam
2349 4937 2638 4984 aeternam.
2675 4927 2868 5001 [Vens
2903 4928 2990 4992 l7,
3021 4927 3136 5001 18.]
3175 4927 3309 4998 Regi
3345 4939 3527 4983 autetn

1942 5023 2270 5078 steculorum
2303 5022 2597 5077 immortali
2627 5035 2680 5076 et
2715 5021 2979 5076 invisibili
3003 5065 3016 5088 ,
3045 5022 3144 5076 soli
3180 5021 3322 5087 Deo,
3357 5021 3531 5076 honor

1940 5123 1995 5169 et
2014 5116 2207 5186 gloria,
2243 5116 2295 5170 in
2329 5117 2528 5171 saecula
2560 5115 2910 5170 smeulorum.
2947 5114 3140 5170 Amen.
3176 5113 3289 5169 Hoc
3322 5130 3533 5185 praece-

1941 5216 2098 5278 ptum
2131 5207 2462 5262 commendo
2491 5207 2623 5272 tibi,
2659 5207 2732 5260 iiIi
2767 5206 3082 5261 Tintodtee.
3115 5225 3132 5256 ι

2010 5299 2154 5354 Deus
2175 5339 2190 5363 ,
2223 5299 2438 5367 inquit,
2477 5317 2587 5369 quo
2621 5299 2984 5369 persuaderet
3015 5298 3371 5364 hominibus,
3399 5313 3533 5353 cun-

1941 5398 2028 5443 eta
2061 5388 2172 5444 illis
2201 5388 2535 5452 condonari,
2570 5389 2686 5458 ipse
2721 5404 2806 5443 me
2838 5389 3107 5459 suscepit.

2013 5501 2032 5532 ι
2064 5478 2379 5536 Secundum
2423 5484 2799 5552 praecedentes
2850 5483 2905 5535 in
2960 5491 3013 5535 te
3059 5481 3415 5551 propltctias,
3471 5489 3538 5534 ut.

1942 5573 2144 5628 milites
2174 5573 2228 5628 in
2258 5575 2366 5630 illis
2398 5575 2599 5630 bonam
2637 5576 2924 5639 militiam,
2961 5573 3155 5646 [Vens
3188 5573 3279 5644 19]
3323 5573 3532 5628 habens

1951 5666 2110 5719 [idem
2141 5675 2196 5720 et
2225 5667 2424 5720 bonam
2459 5661 2878 5723 conscientiam.
2914 5688 2932 5720 ρ

2020 5755 2359 5824 Propltetiam
2391 5759 2479 5813 hic
2507 5761 2749 5829 appellat
2777 5760 3182 5814 ordinationem
3202 5797 3215 5817 ,
3246 5769 3340 5823 per
3362 5767 3524 5820 quam

1946 5847 2212 5918 Spiritum
2267 5859 2579 5921 acceperat.
2643 5851 2847 5906 l’lurali
2915 5863 3096 5904 autem
3154 5862 3246 5901 eas
3301 5856 3530 5898 numero

2969 5944 3042 6004 32
