3998 6382
603 361 749 425 .1003
1779 357 1838 418 S.
1866 356 2182 417 JOANNIS

1779 357 1838 418 S.
1866 356 2188 417 JOANNIS
2221 358 2654 421 DAMASCENI

576 469 906 542 exprimit,
962 468 1110 523 velut
1165 467 1516 536 signiﬁcans,
1564 475 1676 522 tum
1727 467 1872 522 illam
1906 483 2030 522 eum
2081 483 2152 538 qu

2101 483 2190 538 [ua
2219 478 2264 528 Α
2291 470 2456 524 οἱονεὶ
2488 473 2771 543 σημαίνων
2825 476 3041 549 ἐκείνην
3085 478 3204 548 μεθ’
3237 479 3301 555 ἧς
3339 483 3516 543 ἔλαϐεν
3541 494 3680 554 αὑτὸν

605 561 957 620 Timotheum
1000 569 1324 629 acceperat,
1371 575 1495 613 cum
1529 575 1637 630 qua
1667 567 1721 614 ct
1749 559 1926 629 ipsum
1953 559 2184 613 circum-

2078 574 2186 648 umo
2293 563 2414 632 μεθ’
2441 560 2509 636 ἧς
2532 567 2850 638 περιέτεμε,
2885 571 2978 625 καὶ
3011 570 3131 642 μεθ’
3161 567 3230 644 ἧς
3260 575 3588 648 ἐχειροτόνει.
3655 579 3657 583 ’

603 652 846 717 uiderat,
878 659 933 706 et
986 665 1113 706 cum
1169 665 1276 721 qua
1319 649 1518 705 ordine
1571 664 1730 705 sacro
1779 647 2034 706 eumdem
2083 647 2187 702 ini-

3687 391 3786 462 10M

3686 514 3789 569 ,καὶ

603 748 856 801 tiaverat.

679 857 697 891 ι
730 837 905 904 Quam
934 836 1161 907 quidam
1192 837 1558 907 repellentes,
1587 835 1736 915 circa
1767 835 1928 891 tidem
1960 833 2187 890 naufra-

2368 854 2386 885 ι
2429 835 2536 889 Ἤν
2566 853 2713 900 τινες
2756 838 3133 910 ἀπωσάμενοι,
3160 842 3288 914 περὶ
3335 844 3431 914 τὴν
3466 849 3633 906 πίστιν
3675 857 3792 918 ἔναυ.

599 941 898 1004 gavcrunt,
947 929 1157 1003 [Vena
1198 927 1311 1001 20]
1353 945 1418 985 ex
1481 929 1685 1000 quibus
1726 939 1809 985 est
1858 927 2178 1000 Hymenmus

2290 925 2396 1023 sim
2405 944 2523 993 σαν,
2539 920 2620 1023 div
2643 929 2791 984 ἐστιν
2807 931 3095 1002 ’Υμεναῖος
3113 933 3210 987 καὶ
3235 933 3571 1010 ’Λλέξανβρος
3591 943 3673 1010 οὓς
3689 967 3793 1023 παρ.

600 1034 653 1080 et
683 1021 1020 1089 Alexander,
1053 1036 1196 1092 quos
1226 1019 1426 1075 tradidi
1461 1021 1701 1075 Satanae.
1735 1039 1754 1076 ›

1315 1019 1426 1075 didi
1461 1021 1701 1075 Satanae.
1735 1039 1754 1076 ι
2287 1017 2469 1073 έδωκα
2493 1020 2570 1091 τῷ
2591 1023 2830 1094 Σατανᾷ,
2874 1043 2891 1076 ι

674 1116 808 1170 Nam
839 1115 930 1170 ubi
967 1115 1081 1168 vita
1118 1113 1370 1184 deposita
1404 1121 1492 1168 est
1515 1153 1529 1176 ,
1561 1121 1617 1168 et
1661 1112 1939 1184 ejusmodi
1981 1112 2184 1182 dogma

2358 1112 2529 1175 Ὅταν
2558 1111 2720 1189 γὰρῇ
2746 1115 2860 1186 βίος
2879 1118 3327 1189 ἀπεγνωσμένος,
3355 1122 3448 1175 καὶ
3476 1123 3641 1196 δόγμα
3662 1129 3795 1186 τίκτι-

601 1210 654 1264 in
681 1209 864 1263 lucem
895 1204 1101 1271 editur,
1138 1219 1203 1260 ac
1238 1204 1508 1274 plurimos
1536 1204 1728 1261 videas
1762 1207 1816 1266 in
1849 1203 2180 1275 profundum

2284 1216 2376 1254 ται
2426 1201 2692 1271 τοιοῦτον,
2746 1207 2843 1259 καὶ
2885 1207 3035 1261 ἐστιν
3096 1208 3224 1264 ἰδεῖν
3282 1209 3508 1277 πολλοὺς
3537 1215 3622 1268 ἐπὶ
3645 1218 3698 1271 τὸ
3723 1223 3790 1277 τοῦ

600 1301 876 1356 malorum
904 1313 1210 1365 corruere,
1235 1307 1292 1354 et
1315 1297 1382 1354 ad
1413 1297 1676 1369 gentilem
1714 1297 1879 1352 ritum
1911 1295 2179 1352 converti.

2285 1296 2623 1348 καταπεσεῖν
2650 1280 2734 1359 είς
2762 1295 2924 1367 βυθὸν
2978 1299 3166 1354 κακῶν
3211 1301 3308 1354 καὶ
3363 1302 3443 1365 είς
3496 1301 3795 1381 Ἐλληνισμὺν

603 1391 672 1448 Ut
699 1391 846 1449 enim
877 1390 1194 1446 futurorum
1241 1400 1391 1445 metu
1425 1388 1655 1446 minime
1685 1387 2026 1452 crucientur,
2062 1386 2181 1442 ani-

2284 1383 2680 1456 ὲκτραπέντας.
2731 1389 2850 1444 Ἵνα
2872 1391 2981 1463 γὰρ
3023 1392 3100 1464 μὴ
3129 1391 3208 1463 τῷ
3239 1393 3393 1465 φόσῳ
3417 1393 3523 1449 τῶν
3554 1397 3795 1468 μελλόντων

599 1498 689 1538 mo
717 1481 1052 1551 persuadere
1079 1479 1304 1536 student
1334 1477 1473 1535 falsa
1520 1493 1647 1536 esse
1691 1493 2038 1550 quaecunque
2079 1493 2178 1534 nos

2286 1474 2720 1546 βασανίζωνται,
2757 1484 3125 1538 σπουδάσουσι
3173 1486 3362 1538 πεῖσαι
3415 1486 3515 1558 τὴν
3543 1487 3716 1561 ψυχὴν,
3739 1493 3794 1547 ὅτι

597 1573 894 1629 tradimus.

2282 1569 2456 1641 ψευδῆ
2486 1572 2665 1626 πάντα
2691 1572 2761 1627 τὰ
2795 1574 2930 1644 παρ’
2963 1577 3117 1646 ἡμῖν.

666 1685 686 1719 ι
719 1665 790 1722 Ut
815 1665 1033 1721 discant
1063 1679 1171 1721 non
1198 1663 1603 1735 blasphemare.
1639 1683 1658 1715 ι

2361 1681 2379 1713 ι
2418 1663 2537 1719 Ἵνα
2577 1665 2912 1721 παιδευθῶσι
2957 1667 3036 1740 μὴ
3065 1668 3431 1744 βλασφημεῖν.

1252 1754 1407 1812 CAP.
1451 1753 1518 1811 Π.

1252 1848 1454 1876 λιπες..-
1486 1849 1720 1876 manu...
1759 1847 1876 1876 12..-:
1911 1848 2144 1876 Αιιηη---
2215 1819 2257 1876 Β
2360 1865 2377 1876 .
2433 1847 2744 1876 η..-.η...«..·ι.
2777 1845 2831 1876 ,π

2889 1761 3144 1818 ΚΕΦΑΛ.
3183 1763 3261 1817 B'.

1682 1863 1720 1876 ..ς
1759 1847 1876 1876 12..-:
1911 1848 2144 1876 Αιιηη---
2215 1819 2257 1876 Β
2360 1865 2377 1876 .
2433 1847 2744 1876 η..-.η...«..·ι.
2777 1845 2869 1876 ,κη
2901 1851 3119 1876 --.·ο.--..
3154 1851 3261 1876 _.-._.

669 1848 833 1905 Vens.
876 1849 929 1904 1.
959 1866 978 1900 ι
1010 1847 1259 1905 Obsecro
1286 1848 1454 1919 igitur
1482 1849 1724 1920 primum
1758 1847 1878 1904 ﬁeri
1909 1848 2180 1906 obsecra-
2215 1845 2248 1876 ¹³

2215 1845 2257 1876 ⁸³
2359 1865 2379 1898 ι
2430 1847 2746 1921 Παρακαλῶ
2775 1845 2869 1905 οὖν
2901 1851 3119 1924 πρῶτον
3153 1851 3377 1909 πάντων
3430 1856 3685 1912 ποιεῖσθαι
3711 1858 3794 1930 δεή-

593 1943 812 2007 tiones,
861 1941 1300 2013 postulationes,
1345 1947 1400 1997 et
1440 1941 1748 2014 gratiarum
1790 1942 2040 2000 aetiones
2080 1955 2172 2014 pro

2287 1955 2426 2006 σεις,
2458 1944 2790 2014 προσευχάς,
2825 1943 3122 2012 ἐντεύξεις,
3167 1946 3526 2017 εὐχαριστίας
3548 1949 3674 2021 ὑπὲρ
3698 1952 3792 2006 πάν·

591 2034 853 2092 omnibus
877 2034 1255 2090 hominibus.»

1217 2052 1255 2090 ,,
2283 2042 2392 2081 των
2419 2027 2517 2082 ἀνθ
2525 2029 2746 2100 ρώπων.
2780 2049 2796 2082 ι

659 2130 782 2188 Νοη
813 2137 872 2185 ιιι
896 2145 992 2186 eos
1019 2129 1256 2196 doceat,
1288 2131 1500 2202 inquit,
1524 2130 1644 2188 sed
1687 2139 1746 2185 ut
1785 2130 2019 2185 discant.
2059 2126 2182 2185 Non

2356 2118 2469 2190 Οὐχ
2490 2119 2578 2174 ἵνα
2605 2122 2877 2195 παιδεύσῃ
2899 2122 3125 2188 αὐτοὺς,
3159 2124 3348 2195 φησὶν,
3379 2124 3495 2179 ἀλλ’
3525 2127 3606 2181 ἵνα
3623 2129 3800 2184 ,παιδευ-

587 2224 736 2280 enim
780 2223 886 2280 hoc
927 2223 1022 2279 llle
1053 2229 1277 2293 praestat
1297 2263 1313 2290 ,
1345 2222 1440 2280 sed
1468 2223 1770 2280 indictione
1795 2237 1973 2295 pinnae
2007 2222 2058 2279 id
2089 2237 2166 2278 ac-

2283 2209 2492 2266 θῶσιν.
2525 2213 2599 2266 Οὐ
2617 2214 2727 2286 γὰρ
2757 2217 2967 2280 ἐκεῖνος
2993 2215 3158 2269 τοῦτο
3179 2215 3500 2287 ἐργάζεται,
3533 2217 3637 2272 ἀλλ’
3661 2219 3714 2272 ἐκ
3731 2221 3793 2291 τῆς

589 2316 752 2372 σίδη.
1254 2373 1259 2377 η
2283 2305 2560 2370 κολάσεως
2592 2307 2752 2362 τοῦτο
2783 2325 2847 2362 συ
2857 2307 3096 2381 μϐαίνει.

659 2410 826 2468 Vens.
869 2411 1003 2471 2-6.
1031 2431 1050 2465 ι
1083 2411 1190 2468 Pro
1226 2411 1448 2483 regibus
1476 2420 1532 2467 et
1555 2410 1814 2466 omnibus
1838 2409 1931 2480 qui
1965 2408 2019 2463 in
2049 2407 2180 2464 sub-

2359 2419 2378 2451 ι
2421 2400 2598 2473 ’Υπὲρ
2643 2401 2936 2472 βασιλέων,
2992 2404 3088 2458 καὶ
3122 2403 3348 2459 πάντων
3378 2405 3488 2460 τῶν
3521 2405 3578 2458 ὲν
3609 2407 3793 2477 ὑπεροχῇ

593 2504 824 2562 limitate
870 2513 1034 2572 sunt,
1108 2506 1266 2578 261
1319 2516 1379 2561 ut
1425 2505 1666 2575 quietam
1717 2514 1772 2559 et
1822 2502 2172 2574 tranquillam

2280 2495 2473 2572 ὄντων,
2535 2497 2621 2552 ἵνα
2673 2499 2882 2571 ἤρεμον
2932 2501 3029 2556 καὶ
3064 2500 3296 2571 ἡσύχιον
3354 2500 3469 2572 βίον
3503 2501 3742 2571 διάγωμεν
3759 2503 3794 2553 ἐν

589 2597 760 2651 vitam
800 2612 1033 2670 agamus
1080 2599 1136 2653 in
1185 2597 1338 2654 omni
1392 2599 1601 2668 pietate
1649 2604 1704 2652 et
1749 2597 2032 2652 castitate.
2063 2593 2168 2650 Hoc

2282 2595 2432 2665 πάσῃ
2468 2594 2722 2667 εὐσεϐείᾳ
2761 2596 2855 2649 καὶ
2877 2595 3193 2666 σεμνότητι.
3227 2594 3404 2650 Τοῦτο
3435 2594 3542 2667 γὰρ
3569 2595 3708 2648 καλὸν
3733 2595 3793 2645 καὶ

586 2690 734 2744 enim
759 2690 962 2746 bonum
992 2700 1076 2748 est
1133 2697 1190 2747 et
1218 2697 1500 2758 acceptum
1530 2703 1721 2745 coram
1747 2689 2038 2746 Salvatore
2070 2687 2165 2744 Dec

2280 2687 2578 2741 ἀπόδεκτον
2635 2688 2868 2742 ἐνώπιον
2916 2687 3012 2742 τοῦ
3067 2689 3324 2758 Σωτῆρος
3383 2689 3541 2760 ἡμῶν
3583 2685 3717 2750 Θεοῦ,
3757 2685 3793 2748 ὃς

586 2791 808 2849 nostro,
838 2785 932 2854 qui
974 2783 1090 2838 vult
1120 2797 1315 2840 omnes
1343 2781 1595 2838 homines
1623 2780 1807 2837 salvos
1840 2780 1957 2834 ﬂeri
1977 2819 1990 2845 ,
2022 2787 2080 2834 et
2109 2777 2165 2832 ad

2281 2778 2495 2843 πάντας
2525 2779 2850 2852 ἀνθρώπους
2875 2780 3021 2834 θέλει
3073 2779 3354 2850 σωθῆναι,
3388 2781 3483 2834 καὶ
3513 2780 3588 2844 εἰς
3616 2779 3792 2845 ἐπίγνω-

587 2875 924 2946 agnitionem
953 2875 1206 2931 veritatis
1238 2874 1453 2930 venire.
1478 2872 1638 2930 Unus
1658 2873 1807 2927 enim
1837 2870 2006 2936 Deus,
2034 2887 2166 2928 unus

2282 2887 2367 2925 σιν
2395 2871 2656 2942 ἀληθείας
2683 2871 2878 2926 ἐλθεῖν.
2913 2869 3009 2938 Εἷς
3045 2872 3155 2946 γὰρ
3184 2873 3346 2940 Θεὸς,
3398 2868 3480 2936 εἷς
3501 2872 3592 2926 καὶ
3622 2855 3793 2941 μεσίτης

589 2967 859 3022 mediator
892 2966 986 3022 Dei
1010 2978 1064 3023 et
1099 2966 1385 3022 hominum
1408 3007 1424 3034 ,
1472 2965 1640 3021 homo
1683 2963 1944 3022 Christus
1980 2961 2168 3028 Iesus.

2279 2964 2418 3019 Θεοῦ
2445 2965 2541 3021 καὶ
2583 2964 2912 3038 ἀνθρώπων,
2943 2966 3236 3039 ἅνθρωπος
3285 2964 3500 3038 Ἰησοῦς
3543 2962 3793 3036 Χριστὸς.6

587 3060 680 3130 qni
715 3058 866 3115 dedit
889 3060 1250 3130 semetipsum
1276 3077 1296 3112 ι
2134 3046 2137 3049 ’

1107 3075 1250 3116 )sum
1276 3077 1296 3112 ι
2134 3046 2137 3049 ’
2277 3059 2403 3124 δοὺς
2432 3060 2628 3114 ἑαυτὸν
2667 3080 2686 3114 ι

660 3153 802 3219 Quia
856 3152 1140 3225 principes
1172 3159 1310 3208 tunc
1357 3152 1622 3224 temporis
1673 3152 2021 3208 Christianos
2056 3165 2175 3206 ma-
2202 3174 2239 3238 ρ

2214 3174 2248 3238 Β
2364 3151 2586 3223 Ἐπειδὴ
2605 3148 2729 3206 τότε
2764 3152 3003 3224 μάλιστα
3034 3150 3353 3216 ἐδιώκοντο,
3401 3149 3566 3221 φησὶν
3600 3143 3793 3238 εὔχεσθαι

587 3249 734 3302 xime
770 3246 1212 3309 insectabantur,
1269 3245 1544 3302 orandum
1606 3259 1730 3316 esse
1761 3259 1862 3315 pro
1889 3243 2028 3314 ipsis
2073 3243 2166 3308 ait,

2218 3235 2246 3238 V
2282 3245 2425 3318 ὑπὲρ
2453 3243 2657 3312 αὐτῶν,
2683 3243 2773 3299 ἶνα
2815 3243 3045 3318 διδάσκῃ
3079 3243 3154 3316 μὴ
3209 3246 3396 3316 μισεῖν
3427 3240 3634 3304 αὐτούς.
3671 3235 3793 3292 Τοῦτο

587 3347 646 3394 ιιι
677 3338 866 3394 fideles
895 3337 1113 3393 discant
1135 3352 1230 3393 eos
1293 3351 1404 3391 non
1459 3336 1666 3392 odisse.
1701 3335 1816 3392 Hoc
1845 3349 2041 3406 nempe
2071 3333 2166 3389 do-

2276 3336 2476 3404 λέγων,
2513 3337 2542 3390 ὃ
2572 3334 2907 3408 προσέταξεν
2931 3337 2959 3389 ό
2986 3335 3195 3408 Κύριος
3213 3335 3416 3404 λέγων,
3442 3329 3794 3402 Προσεύχεσθε

583 3446 737 3496 cens,
769 3429 916 3501 quod
945 3428 1211 3484 Dominus
1241 3429 1326 3485 his
1353 3428 1538 3484 verbis
1593 3433 1929 3499 praeceperat
1961 3441 1976 3480 :
2010 3425 2162 3483 Orate

2275 3427 2431 3496 ὑπὲρ
2464 3427 2584 3482 τῶν
2630 3427 2974 3482 διωκόντων
3027 3425 3207 3497 ὑμᾶς.
3263 3427 3357 3481 Διὸ
3409 3425 3503 3481 καὶ
3530 3425 3791 3495 ἐπήγαγεν·

581 3540 679 3594 pro
713 3522 1146 3594 persequentibus
1181 3539 1270 3578 vos
1289 3523 1357 3576 ".
1388 3520 1742 3593 Quapropter
1773 3519 1978 3592 adjecit
2007 3535 2024 3576 :
2052 3523 2160 3576 Ηοι

2052 3523 2172 3576 Hoc
2281 3519 2463 3576 Τοῦτο
2490 3521 2685 3575 καλὸν
2711 3518 2811 3574 καὶ
2842 3518 3203 3576 ἀπόδεκτον.
3591 3507 3603 3514 ’

584 3613 780 3669 bonum
805 3622 883 3669 est
912 3624 962 3668 et
995 3623 1296 3684 acceptum.

660 3724 680 3757 ι
714 3704 1164 3776 Redemptionem
1186 3720 1285 3776 pro
1307 3705 1586 3771 omnibus,
1616 3703 2016 3770 testimonium,
2043 3721 2086 3768 ι,

2352 3715 2372 3749 ι
2427 3697 2778 3770 Ἀντίλυτρον
2811 3696 2953 3768 ὑπὲρ
2993 3696 3214 3752 πάντων
3244 3712 3259 3728 ο
3287 3698 3352 3752 τὸ
3385 3696 3690 3769 μαρτύριον,
3719 3709 3733 3742 ι

654 3797 794 3852 Cum
873 3797 944 3852 ob
1004 3804 1232 3866 peccata
1273 3812 1372 3853 sua
1407 3795 1676 3867 puniendi
1730 3803 1943 3862 essent,
1969 3795 2170 3867 inquit,

2353 3789 2646 3860 Ἐμελλεν,
2699 3789 2858 3862 φησὶ,
2906 3789 3276 3861 τιμωρεῖσθαι
3331 3790 3530 3852 αὐτοὺς
3565 3786 3688 3855 ὑπὲρ
3722 3779 3793 3834 τῶν

585 3886 783 3946 borum
817 3887 937 3942 vice
961 3885 1160 3941 Filium
1182 3902 1345 3943 suum
1368 3886 1545 3944 dedit.

2275 3882 2717 3955 ἁμαρτημάτων,
2741 3882 2855 3936 ἀλλ’
2884 3883 3002 3936 ἀντ’
3034 3880 3263 3937 ἐκείνων
3301 3885 3400 3937 τὸν
3431 3880 3616 3936 ἑαυτοῦ
3651 3878 3794 3930 ἔδωκεν

2277 3976 2425 4032 Υίόν.

619 4067 1022 4140 «Temporibus
1073 4069 1224 4138 suis;
1279 4068 1484 4142 [Vnam
1516 4067 1573 4138 7,
1598 4067 1668 4142 8]
1705 4069 1765 4124 in
1799 4083 1911 4140 quo
1959 4067 2175 4141 positus

2355 4091 2374 4124 ι
2405 4071 2638 4142 Καιροῖς
2675 4069 2845 4134 ἰδίοις,
2875 4071 2954 4133 εἰς
2990 4069 3020 4122 ὃ
3046 4067 3240 4141 ἐτέθην
3259 4066 3572 4141 ἐγὼκήρυξ
3606 4065 3690 4119 καὶ
3706 4058 3797 4116 ἀπό·

583 4173 705 4216 sum
727 4175 827 4233 ego
855 4162 1180 4232 praedicator
1197 4172 1251 4218 et
1275 4162 1573 4234 Apostolus
1599 4160 1620 4227 ί
1635 4161 1919 4218 veritatem
1948 4162 2094 4230 dico,
2121 4172 2162 4220 et

2277 4159 2488 4223 στολος,
2523 4157 2788 4229 ἀλήθειαν
2852 4158 3020 4228 λέγω,
3062 4160 3125 4214 οὺ
3179 4158 3481 4231 ψεύδομαι,
3540 4151 3795 4211 διδάσκαλος

583 4267 694 4308 non
733 4255 1022 4325 mentior),
1057 4255 1318 4323 magister
1335 4255 1590 4325 gentium
1627 4255 1682 4310 in
1715 4254 1821 4312 ﬁde
1843 4263 1900 4311 et
1920 4254 2162 4312 veritate.

2273 4251 2469 4317 ἐθνῶν,
2499 4252 2560 4305 ὲν
2589 4250 2773 4305 πίστει
2803 4251 2899 4306 καὶ
2926 4251 3176 4332 ἀληθείᾳ.
3197 4252 3479 4324 Βούλομαι
3503 4246 3598 4308 οὖν
3623 4241 3797 4328 «poenio

587 4341 720 4398 Volo
745 4359 845 4416 ego
873 4345 1021 4402 viros
1047 4359 1211 4401 orare
1233 4364 1252 4397 ι

2277 4343 2470 4414 χεσθαι
2500 4345 2629 4408 τοὺς
2660 4343 2859 4412 ἄνδρας
2895 4363 2915 4398 ι

653 4434 710 4489 Id
735 4442 842 4501 est,
870 4437 946 4490 uti
977 4437 1343 4507 congruebat.

2351 4437 2637 4502 Τουτέστι,
2670 4436 3083 4508 προσηκόντως.

655 4543 676 4578 ι
709 4524 769 4582 In
818 4527 969 4582 omni
997 4527 1140 4593 loco,
1197 4528 1448 4584 levantes
1508 4540 1676 4599 puras
1708 4544 1906 4588 manus
1939 4533 2062 4589 sine
2089 4534 2172 4589 ira
2203 4548 2234 4605 ιε

2219 4550 2250 4605 ί)
2355 4547 2374 4582 ι
2425 4530 2515 4585 Ἐν
2549 4529 2715 4583 παντὶ
2733 4529 2908 4600 τόπῳ,
2935 4528 3266 4599 ἐπαίροντας
3289 4529 3480 4594 ὁσίους
3514 4527 3702 4599 χεῖρας,
3726 4533 3798 4588 χω-

580 4626 636 4674 et
670 4618 1092 4691 disceptatione.
1124 4639 1142 4673 ι

2283 4622 2367 4695 pi;
2398 4621 2571 4694 ὀργῆς
2603 4623 2700 4676 καλ⁸
2731 4621 3112 4692 διαλογισμοῦ.
3151 4640 3171 4674 ι

652 4708 913 4765 Ostendit
945 4710 1227 4767 sacrificio
1260 4711 1471 4768 Christi
1497 4711 1704 4768 factum
1746 4730 1873 4772 esse
1904 4724 1964 4771 ut
1989 4718 2178 4775 omnis

2351 4717 2658 4780 Δείκνυσιν,
2689 4716 2764 4780 ὡς
2802 4714 2892 4770 διὰ
2921 4715 3029 4787 τῆς
3067 4715 3265 4779 θυσίας
3315 4713 3413 4769 τοῦ
3448 4709 3676 4786 Χριστοῦ
3697 4707 3799 4762 am;

581 4802 735 4856 orbis
761 4809 922 4857 terrae
942 4800 1430 4860 locusJerusalem
1460 4804 1742 4860 evaderet.
1777 4803 1952 4861 Pura:
1985 4824 2160 4863 manu:

2276 4810 2380 4881 τῆς
2395 4809 2726 4881 οἰκουμένης
2743 4809 2908 4874 τόπος
2923 4809 3151 4878 γέγονεν
3183 4807 3253 4862 ἰε
3263 4808 3504 4880 ρουσαλή
3515 4825 3572 4878 μ.
3610 4799 3801 4856 ὀσίους

583 4895 741 4960 dicit,
773 4905 831 4950 ut
857 4895 1010 4966 ipsos
1045 4895 1244 4953 doceat
1268 4897 1337 4950 ab
1367 4897 1522 4952 omni
1559 4909 1789 4968 peccato
1819 4915 1993 4970 puros
2025 4915 2162 4967 esse,

2273 4902 2333 4957 δὲ
2365 4901 2564 4971 χεῖρας
2592 4900 2770 4970 λέγει,
2793 4899 3060 4955 διδάσκων
3083 4901 3287 4964 αὐτοὺς
3316 4901 3524 4968 πάσης,
3551 4898 3623 4960 ὡς
3650 4889 3800 4946 εἰπεῖν.

583 4987 736 5041 velut
791 4997 919 5042 ante
964 4986 1201 5043 dixerat.
1232 4987 1374 5042 illud
1411 5004 1564 5056 vero,
1603 4991 1717 5044 sine
1751 4991 1858 5058 ira,
1904 4991 2048 5048 idem
2086 5003 2162 5050 est

2280 4992 2610 5065 καθαρεύειν
2641 4991 2940 5063 ἁμαρτίας.
2982 4990 3056 5043 Τὸ
3110 4990 3189 5056 δὲ,
3226 4990 3416 5059 χωρὶς
3448 4985 3644 5058 ὀργῆς,
3687 4991 3802 5034 τουτ-

587 5085 752 5147 atque
815 5077 1146 5148 injuriarum
1209 5078 1584 5137 immemores.
1645 5079 1799 5138 Istud
1859 5084 2070 5148 etiam,
2121 5094 2166 5140 et

2278 5064 2438 5140 ἐστιν
2459 5084 2876 5156 ἁμνησικάκους
2903 5083 3082 5146 ὄντας.
3124 5083 3199 5136 Τὸ
3226 5082 3306 5150 δὲ,
3340 5074 3738 5150 διαλογισμῶν,
3764 5064 3805 5120 τδ

585 5169 1074 5237 disceptationibus,
1139 5185 1358 5227 omnem
1421 5172 1821 5230 hmsitationem
1875 5175 2090 5242 adimit,
2123 5186 2164 5232 et

2279 5178 2582 5250 ἀμφίϐολον
2615 5177 2970 5247 άναιροῦντός
3009 5178 3150 5243 ἐστι,
3184 5177 3284 5229 καὶ
3307 5175 3370 5231 τὸ
3407 5173 3747 5237 διστάζοντοςι
3771 5157 3803 5211 εί

585 5258 856 5342 ejusmodi
901 5261 1277 5328 dubietatem;
1335 5279 1466 5320 num
1530 5263 1674 5319 forte
1724 5280 1916 5321 eorum
1969 5281 2094 5337 qua:
2140 5281 2164 5321 a

1724 5280 1916 5321 eorum
1969 5281 2094 5337 qua:
2140 5281 2169 5321 a
2279 5270 2389 5343 ἄρα
2421 5267 2638 5324 λάϐοιεν
2659 5269 2698 5324 α
2728 5267 2945 5322 αἰτοῦσι
2966 5267 3121 5339 παρὰ
3141 5266 3303 5322 Θεοῦ.

586 5349 698 5406 Deo
728 5350 1034 5421 postulant,
1059 5363 1348 5424 compotes
1387 5364 1576 5410 essent
1610 5354 1813 5412 futuri.

656 5441 828 5499 Vens.
889 5441 944 5508 9,
977 5443 1066 5500 10.
1107 5460 1128 5496 ι
1167 5444 1439 5502 Similiter
1493 5454 1550 5502 et
1594 5447 1856 5504 mulieres
1884 5448 1940 5502 in
1976 5447 2169 5504 habitu

2361 5470 2380 5502 ι
2442 5450 2722 5515 Ὡσαύτως
2747 5451 2846 5505 καὶ
2869 5450 2971 5514 τὰς
2999 5452 3268 5519 γυναῖκας
3314 5451 3376 5502 ἐν
3414 5441 3699 5510 καταστολῇ
3740 5447 3804 5487 κθ·

588 5541 786 5589 ornato
819 5547 945 5588 cum
990 5535 1324 5592 verecundia
1364 5544 1420 5590 et
1451 5537 1753 5594 sobrietate
1782 5547 2050 5594 ornantes
2079 5554 2162 5607 se,

2286 5541 2453 5611 σμίῳ,
2493 5542 2630 5610 μετὰ
2657 5540 2843 5604 αἰδοῦς
2869 5540 2962 5594 καὶ
2996 5539 3358 5610 σωφροσύνης
3382 5539 3601 5607 κοσμεῖν
3631 5522 3802 5611 ἑαυτάςτ

586 5633 642 5680 et
663 5639 773 5680 non
801 5625 856 5681 in
889 5627 1050 5684 tortis
1087 5626 1360 5694 crinibus,
1391 5635 1486 5684 aut
1517 5643 1673 5696 auro,
1707 5638 1800 5684 aut
1829 5631 2165 5698 margaritis,

2289 5609 2364 5703 pit
2393 5609 2451 5685 εν
2487 5609 2817 5704 πλέγμασιν,
2851 5632 2884 5687 ἢ
2939 5634 2998 5684 ὲν
3035 5635 3241 5705 χρυσῷ,
3385 5627 3744 5706 μαργαρίταις,
3783 5609 3805 5679 ἢ

675 5801 719 5832 "
735 5805 926 5860 Matth.
965 5821 1099 5873 xx",
1134 5807 1227 5861 44.
