3998 6402
418 421 559 487 1005

1548 416 1631 478 IN
1670 414 1907 475 EPIST.
1952 414 2051 473 AD
2098 392 2560 473 TIMOTHEUM
2627 407 2680 469 Ι.

3537 397 3671 461 1036

415 540 699 614 ἱματισμῷ
736 541 1039 606 πολυτελεῖ,
1068 540 1182 594 ἀλλ’
1215 539 1244 592 ὃ
1274 537 1473 611 πρέπει
1505 532 1778 604 γυναιξὶν,
1814 535 1989 600 ἐπαγ-

2118 528 2175 584 'el
2205 535 2355 583 veste
2385 523 2660 596 pretiosa;
2715 519 2811 576 sed
2853 518 2998 589 quod
3046 519 3200 573 decet
3230 516 3509 578 mulieres,
3542 532 3671 584 pro-

408 626 771 707 ’γελλομέναιςΔ
800 633 1113 707 θεοσέϐειαν
1136 631 1204 685 δι’
1235 631 1416 704 ἔργων
1436 628 1678 699 ἀγαθῶν.
1719 647 1736 679 ι

482 702 764 791 Τουτέστι,
832 702 1169 794 πανταχόθεν
1246 702 1699 793 περιστέλλεσθαι

409 818 550 888 ὅπερ
578 816 694 870 ἐστὶ
719 814 919 869 πολλοῦ
947 813 1113 883 φόϐου
1141 812 1509 884 σημαντικόν.

486 927 508 962 ι
536 908 679 979 Γυνὴ
711 907 769 962 ὲν
796 906 999 980 ἠσυχίᾳ
1036 904 1376 977 μανθανέτω,
1423 904 1483 956 ὲν
1522 901 1675 971 πάσῃ
1707 900 1985 969 ὑποταγῇ.

409 1000 639 1056 Γυναικὶ
663 1000 719 1054 δὲ
745 999 1016 1054 διδάσκειν
1060 997 1162 1052 οὐκ
1190 990 1495 1066 ἐπιτρέπω,
1552 993 1676 1047 οὐδὲ
1711 991 1994 1046 αὐθεντεῖν

408 1094 636 1165 ἀνδρὸς,
682 1092 799 1149 ἀλλ’
838 1087 980 1145 εἶναι
1015 1092 1074 1144 ὲν
1122 1091 1349 1162 ἡσυχίᾳ.
1412 1088 1585 1158 Ἀδάμ
1613 1085 1723 1158 γὰρ
1776 1085 1991 1157 πρῶτος

407 1181 680 1253 ἐπλάσθη,
700 1177 819 1236 εἶτα
858 1178 992 1234 Εὕα.
1029 1197 1048 1231 ι

479 1274 819 1344 Βουλόμενος
863 1269 1049 1325 αὐτῶν
1086 1268 1387 1341 περικόψαι
1437 1268 1539 1338 τὴν
1584 1265 1842 1339 ἀφορμὴν
1889 1253 1989 1337 τῆς

414 1364 633 1432 λαλιᾶς,
660 1363 785 1417 οὐδὲ
814 1361 1092 1417 διδάσκειν
1140 1359 1312 1424 αὑτὰς
1344 1360 1652 1432 ἐπιτρέπει.
1686 1359 1798 1412 Καὶ
1835 1357 1995 1411 τοῦτο

414 1457 528 1528 γὰρ
555 1455 857 1525 κοσμιότης
910 1451 1047 1518 ἐστὶ,
1114 1450 1245 1522 περὶ
1298 1442 1369 1522 ἧς
1396 1451 1491 1504 καὶ
1535 1448 1826 1518 διελέγετο,
1860 1432 1996 1520 μηδὲ

408 1545 592 1601 λαλεῖν
617 1544 773 1609 ὅλως.
798 1536 949 1614 ὁἍμα
977 1543 1035 1596 δὲ
1066 1543 1158 1596 καὶ
1199 1542 1299 1614 τὴν
1330 1540 1512 1595 αίτίαν
1534 1540 1777 1612 τίθησιν,
1804 1539 1994 1610 ἐπειδὴ

413 1636 566 1701 ἅπαξ
593 1634 820 1699 ἐδίδαξε,
859 1622 968 1687 καὶ
997 1631 1089 1689 τδν
1114 1632 1283 1703 ἄνδρα
1324 1631 1697 1703 κατέστρεψεν
1722 1671 1738 1693 ,
1793 1630 1889 1683 καὶ
1927 1632 1995 1702 τῇ

414 1730 673 1797 παρακοῇ
702 1722 1006 1778 ὑπεύθυνον
1026 1721 1303 1793 ἐποίησεν.

1783 715 1987 783 καλῶς,

496 1846 518 1881 ι
560 1827 672 1882 Καὶ
712 1826 884 1897 ’Δδὰμ
910 1826 1010 1879 οὐκ
1030 1823 1312 1895 ἠπατήθη,
1340 1824 1374 1894 ἡ
1408 1823 1465 1877 δὲ
1492 1819 1629 1894 γυνὴ
1654 1820 1996 1891 ἀπατηθὲῖσα
2030 1864 2043 1897 ε

2053 612 2059 616 ’
2094 620 2378 675 mittentes
2406 618 2662 688 pietatem
2693 627 2788 684 per
2820 614 2961 667 bona
2994 626 3182 682 opera.
3220 632 3238 663 ι

2167 712 2280 769 lloc
2335 722 2441 773 ρει,
2498 708 2863 779 undequaque
2918 706 3122 759 debent
3166 706 3418 761 modesto
3464 703 3674 759 vestitu

2094 800 2173 856 uti
2207 818 2221 857 :
2256 800 2309 855 id
2334 797 2480 871 quod
2509 797 2662 852 multi
2698 796 2914 850 timoris
2940 802 3323 863 argumentum
3355 800 3458 848 est.

2164 889 2335 947 Vens.
2375 890 2559 944 ll-l'5.
2623 908 2642 939 ι
2677 886 2873 942 Mulier
2937 888 2991 940 in
3038 885 3258 941 silentio
3314 885 3495 939 discat
3549 899 3674 939 cum

2095 985 2457 1056 subiectione.
2489 983 2695 1037 Docere
2754 990 2937 1034 autem
2971 978 3187 1032 mulieri
3234 991 3342 1031 non
3388 976 3672 1047 permitto,

2095 1093 2273 1148 neque
2295 1075 2563 1131 dominari
2592 1075 2648 1129 in
2677 1073 2874 1139 virum,
2894 1070 2991 1127 sed
3019 1084 3141 1125 esse
3167 1070 3221 1124 in
3245 1067 3483 1124 silentio.
3504 1066 3678 1125 Adam

2095 1169 2305 1240 primus
2335 1167 2603 1224 formatus
2631 1173 2736 1231 est,
2762 1163 2961 1220 deinde
2994 1163 3125 1217 Eva.
3150 1180 3169 1215 ι

2168 1265 2303 1320 C‘um
2361 1262 2489 1319 τυιίι
2537 1245 2888 1333 loquacitatis
2916 1259 3239 1316 occasiones
3263 1260 3346 1314 eis
3370 1266 3679 1328 amputare,

2096 1372 2201 1413 nec
2249 1356 2522 1429 permittit
2554 1363 2614 1410 ut
2647 1355 2909 1411 doceant.
2957 1352 3085 1409 liazc
3119 1351 3267 1408 enim
3298 1359 3385 1407 est
3418 1350 3681 1406 honestas

2096 1449 2192 1505 illa
2221 1447 2288 1505 de
2324 1463 2432 1518 qua
2466 1448 2690 1503 locutus
2726 1453 2866 1510 erat,
2892 1442 3265 1516 praecipiendo
3300 1458 3369 1498 ne
3406 1440 3681 1495 nullatenus

2099 1541 2469 1610 loquerentur.
2497 1537 2725 1609 Insuper
2765 1545 2944 1592 autem
2974 1543 3030 1592 et
3088 1536 3179 1590 hic
3222 1548 3445 1590 causam
3502 1530 3679 1598 all'ert,

2100 1634 2247 1703 quod
2281 1648 2479 1704 nempe
2510 1660 2514 1667 -
2542 1647 2667 1687 cum
2695 1629 2869 1687 scmel
2900 1629 3174 1691 docuerit,
3222 1626 3306 1681 vir
3332 1626 3401 1680 ab
3432 1626 3550 1695 ipsa
3581 1624 3681 1679 de-

2097 1723 2279 1794 jectus
2307 1723 2399 1790 sit,
2428 1732 2481 1777 et
2512 1722 2888 1791 inobsequens
2919 1718 3191 1775 redditus.

2173 1812 2346 1869 Vens.
2387 1815 2475 1878 14,
2506 1813 2592 1868 15.
2628 1830 2647 1865 ι
2683 1812 2749 1867 Ει
2773 1811 2944 1866 Adam
2978 1825 3086 1865 non
3113 1819 3199 1866 est
3232 1809 3529 1873 seductus;
3556 1820 3679 1861 mu-‘

415 1918 478 1973 ἐν
500 1875 834 1989 ζτᾶξαῖσάξέξ
844 1875 1427 1985 ξέῆῥᾷείὲωὸἦᾶἒτὲιέ
1550 1875 1641 1967 δια
1665 1915 1765 1984 τῆς
1803 1875 1994 1966 τεκνο-

2120 1908 2200 1962 ier
2234 1914 2416 1961 autem
2472 1906 2699 1963 seducta
2731 1906 2787 1960 in
2829 1903 3289 1975 praevaricatione
3331 1900 3456 1956 l'uit.
3485 1900 3680 1955 Salva-

409 2010 622 2078 γονίας,
678 2008 776 2062 ἐὰν
828 2007 1088 2078 μείνωσιν
1126 2010 1186 2060 ὲν
1232 2003 1441 2070 πίστει,
1483 2003 1578 2058 καὶ
1636 2002 1853 2076 ἀγάπῃ,
1901 2003 1995 2057 καὶ

410 2096 671 2168 ἁγιασμῷ
705 2095 846 2167 μετὰ
878 2094 1255 2166 σωφροσύνης.
1296 2113 1315 2146 ›

482 2274 630 2344 Πρὸς
676 2271 967 2345 σύγκρισιν
1052 2271 1152 2338 τῆς
1195 2270 1476 2341 γυναικὸς,
1526 2270 1693 2340 φησὶν
1726 2268 1887 2323 dva
1923 2268 1999 2340 μὴ

405 2363 766 2437 ἡπατῆσθαιδ
793 2364 954 2418 πάλιν
989 2362 1047 2416 δὲ
1085 2363 1145 2416 οὐ
1177 2363 1310 2434 περὶ
1358 2360 1531 2433 Ἀδὰμ
1567 2359 1803 2432 εἴρηται,
1857 2356 1998 2417 Εἴθε

405 2453 479 2511 τὸ
498 2454 699 2520 ξύλον
721 2453 811 2509 ὅτι
843 2454 941 2509 καὶ
971 2452 1165 2508 καλὸν
1184 2454 1273 2520 εἰς
1287 2451 1546 2522 βρῶσιν,
1572 2450 1711 2507 ἀλλὰ
1734 2452 1867 2525 περὶ
1895 2453 1995 2524 τῆς

406 2546 694 2616 γυναικός.
729 2544 842 2603 Kal
891 2546 1100 2618 ἔφατε,
1164 2545 1265 2600 καὶ
1310 2545 1500 2601 ἔδωκε
1551 2545 1652 2600 καί
1693 2542 1776 2612 τῷ
1825 2543 1998 2615 ἀνδρὶ

405 2638 628 2709 αὐτῆς,
660 2637 804 2696 ὥστ»
837 2633 998 2703 οὗτος
1054 2638 1157 2692 οὐκ
1207 2636 1479 2709 ἐπιθυμία
1528 2635 1715 2702 ἐνδοὺς
1756 2636 1995 2710 παρέϐη,

407 2731 557 2788 ἀλλὰ
599 2734 666 2804 τῇ
698 2731 926 2801 γυναικὶ
961 2729 1231 2794 πεισθείς.

1023 2887 1275 2943 ΚΕΦΔΔ.
1315 2887 1388 2942 l".

488 3021 513 3055 α
545 3000 742 3067 Πιστὸς
765 3003 793 3055 ὁ
819 3000 994 3071 λόγος.
1035 3018 1054 3053 ι

493 3102 727 3173 Ὅμοιον
759 3100 836 3165 ὡς
871 3103 921 3156 εί
964 3100 1146 3170 λέγοι·
1180 3100 1271 3172 Μὴ
1312 3100 1580 3171 κατηφεῖς
1613 3098 1873 3172 γένησθε,
1918 3100 2000 3153 ὅτι

2098 1998 2249 2055 bitur
2276 2008 2455 2052 autem
2488 2012 2586 2069 per
2618 1996 2855 2051 ﬁliorum
2879 1995 3316 2067 generationem,
3338 1994 3381 2048 si
3420 2001 3680 2051 maneant

2101 2089 2157 2145 in
2181 2088 2307 2155 ﬁde,
2340 2098 2392 2145 et
2426 2088 2743 2152 dilectione,
2768 2098 2822 2144 et
2845 2086 3282 2143 sanctiﬁcatione
3309 2100 3434 2141 cum
3461 2084 3677 2140 sobrie-

2099 2185 2233 2235 tate.
2266 2196 2283 2231 ι

2171 2270 2231 2325 In
2263 2269 2738 2340 comparationem
2788 2267 3043 2324 mulieris
3092 2266 3381 2323 seductum
3417 2281 3525 2323 non
3556 2279 3679 2323 esse

2100 2363 2279 2419 virum
2302 2361 2455 2417 dicit.
2493 2359 2730 2417 Rursum
2760 2374 2890 2415 vero
2920 2374 3030 2414 non
3064 2358 3133 2414 de
3162 2358 3375 2413 Adamo
3415 2358 3680 2429 scriptum

2099 2462 2186 2512 est
2214 2468 2227 2507 :
2274 2452 2425 2509 Vidit
2454 2454 2658 2524 lignum
2694 2453 2836 2525 quod
2859 2462 2995 2509 esset
3031 2456 3225 2507 bonum
3249 2451 3319 2506 ad
3345 2448 3678 2514 vescendum,

2102 2547 2198 2604 sed
2234 2549 2301 2603 de
2356 2545 2590 2603 muliere
2628 2561 2641 2601 :
2681 2544 2751 2599 Et
2780 2545 3028 2611 comedit,
3062 2544 3308 2617 deditque
3343 2543 3456 2598 uiro
3480 2559 3579 2598 suo
3606 2543 3678 2595 ³³.
3740 2540 3755 2551 “

2101 2638 2473 2706 Quamobrem
2539 2637 2631 2694 ille
2709 2652 2823 2693 non
2889 2636 3160 2710 appetitui
3241 2633 3682 2706 obtemperando

2101 2729 2425 2785 mandatum
2459 2728 2711 2795 violavit,
2748 2728 2842 2785 sed
2872 2727 3231 2798 obsequendo
3260 2726 3502 2781 mulieri.

2734 2887 2890 2943 CAP.
2927 2889 2973 2943 ll

2183 3020 2201 3054 ι
2222 2999 2424 3059 Fidelis
2450 3016 2653 3058 sermo.
2672 3023 2688 3054 ι

2173 3090 2339 3168 262
2361 3093 2597 3151 Perinde
2618 3104 2704 3152 est
2735 3112 2801 3153 ac
2833 3098 2878 3153 si
2908 3095 3116 3152 diceret
3141 3111 3154 3149 :
3176 3094 3255 3152 Ne
3274 3104 3473 3151 mmsto
3499 3095 3685 3149 animo

394 3194 470 3248 τὸ
498 3192 657 3262 γένος
681 3191 833 3265 ὑμῶν
851 3191 1222 3265 διαϐέϐληται.
1249 3190 1492 3245 Ἔδωκεν
1523 3192 1654 3262 ὑμῖν
1681 3191 1710 3245 ό
1729 3191 1865 3255 Θεὸς
1899 3190 1995 3244 ml.

2118 3187 2254 3254 sitis,
2297 3202 2360 3243 ac
2391 3187 2438 3243 si
2474 3189 2630 3244 sexui
2663 3197 2844 3244 vestro
2867 3190 3216 3245 detrahatur.
3247 3189 3495 3245 Alteram
3525 3190 3685 3245 vobis

397 3284 614 3358 ἑτέραν
642 3284 900 3357 ἀφορμὴν
930 3282 1228 3356 σωτηρίας,
1273 3284 1374 3353 τὴν
1406 3282 1826 3355 παιδοτροφίαν,
1848 3283 1992 3337 ὥστε

2118 3276 2247 3334 Deus
2266 3280 2613 3335 occasionem
2640 3283 2892 3351 porrexit
2945 3278 3161 3345 salutis,
3192 3282 3489 3339 liberorum
3531 3284 3684 3338 vide-

401 3377 493 3448 μὴ
528 3376 692 3446 μόνον
719 3376 789 3430 δι’
822 3374 1055 3440 ἑαυτῶν,
1085 3374 1224 3430 ἀλλὰ
1245 3376 1341 3429 καὶ
1366 3375 1435 3429 δι’
1464 3376 1669 3447 ἑτέρων
1699 3373 1992 3441 σώζεσθαι.

395 3466 694 3532 Σὼζονται
752 3468 883 3540 γὰρ,
918 3468 1001 3522 ὅτι
1035 3467 1277 3538 ἀθλητὰς
1331 3467 1571 3540 ἔθρεψαν
1598 3468 1676 3540 τῷ
1720 3467 1858 3540 Θεῷ.
1887 3469 1996 3523 Καὶ

390 3565 494 3619 ὅτι
528 3561 690 3615 τοῦτο
716 3559 906 3627 σώζει,
956 3562 1232 3633 ἐπήγαγε,
1283 3561 1510 3627 Πιστός
1533 3564 1567 3616 ό
1602 3563 1810 3632 λόγος,
1837 3578 1998 3632 μονο-

391 3654 571 3725 νουχὶ
589 3653 785 3724 λέγων,
803 3653 1009 3725 Μηδεὶς
1037 3653 1359 3719 ἀπιστείτω,
1385 3653 1521 3726 φησι
1544 3669 1562 3686 ο
1585 3654 1673 3709 διὰ
1696 3655 1793 3725 τῆς
1809 3671 1997 3709 τεκνοδ

390 3747 603 3817 γονίας
622 3745 886 3810 σώζονται
916 3763 931 3779 ’
964 3747 1028 3800 οὐ
1089 3747 1201 3818 γάρ
1250 3747 1369 3800 ἐστι
1396 3746 1557 3801 τοῦτο
1590 3747 1811 3820 μικρὸν,
1839 3748 1900 3801 τὸ
1928 3748 1998 3801 τὰ

387 3836 641 3893 δοθέντα
672 3838 863 3893 παιδία
894 3840 1023 3909 παρ’
1057 3837 1249 3903 αὐτοῦ,
1293 3837 1470 3893 ταῦτα
1500 3837 1649 3911 αὐτῷ
1674 3837 1972 3893 ἀναθεῖναι.

490 4124 512 4158 ε
542 4105 615 4160 Εἴ
632 4121 718 4168 τις
747 4103 1054 4176 ἐπισκοπῆς
1087 4103 1363 4176 ὀρέγεται,
1396 4100 1564 4157 καλοῦ
1605 4101 1769 4174 ἔργου
1801 4103 1994 4157 ἐπιθυ-

400 4199 529 4270 μεῖ.
561 4198 654 4250 Δεῖ
671 4190 766 4251 οὖν
785 4195 877 4251 τὸν
913 4196 1211 4250 ἐπίσκοπον
1248 4214 1269 4248 ι

486 4289 604 4342 οὐκ
622 4286 865 4357 ἐγκαλῶ,
890 4287 1025 4357 φησι
1047 4304 1062 4319 υ
1095 4287 1433 4358 προστασίας
1463 4287 1572 4359 γὰρ
1588 4286 1749 4361 ἔργον
1773 4288 1911 4352 ἑστι,
1945 4288 2000 4342 ei

403 4397 508 4441 τις
534 4378 734 4451 ταύτην
754 4378 869 4451 ἔχοι
906 4378 1005 4451 τὴν
1032 4378 1351 4450 ἐπιθυμίαν,
1379 4379 1520 4434 ὥστε
1554 4379 1629 4452 μὴ
1664 4380 1763 4451 τῆς
1792 4381 1991 4452 ἀρχῆς,

406 4471 521 4527 καὶ
556 4473 653 4546 τῆς
672 4472 766 4526 ἀπ’
791 4472 962 4543 αὐτῆς
994 4472 1162 4543 τιμῆς
1194 4471 1442 4540 ἐφίεσθαι
1482 4474 1664 4542 μόνον.
1709 4471 1873 4528 Ἀλλὰ
1903 4477 1996 4529 καὶ

2072 3366 2227 3422 licet
2299 3368 2729 3435 educationem,
2776 3378 2836 3425 ut
2891 3388 3002 3426 non
3043 3373 3205 3427 modo
3239 3389 3339 3444 per
3394 3388 3493 3429 vos
3548 3375 3683 3445 ipsa:

2098 3458 2263 3514 salvae
2296 3459 2441 3525 sitis,
2467 3474 2656 3516 verum
2680 3466 2846 3516 etiam
2883 3477 2982 3534 per
3001 3462 3159 3518 alios.
3193 3461 3486 3519 Enimvero
3518 3465 3685 3521 salva:

2098 3553 2255 3619 ﬁunt,
2317 3555 2448 3624 quia
2478 3553 2715 3610 athletas
2773 3553 2883 3610 Deo
2918 3556 3194 3610 nutriunt.
3249 3554 3521 3628 Quodque
3576 3557 3683 3614 hoc

2096 3643 2179 3701 eis
2204 3643 2480 3700 conducat
2514 3644 2580 3700 ad
2606 3648 2867 3713 salutem,
2904 3648 3090 3701 intulit
3118 3649 3204 3703 his
3238 3648 3426 3719 verbis
3457 3668 3469 3703 :
3508 3646 3669 3703 Fide«

2097 3736 2164 3791 lis
2194 3752 2387 3792 sermo.
2419 3738 2592 3803 Quasi
2630 3737 2780 3793 dicat
2818 3754 2832 3790 :
2860 3737 3034 3794 Nemo
3090 3750 3314 3795 revocet
3347 3740 3401 3795 in
3427 3740 3681 3805 dubium,

2097 3829 2230 3900 quin
2249 3845 2344 3901 per
2374 3831 2615 3886 ﬁliorum
2647 3831 3063 3903 generationem
3094 3832 3331 3888 salutem
3367 3832 3680 3888 obtineant.

2096 3918 2218 3975 Non
2264 3919 2417 3976 enim
2457 3920 2562 3975 hoc
2592 3922 2858 3993 exiguum
2887 3918 3095 3990 aliquid
3124 3926 3234 3986 est,
3268 3919 3413 3975 ﬁlios
3448 3918 3559 3976 Deo
3593 3920 3689 3979 de-

2097 4011 2244 4079 dere,
2265 4014 2358 4083 qui
2400 4013 2468 4069 ab
2507 4015 2741 4085 ipsomet
2772 4013 2888 4070 dati
2943 4021 3093 4071 sunt.
3562 4012 3569 4019 '

2171 4121 2191 4155 ι
2218 4104 2276 4159 Si
2328 4105 2457 4176 quis
2498 4105 2886 4175 episcopatum
2952 4103 3254 4172 desiderat,
3296 4104 3504 4161 bonum
3539 4121 3686 4178 opus

2096 4195 2392 4251 desiderat.
2422 4194 2651 4267 Oportet
2670 4211 2803 4268 ergo
2832 4197 3153 4268 episcopum
3197 4216 3216 4250 ι

2148 4284 2269 4345 Νοιι
2306 4289 2494 4359 culpo,
2521 4287 2720 4358 inquit.
2752 4287 2909 4358 Opus
2946 4289 3149 4358 quippe
3171 4286 3461 4359 regiminis
3497 4298 3602 4355 est,
3638 4293 3687 4348 si

2115 4382 2242 4453 quis
2275 4380 2376 4435 hoc
2432 4379 2772 4435 desiderium
2806 4379 2996 4444 habet,
3049 4386 3107 4433 ut
3139 4395 3316 4451 neque
3361 4381 3686 4452 primatum,

2099 4490 2280 4545 neque
2339 4473 2603 4527 honorem
2641 4471 2738 4543 qui
2798 4485 2863 4526 ex
2902 4485 2968 4526 eo
3011 4472 3408 4544 consequitur,
3437 4482 3687 4529 tantunt~

402 4564 521 4634 τῆς
554 4563 889 4634 προστασίας
916 4563 1017 4616 οὐκ
1064 4563 1281 4632 ἐγκαλῶ
1303 4581 1318 4596 ο
1354 4565 1476 4617 ἐπεὶ
1534 4565 1630 4618 καὶ
1665 4566 1905 4636 Μωῦσῆς
1936 4568 1993 4634 ἐξ

2119 4567 2264 4619 nodo
2314 4564 2522 4633 cupiat.
2576 4563 2724 4631 Quin
2754 4578 2855 4617 nec
2909 4563 3199 4636 regiminis
3234 4564 3481 4639 studipm
3514 4574 3643 4620 taxo
3672 4584 3684 4619 :

403 4651 593 4726 ἀρχῆς
622 4652 812 4707 τοῦτον
843 4652 969 4725 ἔσχε
1002 4654 1093 4709 τὸν
1138 4653 1325 4727 ζῆλον,
1365 4655 1460 4709 τοῦ
1520 4657 1842 4711 ἐπισκοπεῖν
1868 4659 1996 4722 τοὺς

409 4744 688 4813 ἀδελφοὺς
710 4744 900 4800 αὑτοῦ.
1418 4756 1427 4764 ‘

492 4856 514 4889 ι
568 4837 961 4908 Ἀνεπίληπτον
990 4834 1154 4906 εἶναι,
1202 4856 1223 4891 ι

484 4930 588 4984 Διὰ
619 4930 749 5001 μιᾶς
793 4927 991 4995 λέξεως
1020 4932 1200 4984 πᾶσαν
1228 4929 1390 4985 αὐτὸν
1420 4928 1621 5004 ἀρετὴν
1651 4933 1794 5005 ἔχειν
1821 4951 1996 5007 προσ-

405 5018 596 5087 ἔταξε.

493 5131 515 5164 ι
551 5113 697 5177 Μιᾶς
719 5112 978 5179 γυναικὸς
1005 5111 1195 5185 ἄνδρα,
1222 5113 1517 5185 νηφαλέον,
1560 5114 1836 5189 σώφρονα,
1868 5119 1996 5173 κόσ-

411 5223 568 5279 μιον,
605 5206 902 5276 φιλόξενον,
930 5206 1281 5273 διδακτικδν,
1330 5209 1408 5279 μὴ
1444 5209 1723 5280 πάροινον,
1750 5212 1827 5283 μὴ
1862 5212 2000 5284 πλή-

405 5317 576 5370 κτην,
601 5302 676 5371 μὴ
698 5300 1084 5372 αἰσχροκερδῆ,
1101 5300 1218 5353 ἀλλ’
1238 5301 1483 5372 ἐπιεικῆ,
1506 5301 1745 5373 ἄμαχον,
1765 5303 1999 5376 ἀφιλάρ-

406 5407 619 5464 γυρον,
638 5390 733 5446 τοῦ
764 5390 891 5445 ἰδίου
924 5391 1075 5446 οῐκου
1114 5391 1295 5456 καλῶς
1327 5393 1781 5465 προϊστάμενον,›
1901 5437 1935 5469 ο

488 5573 611 5627 Ἵνα
643 5573 718 5643 μὴ
741 5570 902 5626 τοῦτο
924 5570 1181 5647 ἐμπόδιον
1204 5571 1434 5644 γένηται
1459 5575 1572 5638 τοῖς
1600 5572 1703 5646 ἤδη
1731 5575 2000 5647 ἐσχηκόσι

402 5667 688 5743 γαμετὰς,
719 5668 752 5736 ἢ
784 5667 877 5720 καὶ
914 5666 1053 5738 πρὸς
1092 5664 1508 5738 ἁντιδιαστολὴν
1533 5665 1644 5722 τῶν
1683 5669 1835 5737 παρὰ
1871 5668 2006 5722 ’1ου-

485 5849 537 5881 ⁸³
571 5845 710 5905 Gen.
747 5861 832 5913 ιιι,
859 5847 915 5903 6.
1002 5848 1049 5880 ⁸⁵
1084 5845 1257 5903 Exod.
1288 5863 1347 5915 ιι,
1375 5847 1460 5903 ll.

2104 4656 2551 4728 quandoquidem
2580 4666 2637 4711 et
2658 4654 2879 4728 Moyses
2910 4655 3087 4726 prima
3115 4663 3276 4711 atate
3316 4656 3423 4712 hoc
3454 4659 3687 4712 azmula-

2105 4761 2194 4808 tus
2228 4758 2335 4814 est,
2372 4757 2429 4803 ut
2457 4746 2719 4804 fratribus
2757 4750 2876 4804 suis
2912 4746 3263 4819 prospiceret
3288 4750 3357 4804 ".

2124 4861 2143 4895 ι
2172 4839 2716 4911 Irreprebcnsibilem
2767 4854 2913 4905 esse,
2953 4858 2972 4890 ι
3442 4828 3447 4833 ’

2171 4929 2287 4986 Una
2324 4931 2568 4986 dictione
2603 4944 2777 5000 genus
2834 4945 2997 4985 omne
3040 4930 3260 4986 virtutis
3285 4927 3602 4987 habendum
3631 4931 3692 4986 ei

2105 5023 2462 5096 praescripsit.

2168 5113 2340 5171 Unius
2368 5114 2559 5170 uxoris
2584 5114 2789 5178 virum,
2818 5114 3092 5178 sobrium,
3125 5112 3482 5183 prudentem,
3508 5129 3682 5171 orna—

2102 5216 2238 5274 tum,
2302 5207 2654 5279 hospitalem,
2717 5207 3055 5262 doctorem:
3116 5204 3321 5279 [νειιε.
3357 5205 3510 5280 5-5]
3568 5223 3680 5263 non

2100 5300 2465 5365 vinolentum,
2518 5315 2628 5356 non
2678 5314 3245 5370 percussoremmon
3302 5302 3482 5373 turpis
3538 5302 3680 5357 lucri

2101 5391 2383 5461 cupidum,
2422 5391 2517 5448 sed
2546 5390 2881 5457 modestum,
2912 5407 3026 5448 non
3067 5392 3393 5464 litigiosum,
3436 5410 3547 5449 non
3575 5410 3679 5450 cu-

2102 5483 2317 5556 pidum,
2342 5482 2529 5539 domui
2559 5498 2675 5540 sua:
2710 5484 2849 5540 bene
2881 5484 3261 5555 praepositum,
3300 5503 3324 5539 ι

2161 5572 2242 5630 Ne
2268 5574 2373 5630 hoc
2406 5574 2521 5630 illis
2559 5574 2956 5646 impedimento
2994 5575 3086 5640 sit,
3117 5575 3211 5647 qui
3242 5576 3351 5647 jam
3384 5585 3511 5632 ante
3540 5590 3681 5632 uxo-

2101 5678 2196 5724 res
2212 5664 2507 5735 duxerint;
2535 5666 2621 5724 vel
2650 5666 2717 5724 ad
2743 5665 3116 5724 diﬁcrentiam
3141 5666 3431 5725 doctorum
3453 5667 3676 5727 διωκο-
