3998 6388
609 350 744 415 1007
1701 346 1763 405 S.
1795 345 2115 407 JOANNIS
2154 349 2583 416 DAMASCENI
3673 375 3768 445 1008

609 482 754 529 rum,
790 463 992 533 quibus
1028 461 1111 517 fas
1151 470 1271 517 erat
1315 462 1452 516 duas
1483 461 1647 516 etiam
1697 477 1899 518 uxores
1929 461 2134 518 habere
2169 482 2182 517 :

2216 473 2261 529 Α
2289 467 2462 533 δαίοις
2487 471 2849 537 διδασκάλων,
2875 467 2958 539 οἷς
3013 474 3142 546 ἐξῆν
3171 478 3262 530 καὶ
3291 478 3382 534 δύο
3405 481 3556 552 ἔχειν,
3579 487 3688 565 ὅπερ
3707 503 3772 553 καὶ

609 558 660 612 id
691 554 838 626 quod
873 555 1046 624 magis
1082 562 1518 610 consentaneum
1555 561 1659 608 est.

1194 562 1518 610 sentaneum
1555 561 1659 608 est.
2293 560 2524 631 ἁρμόζει
2549 563 2773 632 μᾶλλον.

678 667 697 700 ι
726 645 897 702 Filios
950 647 1242 702 habentem
1275 645 1533 702 subditos
1567 662 1692 701 cum
1718 645 1869 701 omni
1899 635 2180 704 castitate.

2365 671 2384 706 ι
2418 653 2596 708 Τέκνα
2661 656 2854 726 ἔχοντα
2886 657 2944 710 ἐν
2993 660 3240 732 ὑποταγῇ
3275 662 3412 730 μετὰ
3442 666 3604 739 πάσης
3635 677 3775 744 σεμνά.

604 737 660 791 Si
690 737 814 808 quis
847 745 1030 791 autem
1057 737 1244 792 domui
1275 751 1388 792 suae
1417 750 1651 806 praeesse
1679 735 1878 802 nescit,
1907 735 2183 805 quomodo

2287 762 2466 816 τητος.
2504 747 2565 800 Εἰ
2596 747 2655 801 δέ
2686 765 2768 812 τις
2790 748 2882 803 τοῦ
2915 749 3046 804 ἰδίου
3069 751 3216 804 οίκου
3251 754 3542 824 προστῆναι
3562 735 3646 814 οὐκ
3670 735 3768 834 οἰόε,

602 827 861 882 Ecclesiae
886 827 984 882 Dei
1043 827 1381 898 diligentiam
1423 826 1734 881 habebit?»

2287 837 2406 901 πῶς
2444 838 2773 909 Ἐκκλησίας
2809 841 2946 894 Θεοῦ
2974 843 3402 913 ὲπιμελήσεται;
3428 865 3444 898 ι

668 919 948 974 Condecet
974 918 1122 974 enim
1160 927 1268 973 ute
1309 933 1369 973 re
1408 918 1716 972 domestica
1751 919 2001 990 exempla
2042 934 2185 990 prie-

2358 931 2452 983 Δεῖ
2473 932 2582 998 γὰρ
2638 932 2802 987 αὑτὸν
2839 934 3052 987 οἴκοθεν
3084 936 3458 1006 παρασχέσθαι
3484 941 3548 992 τὰ
3580 947 3776 1012 caputhi-

602 1011 750 1073 beat,
788 1025 952 1080 posse
987 1024 1046 1065 se
1070 1019 1219 1065 recte
1250 1009 1397 1065 ﬁlios
1455 1007 1759 1065 secundum
1793 1009 1960 1066 Deum
2017 1011 2181 1066 insti-

2285 1041 2496 1095 γματα,
2529 1025 2605 1088 ὡς
2657 1025 2838 1090 καλῶς
2876 1025 3168 1097 δυνήσεται
3214 1027 3285 1082 τὰ
3322 1029 3462 1082 κατὰ
3505 1031 3622 1085 Θεὸν
3661 1036 3777 1091 τέκνα

605 1112 781 1157 tuere.

2282 1115 2525 1168 διοικεῖν.

669 1192 841 1251 Vens.
872 1185 926 1248 θ.
965 1210 984 1246 ι
1017 1191 1141 1248 Non
1168 1191 1528 1266 necphytum,
1550 1209 1617 1248 ne
1643 1193 1698 1248 in
1730 1193 2047 1264 superbiam
2071 1193 2184 1248 ela-

1845 1193 2047 1248 erbiam
2071 1193 2184 1248 ela-
2360 1225 2378 1256 ι
2417 1207 2508 1278 Μὴ
2541 1207 2819 1276 νεόφυτον,
2848 1207 2938 1261 ἵνα
2971 1207 3046 1278 μὴ
3077 1207 3369 1283 τυφωθεὶς,
3406 1227 3424 1260 ³

601 1296 722 1344 ιυε.
756 1305 776 1339 ι
3535 1327 3542 1337 .

663 1378 802 1432 Eum
851 1378 985 1433 dicit
1018 1377 1114 1449 qui
1153 1393 1328 1449 nuper
1383 1377 1638 1434 eruditus
1671 1377 1765 1444 sit,
1799 1391 1909 1431 non
1943 1375 2036 1448 qui
2075 1375 2166 1446 ju-

2352 1386 2456 1440 Τὸν
2481 1387 2677 1442 νεωστὶ
2720 1387 3103 1458 κατηχημένον
3146 1387 3315 1455 λέγει,
3360 1388 3421 1441 οὺ
3467 1387 3554 1442 τὸν
3575 1389 3775 1464 νεώτερον

598 1471 773 1526 nioris
791 1470 992 1526 aetatis.

2280 1481 2346 1551 τῇ
2384 1478 2594 1550 ἡλικίᾳο
3420 1499 3426 1507 ·

658 1583 677 1616 ι
711 1564 767 1618 in
793 1564 1072 1635 judicium
1104 1564 1312 1619 incidat
1340 1564 1568 1620 diaboli.
1606 1584 1624 1617 ι

2357 1590 2376 1622 ι
2404 1572 2514 1645 Εἰς¹
2542 1575 2716 1644 κρῖμα
2747 1571 2967 1645 ἐμπέσῃ
2989 1570 3084 1624 τοῦ
3117 1570 3390 1627 διαϐόλου.
3436 1589 3455 1623 ι

660 1654 716 1708 1d
743 1663 847 1720 est,
901 1655 955 1710 in
1011 1653 1258 1709 eamdem
1301 1656 1839 1722 condemnationem,
1883 1668 2048 1726 quam
2087 1653 2178 1708 ille

2350 1641 2652 1718 Τουτέστινῗ
2672 1666 2748 1728 εἰς
2778 1641 2876 1733 τὴν
2917 1641 3242 1734 καταδίκην,
3269 1665 3336 1735 ἢν
3365 1665 3564 1728 ἐκεῖνος
3607 1663 3696 1718 ἀπὸ
3712 1665 3775 1736 τῆς

596 1747 666 1802 oh
696 1745 1010 1816 superbiam
1047 1745 1295 1801 sustulit.
2127 1753 2130 1755 '

1281 1786 1295 1800 .
2127 1753 2130 1755 ’
2205 1807 2249 1828 τ’
2281 1756 2540 1820 ἀπονοίας
2572 1756 2854 1828 ὑπέμεινε.

655 1807 827 1893 Ven-5.
880 1838 1001 1893 7-9.
1040 1856 1058 1890 ι
1085 1837 1316 1908 Oportet
1349 1838 1505 1894 illum
1561 1849 1617 1895 ct
1651 1839 2032 1894 testimonium
2068 1839 2170 1894 ha-
2205 1807 2234 1868 Ῑ

2205 1807 2250 1868 Β
2355 1807 2381 1901 «ἡ
2609 1807 2772 1903 asiae
2785 1807 2894 1903 καὶ
2921 1848 3228 1920 μαρτυρίαν
3249 1847 3418 1920 καλὴν
3438 1847 3574 1918 ἔχειν
3599 1849 3688 1902 ἀπὶ
3705 1852 3775 1902 τῶν

597 1933 728 1988 bere
746 1931 953 1986 bonum
990 1933 1061 1986 ab
1082 1931 1151 1986 iis
1186 1930 1280 2001 qui
1311 1929 1444 1986 foris
1468 1940 1619 1998 sunt,
1647 1947 1715 1987 ne
1736 1932 1789 1986 in
1816 1932 2174 2002 opprobrium

2275 1939 2404 2005 ἔξω,
2433 1940 2520 1994 ἵνα
2549 1940 2624 2012 μὴ
2657 1942 2738 2002 εἰς
2768 1939 3076 2010 ὀνειδισμὸν
3125 1940 3366 2012 ἐμπέσῃ,
3404 1939 3495 1991 καὶ
3525 1938 3775 2006 παγίδατοῦ

598 2020 827 2087 incidat,
863 2028 918 2076 et
958 2021 1014 2075 in
1047 2021 1302 2091 laqueum
1330 2020 1566 2076 diaboli.
1608 2020 1888 2078 Diaconos
1918 2021 2175 2078 similiter

2278 2033 2548 2088 διαὸόλου.
2605 2034 2897 2097 Διακόνους
2947 2032 3211 2097 ὡσαύτως
3271 2034 3532 2104 σεμνοὺς,
3587 2032 3652 2103 μὴ
3679 2032 3775 2086 διλό-

595 2111 854 2184 pudicos,
889 2127 1000 2167 non
1031 2111 1331 2184 bilingues,
1394 2127 1504 2166 non
1545 2111 1676 2166 vino
1713 2113 1890 2166 multo
1928 2109 2172 2172 deditos.

2275 2142 2428 2194 γους,
2447 2125 2521 2197 μὴ
2544 2125 2671 2197 οἴνῳ
2691 2124 2870 2196 πολλῷ
2892 2125 3284 2196 προσέχοντας,
3313 2124 3390 2196 μὴ
3419 2124 3774 2196 αἰσχροκερδεῖς·

597 2218 708 2258 non
765 2209 927 2274 turpe
953 2203 1173 2257 lucrum
1203 2211 1507 2267 sectantes,
1540 2201 1808 2259 habentes
1842 2203 2168 2274 mysterium

1708 2213 1808 2259 “es
1842 2203 2168 2274 ιιιγειοτὶυηι
2275 2218 2502 2289 ἔχοντας
2536 2217 2598 2272 τὸ
2628 2217 2932 2290 μυστήριον
2971 2217 3229 2284 πίστεως,
3269 2237 3287 2270 ι

599 2297 749 2363 ﬁdei,
784 2316 800 2350 ι

669 2389 910 2445 Omnino
933 2387 1115 2452 debet,
1150 2386 1349 2458 inquit,
1381 2386 1630 2442 homines
1656 2386 1708 2441 in
1734 2386 1820 2444 sui
1847 2385 2175 2442 admiratio-

2346 2398 2532 2464 Οὕτως
2551 2397 2779 2470 ὀφείλει,
2813 2398 2970 2469 φησι,
2998 2395 3312 2467 θαυμαστὸς
3342 2391 3481 2450 εἶναι
3510 2394 3597 2450 καὶ
3609 2393 3771 2458 δίκαιος,

598 2497 722 2538 nem
755 2480 998 2544 trahere,
1024 2488 1078 2535 et
1106 2479 1296 2549 justus
1328 2495 1474 2545 esse,
1515 2486 1576 2533 ut
1603 2479 1674 2534 ab
1711 2478 1965 2550 ipsismet
1995 2477 2174 2532 inimi-

2275 2491 2350 2556 ὡς
2385 2493 2480 2545 καὶ
2509 2493 2635 2556 τοὺς
2693 2491 2924 2562 ἐχθροὺς
2976 2488 3125 2559 αὺτῷ
3168 2490 3493 2560 μαρτυρεῖν.
3528 2486 3717 2557 Ὅμοιον
3739 2485 3775 2538 δί

597 2576 681 2629 cis
709 2573 1083 2629 testimonium
1126 2571 1343 2627 habeat.
1372 2571 1426 2625 ld
1463 2571 1611 2642 quod
1636 2572 1865 2642 perinde
1889 2578 1975 2627 est
2007 2578 2174 2641 atque

2273 2582 2372 2653 τῷ,
2403 2581 2706 2652 Λαμψάτω
2737 2580 2804 2636 τὸ
2841 2580 2968 2651 φῶς
3001 2580 3168 2650 ὑμῶν
3213 2579 3554 2651 ἔμπροσθεν
3589 2575 3689 2634 τῶν
3709 2579 3776 2632 dr-

592 2661 729 2719 i‘llud
791 2661 1014 2718 eﬁ‘atum
1055 2683 1067 2718 :
1102 2659 1303 2716 Luceat
1360 2661 1454 2716 tua:
1479 2672 1654 2718 vestra
1697 2678 1879 2716 coram
1939 2660 2171 2715 [contini-

965 2677 1014 2715 m
1055 2683 1067 2718 :
1102 2659 1303 2716 Luceat
1360 2661 1454 2716 tua:
1479 2672 1654 2718 vestra
1697 2678 1879 2716 coram
1939 2660 2174 2715 Ιιοηιὶηὶ-
2274 2675 2541 2745 θρώπων,

591 2756 688 2811 bus
715 2754 783 2810 ".

663 2866 683 2898 ι
721 2845 778 2900 ln
803 2845 1143 2902 conscientia
1177 2861 1335 2917 pura.
1364 2844 1576 2918 [Vsns.
1612 2845 1839 2919 10-15.]
1866 2845 1930 2900 Et
1962 2845 2016 2900 bi
2049 2845 2174 2917 qui-

2350 2873 2370 2907 ι
2427 2852 2516 2907 Ἑν
2547 2851 2762 2924 καθαρᾷ
2802 2852 3129 2924 συνειδήσει.
3179 2851 3292 2905 Καὶ
3349 2842 3494 2904 οὗτοι
3525 2847 3578 2903 δὲ
3613 2847 3773 2914 Barcina-

590 2939 714 2994 dem
744 2937 1045 3006 probentur
1079 2937 1340 3008 primum,
1381 2949 1436 2993 et
1464 2938 1544 2994 sic
1585 2936 1925 3003 ministrent,
1959 2937 2169 2992 nullum

2273 2944 2555 3012 ζέσθωσαν
2592 2944 2830 3016 πρῶτον,
2880 2939 3000 2996 εἶτα
3051 2940 3500 3006 διακονείτωσαν,
3527 2937 3775 3006 ἀνέγκλητοι

593 3032 801 3086 crimen
849 3030 1135 3085 habentes.
1173 3028 1430 3085 Mulieres
1461 3030 1720 3085 similiter
1773 3029 2026 3100 pudicas,
2061 3043 2168 3083 non

2272 3036 2446 3100 ὄντες.
2498 3037 2768 3099 Γυναῖκας
2803 3032 3067 3097 ὡσαύτως
3120 3031 3355 3104 σεμνὰς,
3420 3032 3493 3102 μὴ
3546 3027 3774 3088 διαϐόλους,

593 3125 968 3190 detrahentes,
1024 3122 1262 3187 sobrias,
1294 3122 1483 3178 ﬁdeles
1525 3122 1580 3177 in
1624 3121 1901 3178 omnibus.
1940 3119 2167 3175 Diaconi

2198 3151 2242 3212 Ο
2272 3125 2595 3195 νηφαλέους,
2629 3123 2825 3187 πιστὰς
2855 3124 2912 3177 ἐν
2940 3125 3128 3177 πᾶσιν.
3163 3123 3418 3176 Διὰκονοι
3447 3121 3667 3174 ἔστωσαν
3690 3117 3775 3187 μιᾶς

593 3217 709 3273 sint
735 3217 900 3273 unius
923 3219 1115 3271 uxoris
1147 3215 1273 3281 viri,
1307 3216 1400 3286 qui
1425 3214 1551 3270 ﬁliis
1585 3215 1702 3270 suis
1733 3214 1874 3280 bene
1903 3213 2166 3284 praesint,

2201 3199 2242 3212 υ
2272 3216 2533 3285 γυναικὸς
2564 3214 2778 3284 ἄνδρες,
2821 3215 3027 3268 τέκνων
3078 3199 3260 3277 καλῶς
3294 3208 3685 3285 προῖστάμενοι,
3715 3208 3771 3260 καί

591 3322 647 3365 et
704 3311 823 3366 suis
885 3310 1166 3366 domibus.
1223 3307 1326 3376 Qui
1394 3308 1538 3364 enim
1611 3308 1752 3362 bene
1815 3305 2168 3369 ministrant,

2271 3307 2378 3361 τῶν
2408 3306 2552 3359 ἰδίων
2575 3304 2762 3358 οἴκων.
2786 3307 2850 3358 Οἰ
2901 3305 3010 3374 γὰρ
3057 3305 3239 3368 καλῶς
3268 3304 3682 3375 διακονήσαντες,
3714 3298 3774 3368 βσ-

587 3402 823 3476 gradum
849 3401 1052 3457 bonum
1079 3401 1183 3456 sibi
1219 3401 1534 3472 acquirunt,
1568 3410 1622 3455 et
1644 3400 1870 3454 multam
1909 3397 2166 3452 ﬁduciam

2273 3399 2407 3470 ομὸν
2445 3399 2660 3462 ἑαυτοῖς
2691 3397 2856 3451 καλὸν
2893 3396 3331 3468 περιποιοῦνται,
3362 3395 3457 3449 καὶ
3479 3392 3658 3462 πολλὴν
3682 3390 3771 3458 παῤ-

591 3496 646 3551 in
684 3494 812 3560 ﬁde,
873 3509 995 3565 qua:
1027 3501 1112 3550 cst
1139 3495 1192 3549 in
1249 3493 1472 3548 Christo
1505 3490 1657 3548 Jcsu.
1696 3490 1822 3546 [laxe
1840 3490 1937 3544 tibi
1961 3489 2168 3553 scribo,

2273 3493 2466 3563 ρησίαν
2494 3493 2550 3546 ἐν
2581 3493 2761 3545 πίστει
2798 3491 2866 3545 τὰ
2919 3494 2978 3544 ὲν
3031 3492 3255 3562 Χριστῷ
3302 3488 3504 3560 Ἰησοῦ.
3535 3485 3693 3541 Ταῦτά
3723 3499 3772 3534 σοι

589 3601 822 3658 sperans
853 3601 939 3640 me
967 3585 1034 3640 ad
1077 3593 1129 3640 te
1148 3584 1308 3656 263
1356 3583 1544 3639 venire
1577 3583 1709 3638 cito.
1749 3580 1804 3636 Si
1839 3591 2022 3636 autem
2055 3587 2168 3634 tar-

2228 3585 2498 3656 rpa'zsw.
2551 3584 2784 3648 ἐλπίζων
2826 3583 3002 3638 ιλοεῖν
3042 3583 3180 3654 πρὸς
3232 3581 3292 3635 σὲ
3360 3581 3566 3651 τάχιον.
3625 3572 3770 3630 Ἐἁνδὲ

593 3677 819 3744 davero,
860 3685 920 3732 ut
950 3677 1096 3733 scias
1118 3675 1398 3748 quomodo
1425 3682 1678 3746 oporteat
1709 3682 1761 3730 te
1793 3675 1848 3728 in
1882 3674 2044 3729 domo
2076 3672 2169 3728 Dei

2273 3674 2539 3747 βραδύνω,
2572 3675 2659 3729 ἴνα
2694 3674 2863 3747 εἰδῇς,
2897 3674 3014 3738 πῶς
3049 3676 3129 3729 δεῖ
3161 3677 3217 3729 ὲν
3247 3675 3387 3744 οἴκῳ
3419 3671 3550 3724 Θεοῦ
3575 3663 3767 3734 ἀναστρέι

594 3769 937 3834 conversari,
984 3783 1108 3840 quae
1133 3779 1218 3823 est
1256 3767 1504 3824 Ecclesia
1539 3766 1633 3822 Dei
1671 3767 1799 3834 vivi,
1840 3767 2093 3820 columna
2117 3771 2172 3819 et

2271 3767 2489 3838 φεσθαι,
2523 3768 2643 3839 ἥτις
2673 3767 2820 3821 ἐστὶν
2877 3765 3175 3838 Ἐκκλησία
3223 3765 3365 3819 Θεοῦ
3405 3763 3617 3828 ζῶντος,
3644 3756 3771 3814 στύὶκ

595 3859 1004 3913 ﬁrmamentum
1030 3857 1300 3913 veritatis.
1334 3875 1352 3910 ι

2273 3861 2364 3913 καὶ
2393 3859 2674 3932 ἑδραίωμα
2709 3860 2809 3931 τῆς
2835 3857 3115 3931 ἀληθείας.
3149 3876 3166 3910 ι

666 3949 781 4005 Hoc
808 3959 911 4015 est,
960 3949 1052 4021 qui
1109 3957 1259 4005 recta
1295 3948 1399 4005 ﬁde
1443 3949 1695 4006 instructi
1737 3949 1871 4014 sint,
1925 3945 2170 4017 nihilque

2341 3951 2653 4018 Τουτέστιν,
2683 3949 2850 4023 ὀρθὴν
2879 3949 3103 4020 ἔχοντας
3133 3948 3344 4013 πίστιν,
3385 3948 3481 4002 καὶ
3508 3944 3658 4018 μηδὲν
3680 3935 3771 4004 αὐτῇ

593 4041 769 4098 dolosi
794 4042 845 4097 ei
875 4040 1236 4098 admisceant.

2269 4045 2377 4100 τῶν
2404 4043 2594 4098 δολίων
2625 4043 3039 4111 ἐπεισάγοντας.

663 4131 830 4189 Vens.
870 4132 957 4188 16.
995 4151 1015 4184 ι
1055 4130 1122 4186 Ει
1164 4131 1452 4190 manifeste
1503 4149 1757 4206 magnum
1812 4142 1898 4189 est
1948 4131 2169 4203 pietatis

2345 4157 2362 4189 ι
2395 4136 2506 4190 Καὶ
2535 4133 2981 4206 ὁμολογουμένως
3019 4134 3161 4204 μέγα
3191 4133 3310 4188 ἐστί
3337 4134 3399 4187 τὸ
3437 4135 3534 4204 τῆς
3559 4125 3772 4184 εὐσεϐείας

580 4231 1023 4282 sacramentum.
1063 4224 1208 4281 Deus
1242 4227 1624 4282 manifestatus
1659 4225 1825 4282 estin
1859 4240 2044 4280 carne.
2072 4242 2092 4275 ι

1884 4240 2044 4280 :arne.
2072 4242 2092 4275 ι
2259 4227 2591 4304 μυστήριον.
2620 4225 2754 4290 Θεὸς
2783 4226 3104 4298 ἐφανερώθη
3131 4227 3189 4279 ὲν
3223 4228 3414 4299 σαρκί.
3444 4244 3463 4278 ι

659 4316 739 4374 Ne
764 4317 896 4372 mihi
927 4316 1292 4373 tintinnabula
1318 4306 1653 4384 narraveris,
1689 4316 1905 4388 inquit;
1931 4332 2001 4371 ne
2027 4314 2167 4371 San-

2343 4319 2435 4389 Μή
2461 4334 2556 4388 μοι
2577 4318 2738 4392 είπῃς
2765 4318 2893 4381 τοὺς
2922 4317 3199 4383 κώδωνας,
3218 4321 3407 4389 φησὶν,
3425 4319 3556 4391 μηδὲ
3579 4315 3639 4371 τὰ
3661 4311 3772 4377 ’Ᾱτιίι

589 4419 678 4466 cta
710 4417 1051 4472 sanctorum,
1085 4424 1153 4465 ne
1190 4425 1466 4466 summum
1507 4408 1869 4466 sacerdotem.
1923 4407 2167 4464 Ecclesia

2267 4408 2378 4462 τῶν
2405 4409 2597 4478 ἁγίων,
2636 4407 2771 4478 μηδὲ
2801 4407 2892 4462 τὸν
2930 4407 3213 4479 ἀρχιερέα.
3245 4409 3452 4473 Στύλος
3488 4407 3600 4462 ἐστὶ
3635 4401 3775 4472 τῆςοί-

579 4509 677 4557 -est
727 4498 879 4555 orbis
934 4498 1225 4562 columna;
1284 4504 1687 4554 sacramentum
1733 4510 1992 4568 magnum
2043 4503 2158 4561 est,

2198 4480 2244 4537 Ῐ)
2271 4502 2547 4572 κουμένης
2595 4499 2630 4570 ἡ
2673 4496 3001 4570 Ἐκκλησία·
3057 4497 3154 4551 καὶ
3202 4498 3508 4568 μυστήριόν
3555 4497 3684 4556 ἐστι,
3717 4488 3774 4541 καὶ

591 4606 658 4646 ac
679 4590 903 4662 pietatis
954 4596 1402 4655 sacramentum;
1456 4588 1621 4660 idque
1660 4588 1716 4644 in
1751 4587 2010 4644 confesso
2053 4594 2168 4654 est,

2272 4593 2436 4664 μέγα,
2462 4589 2555 4645 καὶ
2589 4590 2870 4654 εὐσεϐείας
2900 4590 3220 4662 μυστήριον,
3249 4590 3346 4645 καὶ
3377 4584 3774 4659 ὁμολογουμένως,

590 4697 700 4738 non
729 4683 784 4737 in
816 4679 1068 4751 ancipiti.
1107 4679 1243 4735 Nam
1282 4680 1387 4735 hoc
1421 4687 1506 4736 est
1529 4679 1924 4736 indubitatum.

2267 4685 2332 4738 οὐ
2363 4682 2732 4754 ζητουμένως.
2775 4680 3168 4752 Ἀναμφίσολον
3195 4682 3304 4753 γάρ
3332 4682 3503 4736 ἐστιν.

667 4791 684 4824 ι
717 4771 1060 4828 Justiﬁcatus
1089 4779 1176 4829 est
1207 4771 1260 4826 in
1290 4772 1513 4844 spiritu.
1547 4791 1567 4824 ι
1684 4824 1687 4826 ,

1684 4824 1687 4826 ,
2347 4793 2369 4828 ι
2416 4773 2738 4844 Ἐδικαιώθη
2767 4774 2826 4827 ὲν
2861 4772 3155 4844 πνεύματι.
3189 4793 3207 4827 ι

660 4862 740 4916 lta
771 4864 1035 4934 loquitur,
1067 4864 1328 4934 quoniam
1354 4865 1447 4921 ille
1480 4866 1573 4937 qui
1599 4863 1872 4922 consimili
1913 4862 2076 4919 modo
2107 4877 2174 4918 ac

2343 4863 2516 4920 Τοῦτό
2545 4882 2733 4936 φησιν,
2763 4865 2844 4920 ὅτι
2878 4865 3200 4937 μεταλαϐὼν
3243 4867 3478 4937 αἵματος
3512 4865 3596 4918 καὶ
3633 4855 3775 4930 σαρκὸς

591 4968 692 5008 nos
720 4954 1068 5024 participavit
1093 4969 1315 5011 carnem
1352 4964 1407 5012 et
1437 4955 1780 5028 sanguinem,
1818 4970 2164 5026 nequaquam

2277 4955 2676 5029 παραπλησίως
2705 4957 2860 5028 ἡμῖν,
2886 4958 2988 5010 οὐκ
3007 4945 3263 5027 ἐποίησεν
3293 4956 3586 5028 ἁμαρτίαν,
3605 4949 3702 5007 οὐδὲ
3721 4943 3777 5000 εὑ·

591 5055 878 5114 peccatum
925 5045 1170 5110 admisit,
1226 5061 1328 5102 nec
1382 5048 1636 5106 inventus
1664 5058 1752 5104 est
1787 5047 1948 5104 dolus
1983 5049 2040 5104 in
2073 5063 2169 5103 ore

1688 5058 1752 5104 εει
1787 5047 1948 5104 dolus
1983 5049 2040 5104 in
2073 5063 2169 5103 ore
2279 5049 2410 5121 ρέθη
2441 5047 2593 5113 δόλος
2617 5051 2676 5103 ὲν
2712 5047 2792 5119 τῷ
2823 5049 3055 5120 στόματι
3081 5048 3267 5105 αὐτοῦ.

591 5150 735 5206 eius.

669 5246 687 5278 ι
739 5228 1006 5298 Apparuit
1031 5230 1261 5300 angelis,
1287 5230 1617 5302 praedicatus
1647 5241 1731 5288 est
1751 5232 2024 5303 gentibus,
2047 5247 2169 5288 cre-

2354 5251 2371 5284 ι
2400 5231 2578 5302 Ὤςρθη
2603 5231 2882 5300 ἀγγέλοις,
2907 5231 3183 5303 ἐκηρύχθη
3207 5232 3264 5286 ὲν
3289 5231 3522 5298 ἔθνεσιν,
3551 5222 3777 5287 ἐπιστεύθη

592 5318 739 5376 ditus
771 5329 858 5376 est
887 5319 943 5374 in
971 5323 1196 5388 mundo,
1231 5332 1546 5394 assumptus
1575 5331 1658 5379 est
1685 5325 1741 5378 in
1775 5323 1972 5398 gloria.
2015 5343 2034 5375 ›

1632 5331 1658 5377 .ι
1685 5325 1741 5378 in
1775 5323 1972 5398 gloria.
2015 5343 2034 5375 ›
2276 5325 2334 5380 ἐν
2372 5327 2581 5397 κόσμῳ,
2610 5323 2886 5396 ἀνελήφθη
2918 5327 2975 5378 ἐν
3006 5324 3153 5395 δόξῃ.
3196 5343 3211 5376 ι

1224 5414 1377 5470 CAP.
1437 5415 1526 5470 IV.
1789 5399 1792 5404 ’
2311 5407 2345 5440 ο
2471 5409 2481 5420 ’

1789 5399 1792 5404 ’
2311 5407 2345 5440 ⁸
2471 5409 2481 5420 ’
2877 5417 3132 5472 uses/1.
3180 5416 3253 5474 A'.

661 5504 828 5562 Vens.
873 5507 990 5562 1-5.
1035 5527 1056 5560 ι
1104 5506 1344 5578 Spiritus
1398 5517 1578 5565 autem
1633 5509 1930 5568 manifeste
1983 5513 2164 5568 dicit:

2355 5531 2373 5564 ι
2420 5512 2493 5565 Τὸ
2526 5511 2584 5565 δὲ
2607 5509 2826 5580 πνεῦμα
2851 5509 3038 5581 ῥητῶς
3061 5509 3231 5579 λέγει,
3253 5510 3338 5564 ὅτι
3367 5512 3426 5564 ἐν
3457 5507 3677 5581 ὑστέροις
3695 5515 3775 5554 και·

591 5597 719 5668 quia
751 5597 808 5653 in
858 5599 1180 5654 novissimis
1231 5600 1579 5671 temporibus
1617 5601 1903 5658 discedent
1938 5604 2165 5675 quidam

1938 5604 2165 5675 quidam
2281 5607 2393 5676 ροῖς
2423 5603 2824 5674 ἀποστήσονταί
2857 5619 3005 5667 τινες
3042 5603 3143 5670 τῆς
3177 5603 3436 5668 πίστεως.
3470 5622 3488 5656 ι

590 5703 623 5745 a
657 5689 778 5746 ﬁde.
815 5709 835 5743 ι

673 5807 719 5838 ’⁸
753 5806 946 5863 Matth.
977 5824 1028 5874 ν,
1062 5807 1149 5862 16.
