3998 6412
213 3155 250 3172 κ

301 379 438 448 1009

1402 383 1476 443 IN
1517 383 1758 442 EPIST.
1790 383 1887 441 AD
1933 381 2393 442 TIMOTIIEUM
2434 385 2482 443 Ι.

3422 345 3557 450 imo

372 496 534 548 Ὥστε
573 494 666 547 καὶ
709 493 930 563 ἄγγελοι
965 493 1083 564 μεθ’
1117 492 1278 564 ἡμῶν
1319 489 1459 547 εἶδον
1494 495 1585 548 τὸν
1615 492 1743 547 Υίδν
1776 493 1869 546 τοῦ

2049 492 2238 562 Itaque
2264 493 2482 564 angeli,
2516 494 2979 563 quemadmodum
3011 502 3066 549 ct
3099 509 3200 549 nos
3233 489 3324 548 Dei
3357 491 3555 550 Filium

291 587 453 650 Θεοῦ,
489 587 760 658 πρότερον
784 587 880 656 οὐχ
916 585 1171 656 ὁρῶντες.

373 697 390 729 ι
420 677 791 747 Προσέχοντες
817 677 1091 747 πνεύμασι
1121 676 1362 741 πλάνοις,
1384 677 1478 730 καὶ
1505 674 1874 739 διδασκαλίαις

290 769 622 838 δαιμονίων,
673 769 731 821 ὲν
771 769 948 840 ὐποκρ
975 785 1059 821 σει
1093 768 1464 838 ψευδολόγων,
1510 784 1876 839 κεκαυτηρια-

293 863 514 932 σμένων
559 861 658 932 τὴν
698 859 836 914 ἰδίαν
888 861 1219 931 συνείδησιν,
1277 861 1595 914 κωλυόντων
1648 861 1872 929 γαμεῖν,

289 953 597 1024 ἀπέχεσθαι
624 954 953 1024 βρωμάτων,
983 951 1019 1006 δ.
1045 954 1072 1006 ὁ
1101 952 1233 1017 Θεὸς
1259 952 1474 1007 ἔκτισεν
1513 953 1594 1016 εἰς
1636 951 1873 1022 μετάλη-

287 1048 389 1115 ψιν
424 1045 566 1116 μετὰ
597 1046 970 1117 εὐχαριστίας,
1003 1048 1116 1110 τοῖς
1139 1049 1372 1112 πιστοῖς,
1406 1047 1502 1100 καὶ
1529 1045 1872 1114 ἐπεγνωκόσι

289 1137 391 1209 τὴν
418 1139 700 1209 ἀλήθειαν.
737 1157 756 1190 ι
1293 1147 1306 1156 “

364 1229 458 1294 Ei;
489 1230 795 1302 Μανιχαῖον
820 1229 914 1285 καὶ
940 1232 1248 1304 Μαρκίωνα
1276 1232 1450 1286 ταῦτα
1483 1231 1661 1286 πάντα
1697 1228 1867 1299 λέγει.

368 1427 387 1460 ι
428 1408 553 1462 Ὅτι
588 1410 699 1463 πᾶν
729 1409 936 1481 κτίσμα
963 1410 1098 1464 Θεοῦ
1127 1412 1312 1474 καλὸν,
1334 1411 1429 1465 καὶ
1453 1410 1607 1464 οὐδὲν
1630 1408 1872 1481 ἀπόϐλη-

288 1518 384 1553 τον
411 1501 550 1570 μετὰ
576 1501 929 1573 εὐχαριστίας
952 1503 1385 1574 λαμϐανόμενον.
1426 1502 1742 1571 ’Δγιάζεται
1762 1501 1870 1572 γὰρ

287 1591 382 1645 διὰ
409 1592 566 1661 λόγου
581 1592 734 1646 θεοῦ
778 1594 872 1646 καὶ
905 1596 1219 1660 ἐντεύξεως.
1253 1593 1440 1648 Ταῦτα
1479 1594 1870 1660 ὑποτιθέμενος

288 1681 407 1743 τοῖς
435 1680 710 1752 ἀδελφοῖς,
737 1681 902 1747 καλὸς
935 1682 1033 1754 ἔσῃ
1057 1683 1305 1747 διάκονος
1342 1683 1517 1754 Ἰησοῦ
1547 1680 1807 1754 Χριστοῦ.
1843 1700 1861 1733 ι

1977 598 2343 652 conspexere,
2378 599 2539 654 quem
2575 594 2704 639 ante
2732 601 2839 640 non
2873 585 3150 640 viderant.

2052 696 2070 724 ε
2103 676 2468 732 Attendentes
2517 677 2808 748 spiritibus
2862 680 3110 743 erroris,
3167 687 3222 733 et
3281 675 3552 732 doctrinis

1975 765 2399 831 dmmouiorum,
2424 767 2477 822 in
2503 767 2786 840 hypocrisi
2811 769 3152 838 loquentium
3177 767 3550 828 mendacium,

1975 859 2337 914 cauteriatam
2367 861 2684 917 habentium
2715 876 2872 917 suam
2900 862 3300 917 conscientiam
3323 903 3338 925 ,
3369 860 3555 930 prohi-

1975 948 2223 1004 bentium
2254 950 2487 1018 nubere,
2515 951 2795 1006 abstinere
2825 965 2854 1005 a
2884 951 3024 1006 cibis
3051 966 3192 1021 quos
3221 949 3364 1006 Deus
3393 964 3554 1004 crea-

1974 1039 2051 1091 vit
2088 1037 2155 1094 ad
2195 1039 2611 1110 percipiendum
2651 1055 2775 1118 cum
2813 1039 3119 1112 gratiarum
3156 1037 3376 1093 actione
3417 1037 3553 1090 fide-

1971 1129 2118 1185 libus
2139 1171 2153 1196 ,
2185 1142 2236 1187 et
2265 1131 2334 1186 iis
2368 1132 2460 1202 qui
2497 1141 2873 1203 cognoverunt
2905 1132 3214 1187 veritatem.
3248 1149 3267 1182 ι

2045 1217 2171 1275 llaec
2200 1222 2386 1276 omnia
2423 1221 2694 1278 adversus
2726 1221 3092 1276 Manicbaeum
3125 1227 3181 1276 et
3210 1217 3552 1275 Marcionem

1972 1309 2254 1365 dicuntur.

2044 1401 2212 1459 Vens.
2251 1403 2370 1458 4-6.
2404 1421 2423 1456 ι
2451 1403 2593 1471 Quia
2627 1405 2809 1461 omnis
2840 1411 3100 1461 creatura
3129 1401 3225 1458 Dei
3259 1402 3402 1458 bona
3433 1409 3553 1470 est,

1972 1505 2026 1550 et
2056 1495 2196 1550 nihil
2229 1495 2595 1566 rejiciendnm
2628 1495 2775 1567 quod
2822 1512 2947 1552 cum
2980 1495 3288 1567 gratiarum
3335 1493 3556 1549 actione

1972 1587 2297 1658 percipitur.
2334 1587 2726 1646 Sanctiﬁcatur
2759 1590 2904 1646 enim
2941 1605 3039 1660 per
3084 1588 3312 1644 verbum
3354 1585 3448 1642 Dei
3498 1595 3555 1640 et

1973 1681 2304 1736 orationem.
2337 1680 2465 1738 Haec
2500 1698 2816 1754 proponens
2861 1681 3166 1746 fratribus,
3217 1680 3398 1737 bonus
3440 1676 3552 1734 eris

1972 1772 2228 1828 minister
2254 1774 2388 1831 Jesu
2425 1774 2659 1831 Christi.
2694 1795 2714 1828 ι
3043 1783 3049 1788 “

364 1857 468 1911 Δύο
497 1855 709 1929 τίθησιν
755 1857 988 1911 ἐνταῦθα
1015 1857 1284 1928 κεφάλαια
1303 1875 1316 1888 ·
1351 1857 1410 1910 ἓν
1455 1856 1574 1927 μὲν,
1605 1856 1689 1910 ὃτι
1716 1854 1869 1908 οὐδὲν

2045 1864 2146 1920 Hic
2176 1865 2286 1922 duo
2320 1869 2505 1939 capita
2552 1867 2788 1924 statuit:
2823 1883 2995 1923 unum
3042 1866 3298 1938 quidem,
3340 1865 3550 1920 nullam

288 1950 500 2020 κτίσμα
532 1951 713 2004 κοινόν
737 1966 750 1980 ·
781 1949 1032 2022 δεύτερον
1059 1949 1136 2014 δὲ,
1171 1951 1220 2002 εἰ
1250 1949 1344 2003 καὶ
1375 1949 1599 2021 γένηται
1630 1952 1696 2022 τῇ
1731 1949 1868 2002 ὐπο-

1969 1968 2090 2010 rem
2118 1968 2356 2012 creatam
2387 1973 2738 2015 communem
2769 1975 2892 2016 esse
2923 1967 3017 2014 aut
3045 1959 3385 2014 immundam
3416 1976 3429 2012 :
3466 1957 3550 2011 al-

281 2041 454 2110 λήψει
492 2041 692 2108 κοινδν,
732 2041 849 2096 ἀλλ’
896 2043 1040 2113 ἔχεις
1083 2042 1145 2096 τὸ
1181 2042 1507 2114 φάρμακον·
1560 2039 1869 2112 σφραγίσας

1999 2061 2186 2111 erum,
2218 2049 2322 2104 etsi
2355 2049 2637 2119 quidpiam
2685 2051 2770 2105 vel
2823 2051 3142 2121 suspicione
3200 2047 3547 2104 immundum

283 2133 688 2206 εὐχαρίστησον
707 2151 724 2168 ο
759 2133 982 2200 δόξασον
1011 2135 1102 2189 τὸν
1140 2135 1292 2202 Θεὸν,
1323 2135 1416 2190 καὶ
1447 2135 1596 2190 πᾶσα
1627 2132 1872 2205 ἀκαθαρ-

287 2227 383 2282 σία
411 2228 740 2299 ἀφίπταται.

365 2429 388 2464 ο
439 2410 865 2482 Ἐντρεφόμενος
885 2412 999 2471 τοῖς
1029 2408 1207 2478 λόγοις
1237 2410 1337 2479 τῆς
1359 2409 1616 2474 πίστεως,
1646 2408 1742 2462 καὶ
1765 2406 1868 2478 τῆς

276 2504 463 2574 καλῆς
494 2504 867 2568 διδασκαλίας,
968 2501 1452 2574 παρηκολούθηκα.
1493 2520 1512 2554 ι

355 2599 433 2652 Τὸ
463 2599 710 2671 διηνεκὲς
732 2600 832 2670 τῆς
865 2600 946 2662 είς
987 2599 1056 2652 τὰ
1089 2598 1316 2652 τοιαῦτα
1357 2596 1634 2669 προσοχῆς
1667 2594 1863 2666 δηλῶν.

365 2709 385 2742 ς
415 2691 562 2754 -Τούς
595 2690 857 2763 βεϐήλους
888 2690 983 2744 καὶ
1006 2689 1273 2762 γραώδεις
1308 2687 1511 2761 μύθους
1537 2687 1862 2760 παραιτοῦ.»

354 2873 471 2938 Τὰς
504 2872 742 2944 μυθικὰς
782 2873 1053 2927 Ἰουδαίων
1091 2871 1419 2944 παραδόσεις
1449 2869 1619 2938 λέγει.

361 2984 383 3016 r
423 2964 677 3035 Γύμναζε
709 2966 766 3019 δὲ
791 2965 982 3020 ἑαυτδν
1026 2984 1045 3016 ι

365 3057 431 3111 ’0
460 3057 897 3128 γυμναζόμενος,
931 3055 1162 3128 ἱδρῶτας
1197 3053 1311 3126 ἔχει
1337 3051 1586 3117 πολλούς.

361 3169 381 3201 ι
422 3150 564 3221 Πρὸς
587 3148 890 3204 εὐσέϐειαν.
928 3167 947 3200 ι

357 3242 646 3308 Τουτέστι,
677 3241 863 3295 πίστιν
888 3240 1138 3312 καθαρὰν
1169 3241 1263 3294 καὶ
1293 3239 1428 3310 βίον.

361 3353 384 3386 ι
433 3335 500 3386 Ἡ
525 3333 634 3404 γὰρ
679 3332 966 3404 σωματικὴ
1001 3333 1279 3404 γυμνασία
1329 3331 1466 3403 πρὸς
1502 3329 1686 3399 ὀλίγον
1721 3327 1868 3383 ἐστὶν

1972 2138 2233 2204 habetur,
2287 2141 2590 2198 remedium
2647 2142 2704 2198 in
2757 2152 3010 2213 promptu
3065 2158 3230 2208 esse,
3284 2143 3548 2198 nimirum

1967 2231 2352 2302 consignaudo
2384 2233 2592 2305 gratias
2629 2248 2728 2304 age
2757 2253 2769 2289 :
2800 2235 3032 2307 gloriam
3084 2233 3266 2306 prmbe
3316 2232 3460 2299 Deo,
3496 2239 3552 2288 et

1969 2323 2266 2393 impuritas
2293 2325 2473 2380 omnis
2503 2325 2765 2382 avolabit.

2047 2435 2066 2471 ι
2101 2419 2389 2474 Enutritus
2415 2419 2605 2478 verbis
2639 2419 2764 2476 fidei
2792 2429 2848 2476 et
2873 2419 3031 2477 bona:
3057 2417 3326 2476 doctrina:
3345 2457 3360 2482 ,
3384 2432 3549 2488 quam

1971 2518 2260 2568 assecutus
2293 2525 2372 2567 es.
2409 2528 2428 2562 ι

2040 2603 2338 2659 Assiduam
2369 2618 2500 2675 erga
2534 2603 2640 2660 ista
2669 2605 3038 2661 attentionem
3071 2602 3380 2675 praeferens

2039 2693 2207 2749 Vsns.
2252 2693 2305 2748 7.
2335 2713 2354 2746 ‹
2381 2693 2598 2766 ineptas
2652 2705 2837 2750 autem
2881 2704 2936 2751 et
2983 2691 3162 2749 aniles
3215 2691 3552 2764 quazstiones

1970 2785 2168 2842 devita.
2201 2807 2220 2839 ι

2043 2878 2348 2936 Fabulares
2376 2877 2691 2935 Iudaeorum
2725 2879 3054 2937 traditiones
3082 2878 3240 2934 dicit.

2047 2989 2065 3020 ι
2099 2970 2310 3025 Exerce
2343 2981 2526 3026 autem
2563 2971 2795 3042 leipsum
2831 2991 2850 3025 ι

2041 3059 2144 3124 Qui
2176 3074 2236 3114 se
2265 3067 2516 3126 exercet,
2547 3060 2706 3116 valde
2737 3059 2993 3117 desudat.

2045 3165 2064 3201 ι
2093 3149 2176 3204 Ad
2201 3151 2484 3220 pietatem.
2504 3169 2522 3202 ι

1894 3208 1938 3266 C
2042 3241 2100 3296 id
2132 3208 2218 3298 est
2252 3243 2410 3299 fidem
2440 3251 2498 3298 et
2527 3244 2694 3298 vitam
2728 3260 2944 3315 puram.

2042 3332 2212 3390 Vens.
2255 3334 2310 3389 8.
2339 3353 2357 3387 ι
2385 3333 2522 3390 Nam
2558 3336 2870 3406 corporalis
2908 3335 3235 3392 exercitatio
3267 3336 3334 3390 ad
3369 3336 3552 3392 modi-

264 3427 632 3500 ὠφέλιμοςοή
649 3426 706 3480 δὲ
725 3427 1000 3492 εὐσέϐεια,
1018 3426 1154 3497 πρὸς
1173 3425 1351 3480 πάντα
1366 3422 1641 3493 ὠφέλιμός
1659 3425 1828 3478 ἐστιν.
1844 3442 1862 3476 ι

2005 3442 2097 3481 um
2133 3426 2396 3498 prodest,
2428 3426 2607 3498 pietas
2635 3436 2818 3498 autem
2851 3427 2918 3483 ad
2953 3427 3138 3483 omnia
3177 3427 3328 3484 utilis
3357 3436 3465 3483 est.
3493 3447 3513 3479 ο

353 3518 520 3581 Τινὲς
542 3517 672 3590 περὶ
695 3517 949 3589 νηστείας
963 3515 1122 3570 τοῦτό
1147 3533 1310 3587 φασιν
1327 3514 1598 3588 εἰρῆσθαι.
1630 3516 1866 3583 Ἀπαγε’

265 3614 392 3666 οὐκ
423 3611 541 3664 ἔστι
571 3608 860 3682 σωματικὴ
891 3607 1193 3679 γυμνασία,
1234 3607 1370 3663 ἀλλὰ
1397 3607 1767 3678 πνευματική.
1805 3606 1868 3659 Ei

267 3705 398 3775 γὰρ
431 3700 718 3772 σωματικὴ
744 3695 833 3772 ἦν,
863 3700 923 3762 τὸ
961 3700 1124 3768 σῶμα
1153 3698 1384 3770 ἔτρεφεν
1410 3697 1496 3752 ἄν.
1539 3698 1602 3751 Ei
1625 3696 1684 3750 δὲ
1709 3697 1869 3767 τήκει

267 3788 446 3855 αὐτὸ,
484 3788 577 3841 καὶ
605 3787 886 3852 λεπτύνει,
923 3787 1018 3842 καὶ
1054 3786 1363 3863 καεισχύει,
1398 3787 1500 3841 οὐκ
1531 3785 1647 3840 ἔστι
1681 3803 1869 3857 σωμα-

265 3881 438 3952 τική.
485 3881 626 3952 Ἀρα
653 3879 784 3948 περὶ
811 3879 912 3950 τῆς
941 3878 1036 3932 τοῦ
1069 3878 1320 3949 σώματος
1360 3877 1646 3949 ἀσκήσεώς
1679 3896 1868 3950 φησιν,

269 3973 433 4028 ὥστε
483 3972 614 4043 ἡμῖν
663 3971 746 4026 δεῖ
791 3971 890 4043 τῆς
941 3971 1252 4043 γυμνασίας
1303 3971 1402 4042 τῆς
1451 3972 1595 4026 κατὰ
1648 3971 1864 4042 ψυχήν·

271 4063 476 4135 ἐκείνη
512 4063 624 4134 γὰρ
652 4063 753 4116 οὐκ
788 4063 899 4134 ἔχει
926 4063 1140 4135 κέρδος,
1171 4061 1286 4116 ἀλλ’
1310 4062 1490 4132 ὀλίγον
1522 4063 1774 4134 ὠφέλησε
1811 4063 1871 4117 τὺ

275 4157 453 4227 σῶμα
473 4173 486 4185 ο
517 4158 550 4226 ἡ
578 4157 636 4210 δὲ
663 4156 765 4228 τῆς
795 4155 1076 4219 εὐσεϐείας
1115 4156 1368 4227 ἄσκησις,
1414 4156 1505 4210 τὸν
1542 4138 1753 4228 καρπὸν
1775 4157 1871 4210 καὶ

274 4253 343 4306 ἑν
382 4248 460 4322 τῷ
492 4249 740 4322 μέλλοντι
784 4249 1100 4316 ἀποδίδωσι,
1134 4249 1228 4303 καὶ
1268 4248 1503 4304 ἐνταῦθα
1541 4250 1867 4304 ἀνακτᾶται.

372 4450 391 4482 r
450 4430 813 4500 Ἐπαγγελίαν
835 4429 1035 4502 ἔχουσα
1056 4430 1202 4504 ζωῆς
1225 4435 1323 4503 τῆς
1347 4431 1461 4495 νῦν,
1493 4432 1588 4486 καὶ
1611 4432 1711 4503 τῆς
1742 4432 1866 4503 μελ-

279 4523 510 4593 λούσης.
557 4543 575 4576 ι

363 4616 507 4691 Ἄρα
544 4617 640 4670 καὶ
669 4615 901 4670 ἐνταῦθα
933 4617 994 4670 ὲν
1021 4617 1234 4673 ἐλπίσιν
1265 4617 1432 4689 ἐσμὲν
1474 4623 1761 4692 χρησταῖς.
1810 4621 1868 4676 '0

279 4709 400 4779 γὰρ
437 4708 603 4779 μηδὲν
653 4707 832 4779 ἑαυτῷ
875 4708 1153 4775 συνειδὼς,
1181 4710 1276 4763 καὶ
1313 4710 1550 4766 ἐνταῦθα
1584 4713 1865 4783 γάννυται.

292 4800 604 4871 Ὠσπεροῦν
645 4803 742 4854 καὶ
782 4803 811 4855 ὀ
843 4801 1100 4872 πονηρὸς,
1133 4801 1230 4855 καὶ
1283 4801 1518 4856 ἐνταῦθα
1558 4803 1865 4870 κολάζεται.

367 4909 387 4941 ε
416 4891 616 4954 Πιστὸς
639 4892 667 4944 ό
695 4890 875 4960 λόγος,
909 4891 1003 4944 καὶ
1032 4890 1213 4961 πάσης
1247 4891 1522 4964 ἀποδοχῆς
1541 4893 1712 4962 ἄξιος.
1754 4913 1774 4947 ι

359 5063 676 5126 Τουτέστιν,
713 5060 922 5132 ἀληθής
953 5060 1091 5126 ἐστι,
1127 5061 1222 5114 καὶ
1251 5062 1504 5128 ἐνταῦθα,
1535 5065 1628 5117 καὶ
1648 5066 1783 5119 ἐκεῖ.

366 5175 385 5206 ι
423 5156 516 5219 Εἰς
543 5155 703 5209 τοῦτο
732 5153 842 5224 γὰρ
879 5153 1182 5224 κοπιῶμεν,
1229 5155 1324 5207 καὶ
1366 5154 1759 5228 ὀνειδιζόμεθα,
1789 5159 1872 5211 ὅτι

275 5249 604 5320 ἠλπίκαμεν
635 5248 730 5303 ἐπὶ
773 5249 894 5320 Θεῷ
932 5247 1118 5314 ζῶντι,
1152 5248 1211 5309 ὃς
1255 5250 1372 5300 ἐστι
1423 5249 1606 5321 σωτὴρ
1654 5251 1873 5305 πάντων

272 5339 616 5411 ἀνθρώπων,
640 5341 734 5394 καὶ⁵
764 5341 1001 5412 μάλιστα
1031 5337 1262 5393 πιστῶν.
1293 5339 1649 5411 Παράγγελλε
1674 5341 1871 5409 ταῦτα,

274 5434 384 5489 καί
417 5433 657 5489 δίδασκε.
689 5452 707 5486 ι

356 5524 654 5580 Τουτέστι·
696 5525 842 5592 τίνος
881 5527 991 5599 γὰρ
1017 5528 1181 5583 ἓνεκα
1223 5529 1499 5598 κόπτομεν
1531 5529 1780 5594 ἑαυτοὺς,
1825 5531 1872 5582 εί

269 5617 369 5691 μὴ
400 5618 467 5671 τὰ
502 5617 766 5689 μέλλοντα
797 5620 1236 5691 προσεδοκῶμεν;

366 5727 386 5761 r
430 5709 638 5779 Μηδείς
681 5727 777 5765 σου
818 5712 916 5783 τῆς
955 5711 1210 5783 νεότητος
1251 5715 1690 5785 καταφρονείτω,
1740 5716 1873 5769 ἀλλὰ

257 5798 461 5860 τύπος
492 5798 642 5868 γίνου
667 5799 774 5856 τῶν
804 5802 1030 5868 πιστῶν,
1066 5803 1122 5856 ἐν
1157 5801 1316 5875 λόγῳ,
1348 5806 1405 5859 ἐν
1446 5808 1780 5876 ἀναστροφῇ,
1816 5808 1873 5859 ἐν

1905 6019 1934 6031 θο

2041 3517 2276 3584 Quidam
2312 3519 2467 3573 aiunt
2496 3518 2600 3574 hoc
2626 3519 2694 3575 de
2719 3518 2932 3589 jejunio
2966 3518 3178 3574 dictum
3206 3534 3352 3576 esse.
3403 3521 3550 3590 Apa-

1971 3613 2081 3681 go:
2113 3624 2223 3664 non
2257 3610 2362 3666 hoc
2387 3618 2474 3666 est
2513 3611 2834 3666 exercitatio
2875 3611 3181 3681 corporalis
3202 3649 3218 3678 ,
3249 3611 3346 3667 sed
3391 3609 3555 3681 spiris

1974 3703 2162 3759 tualis.
2214 3701 2350 3757 Nam
2387 3703 2434 3759 si
2467 3702 2776 3774 corporalis
2813 3709 2992 3769 esset,
3041 3716 3246 3774 corpus
3288 3702 3549 3757 nutriret.

1973 3793 2072 3850 Sin
2109 3810 2240 3852 vero
2283 3794 2421 3850 illud
2458 3809 2801 3851 marcescere
2833 3793 2967 3849 facit
2996 3801 3050 3850 et
3085 3801 3367 3859 attenuat,
3401 3792 3553 3863 ejus-

1971 3900 2079 3956 que
2111 3887 2256 3941 vires
2291 3885 2517 3954 atterit,
2553 3885 2857 3956 corporalis
2889 3901 2999 3942 non
3046 3886 3234 3944 fuerit.
3285 3887 3457 3959 igitur
3486 3887 3556 3942 de

1976 3976 2377 4032 exercitatione
2421 3974 2673 4045 corporis
2705 3974 2970 4045 loquitur,
3001 3984 3058 4029 ut
3093 3990 3121 4029 e
3154 3991 3213 4030 re
3249 3983 3437 4029 nostra
3483 3977 3554 4030 sit

1971 4065 2136 4138 264
2165 4063 2554 4121 exercitationi
2585 4064 2760 4118 animi
2791 4078 3012 4135 operam
3062 4063 3218 4119 dare.
3263 4063 3360 4118 llla
3403 4063 3551 4118 enim

1971 4157 2110 4212 nihil
2142 4156 2458 4228 compendii
2487 4155 2688 4220 habet,
2718 4169 3028 4227 parumque
3052 4155 3279 4224 prodest
3304 4155 3549 4225 corpori.

1969 4249 2201 4307 Pietatis
2229 4257 2410 4305 autem
2438 4249 2798 4312 exercitatio,
2834 4263 2956 4303 cum
2991 4247 3044 4301 in
3076 4261 3192 4302 aevo
3219 4245 3409 4301 futuro
3436 4245 3553 4301 fru-

1970 4350 2122 4399 ctum
2157 4343 2444 4408 retribuit,
2481 4350 2597 4396 tum
2625 4349 2677 4396 et
2708 4341 2760 4395 in
2794 4339 3052 4410 praesenti
3087 4347 3322 4395 recreat.

2051 4453 2069 4487 ι
2097 4433 2531 4491 Promissionem
2564 4433 2781 4490 habens
2812 4432 2937 4487 vitae
2957 4473 2972 4499 ,
3005 4447 3130 4502 quae
3160 4446 3308 4486 nunc
3339 4439 3425 4486 est
3447 4470 3462 4497 ,
3497 4439 3553 4486 et

1900 4551 1944 4606 ο
1974 4527 2193 4585 futurae.
2226 4544 2244 4578 ι

2045 4618 2221 4690 Igitur
2250 4632 2398 4673 nunc
2429 4632 2655 4688 quoque
2690 4617 2744 4673 in
2777 4632 2876 4690 spe
2904 4615 3050 4673 bona
3078 4631 3387 4672 versamur.
3418 4612 3551 4668 Nam

1971 4713 2065 4782 qui
2107 4709 2246 4764 nihil
2287 4709 2393 4765 sibi
2434 4710 2698 4766 conscius
2735 4718 2854 4776 est,
2891 4709 2981 4764 hic
3011 4709 3180 4764 etiam
3219 4707 3550 4762 oblectatur.

1972 4798 2449 4868 Quemadmodum
2484 4799 2664 4856 malus
2694 4799 2822 4854 istic
2853 4813 3076 4870 quoque
3095 4812 3288 4874 pinnas
3323 4797 3444 4850 luit.

2046 4891 2212 4948 Vens.
2252 4891 2307 4949 9.
2339 4911 2358 4944 ι
2388 4892 2592 4948 Fidelis
2646 4906 2829 4949 sermo
2870 4897 2926 4948 ct
2973 4890 3122 4945 omni
3174 4889 3554 4961 acceptatioue

1971 4985 2191 5056 dignus.
2214 5003 2232 5035 ι

1989 5089 1992 5092 ’
2043 5074 2162 5131 Hoc
2195 5083 2316 5142 est,
2346 5090 2514 5130 verus
2545 5084 2632 5132 est
2653 5115 2666 5140 ,
2696 5089 2823 5130 cum
2859 5076 2948 5131 hic
2971 5117 2986 5142 ,
3017 5083 3131 5131 tum
3170 5075 3303 5130 illic.

2045 5165 2212 5223 Vens.
2257 5166 2347 5231 10,
2389 5165 2477 5220 Η.
2509 5184 2527 5218 ι
2559 5165 2618 5221 In
2651 5166 2754 5222 hoc
2782 5167 2930 5222 enim
2974 5167 3292 5223 laboramus
3336 5173 3392 5221 ct
3435 5181 3556 5220 ma-

1975 5259 2288 5322 ledicimur,
2326 5257 2456 5328 quia
2489 5273 2779 5328 speramus
2809 5259 2863 5312 iu
2896 5257 3067 5313 Drum
3097 5259 3281 5313 vivum
3301 5299 3318 5326 ,
3344 5257 3440 5328 qui
3472 5267 3555 5309 est

1973 5351 2219 5407 salvator
2239 5350 2486 5403 omnium
2512 5349 2798 5404 hominum
2817 5390 2831 5415 ,
2861 5348 3100 5403 maxime
3124 5349 3387 5404 fidelium.
3411 5346 3546 5401 Prat-

1972 5443 2097 5511 cipe
2123 5442 2238 5496 haec
2265 5448 2318 5497 et
2344 5440 2501 5496 doce.
2525 5459 2544 5491 ι

2035 5533 2094 5590 ld
2141 5542 2269 5589 est:
2319 5531 2502 5588 Eccur
2549 5535 2696 5588 enim
2749 5533 3030 5589 laboribus
3061 5549 3162 5589 nos
3192 5531 3554 5597 conﬁcimus,

1975 5626 2080 5682 nisi
2115 5640 2204 5681 res
2234 5625 2452 5681 futuras
2482 5627 2884 5696 speraremus?

2045 5718 2207 5774 Vens.
2252 5717 2341 5782 12,
2379 5717 2462 5772 i5.
2499 5737 2517 5768 ‹
2549 5717 2720 5772 Nemo
2755 5716 3186 5772 adolescentiam
3234 5728 3380 5770 tuam
3416 5729 3554 5769 con-

1976 5819 2184 5868 temnat
2211 5827 2225 5878 ;
2256 5812 2351 5867 sed
2381 5811 2693 5882 exemplum
2729 5819 2852 5866 esto
2883 5810 3126 5866 fidelium
3152 5853 3165 5878 ,
3194 5812 3248 5865 in
3278 5809 3467 5865 verbo.
3498 5807 3550 5860 in
