3998 6382
591 283 732 352 1011
1693 295 1754 356 S.
1798 294 2120 356 JOANNIS
2160 297 2591 368 DAMASCENI
3653 339 3750 408 1m

583 405 1026 470 conversatione,
1065 405 1117 460 in
1154 404 1448 470 charitatc,
1481 405 1534 458 in
1567 406 1764 476 spiritu
1793 447 1807 471 ,
1843 409 1895 462 in
1931 410 2065 475 fide,
2103 409 2156 462 in

584 498 837 527 nnnI:InlA
887 497 1018 527 nn...
1045 497 1204 527 ..ηηῖιιι
1250 497 1467 527 ηηηηιιιι
1496 497 1716 527 Ιηηιειι..ξ
1783 500 2153 527 Α-Ι.Α-ο..ιει...ῑ

2189 413 2229 468 Α
2262 414 2471 486 ἀγάπῃ,
2501 419 2559 470 ἐν
2587 422 2880 527 πνεύματι,
2909 428 2966 480 ἐν
3006 428 3206 495 πίστει,
3238 433 3296 486 ἐν
3329 437 3526 512 ἁγνείᾳ.
3558 404 3749 527 Ἐωςέρῖ

582 498 858 553 castitate.
885 497 1019 562 Dum
1045 497 1228 563 venio,
1249 497 1468 554 attende
1496 497 1717 553 lectioni
1741 545 1753 566 ,
1782 500 2154 555 exhortationi

582 603 626 622 nl
665 591 926 622 rlnnln:-\m
979 610 996 622 .

2261 523 2447 622 Ξομαι,
2501 512 2739 584 πρόσεχε
2778 519 2844 586 τῇ
2891 521 3218 588 ἀναγνώσει,
3253 529 3318 595 τῇ
3372 497 3749 622 ὲαρᾶκλῆξζξξξῇ

581 603 633 648 Ct
664 591 943 646 doctrinae.
979 610 997 643 ι

2259 597 2597 675 διδασκαλίᾳ.
2636 624 2653 656 ι

646 683 888 739 Ostende
914 698 1100 754 opera,
1138 681 1339 756 inquit,
1370 685 1572 742 canitie
1626 685 1790 757 digna
1823 705 1837 742 :
1875 702 1995 758 qua:
2029 687 2156 744 sub-

2263 785 2274 789 *
2334 693 2511 789 "liora
2535 698 2684 789 γὰρ,
2736 703 2924 771 φησὶν,
2967 706 3236 774 ἐπίδειξον
3265 711 3387 778 ἄξια
3424 717 3610 789 πολιᾶς,
3638 724 3666 778 ἃ
3689 735 3755 786 καὶ

581 775 708 830 inde
741 776 909 830 etiam
941 784 1188 830 enarrat.

1072 784 1188 830 τρι.
2260 784 2457 855 ἐφεξῆς
2486 787 2651 857 λέγει.

644 866 811 922 V‘sas.
859 868 945 933 14,
986 871 1072 926 15.
1102 887 1120 922 ι
1150 867 1271 926 Noli
1305 870 1580 942 negligere
1607 872 1839 942 gratiam
1866 888 1989 942 quae
2017 872 2072 928 in
2106 882 2155 929 te

2260 970 2283 979 Α
2318 897 2353 979 ιι
2398 881 2488 951 Μὴ
2518 883 2710 955 ἀμέλει
2754 889 2846 943 τοῦ
2887 892 2946 944 ὲν
2972 895 3053 947 σοὶ
3091 897 3450 968 χαρίσματος,
3493 903 3520 956 δ
3543 907 3671 979 ἐδόθη
3699 930 3755 967 σοι

579 969 692 1026 cst,
723 975 847 1029 quae
881 960 1008 1016 data
1039 969 1122 1018 cst
1156 962 1254 1016 tibi
1301 977 1427 1017 cum
1482 964 1835 1034 impositione
1885 981 2151 1031 manuum

2256 970 2342 1026 διὰ
2365 977 2728 1071 προφητείας,
2755 984 2895 1051 μετὰ
2922 960 3221 1054 ἐπιθέσειος
3243 960 3349 1045 τῶν
3368 960 3555 1066 χειρῶν
3575 960 3736 1071 opaea;

578 1051 926 1123 presbyterii.
962 1051 1088 1108 Haec
1118 1054 1384 1110 meditare
1413 1072 1426 1109 :
1458 1055 1516 1110 in
1543 1056 1664 1112 istis
1691 1065 1834 1114 esto.
1864 1075 1882 1109 ι

2256 1063 2460 1148 τερίου.
2493 1067 2677 1131 Ταῦτα
2713 1076 2932 1141 μελέτα,
2966 1079 3023 1133 ὲν
3048 1071 3258 1147 τούτοις
3295 1084 3420 1150 ἴσθι,
3458 1107 3476 1140 ι

651 1145 975 1200 Doctrinam
1009 1147 1105 1202 ait.
1551 1217 1559 1227 η

1551 1217 1559 1227 .
2309 1145 2438 1224 ¹Τῆς
2466 1157 2819 1230 διδασκαλίας
2842 1169 3026 1238 φησίν.

648 1257 664 1288 ι
697 1235 766 1291 Ut
814 1237 1101 1308 profectus
1144 1249 1274 1296 tuus
1314 1239 1644 1297 manifestus
1674 1241 1749 1296 sit
1784 1242 1838 1299 in
1872 1244 2149 1300 omnibus.

2334 1267 2351 1298 ι
2391 1251 2510 1306 Ἵνα
2536 1271 2629 1306 σου
2661 1255 2692 1324 ἡ
2727 1235 2980 1330 προκοπὴ
3013 1264 3223 1337 φανερὰ
3323 1269 3383 1320 ἐν
3412 1271 3584 1324 πᾶσιν.
3609 1273 3759 1344 Ἔπεχε

576 1327 785 1400 [νεεδ.
819 1328 951 1397 16.]
979 1333 1219 1388 Attende
1254 1333 1356 1388 tibi
1386 1341 1442 1388 et
1472 1333 1780 1390 doctrinae:
1820 1339 1962 1391 insta
1996 1336 2050 1392 in
2081 1338 2152 1390 il-

2259 1341 2496 1412 σεαυτῷ,
2542 1346 2636 1398 καὶ
2669 1349 2733 1417 τῇ
2765 1327 3109 1425 διδασκαλίᾳ,
3153 1327 3382 1426 ὶπίμενε
3425 1359 3610 1424 αὐτοῖς.
3637 1327 3761 1417 Tadio

576 1420 666 1475 lis.
706 1419 821 1476 lloc
855 1422 1000 1476 enim
1035 1423 1283 1493 faciens,
1316 1425 1554 1495 teipsum
1587 1427 1800 1480 salvum
1835 1427 2004 1483 facies
2032 1469 2047 1495 ,
2096 1437 2151 1484 ct

2254 1431 2363 1503 γὰρ
2412 1435 2606 1502 ποιῶν,
2637 1438 2732 1490 καὶ
2788 1443 3016 1498 σεαυτὸν
3053 1444 3271 1513 σώσεις,
3317 1450 3410 1502 καὶ
3452 1451 3569 1513 τοὺς
3591 1454 3763 1507 ἀκούον-

572 1525 668 1581 cos
700 1511 794 1580 qui
827 1523 876 1567 te
907 1513 1161 1568 audiunt.
1202 1533 1221 1566 ι

982 1513 1161 1568 diunt.
1202 1533 1221 1566 ι
2254 1536 2352 1598 τὰς
2379 1549 2493 1589 σου.
2539 1553 2556 1586 ι

639 1599 762 1657 Non
793 1601 846 1657 in
883 1603 992 1659 vita
1020 1605 1197 1661 solum
1219 1647 1234 1672 ,
1269 1607 1366 1663 sed
1389 1616 1442 1664 et
1474 1608 1530 1664 in
1557 1611 1726 1666 verbo
1755 1610 2044 1674 doctrinae.

2325 1630 2417 1700 Μὴ
2444 1632 2502 1684 ἐν
2529 1631 2611 1702 τῷ
2639 1631 2742 1703 βίῳ
2775 1630 2958 1702 μόνον,
2991 1631 3128 1686 ἀλλά
3159 1631 3254 1686 καὶ
3287 1632 3346 1685 ὲν
3373 1631 3450 1702 τῷ
3479 1631 3613 1701 λόγῳ
3636 1635 3697 1705 τῷ
3713 1638 3763 1690 δι·

1217 1783 1349 1842 CAP
1414 1785 1460 1839 ν
2183 1765 2228 1821 Β
2254 1721 2589 1792 δασκαλικῷ.

2183 1765 2228 1821 Β
2254 1721 2589 1792 δασκαλικῷ.

2853 1794 3103 1848 ΚΕΦΑΔ.
3135 1795 3212 1849 ε’.

638 1872 806 1930 Vens.
851 1874 964 1932 1-4.
997 1893 1014 1926 ι
1046 1873 1333 1933 Seniorem
1362 1894 1434 1935 ne
1461 1879 1881 1952 increpaveris:
1915 1884 2013 1940 sed
2045 1885 2148 1941 οι».

2326 1883 2696 1956 Πρεσδυτέρῳ
2739 1887 2814 1958 μή
2856 1887 3188 1958 ἐπιπλήξῃς,
3231 1888 3369 1941 ἀλλὰ
3402 1891 3680 1958 παρακάλει

569 1979 722 2020 secra
750 1973 810 2020 ut
841 1976 1051 2036 patrem
1077 1986 1093 2035 ;
1121 1969 1360 2038 juvenes
1396 1981 1455 2028 ut
1485 1971 1690 2032 fratres
1718 1992 1734 2041 ;
1769 1991 1908 2033 alius
1939 1989 1999 2032 ut
2033 1995 2148 2033 ma-

2256 1976 2486 2046 πατέρα,
2527 1979 2831 2048 νεωτέρους
2881 1979 2957 2042 ὼς
3005 1979 3289 2048 ἀδελφοὺς,
3337 1980 3687 2051 πρεσϐυτέρας
3714 1983 3762 2045 ὡς

569 2069 728 2121 tres;
770 2056 1093 2125 iuvenculos
1144 2068 1204 2115 ut
1257 2077 1515 2128 sorores,
1567 2066 1623 2121 in
1669 2069 1821 2122 onmi
1874 2071 2146 2128 castitate.

2256 2068 2523 2138 μητέρας.
2547 2071 2818 2141 νεωτέρας
2849 2071 2923 2134 ὡς
2953 2070 3188 2138 ἀδελφὰς
3218 2072 3275 2124 ἐν
3318 2069 3468 2141 πάσῃ
3495 2072 3666 2143 ἁγνείᾳ.
3697 2075 3762 2144 χή-

565 2145 777 2206 Viduas
827 2149 1070 2216 honora,
1126 2169 1249 2226 quae
1302 2171 1429 2213 vere
1474 2157 1654 2214 viduae
1712 2169 1858 2217 sunt.
1918 2161 1976 2217 Si
2028 2180 2144 2236 qua:

2256 2174 2353 2227 ρας
2379 2158 2510 2228 τίμα
2537 2159 2635 2221 τὰς
2663 2159 2832 2222 ὅντως
2869 2161 3062 2230 χήρας.
3095 2160 3157 2212 Εἰ
3190 2159 3248 2212 δέ
3291 2175 3376 2223 τις
3401 2160 3543 2232 χήρα
3571 2161 3763 2233 τέκνα,ἢ

567 2248 748 2294 autem
786 2240 954 2296 vidua
999 2241 1140 2299 filios
1178 2253 1274 2299 aut
1321 2257 1548 2319 nepotes
1591 2248 1787 2317 habet,
1818 2251 1998 2311 discat
2031 2256 2146 2326 pri-

1714 2259 1787 2317 at,
1818 2251 1998 2311 discat
2031 2256 2146 2326 pri-
2251 2251 2451 2319 ἔκγονα
2479 2250 2612 2322 ἔχει,
2647 2251 2965 2322 μανθανέτω
2997 2253 3234 2322 πρῶτον,
3275 2273 3293 2305 ι

567 2349 740 2400 mum,
773 2353 793 2385 ι
836 2375 845 2384 .

641 2425 716 2480 De
766 2442 1138 2498 quocunque,
1189 2429 1281 2500 qui
1337 2441 1610 2516 provectae
1662 2433 1736 2489 sit
1783 2437 2144 2502 aetatis,.10-

1697 2433 1736 2489 it
1783 2437 1960 2492 aetatis
1980 2475 1997 2502 ,
2022 2486 2026 2491 .
2060 2437 2144 2493 ιο·
2321 2435 2459 2505 Περὶ
2486 2406 2686 2498 παντὸς
2714 2433 3087 2504 γεγηρακότος
3109 2432 3276 2502 λέγει.

564 2518 772 2588 quitur.

643 2627 661 2660 ι
699 2611 929 2665 Domum
966 2627 1122 2668 suam
1163 2627 1389 2684 regere,
1430 2623 1484 2672 et
1518 2626 1767 2673 mutuam
1812 2619 1986 2675 vicem
2019 2621 2144 2677 red-

2324 2629 2343 2662 ι
2390 2609 2492 2664 Τὸν
2526 2607 2655 2662 ἴδιον
2689 2602 2840 2662 οἷκον
2869 2607 3135 2674 εὐσεϐεῖν,
3177 2607 3271 2660 καὶ
3307 2605 3539 2676 ἀμοιϐὰς
3573 2605 3759 2658 ἀποδιδόι

563 2703 694 2755 dere
727 2701 1072 2769 parentibus.
1125 2701 1240 2759 lloc
1284 2705 1432 2760 enim
1479 2716 1766 2777 acceptum
1813 2717 1901 2764 est
1951 2725 2142 2764 coram

2247 2718 2337 2753 vat
2367 2703 2479 2763 τοῖς
2514 2699 2824 2770 προγόνοις.
2856 2696 3029 2751 Τοῦτο
3065 2697 3171 2770 γάρ
3223 2699 3378 2750 ἐστιν
3411 2696 3682 2750 ἀπόδεκτον
3706 2697 3760 2747 ἐν·

563 2789 697 2846 Deo.
734 2789 930 2860 {Vr-:35,
967 2793 1280 2866 5-7.1Qua2
1307 2801 1491 2851 autem
1532 2812 1659 2852 vere
1694 2798 1860 2854 vidua
1917 2807 2039 2866 est,
2089 2809 2142 2856 et

2245 2791 2417 2845 ὡπιον
2451 2789 2546 2844 τοῦ
2569 2789 2728 2846 Θεοῦ.
2755 2790 2821 2844 Ἦ
2852 2789 2910 2844 δὲ
2931 2789 3100 2853 ὅντως
3124 2789 3291 2860 χήρα,
3308 2789 3405 2842 καὶ
3444 2787 3760 2859 μεμονωμένη,

561 2881 840 2947 desolata,
884 2893 1068 2953 speret
1110 2887 1164 2940 in
1203 2885 1374 2942 Deum
1399 2929 1414 2954 ,
1445 2897 1500 2943 et
1535 2887 1702 2944 instet
1737 2890 2140 2948 obsecrationi-

2245 2884 2477 2956 ἧλπικεν
2507 2883 2599 2936 ἐπὶ
2624 2881 2716 2934 τὸν
2763 2880 2916 2946 Θεὸν,
2955 2881 3052 2935 καὶ
3097 2881 3401 2952 προσμένει
3443 2883 3559 2946 ταῖς
3601 2881 3761 2951 δεήσεσι

563 2974 668 3028 bus
697 2983 753 3029 et
779 2977 1127 3034 orationibus
1163 2986 1329 3035 nocte
1361 2988 1416 3035 et
1444 2980 1553 3036 die.
1590 2980 1725 3036 Nam
1760 2999 1887 3053 quae
1915 2985 1970 3039 in
2001 2985 2142 3042 deli-

2246 2978 2342 3032 καὶ
2372 2979 2492 3040 ταῖς
2523 2975 2854 3048 προσευχαῖς
2885 2975 3106 3041 νυκτὸς,
3137 2975 3232 3030 καὶ
3256 2976 3476 3047 ἡμέρας
3499 2991 3512 3006 ⁸
3542 2977 3574 3044 ἡ
3600 2975 3648 3028 δὲ
3667 2989 3761 3024 σπα-

562 3067 668 3120 ciis
702 3075 816 3131 est,
851 3068 1040 3125 vivens
1069 3080 1285 3126 mortua
1318 3079 1425 3131 est.
1485 3072 1550 3126 Et
1595 3075 1712 3132 haec
1761 3079 2030 3149 praecipe,
2083 3089 2141 3135 ut

2182 3100 2212 3160 Β
2246 3067 2490 3133 ταλῶσα,
2530 3065 2681 3132 ζῶσα
2729 3065 3019 3136 τέθνηκεν.
3066 3067 3177 3120 Καὶ
3224 3065 3402 3121 ταῦτα
3461 3063 3761 3139 παράγγελλε,

565 3159 1077 3228 irrcprehensibiles
1102 3165 1234 3218 sint.
1262 3182 1281 3217 ι

2181 3155 2210 3160 ’ν
2248 3162 2334 3215 ἵνα
2369 3159 2726 3231 ἀνεπίληπτοι
2755 3155 2910 3214 ὦσιν.
2951 3177 2970 3211 ι

625 3248 770 3303 Idem
805 3261 888 3305 est
915 3266 980 3306 ac
1003 3291 1016 3316 ,
1051 3253 1190 3310 bene
1223 3271 1435 3326 gerere.

1375 3272 1434 3313 ἐ.
2327 3253 2474 3307 Ἀντὶ
2511 3251 2629 3317 τοῦ,
2668 3252 2730 3305 εὖ
2758 3253 2954 3305 ποιεῖν.

637 3341 798 3396 Vens.
842 3339 895 3396 8.
930 3361 947 3394 ι
979 3341 1034 3396 Si
1074 3345 1199 3415 quis
1235 3357 1420 3403 autem
1470 3365 1737 3418 suorum,
1792 3359 1848 3408 et
1900 3355 2143 3412 maxime

2323 3363 2342 3393 ι
2383 3343 2446 3397 Εἰ
2487 3344 2545 3398 δέ
2581 3360 2668 3407 τις
2704 3341 2811 3396 τῶν
2853 3341 3022 3406 ἰδίων,
3047 3341 3142 3394 καὶ
3183 3340 3426 3410 μάλιστα
3461 3342 3565 3396 τῶν
3587 3341 3765 3402 οἰκείων,

559 3429 1001 3489 domesticorum
1033 3449 1224 3489 curam
1257 3453 1368 3493 non
1403 3438 1597 3501 habet.
1621 3457 1642 3494 ι

1056 3451 1224 3489 :uram
1257 3453 1368 3493 non
1403 3438 1597 3501 habet.
1621 3457 1642 3494 ι
2244 3436 2305 3489 οὐ
2342 3437 2582 3506 προνοεῖ,
2618 3453 2635 3487 ι

630 3518 738 3575 Eos
799 3521 878 3574 ait
935 3520 1030 3592 qui
1091 3538 1294 3594 genere
1347 3527 1644 3600 propinqui
1699 3538 1886 3600 sunt;
1943 3549 2142 3614 quera—

2314 3527 2456 3591 Τοὺς
2481 3527 2630 3595 γένει
2673 3528 3050 3600 προσήκοντας
3095 3529 3284 3599 φησὶν,
3320 3527 3398 3592 ὡς
3437 3530 3532 3580 καὶ
3571 3524 3761 3614 Ἡσαΐας,

561 3608 854 3665 admodum
879 3619 934 3666 et
969 3611 1141 3672 Isaias
1181 3632 1194 3670 :
1227 3614 1416 3685 Amnes
1448 3619 1654 3688 generis
1688 3623 1768 3676 tui
1815 3640 1919 3680 non
1959 3608 2140 3695 asper-

2251 3617 2397 3685 Τοὺς
2422 3617 2680 3684 οἰκείους
2708 3617 2814 3672 τοῦ
2842 3618 3186 3687 σπέρματός
3217 3632 3339 3672 σου
3373 3618 3486 3686 οὐχ
3519 3613 3762 3684 ὐπερόψει.

557 3700 697 3754 ueris
725 3701 794 3756 ³⁸.

634 3809 652 3840 ι
684 3789 872 3847 Fidem
905 3794 1156 3866 negavit,
1188 3807 1244 3853 et
1276 3807 1362 3856 est
1394 3799 1600 3858 infideli
1635 3803 1900 3862 deterior.
1940 3806 2134 3880 [νειις.

2322 3816 2340 3850 ι
2379 3797 2490 3870 Τὴν
2520 3798 2705 3852 πίστιν
2735 3790 3010 3869 ἤρνηταιῖ
3031 3799 3126 3851 καὶ
3165 3795 3316 3852 ἔστιν
3350 3797 3578 3852 ἀπίστου
3602 3793 3762 3867 χείρων.

557 3880 736 3955 945.]
764 3881 943 3939 Vidua
975 3886 1215 3958 eligatur
1247 3905 1357 3946 non
1391 3891 1580 3952 minus
1631 3898 1915 3970 sexaginta
1965 3914 2136 3956 anno-

2245 3894 2408 3966 Χήρα
2441 3891 2832 3962 καταλεγέσθω
2878 3891 2952 3963 μὴ
2982 3891 3202 3944 ἔλαττον
3239 3890 3382 3944 ἐτῶν
3423 3890 3680 3959 ἐξήκοντα,
3705 3899 3764 3949 γε·

559 3991 679 4030 rum
702 4015 715 4038 ,
746 3993 868 4046 quae
899 3978 1062 4050 265
1095 3979 1263 4038 fuerit
1295 3985 1461 4044 unius
1501 3987 1604 4043 viri
1652 4005 1832 4060 uxor;
1867 3992 1922 4048 in
1957 3983 2138 4065 operi-

2245 3987 2436 4056 γονυῖα
2466 3984 2585 4049 ἑνὸς
2609 3983 2802 4056 ἀνδρὸς
2827 3982 2987 4054 γυνὴ,
3009 3983 3068 4036 ἐν
3093 3982 3275 4054 ἔργοις
3305 3981 3493 4045 καλοῖς
3525 3990 3765 4053 μαρτυρου-

558 4066 662 4122 bus
695 4067 856 4124 bonis
886 4071 1264 4128 testimonium
1291 4074 1540 4134 habens:
1578 4080 1625 4136 si
1664 4079 1809 4139 filios
1843 4084 2135 4152 educavit,

2248 4077 2405 4149 μένη,
2439 4079 2488 4130 εἰ
2524 4076 3012 4148 ἐτεκνοτρόφησεν,
3047 4078 3094 4129 εἰ
3142 4074 3543 4146 ἐξενοδόχησεν,
3573 4073 3616 4125 εἱ
3648 4067 3767 4135 ἁγίων

556 4159 603 4227 si
640 4158 882 4230 hospitio
913 4164 1159 4234 recepit,
1193 4166 1237 4222 si
1272 4176 1593 4227 sanctorum
1643 4173 1812 4242 pedes
1866 4176 2036 4245 lavit,
2089 4179 2135 4238 si

2245 4171 2411 4236 πόδας
2456 4170 2657 4240 ἔνιψεν,
2713 4171 2764 4223 εἱ
2811 4168 3151 4240 θλιϐομένοις
3203 4169 3537 4239 ἐπήρκεσεν,
3570 4165 3613 4218 εἰ
3650 4155 3765 4214 παντὶ

555 4250 971 4316 tribulationem
1009 4257 1348 4326 patientibus
1379 4264 1862 4338 snbministravit,
1897 4273 1943 4331 si
1976 4291 2134 4333 omne

2243 4262 2389 4333 ἔργῳ
2405 4261 2596 4331 ἀγαθῷ
2622 4260 3080 4332 ἐπηκολούθησεν.
3097 4257 3391 4330 Νεωτέρας
3414 4257 3470 4312 δὲ
3495 4257 3653 4328 χήρας
3674 4265 3765 4349 παρ-

555 4360 698 4416 opus
726 4346 929 4404 bonum
961 4352 1258 4413 subsecuta
1292 4363 1402 4414 est.
1430 4357 1919 4423 Adolescentiores
1952 4377 2134 4426 autem

2243 4355 2420 4410 αιτοῦ.
2474 4355 2643 4408 ’Όταν
2692 4355 2802 4426 γὰρ
2857 4353 3374 4425 καταστρηνιάσωσι
3430 4351 3524 4404 τοῦ
3567 4346 3763 4419 Χριστοῦ.

556 4434 755 4491 viduas
799 4435 1004 4494 devita.
1070 4440 1207 4496 Cum
1263 4445 1413 4499 enim
1469 4447 1762 4508 luxuriatae
1818 4454 2032 4514 fuerint
2081 4460 2135 4516 in

2185 4456 2216 4512 D
2243 4452 2444 4520 γαμεῖν
2497 4448 2795 4515 ἐθέλουσιν,
2829 4448 3052 4518 ἔχουσαι
3079 4449 3275 4518 κρῖμα,
3329 4446 3416 4500 ὅτι
3462 4445 3558 4515 τὴν
3600 4439 3764 4510 πρώτην

553 4525 838 4582 Christum
864 4571 879 4595 ,
907 4529 1117 4590 nubere
1145 4533 1371 4601 volunt,
1401 4537 1664 4597 habentes
1689 4542 2132 4616 damnationem.

2248 4543 2433 4596 πίστιν
2477 4540 2771 4612 ἠθέτησαν.
2809 4541 2964 4610 ’Ἅμα
3001 4539 3059 4592 δὲ
3091 4540 3188 4592 καὶ
3231 4539 3402 4611 ἀργαὶ
3446 4535 3763 4610 μανθάνουσιν.

555 4616 685 4685 quia
717 4619 950 4687 primam
989 4621 1156 4678 ﬁdem
1190 4625 1404 4680 irritam
1444 4626 1717 4688 fecerunt.
1749 4634 1923 4691 Simul
1955 4648 2134 4695 autem

2247 4633 2676 4708 περιερχόμεναι
2710 4631 2808 4696 τὰς
2845 4632 3022 4695 οἰκίας
3042 4647 3057 4662 ·
3084 4633 3145 4685 οὐ
3194 4631 3356 4701 μόνον
3391 4630 3447 4682 δὲ
3474 4626 3646 4697 ἀργαὶ,
3673 4617 3762 4674 ἀλλά

551 4719 607 4764 et
659 4710 854 4768 otiosze
907 4712 1133 4771 discunt
1186 4715 1430 4775 circuire
1480 4721 1721 4780 domos:
1785 4743 1897 4783 non
1957 4731 2130 4786 solum

2247 4723 2343 4778 καὶ
2377 4723 2626 4795 φλύαροι,
2657 4722 2751 4776 καὶ
2787 4723 3100 4792 περίεργοι,
3127 4719 3391 4774 λαλοῦσαι
3419 4719 3488 4773 τὰ
3513 4717 3583 4788 μὴ
3608 4712 3760 4767 δέοντα.

555 4801 776 4866 otiosae,
830 4804 925 4859 sed
983 4814 1040 4860 et
1088 4809 1370 4877 verbosae,
1428 4820 1483 4869 et
1529 4816 1800 4886 curiosae,
1849 4821 2134 4892 loquentes

2247 4818 2521 4888 Βούλομαι
2552 4813 2645 4871 οὖν
2671 4815 2943 4886 νεωτέρας
2978 4816 3198 4886 γαμεῖν,
3231 4813 3586 4880 τεκνογονεῖν,
3615 4803 3762 4859 οἰκοδε-

555 4907 678 4958 qua}
705 4909 811 4947 non
845 4906 1080 4966 oportet.
1112 4899 1248 4956 Volo
1274 4919 1406 4976 ergo
1431 4904 1684 4975 juniores
1719 4913 1928 4970 nubere
1948 4958 1962 4982 ,
1995 4918 2134 4973 filios

2247 4912 2492 4973 σποτεῖν,
2527 4907 2795 4979 μηδεμίαν
2818 4907 3073 4986 ἀφορμὴν
3095 4904 3292 4958 διδόναι
3326 4903 3408 4973 τῷ
3443 4896 3757 4986 ἀντικειμένῳ,

558 4995 889 5050 procreare,
930 4991 1382 5050 matresfamilias
1424 5013 1578 5066 esse,
1625 5004 1834 5058 nullam
1889 5009 2137 5066 occasio-

2243 5002 2508 5073 λοιδορίας
2540 5001 2722 5071 χάριν.
2759 4985 2897 5068 Ἤδη
2932 4984 3041 5068 γάρ
3072 5013 3217 5059 τινες
3248 4995 3614 5066 ἐξετράπησαν
3637 4984 3764 5038 ὀπίσω

558 5088 685 5126 nem
714 5075 848 5133 dare
877 5077 1202 5137 adversario
1248 5087 1530 5145 maledicti
1580 5095 1778 5163 gratia.
1821 5095 1943 5152 lam
1991 5101 2137 5156 enim

1092 5083 1202 5137 ario
1248 5087 1530 5145 maledicti
1580 5095 1778 5163 gratia.
1821 5095 1943 5152 lam
1991 5101 2137 5156 enim
2241 5097 2338 5163 τοῦ
2371 5094 2608 5147 Σατανᾶ-
2654 5111 2671 5143 ι

555 5166 801 5236 quaedam
835 5184 1123 5231 conversae
1153 5187 1282 5234 sunt
1313 5189 1462 5238 retro
1493 5183 1778 5246 Satanam.
1812 5209 1831 5241 ι
2209 5201 2214 5205 ‘
3720 5249 3738 5259 -

626 5259 767 5326 Quia
808 5260 1048 5322 infidelis
1081 5267 1192 5335 ille,
1225 5273 1330 5328 etsi
1374 5283 1667 5338 extraneos
1719 5284 1976 5356 despicit,
2002 5304 2131 5359 pro-

2315 5275 2440 5326 ’Ότι
2464 5271 2692 5334 ἐκεῖνος,
2718 5271 2764 5322 εἰ
2796 5269 2890 5321 καὶ
2920 5266 2995 5338 μὴ
3021 5267 3148 5330 τοὺς
3176 5264 3508 5332 ἀλλοτρίους,
3536 5260 3645 5320 τοὺς
3668 5264 3758 5318 γουν

552 5352 790 5424 pinquos
826 5365 1006 5415 tamen
1042 5376 1147 5416 non
1187 5378 1534 5434 aspernatur.
1581 5373 1748 5446 Atqui
1792 5352 1951 5446 [idem
1983 5352 2131 5441 c-orn-

1890 5399 1951 5436 rm
1983 5352 2133 5441 εὀω-
2245 5366 2412 5434 ἐγγὺς
2436 5365 2496 5416 οὐ
2535 5363 2786 5434 περιορᾷ.
2823 5359 2935 5432 Τὴν
2970 5359 3246 5430 συνθήκην
3285 5357 3469 5425 φησίν.

553 5453 772 5513 pactum
809 5447 965 5506 dicit.

624 5537 790 5596 Vens.
835 5543 1026 5601 16-25.
1068 5567 1086 5600 ι
1126 5548 1180 5605 Si
1223 5554 1354 5624 quis,
1402 5557 1484 5613 vir
1560 5572 1652 5618 aut
1704 5566 1900 5629 mulier
1958 5569 2132 5638 fidelis

2320 5593 2335 5625 t
2381 5572 2444 5624 Εἰ
2473 5588 2555 5635 τις
2593 5565 2803 5632 πιστὸς,
2837 5564 2868 5636 ἢ
2897 5562 3064 5642 ,πιστὴ
3111 5561 3222 5634 ἔχει
3264 5563 3458 5632 χήρας,
3501 5547 3756 5625 ἐπαρκείτω

577 5795 580 5798 _
620 5721 666 5752 “
696 5718 803 5776 lsa.
834 5739 988 5797 mn,
1017 5729 1066 5799 7,
1094 5751 1183 5794 scc
1243 5753 1369 5794 ur.
