3998 6434
319 359 455 425 1013

1370 356 1451 416 IN
1492 355 1730 415 EPIST.
1771 355 1867 413 AD
1905 354 2368 415 TIMOTHEUM
2409 355 2455 413 Ι.

3445 353 3584 424 1014

308 474 529 535 αὐταῖς,
567 469 660 526 καὶ
689 471 764 544 μή
795 470 1064 542 βαρείσθω
1105 470 1140 539 ἠ
1181 466 1503 535 Ἐκκλησία,
1538 467 1626 520 ἵνα
1660 467 1780 528 ταῖς
1806 465 1898 518 6v-

2020 466 2166 520 taltet
2210 467 2429 532 viduas,
2483 466 2867 521 subministrct
2907 465 3037 530 illis,
3084 475 3137 522 et
3184 483 3293 522 non
3328 479 3584 540 gravetur

305 581 422 628 τως
452 565 654 636 χήραις
702 565 1005 636 ἐπαρκέσῃ.
1044 561 1108 614 Οἱ
1152 559 1335 623 καλῶς
1374 559 1721 630 προεστῶτες
1767 576 1900 630 πρε-

311 654 594 723 σϐύτεροι,
623 652 816 720 διπλῆς
841 652 1005 721 τιμῆς
1033 647 1431 715 ἀξιούσθωσαν,
1464 647 1700 719 μάλιστα
1731 648 1781 700 οἱ
1805 665 1898 702 κο-

310 761 551 809 πιωντες
577 747 636 798 ὲν
657 744 800 815 λόγῳ
826 744 920 796 καὶ
938 741 1276 812 διδασκαλίᾳ.
1300 741 1462 809 Λέγει
1492 739 1656 811 γάρή
1683 740 1897 811 Γραφή,

312 837 456 892 Βοῦν
489 837 734 892 ἀλοῶντα
778 835 840 888 οὐ
874 832 1164 905 φιμώσεις.
1207 833 1337 896 Καὶ,
1381 833 1562 897 Ἀξιος
1594 835 1621 886 ὁ
1659 833 1900 904 ἐργάτης

313 930 412 986 τοῦ
454 928 648 1000 μισθοῦ
695 927 887 982 αὑτοῦ.
935 925 1092 979 Κατά
1136 924 1516 996 πρεσϐυτέρου
1561 925 1901 996 κατηγορίαν

320 1021 396 1093 μὴ
423 1020 756 1092 παραδέχου,
790 1018 946 1080 ἐκτὸς
979 1018 1027 1070 εί
1064 1016 1139 1086 μὴ
1170 1016 1263 1069 ἐπὶ
1293 1016 1388 1069 δύο
1425 1016 1457 1087 ἦ
1493 1016 1660 1088 τριῶν
1693 1016 1902 1088 μαρτύ-

321 1132 451 1184 ρων.
497 1114 638 1176 Teii;
666 1111 1087 1183 ἁμαρτάνοντας
1137 1108 1370 1162 ἐνώπιον
1416 1109 1636 1174 πάντων
1687 1109 1898 1179 ἔλεγχε,

318 1207 409 1259 ἵνα
450 1205 546 1259 καὶ
576 1206 626 1257 οἱ
665 1202 844 1256 λοιποὶ
886 1202 1049 1271 φόϐον
1083 1201 1271 1272 ἔχωσι.
1306 1200 1764 1271 Διαμαρτύρομαι
1817 1203 1902 1254 ὲν-

315 1298 490 1350 ώπιον
519 1295 614 1349 τοῦ
627 1293 766 1347 Θεοῦ
800 1295 894 1347 καλ⁸
916 1293 1123 1364 Κυρίου
1159 1292 1332 1362 Ἰησοῦ
1365 1291 1627 1362 Χριστοῦ,
1675 1292 1902 1347 καὶτῶν

317 1386 594 1443 ἐκλεκτῶν
611 1386 882 1456 ἀγγέλων,
907 1383 995 1439 ἵνα
1018 1384 1194 1438 ταῦτα
1216 1383 1458 1457 φυλάξῃς
1484 1386 1654 1456 χωρὶς
1677 1386 1904 1458 προκρί.

322 1499 516 1552 ματος,
554 1479 726 1551 μηδὲν
771 1478 940 1531 ποιῶν
983 1477 1126 1531 κατά
1170 1477 1514 1548 πρόσκλισιν.
1567 1479 1772 1550 Χεῖρας
1803 1495 1900 1532 τα-

316 1571 462 1641 χέως
495 1567 686 1640 μηδενὶ
718 1568 972 1632 ἐπιτίθει,
1001 1567 1157 1638 ’μηδὲ
1188 1567 1434 1621 κοινώνει
1477 1569 1777 1638 ἁμαρτίαις
1811 1570 1904 1623 ἁλ-

317 1662 581 1734 λοτρίαις.
614 1660 850 1713 Σεαυτὸν
893 1659 1058 1728 ἁγνὸν
1100 1661 1279 1730 τήρει.
1321 1660 1538 1732 Μηκέτι
1593 1661 1900 1732 ὑδροπότει,

319 1753 438 1808 ἀλλ’
466 1754 591 1823 οἴνῳ
621 1751 804 1823 ὀλίγῳ
831 1751 950 1823 χρῶ
976 1751 1064 1806 διὰ
1107 1751 1200 1805 τὸν
1239 1752 1512 1824 στόμαχόν
1541 1769 1636 1806 σου
1679 1754 1772 1806 καὶ
1803 1753 1902 1817 τὰς

322 1846 537 1909 πυκνάς
564 1862 656 1900 σου
681 1839 995 1910 ἀσθενείας.
1025 1846 1202 1900 Τινῶν
1229 1843 1536 1916 ἀνθρώπων
1556 1847 1610 1898 al
1637 1847 1902 1918 ἁμαρτίαι

319 1938 582 2009 πρόδηλοί
627 1939 758 2003 εισι,
791 1939 1136 2011 προάγουσαι
1177 1940 1258 2003 είς
1293 1938 1504 2010 κρίσιν·
1551 1940 1662 1992 τισὶ
1704 1939 1762 1994 δὲ
1812 1942 1907 1995 καὶ

225 2059 229 2062 ~
313 2028 808 2086 ἐπακολουθοῦσιν.
849 2031 1128 2096 Ὡσαύτως
1170 2031 1264 2086 καὶ
1289 2031 1358 2086 τὰ
1401 2031 1543 2085 καλά
1589 2033 1729 2104 ἔργα
1769 2035 1906 2106 πρό-

315 2121 462 2192 δηλά
484 2123 628 2189 ἐστι,
679 2123 774 2178 καὶ
824 2123 894 2180 τά
935 2123 1111 2188 ἄλλως
1148 2122 1344 2195 ἔχοντα
1392 2125 1662 2196 κρυϐῆναι
1709 2127 1771 2180 οὑ
1813 2127 1908 2194 δύ-

315 2231 500 2270 ναται.
546 2233 568 2267 ι

926 2401 1177 2454 suam.
1215 2402 1305 2468 (τ’.

399 2511 421 2543 ‹
461 2491 622 2547 Ὅσοι
645 2492 783 2550 εἰσὶν
805 2491 911 2546 ὑπὸ
943 2491 1108 2560 ξυγδν
1133 2491 1311 2546 δοῦλοι
1343 2492 1470 2556 τοὺς
1516 2493 1680 2558 ἰδίους
1710 2496 1908 2550 δεσπό-

317 2601 426 2650 τας
455 2585 638 2657 πάσης
655 2585 822 2655 τιμῆς
849 2583 1419 2655 ἀξίουςήγείσθωσαν,
1441 2585 1529 2639 ἵνα
1555 2587 1628 2658 μὴ
1656 2586 1718 2640 τό
1739 2587 1910 2659 ὄνομα

322 2676 423 2731 τοῦ
455 2676 617 2743 Θεοῦ,
658 2676 752 2730 καὶ
780 2677 813 2748 ἡ
844 2675 1164 2730 διδασκαλία
1195 2676 1605 2748 βλασφημῆται.
1639 2681 1702 2733 Οί
1735 2681 1792 2734 δὲ
1821 2700 1911 2736 πι-

325 2768 490 2830 στοὺς
543 2766 760 2837 ἔχοντες
803 2766 1074 2830 δεσπότας
1118 2766 1194 2838 μὴ
1247 2769 1783 2841 καταφρονείτωσαν,
1828 2774 1911 2828 ὅτι

319 2858 548 2926 ἀδελφοί
577 2860 737 2924 εἰσιν,
778 2858 914 2912 ἀλλά
943 2858 1145 2929 μᾶλλον
1172 2859 1596 2928 δουλευέτωσαν,
1627 2863 1710 2917 δτι
1732 2865 1912 2920 πιστοί

319 2952 435 3004 εἱσι
463 2949 560 3004 καὶ
599 2951 898 3022 ἀγαπητοὶ,
936 2951 986 3005 οί
1019 2952 1118 3022 τῆς
1163 2953 1482 3023 εὐεργεσίας
1518 2955 1914 3028 ἀντιλαμϐανόο

324 3059 506 3112 μενοι.
543 3041 728 3096 Ταῦτα
757 3043 976 3097 δίδασκε
1012 3043 1107 3098 καὶ
1144 3045 1476 3116 παρακάλει.
1511 3046 1582 3100 Et
1614 3065 1700 3112 τις
1727 3050 1913 3122 ἑτερο-

2002 560 2272 626 Ecclesia,
2336 568 2391 615 ut
2444 561 2512 616 iis
2552 577 2672 630 quae
2725 577 2851 615 vere
2904 562 3078 616 viduae
3129 572 3278 626 sunt,
3325 562 3580 618 sulliciat.

2000 652 2105 721 Qui
2153 654 2290 709 bene
2336 662 2573 724 prmsunt
2617 653 2943 725 presbyteri,
2981 656 3185 726 duplici
3241 656 3448 712 honore
3488 657 3584 710 ha-
3653 653 3662 658 ’

2001 744 2259 800 beantur.
2321 744 2560 797 maxime
2621 742 2714 812 qui
2771 742 3022 796 laborant
3073 743 3127 797 in
3163 744 3332 798 verbo
3376 753 3430 798 et
3480 743 3582 798 do—

2003 837 2200 892 ctrina.
2265 835 2404 889 Dicit
2462 835 2606 889 enim
2658 833 2985 902 Scriptura:
3040 832 3156 889 Non
3215 834 3470 904 alligabis
3519 848 3582 887 os

2004 926 2124 981 bovi
2159 927 2440 980 trituranti
2489 927 2556 991 ’7;
2589 933 2645 979 et
2673 963 2688 988 ,
2735 924 2945 994 Dignus
2987 934 3072 980 est
3104 924 3398 995 operarius
3439 939 3584 979 mer-

2003 1020 2138 1075 cede
2177 1035 2274 1076 sua
2315 1019 2383 1072 ²⁸.
2419 1019 2694 1074 Adversus
2736 1017 3114 1088 presbyterum
3171 1018 3582 1072 accusationem

2003 1112 2115 1166 noli
2154 1113 2422 1182 recipere,
2455 1110 2561 1166 nisi
2595 1109 2700 1165 sub
2746 1108 2962 1164 duobus
2989 1116 3082 1162 aut
3111 1107 3289 1165 tribus
3330 1108 3581 1165 testibus.

2003 1201 2306 1258 Peccantes
2344 1217 2531 1256 coram
2579 1201 2835 1256 omnibus
2870 1213 3060 1270 argue,
3113 1206 3172 1252 ut
3205 1207 3258 1254 et
3294 1199 3474 1253 caeteri
3511 1199 3586 1252 ti-

2007 1309 2214 1350 morem
2268 1294 2528 1349 habeant.
2585 1293 2842 1348 Obtestor
2887 1305 3075 1346 coram
3122 1289 3234 1346 Deo
3262 1299 3317 1346 et
3352 1289 3586 1344 Domino

2002 1381 2132 1438 Jesu
2159 1383 2405 1445 Christo,
2436 1390 2490 1437 et
2515 1381 2709 1437 electis
2749 1381 2978 1452 angelis,
3030 1389 3089 1435 ttt
3131 1380 3246 1434 haec
3276 1380 3585 1443 custodias,

2005 1479 2126 1534 sine
2174 1475 2518 1547 prmjudicio,
2565 1474 2705 1529 nihil
2752 1473 2962 1530 faciens
3001 1474 3056 1528 in
3105 1474 3332 1528 alteram
3374 1481 3585 1542 partem

2003 1570 2355 1626 declinando.
2391 1569 2587 1625 Manus
2627 1568 2741 1622 cito
2784 1566 2990 1621 nemini
3024 1565 3378 1636 imposueris,
3411 1579 3589 1635 neque

2006 1662 2507 1719 communicaveris
2533 1660 2780 1733 peccatis
2813 1659 3032 1714 alienis.
3067 1657 3329 1728 Teipsum
3370 1664 3584 1711 castum

2007 1758 2246 1813 custodi.
2284 1757 2410 1812 Noli
2448 1756 2632 1810 adhuc
2689 1768 2889 1824 aquam
2947 1752 3159 1816 bibere,
3215 1751 3309 1807 sed
3367 1749 3586 1804 modico

2007 1854 2137 1910 vino
2171 1860 2327 1907 utere
2375 1856 2600 1920 pr0pter
2635 1844 2983 1903 stomachum
3017 1853 3193 1907 tuum,
3245 1851 3299 1898 et
3332 1842 3591 1912 frequen-

2011 1956 2091 2004 tes
2118 1953 2244 2001 tuas
2289 1942 2660 1998 inﬁrmitates.
2707 1937 3082 2006 Quorumdam
3127 1936 3415 1992 hominum
3461 1950 3588 2006 pec-

2009 2045 2133 2095 cata
2188 2034 2488 2092 manifesta
2547 2039 2698 2097 sunt,
2757 2029 3125 2101 prmeedentia
3163 2031 3229 2084 ad
3273 2027 3584 2097 judicium:

2011 2131 2281 2204 quosdam
2329 2135 2512 2184 autem
2540 2134 2592 2181 et
2630 2125 3071 2196 subsequuntur.
3116 2121 3387 2176 Similiter
3415 2129 3470 2176 et
3501 2121 3587 2173 l'a-

2010 2231 2099 2278 cta
2131 2225 2275 2278 bona
2314 2217 2608 2274 manifesta
2653 2223 2806 2283 sunt,
2835 2222 2888 2271 et
2917 2228 3038 2285 quae
3067 2213 3228 2269 aliter
3263 2229 3324 2270 se
3353 2213 3587 2276 habent,

2010 2312 2276 2373 abscondi
2306 2327 2419 2369 non
2457 2317 2711 2383 possunt.
2751 2327 2770 2362 ι

2645 2401 2798 2457 CAP.
2851 2397 2946 2455 νι.

2082 2499 2250 2556 Vsus.
2301 2497 2421 2553 l-5.
2455 2514 2475 2547 ι
2531 2494 2858 2564 Quicunque
2911 2499 3041 2546 sunt
3081 2491 3186 2547 sub
3237 2489 3370 2562 jugo
3418 2491 3588 2554 servi,

2009 2593 2267 2650 dominos
2324 2604 2457 2647 suos
2510 2588 2719 2642 honore
2745 2585 2943 2654 dignos
2988 2583 3352 2651 arbitrentur,
3397 2599 3469 2639 ne
3498 2573 3590 2640 Dei

2011 2701 2213 2742 nomen
2242 2691 2298 2739 et
2323 2681 2575 2738 doctrina
2617 2678 3048 2750 blaspltemetur.
3093 2675 3198 2742 Qui
3231 2684 3414 2731 autem
3455 2676 3591 2732 lide-

2012 2778 2094 2833 ies
2124 2777 2329 2832 habent
2357 2773 2635 2841 dominos,
2668 2784 2778 2825 non
2819 2775 3198 2833 contemnant,
3230 2769 3361 2838 quia
3393 2766 3593 2823 fratres

2014 2878 2178 2934 sunt;
2218 2869 2314 2926 sed
2354 2867 2529 2936 magis
2571 2863 2838 2928 serviant,
2871 2861 3003 2932 quia
3053 2859 3242 2916 ﬁdeles
3271 2866 3478 2916 suntet
3503 2861 3594 2916 di-

2015 2963 2166 3029 lecti,
2198 2960 2293 3032 qui
2345 2956 2602 3014 benellcii
2653 2954 2955 3026 participes
2998 2961 3149 3009 sunt.
3193 2951 3322 3008 Hac
3363 2951 3504 3007 doce
3537 2959 3594 3007 et

2013 3056 2334 3110 exltortare.
2367 3049 2425 3104 Si
2458 3048 2586 3120 quis
2630 3048 2790 3102 aliter
2827 3047 3010 3113 docet,
3043 3056 3101 3103 et
3134 3059 3247 3100 non
3285 3044 3594 3116 acquiescit

317 3134 660 3199 διδασκαλεί,
683 3135 778 3188 καὶ⁸
802 3136 876 3208 μὴ
894 3135 1260 3208 προσέρχεται
1281 3137 1582 3207 ὑγιαίνουσι
1602 3135 1782 3210 λόγοις
1803 3145 1908 3207 τοῖς

2019 3147 2170 3204 sanis
2216 3141 2571 3200 sermonibus
2625 3139 2843 3194 Domini
2893 3137 3074 3195 nostri
3111 3135 3243 3194 Jesu
3288 3137 3514 3203 Christi,
3539 3143 3597 3192 et

318 3223 425 3278 τοῦ
463 3225 667 3296 Κυρίου
723 3224 882 3296 ήμῶν
923 3225 1099 3297 ’Ῑησοῦ
1135 3224 1396 3296 Χριστοῦ,
1425 3225 1525 3281 καὶ
1563 3231 1632 3300 τῇ
1669 3230 1790 3284 κατ’
1823 3230 1912 3283 εὑ-

321 3316 552 3386 σέϐειαν
588 3317 927 3390 διδασκαλίᾳ,
959 3316 1270 3387 τετύφωται
1307 3317 1483 3390 μηδὲν,
1517 3321 1908 3391 ἐπιστάμενος,

318 3409 470 3463 ἀλλὰ
491 3409 663 3463 νοσῶν
691 3411 820 3479 περὶ
845 3407 1104 3480 ζητήσεις
1133 3410 1229 3463 καὶ
1258 3411 1614 3481 λογομαχίας,
1646 3413 1704 3480 ἐξ
1730 3405 1807 3468 ὧν
1830 3415 1913 3483 γί-

318 3517 482 3554 νεται
519 3501 734 3570 φθόνος,
774 3501 941 3572 ἕρεις,
975 3501 1339 3574 βλασφημίαι,
1371 3504 1641 3570 ὑπόνοιαι,
1673 3523 1691 3556 ι

404 3594 686 3658 Τουτέστι,
729 3592 878 3659 δόξαι
914 3594 1009 3648 καὶ
1038 3593 1288 3665 δόγματα
1335 3597 1550 3667 πονηρά
1572 3613 1588 3630 ο
1624 3597 1747 3652 τότε
1781 3600 1912 3671 περὶ

315 3687 467 3741 Θεοῦ
501 3685 538 3740 ἀ
586 3687 662 3757 μὴ
705 3685 804 3750 δεῖ,
856 3687 1312 3759 ὑποπτευόμενοι,
1348 3689 1479 3743 ὅταν
1527 3690 1609 3754 εἰς
1655 3686 1912 3764 ζητήσεις

319 3781 351 3834 ὲ
362 3779 690 3849 μπέσωμεν.

407 3888 427 3922 ι
473 3871 948 3942 Διαπαρατριϐαὶ,
993 3871 1411 3945 διεφθαρμένων
1461 3873 1768 3946 ἀνθρώπων
1815 3877 1912 3930 τὸν

321 3960 480 4024 νοῦν,
511 3963 603 4014 καὶ
625 3962 1090 4034 ἀπεστερημένων
1125 3962 1222 4033 τῆς
1257 3962 1540 4032 ἀληθείας,
1581 3965 1912 4036 νομιζόντων

326 4052 602 4123 πορισμὸν
630 4048 771 4107 εἶναι
818 4053 918 4125 τήν
947 4052 1255 4108 εὐσέϐειαν.
1310 4053 1606 4124 ’Δφίστασο
1643 4056 1754 4110 ἀπὸ
1800 4056 1914 4110 τῶν

323 4143 608 4198 τοιούτων.
640 4141 798 4197 Ἔστι
826 4143 883 4197 δὲ
917 4145 1187 4218 πορισμὸς
1223 4146 1401 4217 μέγας
1426 4147 1460 4216 ἡ
1484 4146 1738 4203 εὐσέϐεια
1774 4148 1912 4219 μετά

329 4233 689 4305 αὐταρκείας.
715 4232 884 4286 Οὐδὲν
906 4233 1016 4306 γὰρ
1040 4235 1440 4308 εἰσηνέγκαμεν
1460 4237 1544 4302 είς
1568 4238 1660 4292 τὸν
1681 4240 1909 4311 κόσμον,

331 4325 494 4394 δῆλον
530 4326 612 4380 ὅτι
643 4324 764 4378 οὐδὲ
807 4324 1112 4395 ἐξενεγκεῖν
1140 4345 1194 4380 τι
1240 4326 1537 4398 δυνάμεθα.
1574 4327 1830 4400 Ἔχοντες
1855 4331 1914 4384 δὲ

333 4418 626 4490 διατροφὰς
651 4418 746 4472 καὶ
769 4417 1155 4489 σκεπάσματα,
1178 4417 1389 4483 τούτοις
1417 4421 1910 4495 ἀρκεσθησώμεθα.

2015 3238 2066 3294 ei
2089 3249 2214 3308 quae
2247 3231 2551 3289 secundum
2583 3230 2840 3300 pietatem
2876 3236 2962 3284 est
2987 3227 3278 3296 doctrinae,
3315 3226 3594 3298 superbus

2013 3337 2121 3393 est,
2147 3327 2288 3384 nihil
2313 3324 2521 3388 sciens,
2554 3322 2650 3378 sed
2695 3320 2963 3392 languens
2991 3320 3140 3376 circa
3173 3318 3513 3390 quaestiones
3539 3323 3594 3372 et

2015 3432 2228 3490 pugnas
2288 3414 2604 3476 verborum,
2661 3425 2726 3466 ex
2786 3408 2991 3481 quibus
3043 3408 3301 3464 oriuntur
3346 3406 3589 3470 invidiae,

2014 3507 2419 3570 contentiones,
2445 3499 2819 3574 blasphemia,
2856 3501 3229 3571 suspiciones,
3275 3518 3294 3552 ι

2085 3599 2145 3654 Id
2185 3604 2290 3663 est,
2348 3595 2646 3666 opiniones
2701 3598 2756 3647 et
2799 3591 3054 3661 dOgmata
3087 3603 3278 3661 prava.
3324 3587 3484 3644 Tunc
3525 3588 3595 3644 de

2014 3691 2129 3747 Deo
2181 3686 2626 3746 existimationes
2664 3683 2978 3739 malesanas
3024 3683 3312 3748 habemus,
3370 3679 3594 3752 quando

2014 3784 2069 3840 in
2095 3780 2429 3854 quaestiones
2458 3777 2776 3833 incidimus.

2085 3877 2254 3933 Vens.
2299 3874 2452 3932 5-10.
2511 3889 2530 3923 ι
2581 3869 3035 3928 Conﬂictationes
3080 3866 3366 3922 hominum
3412 3872 3598 3920 mente

2016 3977 2431 4041 corruptorum,
2463 3972 2520 4021 et
2567 3963 2665 4035 qui
2699 3962 2930 4019 veritate
2979 3959 3176 4030 privati
3211 3964 3364 4020 sunt,
3397 3955 3593 4011 existi-

2016 4063 2284 4120 mantium
2318 4065 2598 4130 quaestum
2631 4071 2756 4113 esse
2786 4056 3072 4126 pietatem.
3113 4051 3209 4122 Est
3232 4057 3420 4105 autem
3448 4063 3599 4117 qum-

2016 4161 2135 4209 stus
2187 4164 2420 4222 magnus
2470 4145 2650 4218 pietas
2697 4160 2824 4200 cum
2857 4141 3237 4222 sullicientia_._
3266 4139 3413 4194 Nihil
3447 4137 3595 4191 enim

2015 4215 2309 4300 intulimus
2363 4241 2420 4296 in
2459 4215 2766 4303 mundum;
2799 4235 2948 4291 haud
2997 4215 3237 4290 dubium
3286 4229 3435 4302 quod
3495 4242 3598 4284 nec

2017 4337 2237 4392 auferre
2270 4331 2402 4405 quid
2434 4335 2733 4403 possimus.
2776 4327 3057 4384 Habentes
3106 4332 3290 4380 autem
3333 4321 3594 4376 alimenta

2016 4436 2070 4485 et
2101 4426 2304 4498 quibus
2333 4430 2611 4496 tegamur,
2652 4421 2741 4476 his
2774 4417 3024 4474 contenti
3055 4418 3249 4472 simus.
3284 4413 3389 4480 Qui
3410 4419 3592 4466 autem

333 4512 398 4564 Ol
437 4510 492 4565 δὲ
526 4510 840 4582 βουλόμενοι
881 4511 1134 4565 πλουτεῖν
1185 4489 1550 4580 ἐμπίπτουσιν
1597 4489 1678 4579 είς
1716 4489 1908 4588 πειρα-

2019 4489 2209 4576 volunt
2271 4489 2472 4572 divites
2522 4514 2662 4580 ﬁeri,
2713 4511 2969 4568 incidunt
3016 4509 3073 4564 in
3123 4507 3505 4572 tentationem,
3535 4511 3590 4559 et

332 4602 494 4674 σμὸν,
536 4602 641 4665 καὶ,
671 4601 896 4672 παγίδα,
931 4601 1025 4655 καὶ
1054 4602 1354 4673 ἐπιθυμίας
1388 4603 1591 4670 πολλὰς
1629 4607 1910 4679 ἀνοήτους,

329 4693 427 4746 καὶ
479 4689 792 4762 βλαϐερὰς,
836 4690 1046 4755 αἵτινες
1098 4691 1374 4762 βυθίζουσι
1425 4695 1552 4759 τοὺς
1593 4687 1916 4767 ἀνθρώπους

327 4787 410 4849 είς
440 4783 663 4855 ϐλεθρον
707 4781 802 4837 καὶ
850 4782 1146 4838 ἀπώλειαν.
1190 4783 1345 4852 Ῥίζα
1397 4783 1506 4855 γὰρ
1555 4775 1776 4840 πάντων
1804 4788 1914 4844 τῶν

328 4877 520 4932 κακῶν
565 4878 715 4932 ἐστιν
771 4878 806 4948 ή
861 4875 1225 4948 φιλαργυρίαο
1274 4871 1345 4949 ἧς
1396 4895 1546 4943 τινες
1591 4878 1915 4952 ὀρεγόμενοι

329 4968 801 5040 ἀπεπλανήθησαν
830 4966 937 5021 ἀπὸ
975 4967 1073 5037 τῆς
1103 4967 1360 5036 πίστεως,
1411 4969 1506 5023 καλ⁸
1545 4971 1775 5037 ἑαυτοὺς
1812 4990 1910 5028 πε-

336 5061 621 5135 ριέπειραν
647 5058 862 5118 ὀδύναις
893 5057 1135 5120 πολλαῖς.

399 5151 572 5204 Τοῦτό
603 5166 740 5220 φησι
758 5164 772 5178 ·
799 5148 1065 5220 Καθάπερ
1091 5148 1160 5201 τά
1189 5147 1447 5218 ψωραλέα
1487 5149 1598 5205 τῶν
1623 5151 1914 5223 προϐάτων

333 5241 807 5316 παρατριϐόμενα,
838 5241 996 5295 νόσου
1041 5240 1136 5294 καὶ
1170 5239 1240 5293 τά
1277 5241 1593 5309 ὑγιαίνοντα
1635 5245 1918 5319 ἐμπίπλη-

337 5355 443 5402 σιν,
470 5335 645 5400 οὕτως
669 5334 764 5388 καὶ
785 5333 940 5387 αὐτοὶ
973 5333 1023 5386 oi
1053 5334 1280 5404 πονηροὶ
1313 5324 1528 5404 ἄνδρες.

413 5447 430 5480 ς
469 5429 542 5482 Σὺ
570 5429 649 5494 δὲ,
675 5421 721 5480 ὧ
743 5425 998 5497 ἄνθρωπε
1026 5423 1118 5477 τοῦ
1148 5423 1304 5491 Θεοῦ,
1327 5424 1500 5479 ταῦτα
1523 5427 1722 5498 φεῦγε’
1750 5430 1913 5486 δίωκε

330 5519 706 5590 δικαιοσύνην,
740 5517 1041 5576 εὐσέϐειαν,
1079 5516 1284 5580 πίστιν,
1320 5518 1565 5590 ἀγάπην,
1609 5520 1911 5594 ὑπομονὴν,

331 5614 640 5685 πραότητα.
658 5611 951 5682 Ἀγωνίζου
967 5609 1059 5664 τὸν
1088 5609 1252 5664 καλὸν
1279 5611 1468 5681 ἀγῶνα
1497 5612 1597 5682 τῆς
1637 5615 1872 5680 πίστεως
1896 5633 1911 5648 ·

373 5784 422 5816 ⁸⁷
463 5783 620 5841 Deut.
671 5799 800 5846 xxv,
831 5783 897 5848 Il;
939 5781 955 5835 l
992 5783 1122 5837 Cor.
1162 5799 1236 5848 ιε,
1263 5782 1314 5837 8.
1404 5783 1448 5815 ’⁸
1483 5782 1746 5846 Mattlnx,
1777 5786 1829 5837 7.

2017 4611 2072 4667 in
2108 4609 2366 4680 laqueum
2419 4605 2652 4671 diaboli,
2694 4612 2748 4660 ct
2803 4600 3080 4659 desideria
3122 4599 3293 4654 multa
3347 4594 3588 4652 absurda
3683 4599 3687 4602 ’

2016 4711 2077 4760 et-
2124 4703 2341 4764 nociva,
2393 4715 2517 4772 quae
2556 4705 2812 4768 mergunt
2858 4695 3110 4750 homines
3145 4693 3202 4746 in
3234 4690 3516 4746 interitutn
3543 4696 3597 4742 et

2016 4795 2413 4868 perditionem.
2472 4789 2650 4844 Radix
2691 4788 2840 4844 enim
2891 4785 3138 4841 omnium
3195 4782 3466 4838 malorum
3511 4784 3598 4834 est

2018 4886 2298 4957 cupiditas
2329 4901 2346 4940 :
2385 4897 2549 4954 quam
2577 4874 2804 4952 quidam
2845 4883 3169 4948 appetentes
3203 4879 3530 4929 erraverunt
3564 4884 3598 4924 a

2021 4977 2149 5046 ﬁde,
2177 4985 2232 5033 et
2259 4976 2621 5032 inseruerunt
2659 4988 2718 5029 se
2747 4970 3032 5027 doloribus
3063 4966 3273 5022 multis.
3306 4983 3325 5017 ι

2093 5160 2260 5232 266
2287 5159 2788 5228 Quemadmodum,
2823 5157 3024 5228 inquit,
3073 5165 3204 5210 Oves
3234 5149 3523 5210 scabiosa,
3551 5144 3599 5202 si

2023 5267 2149 5308 cunt
2183 5253 2312 5307 aliis
2341 5253 2614 5317 habitent,
2653 5258 2882 5306 caeteras
2914 5248 3082 5303 etiam
3120 5258 3241 5315 quae
3271 5254 3419 5296 sanae
3448 5243 3598 5300 sunt,

2025 5345 2222 5400 morbo
2262 5345 2520 5399 inliciunt
2551 5360 2676 5408 suo,
2719 5343 2799 5398 sic
2825 5351 2880 5397 et
2911 5339 3037 5393 mali
3072 5337 3348 5392 homines.

2095 5435 2264 5492 Vsus.
2316 5435 2502 5490 {1-14.
2545 5453 2565 5487 ι
2619 5433 2702 5489 Tu
2757 5441 2962 5497 autem,
3021 5443 3053 5484 ο
3094 5428 3262 5482 homo
3313 5419 3430 5483 Dei,
3486 5417 3601 5473 hac

2024 5525 2194 5598 fuge:
2248 5533 2464 5582 sectare
2519 5541 2653 5582 vero
2703 5524 2997 5596 justitiam,
3076 5519 3360 5589 pietatem,
3412 5509 3596 5574 ﬁdem,

2025 5611 2378 5683 charitatcm,
2443 5617 2791 5689 patientiam,
2867 5609 3376 5669 mansuetudinem.
3437 5601 3598 5659 Certa
