3998 6418
1810 158 1854 189 ι

516 279 657 350 1015
1689 284 1753 346 S.
1793 284 2117 347 JOANNIS
2155 288 2592 355 DAMASCENI
3292 320 3297 325 ·
3627 301 3735 374 1015

516 402 721 456 bonum
753 407 1032 456 certamen
1064 398 1208 466 ﬁdei,
1237 399 1587 471 apprehende
1616 401 1785 456 vitam
1814 410 2095 465 aeternam,

2158 403 2469 475 δὲπιλαϐοῦ
2514 405 2614 475 τῆς
2655 405 2879 459 αἰωνίου
2920 405 3095 477 ζωῆς,
3146 407 3226 471 εἰς
3260 409 3332 479 ἣν
3381 409 3619 484 ἐκλήθης,
3663 422 3737 476 καὶ

517 495 569 548 in
604 509 712 563 qua
746 502 975 549 vceatns
1009 507 1090 557 es,
1123 500 1181 548 et
1220 494 1514 550 confessus
1539 507 1603 549 es
1639 493 1841 549 bonam
1884 491 2096 550 confes-

2201 495 2568 567 ὡμολόγησας
2614 496 2715 569 τὴν
2753 496 2926 569 καλὴν
2971 498 3264 569 ὁμολογίαν
3315 500 3545 559 ἒνώπιον
3572 508 3739 567 πολλῶν

517 587 731 642 sionem
763 600 950 641 coram
982 585 1173 641 multis
1202 585 1466 642 testibus.

1103 586 1173 641 tis
1202 585 1466 642 testibus.
2207 587 2522 659 μαρτύρων.
2678 644 2680 649 ,

595 696 614 729 ι
656 676 920 747 Praecipio
967 676 1070 732 tibi
1104 690 1294 732 coram
1340 675 1451 733 Deo
1475 678 1569 748 qui
1616 676 1863 733 viviticat
1890 676 2100 745 omnia,

2210 738 2215 745 τ
2282 698 2302 731 ι
2334 679 2715 750 Παραγγέλλω
2745 696 2828 733 σοι
2867 678 3102 734 ἐνώπιον
3135 680 3230 735 τοῦ
3259 682 3425 747 Θεοῦ,
3451 684 3542 738 τοῦ
3562 688 3742 751 (non.

517 773 574 821 ct
603 766 826 821 Christo
854 763 985 821 Jesu
1015 765 1111 835 qui
1141 767 1522 823 testimonium
1563 766 1800 822 reddidit
1827 767 1933 823 sub
1957 765 2096 820 Pon-

2204 768 2394 833 οῦντος
2424 770 2495 824 τὰ
2537 769 2738 833 πάντα,
2782 774 2880 823 καὶ
2914 769 3151 840 Χριστοῦ
3189 771 3391 841 Ἰησοῦ,
3444 773 3534 828 τοῦ
3577 793 3743 850 μαρτυ.

515 860 596 913 tio
648 857 852 925 Pilato,
904 858 1110 915 bonam
1147 858 1580 924 confessionem,
1635 869 1694 914 ut
1726 875 1915 917 serves
1949 876 2094 915 matr

2206 864 2474 932 ρήσαντο;
2497 861 2591 914 ἐπὶ
2618 859 2850 915 Ποντίου
2883 861 3122 914 Πιλάτου
3152 862 3256 933 τὴν
3279 863 3456 936 καλὴν
3480 865 3743 941 ὁμολογίαν,

519 951 708 1005 datum
736 950 857 1006 siue
885 951 1127 1018 macula,
1162 951 1669 1023 irreprehensibile.
1709 971 1727 1004 ι
2092 996 2095 1007 .

2092 996 2095 1007 .
2203 951 2443 1023 τηρῆσαί
2469 968 2529 1005 σε
2561 952 2664 1022 τὴν
2693 951 2916 1022 ἐντολὴν
2948 950 3198 1019 ἄσπιλον,
3229 953 3612 1026 ἀνεπίληπτον.
3644 978 3659 1010 ι

526 1116 533 1123 ,
580 1040 802 1098 Rursus
855 1057 980 1098 eum
1034 1042 1182 1098 bono
1231 1058 1355 1099 esse
1410 1044 1593 1100 animo
1634 1042 1812 1112 jubet,
1868 1042 1955 1101 his
1992 1042 2105 1101 fere

2209 1104 2217 1113 ν
2279 1045 2450 1100 Πάλιν
2490 1044 2656 1099 αὐτὸν
2703 1045 2784 1108 είς
2821 1043 3090 1113 εὐθυμίαν
3136 1044 3468 1117 διανίστησι,
3514 1055 3749 1125 μονονουχὶ

520 1134 703 1191 verbis
748 1153 762 1190 :
817 1133 897 1190 Ne
926 1142 1158 1191 mortem
1212 1135 1433 1192 timeas.
1490 1133 1625 1191 Nam
1661 1151 1858 1193 servus
1889 1153 1951 1192 es
1985 1135 2099 1203 Dei,

2207 1139 2410 1207 λέγων·
2434 1139 2527 1210 Μὴ
2549 1137 2796 1209 φοϐηθῇς
2819 1137 2910 1192 τὸν
2938 1136 3191 1193 θάνατον.
3211 1137 3352 1193 Θεοῦ
3376 1138 3490 1211 γὰρ
3510 1136 3559 1195 εἷ
3582 1141 3747 1210 δοῦλος,

523 1227 619 1298 qui
656 1233 837 1297 potest
862 1226 1019 1284 vivos
1047 1242 1366 1299 procreare.

2206 1232 2303 1286 τοῦ
2323 1231 2627 1302 δυναμένου
2661 1229 2970 1299 ζωογονεῖν.

600 1338 619 1371 ι
649 1318 838 1390 Usque
866 1319 937 1375 ad
979 1321 1274 1375 adventum
1304 1319 1522 1375 Domini
1563 1321 1740 1376 nostri
1780 1320 1911 1376 Jesu
1943 1320 2107 1376 Chri-

2286 1343 2304 1376 ‹
2340 1324 2522 1395 Μέχρι
2554 1323 2654 1395 τῆς
2684 1323 3008 1392 ἐπιφανείας
3044 1321 3143 1377 τοῦ
3172 1323 3384 1396 Κυρίου
3426 1324 3579 1398 ἡμῶν
3614 1327 3748 1400 Ἰησοῦ

525 1410 630 1476 sti;
661 1408 857 1480 [νεεδ.
886 1409 979 1483 l5]
1019 1421 1184 1483 quem
1234 1413 1353 1469 suis
1396 1414 1738 1484 temporibus
1763 1415 2041 1471 ostendet.
2082 1435 2101 1469 ι

1696 1429 1738 1470 Is
1763 1415 2041 1471 ostendet.
2082 1435 2101 1469 ι
2207 1412 2472 1489 Χριστοῦ,
2504 1416 2571 1489 ἢν
2605 1417 2821 1488 καιροῖς
2855 1415 3008 1479 ίδίοις
3030 1415 3218 1481 δείξει.
3255 1434 3275 1468 ι

601 1503 657 1559 ld
681 1511 787 1569 est,
822 1512 883 1560 ut
921 1504 1147 1575 quando
1176 1503 1508 1563 manifestus
1537 1506 1665 1574 erit,
1700 1507 1923 1578 plenum
1968 1507 2109 1565 illud

2281 1509 2596 1578 Τουτέστιν,
2624 1509 2713 1562 ἵνα
2733 1511 2793 1563 ἐν
2819 1511 2889 1580 τῇ
2913 1508 3210 1580 ἐπιφανείᾳ
3226 1508 3447 1581 πλήρης
3472 1509 3631 1583 αὐτὴν
3646 1511 3750 1584 ἔχων

526 1609 781 1653 servasse
812 1596 1137 1667 reperiaris.

889 1596 1137 1666 perisris.
2213 1602 2468 1673 εὑρεθῇς.

603 1709 622 1740 ι
664 1687 866 1745 Beatus
890 1698 945 1744 et
984 1690 1139 1746 solus
1177 1697 1397 1761 potens,
1439 1688 1555 1746 Rex
1584 1706 1798 1762 regum.
1832 1700 1889 1747 et
1921 1690 2108 1748 Domi-
2142 1753 2182 1765 _

2172 1755 2182 1765 ι
2287 1711 2307 1744 ι
2355 1692 2416 1746 '0
2468 1692 2741 1763 μακάριος
2786 1691 2883 1747 καὶ
2922 1691 3085 1762 μόνος
3125 1691 3423 1765 δυνάστης,
3466 1696 3494 1748 ό
3536 1695 3751 1761 Βασιλεὺς

524 1797 633 1837 nus
660 1780 1096 1849 dominantium;
1138 1753 1308 1853 [iisiis
1349 1753 1563 1852 $49.]
1603 1753 1699 1854 qui
1758 1753 1916 1840 solus
1944 1783 2103 1839 habet

2172 1755 2184 1806 ι
2211 1784 2321 1840 τῶν
2357 1753 2771 1853 βασίλευόντων,
2805 1784 2902 1838 καὶ
2923 1753 3141 1857 ’Κύριος
3184 1784 3300 1839 τῶν
3342 1753 3705 1858 πυριευόντων,

528 1872 1022 1939 immortalitatem,
1074 1879 1129 1928 et
1174 1873 1354 1928 lucem
1414 1871 1694 1928 inhabitat
1740 1873 2107 1931 inaccessibi-

2217 1878 2378 1950 μόνος
2408 1876 2549 1949 ἔχων
2581 1876 2679 1948 τὴν
2711 1876 3039 1942 ἀθανασίαν,
3069 1876 3186 1946 φῶς
3214 1877 3388 1932 οίκῶν
3424 1880 3751 1950 ἀπρόσιτονῶ

525 1966 655 2031 lem,
688 1979 850 2035 quem
900 1963 1087 2021 nullus
1120 1964 1404 2020 hominum
1447 1964 1610 2031 vidit,
1646 1981 1755 2022 nec
1786 1965 1978 2023 videre
2013 1980 2104 2039 po-

2214 1968 2352 2025 εἶδεν
2400 1969 2576 2033 οὐδεὶς
2609 1967 2937 2040 ἀνθρώπων,
2970 1967 3093 2022 οὐδὲ
3135 1969 3264 2024 ίδείν
3305 1969 3552 2039 δύναται,
3586 1965 3629 2041 ᾧ
3652 1974 3752 2046 τιμὴ

525 2067 632 2115 test
655 2059 793 2125 ;_cui
830 2059 1009 2115 honor
1041 2065 1099 2114 et
1128 2059 1423 2131 imperium
1457 2060 1885 2130 sempiternum.
1911 2060 2104 2114 Amen.

2214 2062 2308 2115 καὶ
2341 2059 2543 2131 κράτος
2584 2058 2825 2114 αἰώνιον.
2867 2059 3062 2131 Ἀμήν.
3113 2060 3241 2124 Τοῖς
3283 2060 3563 2126 πλουσίοις
3599 2064 3751 2136 ista}:

526 2153 798 2210 Divitibus
854 2154 1023 2225 hujus
1069 2154 1259 2212 saeculi
1304 2154 1545 2226 praecipe
1590 2169 1701 2211 non
1751 2153 1991 2211 sublime
2023 2167 2105 2209 sa-

2213 2151 2310 2205 νῦν
2344 2151 2499 2206 αἰῶνι
2532 2150 2873 2223 παράγγελλε
2918 2150 2996 2223 μὴ
3026 2151 3446 2225 ὑψηλοφρονεῖν,
3479 2154 3607 2226 μηδὲ
3629 2155 3750 2224 ἠλπι-

525 2263 676 2317 pere,
714 2262 896 2318 neque
937 2261 1165 2319 sperare
1194 2247 1249 2301 in
1296 2246 1509 2302 incerto
1552 2245 1899 2314 divitiarum,
1927 2243 2023 2301 sed
2054 2243 2104 2300 in

2215 2243 2368 2298 κέναι
2398 2244 2491 2297 ἐπὶ
2527 2242 2759 2297 πλούτου
2785 2242 3100 2315 ἀδηλότητι,
3128 2244 3245 2298 ἀλλ’
3272 2247 3334 2299 ὲν
3363 2244 3444 2317 τῷ
3465 2245 3581 2317 Θεῷ
3606 2248 3747 2317 ζῶντι,

528 2339 639 2395 Deo
696 2341 824 2396 vivo
883 2338 1019 2411 (qui
1074 2347 1302 2411 praestat
1361 2338 1524 2395 nobis
1560 2338 1746 2393 omnia
1793 2337 2013 2392 abunde
2042 2336 2107 2392 ad

2212 2336 2293 2408 τῷ
2318 2336 2615 2408 παρέχοντι
2650 2338 2782 2409 ἡμῖν
2816 2336 3086 2401 πλουσίως
3117 2337 3299 2394 πάντα
3345 2341 3428 2402 είς
3478 2340 3747 2406 ἀπόλαυσιν,

529 2433 853 2503 fruendum)
880 2434 1021 2489 bene
1059 2448 1246 2505 agere,
1281 2431 1485 2488 divites
1538 2429 1658 2486 ﬁeri
1695 2431 1751 2486 in
1783 2430 1947 2487 bonis
1980 2444 2108 2500 ope-

2214 2428 2597 2502 ἀγαθοεργεῖν,
2642 2429 2895 2484 πλουτεῖν
2938 2429 2998 2483 ὃν
3033 2429 3220 2501 ἔργοις
3258 2432 3475 2513 καλοῖς,
3508 2434 3749 2504 εὐμεταδό-

528 2526 706 2593 ribus,
749 2525 906 2582 facile
936 2526 1205 2593 tribuere,
1245 2523 1684 2590 communicare,
1722 2521 2107 2581 tbesaurizare

2214 2541 2342 2589 τους
2396 2519 2575 2591 εῖναι,
2628 2522 3016 2589 κοινωνικοὺς,
3070 2522 3611 2597 ἀποθησαυρίζοντας
3657 2527 3746 2581 huc

528 2618 658 2677 sibi.
673 2639 691 2671 ι

2212 2619 2348 2681 τοῖς.
2393 2636 2411 2669 ι

592 2710 689 2766 llis
721 2724 945 2766 rursum
981 2709 1171 2767 verbis
1202 2708 1356 2765 illum
1399 2708 1597 2767 edocet
1627 2724 1696 2765 ne
1730 2715 1880 2765 metu
1912 2704 2113 2779 praedi-

2287 2708 2459 2762 Τοῦτο
2493 2707 2658 2762 πάλιν
2702 2709 2859 2780 φησὶ,
2902 2710 3192 2773 διδάσκων,
3225 2708 3304 2782 μὴ
3334 2709 3425 2764 διὰ
3467 2709 3619 2780 φόϐον
3645 2725 3746 2781 προ-

527 2801 796 2859 cationem
827 2801 1047 2873 prodat.

2212 2800 2417 2856 διδόναι
2444 2800 2505 2856 τὸ
2527 2801 2809 2872 κήρυγμα.

613 2915 632 2947 ι
671 2895 1115 2965 Fundamentum
1176 2897 1384 2953 bonum
1417 2899 1472 2952 in
1507 2896 1781 2960 futurum,
1830 2902 1890 2949 ttt
1918 2907 2115 2965 appre-

2300 2914 2319 2946 ι
2357 2893 2623 2964 Θεμέλιον
2657 2894 2824 2948 καλὸν
2850 2894 2934 2957 είς
2979 2893 3041 2947 τὸ
3075 2894 3289 2966 μέλλον,
3316 2896 3404 2949 ἵνα
3434 2893 3746 2948 ἐπιλάϐωνται

529 2991 777 3048 hendant
819 3008 1003 3049 veram
1052 2993 1245 3049 vitam.
1284 2991 1475 3066 [νεεδ.
1526 2992 1620 3057 20,
1671 2990 1792 3064 21.]
1840 2990 1886 3046 0
1925 2991 2108 3047 Timo-

2220 2986 2326 3057 τῆς
2348 2986 2569 3041 αίωνίου
2601 2986 2769 3057 ζωῆς.
2784 2983 2856 3042 Ὃ
2887 2986 3121 3059 Τιμόθεε
3140 3027 3155 3053 ,
3187 2988 3290 3058 τὴν
3336 2986 3649 3058 παραθήκην
3672 2983 3745 3053 φύε

534 3086 679 3151 thee,
713 3084 1026 3154 depositum
1081 3084 1323 3149 custodi,
1379 3084 1633 3141 devitans
1678 3082 1942 3154 profanas
2009 3098 2106 3139 vo-

2165 3084 2187 3148 }
2220 3077 2401 3145 λαξον,
2452 3078 2851 3150 ἐκτρεπόμενος
2887 3079 2988 3144 τὰς
3023 3078 3286 3151 βεὸἠλους
3322 3077 3656 3149 κενοφωνίας,
3680 3075 3744 3128 καὶ

531 3193 656 3232 cum
685 3176 982 3246 novitates,
1010 3185 1067 3234 et
1092 3166 1472 3248 oppositiones
1499 3174 1625 3235 falsi
1661 3175 1904 3231 nominis
1933 3174 2110 3231 scien-

2218 3171 2524 3236 ἀντιθέσεις
2546 3171 2649 3241 τῆς
2668 3171 3024 3243 ψευδωνύμου
3059 3170 3342 3240 γνώσεως.
3369 3171 3437 3242 ἦν
3458 3186 3594 3232 τινες
3617 3170 3745 3233 ἐπατ-

530 3268 657 3335 tim;
686 3283 853 3340 quam
907 3269 1129 3341 quidam
1171 3268 1577 3339 promittentes,
1636 3268 1787 3324 circa
1815 3266 1975 3323 ﬁdem
2011 3281 2109 3323 ex-

2215 3262 2553 3332 γελλόμενοι,
2605 3261 2735 3330 περὶ
2780 3262 2882 3332 τὴν
2922 3261 3108 3316 πίστιν
3152 3263 3490 3335 ἠστόχησαν.
3533 3260 3593 3312 Ἦ
3625 3257 3745 3327 χάρις

531 3358 808 3417 ciderunt.
839 3360 1028 3416 Gratia
1062 3368 1266 3418 tecum.
1301 3362 1497 3416 Amen.
1541 3378 1562 3413 ι

1224 3375 1266 3418 1.
1301 3362 1497 3416 Amen.
1541 3378 1562 3413 ι
2122 3392 2125 3395 ι
2218 3354 2360 3427 μετά
2383 3354 2500 3408 σοῦ.
2549 3354 2745 3424 Ἀμήν.
2784 3373 2803 3406 ι

602 3450 747 3506 Nihil
800 3452 1081 3516 instabile,
1112 3466 1117 3471 ’
1148 3451 1245 3509 sed
1311 3452 1468 3507 firma
1524 3449 1735 3516 omnia,
1782 3447 2110 3515 immobilia,

2289 3445 2455 3499 Οὐδὲν
2482 3444 2740 3509 ἄστατον,
2773 3443 2912 3499 ἀλλὰ
2937 3445 3117 3501 πάντα
3139 3444 3363 3518 βέϐαια,
3405 3443 3643 3512 ἀκίνητα,
3669 3434 3743 3490 πά.-

533 3544 732 3611 solida,
764 3542 1169 3615 permanentia.

1011 3542 1169 3601 :ntia.
2216 3553 2331 3605 για,
2366 3534 2590 3605 μόνιμα.

533 3638 618 3695 Διί
659 3636 992 3692 Timotheum
1016 3636 1199 3705 prima
1223 3634 1426 3703 scripta
1448 3642 1530 3689 est
1549 3631 1841 3698 Laodicea,
1875 3647 1995 3701 qua
2032 3642 2109 3689 est

2218 3626 2375 3696 Πρὸς
2411 3627 2690 3695 Τιμόθεον
2724 3634 2801 3692 α’,
2834 3627 3067 3698 ἐγράφη
3110 3627 3231 3684 ἀπὸ
3260 3626 3622 3694 Λαοδικείας,
3649 3622 3744 3692 vim

651 3727 952 3795 metropolis
983 3724 1235 3797 Phrygia:
1252 3724 1595 3783 Pacatiatur.
1635 3723 1828 3787 Versus
1863 3723 1992 3780 201.

2288 3718 2422 3773 ἐστὶ
2478 3718 2850 3787 μητρόπολις
2907 3722 3171 3792 Φρυγίας
3225 3719 3341 3790 τῆς
3396 3716 3742 3784 [laxandi-tie.

2294 3812 2528 3881 Στίχων
2554 3807 2639 3873 (t'.
2980 3809 2986 3817 ’

3163 4046 3278 4054 --

1091 4200 1264 4288 EIZ
1319 4154 1970 4291 ΕΠΙΣΤΟΑΗΝ
2031 4200 2110 4287 B'
2200 4202 2493 4290 ΠΡΟΣ
2534 4236 2537 4241 -
2573 4197 3194 4288 ΤΙΜΟΘΕΟΝ.

2127 4410 2197 4423 θ’.

792 4554 916 4644 ΙΝ
993 4549 1671 4646 EPISTOLAM
1780 4553 2422 4646 SECUNDAM
2531 4554 2682 4641 AD
2754 4551 3532 4647 TIMOTHEUM.

1041 4890 1272 4950 CAPUT
1307 4876 1603 4948 PRIMUM.
2146 4898 2190 4954 D
2300 4946 2307 4951 .
2566 4926 2573 4931 -

2146 4898 2190 4954 D
2300 4946 2307 4951 .
2566 4926 2573 4931 -
2633 4891 3032 4947 ΚΕΦΔΛΑΙΟΝ
3072 4893 3373 4950 ΠΡΩΤΟΝ.

607 4985 774 5041 Vens.
821 4985 943 5039 1-7.
977 5003 996 5036 ι
1025 4981 1235 5039 Paulus
1267 4985 1557 5055 apostolus
1595 4985 1801 5041 Christi
1842 4982 1970 5041 Jcsu
2019 5000 2117 5055 per

2297 5004 2315 5038 ι
2359 4984 2572 5049 Παῦλος
2610 4983 2909 5048 ἀπόστολος
2940 4983 3396 5056 ΧριστοῇἸησοῦ
3437 4980 3522 5038 διὰ
3550 4976 3734 5045 θελήμα-

535 5078 876 5134 voluntatem
931 5076 1051 5142 Dei,
1105 5076 1412 5131 secundum
1478 5078 1904 5148 promissionem
1965 5077 2111 5142 vitae,

2222 5096 2313 5143 τος
2344 5076 2503 5146 Θεοῦ,
2539 5079 2663 5132 κατ’
2686 5076 3018 5145 ἐπαγγελίαν
3044 5077 3195 5149 ζωῆς
3219 5078 3318 5149 τῆς
3346 5078 3405 5130 ἐν
3440 5069 3636 5146 Χριστῷ
3668 5062 3733 5130 Ἰη·

536 5185 658 5239 quae
685 5176 770 5224 est
799 5169 853 5223 in
884 5166 1110 5224 Christo
1142 5165 1297 5234 Jesu,
1336 5166 1630 5225 Timotheo
1683 5168 2013 5226 charissimo
2050 5169 2115 5223 ti-

2224 5167 2340 5235 σοῦ,
2370 5167 2623 5240 Τιμοθέῳ
2658 5166 2737 5236 τῷ
2780 5168 2980 5238 τέκνῳ,
3010 5168 3193 5239 χάρις,
3240 5168 3407 5234 ἔλεος,
3453 5163 3623 5236 εἰρήνη
3655 5151 3732 5207 ἀπδ

535 5261 628 5322 lio,
663 5260 863 5332 gratia,
896 5259 1299 5328 misericordia,
1331 5276 1436 5332 pax
1459 5275 1489 5314 a
1516 5259 1631 5317 Deo
1660 5260 1845 5331 Patre,
1869 5270 1924 5317 et
1952 5261 2114 5318 Chri-

2223 5260 2359 5314 Θεοῦ
2385 5260 2599 5333 Πατρὸς
2635 5261 2731 5313 καλ⁵
2760 5259 3000 5331 Χριστοῦ
3044 5258 3221 5331 Ἰησοῦ
3250 5259 3346 5315 τοῦ
3377 5255 3568 5329 Κυρίου
3596 5243 3729 5319 ἡμῶν·

534 5362 625 5410 sto
686 5351 819 5410 Jesu
876 5351 1110 5406 Domino
1158 5362 1374 5409 nostro.
1437 5352 1659 5409 Gratias
1697 5368 1802 5425 ago
1852 5351 1985 5422 Deo,
2025 5353 2113 5407 cui

2219 5353 2396 5426 Χάριν
2417 5352 2528 5425 εχω
2557 5352 2635 5424 τῷ
2660 5351 2800 5423 Θεῷ,
2827 5344 2872 5421 ᾧ
2897 5352 3146 5425 λατρεύω
3168 5353 3277 5407 ἀπὸ
3311 5349 3573 5424 προγόνων
3593 5343 3727 5429 tm;

539 5447 724 5503 servio
755 5462 785 5501 a
813 5445 1260 5516 progenitoribus
1297 5447 1350 5501 in
1386 5447 1729 5503 conscientia
1777 5462 1938 5518 pura,
1970 5444 2118 5516 quod

2219 5442 2362 5516 θαρᾷ
2397 5444 2726 5514 συνειδήσει,
2757 5445 2833 5508 ὡς
2876 5443 3225 5498 ἀδιάλειπτον
3258 5443 3367 5515 ἔχω
3394 5442 3486 5511 τὴν
3523 5432 3727 5503 περιισου

538 5522 661 5596 sine
692 5537 1108 5595 intermissione
1153 5537 1383 5596 habeam
1416 5539 1497 5594 tui
1528 5538 1848 5593 memoriam
1902 5537 1958 5593 in
2001 5552 2117 5593 ora-

2224 5537 2415 5607 μνείαν
2437 5537 2497 5589 ὲν
2524 5538 2642 5601 ταῖς
2675 5535 2894 5606 δεήσεσί
2924 5554 3029 5608 μου
3072 5537 3266 5601 νυκτὸς
3294 5537 3388 5590 καὶ
3422 5529 3622 5603 ἡμέραςν
3641 5519 3726 5608 ait"

541 5632 789 5686 tionibus
817 5630 976 5695 meis,
1007 5630 1096 5687 die
1129 5646 1192 5687 ac
1224 5639 1409 5699 nocte,
1458 5631 1785 5687 desiderans
1819 5640 1872 5686 te
1910 5630 2120 5694 videre,

2227 5604 2408 5681 ποθῶν
2436 5643 2496 5680 σε
2529 5626 2679 5691 ἰδεῖν,
2728 5604 3075 5698 μεμνημένος
3102 5643 3196 5680 σου
3226 5627 3335 5680 τῶν
3374 5617 3603 5706 δακρύων
3629 5650 3641 5674 ’
3665 5604 3724 5706 iv?

542 5736 755 5779 tncmor
798 5723 1165 5793 lacrymarum
1220 5732 1463 5788 tuarum,
1515 5732 1569 5778 ut
1614 5721 1817 5793 gaudio
1871 5721 2121 5791 implcar,

2227 5719 2402 5789 χαρᾶς
2454 5718 2746 5790 πληρωθῶ,
2795 5718 3103 5792 ὑπόμνησιν
3137 5719 3428 5792 λαμϐάνων
3470 5711 3559 5779 τῆς
3587 5704 3637 5760 ἐν
3662 5704 3718 5749 σοι
