3998 6426
305 394 450 462 1017

1315 395 1397 454 ΙΝ
1430 395 1668 455 EPIST.
1737 394 1832 454 AD
1874 391 2342 453 TIMOTHEUM
2382 392 2463 452 II.

3460 384 3598 450 1013

300 514 675 586 ἀνυποκρίτου
721 517 981 581 πίστεως,
1021 519 1144 589 ἥτις
1183 514 1427 584 ὲνῲκησε
1469 513 1688 584 πρῶτον
1724 513 1781 565 ἐν
1832 513 1884 580 τῗ

2005 509 2450 564 recordationem
2505 505 2790 576 accipiens
2825 503 2950 574 ejus
2983 499 3119 558 'ﬁdci
3161 515 3282 572 qua:
3323 506 3410 556 est
3458 499 3598 556 inte

304 609 518 680 μάμμῃ
567 626 661 662 σου
698 610 889 670 Λωῖδι.
931 612 1025 663 καὶ
1057 612 1123 679 τῇ
1163 608 1330 678 μητρί
1379 624 1472 660 σου
1530 606 1762 676 Εὐνίκη·
1803 603 1900 657 πέ-

295 715 540 768 πεισμαι
561 698 618 752 δὲ
647 699 730 754 ὅτι
755 701 851 752 καὶ
873 701 930 752 έν
954 700 1057 754 σοί.
1081 701 1158 753 Δι’
1190 699 1256 770 ἣν
1287 698 1467 751 αἰτίαν
1498 697 1899 766 ἀναμιμνήσκω

301 807 366 843 σε
401 790 787 860 ἀναζωπυρεῖν
806 792 866 845 τὸ
897 792 1144 863 χάρισμα
1171 790 1267 843 τοῦ
1301 788 1460 856 Θεοῦ,
1497 789 1524 842 ὅ
1554 790 1704 842 ἐστιν
1733 787 1791 840 ἐν
1815 787 1900 840 σοὶ

294 883 393 936 διὰ
428 882 527 954 τῆς
561 883 862 948 ἐπιθέσεως
901 885 1010 938 τῶν
1043 885 1243 955 χειρῶν
1277 901 1403 954 μου.
1442 883 1516 937 Οὐ
1551 883 1661 952 γὰρ
1699 881 1898 935 ἔδωκεν

296 978 441 1045 ἡμῖν
472 977 500 1029 6
545 976 678 1040 Θεὸς
729 977 946 1047 πνεῦμα
985 975 1210 1040 δειλίας,
1255 975 1390 1030 ἀλλὰ
1439 974 1744 1044 δυνάμεως,
1801 972 1898 1026 καὶ

297 1067 553 1137 ἀγάπης,
581 1067 680 1122 καὶ
706 1067 1115 1140 σωφρονισμοῦ.
1160 1087 1178 1120 ι

375 1245 601 1316 Γράψας
621 1244 789 1316 αὐτῷ,
815 1244 890 1309 ὡς
920 1246 1175 1315 ἀφίξεται
1197 1247 1334 1319 πρὸς
1357 1247 1541 1314 αὐτὸν,
1576 1248 1891 1322 ἐνεποδίσθη

298 1337 481 1401 δεθεὶς
511 1340 588 1401 εἰς
634 1336 889 1410 Ῥώμην·
931 1337 1012 1393 διὸ
1050 1338 1430 1411 καὶδευτέρας
1479 1339 1628 1411 αὐτῷ
1674 1339 1894 1411 ἐδέησεν

300 1429 622 1499 ἐπιστολῆς.

378 1605 607 1679 Πρῶτον
658 1607 938 1680 ἐγκώμιον
969 1609 1064 1664 τοῦ
1117 1609 1386 1681 μαθητοῦ,
1419 1613 1504 1667 ὃτι
1549 1611 1756 1668 ἄνωθεν
1786 1612 1894 1666 ἀπὸ

304 1700 488 1763 οἰκίας
522 1699 638 1752 ἐστὶ
670 1698 750 1770 τῷ
788 1701 1010 1772 Χριστῷ
1050 1702 1427 1772 δουλευούσης.

387 1810 406 1842 ι
455 1789 544 1861 Μὴ
578 1787 671 1844 οὖν
704 1792 1080 1864 ἐπαισχυνθῇς
1118 1793 1180 1847 τὸ
1215 1794 1519 1867 μαρτύριον
1550 1796 1644 1851 τοῦ
1681 1798 1886 1870 Κυρίου

2003 613 2114 653 non
2152 597 2302 663 iicta,
2336 612 2462 666 quae
2514 605 2570 651 et
2621 597 2891 650 habitavit
2941 595 3180 665 primum
3233 593 3288 647 in
3327 592 3449 646 avia
3502 602 3596 646 tua

1999 691 2193 756 Loide,
2258 691 2424 761 267
2474 699 2530 744 et
2583 695 2763 743 matre
2821 698 2914 741 tua
2966 687 3210 752 Eunice;
3247 693 3439 741 certus
3468 699 3594 741 sum

1999 790 2183 838 autem
2220 781 2370 852 quod
2421 791 2474 837 et
2510 781 2565 834 in
2599 787 2672 833 te.
2738 778 2970 848 Propter
3017 793 3183 848 quam
3236 791 3464 833 causam
3498 775 3598 830 ad-

1999 887 2195 930 moneo
2229 881 2281 929 te
2307 881 2369 928 ut
2404 873 2713 929 resuscites
2748 870 2977 938 gratiam
3008 867 3141 933 Dei,
3181 883 3306 937 qua:
3343 875 3430 922 est
3461 866 3518 920 in
3545 876 3597 921 te

2000 979 2098 1036 per
2154 966 2564 1036 impositionem
2627 977 2899 1018 manuum
2955 973 3226 1015 mearum.
3275 957 3396 1015 Non
3441 959 3593 1015 enim

1995 1057 2145 1113 dedit
2190 1058 2354 1112 nobis
2409 1059 2554 1112 Deus
2603 1055 2862 1126 spiritum
2911 1050 3154 1117 timoris,
3185 1049 3282 1106 sed
3342 1049 3591 1114 virtutis,

1994 1159 2050 1207 et
2079 1151 2422 1217 dilectionis,
2463 1160 2518 1205 et
2549 1147 2901 1206 sobrietatis.
2940 1164 2959 1197 ι

2065 1243 2204 1300 Cum
2235 1243 2562 1313 scripsisset
2602 1256 2663 1297 se
2721 1238 3102 1311 profecturum
3131 1235 3198 1291 ad
3234 1234 3411 1298 illum,
3463 1248 3594 1305 pro-

1994 1335 2203 1392 hibitus
2231 1336 2356 1402 fuit,
2419 1336 2753 1404 vinctusque
2808 1332 3040 1386 Romam
3100 1328 3422 1399 perductus.
3443 1327 3590 1394 Qua-

1995 1436 2225 1499 propter
2265 1442 2499 1484 necesse
2548 1425 2658 1482 fuit
2687 1432 2750 1480 ut
2782 1423 3014 1479 alteram
3055 1418 3125 1474 ad
3172 1419 3428 1476 eumdem
3469 1419 3590 1491 epi-

1993 1522 2191 1577 stolam
2215 1521 2405 1576 daret.

2065 1613 2244 1668 Prima
2285 1614 2406 1670 laus
2440 1611 2724 1684 discipuli,
2765 1611 2912 1683 quod
2945 1627 3013 1667 et
3048 1609 3265 1665 familia
3299 1607 3371 1663 sit
3421 1606 3587 1661 Chri-

1997 1706 2433 1777 stojampridem
2473 1706 2811 1776 mancipata.

2063 1794 2231 1852 Vens.
2263 1798 2317 1863 8,
2345 1797 2398 1851 9.
2437 1815 2456 1848 ‹
2497 1795 2614 1850 Noli
2641 1794 2812 1867 igitur
2829 1796 3162 1850 erubescere
3197 1789 3586 1848 testimonium

307 1883 488 1954 ἡμῶν,
520 1859 653 1953 μηδὲ
687 1882 789 1952 ἐμὲ
967 1859 1190 1955 δέσμιον
1216 1859 1414 1953 αὐτοῦ,
1435 1884 1573 1940 ἀλλὰ
1615 1859 1884 1956 συγκακο-

1997 1885 2212 1942 Domini
2250 1888 2450 1950 nostri,
2491 1902 2672 1957 neque
2705 1901 2789 1942 me
2827 1889 3072 1941 vinctum
3125 1885 3280 1954 ejus;
3313 1882 3409 1938 sed
3471 1880 3587 1935 col-

302 1972 555 2043 πάθησον
584 1971 664 2045 τῷ
690 1973 1034 2046 Εὐαγγελίῳ,
1061 1978 1204 2032 κατά
1232 1977 1463 2048 δύναμιν
1491 1978 1628 2032 Θεοῦ
1661 1978 1755 2032 τοῦ
1787 1979 1893 2034 σώ-

301 2081 500 2128 σαντος
530 2066 701 2135 ἡμᾶς,
745 2068 838 2119 καὶ
870 2067 1200 2133 καλέσαντος
1234 2070 1426 2142 κλήσει
1463 2071 1614 2143 ἁγίᾳ,
1651 2073 1714 2126 οὐ
1748 2072 1892 2128 κατά

296 2155 369 2209 τά
410 2155 552 2227 ἔργα
583 2155 764 2228 ἡμῶν,
815 2156 952 2212 ἀλλά
994 2159 1090 2213 καὶ
1139 2160 1262 2214 κατ’
1313 2161 1451 2216 ἰδίαν
1489 2162 1750 2234 πρόθεσιν
1799 2165 1892 2219 καὶ

296 2249 484 2319 χάριν,
538 2248 642 2318 τὴν
687 2247 938 2305 δοθεῖσαν
992 2251 1126 2322 ἡμῖν
1172 2253 1232 2305 ἐν
1281 2253 1504 2326 Χριστῷ
1561 2253 1734 2325 Ἰησοῦ
1786 2256 1891 2328 πρὸ

295 2341 516 2412 χρόνων
544 2336 802 2397 αἰωνίων.
852 2361 872 2395 ι

368 2434 492 2488 Κᾶν
520 2435 684 2498 αὐτὸς
710 2435 886 2492 ταῦτα
914 2437 1116 2510 πάθῃς,
1146 2437 1304 2510 φησί,
1351 2437 1426 2511 μὴ
1457 2439 1777 2511 αἰσχυνθῇς.

375 2547 396 2579 ε
440 2529 857 2601 Φανερωθεϊσαν
905 2529 964 2584 δέ
1016 2531 1112 2584 νῦν
1142 2531 1232 2586 διὰ
1280 2533 1380 2603 τῆς
1431 2534 1758 2602 ἐπιφανείας
1791 2531 1889 2588 τοῦ

293 2621 511 2690 Κυρίου
558 2621 718 2692 ἡμῶν
779 2621 961 2694 Ἰησοῦ
1012 2623 1278 2695 Χριστοῦ,
1309 2625 1760 2695 καταργήσαντος
1790 2625 1890 2695 μὲν

293 2713 394 2765 τὸν
431 2712 687 2777 θάνατον,
742 2714 1081 2783 φωτίσαντος
1127 2715 1185 2768 δὲ
1233 2715 1378 2787 ζωὴν
1431 2717 1527 2771 καὶ
1576 2718 1886 2789 ἀφθαρσίαν

287 2804 388 2858 διὰ
425 2803 518 2857 τοῦ
568 2805 928 2876 Εὐαγγελίου,
979 2807 1062 2871 είς
1095 2806 1123 2860 ὃ
1171 2807 1364 2881 ἐτέθην
1407 2809 1523 2879 ἐγὼ
1559 2809 1754 2882 κῆρυξ,
1793 2811 1886 2868 καὶ

287 2897 624 2964 ἀπόστολος,
659 2899 754 2951 καὶ
780 2898 1104 2963 διδάσκαλος
1140 2899 1332 2955 ἐθνῶν.
1365 2902 1442 2953 Δι’
1469 2903 1536 2973 ἢν
1583 2903 1761 2957 αἰτίαν
1791 2905 1885 2958 καί

283 2993 472 3045 ταῦτα
503 2991 720 3062 πάσχω,
751 2992 867 3044 ἀλλ’
909 2991 1011 3045 οὐκ
1053 2992 1482 3064 ἐπαισχύνομαι.
1531 2991 1662 3050 Οἶδα
1697 2995 1806 3069 γὰρ
1839 2990 1884 3066 ᾧ

284 3082 664 3147 πεπίστευκα,
712 3081 808 3136 καὶ
858 3081 1166 3155 πέπεισμαι
1219 3083 1300 3137 ὅτι
1350 3083 1576 3149 δυνατός
1622 3087 1739 3140 ἐστι
1783 3088 1882 3157 τὴν

175 3219 184 3226 .
285 3175 634 3246 παραθήκην
664 3172 900 3245 φυλάξαι
945 3177 1027 3240 είς
1070 3173 1286 3246 ἐκείνην
1314 3175 1412 3248 τὴν
1441 3177 1676 3249 ἡμέραν.
1721 3179 1885 3233 Ύπο-

279 3267 541 3320 τύπωσιν
571 3265 660 3336 ἔχε
687 3265 1042 3335 ὑγιαινόντων
1074 3266 1269 3334 λόγων,
1295 3259 1370 3319 ὧν
1400 3269 1528 3339 παρ’
1559 3269 1695 3340 ἐμοῦ
1719 3269 1886 3340 ἡκου-

282 3376 398 3420 σας
428 3358 488 3411 ἐν
517 3358 721 3424 πίστει,
754 3358 848 3412 καὶ
879 3359 1068 3432 ἀγάπῃ
1097 3361 1162 3431 τῇ
1194 3361 1252 3413 ἐν
1281 3359 1502 3431 Χριστῷ
1539 3359 1737 3432 Ἰησοῦ.
1771 3363 1884 3435 Τὴν

280 3451 472 3521 καλὴν
503 3451 835 3523 παραθήκην
867 3451 1103 3521 φύλαξον
1131 3451 1221 3506 διὰ
1253 3451 1569 3523 Πνεύματος
1595 3454 1751 3522 ἁγίου
1788 3455 1882 3510 τοῦ

279 3542 634 3605 ἐνοικοῦντος
669 3543 728 3596 ὲν
755 3543 910 3614 ἡμῖν.
946 3536 1080 3596 Οἶδα
1125 3541 1305 3608 τοῦτο,
1339 3543 1770 3614 ἀπεστράφησάν
1814 3562 1882 3616 με

281 3638 500 3699 πάντες
530 3636 580 3689 οἱ
615 3637 672 3690 ἐν
703 3637 770 3707 τῇ
810 3635 988 3707 Ἀσίᾳ,
1017 3627 1094 3690 ὧν
1127 3637 1244 3690 ἐστι
1287 3636 1524 3705 Φύγελος
1555 3637 1649 3691 καί⁵
1685 3637 1884 3710 Ἐρμο⁴

279 3731 486 3800 γένης.
535 3727 658 3800 Δῴη
705 3727 856 3790 ἔλεος
906 3729 935 3780 6
979 3726 1183 3799 Κύριος
1213 3726 1291 3798 τῷ
1338 3727 1697 3801 Ὀνησιφόρου
1727 3729 1881 3800 οίκῳ,

279 3823 380 3876 ὅτι
415 3821 678 3884 πολλάκις
725 3837 794 3890 με
825 3819 1113 3891 ἀνέψυξεν,
1148 3822 1243 3874 καὶ
1272 3820 1372 3892 τὴν
1413 3817 1604 3875 ἅλυσίν
1646 3839 1748 3892 μου
1781 3822 1884 3878 οὐκ

281 3912 639 3985 ἐπῃσχύνθη,
674 3912 812 3968 ἀλλὰ
855 3912 1151 3984 γενόμενος
1185 3915 1244 3966 ἐν
1288 3913 1496 3985 Ῥώμῃ,
1534 3914 1882 3969 σπουδαιότε-

288 4022 394 4079 ρον
425 4003 663 4075 ἐζῆτησέ
701 4021 789 4074 με,
825 4006 921 4057 καὶ
957 3999 1135 4075 εὗρεν.
1169 4002 1290 4074 Δῴη
1321 4004 1470 4074 αὐτῷ
1496 4005 1525 4058 6
1554 4004 1758 4075 Κύριος
1789 4007 1882 4058 εὑ·-

286 4097 412 4168 ρεϊν
444 4094 592 4149 ἔλεον
623 4095 775 4166 παρὰ
795 4095 1003 4166 Κυρίου
1033 4097 1091 4148 έν
1112 4094 1296 4166 ἐκείνῃ
1320 4095 1383 4165 τῇ
1415 4095 1627 4166 ἡμέρᾳ’
1661 4096 1754 4150 καὶ
1782 4096 1881 4149 ὅσα

287 4190 353 4241 ὲν
397 4186 610 4258 Ἐφέσῳ
643 4185 956 4258 διηκόνησε,
990 4185 1200 4256 βέλτιον
1235 4187 1298 4240 σὺ
1326 4184 1639 4255 γινώσκεις.
1691 4207 1710 4240 ι

1997 1979 2186 2034 labora
2222 1979 2523 2050 Evangelia
2548 1978 2852 2034 secundum
2884 1979 3145 2033 virtutem
3179 1976 3295 2038 Dei,
3328 1973 3420 2044 qui
3483 1985 3586 2028 nos

1995 2069 2274 2136 liberavit,
2312 2079 2368 2125 et
2401 2070 2620 2124 vocavit
2649 2070 2939 2124 vocatione
2973 2083 3074 2124 sua
3100 2077 3310 2130 sancta,
3353 2081 3464 2118 non
3498 2079 3587 2118 se-

1993 2161 2236 2216 cundum
2267 2174 2432 2230 opera
2478 2167 2691 2224 nostra,
2729 2159 2825 2215 sed
2877 2157 3181 2214 secundum
3237 2155 3583 2226 propositum

1993 2267 2156 2308 suum
2199 2261 2254 2308 et
2299 2254 2557 2323 gratiam.
2613 2267 2735 2322 qua:
2793 2251 2917 2306 data
2965 2259 3051 2307 est
3085 2249 3320 2306 nobisin
3361 2247 3585 2303 Christo

1990 2345 2118 2402 Jesu
2139 2355 2268 2402 ante
2303 2354 2552 2416 tempora
2576 2345 2883 2400 saecularia.
2912 2363 2931 2396 ι

2062 2431 2307 2494 Tametsi
2341 2439 2460 2494 haec
2480 2440 2695 2509 patiare
2729 2438 2930 2508 inquit,
2957 2437 3065 2491 noli
3085 2436 3411 2492 erubescere.

2058 2531 2226 2588 Vsus.
2260 2532 2344 2597 10,
2374 2533 2460 2586 18.
2493 2529 2840 2585 Mauifestata
2883 2538 2970 2585 est
2999 2538 3182 2584 autem
3219 2544 3366 2583 nunc
3394 2541 3488 2598 per
3518 2527 3608 2582 il--

1987 2625 2406 2680 luminatioucm
2436 2621 2739 2677 Salvatoris
2774 2623 2948 2677 nostri
2980 2621 3111 2677 Jcsu
3137 2619 3474 2691 Cbristi,qui
3494 2619 3586 2676 de-

1987 2716 2186 2772 struxit
2212 2722 2464 2782 mortem,
2487 2714 2815 2768 illuminavit
2843 2721 3030 2768 autem
3054 2713 3220 2767 vitam
3253 2722 3308 2767 et
3329 2712 3579 2767 incorru-

1987 2808 2236 2878 ptionem
2275 2821 2373 2877 per
2427 2805 2780 2875 Evangelium
2816 2821 2832 2871 ;
2874 2804 2926 2857 in
2951 2818 3058 2873 quo
3089 2803 3303 2874 positus
3329 2816 3448 2858 sum
3479 2815 3582 2871 ego

1986 2898 2339 2969 praedicator,
2372 2903 2427 2952 et
2459 2895 2768 2965 apostolus,
2795 2903 2850 2950 et
2884 2895 3147 2965 magister
3191 2894 3456 2965 gentium.
3497 2892 3582 2946 0b

1985 3003 2148 3060 quam
2182 3001 2405 3043 causam
2436 2987 2600 3040 etiam
2649 2986 2761 3039 haec
2786 2985 2987 3054 patior,
3037 2984 3132 3040 sed
3180 2998 3289 3038 non
3344 2981 3581 3038 coniun-

1988 3081 2110 3136 dor.
2141 3078 2272 3134 Scio
2334 3078 2480 3133 enim
2533 3079 2621 3134 cui
2688 3067 3013 3146 credidi',,et
3037 3084 3224 3132 certus
3271 3089 3394 3132 sum
3451 3075 3580 3144 quia

1910 3201 1954 3261 α
1988 3181 2184 3244 potens
2214 3183 2299 3228 est
2326 3171 2637 3241 depositum
2667 3186 2847 3226 meum
2883 3185 3105 3225 servare
3138 3171 3194 3225 in
3233 3169 3387 3225 illum
3412 3167 3576 3223 diem.

1991 3264 2245 3319 Formam
2291 3263 2434 3318 habe
2480 3276 2742 3319 sanorum
2805 3263 3124 3325 verborum,
3161 3275 3286 3325 quae
3313 3275 3343 3313 a
3379 3275 3464 3315 me
3485 3275 3582 3314 au-

1989 3357 2116 3413 disti
2143 3357 2196 3412 in
2231 3355 2338 3411 ilde
2365 3366 2419 3412 et
2438 3356 2494 3410 in
2516 3356 2816 3412 dilectione
2850 3356 2904 3409 in
2932 3355 3156 3410 Christo
3189 3353 3343 3408 Jesu.
3368 3353 3580 3408 Bonum

1989 3449 2296 3518 depositum
2331 3446 2571 3512 cuStodi,
2623 3462 2719 3516 per
2751 3445 3018 3518 Spiritum
3064 3456 3318 3501 sanctum
3358 3445 3452 3515 qui
3481 3443 3582 3499 ha-

1989 3541 2127 3595 bitat
2155 3540 2210 3594 in
2244 3539 2427 3594 nobis.
2479 3538 2602 3595 Scis
2644 3538 2770 3604 hoc,
2822 3538 2969 3609 quod
3019 3538 3200 3594 aversi
3274 3545 3458 3592 suuta
3493 3551 3581 3592 me

1988 3651 2183 3693 omnes
2228 3636 2320 3706 qui
2352 3635 2407 3690 in
2443 3634 2570 3692 Asia
2596 3643 2747 3702 sunt,
2781 3650 2846 3690 ex
2875 3634 3089 3704 quibus
3117 3639 3203 3688 cst
3230 3630 3505 3704 Phygeius
3527 3639 3582 3686 ct

1991 3728 2381 3800 Hermogenes.
2431 3726 2529 3782 Det
2559 3725 2998 3783 misericordiam
3059 3723 3325 3779 Dominus
3381 3723 3580 3778 Onesi-

1990 3821 2152 3893 phori
2176 3821 2365 3878 domui
2394 3839 2406 3875 :
2443 3819 2571 3892 quia
2628 3834 2772 3889 saepe
2807 3834 2895 3874 me
2949 3817 3318 3890 rcirigeravit,
3347 3825 3401 3873 et
3434 3824 3581 3871 rate-

1991 3931 2119 3971 nam
2155 3930 2332 3970 meam
2361 3929 2468 3968 non
2493 3912 2717 3969 erubuit
2739 3929 2754 3966 :
2776 3913 2869 3969 sed
2899 3927 3022 3967 cum
3055 3911 3282 3964 Romam
3315 3909 3578 3974 venisset,

1991 4004 2335 4062 solliciteme
2370 4001 2623 4074 quaesivit
2650 4010 2700 4058 et
2743 4002 2974 4057 invenit.
3027 3999 3130 4054 Det
3187 4000 3261 4055 illi
3313 3997 3581 4054 Dominus

1990 4092 2239 4149 invenire
2284 4089 2722 4147 misericordiam
2755 4105 2784 4142 a
2815 4089 3049 4143 Domino
3093 4090 3147 4143 in
3202 4088 3294 4142 illa
3363 4087 3474 4143 die.
3515 4087 3580 4139 Et

1988 4194 2193 4260 quanta
2247 4183 2451 4256 Ephesi
2512 4184 2845 4240 ministravit
2905 4181 3059 4248 mihi,
3106 4189 3162 4235 tu
3217 4180 3416 4236 melius
3476 4193 3578 4234 uo-

1989 4281 2080 4336 sti.
2109 4299 2126 4331 ι

903 4365 1158 4420 ΚΕΦᾹΛ.
1208 4365 1282 4418 B'.

380 4475 398 4508 ι
425 4455 496 4510 Σὺ
527 4455 642 4523 οῦν,
663 4457 852 4510 τέκνον
887 4474 1012 4527 μου,
1047 4455 1348 4528 ἐνδυναμοῦ
1371 4457 1429 4510 ἐν
1460 4459 1527 4528 τῇ
1582 4458 1767 4529 χάριτι
1811 4461 1876 4530 τῇ

2659 4368 2814 4427 CAP.
2863 4369 2929 4425 11.

2065 4484 2082 4517 ι
2115 4463 2196 4519 Tu
2248 4479 2400 4534 ergo,
2436 4462 2509 4518 ﬁli
2552 4464 2658 4530 mi,
2692 4462 3007 4520 confortarc
3040 4462 3095 4516 in
3133 4462 3304 4533 gratia
3335 4474 3456 4530 quae
3491 4467 3576 4515 est

295 4549 357 4604 ἓν
407 4547 626 4619 Χριστῷ
688 4546 889 4618 Ἰησοῦ,
939 4549 1030 4602 καὶ
1077 4548 1114 4602 ά
1164 4548 1406 4619 ἤκουσας
1461 4551 1591 4620 παρ’
1624 4550 1758 4620 ἐμοῦ
1793 4549 1880 4604 διὰ

1995 4559 2038 4613 in
2092 4557 2317 4614 Christo
2347 4556 2516 4624 Iesu;
2549 4566 2604 4612 et
2631 4571 2752 4627 qua:
2783 4555 2985 4610 audisti
3019 4569 3049 4608 a
3084 4569 3172 4609 me
3215 4567 3314 4624 per
3368 4553 3575 4608 multos

291 4639 510 4696 πολλῶν
559 4640 853 4712 μαρτύρων
889 4639 1064 4694 ταῦτα
1114 4639 1360 4711 παράθου
1407 4643 1619 4706 πιστοῖς
1672 4641 1882 4713 ἀνθρώ-

294 4731 440 4794 ποίς,
477 4731 677 4793 οἵτινες
741 4729 920 4785 ἱκανοὶ
964 4731 1204 4796 ἔσονται,
1256 4731 1351 4786 καὶ
1397 4733 1622 4804 ἐτέρους
1649 4733 1881 4800 διδάξαι.

294 4825 369 4876 Σὺ
408 4817 502 4876 οὖν
536 4823 924 4894 κακοπάθησον
968 4824 1046 4887 ὡς
1088 4823 1254 4888 καλὸς
1305 4825 1645 4897 στρατιώτης
1707 4826 1881 4897 Ἰησοῦ

291 4914 557 4985 Χριστοῦ.
582 4915 767 4977 Οὐδεὶς
789 4915 1245 4987 στρατευόμενος,
1276 4916 1615 4987 ἐμπλέκεται
1644 4922 1765 4983 ταῖς
1784 4911 1882 4974 τοῦ

295 5009 414 5079 βίου
446 5009 880 5077 πραγματείαις,
913 5007 1000 5093 ἴνὶα
1033 5007 1112 5078 τῷ
1148 5009 1644 5082 στρατολογήσαντι
1679 5012 1876 5085 ἀρέσῃ.

307 5100 436 5152 Ἐὰν
470 5100 524 5152 δὲ
556 5100 652 5152 καὶ
687 5099 824 5170 ἀθλῇ
859 5117 967 5167 τις,
1005 5101 1065 5153 οὐ
1114 5101 1498 5171 στεφανοῦται,
1539 5103 1636 5156 ἐὰν
1674 5105 1750 5176 μὴ
1793 5121 1879 5158 νοσ-

296 5190 482 5260 μίμως
514 5190 747 5262 ἀθλήσῃ.
794 5191 900 5244 Τὸν
951 5190 1229 5246 κοπιῶντα
1263 5196 1510 5266 γεωργὸν
1556 5195 1636 5248 δεῖ
1662 5195 1879 5267 πρῶτον

289 5279 402 5333 τῶν
451 5281 684 5353 καρπῶν
734 5283 1194 5354 μεταλαμϐάνειν.
1241 5285 1370 5339 Νόει
1415 5285 1452 5339 ἃ
1499 5285 1673 5355 λέγωο
1717 5287 1876 5342 δώσει

287 5377 405 5447 γάρ
436 5395 517 5431 σοι
547 5380 575 5431 ὁ
615 5379 822 5452 Κύριος
854 5379 1070 5433 σύνεσιν
1103 5383 1161 5436 ἐν
1193 5385 1346 5436 πᾶσι.
1400 5384 1723 5454 Μνημὸνευε
1766 5383 1876 5457 Ἰη-

291 5467 424 5522 σοῦν
453 5470 692 5540 Χριστὸν
720 5471 1096 5543 ἐγηγερμένον
1132 5475 1197 5527 ἐκ
1225 5473 1436 5544 νεκρῶν
1465 5474 1533 5528 ἐκ
1559 5476 1874 5547 σπέρματος

282 5557 458 5614 Δαὸὶδ
518 5562 660 5616 κατά
707 5561 768 5615 τὺ
824 5562 1141 5630 εὐαγγέλιόν
1195 5580 1322 5634 μου,
1375 5562 1434 5616 ἐν
1479 5556 1524 5631 ᾧ
1571 5565 1872 5620 κακοπαθῶ

285 5648 458 5723 μέχρι
483 5652 699 5724 δεσμῶν
733 5653 810 5717 ὡς
848 5651 1156 5724 κακοῦργος
1181 5669 1196 5682 ·
1228 5655 1342 5708 ἀλλ’
1371 5655 1399 5707 6
1431 5654 1587 5724 λόγος
1613 5655 1705 5709 τοῦ
1736 5657 1870 5712 Θεοῦ

274 5743 348 5796 σὺ
381 5742 612 5797 δέδεται.
646 5745 746 5799 Διά
773 5745 932 5799 τοῦτο
962 5747 1141 5800 πάντα
1175 5747 1428 5817 ὑπομένοι
1453 5747 1539 5801 διὰ
1568 5749 1688 5811 τοὺς
1719 5749 1870 5801 ἐκλε-

274 5834 482 5900 κτοὺς,
534 5836 622 5890 ἵνα
693 5836 784 5889 καί
836 5835 988 5890 αὐτοὶ
1051 5837 1326 5908 σωτηρίας
1380 5835 1584 5908 τύχωσι
1643 5836 1742 5907 τῆς
1803 5838 1862 5891 ἐν

1988 4657 2180 4713 testes,
2236 4649 2352 4703 lucc
2398 4647 2724 4703 commenda
2780 4644 3030 4700 ﬁdelibus
3085 4642 3425 4708 hominibus,
3479 4642 3571 4712 qui

1986 4740 2167 4796 idonei
2193 4748 2354 4794 erunt
2388 4750 2441 4794 et
2472 4739 2609 4795 alios
2665 4740 2884 4793 docere.
2921 4735 3002 4790 Tu
3027 4751 3159 4807 ergo
3209 4735 3398 4789 labora
3428 4735 3573 4790 sicut

1984 4833 2161 4888 bonus
2186 4833 2342 4888 miles
2380 4829 2510 4886 Jesu
2547 4831 2781 4887 Christi.
2823 4829 2998 4885 Nemo
3062 4828 3306 4883 militans
3339 4825 3572 4883 Decim-

1983 4924 2152 4995 plicat
2202 4940 2259 4979 se
2322 4923 2557 4993 negotiis
2608 4921 2990 4984 saecularibus,
3025 4926 3087 4974 ut
3128 4920 3174 4976 ei
3206 4921 3422 4990 placeat
3475 4918 3570 4989 qui

1983 5033 2044 5072 se
2066 5016 2341 5086 probavit.
2400 5015 2770 5071 Laborantem
2822 5013 3122 5085 agricolam
3175 5022 3392 5084 oportet
3454 5012 3572 5083 pri-

1981 5121 2129 5161 mum
2161 5106 2228 5161 de
2291 5105 2564 5162 fructibus
2605 5108 2908 5177 percipere.
2970 5103 3218 5176 lntcllige
3244 5119 3368 5175 qua:
3395 5102 3523 5158 dico
3553 5122 3566 5158 :

1979 5197 2131 5252 dabit
2156 5197 2304 5252 enim
2340 5197 2437 5252 tibi
2472 5195 2736 5252 Dominus
2770 5198 2824 5252 in
2883 5196 3146 5252 omnibus
3200 5196 3563 5252 intellectum.

1979 5288 2323 5346 Memorcsto
2357 5288 2650 5345 Dominum
2713 5289 2902 5346 Iesum
2961 5289 3247 5345 Christum
3317 5303 3568 5344 resurre-

1977 5382 2126 5438 xisse
2155 5395 2184 5436 a
2217 5383 2456 5438 mortuis
2483 5396 2549 5437 ex
2573 5382 2784 5438 semine
2823 5381 2994 5437 David
3022 5381 3326 5437 secundum
3381 5377 3564 5432 Evan-

1976 5473 2177 5545 gelium
2234 5488 2437 5539 meum,
2481 5473 2534 5528 in
2589 5489 2699 5545 quo
2743 5473 2934 5530 laboro
2999 5488 3173 5544 usque
3231 5472 3297 5527 ad
3339 5470 3560 5526 vincula

1975 5565 2130 5636 quasi
2164 5565 2308 5620 male
2331 5581 2591 5638 operans,
2631 5567 2726 5625 sed
2763 5567 2989 5622 verbum
3030 5565 3120 5620 Dei
3168 5578 3276 5618 non
3304 5572 3392 5619 est
3436 5561 3561 5616 alli-

1973 5665 2181 5736 gatum.
2243 5653 2370 5711 ideo
2431 5657 2615 5712 omnia
2663 5659 2914 5714 sustineo
2966 5665 3188 5730 propter
3241 5657 3467 5717 electos,
3502 5662 3560 5708 ut

1972 5755 2026 5801 ct
2063 5745 2163 5815 ipsi
2195 5744 2429 5800 salutem
2485 5758 2920 5819 consequantur,
2979 5765 3099 5819 qua:
3161 5746 3559 5802 cstiuCliristo

1976 5836 2104 5894 Jcsu
2164 5851 2287 5890 cum
2340 5839 2512 5910 gloria
2563 5850 2787 5898 acterna.
2851 5842 3056 5900 Fidelis
3111 5855 3325 5903 sermo;
3361 5853 3481 5894 nam
3511 5837 3556 5893 si
