3998 6392
545 319 683 392 1019

1747 315 1813 376 S.
1834 308 2159 387 JOANNIS
2193 307 2627 369 DAMASCENI

3622 314 3724 392 ιου

544 437 877 493 commortui
916 451 1133 504 sumus.
1169 445 1233 503 et,
1258 435 1653 506 convivemus;
1685 438 1733 497 si
1759 437 2122 499 sustinemus,

2236 426 2451 498 Χριστῷ
2494 426 2694 497 Ἰησοῦ,
2732 426 2873 497 μετά
2916 425 3074 497 δόξης
3110 424 3351 481 αἰωνίου.
3395 426 3569 496 nmo;
3603 434 3628 488 ὸ
3657 437 3725 493 λά.

546 535 601 581 et
625 528 996 597 regnabimus.
1030 527 1088 583 Si
1123 528 1530 600 negaverimus,
1549 528 1718 585 etille
1747 528 1970 600 negabit
1989 543 2122 597 nos;

547 618 595 673 si
627 631 735 672 non
762 618 1062 686 credimus,
1084 619 1175 675 ille
1230 618 1409 676 ﬁdelis
1443 627 1761 690 permanet:
1791 635 1995 693 negare
2039 635 2130 678 se-

547 710 724 780 ipsum
753 719 1075 779 nonpotest.
1112 709 1247 767 Haec
1274 725 1592 779 commone,
1611 711 1915 769 testiﬁcans
1936 726 2125 771 coram

546 801 800 856 Domino.
857 799 982 857 Noli
1037 804 1373 859 contendere
1402 804 1588 860 verbis
1627 822 1643 860 :
1680 803 1748 860 ad
1776 804 1919 861 nihil
1976 805 2127 861 enim

547 889 681 945 utile
695 898 802 956 est,
827 891 934 947 nisi
957 890 1025 949 ad
1043 891 1460 948 subversionem
1483 893 1847 949 audientium.
1874 892 2131 953 Sollicito

548 995 681 1039 cura
702 982 941 1050 teipsum
980 983 1274 1053 probatum
1316 984 1576 1042 exhibere
1609 983 1744 1050 Deo,
1810 986 2127 1057 operarium

548 1070 1017 1139 inconfusihilem,
1037 1083 1189 1131 recte
1214 1083 1542 1134 tractantem
1567 1078 1801 1135 verbum
1851 1079 2126 1138 veritatis.

548 1162 786 1221 Profana
809 1165 976 1237 268
992 1175 1177 1223 autem
1209 1175 1267 1224 et
1293 1168 1609 1242 vaniloquis
1633 1170 1814 1228 devita
1842 1188 1858 1239 ;
1895 1172 2127 1229 multum

548 1252 695 1308 enim
752 1254 1051 1323 proﬁciunt
1087 1254 1154 1311 ad
1187 1256 1563 1327 impietatem:
1599 1268 1656 1317 et
1689 1276 1873 1319 sermo
1932 1277 2127 1319 eorum

552 1349 614 1398 ut.
638 1358 840 1401 cancer
867 1347 1045 1417 serpit
1077 1362 1092 1401 :
1121 1366 1188 1405 ex
1211 1351 1415 1421 quibus
1437 1360 1522 1408 est
1554 1350 1892 1423 Hymenzcus
1919 1361 1975 1410 et
2007 1353 2130 1410 Phi-

550 1434 718 1503 lelus,
782 1438 933 1508 quia
963 1440 1194 1496 veritate
1235 1443 1582 1511 exciderunt,
1639 1445 1890 1503 dicentes
1939 1462 2129 1504 resur-

551 1527 855 1591 rectionem
888 1546 1015 1588 esse
1048 1532 1165 1602 jam
1214 1534 1444 1601 factam,
1471 1544 1529 1593 et
1560 1537 1949 1595 subverterunt
1987 1554 2129 1609 quo—

550 1619 805 1674 rumdam
832 1621 1014 1681 ﬁdem.
1053 1620 1161 1681 Sed
1190 1627 1405 1683 ﬁrmum
1434 1627 1854 1686 fundamentum
1878 1629 1971 1688 Dei
1994 1638 2129 1698 stat,

2230 518 2360 590 γος’
2414 522 2464 574 εί
2513 520 2623 592 γὰρ
2676 519 3149 590 συναπεθάνομεν,
3201 519 3298 573 καὶ⁵
3349 520 3649 595 συζήσομενο
3691 535 3726 584 εξ

2231 612 2599 686 ὑπομένομεν,
2638 613 2733 666 καὶ
2783 611 3316 682 συμϐασιλεύσομεν.
3368 610 3429 666 Ei
3458 608 3728 690 ἀρνούμεθα,

2231 707 2486 768 κάκεῖνος
2533 705 2834 776 ἀρνήσεται
2882 705 3050 776 ἡμᾶς.
3092 704 3155 757 Εἰ
3202 703 3542 776 ἀπιστοῦμεν,
3573 707 3729 779 ἐκεῖνος

2231 798 2420 861 πιστὸς
2448 797 2601 867 μένει
2619 809 2634 825 ⁸
2667 796 3009 869 ἀρνήσασθαι
3041 793 3235 850 ἑαυτὸν
3262 792 3325 848 οὗ
3348 794 3570 854 δύναται.
3592 801 3736 859 Ταῦτα

2233 887 2643 960 ὑπομίμνησκε,
2671 887 3179 960 διαμαρτυρόμενος
3202 885 3428 941 ἐνώπιον
3454 889 3538 943 τοῦ
3555 893 3734 964 Κυρίου,

2236 978 2312 1051 μὴ
2343 978 2693 1051 λογομαχεῖν,
2723 979 2799 1043 ὡς
2829 978 2983 1033 οὐδὲν
3016 979 3290 1052 χρήσιμον
3332 980 3421 1034 ἐπὶ
3450 994 3738 1062 καταστροφῇ

2231 1069 2342 1123 τῶν
2379 1072 2711 1126 ἀκουόντων.
2756 1069 3069 1124 Σπούδασον
3103 1069 3328 1124 σεαυτὸν
3370 1069 3573 1143 δόκιμον
3600 1093 3739 1149 παρα.

2236 1163 2432 1235 στῆσαι
2465 1163 2544 1235 τῷ
2596 1161 2841 1235 Χριστῷ,
2866 1162 3123 1235 νὲργάτην
3156 1161 3584 1234 ἀνεπαίσχυντον,
3624 1167 3743 1236 ὀρθο-

2233 1256 2501 1327 τομοῦντα
2530 1257 2624 1312 τὸν
2652 1257 2811 1327 λόγον
2853 1257 2951 1331 τῆς
2978 1255 3261 1329 ἀληθείας.
3296 1257 3404 1321 Τὰς
3439 1257 3495 1312 δὲ
3538 1258 3743 1332 βεϐήλους

2234 1350 2566 1429 κενοφωνίας
2597 1350 2926 1423 περίστασο⁶
2975 1350 3068 1404 ἐπὶ
3108 1348 3274 1404 πλέον
3300 1348 3408 1421 γὰρ
3441 1352 3743 1425 προκόψουσιν

2233 1440 2512 1506 ἀσεσείας,
2547 1440 2645 1495 καὶ
2680 1441 2710 1494 6
2754 1440 2913 1511 λόγος
2953 1441 3135 1496 αὐτῶν
3166 1441 3241 1505 ὡς
3284 1442 3580 1513 γάγγραινα
3616 1448 3743 1519 νομὴν

2233 1532 2347 1599 ἕξει
2366 1547 2379 1561 ·
2411 1524 2487 1587 ὧν
2522 1532 2674 1586 ἐστιν
2708 1532 2999 1604 ’Υμεναῖος
3056 1533 3152 1587 καὶ
3178 1532 3427 1605 Φιλητὸς,
3455 1534 3630 1599 οἵτινες
3653 1540 3747 1611 περὶ

2233 1626 2334 1695 τὴν
2382 1622 2643 1696 ἀλήθειαν
2687 1623 3021 1697 ἠστόχησαν,
3068 1624 3322 1695 λέγοντες
3373 1623 3469 1697 τὴν
3512 1627 3748 1684 ἀνάστασιν

549 1708 760 1768 habens
780 1712 1125 1785 signaculum
1191 1718 1330 1775 hoc:
1390 1718 1662 1793 Cognovit
1718 1721 1988 1782 Dominus
2032 1725 2128 1796 qui

2238 1717 2341 1789 ἥδη
2380 1717 2686 1786 γεγονέναι,
2721 1716 2818 1771 καὶ
2847 1716 3217 1789 ἀνατρέπουσι
3263 1717 3387 1787 τήν,
3411 1734 3562 1773 τινων
3593 1719 3749 1777 πίστιν.

550 1810 678 1857 sunt
718 1804 872 1876 ejus;
935 1814 992 1865 et
1043 1809 1294 1867 discedat
1332 1813 1402 1868 ab
1446 1785 1740 1886 iniquitate
1805 1818 1991 1876 omnis
2035 1785 2133 1890 qui

2252 1785 2310 1863 δυ
2328 1785 2530 1881 ’μέντοι
2561 1804 2782 1881 στερεὸς
2809 1785 3062 1879 θεμέλιος
3087 1806 3183 1862 τοῦ
3214 1785 3352 1861 Θεού
3397 1806 3629 1878 ἕστηκεν,
3652 1808 3751 1880 ἔχων

550 1894 801 1953 nominat
833 1913 1034 1955 nomen
1092 1899 1337 1960 Domini.
1362 1904 1424 1960 In
1458 1921 1660 1978 magna
1710 1916 1894 1965 autem
1946 1910 2134 1977 domo.

2236 1901 2336 1973 τὴν
2386 1899 2659 1971 σφραγίδα
2703 1899 2933 1971 ταύτην.
2980 1901 3169 1971 Ἔγνω
3224 1898 3434 1972 Κύριος
3481 1900 3598 1965 τοὺς
3636 1900 3753 1964 ὄντες

549 1999 661 2040 non
715 1987 894 2045 solum
956 2001 1090 2050 sunt
1137 2009 1268 2051 vasa
1326 2011 1491 2054 aurea
1520 2009 1577 2054 et
1624 2010 1905 2071 argentea,
1954 2001 2051 2059 sed
2080 2012 2133 2061 el

2237 1990 2425 2058 αὐτοῦ,
2456 1991 2552 2046 καὶ
2586 1990 2884 2062 ἀποστήτω
2930 1990 3041 2045 ἀπὸ
3079 1990 3295 2053 ἀδικίας
3325 1991 3434 2054 πᾶς
3475 1988 3503 2044 ό
3529 1990 3754 2060 ὀνομάζων

549 2076 730 2149 lignea
780 2088 837 2138 et
861 2082 1049 2141 ﬁctilia
1086 2103 1101 2142 :
1135 2094 1193 2145 et
1222 2089 1475 2159 quatdam
1519 2090 1741 2162 quidem
1762 2093 1818 2149 in
1844 2094 2132 2166 honorem,

548 2171 798 2261 quaedam
829 2185 1014 2232 autem
1034 2178 1089 2234 in
1120 2181 1533 2238 contumeliam.
1554 2184 1613 2241 Si
1631 2187 1757 2257 quis
1785 2203 1918 2261 ergo
1944 2205 2137 2248 emun-

548 2258 763 2318 daverit
784 2280 847 2322 se
871 2267 943 2324 ab
973 2268 1118 2335 istis,
1165 2273 1273 2327 erit
1314 2289 1411 2331 vas
1433 2276 1488 2331 in
1533 2276 1829 2346 honorem,
1856 2258 2134 2340 vsanctili-

550 2359 735 2408 catum
774 2364 831 2412 et
862 2357 997 2415 utile
1021 2358 1258 2418 Domino
1300 2365 1368 2421 ad
1399 2380 1562 2424 omne
1623 2383 1766 2440 opus
1805 2371 2009 2428 bonum
2033 2387 2136 2445 pa.

550 2450 755 2500 ratum.
804 2444 1077 2506 Juvenilia
1139 2461 1325 2510 autem
1384 2456 1660 2515 desideria
1711 2460 1872 2534 fuge,
1916 2444 2133 2523 sectare

548 2548 682 2590 vero
704 2535 997 2606 justitiam,
1033 2540 1219 2607 ﬁdem,
1243 2545 1594 2617 charitatem,
1625 2560 1680 2608 et
1705 2567 1895 2623 pacem
1919 2570 2044 2611 cum
2064 2556 2134 2615 iis

550 2625 645 2694 qui
670 2626 935 2687 invocant
961 2630 1255 2691 Dominum
1291 2638 1360 2696 de
1384 2640 1551 2698 corde
1580 2657 1740 2713 puro.
1788 2644 2002 2705 Stultas
2034 2663 2135 2705 au-

547 2724 659 2773 tem
682 2726 737 2775 et
759 2720 880 2782 sine
904 2722 1196 2795 disciplina
1220 2732 1746 2801 quaestionesdevita
1767 2754 1782 2804 ;
1801 2738 1986 2797 sciens
2002 2739 2133 2810 quia

550 2820 821 2879 generant
847 2812 995 2871 lites.
1029 2815 1261 2877 Servum
1312 2831 1499 2881 autem
1538 2824 1757 2884 Domini
1784 2844 1895 2885 non
1913 2838 2135 2902 oportet

549 2900 811 2974 litigare;
845 2904 945 2962 sed
998 2921 1351 2968 mansuetum
1399 2930 1523 2973 esse
1552 2918 1619 2973 ad
1643 2933 1836 2977 omnes
1857 2960 1877 2987 ,
1922 2900 2134 2980 docibi-

551 2992 683 3059 lem,
731 2995 1054 3069 patientem,
1096 3017 1224 3058 cum
1276 3007 1548 3064 modestia
1603 3013 1994 3083 corripientem
2034 3031 2132 3075 eos

2235 2085 2296 2141 τὸ
2323 2086 2497 2156 ὄνομα
2527 2085 2755 2158 Κυρίου.
2795 2083 2887 2138 Ἔν
2920 2083 3133 2157 μεγάλῃ
3162 2083 3221 2137 δὲ
3245 2082 3398 2155 οἰκίᾳ
3438 2082 3536 2173 ούκ
3560 2081 3661 2137 ἔστι
3687 2083 3754 2154 μό-
3852 2104 3853 2173 ξ

2238 2195 2328 2234 νον
2356 2177 2528 2249 σκεύη
2561 2177 2740 2248 χρυσᾶ
2781 2176 2878 2231 καὶ
2906 2177 3149 2250 ἀργυρᾶ,
3194 2175 3334 2230 ἀλλά
3363 2176 3455 2229 καὶ
3493 2172 3658 2242 ξύλινα
3690 2175 3756 2231 καὶ
3852 2176 3853 2193 ‘

2236 2271 2536 2343 ὀστράκινα
2557 2287 2571 2301 ·
2604 2271 2699 2326 καὶ
2729 2270 2765 2326 ἀ
2797 2270 2899 2340 μὲν
2941 2270 3025 2333 είς
3073 2268 3263 2340 τιμὴν,
3297 2267 3337 2323 ἃ
3370 2268 3430 2327 δὲ
3457 2270 3535 2334 είς
3560 2269 3752 2340 ἀτιμίαν.

2248 2361 2377 2417 Ἐἀν
2414 2356 2510 2417 οὖν
2547 2377 2633 2425 τις
2677 2360 2964 2433 ἐκκαθάρῃ
3015 2359 3208 2416 ἑαυτὸν
3246 2360 3358 2415 ἀπὸ
3384 2359 3603 2427 τούτων,
3644 2360 3756 2415 εσθαι

2238 2454 2436 2520 σκεῦος
2485 2455 2568 2520 είς
2614 2453 2805 2527 τιμὴν,
2859 2452 3195 2525 ἡγιασμένον
3247 2451 3347 2506 καὶ
3392 2449 3669 2523 εὔχρηστον
3703 2450 3755 2522 τῷ
3852 2452 3853 2505 Ϊ

2235 2545 2484 2619 Δεσπότη
2527 2546 2609 2611 είς
2654 2547 2763 2601 πᾶν
2798 2544 2961 2617 έργον
3002 2543 3208 2615 ἀγαθὸν
3233 2542 3644 2616 ἡτοιμασμένον.
3679 2543 3757 2608 Τὰς

2235 2635 2297 2689 δὲ
2321 2635 2655 2707 νεωτερικὰς
2678 2633 2980 2706 ἀπιθυμίας
3017 2634 3187 2705 φεῦγε
3209 2650 3224 2664 ’
3254 2635 3421 2690 δίωκε
3460 2634 3518 2689 δὲ
3543 2633 3757 2689 δικαιοσύ-

2236 2744 2358 2799 νην,
2405 2726 2609 2791 πίστιν,
2642 2728 2888 2800 ἀγάπην,
2937 2728 3163 2800 εἰρήνην
3199 2727 3343 2799 μετὰ
3386 2726 3498 2782 τῶν
3531 2726 3759 2781 immov-

2240 2820 2420 2890 μένων
2469 2816 2563 2874 τὸν
2606 2814 2812 2888 Κύριον
2863 2821 2931 2874 ἐκ
2982 2818 3233 2892 καθαρᾶς
3281 2816 3530 2892 καρδίας.
3587 2818 3682 2883 Τάς
3720 2817 3759 2871 δὲ

2241 2908 2432 2981 μωρὰς
2480 2908 2576 2964 καὶ
2607 2908 2971 2974 ἀπαιδεύτους
3017 2909 3274 2982 ζητήσεις
3324 2908 3609 2981 παραιτοῦ,
3647 2906 3760 2971 εἰδὼς

2236 3001 2321 3055 ὅτι
2350 2999 2582 3072 γεννῶσι
2618 3000 2819 3073 μάχας.
2852 3000 3050 3058 Δοῦλον
3089 3001 3148 3057 δὲ
3178 3001 3389 3077 Κυρίου
3447 3002 3506 3056 ού
3533 3000 3608 3055 δεῖ
3632 3001 3759 3072 μάχε-

462 3120 465 3123 -
551 3085 649 3156 (ιυί
689 3088 1002 3205 resistuttt:
1036 3097 1335 3167 nequando
1399 3098 1547 3158 Deus
1578 3102 1673 3159 det
1712 3104 1820 3161 illis
1864 3108 2133 3177 poeniten-

2238 3092 2386 3169 σθαι,
2441 3094 2557 3149 ἀλλ’
2607 3095 2775 3168 ἤπιον
2823 3089 2963 3152 εἶναι
3012 3095 3152 3167 πρὸς
3207 3096 3444 3163 πάντας,
3492 3093 3761 3205 διδακτικόν,

553 3177 686 3231 tiam
709 3177 778 3232 ad
830 3187 1276 3253 cognoscendam
1311 3190 1622 3260 veritatem,
1649 3202 1706 3250 et
1741 3197 2074 3267 resipiscam
2101 3214 2133 3259 a

2236 3186 2578 3254 ἀνεξίκακον,
2609 3188 2669 3240 έν
2698 3186 2969 3259 πραότητι
3007 3185 3335 3244 παιδεύοντα
3363 3188 3502 3252 τοὺς
3526 3184 3759 3242 ἀντιδιατι-

550 3269 755 3364 diaboli
801 3271 1038 3345 laqueis,
1067 3276 1128 3335 in
1157 3295 1270 3352 quo
1310 3283 1517 3356 captivi
1550 3292 1810 3345 tenentur
1857 3291 1925 3347 ad
1956 3290 2137 3364 ipsius

547 3361 914 3424 voluntatem.
936 3386 959 3423 ι

1132 3670 1137 3674 -
1185 3635 1340 3693 CAP.
1360 3635 1455 3695 lli.

1132 3670 1137 3674 -
1230 3636 1277 3690 Δ
1324 3635 1380 3693 .l
1437 3677 1455 3695 .

623 3719 790 3777 Vens.
822 3723 875 3790 l,
902 3722 992 3779 ll.
1027 3632 1625 3799 «Hocguttmlzcitote,
1653 3734 1801 3805 quod
1823 3734 1878 3793 in
1896 3739 2138 3798 novissi-

552 3813 657 3866 mis
688 3814 881 3870 diebus
935 3816 1224 3874 instabunt
1273 3828 1523 3892 tempora
1572 3826 1903 3895 periculosa.
1963 3831 2139 3889 Erunt

550 3902 698 3956 enim
725 3904 981 3962 homines
1010 3908 1224 3979 scipsos
1254 3920 1528 3980 amantes,
1577 3916 1789 3988 cupidi,
1834 3919 1989 3988 elati,
2038 3937 2137 3981 su-

553 3996 743 4062 perhi.
805 3997 1166 4070 blasphemi,
1224 4005 1550 4074 parentibus
1608 4023 1720 4065 non
1779 4011 2134 4085 obedientes,

550 4090 772 4161 ingrati,
803 4092 1044 4156 scelesti,
1081 4094 1203 4151 sine
1247 4094 1560 4166 aifectione,
1593 4100 1716 4158 sine
1756 4118 1912 4175 pace,
1952 4108 2139 4164 crimi-

550 4191 810 4249 natores,
872 4184 1311 4255 incontinentes,
1371 4188 1647 4259 immites,
1704 4194 1825 4252 sine
1878 4196 2135 4270 benigni-

548 4282 681 4340 tate,
742 4276 1077 4346 proditores,
1137 4282 1403 4351 protervi,
1445 4284 1662 4352 tumidi,
1690 4293 1745 4342 et
1789 4288 2133 4360 voluptatum

550 4372 832 4422 amatores
896 4369 1075 4439 magis
1128 4385 1294 4440 quam
1358 4370 1499 4441 Dei;
1570 4374 1841 4437 habentes
1909 4381 2132 4452 quidem

2236 3278 2532 3352 θεμένουςο
2564 3279 2781 3351 μήποτε
2827 3279 2906 3352 δῷ
2949 3279 3141 3345 αὐτοῖς
3167 3282 3196 3335 ό
3237 3280 3378 3346 Θεὸς
3425 3281 3688 3352 μετάνοιαν
3708 3279 3763 3342 είς

2233 3369 2536 3439 ἐπίγνωσιν
2578 3369 2857 3441 ἀληθείας,
2894 3368 2992 3425 καὶ
3020 3371 3376 3444 ἀνανήψωσιν
3410 3370 3477 3426 ἐκ
3519 3373 3611 3442 τῆς
3633 3367 3762 3423 διασό-

2233 3461 2328 3516 λου
2355 3461 2605 3531 παγίδος,
2639 3461 3021 3535 ἐζωγρημένοι
3059 3461 3153 3517 ὑπ’
3185 3461 3358 3519 αὐτοῦ
3393 3465 3475 3528 είς
3512 3464 3572 3516 τὸ
3606 3460 3762 3516 ἐκείνου

2235 3552 2470 3626 θέλημα.
2518 3571 2539 3608 ι
3025 3587 3083 3622 ,ρ

2849 3645 3103 3702 ΚΕΦΑΛ.
3143 3643 3221 3702 Γν.

2315 3759 2335 3794 ι
2375 3739 2548 3797 Τοῦτο
2572 3738 2629 3795 δὲ
2649 3737 2951 3810 γινώσκετε
2982 3739 3065 3794 ὅτι
3088 3739 3148 3793 εν
3181 3737 3445 3810 ἐσχάταις
3475 3737 3686 3809 ἡμέραις
3707 3737 3763 3787 ἑν-

2238 3832 2527 3907 στήσονται
2570 3831 2754 3905 καιροὶ
2798 3828 3047 3903 χαλεποί.
3098 3830 3357 3885 Ἔσονται
3384 3830 3496 3901 γάρ
3530 3830 3577 3884 oi
3603 3827 3765 3896 άνθρω-

2235 3934 2351 3989 ποι,
2399 3922 2673 3994 φίλαυτοι,
2706 3922 3056 3995 φιλάργυροι,
3110 3920 3410 3988 ἀλαζόνες,
3458 3923 3762 3993 ὑπερήφανοι,

2238 4013 2575 4087 βλάσφημοι,
2617 4012 2871 4084 γονεῦσιν
2913 4012 3186 4079 ἀπειθεῖς,
3232 4013 3545 4085 ἀχάριστοι,
3588 4010 3762 4071 ἀνόσιοι.

2235 4105 2518 4177 ἄστοργοι,
2567 4105 2841 4172 ἄσπονδοι,
2883 4104 3145 4171 διάϐολοι,
3192 4104 3483 4177 ἀκρατεῖς,
3530 4104 3762 4176 ἀνήμερα,

2235 4195 2585 4266 ἀφιλάγαθοι,
2618 4195 2897 4266 προδόται,
2926 4196 3241 4266 προπετεῖς,
3270 4193 3654 4291 τετυφωμένοι,
3679 4188 3765 4291 φιλ·

2235 4285 2415 4357 ήδονοι
2453 4283 2675 4357 μᾶλλον,
2725 4285 2760 4356 ἢ
2808 4283 3048 4354 φιλόθεοι
3068 4300 3082 4315 ·
3129 4285 3350 4357 ἔχοντες
3402 4286 3666 4356 μόρφωσιν
3699 4283 3763 4331 εῦ-

2237 4376 2475 4444 σεσείας,
2507 4376 2606 4447 τὴν
2631 4376 2690 4431 δὲ
2721 4376 2953 4448 δύναμιν
2996 4377 3167 4446 αὐτῆς
3201 4377 3529 4449 ἠρνημένοι.
3558 4373 3658 4429 Καὶ
3677 4366 3764 4425 τού-

550 4457 788 4525 speciem
815 4460 1060 4529 pietatis,
1110 4465 1376 4520 virtutem
1412 4475 1598 4522 autem
1661 4468 1786 4540 ejus
1849 4472 2133 4544 abnegau—

2236 4485 2361 4533 τους
2395 4467 2711 4541 ἀποτρέπου
2734 4485 2748 4500 ·
2784 4468 2850 4522 ὲκ
2878 4466 3086 4523 τούτων
3114 4468 3221 4539 γάρ
3247 4469 3391 4523 είσιν
3428 4468 3478 4523 οἱ
3514 4465 3764 4521 ὲνδύνοντες

549 4556 655 4603 tes.
675 4546 741 4602 Et
773 4549 876 4606 hos
908 4550 1096 4606 devita
1126 4570 1141 4606 :
1172 4568 1238 4608 ex
1258 4553 1348 4610 his
1376 4555 1523 4610 enim
1551 4568 1679 4614 sunt
1713 4560 1809 4631 qui
1841 4572 2135 4633 penetrant

547 4637 745 4696 domos
768 4680 783 4708 ,
817 4651 872 4697 et
900 4643 1152 4715 captivas
1206 4644 1419 4703 ducunt
1454 4648 1814 4709 mulierculas
1875 4664 2136 4714 oneratas

549 4734 816 4802 peccatis,
853 4750 976 4806 qua
1033 4736 1315 4794 ducuntur
1345 4740 1516 4797 variis
1557 4741 1885 4801 desideriis:
1919 4761 2138 4819 semper

550 4822 852 4891 discentes,
870 4834 925 4881 et
947 4843 1071 4900 quae
1133 4846 1420 4903 nunquam
1449 4833 1517 4889 ad
1545 4826 1839 4890 Scientiam
1883 4839 2150 4898 veritatis-

551 4924 786 4982 possunt
827 4920 1138 4987 pervenire.
1168 4921 1644 4990 Quemadmodum
1687 4939 1874 4984 autem
1929 4929 2136 4991 Jannes

551 5015 608 5059 et
637 5002 888 5065 Jamhres
918 5006 1249 5070 restiterunt
1286 5016 1498 5089 Moysi;
1539 5020 1614 5075 ita
1642 5029 1699 5077 et
1753 5023 1807 5079 hi
1871 5025 2137 5083 resistent

552 5095 813 5167 veritati;
856 5099 1110 5160 homines
1154 5109 1405 5178 corrupti
1447 5119 1654 5179 mente,
1709 5116 1933 5186 reprobi
1986 5119 2138 5175 circa

555 5185 741 5255 Iidem,
782 5188 879 5245 sed
936 5191 1077 5247 ultra
1109 5209 1219 5249 non
1253 5198 1566 5266 proﬁcient.
1606 5185 1927 5274 [nsipientia
1986 5210 2136 5264 enim

550 5295 746 5335 eorum
805 5282 1096 5342 manifesta
1146 5288 1252 5345 erit
1306 5292 1586 5361 omnibus,
1639 5297 1785 5354 sicut
1815 5307 1873 5355 et
1912 5300 2137 5359 illorum

553 5373 680 5428 iuit.
706 5372 788 5429 Tu
822 5382 1005 5431 autem
1036 5392 1328 5439 assecutus
1360 5399 1420 5439 es
1450 5399 1626 5442 meam
1680 5392 2014 5460 doctrinam,
2050 5394 2137 5450 in-

551 5466 927 5533 stitutionem,
961 5474 1329 5542 propositum,
1386 5476 1574 5545 ﬁdem,
1638 5480 2134 5553 longanimitatem,

552 5555 944 5626 dilectionem,
968 5562 1319 5632 patientiam,
1350 5569 1791 5636 persecutiones,
1826 5575 2135 5643 passiones;

552 5646 740 5718 qualia
773 5648 906 5703 mihi
932 5649 1075 5707 facta
1110 5662 1240 5710 sunt
1285 5656 1617 5724 Antiochiae,
1677 5657 1873 5728 lconii,
1915 5662 1970 5717 in
2029 5662 2137 5734 Ly-

552 5735 914 5805 stris,qualcs
932 5742 1345 5819 persecutiones
1363 5746 1623 5803 sustinui.
1651 5768 1667 5800 ι

2234 4562 2317 4626 είς
2362 4560 2464 4625 τὰς
2511 4560 2717 4627 οίκίας,
2768 4560 2864 4615 καὶ
2920 4558 3436 4631 αἱχμαλωτεύοντες
3467 4555 3762 4630 γυναικάρια,

2236 4652 2625 4724 σεσωρευμένα
2669 4651 2991 4723 ἁμαρτίαις,
3046 4650 3296 4722 ἀγόμενα
3332 4649 3644 4722 ἐπιθυμίαις
3681 4659 3763 4699 tm-

2234 4742 2440 4808 κίλαις,
2469 4742 2704 4798 πάντοτε
2736 4732 3100 4814 μανθάνοντα,
3131 4743 3228 4798 καὶ
3275 4742 3549 4814 μηδέποτε
3580 4741 3650 4803 είς
3680 4733 3763 4789 irai-

2235 4853 2439 4908 γνωσιν
2490 4834 2751 4909 ἀληθείας
2800 4836 2976 4892 ἐλθεῖν
3022 4837 3320 4909 δυνάμενα.
3372 4839 3472 4892 Ὃν
3516 4834 3694 4908 τρόπον
3726 4826 3764 4881 δὲ

2248 4929 2456 5001 Ἰαννῆς
2484 4929 2579 4984 καὶ
2620 4928 2886 5000 Ἰαμϐρῆς
2913 4928 3251 5001 ἀντέστησαν
3278 4928 3518 5000 Μωῦσῇ,
3547 4924 3674 4981 οὕτω
3698 4917 3765 4974 καὶ

2234 5012 2385 5074 οὗτοι
2426 5017 2776 5073 ἀνθίστανται
2804 5021 2871 5091 τῇ
2911 5016 3162 5091 ἀληθείᾳ,
3194 5017 3480 5090 ἄνθρωποι
3511 5012 3765 5084 κατεφθαρ-

2240 5111 2392 5183 μένοι
2440 5111 2533 5165 τὸν
2581 5110 2729 5173 νοῦν,
2775 5110 3028 5181 ἀδόκιμοι
3076 5109 3206 5183 περὶ
3246 5110 3349 5184 τὴν
3376 5111 3577 5172 πίστιν,
3606 5103 3701 5160 ἀλλ’
3719 5098 3762 5153 οὗ

2237 5202 2606 5277 προκόψουσιν
2636 5202 2732 5257 ἐπὶ
2767 5202 2974 5259 πλεῖον.
3030 5203 3093 5258 Ἠ
3122 5202 3233 5276 γάρ
3256 5204 3415 5259 ἄνοια
3443 5200 3613 5256 αὐτῶν
3644 5193 3762 5260 ἔκδη-

2236 5296 2326 5361 λος
2350 5296 2503 5351 έσται
2548 5297 2736 5364 πᾶσιν,
2784 5295 2861 5360 ὡς
2889 5295 2985 5349 καὶ
3017 5296 3051 5364 ἡ
3094 5295 3320 5350 ἐκείνων
3360 5294 3599 5365 ἐγένετο.
3628 5287 3688 5342 Σύ
3723 5282 3763 5337 δὲ

2237 5387 2731 5460 παρηκολούθηκάς
2766 5404 2870 5459 μου
2917 5388 2986 5460 τῇ
3018 5386 3357 5479 διδασκαλία,
3392 5388 3461 5458 τῇ

2239 5481 2516 5554 προθέσει,
2549 5483 2617 5554 τῇ
2643 5480 2851 5548 πίστει,
2888 5480 2954 5549 τῇ
2996 5478 3368 5550 μακροθυμία,
3399 5480 3466 5549 τῇ
3491 5474 3682 5544 ἀγάπῃ,
3712 5474 3760 5536 τῇ

2238 5575 2510 5644 ὑπομονῇ,
2560 5573 2674 5635 τοῖς
2718 5570 3002 5641 διωγμοῖς,
3053 5573 3163 5634 τοῖς
3209 5569 3547 5641 παθήμασιν,
3583 5559 3660 5620 οἷά
3696 5574 3761 5630 μοι

2238 5664 2455 5734 ἐγένετο
2477 5665 2535 5717 ἐν
2572 5662 2893 5734 Ἀντιοχείᾳ,
2924 5662 2983 5716 ὲν
3023 5662 3243 5733 Ἰκονίῳ,
3278 5662 3333 5716 ἐν
3360 5660 3632 5729 Λύστροις,
3652 5651 3759 5708 οἴους

2239 5753 2511 5824 διωγμοὺς
2543 5754 2847 5824 ὑπήνεγκα.
2892 5771 2911 5804 ι
