3998 6436
329 506 384 557 Ἀ
409 499 495 556 διὰ
523 499 734 554 Θέκλαν
762 498 1020 562 πέπονθε,
1051 495 1217 564 λέγει.

329 614 345 646 ι
383 593 487 648 Καὶ
507 591 572 645 ἐκ
598 594 817 646 πάντων
847 609 913 662 με
938 589 1208 660 ἐρρύσατο
1231 589 1260 642 ὁ
1288 587 1516 659 Κύριος.
1542 587 1653 639 Καὶ
1684 585 1818 638 πάν-

188 733 200 743 ,
253 701 340 746 τες
376 683 427 736 δὲ
469 683 519 734 oi
555 681 802 746 θέλοντες
835 679 1077 743 εὐσεϐῶς
1109 678 1206 750 ζῇν
1245 680 1302 732 ἐν
1340 676 1566 750 Χριστῷ
1619 675 1816 748 Ἰησοῦ,

253 776 648 848 διωχθήσονται.
695 793 715 826 ι

321 869 523 923 Τούτων
559 868 636 930 ὡς
674 867 889 938 νεαρῶν
930 866 1100 921 ὄντων
1133 866 1416 936 ἐμνήσθη·
1463 865 1534 919 τὰ
1579 864 1638 918 δὲ
1684 863 1823 919 ἄλλα

250 965 466 1034 ἀφῆκεν,
499 963 575 1026 ὼς
607 961 862 1034 γνώριμα
891 962 1022 1016 ὄντα
1063 961 1140 1032 τῷ
1174 960 1350 1032 ἀνδρί.

323 1074 340 1106 ι
381 1054 610 1126 Πονηροὶ
655 1053 713 1106 δὲ
760 1054 1039 1126 ἄνθρωποι
1076 1054 1172 1108 καὶ
1218 1054 1418 1123 γόητες
1451 1050 1822 1122 προκόψουσιν

251 1147 339 1200 ἐπὶ
361 1145 414 1199 τὸ
430 1149 632 1218 χεῖρον,
654 1145 966 1208 πλανῶντες
994 1145 1086 1198 καὶ
1109 1144 1477 1215 πλανώμενοι.
1505 1143 1576 1196 Σὺ
1607 1143 1664 1196 δὲ
1690 1142 1822 1213 μένε

249 1241 306 1291 ἐν
338 1232 410 1302 οἷς
454 1238 680 1310 ἔμαθες,
733 1239 828 1294 καὶ
878 1239 1222 1314 ἐπιστώθηςο
1277 1238 1434 1305 εἰδὼς
1479 1238 1633 1310 παρὰ
1678 1237 1823 1302 τίνος

249 1327 459 1398 ἔμαθες,
495 1329 591 1382 καί⁵
616 1329 699 1382 ὅτι
735 1329 842 1384 ἀπὸ
874 1329 1127 1402 βρέφους.
1175 1351 1194 1384 ι

320 1507 423 1569 Τὰς
473 1505 684 1578 θλίψεις
729 1507 969 1562 ἐνταῦθά
1002 1524 1154 1579 φησι,
1210 1507 1306 1562 καὶ
1343 1508 1444 1571 τὰς
1485 1505 1680 1570 ὀδύνας
1723 1507 1822 1576 τῆς

253 1599 430 1667 στενῆς
463 1600 556 1652 καὶ
587 1599 955 1672 τεθλιμμένης
986 1600 1108 1654 ὀδοῦ
1147 1600 1247 1670 τῆς
1279 1600 1502 1671 ἀρετῆς.

323 1710 341 1742 ι
383 1688 463 1743 Τὰ
500 1690 620 1762 ίερά
647 1691 954 1762 γράμματα
1001 1687 1170 1757 οἶδας,
1218 1691 1288 1746 τὰ
1333 1689 1609 1760 δυνάμενά
1645 1706 1704 1743 σε
1735 1705 1825 1742 σο-

265 1877 445 1947 Ἰησοῦ.
491 1895 508 1927 ι

323 1968 422 2020 Τὸν
450 1967 616 2034 νόμον
645 1967 742 2021 καὶ
779 1967 910 2032 τοὺς
982 1967 1271 2038 προφήτας
1312 1965 1484 2034 λέγει,
1511 1963 1706 2024 οἵτινες
1741 1960 1842 2015 αὐ·-

248 2059 340 2113 τὸν
388 2058 645 2112 ἐδύναντο
697 2060 779 2122 εἰς
825 2059 925 2131 τὴν
976 2058 1170 2128 σοφίαν
1218 2057 1539 2126 ἀναγαγεῖν,
1591 2051 1842 2108 τουτέστι

245 2150 494 2222 Χριστὸν.
551 2150 646 2214 Εἰς
689 2150 877 2205 τοῦτον
924 2151 1032 2222 γὰρ
1080 2150 1408 2223 ἐπληροῦτο,
1448 2148 1545 2204 καὶ
1581 2147 1610 2200 ὁ
1655 2145 1839 2216 νόμος,

247 2245 340 2297 καὶ
379 2245 426 2296 οἱ
464 2244 770 2317 προφῆται.
819 2245 944 2298 ’Ότι
986 2243 1044 2297 δέ
1084 2243 1200 2315 ᾔδει
1243 2242 1344 2315 τὴν
1388 2241 1637 2314 Γραφὴν,
1681 2239 1841 2310 δῆλον

245 2338 309 2388 ἐκ
340 2335 429 2388 τοῦ
465 2337 757 2406 ἱστορῆσαι
791 2335 887 2388 τὸν
918 2336 1136 2388 Λουκᾶν
1172 2333 1302 2404 περὶ
1336 2333 1522 2386 αὐτοῦ.
1577 2332 1701 2384 Ὅτι
1733 2347 1844 2401 μη·

244 2428 371 2496 τρὸς
416 2423 484 2497 ἦν
539 2427 804 2490 ἰουδαίας
852 2427 1070 2497 πιστῆς,
1119 2426 1401 2480 τουτέστιν
1445 2423 1506 2488 ἐξ
1566 2422 1840 2477 Ἰουδαίων

249 2518 622 2589 πιστευσάσης
652 2519 732 2579 είς
763 2518 1024 2590 Χριστόν.

329 2630 347 2658 ο
390 2611 545 2663 Πᾶσα
594 2610 786 2682 Γραφὴ
829 2609 1190 2674 θεόπνευστος
1233 2610 1326 2664 καὶ
1377 2609 1656 2680 ὠφέλιμος
1701 2606 1838 2679 πρὸς

246 2702 623 2767 διδασκαλίαν,
654 2703 792 2774 πρὸς
821 2703 1074 2774 ἔλεγχον,
1100 2703 1239 2772 πρὸς
1270 2687 1669 2772 ἐπανόρθωσιν,
1699 2701 1838 2772 πρὸς

245 2791 496 2844 παιδείαν
530 2791 628 2864 τὴν
657 2792 716 2845 ἐν
748 2791 1065 2863 δικαιοσύνῃ
1087 2808 1100 2820 ⁸
1127 2792 1214 2845 ἶνα
1239 2791 1426 2862 ἄρτιος
1458 2787 1494 2866 ᾖ
1517 2793 1546 2846 ὁ
1573 2791 1671 2846 τοῦ
1698 2791 1836 2844 Θεοῦ

244 2881 555 2954 ἄνθρωπος,
597 2883 732 2957 πρὸς
766 2885 874 2939 πᾶν
913 2883 1075 2956 ἔργον
1107 2883 1313 2953 ἀγαθὸν
1346 2883 1761 2956 ἐξηρτισμένος.
1812 2904 1832 2937 ι

859 3101 1113 3158 ΚΕΦΑΛ.
1163 3102 1238 3156 A’.

334 3258 354 3289 ‹
384 3233 833 3307 Διαμαρτύρομαι
864 3231 961 3288 οὖν
1005 3235 1116 3302 ἐγὼ
1153 3233 1383 3288 ἐνώπιον
1421 3231 1515 3287 τοῦ
1556 3231 1715 3300 Θεοῦ,
1749 3232 1842 3286 καὶ

244 3331 353 3386 τοῦ
378 3330 581 3401 Κυρίου
615 3325 788 3399 Ἰησοῦ
812 3326 1074 3399 Χριστοῦ,
1114 3325 1209 3381 τοῦ
1237 3327 1523 3399 μέλλοντος
1547 3327 1776 3399 κρίνειν.
1816 3345 1835 3379 ι

328 3422 537 3492 Πολλὴν
572 3422 924 3493 παράκλησιν
954 3420 1324 3492 ποιησάμενος
1357 3419 1452 3473 καὶ
1487 3418 1844 3491 παραμυθίαν

243 3515 366 3568 ἀπὸ
399 3515 637 3579 πάντων,
673 3512 870 3581 ἐπάγει
921 3511 1017 3566 καὶ
1059 3513 1158 3583 τὴν
1186 3511 1295 3565 άπὸ
1331 3511 1442 3566 τῶν
1486 3511 1718 3581 Γραφῶν
1750 3527 1844 3563 τεο

242 3607 432 3661 λειοτέ
442 3623 539 3678 ραν
559 3601 748 3659 οὖσαν.
772 3605 1011 3668 Εἰκότως
1029 3604 1089 3657 δὲ
1109 3603 1380 3672 τοσαύτην
1409 3603 1626 3671 ἐπάγει,
1654 3602 1844 3673 ἐπειδὴ

240 3698 502 3770 λυπηρὸν
534 3696 758 3768 ἔμελλεν
786 3695 935 3766 ἐρεῖν
978 3694 1056 3765 τῷ
1104 3693 1346 3766 μαθητῇ,
1376 3692 1467 3747 τὸν
1501 3691 1696 3746 ἐαυτοῦ
1745 3689 1843 3745 θάο

241 3809 440 3847 νατον.

342 3885 590 3953 Ἐκείνην
634 3880 766 3952 φησὶ
803 3879 900 3950 τὴν
945 3878 1188 3950 Γραφὴν,
1248 3878 1375 3948 περὶ
1423 3871 1492 3949 ἦς
1540 3873 1716 3940 εἶπεν,
1764 3875 1847 3952 ,ὄτι

255 3975 417 4033 Ἀπὸ
444 3975 714 4044 βρέφους
748 3975 875 4048 ἱερὰ
905 3971 1230 4042 Γράμματα
1265 3968 1456 4036 οἶδας.

333 4088 353 4120 ι
401 4071 620 4131 Ζῶντας
655 4067 752 4121 καὶ
786 4065 1036 4137 νεκροὺς,
1069 4065 1211 4118 κατὰ
1239 4064 1339 4134 τὴν
1385 4061 1712 4132 ἐπιφάνειαν
1745 4060 1846 4114 αὒ-

239 4159 375 4224 τοῦ,
416 4158 508 4212 καὶ
555 4156 658 4228 τὴν
704 4154 985 4227 βασιλείαν
1020 4152 1189 4207 αὐτοῦ
1211 4170 1226 4184 ε·
1261 4151 1497 4224 κήρυξον
1540 4151 1634 4204 τὸν
1667 4149 1846 4220 λόγον,

239 4248 515 4320 ἐπίστηθι
563 4267 583 4302 ι

345 4339 738 4411 Ἀμαρτωλοὺς
789 4338 882 4392 καὶ
935 4335 1178 4396 δικαίους
1223 4333 1406 4402 λέγει’
1456 4333 1490 4405 ἢ
1546 4333 1628 4386 ὅτι
1664 4331 1852 4384 πολλοὶ

248 4428 794 4499 καταλειφθήσονται
827 4426 1050 4491 ζῶντες.

1231 381 1314 442 ΙΝ
1355 380 1602 442 EPIST.
1645 380 1746 440 AD
1779 377 2248 444 TIMOTHEUM
2289 381 2380 447 ΙΙ.

1843 497 1892 554 Α
1989 497 2177 552 lnnuit
2203 511 2268 552 ea
2299 511 2426 568 qua:
2455 493 2673 550 Thecla
2689 505 2859 550 causa
2887 501 3193 563 perpessus
3218 490 3359 541 erat.

3370 364 3512 431 1022

1998 608 2016 641 ι
2046 588 2112 644 Ει
2133 606 2199 646 ex
2227 589 2485 645 omnibus
2515 587 2719 658 eripuit
2741 601 2828 640 me
2857 583 3142 638 Dominus.
3175 575 3370 651 [νεεδ.
3399 570 3516 644 42.]

1922 682 1990 737 Et
2014 699 2208 740 omnes
2235 683 2331 754 qui
2381 683 2470 754 pie
2520 682 2714 736 volunt
2769 679 2955 735 vivere
2997 677 3055 732 in
3083 673 3310 731 Christo
3356 667 3513 733 Jesu,

1924 776 2373 846 persecutionem
2406 773 2706 845 patientur.
2753 789 2772 824 ι

1997 868 2205 924 ﬂorum
2267 867 2558 932 meminit,
2609 874 2670 921 ut
2729 863 3103 920 recentiorum
3150 878 3166 921 :
3209 858 3318 912 alia
3383 845 3518 910 vero

1925 962 2295 1033 praetermisit.
2327 970 2388 1016 ut
2408 975 2530 1032 qua
2568 957 2861 1014 Timotheo
2894 961 3176 1024 comperta
3203 957 3410 1007 essent.

2001 1054 2164 1110 Vens.
2224 1055 2396 1109 15-ιὸ
2458 1071 2478 1104 ι
2511 1051 2640 1107 Mali
2697 1057 2879 1104 autem
2929 1043 3182 1102 homines
3230 1049 3285 1098 et
3350 1038 3516 1096 sedu-

1925 1159 2107 1206 ctores
2134 1149 2426 1218 proficient
2468 1148 2523 1202 in
2563 1146 2760 1216 pejus;
2790 1151 3040 1197 errantes
3079 1145 3136 1194 et
3170 1137 3225 1190 in
3271 1145 3516 1190 errorem

1925 1238 2232 1294 mittentes.
2266 1237 2350 1292 Tu
2382 1253 2514 1293 vero
2557 1247 2822 1306 permane
2853 1231 2910 1286 in
2945 1229 3017 1285 iis
3056 1241 3181 1298 qua!
3244 1220 3518 1284 didicisti,

1924 1341 1981 1386 et
2019 1339 2173 1386 certa
2209 1329 2313 1385 fide
2336 1337 2491 1385 tenes
2523 1344 2539 1394 ;
2573 1326 2806 1382 sciensa
2830 1339 2940 1393 quo
2970 1317 3255 1376 didiceris.
3295 1314 3363 1369 Et
3392 1312 3522 1382 quia

1925 1424 1994 1480 ab
2020 1423 2279 1480 infantia.
2310 1429 2330 1475 ι
2385 1469 2390 1472 .

2000 1513 2106 1570 Hie
2169 1513 2514 1569 afflictione:
2564 1511 2882 1584 significat,
2917 1515 2972 1564 et
2999 1503 3354 1568 acerbitates,
3401 1511 3526 1570 quae

1925 1605 1979 1666 in
2005 1613 2170 1659 arcta
2193 1614 2542 1674 angustaque
2565 1603 2784 1657 virtutis
2817 1602 2904 1654 via
2954 1601 3280 1652 occurrunt.

2001 1715 2020 1746 ι
2057 1695 2259 1750 Sacras
2297 1696 2508 1752 litteras
2538 1694 2708 1758 nosti,
2742 1708 2863 1763 quae
2882 1702 2936 1746 te
2965 1694 3202 1760 possunt
3248 1686 3526 1740 instruere

135 1779 140 1782 ’
251 1786 398 1853 φίσαι
441 1786 520 1848 είς
580 1785 856 1856 σωτηρίαν
913 1783 1000 1838 διὰ
1052 1783 1290 1846 πίστεως
1334 1782 1437 1854 τῆς
1494 1785 1553 1836 ἐν
1601 1780 1826 1853 Χριστῷ

1967 1784 1998 1840 d
2021 1786 2282 1852 salutem,
2310 1801 2409 1857 per
2443 1786 2606 1842 fidem
2648 1800 2774 1856 quae
2803 1792 2891 1841 est
2919 1783 2978 1838 in
3036 1779 3260 1835 Christo
3309 1773 3467 1830 Jesu.
3499 1791 3518 1824 ι

2018 1963 2216 2036 Legem
2252 1965 2328 2019 ait
2376 1975 2430 2022 et
2485 1964 2808 2036 prophetas,
2855 1976 2980 2032 qua:
3029 1959 3276 2015 valerent
3297 1969 3422 2010 eum
3457 1951 3522 2005 ad

1946 2055 2296 2124 sapientiam,
2338 2054 2393 2110 id
2420 2061 2506 2111 est
2564 2055 2632 2108 ad
2678 2055 2963 2110 Christum
3025 2043 3430 2120 provehere.|n
3460 2056 3527 2096 eo

1945 2148 2111 2219 269
2139 2147 2414 2216 siquidem
2449 2146 2674 2216 impleta
2699 2153 2784 2201 est
2832 2147 2919 2199 lex
2951 2159 3018 2197 ac
3037 2141 3340 2212 prophetae.
3367 2133 3525 2203 Quod

1942 2249 2126 2296 autem
2163 2240 2505 2310 Scripturam
2531 2244 2741 2299 nosset,
2773 2235 3186 2290 manifestatum
3227 2240 3333 2297 est,
3359 2243 3531 2300 quan-

1943 2331 2238 2402 doquidem
2280 2331 2400 2401 ipse
2431 2328 2612 2384 Lucas
2644 2327 2838 2384 scribit
2859 2325 3006 2397 quod
3039 2340 3105 2379 ex
3138 2322 3322 2385 Juda'a
3352 2327 3530 2374 matre

1940 2434 2098 2481 ortus
2150 2432 2322 2490 esset,
2363 2424 2416 2479 id
2447 2430 2534 2479 est
2565 2437 2687 2494 quae
2729 2437 2792 2477 ex
2829 2419 3020 2475 Judaeo
3047 2430 3246 2490 genere
3277 2414 3334 2468 in
3366 2411 3532 2467 Chri-

1941 2527 2086 2576 stum
2124 2517 2454 2574 crediderat.

2012 2607 2184 2663 Vt-zns.
2220 2606 2309 2672 16,
2342 2607 2430 2661 l7.
2468 2625 2486 2658 ι
2521 2604 2719 2660 Omnis
2746 2605 3037 2672 Scriptura
3077 2593 3534 2662 divinitusinspi-
3619 2619 3628 2628 κ

1939 2710 2084 2767 rata,
2128 2700 2284 2755 utilis
2321 2708 2408 2756 cst
2448 2697 2516 2754 ad
2562 2696 2900 2759 docendum,
2947 2692 3015 2748 ad
3047 2688 3421 2761 arguendum,
3463 2684 3530 2738 ad

1940 2793 2384 2863 corripiendum,
2413 2791 2482 2845 ad
2513 2789 2882 2847 erudiendum
2927 2786 2983 2840 in
3012 2783 3231 2852 justitia
3265 2799 3280 2836 :
3315 2788 3374 2834 ut
3407 2791 3533 2850 per-

1941 2885 2118 2940 fectus
2156 2885 2230 2942 sit
2261 2885 2425 2941 homo
2453 2883 2548 2939 Dei
2580 2881 2649 2937 ad
2698 2894 2864 2937 omne
2915 2892 3055 2948 opus
3083 2875 3289 2931 bonum
3325 2873 3535 2928 instru-

1941 2983 2092 3032 ctus.
2127 2993 2144 3026 ι

2588 3103 2745 3162 CAP.
2801 3102 2892 3159 IV.

2021 3243 2186 3298 Vens.
2226 3241 2280 3298 1.
2349 3260 2368 3295 ι
2409 3240 2704 3297 Testillcor
2745 3239 2914 3311 igitur
2965 3252 3068 3310 ego
3119 3249 3306 3292 coram
3340 3233 3453 3290 Deo
3479 3238 3539 3286 et

1941 3332 2174 3389 Domino
2199 3331 2328 3388 Jesu
2358 3330 2600 3394 Christo,
2637 3329 2730 3399 qui
2758 3328 3112 3398 judicaturus
3149 3330 3254 3379 est.
3278 3340 3296 3374 ο

2013 3423 2311 3495 Postquam
2341 3439 2406 3478 ex
2439 3421 2588 3476 omni
2615 3419 2796 3490 capite
2829 3433 2954 3474 eum
2999 3424 3085 3471 est
3125 3415 3456 3469 cohortatus
3485 3416 3540 3464 et

1944 3515 2292 3583 cons’olatus,
2337 3515 2492 3570 addit
2549 3513 2772 3567 tandem
2816 3509 3123 3581 perfectius
3155 3513 3540 3578 argumentum

1945 3627 2010 3667 ex
2049 3608 2381 3680 Scripturis.
2432 3607 2500 3661 Et
2532 3605 2793 3660 consulto
2852 3601 3122 3672 quidem;
3153 3597 3412 3668 quoniam
3451 3596 3540 3650 di~

1948 3701 2164 3772 scipulo
2199 3713 2364 3770 grave
2411 3695 2689 3767 quoddam
2730 3703 2786 3749 ct
2821 3694 2980 3749 triste
3017 3690 3365 3746 indicaturus
3395 3691 3540 3752 erat,

1949 3809 2106 3852 suam
2133 3792 2394 3847 videlicet
2424 3796 2683 3845 mortem.

2023 3885 2367 3956 Scripturam
2420 3884 2570 3938 illam
2611 3881 2708 3944 ait,
2763 3879 2834 3936 de
2878 3893 2987 3950 qua
3019 3878 3186 3932 modo
3225 3881 3355 3931 ante
3385 3873 3542 3929 dixe-

1952 3985 2033 4033 rat
2066 3997 2079 4032 :
2118 3975 2196 4030 Ab
2233 3975 2466 4046 infantia
2501 3973 2739 4028 Litteras
2779 3987 2963 4026 sacras
2997 3969 3161 4023 nosti.

2027 4089 2046 4121 ι
2089 4069 2257 4124 Vivos
2311 4075 2367 4124 ct
2414 4074 2691 4129 mortuos,
2737 4081 2836 4135 per
2881 4065 3180 4118 adventum
3221 4059 3346 4128 ejus
3378 4064 3432 4114 et
3458 4071 3541 4111 re-

1951 4182 2117 4238 gnum
2164 4165 2286 4234 ejus
2318 4181 2331 4217 :
2365 4160 2532 4234 [Vens
2565 4160 2623 4234 2]
2653 4161 2892 4216 Prtetlica
2924 4158 3173 4225 verbum,
3203 4157 3350 4211 insta
3391 4173 3411 4206 ι

2024 4342 2358 4399 Ρθοόοιοιοε
2382 4350 2437 4396 et
2464 4341 2652 4413 justos
2683 4340 2821 4396 dicit
2850 4355 2865 4395 :
2900 4338 2987 4394 vel
3016 4336 3164 4409 quod
3188 4335 3345 4390 multi
3377 4335 3431 4390 in
3459 4334 3540 4390 vi-

1957 4437 2041 4492 vis
2065 4435 2397 4504 superstites
2445 4439 2631 4487 erunt.

341 4543 361 4574 σ
415 4523 722 4594 Εὐκαίρως,
757 4521 1037 4591 ἀκαίρωςο
1075 4517 1314 4586 ἔλεγξον,
1351 4515 1706 4585 ἐπιτίμησον,
1743 4533 1842 4569 πα-

2034 4550 2052 4580 ι
2101 4528 2448 4598 Opportune,
2482 4526 2808 4596 importune
2847 4540 2861 4577 :
2889 4537 3080 4592 argue,
3113 4520 3358 4590 increpa,
3383 4518 3541 4574 obse-

243 4613 571 4687 ρακάλεσον
607 4614 666 4666 ἐν
702 4611 850 4684 πάσῃ
898 4607 1252 4681 μακροθυμία
1286 4611 1378 4660 καὶ
1404 4606 1614 4677 διδαχῇ.
1652 4606 1852 4659 Ἔσται

242 4708 373 4777 γὰρ
409 4707 624 4777 καιρὸς,
678 4705 766 4758 ὅτε
814 4704 915 4773 τῆς
961 4700 1318 4770 ὑγιαινούσης
1363 4697 1718 4760 διδασκαλίας
1752 4698 1855 4752 οὐκ

240 4800 570 4866 ἀνέξονται,
601 4798 740 4853 ἀλλὰ
776 4797 920 4852 κατὰ
950 4798 1051 4860 τὰς
1080 4794 1379 4864 ἐπιθυμίας
1416 4793 1518 4857 τὰς
1556 4793 1693 4856 ιδίας
1732 4792 1855 4846 ἐαυο

239 4897 378 4958 τοῖς
415 4893 855 4962 ἐπισωρεύσουσι
900 4887 1276 4953 διδασκάλους,
1328 4905 1346 4936 ι

330 4985 658 5048 Τουτέστιν,
690 4983 783 5053 Μὴ
811 4985 903 5052 ἔχε
935 4980 1347 5052 κεχωρισμένον
1381 4978 1604 5050 καιρόν·
1639 4979 1726 5032 ἀεί
1773 4995 1856 5031 σοι

236 5079 412 5130 εστω
461 5076 672 5148 καιρδς,
725 5074 816 5144 Μὴ
863 5075 922 5127 ἐν
950 5075 1162 5146 εἰρήνῃ,
1212 5071 1346 5143 μηδέ
1395 5071 1455 5124 ἐν
1497 5069 1730 5142 εὐθυμία
1757 5071 1855 5135 ὢν,

242 5166 412 5238 μηδέ
443 5167 501 5218 ἐν
549 5165 848 5236 Ἐκκλησία
880 5162 1192 5232 καθήμενος
1237 5161 1396 5231 μόνον
1441 5159 1681 5233 διδάξῃς,
1717 5162 1774 5213 ὲν
1801 5160 1858 5212 δὲ

236 5262 381 5322 τοῖς
420 5257 688 5320 κινδύνοις
721 5255 1077 5327 περισταλῇς.
1110 5253 1246 5308 ἀλλὰ
1275 5253 1380 5307 κᾶν
1413 5253 1472 5305 ἐν
1497 5252 1858 5323 δεσμωτηρίῳ

233 5343 350 5422 ᾗς,
395 5345 505 5400 κᾶν
534 5345 724 5399 ἅλυσιν
770 5344 1178 5414 περικείμενος,
1217 5341 1291 5414 μὴ
1331 5340 1515 5412 παύσῃ
1561 5339 1656 5394 τοῦ
1689 5339 1860 5412 κηρύ-

233 5455 509 5509 γματος·
1105 5485 1116 5504 ,

137 5532 222 5598 17’:
336 5549 358 5580 ο
409 5528 750 5600 Κνηθόμενοι
774 5527 872 5598 τὴν
899 5525 1091 5598 ἀκοὴν.
1112 5524 1204 5578 καὶ
1228 5524 1336 5578 ἀπὸ
1362 5525 1460 5594 μὲν
1481 5527 1581 5596 τῆς
1604 5523 1860 5594 ἀληθείας

221 5625 362 5694 τὴν
399 5623 576 5693 ἀκοὴν
597 5620 1054 5692 ἀποστρέψουσιν,
1083 5619 1176 5670 ἐπὶ
1197 5617 1252 5670 δὲ
1275 5619 1400 5678 τοὺς
1432 5617 1636 5685 μύθους
1663 5618 1860 5687 ἐκτρα-

220 5716 565 5785 πήσονται.
600 5716 671 5769 Σὺ
703 5714 760 5768 δὲ
795 5713 931 5782 νῆφε
968 5714 1026 5764 ἐν
1057 5713 1213 5773 πᾶσι,
1249 5709 1660 5780 κακοπάθησον,
1698 5712 1860 5781 ἔργον

214 5803 505 5876 ποίησον
534 5802 944 5872 εὐαγγελιστοῦ,
981 5801 1078 5870 τὴν
1111 5800 1389 5855 ειεικονίαν
1439 5819 1532 5854 σου
1582 5803 1853 5872 πληροςὸ-

1955 4635 2048 4675 cra
2097 4621 2151 4673 in
2191 4617 2340 4673 omni
2392 4615 2662 4689 patientia
2721 4621 2776 4669 et
2828 4603 3312 4679 doctrina[Vsns.
3353 4610 3408 4673 3,
3460 4603 3548 4677 4.]

1955 4712 2078 4767 Erit
2134 4711 2281 4766 enim
2340 4718 2564 4778 tempus
2619 4722 2746 4762 cum
2805 4720 2998 4760 sanam
3061 4703 3376 4758 doctrinam
3429 4714 3542 4754 non

1957 4801 2339 4866 sustinebunt,
2393 4798 2489 4856 sed
2548 4796 2616 4852 ad
2659 4810 2760 4852 sua
2808 4793 3092 4851 desideria
3139 4789 3545 4847 coacervabunt

1958 4894 2063 4950 sibi
2097 4892 2418 4963 magistros,
2463 4910 2481 4942 ι

2035 4985 2150 5040 lloc
2185 4993 2291 5049 est,
2320 4981 2544 5038 Nullum
2590 4988 2812 5050 tempus
2853 4978 3140 5034 definitum
3172 4975 3314 5031 habe
3351 4992 3364 5028 :
3399 4990 3546 5030 sem-

1961 5094 2059 5148 per
2091 5078 2186 5132 tibi
2221 5085 2439 5146 tempus
2467 5076 2634 5140 adsit,
2678 5083 2739 5128 ut
2788 5088 2897 5127 non
2947 5069 3110 5126 modo
3156 5070 3210 5124 in
3245 5081 3404 5139 pace.
3449 5074 3550 5120 aut

1959 5169 2182 5240 quando
2236 5169 2382 5224 bono
2430 5184 2491 5224 es
2541 5168 2752 5227 animo,
2810 5173 2906 5218 aut
2954 5161 3178 5234 quando
3211 5162 3264 5215 in
3297 5157 3547 5214 Ecclesia

1960 5261 2232 5323 versaris,
2263 5269 2396 5315 tunc
2433 5259 2616 5316 solum
2648 5256 2883 5323 doceas;
2917 5255 3159 5324 dumque
3198 5249 3442 5322 pericula
3468 5250 3553 5303 in-

1960 5359 2188 5424 gruunt,
2235 5351 2476 5408 desistas
2521 5369 2535 5406 :
2581 5349 2680 5407 sed
2729 5349 2847 5406 sive
2884 5363 3110 5403 carcere
3155 5345 3410 5400 inclusus
3445 5341 3556 5405 sis,

1964 5446 2079 5499 sive
2109 5455 2304 5500 catena
2331 5445 2574 5508 vinctus,
2611 5456 2724 5496 non
2759 5456 2950 5497 cesses
2987 5453 3015 5493 a
3052 5437 3475 5509 praedicatione.
3569 5483 3575 5488 .

2039 5556 2057 5588 ι
2094 5537 2420 5593 Prurientes
2462 5536 2740 5599 auditum,
2773 5545 2826 5591 et
2857 5549 2888 5588 a
2919 5532 3153 5588 veritate
3193 5529 3418 5599 quidem
3445 5541 3542 5579 au-

1963 5629 2139 5684 ditum
2191 5637 2463 5694 avertent,
2520 5628 2587 5683 ad
2639 5628 2858 5683 fabulas
2893 5634 3078 5682 autem
3127 5627 3546 5678 convertentur.

1965 5718 2157 5790 [νειις.
2214 5720 2268 5784 5,
2325 5719 2403 5790 6.)
2455 5719 2538 5774 Tu
2578 5733 2709 5774 vero
2737 5718 2924 5788 vigila,
2957 5717 3018 5770 in
3046 5711 3305 5768 omnibus
3334 5705 3546 5790 labora:

1964 5828 2102 5877 Opus
2145 5811 2228 5866 fac
2283 5812 2656 5880 evangelista,
2722 5809 3090 5867 ministerium
3152 5812 3305 5856 tuum
3353 5788 3535 5856 imple-
