3998 6426
476 365 616 432 1.023
1631 417 1636 422 .
1671 369 1732 431 S.
1770 369 2090 431 JOANNIS
2128 370 2560 433 DAMASCENI
3364 400 3366 404 '
3601 383 3714 451 1024

479 480 593 550 Ego
633 481 780 539 enim
824 481 938 554 jam
972 481 1136 548 liber,
1175 489 1231 538 et
1272 487 1496 555 tempus
1525 481 1893 540 resolutionis
1929 496 2097 541 mete.

2200 500 2360 552 νησον.
2407 483 2548 552 Ἐγὼ
2579 484 2688 556 γὰρ
2735 484 2834 557 ἤδη
2891 485 3215 556 σπένδομαι,
3245 486 3336 542 καὶ
3374 488 3402 542 ό
3431 495 3603 566 καιρδς
3631 500 3713 573 τῆς

479 574 675 631 instat.
708 596 727 628 ι

2207 573 2322 645 μῆς.
2348 575 2666 639 ἀναλύσεως
2697 576 3021 648 ἐφέστηκεν.
3068 596 3086 627 ι

552 666 668 722 Hoc
696 676 803 730 est,
839 668 1184 725 obiectantes
1221 668 1498 724 auditum.

2244 667 2529 735 Τουτέστι,
2564 668 2893 739 τερπόμενοι
2927 668 3026 738 τὴν
3059 670 3249 740 ἀκοήν.

552 758 721 815 Vsus.
767 760 884 817 7-9.
949 780 968 813 ι
1006 760 1218 816 Bonum
1255 769 1544 818 certamen
1577 761 1814 827 certari,
1842 775 2072 817 cursum

2254 780 2271 812 ι
2320 761 2426 814 Τὸν
2471 759 2661 830 ἀγῶνα
2704 761 2797 814 τὸν
2847 761 3010 815 καλὸν
3039 761 3378 832 ἠγώνισμαι,
3424 765 3512 820 τὸν
3548 768 3719 843 δρόμον

482 853 888 922 consummavi.
948 853 1112 910 [idem
1165 855 1404 910 servavi.
1454 853 1530 910 De
1577 855 1792 926 reliquo
1831 855 2074 925 reposita

2200 852 2455 919 τετέλεκα,
2495 853 2596 923 τὴν
2639 852 2824 907 πίστιν
2870 854 3173 925 τετήρηκα.
3224 855 3422 911 Λοιπὸν
3466 857 3720 920 ἀπόκειταί

483 950 567 998 est
595 941 727 995 mihi
769 957 976 997 corona
1013 942 1271 1014 justitiae.
1302 958 1466 1013 quam
1493 944 1688 1000 reddet
1716 944 1852 998 mihi
1893 945 2078 999 Domi-

2200 962 2272 998 ιοι
2302 947 2330 998 ὁ
2357 945 2458 1016 τῆς
2490 944 2842 1016 δικαιοσύνης
2893 947 3173 1015 στέφανος,
3205 947 3263 1000 ὃν
3292 947 3552 1005 ἀποδώσει
3598 959 3722 1024 μοιὸ

487 1052 592 1094 nus
616 1038 670 1092 in
698 1039 790 1092 illa
821 1037 912 1092 die
930 1038 1328 1108 justusjudex.
1351 1036 1474 1094 Non
1497 1039 1676 1095 solum
1697 1047 1881 1094 autem
1915 1039 2075 1105 mihi,

2200 1036 2384 1108 ίύριος
2416 1037 2473 1091 ἐν
2507 1037 2694 1109 ἐκείνῃ
2728 1039 2792 1109 τῇ
2827 1037 3010 1109 ἡμέρᾳ
3036 1039 3064 1090 ό
3084 1038 3292 1103 δίκαιος
3322 1042 3525 1112 κριτής.
3556 1045 3621 1098 Ού
3647 1050 3725 1116 μό-

489 1129 584 1186 sed
622 1139 674 1184 et
729 1130 798 1184 iis
827 1131 920 1201 qui
959 1129 1195 1202 diligunt
1239 1131 1534 1187 adventum
1573 1131 1716 1202 ejus.
1754 1131 1979 1189 Festina
2010 1131 2079 1187 ad

489 1237 578 1278 me
613 1224 801 1280 venire
840 1225 974 1281 cito.
1002 1222 1203 1281 Demas
1237 1223 1386 1280 enim
1427 1240 1515 1282 me
1549 1224 1794 1298 reliquit,
1836 1245 1854 1280 ι

564 1399 832 1470 Discipuli
881 1416 1177 1460 maerorem
1237 1404 1406 1460 solari
1468 1406 1642 1477 cupit,
1693 1406 1841 1462 bono
1893 1407 2082 1464 animo

492 1505 618 1545 esse
675 1492 919 1560 jubens;
953 1494 1217 1563 quoniam
1267 1495 1338 1550 ad
1363 1510 1628 1552 coronam
1668 1497 1931 1555 omnibus
1975 1497 2083 1554 rite

493 1585 739 1652 peractis
784 1585 901 1652 ipse
942 1586 1230 1658 pergebat.
1261 1585 1461 1644 Laetari
1500 1587 1680 1660 juvat,
1719 1589 1926 1662 inquit,
1967 1605 2084 1648 non

494 1675 702 1732 dolere.

579 1781 596 1812 ι
630 1767 870 1839 Diligens
918 1770 1022 1826 hoc
1074 1771 1373 1843 saeculum,
1424 1781 1480 1831 et
1521 1774 1661 1832 abiit
1720 1774 2084 1834 Thessaloni-

497 1875 638 1915 cam.
685 1879 704 1912 ι

571 1952 626 2007 Id
658 1961 766 2020 est,
811 1956 1060 2026 requiem
1089 1966 1144 2013 et
1171 1958 1425 2016 delicias.

571 2046 738 2105 Vnus.
774 2049 966 2106 l0—l2.
1020 2071 1039 2104 ι
1068 2051 1338 2110 Crescens
1384 2055 1441 2109 in
1485 2054 1792 2124 Galatiam;
1835 2055 1994 2114 Titus
2029 2056 2086 2114 in

498 2139 868 2207 Dalmatiam;
925 2140 1108 2198 Lucas
1169 2151 1257 2199 est
1323 2159 1543 2200 mecum
1594 2145 1774 2202 solus.
1837 2145 2086 2202 Marcum

501 2249 760 2298 assume,
810 2246 865 2291 et
918 2236 1102 2292 adduc
1131 2244 1352 2315 tecum;
1404 2246 1490 2296 est
1541 2239 1690 2295 enim
1742 2239 1880 2295 mihi
1933 2239 2089 2296 utilis

501 2329 558 2383 in
623 2327 1018 2385 ministerium.
1076 2328 1388 2402 Tychicum
1469 2339 1652 2389 autem
1721 2333 1848 2389 misi
1911 2331 2092 2403 Ephe-

502 2435 649 2475 sum.
701 2439 720 2472 ι

577 2510 692 2569 Hos
732 2529 841 2568 non
889 2521 1083 2583 taxat;
1123 2515 1334 2588 quippe
1370 2517 1466 2588 qui
1514 2516 1928 2588 praedicationis
1957 2531 2091 2589 ergo

507 2606 660 2662 missi
691 2618 869 2679 erant.

580 2697 742 2754 Vsus.
769 2700 956 2756 1545.
977 2702 1142 2773 270
1166 2721 1184 2754 ι
1211 2702 1473 2759 Penulam
1496 2711 1680 2759 autem
1705 2717 1870 2775 quam
1889 2702 2093 2773 reliqui

450 2836 454 2840 .
505 2789 720 2846 Troade
738 2795 881 2863 apud
901 2794 1164 2866 Carpum,
1195 2794 1331 2851 all‘er
1358 2803 1568 2861 tecum,
1595 2805 1652 2852 et
1694 2795 1895 2861 libros,
1916 2795 2095 2850 maxi-

504 2898 592 2937 me
643 2886 1019 2942 membranas.
1071 2886 1387 2943 Alexander
1439 2887 1670 2943 mrarins
1719 2886 1892 2942 multa
1946 2886 2095 2942 mala

504 2973 641 3028 mihi
661 2975 923 3030 ostendit.
957 2975 1170 3032 Reddat
1192 2977 1269 3032 illi
1294 2976 1565 3034 Dominus
1588 2976 1894 3034 secundum
1926 2992 2095 3048 opera

505 3070 630 3138 ejus
665 3083 678 3120 :
709 3083 874 3138 quem
918 3077 979 3125 et
1009 3078 1067 3124 tu
1105 3070 1321 3131 devita;
1361 3069 1528 3126 valde
1559 3072 1708 3127 enim
1738 3069 1946 3127 restitit
1973 3085 2096 3126 ver-

509 3157 595 3216 bis
629 3161 856 3216 nostris.
903 3179 924 3214 ι

578 3250 774 3308 Peram
805 3254 962 3318 dicit,
987 3254 1044 3310 in
1073 3267 1181 3326 qua
1211 3255 1387 3312 libros
1414 3262 1469 3311 et
1487 3255 1710 3311 chartas
1748 3255 2091 3313 asservabat.

508 3346 617 3404 Ubi
657 3363 760 3406 nos
807 3348 972 3405 docet
1029 3359 1090 3404 ut
1121 3351 1187 3407 ad
1229 3358 1537 3407 extremum
1582 3365 1761 3422 usque
1808 3351 2094 3422 spiritum,

509 3439 812 3508 quamlibet
847 3441 1090 3498 vinculis
1127 3441 1500 3510 detineamur,
1537 3441 1724 3498 divina
1773 3442 1992 3516 eloquia
2018 3443 2100 3499 in-

508 3529 830 3585 desinenter
855 3532 1209 3588 meditemur.

579 3619 872 3678 Judaicum
899 3622 1039 3678 dicit
1074 3625 1425 3681 involucrum
1457 3626 1627 3699 legis.

588 3711 756 3770 Vens.
789 3715 880 3782 t6,
911 3715 999 3770 i7.
1050 3735 1070 3769 ‹
1115 3716 1175 3771 ln
1212 3719 1390 3788 prima
1420 3733 1544 3774 mea
1575 3716 1907 3778 defensione
1937 3733 2101 3775 nemo

513 3806 651 3861 mihi
683 3806 882 3871 adfuit,
924 3807 1022 3864 sed
1051 3823 1244 3864 omnes
1278 3825 1366 3866 me
1393 3809 1808 3881 dereliquerunt
1840 3831 1854 3868 :
1889 3826 2001 3866 non
2034 3811 2102 3866 il-

514 3900 586 3956 lis
621 3899 944 3970 imputetur.
987 3900 1259 3959 Dominus
1289 3909 1474 3958 autem
1501 3903 1635 3958 mihi
1664 3903 1863 3972 astitit,
1888 3914 1943 3962 et
1967 3920 2106 3962 con-

517 3992 742 4047 fortavit
783 4007 890 4048 me.
940 3999 981 4046 ν

584 4082 704 4138 iam
736 4084 885 4140 enim
922 4087 1092 4142 semel
1139 4085 1195 4142 in
1234 4085 1329 4157 jus
1360 4094 1587 4144 venerat
1628 4103 1818 4145 coram
1861 4088 2102 4159 Nerone,

515 4186 572 4234 ct
607 4177 870 4234 immunis
901 4189 1176 4235 evaserat.

593 4288 614 4322 c
663 4266 734 4324 Ut
771 4285 868 4340 per
915 4286 1003 4326 me
1044 4271 1366 4339 praedicatio
1410 4273 1726 4344 impleatur,
1776 4281 1833 4330 et
1875 4274 2108 4332 audiant

517 4376 712 4419 omnes
751 4374 945 4434 gentes
985 4379 1002 4419 :
1032 4374 1088 4420 et
1117 4365 1390 4422 liberatus
1421 4381 1543 4422 sum
1571 4364 1639 4423 de
1671 4381 1768 4423 ore
1797 4367 1999 4425 leonis.
2046 4387 2064 4421 ι

595 4539 665 4596 Ut
699 4541 990 4600 manifesta
1029 4541 1128 4597 ﬁat
1165 4543 1428 4600 omnibus
1473 4545 1886 4615 praedicationis
1918 4552 2107 4600 osten-
2138 4523 2184 4580 ί)

2179 1145 2270 1182 νον
2300 1127 2358 1181 δέ
2386 1128 2530 1198 ἐμοὶ,
2558 1127 2694 1182 ἀλλὰ
2724 1127 2819 1181 καὶ
2853 1130 2988 1182 πᾶσι
3019 1131 3128 1193 τοῖς
3181 1131 3486 1202 ἢγαπηκόσι
3517 1135 3607 1206 τὴν
3629 1138 3725 1193 ἐπι-

2182 1220 2413 1290 φάνειαν
2456 1218 2626 1274 αὐτοῦ
2692 1219 3006 1276 Σπούδασον
3040 1220 3218 1276 ἐλθεῖν
3248 1223 3387 1294 πρός
3429 1242 3494 1296 με
3523 1229 3724 1300 ταχέως,

2181 1314 2372 1384 Δημᾶς
2400 1315 2508 1386 γάρ
2545 1329 2615 1384 με
2657 1311 3041 1382 ἐγκατέλιπε),
3094 1332 3113 1366 ι

2252 1407 2363 1479 Τὴν
2403 1406 2646 1478 ἀθυμίαν
2697 1406 3206 1478 ’παραμυθήσασθαι
3239 1390 3484 1480 βούλεται
3515 1409 3602 1465 τοῦ
3647 1431 3728 1484 μα-

2184 1499 2375 1570 θητοῦ,
2406 1499 2632 1570 θαρρεῖν
2660 1498 2922 1565 κελεύων,
2952 1498 3030 1563 ὡς
3073 1501 3164 1554 ἐπὶ
3202 1500 3464 1571 στέφανον
3511 1503 3729 1572 ἀπιόντος

2183 1589 2372 1659 αὐτοῦ,
2399 1591 2476 1656 ὡς
2504 1591 2683 1646 πάντα
2704 1588 3068 1658 τετελεκότος,
3093 1591 3342 1664 Χαίρειν,
3374 1593 3527 1666 φησι,
3547 1594 3636 1660 δεῖ,
3651 1597 3730 1652 οὐκ

2185 1685 2392 1754 ἀλγεῖν.

2222 1776 2590 1849 ι”Αγαπὴσας
2619 1775 2710 1831 τὸν
2737 1772 2832 1830 νῦν
2867 1774 3060 1844 αἰῶνα,
3095 1776 3190 1832 καὶ
3219 1775 3492 1848 ἐπορεύθη
3526 1777 3599 1842 είς
3622 1778 3732 1833 Θεσ-

2191 1867 2499 1937 σαλονίκην.
2557 1885 2577 1920 ι

2262 1961 2575 2031 Τουτέστιν,
2608 1963 2706 2034 τὴν
2733 1963 2940 2029 ἄνεσιν,
2987 1963 3084 2018 καὶ
3110 1964 3211 2035 τὴν
3237 1963 3472 2036 τρυφήν.

2264 2071 2285 2105 ι
2330 2053 2584 2126 Κρίσκης
2633 2056 2713 2118 είς
2759 2055 3049 2124 Γαλατίαν,
3093 2057 3252 2122 Τίτος
3297 2058 3379 2122 είς
3431 2057 3731 2129 Δαλματίαν·

2189 2147 2409 2212 Λουκᾶς
2453 2146 2569 2201 ἐστι
2621 2147 2782 2219 μόνος
2825 2147 2946 2220 μετ’
2981 2148 3139 2220 ἐμοῦ.
3191 2149 3419 2223 Μάρκον
3469 2150 3733 2219 ἀναλαϐὼν,

2189 2239 2368 2309 ἄγαγε
2421 2239 2561 2310 μετὰ
2607 2241 2847 2295 σαυτοῦ⁹
2898 2240 3016 2296 ἔστι
3061 2242 3170 2315 γάρ
3221 2260 3315 2315 μοι
3361 2241 3644 2317 εὔχρηστος
3676 2247 3736 2312 εἰς

2190 2334 2492 2388 διακονίαν.
2525 2333 2764 2405 Τυχικδν
2796 2334 2852 2388 δὲ
2897 2335 3194 2390 ἀπέστειλα
3227 2339 3312 2403 είς
3343 2338 3588 2408 Ἔφεσον.
3635 2358 3652 2392 ι

2264 2510 2504 2576 Τούτους
2530 2512 2592 2566 ού
2625 2511 2904 2584 μέμφεται
2925 2529 2939 2544 ο
2981 2511 3069 2568 διὰ
3111 2513 3173 2568 τὸ
3215 2513 3482 2585 κήρυγμα
3508 2514 3609 2585 γὰρ
3629 2510 3736 2588 ἦσαν

2195 2603 2624 2675 ἀπεσταλμένοι.

2272 2715 2292 2748 ι
2336 2695 2442 2751 Τὸν
2489 2695 2546 2750 δέ
2592 2695 2841 2767 φελόνην,
2873 2695 2932 2750 δν
2960 2697 3231 2753 ἀπέλιπον
3275 2699 3337 2753 ἐν
3383 2698 3590 2769 Τρωάδι
3618 2699 3738 2770 παρὰ

2194 2789 2432 2861 Κάρπῳ,
2455 2788 2753 2860 ἐρχόμενος
2779 2788 2934 2860 φέρε,
2967 2789 3063 2842 καὶ
3087 2788 3156 2842 τὰ
3187 2788 3396 2860 βιϐλία,
3429 2788 3645 2860 μάλιστα
3660 2789 3737 2852 τὰς

2200 2883 2542 2956 μεμϐράνας.
2581 2881 2933 2954 Ἀλέξανδρος
2961 2885 2990 2936 ό
3020 2882 3258 2954 χαλκεὺς
3307 2883 3480 2946 πολλά
3519 2902 3601 2956 μοι
3626 2886 3740 2938 κακὰ

2197 2972 2521 3039 ἐνεδείξατο.
2584 2972 2831 3044 Ἀποδῴη
2866 2973 3017 3044 αὐτῷ
3064 2973 3093 3025 ό
3125 2972 3336 3044 Κύριος
3369 2974 3507 3028 κατὰ
3533 2974 3597 3028 τὰ
3635 2974 3740 3045 ἔργα

2198 3066 2362 3122 αύτοῦ
2386 3083 2400 3098 ·
2427 3067 2485 3120 ὃν
2519 3068 2614 3122 καὶ
2641 3067 2705 3121 σὺ
2725 3067 3023 3136 φυλάσσου.
3056 3067 3195 3123 Δίαν
3215 3067 3330 3140 γὰρ
3353 3067 3638 3141 ἀνθέστηκε
3657 3069 3741 3130 τοῖς

2121 3176 2166 3235 c
2199 3159 2496 3232 ἡμετέροις
2530 3160 2735 3229 λόγοις.
2777 3178 2796 3211 ι

2270 3249 2662 3321 Γλωσσόκομον
2691 3248 2821 3303 ἔνθα
2852 3241 2999 3321 εἶχεν
3027 3249 3128 3314 τὰς
3159 3249 3384 3322 βίϐλους
3413 3250 3506 3305 καὶ
3544 3249 3606 3307 τὰ
3636 3265 3741 3322 χαρ-

2197 3337 2308 3394 τία.
2369 3338 2622 3392 Διδάσκει
2675 3339 2825 3408 ἡμᾶς
2874 3339 2950 3404 ὡς
3004 3339 3134 3410 ἄχρι
3195 3339 3435 3412 ἐσχάτης
3488 3340 3739 3410 ἀναπνοῆς.

2198 3429 2302 3484 κᾶν
2339 3430 2397 3485 ἐν
2425 3430 2645 3502 δεσμοῖς
2675 3423 2845 3503 ὦμεν,
2880 3429 2990 3485 τῶν
3018 3430 3178 3485 θείων
3206 3430 3407 3500 λογίων
3443 3433 3536 3488 οὐκ
3563 3430 3741 3505 ἀμελεῖν

2199 3523 2299 3578 δεῖ.

2284 3614 2572 3672 Ἰουδαϊκὸν
2618 3619 2933 3690 ἱλαστήριον
2967 3618 3078 3690 (i3)
3107 3619 3203 3674 τοῦ
3233 3620 3403 3692 νόμου
3437 3619 3596 3689 λέγει.

2277 3727 2298 3762 ι
2357 3709 2447 3764 Ἑν
2475 3713 2542 3783 τῇ
2569 3711 2760 3784 πρώτῃ
2791 3729 2894 3783 μου
2915 3713 3184 3787 ἀπολογίᾳ
3209 3715 3389 3779 ούδείς
3421 3732 3514 3786 μοι
3531 3729 3741 3784 συμπαρ·

2204 3802 2446 3871 εγένετο,
2485 3805 2620 3860 ἀλλὰ
2671 3806 2879 3871 πάντες
2924 3824 2994 3879 με
3029 3807 3433 3876 ἐγκατέλιπον·
3483 3807 3556 3880 μὴ
3601 3807 3742 3869 αὐτοῖς

2203 3894 2503 3970 λογισθείη.
2544 3898 2602 3954 '0
2634 3898 2691 3953 δὲ
2721 3897 2932 3972 Κύριός
2980 3917 3071 3972 μοι
3118 3901 3392 3972 παρέστη,
3424 3901 3516 3956 καὶ
3545 3898 3744 3955 ἐνεδυνά-

2209 3990 2360 4062 μωσέ
2385 4009 2474 4062 με.
2524 4011 2542 4044 ι

2277 4081 2533 4154 Παρέστη
2562 4082 2669 4155 γὰρ
2700 4083 2847 4151 am:
2876 4081 2954 4155 τῷ
2982 4081 3218 4156 Νέρωνι,
3247 4083 3346 4139 καὶ
3372 4082 3636 4152 διέφυγεν.

2284 4279 2304 4312 ‹
2352 4260 2468 4315 Ἱνα
2513 4260 2583 4314 δι’
2619 4261 2763 4332 ⁸ἐμοῦ
2802 4261 2864 4316 τὸ
2912 4263 3177 4334 κήρυγμα
3220 4260 3636 4335 πληροφορηθῇ,
3679 4256 3747 4311 καὶ

2209 4349 2420 4422 ἀκούσῃ
2452 4351 2631 4406 πάντα
2679 4352 2747 4407 τὰ
2778 4352 2908 4424 ἐθνη
2931 4368 2944 4382 ·
2983 4354 3076 4407 καὶ
3109 4351 3390 4427 ἐρῤύσθην
3427 4355 3490 4407 ἐκ
3529 4352 3747 4423 στόματος

2209 4443 2444 4508 λέοντος.
2504 4463 2523 4496 ι

2285 4535 2403 4590 Ἵνα
2453 4538 2590 4591 πᾶσι
2631 4537 2933 4608 κατάδηλος
2971 4539 3200 4611 γένηται
3231 4539 3264 4610 ἡ
3303 4538 3399 4594 τοῦ
3445 4536 3747 4609 κηρύγματος

521 4635 627 4690 sio.
662 4631 854 4704 Neque
902 4648 1034 4690 vero
1059 4634 1165 4690 hoc
1209 4635 1286 4689 ait
1317 4643 1378 4690 ut
1419 4613 1490 4691 se
1510 4635 1736 4707 dignum
1781 4635 1978 4706 jactet,
2013 4636 2097 4694 sed

2211 4629 2524 4698 ἐπιφάνεια.
2574 4630 2686 4698 Ούχ
2717 4630 2794 4693 ὡς
2823 4613 2973 4694 ἄξιον
3002 4629 3057 4684 δὲ
3090 4632 3284 4685 ἑαυτόν
3316 4647 3500 4701 φησιν,
3533 4625 3655 4683 ἀλλὰ
3687 4622 3748 4676 διὰ

522 4734 749 4795 propter
801 4726 1288 4796 praedicationem;
1341 4741 1405 4783 ac
1450 4729 1497 4783 si
1552 4729 1682 4799 quis
1690 4742 2030 4841 purpuram-
2053 4738 2097 4784 el

2209 4723 2272 4776 τὸ
2301 4724 2586 4794 κήρυγμα,
2631 4722 2707 4786 ὡς
2742 4721 2808 4778 ἄν
2839 4740 2924 4786 τις
2955 4724 3265 4796 πορφυρίδα
3292 4725 3388 4778 καὶ
3422 4722 3643 4794 διάδημα
3677 4717 3748 4788 βα·

2218 4816 2428 4841 --με
2485 4815 2549 4841 υ
2583 4815 2719 4841 ...⁸.-.ι
2755 4814 2988 4841 μιν---

522 4819 778 4872 diadema
809 4827 1058 4888 gestans,
1092 4834 1192 4890 per
1226 4819 1344 4874 haec
1377 4828 1649 4877 servetur.

593 4907 820 4962 Leonem
848 4910 1084 4980 appellat
1107 4909 1402 4966 Neronem.

602 4997 769 5053 Vens.
819 5000 1006 5055 18-21.
1056 5017 1077 5052 ι
1116 5001 1182 5055 Et
1208 5002 1467 5057 liberabit
1487 5017 1575 5058 me
1609 5001 1875 5058 Dominus
1901 5004 1972 5061 ab
1994 5018 2113 5059 om-

2214 4816 2449 4882 στάζων,
2482 4815 2549 4871 δι’
2580 4815 2720 4870 αὐτὰ
2753 4814 3011 4879 ἐσώζετο.

2286 4909 2538 4975 Λέοντα,
2578 4907 2669 4960 τὸν
2699 4906 2933 4978 Νέρωνα
2960 4907 3129 4976 λέγει.

2294 5021 2312 5053 ι
2359 5002 2470 5056 Καὶ
2500 4999 2726 5071 ῥύσεταί
2759 5017 2827 5071 με
2875 4998 3083 5071 Κύριος
3117 5001 3227 5054 ἀπὸ
3267 4999 3468 5063 παντὸς
3494 4997 3642 5069 ἔργου
3675 5007 3748 5043 πο-

528 5096 585 5149 ni
632 5108 797 5162 opere
846 5095 1015 5160 malo,
1056 5101 1112 5148 et
1152 5095 1364 5150 salvum
1396 5095 1565 5152 faciet
1598 5099 1653 5151 in
1686 5113 1914 5169 regnum
1950 5114 2097 5154 suun'

2215 5091 2409 5164 νηροῦ,
2441 5093 2536 5146 καὶ
2564 5094 2730 5146 σώσει
2761 5093 2840 5154 είς
2866 5090 2965 5162 τὴν
3012 5091 3292 5162 βασιλείαν
3321 5089 3486 5145 αὑτοῦ
3510 5087 3601 5158 τὴν
3628 5087 3749 5137 ἐπον-

529 5186 785 5253 cueleste;
827 5186 914 5239 cui
956 5185 1133 5256 gloria
1179 5187 1235 5240 in
1277 5189 1481 5243 saecula
1520 5190 1874 5246 saeculorum.
1915 5192 2111 5246 Amen.

533 5278 782 5332 Salutate
812 5275 1058 5332 Priscam
1107 5287 1162 5334 et
1207 5278 1486 5350 Aquilam,
1535 5291 1590 5336 et
1633 5280 1970 5354 Onesiphori
2022 5286 2112 5340 do-

532 5388 704 5427 mum.
747 5368 981 5426 Erastus
1005 5371 1275 5426 remansit
1305 5370 1580 5430 Corinthi.
1615 5371 1979 5446 TrOphimum
2017 5391 2116 5430 au-

2221 5185 2442 5258 ράνιον·
2491 5178 2536 5252 ᾧ
2583 5187 2616 5256 ἡ
2669 5183 2797 5249 δόξα
2848 5185 2929 5248 εἰς
2979 5185 3107 5248 τοὺς
3161 5184 3365 5248 αἰῶνας
3420 5183 3525 5236 τῶν
3563 5176 3748 5233 αἰώνων.

2233 5280 2429 5351 Ἀμήν.
2457 5277 2826 5334 ΞἈσπάσασθε
2859 5276 3106 5346 Πρίσκαν
3135 5277 3231 5330 καὶ
3272 5275 3520 5336 Ἀκύλαν,
3568 5269 3648 5325 καὶ
3683 5263 3750 5316 τὸν

2236 5373 2598 5446 Ὀνησιφόρου
2639 5369 2812 5426 οἷκον.
2867 5371 3137 5442 Ἔραστος
3184 5370 3398 5442 ἔμεινεν
3432 5371 3489 5423 ἐν
3529 5359 3746 5435 Κορίνθῳ.

2056 5550 2288 5609 NOTAE.

603 5704 717 5770 (l5)
743 5701 887 5771 Lego
945 5702 1192 5773 ἔλυτρον,
1229 5701 1582 5777 involucrum,
1617 5715 1715 5777 seu
1759 5709 2118 5777 tegumentum
2227 5693 2947 5777 siqnidcmﬂScripturas_in
2975 5687 3278 5777 involucris
3303 5673 3742 5777 sgrzalzllf'mj

638 5740 695 5756 -υ
745 5740 887 5758 μων
945 5740 1070 5756 επ...
1111 5740 1167 5755 ν.
1229 5740 1558 5756 ...υνηηηηη
1617 5740 1715 5756 υ...
1759 5740 1802 5754 ,ν
1849 5740 2095 5752 .............

540 5740 852 5827 \‘ti‘illllllilli;
868 5775 1002 5843 legis
1034 5793 1046 5828 :
1081 5740 1443 5843 ἴενέἰλητοίς
1474 5742 1582 5840 γάῥ
1624 5767 1769 5840 εἶχον
1792 5740 1853 5823 ἐξ)
1887 5768 2097 5843 παλαιὸς

2224 5740 3431 5843 huncquoque—dicm
3474 5747 3624 5808 hidzci
3658 5740 3724 5815 plu

541 5843 639 5908 τὰς
669 5843 817 5908 θείας
849 5837 1093 5916 Γραφάς,
1145 5837 1327 5913 inquit
1363 5837 1768 5897 Theudoretus.
1822 5860 1841 5892 ι
1893 5839 2097 5894 Divina:

2222 5839 2362 5893 rima
2397 5837 2620 5894 habent.
2669 5855 2686 5889 ι
