3998 6396
273 338 416 405 1925

1485 347 1566 406 ΙΝ
1607 348 1844 409 EPIST.
1885 351 1987 411 AD
2023 353 2290 414 TITUM.
2335 361 2348 374 ’

3409 361 3546 428 1026

265 455 551 528 Τρόφιμον
571 454 628 510 δὲ
650 455 922 510 ἀπέλιπον
961 457 1018 508 έν
1047 455 1276 527 Μιλήτῳ
1301 456 1652 514 ἀσθενοῦντα.
1685 460 1858 514 Σπού·
1887 504 1898 529 γ

1987 481 2070 519 etn
2111 468 2308 537 reliqui
2351 468 2634 525 infirmum
2674 471 2865 526 Mileti.
2897 473 3115 528 Festina
3142 481 3271 529 ante
3306 474 3542 529 niemeut

265 548 449 602 δασον⁹
465 547 572 618 πρὸ
598 547 865 619 χειμῶνος
893 547 1090 604 ἐλθεῖν.
1127 549 1458 614 Ἀσπάζεταί
1488 569 1548 604 σε
1588 551 1858 617 Εὔϐουλος

263 639 367 692 καὶ
400 637 631 710 Πούδης.
680 656 699 689 ι

340 727 476 784 Τότε
530 731 630 800 μὲν
674 728 806 799 γὰρ,
858 729 1012 799 φησὶ,
1060 730 1169 783 τῶν
1217 731 1480 800 κινδύνων
1525 734 1856 807 ἐξήρπασεν.

278 820 502 891 Ἐπειδὴ
529 821 589 874 δὲ
615 820 676 875 τὸ
711 821 894 876 ἰκανὸν
923 819 1000 892 τῷ
1029 823 1351 896 Εὑαγγελίῳ
1388 826 1602 896 γέγονε,
1637 827 1860 898 ῥύσεταί

266 927 341 979 με
367 910 475 964 ἀπὸ
510 909 712 974 παντὸς
753 911 1182 982 ἁμαρτήματος*
1222 915 1490 982 τουτέστι,
1533 914 1609 987 μὴ
1659 917 1860 988 ἀφῆσει

263 1003 735 1073 καταγνωσθέντα
766 1004 1041 1059 ἀπελθεῖν.

347 1112 368 1145 ι
429 1093 538 1147 Καὶ
593 1095 787 1159 Δῖνος,
851 1095 946 1148 καὶ
1008 1096 1296 1164 Κλαυδία,
1356 1097 1454 1151 καὶ
1518 1099 1568 1152 οἱ
1641 1098 1861 1168 ἀδελφοὶ

264 1184 495 1248 πάντες.
544 1202 564 1236 ι

341 1275 448 1330 Τὸν
478 1275 640 1329 Λῖνόν
677 1293 808 1346 φασι
839 1278 1183 1346 διαδέξασθαι
1224 1281 1316 1335 τὸν
1346 1283 1620 1352 μακάριον
1652 1283 1861 1354 Πέτρον

263 1370 330 1424 ἐν
361 1369 430 1439 τῇ
472 1365 685 1438 Ῥώμῃ.

351 1477 372 1510 ‹
431 1457 490 1512 '0
515 1457 725 1528 Κύριος
752 1460 961 1531 Ἰησοῦς
998 1464 1236 1535 Χριστὸς
1271 1466 1408 1537 μετὰ
1436 1466 1530 1520 τοῦ
1553 1465 1863 1536 πνεύματός

271 1567 394 1605 σου.
441 1550 507 1604 Ἦ
534 1550 696 1622 χάρις
728 1553 849 1621 μεθ’
883 1555 1060 1625 ὑμῶν.
1104 1557 1300 1629 Ἀμήν.
1351 1577 1369 1610 ι

350 1643 573 1714 Ὅμοιον
600 1641 678 1706 ὡς
704 1643 752 1696 εἰ
793 1643 977 1714 λέγοι·
1010 1649 1102 1719 Μὴ
1130 1649 1285 1718 ἄλγει
1319 1650 1401 1704 ὅτι
1430 1650 1762 1718 ἀφίσταμαι.
1804 1647 1862 1704 '0

227 1787 230 1793 ,
274 1731 484 1804 Κύριος
513 1730 650 1802 μετὰ
672 1733 766 1786 σοῦ
784 1736 904 1789 ἐστι
925 1752 938 1767 ·
967 1738 1061 1792 καὶ
1077 1741 1178 1794 οὐκ
1208 1736 1352 1808 εἷπε,
1374 1742 1529 1795 Μετὰ
1556 1741 1673 1806 σοῦ,
1700 1741 1859 1807 ἀλλὰ,

1962 558 2170 614 venire.
2199 558 2458 616 Salutant.
2485 570 2540 618 te
2567 561 2817 619 Eubulus
2845 576 2899 620 et
2930 563 3170 621 Pudens.
3209 585 3227 617 ι

2034 733 2190 790 Tunc
2218 737 2394 804 enim,
2423 739 2628 809 inquit,
2664 754 2694 794 a
2721 741 2982 810 periculis
3016 758 3102 798 me
3133 746 3360 814 eripuit.
3387 744 3548 798 Ροειοο

1962 841 2126 894 quam
2171 837 2357 885 autem
2390 832 2790 900 praedicatione
2825 832 3106 904 Evangelii
3140 837 3277 891 satis
3319 837 3547 890 functus

1963 934 2083 985 cro,
2124 922 2382 978 liberabit
2435 940 2523 979 me
2581 925 2650 978 ab
2691 926 2839 980 omni
2887 937 3158 994 peccato;
3189 927 3248 981 id
3292 937 3396 992 est,
3434 943 3546 983 non

1964 1015 2248 1084 permittet
2283 1025 2342 1070 ut
2375 1017 2720 1072 damnationi
2749 1018 3008 1074 addictus
3040 1019 3251 1073 abeam.

2040 1127 2058 1159 ι
2099 1107 2163 1162 Ει
2190 1107 2385 1174 Linus,
2419 1120 2473 1164 et
2502 1109 2755 1176 Claudia,
2786 1121 2843 1166 et
2867 1112 3068 1166 fratres
3103 1127 3318 1168 omnes.
3353 1131 3372 1165 ι

2035 1283 2232 1338 Linum
2261 1285 2446 1340 ferunt
2470 1286 2633 1341 beato
2654 1286 2816 1344 Petro
2842 1287 3030 1345 Roma:
3061 1293 3427 1348 successisse.

2037 1461 2201 1518 Vens.
2232 1463 2322 1518 22.
2372 1482 2390 1516 ι
2438 1464 2706 1521 Dominus
2737 1464 2899 1522 Jesus
2930 1466 3186 1521 Christus
3219 1482 3346 1521 cum
3381 1467 3550 1538 spiri-

1964 1563 2020 1611 tu
2055 1564 2172 1611 tuo.
2207 1555 2395 1612 Gratia
2429 1557 2736 1611 vobiscum.
2762 1558 2957 1612 Amen.
3001 1577 3018 1609 ι

2033 1648 2114 1703 Ae
2141 1651 2186 1705 si
2218 1649 2429 1704 diceret
2465 1667 2476 1702 :
2511 1647 2590 1704 Ne
2616 1660 2816 1706 moesto
2848 1652 3035 1706 animo
3067 1651 3145 1705 sis
3173 1651 3320 1720 quod
3353 1650 3550 1705 absce-

1965 1737 2113 1792 datn.
2142 1738 2406 1796 Dominus
2444 1749 2628 1795 tecum
2659 1751 2744 1796 est
2783 1759 2798 1796 :
2831 1748 2966 1812 quin
3003 1759 3104 1797 nec
3130 1742 3272 1797 dixit
3305 1762 3316 1796 :
3343 1741 3546 1798 Tecum

274 1824 442 1880 Μετὰ
479 1821 585 1876 τοῦ
621 1827 961 1898 πνεύματός
995 1846 1135 1898 σου,
1175 1831 1321 1908 ἵναῇ
1351 1833 1515 1906 διπλῆ
1551 1836 1584 1905 ή
1620 1833 1864 1906 βοήθεια,
1897 1826 1898 1829 “

1987 1839 2078 1896 ast,
2114 1830 2242 1896 Sed,
2271 1832 2407 1887 Cum
2434 1835 2628 1902 spiritu
2658 1844 2770 1900 tuo,
2807 1843 2864 1888 ut
2893 1834 3122 1903 duplum
3151 1835 3224 1890 sit
3259 1835 3549 1903 auxilium,

271 1919 376 1988 τῆς
429 1916 652 1986 χάριτος
698 1918 792 1972 τοῦ
848 1923 1192 1997 πνεύματος,
1241 1927 1336 1980 καὶ
1384 1927 1480 1981 τοῦ
1535 1926 1864 1999 βοηθοῦντος

269 2009 449 2063 αὐτῶ.

269 2027 379 2062 αυτ
435 2050 449 2063 .

269 2027 435 2172 Περὸῖ
497 2105 776 2174 Τιμόθεον
833 2109 896 2175 β’
941 2109 1173 2236 cypriqu
1185 2110 1345 2236 nam)
1420 2109 1669 2181 Ῥώμης.
1733 2111 1863 2166 Στί-

867 2197 961 2236 γοι
989 2187 1088 2236 οπο
1246 2222 1260 2236 .

907 2197 961 2233 οι
989 2187 1088 2236 ρπθ
1127 2187 1260 2236 (Ml.

865 2197 961 2250 χοι
986 2187 1088 2249 ρπ¹
1127 2182 1260 2252 (Η).

354 2275 491 2331 Ἀπὸ
531 2273 751 2346 Ῥώμης
787 2271 988 2344 γράφει
1035 2271 1136 2342 τὴν
1197 2270 1518 2344 Ἐπιστολὴν
1548 2271 1607 2325 ὲν
1646 2271 1865 2342 δεσμοῖς

271 2363 559 2436 ἐχόμενος,
593 2361 730 2434 ὁμοῦ
761 2362 1041 2434 σημαίνων
1068 2363 1168 2432 τήν
1196 2379 1255 2416 τε
1285 2363 1560 2435 προτέραν
1591 2363 1742 2434 αὐτῷ
1777 2379 1868 2432 γε-

271 2455 514 2526 νομένην
545 2453 862 2520 ἀπολογίαν,
899 2453 998 2505 καὶ
1039 2451 1138 2524 τὴν
1181 2453 1334 2523 παρὰ
1362 2453 1527 2516 πόδας
1559 2452 1860 2508 τελείωσιν.

1969 1924 2161 1995 gratiae
2187 1925 2443 1995 spiritus,
2466 1937 2522 1981 et
2546 1926 2697 1981 illius
2728 1926 2824 1996 qui
2851 1928 2900 1980 ei
2939 1926 3268 1996 opitulatur.

2090 2108 2174 2163 Ad
2216 2107 2548 2163 Timotheum
2580 2108 3022 2233 sqlcundqogoma
3063 2111 3266 2179 scripta
3319 2121 3420 2166 est.

2209 2222 2214 2226 .
2659 2195 2764 2233 θη.
2905 2219 2918 2233 .

2659 2195 2764 2233 ers.
2802 2195 2918 2233 ιυδ.

2044 2273 2220 2328 Roma
2267 2269 2493 2342 scripsit
2547 2270 2692 2326 hanc
2743 2271 3070 2341 Epistolam,
3123 2272 3254 2327 dum
3318 2272 3553 2329 vinculis

1973 2360 2345 2426 detinebatur,
2386 2360 2664 2430 simulque
2699 2360 2947 2417 declarat
2985 2362 3219 2432 primam
3263 2379 3323 2418 se
3360 2362 3552 2418 defen-

1973 2456 2188 2510 sionem
2224 2468 2385 2510 suam
2427 2454 2658 2518 obiisse,
2712 2463 2770 2510 et
2813 2455 2901 2511 sui
2941 2455 3478 2510 consummationem
3525 2469 3556 2509 e

288 2543 442 2614 Ἒτὼ
470 2544 599 2617 γὰρ,
654 2545 840 2616 φησὶν,
891 2543 1009 2614 ἤδη
1047 2543 1402 2614 σπένδομαι,
1439 2544 1540 2598 καὶ
1577 2547 1611 2599 ό
1658 2545 1865 2614 καιρὸς

1987 2543 2206 2614 vestigio
2237 2543 2553 2599 imminere.
2589 2543 2704 2615 Ego
2743 2546 2909 2612 enim,
2942 2545 3146 2618 inquit,
3191 2545 3304 2612 iam
3327 2544 3554 2611 delibor,

278 2633 397 2704 τῆς
427 2635 780 2703 ἀναλύσεώς
809 2655 930 2707 μου
957 2636 1294 2709 ἐφέστηκεν
1334 2638 1471 2709 (l5).

1987 2643 2021 2689 et
2047 2643 2250 2706 tempus
2278 2635 2615 2702 resolutionis
2639 2651 2768 2692 mea:
2791 2639 2983 2694 instat.

1804 2811 2041 2870 NOTAE.

350 2905 471 2980 (Ml
493 2904 692 2980 Eusth.
732 2904 886 2980 Sole.
921 2906 1054 2980 poe',
1113 2905 1543 2980 CLXXVUCod;
1580 2905 1868 2978 Cryptoie-

2049 2904 2172 2981 (l5)_
2213 2904 2432 2981 Similia
2487 2905 2874 2981 Theodoretus
2911 2907 3093 2981 _habet
3131 2908 3187 2964 in
3224 2908 3452 2981 prologo
3485 2907 3551 2963 ad

274 2975 416 3043 rat.,
440 2975 763 3034 doctissimo
802 2975 1076 3036 Zaccanio
1117 2986 1275 3042 teste.
1305 2978 1406 3049 98',
1434 2975 1571 3034 CIX.

1963 2975 2266 3034 secundam
2296 2976 2594 3047 Epistolam
2628 2978 2696 3038 ad
2722 2975 3094 3034 Timotheum.

3306 3186 3471 3198 .—

1310 3335 1964 3426 ΕΠΙΣΤΟΑΗΝ
2051 3335 2346 3426 ΠΡΟΣ
2421 3337 2791 3424 ΤΙΤΟΝ.

1127 3698 1253 3788 ΙΝ
1327 3691 2004 3786 EPISTOLAM
2056 3693 2209 3782 AD
2259 3691 2691 3784 TITUM.

1025 3327 1201 3427 ΕΙΣ

696 4034 1101 4094 ΚΕΦΔΛᾹΙΟΝ
1143 4035 1446 4093 ΠΡΩΤΟΝ.
1897 4079 1898 4089 χ

2375 4037 2535 4108 271
2569 4032 2803 4093 CAPUT
2863 4029 3160 4090 PRIMUM.

364 4147 384 4182 ι
406 4127 622 4195 Παῦλος
637 4119 824 4196 δὸῦλος
838 4131 997 4200 Θεοῦ,
1028 4131 1327 4196 ἀπόστολος
1345 4131 1404 4186 δὲ
1439 4131 1616 4204 Ἰησοῦ
1633 4134 1870 4206 Χριστοῦ

1987 4171 1996 4175 μ
2052 4131 2216 4188 Vens.
2251 4130 2425 4188 i.-6.r
2455 4129 2660 4185 Paulus
2690 4142 2884 4184 servus
2911 4126 3030 4192 Dei,
3056 4125 3344 4197 apostolus
3373 4132 3559 4180 autem

278 4221 436 4277 κατὰ
457 4221 642 4276 πίστιν
681 4222 956 4277 ἐκλεκτῶν
983 4221 1142 4290 Θεοῦ,
1172 4222 1266 4276 καὶ
1291 4222 1590 4292 ἐπίγνωσιν
1611 4223 1872 4294 ἀληθείας

1987 4225 2101 4282 Iesu
2144 4224 2353 4282 Christi
2407 4223 2710 4281 secundum
2761 4220 2927 4276 ﬁdem
2975 4221 3282 4275 electorum
3337 4217 3455 4283 Dei,
3504 4227 3560 4272 et

281 4308 394 4378 τῆς
427 4309 544 4363 κατ’
580 4310 864 4366 εὐσέϐειαν
887 4310 976 4365 ἐπ’
994 4310 1169 4364 ἑλπίδι
1188 4312 1334 4383 ζωῆς
1355 4313 1575 4368 αἰωνίου
1602 4313 1670 4386 ἢν
1697 4316 1872 4385 ἐπηγ-

1987 4318 2313 4389 tgnitiouem
2342 4315 2596 4372 veritatis
2653 4328 2776 4384 quae.
2821 4313 3128 4368 secundum
3163 4311 3426 4382 pietatem
3473 4319 3560 4365 est

286 4415 358 4468 γε
369 4399 514 4454 ίλατο
539 4403 565 4455 ό
593 4401 834 4473 ἀψευδὴς
858 4401 992 4468 Θεὸς
1024 4401 1132 4473 πρὸ
1161 4401 1372 4473 χρόνων
1399 4404 1656 4471 αἰωνίων,
1675 4407 1873 4477 ὲφανέυ

1987 4427 2028 4467 ηη
2057 4427 2208 4483 spem
2236 4411 2360 4466 vita:
2383 4418 2624 4475 aeternae,
2649 4423 2816 4480 quam
2845 4405 3124 4476 promisit,
3150 4405 3242 4475 qui
3272 4419 3381 4457 non
3411 4419 3559 4456 mert-

286 4506 472 4561 ρωσεν
517 4491 574 4544 δὲ
608 4495 822 4562 καιροῖς
861 4491 1012 4556 ἰδίοις
1035 4492 1129 4548 τὸν
1162 4492 1337 4560 Λόγον
1368 4493 1534 4547 αὑτοῦ
1565 4495 1622 4548 ὲν
1657 4493 1870 4566 κηρύγ-

287 4595 448 4651 ματι,
469 4579 499 4634 δ
519 4581 850 4654 ἐπιστεύθην
879 4581 990 4652 ἐγὼ
1019 4585 1141 4638 κατ’
1175 4583 1448 4656 ἐπιταγὴν
1489 4584 1586 4639 τοῦ
1614 4587 1872 4658 Σωτῆρος

285 4669 449 4741 ἡμῶν
485 4670 624 4726 Θεοῦ
649 4714 665 4739 ,
697 4673 843 4745 Τίτῳ
891 4675 1104 4746 γνησίῳ
1150 4675 1328 4744 τέκνῳ
1370 4675 1514 4729 κατὰ
1561 4676 1749 4747 κοινὴν
1775 4677 1870 4730 πί-

287 4777 408 4814 στιν
432 4775 446 4790 °
474 4762 656 4834 χάρις,
690 4761 857 4830 ἔλεος,
878 4764 1068 4836 εἰρήνη
1101 4763 1211 4817 ἀπὸ
1245 4763 1381 4818 Θεοῦ
1411 4765 1628 4837 Πατρὸς
1651 4767 1742 4819 καί
1770 4766 1876 4821 Κυ-

287 4853 408 4927 ρίου
452 4853 630 4925 Ίησοῦ
659 4855 897 4926 Χριστοῦ
929 4855 1023 4910 τοῦ
1069 4857 1324 4928 Σωτῆρος
1351 4859 1385 4928 η
1396 4856 1514 4928 μῶν
1542 4857 1735 4912 τούτου
1773 4859 1872 4929 χὰ-

287 4962 378 5018 ριν
401 4945 694 5000 κατέλιπόν
719 4963 779 5000 σε
801 4947 859 5001 ὲν
887 4948 1104 5022 Κρήτῃ,
1136 4947 1226 5001 ἵνα
1254 4947 1324 5001 τὰ
1350 4947 1607 5004 λείποντα
1633 4949 1871 5021 ἐπιδιορ-

284 5038 466 5112 θώσῃ,
490 5041 584 5093 καὶ
616 5039 935 5113 καταθήσῃς
967 5041 1113 5094 κατὰ
1144 5039 1300 5095 πόλιν
1334 5040 1767 5113 πρεσϐυτέρους,
1792 5042 1869 5108 ὡς

281 5131 400 5200 ἐγὼ
428 5131 785 5205 διεταξάμην.
814 5133 883 5187 Εῐ
904 5133 990 5198 τίς
1024 5135 1176 5188 ἐστιν
1216 5133 1574 5202 ἀνέγκλητος,
1615 5136 1745 5204 μιᾶς
1777 5152 1870 5204 γυ-

281 5221 477 5286 ναικὸς
495 5222 834 5295 ἀνὴρ,τέκνα
850 5222 991 5294 ἔχων
1012 5223 1202 5292 πιστὰ,
1229 5222 1305 5295 μὴ
1334 5223 1392 5277 ὲν
1411 5225 1717 5297 κατηγορίᾳ
1734 5228 1870 5279 ἀσωο

275 5333 307 5369 τ
320 5315 428 5378 ίας,
452 5313 486 5386 ἢ
511 5313 880 5369 ἀνυπότακτα.
916 5334 934 5366 ι

1973 4503 2108 4559 titur
2139 4502 2462 4569 Deus,aute
2516 4511 2764 4572 tempora
2816 4499 3126 4564 saecularia,
3180 4495 3558 4552 manil‘estavit

1972 4605 2155 4653 autem
2179 4596 2527 4668 temporibus
2556 4597 2677 4652 suis
2706 4595 2934 4650 verbum
2992 4607 3156 4648 suum
3187 4593 3242 4646 in
3290 4591 3555 4660 pradica-

1971 4689 2141 4755 tione,
2165 4703 2288 4760 quae
2316 4689 2530 4744 credita
2554 4695 2643 4744 est
2665 4687 2802 4742 mihi
2853 4685 3164 4742 secundum
3212 4689 3552 4754 praeceptum

1974 4780 2279 4839 Salvatoris
2307 4781 2487 4837 nostri
2516 4779 2636 4846 Dei,
2675 4777 2804 4834 Tito
2848 4779 3053 4834 dilecto
3083 4777 3199 4832 tilio
3250 4774 3555 4831 secundum

1971 4888 2321 4930 communem
2347 4872 2530 4939 ﬁdem,
2559 4873 2760 4944 gratia,
2794 4886 2898 4942 pax
2926 4885 2958 4924 ι
2993 4868 3104 4924 Deo
3139 4867 3302 4922 Patre
3325 4874 3380 4922 et
3398 4865 3560 4920 Citri-

1971 4974 2058 5022 sto
2087 4963 2220 5020 Jesu
2257 4963 2546 5018 Salvatore
2575 4971 2794 5018 nostro.
2827 4959 3005 5028 Hujus
3039 4959 3120 5014 rei
3153 4957 3332 5030 gratia
3361 4955 3557 5024 reliqui

1972 5062 2024 5110 te
2049 5053 2248 5118 Cretae,
2282 5063 2425 5108 utea
2452 5069 2575 5123 quae
2597 5053 2798 5109 desunt
2829 5052 3099 5122 corrigas,
3156 5056 3211 5103 et
3250 5047 3562 5102 constituas

1970 5157 2068 5213 per
2120 5142 2375 5198 civitates
2427 5143 2818 5214 presbyteros,
2876 5141 3020 5196 sicut
3047 5146 3102 5194 et
3149 5153 3252 5206 ego
3314 5135 3558 5206 disposui

1968 5235 2094 5290 tibi.
2133 5233 2191 5290 Si
2219 5237 2347 5304 quis
2371 5237 2495 5292 sine
2525 5235 2765 5290 crimine
2793 5240 2900 5298 est,
2935 5231 3101 5288 unius
3133 5230 3324 5290 uxoris
3355 5229 3460 5292 vir,
3493 5227 3560 5281 li-

1968 5329 2075 5384 lios
2103 5327 2317 5383 habens
2351 5327 2566 5391 ﬁdeles,
2607 5340 2718 5381 non
2753 5324 2809 5380 'm
2845 5325 3203 5381 accusatione
3227 5322 3482 5386 luxurie,
3502 5325 3564 5374 et

1900 5403 1947 5461 ι)
1975 5436 2086 5475 non
2121 5419 2394 5475 subditos.
2439 5437 2458 5471 ›

369 5516 751 5581 Ἐπισκόπους.

2041 5513 2423 5585 Presbyteros.
2464 5515 2787 5584 EpiscOpos.

361 5626 382 5660 ι
409 5610 503 5662 Δεῖ
535 5609 645 5680 γὰρ
673 5609 764 5662 τὸν
787 5609 1085 5662 ἐπίσκοπον
1108 5609 1446 5682 ἀνέγκλητον
1464 5606 1605 5664 εἶναι
1629 5611 1704 5675 ὡς
1724 5611 1860 5666 Θεοῦ

2047 5607 2214 5666 Vsus.
2253 5609 2407 5664 7-l2.
2447 5629 2465 5662 ι
2486 5609 2714 5678 Oportet
2749 5607 2895 5663 enim
2925 5606 3241 5678 episcopum
3269 5605 3391 5661 sine
3449 5603 3556 5657 cri-

263 5703 592 5771 οἰκονόμον,
621 5701 696 5772 μὴ
725 5701 956 5773 αὐθάδη,
996 5701 1071 5773 μὴ
1109 5701 1345 5774 ὀργίλον,
1380 5703 1460 5774 μὴ
1477 5704 1755 5776 πάροινον,
1787 5705 1862 5776 μὴ

1987 5702 2119 5757 nine
2137 5717 2284 5768 esse,
2312 5702 2460 5757 sicut
2489 5699 2584 5756 Dei
2613 5701 3080 5771 dispensatorem,
3111 5715 3222 5755 non
3253 5697 3552 5776 superbum

267 5793 562 5867 πλήκτην,
601 5771 1089 5864 μὴαίσχροκερδῆ,
1114 5771 1248 5848 ἄλλά
1287 5771 1589 5862 φιλόξενον,
1626 5771 1861 5864 ιιςιιλᾱιγαΞ

1987 5807 2082 5850 ron
2104 5793 2453 5861 iracundum,
2476 5807 2592 5849 non
2623 5793 2985 5865 vinolentum,
3006 5806 3116 5849 non
3142 5771 3552 5864 percussorem,
