3998 6388
493 90 558 144 4k

542 338 678 405 1327

1727 335 1788 395 S.
1827 333 2148 396 JOANNlS
2173 333 2606 394 DAMASCENI

3641 341 3747 412 1029

542 473 650 512 non
684 456 864 528 turpis
895 455 1034 512 lucri
1083 453 1368 523 cupidum,
1392 452 1491 509 sed
1540 451 1900 522 hospitalem,
1951 449 2118 507 beni-

2232 451 2338 517 θον,
2369 451 2648 523 σώφρονα,
2681 451 2916 512 δίκαιον,
2957 451 3127 514 ὅσιον,
3157 449 3418 521 ἐγκρατῆ,
3441 451 3749 527 ἀντεχόμενον

542 565 732 619 gnum,
761 551 992 620 justum,
1023 554 1304 610 sanctum,
1333 546 1738 608 continentem,
1770 544 2110 620 amplecten-

541 617 647 696 tem
679 617 803 694 eum
830 640 925 709 qui
948 638 1255 694 secundum
1273 637 1585 692 doctrinam
1611 643 1718 702 est,
1743 617 1958 690 tidelem
2007 650 2127 690 ser-

539 747 757 788 monem
792 752 808 787 :
834 741 894 786 ut
927 739 1122 802 potens
1147 733 1220 785 sit
1251 737 1306 785 et
1327 729 1612 785 exhortari
1645 729 1699 783 in
1739 728 2001 783 doctrina
2033 743 2127 783 sa-

540 839 631 888 na,
657 831 713 878 et
741 838 837 880 eos
887 823 988 891 qui
1009 821 1429 888 contradicunt,
1479 835 1736 890 arguere.
1800 820 1941 874 Sunt
1972 820 2122 876 enim

539 915 699 968 multi
729 914 900 970 etiam
943 913 1352 978 inobedientes,
1398 912 1710 982 vaniloqui,
1753 911 2127 979 seductores;

541 1009 777 1062 maxime
807 1005 902 1076 qui
927 1004 998 1060 de
1047 1004 1473 1059 circumcisione
1505 1011 1658 1067 sntit,
1695 1018 1839 1073 quos
1907 1011 2131 1074 Oportet

540 1098 847 1169 redargui;
889 1097 985 1168 qui
1041 1097 1336 1151 universas
1365 1095 1568 1152 domos
1614 1097 1970 1162 subvertunt,
2027 1095 2125 1150 do-

540 1197 731 1245 centes
769 1202 892 1260 quaz
923 1202 1032 1241 non
1065 1196 1301 1258 Oportet,
1335 1188 1513 1256 turpis
1566 1187 1709 1241 lueri
1751 1187 1950 1257 gratia.
1986 1186 2132 1242 Dixit

541 1281 770 1352 quidam
797 1296 864 1336 ex
894 1280 1006 1336 illis
1037 1277 1300 1349 proprius
1329 1278 1574 1347 ipsorum
1613 1296 1632 1328 ι

611 1373 730 1427 Non
771 1372 924 1426 illum
947 1370 1366 1441 (continentem)
1391 1370 1465 1423 ait
1491 1371 1584 1439 qui
1629 1367 1862 1439 jejunat,
1889 1369 1985 1424 sed
2034 1369 2128 1438 qui

542 1466 796 1522 allectum
840 1477 1058 1518 omnem
1089 1459 1426 1515 moderatur.

617 1575 634 1608 ι
669 1555 942 1625 Propheta
971 1576 982 1608 :
1022 1551 1316 1609 Cretenses
1345 1566 1562 1621 semper
1598 1551 1916 1618 mendaces,
1973 1550 2133 1605 malm

544 1649 752 1713 bestiae,
791 1656 1012 1703 ventres
1057 1647 1221 1717 pigri.
1260 1643 1454 1718 [νεις.
1492 1643 1697 1716 13-15.]
1721 1643 2124 1700 Testimonium

543 1741 648 1794 hoc
676 1752 868 1793 verum
892 1744 996 1791 est.
1031 1735 1206 1802 Quam
1238 1736 1312 1790 ob
1343 1749 1572 1790 causam
1611 1734 1836 1804 increpa
1864 1735 1994 1789 illos
2023 1735 2125 1788 du-

542 1847 620 1895 re,
657 1839 716 1884 ut
743 1830 855 1885 sint
890 1828 1014 1885 sani
1044 1827 1101 1882 in
1126 1827 1255 1894 fide,
1314 1841 1428 1881 non
1475 1826 1828 1882 intendentes
1881 1825 2129 1881 Judaicis
2159 1804 2202 1861 ³

545 1923 748 1978 tabulis
781 1930 836 1977 et
869 1919 1150 1975 mandatis
1182 1919 1492 1982 hominum,
1554 1919 1928 1976 aversantium
1978 1917 2128 1974 veri-

543 2025 729 2072 tatem.
756 2013 951 2069 Omnia
975 2013 1198 2084 quidem
1227 2011 1430 2066 munda
1461 2029 1480 2062 ι

610 2107 929 2175 Prophetam
958 2106 1048 2160 hic
1079 2104 1485 2160 Callimachum
1536 2111 1755 2174 poetam
1789 2111 1970 2158 vocat.
2025 2102 2127 2158 Ec-

540 2215 642 2254 cur
668 2214 798 2255 vero
820 2199 940 2268 ejus
969 2197 1287 2254 testimonio
1320 2197 1497 2250 utitur
1518 2196 1542 2249 ?
1562 2196 1825 2266 quoniam
1877 2195 2129 2250 homines

541 2301 675 2344 tunc
700 2289 1005 2360 praesertim
1025 2287 1242 2359 pudore
1291 2285 1672 2352 percelluntur
1688 2301 1719 2340 a
1737 2286 1920 2353 nobis,
1945 2300 2129 2358 quan-

541 2382 613 2437 do
653 2397 752 2438 eos
780 2396 1011 2438 suorum
1040 2379 1524 2436 criminationibus
1542 2378 1923 2449 coarguimus.

619 2491 640 2524 ‹
677 2471 894 2526 Mundis
927 2489 940 2525 :
976 2469 1351 2539 coinquinatis
1385 2475 1569 2524 autem
1601 2475 1656 2523 et
1701 2467 2020 2524 inﬁdelibus
2047 2469 2130 2524 ni-

542 2564 620 2620 hil
647 2571 732 2619 est
789 2563 1077 2630 mundum,
1130 2560 1226 2616 sed
1285 2560 1585 2630 inquinata:
1646 2567 1778 2615 sunt
1836 2575 2030 2616 eorum
2076 2571 2131 2618 et

541 2671 697 2712 mens
718 2665 772 2710 et
792 2651 1355 2726 conscientia.[Vens.
1382 2650 1495 2725 16.]
1513 2651 1858 2709 Confitentur
1887 2668 1946 2709 se
1965 2667 2132 2710 nosse

539 2747 732 2814 Deum,
779 2747 943 2803 factis
985 2753 1171 2802 autem
1212 2754 1438 2817 negant,
1485 2760 1610 2800 cum
1649 2746 1763 2802 sint
1802 2746 2128 2812 abominati,

537 2849 592 2896 ct
616 2839 990 2908 incredibiles,
1019 2849 1073 2896 et
1107 2838 1174 2894 ad
1207 2852 1374 2894 omne
1408 2851 1551 2907 Opus
1582 2837 1786 2892 bonum
1820 2837 2064 2908 reprobi.
2105 2855 2124 2888 ι

1241 2927 1395 2984 CAP.
1423 2927 1489 2983 Il.

613 3027 781 3082 Vsus.
805 3025 924 3082 1-5.
969 3023 1051 3078 Tu
1082 3031 1263 3079 autem
1308 3022 1532 3092 loquere
1555 3020 1889 3093 quaedecent
1940 3037 2132 3078 sanam

540 3121 874 3177 doctrinam.
920 3119 1093 3174 Senes
1122 3125 1180 3173 ut
1245 3116 1416 3173 sobrii
1467 3116 1602 3182 sint,
1660 3117 1781 3172 sani
1806 3117 1862 3172 in
1915 3115 2041 3182 tide,
2073 3118 2128 3170 in
2157 3143 2204 3206 ο

540 3214 860 3279 dilectione,
895 3213 950 3266 in
977 3209 1260 3282 patientia.
1321 3208 1476 3265 Anus
1507 3208 1764 3263 similiter
1827 3209 1881 3262 in
1937 3208 2126 3262 habitu

541 3313 754 3370 sancto,
787 3318 895 3358 non
950 3299 1378 3363 criminatrices,
1421 3312 1535 3356 non
1597 3297 1780 3368 multo
1826 3298 1954 3356 vino
2010 3313 2130 3356 ser-

539 3400 775 3462 vientes,
823 3394 965 3450 bene
1019 3391 1302 3458 docentes,
1342 3399 1402 3446 ut
1467 3389 1818 3460 prudentiam
1891 3391 2127 3446 doceant

542 3485 1006 3550 adolescentulas,
1045 3494 1104 3538 ut
1133 3485 1288 3539 viros
1340 3498 1474 3540 suos
1519 3491 1732 3548 ament,
1791 3483 1936 3546 tilios
1992 3497 2128 3540 suos

541 3578 1057 3653 diligant.Sobrias,
1119 3584 1332 3641 castas,
1385 3575 1587 3630 domus
1615 3589 1809 3630 curam
1837 3574 2126 3644 habentes,

542 3675 834 3744 benignas,
872 3669 1130 3726 subditas
1165 3668 1304 3724 viris
1333 3667 1479 3724 suis.
1519 3684 1542 3718 ι

613 3763 732 3817 Non
771 3767 968 3832 suapte
995 3767 1214 3824 natura,
1241 3757 1337 3814 sed
1359 3772 1426 3812 ex
1454 3757 1828 3816 destinatione
1875 3759 2129 3816 volunta-

544 3857 616 3910 tis
645 3855 869 3908 illorum
901 3851 998 3923 qui
1031 3867 1096 3907 ea
1119 3851 1485 3922 participant.

615 3947 780 4018 272
813 3965 831 3998 ι
866 3943 935 4000 Ut
962 3958 1074 3998 non
1100 3943 1518 4014 blasphemetur
1546 3943 1778 3999 verbum
1807 3943 2124 4017 Dei.[Vens.

543 4042 700 4100 6-l3.
728 4039 748 4112 ]
788 4038 1031 4095 Juvenes
1057 4037 1324 4094 similiter
1353 4035 1586 4092 hortare
1615 4043 1677 4092 ut
1705 4038 1880 4094 sobrii
1907 4039 2042 4094 sint.
2069 4039 2126 4094 in

543 4132 805 4187 omnibus
846 4131 1085 4200 teipsum
1143 4127 1322 4199 praebe
1343 4126 1658 4198 exemplum
1691 4128 1966 4183 bonorum
1992 4143 2126 4200 ope-

542 4241 689 4290 rum,
721 4225 774 4277 in
806 4223 1076 4289 doctrina,
1117 4221 1170 4274 in
1203 4221 1545 4291 integritate,
1570 4221 1628 4276 in
1660 4222 1958 4292 gravitate,
1997 4238 2126 4278 rer-

543 4315 672 4372 bum
703 4327 927 4378 sanum,
960 4311 1463 4382 irreprehensibile,
1493 4319 1555 4366 ut
1585 4314 1634 4368 is
1665 4314 1759 4382 qui
1785 4328 1853 4368 ex
1877 4313 2116 4370 adverso

540 4412 626 4460 est
646 4413 920 4468 vereatur,
938 4403 1082 4458 nihil
1110 4403 1320 4458 habens
1348 4403 1556 4458 malum
1584 4403 1774 4458 dicere
1799 4404 1870 4460 de
1925 4405 2121 4462 nobis.

2230 545 2327 600 τοῦ
2362 547 2512 600 κατά
2538 546 2638 616 τὴν
2674 545 2897 615 διδαχὴν
2944 542 3141 597 πιστοῦ
3183 542 3362 611 λόγου,
3399 543 3481 597 ἵνα
3518 545 3750 626 δυνατδςῇ

2230 640 2324 692 καὶ
2353 637 2696 708 παρακαλεῖν
2723 639 2780 690 ἐν
2801 638 2869 708 τῇ
2891 635 3084 706 διδαχῇ
3117 637 3186 706 τῇ
3214 635 3643 710 ὑγιαινούσῃασι
3657 645 3752 707 τοὺς

2229 706 2612 799 ἀντιλέγοντας
2646 706 2914 798 ἐλέγχειν.
2946 727 3065 779 Εἰσὶ
3106 727 3216 795 γάρ
3249 725 3431 780 πολλοὶ
3472 706 3558 781 καὶ
3586 706 3750 787 ἀνυπόέ

2228 837 2442 886 τακτοι,
2474 820 2850 891 ματαιολόγοι,
2883 819 3252 890 φρεναπάται,
3274 818 3504 888 μάλιστα
3535 822 3578 873 οἱ
3605 824 3658 876 ὲκ
3685 842 3756 879 πε-

2231 909 2488 980 ριτομῆς,
2518 907 2614 972 οὓς
2645 907 2729 961 δεῖ
2769 906 3146 976 ἐπιστομίζειν
3171 923 3185 936 ·
3219 907 3416 970 οἵτινες
3443 907 3589 973 ὅλους
3611 911 3755 977 οἴκους

2231 999 2652 1068 ἀνατρέπουσιν,
2701 996 3048 1058 διδάσκοντες
3076 994 3113 1049 ἀ
3142 994 3218 1066 μὴ
3254 996 3356 1060 δεῖ,
3388 997 3756 1072 αίσχροκέρδους

2230 1091 2414 1162 χάριν.
2451 1085 2590 1144 Εῐπέ
2615 1105 2701 1153 τις
2729 1087 2792 1154 ἐξ
2820 1088 3001 1142 αὑτῶν
3033 1086 3166 1152 ῐδιος
3192 1087 3374 1142 αὑτῶν
3409 1107 3431 1142 ι

2303 1366 2379 1418 Οὑ
2401 1365 2493 1418 τὸν
2516 1362 2821 1434 νηστευτὴν
2844 1359 3078 1414 ἐνταῦθα
3103 1361 3274 1431 λέγει,
3309 1359 3447 1416 ἀλλά
3480 1360 3569 1415 τὸν
3596 1362 3759 1428 πάθους

2233 1457 2540 1530 κρατοῦντα
2571 1454 2792 1516 παντός.

2315 1567 2334 1601 ι
2351 1549 2644 1621 Προφήτης
2665 1562 2678 1576 ·
2709 1545 2924 1616 Κρῆτες
2947 1545 3036 1598 ἀεὶ
3053 1544 3305 1614 ψεῦσται,
3329 1545 3472 1600 κακά
3495 1544 3661 1616 Θηρία,
3684 1563 3760 1617 γιι.

2235 1641 2426 1710 στέρες
2468 1637 2660 1710 ἀργαί.
2707 1637 2773 1690 Ἦ
2809 1653 2884 1706 μα
2901 1635 3098 1706 ρτυρία
3130 1633 3271 1705 αὕτη
3308 1636 3456 1688 ἐστὶν
3487 1635 3760 1708 ἀληθῆς.Δι’

2233 1738 2301 1810 ἢν
2325 1737 2505 1791 αἰτίαν
2550 1737 2743 1807 ἔλεγχε
2782 1736 2982 1798 αὐτοὺς
3031 1735 3346 1804 ἀποτόμως,
3385 1732 3472 1788 ἶνα
3499 1733 3760 1802 ὑγιαίνωσιν

2230 1833 2291 1885 ὲν
2314 1835 2382 1903 τῇ
2411 1831 2615 1894 πίστει,
2649 1829 2723 1901 μὴ
2752 1828 3113 1900 προσέχοντες
3145 1825 3473 1890 Ἰουδαϊκοῖς
3489 1828 3679 1898 μύθοις,
3693 1831 3760 1882 καί

2230 1920 2479 1985 ἐντολαῖς
2527 1919 2835 1991 ἀνθρώπων
2877 1918 3380 1988 ἀποστρεφομένων
3407 1915 3500 1988 τὴν
3534 1911 3758 1988 ἀλήθειαν.

2230 2015 2416 2070 Πάντα
2452 2013 2551 2084 μὲν
2588 2013 2810 2085 καθαρά
2840 2015 2952 2076 τοῖς
2980 2031 2998 2064 ι

2295 2107 2639 2177 Προφήτην,
2678 2106 2916 2160 ἐνταῦθα
2948 2106 3040 2159 τὸν
3067 2106 3300 2178 ποιητὴν
3339 2105 3510 2174 λέγει,
3542 2105 3625 2157 τὸν
3649 2105 3759 2158 Καλ-

2229 2201 2469 2272 λίμαχον
2500 2199 2638 2271 (16).
2671 2201 2771 2252 Διά
2797 2199 2851 2252 τί
2877 2198 2933 2252 δὲ
2966 2201 3034 2270 τῇ
3060 2197 3344 2270 μαρτυρίᾳ
3365 2197 3525 2250 αὑτοῦ
3549 2214 3563 2264 ;
3591 2199 3662 2250 ὅτι
3685 2199 3762 2267 μά-

2229 2291 2388 2344 λιστα
2439 2291 2650 2355 τούτοις
2711 2289 3044 2362 ἐντρέπομεν
3079 2289 3300 2354 αὑτοὺς,
3333 2289 3461 2343 ὅταν
3490 2289 3550 2341 ὲκ
3575 2286 3668 2340 τῶν
3691 2288 3763 2342 αὖ·

2229 2381 2339 2436 τῶν
2361 2381 2684 2452 ἑνέγκωμεν
2724 2382 2820 2446 τὰς
2853 2381 3214 2452 κατηγορίας.

2309 2496 2327 2528 ι
2367 2475 2678 2547 Καθαροίς·
2716 2477 2828 2539 τοῖς
2866 2475 2923 2528 δὲ
2981 2473 3388 2546 μεμιασμένοις
3427 2474 3519 2529 καὶ
3560 2472 3762 2536 ἀπίστοις

2231 2569 2385 2622 οὐδὲν
2431 2568 2698 2639 καθαρὸν,
2729 2567 2867 2623 ἀλλὰ
2907 2567 3206 2637 μεμίανται
3246 2567 3448 2630 αὑτῶν,
3486 2566 3573 2618 καὶ
3600 2568 3624 2618 ὁ
3653 2564 3760 2625 νοῦς,

2232 2660 2327 2713 καὶ
2359 2659 2392 2730 ή
2428 2657 2910 2728 συνείδησιςοθεδν
2949 2657 3316 2729 ὁμολογοῦσιν
3355 2657 3570 2720 εἰδέναι,
3612 2659 3702 2718 τοῖς
3725 2655 3763 2707 δὲ

2233 2750 2415 2822 ἔργοις
2465 2750 2779 2822 ἀρνοῦνται.
2830 2749 3121 2804 Βδελυκτώ
3182 2748 3360 2814 ὄντες,
3409 2749 3502 2803 καὶ
3542 2746 3760 2807 ἀπειθεῖς,

2234 2843 2329 2896 καὶ
2363 2841 2500 2915 πρὸς
2533 2843 2641 2896 πᾶν
2682 2841 2842 2913 ἔργον
2868 2841 3075 2911 ἀγαθὸν
3102 2842 3378 2913 ἀδόκιμοι.
3413 2860 3432 2894 ι
3659 2833 3662 2836 ’

2533 3009 2536 3012 ῃ
2848 2933 3100 2989 ΚΕΦΑΛ.
3142 2933 3219 2990 B'.

2311 3049 2327 3082 ι
2356 3030 2426 3084 Σὺ
2453 3029 2510 3082 δὲ
2531 3028 2685 3083 λάλει
2714 3028 2750 3082 ἃ.
2787 3027 2990 3098 πρέπει
3015 3029 3082 3099 τῇ
3123 3027 3451 3098 ὑγιαινούσῃ
3476 3021 3761 3092 διδασκαλία.

2235 3117 2556 3189 Πρεσϐύτας
2586 3116 2890 3188 νηφαλέους
2926 3110 3094 3181 εἶναι,
3135 3117 3396 3186 σεμνοὺς,
3428 3114 3688 3183 σώφρονας
3716 3112 3763 3178 τῇ

2239 3211 2444 3276 πίστει,
2476 3212 2542 3281 τῇ
2587 3211 2798 3283 ἀγάπῃ,
2825 3210 3098 3281 ὑπομονῇ.
3133 3209 3511 3280 Πρεσϐύτιδας
3532 3205 3763 3266 ὡσαύτως,

2231 3303 2292 3356 ἐν
2320 3303 2706 3372 καταστήματι
2743 3302 3116 3380 ἱεροπρεπεῖς,
3145 3303 3220 3373 μὴ
3255 3299 3557 3362 διαϐόλους,
3586 3296 3652 3368 μὴ
3669 3294 3763 3361 οἴνῳ

2236 3389 2414 3464 πολλῷ
2451 3392 2878 3465 δεδουλωμένας,
2912 3393 3434 3457 καλοδιδασκάλους,
3471 3392 3556 3446 ἵνα
3595 3402 3762 3457 σωφρθσ

2235 3487 2424 3551 νίξωσι
2451 3485 2550 3549 τὰς
2577 3485 2705 3550 νέας
2748 3485 3075 3558 φιλάνδρους
3103 3482 3262 3551 εἶναι,
3312 3485 3660 3556 φιλοτέκνους,
3687 3475 3764 3529 σὼ·

2237 3595 2464 3650 φρονας,
2509 3578 2702 3646 ἀγνάς,
2741 3579 3050 3649 οἰκουροὺς,
3091 3577 3329 3648 ἀγαθὰς,
3372 3571 3764 3641 ὑποτασσομένας

2229 3674 2349 3736 τοῖς
2371 3671 2530 3736 ίδίοις
2560 3671 2844 3746 ἀνδράσιν.
2883 3687 2902 3722 ιι

2307 3765 2382 3820 Ού
2413 3765 2567 3837 παρά
2586 3766 2686 3836 τὴν
2709 3765 2919 3820 οἰκείαν
2948 3765 3129 3835 φύσιν,
3160 3764 3300 3818 ἀλλὰ
3329 3761 3593 3835 παρὰ-,τὴν
3617 3753 3764 3828 προαί-

2236 3875 2387 3932 ρεσιν
2409 3859 2516 3913 τῶν
2553 3857 3104 3930 μεταλαμϐανόντων.

2314 3971 2332 4006 ι
2357 3953 2472 4006 Ἵνα
2491 3950 2566 4023 μὴ
2583 3951 2782 4019 δλόγος
2809 3951 2903 4004 τοῦ
2931 3951 3066 4004 Θεοῦ
3095 3947 3647 4025 βλασφημῆται.Τοὺς
3668 3958 3764 3996 νεω-

2233 4044 2427 4116 τέρους
2449 4042 2712 4106 ὡσαύτως
2737 4043 3050 4112 παρακάλει
3076 4042 3566 4118 σωφρονεῖν.,[1ερὶ
3595 4036 3764 4092 πάντας

2235 4137 2428 4191 ἑαυτὸν
2476 4137 2859 4207 παρεχόμενος
2899 4136 3074 4190 τύπον
3103 4136 3288 4191 καλῶν
3327 4137 3525 4208 ἔργων,
3563 4135 3613 4186 ὲν
3638 4127 3766 4200 τῇδε·

2232 4229 2520 4299 δασκαλία,
2547 4229 2840 4300 ἀφθορίαν,
2876 4229 3205 4300 σεμνότητα,
3234 4230 3395 4300 λόγον
3434 4227 3578 4298 ύγιῆ,
3603 4217 3765 4276 ἀκατά-

2233 4337 2476 4391 γνωστον
2501 4337 2513 4350 ο
2549 4321 2637 4374 ἴνα
2675 4322 2704 4374 ό
2732 4319 2794 4385 ἐξ
2839 4320 3093 4385 ἐναντίας
3139 4321 3409 4394 ἐντραπῇ,
3461 4317 3620 4391 μηδὲν
3659 4310 3770 4380 ἔχων

2234 4413 2364 4486 περὶ
2385 4417 2416 4483 ἠ
2428 4413 2544 4484 μῶν
2581 4411 2762 4482 λέγειν
2794 4411 3021 4480 φαῦλον.
3050 4411 3290 4477 Δούλους
3339 4413 3491 4475 ἰδίοις
3520 4403 3763 4460 δεσπόταις

543 4494 748 4550 Servos
801 4493 1044 4550 dominis
1073 4495 1192 4549 suis
1251 4493 1506 4549 subditos
1559 4509 1709 4555 esse.
1748 4495 1806 4548 in
1858 4496 2121 4551 omnibus

2232 4505 2629 4562 ὑποτάσσεσθαι
2665 4506 2724 4558 ὲν
2765 4507 2957 4571 πᾶσιν,
3008 4504 3344 4577 εὐαρέστους
3371 4502 3525 4566 εἶναι,
3559 4498 3626 4570 μὴ
3645 4497 3762 4548 ἀντιο

540 4589 844 4658 placentes,
866 4601 986 4644 non
1012 4585 1481 4650 contradicentes,
1515 4600 1626 4640 non
1644 4585 1987 4650 fraudantes,
2025 4586 2123 4642 sed

539 4696 754 4736 onmem
787 4681 948 4736 ﬁdem
1000 4680 1202 4736 bonam
1257 4677 1638 4740 ostendentes,
1685 4687 1748 4734 ut
1810 4679 2122 4735 doctrinam

541 4773 844 4828 Salvatoris
874 4772 1054 4829 nostri
1087 4771 1181 4827 Dei
1212 4777 1412 4826 ornent
1439 4773 1496 4826 in
1523 4771 1807 4827 omnibus.
1847 4772 2120 4843 Apparuit

540 4865 685 4920 enim
703 4867 878 4937 gratia
898 4865 1017 4930 Dei,
1042 4863 1584 4922 salutaris’omnibus
1611 4864 1953 4931 hominibus,
1983 4881 2122 4920 eru-

541 4957 697 5014 diens
725 4973 850 5020 nos,
883 4965 942 5012 ut
992 4958 1336 5027 abnegantes
1377 4956 1717 5026 impietatem
1737 4965 1792 5012 et
1809 4960 2124 5026 saecularia,

543 5047 838 5112 desideria,
887 5049 1093 5112 sobrie,
1123 5059 1180 5102 et
1212 5049 1385 5118 juste,
1433 5057 1492 5102 et
1529 5048 1615 5118 pie
1651 5049 1904 5107 vivamus
1939 5052 1994 5106 in
2027 5053 2134 5110 hoc

543 5139 766 5202 saeculo,
815 5147 1206 5208 exspectantes
1262 5139 1480 5194 beatam
1529 5153 1686 5209 spem
1719 5149 1774 5194 et
1819 5141 2120 5200 adventura

543 5229 732 5300 gloria:
763 5231 945 5303 magni
976 5229 1074 5286 Dei
1093 5241 1151 5286 et
1191 5229 1499 5287 Salvatoris
1557 5232 1735 5286 nostri
1769 5230 1900 5291 Iesu
1953 5236 2121 5291 Chri-

543 5325 637 5380 sti.
675 5341 695 5376 ι

2231 4599 2508 4669 λέγοντας,
2567 4597 2704 4670 μηδὲ
2743 4597 3186 4670 νοσφιζομένους,
3222 4599 3359 4653 ἀλλά
3409 4596 3585 4650 πίστιν
3623 4588 3762 4642 πᾶσαν

2232 4691 2713 4763 ἐπιδεικνυμένους
2768 4690 3004 4762 ἀγαυὴν,
3041 4691 3131 4745 ἵνα
3177 4693 3276 4763 τὴν
3328 4684 3664 4746 διδασκαλίαν
3691 4672 3761 4728 τοῦ

2233 4782 2672 4858 Σωτῆρος-ἡμῶν
2700 4783 2838 4837 Θεοῦ
2879 4783 3162 4854 κοσμῶσιν
3205 4786 3264 4839 ὲν
3303 4788 3486 4839 πᾶσιν.
3531 4768 3760 4839 Ἐπεφάνη

2233 4879 2341 4950 γὰρ
2367 4879 2400 4950 ἠ
2435 4879 2599 4948 χάρις
2630 4877 2725 4931 τοῦ
2749 4876 2885 4930 Θεοῦ
2925 4879 2958 4948 ἠ
2991 4880 3259 4950 σωτήριος
3283 4880 3446 4934 πᾶσιν
3477 4866 3760 4942 ἀνθρώποις,

2235 4970 2568 5024 παιδεύουσα
2621 4971 2788 5042 ἡμᾶς,
2849 4971 2937 5025 ἵνα
2972 4974 3345 5044 ἀρνησάμενοι
3394 4971 3491 5040 τὴν
3527 4957 3760 5019 ἁσέὄειαν,

2233 5063 2329 5116 καὶ
2357 5062 2457 5126 τὰς
2473 5063 2745 5134 κοσμικὰς
2771 5063 3092 5134 ἐπιθυμίας,
3123 5067 3418 5138 σωφρόνως
3446 5060 3536 5114 καὶ
3559 5048 3762 5138 δικαίως,

2233 5154 2327 5208 καί
2363 5157 2604 5220 εὐσεϐῶς
2627 5157 2886 5228 ζήσωμεν
2917 5161 2972 5210 ὲν
2999 5158 3079 5229 τῷ
3118 5159 3214 5212 νῦν
3235 5159 3412 5222 αἰῶνι,
3444 5133 3761 5229 προσδεχομέ’

2231 5266 2354 5312 νους
2380 5249 2480 5319 τὴν
2521 5227 2802 5322 μακαρίαν
2847 5227 3061 5317 ἐλπίδα,
3093 5253 3189 5307 καὶ
3236 5252 3552 5322 ἐπιφάνειαν
3579 5239 3665 5308 τῆς
3693 5227 3760 5326 δός

2233 5341 2330 5414 ξης
2364 5345 2460 5396 τοῦ
2498 5345 2738 5414 μεγάλου
2779 5345 2939 5414 Θεοῦ,
2995 5348 3088 5403 καὶ
3127 5349 3381 5420 Σωτῆρος
3426 5336 3576 5412 ἡμῶν
3615 5331 3758 5396 ἰησου

2231 5437 2495 5506 Χριστοῦ.
2537 5458 2557 5492 ι

2019 5535 2022 5537 Α
2063 5533 2272 5594 NOTAE
2284 5582 2296 5596 .

800 5613 913 5698 τὸν
974 5619 1384 5698 βαιλζμαχονὶ.
1439 5618 1826 5698 Theodoretns
1893 5627 2120 5696 perinde

546 5678 928 5763 Callimachum
953 5685 1111 5763 dicit;
1127 5678 1526 5763 g'ltrst'sostomo
1556 5709 1706 5755 vero,
1727 5678 2118 5763 Ερειηὲιὶἰᾱέιῆξ

542 5754 633 5821 qui
660 5767 787 5807 sane
817 5754 1097 5812 Cretensis
1133 5754 1259 5826 fuit,
1289 5771 1343 5815 et
1365 5762 1523 5831 cujus
1555 5754 1712 5821 voces
1736 5754 2000 5835 quasdam
2038 5754 2123 5825 re;

2230 5638 2386 5709 gitat,
2420 5655 2540 5709 qua:
2580 5651 2758 5698 tamen
2823 5661 2930 5701 non
2991 5649 3127 5705 satis
3187 5646 3307 5704 illas
3358 5637 3590 5700 referunt
3645 5625 3753 5692 quas

2230 5705 2451 5765 Paulus
2473 5711 2686 5782 allegat.
