3998 6416
330 397 354 462 1
367 397 476 465 029

1381 392 1463 453 IN
1505 390 1747 452 EPIST.
1789 390 1890 450 AD
1922 389 2455 456 PHILEMONEM.

3465 388 3611 452 1030

412 515 476 568 Ei
507 513 619 586 γὰρ
654 514 947 586 συμϐαίνει
984 512 1220 582 γυναῖκα
1268 507 1468 578 πιστὴν
1502 505 1720 575 ἀπίστῳ
1761 521 1919 558 συνοι-

2103 505 2240 560 Nam
2265 506 2312 562 si
2369 508 2645 580 contingit
2677 520 2738 566 ut
2770 529 2910 569 uxor
2940 512 3140 576 ﬁdelis,
3173 522 3296 582 qua:
3325 521 3452 562 cum
3490 507 3609 558 vim

326 604 559 672 κοῦσαν,
591 606 670 677 μὴ
698 602 838 660 εῖναι
857 605 1136 676 ἐνάρετον,
1163 603 1199 674 ἡ
1225 599 1546 673 βλασφημία
1562 599 1656 652 ἐπὶ
1677 597 1769 651 τὸν
1789 597 1923 651 Θεὸν

325 697 630 752 διαϐαίνειν
658 697 872 753 εἴωθεν.

407 807 429 842 ε
469 791 569 852 Ὃς
609 788 812 844 ἔδωκεν
856 789 1050 842 ἑαυτὸν
1080 788 1223 858 ὑπὲρ
1256 784 1434 857 ήμῶν,
1460 785 1548 840 ῖνα
1571 782 1920 855 λυτρώσηται

329 881 479 953 ὑμᾶς
503 881 612 936 ἀπὸ
640 881 826 953 πάσης
854 881 1113 952 ἀνομίας,
1137 881 1233 935 καὶ
1270 878 1551 950 καθαρίσῃ
1580 876 1763 948 ἑαυτῷ
1790 875 1921 929 λαὸν

327 971 670 1044 περιούσιον,
713 970 968 1044 ζηλωτὴν
1019 971 1207 1026 καλῶν
1261 971 1461 1043 ἔργων.
1509 968 1695 1023 Ταῦτα
1745 966 1918 1034 λάλει,

329 1065 428 1119 καὶ
477 1064 813 1136 παρακάλει,
850 1064 946 1118 καὶ
996 1064 1186 1137 ἔλεγχε
1240 1062 1379 1136 μετά
1415 1062 1603 1133 πάσης
1625 1061 1916 1131 ἐπιταγῆς.

327 1157 543 1227 Μηδείς
574 1173 672 1210 σου
706 1157 1132 1229 περιφρονείτω.
1173 1177 1192 1209 ι
1899 1185 1902 1188 λ

971 1249 1225 1304 ΚΕΦΑΛ.
1260 1249 1334 1303 Γ¹.

410 1361 430 1396 ι
464 1341 885 1413 Ὑπομίμνησκε
916 1342 1112 1406 αὐτοὺς
1135 1344 1350 1414 ἀρχαῖς,
1382 1341 1478 1396 καὶ
1499 1340 1770 1408 ἐξουσίαις
1794 1339 1920 1394 ὑπο-

327 1431 652 1496 τάσσεσθαι,
675 1431 1021 1504 πειθαρχεῖν,
1053 1433 1190 1504 πρὸς
1214 1434 1324 1486 πᾶν
1352 1432 1516 1504 ἔργον
1539 1432 1746 1502 ἀγαθὸν
1775 1430 1918 1486 ἑτοί-

333 1541 472 1594 μους
503 1520 666 1590 εἷναι,
702 1523 908 1594 μηδένα
929 1523 1294 1594 βλασφημεῖν,
1317 1525 1570 1596 ἀμάχους
1595 1521 1757 1592 εῐναι,
1789 1526 1916 1578 ὲπι-

328 1619 523 1682 εικεῖς,
572 1617 757 1669 πᾶσαν
789 1597 1238 1686 ἐνδεικνυμένους
1268 1616 1556 1688 πραότητα
1607 1615 1747 1687 πρὸς
1780 1614 1919 1670 πάν-

330 1726 436 1774 τας
459 1707 804 1779 ἀνθρώπους.
843 1703 1032 1778 Ἦμεν
1061 1707 1172 1778 γάρ
1197 1723 1332 1761 ποτε
1349 1707 1447 1762 xa‘t
1477 1709 1643 1778 ἡμεῖς
1671 1706 1914 1779 ἀνόητοι,

333 1801 604 1866 ἀπειθεῖς,
649 1796 1020 1869 πλανώμενοι,
1069 1798 1422 1864 δουλεύοντες
1463 1799 1786 1874 ἐπιθυμίαις
1821 1800 1918 1855 καὶ

2035 596 2240 652 inﬁdeli
2274 599 2509 666 habitat,
2542 602 2734 656 virtuti
2770 620 2877 660 non
2909 606 3000 661 det
3025 618 3284 674 operam,
3325 601 3612 654 obtrecta-

2032 688 2106 743 tio
2132 701 2185 744 et
2215 689 2559 762 blasphemia
2591 693 2648 748 in
2675 693 2842 750 Deum
2879 697 3053 766 ipsum
3085 693 3397 751 redundare
3426 691 3590 747 solet.

2105 780 2271 838 Vens.
2305 785 2496 850 ΗΑΒ.
2537 804 2556 837 ι
2595 785 2700 852 Qui
2732 788 2881 843 dedit
2915 790 3274 858 semetipsum
3302 802 3404 858 pro
3429 783 3615 853 nobis,

2028 881 2089 928 ut
2122 875 2418 931 redimeret
2459 892 2561 933 nos
2593 877 2664 931 ab
2692 879 2843 932 omni
2869 879 3185 947 iniquitate,
3222 891 3276 934 et
3307 877 3608 932 mundaret

2028 966 2131 1022 sibi
2182 969 2444 1040 populum
2485 970 2907 1040 aceeptabilem,
2951 977 3290 1025 sectatorem
3336 969 3613 1023 bonorum

2026 1073 2277 1129 operum.
2313 1059 2443 1117 Haec
2472 1062 2721 1133 loquere,
2753 1071 2808 1118 et
2837 1063 3159 1127 exhortare,
3186 1071 3242 1116 et
3271 1075 3449 1131 argue
3481 1076 3610 1116 cum

2025 1155 2175 1210 omni
2220 1155 2476 1226 imperio.
2516 1156 2687 1211 Nemo
2723 1166 2774 1212 te
2813 1161 3154 1211 contemnat.
3199 1171 3220 1205 ι

2726 1251 2886 1307 CAP.
2925 1251 3006 1306 Ill.

2097 1341 2265 1401 Vens.
2301 1344 2454 1400 l-l5.
2491 1345 2769 1401 «Admone
2807 1345 2933 1399 illos
2970 1341 3316 1415 principibus
3343 1347 3399 1395 et
3453 1347 3611 1410 pote-
3657 1333 3665 1339 ”

2026 1437 2268 1492 statibus
2307 1435 2560 1492 subditos
2584 1453 2731 1503 esse,
2755 1436 2908 1492 dicto
2928 1435 3176 1500 obedire,
3208 1433 3276 1488 ad
3291 1445 3458 1487 omne
3471 1444 3611 1500 opus

2025 1528 2238 1584 bonum
2274 1537 2500 1600 paratos
2531 1544 2676 1597 esse,
2731 1529 3009 1584 neminem
3039 1527 3448 1598 hlasphemare,
3498 1536 3608 1577 non

2023 1619 2304 1691 litigiosos
2342 1635 2490 1688 esse,
2525 1621 2620 1677 sed
2655 1621 2959 1689 modestos,
2990 1633 3210 1674 omnem
3249 1615 3612 1673 ostendentes

2024 1712 2503 1768 mansuetudinem
2535 1713 2605 1769 ad
2635 1729 2827 1770 omnes
2857 1711 3133 1768 homines.
3186 1709 3424 1764 Eramus
3453 1707 3604 1762 enim

2026 1801 2327 1872 aliquando
2355 1813 2413 1858 et
2447 1819 2546 1860 nos
2577 1803 2935 1876 insipientes,
2968 1801 3263 1868 increduli,
3317 1807 3599 1862 errantes,

333 1893 555 1964 ἡδοναῖς
591 1889 886 1956 ποικίλαις,
927 1893 984 1945 ὲν
1033 1890 1224 1962 κακίᾳ,
1263 1891 1360 1945 καὶ
1408 1890 1588 1963 φθόνῳ
1617 1892 1919 1960 διάγοντες,

2029 1893 2333 1950 servientes
2386 1895 2683 1952 desideriis
2735 1904 2791 1952 et
2852 1894 3254 1966 voluptatibus,
3290 1892 3489 1956 variis,
3548 1891 3606 1944 in

329 1983 616 2052 στυγητοὶ,
660 1982 948 2052 μισοῦντες
982 1981 1266 2054 ἀλλήλους.
1300 1982 1436 2038 Ὅτε
1463 1983 1519 2037 δὲ
1551 1985 1584 2054 ή
1612 1982 1920 2054 χρηστότης

331 2077 432 2131 καὶ
448 2076 482 2146 ή
500 2073 886 2145 φιλανθρωπία
913 2073 1162 2145 ἐπεφάνη
1182 2074 1278 2128 τοῦ
1301 2075 1559 2146 Σωτῆρος
1575 2073 1738 2146 ἡμῶν
1758 2073 1918 2141 Θεοῦ,

327 2171 434 2225 οὐκ
479 2169 542 2234 ἐξ
587 2169 767 2240 ἔργων
811 2168 921 2222 τῶν
977 2162 1037 2222 ὲν
1085 2168 1406 2240 δικαιοσύνῃ
1455 2163 1532 2224 ὧν
1579 2169 1921 2241 ἐποιήσαμεν

330 2264 519 2334 ἡμεῖς,
553 2261 692 2315 ἀλλά
731 2261 874 2315 κατὰ
903 2261 966 2314 τὸ
991 2259 1188 2314 ἑαυτοῦ
1222 2260 1373 2324 ἕλεος
1397 2260 1604 2316 ἔσωσεν
1629 2260 1800 2332 ἡμᾶς,
1829 2260 1921 2315 διὰ

325 2353 562 2427 λουτροῦ
594 2353 1042 2423 παλιγγενεσίας,
1074 2354 1172 2408 καὶ
1217 2353 1642 2418 ἀνακαινώσεως
1669 2353 1923 2426 Πνεύμα-

323 2463 426 2511 τος
452 2445 634 2515 ἁγίου,
665 2437 727 2499 οὗ
747 2445 964 2516 ἐξέχεεν
997 2446 1082 2517 ἐφ’
1110 2447 1260 2517 ἡμᾶς
1301 2446 1574 2511 πλουσίως
1612 2447 1702 2502 διὰ
1743 2445 1921 2519 Ἰησοῦ

331 2535 573 2608 Χριστοῦ
623 2535 718 2590 τοῦ
759 2536 1016 2608 Σωτῆρος
1057 2537 1239 2608 ήμῶν,
1281 2537 1370 2590 (va
1414 2537 1802 2602 δικαιωθέντες
1851 2539 1919 2610 τῇ

329 2630 546 2684 ἐκείνου
587 2630 793 2702 χάριτι,
841 2629 1176 2702 κληρονόμοι
1239 2629 1534 2700 γενώμεθα
1576 2627 1698 2682 κατ’
1725 2627 1922 2684 ἐλπίδα

330 2721 485 2794 ζωῆς
534 2723 780 2778 αίωνίου.
838 2723 1041 2788 Πιστὸς
1068 2723 1097 2776 ό
1136 2721 1294 2793 λόγος
1321 2740 1336 2756 ο
1377 2723 1475 2778 καὶ
1527 2723 1658 2794 περὶ
1713 2721 1922 2778 τούτων

331 2816 599 2889 βούλομαί
627 2833 687 2869 σε
721 2815 1097 2887 βεϐαιοῦσθαι,
1124 2816 1213 2870 ἵνα
1259 2815 1592 2888 φροντίζωσι
1619 2813 1803 2868 καλῶν
1824 2813 1919 2884 ἐρ-

324 2924 447 2978 γων
481 2906 847 2978 προΐστασθαι
879 2909 928 2961 οἱ
969 2907 1396 2969 πεπιστευκότες
1422 2903 1565 2976 Θεῷ.
1590 2903 1779 2959 Ταῦτά
1805 2905 1924 2958 ἐστι

325 3000 478 3055 καλά
505 2999 603 3054 καὶ
631 2999 889 3070 ὠφέλιμα
915 3001 1028 3062 τοῖς
1060 2996 1395 3070 ἀνθρώποις.
1428 2996 1638 3068 Μωράς
1668 2997 1728 3049 δὲ
1759 2995 1922 3066 ζητή-

327 3104 451 3152 σεις
471 3089 567 3142 καὶ
589 3087 973 3158 γενεαλογίας,
1008 3089 1108 3142 καὶ
1137 3087 1307 3159 ἕρεις,
1337 3089 1435 3142 καὶ
1467 3088 1648 3159 μάχας
1685 3085 1921 3158 νομικὰς

325 3179 685 3250 περιίστασο.
711 3178 836 3233 Εἰσὶ
864 3180 974 3250 γάρ
999 3177 1301 3246 ἀνωφελεῖς
1341 3178 1437 3232 καὶ
1470 3178 1711 3248 μάταιοι.
1752 3177 1920 3248 Alpe-

2023 1985 2234 2040 malitia
2265 1995 2322 2042 et
2352 1987 2559 2042 invidia
2595 1995 2844 2059 agentes,
2885 1987 3143 2050 odibiles,
3177 1985 3432 2042 odientes
3467 1984 3609 2038 invi-

2024 2093 2165 2136 cem.
2201 2077 2340 2135 Cum
2393 2089 2578 2137 autem
2619 2081 2936 2152 benignitas
2981 2087 3036 2134 et
3070 2079 3388 2134 humanitas
3437 2093 3608 2148 appao

2021 2170 2138 2224 ruit
2175 2168 2488 2227 Salvatoris
2541 2169 2720 2226 nostri
2750 2168 2844 2225 Dei
2870 2183 2982 2224 non
3012 2185 3077 2225 ex
3107 2168 3610 2240 operibusjustitize

2023 2275 2148 2332 quze
2197 2261 2432 2319 fecimus
2469 2275 2594 2329 nos,
2637 2261 2735 2317 sed
2799 2260 3104 2316 secundum
3171 2259 3608 2314 misericordiam

2023 2369 2179 2410 suam
2211 2354 2394 2410 salvos
2417 2369 2520 2411 nos
2541 2353 2671 2410 fecit
2701 2369 2798 2424 per
2834 2353 3114 2408 lavacrum
3169 2351 3611 2424 regenerationis

2029 2455 2084 2500 et
2147 2443 2528 2501 renovationis
2577 2443 2816 2516 Spiritus
2850 2445 3050 2510 sancti,
3086 2459 3250 2515 quem
3320 2443 3514 2498 clfudit
3555 2444 3611 2496 in

2023 2547 2126 2590 nos
2159 2534 2378 2590 abunde
2425 2549 2525 2604 per
2573 2533 2757 2590 Iesum
2791 2535 3074 2592 Christum
3110 2534 3452 2591 Salvatorem
3508 2549 3612 2589 no-

2023 2633 2223 2691 strum,
2275 2633 2336 2680 ut
2361 2625 2652 2696 iustiﬁcati
2693 2627 2870 2698 gratia
2904 2626 3096 2697 ipsius,
3137 2627 3382 2682 hatredes
3434 2626 3612 2682 simus

2021 2717 2328 2772 secimdum
2361 2731 2518 2788 spem
2548 2717 2676 2772 vitae
2735 2726 2976 2773 aeternae.
3035 2717 3241 2773 Fidelis
3266 2731 3450 2772 sermo
3479 2723 3565 2770 est
3590 2731 3606 2781 ;

2021 2817 2078 2864 et
2107 2805 2176 2864 de
2207 2808 2294 2864 his
2325 2809 2450 2864 volo
2481 2817 2536 2865 te
2557 2809 2914 2873 conlirmare,
2948 2815 3010 2863 ut
3037 2816 3234 2863 curent
3263 2807 3426 2862 bonis
3464 2821 3602 2878 ope-

2021 2900 2177 2957 ribus
2203 2915 2463 2971 praeesse,
2492 2900 2590 2972 qui
2616 2899 2852 2956 credunt
2906 2899 3037 2956 Deo.
3069 2901 3198 2955 Haec
3231 2899 3523 2955 sunthona
3553 2907 3610 2954 et

2027 2994 2190 3048 utilia
2221 2994 2561 3049 hominibus.
2585 2992 2792 3049 Stultas
2825 3001 3008 3049 autem
3041 2993 3402 3063 quaestiones,
3434 3002 3489 3047 et
3521 3007 3613 3063 ge-

2023 3086 2330 3156 nealogiss,
2365 3092 2422 3141 et
2449 3086 2859 3151 contentiones,
2895 3094 2949 3142 et
2975 3099 3189 3156 pugnas
3235 3085 3378 3156 legis
3397 3084 3608 3153 devita;

2025 3185 2156 3232 sunt
2209 3177 2355 3232 enim
2387 3175 2614 3233 inutiles
2641 3185 2696 3232 et
2721 3190 2896 3232 vanae.
2951 3174 3280 3232 Haereticum
3329 3176 3612 3233 hominem

322 3249 484 3325 τικὸν
507 3271 798 3342 ἄνθρωπον
837 3249 976 3342 μετά
1015 3271 1147 3341 μίαν
1190 3271 1289 3325 καὶ
1328 3269 1594 3340 δευτέραν
1632 3268 1919 3323 νουθεσίαν

2029 3278 2152 3342 post
2212 3283 2380 3324 unam
2433 3275 2488 3325 et
2539 3269 2842 3324 secundam
2903 3269 3332 3345 correptionem.
3372 3270 3553 3324 devita
3593 3287 3608 3324 :

323 3363 626 3435 παραιτοῦ,
685 3363 844 3429 εἰδὼς
870 3365 955 3417 ὅτι
1006 3361 1375 3435 ἐξέστραπται
1425 3364 1455 3415 ό
1493 3361 1759 3426 τοιοῦτος,
1823 3361 1921 3414 καὶ

324 3456 662 3527 ἁμαρτάνει,
697 3453 774 3509 ὣν
810 3455 1300 3527 αὐτοκατάκριτος.
1335 3456 1504 3509 Ὅταν
1537 3453 1742 3525 πέμψω
1790 3453 1920 3525 Ἀρ-

322 3549 507 3620 τεμᾶν
554 3547 693 3619 πρὸς
722 3547 804 3616 σὲ,
839 3548 874 3621 ἢ
910 3548 1169 3619 Τυχικδν,
1215 3547 1524 3603 σπούδασον
1573 3546 1752 3602 ἐλθεῖν
1781 3545 1922 3619 πρός
1962 3545 1968 3550 ’

325 3657 407 3712 με
427 3641 507 3705 είς
533 3638 849 3695 Νικόπολιν.
885 3635 1036 3694 Ἐκεῖ
1064 3638 1176 3711 γάρ
1199 3638 1438 3710 κέκρικα
1469 3637 1917 3710 παραχειμάσαι.

324 3736 512 3805 Ζηνᾶν
563 3735 658 3788 τὸν
694 3733 926 3804 νομικὸν
978 3733 1074 3787 καὶ
1119 3732 1365 3789 ’Δπολλὼ
1414 3732 1726 3795 σπουδαίως
1779 3731 1919 3803 πρό-

321 3827 572 3899 πεμψον,
615 3827 704 3881 ἵνα
746 3826 915 3898 μηδὲν
953 3826 1139 3891 αὐτοῖς
1177 3826 1362 3901 λείπῃ.
1394 3825 1836 3882 Μανθανέτωσαν
1863 3825 1922 3878 δὲ

323 3921 429 3976 καὶ
465 3921 532 3993 οἱ¹
564 3921 830 3992 ἡμέτεροι
874 3920 1059 3975 καλῶν
1090 3919 1268 3992 ἔργων
1298 3920 1669 3992 προΐστασθαι
1707 3921 1790 3984 είς
1820 3918 1922 3983 τάς

321 4013 643 4082 ἀναγκαίας
701 4013 915 4083 χρείας,
954 4014 1041 4066 ἵνα
1102 4013 1177 4084 μὴ
1223 4007 1356 4067 ὦσιν
1393 4013 1661 4084 ἄκαρποι.
1711 4011 1921 4078 Ἀσπά-

321 4104 519 4172 ζονταί
552 4120 613 4158 σε
640 4107 692 4158 οἱ
729 4105 848 4175 μετ’
877 4105 1012 4176 ἐμοῦ
1061 4107 1287 4169 πάντες.
1322 4105 1611 4159 ’Ἄσπασαι
1651 4105 1776 4168 τοὺς
1830 4121 1920 4174 φι-

317 4197 720 4268 λοῦνταςήμᾶς
745 4198 804 4251 ὲν
827 4196 1029 4253 πίστει.
1067 4197 1131 4251 Ἦ
1149 4197 1310 4269 χάρις
1333 4196 1474 4267 μετὰ
1490 4197 1710 4252 πάντων
1737 4195 1914 4267 ὑμῶν.

334 4289 404 4341 ’Δ
411 4289 540 4358 μήν.

323 4378 492 4450 Πρὸς
522 4381 714 4446 Τίτον,
745 4380 858 4450 τῆς
887 4378 1138 4448 Κρητῶν
1163 4379 1503 4450 ἐκκλησίας
1535 4377 1774 4450 πρῶτον
1791 4378 1921 4432 ἐπί·

403 4465 643 4506 (nonor
679 4447 1196 4521 χειροτονηθέντα,
1231 4447 1464 4521 ἐγράφη
1508 4447 1632 4509 mea
1658 4451 1916 4505 Νικοπό-

397 4523 556 4588 λεως
577 4519 690 4591 τῆς
712 4519 1115 4587 Μακεδονίας.
1139 4521 1372 4589 Στίχων
1401 4519 1506 4588 ιιξν.

2023 3363 2208 3440 sciens
2239 3357 2373 3432 quia
2424 3361 2740 3418 subversus
2795 3369 2904 3426 est,
2941 3360 3039 3432 qui
3095 3360 3372 3431 ejusmodi
3417 3372 3521 3426 est,
3557 3371 3613 3418 et

2022 3451 2314 3525 delinquit,
2352 3469 2480 3510 cum
2523 3454 2596 3511 sit
2623 3454 2852 3526 proprio
2905 3451 3120 3525 judicio
3183 3453 3608 3510 condemnatus.

2021 3547 2161 3603 Cum
2193 3547 2402 3602 misero
2426 3545 2498 3600 ad
2535 3553 2590 3602 te
2612 3546 2897 3601 Arteniam
2931 3552 3024 3599 aut
3050 3543 3378 3616 Tychicum,
3404 3545 3606 3602 festina

2023 3637 2091 3693 ad
2119 3653 2206 3695 me
2234 3636 2428 3694 venire
2458 3633 2766 3707 Nicopolim
2801 3651 2816 3691 :
2859 3634 2936 3690 ibi
2957 3634 3109 3691 enim
3142 3634 3313 3691 statui
3340 3635 3610 3691 hiemare.

2023 3729 2230 3786 lenam
2287 3728 2666 3800 legisperitum
2703 3737 2760 3782 et
2817 3727 3016 3799 Apollo
3048 3727 3286 3784 sollicite
3309 3728 3609 3798 pramitte,

2022 3833 2084 3879 ut
2109 3823 2251 3878 nihil
2293 3821 2407 3877 illis
2437 3819 2603 3878 desit.
2647 3818 2872 3876 Discant
2913 3829 3098 3875 autem
3131 3828 3188 3876 et
3217 3821 3396 3876 nostri
3435 3821 3596 3877 bonis

2021 3918 2286 3988 Operibus
2354 3930 2594 3987 praeesse
2625 3913 2693 3970 ad
2736 3929 2872 3971 usus
2915 3912 3284 3982 necessarios,
3325 3928 3438 3969 non
3501 3915 3614 3971 sint

2027 4008 2390 4064 infructuosi.
2452 4008 2710 4062 Salutant
2743 4014 2797 4062 te
2829 4005 2924 4078 qui
2946 4020 3170 4062 meeum
3203 4013 3335 4061 sunt
3393 4020 3608 4063 omnes.

2023 4100 2218 4156 Saluta
2253 4115 2348 4156 eos
2387 4099 2483 4171 qui
2511 4114 2619 4155 nos
2649 4105 2837 4153 amant
2866 4097 2926 4154 in
2958 4097 3086 4154 ﬁde.
3114 4085 3308 4153 Gratia
3338 4083 3449 4154 Dei.
3469 4112 3597 4154 eum

2019 4192 2278 4250 Omnibus
2318 4191 2496 4248 vobis.
2537 4193 2735 4248 Amen.
2774 4209 2794 4244 ι
3258 4177 3284 4210 ’-

2092 4375 2176 4430 Ad
2205 4376 2403 4438 Titum,
2428 4375 2518 4447 qui
2543 4375 2747 4447 primus
2774 4373 2946 4447 Creta:
2992 4371 3291 4447 episggpus_
3322 4371 3608 4447 ordinatus

2021 4447 2148 4518 fuit,
2178 4440 2708 4518 Epistola'Nicopoli
2738 4461 2805 4502 εκ
2835 4440 3048 4501 civitate
3096 4440 3435 4500 Macedonia
3466 4449 3608 4500 scri-

2019 4517 2117 4588 pta
2146 4517 2245 4574 est.
2289 4517 2540 4573 Versibus
2579 4517 2670 4573 97.

983 4893 1156 4980 ΕΙΣ
1230 4886 1876 4978 ΕΠΙΣΤΟΛΗΝ
1940 4889 2232 4975 ΠΡΟΣ
2334 4885 2963 4978 ΦΙΛΗΜΟΝΑ.

1940 5098 2012 5112 ν’

876 5247 1001 5336 ΙΝ
1139 5239 1822 5338 EPISTOLAM
1956 5243 2108 5333 AD
2247 5241 3111 5338 PHILEMONEM.

397 5566 420 5601 ε
459 5546 669 5610 Παῦλος
699 5545 920 5617 δέσμιος
959 5543 1138 5618 Ἰησοῦ
1189 5544 1454 5616 Χριστοῦ,
1505 5545 1605 5601 καὶ
1646 5547 1913 5620 Τιμόθεος

2089 5552 2253 5624 273
2275 5551 2446 5609 Vens.
2474 5553 2604 5608 l-5.
2630 5570 2649 5605 ι
2667 5551 2872 5610 Paulus
2891 5553 3108 5610 vinctus
3133 5551 3338 5611 Christi
3365 5552 3517 5616 Iesu,
3553 5563 3608 5608 et

311 5643 349 5696 δ
369 5638 618 5708 ἀδελφὸς,
635 5637 900 5709 Φιλήμονι
921 5636 999 5708 τῷ
1021 5637 1292 5709 ἀγαπητῷ
1322 5638 1416 5691 καὶ
1443 5638 1692 5711 συνεργῷ
1728 5641 1908 5712 ἡμῶν,

315 5733 421 5786 καὶ
463 5731 668 5803 Ἀπφίᾳ
687 5732 753 5803 τῇ
784 5731 1068 5802 ἀγαπῆτῇ,
1092 5729 1185 5784 καὶ
1227 5729 1516 5802 Ἀρχίππῳ
1559 5729 1639 5801 τῷ
1669 5749 1909 5804 συστρα-

313 5823 492 5898 τιώτῃ
524 5824 701 5898 ἡμῶν,
737 5825 832 5879 καὶ
892 5826 958 5897 τῇ
1021 5823 1354 5897 κατοικούσῃ
1405 5823 1722 5898 Ἐκκλησίᾳ,
1746 5827 1912 5897 χάρις

2021 5643 2344 5701 Timotheus
2373 5645 2561 5710 frater,
2587 5643 2896 5699 Philemoni
2929 5644 3131 5701 dilecto
3160 5655 3214 5701 et
3238 5645 3479 5715 adjutori
3509 5660 3610 5701 no-

2017 5747 2154 5804 stro,
2185 5735 2480 5808 etApphiae
2501 5735 2681 5792 sorori
2701 5735 3132 5802 charissimze,et
3150 5735 3431 5808 Archippo
3457 5752 3608 5790 σοιιιτ

2017 5828 2256 5885 militoni
2300 5837 2516 5893 nostro,
2549 5836 2604 5883 ct
2633 5827 2894 5886 Ecclesiae
2925 5843 3050 5900 quae
3082 5829 3137 5884 in
3170 5829 3336 5886 domo
3367 5838 3459 5884 tua
3500 5837 3606 5890 est,
