3998 6410
528 371 662 440 1031

1723 363 1784 423 S.
1823 361 2146 423 JOANNIS
2173 359 2609 420 DAMASCENI

3627 360 3733 428 1032

523 485 696 557 gratia
748 481 908 538 vobis
965 489 1022 537 et
1075 493 1178 549 pax
1213 494 1244 533 a
1299 477 1411 533 Deo
1449 476 1610 532 Patre
1641 486 1693 530 et
1723 477 1951 530 Domino
1979 475 2107 530 .lcsu

2215 473 2348 543 ύμῖν
2383 474 2478 527 καὶ
2502 473 2696 544 εἰρήνη
2726 470 2834 526 ἀπὸ
2862 469 2998 524 Θεοῦ
3031 469 3242 540 Πατρὸς
3284 469 3378 521 καὶ
3405 469 3593 540 Κυρίου
3617 476 3736 544 ἡμῶν

521 578 769 633 Christo.
827 594 846 627 ι

593 667 710 723 Non
737 667 894 722 initio
909 664 1094 720 statim
1112 663 1343 734 gratiam
1357 662 1622 732 postulat,
1645 661 1740 717 sed
1759 661 1936 717 virum
1957 658 2110 731 prius

523 755 881 810 admiratione
911 751 1270 821 prosequitur
1303 761 1358 803 et
1386 750 1574 804 laudat
1595 749 1667 804 ob
1695 749 1949 819 egregias
2005 762 2111 801 ac-

525 847 724 904 tiones.
772 844 1100 898 charitatcm
1147 843 1295 897 illius
1333 842 1660 911 prasdieaus.
1695 849 1749 896 et
1772 839 1932 895 ﬁdem
1981 853 2110 909 erga

520 938 840 1001 Dominum,
915 949 1024 1006 qua
1084 933 1301 988 cunctis
1372 933 1583 989 sanctis
1640 932 2106 986 communicaret.

590 1121 759 1176 Vens.
784 1119 943 1174 4-20.
993 1135 1016 1171 ι
1047 1117 1243 1174 Gratia
1273 1131 1376 1187 ago
1431 1114 1540 1172 Deo
1593 1130 1717 1172 meo
1749 1129 1967 1184 semper
1999 1129 2112 1170 me-

519 1214 756 1269 moriam
798 1211 881 1265 tui
943 1209 1153 1266 faciens
1211 1209 1268 1263 in
1304 1209 1652 1263 orationibus
1681 1207 1847 1268 meis.
1880 1205 2109 1260 audiens

519 1304 846 1360 charitatem
885 1309 1036 1358 tuam
1070 1311 1127 1358 et
1155 1301 1344 1365 ﬁdem,
1375 1315 1542 1372 quam
1571 1300 1746 1355 habes
1788 1300 1841 1353 in
1876 1297 2109 1353 Domino

517 1397 675 1464 Jesu,
704 1404 760 1451 et
782 1397 838 1452 in
877 1409 1072 1450 omnes
1102 1404 1365 1464 sanctos;
1407 1401 1466 1446 ut
1504 1389 1936 1446 eon—nnunicatio
1982 1388 2106 1444 ﬁdei

519 1497 627 1543 tuae
661 1486 890 1543 evidens
929 1485 1026 1540 ﬁat
1089 1485 1145 1540 in
1181 1483 1465 1555 agnitione
1518 1481 1701 1536 oninis
1741 1481 1926 1544 operis
1956 1479 2107 1545 boni,

519 1581 667 1650 quod
705 1588 791 1636 est
824 1579 880 1634 in
928 1577 1086 1633 vobis
1123 1577 1179 1630 in
1212 1576 1436 1630 Christo
1464 1572 1619 1630 Jesu.
1653 1572 1928 1627 Gaudium
1959 1572 2106 1626 enim

521 1685 782 1742 magnum
810 1669 977 1724 habui
1010 1677 1064 1724 et
1101 1666 1537 1722 consolationem
1575 1664 1628 1718 in
1660 1665 1935 1719 charitate
1965 1673 2056 1717 tua
2089 1682 2102 1718 :

519 1765 648 1835 quia
687 1763 900 1817 viscera
948 1769 1267 1816 sanctorum
1303 1758 1705 1828 requieverunt
1759 1771 1857 1826 per
1889 1765 1964 1822 te,
2001 1754 2106 1809 fra-

2229 568 2403 636 Ἰησοῦ
2433 565 2692 638 Χριστοῦ.
2721 584 2740 616 ι

2286 660 2399 712 Οὐκ
2429 658 2630 721 εὐθέως
2658 659 2723 710 ἐκ
2778 655 3084 726 προοιμίων
3126 655 3270 707 αἰτεῖ
3322 654 3426 724 τὴν
3447 654 3612 726 χάριν,
3637 658 3740 714 ἀλλά

2211 751 2482 822 πρότερον
2511 752 2602 804 τὸν
2629 751 2802 820 ἄνδρα
2837 747 3111 819 θαυμάζει
3164 751 3260 801 καὶ
3311 749 3521 802 ἐπαινεῖ
3553 749 3632 802 ἐπὶ
3659 756 3742 817 τοῖς

2210 842 2603 913 κατορθώμασι
2670 844 2768 912 τὴν
2819 842 3042 910 ἀγάπην
3107 839 3296 903 αὐτοῦ,
3353 840 3448 892 καὶ
3487 842 3578 910 τὴν
3602 844 3743 898 πίστιν

2209 936 2312 1005 τὴν
2338 935 2476 1006 πρὸς
2500 936 2592 988 τὸν
2619 934 2828 1003 Κύριον
2866 933 3127 996 ἐπαινῶν,
3170 931 3229 996 ἐξ
3272 929 3340 1004 ἧς
3395 933 3492 986 καὶ
3522 936 3641 987 πᾶσι
3661 941 3744 1002 τοῖς

2210 1029 2387 1096 ἁγίοις
2421 1027 2738 1090 κοινωνικὸς
2772 1023 2862 1097 ἦν.

2287 1140 2305 1173 ι
2355 1120 2680 1190 Εὑχαριστῶ
2706 1120 2784 1190 τῷ
2813 1117 2931 1188 Θεῷ
2956 1117 3208 1181 πάντοτε,
3245 1117 3438 1188 μνείαν
3486 1135 3574 1172 σου
3603 1121 3745 1174 ποιοὺ-

2213 1230 2372 1283 μενος
2432 1215 2526 1266 ἐπὶ
2577 1213 2685 1265 τῶν
2741 1211 3062 1282 προσευχῶν
3121 1228 3245 1280 μου,
3284 1209 3497 1263 ἀκούων
3544 1228 3629 1264 σου
3669 1215 3741 1284 τὴν

2207 1305 2454 1376 ἀγάπην,
2482 1304 2579 1358 καὶ
2625 1305 2726 1374 ’τὴν
2756 1304 2963 1368 πίστιν,
2999 1303 3066 1370 ἢν
3098 1302 3242 1370 ἔχεις
3277 1302 3415 1373 πρὸς
3457 1301 3544 1354 τὸν
3586 1303 3746 1373 Κύριον

2220 1397 2452 1462 Ἰησοῦν,
2487 1398 2581 1451 καὶ
2616 1400 2697 1460 εἰς
2719 1397 2929 1458 πάντας
2962 1395 3087 1456 τοὺς
3121 1393 3330 1461 ἁγίους,
3365 1394 3512 1457 ὅπως
3541 1395 3570 1464 ή
3606 1395 3746 1449 διακο-

2207 1489 2294 1566 νία
2325 1489 2424 1559 τῆς
2487 1488 2726 1551 πίστεώς
2762 1503 2857 1540 σου
2881 1486 3110 1557 ἐνεργὴς
3139 1486 3367 1555 γένηται
3419 1487 3477 1539 ὲν
3505 1487 3747 1554 ἐπιγνώσει

2208 1582 2411 1645 παντὸς
2457 1581 2667 1649 ἀγαθοῦ
2721 1579 2816 1634 τοῦ
2883 1582 2941 1632 ἐν
3000 1566 3134 1649 ἡμῖν
3164 1579 3243 1642 εἰς
3271 1577 3507 1647 Χριστὸν
3561 1579 3743 1649 Ἰησοῦν.

2207 1673 2386 1744 Χάριν
2442 1673 2553 1742 γὰρ
2603 1671 2800 1741 ἔχομεν
2837 1669 3043 1740 πολλὴν
3071 1670 3166 1722 καὶ
3217 1667 3561 1738 παράκλησιν
3601 1669 3678 1722 ἐπὶ
3700 1672 3745 1740 τῇ

2208 1769 2399 1841 ἀγάπῃ
2421 1783 2536 1831 σου,
2561 1768 2644 1821 ὅτι
2679 1767 2749 1820 τὰ
2771 1765 3063 1836 σπλάγχνα
3086 1764 3194 1817 τῶν
3217 1763 3389 1832 ἁγίων
3418 1763 3745 1817 ἀναπέπαυται

518 1866 624 1912 ter.
704 1854 936 1925 Propter
993 1852 1147 1924 quod
1215 1852 1447 1906 multam
1503 1849 1757 1904 ﬁduciam
1805 1849 2017 1904 habens
2051 1849 2104 1904 in

2211 1860 2295 1915 διὰ
2321 1839 2438 1926 σοῦ,
2472 1859 2692 1928 ἀδελφέ.
2732 1859 2822 1912 Διὸ
2876 1858 3081 1928 πολλὴν
3127 1858 3186 1908 ὲν
3225 1855 3450 1926 Χριστῷ
3475 1857 3742 1927 παρρησίαν

517 1947 740 2004 Christo
765 1945 895 2004 Jesu
931 1944 1239 2016 imperandi
1269 1944 1368 1998 tibi
1401 1943 1548 2014 quod
1576 1943 1642 1998 ad
1677 1957 1792 1999 rem
1823 1941 2062 2013 pertinet
2088 1958 2104 1997 :

521 2047 749 2110 propter
793 2038 1126 2094 charitatem
1175 2037 1353 2108 magis
1387 2037 1646 2099 obsecro,
1681 2049 1810 2090 cum
1840 2035 1919 2091 sis
1950 2034 2102 2101 talis,

519 2141 580 2188 ut
611 2131 816 2187 Paulus
839 2145 1035 2197 senex,
1058 2143 1208 2184 nunc
1235 2138 1420 2183 autem
1443 2136 1498 2182 et
1530 2126 1751 2183 vinctus
1779 2125 1909 2183 Jesu
1941 2125 2109 2181 Chri-

519 2225 616 2281 sti.
654 2224 904 2282 Obsecro
937 2230 991 2277 te
1025 2236 1126 2292 pro
1155 2235 1278 2277 meo
1317 2219 1453 2286 ﬁlio,
1490 2233 1653 2289 quem
1703 2217 1870 2290 genui
1893 2217 1950 2272 in
1980 2217 2104 2271 vin-

518 2313 686 2383 culis,
733 2313 1018 2378 Onesimo,
1056 2313 1150 2384 qni
1213 2312 1313 2368 tibi
1373 2311 1672 2383 aliquando
1723 2309 1938 2365 inutilis
1975 2307 2102 2377 fuit,

518 2426 670 2467 nunc
726 2415 910 2463 autem
941 2415 996 2464 et
1032 2406 1167 2460 mihi
1201 2414 1258 2462 et
1310 2405 1407 2461 tibi
1464 2404 1658 2470 utilis,
1693 2418 1855 2474 quem
1914 2402 2106 2459 remisi

518 2500 643 2556 tibi.
677 2496 760 2554 Tu
795 2504 978 2554 autem
1005 2495 1184 2562 illum,
1216 2495 1274 2549 id
1301 2503 1386 2552 est
1415 2495 1627 2560 viscera
1659 2508 1802 2557 mea,
1838 2492 2102 2562 suscipe:

519 2606 686 2662 quem
721 2605 825 2660 ego
874 2589 1158 2644 volueram
1214 2601 1432 2642 mecum
1478 2584 1747 2650 detinere,
1808 2592 1869 2640 ut
1904 2599 2005 2655 pro
2051 2590 2106 2639 te

521 2682 657 2738 mihi
689 2681 1038 2738 ministraret
1071 2679 1127 2734 in
1159 2677 1402 2735 vinculis
1453 2676 1762 2748 Evangelii.
1807 2675 1938 2732 Sine
1967 2689 2103 2732 con-

517 2772 646 2832 silio
675 2779 863 2826 autem
911 2778 1008 2825 tuo
1039 2768 1181 2824 nihil
1211 2768 1361 2824 volui
1404 2766 1616 2836 facere,
1650 2766 1731 2820 uti
1760 2781 1829 2821 ne
1859 2765 2009 2822 velut
2036 2779 2106 2820 ex

519 2863 858 2920 necessitate
904 2862 1112 2918 bonum
1168 2868 1328 2916 tuum
1375 2869 1544 2926 esset,
1576 2857 1674 2915 sed
1703 2857 2102 2913 voluntarium.

517 2954 782 3012 Forsitan
837 2955 988 3010 enim
1047 2952 1170 3009 ideo
1218 2951 1485 3007 discessit
1532 2950 1602 3006 ad
1638 2951 1831 3006 horam
1865 2964 1898 3004 a
1938 2959 2012 3017 te,
2048 2960 2108 3007 ut

517 3055 788 3103 aeternqu
822 3045 976 3100 illum
1010 3044 1284 3114 reciperes
1314 3061 1328 3098 :
1358 3043 1472 3113 jam
1503 3057 1615 3097 non
1639 3051 1698 3097 ut
1731 3057 1980 3108 servum,
2009 3039 2107 3098 sed

519 3153 688 3212 supra
713 3151 937 3194 servum
963 3134 1359 3192 charissimum
1381 3132 1637 3199 fratrem,
1667 3134 1907 3189 maxime
1932 3133 2103 3189 mihi:

520 3236 729 3299 quanto
762 3236 944 3282 autem
996 3224 1176 3295 magis
1218 3223 1342 3290 tibi,
1379 3232 1434 3282 et
1484 3225 1542 3280 in
1580 3239 1772 3293 carne,
1818 3233 1874 3281 et
1900 3226 1955 3280 in
1999 3226 2108 3282 Do-

520 3322 708 3378 mino?
738 3320 798 3376 Si
839 3334 972 3390 ergo
1017 3317 1191 3374 habes
1245 3333 1332 3374 me
1385 3317 1621 3382 socium,
1678 3317 1904 3388 suscipe
1953 3317 2108 3372 illum

521 3415 668 3470 sicut
703 3428 811 3468 me.
842 3409 900 3467 Si
935 3419 1121 3465 autem
1155 3408 1367 3478 aliquid
1399 3408 1593 3464 nocuit
1627 3407 1750 3471 tibi,
1788 3414 1885 3462 aut
1925 3406 2107 3474 debet,

522 3503 630 3560 hoc
661 3502 797 3558 mihi
843 3502 1077 3574 imputa.
1121 3500 1236 3572 Ego
1268 3498 1475 3556 Paulus
1504 3498 1705 3569 scripsi
1739 3513 1862 3554 mea
1897 3513 2060 3554 manu
2091 3517 2106 3555 :

519 3611 622 3668 ego
652 3595 916 3662 reddant;
961 3606 1020 3650 ut
1066 3609 1177 3650 non
1208 3593 1394 3648 dicam
1445 3594 1569 3658 tibi,
1600 3574 1840 3666 quodret
1870 3592 2109 3664 teipsum

521 3687 660 3745 mihi
692 3686 883 3742 debes.
915 3685 1018 3752 Ita,
1062 3684 1258 3749 frater,
1290 3699 1395 3754 ego
1423 3692 1480 3750 te
1511 3681 1668 3739 fruar
1709 3685 1762 3740 in
1801 3685 2051 3744 Domino.
2085 3702 2106 3740 ο

594 3781 703 3835 Pro
732 3793 895 3835 servo
921 3777 1144 3849 quidem
1173 3777 1438 3849 scribitur
1470 3777 1736 3847 Epistola,
1777 3777 1942 3847 idque
1981 3792 2108 3832 cum

525 3869 620 3926 ille
648 3867 982 3947 aufugisset.
1011 3867 1128 3922 imo
1175 3876 1226 3922 et
1254 3865 1473 3922 furatus
1514 3875 1700 3936 esset;
1748 3866 1846 3922 sed
1873 3882 1937 3923 ex
1969 3867 2114 3937 Apo-

524 3963 656 4019 stoli
715 3960 976 4017 doctrina
1030 3960 1268 4016 fructum
1320 3961 1630 4017 retulisset.
1673 3961 1844 4032 Atqui
1891 3977 1960 4016 ex
2007 3961 2111 4017 hac

526 4052 890 4110 utilia'multa
919 4052 1220 4126 percipias.
1257 4049 1436 4108 Unum
1479 4052 1726 4122 quidem,
1761 4064 1818 4108 et
1847 4054 2109 4125 primum,

525 4153 784 4217 oportere
827 4154 889 4200 ut
929 4159 989 4200 se
1036 4144 1207 4214 aliqui
1247 4143 1515 4218 sollicitos
1555 4159 1684 4216 erga
1727 4159 1922 4200 clunes
1967 4134 2112 4216 prae-

524 4240 713 4296 beant.
745 4235 884 4293 Nam
918 4237 966 4295 si
1006 4237 1215 4294 Paulus
1261 4252 1362 4307 pro
1395 4252 1558 4294 servo
1611 4237 1844 4307 fugitivo
1873 4246 1928 4293 et
1959 4237 2110 4303 fure,

526 4344 654 4386 cum
680 4329 729 4388 is
759 4329 1114 4402 resipuisset,
1144 4336 1366 4384 tantum
1412 4328 1811 4386 sollicitudinis
1841 4329 2109 4395 ostendit,

525 4429 739 4494 quanto
775 4423 952 4494 magis
1009 4421 1288 4476 incumbit
1334 4421 1497 4476 nobis
1543 4419 1764 4477 desides
1819 4437 1929 4476 non
1965 4435 2110 4486 esse,

2133 3185 2181 3250 C

2207 1951 2348 2023 ἔχων
2375 1950 2694 2004 επιτάσσειν
2723 1967 2808 2002 σοι
2839 1949 2899 2004 τδ
2929 1949 3133 2018 ἀνῆκον
3154 1946 3244 2000 διά
3270 1948 3371 2016 τὴν
3398 1947 3629 2018 ἀγάπην,
3645 1951 3744 2017 p.53.-

2207 2045 2298 2099 λον
2331 2043 2658 2116 παρακαλῶ,
2681 2042 2926 2106 τοιοῦτος
2970 2041 3050 2095 ὢν
3077 2041 3154 2105 ὡς
3205 2039 3418 2102 Παῦλος
3462 2041 3745 2111 πρεσὸύτης,

2207 2136 2329 2192 νυνὶ
2353 2137 2412 2190 δὲ
2444 2137 2540 2191 καὶ
2563 2135 2788 2206 δέσμιος
2829 2133 3009 2204 Ἰησοῦ
3070 2131 3336 2204 Χριστοῦ,
3381 2133 3672 2204 Παρακαλῶ
3705 2151 3746 2187 σι

2207 2229 2340 2300 περὶ
2385 2227 2482 2281 τοῦ
2515 2226 2651 2298 ἐμοῦ
2699 2225 2916 2290 τέκνου,
2947 2224 3006 2278 ὃν
3038 2225 3309 2294 ἐγέννησα
3338 2226 3397 2276 ἐν
3431 2227 3541 2289 τοῖς
3575 2225 3748 2296 δεσμοῖς

2209 2337 2335 2391 μου,
2387 2320 2678 2389 Ὀνήσιμον
2705 2317 2798 2371 τόν
2823 2316 2957 2370 ποτέ
2993 2331 3076 2370 σοι
3129 2317 3440 2387 ἄχρηστον,
3473 2314 3601 2378 νυνὶ,
3621 2316 3667 2370 δὲ
3692 2320 3750 2370 σοὶ

2207 2412 2302 2472 καὶ
2332 2412 2458 2483 ἐμοὶ
2481 2409 2809 2483 εὔχρηστον,
2824 2409 2884 2463 ὃν
2905 2409 3072 2464 ἀνὲπε
3083 2407 3221 2480 μψα.
3253 2409 3329 2462 Σὺ
3361 2408 3418 2462 δὲ
3439 2409 3612 2471 αὐτὸν,
3634 2426 3748 2462 τουτ-

2207 2504 2325 2558 έστι
2355 2503 2428 2558 τὰ
2467 2504 2579 2574 ἐμὰ
2609 2503 2918 2572 σπλάγχνα,
2974 2499 3309 2573 προσλαϐοῦ,
3341 2500 3401 2553 ὃν
3443 2499 3550 2569 ἐγὼ
3579 2500 3747 2555 £60016-

2209 2613 2318 2668 μην
2348 2597 2488 2667 πρὸς
2541 2595 2782 2666 ἐμαυτὸν
2835 2592 3109 2662 κατέχειν,
3145 2592 3234 2646 ἵνα
3277 2591 3425 2662 ὑπὲρ
3459 2591 3549 2644 σοῦ
3575 2593 3747 2662 διακονῇ

2211 2706 2300 2760 μοι
2327 2690 2387 2742 ὲν
2425 2689 2541 2751 τοῖς
2601 2686 2824 2757 δεσμοῖς
2855 2684 2952 2738 τοῦ
2981 2683 3344 2752 Εύαγγελίου.
3385 2685 3566 2755 Χωρὶς
3601 2684 3648 2736 δὲ
3679 2686 3748 2754 τῆς

2207 2781 2436 2854 γνώμης
2491 2781 2644 2834 οὐδὲν
2705 2779 2950 2850 ἠθέλησα
3009 2780 3258 2850 ποιῆσαι,
3323 2779 3414 2834 ἵνα
3464 2780 3538 2851 μὴ
3578 2780 3643 2843 ὡς
3664 2780 3747 2832 κατ’

2207 2873 2459 2944 ἀνάγκην
2484 2873 2545 2926 τὸ
2566 2871 2772 2941 ἀγαθόν
2797 2889 2891 2925 σου
2921 2867 2981 2944 ᾖ,
3015 2870 3153 2926 ἀλλά
3179 2871 3326 2925 κατά
3356 2870 3614 2925 ἑκούσιον.
3638 2870 3752 2934 Τάχα

2207 2967 2320 3038 γὰρ
2343 2961 2431 3020 διὰ
2457 2963 2620 3018 τοῦτο
2651 2962 2934 3036 ἐχωρίσθη
2956 2963 3092 3034 πρὸς
3125 2961 3302 3034 ὤραν,
3329 2963 3417 3017 ἵνα
3463 2963 3748 3016 αἰώνιοναὺ-

2208 3059 2301 3114 τὸν
2353 3058 2586 3128 ἀπέχῃς,
2645 3057 2833 3110 ούκέτι
2887 3056 2961 3120 ὡς
3002 3054 3208 3120 δοῦλον,
3259 3055 3382 3109 ἀλλ’
3413 3055 3548 3126 ὑπὲρ
3587 3051 3746 3117 δοῦλον,

2209 3151 2437 3220 ἀδελφὸν
2498 3149 2809 3219 ἀγαπητὸν,
2847 3147 3085 3220 μάλιστα
3130 3147 3276 3217 ἐμοὶ,
3312 3148 3466 3217 πόσῳ
3513 3145 3748 3216 δὲμᾶλλον

2213 3243 2317 3311 σοὶ,
2350 3242 2447 3295 καὶ
2480 3243 2538 3295 ὲν
2588 3241 2776 3311 σαρκὶ,
2829 3239 2926 3292 καὶ
2979 3239 3038 3291 ἐν
3089 3238 3302 3309 Κυρίῳ.
3336 3238 3398 3291 Ei
3425 3233 3520 3292 οὖν
3547 3254 3609 3307 με
3641 3237 3748 3305 ἔχεις

2211 3332 2492 3395 κοινωνὸν,
2528 3328 2844 3401 προσλαϐοῦ
2871 3327 3036 3382 αὐτὸν
3064 3327 3139 3391 ὡς
3172 3328 3299 3397 ἐμέ.
3335 3329 3398 3382 Εἰ
3423 3329 3479 3382 δέ
3517 3346 3567 3381 τι
3598 3327 3746 3396 ὴδίχη.

2213 3426 2273 3480 σέ
2315 3441 2398 3492 σε,
2436 3424 2469 3494 ἢ
2502 3423 2730 3494 ὀφείλει,
2771 3419 2931 3476 τοῦτο
2956 3420 3080 3492 ἐμοὶ
3137 3419 3377 3487 suam.
3425 3419 3562 3488 Ἐγὼ
3588 3416 3747 3481 Παῦλος

2209 3514 2426 3586 ἑγραψα
2459 3515 2528 3584 τῇ
2568 3513 2678 3582 ἐμῇ
2736 3512 2906 3580 χειρὶ,
2942 3508 3054 3578 ἐγὼ
3085 3509 3337 3565 ἀποτίσω
3360 3528 3372 3541 ·
3407 3511 3494 3564 ἵνα
3539 3509 3608 3579 μὴ
3645 3507 3747 3575 λέγω

2212 3625 2315 3671 σοι,
2351 3608 2436 3661 ὅτι
2468 3607 2562 3660 καὶ
2603 3605 2798 3660 ἑαυτόν
2837 3622 2928 3676 μοι
2980 3602 3393 3674 προσοφείλεις.
3417 3603 3542 3668 Ναὶ,
3566 3599 3738 3669 ἀδελφὲ,

2211 3698 2326 3768 ἐγώ
2358 3716 2444 3752 σοι
2471 3698 2707 3769 ὀναίμην
2741 3698 2798 3750 ὲν
2826 3694 3035 3768 κυρίῳ.
3071 3713 3092 3748 s

2293 3792 2467 3863 ’Υπὲρ
2481 3789 2671 3844 δούλου
2699 3790 2798 3860 μὲν
2819 3790 3094 3860 γράφεται
3119 3789 3152 3857 ἡ
3185 3786 3498 3857 Ἐπιστολὴ,
3525 3785 3606 3839 καὶ
3621 3781 3748 3837 mins

2211 3883 2647 3955 ἀποδράσαντος,
2672 3881 2766 3935 καὶ
2819 3881 2903 3933 ἔτι
2935 3883 3032 3933 καὶ
3065 3879 3397 3948 κλέψαντος,
3427 3875 3744 3948 ὠφεληθέντος

2212 3977 2270 4030 δὲ
2302 3976 2393 4054 διὰ
2415 3977 2513 4046 τῆς
2547 3973 2899 4037 διδασκαλίας
2950 3971 3046 4026 τοῦ
3113 3972 3466 4025 ’Λποστόλου.
3512 3967 3667 4023 Πολλὰ
3710 3964 3747 4018 δὲ

2213 4069 2310 4123 καὶ
2341 4070 2404 4122 ὲκ
2428 4067 2630 4137 ταύτης
2653 4065 2724 4119 τὰ
2755 4065 3024 4136 χρήσιμα.
3072 4064 3169 4116 Ἓν
3194 4063 3294 4132 μὲν
3333 4063 3429 4118 καὶ
3477 4060 3684 4133 πρῶτον,
3705 4055 3746 4110 τὸ

2215 4160 2504 4218 σπουδαῖον
2528 4157 2667 4212 εἷναί
2697 4175 2852 4222 τινας
2889 4157 3026 4228 πρὸς
3081 4156 3312 4220 πάντας.
3357 4157 3421 4209 Εἰ
3451 4155 3553 4224 γὰρ
3581 4151 3746 4210 Παῦλος

2215 4255 2354 4325 ὑπὲρ
2382 4251 2652 4325 δραπέτου
2677 4251 2772 4305 καὶ
2807 4250 3043 4303 κλέπτου
3101 4247 3495 4319 μετανοοῦντος
3529 4244 3746 4310 τοσαύτην

2215 4347 2451 4398 ποιεῖται
2483 4342 2740 4412 σπουδὴν,
2768 4339 2948 4411 πολλῷ
2982 4339 3184 4410 μᾶλλον
3212 4338 3336 4392 οὔτε
3356 4341 3502 4409 ἡμᾶς
3531 4334 3747 4407 προσήκει

2217 4434 2499 4506 ῥᾳθύμους
2523 4431 2664 4487 εἶναι
2704 4431 2832 4502 περί
2868 4447 3021 4492 τινας
3051 4429 3163 4483 τῶν
3211 4429 3478 4498 ἀδελφῶν.
3519 4427 3743 4495 Δεύτερον,

527 4519 624 4576 ubi
653 4519 723 4576 de
751 4518 1021 4575 fratribus
1070 4517 1404 4589 quibusdam
1459 4518 1667 4587 agitur.
1718 4518 1968 4573 Alterum
2005 4525 2107 4585 est,

2218 4527 2300 4580 ὅτι
2336 4525 2397 4578 τὸ
2423 4523 2669 4578 δουλικὸν
2697 4524 2854 4591 γένος
2894 4522 2955 4575 ού
3007 4521 3089 4574 δεῖ
3115 4521 3540 4589 ἀπογινώσκειν,
3571 4517 3661 4572 κᾶν
3687 4512 3744 4576 εἰς

528 4613 599 4670 de
643 4612 844 4670 servili.
879 4611 1199 4668 conditione
1248 4609 1477 4666 minime
1515 4611 1924 4681 desperamlnm
1960 4625 2106 4676 esse,

530 4706 748 4762 tametsi
773 4705 842 4762 ad
872 4713 1177 4763 extremam
1207 4718 1384 4774 usque
1417 4703 1720 4774 nequitiam
1749 4705 2108 4774 processerit.

529 4797 633 4854 Hic
664 4799 813 4855 enim
848 4796 1118 4870 fugitivus
1155 4805 1211 4852 et
1243 4797 1331 4850 fur
1357 4810 1484 4852 cum
1532 4795 1756 4859 fuisset,
1791 4795 1859 4850 ad
1897 4804 2113 4850 tantum

530 4892 685 4951 istud
732 4892 954 4948 virtutis
1014 4889 1298 4960 fastigium
1360 4888 1634 4959 pervenit.
1695 4885 1968 4954 Tertium,
2031 4885 2116 4942 fas

2216 4620 2453 4690 ἐσχάτην
2486 4617 2656 4688 ἐλάσῃ
2689 4615 2909 4669 κακίαν.
2962 4615 3020 4668 '0
3050 4614 3161 4683 γὰρ
3193 4614 3437 4684 κλέπτης
3464 4613 3556 4665 καὶ
3594 4603 3746 4679 δραπέ-

2218 4729 2316 4780 της
2348 4710 2492 4764 οὓτω
2529 4709 2754 4778 γέγονεν
2785 4707 3063 4777 ἐνάρετος.
3091 4706 3309 4778 Τρίτον,
3341 4705 3422 4758 ὅτι
3449 4699 3744 4765 τοὺςδούλονς

2220 4805 2478 4875 ἀποσπᾷν
2507 4803 2616 4856 τῶν
2635 4801 2914 4854 δεσπότων
2941 4800 3005 4852 ού
3041 4801 3332 4869 προσήκει.
3365 4795 3428 4850 Εἰ
3459 4795 3562 4865 γὰρ
3585 4789 3744 4848 Παῦλος

2221 4897 2364 4950 οὕτω
2427 4893 2646 4967 Θαρρὦν
2691 4893 2774 4964 τῷ
2826 4893 3091 4964 Φιλήμονι
3151 4891 3246 4944 τὸν
3290 4890 3573 4961 Ὀνήσιμον
3615 4881 3744 4938 οὕτως

532 4985 760 5041 minime
791 4999 916 5040 esse
946 4999 1138 5040 servos
1167 4998 1200 5037 a
1231 4981 1476 5038 dominis
1507 4981 1832 5037 abstrahere
1862 4999 1876 5036 :
1914 4995 2041 5035 nam
2071 4982 2107 5036 si

2224 4989 2549 5060 εὐχάριστον
2614 4986 2764 5056 αὐτῷ
2793 4987 2930 5047 δνταΔ
2979 4985 3115 5056 πρὸς
3142 4983 3420 5038 διακονίαν
3444 4983 3539 5035 οὐκ
3565 4976 3744 5048 ἠθέλησε

534 5079 766 5145 Paulus,
825 5077 920 5147 qui
967 5084 1122 5132 tanta
1162 5074 1311 5146 apud
1359 5073 1738 5129 Philemonem
1787 5074 2107 5130 auctoritate

2225 5080 2521 5150 κατασχεῖν
2552 5079 2708 5148 παρὰ
2741 5076 2968 5146 γνώμην
2997 5073 3091 5128 τοῦ
3121 5074 3417 5138 Δεσπὸτου,
3452 5067 3618 5137 πολλῷ
3645 5061 3739 5150 μᾶλθ

535 5173 794 5245 pollebat,
861 5170 1186 5228 Onesimum
1247 5178 1458 5235 tamen,
1526 5170 1687 5241 cujus
1745 5170 2107 5230 ministerium

2225 5172 2318 5226 λον
2349 5149 2500 5243 ἡμᾶς
2531 5168 2694 5223 τοῦτο
2745 5171 2921 5222 ποιεῖν
2964 5167 3025 5222 ού
3075 5167 3208 5238 χρή.
3240 5165 3302 5219 Εἰ
3343 5164 3448 5234 γὰρ
3490 5149 3746 5245 θαυμαστόξ

536 5242 644 5324 sibi
678 5263 976 5321 admodum
1030 5260 1163 5317 utile
1192 5268 1362 5326 esset,
1413 5261 1662 5316 detinere
1705 5263 1888 5317 noluit
1918 5271 2107 5334 praeter

2227 5242 2376 5320 ἐστιν
2404 5268 2434 5318 ὁ
2463 5262 2710 5332 οἰκέτης,
2737 5260 2913 5332 ταύτῃ
2949 5260 3190 5329 μάλιστα
3232 5259 3430 5328 πρέπει
3469 5251 3615 5308 αὐτὸν
3639 5242 3746 5334 ill/ff.

536 5359 658 5415 heri
693 5355 1027 5415 sententiam
1053 5369 1118 5409 ac
1145 5355 1515 5417 voluntatem,
1551 5370 1579 5408 a
1613 5354 1832 5409 fortiori
1883 5332 1988 5410 hoc
2021 5371 2107 5412 ηο·

2227 5357 2442 5429 δουλείᾳ
2462 5357 2670 5426 μένειν,
2701 5354 2798 5408 καὶ
2827 5353 2925 5425 τὴν
2946 5351 3265 5406 δεσποτείαν
3289 5346 3665 5416 ἐπιγινώσκειν,
3685 5332 3744 5384 ἲν³

538 5453 623 5509 bis
657 5451 838 5507 facere
871 5465 982 5504 non
1028 5448 1178 5504 licet.
1215 5447 1276 5502 Si
1315 5448 1460 5503 enim
1499 5447 1743 5502 famulus
1773 5448 1991 5504 eximiae
2019 5451 2107 5504 viri

2229 5450 2697 5521 εύχρηστος⁸πᾶσι
2726 5449 2840 5509 τοῖς
2872 5448 2929 5498 ἐν
2955 5443 3102 5515 οίκέᾳ
3134 5442 3380 5512 γένηται.

536 5549 674 5604 tntis
701 5559 807 5615 est,
843 5548 969 5602 ideo
999 5561 1232 5618 prorsus
1271 5547 1536 5599 convenit
1577 5539 1830 5624 274υι
1888 5547 1940 5599 in
2013 5547 2282 5603 servitute
2335 5555 2577 5612 maneat,
2646 5555 2700 5599 ct
2747 5542 2922 5598 hei-ile
3004 5541 3090 5611 ius
3143 5545 3425 5610 agnoscat,
3480 5540 3534 5587 ut
3575 5517 3742 5582 cunctis

540 5641 633 5715 qui
664 5640 811 5696 domi
843 5649 991 5708 sunt,
1024 5639 1315 5695 commodo
1336 5649 1389 5692 et
1425 5637 1649 5692 utilitati
1672 5653 1796 5693 esse
1817 5640 2012 5707 possit.
2119 5626 2122 5630 l

1828 5728 2067 5786 \‘ARIIE
2110 5731 2513 5789 LECTIONES.

625 5830 646 5865 '-
675 5826 816 5896 Lege
840 5841 905 5882 ex
943 5825 1230 5896 Chrysost.
1256 5819 1587 5894 εὔχρηστον.
