3998 6394
304 330 435 395 1941

1209 488 1306 495 --ς-η
1312 489 1380 496 υ..-
1395 491 1422 495 ._
1429 491 1452 495 μ.

1459 491 1706 502 ’ᾖν-υ

1549 336 1681 397 SAC
1692 337 1784 396 tu
1827 337 2288 400 PAR-ALLE'LA:

3419 341 3579 410 1012.
3621 371 3624 376 ·

1221 631 1387 701 279
1421 632 1557 686 ΤΟΥ
1595 635 1687 687 ΕΝ
1722 637 1950 692 ΑΓΙΟΙΣ
1980 637 2256 693 ΠΑΤΡΟΣ
2282 638 2494 694 ΗΜΩΝ.

718 815 1467 958 ΙΩΑΝΝΟΥ
1541 829 1891 963 ΤΟΥ
1974 827 3158 970 ΔΑΜΑΣΚΗΝΟΥ

491 1129 862 1299 ΕΙΣ
940 1132 1230 1301 ΤΑ
1302 1135 1808 1309 ΙΕΡΑ
1885 1143 3374 1316 ΠΑΡΑΛΛΗΑΑ.

863 1583 1386 1700 SANCTI
1490 1586 2100 1710 JOANNIS
2181 1585 3007 1705 DAMASCENI

721 1882 979 2033 DE
1097 1879 1760 2038 SACRIS
1876 1880 3128 2076 PARALLELIS.

369 2299 487 2370 τῆς
517 2297 878 2352 θεοπνεύστου
909 2299 1136 2370 Γραφῆς
1165 2301 1200 2371 ἡ
1231 2301 1486 2372 ἄσκησις,
1541 2302 1775 2357 πλούτου
1803 2303 1889 2358 δό-

2067 2305 2364 2376 Scripturae
2408 2303 2672 2360 divinitus
2724 2300 3010 2371 inspirata).
3071 2299 3354 2363 studium,
3411 2311 3572 2368 opes.

294 2391 400 2462 ξης
427 2393 520 2446 καὶ
551 2391 746 2463 ἀρχῆς,
779 2391 874 2444 καὶ
903 2392 1124 2446 πάντων
1153 2392 1254 2447 ὅσα
1273 2392 1334 2446 τὸ
1363 2393 1557 2464 θνητὸν
1579 2394 1886 2458 ἀσπάζεται

294 2486 478 2552 γένος,
512 2483 798 2554 ὑπερέχει.
843 2483 1118 2554 σωτηρίας
1150 2485 1285 2554 ἡμῖν
1313 2484 1498 2554 ἐφόδια
1518 2485 1883 2558 χαριζομένη.

296 2577 379 2629 Τδ
411 2576 466 2630 δὲ
499 2576 629 2646 ῥᾷον
655 2573 844 2646 φέρειν
879 2575 1007 2638 τοὺς
1055 2574 1116 2640 ἐξ
1144 2575 1315 2648 αὐτῆς
1353 2577 1548 2643 πόνους
1568 2617 1584 2642 ,
1617 2577 1679 2631 τὸ
1713 2578 1887 2650 παρὸν

302 2669 438 2738 ἡμῖν
467 2665 921 2739 πραγματεύεται
951 2665 1257 2736 σύνταγμα.
1315 2667 1435 2720 Τῶν
1464 2668 1574 2742 γὰρ
1597 2667 1722 2723 λίαν
1760 2669 1890 2724 θαυ-

305 2758 652 2828 μαξομένων,
675 2756 745 2812 τὰ
773 2755 996 2811 ἔτικαθ’
1026 2756 1333 2829 ὑπερϐολὴν
1376 2759 1583 2829 ἀμείνω
1621 2759 1767 2814 ἔστιν
1794 2762 1888 2817 εὑ-

303 2853 424 2921 ρεῖν
452 2851 510 2903 ὲν
531 2847 705 2920 αὐτῷ,
729 2847 824 2902 καὶ
865 2848 1028 2920 κόρος
1061 2847 1234 2911 οὐδεὶς
1281 2848 1452 2919 ἀκοῆς
1493 2850 1602 2913 τοῖς
1655 2852 1889 2922 ἐπισκή-

298 2958 498 2995 πτουσι
522 2941 754 3010 γίνεται.
789 2938 854 2993 Ἡ
875 2941 985 3009 γὰρ
1005 2939 1100 2992 τοῦ
1123 2939 1354 3003 κάλλους
1378 2939 1486 2994 τῶν
1508 2943 1844 3013 ἐγκειμένων
1861 2944 1889 2985 ι)

297 3034 503 3105 ἐκλογὴ
535 3035 672 3105 πρὸς
695 3033 893 3104 ἑαυτὴν
934 3032 1083 3086 ἕλκει
1113 3033 1240 3096 τοὺς
1282 3032 1732 3104 ἐντυγχάνοντας,
1790 3035 1891 3090 οὒκ

293 3128 452 3180 ὲῶσα
487 3129 687 3196 καμεῖν
716 3124 776 3179 τὸ
809 3125 1002 3194 μέλλον
1049 3122 1280 3178 ἀκοῦσαι
1332 3125 1654 3192 ποθοῦντας,
1686 3127 1780 3180 καὶ
1814 3127 1890 3191 ὼς

295 3219 363 3268 ὲν
392 3219 676 3289 στιχηραῖς
720 3228 744 3257 α
803 3217 989 3290 ᾄδεται
1021 3219 1280 3290 ρήσεσινσ
1321 3237 1340 3270 ι
1395 3219 1458 3272 Oi
1489 3217 1764 3283 ὲσθίοντές
1796 3236 1889 3288 με,

295 3307 385 3360 ἔτι
423 3308 762 3374 πεινάσουσι,
791 3309 882 3362 καὶ
907 3311 954 3362 οἰ
985 3309 1230 3373 πίνοντές
1269 3326 1359 3379 με,
1385 3308 1465 3362 ἔτι
1490 3309 1825 3380 διψήσουσιν.
1865 3327 1884 3362 ι

313 3397 650 3469 Ἐπέραστος
674 3401 783 3472 γὰρ
816 3400 891 3463 ὡς
939 3400 1157 3468 ἀληθῶς
1187 3403 1219 3469 ή
1258 3401 1536 3471 γλυκύτης
1573 3399 1682 3456 τῶν
1728 3417 1891 3454 πνευ-

301 3490 554 3559 ματικῶν
587 3491 932 3561 μαθημάτων
958 3493 1287 3561 ἁγιάζουσα,
1318 3492 1415 3546 κα)⁸
1439 3491 1770 3558 αὐξάνουσα,
1795 3493 1891 3546 καὶ

296 3581 580 3652 τρέφουσα
610 3581 637 3620 ά
665 3581 766 3646 τὰς
786 3582 964 3652 ψυχάς
983 3599 998 3614 ο
1050 3583 1404 3654 περιείληφεν
1431 3583 1489 3636 δὲ
1532 3584 1632 3637 ὅσα
1660 3566 1888 3654 ἠθικῶς,

1991 2395 2240 2465 gloriam,
2273 2393 2588 2464 imperium,
2607 2405 2671 2445 ac
2701 2389 2939 2462 denique
2963 2403 3052 2445 res
3079 2403 3173 2444 eas
3195 2402 3408 2455 omnes,
3432 2401 3572 2457 quas

1990 2485 2254 2541 mortales
2295 2483 2551 2554 amplecti
2605 2481 2809 2548 solent,
2851 2479 3175 2536 antecellit:
3218 2477 3420 2550 quippe
3449 2485 3575 2548 qu'ae

1991 2578 2186 2635 salutis
2213 2577 2376 2633 nobis
2409 2576 2608 2632 viatica
2645 2575 2870 2630 tribuat.
2892 2570 2965 2628 Ut
2998 2578 3180 2626 autem
3208 2569 3383 2640 ipsius
3414 2567 3573 2622 labo-
3609 2557 3614 2561 ’

1991 2684 2082 2725 res
2111 2668 2328 2723 facilius
2363 2666 2603 2721 feramus
2629 2707 2643 2732 ,
2676 2664 2786 2720 hoc
2813 2663 2974 2719 nobis
3005 2661 3267 2716 volumen
3298 2666 3524 2730 praestat
3555 2675 3569 2712 :

1992 2760 2267 2831 siquidem
2296 2759 2365 2814 iis
2404 2774 2526 2830 quae
2559 2771 2788 2814 summas
2820 2753 3170 2810 admirationi
3214 2759 3366 2819 sunt,
3408 2751 3575 2820 longe

1991 2853 2376 2924 praestantiora
2404 2853 2458 2906 in
2499 2867 2565 2907 eo
2595 2851 2838 2920 reperire
2859 2855 2978 2915 est;
3005 2860 3185 2916 neque
3213 2845 3438 2899 satietas
3460 2843 3594 2897 ulla

1995 2946 2348 3004 fastidiumvc
2402 2943 2575 2998 ullum
2609 2939 2918 3011 legentibus
2953 2936 3165 2992 oboriri
3199 2941 3404 3006 potest.
3472 2933 3571 2988 Et-

1991 3041 2136 3096 enim
2170 3037 2525 3109 pulchrarum
2553 3032 2910 3088 materiarum
2934 3043 3055 3098 qua:
3076 3027 3169 3081 hic
3191 3026 3572 3087 continentur,

1993 3131 2240 3188 delectus
2271 3130 2338 3185 ad
2375 3144 2435 3185 se
2463 3128 2699 3183 lectores
2742 3124 2932 3182 trahit.
2986 3133 3086 3175 nec
3137 3132 3239 3172 eos
3286 3116 3574 3186 defatigari

1994 3227 2147 3291 sinit,
2181 3224 2276 3296 qui
2311 3238 2375 3279 ea
2407 3238 2530 3292 quae
2555 3227 2887 3292 sequuntur,
2913 3218 3105 3273 audire
3133 3216 3412 3288 gestiunt;
3442 3209 3574 3280 quin

1992 3323 2181 3387 etiam,
2227 3317 2691 3392 quemadmodum
2742 3317 2962 3371 canitur
3017 3315 3073 3369 in
3125 3309 3416 3370 sententiis
3452 3320 3576 3378 quae

1993 3413 2245 3469 versibus
2278 3410 2496 3480 scriptae
2517 3416 2648 3464 sunt
2673 3426 2688 3463 :
2719 3427 2740 3460 ι
2768 3406 2872 3474 Qui
2898 3407 3068 3462 edunt
3093 3419 3202 3468 me,
3231 3401 3412 3457 adhuc
3443 3412 3576 3453 esu—

1994 3505 2158 3569 rient,
2192 3511 2246 3558 et
2267 3502 2362 3573 qui
2391 3501 2593 3557 bibunt
2623 3515 2732 3566 me,
2760 3499 2942 3554 adhuc
2968 3497 3156 3552 sitient
3179 3495 3219 3548 ².
3256 3512 3276 3546 ι
3303 3489 3576 3562 Spiritua-

1994 3597 2127 3652 lium
2151 3595 2353 3666 quippe
2371 3591 2790 3662 disciplinarum
2816 3587 3120 3660 expetenda
3144 3585 3306 3656 plane
3329 3579 3574 3639 suavitas

295 3671 338 3742 ἣ
368 3671 663 3742 γνωμικῶς
687 3711 702 3738 ,
733 3673 766 3745 ἢ
797 3675 1205 3744 παραινετικῶς
1237 3675 1294 3748 [ἡ
1339 3678 1528 3748 μνήμη
1563 3677 1806 3746 ἀγκναία
1838 3674 1886 3749 θ]

1993 3694 2100 3752 est,
2151 3702 2273 3757 quae
2311 3693 2537 3741 sanctos
2587 3680 2783 3737 reddat
2829 3679 3080 3743 animos,
3135 3687 3338 3743 eosque
3378 3670 3488 3724 alat
3523 3676 3587 3724 et.

299 3763 447 3838 πρὸς
480 3766 659 3818 πᾶσαν
688 3765 868 3819 αἰτίαν
905 3783 988 3830 τε,
1019 3767 1112 3820 καὶ
1145 3767 1402 3821 ὑπόθεσιν
1447 3771 1511 3840 τῇ
1555 3786 1616 3822 τε
1653 3769 1906 3839 Παλαιᾷ,“

297 3851 406 3906 καὶ
433 3853 548 3924 Νέᾳ
576 3853 684 3906 τῶν
713 3854 875 3925 ἱερῶν
905 3855 1100 3925 λογίων
1129 3857 1318 3928 Γραφῇ
1350 3857 1621 3924 λέλεκται,
1667 3860 1780 3922 τοῖς
1834 3859 1890 3912 δὲ

297 3943 486 4012 ἁγίοις
530 3946 624 3998 καὶ
665 3945 944 4016 θεοφόροις
981 3947 1142 4018 ἡμῶν
1170 3948 1487 4020 Πατράσιν’
1529 3943 1606 4004 ὧν
1647 3950 1708 4004 τὸ
1745 3950 1889 4021 μέγα

298 4035 485 4100 κλέος,
546 4037 690 4091 κατὰ
729 4039 913 4091 πᾶσαν
968 4037 1070 4109 τὴν
1110 4040 1440 4112 οἰκουμένην
1478 4040 1498 4080 τ
1541 4041 1889 4112 διαϐεϐόηται

300 4129 400 4184 καὶ
430 4128 700 4201 ὕμνηται·
736 4133 828 4186 καὶ
859 4131 926 4186 τὰ
954 4135 1082 4199 περὶ
1113 4135 1322 4189 τούτων
1355 4137 1632 4209 σποράδην
1661 4139 1892 4208 κείμενα

300 4223 709 4294 ἀποφθέγματα
732 4224 1144 4297 ⁴ἰινθολόγηνιιτοιι,
1178 4230 1272 4282 καὶ
1296 4229 1445 4293 ἰδίοις
1464 4229 1669 4293 τίτλοις
1707 4247 1890 4302 παρα-

303 4315 597 4370 τέθεινται.
651 4319 808 4371 Πᾶσα
856 4317 913 4370 δὲ
947 4321 979 4388 ἠ
1012 4321 1365 4391 πραγματεία
1409 4324 1466 4375 ὲν
1504 4323 1657 4393 τρισῒ
1686 4322 1890 4394 βίϐλοις

309 4405 759 4477 ἀναγέγραπται·
811 4409 905 4462 καὶ
934 4410 1141 4463 τούτων
1176 4413 1209 4482 ἡ
1244 4413 1342 4483 μὲν
1373 4413 1565 4484 πρώτη
1603 4415 1889 4483 σύγκειται

304 4495 407 4564 ἀφ’
433 4491 507 4550 ὧν
541 4499 778 4566 μάλιστα
807 4501 1074 4570 προσήκοι
1103 4503 1492 4574 εΧριστιανοῖς
1526 4505 1554 4544 h
1585 4505 1686 4578 τὴν
1717 4507 1892 4578 ἀρχὴν

297 4587 396 4641 ἀεὶ
418 4589 706 4654 ποιεῖσθαι,
741 4592 848 4646 ἀπὸ
869 4593 1027 4657 Θεοῦ,
1053 4593 1152 4664 τὴν
1180 4595 1466 4666 τριαδικὴν
1497 4597 1700 4667 μονάδα
1725 4600 1892 4669 φωτί-

301 4677 507 4742 ζουσαν
537 4682 602 4734 ὲκ
631 4683 936 4754 προοιμίων
964 4685 1136 4756 ἡμᾶς.
1181 4685 1247 4739 Ἦ
1278 4687 1335 4740 δὲ
1360 4687 1609 4760 δευτέρα,
1640 4692 1768 4762 περὶ
1800 4707 1893 4743 συ-

305 4770 557 4836 στάσεως
579 4773 672 4826 xui.
689 4777 1081 4841 καταστάσεως
1106 4777 1215 4832 τῶν
1241 4779 1602 4850 ἀνθρωπίνων
1633 4782 1895 4851 πραγμά-

299 4881 418 4917 των
458 4865 652 4937 φησίν·
693 4869 728 4938 ἡ
757 4868 814 4922 δὲ
851 4869 1034 4942 τρίτη,
1089 4872 1237 4936 ἰδίως
1287 4872 1357 4926 τὰ
1407 4873 1536 4945 περὶ
1565 4874 1766 4945 ἀρετῆς
1798 4875 1895 4929 καὶ

302 4955 512 5020 κακίας
537 4959 890 5031 περιείληφεν
916 4963 962 5017 ί.
989 4961 1088 5016 Διὰ
1114 4965 1176 5017 τδ
1202 4962 1470 5036 εὔληπτον
1497 4964 1554 5019 δὲ
1597 4964 1644 5030 i,
1667 4968 1761 5020 καὶ
1796 4969 1894 5038 ῥᾳ-

1991 3785 2202 3847 augeat.
2243 3774 2418 3830 Porro
2470 3775 2728 3829 volumen
2781 3771 2926 3827 istud
2979 3766 3367 3838 complectitur
3413 3760 3578 3834 quid-

1990 3869 2124 3942 quid
2148 3868 2410 3925 memoria
2444 3875 2634 3922 tenere
2655 3870 2892 3935 oportet,
2918 3861 3034 3918 sive
3049 3860 3117 3915 ad
3150 3873 3334 3914 mores
3357 3869 3576 3911 accom-

1992 3963 2232 4028 modate,
2292 3961 2408 4018 sive
2439 3958 2805 4021 sententiose,
2856 3971 2954 4012 seu
3003 3952 3071 4008 ad
3115 3947 3574 4008 commonendum

1991 4055 2262 4127 apposite,
2295 4067 2620 4124 quacunque
2655 4049 2722 4104 de
2746 4062 2913 4104 causa
2947 4045 3034 4100 vel
3067 4046 3412 4118 argumento,
3464 4044 3573 4091 tam

1992 4148 2047 4203 in
2095 4145 2281 4202 Veteri
2353 4159 2519 4216 quam
2571 4144 2626 4198 in
2674 4141 2827 4196 Novo
2885 4150 3168 4194 sacrorum
3211 4130 3573 4188 Oraculorum

1991 4241 2366 4298 instrumento
2407 4238 2620 4292 dictum
2664 4237 2758 4298 sit,
2795 4246 3008 4288 necnon
3060 4243 3091 4282 a
3142 4224 3349 4282 sanctis
3382 4218 3577 4276 divini-

1992 4345 2193 4404 tusque
2221 4331 2503 4387 instinctis
2550 4326 2811 4383 Patribus
2844 4321 3074 4384 nostris,
3107 4332 3343 4390 quorum
3377 4313 3574 4384 ingens

1994 4427 2168 4497 gloria
2217 4431 2332 4479 toto
2380 4421 2512 4477 orbe
2556 4417 2865 4475 celebratur
2896 4421 2951 4469 et
2991 4411 3321 4466 decantatur
3359 4422 3374 4460 :
3411 4411 3590 4472 atque

1994 4518 2482 4589 ap0phtliegmata.
2506 4528 2631 4584 quas
2663 4512 2748 4567 his
2794 4511 2862 4566 de
2893 4509 3060 4564 rebus
3094 4505 3332 4577 sparsim
3365 4499 3590 4571 jacent,

1995 4611 2051 4666 in
2076 4611 2297 4666 modum
2329 4607 2526 4663 ﬂorum
2556 4606 2697 4660 lecta
2731 4610 2882 4666 sunt,
2926 4609 2981 4656 et
3020 4600 3077 4654 in
3107 4613 3240 4654 suos
3269 4593 3459 4650 titulos
3491 4606 3576 4646 re-

1996 4704 2123 4758 lata.
2155 4701 2323 4771 Atqui
2359 4699 2681 4754 universum
2731 4710 2869 4765 opus
2916 4692 3072 4747 libris
3109 4689 3288 4744 tribus
3323 4683 3578 4741 contine-

1994 4800 2105 4858 tur;
2131 4805 2363 4861 quorum
2393 4789 2602 4859 primus
2638 4802 2702 4842 ex
2737 4785 2807 4840 iis
2845 4790 3086 4846 constat,
3129 4796 3158 4833 a
3188 4776 3388 4848 quibus
3416 4771 3578 4826 Clu-i—

1998 4884 2209 4940 stianos
2240 4883 2295 4936 in
2335 4880 2532 4950 primis
2563 4879 2722 4934 decet
2749 4873 3064 4945 auspicari;
3093 4871 3354 4926 nimirum
3379 4881 3408 4918 a
3443 4861 3576 4925 Deo,

1998 4983 2162 5044 atque
2190 4974 2262 5028 ab
2285 4973 2534 5042 ipsismet
2561 4968 2881 5040 primordiis
2904 4965 3101 5020 trinam
3128 4959 3367 5031 explicat
3392 4953 3579 5010 unita-

300 5046 439 5110 δίως
495 5049 773 5119 εὑρίσκειν
803 5053 872 5107 τὰ
900 5050 1229 5126 ζητούμενα,
1279 5058 1307 5110 ὁ
1356 5055 1523 5122 πίναξ
1566 5057 1677 5112 τῶν
1717 5076 1890 5128 κεφα-

1998 5074 2130 5121 tem.
2166 5064 2456 5120 Secundus
2496 5062 2564 5118 de
2600 5075 2784 5115 rerum
2817 5060 3186 5113 humanarum
3220 5055 3579 5122 coagmenta-

301 5136 497 5206 λαίων,
526 5141 696 5212 ἤγουν
724 5145 772 5198 οἰ
805 5145 996 5213 τίτλοι,
1029 5147 1171 5202 κατὰ
1227 5151 1488 5217 στοιχεῖον
1518 5150 1799 5219 σύγκειται
1840 5152 1888 5191 ι’

305 5232 409 5286 καὶ
431 5230 660 5290 ἕκαστον
689 5235 1023 5309 ζητούμενον
1052 5241 1352 5310 κεφάλαιον
1385 5243 1743 5314 εὑρεθήσεται
1777 5243 1892 5297 κεί-

311 5342 478 5396 μενον
495 5329 555 5382 ἐν
578 5329 656 5402 τῷ
683 5332 976 5404 γράμματι
1022 5335 1118 5405 ἀφ’
1155 5328 1218 5391 οῦ
1253 5338 1347 5392 καὶ
1376 5338 1638 5413 ἄρχεται·
1670 5332 1800 5405 οἷον,
1829 5340 1892 5393 τὸ

380 5461 406 5496 ²
427 5462 600 5522 Eccli.
639 5483 789 5538 niv,
812 5468 906 5526 29.

2001 5156 2147 5210 tione
2185 5161 2240 5209 et
2275 5160 2420 5209 statu
2464 5151 2630 5206 verba
2684 5147 2836 5204 facit.
2891 5145 3111 5201 Tertius
3167 5139 3454 5214 speciatim
3511 5135 3585 5191 dc

1997 5247 2202 5302 virtute
2247 5253 2303 5302 et
2334 5244 2470 5299 vitio
2523 5249 2744 5298 tractat.
2796 5242 3066 5297 Caeterum
3107 5253 3217 5308 quo
3251 5233 3468 5290 facilius
3497 5230 3585 5283 in-

1998 5337 2174 5396 veniri
2203 5336 2422 5408 possint
2460 5349 2523 5392 ea
2551 5348 2668 5406 qua
2702 5339 3047 5404 quaeruntur,
3091 5328 3254 5384 index
3312 5323 3578 5402 capitum,

1603 5540 1842 5596 VARIIE
1879 5539 2289 5598 LECTIONES.

380 5645 786 5724 ‘Rttpel'ucald.
812 5651 1063 5724 ’ἰωόιννου
1096 5649 1470 5724 πρεσξυτέρου
1507 5651 1600 5724 ag}
1626 5652 1875 5724 μοναχοῦ
1892 5650 1982 5706 τοῦ
2003 5653 2392 5724 Δαμασκηνοῦ,
2423 5651 2531 5706 τῶν
2555 5644 3033 5724 ἐκλογῶν-θιΰλὶον
3065 5641 3248 5724 animi
3276 5641 3326 5709 β.
3375 5631 3567 5724 hibita:

308 5719 644 5788 λεγομένων.

773 5730 796 5760 ο
833 5721 965 5777 ibid.
994 5719 1193 5775 ἔνεστι.
1245 5719 1274 5761 ἆ
1302 5719 1433 5776 ibid.
1461 5731 1516 5777 et
1545 5719 1738 5776 Venet.
1765 5719 2036 5786 αὔξουσα.

2145 5734 2168 5763 ο
2219 5710 2361 5792 ῐῑύρ·
2381 5710 2706 5792 mw;
2724 5710 3235 5792 sed'YU'lcmi'JJ“
3265 5710 3564 5792 '99.??1‘1"

309 5770 590 5863 μητέρα(
602 5770 1746 5863 ίιιιςρεςιῑεεεῑίιιζςῑεῖῖσπορτεςέννεςεξελξηξάζ.
1779 5770 2036 5863 "mea:
2057 5770 2594 5863 προστςίιξῖιχῖῑιςωῑ
2625 5770 2690 5858 τῇ
2717 5770 2966 5855 sum
2996 5777 3185 5846 μονάδι
3207 5770 3564 5846 meum

318 5871 349 5904 ι
377 5856 512 5918 ibid.
545 5856 806 5932 εερημένα
831 5861 1068 5929 περιείλ.
1136 5858 1182 5915 ti
1219 5856 1380 5918 Deest
1406 5856 1482 5916 δέ.
1570 5856 1602 5900 ³(
1628 5861 1760 5915 ibid.
1797 5856 2134 5930 σύγκεινται.

2099 5841 2110 5862 ι
