1999 3190
223 166 296 199 1043

822 165 853 196 S.
867 165 884 196 Ι
887 165 990 197 OANN
993 166 1029 196 IS
1042 166 1258 198 DAMASCENI

1783 169 1839 202 ιοιι

220 227 280 254 sive
297 225 382 258 tituli,
400 224 498 253 ordine
512 224 686 260 alphabetico
708 224 881 259 compositus
904 228 968 252 est:
989 228 1017 253 et

1077 225 1124 253 ίπδ
1149 226 1196 254 τοῦ
1215 227 1289 262 ἄλφα
1303 247 1311 261 ,
1338 227 1377 258 είς
1393 227 1424 253 τδ
1439 226 1512 262 ἄλφα
1536 227 1680 262 στοιχεῖον·
1696 226 1740 253 καὶ
1754 227 1781 254 τδ
1795 229 1840 256 ἀπο

222 271 437 308 unumquodque
465 273 548 306 caput
562 271 591 298 in
603 278 635 298 ea
651 270 743 298 littera
753 271 837 298 silum
852 271 1015 306 reperietur,

221 324 236 343 a
252 325 307 353 qua
337 317 457 352 incipit:
479 315 600 351 exempli
624 316 731 351 gratia,
752 323 813 351 quae
838 315 974 351 incipiunt
1001 323 1016 342 a

222 364 313 391 tittera
325 371 354 395 α,
368 363 396 390 in
411 362 547 390 elemento
562 371 580 389 α
595 372 602 390 :
619 370 680 397 qua:
692 370 708 390 a
725 362 752 398 β,
773 362 801 390 in
817 362 966 395 elemento,
990 362 1016 398 β,

221 414 248 436 ct
261 409 303 436 sic
318 408 352 436 de
369 408 494 443 reliquis.
509 408 541 436 ln
558 408 613 436 line
639 412 731 437 autem
761 408 897 444 cujusque
918 408 1019 438 littera:

222 456 296 483 tituli
324 459 389 483 sunt
413 455 469 482 alio
495 454 628 482 lectorem
658 455 844 487 remittentes,
867 456 902 483 de
915 455 1019 491 quibus

224 510 287 529 mox
303 509 390 537 pauca
407 501 497 529 dicam
514 509 577 529 cum
592 502 656 536 quis
671 509 766 529 eorum
790 502 828 529 sit
842 510 910 530 usus
926 502 1018 530 decla-

224 549 301 576 rabo.
333 548 572 581 Quemadmodum
596 548 680 584 280
706 553 797 576 autem
824 549 920 577 vinum
948 557 1019 585 aqua

225 597 407 628 temperatum
434 600 519 621 suave
548 597 590 621 est
616 597 644 621 et
668 593 823 628 jucundam
850 594 1019 630 voluptatem

225 639 374 674 quamdam
389 639 490 672 cilicii,
520 638 562 667 sic
591 646 702 674 quoque
730 643 788 666 tota
814 639 899 674 hujus
928 639 1020 674 operis

226 690 379 718 structura,
396 689 493 721 utpote
520 693 553 713 ex
571 685 672 712 divinis
688 685 801 713 Litteris
815 690 842 713 et
859 692 1019 713 sanctorum

226 739 259 759 ac
272 731 406 759 divinitus
424 731 578 759 alliatorum
588 730 699 758 Patrum
711 731 949 759 lucubrationibus
957 739 1021 765 per-

228 779 321 810 mista,
332 786 395 806 cum
408 779 547 812 ingentem
559 777 614 805 illis
626 777 672 812 qui
692 778 798 813 legendi
809 777 927 806 studiosi
944 782 1020 810 sunt,

227 825 437 852 oblectationem
455 824 543 856 ail‘ert,
555 828 613 851 ttttn
632 824 719 851 multa
736 824 819 852 etiam
834 825 874 852 eis
886 824 932 860 qui
953 829 1023 852 stre-

227 878 282 898 nue
297 870 460 898 ineumbunt
479 870 579 902 labori,
603 870 636 897 ad
653 878 685 898 ea
701 877 764 905 qua:
784 870 889 905 legunt,
902 871 1023 898 retinen-

226 916 273 947 da,
286 924 319 943 ac
332 916 451 951 denique
474 924 530 943 non
550 917 677 952 exiguam
704 916 856 944 lectoribus
876 917 1022 952 quibusvis

226 963 387 990 utilitatem.
406 963 445 990 Ac
458 963 482 991 si
495 963 606 998 quidem
622 967 697 990 recte
717 967 743 990 et
758 966 788 990 ut
809 970 860 998 par
875 967 929 996 est,
947 964 1025 991 volu-

227 1018 290 1038 men
307 1011 360 1039 boc
374 1012 573 1039 concinnatum
589 1011 745 1043 est,divino
759 1010 786 1037 id
800 1011 906 1038 auxilio
920 1012 1023 1039 ascribi

226 1064 370 1089 successu,
393 1057 446 1084 hoc
463 1057 649 1084 imbecillitati
672 1064 740 1083 mea;
756 1056 934 1083 tribuendum
959 1058 1022 1085 erit.

263 1103 341 1131 Scire
356 1107 449 1131 autem
465 1107 586 1139 oportet,
604 1111 619 1131 e
633 1103 758 1130 Philonis
771 1103 853 1129 etiam
868 1106 895 1130 et
909 1102 1024 1138 Josepbi

228 1148 473 1176 lucubrationibus
494 1149 625 1176 collectas
643 1156 706 1176 esse
730 1148 894 1180 sententias,
913 1149 946 1176 ad
963 1150 1023 1176 lau-

228 1195 290 1222 dem
318 1195 424 1223 scilicet
452 1194 619 1223 Christianae
643 1195 778 1227 veritatis,
806 1203 888 1230 quant
916 1196 1024 1231 ipsimet

230 1240 382 1268 adversarii
397 1241 457 1275 ejus
470 1241 737 1268 commendaverint.

420 1285 668 1314 Transmissionum
689 1287 843 1322 explicatio.

268 1333 347 1361 Modo
359 1334 485 1370 sequitur
498 1339 524 1361 ttt
541 1334 575 1361 de
590 1334 853 1362 trausmissionibus
869 1334 1024 1366 titulorum,

231 1381 290 1416 qui.
307 1387 370 1408 cum
399 1380 434 1408 ab
458 1380 555 1408 eadem
579 1381 669 1408 littera
690 1381 836 1416 incipiant,
853 1381 917 1408 alibi
933 1385 1025 1408 tamen

231 1427 314 1461 positi
339 1430 404 1454 sunt
423 1431 450 1454 et
468 1427 656 1461 reperiuntur.
680 1432 837 1454 sermonem
865 1426 1024 1454 habeamus.

233 1474 326 1500 Dicam
341 1481 405 1501 vero
416 1473 482 1509 quid
498 1474 534 1501 sit
557 1472 748 1504 transmissio.
764 1477 792 1500 et
809 1480 891 1507 quam
910 1472 945 1499 ob
961 1479 1027 1500 cau-

233 1526 292 1546 sam
308 1519 429 1546 inventa.
442 1518 629 1547 Transmissio
643 1522 686 1546 est
701 1518 785 1546 dictio
800 1525 850 1546 nos
868 1525 900 1546 eo
910 1518 1027 1550 ducens,

236 1564 284 1591 ubi
303 1563 439 1599 quidquid
459 1564 621 1599 quwrimus,
637 1564 784 1600 reperitur.
798 1563 924 1599 Magnam
938 1568 1029 1591 autem

235 1610 295 1637 bzec
310 1610 457 1638 utilitatem
474 1610 546 1637 libro
571 1609 652 1638 aﬂ'ert
672 1619 679 1637 :
704 1618 758 1637 non
782 1610 866 1637 modo
882 1609 956 1637 enim
978 1610 1030 1636 hoc

237 1661 359 1690 praestat,
378 1661 408 1684 ut
421 1657 543 1685 breviter
559 1656 665 1692 aliquid
678 1656 966 1692 comprehendamus;
981 1655 1030 1682 sed

235 1702 317 1729 etiam
333 1702 467 1730 orationis
484 1702 673 1738 prolixitatem
687 1706 823 1738 amputat,
840 1705 871 1729 ut
886 1707 951 1737 pote
969 1709 1031 1736 qua;

236 1747 330 1774 eadem
346 1753 469 1782 repetere
481 1756 537 1775 non
553 1748 638 1781 sinat,
657 1756 708 1776 nec
726 1748 910 1783 frequentiori
938 1755 1031 1775 rerum

235 1792 393 1820 earumdem
410 1792 556 1821 iteratione
572 1793 724 1820 molestiam
740 1793 913 1821 auditoribus
923 1801 1030 1821 creare.

237 1840 319 1874 Atqui
333 1839 507 1874 potissimum
538 1839 648 1866 inventa
665 1842 719 1871 est,
741 1839 777 1866 ob
801 1845 833 1866 ea
851 1846 912 1874 qua:
929 1840 1031 1867 similia

237 1890 312 1917 sunt,
329 1885 386 1912 sive
400 1893 461 1920 quae
489 1885 679 1919 multipliciter
701 1885 735 1912 de
759 1892 813 1911 una
834 1885 987 1920 eademque
1003 1892 1032 1912 re

237 1931 429 1958 enuntiantur.
443 1930 519 1958 Multi
538 1931 674 1966 siquidem
690 1931 718 1958 in
732 1931 856 1966 quolibet
870 1931 942 1958 libro
958 1932 1031 1958 tituli

236 1980 313 2008 sunt,
339 1983 457 2011 quorum
489 1976 637 2012 inscriptio
663 1981 783 2012 quatuor
811 1977 983 2009 nominibus,
1001 1985 1033 2005 ac

238 2023 357 2050 fortasse
373 2023 458 2051 etiam
477 2022 606 2057 pluribus
622 2028 732 2051 constet
747 2032 801 2057 :_v.
823 2032 864 2058 gr.
884 2023 921 2051 De
937 2032 1032 2060 super-

238 2070 287 2101 his,
302 2074 327 2096 et
341 2069 480 2104 fastuosis,
496 2074 520 2097 et
535 2071 721 2105 arrogantibus
731 2091 739 2103 ,
772 2075 798 2097 et
824 2071 913 2098 inanis
939 2071 1033 2104 gloria:

237 2116 351 2151 cupidis.
368 2116 431 2143 Haec
446 2116 519 2144 enim
534 2116 597 2144 licet
612 2124 626 2143 a
641 2117 758 2146 diversis
776 2117 1031 2152 litterisincipiant,

239 2162 344 2190 ratione
353 2166 443 2190 tamen
454 2163 575 2191 materia
584 2163 657 2191 idem
664 2168 740 2191 sunt.
750 2161 920 2191 Unde-etiam
929 2163 1030 2191 factum

236 2212 298 2240 cst,
325 2211 355 2235 ut
383 2208 527 2236 nominum
551 2209 755 2244 verborumque
784 2210 987 2245 appositionem
1017 2217 1032 2236 a

238 2248 381 2290 Scriptura
402 2263 481 2283 sacra
508 2260 535 2283 et
558 2256 663 2283 sanctis
690 2255 821 2283 Patribus
844 2256 1031 2283 communiter

237 2300 406 2336 acceperint.
428 2301 615 2337 Rursumque,
643 2301 679 2328 De
706 2302 855 2334 temerario,
890 2306 915 2329 et
940 2303 1029 2335 impu-

236 2347 329 2382 dente,
346 2352 371 2375 et
390 2348 603 2381 excandescente,
627 2352 652 2375 et
676 2348 814 2382 iracundo,
839 2353 865 2375 et
888 2348 1029 2376 clmlen'co.

236 2391 305 2420 Nam
319 2397 347 2422 et
366 2398 466 2422 cuncta
487 2395 546 2422 haec
566 2395 788 2423 consideratione
806 2403 891 2422 unum
908 2399 935 2422 et
958 2395 1029 2422 idem

237 2446 311 2467 sunt.
326 2441 415 2475 Atque
429 2449 466 2469 ne
482 2441 614 2470 lectiones
626 2442 736 2470 easdem
753 2442 786 2469 iis
799 2442 958 2475 tribuendo,
971 2449 1031 2477 qua:

237 2487 382 2515 vocabulis
401 2487 546 2521 duntaxat,
571 2496 603 2515 ac
628 2497 681 2515 non
708 2490 773 2516 item
789 2489 872 2516 rebus
892 2488 1033 2523 disjuncta

238 2536 314 2564 sunt,
329 2533 355 2560 in
371 2534 557 2568 prolixitatem
575 2535 742 2566 incidamus.
756 2535 914 2563 necessario
922 2535 1033 2570 excogi-

238 2583 294 2606 tata
309 2579 487 2608 transmissio
506 2584 569 2608 est:
586 2581 668 2616 cujus
684 2581 808 2608 videlicet
822 2589 875 2617 ope
890 2585 917 2609 et
930 2581 1033 2609 auxilio

240 2626 291 2652 hoc
307 2629 495 2661 comparatur,
520 2630 551 2654 ut
576 2627 648 2655 tituli
675 2636 723 2656 seu
744 2627 835 2663 capita
859 2628 1033 2663 alphabetico

237 2670 334 2698 ordine
344 2670 472 2698 edantur.
487 2671 624 2705 Quocirca
637 2674 671 2700 iis
686 2674 732 2709 qui
748 2674 900 2701 litterarum
911 2673 1029 2700 indicem

239 2720 344 2750 tegunt,
363 2715 518 2744 faciendum
532 2723 584 2750 est,
603 2723 633 2745 ut
653 2719 879 2746 transmissiones
898 2718 949 2753 ipsi
964 2718 1031 2746 sub-

1066 272 1115 299 τοῦ
1131 272 1211 308 βῆτα,
1231 274 1272 305 εἰς
1285 272 1317 299 τὸ
1340 273 1424 308 βῆτω
1438 272 1539 308 ὁμοίως
1557 272 1604 299 καὶ
1625 272 1659 298 τὰ
1674 271 1735 307 ἑξῆς
1750 271 1842 301 ἅπαντα

1070 320 1201 354 στοιχεῖα.
1225 318 1269 346 Ἐν
1289 318 1362 346 τέλει
1391 318 1419 345 δὲ
1437 318 1447 338 ι
1474 318 1591 345 ἑκάστου
1615 317 1773 353 γράμματος
1798 319 1843 345 εἱσι

1067 363 1154 390 τίτλοι
1175 364 1426 400 παραπεμπόμενοι
1438 383 1445 396 ,
1463 363 1527 398 περὶ
1539 360 1577 389 ὢν
1596 361 1693 398 μικρὸν
1706 361 1808 397 ὕστερον
1821 364 1844 389 ὲν

1069 410 1126 442 τοῖς
1137 409 1233 442 τόποις
1245 410 1393 445 γενόμενος
1409 409 1513 446 βραχέα
1532 408 1604 444 ἐρῶ,
1619 407 1712 442 σαφῶς
1726 407 1754 434 τὸ
1766 408 1793 440 ἐξ
1803 407 1845 434 αὗ-

1070 456 1126 483 τῶν
1138 457 1275 492 χρήσιμον
1289 455 1444 491 παριστῶν.
1465 456 1514 482 Ὃν
1532 454 1561 481 δὲ
1575 454 1678 490 τρόπον
1702 451 1768 485 οἶνος
1781 453 1846 480 ὕδατι

1072 502 1250 538 συγκραθεὶς,
1265 502 1332 538 ἡδύς
1345 503 1403 529 ἐστι
1423 502 1471 529 καὶ
1487 502 1624 536 ἐπιτερπῆ
1642 500 1691 535 τὴν
1704 501 1779 535 χάριν
1791 500 1848 526 ἀπο-

1070 549 1144 577 τελεῖ
1153 558 1159 564 ·
1177 548 1267 581 οὕτως
1282 549 1355 584 καὶὴ
1373 548 1533 582 κατασκευὴ
1547 547 1608 574 ὅλου
1616 546 1667 573 τοῦ
1681 545 1849 580 συγγράμμα-

1071 604 1128 627 τος,
1144 595 1299 631 σύμμικτος
1311 592 1379 622 οὖσα
1390 594 1445 621 ἀπὸ
1457 594 1508 629 τῆς
1525 592 1602 624 θείας
1618 591 1740 628 Γραφῆς,
1753 591 1795 618 καὶ
1804 591 1850 618 τῶν

1070 642 1154 669 ὁσίων
1177 642 1224 669 καὶ
1239 641 1378 677 θεοφόρων
1396 640 1503 676 ἀνδρῶν
1517 661 1525 673 ,
1543 639 1645 674 πολλὴν
1662 638 1728 673 ἔχει,
1741 638 1793 669 τοῖς
1810 637 1851 671 μὲν

1073 688 1247 724 βουλομένοις
1261 687 1460 722 ἀναγινώσκειν
1476 685 1669 722 ψυχαγωγίαν,
1684 685 1739 715 τοῖς
1752 684 1778 710 δὲ
1787 684 1852 719 φιλο-

1073 734 1212 767 πονοῦσιν,
1229 736 1269 766 εις
1289 734 1319 761 τδ
1343 734 1388 761 διὰ
1402 734 1513 769 μνήμης
1537 732 1683 760 ἀναλαϐεῖν
1697 730 1852 766 εὐμάρειαν·

1074 782 1142 807 πᾶσι
1163 780 1192 807 δὲ
1208 782 1265 812 τοῖς
1293 780 1519 815 ἐντυγχάνουσιν,
1543 778 1689 813 ὠφέλειαν.
1707 777 1761 804 Καὶ
1776 777 1798 803 εί
1814 776 1854 811 μὲν

1074 825 1164 858 καλῶς
1179 826 1228 853 καὶ
1240 826 1438 862 προσηκόντως
1450 825 1643 856 συντέτακται,
1656 823 1735 850 τοῦτο
1744 823 1790 857 τῆς
1800 821 1856 849 ἄνω-

1075 872 1121 899 θεν
1139 873 1258 908 ὑπάρχει
1273 873 1370 908 ῥοπῆς.
1388 873 1420 899 Εἰ
1431 873 1459 899 δὲ
1476 871 1629 907 βαναύσως,
1646 870 1693 897 καὶ
1706 869 1736 896 οὺ
1753 868 1808 896 λίαν
1820 868 1857 894 εὐ-

1077 919 1191 954 στόχως,
1210 919 1290 947 τοῦτο
1313 920 1345 946 τὺ
1360 920 1411 955 τῆς
1425 919 1497 955 ἐμῆς
1522 911 1678 949 ἀσθενείας.
1706 916 1806 950 Ὀνομα
1824 913 1857 949 τῷ

1042 964 1062 991 Β
1077 965 1131 1001 ὅλῳ
1146 966 1318 1002 συντάγματι
1334 964 1371 993 τὰ
1389 965 1463 1000 ιερὰ.

1044 1013 1145 1041 debet:
1164 1015 1207 1042 sin
1243 1022 1308 1042 vero
1342 1014 1436 1050 pingui
1466 1013 1600 1044 Minerva,
1623 1017 1774 1047 parumque
1797 1007 1858 1036 l'eliei

1042 1057 1141 1086 Totum
1157 1067 1240 1094 porro
1255 1060 1383 1087 volumen
1401 1067 1481 1086 sacra
1496 1061 1685 1092 nuncupatur.

1121 1107 1220 1134 ’ἰστέον
1236 1107 1264 1133 δὲ
1276 1107 1313 1138 ὡς
1330 1110 1350 1121 ⁵
1365 1106 1413 1132 καὶ
1434 1105 1488 1132 ἀπὸ
1500 1105 1555 1131 τῶν
1568 1104 1616 1131 τοῦ
1628 1102 1745 1133 Φίλωνος
1756 1101 1800 1127 καὶ
1809 1101 1857 1127 Ἰω-

1079 1154 1189 1188 σήππου
1210 1160 1309 1185 συνταγ
1317 1151 1410 1186 μάτων
1431 1154 1445 1169 ιλ
1473 1148 1660 1184 ἡθροίσθησαν
1689 1145 1802 1181 γνῶμαι,
1818 1145 1859 1174 εὶς

1080 1200 1159 1232 κλέος
1173 1200 1222 1234 τῆς
1240 1199 1306 1234 παρ’
1324 1198 1390 1233 ἡμῖν
1405 1195 1547 1233 ἀληθείας,
1572 1194 1620 1221 καὶ
1635 1193 1689 1220 ὑπὸ
1706 1191 1837 1227 δυσμενῶν
1848 1192 1859 1206 ⁰

1080 1248 1184 1281 ἀνενφη
1189 1253 1240 1281 μου
1245 1245 1339 1280 μένης.

1248 1291 1284 1318 Ἢ
1307 1290 1398 1323 λύσις
1417 1287 1478 1316 τῶν
1494 1284 1714 1322 παραπομπῶν.

1121 1337 1266 1366 Ἐντεῦθεν
1285 1337 1313 1363 αἱ
1340 1334 1527 1371 παραπομπαὶ
1552 1332 1606 1359 τῶν
1621 1332 1730 1363 τίτλων,
1746 1329 1798 1356 τῶν
1814 1326 1858 1354 ἀπὸ

1080 1385 1127 1413 τοῦ
1141 1383 1225 1412 αὐτοῦ
1244 1382 1377 1418 στοιχείου
1390 1380 1562 1416 ἀρχομένων,
1581 1379 1629 1406 καὶ
1645 1376 1762 1412 ἀλλαχοῦ
1777 1373 1859 1408 κειμέ-

1080 1440 1133 1459 νων
1146 1439 1175 1457 τε
1188 1450 1197 1462 ,
1228 1428 1276 1456 καὶ
1305 1427 1521 1464 εὑρισκομένων.
1540 1423 1711 1459 Λεχθήσεται
1734 1420 1760 1447 δὲ
1772 1419 1797 1445 τί
1811 1419 1860 1464 ἐστι

1081 1475 1269 1513 παραπομπὴ,
1279 1474 1326 1500 καὶ
1333 1462 1367 1500 δι’
1379 1472 1412 1509 ἣν
1425 1471 1514 1499 αἰτίαν
1526 1469 1683 1505 ἐξεύρηται.
1696 1462 1859 1513 Παραπομπή

1081 1524 1140 1550 ἐστι
1155 1521 1229 1554 λέξις
1244 1519 1389 1556 ὀδηγοῦσα,
1400 1518 1448 1545 καὶ
1458 1517 1576 1544 ἕλκουσα
1591 1516 1667 1550 ἡμᾶς
1684 1513 1748 1540 ἔνθα
1759 1512 1860 1538 ἕκαστον

1082 1570 1136 1596 τῶν
1156 1567 1333 1604 ζητουμένων
1352 1566 1522 1601 εὑρίσκεται.
1542 1561 1649 1597 Πολλὴν
1669 1561 1698 1587 δὲ
1712 1560 1802 1595 χρεῖαν
1813 1557 1862 1604 εἰσ-

1082 1618 1163 1653 φέρει
1232 1601 1415 1648 συντάγματι.
1434 1611 1470 1638 Οὐ
1487 1610 1568 1645 μόνον
1580 1608 1634 1644 γὰρ
1651 1606 1782 1641 σύντομον
1793 1601 1864 1630 κατά-

1082 1662 1165 1698 ληψιν
1180 1661 1335 1697 χαρίζεται,
1349 1658 1418 1685 ἀλλὰ
1432 1658 1480 1684 καὶ
1492 1657 1579 1692 μῆκος
1588 1655 1672 1688 λόγου
1687 1652 1862 1698 ὑποτέμνεται,

1085 1695 1319 1744 συγχωροῦσα
1341 1703 1526 1737 παλιλλογεῖν,
1544 1701 1592 1728 καὶ
1611 1701 1647 1727 τὰ
1665 1699 1735 1726 αὐτὰ
1750 1695 1864 1744 πολλάκις

1083 1740 1212 1789 λέγοντας
1222 1740 1340 1787 ἐνοχλεῖν
1355 1750 1419 1782 τοὺς
1433 1748 1593 1779 ἀκούοντας.
1611 1747 1743 1773 Μάλιστα
1755 1744 1782 1771 δὲ
1796 1740 1864 1776 ἐξηύ-

1085 1810 1166 1837 ρηται
1176 1799 1221 1826 διὰ
1232 1798 1266 1825 τὰ
1278 1797 1455 1833 ὁμοιότροπα,
1469 1795 1554 1831 ἢγουν
1566 1794 1602 1821 τὰ
1613 1793 1664 1820 ἐπὶ
1679 1792 1737 1824 ἐνὸς
1751 1790 1864 1827 πράγμαο

1083 1856 1129 1879 τος
1142 1845 1285 1881 πολλαχῶς
1304 1844 1453 1879 λεγόμενα.
1470 1843 1599 1876 Διάφοροι
1614 1840 1672 1876 γάρ
1689 1837 1829 1866 εισιτίτλοι
1841 1837 1864 1861 ὲν

1084 1895 1194 1928 ἑκάστῳ
1212 1892 1295 1928 βίϐλῳ
1309 1892 1342 1918 ἐκ
1358 1890 1501 1926 τεσσάρων
1520 1888 1674 1924 ὀνομάτων,
1701 1887 1766 1917 ἴσως
1780 1885 1806 1911 δὲ
1825 1882 1864 1928 καί

1084 1940 1117 1966 ἐκ
1132 1926 1265 1965 πλειόνων
1282 1926 1341 1968 τὰς
1370 1935 1527 1971 ἐπιγραφὰς
1554 1934 1679 1969 ἔχοντες·
1707 1929 1772 1964 οἷον,
1804 1926 1864 1961 Περὶ

1083 1984 1297 2020 ὑπερηφάνων.
1321 1982 1371 2009 καὶ
1387 1980 1535 2015 σοϐαρῶν,
1563 1980 1613 2007 καὶ
1642 1978 1803 2009 ἀλαζόνων,
1824 1975 1865 2001 καὶ

1084 2030 1265 2062 κενοδόξων.
1283 2028 1378 2056 Ταῦτα
1396 2027 1451 2063 γὰρ
1466 2028 1491 2053 εἰ
1505 2027 1552 2054 καὶ
1572 2025 1625 2053 ἀπὸ
1641 2024 1770 2060 διαφόρου
1786 2021 1864 2057 γράμ-

1086 2087 1170 2115 ματος
1184 2079 1276 2113 ἐχουσι
1286 2076 1336 2110 τὴν
1347 2074 1444 2111 ἀρχὴν,
1458 2073 1557 2100 ταυτόν
1570 2073 1628 2099 ἐστι
1642 2071 1682 2107 τῷ
1694 2068 1862 2104 ὑποκειμένῳ.

1084 2114 1130 2153 Διὶ)
1142 2125 1189 2152 καὶ
1199 2124 1248 2159 τὴν
1266 2122 1320 2149 τῶν
1345 2122 1475 2158 ῥημάτων
1493 2119 1644 2154 παράθεσιν
1660 2118 1714 2145 ἀπο
1730 2119 1777 2149 τῆς
1801 2114 1864 2143 θείας

1085 2171 1197 2207 Γραφῆς
1216 2169 1263 2196 καὶ
1288 2168 1343 2195 τῶν
1361 2166 1442 2194 ὁσίων
1466 2166 1596 2200 Πατέρων
1621 2164 1722 2195 κοινῶς
1744 2161 1864 2207 ἐδέξαντοΣ

1049 2227 1071 2256 D
1085 2201 1251 2247 ιζωᾉέάλω,
1268 2214 1339 2248 Περὶ
1365 2211 1548 2247 προπετοῦς,
1575 2210 1624 2237 καὶ
1647 2207 1799 2256 ἀναώοᾷς,
1824 2201 1865 2255 ita:

1085 2263 1250 2299 θυμώδους,
1267 2261 1316 2288 καὶ
1333 2260 1467 2295 ὀργίλου,
1479 2257 1528 2285 καὶ
1542 2254 1777 2303 ὁξυχόλου.-1ξαὶ
1791 2250 1865 2303 ταῦξα

1085 2309 1139 2344 γὰρ
1155 2308 1245 2335 πάντα
1265 2307 1294 2333 ὲν
1310 2306 1344 2340 τῇ
1360 2303 1463 2339 θεωρίᾳ
1486 2302 1650 2337 ὑπάρχουσι.
1668 2300 1723 2327 Καὶ
1731 2299 1779 2346 νῖνα
1795 2299 1829 2332 μὴ
1842 2299 1865 2346 ἐξ

1084 2355 1123 2391 τῷ
1135 2354 1230 2390 νέμειν
1242 2352 1276 2379 τὰ
1290 2351 1360 2378 αὐτὰ
1375 2348 1580 2384 ἀναγνώσματα
1592 2348 1647 2378 τοῖς
1661 2346 1689 2373 ὲν
1707 2345 1865 2391 ρήμασι,και

1084 2387 1136 2428 οέκ
1150 2387 1179 2427 ἐν
1196 2398 1341 2434 πράγμασι
1353 2395 1581 2432 κεχωρισμένοις,
1593 2387 1865 2439 μαιιροίδςμᾰποτείιιωῖ

1087 2456 1138 2483 μεν
1149 2430 1434 2481 λόγουςίάναγκαίως-
1446 2443 1463 2477 ἡ
1475 2438 1651 2476 παραπομπὴ
1665 2436 1820 2483 ὲξηιλρηταιέ
1838 2430 1858 2456 δι

1085 2478 1119 2527 ἧς
1144 2478 1316 2526 περιγίνεται
1346 2488 1413 2523 ἡμῖν
1427 2487 1444 2521 ἡ
1464 2485 1536 2513 κατὰ
1556 2484 1688 2519 στοιχεῖον
1702 2481 1756 2508 τῶν
1768 2478 1863 2528 τίτλων,

1086 2538 1170 2573 ἤγουν
1183 2535 1237 2562 τῶν
1254 2534 1420 2569 κεφαλαίων,
1434 2532 1552 2563 ἔκθεσις.
1564 2530 1702 2565 Προσήκει
1712 2526 1799 2554 τοίνυν
1811 2526 1864 2552 τοῦς

1084 2572 1300 2617 ἐντυγχάνοντας
1318 2579 1357 2615 τῷ
1374 2579 1469 2606 πίνακι
1484 2576 1635 2613 στοιχείων,
1651 2575 1699 2602 καὶ
1714 2572 1763 2604 τὰς
1785 2575 1863 2617 παρα-

1085 2615 1199 2661 πομπάς
1225 2628 1275 2658 τὰς
1296 2625 1522 2659 ὑποτεταγμένας
1551 2622 1626 2657 αὐτῷ
1649 2615 1862 2648 ἐπισκέπτεσθαι.

1085 2660 1128 2702 Τὸν
1137 2676 1192 2710 γὰρ
1205 2673 1371 2709 ζητούμενον
1383 2672 1531 2707 κεφάλαιον
1545 2671 1573 2697 ὲν
1589 2669 1629 2696 ἑνὶ
1639 2667 1742 2696 τούτων
1761 2660 1861 2697 εὑρεθέν

1088 2727 1174 2744 σεται.

1044 1543 1065 1572 C

239 2759 323 2793 iectas
339 2761 499 2796 inspiciam.
516 2762 604 2798 Caput
619 2763 693 2790 enim
709 2764 781 2798 quod
801 2763 948 2798 quaesitum
966 2765 1029 2794 erit,
1051 2762 1078 2790 in
1097 2763 1192 2789 barum
1211 2761 1302 2796 aliqua
1323 2761 1487 2796 reperietur.

887 2832 1009 2860 νλιιιΑε
1037 2831 1240 2860 LECTIONE-‘S.

289 2894 298 2913 1
315 2894 377 2922 Haec
392 2895 491 2922 desunt
507 2896 534 2922 in
544 2893 624 2928 ,Rup.
644 2902 733 2927 usque
745 2892 790 2924 ad.
805 2893 834 2919 ὃν
847 2894 876 2920 δὲ
887 2893 998 2928 τρόπος.

1055 2899 1075 2913 ω
1097 2892 1276 2927 Rupefut-ald.
1292 2892 1343 2918 ὅτι.
1371 2894 1385 2909 ιι
1401 2891 1467 2919 ibid.
1491 2889 1755 2927 ουγγριιιμμάτων.¹¹

246 2918 834 2966 γςερειιῖςῑδξῐιῖξιτέεδίνῑιιςῖξξινερές
849 2918 1026 2964 manus,“

1077 2937 1081 2955 ι
1093 2933 1119 2956 ct
1128 2918 1249 2955 iitaltcra
1260 2927 1419 2962 praefatione
1433 2934 1479 2955 seu
1491 2918 1740 2961 prologo-anonymi
1749 2918 1860 2951 habiti“-
