3998 6396
414 382 548 447 1069

995 500 1301 572 Στοιχεῖον
1325 501 1394 556 Ω.

399 595 540 669 Περὶ
600 596 750 669 ῷρας
803 597 896 669 καὶ
950 597 1175 669 ἡμέρας
1208 595 1467 669 θανάτου,
1509 595 1754 669 καξιμτῆς
1803 593 1984 669 ἐξόδου

505 664 695 736 ww
732 664 1106 736 κανὸτεάρὴ
1139 668 1305 736 ,ἡμᾶς
1369 664 1792 736 εὐτρεπίζεσθαι
1851 666 1988 735 πρὸς

500 729 694 807 αύτὴν,
719 738 814 790 καὶ
843 738 900 793 ἐν
920 729 964 805 ᾧ
1001 729 1305 808 λαμϐάνειν
1325 737 1425 808 τὴν
1457 729 1820 808 μετάστασιν.

471 872 623 935 Ἕως
644 863 748 925 ὦδε
784 872 812 925 ὁ
835 869 1016 941 κώδηξ
1065 869 1174 923 τῶν
1206 870 1334 942 τῇδε
1358 872 1424 942 τῇ
1463 868 1632 940 βίϐλῳ
1658 866 1992 938 ἐντεταγμέ-

396 982 505 1018 νων
527 981 541 995 ·
561 961 1001 1033 -ὲπελευσώμεθα
1025 962 1216 1017 λοιπὸν
1248 963 1342 1016 ἐπὶ
1372 961 1470 1025 τὰς
1500 961 1738 1016 ἑκάστου
1782 959 1991 1022 τούτων

398 1056 542 1112 κατὰ
562 1066 583 1093 ι’
607 1056 850 1128 στροφὴν
871 1057 970 1109 καὶ
991 1054 1302 1121 συντάξεις,
1328 1055 1718 1119 πλατύνοντες,
1750 1055 1845 1109 καὶ
1874 1053 1992 1106 δια-

396 1147 724 1218 τρανοῦντες
749 1145 949 1212 ταῦτα,
973 1147 1048 1210 ὡς
1067 1140 1185 1201 οἷόν
1213 1164 1297 1207 τε,
1321 1147 1387 1200 ἐκ
1418 1144 1529 1199 τῶν
1547 1145 1637 1199 διὰ
1671 1144 1993 1214 Πνεύματος

397 1239 560 1308 ἁγίου
616 1239 1013 1310 ἐμφερομένων
1045 1242 1104 1294 ἐν
1132 1241 1300 1310 ἱεροῖς
1346 1238 1669 1310 προφητῶν,
1710 1236 1806 1290 καὶ
1855 1237 1994 1291 ἀπο-

400 1331 628 1395 στόλων,
663 1333 761 1384 καὶ⁹
795 1331 1227 1400 εὐαγγελιστῶν,
1274 1333 1371 1386 καὶ
1397 1330 1740 1386 διδασκάλων
1762 1330 1991 1396 δέλτοις,

347 1437 356 1448 ’
398 1424 775 1494 προαγούσης,
805 1423 903 1478 καὶ
955 1424 1392 1496 προλαμπούσης
1449 1424 1668 1477 πάντων
1729 1421 1829 1490 τῆς
1864 1424 1996 1493 περὶ

397 1516 499 1592 τὴν
520 1516 956 1586 τρισυπόστατον
996 1517 1128 1587 μίαν
1149 1556 1165 1582 ,
1199 1518 1295 1572 καὶ
1322 1515 1654 1586 ἁσύγχυτον,
1683 1517 1778 1568 καὶ
1803 1515 1996 1585 ὁμοσύ-

1672 384 1912 444 SACRA
1943 380 2406 442 PARALLELA.

3552 367 3688 434 10ῗο

2737 491 2937 548 Littera
2983 495 3048 548 Ω.

2091 589 2131 642 Ι.
2165 588 2241 643 De
2273 589 2407 642 hora
2427 594 2482 643 οι
2497 585 2586 641 die
2605 585 2823 650 mortis.
2847 593 2902 640 et
2921 600 3186 641 excessus
3221 583 3400 640 nostri
3424 602 3439 639 :
3462 589 3518 638 et
3541 584 3690 653 quod

2199 658 2264 712 ad
2295 675 2415 712 eam
2445 666 2700 727 Oporteat
2731 672 2833 710 nos
2871 658 3168 724 praeparari
3209 675 3221 711 :
3253 666 3305 712 et
3330 671 3440 725 quo
3465 656 3521 710 in
3542 663 3692 710 statu

2199 730 2501 784 debeamus
2538 745 2568 782 c
2605 729 2716 780 vita
2759 727 3021 797 migrare.

2169 863 2470 936 [lucusque
2509 864 2819 920 indiculum
2853 864 3147 934 posuimus
3190 881 3384 922 eorum
3421 882 3544 938 quae
3585 864 3691 922 hec

2097 959 2152 1012 in
2182 957 2328 1013 libro
2350 964 2715 1014 recensentur
2746 974 2760 1013 :
2799 955 2970 1012 modo
2999 964 3354 1017 transeamus
3384 961 3452 1016 ad
3490 976 3693 1017 unum-

2095 1052 2358 1122 quodque
2398 1059 2568 1122 caput
2624 1051 3046 1107 edisserendum
3092 1059 3149 1106 et
3197 1054 3691 1117 conscribendum,

2096 1145 2317 1214 singula
2375 1145 2724 1215 explicantes
2777 1144 3262 1215 declarantesque,
3329 1145 3514 1216 quoad
3571 1147 3696 1216 ejus

2095 1237 2302 1306 poterit
2334 1236 2476 1302 ﬁeri,
2508 1251 2575 1291 ex
2610 1237 2680 1292 iis
2711 1251 2838 1308 qum
2869 1235 3086 1307 Spiritu
3129 1245 3328 1292 sancto
3384 1246 3612 1294 auctore
3639 1238 3698 1293 in

2097 1332 2277 1388 sacris
2309 1331 2709 1403 prophetarum
2760 1339 2816 1388 et
2869 1333 3276 1401 apostolorum,
3317 1342 3485 1403 atque
3529 1349 3698 1389 evan-

2098 1423 2424 1494 gelistarum
2455 1423 2864 1494 doctorumque
2883 1425 3261 1481 voluminibus
3286 1423 3584 1493 feruntur;
3639 1434 3701 1479 ut

2097 1527 2282 1574 tamen
2317 1531 2528 1584 sermo,
2556 1517 2726 1573 veluti
2757 1516 2849 1573 fax
2874 1525 2925 1572 ct
2959 1518 3196 1589 lampas,
3229 1519 3604 1589 prmmitlatur
3632 1519 3702 1573 de

403 1622 519 1658 σιον
569 1605 803 1674 θεότητα
844 1606 1160 1675 θεολογίας’
1189 1608 1272 1661 ὅτι
1325 1607 1384 1672 ἐξ
1438 1606 1614 1676 αὐτῆς
1641 1609 1674 1677 ἡ
1711 1605 1853 1671 Θεία,
1907 1606 1997 1661 καὶ

2139 1623 2209 1662 na
2244 1615 2300 1663 ct
2334 1608 2388 1662 in
2421 1607 2603 1663 tribus
2631 1609 2892 1678 personis
2942 1608 3083 1664 citra
3132 1610 3520 1666 confusionem
3568 1611 3701 1666 sub-

402 1702 693 1770 σωτήριος,
720 1701 815 1753 καὶ
857 1699 1122 1762 ζωοποιὸς
1174 1698 1442 1769 ἐχαρίσθη
1490 1701 1626 1769 ἡμῖν
1678 1698 1866 1760 πίστις
1900 1697 1998 1751 καὶ

2136 1700 2357 1764 istente,
2391 1699 2974 1769 eonsubstantialique
2995 1697 3220 1754 deitate.
3255 1699 3332 1753 Ex
3367 1697 3488 1770 ipsa
3520 1699 3701 1768 siqui-

397 1791 686 1862 ὁμολογία,
721 1793 755 1862 ἡ
779 1791 838 1844 δὲ
869 1791 1015 1844 κατὰ
1047 1791 1210 1861 φύσιν
1241 1793 1337 1844 καὶ
1386 1789 1528 1854 εἶδος
1568 1790 1742 1861 αὐτῆς
1790 1789 1998 1860 ἵδρυσις

2139 1806 2224 1846 em
2257 1789 2445 1845 divina
2474 1791 2876 1861 salutarisque,
2902 1799 2957 1846 et
2993 1790 3209 1846 viviﬁea
3235 1790 3371 1847 ﬁdes
3400 1799 3456 1846 et
3481 1791 3702 1846 confes-

399 1885 684 1955 ὲπάὐτῆς
740 1884 948 1938 εἵσεται
980 1895 1002 1922 ⁸
1038 1884 1177 1956 μόνῃ
1225 1887 1292 1956 τῇ
1332 1884 1467 1955 ἁγίᾳ
1501 1884 1596 1937 καὶ
1640 1885 1997 1955 προσκυνητῇ

2137 1880 2194 1935 io
2221 1895 2493 1936 concessa
2533 1882 2698 1937 nobis
2737 1891 2846 1945 est,
2891 1883 3053 1952 cujus
3110 1882 3345 1937 ﬁrmitas
3393 1882 3702 1939 secundum

401 1976 620 2047 Ἰ’ριάδι,
677 1977 823 2030 κατὰ
858 1977 921 2031 τὸ
959 1978 1288 2049 εἰρημένον,
1335 1976 1512 2040 οὐδεὶς
1556 1975 1818 2046 γινώσκει
1850 1995 1868 2026 ι
1899 1976 1996 2039 Τίς

2136 1978 2360 2026 laturam
2391 1979 2448 2026 et
2484 1972 2726 2042 speciem
2771 1987 2932 2028 suam
2983 1971 3042 2027 in
3096 1972 3202 2027 hac
3247 1972 3366 2028 sola
3417 1980 3612 2028 sancta
3647 1978 3704 2025 et

401 2069 600 2121 ἐστινὸ
626 2067 777 2132 Υίδς,
803 2069 854 2121 εἰ
911 2067 1037 2138 μὴὸ
1070 2069 1265 2140 Πατήρ
1290 2085 1304 2101 ο
1337 2067 1460 2121 οὐδὲ
1499 2068 1594 2121 τὸν
1652 2067 1871 2140 Πατέρα
1917 2083 1998 2130 τις

2143 2063 2389 2119 doranda
2423 2061 2700 2119 Trinitate
2725 2065 2997 2120 consistat
3038 2082 3052 2118 :
3087 2065 3395 2120 secundum
3429 2063 3578 2120 istud
3619 2063 3704 2120 ef—

403 2160 791 2230 ὲπιγινώσκει,
857 2163 908 2214 ει
967 2161 1092 2232 μὴὸ
1125 2162 1276 2225 Υἱός.
1327 2162 1476 2227 Καὶ,
1505 2161 1588 2215 Τὰ
1630 2160 1768 2214 Θεοῦ
1819 2160 2000 2223 οὐδεὶς

2136 2165 2282 2210 atum
2319 2174 2334 2211 :
2373 2173 2396 2207 ι
2434 2155 2606 2211 Nemo
2639 2156 2792 2210 novit
2829 2155 2959 2225 quis
2991 2156 3072 2211 sit
3102 2155 3299 2220 Filius,
3348 2156 3458 2212 nisi
3514 2155 3701 2220 Pater,

409 2253 585 2321 ἔγνω,
623 2255 673 2306 εἰ
710 2255 783 2325 μὴ
816 2252 878 2306 τὸ
915 2252 1143 2323 Πνεῦμα
1211 2253 1308 2306 τοῦ
1363 2252 1538 2316 Θεοῦ,
1581 2254 1643 2307 τὸ
1669 2253 1907 2326 ἐρευνῶν
1930 2253 2000 2306 τὰ

2136 2265 2289 2322 teque
2327 2249 2546 2306 Patrem
2575 2249 2704 2321 quis
2733 2250 2906 2312 novit,
2937 2250 3046 2305 nisi
3078 2248 3253 2305 Filius
3279 2249 3321 2303 ³.
3361 2269 3380 2301 ι
3412 2249 3662 2321 Itemque
3689 2269 3702 2304 :

413 2343 552 2414 βάθη
581 2343 678 2396 τοῦ
704 2343 864 2397 Θεοῦ.
893 2361 913 2393 ι
938 2336 1009 2414 ’ᾯ
1039 2344 1244 2414 πρέπει
1301 2345 1452 2398 πᾶσα
1508 2343 1661 2409 δόξα,
1715 2345 1871 2415 τιμὴ,
1905 2345 2000 2397 καὶ

2165 2342 2300 2410 Quae
2339 2341 2434 2398 Dei
2458 2350 2590 2398 sunt
2619 2356 2784 2397 nemo
2814 2341 2989 2405 novit,
3027 2341 3136 2398 nisi
3185 2340 3425 2412 Spiritus
3456 2340 3580 2407 Dei,
3608 2341 3706 2411 qui

406 2434 806 2505 προσκύνησις,
855 2436 953 2489 σὺν
985 2434 1068 2505 τῷ
1088 2437 1314 2506 ἁνάρχῳ
1340 2436 1537 2505 Haupt,
1602 2435 1700 2490 καὶ
1734 2435 1811 2506 τῷ
1845 2453 2000 2505 μονο-

2136 2441 2398 2489 mutatur
2423 2433 2698 2504 profunda
2726 2432 2883 2488 Dei‘.
2921 2452 2940 2486 ι
2974 2431 3135 2488 Hunc
3167 2432 3327 2488 decet
3352 2433 3554 2497 honor,
3588 2432 3708 2502 glo-

404 2525 557 2592 τενεῖ
579 2523 674 2578 καὶ
715 2524 971 2596 συνάρχῳ
1010 2525 1146 2596 Υίῷ,
1178 2525 1276 2579 νῦν
1298 2543 1382 2593 τε,
1435 2525 1532 2581 καὶ
1551 2528 1634 2590 εἰς
1687 2529 1817 2590 τοὺς
1869 2528 2000 2580 ἁτε-

2142 2528 2216 2590 ia,
2246 2536 2302 2583 et
2332 2527 2609 2592 adoratio,
2643 2541 2770 2582 cum
2812 2527 2975 2583 Patre
3003 2527 3166 2598 cujus
3195 2525 3532 2597 principium
3579 2524 3709 2580 nul-

405 2616 702 2686 λευτήτους
751 2618 850 2672 καὶ
914 2617 1264 2689 ἀπεράντους
1326 2618 1530 2682 αἰῶνας
1593 2618 1703 2672 τῶν
1760 2619 1996 2674 αἰώνων.

2136 2637 2224 2676 um
2261 2628 2367 2688 est,
2395 2630 2451 2678 ct
2500 2615 2793 2692 unigenito
2825 2620 2988 2687 Filio,
3021 2621 3116 2692 qui
3163 2637 3234 2678 ex
3263 2620 3459 2677 eodem
3490 2633 3556 2674 ac
3586 2619 3708 2689 ipse

419 2706 616 2780 Ἀμήν·
2113 2711 2389 2781 principio
2429 2718 2534 2776 est,
2584 2726 2732 2766 nunc
2779 2717 2834 2766 et
2883 2711 2941 2765 in
2985 2710 3342 2766 interminata
3384 2717 3441 2765 et
3487 2707 3704 2764 inﬁnita

2110 2803 2315 2857 saecula
2349 2804 2700 2858 saeculorum.
2729 2804 2924 2859 Amen.

1737 2931 1973 2989 VAIiUE
2013 2934 2424 2993 LECTIONES.
2623 2996 2628 3002 ,

491 3016 820 3093 rSuspecta
852 3035 982 3090 vox,
1018 3031 1115 3079 aut
1145 3022 1378 3080 delenda
1404 3026 1606 3097 copqu
1642 3026 1756 3080 καί.
1841 3033 1862 3060 ⁸
1896 3027 2000 3082 For

2136 3030 2201 3081 ,π’
2237 3030 2374 3101 αὐτῇ
2399 3030 2636 3098 ἵσταται,
2669 3032 2752 3088 γει
2781 3031 2986 3089 ἔσεται.

445 3239 486 3254 μ

448 3241 3686 3279 W

1263 3400 1774 3495 ΙΩΑΝΝΟΥ
1848 3411 2078 3496 ΤΟΥ
2155 3405 2933 3501 ΔΑΜΑΣΚΗΝΟΥ
3069 3505 3072 3508 .

1102 3599 1314 3713 TA
1387 3600 1790 3762 IEPA
1893 3601 2000 3713 Π

2146 3593 3032 3717 ΡΑΛΛΗΛΑ.

1346 3987 1440 4074 8.
1504 3985 2021 4081 JOANNIS
2099 3990 2781 4088 DAMASCENI

1162 4199 1734 4336 SACRA
1809 4201 2932 4340 PARALLELA.

949 4605 998 4658 Σ
1005 4601 1248 4659 TOIXEI
1248 4606 1348 4662 ΟΝ
1391 4611 1460 4663 Α.

2621 4605 2785 4678 397
2811 4605 3136 4664 “mm
3169 4609 3238 4668 Α.

421 4696 618 4762 Τίτλος
670 4695 913 4770 πρῶτος.
986 4727 1056 4738 ——
1106 4699 1250 4766 Περὶ
1319 4699 1516 4770 ἀϊδίου
1560 4701 1844 4770 θεότητος
1903 4699 2000 4768 τῆς

2136 4695 2340 4753 l‘itulus
2368 4698 2600 4769 primus.
2622 4733 2693 4741 -—
2724 4700 2801 4755 De
2833 4712 3033 4756 αξιοι-για
3055 4702 3254 4759 deitate
3293 4713 3494 4762 sam-tie
3514 4713 3565 4761 et
3585 4723 3712 4762 cor.-

493 4770 670 4848 ἀγςὶας
714 4768 815 4848 καί
856 4770 1185 4848 όροουοςίοξι
1224 4769 1494 4848 Τριάδος·
1531 4771 1629 4824 καὶ
1663 4768 1752 4825 ὅτι
1785 4768 1874 4838 εἷς
1914 4772 2000 4824 καὶ

2191 4768 2565 4848 substantialis
2599 4770 2880 4848 Trinitatis
2909 4789 2928 4828 :
2959 4783 3007 4827 et
3046 4774 3186 4842 quod
3215 4792 3351 4831 unus
3375 4778 3622 4848 solusque
3642 4783 3712 4834 sit

491 4840 682 4907 μόνος
707 4838 807 4892 ἐπὶ
834 4837 1028 4894 πᾶσιν
1060 4841 1093 4892 ό
1125 4837 1292 4906 Bede.
1853 4837 1857 4838 ί

2193 4855 2353 4908 super
2378 4842 2556 4895 omnia
2587 4842 2752 4897 Deus.

508 4949 527 4981 ι
553 4925 724 4984 Εἶπεν
775 4933 804 4984 ὁ
849 4929 1013 4995 Θεόςο
1061 4932 1390 5004 Ποιήσωμεν
1423 4933 1710 5004 ἄνθρωπον
1775 4935 1896 4989 κατ’
1940 4935 2016 4988 εἰ-

424 5019 564 5075 κόνα
594 5021 693 5092 τὴν
726 5022 1026 5092 ἡμετέραν,
1054 5021 1150 5075 καὶ
1174 5019 1298 5076 καθ’
1327 5022 1608 5094 ὁμοίωσιν.
1637 5042 1656 5076 ι

503 5130 524 5164 ι
559 5108 730 5166 Εἶπεν
769 5116 797 5167 ὁ
844 5113 980 5177 Θεός
1003 5129 1017 5145 ο
1045 5112 1180 5168 Ἰδοὺ
1221 5115 1449 5183 γέγονεν
1484 5116 1679 5188 Ἀδὰμ,
1726 5117 1803 5178 ὡς
1842 5113 1922 5180 εἷς
1957 5118 2017 5183 ἐξ

425 5203 462 5274 ἡ
470 5203 606 5274 μῶν.
643 5223 662 5256 ι

507 5315 526 5349 ‹
550 5295 739 5363 Δεῦτε,
769 5297 1113 5363 καταϐάντες
1144 5300 1464 5370 συγχέωμεν
1500 5300 1683 5354 αὐτῶν
1715 5301 1814 5372 τὴν
1847 5302 2017 5371 γλῶσ-

2192 4930 2322 4987 Gen.
2357 4948 2396 4997 ι,
2428 4933 2519 4987 26.
2544 4964 2612 4974 -
2646 4953 2664 4985 ι
2704 4934 2854 4990 Dixit
2887 4935 3032 4993 Deus
3071 4957 3083 4992 :
3115 4938 3408 4995 Faciamus
3433 4942 3711 4999 hominem

2119 5025 2190 5080 ad
2227 5026 2521 5097 imaginem
2553 5035 2609 5082 et
2644 5029 3064 5086 similitudinem
3098 5042 3368 5088 nostram.
3406 5056 3425 5088 ι

2194 5117 2324 5174 Gen.
2357 5135 2442 5185 ιιι,
2474 5121 2569 5177 22.
2602 5152 2674 5162 —
2708 5141 2726 5173 ι
2774 5123 2918 5178 Dixit
2942 5124 3086 5181 Deus
3114 5145 3128 5181 :
3168 5125 3308 5184 Ecce
3329 5129 3506 5185 Adam
3535 5131 3715 5188 factus

2120 5221 2205 5268 est
2229 5213 2372 5269 sicut
2392 5228 2538 5270 unus
2559 5231 2627 5271 ex
2654 5217 2839 5273 nobis.
2880 5237 2899 5270 ι

2194 5301 2326 5357 Gen.
2359 5320 2437 5372 χι,
2473 5305 2523 5360 7.
2549 5335 2619 5348 --
2647 5326 2664 5358 ι
2707 5306 2924 5372 Venite,
2956 5316 3010 5365 et
3038 5310 3440 5370 descendentes
3475 5316 3715 5371 confun-

428 5405 554 5452 σαν,
584 5387 672 5443 ἵνα
709 5387 784 5460 μὴ
817 5388 1129 5443 ἀκούσωσιν
1148 5390 1380 5455 ἕκαστος
1403 5389 1505 5460 τῆς
1531 5391 1719 5463 φωνῆς
1748 5390 1846 5445 τοῦ
1873 5393 2000 5464 πλη-

2136 5392 2318 5451 lamus
2351 5395 2594 5467 linguam
2637 5413 2850 5467 eorum,
2877 5395 2943 5455 ut
2961 5418 3071 5458 non
3108 5406 3297 5460 audiat
3329 5409 3716 5480 unusquisque

430 5497 564 5535 σιον.
589 5498 610 5532 ι

505 5589 524 5622 ι
563 5572 786 5637 Ἀκουε,
819 5570 1061 5643 Ἰσραήλ·
1097 5571 1306 5643 Κύριος
1340 5574 1368 5627 ὁ
1389 5573 1520 5638 Θεός
1549 5591 1668 5644 σου,
1691 5576 1898 5648 Κύριος
1931 5574 2012 5641 εἷς

428 5665 596 5721 ἐστιν.
629 5682 648 5716 ι

507 5776 532 5810 α
566 5758 868 5828 Ἵδετε,ὅτι
907 5759 1022 5831 ἐγώ
1061 5762 1199 5834 εἶμι,
1246 5761 1343 5816 καλ⁸
1397 5762 1498 5816 οὐκ
1547 5760 1660 5815 ἔστι
1691 5761 1826 5826 Θεὸς
1875 5762 2016 5837 πλὴν

427 5850 584 5926 ἐμοῦ.
619 5871 639 5904 ο

2087 5507 2092 5510 ·
2115 5499 2308 5540 vocem
2331 5488 2567 5558 proximi
2595 5491 2703 5545 sui.
2743 5509 2762 5542 ι

2194 5578 2354 5635 Deut.
2402 5597 2503 5647 vn,
2541 5584 2595 5639 1.
2623 5615 2695 5623 -
2733 5604 2751 5637 ι
2800 5585 2965 5656 Audi,
2993 5585 3166 5645 lsrael
3200 5611 3213 5646 :
3264 5592 3533 5651 Dominus
3568 5595 3712 5650 Deus

2121 5679 2272 5741 tuus,
2314 5673 2459 5732 Deus
2488 5693 2635 5734 unus
2668 5685 2768 5734 est.
2807 5698 2826 5732 ›
3085 5681 3087 5684 ⁴

2195 5764 2356 5820 Deut.
2390 5784 2568 5834 xxxii,
2601 5770 2692 5826 59.
2721 5801 2792 5811 —
2826 5791 2845 5822 ί
2885 5772 3074 5831 Videte
3107 5779 3257 5849 quod
3312 5795 3415 5851 ego
3462 5777 3606 5848 sim,
3654 5787 3710 5833 et

2125 5872 2234 5914 non
2260 5858 2333 5914 sit
2359 5858 2504 5916 alius
2533 5859 2679 5918 Deus
2703 5872 2901 5934 prmter
2925 5883 3030 5922 me.
3072 5889 3090 5922 ι
