1999 3196
214 183 281 218 1071

800 183 830 212 s.
852 174 1013 213 JOANNIS
1028 182 1245 214 DAMASCENI

1781 185 1861 220 1072

249 241 324 269 Psal.
335 245 403 274 xvn,
421 241 466 269 5|.
480 254 517 262 -—
532 249 542 265 ι
562 239 631 273 Quis
647 238 721 267 Dens
742 244 843 274 praeter
858 239 998 267 Dominum

1096 249 1106 265 ‹
1123 239 1171 271 Τίς
1193 240 1260 272 Θεὸς
1277 239 1364 276 πάρεξ
1385 240 1433 268 τοῦ
1452 241 1557 277 Κυρίου
1582 242 1673 278 ἡμῶν,
1691 242 1709 278 ἢ
1723 243 1767 276 τις
1783 243 1858 276 Θεὸς

207 287 360 315 nostrum?
376 290 422 314 aut
436 286 502 321 quis
517 284 590 313 Deus
615 290 714 319 praeter
730 285 816 313 Deum
833 285 979 313 nostrum?
995 294 1005 311 ι

246 332 325 361 Paul.
340 340 427 365 xxx",
443 331 471 359 6.
482 347 518 352 —
535 341 544 358 I
568 330 660 359 Verbo
677 330 789 359 Domini
818 331 881 359 coeli
907 330 1008 358 ﬁrmati

205 381 287 410 sunt,
304 380 332 405 et
347 377 447 412 spiritu
461 376 519 404 oris
533 376 595 412 ejus
606 376 698 404 omnis
714 376 803 404 virtus
816 382 924 403 eorum.
941 383 951 401 ι

246 462 322 490 Psat.
336 470 433 495 uxtn,
447 462 488 489 η.
499 477 531 483 --
549 470 559 487 ι
577 461 650 489 Deus
664 465 757 489 autem
772 469 819 489 rex
838 465 935 490 noster
944 466 1008 489 ante

211 509 322 537 s:ecula.
342 518 352 535 ι

246 566 322 593 Ρισι.
337 574 439 600 Lxxxv,
455 566 481 594 8.
496 581 534 588 ——
550 574 560 592 ι
575 565 635 594 Non
656 569 697 594 est
712 566 812 594 similis
841 566 881 593 tui
900 566 928 593 in
941 566 1005 599 diis,

211 612 338 644 Domine,
354 617 381 639 et
392 619 446 639 non
457 615 500 639 est
516 612 667 639 secundum
681 618 765 647 opera
776 615 834 638 tua.
855 620 864 637 ι

246 657 321 684 Psal.
332 664 445 689 uxxtx,
459 657 485 684 l.
497 672 532 677 —
547 666 557 682 ι
570 657 699 690 Domine,
714 656 854 692 refugium
869 656 962 685 {actus
976 664 1006 684 es

210 703 300 735 nobis,
318 703 345 729 in
362 703 541 738 generatione
551 707 579 731 et
589 703 778 738 generatione.
796 712 806 729 ›

247 749 321 776 [ιδαι.
341 757 397 782 xiv,
420 749 464 777 18.
477 764 509 770 -
537 758 546 774 ι
567 748 692 784 Regnum
708 753 798 782 tuum,
815 756 930 785 regnum
946 756 1006 776 orn-

209 796 283 822 nium
302 796 476 828 saeculorum,
491 805 500 822 ι
512 799 567 823 etc.

244 841 302 868 Ιεο.
317 849 355 872 vr,
371 841 430 869 1-5.
446 854 482 860 —-
499 850 508 866 ι
530 840 645 868 Factum
666 845 709 868 est
729 841 756 867 in
773 849 846 868 anno
863 848 918 876 quo
931 848 1006 869 mor-

209 891 335 915 tuus-est
355 895 403 914 rex
427 887 525 921 Ozias,
553 887 610 914 vidi
638 887 784 914 Dominum
814 887 956 915 sedentem
976 888 1003 914 in

208 934 277 961 solio
293 933 404 961 excelso
412 938 439 960 et
453 934 560 960 elevato
572 941 580 960 :
594 938 621 960 et
637 934 720 968 plena
731 937 791 960 erat
806 934 905 961 domus
915 934 1005 969 gloria

206 978 278 1010 eius.
294 978 327 1004 Et
341 976 485 1011 Seraphim
499 977 613 1005 stabant
624 977 701 1004 circa
716 977 784 1005 illud
801 987 807 1005 :
825 986 872 1006 sex
887 978 938 1005 ala:
950 978 999 1006 uni

206 1029 233 1050 et
250 1032 298 1051 sex
313 1024 364 1051 alae
383 1024 482 1057 alteri;
501 1027 529 1051 et
545 1023 657 1052 duabus
674 1023 804 1051 velabant
820 1024 905 1052 facies
927 1032 1003 1057 suas,

205 1075 232 1096 ct
244 1070 352 1097 duabus
367 1070 496 1097 velabant
513 1070 597 1104 pedes
607 1076 683 1102 suos,
700 1074 726 1097 et
740 1070 850 1097 duabus
862 1070 1002 1098 volabant.

207 1116 239 1142 Et
259 1116 417 1143 clamabant
435 1116 505 1142 alter
517 1115 551 1142 ad
572 1115 703 1148 alterum,
720 1123 748 1143 et
765 1115 897 1143 dicebant
912 1124 918 1141 :
935 1115 1003 1142 San-

205 1167 277 1194 ctus,
308 1165 434 1194 sanctus,
466 1165 592 1193 sanctus,
620 1160 754 1189 Dominus
772 1160 845 1188 Deus
870 1161 1001 1189 Sabaoth.

206 1207 287 1234 Plena
306 1211 348 1234 est
365 1208 456 1234 omnis
471 1210 546 1234 terra
564 1206 650 1242 gloria
669 1206 740 1240 ejus.
760 1216 770 1232 ι

241 1296 298 1324 Isa.
311 1304 366 1329 xu.
377 1297 403 1324 4.
414 1312 447 1317 -—
463 1307 472 1323 ‹
492 1296 549 1332 Ego
561 1296 705 1331 Dominus,
717 1300 744 1325 et
760 1296 787 1324 in
804 1304 836 1325 ea
848 1304 908 1331 quae
920 1304 1003 1325 even-

204 1346 264 1370 tura
279 1347 355 1376 sunt,
368 1350 420 1378 ego
435 1350 507 1370 sum.
527 1351 537 1368 ι

239 1387 297 1415 Isa.
316 1396 396 1420 mu,
414 1388 455 1415 10.
472 1403 506 1408 -
524 1397 533 1414 ι
551 1387 673 1421 Scitote,
693 1392 723 1415 et
746 1387 852 1415 credite
873 1387 1002 1419 mihi,et

203 1434 360 1469 intelligite,
376 1434 442 1469 quia
467 1442 520 1468 ego
540 1435 599 1469 ipse
616 1441 689 1461 sum.
714 1433 785 1461 Ante
811 1441 854 1461 me
882 1441 939 1460 non
959 1437 1002 1461 est

204 1479 339 1506 lin-matus
357 1479 429 1507 Deus
444 1479 527 1512 alius,
538 1483 566 1506 et
583 1487 692 1506 mecum
705 1487 759 1506 non
774 1480 838 1507 erit.
855 1478 910 1514 Ego
927 1486 1000 1511 sum,

202 1532 254 1559 ego
269 1533 330 1552 sum
342 1525 426 1556 Deus,
445 1530 472 1553 ct
488 1533 543 1552 non
561 1529 604 1553 est
618 1530 694 1553 extra
712 1532 757 1553 me
776 1525 900 1553 salvans.
918 1535 928 1551 ›

1059 284 1131 320 πλὴν
1147 284 1196 312 τοῦ
1213 285 1281 312 Θεοῦ
1297 286 1392 321 ἡμῶν;
1407 295 1418 313 ο

1098 340 1107 357 ι
1127 330 1172 367 Τῷ
1183 330 1257 368 λόγῳ
1271 332 1377 368 Κυρίου
1395 333 1420 359 οἱ
1435 333 1547 369 οὐρανοὶ
1559 334 1783 370 ἐστερεώθησαν,
1805 335 1857 364 κᾶὶ

1058 376 1098 412 τῷ
1114 377 1252 412 πνεύματι
1274 378 1323 405 τοῦ
1350 379 1486 414 στόματος
1498 379 1582 407 αὑτοῦ
1604 380 1683 407 πᾶσα
1701 381 1718 416 ἠ
1735 379 1858 416 δύναμις

1059 430 1158 449 αυτων.
1173 433 1183 448 ι

1097 477 1105 493 ι
1123 468 1153 494 '0
1169 468 1197 495 δὲ
1213 468 1279 501 Θεὸς
1298 469 1428 504 βασιλεὺς
1442 470 1521 506 ἡμῶν
1537 470 1592 506 πρὸ
1606 470 1725 498 αἰώνων.
1738 479 1751 498 ι

1096 578 1106 594 ‹
1125 569 1182 596 οὐκ
1204 569 1279 596 ἔστιν
1293 570 1386 604 ὅμοιός
1400 579 1442 598 σοι
1466 571 1496 597 ἐν
1517 570 1601 603 θεοῖς,
1617 570 1720 606 Κύριε,
1738 571 1787 598 καὶ
1800 570 1856 598 οὒκ

1058 615 1116 642 ἔστι
1131 614 1204 641 κατὰ
1219 615 1253 641 τὰ
1268 614 1338 650 ἔργα
1351 623 1410 642 σου.
1428 624 1437 641 ι

1095 670 1105 686 ι
1121 660 1219 694 Κύριε,
1248 661 1396 696 καταφυγὴ
1414 661 1548 697 ἐγενήθης
1563 661 1641 697 ἡμῖν,
1657 662 1687 688 ὲν
1702 662 1785 698 γενεᾷ
1803 661 1857 688 καὶ

1057 707 1150 741 γενεᾷ.
1170 715 1180 732 ι

1093 761 1103 778 ‹
1122 752 1154 778 Ἦ
1170 752 1293 787 βασιλεία
1307 761 1366 785 σου,
1379 753 1503 788 βασιλεία
1519 753 1628 780 πάντων
1639 753 1694 780 τῶν
1710 753 1820 781 αἰώνων
1837 763 1848 780 ι

1059 796 1106 822 καὶ
1120 796 1151 822 τὸ
1167 795 1276 823 λοιπόν.⁴

1095 851 1104 868 ι
1127 843 1251 877 Ἐγένετο
1272 842 1320 869 τοῦ
1348 842 1488 875 ἐνιαυτοῦ,
1506 838 1536 868 οῦ
1560 842 1698 870 ἀπέθανεν
1721 843 1816 876 Ὀζίας
1838 845 1858 871 ὁ

1057 887 1195 923 βασιλεὺς,
1215 886 1286 915 εἶδον
1311 888 1357 915 τὸν
1384 888 1487 924 Κύριον
1505 888 1663 923 καθήμενον
1688 888 1735 915 ἐπὶ
1753 888 1854 925 θρόνου

1057 934 1160 970 ὑψηλοῦ
1175 935 1223 961 καὶ
1239 934 1410 970 ἐπηρμένου,
1426 935 1474 960 καὶ
1489 934 1596 970 πλήρης
1610 935 1625 960 ὁ
1643 932 1719 966 olm;
1735 935 1786 970 τῆς
1805 935 1854 962 δό-

1056 980 1103 1015 ξης
1116 980 1212 1007 αὐτοῦ.
1228 981 1284 1007 Καὶ
1298 980 1426 1016 Σεραφὶμ
1446 980 1621 1015 εὶστήκεισαν
1635 980 1720 1007 αὐτοῦ
1736 972 1833 1016 κύιιλῳ
1843 989 1851 997 ·

1055 1025 1085 1057 ἓξ
1099 1025 1237 1060 πτέρυγες
1257 1025 1296 1060 τῷ
1319 1026 1371 1057 ἐνὶ,
1387 1025 1434 1051 καὶ
1451 1025 1481 1057 ἓξ
1505 1025 1639 1061 πτέρυγες
1659 1025 1698 1061 τῷ
1723 1026 1778 1052 ἑνί·
1801 1026 1853 1053 καὶ

1053 1072 1114 1102 ταῖς
1133 1074 1184 1105 μὲν
1199 1070 1277 1098 δυσὶν
1298 1071 1450 1098 ἐκάλυπτον
1463 1071 1498 1097 τὰ
1515 1071 1652 1106 πρόσωπα
1669 1072 1786 1104 ἐαυτῶν,
1800 1072 1853 1099 καὶ

1053 1118 1115 1148 ταῖς
1129 1117 1206 1143 δυσὶν
1231 1117 1386 1144 ἐκάλυπτον
1400 1117 1464 1149 τοὺς
1479 1117 1564 1149 πόδας
1583 1118 1700 1150 ἑαυτῶν,
1716 1119 1767 1145 καὶ
1787 1119 1853 1150 ταῖς

1053 1163 1130 1189 δυσὶν
1146 1164 1289 1190 ἐπέταντο.
1314 1163 1371 1190 Καὶ
1393 1162 1510 1198 ἔκραζον
1535 1163 1630 1199 ἔτερος
1651 1163 1720 1199 πρὸς
1741 1163 1851 1199 ἕτερον,

1053 1209 1100 1235 καὶ
1113 1209 1206 1243 ἔλεγον
1217 1217 1223 1223 ·
1243 1209 1350 1243 Ἄγιος,
1369 1208 1457 1243 ᾰγιος,
1475 1209 1564 1243 ἅγιος,
1587 1209 1692 1244 Κύριος
1714 1209 1849 1238 Σαϐαὼθ.

1053 1254 1162 1289 πλήρης
1179 1255 1254 1281 πᾶσα
1269 1255 1287 1289 ἡ
1302 1255 1337 1289 γῆ
1352 1255 1403 1289 τῆς
1416 1254 1496 1290 δόξης
1508 1254 1603 1282 αὐτοῦ.
1620 1264 1630 1281 ι

1090 1308 1100 1325 ‹
1121 1300 1191 1334 Ἐγὼ
1205 1300 1272 1333 Θεὸς
1292 1301 1412 1335 πρῶτος,
1425 1301 1474 1328 καὶ
1489 1302 1530 1333 εις
1542 1301 1577 1328 τὰ
1592 1300 1778 1337 ἐπερχόμενα,
1790 1300 1851 1336 ἐγώ

1053 1346 1122 1380 ειμι.
1143 1355 1152 1372 ι

1093 1400 1102 1417 t
1120 1392 1221 1426 Γνῶτε,
1252 1393 1300 1419 καὶ
1323 1392 1487 1419 πιστεύσατέ
1512 1401 1568 1428 μοι,
1592 1392 1640 1419 καὶ
1666 1392 1780 1428 συνῆτε,
1805 1393 1850 1420 ὅτι

1052 1438 1129 1473 εἰμι’
1150 1437 1307 1473 ἔμπροσθέν
1323 1447 1375 1473 μου
1392 1438 1442 1465 οὐκ
1467 1439 1578 1473 ἐγένετο
1604 1439 1684 1471 ἄλλος
1704 1438 1782 1472 Θεὸς,
1798 1440 1849 1465 καὶ

1054 1483 1114 1518 μετ’
1132 1483 1200 1519 ἐμοῦ
1221 1485 1271 1510 οὐκ
1285 1484 1372 1512 ἔσται.
1392 1485 1462 1520 Ἐγώ
1488 1486 1548 1520 ειμι
1563 1485 1642 1520 Θεὸς,
1657 1485 1705 1513 καὶ
1722 1486 1774 1513 οὐκ
1788 1485 1848 1513 ἐστι

1053 1529 1142 1565 πάρεξ
1158 1529 1226 1565 ἐμοῦ
1246 1529 1352 1561 σώζων.
1368 1539 1377 1556 ι

239 1568 296 1595 Ιεα.
308 1577 382 1603 xuv,
401 1570 426 1596 7.
438 1585 474 1590 -
494 1579 503 1596 ι
527 1569 590 1597 Haec
616 1570 684 1598 dicit
701 1570 835 1598 Dominus
853 1571 936 1603 Deus,
952 1578 998 1598 rex

1092 1585 1101 1601 ‹
1118 1576 1212 1608 Οὕτως
1225 1576 1300 1611 λέγει
1315 1576 1429 1611 Κύριος,
1441 1577 1508 1609 Θεὸς
1521 1577 1650 1612 βασιλεὺς
1667 1577 1848 1617 Ἰσραὴλ,καὶ

190 1613 286 1640 "lsrael
300 1616 328 1640 et
339 1613 495 1649 redemptor
506 1614 577 1649 ejus,
594 1614 727 1642 Dominus
743 1615 926 1643 exercituum.
944 1615 1000 1651 Ego

201 1659 319 1692 primus.
337 1663 363 1686 et
378 1667 429 1695 ego
449 1661 631 1692 novissimus.
653 1665 680 1688 et
703 1661 809 1697 absque
826 1669 870 1689 me
883 1669 939 1689 non
958 1665 1000 1689 est

202 1704 284 1732 Deus.
296 1705 365 1738 Quis
396 1706 470 1734 sicut
484 1705 638 1742 ego?Stet,
653 1711 681 1734 et
694 1711 785 1739 vocet,
800 1713 826 1735 et
841 1708 998 1740 annnntiet,

199 1754 226 1778 ct
246 1755 382 1786 praeparet
399 1752 478 1784 mihi,
494 1760 527 1780 ex
542 1761 597 1788 quo
613 1752 664 1780 feci
689 1753 828 1780 hominem
842 1753 869 1780 in
886 1753 997 1785 saecula,

200 1801 226 1824 et
240 1805 301 1831 quae
314 1801 432 1825 ventura
450 1802 527 1832 sunt,
543 1800 690 1834 antequam
707 1799 830 1831 veniant,
853 1798 999 1826 annnntiet

201 1842 279 1869 mihi.
302 1852 311 1869 ›

240 1889 297 1916 Isa.
313 1896 377 1922 xui,
393 1888 420 1915 8.
436 1902 472 1910 —-
486 1898 495 1915 ι
515 1889 571 1924 Ego
592 1889 727 1917 Dominus
754 1889 827 1918 Deus
853 1899 861 1917 :
880 1890 997 1926 gloriam

201 1942 288 1962 meam
306 1934 385 1961 alteri
405 1941 459 1961 non
475 1934 558 1967 dabo,
583 1942 635 1962 nec
652 1936 769 1963 virtutes
783 1943 858 1964 meas
884 1937 997 1971 sculpti-

200 1980 282 2007 libus.
301 1988 311 2005 ι

230 2025 331 2052 Jerem.
350 2033 378 2057 x,
395 2025 440 2051 10.
458 2040 490 2045 -
513 2026 597 2061 298
615 2035 625 2051 ι
643 2025 778 2054 Dominus
805 2030 898 2054 autem
924 2026 996 2055 Deus

199 2080 279 2098 verus
296 2076 338 2099 est
357 2080 364 2097 ε
389 2071 447 2105 ipsc
467 2071 539 2099 Deus
560 2073 723 2104 viventium,
754 2076 781 2100 ct
803 2080 851 2101 rex
878 2074 995 2101 saeculo-

197 2126 269 2145 l‘llll].
289 2127 298 2143 ι

234 2163 339 2190 Baruch
361 2172 408 2196 ιιι,
434 2164 479 2192 35.
494 2179 530 2184 -
554 2172 563 2190 α
582 2163 632 2191 ilic
658 2169 700 2192 est
726 2164 800 2193 Deus
831 2169 951 2193 noster:
968 2170 995 2194 et

196 2217 250 2236 non
270 2210 451 2237 aestiinahitur
473 2210 546 2237 alius
562 2210 695 2238 adversus
715 2218 788 2238 eum.

1052 1623 1065 1648 6
1082 1622 1234 1657 ῥυσάμενος
1256 1622 1346 1655 αὐτὸν,
1365 1622 1466 1657 Κύριος
1486 1622 1613 1650 Σαϐαὼθ.
1632 1622 1703 1658 Ἐγὼ
1725 1623 1847 1660 πρῶτος,

1052 1668 1099 1695 καὶ
1110 1668 1166 1701 ἐγὼ
1186 1668 1255 1703 μετὰ
1278 1668 1376 1701 ταῦτα,
1392 1669 1440 1695 καὶ
1458 1669 1528 1704 πλὴν
1542 1670 1612 1704 ἐμοῦ
1630 1670 1681 1697 οὐκ
1697 1670 1755 1698 ἔστι
1767 1670 1846 1702 Θεός.

1052 1715 1099 1746 Ti;
1114 1714 1208 1750 ὥσπερ
1218 1714 1273 1749 ἐγώ
1284 1723 1291 1747 ;
1305 1715 1411 1750 Στήτω,
1423 1715 1471 1742 καὶ
1486 1716 1639 1750 καλεσάτω,
1652 1716 1701 1744 καὶ
1713 1717 1846 1752 ἀναγγειο

1050 1759 1134 1792 λάτω,
1145 1760 1192 1786 καὶ
1206 1760 1377 1796 ἑτοιμασάτω
1395 1769 1450 1797 μοι,
1467 1761 1515 1796 ἀφ’
1526 1759 1557 1789 οὗ
1570 1762 1687 1797 ἐποίησα
1700 1762 1845 1799 ἄνθρωπον

1050 1806 1089 1837 εις
1105 1806 1151 1833 τὸν
1165 1806 1262 1839 αἰῶνα,
1274 1807 1322 1833 καὶ
1333 1807 1366 1834 τὰ
1378 1808 1514 1843 ἐρχόμενα
1525 1808 1579 1844 πρὸ
1591 1808 1638 1836 τοῦ
1652 1808 1740 1837 ἐλθεῖν
1753 1810 1844 1845 ἀπαγ-

1050 1852 1168 1886 γειλὰτω
1185 1861 1241 1887 μοι.
1261 1862 1269 1878 ι

1088 1907 1097 1923 ‹
1114 1898 1184 1932 Ἐγὼ
1208 1898 1311 1934 Κύριος
1325 1901 1339 1926 ὁ
1358 1900 1434 1934 Θεὸς,
1452 1901 1502 1937 τὴν
1530 1901 1610 1935 δόξαν
1626 1910 1678 1937 μου
1704 1903 1791 1938 ἑτέρῳ
1809 1903 1842 1929 οὺ

1049 1941 1138 1975 δώσω,
1156 1943 1218 1969 οὐδὲ
1232 1944 1280 1975 τὰς
1294 1944 1394 1978 ἀρετάς
1412 1954 1463 1981 μου
1476 1947 1534 1978 τοῖς
1547 1946 1688 1980 γλυπτοῖς.
1703 1957 1713 1973 r

1085 2041 1095 2058 ι
1113 2031 1216 2067 Κύριος
1236 2032 1362 2066 ἀληθινός
1388 2033 1457 2065 ἐστι,
1472 2033 1538 2066 Θεὸς
1555 2033 1676 2068 ζώντων,
1692 2035 1742 2062 καὶ⁷
1762 2036 1840 2071 βασι-

1047 2076 1110 2109 λεὺς
1127 2076 1244 2104 αἰώνων.
1259 2087 1269 2104 ι

1084 2175 1093 2191 ι
1111 2163 1194 2197 Οὗτος
1206 2166 1220 2192 ὁ
1233 2166 1299 2198 θεὸς
1311 2167 1399 2202 ἡμῶν,
1415 2150 1445 2194 οῦ
1460 2168 1652 2204 λογισθήσεται
1665 2170 1758 2205 ἔτερος
1771 2171 1838 2207 πρὸς

1046 2212 1138 2238 αὐτόν.
1158 2222 1167 2238 ι

232 2255 301 2283 Dan.
324 2263 367 2287 ιιι,
388 2256 450 2283 100.
467 2271 502 2275 -
517 2266 526 2282 ‹
549 2256 672 2291 Regnum
697 2256 768 2291 ejus,
785 2264 900 2292 regnum
922 2265 993 2285 sem-

1084 2267 1093 2283 ι
1115 2259 1147 2285 'H
1167 2259 1291 2294 βασιλεία
1306 2260 1401 2293 αὑτοῦ,
1422 2260 1546 2294 βασιλεία
1563 2261 1681 2294 αἰώνιος,
1699 2263 1747 2289 καὶ
1763 2263 1779 2298 ὴ
1794 2263 1839 2296 ἐξ-

194 2301 334 2335 piternum
349 2311 355 2328 :
369 2305 395 2329 et
409 2305 534 2337 potestas
547 2302 608 2337 eius
622 2303 651 2330 in
667 2303 850 2338 generatione
865 2307 892 2330 et
910 2311 994 2339 gene-

193 2351 345 2374 arationem.
367 2356 376 2372 ι

229 2401 329 2429 Matth.
347 2409 389 2434 in,
418 2401 462 2429 16.
484 2417 520 2423 -
544 2412 555 2428 1
571 2402 743 2438 'Bnptilatns
772 2407 864 2432 autem
895 2403 992 2436 Jesus,

194 2448 341 2476 confestim
359 2449 485 2476 ascendit
512 2448 546 2476 de
561 2457 633 2484 aqua
656 2458 662 2476 :
680 2454 708 2477 et
723 2457 790 2477 ecce
816 2450 903 2485 aperti
926 2454 993 2478 sunt

194 2493 258 2521 caeli
271 2503 278 2521 ι
296 2498 323 2521 et
334 2494 405 2522 vidit
419 2495 554 2530 Spiritum
568 2495 785 2524 descendenlem
801 2497 874 2525 sicut
886 2498 993 2525 colunt-

194 2540 269 2573 bam,
282 2543 310 2567 et
321 2540 476 2568 venientem
490 2548 576 2576 super
592 2549 632 2569 se.
652 2542 686 2569 Et
700 2550 766 2570 ecce
786 2551 839 2571 vox
862 2544 896 2571 de
922 2544 992 2572 caelo

194 2581 291 2610 dicens
306 2592 313 2610 :
333 2581 385 2610 Hic
399 2587 442 2611 est
456 2583 546 2612 Filius
561 2592 640 2614 meus
655 2586 788 2621 dilectus,
800 2588 827 2615 in
848 2595 902 2623 quo
925 2589 991 2616 mihi

194 2626 263 2654 bene
276 2627 439 2662 complacuit.
453 2637 463 2653 ι

229 2673 288 2699 Act.
308 2681 358 2704 vn,
375 2673 420 2701 i5.
436 2689 472 2694 —
490 2683 500 2700 ‹
523 2673 682 2710 Stephanus
698 2682 790 2706 autem
802 2697 810 2711 ,
831 2685 894 2706 eum
918 2684 992 2708 esset

194 2715 294 2751 plenus
318 2717 425 2753 Spiritu
452 2725 560 2754 sancto,
589 2722 736 2751 intendens
762 2723 789 2750 in
804 2724 904 2752 caelum
924 2725 992 2752 vidit

193 2761 308 2796 gloriam
329 2763 388 2796 Dei,
411 2769 438 2791 et
465 2764 560 2793 Jesum
586 2771 704 2794 stantem
724 2777 739 2794 ιι
757 2768 862 2797 dextris
888 2762 947 2801 Dei,
964 2774 991 2798 et

193 2807 262 2834 dixit
277 2817 283 2834 :
298 2807 368 2836 Ecce
379 2809 459 2838 video
474 2811 561 2839 caelos
577 2816 697 2847 apertos,
711 2817 737 2840 et
751 2813 849 2841 Filium
872 2814 990 2844 hominis

195 2858 311 2881 stantem
330 2863 345 2882 ο
357 2856 462 2885 dextris
480 2857 536 2886 Dei.
554 2868 563 2885 ι

229 2897 247 2926 1
261 2898 324 2928 Cor.
339 2910 396 2934 νιιι.
416 2905 442 2930 4.
457 2919 490 2924 -
509 2913 519 2930 ι
534 2903 634 2933 Nullus
658 2910 700 2934 est
727 2906 797 2935 Deus
822 2907 876 2935 nisi
903 2915 984 2936 unus.

1048 2304 1128 2331 ουσία
1143 2304 1226 2331 αὐτοῦ
1243 2305 1282 2336 εις
1296 2305 1394 2338 γενεὰν
1411 2306 1458 2332 καὶ
1474 2306 1581 2339 γενεάν.
1603 2316 1611 2331 ι

1084 2411 1093 2428 ι
1111 2402 1167 2429 Καὶ
1179 2402 1339 2437 βαπτισθεὶς
1350 2404 1364 2430 ὀ
1386 2404 1499 2439 Κύριος,
1518 2404 1602 2440 ἀνέϐη
1618 2405 1701 2437 εὐθὺς
1716 2406 1774 2434 ἀπὸ
1787 2406 1836 2434 τοῦ

1040 2448 1152 2480 ὓδατος.
1167 2449 1223 2475 Καὶ
1248 2449 1497 2486 ἱδοῦάνεῴχοησαν
1515 2452 1591 2487 αὐτῷ
1602 2452 1770 2488 οεούρανοὶ,
1788 2454 1836 2482 καὶ

1045 2492 1115 2521 εἶδεν
1128 2495 1158 2521 τὸ
1180 2495 1294 2530 Πνεῦμα
1308 2495 1356 2522 τοῦ
1380 2496 1447 2523 Θεοῦ
1465 2497 1642 2530 καταὸαἳνον,
1663 2498 1734 2526 ὡσεὶ
1754 2507 1835 2536 περι-

1046 2541 1157 2575 στερὰν,
1179 2541 1226 2566 καὶ
1241 2541 1389 2576 ἐρχόμενον
1403 2542 1448 2568 ἐπ’
1465 2543 1556 2570 αὐτόν.
1573 2543 1627 2570 Καὶ
1646 2544 1701 2572 ἰδοὺ
1714 2544 1790 2581 φωνὴ
1803 2547 1836 2572 ἐκ

1043 2586 1090 2612 τοῦ
1106 2586 1221 2622 οὐρανοῦ
1233 2586 1367 2621 λέγουσα-
1390 2586 1474 2620 Οὗτός
1492 2589 1565 2615 ἐστιν
1586 2590 1600 2616 ὁ
1617 2589 1681 2622 Υἱός
1693 2599 1755 2625 μου,
1770 2588 1836 2626 ἑνίῷ

1044 2631 1194 2667 ηὐδόκησα.
1211 2642 1220 2658 ι

1084 2688 1094 2705 ι
1107 2679 1245 2713 Στέφανος
1259 2679 1287 2706 δὲ
1301 2680 1433 2716 ὑπάρχων
1448 2682 1557 2718 πλήρης
1572 2683 1733 2718 Πνεύματος
1744 2684 1833 2719 ἁγίου,

1045 2726 1173 2757 ἀτενίσας
1199 2728 1238 2759 εἰς
1263 2727 1310 2754 τὸν
1336 2728 1460 2764 οὐρανὸν,
1483 2727 1552 2756 εἶδεν
1576 2729 1655 2763 δόξαν
1680 2731 1761 2765 Θεοῦ,
1786 2733 1835 2758 καὶ

1050 2772 1153 2808 Ἰησοῦν
1165 2773 1273 2800 ἑστῶτα
1286 2775 1324 2802 ἐκ
1340 2774 1435 2807 δεξιῶν
1447 2776 1494 2803 τοῦ
1503 2776 1581 2810 Θεοῦ,
1593 2778 1641 2804 καὶ
1652 2775 1744 2805 εἶπεν·
1768 2779 1832 2806 Ἰδοὺ

1042 2818 1138 2855 θεωρῶ
1153 2820 1217 2851 τοὺς
1230 2821 1362 2855 οὐρανοὺς
1376 2822 1577 2857 ἀνερψμένους,
1592 2824 1639 2849 καὶ
1653 2825 1698 2850 τὸν
1707 2823 1772 2851 my
1786 2824 1833 2851 τοῦ

1043 2865 1189 2899 ἀνθρώπου
1207 2867 1239 2893 ἐκ
1249 2867 1345 2899 δεξιῶν
1362 2868 1468 2895 ἑστῶτα
1480 2868 1618 2897 τοῦΘεοῦ.
1635 2878 1644 2896 ι

1080 2919 1088 2936 t
1107 2911 1203 2943 οὐδεὶς
1218 2912 1284 2944 Θεὸς
1297 2914 1321 2939 εἰ
1335 2913 1373 2950 μὴ
1391 2912 1439 2946 εἷς.
1460 2915 1514 2941 Καὶ
1528 2915 1582 2950 γὰρ
1598 2916 1652 2942 εισι
1672 2916 1730 2944 θεοὶ
1753 2916 1828 2953 λεγό-
