3998 6398
400 410 536 478 1373

1656 399 1897 461 SACRA
1931 392 2396 455 PABALLELA.

3535 373 3669 438 1074

401 539 571 592 μενοι,
600 520 714 575 εἴτε
741 518 800 575 ὲν
841 517 1078 591 οὐρανῷ,
1107 516 1218 571 εἴτε
1260 514 1354 570 ἔιπί
1385 514 1485 586 τῆς
1524 513 1647 583 γῆς,
1683 510 1798 565 ἀλλ’
1842 509 1974 579 ἡμῖν

2091 499 2214 556 Nam
2244 499 2349 555 etsi
2393 504 2523 554 sunt
2549 491 2646 567 qui
2670 494 2935 550 dicuntur
2965 490 3070 552 dii,
3107 486 3225 546 sive
3268 485 3323 540 in
3359 482 3521 549 caelo,
3554 483 3670 537 sive

398 609 478 677 εἷς
504 613 637 676 Θεὸς
665 615 693 666 6
720 611 910 682 Πατὴρ
944 610 1004 676 ἐξ
1032 603 1094 664 οὗ
1116 610 1185 662 τὰ
1208 608 1411 672 πάντα,
1451 606 1546 660 καὶ
1574 605 1738 675 ἡμεῖς
1767 603 1846 665 εἰς
1879 599 1976 653 αύ-

396 706 488 760 τόν
503 721 517 736 ·
546 704 646 759 καὶ
668 698 748 767 εἷς
765 703 968 774 Κύριος
1004 700 1210 772 Ἰησοῦς
1237 699 1494 770 Χριστὸς,
1511 696 1577 749 δι’
1601 688 1664 749 οὗ
1683 693 1752 747 τά
1775 692 1975 756 πάντα,

397 798 492 852 καὶ
528 797 691 868 ἡμεῖς
723 794 794 848 δι’
815 793 980 849 αὐτοῦ
1003 811 1018 826 ο
1051 794 1147 847 καὶ
1181 792 1240 845 ἓν
1269 789 1498 862 Πνεῦμα
1539 788 1718 857 ἅγιον,
1751 786 1812 838 ὲν
1837 779 1884 854 ᾧ
1909 783 1979 837 τὰ

399 891 598 949 πάντα,
625 887 720 942 καὶ
749 887 912 958 ἡμεῖς
945 883 1005 950 ἐξ
1034 882 1224 938 αὑτοῦ.
1248 901 1266 935 ι
1709 943 1732 961 .

469 977 796 1049 Διαδραμὼν
837 978 908 1030 τὰ
959 976 1278 1047 σύμπαντα,
1330 973 1429 1028 καὶ
1482 971 1624 1042 ὑπὲρ
1662 970 1843 1023 πᾶσαν
1881 965 1979 1036 τὴν

399 1070 578 1124 κτίσιν
611 1068 912 1134 ἀνανεύσας
947 1071 1066 1132 τοῖς
1087 1067 1394 1138 λογισμοῖς,
1441 1063 1699 1119 ἐπέκεινα
1730 1061 1822 1115 τὸν
1850 1057 1978 1114 νοῦν

398 1161 691 1232 ἀνυψώσας
715 1201 732 1228 ,
787 1162 1042 1233 ἐννόησον
1099 1160 1201 1232 τὴν
1271 1159 1423 1214 θείαν
1478 1157 1677 1228 φύσιν,
1733 1153 1978 1208 ἑστῶσαν

397 1255 691 1326 ἄτρεπτον,
733 1252 1116 1320 ἀναλλοίωτον,
1149 1252 1366 1323 ἀπαθῆ,
1404 1250 1604 1322 ἀπλῆν,
1656 1246 1974 1312 ἀσύνθετον,

397 1346 722 1416 ἀδιαίρετον,
749 1344 866 1414 φῶς
886 1346 1205 1418 ἀπρόσιτον,
1229 1342 1462 1414 δύναμιν
1485 1341 1714 1412 ἄφατον,
1748 1337 1979 1410 μέγεθος

397 1439 804 1511 ἀπεριόριστον,
839 1437 998 1503 δόξαν
1033 1436 1626 1508 ύπεραστράπτουσαν,
1663 1431 1979 1503 ἅγαθότητα

397 1529 766 1602 ἐπιθυμητὴν,
794 1529 994 1594 κάλλος
1020 1530 1327 1600 ἀμήχανον,
1354 1527 1601 1600 σφοδρῶς
1638 1525 1737 1596 μὲν
1759 1525 1860 1592 τῆς
1885 1539 1978 1577 τε-

397 1621 690 1693 τρωμένης
716 1623 895 1693 ψυχῆς
932 1621 1370 1690 καθαπτόμενον,
1399 1619 1544 1688 λόγῳ
1579 1617 1638 1671 δὲ
1669 1614 1978 1687 δηλωθῆναι

399 1714 536 1784 πρὸς
571 1713 729 1779 ἀξίαν
762 1711 1044 1767 ἀδύνατον.
1083 1711 1230 1764 Ἐκεῖ
1268 1709 1482 1779 Πατὴρ,
1526 1708 1644 1760 ἐκεῖ
1682 1705 1830 1772 Υἱὸς,
1861 1705 1980 1758 ἐκεῖ

405 1805 562 1873 ἀγιον
591 1803 838 1874 Πνεῦμα,
863 1805 896 1874 ὴ
923 1803 1177 1866 ἄκτιστος
1193 1800 1378 1870 φύσις,
1393 1801 1454 1854 τὸ
1475 1799 1807 1854 Δεσποτικδν
1825 1795 1980 1862 ἀξίω-

403 1915 500 1968 μα,
528 1899 562 1967 ἡ
588 1896 791 1968 φυσικὴ
832 1893 1144 1965 ἀγαθὸτηςο
1187 1893 1442 1965 Πατὴρή
1479 1892 1698 1945 πάντων
1739 1890 1905 1961 ἀρχὴ,
1945 1890 1980 1959 ἡ

397 1987 550 2042 αίτία
572 1985 668 2040 τοῦ
693 1981 835 2040 εἶναι
863 1987 976 2048 τοῖς
1003 1981 1176 2053 οὖσιν,
1206 1987 1240 2056 ὴ
1277 1983 1405 2056 ῥίζα
1437 1981 1551 2037 τῶν
1588 1980 1832 2046 ζώντων,
1859 1977 1985 2034 ὅθεν

399 2079 670 2152 προῆλθεν
688 2079 722 2150 ή
737 2078 893 2149 πηγὴ
906 2078 1004 2148 τῆς
1021 2076 1186 2148 ζωῆς,
1205 2078 1240 2148 ή
1257 2077 1440 2146 σοφία,
1455 2077 1490 2146 ἡ
1505 2074 1758 2145 δύναμις,
1772 2073 1806 2145 ὴ
1821 2069 1988 2126 εἰκὼν

399 2169 826 2238 ἀπαράλλακτος
850 2168 948 2222 τοῦ
974 2169 1209 2239 ἀοράτου
1231 2166 1390 2234 Θεοῦ,
1401 2169 1430 2221 ὁ
1444 2168 1510 2222 ὲκ
1522 2164 1618 2220 τοῦ
1630 2163 1846 2236 Πατρὸς
1861 2180 1984 2233 γεν-

398 2258 586 2330 νηθείς
605 2257 756 2323 Υἱὸς,
771 2258 801 2310 ὁ
817 2254 926 2321 ζῶν
943 2256 1138 2325 Λόγος,
1151 2258 1180 2310 ὁ
1199 2256 1332 2320 Θεὸς
1353 2255 1452 2322 ὢν,
1473 2255 1570 2309 καὶ
1589 2252 1726 2324 πρὸς
1741 2251 1833 2306 τὸν
1851 2249 1988 2306 Θεὸν

399 2351 494 2405 ὤν’
512 2352 636 2422 οὐχὶ
657 2349 1118 2422 προσγενόμενος,
1150 2348 1416 2419 ὑπάρχων
1444 2347 1553 2419 πρὸ
1579 2347 1691 2400 τῶν
1722 2342 1938 2399 αἰώνων
1959 2356 1978 2372 ⁶

399 2439 522 2511 οὐχὶ
550 2440 920 2512 προητηθείς
939 2439 1199 2512 ὕστερον·
1229 2438 1385 2503 Υἱὸς,
1417 2437 1540 2508 οὐχί
1563 2435 1782 2506 κτῆμαο
1819 2448 1982 2504 ποιησ-

399 2532 520 2600 τὴς,
559 2531 682 2601 οὐχὶ
716 2531 962 2603 ποίημα·
995 2528 1243 2599 κτίστης,
1281 2528 1402 2599 οὐχί
1437 2527 1497 2582 δὲ
1532 2525 1770 2596 κτίσμα·
1799 2523 1982 2578 πάντα

398 2619 477 2675 ὢν
506 2621 610 2676 ὅσα
639 2621 788 2676 ἐστὶν
815 2622 844 2675 ὁ
871 2621 1093 2692 Πατήρο
1127 2620 1256 2682 Υἰὸς
1282 2613 1438 2672 εἷπον
1466 2604 1563 2671 καὶ
1608 2613 1802 2685 Πατήρ
1826 2631 1840 2645 ·
1876 2611 1982 2681 φύ-

400 2711 570 2768 λασσέ
610 2729 701 2782 μοι
729 2710 937 2774 ταύτας
966 2710 1068 2774 τὰς
1125 2709 1416 2781 ἰδιότητας.
1449 2707 1644 2763 Μένων
1676 2705 1771 2760 οὖν
1795 2707 1855 2759 ὲν
1901 2702 1980 2773 τῷ

401 2801 545 2862 εῖναι
567 2804 720 2870 Υἱὸς,
749 2805 932 2860 πάντα
956 2803 1105 2858 ἐστὶν
1125 2803 1228 2856 ὅσα
1257 2801 1404 2856 ἐστὶν
1424 2803 1452 2855 6
1480 2801 1693 2870 Πατὴρ,
1715 2795 1861 2852 κατά
1882 2793 1981 2866 τὴν

399 2898 565 2952 αὐτοῦ
591 2898 776 2969 φωνὴν
801 2893 898 2951 τοῦ
926 2895 1160 2968 Κυρίου,
1184 2893 1456 2958 εἰπόντος’
1490 2910 1509 2944 ι
1529 2892 1718 2946 Πάντα
1743 2891 1846 2944 ὅσα
1867 2887 1982 2958 ἔχει

398 2989 436 3043 ὁ.
463 2991 678 3061 Πατὴρ,
709 2989 821 3060 ὲμά
854 2989 1023 3042 ἐστιν.
1043 3006 1063 3040 ι
1103 2985 1194 3057 Τῷ
1214 2985 1330 3040 ὁντι
1359 2985 1468 3056 γὰρ
1496 2983 1596 3054 τῆς
1625 2981 1837 3045 εἰκόνος
1863 2979 1983 3033 ἐστὶ

396 3080 584 3139 πάντα
607 3082 709 3135 ὅσα
738 3081 856 3134 ἐστὶ
885 3084 952 3153 τῇ
980 3078 1326 3152 πρωτοτύπῳ
1357 3078 1564 3149 μορφῇ.

2081 593 2146 647 in
2173 599 2345 658 terra,
2387 589 2548 645 nobis
2599 597 2782 642 tamen
2826 597 2971 639 unus
3023 580 3167 636 Deus
3218 578 3401 642 Pater,
3451 588 3516 631 ex
3560 589 3670 643 quo

2079 683 2292 748 omnia,
2317 691 2373 738 et
2420 696 2521 737 nos
2551 683 2608 735 in
2663 679 2818 734 illum
2857 692 2872 729 :
2907 682 2964 730 et
2993 688 3138 728 unus
3179 671 3342 726 Jesus
3379 666 3664 730 Christus,

2079 791 2177 846 per
2203 790 2364 847 quem
2391 773 2597 840 omnia,
2619 777 2675 827 et
2703 782 2806 824 nos
2843 780 2940 836 per
2970 767 3152 836 ipsum
3181 781 3194 817 :
3233 770 3288 818 et
3312 775 3460 816 unus
3491 757 3668 828 Spiri-

2079 878 2171 925 tus
2190 879 2436 933 sanctus,
2469 868 2524 922 in
2553 880 2663 937 quo
2687 860 2894 924 omnia,
2926 866 2981 913 et
3014 872 3116 914 nos
3147 871 3216 911 ex
3242 856 3385 924 ipso.
3419 871 3438 905 ι

2153 961 2418 1027 Basilius,
2447 958 2521 1012 De
2544 957 2669 1028 ﬁde.
2695 985 2764 998 --
2794 951 3066 1008 Universa
3111 945 3477 1018 peragrando,
3512 953 3672 1012 teque

2081 1058 2261 1129 ipsum
2303 1055 2638 1126 cogitatione
2696 1065 2865 1122 supra
2924 1062 3015 1102 res
3069 1043 3329 1111 conditas
3384 1038 3670 1111 erigenda,

2080 1159 2319 1206 mentem
2358 1147 2591 1203 ulterius
2612 1145 2891 1208 attollens,
2916 1139 3161 1196 divinam
3181 1140 3438 1191 naturam
3464 1129 3666 1200 cogita,

2082 1242 2358 1306 stabilem,
2410 1239 2480 1294 ab
2508 1237 2657 1294 omni
2699 1233 3028 1297 mutatione,
3063 1227 3427 1286 conversione
3464 1231 3516 1278 et
3550 1237 3674 1292 per-

2079 1334 2340 1408 pessione
2377 1336 2672 1394 remotam,
2721 1323 3049 1395 simplicem,
3079 1323 3366 1389 expertem
3391 1310 3673 1381 composi-

2080 1405 2249 1482 tionis
2286 1434 2341 1480 et
2372 1421 2704 1488 divisionis;
2757 1420 2943 1473 lumen
2988 1414 3357 1472 inaccessum,
3407 1405 3672 1461 virtutem

2078 1516 2528 1578 inenarrabilem,
2559 1511 2906 1568 indeﬁnitam
2933 1501 3400 1572 magnitudinem,
3431 1494 3674 1568 gloriam

2080 1610 2223 1665 ultra
2257 1607 2480 1662 modum
2526 1603 2873 1662 rutilantem,
2927 1591 3292 1666 expetendam
3341 1585 3671 1646 bonitatem,

2080 1696 2552 1771 pulchritudinem
2611 1690 2948 1762 singularem
2983 1723 2999 1750 ,
3071 1693 3309 1753 quaeque
3371 1674 3672 1735 sauciatam

2081 1767 2299 1862 quidem
2328 1787 2571 1842 animam
2600 1782 2959 1840 vehementer
2985 1770 3334 1846 perstringit,
3385 1767 3519 1837 quin
3573 1778 3675 1818 nec

2083 1855 2272 1938 verbis
2323 1880 2454 1935 ullis
2505 1891 2607 1948 pro
2653 1873 2921 1945 dignitate
2971 1866 3152 1939 possit
3199 1859 3492 1918 declarari.
3558 1855 3674 1910 Illic

2077 1973 2264 2040 Pater,
2313 1971 2430 2027 illic
2465 1969 2668 2035 Filius,
2712 1965 2826 2019 illic
2853 1961 3098 2032 Spiritus
3127 1966 3378 2022 sanctus,
3422 1951 3673 2006 increata

2081 2071 2305 2129 natura,
2332 2061 2524 2117 herilis
2555 2056 2883 2118 auctoritas,
2919 2052 3142 2108 bonitas
3185 2044 3476 2104 naturalis.
3507 2040 3673 2095 Pater

2081 2155 2330 2212 omnium
2355 2161 2441 2209 est
2465 2149 2646 2220 origo,
2673 2154 2729 2204 et
2757 2143 3036 2202 universis
3059 2155 3182 2212 qua:
3218 2147 3348 2196 sunt
3369 2130 3673 2192 exsistendi

2082 2258 2276 2311 causa,
2323 2255 2542 2298 necnon
2575 2238 2877 2298 viventium
2902 2233 3088 2301 radix,
3127 2231 3275 2288 unde
3307 2229 3514 2302 prodiit
3549 2225 3674 2282 fons

2086 2338 2236 2403 vitae,
2297 2332 2592 2406 sapientia,
2645 2329 2914 2402 potentia,
2977 2326 3161 2396 imago
3193 2336 3432 2394 prorsus.
3478 2317 3676 2374 similis

2086 2427 2388 2484 invisibilis
2449 2424 2582 2489 Dei,
2640 2421 2816 2477 Filius
2851 2435 2922 2476 ex
2973 2414 3140 2472 Patre
3182 2413 3428 2486 genitus,
3484 2411 3676 2466 vivens

2087 2519 2351 2581 Verbum,
2383 2515 2478 2586 qui
2532 2513 2681 2570 Deus
2728 2520 2834 2576 est,
2880 2518 2938 2567 et
2985 2520 3071 2566 est
3113 2506 3258 2578 apud
3318 2504 3510 2568 Deum,
3561 2516 3670 2555 non

2087 2609 2458 2672 adventitius;
2486 2613 2614 2661 ante
2653 2604 2856 2660 saecula
2899 2601 3143 2674 genitus,
3175 2614 3284 2655 non
3318 2591 3674 2667 postmodum

2082 2703 2307 2759 tandem
2342 2696 2650 2769 acquisitus
2677 2712 2692 2762 ;
2717 2692 2912 2758 Filius,
2939 2707 3054 2747 non
3086 2687 3373 2762 possessio
3399 2682 3674 2754 quaedam,

2083 2793 2284 2856 factor,
2339 2804 2452 2844 non
2501 2786 2777 2842 lactitium
2829 2782 3081 2854 aliquid;
3131 2785 3371 2842 creator,
3423 2789 3534 2830 non
3586 2788 3678 2828 res

2081 2893 2288 2946 creata,
2319 2879 2505 2936 omnia
2527 2891 2652 2950 quae
2673 2875 2838 2931 Pater
2859 2883 2967 2941 est,
2997 2871 3299 2929 exsistens.
3333 2867 3478 2933 Dixi,
3500 2863 3676 2920 Filius

2083 2986 2138 3034 et
2169 2975 2376 3030 Pater:
2409 2971 2499 3028 fac
2528 2970 2668 3026 istas
2710 2966 3079 3040 proprietates
3117 2976 3327 3020 serves.
3368 2956 3674 3015 Filietatem

2082 3071 2250 3144 igitur
2284 3067 2552 3130 retinens,
2607 3068 2810 3118 cuncta
2847 3067 2933 3115 est
2976 3071 3100 3128 quae
3140 3053 3328 3119 Pater,
3358 3048 3676 3108 secundum

401 3178 694 3247 ipsammet
734 3146 952 3231 Domini
1002 3146 1214 3239 vocem,
1247 3146 1467 3243 qui—ait
1499 3146 1536 3224 :77
1565 3186 1586 3222 ι
1622 3167 1818 3224 Omnia
1856 3181 1992 3238 quas.
2018 3165 2184 3221 Pater
2209 3163 2376 3218 habet
2406 3172 2526 3216 mea
2558 3163 2690 3215 sunt
2717 3154 2901 3226 (Joan.
2951 3167 3066 3218 XVI,
3099 3149 3213 3223 15).
3261 3167 3282 3202 ι
3344 3146 3482 3204 Nam
3551 3158 3676 3216 pro-

401 3271 493 3326 cul
521 3268 689 3326 dubio
731 3269 984 3340 imaginis
1029 3277 1158 3326 sunt
1208 3283 1273 3324 ea
1313 3267 1497 3322 omnia
1532 3279 1656 3336 quae
1701 3264 1979 3334 primaria
2016 3261 2209 3318 formae
2244 3253 2603 3314 conveniunt.

472 3367 619 3422 Μίαν
645 3364 832 3436 φωνὴν
855 3365 954 3436 τὴν
983 3363 1175 3434 αὐτὴν,
1206 3364 1302 3417 καὶ
1329 3361 1620 3433 σύμφωνος
1649 3359 1975 3432 φθέγξομαι.

2157 3353 2314 3433 Greg.
2352 3351 2498 3407 Nas.
2558 3357 2700 3407 orat.
2763 3346 2956 3436 15.j—
2987 3343 3160 3400 Unam
3205 3339 3566 3410 eamdemque
3618 3345 3676 3393 et

403 3459 576 3532 Τριάς
616 3457 692 3521 ώς
739 3454 958 3526 ἀληθῶς
988 3455 1022 3524 ὴ
1058 3452 1249 3526 Τριάς,
1291 3452 1546 3521 ἀδελφοί·
1582 3449 1756 3522 Τριὰς
1794 3449 1873 3515 δὲ,
1919 3450 1985 3503 οὐ

403 3551 747 3623 πραγμάτων
769 3549 972 3603 ἀνίσων
999 3545 1401 3616 ἀπαρίθμησις,
1424 3543 1542 3600 ἀλλ’
1576 3544 1710 3597 ἴσων
1737 3542 1835 3596 καὶ
1856 3544 1988 3613 ὁμο·

402 3644 580 3714 τίμων
608 3641 871 3712 σύλληψις
890 3681 906 3706 ,
937 3639 1168 3710 ἐνούσης
1197 3641 1297 3710 τῆς
1331 3636 1708 3709 προσηγορίας
1741 3635 1810 3690 τὰ
1847 3637 1989 3706 ήνω·

409 3729 546 3800 μένα
574 3731 638 3784 ὲκ
667 3729 907 3799 φύσεως,
935 3729 1029 3782 καὶ
1051 3729 1154 3782 οὐκ
1173 3724 1352 3798 ἐώσης
1378 3725 1744 3798 σκεδασθῆναι
1764 3724 1986 3798 ἀριθμῷ

404 3822 685 3894 λελυμένῳ
721 3821 790 3877 τά
822 3821 898 3893 μὴ
930 3820 1187 3891 λυόμενα.

488 4003 654 4074 Ἦμῖν
683 3998 765 4066 εἷς
796 4001 930 4065 Θεὸς
956 4001 985 4053 6
1014 4000 1229 4071 Πατὴρ,
1261 3997 1322 4064 ἐξ
1347 3994 1408 4054 οὗ
1432 3997 1503 4053 τὰ
1532 3997 1713 4052 πάντα
1730 4013 1743 4029 ο
1777 3995 1873 4050 καὶ
1906 3989 1988 4059 εἷς

405 4094 436 4146 ὁ
467 4093 617 4156 Υἰὸς,
651 4091 720 4144 δι’
756 4085 821 4144 οῦ
883 4091 952 4146 τὰ
987 4091 1194 4145 ιιιάνιιτιιι⁸
1226 4091 1322 4144 καὶ
1369 4089 1428 4143 ἓν
1463 4088 1691 4160 Πνεῦμα
1720 4086 1898 4157 ἆγιον,
1929 4087 1992 4140 ὲν.

404 4180 450 4255 ᾧ
479 4185 547 4240 τά
578 4186 777 4240 πάντα.

478 4365 612 4428 Θεὸς
657 4362 757 4434 μέν
790 4364 914 4416 ἑστι
938 4361 1000 4415 τὸ
1038 4360 1345 4432 ἀκρότατον
1371 4358 1468 4413 καὶ
1520 4358 1842 4429 ἀπρόσιτον,
1885 4357 1990 4412 καὶ

409 4456 648 4526 ἆρῤητον
675 4453 816 4524 φῶς,
874 4453 1002 4508 οὔτε
1050 4451 1132 4506 νοῖ
1155 4450 1388 4519 ληπτὸν,
1431 4448 1555 4504 οὔτε
1603 4449 1749 4519 λόγῳ
1801 4449 1988 4521 ῥητὸν,

411 4543 596 4615 πάσης
615 4541 945 4613 φωτιστικὸν
969 4540 1197 4611 λογικῆς
1219 4540 1464 4610 φύσεως·
1487 4536 1645 4593 τοῦτο
1674 4541 1734 4594 ὲν
1755 4540 1988 4610 νοητοῖς,

407 4637 548 4707 ὅπερ
574 4637 634 4689 ὲν
661 4634 941 4706 αἰσθητοῖς
979 4635 1009 4687 ὁ
1054 4633 1228 4705 ἥλιος.
1273 4633 1439 4686 Ὅσον
1466 4632 1535 4686 ἂν
1593 4629 1986 4702 καθαρώμιθα,

2085 3430 2308 3505 brevem
2337 3458 2528 3500 vocem
2553 3441 2808 3511 eloquar.
2839 3434 3086 3492 Trinitas
3127 3447 3268 3490 vere
3287 3430 3532 3486 Trinitas
3565 3437 3672 3495 est,

2087 3536 2310 3593 fratres.
2347 3533 2595 3590 Trinitas
2623 3543 2795 3602 porro
2823 3543 2935 3584 non
2976 3524 3284 3597 dispar-ium
3314 3538 3504 3579 rerum
3530 3536 3675 3578 enu-

2086 3629 2320 3685 meratio
2342 3634 2457 3690 est,
2486 3623 2581 3680 sed
2615 3620 2932 3692 aequalium,
2957 3625 3012 3674 et
3047 3615 3312 3687 aequalem
3347 3613 3674 3685 dignitatem

2087 3720 2414 3778 habentium
2470 3715 2760 3780 collectio;
2818 3709 3099 3768 vocabulo
3143 3705 3409 3762 nimirum
3453 3719 3519 3761 ea
3575 3719 3674 3759 co-

2089 3814 2335 3885 pulante,
2371 3823 2494 3880 quae
2518 3817 2717 3863 natura
2743 3810 2877 3861 sunt
2901 3801 3181 3872 copulata,
3212 3812 3318 3855 nec
3343 3813 3442 3870 per
3468 3797 3675 3852 ﬂuxum

2089 3917 2383 3959 numerum
2413 3915 2478 3956 ea
2517 3897 2686 3954 dilabi
2725 3897 2965 3961 sinente,
3005 3907 3136 3964 quas.
3172 3891 3313 3948 solvi
3367 3895 3676 3961 nequeant.

2163 3994 2321 4050 Orat.
2362 3993 2416 4046 in
2445 3991 2549 4048 SS.
2575 3990 2828 4044 Lumina.
2852 4017 2924 4030 —-
2954 3985 3126 4042 Nobis
3147 3998 3295 4040 unus
3314 3982 3459 4039 Deus
3487 3981 3671 4044 Pater,

2089 4103 2155 4144 ex
2180 4101 2292 4158 quo
2318 4085 2539 4149 omnia;
2581 4089 2638 4139 et
2675 4096 2822 4138 unus
2867 4078 3136 4135 Dominus
3180 4074 3344 4133 Iesus
3394 4075 3671 4138 Christus,

2093 4193 2188 4249 per
2217 4191 2382 4247 quem
2408 4174 2596 4230 omnia
2622 4190 2638 4238 ;
2676 4181 2728 4229 et
2762 4187 2907 4229 unus
2941 4171 3182 4241 Spiritus
3207 4176 3454 4236 sanctus,
3482 4166 3538 4220 i-n
3563 4180 3674 4236 quo

2090 4283 2297 4324 omnia.

2186 4285 2297 4323 Illa.

2129 4285 2320 4415 mOrat.
2350 4358 2406 4411 in
2437 4355 2499 4412 S.
2538 4354 2769 4424 Baptist.
2792 4354 3026 4409 -—-Deus
3054 4352 3244 4407 lumen
3282 4360 3560 4406 summum
3591 4354 3677 4402 est

2089 4459 2148 4509 et
2186 4451 2554 4513 inaccessum,
2587 4446 2734 4517 quod
2768 4444 2935 4515 299
2959 4458 3063 4500 nec
3089 4450 3273 4498 mente
3306 4440 3538 4512 percipi,
3569 4453 3675 4494 nec

2095 4543 2283 4600 verbis
2315 4541 2581 4612 explicari
2613 4547 2830 4609 potest;
2873 4545 3127 4593 naturam
3173 4549 3394 4590 omnem
3434 4533 3678 4588 rationa-

2095 4637 2202 4692 lem
2255 4635 2596 4690 illuminans.
2625 4631 2782 4698 Quod
2820 4631 2904 4688 sol
2955 4631 3012 4686 in
3071 4628 3374 4686 sensilibus
3412 4632 3520 4690 est,
3565 4625 3673 4679 boc

409 4706 838 4799 φανταζόμενον,
883 4725 978 4781 καὶ
1005 4726 1130 4780 ὅσον
1183 4723 1250 4779 ἂν
1295 4723 1718 4794 φαπασθῶμεν,
1759 4724 1983 4792 ἀγαπώ-

2095 4729 2186 4785 ille
2213 4728 2266 4782 in
2288 4724 2787 4790 intellectualibus;
2818 4738 2886 4778 eo
2906 4738 2965 4778 se
2985 4724 3159 4792 magis
3187 4716 3670 4790 contemplandum

413 4837 596 4890 μενον,
626 4819 724 4874 καί
761 4819 887 4874 ὅσον
920 4817 988 4873 ἂν
1031 4818 1434 4889 ἀγαπήσωμεν,
1465 4812 1624 4881 αὖθις
1657 4816 1949 4888 νοούμενον
1969 4833 1986 4848 ·

410 4912 548 4967 αὐτὸ
573 4911 772 4966 ἑαυτοῦ
801 4910 1138 4983 θεωρητικόν
1165 4926 1226 4964 τε
1249 4908 1345 4964 καί
1369 4909 1778 4979 καταληπτικόν
1794 4925 1808 4940 ·
1833 4909 1991 4978 ὁλίγα

409 5007 526 5070 τοῖς
547 5003 655 5072 ἔξω
677 5005 960 5075 χεόμενον.

472 5275 654 5346 Ὅπερ
683 5271 838 5328 ἐστὶν
860 5275 974 5338 τοῖς
996 5275 1273 5344 αἰσθητοῖς
1287 5275 1460 5346 ἥλιος,
1476 5276 1634 5330 τοῦτο
1650 5279 1763 5342 τοῖς
1784 5279 1993 5350 νοητοῖς

2095 4821 2367 4892 praebens,
2399 4831 2512 4889 quo
2540 4817 2750 4888 puriori
2784 4814 2969 4870 animo
2996 4827 3232 4881 sumus;
3277 4821 3334 4867 et
3374 4825 3441 4866 eo
3479 4823 3676 4864 rursus

2095 4910 2392 4968 amandum
2445 4909 2642 4980 magis,
2690 4921 2803 4979 quo
2857 4905 3124 4961 attentius
3160 4918 3286 4959 eum
3326 4902 3675 4972 contempla-

2097 5019 2256 5072 mur;
2285 5011 2341 5058 et
2357 5017 2428 5059 eo
2452 5002 2688 5072 denique
2713 4998 2890 5070 magis
2904 4997 3280 5069 cognoscitur,
3299 5011 3413 5066 quo
3437 4994 3676 5064 amplius

2099 5097 2277 5166 ipsum
2301 5108 2554 5149 amamus
2577 5111 2592 5148 :
2618 5093 2734 5163 ipse
2754 5107 2812 5147 se
2829 5091 3149 5162 speculatur
3160 5096 3217 5145 et
3235 5083 3674 5158 comprehendit,

2097 5197 2154 5246 et
2191 5187 2484 5258 perexigue
2506 5185 2574 5240 ad
2603 5192 2834 5240 externa
2865 5181 3218 5239 diﬁunditur.

2169 5279 2321 5334 Orat.
2345 5279 2397 5331 in
2422 5275 2482 5332 S.
2507 5276 2703 5330 Athan.
2729 5305 2802 5316 —
2828 5273 2986 5340 Quod
3015 5271 3376 5329 seusibilibus
3401 5271 3568 5326 rebus
3591 5278 3674 5325 est

412 5361 570 5424 Θεός.
594 5360 655 5412 '0
684 5363 784 5432 μὲν
813 5360 926 5432 γὰρ
946 5361 1038 5415 τὸν
1074 5363 1354 5434 ὁρώμενον
1383 5364 1608 5434 φωτίζει
1628 5365 1852 5438 κόσμον,
1879 5369 1910 5420 6
1935 5367 1983 5420 δὲ

2094 5372 2180 5427 sol
2208 5379 2418 5435 noster,
2465 5369 2568 5425 boc
2620 5368 2764 5424 Deus
2796 5374 2881 5424 est
2923 5367 2992 5422 iis
3027 5380 3152 5436 quae
3204 5372 3390 5420 mente
3444 5363 3672 5436 praedita

412 5453 505 5506 τὸν
521 5453 774 5525 ἀόρατον.
789 5454 936 5514 Καὶὸ
955 5452 1057 5523 μὲν
1069 5455 1170 5518 τὰς
1187 5456 1508 5526 σωματικὰς
1522 5457 1675 5528 ὁψεις
1689 5458 1991 5529 ήλιοειδεῖς,

2092 5471 2244 5518 sunt.
2286 5463 2384 5516 Ille
2427 5462 2574 5516 enim
2609 5460 2874 5516 mundum
2932 5457 3082 5512 hunc
3133 5454 3524 5527 aspectabilem
3559 5455 3673 5509 col-

412 5547 442 5598 6
466 5543 524 5598 δὲ
555 5544 654 5609 τὰς
692 5545 886 5616 νοεράς
919 5543 1110 5614 φύσεις
1148 5545 1403 5610 θεοειδεῖς
1439 5549 1835 5618 ἀπεργάζεται.
1881 5550 1983 5602 Καὶ

2095 5557 2336 5623 lustrat;
2391 5554 2482 5609 hic
2528 5552 2882 5608 invisibilem.
2938 5549 3038 5606 Ille
3068 5547 3323 5619 corporis
3358 5546 3554 5602 oculos
3600 5546 3672 5600 ita

413 5636 604 5709 ὥσπερ
633 5631 788 5702 οὗτος
819 5639 934 5701 τοῖς
955 5655 1014 5692 τε
1038 5637 1230 5710 ὁρῶσι,
1257 5639 1354 5692 καὶ
1391 5640 1503 5702 τοῖς
1531 5640 1853 5712 ὁρωμένοις,
1879 5645 1991 5706 τοῖς

417 5730 519 5801 μὲν
544 5730 644 5801 τὴν
670 5729 765 5784 τοῦ
791 5730 947 5802 ὁρᾷν,
976 5732 1086 5794 τοῖς
1119 5731 1176 5784 δὲ
1209 5729 1307 5801 τὴν
1335 5732 1428 5786 τοῦ
1459 5732 1691 5803 ὁρᾶσθαι
1729 5733 1986 5805 παρέχων

413 5822 669 5892 δύναμιν,
704 5822 867 5884 αὐτὸς
914 5821 1022 5876 τῶν
1055 5822 1345 5893 ὁρωμένων
1390 5824 1508 5878 ἐστὶ
1557 5825 1615 5878 τὸ
1660 5823 1980 5880 κάλλιστον’

2095 5648 2281 5712 allicit,
2312 5655 2372 5701 ut
2400 5647 2534 5703 solis
2565 5645 2800 5716 speciem
2833 5643 3075 5700 referant
3108 5661 3122 5697 :
3157 5642 3248 5696 hic
3294 5648 3510 5696 mentes
3554 5638 3668 5694 dei-

2094 5736 2299 5791 formes
2331 5736 2479 5791 facit.
2506 5735 2684 5806 Atque
2712 5746 2770 5790 ut
2813 5735 2925 5801 illc,
2955 5743 3065 5788 tam
3095 5732 3166 5790 iis
3203 5731 3410 5803 quibus
3452 5727 3667 5784 vivendi

2089 5827 2324 5882 facultas
2375 5826 2531 5884 adest
2579 5841 2742 5893 quam
2779 5824 2848 5881 iis
2898 5839 3018 5891 quae
3051 5822 3326 5887 videntur,
3376 5820 3520 5875 hanc
3557 5816 3668 5872 vim
