1999 3196
184 186 254 219 1075

784 185 815 215 S.
835 183 997 215 JOANNIS
1016 186 1234 217 DAMASCENI

1753 185 1834 219 ιοτσ

182 241 294 277 praebet,
310 244 340 268 ut
357 245 383 268 et
397 241 444 267 illa
458 240 570 275 quidem
589 240 711 274 videant,
736 239 788 268 ista
810 241 974 275 videantur;

1045 242 1099 269 ὖτω
1112 244 1160 270 καὶ
1172 243 1188 269 ό
1203 243 1271 276 Θεὸς
1289 245 1345 276 τοῖς
1358 253 1388 271 τε
1403 244 1505 277 νοοῦσι,
1522 246 1569 272 καὶ
1583 245 1641 277 τοῖς
1654 244 1826 280 νοουμένοις,

183 295 247 315 cum
261 286 319 322 ipse
333 289 416 314 rebus
429 294 490 321 quae
501 287 553 313 sub
564 290 706 321 aspectum
723 287 839 321 cadunt,
856 287 979 322 pulchri-

184 334 280 361 tudine
294 332 439 360 antecellat
456 341 462 358 :
483 332 580 359 eodem
594 334 676 360 modo
691 332 774 365 Deus,
788 341 853 360 curn
869 333 905 361 iis
918 341 979 369 qua

184 377 363 413 intelligentia
389 381 515 409 utuntttr,
542 378 595 405 hoc
616 377 725 411 aﬁerat,
742 382 772 406 ut
799 378 978 414 intelligant:

1032 288 1089 320 τοῖς
1109 288 1160 323 μὲν
1174 288 1205 315 τὸ
1226 290 1308 323 νοεῖν,
1325 292 1381 322 τοῖς
1406 290 1434 317 δὲ
1449 291 1481 317 τὸ
1497 291 1619 318 νοεῖσθαι
1635 290 1826 326 δημιουργῶν,

1033 333 1116 365 αὐτὸς
1127 334 1182 361 τῶν
1197 335 1352 370 νοουμένων
1367 336 1427 363 ἐστὶ
1441 336 1471 363 τὸ
1484 336 1644 372 ἀκρότατον,
1657 337 1697 369 είς
1709 336 1739 364 ὃν
1747 337 1828 363 πᾶσα

1035 378 1130 414 ἔφεσις
1144 380 1266 407 ἵσταται.

183 427 210 448 ει
236 422 269 448 iis
294 429 355 456 quae
372 426 463 449 mente
495 423 695 457 percipiuntur,
717 428 748 451 ut
793 425 995 459 intelligantur,
1034 424 1093 460 ipse
1126 426 1243 468 proinde
1280 428 1492 466 intelligibilium
1533 429 1658 457 omnium
1698 433 1828 458 summus

184 473 224 494 est
245 471 350 500 vertex,
378 467 405 494 itt
427 475 486 502 quo
514 468 681 496 desiderium
706 477 788 497 omne
815 470 926 498 sistitur
948 474 976 497 et
995 470 1121 506 quiescit.

219 512 356 548 Chrysosl.
374 514 445 551 hom.
461 514 495 540 '77
516 515 543 541 in
566 514 647 549 Jour}.
663 530 699 535 —
721 516 828 544 idcirco
844 517 930 544 etiam
951 517 980 544 in

184 560 348 595 baptismate
367 560 489 587 Trittitas
519 562 682 588 assumitur.
712 561 781 589 Nam
808 562 891 590 Pater
922 571 980 591 rem

186 613 295 633 omnem
309 610 399 640 potest
413 606 530 638 cilicere,
552 606 696 642 Filiusque
715 608 794 642 item,
817 614 844 636 et
859 609 981 644 Spiritus

186 656 301 679 sanctus
317 662 322 679 :
339 660 401 679 cum
429 660 496 679 vero
512 653 545 680 de
568 653 649 681 Patre
669 662 750 681 nemo
767 655 928 690 ambigeret,
947 655 981 682 de

187 696 399 725 l-‘ilinautcmct
420 698 525 733 Spiritu
549 705 646 727 sancto
671 702 864 728 controversia
890 701 979 735 foret;

186 750 332 780 eapropter
345 746 490 781 utrittsqtte
507 747 605 773 horum
623 755 722 774 nomen
739 748 766 774 in
783 753 877 775 sancta
888 747 981 775 initia-

188 793 263 818 tione
283 798 454 827 assumptum
470 793 531 827 fuit,
551 797 579 820 ut
603 794 629 820 in
650 794 919 822 subtt'tinistrationis
935 801 981 820 ar-

187 847 317 865 canorum
332 839 440 866 illorum
450 840 584 867 bonorum
597 840 741 872 societate,
756 840 899 875 dignitatis
913 847 984 875 quo-

188 892 240 919 que
257 885 416 912 societatem
438 893 616 921 agnoscerent
621 893 664 913 IIS.

224 931 318 965 Epiplz.
356 932 383 958 in
406 932 471 958 Anc.
501 941 528 959 n.
558 932 601 959 10.
619 948 653 954 -
681 932 820 963 Sanctus.
851 936 984 964 sanctus,
1002 934 1022 960 Β

189 974 315 1004 sanctus.
346 977 403 1004 Non
430 978 535 1011 dicunt,
565 979 665 1012 sancti,
691 979 791 1011 sancti,
816 983 845 1006 ut
865 979 890 1006 ei
910 979 985 1013 quod

189 1023 330 1057 singulare
346 1028 398 1055 cst,
415 1024 595 1059 multiplicent
620 1025 831 1059 appellationem
850 1025 984 1056 tribuant,

190 1076 242 1095 nec
253 1069 337 1096 triutn
362 1077 506 1096 numerum
525 1070 709 1096 dissimulent.
736 1069 789 1097 Sed
815 1070 851 1096 ita
868 1074 909 1096 ter
923 1070 986 1104 qui-

189 1115 251 1141 dem
273 1119 400 1142 sanctum
422 1116 584 1150 praedicant,
602 1119 631 1142 ut
659 1123 713 1143 uno
728 1115 881 1150 eodctnque
905 1115 987 1142 ntodo

190 1165 217 1188 et
247 1161 426 1196 singulariter
438 1169 533 1188 vocem
549 1161 742 1196 pronuntient,
757 1169 791 1189 ne
811 1162 903 1195 plures
919 1161 986 1188 deos

191 1207 346 1234 nominent.
365 1207 444 1235 Unus
460 1208 533 1234 enim
551 1207 623 1235 Deus
639 1213 681 1234 est
702 1207 783 1234 Pater
807 1208 833 1234 in
862 1206 943 1237 Filio.
959 1211 987 1234 et

192 1251 279 1279 Filius
302 1253 330 1279 in
351 1251 432 1279 Patre
458 1259 520 1279 cum
550 1251 653 1287 Spiritu
684 1255 792 1279 sancto.
820 1251 852 1277 Et
883 1251 988 1278 idcirco

191 1301 307 1325 sanctus
326 1298 373 1332 qui
399 1298 425 1324 in
446 1298 550 1325 sanctis
579 1298 739 1333 requiescit,
760 1298 840 1325 Pater
862 1305 944 1325 verus
960 1301 988 1325 et

191 1344 358 1376 subsistens,
377 1343 464 1371 Filius
483 1352 593 1379 quoque
611 1352 691 1372 verus
716 1349 744 1371 et
768 1344 935 1377 subsistens,
961 1348 988 1371 et

192 1390 314 1424 Spiritus
330 1394 445 1418 sanctus
469 1398 551 1418 verus
574 1395 601 1418 et
635 1391 802 1418 subsistens.
829 1390 893 1417 Tria
912 1395 987 1422 sunt,

192 1438 240 1463 sed
256 1436 346 1464 deitas
360 1445 425 1470 una,
440 1438 562 1465 essentia
571 1444 638 1468 una,
656 1444 709 1464 una
725 1436 902 1471 glorificatio,
915 1444 989 1463 unus

192 1482 275 1509 Deus.
291 1481 341 1509 Ubi
355 1481 439 1509 Deum
451 1482 623 1509 nominasti?
634 1489 688 1509 una
703 1489 813 1516 quoque
824 1481 987 1508 Trinitatem

194 1531 287 1554 mente
308 1528 470 1563 complexus
484 1536 525 1556 es.
550 1527 676 1555 Habuisti
696 1527 829 1563 Spiritum
846 1527 990 1554 sanctum?

194 1573 317 1607 potentia
337 1572 427 1600 Patris
438 1576 466 1601 et
479 1572 549 1601 Filio
567 1573 613 1601 Dei
625 1573 745 1601 donatus
754 1581 795 1601 es.
808 1573 916 1600 Patrem
929 1573 989 1600 lau-

195 1618 289 1645 dasti?
315 1618 415 1646 Filium
444 1624 470 1646 et
496 1618 630 1654 Spiritum
658 1624 787 1651 sanctum
815 1619 989 1654 signiﬁcasti.

196 1671 250 1689 non
266 1667 355 1690 lamen
374 1671 423 1698 per
435 1663 564 1691 unionem
577 1668 604 1691 et
619 1664 806 1692 coalitionem.
820 1664 902 1691 Pater
917 1664 991 1691 enim

196 1713 238 1735 est
259 1707 349 1740 Pater,
363 1713 391 1735 et
405 1708 491 1737 Filius
503 1709 607 1742 Filius,
623 1713 651 1737 et
667 1709 788 1744 Spiritus
798 1707 914 1738 sanctus
929 1709 992 1744 Spi-

197 1754 267 1780 ritus
281 1758 405 1781 sanctus.
424 1753 460 1780 At
475 1752 598 1782 Trinitas
616 1753 651 1781 ab
667 1753 771 1781 unitate
796 1757 823 1781 et
850 1752 993 1781 identitate

197 1799 309 1826 minime
325 1804 431 1827 semota
447 1803 500 1827 est.

234 1845 305 1872 Ibid.
315 1861 350 1866 ——
363 1846 386 1873 0
402 1845 527 1874 Trinitas
542 1851 649 1880 sancta,
666 1854 727 1882 quae
741 1847 915 1880 numeraris;
934 1845 994 1873 'l‘ri-

199 1892 272 1919 nitas
286 1899 342 1919 uno
353 1891 464 1919 nomine
483 1893 648 1920 numerata!
667 1892 728 1920 Non
746 1893 821 1920 enim
838 1892 931 1919 unitas
952 1891 994 1918 vel

199 1936 325 1965 binarius
336 1936 449 1970 dicitur,
466 1945 554 1972 neque
570 1938 662 1966 unitas
676 1943 704 1966 et
717 1939 825 1971 unitas;
839 1938 885 1965 sed
901 1937 994 1964 Trini-

199 1985 243 2009 tas
268 1981 296 2008 in
319 1982 436 2015 unitate,
460 1986 488 2010 et
514 1983 608 2011 unitas
628 1983 655 2010 in
681 1982 829 2015 Trinitate,
861 1983 994 2018 singulari

200 2028 300 2061 forma,
317 2032 344 2055 ct
356 2028 541 2063 appellatione
555 2029 699 2063 singulari.
715 2028 793 2057 Unus
807 2029 888 2057 Pater
900 2029 928 2057 in
949 2028 994 2055 Fi-

200 2074 250 2107 lio,
267 2074 354 2103 Filius
374 2075 401 2102 in
416 2074 497 2102 Patre
512 2080 540 2103 et
553 2075 660 2110 Spiritu
673 2081 781 2103 sancto.

236 2118 295 2146 Una
309 2124 352 2147 cst
367 2120 455 2155 gloria
478 2119 569 2148 Patris
586 2124 613 2147 et
629 2120 690 2147 Filii
707 2125 734 2148 et
756 2120 876 2155 Spiritus
895 2119 994 2147 sancti.

204 2166 352 2194 «Gloriam
378 2167 452 2194 enim
479 2174 580 2198 meam,
611 2166 710 2201 inquit,
732 2166 812 2193 alteri
844 2174 898 2192 non
926 2165 996 2192 dabo

201 2211 270 2246 (lsa.
290 2219 358 2244 uti,
373 2212 412 2247 8).
432 2211 493 2239 Non
511 2212 585 2240 enint
598 2212 739 2240 secundus
756 2211 827 2239 Deus
840 2216 882 2239 est
896 2210 996 2242 Filius,

201 2258 249 2285 sed
266 2256 387 2286 Verbum
405 2258 488 2287 unius
504 2261 531 2285 et
547 2258 633 2286 solius
648 2258 704 2291 Dei,
721 2258 767 2293 qui
789 2258 815 2285 in
830 2258 909 2285 Patre
923 2257 996 2284 Deus

202 2311 265 2331 esse
281 2303 458 2338 praedicatur,
477 2304 708 2339 quemadmodum
725 2307 753 2331 et
769 2304 850 2331 Pater
869 2303 897 2330 in
915 2302 995 2330 Filio.

203 2348 284 2377 Velut
302 2349 385 2385 300
397 2350 480 2377 etiam
499 2350 586 2378 Isaias
601 2350 648 2383 ait,
666 2350 728 2377 dum
744 2349 845 2377 Filium
863 2357 919 2377 una
932 2356 995 2376 cum

202 2396 284 2423 Patre
311 2396 396 2423 Dequ
427 2397 595 2431 proﬁtetur:
616 2406 625 2422 ι
645 2397 808 2423 Adorabunt
825 2401 862 2429 te,
879 2401 906 2423 et
928 2396 955 2422 in
972 2401 997 2423 te

203 2441 342 2468 orabunt:
362 2441 492 2476 quoniam
522 2442 549 2470 in
581 2447 608 2470 te
638 2442 710 2469 Deus
739 2442 840 2474 lsraei,
871 2441 999 2469 Salvator

203 2486 274 2522 (Im.
296 2495 358 2521 ιιν,
380 2488 423 2520 Η,
439 2488 495 2524 ιδ).
518 2497 528 2514 ι
543 2488 766 2522 Confundentur,
782 2493 811 2516 et
832 2489 997 2516 erubescent

204 2541 312 2566 omnes,
331 2533 379 2569 qui
395 2533 447 2569 ipsi
463 2533 660 2567 adversantur,
681 2542 732 2562 nec
748 2535 837 2569 ipsum
863 2534 998 2562 conﬁten-

206 2583 260 2611 tur,
281 2587 332 2606 nec
342 2578 477 2614 Spiritum
493 2579 582 2614 ipsius
592 2581 714 2615 ejusdem
728 2588 760 2607 ac
771 2579 857 2608 Filius
872 2580 999 2608 essentia:

206 2632 278 2658 esse,
291 2632 324 2652 ac
337 2628 437 2660 praeter
447 2632 521 2657 eum,
536 2626 619 2656 alium
637 2627 721 2654 Deum
736 2635 808 2656 esse.

239 2669 421 2705 Nequaquam
446 2670 483 2698 ita
504 2675 572 2700 est:
598 2672 762 2700 absithon
788 2677 831 2701 est
854 2677 999 2708 procreata

208 2715 343 2748 Trinitas,
366 2716 415 2744 sed
432 2719 600 2753 sempiterna
619 2724 646 2747 et
667 2728 722 2748 una
745 2724 788 2748 est
813 2721 840 2748 in
864 2720 1001 2748 Trinitate

1067 519 1117 545 Διὰ
1135 519 1214 546 τοῦτο
1231 521 1277 547 καὶ
1295 520 1341 547 ἐπὶ
1355 521 1402 548 τοῦ
1421 521 1611 556 βαπτίσματος
1626 522 1643 556 ἡ
1653 521 1740 556 Τριὰς
1753 521 1828 556 λαμ-

1033 563 1156 591 ὃάνεται.
1180 565 1235 591 Καὶ
1250 565 1305 601 γὰρ
1322 564 1336 591 ό
1352 566 1446 601 Πατὴρ
1465 566 1496 592 τὸ
1517 566 1572 592 πᾶν
1588 566 1759 600 ἐργάσασθαι
1779 565 1829 592 δύ-

1033 618 1122 642 ναται,
1140 611 1188 637 καὶ
1204 612 1218 637 ὁ
1246 611 1311 643 Υἱὸς
1337 612 1384 638 καὶ
1400 612 1431 638 τὸ
1457 612 1570 647 Πνεῦμα
1597 612 1628 638 τὸ
1645 612 1742 645 ἆγιον·
1769 611 1830 639 ἀλλ’

1033 656 1127 691 ἐπειδὴ
1143 657 1206 691 περὶ
1231 656 1279 683 τοῦ
1309 657 1418 692 Πατρὺς
1446 658 1532 690 οὐδεὶς
1547 658 1726 693 ἀμφιϐάλλει,
1750 658 1783 685 τὸ
1798 658 1830 685 δὲ

1035 703 1186 737 ἀμφίϐολον
1204 702 1237 739 ἦν
1261 704 1326 739 περὶ
1351 704 1397 730 τοῦ
1417 704 1482 731 Υίοῢ
1508 705 1618 731 καὶτοῦ
1638 705 1716 739 ἁγίου
1738 705 1830 732 Ilvati-

1037 758 1131 784 ματος,
1150 750 1334 785 παρείληπται
1358 751 1387 776 ἐν
1401 752 1433 786 τῇ
1461 752 1642 786 μυσταγωγίᾳ
1654 772 1663 784 ,
1681 751 1726 778 ἶνα.
1745 751 1776 777 ὲν

1038 797 1165 831 κοινωνίᾳ
1181 796 1235 822 τῶν
1254 797 1422 832 ἀπορρήτων
1438 797 1550 824 ἐκείνων
1568 797 1690 831 ἀγαθῶν,
1714 797 1762 824 καὶ
1778 796 1831 833 τὴν

1038 842 1182 869 κοινωνίαν
1195 842 1244 877 τῆς
1262 843 1338 875 ἀξίας
1351 843 1616 878 καταμανθάνωμεν.

1074 933 1189 967 Ἄγιος,
1220 933 1307 967 ἅγιος,
1337 934 1426 967 ἅγιος·
1451 934 1498 960 καὶ
1522 934 1552 960 οὺ
1579 935 1717 969 λέγουσιν,
1742 935 1830 969 ἅγιοι,

1037 979 1119 1012 ἆγιοι,
1135 979 1178 1006 ἵνα
1204 979 1235 1006 τὸ
1252 980 1343 1006 ἑνικὸν
1359 979 1538 1015 πολυώνυμον
1559 981 1733 1015 ἀποφάνωσι,
1760 981 1834 1016 μηδὲ

1036 1025 1090 1050 τῶν
1106 1026 1190 1059 τριῶν
1206 1025 1251 1051 τὸν
1268 1026 1384 1061 ἀριθμὸν
1400 1027 1610 1063 ἁποκρύψωσιν,
1626 1027 1696 1054 ἀλλὰ
1711 1027 1775 1063 τρὶς
1788 1027 1834 1054 δι-

1040 1071 1117 1096 δόασι
1145 1071 1195 1105 τὴν
1220 1071 1398 1104 ἁγιαστείαν-
1434 1073 1578 1106 μονοειδῶς
1604 1072 1633 1099 δὲ
1660 1073 1708 1099 καὶ
1731 1073 1834 1104 ἑνικῶς

1038 1116 1260 1150 ἀποφθέγγονται
1277 1117 1322 1143 τὸν
1339 1117 1428 1151 λόγον,
1444 1118 1488 1144 ἵνα
1506 1117 1543 1153 μὴ
1560 1118 1710 1144 πυλυθεῒαν
1726 1118 1835 1153 ὀνομά-

1039 1167 1122 1185 σωσιν
1133 1168 1139 1175 ·
1172 1157 1211 1192 εἷς
1227 1160 1281 1196 γάρ
1305 1161 1363 1187 ἐστι
1387 1161 1453 1193 Θεὸς
1468 1162 1564 1197 Πατὴρ
1585 1163 1614 1189 ὲν
1630 1162 1687 1197 Υἰῷ
1698 1170 1705 1177 ·
1722 1163 1787 1194 Υίδς
1799 1163 1837 1190 tv

1039 1205 1129 1240 Πατρὶ
1144 1206 1192 1232 σὺν
1212 1206 1283 1241 ἁγίῳ
1296 1206 1446 1242 Πνεύματι.
1464 1208 1520 1234 Καὶ
1540 1208 1585 1235 διὰ
1609 1208 1690 1235 τοῦτο
1707 1209 1786 1242 ἄγοος
1802 1209 1836 1236 ὲν

1039 1251 1126 1285 ἁγίοις
1133 1252 1351 1286 ἀναπαυόμενος,
1362 1253 1457 1288 Πατὴρ
1471 1255 1485 1280 ὁ
1498 1253 1626 1288 ἀληθινὸς
1637 1254 1835 1286 ὲνυπόστατος,

1039 1297 1088 1323 καὶ
1099 1296 1162 1328 Υἱὸς
1171 1297 1299 1330 ἀληθινὸς
1311 1298 1507 1330 ὲνυπόστατος,
1520 1299 1569 1325 καὶ
1578 1297 1691 1334 Πνεῦμα
1706 1297 1842 1333 ἀληθινὸν

1040 1342 1233 1375 ὲνυπόστατον,
1251 1343 1314 1378 τρία
1333 1343 1398 1370 ὄντα
1422 1344 1471 1379 μία
1486 1345 1592 1379 θεότης,
1609 1343 1658 1379 μία
1674 1343 1764 1375 οὐσία,
1783 1343 1837 1379 μία

1039 1390 1187 1423 δοξολογία,
1199 1387 1239 1421 εἷς
1252 1390 1327 1421 Θεός·
1349 1390 1487 1424 ὀνομάσας
1499 1390 1575 1422 Θεὸν,
1594 1390 1838 1425 συμπεριείληφας

1040 1436 1145 1471 διανοίᾳ.
1160 1436 1209 1471 τὴν
1226 1437 1341 1472 Τριάδα.
1355 1437 1454 1471 Ἔσχες
1469 1436 1582 1472 Πνεῦμα
1598 1437 1688 1470 ἅγιον,
1699 1435 1838 1471 κατηξίω-

1043 1490 1087 1507 σαι
1101 1481 1151 1516 τῆς
1176 1482 1319 1516 δυνάμεως
1336 1483 1385 1517 τῆς
1411 1483 1542 1518 πατρῴας
1561 1482 1610 1510 καὶ
1629 1482 1676 1509 τοῦ
1692 1482 1759 1509 Υίοῦ
1785 1481 1845 1509 τοῦ

1041 1526 1126 1553 Ε)εοῦ-
1148 1527 1279 1559 ὲδόξασας
1305 1528 1351 1554 τὸν
1373 1529 1494 1563 Πατέρα,
1522 1529 1665 1564 ὲσὴμανας
1683 1528 1730 1555 τὸν
1757 1528 1836 1561 Υίὸν,

1042 1574 1090 1600 καὶ
1109 1574 1140 1599 τὸ
1164 1573 1241 1607 ἆγιον
1267 1573 1392 1608 Πνεῦμα,
1418 1573 1487 1600 ἀλλὰ
1505 1574 1542 1609 μὴ
1562 1574 1633 1601 κατὰ
1659 1573 1837 1608 συναλοιφὴν.

1045 1621 1124 1647 Ἐστι
1146 1620 1200 1655 γὰρ
1217 1621 1230 1646 ὁ
1243 1619 1338 1654 Πατὴρ
1353 1619 1449 1655 Πατήρ
1460 1627 1466 1634 ·
1480 1619 1553 1645 ἔστιν
1563 1620 1577 1646 ὁ
1594 1618 1660 1650 Υίδς
1670 1618 1751 1649 Υἱός·
1761 1617 1839 1646 ἔστιν

1042 1667 1072 1693 το
1089 1666 1168 1701 ἅγιον
1182 1665 1307 1701 Πνεῦμα,
1326 1666 1404 1699 ὅιγιον
1426 1665 1550 1700 Πνεῦμα.
1567 1664 1638 1691 Ἀλλ’
1651 1664 1702 1691 οὐκ
1717 1663 1839 1698 ἀπηλλο-

1043 1713 1182 1747 τριωμένη
1209 1711 1295 1747 Τριὰς
1327 1712 1377 1746 τῆς
1402 1711 1549 1745 ἑνότητος,
1578 1710 1625 1738 καὶ
1650 1709 1702 1745 τῆς
1739 1709 1839 1736 ταυτότ

1044 1767 1135 1794 τητος.

1080 1846 1114 1874 Ὦ
1127 1847 1211 1882 Τριὰς
1230 1847 1296 1881 ἁγία
1311 1845 1501 1882 ἀριθμουμένη
1519 1852 1542 1877 ο,
1561 1844 1647 1880 Τριὰς
1667 1844 1697 1871 ὲν
1721 1842 1763 1871 ἑνὶ
1778 1842 1839 1870 ὀνό-

1047 1903 1112 1929 ματι
1130 1894 1319 1930 ἀριθμουμένη
1331 1894 1337 1920 !
1357 1893 1394 1919 Οὐ
1406 1893 1460 1927 γὰρ
1472 1892 1582 1926 λέγεται
1594 1891 1682 1926 ,μονὰς
1698 1890 1746 1917 καὶ
1758 1889 1837 1922 δυὰς,

1046 1940 1106 1966 οὐδὲ
1124 1939 1207 1974 μονὰς
1222 1938 1268 1964 καὶ
1295 1938 1389 1972 μονὰς,
1406 1937 1474 1963 ἀλλὰ
1500 1936 1586 1971 Τριὰς
1613 1936 1643 1961 ἐν
1658 1933 1770 1970 ⁸μονάδι,
1788 1932 1838 1961 καὶ

1047 1986 1131 2021 μονὰς
1160 1986 1188 2011 ἐν
1206 1985 1312 2018 Τριάδι,
1337 1983 1481 2019 μονοειδῶς
1510 1981 1679 2017 μονωνύμως
1694 1978 1734 2011 εἷς
1751 1978 1835 2010 Θεός·

1046 2031 1142 2065 Πατὴρ
1169 2031 1198 2056 ἐν
1228 2030 1301 2064 Υἱῷ·
1328 2029 1391 2061 Υἱὸς
1416 2030 1444 2055 ὲν
1467 2027 1557 2062 [iath
1585 2027 1633 2053 σὺν
1661 2025 1732 2059 ἁγίῳ
1749 2023 1838 2050 Πνεῦ-

1069 2085 1124 2103 om.

1048 2087 1139 2150 μαξιία
1153 2122 1216 2156 δόξα
1234 2122 1341 2157 Πατρὸς
1356 2121 1402 2147 καὶ
1419 2119 1485 2147 Υἱοῦ
1509 2119 1556 2145 καὶ
1572 2117 1650 2152 ἁγίου
1666 2117 1839 2150 Πνεύματος.

1051 2180 1059 2196 ι
1069 2171 1124 2205 Τὴν
1134 2169 1212 2201 δόξαν
1226 2168 1280 2203 γάρ
1291 2176 1354 2202 μου,
1364 2166 1456 2201 φησὶν,
1465 2165 1551 2199 ἑτέρῳ
1564 2165 1595 2190 οὐ
1609 2162 1698 2190 δώσω,
1713 2172 1722 2188 ι
1736 2162 1774 2188 οὐ
1784 2161 1840 2196 γάρ

1048 2217 1106 2242 ἐστι
1120 2215 1246 2250 δεύτερος
1264 2213 1330 2245 Θεὸς
1346 2214 1360 2239 ὁ
1378 2212 1452 2244 Υἱὸς,
1469 2210 1538 2238 ἀλλὰ
1553 2210 1640 2244 Λόγος
1654 2209 1702 2235 τοῦ
1719 2208 1778 2239 ἑνὸς
1791 2207 1842 2234 καὶ

1051 2262 1133 2297 μόνον
1144 2259 1224 2291 Θεοῦ,
1241 2257 1452 2293 θεολογούμενος
1468 2257 1497 2283 ὲν
1513 2256 1612 2290 Πατρὶ,
1627 2254 1664 2286 ὡς
1678 2253 1725 2281 καὶ
1744 2252 1841 2287 Πατὴρ

1049 2309 1078 2335 ἐν
1093 2307 1151 2342 Υἱῴ
1169 2306 1347 2339 θεολογεῖται.
1366 2302 1466 2334 Καθὼς
1486 2301 1534 2329 καὶ
1552 2301 1666 2332 Ἡσαΐας
1677 2299 1764 2334 λέγει,
1781 2298 1842 2325 θεο-

1048 2353 1137 2388 λογῶν
1152 2352 1215 2378 Υίὸν
1231 2351 1278 2377 σὺν
1294 2349 1397 2384 Πατρί*
1413 2358 1421 2374 ι
1434 2346 1659 2383 Προσκυνήσουοί
1677 2353 1731 2376 σοι,
1746 2343 1796 2371 καὶ
1811 2345 1842 2370 ἐν

1052 2400 1094 2426 σοὶ
1122 2396 1334 2433 προσεύξονται·
1351 2395 1392 2422 ὅτι
1413 2396 1442 2421 ὲν
1467 2394 1509 2420 σοὶ
1524 2394 1539 2420 ὸ
1563 2393 1629 2425 Θεὸς
1651 2391 1698 2419 τοῦ
1721 2390 1841 2427 Ἰσραὴλ,

1049 2445 1159 2480 Σωτήρ.
1171 2453 1179 2468 ι
1195 2442 1430 2477 Αἰσχυνθήσονται
1443 2442 1491 2467 καὶ
1506 2439 1725 2475 ἐντραπήσονται
1740 2438 1843 2468 πάντες

1049 2492 1074 2517 οἱ
1088 2489 1274 2524 ἀντικείμενοι
1286 2487 1371 2522 αὐτῷ,
1384 2487 1409 2513 οἱ
1427 2486 1464 2521 μὴ
1479 2484 1675 2521 ὁμολογοῦντες
1691 2483 1778 2518 αὐτῷ,
1795 2482 1844 2511 καὶ

1050 2538 1081 2565 τὸ
1101 2536 1214 2572 Πνεῦμα
1239 2535 1335 2567 αὑτοῦ,
1349 2535 1398 2569 τῆς
1422 2534 1507 2568 αὐτῆς
1525 2532 1565 2568 τῷ
1588 2531 1645 2567 ra;
1669 2530 1776 2563 οὐσίας.
1796 2531 1844 2558 καὶ

1052 2585 1123 2620 πλὴν
1142 2582 1224 2610 αὐτοῦ
1239 2581 1303 2617 [μὴ]
1317 2578 1388 2607 εἶναι
1404 2579 1481 2606 Θεόν.

1089 2673 1146 2699 Οὐκ
1156 2671 1231 2698 ἐστιν
1248 2669 1334 2696 οὕτω·
1351 2667 1388 2704 μὴ
1404 2667 1527 2701 γένοιτο·
1544 2666 1596 2692 οὐκ
1619 2664 1679 2690 ἔστι
1693 2661 1814 2698 γεννητὴ
1825 2662 1842 2696 ἠ

1054 2719 1149 2754 Τριὰς,
1169 2717 1226 2744 ἀλλ’
1244 2716 1339 2747 ἀΐδιος,
1361 2714 1409 2740 καὶ
1434 2713 1484 2749 μία
1507 2712 1603 2747 θεότης
1624 2712 1653 2738 ἐν
1671 2709 1779 2746 Τριάδι,
1797 2709 1846 2736 καὶ

849 2788 966 2816 VARIAE
987 2788 1188 2816 LECTIUNES.

243 2834 261 2870 Τ
275 2828 337 2870 Ηέιτθ
355 2830 594 2870 ‘.“8'Inl_ur_codem
610 2834 662 2870 loci
678 2835 748 2870 apud
766 2833 960 2870 Epiphanium.
978 2834 1112 2869 Rupcl‘uc.
1138 2842 1203 2861 vero
1223 2831 1324 2870 tribuit
1337 2828 1540 2870 Atttpltilochio,
1561 2829 1759 2870 coﬁ‘paxqpiou
1777 2825 1854 2868 Ἀμ-

210 2864 391 2906 φιλιξὶςζοιιὲ
405 2866 451 2891 τοῦ
465 2867 507 2906 εἰέ
521 2868 550 2893 τδ
568 2870 597 2895 '0
610 2864 704 2903 κύριοξ
715 2864 804 2896 ἔκτισέ
821 2864 868 2905 ἰιε.
882 2870 949 2903 Quin
964 2864 1107 2905 inscriptio
1124 2871 1156 2898 sit
1177 2869 1270 2906 potius
1287 2866 1361 2894 illius
1377 2864 1532 2900 fragmenti,
1550 2864 1623 2897 quod
1644 2864 1735 2892 statim
1752 2864 1846 2899 sequi-

212 2908 255 2930 tur
265 2900 320 2927 Mi:
331 2900 405 2933 δόξα,
421 2909 446 2927 κ.
459 2910 482 2928 τ.
499 2902 520 2927 ὲ.
