3998 6396
366 363 493 425 1077

1627 358 1867 431 ΞΑΕΪὶΑ
1893 369 2354 430 PARALLELA.

3499 360 3634 427 lOiS

361 482 456 550 μία
481 480 609 546 δόξα
634 479 736 552 τῆς
766 480 928 552 ἁγίας
959 482 1212 555 Τριάδος.
1247 483 1356 539 Καὶ
1398 485 1609 555 σχίζειν
1653 486 1826 558 αὐτὴν
1857 489 1938 552 είς

2098 487 2244 546 sitas,
2271 492 2325 539 et
2357 499 2468 539 una
2517 491 2726 540 sancta:
2766 481 3060 538 Trinitatis
3103 479 3304 553 gloria.
3339 477 3402 533 Et
3443 493 3538 532 vos
3563 491 3631 534 eo

359 573 651 646 διαφόρους
682 573 873 645 φύσεις
903 575 1174 647 τολμᾶτες
1206 575 1371 646 Μόνῳ
1396 577 1520 648 Θεῷ
1550 579 1814 650 ἁρμόττει
1847 579 1939 633 λέ-

358 683 474 736 γειν
523 667 586 720 τὸ
629 667 799 738 ἐμόν.
831 667 1010 722 Δίιτοῦ
1047 671 1156 741 γὰρ
1191 669 1356 739 μόνου
1407 669 1577 736 ὅντως
1627 672 1817 743 κτῆμα
1873 671 1942 726 τὰ

363 759 560 814 πάντα.

360 893 522 977 Τίτλ..
541 894 618 977 ΒΖ.
642 924 713 936 —
739 897 879 977 11:81)!
930 895 1040 977 *ερῦ
1077 896 1382 977 ἄφευκτρν
1614 897 1741 977 τρν.
1758 899 1938 977 Θεᾴνὶ.

425 964 667 1103 23:28:“
711 963 914 1020 πάντα
960 963 1184 1036 ἐφορᾷ,
1225 969 1326 1023 καί
1379 968 1564 1026 οὐδὲν
1602 969 1793 1024 αὑτὸν
1842 967 1943 1023 λέ-

433 1167 451 1200 ι
486 1148 600 1202 οὐκ
629 1147 776 1206 ἔστιν
804 1147 865 1214 ὃς
893 1147 1162 1215 ἑξελείται
1195 1150 1261 1204 ἐκ
1288 1150 1401 1206 τῶν
1433 1151 1639 1224 χειρῶν
1672 1169 1800 1223 μου.
1843 1171 1862 1206 ι

433 1348 452 1382 ι
488 1328 727 1400 Ὀρατής
753 1329 905 1383 ἐστιν
930 1327 1112 1401 ἔργων
1143 1329 1348 1402 χειρῶν
1370 1328 1677 1403 ἀνθρώπων
1704 1347 1718 1362 ο
1745 1331 1942 1402 λέληθε

359 1420 412 1474 δὲ
443 1421 607 1476 αὑτὸν
633 1420 789 1476 οὐδὲν
815 1413 892 1477 ὧν
923 1421 1281 1492 πράττουσιν.
1320 1439 1340 1474 ι

436 1532 457 1564 ι
486 1512 693 1585 Κύριος
724 1513 906 1568 πάντα
933 1513 1131 1586 ἐφορᾷ,
1167 1513 1610 1584 καταλαμϐάνων
1649 1512 1945 1586 ἀνεξιχνία-

364 1623 496 1671 στα,
559 1604 751 1672 ἔνδοξα
798 1623 858 1660 τε
899 1607 998 1660 καὶ
1038 1605 1291 1672 ἐξαίσια,
1340 1597 1418 1661 ὧν
1463 1605 1565 1660 οὐκ
1616 1604 1768 1660 ἐστιν
1823 1605 1947 1677 ἀρι-

364 1697 517 1769 θμός.
550 1717 569 1750 ι

437 1789 582 1854 «Τίς
634 1783 791 1854 οὗτος
843 1791 872 1844 ὁ
917 1789 1178 1862 κρύπτων
1228 1806 1296 1861 με
1339 1787 1558 1862 βουλὴν,
1611 1789 1854 1861 συνέχων
1889 1789 1946 1845 δὲ

365 1879 585 1952 ῥήματα
618 1882 676 1936 ὲν
711 1880 931 1954 καρδίᾳ,
967 1882 1068 1953 ἐμὲ
1095 1881 1272 1936 οἴεται
1301 1881 1609 1954 κρύπτειν;
1640 1900 1662 1936 ι

440 2068 462 2103 ι
506 2051 746 2118 Ἐτάζων
779 2052 1009 2126 καρδίας
1031 2054 1128 2110 καὶ
1157 2057 1392 2129 νεφροὺς
1420 2058 1449 2112 ό
1475 2056 1632 2122 Θεός.
1659 2077 1681 2111 ι

449 2257 468 2292 ι
504 2237 742 2310 ’Υψηλδς
773 2238 1003 2310 Κύριος,
1057 2241 1154 2294 καὶ
1187 2238 1422 2294 ταπεινὰ
1467 2241 1681 2311 ἐφορᾷ,
1733 2248 1828 2294 καὶ
1885 2244 1955 2294 τὰ

368 2331 553 2402 ὑψηλά
582 2331 976 2403 ἀπομακρόθεν
1004 2330 1289 2401 γινώσκει.
1325 2349 1344 2383 ι

445 2441 464 2474 ι
500 2420 613 2476 Ποῦ
645 2422 902 2494 πορευθῶ
931 2422 1042 2478 ἀπὸ
1072 2423 1169 2477 τοῦ
1212 2422 1527 2494 πνεύματός
1570 2439 1688 2489 σου,
1723 2423 1820 2478 καὶ
1848 2423 1956 2477 ἀπὸ

365 2514 464 2569 τοῦ
495 2517 796 2587 προσώπου
831 2535 926 2572 σου
957 2519 1062 2572 ποῦ
1087 2518 1281 2588 φύγω;
1309 2538 1326 2571 ι

443 2624 464 2658 ι
505 2606 680 2678 ’ᾼδης
707 2608 803 2662 καλ⁹
851 2609 1100 2663 ἀπώλεια
1132 2610 1347 2682 φανερά
1385 2611 1538 2682 παρά
1579 2611 1805 2682 Κυρίῳο
1841 2610 1957 2676 πιῖις

366 2697 494 2769 οὐχὶ
527 2700 622 2752 καὶ
654 2701 710 2754 αἱ
740 2701 960 2771 καρδίαι
983 2702 1094 2756 τῶν
1125 2701 1470 2774 ἀνθρώπων;
1508 2721 1527 2754 ι

449 2810 468 2842 ι
499 2792 590 2846 Ἐν
622 2793 790 2848 παντὶ
835 2794 986 2865 τόπῳ
1032 2793 1306 2867 ὀφθαλμοὶ
1360 2795 1570 2867 Κυρίου
1626 2794 1958 2850 σκοπεύουσι

368 2883 582 2949 κακούς
601 2902 664 2939 τε
693 2887 788 2941 καὶ
818 2887 1085 2958 ἀγαθούς.
1119 2907 1139 2940 ι

449 2995 470 3028 ι
499 2977 632 3044 Θεὸς
683 2979 920 3049 ἐγγίζων
952 2981 1069 3051 είμὶ
1114 2979 1248 3049 ἐγὼ,
1283 2980 1433 3050 λέγει
1487 2981 1724 3053 Κύριος,
1758 2983 1852 3036 καὶ
1897 2985 1959 3037 οὐ

2048 576 2297 631 audaciae
2323 575 2709 646 prorumpitis,
2755 583 2813 629 ut
2860 587 2986 630 eam
3036 574 3092 629 in
3121 573 3374 629 diversas
3403 579 3631 624 naturas

2045 667 2352 724 scindatis?
2406 666 2515 722 Uni
2563 665 2672 722 Deo
2721 682 2896 720 meum
2948 665 3132 722 dicere
3182 663 3463 720 convenit.
3492 660 3629 718 Nam

2047 760 2164 832 ipse
2193 760 2348 816 solus
2382 759 2568 816 omnia
2595 773 2727 816 vere
2757 757 3024 827 possidet.

2067 888 2276 945 Tit.|l.
2321 916 2394 928 -—
2444 885 2599 953 Quod
2648 886 2790 941 Deus
2851 883 3008 939 vitari
3057 893 3313 953 nequeat,
3365 881 3603 953 quodque

2150 959 2328 1014 omnia
2356 959 2637 1029 inspiciat,
2679 971 2770 1011 nec
2797 955 3090 1025 quidquam
3135 955 3308 1022 ipsum
3333 954 3522 1007 lateat.

2116 1153 2273 1210 Deut.
2298 1159 2472 1222 xxxii,
2489 1153 2682 1210 ὅθι-ι
2708 1152 2828 1210 Non
2854 1161 2940 1211 est
2959 1151 3054 1224 qui
3072 1151 3272 1223 eripiat
3289 1151 3356 1207 de
3379 1151 3635 1208 manibus

2045 1245 2205 1302 meis.
2251 1262 2270 1298 ι

2120 1355 2139 1388 ι
2178 1335 2524 1406 Conspector
2571 1342 2659 1392 est
2701 1349 2930 1405 operum
2973 1332 3259 1409 hominum
3309 1349 3324 1385 :
3365 1345 3464 1387 nec
3510 1346 3636 1387 eum

2047 1426 2344 1499 quidquam
2375 1441 2442 1482 ex
2474 1425 2546 1482 iis
2574 1439 2700 1495 quas
2739 1423 2969 1491 faciunt,
3006 1424 3161 1478 latet.
3193 1440 3214 1474 ι

2115 1518 2218 1572 Job
2245 1534 2298 1580 v,
2339 1518 2394 1574 9.
2420 1546 2494 1559 —-
2544 1537 2562 1570 ι
2595 1517 2861 1572 Dominus
2892 1516 3079 1572 omnia
3111 1515 3292 1572 cernit
3333 1531 3350 1570 :
3380 1529 3637 1587 compre-

2048 1609 2296 1666 hendens
2330 1609 2736 1675 inscrutabilia,
2779 1608 3004 1676 eximia,
3045 1615 3101 1663 et
3151 1604 3449 1677 stupenda,
3502 1619 3640 1676 quo-

2049 1716 2173 1757 runt
2195 1715 2306 1758 non
2329 1710 2415 1758 881.
2445 1715 2732 1757 numerus.
2775 1717 2794 1751 ι

2118 1791 2220 1846 Job
2272 1807 2407 1856 xm,
2463 1792 2519 1846 5.
2553 1821 2624 1831 -
2655 1808 2676 1842 ι
2718 1788 2855 1855 Quis
2910 1796 3000 1844 est
3043 1786 3170 1850 iste,
3210 1784 3304 1855 qui
3359 1785 3504 1840 celat
3554 1798 3640 1840 me

1977 1883 2022 1940 Β
2048 1875 2366 1950 consilium,
2400 1891 2456 1939 et
2495 1883 2745 1938 continet
2796 1879 2965 1937 verba
2997 1880 3054 1935 in
3085 1876 3253 1934 corde
3285 1896 3300 1934 :
3334 1892 3422 1933 me
3454 1883 3641 1932 autem

2051 1982 2206 2048 putat
2233 1974 2614 2030 abscondere?
2646 1993 2666 2026 ι

2124 2066 2278 2122 Psal.
2329 2082 2446 2131 vn,
2499 2065 2556 2122 9.
2610 2095 2681 2105 —
2738 2083 2756 2116 ι
2813 2063 3088 2119 Scrutans
3137 2061 3306 2118 corda
3371 2068 3426 2116 et
3478 2072 3641 2116 renes

2054 2157 2218 2214 Deus.
2263 2175 2283 2209 ι

2128 2247 2282 2304 Psal.
2318 2263 2574 2312 cxxxvu,
2634 2244 2688 2302 6.
2722 2273 2794 2285 —
2840 2263 2859 2297 ι
2898 2241 3169 2300 Excelsus
3223 2240 3532 2307 Dominus,
3589 2247 3644 2296 et

2054 2341 2281 2395 immitia
2311 2340 2558 2411 respicit,
2591 2346 2645 2395 et
2670 2338 2780 2393 alta
2810 2337 3032 2406 alonge
3060 2334 3373 2405 cognoscit.
3409 2351 3429 2386 ι

2131 2429 2285 2484 Prol.
2329 2443 2596 2495 cxxxvm,
2639 2427 2691 2482 7.
2729 2456 2800 2468 —
2843 2445 2863 2478 ι
2903 2426 3026 2493 Quo
3075 2425 3167 2480 ibo
3208 2440 3240 2479 a
3275 2423 3479 2496 spiritu
3506 2427 3643 2490 tuo;

2056 2529 2112 2578 et
2135 2535 2245 2592 quo
2273 2535 2303 2576 a
2333 2518 2474 2576 facie
2502 2525 2598 2574 tua
2631 2518 2881 2590 fugiam?
2918 2537 2937 2570 ι

2131 2611 2291 2668 Prov.
2332 2627 2422 2678 xv,
2462 2611 2548 2666 H.
2581 2639 2654 2652 —-
2697 2628 2716 2662 ι
2757 2610 3011 2664 lufernus
3061 2619 3117 2664 et
3167 2608 3405 2680 perditio
3459 2621 3648 2664 coram

2059 2702 2293 2760 Domino
2326 2721 2339 2760 :
2371 2709 2582 2774 quanto
2606 2701 2782 2774 magis
2811 2700 2979 2757 corda
3011 2702 3316 2756 hominum.
3349 2719 3370 2754 ι

2135 2793 2279 2850 Ibid.
2303 2794 2358 2848 '5.
2380 2825 2452 2838 —
2482 2813 2503 2848 ‹
2533 2794 2589 2849 In
2613 2794 2762 2850 omni
2791 2794 2913 2850 loco
2958 2793 3106 2850 oeuli
3148 2790 3364 2849 Domini
3388 2799 3652 2849 contem-

2061 2885 2280 2958 pianltl‘
2306 2884 2485 2941 bonos
2515 2891 2572 2941 et
2609 2885 2807 2941 malos.
2841 2903 2862 2939 ›

2130 2974 2332 3030 Jerem.
2366 2989 2525 3040 χχιιι,
2556 2974 2647 3030 25.
2689 3005 2760 3017 -
2796 2993 2816 3028 ι
2856 2975 3052 3032 Dense
3078 2975 3265 3031 vicino
3281 2990 3383 3047 ego
3411 2989 3565 3040 sum;
3597 2983 3652 3031 et

368 3067 504 3132 Θεὸς
536 3070 860 3142 sappinea;
895 3073 957 3125 Εί
981 3071 1320 3144 κρυϐήσεταί
1341 3089 1396 3125 τι
1421 3073 1479 3127 ὲν
1508 3074 1781 3145 κρυφίοις,
1807 3075 1960 3144 κάγὼ

2103 3082 2172 3122 οιι
2203 3066 2348 3122 Deus
2385 3065 2454 3122 de
2479 3065 2681 3138 longe?
2713 3065 2773 3122 Si
2803 3066 3177 3123 oecultabitur
3203 3066 3288 3122 vir
3315 3067 3368 3120 in
3407 3065 3646 3121 abscon~

367 3159 473 3213 οὐκ
505 3158 709 3232 ὄψομαι
739 3161 900 3231 αὐτό;
925 3162 1018 3233 Μὴ
1057 3163 1181 3232 οὐχὶ
1217 3162 1310 3216 τὸν
1344 3162 1572 3234 οὐρανὸν
1603 3166 1698 3219 καὶ
1723 3163 1822 3236 τὴν
1851 3165 1956 3237 γῆν

2103 3157 2214 3221 itis,
2241 3165 2298 3211 et
2325 3171 2428 3228 ego
2468 3171 2579 3212 non
2607 3156 2806 3212 videbo
2835 3171 2984 3223 eum,
3010 3156 3148 3212 dicit
3169 3155 3653 3213 Dominus?'Nun-

371 3247 487 3318 ἐγὼ
513 3230 733 3323 πληρῶ,
758 3230 911 3322 λέγει
943 3230 1178 3323 Κόριοςξ
1217 3271 1237 3304 ι
1414 3230 1426 3234 ⁷
1777 3230 1789 3236 '
1861 3230 1873 3235 ⁷
1911 3230 1924 3237 ⁷

2104 3249 2198 3304 uid
2231 3264 2345 3304 non
2371 3249 2570 3306 cmlum
2607 3257 2662 3304 et
2711 3257 2917 3305 terram
2949 3263 3054 3321 ego
3099 3248 3324 3320 impleo,
3376 3248 3512 3304 dicit
3545 3247 3654 3307 Do-

2063 3341 2288 3398 minus?
2318 3359 2340 3394 ι

454 3417 705 3500 ι’Κύριος
738 3430 1086 3502 ἀποκαλύψει
1119 3431 1290 3503 βαθέα
1326 3433 1419 3486 καὶ
1457 3432 1778 3504 ἀπόκρυφα,
1799 3431 1962 3504 γινώ-

376 3535 523 3576 σκων
556 3520 625 3575 τά
651 3523 709 3575 ὲν
733 3523 940 3589 σκότει,
972 3524 1070 3579 καὶ
1099 3524 1215 3594 φῶς
1250 3525 1368 3596 μετ’
1399 3524 1565 3579 αὑτοῦ
1598 3527 1734 3579 ἐστι.
1762 3543 1780 3578 ι

455 3724 474 3757 ι
511 3705 585 3760 Τὸ
621 3707 847 3777 συνέχον
887 3707 958 3761 τὰ
995 3707 1198 3776 πάντα,
1243 3708 1445 3777 γνῶσιν
1479 3708 1595 3780 ἔχει
1629 3711 1840 3782 φωνῆς·
1874 3710 1963 3765 διὰ

372 3797 536 3852 τοῦτο
557 3799 934 3872 φθεγγόμενος
964 3801 1128 3855 ἄδικα
1161 3802 1338 3868 οὐδεὶς
1363 3803 1424 3856 οὐ
1466 3804 1542 3874 μὴ
1571 3803 1732 3876 λάθῃ,
1759 3805 1871 3858 οὐδ’
1899 3805 1960 3858 οὐ

377 3892 455 3963 μὴ
489 3893 890 3963 παρελεύσεται
921 3895 1084 3950 αὐτὸν
1107 3895 1409 3967 ἐλέγχουσα
1434 3896 1583 3968 δίκη.
1614 3918 1632 3950 ι

452 4090 474 4125 ι
502 4073 628 4127 Τῶν
660 4075 877 4147 νεφρῶν
929 4077 1096 4131 αὐτοῦ
1149 4079 1385 4150 μάρτυς,
1442 4081 1538 4136 καὶ
1581 4081 1683 4152 τῆς
1735 4083 1966 4153 καρδίας

376 4163 547 4218 αὐτοῦ
580 4167 882 4233 ἐπίσκοπος
927 4169 1168 4242 ἀληθὴς,
1202 4171 1300 4226 καὶ
1347 4173 1447 4244 τῆς
1489 4171 1747 4244 γλώσσης
1802 4175 1966 4230 ἀκου-

380 4257 534 4328 στής.
570 4277 590 4310 ι

462 4368 480 4400 ι
505 4349 616 4421 Τὴν
641 4351 742 4423 σὴν
775 4354 937 4424 χεῖρα
975 4353 1237 4423 ἐκφυγεῖν
1269 4353 1532 4409 ἀδύνατόν
1557 4357 1720 4412 ἐστιν.
1759 4375 1781 4410 ι

457 4549 476 4583 ι
512 4531 574 4584 Oi
606 4531 879 4628 ὀφθαλμοὶ
912 4532 1120 4604 Κυρίου
1151 4533 1548 4604 μυριοπλάσιον
1587 4535 1741 4606 ήλίου
1764 4555 1965 4606 φωτει-
2000 4573 2044 4628 D

381 4619 618 4691 νότεροι,
649 4621 1041 4688 ᾶπιϐλέποντες
1071 4623 1254 4687 πάσας
1288 4624 1388 4689 τὰς
1415 4625 1573 4689 ὁδοὺς
1608 4627 1717 4682 τῶν
1751 4627 1966 4706 ἀνθρώ·

379 4729 522 4770 πων.
555 4733 576 4769 D

461 4823 480 4858 ι
517 4808 700 4877 Ἔγνω
726 4809 934 4882 Κύριος
963 4810 994 4863 ὁ
1024 4809 1247 4880 ὕψιστος
1284 4813 1467 4866 πᾶσαν
1511 4811 1840 4884 συνείδησιν,
1874 4815 1969 4867 καὶ

380 4899 688 4971 ὲπέσλεψεν
719 4903 799 4966 είς
830 4905 1060 4974 σημεῖον
1088 4903 1308 4970 αίῶνος,
1338 4905 1703 4973 ἀπαγγέλλων
1723 4904 1794 4960 τά
1823 4922 1970 4976 παρ-

380 4989 632 5056 ελθόντα,
678 4993 774 5046 καὶ
817 4992 887 5046 τὰ
934 4993 1194 5065 ἐσόμενα,
1249 4996 1348 5049 καὶ
1396 4994 1807 5051 ἀποκαλύπτων
1845 4997 1967 5068 ίχνη

380 5082 747 5153 ἀποκρύφων.
780 5085 856 5139 Οὐ
891 5085 1174 5158 παρῆλθεν
1201 5085 1367 5141 αὑτὸν
1393 5089 1503 5142 πᾶν
1529 5087 1831 5160 διανόημαο
1867 5090 1970 5144 οὐκ

380 5175 594 5248 ἐκρύϐη
632 5176 725 5230 ὑπ’
758 5176 925 5232 αὑτοῦ
952 5175 1034 5242 εἷς
1062 5178 1242 5248 λόγος.
1275 5178 1358 5233 Τὰ
1381 5181 1649 5251 μεγαλεία
1673 5180 1840 5234 αὐτοῦ
1870 5183 1970 5252 τῆς

383 5266 580 5336 σοφίας
621 5269 722 5339 τῆς
773 5271 1046 5342 κοσμικῆς
1095 5271 1430 5342 ἐκόσμησεν,
1471 5273 1531 5336 ὃς
1569 5274 1686 5326 ἐστι
1731 5273 1840 5344 πρὸ
1875 5273 1970 5327 τοῦ

384 5359 722 5429 αίῶνος,καὶ
751 5363 830 5428 είς
851 5361 944 5417 τὸν
973 5363 1259 5418 αἰῶνα.οὑ
1288 5363 1618 5434 προσετέθη,
1645 5362 1771 5418 οὔτε
1801 5365 1968 5435 ἠλατ-

381 5452 592 5525 τώθη.»

464 5566 484 5601 ι
526 5547 703 5620 Ἔργα
731 5547 910 5621 πάσης
943 5548 1148 5619 σαρκὸς
1193 5547 1428 5602 ἐνώπιον
1478 5547 1671 5613 αὑτοῦ,
1723 5547 1820 5602 καὶ
1859 5548 1962 5602 οὐκ

385 5641 506 5695 ἔστι
538 5641 809 5714 κρυϐῆναί
831 5659 887 5695 τι
916 5642 1022 5697 ἀπὸ
1055 5642 1164 5696 τῶν
1202 5640 1498 5713 ὀφθαλμῶν
1532 5640 1720 5696 αὐτοῦ.
1759 5661 1776 5693 ι

457 5843 488 5902 ,ι
528 5823 612 5888 Ὠς
651 5821 819 5893 πηλὸς
849 5822 1138 5894 κεραμέως
1193 5823 1250 5878 ἐν
1299 5821 1442 5894 χειρὶ
1475 5819 1661 5889 αὑτοῦ,
1696 5819 1836 5879 κατὰ
1872 5820 1968 5895 τὴν

2131 3432 2275 3488 Dan.
2317 3449 2378 3501 ιι,
2419 3433 2512 3490 22.
2535 3462 2607 3473 -
2659 3453 2676 3485 ι
2708 3431 2849 3489 Deus
2897 3431 3101 3488 revelat
3132 3429 3404 3502 profunda
3440 3438 3496 3486 et
3525 3431 3657 3488 abs-

2063 3527 2307 3595 condita,
2336 3535 2390 3582 et
2419 3527 2572 3581 novit
2615 3541 2738 3596 quae
2768 3527 2824 3580 in
2870 3524 3116 3581 tenebris
3140 3532 3290 3591 sunt,
3322 3531 3376 3579 et
3406 3524 3497 3579 lux
3525 3539 3651 3579 eum

2063 3635 2130 3678 ΘΟ
2157 3628 2265 3676 est.
2297 3639 2316 3672 ι
2967 3629 2972 3632 ’

2134 3711 2263 3782 Sep.
2286 3728 2324 3779 ι,
2345 3713 2496 3767 7.--ι
2523 3713 2660 3776 Hoc,
2682 3711 2830 3780 quod
2857 3709 3103 3767 continet
3122 3709 3329 3776 omnia,
3363 3709 3658 3765 scientiam

2067 3806 2232 3862 habet
2266 3805 2437 3861 vocis.
2474 3804 2705 3875 Propter
2745 3805 2850 3858 hoc
2885 3806 2982 3874 qui
3019 3803 3266 3874 loquitur
3296 3803 3508 3873 inique,
3541 3818 3656 3856 non

2067 3904 2250 3968 potest
2302 3896 2495 3955 latere.
2527 3909 2628 3950 nec
2679 3894 2956 3965 praeteriet
2995 3909 3121 3950 eum
3167 3894 3476 3965 corripiens
3501 3891 3653 3962 judi-

2064 3987 2231 4043 cium.
2264 4005 2283 4040 ι

2134 4079 2278 4134 Ibid.
2312 4078 2442 4134 6.—
2476 4097 2493 4130 ι
2532 4075 2748 4132 Renum
2782 4075 2927 4132 illius
2959 4075 3118 4132 testis
3149 4082 3232 4131 est
3263 4073 3434 4142 Deus,
3451 4082 3506 4131 et
3529 4089 3656 4130 cor-

2065 4170 2152 4226 tis
2202 4171 2376 4240 ipsius
2402 4177 2682 4226 scrutator
2739 4183 2939 4235 verus,
3001 4177 3057 4224 et
3121 4166 3323 4238 linguae
3375 4165 3500 4237 ejus
3547 4181 3652 4220 au-

2067 4263 2230 4319 ditor.
2265 4282 2286 4316 ι

2138 4353 2266 4423 Sap.
2298 4362 2412 4420 xvi,
2438 4354 2527 4410 i5.
2553 4384 2628 4400 —
2653 4371 2673 4405 ι
2705 4352 2926 4408 Manum
2990 4351 3160 4420 tuam;
3189 4349 3430 4422 eﬂugere
3450 4349 3653 4420 impos-

2069 4447 2230 4504 sibile
2253 4454 2361 4504 est.
2403 4466 2423 4500 ι

2142 4538 2310 4594 Eccli.
2347 4555 2507 4606 χχιιι,
2537 4537 2630 4596 28.
2665 4564 2730 4578 --
2765 4555 2784 4590 ι
2833 4535 2993 4592 Oculi
3040 4534 3258 4591 Domini
3300 4533 3476 4589 multo
3532 4531 3657 4603 plus

2072 4631 2372 4688 Iucidiores
2404 4639 2538 4688 sunt
2572 4631 2709 4698 sole,
2741 4627 3265 4699 circumspicientes
3298 4640 3494 4684 omnes
3538 4625 3657 4680 vias

2070 4725 2379 4780 hominum.
2413 4742 2434 4775 ι

2141 4814 2316 4871 Eccli.
2349 4829 2486 4882 xm,
2519 4813 2589 4870 i8
2617 4828 2777 4885 seqq;
2808 4845 2876 4855 —
2906 4830 2928 4867 ι
2961 4811 3234 4885 Cognovit
3269 4809 3540 4866 Dominus
3567 4810 3660 4864 Δι-

2073 4907 2322 4966 tissimus
2346 4922 2564 4964 omnem
2583 4905 3080 4972 conscientiam,et
3105 4904 3344 4976 inspexit
3359 4905 3418 4959 in
3440 4904 3658 4974 signum

2070 5002 2194 5065 aevi,
2225 4999 2566 5056 annuntians
2613 5012 2738 5069 qua
2773 4997 3186 5069 praeterierunt,
3220 5001 3274 5052 et
3312 5009 3438 5065 quae
3465 5006 3660 5063 super-

2071 5099 2304 5147 ventura
2333 5097 2486 5156 sunt,
2509 5097 2565 5146 et
2590 5089 2842 5146 revolans
2873 5087 3104 5159 vestigia
3138 5087 3505 5143 occultorum.
3536 5081 3657 5140 Non

2073 5179 2337 5254 praeteriit
2366 5193 2496 5235 eum
2531 5178 2643 5234 ulla
2676 5177 2974 5249 cogitatio,
3011 5190 3125 5231 non
3173 5173 3468 5230 abscondit
3500 5188 3561 5229 se
3589 5173 3660 5228 ab

2073 5289 2139 5330 eo
2175 5274 2320 5328 ullus
2351 5285 2556 5329 sermo.
2589 5269 2862 5342 Magnalia
2899 5268 3186 5340 sapientiae
3207 5281 3324 5324 sum
3352 5264 3656 5329 decoravit,

2073 5366 2168 5436 qui
2198 5373 2283 5420 est
2313 5369 2445 5420 ante
2485 5361 2778 5429 seculutu,
2823 5367 2882 5416 et
2919 5374 3096 5432 usque
3126 5359 3182 5414 in
3224 5357 3508 5416 saeculum.
3536 5354 3660 5410 Non

2076 5455 2328 5522 increvit,
2366 5469 2469 5512 nec
2500 5452 2768 5511 decrevit.
2797 5470 2817 5505 ι

2147 5544 2320 5600 Eccli.
2352 5559 2544 5610 χχχιχ,
2579 5541 2668 5598 19.
2691 5571 2762 5583 -
2789 5559 2809 5595 ι
2837 5537 3020 5611 Opera
3055 5538 3238 5597 omnis
3256 5536 3658 5601 carniseorum

2078 5640 2174 5700 illo
2205 5648 2336 5694 sunt
2375 5654 2390 5694 :
2421 5644 2476 5692 et
2506 5651 2613 5692 non
2645 5642 2730 5692 est
2770 5633 2919 5706 quod
2967 5632 3344 5691 abscondatur
3370 5630 3440 5686 ab
3480 5626 3660 5685 oculis

2075 5747 2317 5878 ψῗίτίί.
2353 5834 2549 5887 χχχιιι,
2586 5819 2762 5876 15.-
2795 5815 3209 5903 t’Quasi'lutum
3235 5813 3385 5885 ﬁguli
3409 5812 3466 5869 in
3490 5823 3653 5866 manu
