3998 6430
320 407 446 471 1031
471 405 473 408 ‘

1539 461 1552 472 .
1597 416 1840 477 SACRA
1876 415 2344 481 PARALLELA.

3460 419 3602 488 1082

305 527 404 578 καὶ
436 523 503 579 τὰ
535 526 604 582 δν
636 529 826 600 χερσὶν
869 519 1202 602 εὑρίσκομεν
1233 523 1374 600 μετὰ
1407 529 1572 582 πόνου
1599 544 1614 560 ·
1643 531 1713 590 τὰ
1751 531 1810 585 δὲ
1830 531 1888 584 ’ὲν

2005 530 2054 586 in
2087 543 2232 589 terra
2267 542 2440 590 sunt:
2472 543 2530 592 et
2573 535 2698 608 quae
2730 539 2785 593 in
2819 538 3117 610 prospectu
3168 545 3322 603 sunt,
3369 537 3586 592 inveni-

303 620 581 691 οὐρανοῖς,
607 620 692 686 τίς
717 622 1053 693 ἐξιχνίασεν;
1087 641 1108 674 ι

380 816 404 849 η(
441 797 820 871 Χιπιλετιὼτερόι⁴
859 817 956 854 σου
991 799 1068 873 μὴ
1096 800 1270 872 ζήτει,
1301 801 1396 855 καὶ
1455 802 1771 876 ὑψηλότερά
1798 821 1906 859 σου.

309 889 386 961 μὴ
419 892 792 970 περιεργάζου
812 911 826 924 ·
855 893 912 954 ἃ,
936 896 1256 965 προσετάγη
1308 913 1414 960 σοι,
1448 898 1624 952 ταῦτα
1652 897 1902 954 διανοοῦ..

307 981 384 1035 Οὐ
414 984 522 1053 γάρ
545 984 664 1037 ἐστί
697 1002 778 1040 σοι
808 985 969 1056 χρεία
993 988 1106 1041 τῶν
1132 986 1412 1058 κρυπτῶν.
1451 989 1542 1042 Ἐν
1573 993 1688 1054 τοῖς
1705 1007 1899 1062 περιστ

308 1078 422 1138 σοῖς
451 1077 561 1129 τῶν
588 1075 769 1148 ἔργων
819 1095 915 1132 σου
953 1079 1028 1150 μὴ
1077 1080 1472 1152 περιεργάζου.
1505 1083 1738 1137 Πλείονα
1784 1083 1906 1156 γὰρ

306 1169 578 1233 συνέσεως
634 1169 940 1242 ἀνθρώπων
987 1172 1288 1244 ὑπεδείχθη
1340 1191 1424 1228 σοι
1445 1191 1461 1206 ·
1526 1176 1760 1240 πολλοὺς
1787 1175 1900 1248 γὰρ

303 1259 592 1314 ἀπώλεσεν
634 1263 667 1333 ἡ
698 1263 974 1336 ὑπόληψις
1028 1265 1230 1332 αὐτῶν,
1267 1270 1364 1321 καὶ
1417 1267 1648 1322 ὑπόνοια
1681 1268 1908 1339 πονηρά

303 1351 577 1425 ὠλίσθησε
617 1355 863 1411 διάνοιαν
907 1357 1128 1426 αὐτῶνς
1177 1359 1322 1413 καὶὸ
1360 1358 1596 1429 ἀγαπῶν
1644 1359 1902 1414 κίνδυνον

305 1447 369 1499 ἐν
392 1445 541 1518 αὐτῷ
567 1448 874 1504 ἀπολεῖται.
911 1468 932 1502 ι

387 1687 404 1721 ι
447 1668 590 1740 Περὶ
612 1669 966 1742 πράγματος,
983 1663 1046 1726 οὗ
1075 1671 1175 1726 οὐκ
1209 1671 1327 1726 ἐστι
1356 1689 1440 1725 σοι
1467 1668 1650 1744 χρεία,
1687 1670 1765 1742 μὴ
1796 1687 1896 1724 πε-

307 1762 626 1835 ριεργάζου.
661 1782 680 1816 ι

381 1875 399 1906 ι
434 1853 740 1925 Θαυμαστὰ
767 1856 837 1909 τὰ
858 1855 998 1927 ἔργα
1024 1854 1258 1927 Κυρίου,
1286 1855 1383 1908 καὶ
1405 1853 1627 1926 κρυπτά
1655 1853 1723 1907 τὰ
1755 1851 1897 1922 ἔργα

301 1944 469 1999 αὐτοῦ
501 1947 837 2018 ἀνθρώποις.
876 1966 897 2000 ›

325 2069 330 2075 -
373 2061 393 2093 ε
431 2040 530 2106 Τίς
561 2041 861 2112 ἐξιχνιάσει
916 2041 988 2094 τά
1024 2040 1289 2112 μεγαλεῖα
1338 2039 1438 2094 τοῦ
1479 2037 1654 2104 Θεοΰ;
1689 2035 1897 2108 κράτος

298 2133 404 2203 τῆς
443 2132 826 2203 μεγαλοσύνης
857 2131 1023 2187 αὐτοῦ
1066 2133 1151 2197 τίς
1180 2131 1648 2204 ὲξαριθμήσεται;
1677 2131 1774 2186 καὶ
1811 2129 1897 2194 τίς

299 2225 606 2300 προσθήσει
638 2226 1078 2298 ἐκδιηγήσασθαι
1115 2225 1185 2280 τά
1213 2225 1340 2296 ὲλέη
1373 2223 1577 2292 αὐτοῢ;
1617 2225 1718 2278 οὐκ
1744 2221 1896 2276 ἐστιν

300 2319 630 2382 ἐλαττῶσαι,
661 2318 787 2372 οὐδὲ
814 2315 1139 2390 προσθεῖναι
1163 2333 1176 2348 ·
1210 2316 1306 2372 καὶ
1339 2317 1443 2371 οὐκ
1471 2315 1618 2370 ἐστιν
1650 2314 1894 2385 ἐξιχνιά-

300 2428 394 2466 σαι
418 2411 762 2482 τάθαύματα
779 2411 1016 2482 Κυρίουο
1049 2411 1178 2464 ὅταν
1203 2408 1506 2482 συντελέσῃ
1526 2409 1554 2460 ό
1581 2407 1678 2462 ἄνθ
1689 2421 1893 2478 ρωπος,

295 2497 421 2552 τότε
456 2497 719 2570 ἄρχεταιο
763 2500 862 2553 καὶ
901 2499 1032 2553 ὅταν
1061 2496 1270 2570 παύσῃ,
1316 2495 1438 2549 τότε
1475 2491 1894 2566 ὲξαπορηθὴσε-

296 2607 412 2644 ται.
462 2610 482 2642 ι

376 2703 396 2736 ι
427 2682 562 2737 Θεὸν
587 2682 766 2746 οὐδεὶς
806 2680 1022 2753 ἑώρακε
1061 2680 1306 2737 πώποτε.
1345 2701 1364 2734 ι

375 2795 396 2828 ι
441 2775 500 2828 '0
523 2774 782 2845 βασιλεὺς
810 2774 922 2830 τῶν
949 2773 1374 2845 βασιλευόντων,
1406 2772 1502 2826 καὶ
1532 2770 1744 2843 Κύριος
1782 2769 1891 2823 τῶν

293 2867 666 2946 κυριευόντων
685 2883 700 2898 ο
731 2868 760 2921 ὁ
809 2867 971 2936 μόνος
1003 2865 1145 2936 ἔχων
1176 2863 1484 2919 ἀθανασίαν
1505 2880 1518 2894 ·
1555 2863 1674 2932 φῶς
1720 2861 1891 2916 οἰκῶν

295 2959 622 3032 ἀπρόσιτον,
677 2957 738 3014 ὃν
773 2955 915 3013 εἶδεν
950 2957 1130 3022 οὐδεὶς
1185 2954 1516 3029 ἀνθρώπων,
1573 2951 1695 3007 οὐδὲ
1758 2953 1890 3006 ἰδεῖν

291 3048 544 3104 δύναται.
580 3066 599 3101 ι
1043 3121 1046 3124 γ

365 3143 433 3198 Εἰ
467 3141 648 3212 βούλει
680 3139 813 3210 περὶ
834 3139 972 3195 Θεοῦ
1002 3141 1186 3210 λέγειν
1215 3157 1292 3202 τι,
1319 3137 1354 3209 ἢ
1388 3134 1636 3200 ἀκούειν,
1662 3135 1799 3205 ἄφες
1827 3134 1890 3188 τὸ

291 3234 456 3304 σῶμα
475 3233 673 3288 ἑαυτοῦ
693 3249 708 3264 ο
745 3233 886 3304 ἄφες
917 3233 1017 3297 τὰς
1043 3230 1364 3303 σωματικὰς
1382 3227 1689 3298 αἰσθήσεις·
1717 3225 1887 3282 κατά·
1915 3251 1961 3316 c

287 3327 420 3388 λιπε
457 3327 557 3398 τὴν
582 3326 686 3398 γῆν
709 3341 724 3356 °
759 3326 1032 3380 κατάλιπε
1061 3326 1162 3396 τὴν
1193 3323 1473 3387 θάλασσαν
1495 3338 1509 3352 ·
1544 3321 1697 3376 κάτω
1725 3336 1886 3374 σεαυ-

283 3417 387 3472 τοῦ
435 3418 663 3488 ποίησον
711 3417 805 3472 τὸν
836 3417 977 3489 ἀέρα
1005 3433 1020 3448 ο
1056 3414 1388 3486 παράδραμε
1437 3411 1614 3484 ὥρας,
1673 3409 1884 3482 καιρῶν

287 3510 572 3576 εὐταξίας,
632 3509 734 3575 τὰς
789 3510 920 3581 περὶ
945 3508 1053 3580 γῆν
1085 3507 1500 3577 διακοσμήσεις.
1575 3503 1748 3574 Ὑπὲρ
1791 3502 1884 3557 τὸν

288 3604 498 3676 αἰθέρα
528 3603 731 3673 γενοῶ
778 3602 997 3674 διάϐηθι
1031 3602 1162 3664 τοὺς
1209 3599 1470 3669 ἀστέρας,
1507 3596 1578 3650 τὰ
1613 3597 1743 3668 περὶ¹
1787 3594 1887 3648 αύ-

287 3697 402 3751 τῶν
437 3686 719 3767 θαύματα,
754 3695 856 3767 τὴν
905 3694 1207 3763 εὐκοσμίαν
1256 3689 1477 3754 αὐτῶν,
1523 3690 1595 3741 τὰ
1647 3687 1882 3758 μεγέθη,

285 3789 391 3854 τάς
465 3788 689 3861 χρείας,
743 3787 844 3858 τὴν
912 3784 1314 3857 λαμπρότητα,
1385 3782 1487 3852 τὴν
1546 3779 1718 3846 θέσιν,
1783 3779 1885 3850 τὴν

286 3899 493 3937 κτίσιν.

360 3976 455 4046 Μὴ
484 3974 638 4046 ζήτει
663 3972 734 4026 τὰ
762 3969 1130 4042 ἀνερεύνητα·
1164 3968 1289 4022 οὐδὲ
1313 3966 1426 4039 γὰρ
1443 3967 1742 4038 εὑρίσκεις.
1765 3964 1885 4019 Ἵνα

285 4069 400 4140 γὰρ
425 4068 479 4122 τί
516 4067 609 4120 καὶ
639 4065 862 4138 ζητεῖς;
899 4064 1059 4136 Παρὰ
1099 4063 1250 4126 τίνος
1277 4061 1424 4131 ἔχεις
1459 4060 1688 4131 μαθεῖν;
1721 4056 1884 4128 Παρά

287 4159 430 4229 γῆς;
477 4159 578 4211 οὐκ
632 4156 978 4226 ὑφειστήκει.
1022 4153 1185 4224 Παρά
1238 4149 1544 4221 θαλάσσης;
1585 4148 1692 4200 οὐκ
1739 4142 1809 4217 ἧν
1845 4147 1880 4216 ή

289 4245 457 4316 ὑγρά.
497 4245 658 4317 Παρὰ
681 4243 955 4317 οὐρανοῦ;
988 4243 1092 4297 οὐκ
1117 4238 1186 4313 ἦν
1217 4239 1502 4313 ἐπαρθείς.
1538 4237 1699 4309 Παρά
1724 4236 1880 4307 ἡλίου

289 4342 389 4394 καὶ
415 4339 679 4411 σελήνηςς
737 4337 952 4392 οὐδέπω
996 4333 1492 4407 δεδημιούργηντο.
1542 4329 1708 4384 Ἀλλὰ
1743 4329 1880 4401 παρ’

289 4429 536 4494 αἱώνων;
560 4430 670 4500 πρὸ
690 4429 906 4482 αἰώνων
925 4431 952 4482 ὁ
977 4427 1315 4497 Μονογενής.
1345 4425 1440 4496 Μὴ
1462 4421 1684 4490 ἐξέταζε
1707 4423 1777 4476 τὰ
1807 4422 1881 4494 μὴ

287 4523 378 4576 ἀεὶ
412 4521 566 4585 ὅντα,
601 4521 744 4592 ὑπὲρ
771 4520 868 4574 τοῦ
896 4521 985 4574 ἀεὶ
1011 4521 1182 4583 ὄντος.
1212 4520 1276 4572 El
1302 4519 1361 4572 δὲ
1387 4519 1463 4588 μὴ
1497 4517 1696 4582 θέλεις,
1744 4514 1882 4570 ἀλλά

2006 640 2132 681 mus
2162 640 2289 681 cum
2340 628 2550 685 labore.
2603 630 2738 697 Quae
2788 640 2972 687 autem
3017 630 3074 685 in
3104 631 3261 686 caelis
3289 638 3444 694 sunt,
3469 628 3599 701 quis

2006 719 2410 792 investigabit.?
2445 743 2468 776 ι

2078 811 2252 869 Eccli‘.
2305 831 2391 881 ιιι,
2432 814 2626 872 22-27.
2660 845 2732 858 —
2760 835 2780 868 ς
2829 817 3042 872 Altiora
3094 828 3145 874 te
3177 831 3246 873 ne
3281 815 3596 887 quasieris,

2005 914 2062 962 et
2089 905 2329 963 fortiora
2358 916 2413 964 te
2443 923 2514 965 ne
2547 916 2828 966 scrutatus
2863 909 3035 966 fueris
3061 927 3074 962 :
3108 912 3207 968 sed
3233 926 3358 982 quae
3380 925 3595 982 praece-

2005 1000 2088 1071 pit
2140 1002 2239 1056 tibi
2293 1002 2460 1071 Deus,
2503 1004 2596 1059 illa
2647 1003 2831 1075 cogita
2884 1017 3126 1075 semper.
3161 1003 3286 1060 Non
3335 1006 3484 1060 enim
3513 1010 3600 1059 est

2007 1092 2104 1147 tibi
2138 1095 2516 1150 necessarium
2565 1111 2689 1166 qua:
2718 1095 3053 1152 abscondita
3102 1103 3256 1161 sunt,
3290 1095 3498 1150 videre.
3535 1093 3596 1147 ln

2006 1187 2366 1256 supervacuis
2413 1187 2676 1256 operibus
2757 1187 2871 1242 tuis
2932 1202 3001 1242 ne
3079 1185 3256 1242 fueris
3311 1185 3594 1240 curiosus.

2005 1273 2251 1329 Plurima
2298 1277 2446 1330 enim
2501 1293 2670 1348 super
2725 1291 2955 1334 sensum
3019 1277 3308 1334 hominum
3369 1285 3599 1332 ostensa

2005 1374 2138 1424 sunt
2175 1368 2296 1424 tibi.
2350 1368 2552 1425 Multos
2604 1371 2750 1425 enim
2798 1354 3044 1442 perdidit
3085 1369 3332 1440 suspicio
3367 1381 3594 1423 eorum:

2003 1471 2060 1517 et
2108 1462 2163 1516 in
2199 1463 2448 1518 vanitate
2509 1463 2756 1519 detinuit
2812 1479 3014 1520 sensus
3082 1462 3346 1518 illorum:
3395 1467 3452 1516 et
3501 1459 3597 1529 qui

2005 1561 2154 1607 amat
2183 1556 2518 1624 periculum,
2551 1557 2606 1610 in
2633 1571 2701 1612 eo
2735 1557 2957 1627 peribit.

2062 1646 2250 1703 'Eccli.
2275 1663 2354 1713 χι,
2388 1648 2444 1704 9.
2466 1679 2537 1688 —
2563 1669 2583 1701 ι
2625 1648 2701 1705 De
2726 1665 2789 1705 ea
2821 1665 2902 1718 re,
2941 1664 3066 1721 qua:
3089 1656 3144 1706 te
3173 1662 3285 1704 non
3310 1646 3593 1708 molestat,

2005 1753 2078 1794 ne
2106 1741 2434 1798 certaveris.
2464 1760 2484 1793 ι

2079 1829 2223 1884 Ibid.
2251 1831 2444 1886 4.-ι
2502 1832 2782 1888 Mirabilia
2844 1847 3014 1903 opera
3071 1831 3344 1888 Altissimi
3397 1831 3592 1896 solius,

1928 1909 1970 1965 Β
2000 1923 2244 1995 gloriosa
2273 1933 2328 1978 et
2369 1924 2670 1989 absconsa,
2707 1935 2760 1981 et
2797 1925 2984 1982 invisa
3023 1940 3195 1996 opera
3228 1925 3404 1981 illius.
3437 1944 3456 1978 ι

2067 2015 2232 2086 302
2269 2015 2442 2070 Eccli.
2493 2032 2655 2084 xvnl,
2690 2017 2744 2071 ὅ.
2775 2048 2847 2058 -
2875 2036 2896 2070 ι
2921 2015 3057 2083 Quis
3086 2017 3442 2089 investigabit
3477 2031 3597 2071 ma—

1997 2109 2180 2180 gnalia
2211 2107 2346 2163 Dei?
2377 2108 2637 2165 virtutem
2669 2117 2850 2165 autem
2878 2109 3281 2180 magnitudinis
3316 2110 3440 2180 ejus
3466 2109 3594 2180 quis

1998 2199 2358 2256 enuntiabit?
2408 2209 2505 2255 aut
2537 2202 2667 2272 quis
2719 2202 2943 2272 adiiciet
2974 2217 3241 2259 enarrare
3271 2202 3596 2259 misericor-

1997 2287 2146 2348 diam
2173 2293 2344 2364 ejus?
2381 2293 2505 2350 Non
2556 2301 2643 2350 est
2677 2295 2955 2363 minuere,
3005 2311 3108 2351 nec
3158 2294 3404 2365 adjicere
3437 2312 3452 2349 :
3491 2311 3596 2352 nec

1997 2394 2087 2443 est
2139 2386 2393 2444 invenire
2427 2387 2707 2460 magnalia
2760 2387 2882 2446 Dei.
2931 2386 3068 2444 Cum
3121 2388 3597 2444 consummaverit

1997 2479 2186 2546 homo,
2243 2489 2376 2536 tunc
2425 2481 2702 2552 incipiet:
2761 2490 2818 2538 et
2863 2496 2993 2538 cum
3044 2481 3347 2553 quieverit,
3397 2495 3596 2551 cpera-

1995 2569 2168 2628 bitur.
2205 2590 2224 2624 ι

2064 2661 2230 2716 Joan.
2269 2663 2429 2730 ι,18.
2461 2692 2531 2705 -
2564 2683 2583 2716 σ
2623 2663 2798 2720 Deum
2850 2680 3014 2720 nemo
3065 2664 3207 2721 vidit
3252 2677 3522 2735 unquam.
3570 2675 3589 2715 ι

2069 2751 2100 2806 Ι
2135 2752 2275 2807 Tim.
2323 2770 2401 2817 γι,
2440 2755 2531 2810 15.
2555 2783 2612 2796 σ-
2651 2773 2671 2808 ε
2697 2753 2816 2810 Rex
2855 2771 3072 2827 regum,
3112 2754 3385 2811 Dominus
3417 2755 3597 2810 domi-

1993 2845 2274 2908 nantium,
2321 2847 2415 2915 qui
2449 2847 2602 2902 solus
2631 2847 2806 2901 habet
2850 2847 3351 2912 immortalitatem,
3405 2855 3462 2901 et
3505 2846 3593 2901 lu-

1994 2947 2117 2990 cem
2173 2935 2384 2991 habitat
2431 2938 2918 2994 inaccessibilem:
2975 2954 3140 3009 quem
3181 2939 3374 2995 nullus
3409 2937 3593 2992 homi-

1993 3042 2128 3083 num
2159 3027 2324 3094 vidit,
2367 3029 2465 3085 sed
2498 3045 2604 3085 nec
2633 3030 2822 3086 videre
2849 3037 3053 3100 potest.
3571 3049 3574 3052 '

2064 3115 2236 3171 Basil.
2267 3116 2346 3172 De
2380 3118 2507 3187 ﬁde.
2539 3148 2610 3158 —
2635 3119 2696 3175 Si
2737 3119 2807 3175 de
2832 3119 2946 3176 Deo
2977 3119 3264 3192 quidpiam
3305 3118 3456 3191 loqui
3496 3131 3592 3174 aut

1995 3209 2192 3267 audire
2221 3210 2440 3279 studes,
2496 3212 2731 3268 missum
2785 3212 2874 3268 {ac
2923 3227 3129 3284 corpus
3181 3220 3359 3280 tuum,
3390 3212 3594 3268 missos

1993 3301 2080 3357 fac
2110 3316 2411 3374 corporeos
2432 3319 2656 3361 sensus.
2694 3305 2900 3362 Desere
2927 3314 3159 3374 terram,
3185 3307 3383 3363 desere
3413 3320 3584 3374 mare,

1990 3410 2160 3466 supra
2193 3409 2377 3454 aerem
2414 3412 2667 3471 assurge,
2707 3399 2844 3453 anni
2865 3411 3055 3470 partes
3088 3401 3335 3471 praeteri,
3376 3408 3590 3470 tempo-

1989 3504 2116 3545 rum
2148 3489 2400 3556 ordines,
2445 3499 2776 3548 ornamenta
2826 3500 3028 3548 terra:
3077 3493 3282 3550 aethere
3329 3493 3590 3564 superior

1987 3581 2110 3648 ﬁas,
2149 3583 2430 3654 pertransi
2480 3584 2698 3652 stellas,
2735 3600 2801 3642 ea
2836 3601 2960 3656 qua:
3011 3586 3162 3640 circa
3196 3586 3321 3641 illas
3352 3585 3586 3641 miriﬁca

1987 3683 2142 3742 sunt,
2206 3685 2465 3731 ornatum
2549 3692 2763 3738 earnm.
2852 3678 3320 3748 magnitudinem,
3399 3692 3585 3745 usum,

1986 3768 2367 3841 Splendorein,
2395 3768 2588 3835 situm,
2627 3769 3102 3840 procreationem.

2058 3941 2339 4015 Ejusdem.
2368 3975 2439 3985 —
2465 3946 2544 4003 Ne
2585 3947 2684 4001 illa
2723 3962 2944 4020 quaeras
2991 3962 3114 4019 qua
3170 3947 3429 4020 indagari
3489 3964 3587 4014 ne-

1985 4047 2243 4108 queunt:
2283 4054 2465 4110 neque
2515 4040 2665 4096 enim
2717 4042 2991 4098 invenies.
3051 4041 3265 4114 Ecquid
3315 4044 3465 4099 enim
3520 4057 3585 4097 ea
3685 4055 3691 4062 '

1985 4130 2308 4201 quaeris‘lA
2355 4147 2599 4202 quonam
2661 4147 2855 4188 eorum
2924 4133 3156 4190 haurire
3212 4134 3585 4205 cognitionem

1983 4221 2207 4293 possis?
2256 4223 2304 4277 Δ
2350 4224 2544 4279 terra?
2576 4231 2636 4279 at
2689 4240 2800 4280 non
2853 4226 3180 4281 exsistebat.
3232 4227 3279 4279 A
3320 4225 3585 4281 mari?at

1978 4313 2232 4370 nondum
2283 4315 2434 4370 unda
2486 4323 2628 4372 erat.
2672 4316 2714 4370 A
2749 4316 2936 4372 εωιοῖ
2987 4316 3234 4373 nondum
3287 4325 3582 4373 extensum

1985 4414 2128 4463 erat.
2181 4407 2228 4461 A
2284 4408 2404 4464 sole
2453 4415 2508 4463 et
2545 4409 2718 4463 luna?
2762 4409 3008 4464 nondum
3064 4410 3274 4466 conditi
3331 4412 3582 4465 erant.A

1987 4498 2255 4553 sreculis?
2302 4514 2494 4554 verum
2528 4510 2658 4554 ante
2705 4500 2908 4556 sarcula
2933 4501 3188 4557 exstabat
3229 4499 3578 4579 Unigenitus.
3663 4521 3672 4526 ·

287 4584 640 4677 φιλονεικεῖς,
673 4584 967 4677 καταγελῶ
1025 4622 1118 4663 σου
1153 4609 1255 4680 τῆς
1299 4584 1553 4677 ἀγνοίας,
1585 4605 1790 4677 μᾶλλον
1822 4604 1880 4659 δὲ

2005 4591 2094 4646 ?ro
2130 4592 2226 4646 illo
2257 4593 2354 4662 qui
2388 4592 2764 4663 sempiternus
2815 4584 2926 4656 est,
2959 4609 3030 4648 ne
3060 4608 3142 4647 ea-
3175 4607 3300 4664 quae
3352 4593 3580 4648 minime

287 4699 470 4756 κλαίω
507 4717 606 4755 σου
639 4701 738 4772 τὴν
766 4701 993 4772 τόλμαν.

359 4966 486 5028 Τοῖς
513 4962 930 5036 γεγραμμένοις
965 4960 1196 5015 πίστευε
1222 4977 1236 4994 ο
1284 4961 1355 5016 τὰ
1392 4961 1468 5033 μὴ
1503 4958 1876 5032 γεγραμμένα

288 5058 370 5132 μὴ
415 5058 589 5127 ζήτει.
646 5055 866 5110 Ειδέναι
915 5055 1082 5125 ἡμεῖς
1116 5053 1410 5124 ὀφείλομεν
1455 5054 1492 5109 ἀ
1522 5055 1630 5126 χρὴ
1661 5053 1869 5120 λαλεῖν,

284 5152 385 5206 καὶ
409 5149 446 5204 δι
476 5149 587 5222 χρὴ
607 5151 839 5220 σιωπᾷν.
869 5148 966 5220 Μὴ
991 5147 1175 5206 πάντα
1198 5147 1266 5200 τά
1287 5148 1508 5220 ῥήματα
1533 5149 1598 5219 τῇ
1632 5145 1874 5216 γλώσσῃ,

286 5243 379 5296 ἵνα
405 5241 484 5314 μὴ
534 5240 739 5314 πάθῃς,
788 5237 1042 5310 καθάπερ
1079 5240 1112 5293 ὁ
1157 5239 1460 5310 ὀφθαλμὸς,
1521 5239 1582 5302 ὃς
1632 5238 1754 5293 ὅλον
1786 5236 1877 5290 τὸν

286 5335 444 5409 ἥλιον
473 5333 815 5407 ἀποϐλέψας,
848 5332 1045 5387 ἀπολεῖ
1073 5334 1172 5386 καὶ
1215 5332 1244 5385 ὃ
1269 5331 1386 5403 ἔχει
1419 5331 1556 5401 φῶς.

363 5605 544 5670 Πόσος
581 5606 616 5660 ὁ
658 5603 816 5671 Θεὸς,
848 5605 945 5658 καὶ
987 5605 1039 5657 τί
1092 5605 1154 5658 τὸ
1203 5607 1405 5676 μέτρον
1451 5603 1546 5672 τοῦ
1581 5602 1742 5669 Θεοῦ,
1781 5603 1876 5658 καὶ

290 5701 544 5762 ποταπὸς
587 5698 688 5771 τὴν
738 5698 962 5764 οὐσίαν,
1001 5695 1073 5750 τά
1103 5695 1349 5763 τοιαῦτα,
1401 5695 1720 5750 ἐπικίνδυνα
1775 5697 1874 5766 μὲν

265 5793 592 5864 .ὲρωτῶντι,
637 5792 846 5864 ἀπορία
893 5790 950 5843 δὲ
988 5789 1064 5860 τῷ
1120 5791 1501 5864 ἐρωτωμένῳ·
1562 5790 1739 5862 σιωπὴ
1793 5792 1868 5855 δὲ,

295 5885 559 5954 Θεραπεία
583 5885 691 5941 τῶν
719 5883 986 5940 τοιούτων.

1986 4692 2195 4740 aeterna
2227 4693 2381 4749 sunt,
2415 4686 2648 4756 cogites.
2675 4683 2833 4752 Quod
2865 4686 2911 4740 si
2941 4684 3073 4738 mihi
3101 4701 3209 4739 non
3241 4699 3450 4740 morem
3483 4698 3580 4754 ge-

1983 4780 2085 4843 ris,
2115 4777 2211 4834 sed
2264 4776 2604 4832 contendere
2661 4778 2847 4850 cupis,
2919 4777 3200 4833 inscitiam
3249 4786 3398 4831 tuam
3447 4775 3576 4830 irri-

1985 4869 2111 4934 dco,
2148 4868 2263 4923 imo
2295 4870 2480 4937 potius
2510 4869 2879 4924 temeritatem
2919 4868 3169 4939 deploro.

2056 4960 2419 5032 Ejusdem.—
2442 4962 2515 5017 Iis
2545 4977 2668 5033 qua:
2702 4964 2912 5033 scripta
2947 4969 3100 5027 sunt,
3131 4962 3291 5017 ﬁdem
3326 4959 3527 5015 adhibe
3558 4974 3574 5014 :

1982 5071 2109 5128 qua:
2141 5055 2354 5126 scripto
2405 5055 2636 5110 minime.
2683 5053 2905 5125 prodita
2951 5062 3102 5118 sunt,
3141 5069 3211 5108 ne
3255 5052 3571 5123 quaesieris.

1981 5148 2099 5205 lloc
2157 5149 2305 5204 scire
2343 5148 2598 5214 interest,
2650 5147 2785 5218 quid
2829 5145 2983 5214 loqui
3013 5153 3286 5216 oporteat,
3334 5144 3464 5215 quid
3497 5143 3575 5199 si-

1981 5243 2117 5298 lere.
2143 5239 2264 5295 Non
2304 5240 2495 5296 omnia
2538 5240 2708 5296 verba
2735 5240 2940 5309 linguae
2965 5237 3365 5294 committenda
3393 5242 3526 5291 sunt
3557 5254 3571 5290 :

1981 5349 2054 5390 ne
2080 5333 2287 5404 alioqui
2326 5332 2470 5388 idem
2502 5331 2603 5388 tibi
2637 5331 2790 5403 quod
2836 5333 3000 5388 oculo
3044 5331 3282 5396 accidat,
3309 5329 3405 5402 qui
3442 5330 3572 5386 dum

1980 5427 2153 5482 solem
2187 5433 2361 5480 totum
2393 5426 2598 5486 intueri
2636 5427 2856 5492 nititur,
2889 5441 3010 5483 eam
3040 5442 3263 5499 quoque
3287 5441 3396 5498 qua
3429 5438 3573 5498 prat-

1979 5518 2131 5574 ditus
2161 5526 2267 5586 est,
2295 5519 2471 5573 lucem
2501 5518 2730 5573 amittit.

2058 5611 2216 5682 Ejus.
2254 5612 2311 5666 in
2347 5610 2406 5666 S.
2432 5611 3025 5679 Mamant.——-Quantus
3055 5601 3127 5668 sit
3159 5610 3330 5677 Deus,
3361 5621 3568 5682 quanta

1979 5703 2156 5776 ipsius
2179 5702 2437 5759 essentiae
2480 5717 2768 5771 mensura,
2799 5703 3020 5774 aliaque
3058 5701 3114 5756 id
3137 5717 3350 5774 genus;
3391 5702 3569 5758 inter-

1979 5795 2194 5866 roganti
2229 5794 2454 5864 quidem
2499 5795 2816 5866 periculosa
2854 5805 2984 5853 sunt
3015 5815 3028 5851 :
3059 5796 3106 5852 ei
3142 5805 3323 5852 autem
3357 5796 3450 5866 qui
3485 5795 3571 5850 in-

1981 5895 2318 5957 terrogatur,
2356 5888 2614 5958 perplexa
2648 5905 2921 5963 prorsus,
2945 5889 3237 5948 Silentium
3267 5904 3394 5947 vero
3422 5886 3570 5961 ejus.

1983 5981 2132 6037 modi
2173 5995 2358 6039 rerum
2391 5981 2667 6039 medicina
2701 5991 2805 6042 est.
