3998 6396
434 368 576 430 1083

429 585 532 624 nec
586 569 654 623 ad
705 567 1071 624 imitationem
1120 567 1373 637 Apostoli
1437 567 1613 624 dicit:
1673 587 1694 621 ι
1749 565 2010 638 Fratres;

427 675 532 730 ego
589 659 862 728 meipsum
912 659 1160 714 nondum
1220 661 1466 716 arbitror
1525 661 2014 731 comprehendisse

431 749 707 820 (Philipp.
742 763 828 816 ιιι,
857 750 1002 821 15);
1045 769 1064 804 ι
1122 765 1316 806 verum
1363 753 1621 808 essentia:
1666 753 1868 810 divina:
1916 768 2014 810 eo-

428 841 739 911 gnitionem
771 843 1028 910 rimatur,
1054 851 1112 899 et
1141 844 1494 915 cogitationis
1518 861 1634 900 suae
1662 846 1889 902 modulo
1921 863 2010 913 ea,

427 948 551 1001 quze
597 935 999 1004 comprehendi
1033 951 1146 991 non
1196 945 1450 1006 possunt,
1487 937 1733 1004 metitur,
1767 945 2015 994 tantum-

428 1027 664 1095 demque
695 1024 988 1092 duntaxat,
1027 1036 1295 1097 quantum
1344 1029 1463 1099 ipse
1495 1044 1599 1084 suo
1645 1030 1831 1087 animo
1859 1046 2015 1086 com-

430 1117 625 1186 plexus
653 1125 761 1183 est,
789 1116 960 1173 Deum
1005 1133 1131 1174 esse
1161 1127 1373 1188 censet,
1409 1134 1475 1174 ac
1501 1120 1740 1192 denique
1775 1130 2012 1178 mentem

431 1224 590 1264 suam
623 1224 814 1265 eorum
847 1226 970 1280 qua:
998 1209 1274 1266 exsistunt
1325 1225 1648 1266 mensuram
1701 1211 2014 1275 constituit,

433 1310 496 1356 ut
546 1317 650 1357 nec
707 1301 842 1356 illud
879 1317 1067 1358 secum
1117 1311 1334 1373 reputet
1389 1303 1612 1360 facilius
1640 1319 1767 1360 esse
1791 1303 2018 1360 vasculo

431 1393 632 1464 exiguo
679 1402 855 1448 totum
909 1409 1064 1449 mare
1097 1395 1302 1460 metiri,
1344 1411 1511 1465 quam
1542 1395 1786 1450 humana
1831 1403 2016 1452 mente

431 1482 529 1538 Dei
568 1484 912 1554 maiestatem
962 1485 1114 1541 omni
1155 1501 1412 1542 sermone
1459 1486 1893 1556 przestantiorem
1922 1501 2015 1540 aro

1625 367 1686 427 ε.
1725 339 2051 430 ιοΑΝΝΪε
2071 369 2506 431 DAMASCENI

504 480 570 532 In
602 478 742 546 psal.
769 491 894 530 ειν.
927 504 994 516 --
1023 474 1130 541 Qui
1179 489 1291 530 non
1321 475 1514 548 dejicit
1542 475 1788 532 animum
1821 493 2008 541 suum,
2039 482 2088 540 Α

3559 365 3704 433 ιοει

2197 479 2258 534 '0
2288 478 2366 551 μὴ
2401 477 2678 534 ταπεινῶν
2717 475 2912 532 ἑαυτοῦ
2954 475 3053 548 τὴν
3083 462 3345 542 διάνοιαν,
3383 479 3522 549 μηδὲ
3553 481 3701 534 κατά

2121 569 2353 641 μίμησιν
2375 568 2473 623 τοῦ
2516 569 2844 623 Ἀποστόλου
2889 567 3066 638 λέγων
3094 567 3180 634 τὸ,
3218 586 3238 620 ι
3287 567 3556 639 ’Δδελφοὶ,
3586 568 3703 639 ἐγὼ

2118 658 2355 730 εμαυτδν
2387 656 2532 712 οὕτω
2584 655 2875 729 λογίζομαι
2916 656 3309 728 κατειληφέναι
3331 673 3417 712 τι·
3481 677 3502 712 ι
3559 659 3704 714 ἀλλά

2116 751 2385 822 περινοῶν
2420 750 2611 816 οὐσίας
2639 749 2778 805 Θεοῦ
2813 748 3140 821 κατάληψιν,
3167 750 3264 803 καὶ
3293 749 3374 821 τῷ
3405 749 3521 821 ἰδίῳ
3549 751 3703 822 λογι-

2119 841 2244 913 σμῷ
2276 842 2566 914 ὲκμετρῶν
2591 841 2662 897 τὰ
2693 841 2984 912 ἀνέφικτα,
3017 840 3112 895 καὶ
3140 840 3386 897 τοιοῦτον
3434 837 3578 897 εἶναι
3608 844 3706 898 λο-

2119 931 2411 1004 γιζόμενος
2457 932 2549 989 τὸν
2597 932 2755 998 Θεὸν,
2805 933 2931 987 ὅσον
2970 932 3133 996 αὐτὸς
3160 931 3239 1002 τῷ
3294 931 3409 1004 ίδίῳ
3454 932 3710 1006 λογισμῷ

2116 1026 2469 1098 περιέλαϐεν,
2511 1026 2607 1080 καὶ
2650 1025 2789 1091 ὅλως
2836 1025 2931 1080 τδν
2965 1025 3165 1080 οίκείον
3199 1025 3326 1082 νοῦν
3367 1027 3566 1098 μέτρον
3592 1027 3711 1082 τῶν

2115 1115 2288 1170 ὄντων
2342 1116 2691 1188 ποιούμενος,
2750 1115 2958 1188 καὶμὴ
2986 1116 3360 1186 λογιζόμενος,
3417 1117 3503 1170 ὃτι
3567 1117 3711 1189 ῥᾷον

2118 1208 2240 1261 ἐστὶ
2271 1207 2475 1281 κοτύλῃ
2531 1210 2708 1280 μικρᾷ
2747 1207 2845 1279 τὴν
2883 1208 3066 1261 πᾶσαν
3115 1206 3394 1261 θάλασσαν
3424 1207 3714 1278 ἐκμετρῆο

2123 1317 2236 1366 σαι,
2269 1300 2304 1372 ἦ
2343 1299 2423 1372 τῷ
2455 1300 2786 1374 ἀνθρωπίνῳ
2815 1299 2890 1372 νῷ
2913 1302 3014 1372 τῆς
3036 1300 3246 1371 ἀφάτου
3281 1300 3713 1372 μεγαλειότητος

2122 1393 2219 1447 τοῦ
2273 1393 2411 1448 Θεοῦ
2461 1394 2921 1466 περιδράξασθαι,
2982 1396 3122 1468 εικῆ.
3157 1395 3544 1466 φυσιούμενος,
3611 1397 3716 1450 καὶ

2124 1486 2495 1556 ἐπαιρόμενος
2521 1489 2589 1559 τῇ
2628 1487 2958 1558 ματαιότητι
3007 1486 3103 1541 τοῦ
3127 1488 3247 1552 νοὸς
3278 1487 3470 1552 αὐτοῦ,
3497 1488 3558 1542 οὐ
3611 1487 3716 1542 δύ-

432 1578 616 1647 ripere
668 1586 723 1633 et
756 1578 1011 1648 amplecti
1047 1597 1061 1633 :
1105 1579 1216 1642 ille,
1257 1593 1385 1632 cum
1435 1594 1726 1648 perperam
1783 1577 2008 1634 inflatus

2131 1594 2274 1632 ιαται
2314 1577 2496 1648 λέγειν
2525 1578 2609 1644 τὸ,
2653 1597 2673 1630 ‹
2717 1579 3065 1645 Ἐπίστευσα,
3094 1579 3176 1633 διὸ
3211 1580 3471 1651 ἐλάλησα.
3503 1599 3523 1633 ι

432 1677 488 1721 et
517 1668 695 1724 elatus
727 1670 970 1725 vanitate
997 1685 1199 1727 sensus
1227 1671 1313 1727 sui
1339 1670 1435 1736 sit,
1457 1669 1646 1728 dicere
1672 1684 2024 1742 nequaquam
2094 1679 2330 1741 potest:
2397 1691 2416 1724 ι
2477 1671 2698 1727 Credidi
2755 1679 2977 1744 propter
3025 1673 3174 1744 quod
3233 1673 3455 1730 locutus
3502 1688 3630 1729 sum
3685 1689 3710 1723 ι

434 1757 609 1827 (Psal.
637 1775 762 1826 cxv,
798 1759 864 1814 10
881 1761 924 1832 ).

506 1893 782 1962 Ejusdem.
811 1926 883 1936 —
913 1896 992 1950 Ex
1029 1895 1316 1966 Scriptura
1362 1896 1550 1952 divina
1584 1895 1765 1952 edocti
1793 1912 2009 1963 sumus,

2187 1890 2562 1971 Δεδιδάγμεθα
2613 1900 2766 1972 παρά
2793 1901 2893 1970 τῆς
2941 1899 3091 1963 θείας
3113 1896 3348 1972 Γραφῆς
3384 1900 3550 1971 μηδὲν
3580 1894 3718 1954 έπι-

431 1988 604 2040 menti
671 1997 878 2046 nostrae
937 1990 1368 2059 permittendum
1424 2005 1535 2044 non
1568 2006 1713 2056 esse,
1762 2000 1823 2046 ιιι
1852 1991 2014 2061 quid-

432 2091 599 2144 quam
631 2087 832 2148 praeter
865 2093 928 2135 ea
962 2094 1086 2151 quae
1110 2094 1379 2136 concessa
1411 2090 1562 2146 sunt,
1603 2081 1964 2152 imaginetur.

503 2211 698 2286 Ejusd.
743 2213 885 2269 hom;
929 2215 1006 2272 De
1049 2216 1176 2286 ﬁde.
1213 2248 1284 2258 —
1318 2216 1414 2273 Dei
1465 2217 1689 2288 quidem
1733 2232 2018 2288 nunquam

431 2319 544 2360 non
569 2306 887 2362 meminisse
911 2309 1064 2378 pium
1099 2317 1206 2375 est,
1241 2317 1406 2380 atque
1434 2309 1736 2381 ejusmodi,
1775 2317 1836 2366 ut
1863 2325 2019 2367 mens

432 2414 625 2458 amore
652 2401 844 2458 divino
873 2405 1125 2474 praedita,
1157 2406 1318 2477 303
1353 2406 1583 2462 minime
1607 2406 1801 2461 satiari
1833 2414 2019 2476 queat.

431 2495 503 2548 At
538 2509 624 2549 res
677 2496 897 2551 divinas
949 2512 1206 2554 sermone
1254 2498 1518 2569 prosequi
1575 2497 1755 2552 audax
1799 2496 2021 2553 facinus

430 2597 516 2643 est
545 2607 562 2643 :
593 2589 795 2659 quippe
842 2605 967 2644 cum
1015 2592 1136 2662 ipsa
1190 2607 1414 2662 quoque
1465 2606 1622 2647 mens
1651 2607 1681 2646 a
1718 2606 1904 2647 rerum
1936 2590 2023 2645 di-

431 2680 641 2748 guitate
672 2682 865 2750 procul
905 2683 1146 2749 excidat,
1181 2693 1236 2740 et
1279 2699 1404 2755 qua:
1452 2684 1510 2739 in
1569 2684 1818 2738 animum
1884 2683 2018 2738 sub-

430 2771 618 2837 ierint,
659 2775 900 2830 tenuiter
951 2785 1008 2832 et
1061 2775 1302 2832 obscure
1347 2790 1604 2832 sermone
1641 2775 2014 2830 declarentur.

428 2862 565 2919 Cum
600 2865 770 2936 igitur
795 2879 848 2923 et
870 2883 1025 2924 mens
1059 2877 1256 2923 nostra
1284 2883 1468 2923 rerum
1495 2866 1827 2923 celsitudine
1857 2867 2016 2937 longe

431 2955 507 3010 sit
535 2956 789 3022 inferior,
827 2967 882 3012 at
919 2973 1117 3014 rursus
1154 2955 1537 3030 ipsi‘quoque
1572 2957 1895 3028 cogitationi
1921 2971 2015 3012 ce-

402 3045 528 3100 ‘dat
559 3047 776 3114 oratio;
827 3049 960 3119 quid
1017 3049 1242 3105 tandem
1279 3048 1462 3104 afferri
1515 3049 1714 3120 possit,
1750 3049 1884 3120 quin
1916 3063 2016 3103 ne-

2122 1995 2345 2064 τρέπειν
2373 1992 2535 2063 ἡμῶν
2566 1991 2646 2063 τῷ
2701 1990 2778 2064 νῷ
2833 1990 2986 2063 παρὰ
3037 1990 3147 2046 τῶν
3191 1991 3719 2065 συγκεχωρημένων

2124 2085 2575 2157 φαντασιοῦσθαι.

2195 2218 2332 2273 Θεοῦ
2359 2219 2676 2292 μεμνῆσθαι
2709 2218 2806 2289 μὲν
2844 2217 3111 2288 διηνεκῶς
3139 2217 3382 2283 εὐσεϐὲς,
3414 2218 3509 2273 καὶ
3544 2218 3721 2290 κόρον

2124 2308 2225 2363 οὐκ
2255 2308 2377 2379 ἔχον
2409 2311 2474 2380 τῇ
2503 2307 2736 2378 φιλοθέῳ
2760 2306 2905 2379 ψυχῇ
2927 2325 2940 2340 ο
2961 2307 3108 2378 λόγῳ
3127 2307 3184 2362 δὲ
3208 2307 3459 2374 διεξιέναι
3487 2309 3560 2362 τά
3575 2309 3719 2382 περὶ

2123 2400 2261 2455 Θεοῦ
2292 2400 2569 2472 τολμηρόν
2594 2417 2608 2432 ³
2661 2401 2767 2471 τῆς
2807 2400 2908 2471 μὲν
2935 2400 3173 2465 διανοίας
3209 2400 3391 2472 πολλῷ
3418 2400 3500 2472 τῷ
3523 2403 3717 2474 μέτρῳ

2121 2493 2226 2565 τῆς
2260 2493 2418 2558 ἀξίας
2448 2493 2558 2548 τῶν
2589 2494 2931 2566 πραγμάτων
2963 2492 3387 2566 ἀποπιπτούσης
3406 2509 3424 2526 ο
3451 2493 3614 2550 πάλιν
3653 2493 3717 2548 δὲ

2122 2585 2217 2640 τοῦ
2266 2586 2427 2655 λόγου
2463 2586 2724 2658 ἀμυδρῶς
2771 2585 3149 2657 παριστῶντος
3191 2585 3261 2640 τὰ
3299 2586 3583 2657 νοηθέντα.
3644 2583 3715 2638 ΕΞ

2124 2673 2288 2751 οῦνή
2335 2679 2436 2750 μὲν
2482 2679 2692 2735 διάνοια
2739 2677 2900 2748 ήμῶν
2943 2677 3094 2746 παρά
3144 2677 3281 2731 πολύ
3304 2677 3401 2732 τοῦ
3440 2677 3716 2748 μεγέθους

2125 2769 2236 2824 τῶν
2266 2771 2612 2842 πραγμάτων
2639 2771 3104 2843 ἀπολιμπάνεται,
3141 2777 3169 2828 ό
3197 2775 3255 2830 δὲ
3287 2774 3446 2845 λόγος
3469 2775 3716 2829 ἐλάττων

2127 2861 2247 2916 ἐστὶ
2278 2861 2374 2915 καὶ
2412 2861 2587 2932 αὐτῆς
2613 2863 2714 2932 τῆς
2753 2863 3015 2932 διανοίας,
3053 2867 3171 2932 πῶς
3214 2867 3315 2922 οὐκ
3359 2867 3640 2936 ἀναγκαία
3675 2867 3717 2938 ἡ

2129 2953 2350 3024 σιωπὴ,
2382 2955 2596 3026 μήποτε
2633 2955 2691 3007 έν
2735 2959 2803 3028 τῇ
2831 2955 2941 3010 τῶν
2975 2959 3240 3028 ῥημάτων
3287 2959 3535 3030 εὐτελείᾳ
3578 2957 3717 3032 δόξῃ

2127 3049 2456 3104 κινδυνεύειν
2477 3050 2576 3122 τῆς
2598 3050 2881 3119 θεολογίας
2914 3051 2976 3104 τὸ
3003 3049 3222 3122 θαῦμα;

431 3138 736 3193 cessarium
772 3140 1055 3197 silentium
1085 3141 1178 3210 sit,
1205 3157 1275 3198 ne
1307 3143 1379 3200 ob
1415 3142 1694 3200 sermonis
1726 3143 2017 3208 vilitatem,
2057 3141 2263 3199 eximia
2292 3151 2346 3199 et
2378 3142 2703 3199 admiranda
2745 3144 3063 3201 divinarum
3130 3158 3316 3200 rerum
3387 3143 3720 3216 magnitudo

432 3231 735 3302 periclitari
760 3234 1041 3290 videatur?

503 3343 663 3415 Greg.
710 3343 853 3399 Naz.
911 3355 1053 3402 orat.
1079 3345 1173 3403 59.
1197 3375 1268 3386 —
1287 3345 1505 3418 Lingua
1551 3353 1720 3416 atque
1748 3345 1930 3400 anima
1959 3351 2017 3399 et

2189 3344 2404 3416 Φρίττω
2429 3344 2525 3398 καὶ
2545 3343 2824 3413 γλῶσσαν,
2855 3345 2946 3398 καὶ
2962 3341 3224 3412 διάνοιαν,
3254 3346 3385 3401 ὅταν
3415 3348 3546 3417 περὶ
3569 3347 3717 3404 Θεοῦ

433 3445 621 3491 mente
650 3437 947 3505 horresco,
983 3452 1110 3494 cum
1149 3438 1219 3494 de
1263 3438 1377 3493 Deo
1425 3452 1739 3494 sermonem
1790 3437 2014 3491 habeo:

437 3529 698 3600 huncque
730 3531 936 3611 ipsum
992 3530 1327 3587 laudabilem
1381 3538 1436 3587 et
1483 3530 1703 3586 beatum
1763 3527 2017 3584 aﬂ‘ectum

436 3621 596 3676 vobis
625 3631 850 3692 exopto.

509 3730 600 3788 Id.
656 3744 798 3789 orat.
847 3733 938 3789 26.
967 3762 1038 3782 .—
1075 3733 1314 3790 Humilis
1365 3748 1490 3790 meo
1537 3732 1758 3804 quidem
1807 3731 2019 3802 judicio

439 3823 750 3879 censendus
780 3833 887 3891 est,
918 3840 1029 3880 non
1071 3826 1167 3897 qui
1208 3841 1376 3897 parva
1411 3825 1482 3882 de
1517 3826 1698 3894 seipso
1745 3824 2019 3894 loquitur,

439 3917 607 3987 idque
654 3917 799 3988 apud
843 3932 1052 3988 paucos
1111 3925 1166 3974 et
1217 3933 1379 3986 raro;
1416 3933 1518 3973 nec
1545 3917 1638 3987 qui
1671 3917 2019 3987 dejectiorem

440 4009 726 4064 humiliter
785 4010 1136 4080 alloquitur:
1187 4009 1283 4066 sed
1333 4010 1428 4080 qui
1483 4009 1553 4065 de
1609 4009 1720 4064 Deo
1772 4009 2022 4064 modeste

438 4103 732 4173 loquitur:
786 4103 884 4174 qui
928 4103 1035 4158 alia
1084 4104 1290 4170 dicere,
1329 4104 1437 4157 alia
1494 4101 1717 4158 silentio
1747 4117 2020 4172 premere,

439 4197 676 4252 aliorum
723 4196 964 4267 denique
1005 4197 1282 4253 inscitiam
1324 4196 1580 4252 conllteri
1636 4195 1814 4261 novit,
1860 4195 2024 4266 eique

439 4286 609 4353 cedit,
641 4287 730 4342 cui
771 4287 1044 4344 sermonis
1088 4302 1221 4342 cura
1261 4287 1565 4342 commissa
1627 4289 1869 4357 estzqui
1909 4287 2024 4357 spi-

438 4378 783 4434 ritualiorem
831 4393 958 4434 esse
1007 4379 1248 4450 aliquem
1295 4395 1456 4451 aequo
1487 4380 1674 4437 animo
1722 4379 1848 4445 fert,
1879 4389 1936 4434 et
1966 4380 2022 4434 in

440 4469 908 4540 contemplatione
934 4471 1364 4540 provectiorem.

515 4581 659 4637 Ibid.
687 4582 912 4638 —Cum
945 4583 1128 4640 omnis
1165 4585 1349 4640 oratio
1393 4592 1586 4654 suapte
1615 4592 1811 4640 natura
1849 4584 2023 4641 imbe-

440 4675 584 4732 cillis
644 4677 738 4743 sit,
785 4675 1063 4746 facileque
1107 4678 1305 4749 agitari
1334 4685 1524 4748 queat,
1557 4685 1611 4733 et
1646 4685 1874 4749 prepter
1903 4693 2023 4733 ser-

441 4781 663 4821 monem
715 4780 784 4820 ex
828 4765 1066 4822 adverso
1109 4772 1446 4836 pugnantem
1487 4763 1743 4820 libertate
1787 4772 2017 4819 careat:

2119 3438 2467 3508 φθέγγωμαι,
2500 3439 2594 3492 καὶ
2623 3439 2755 3508 ὑμῖν
2782 3437 2843 3491 τὸ
2877 3436 3011 3492 αὐτὸ
3062 3437 3420 3511 συνεύχομαι,
3445 3439 3506 3494 τὸ
3544 3440 3715 3495 ἐπαι-

2118 3530 2270 3584 νετὸν
2300 3531 2470 3594 πάθος
2510 3531 2606 3583 καὶ
2634 3531 2928 3601 μακάριον.

2192 3731 2592 3801 Ταπεινόφρων
2628 3731 2780 3800 ἐμὸς,
2813 3732 2912 3804 οὐχ
2944 3733 3094 3798 ὅστις
3140 3734 3268 3806 περὶ
3299 3734 3496 3790 ἑαυτοῦ
3534 3735 3714 3808 μικρά

2119 3822 2449 3892 διαλέγεται,
2498 3822 2595 3875 καὶ
2635 3822 2794 3877 τοῦτο
2839 3824 2978 3896 πρὸς
3023 3825 3242 3894 ὀλίγους
3290 3827 3389 3882 καὶ
3435 3827 3713 3896 ὀλιγάκις,

2120 3915 2242 3969 οὐδὲ
2291 3916 2441 3978 ὅστις
2469 3915 2746 3980 ταπεινῶς
2783 3918 3183 3990 προσαγορεύει
3221 3917 3314 3972 τὸν
3357 3919 3711 3992 ἀτιμότερον,

2120 4004 2236 4061 ἀλλ’
2292 4005 2442 4068 ὅστις
2485 4005 2613 4075 περὶ
2653 4004 2792 4059 Θεοῦ
2848 4005 3084 4078 μετρίως
3123 4007 3462 4078 φθέγγεταιο
3514 4009 3610 4062 καὶ
3642 4011 3717 4064 τὰ

2127 4098 2226 4170 μὲν
2253 4098 2428 4152 εἰπεῖν
2459 4091 2625 4164 οἶδεν,
2653 4099 2722 4152 τά
2749 4098 2806 4151 δὲ
2835 4099 3110 4170 κατέχειν,
3147 4100 3256 4153 τῶν
3291 4101 3348 4154 δὲ
3373 4101 3714 4172 ὁμολογῆσαι

2121 4189 2222 4260 τὴν
2255 4190 2511 4258 ἄγνοιαν·
2574 4191 2668 4244 καὶ⁸
2711 4193 3130 4262 παραχωρεϊται
3179 4190 3277 4245 τοῦ
3315 4191 3478 4261 λόγου
3505 4191 3584 4264 τῷ
3617 4209 3714 4247 πι-

2126 4281 2422 4346 στευθέντι,
2450 4281 2544 4336 καὶ
2580 4276 2724 4336 εἷναί
2762 4299 2886 4336 τινα
2917 4283 3433 4358 πνευματικώτερον
3467 4284 3714 4356 δέχεται.

2124 4372 2221 4426 καὶ
2243 4371 2612 4444 διαϐεϐηκότα
2647 4372 2850 4444 μᾶλλον
2879 4374 2942 4428 έν
2971 4371 3200 4446 θεωρίᾳ.

2192 4572 2358 4626 Φύσει
2387 4574 2488 4644 μὲν
2510 4575 2656 4637 ἄπας
2680 4573 2840 4642 λόγος
2876 4573 3096 4647 σαθρὸς,
3137 4574 3235 4628 καὶ
3264 4574 3576 4646 εὐκίνητος,
3614 4579 3715 4630 καὶ

2126 4666 2216 4721 διά
2247 4665 2340 4720 τὸν
2366 4667 2671 4738 ἀντίμαχον
2699 4666 2859 4736 λόγον
2880 4666 3201 4738 ἐλευθερίαν
3222 4667 3326 4721 οὐκ
3355 4667 3521 4738 ἔχων.
3568 4666 3630 4722 ’0
3653 4669 3714 4722 δὲ

2127 4759 2256 4829 περὶ⁵
2285 4757 2445 4822 Θεοῦ,
2489 4757 2732 4830 τοσούτῳ
2765 4757 2986 4828 μᾶλλον,
3017 4759 3129 4830 ὅσῳ
3157 4758 3342 4830 μεῖζον
3375 4760 3438 4812 τὸ
3482 4760 3710 4814 ὑποκεί-

440 4861 558 4908 tum
584 4869 717 4910 vero
747 4869 811 4910 ea
837 4871 960 4925 qua:
986 4855 1053 4910 de
1069 4854 1186 4910 Deo
1217 4853 1547 4923 suscipitur,
1580 4861 1736 4908 tanto
1767 4853 1890 4924 plus
1922 4853 2018 4906 ha-

2131 4867 2312 4923 μενον,
2344 4851 2442 4904 καὶ
2472 4853 2500 4905 ό
2534 4850 2694 4922 ζῆλος
2721 4850 2944 4919 πλείων,
2976 4852 3073 4906 καὶ
3105 4853 3134 4906 ὁ
3178 4851 3424 4915 κίνδυνος
3453 4851 3712 4926 χαλεπώ-

443 4945 536 5001 bet
561 4945 921 5014 difﬁcultatis,
955 4956 1173 5016 quanto
1201 4946 1382 5015 majus
1421 4955 1807 5016 argumentum
1835 4953 1942 5010 est,
1969 4951 2018 5000 et

2131 4959 2303 5014 τερος.
2346 4944 2458 4997 Καὶ
2511 4943 2567 4996 τί
2609 4943 2964 5014 φοϐηθέντες,
3013 4943 3070 4997 τί
3101 4943 3483 5016 θαρῤήσομεν;
3514 4943 3643 4998 νοῦν
3678 4944 3712 5012 ἢ

444 5038 596 5096 zelus
637 5038 944 5105 ardentior,
968 5047 1024 5093 et
1058 5040 1368 5108 periculum
1406 5038 1650 5109 gravius.
1681 5039 1870 5108 Ecqua
1903 5045 2018 5091 tan-

2131 5035 2306 5104 λόγον,
2338 5034 2371 5106 ἢ
2405 5035 2615 5106 ἀκοήνς
2647 5037 2706 5089 ὲν
2732 5034 2886 5106 τρισὶ
2917 5032 3136 5099 τούτοις
3171 5032 3420 5088 κινδύνου
3451 5034 3715 5088 σαλεύονο

443 5131 566 5187 dem
608 5129 830 5188 subnixi
862 5128 1063 5184 fiducia
1109 5137 1318 5184 metum
1355 5129 1502 5184 hunc
1533 5129 1920 5200 dispellemus?
1953 5144 2018 5182 an

2131 5141 2236 5187 τος.
2274 5123 2385 5178 Καὶ
2415 5123 2526 5195 γὰρ
2553 5124 2748 5195 νοῆσαι
2784 5121 3022 5194 χαλεπὸν
3053 5122 3150 5177 καὶ
3178 5122 3520 5194 ἑρμηνεῦσαι
3568 5125 3717 5194 ἀμή-

446 5221 746 5284 sermonis,
788 5235 857 5274 an
905 5219 1170 5274 auditus?
1231 5220 1676 5291 quandoquidem
1729 5220 1784 5273 in
1835 5220 2018 5274 tribus

2132 5233 2294 5288 χανον
2318 5254 2334 5280 ,
2386 5217 2480 5270 καὶ
2535 5217 2707 5287 ἀκοῆς
2766 5214 3188 5288 κεκαθαρμένης
3225 5217 3412 5286 τυχεῖν
3472 5215 3712 5288 ἐργωδέ-

444 5315 570 5391 ιειὶε
616 5311 926 5383 periculum
962 5319 1237 5368 versatur.
1293 5310 1426 5364 Nam
1483 5323 1537 5366 et
1587 5310 1873 5366 intellectu
1933 5326 2018 5366 res

2136 5328 2348 5382 στερον.

447 5406 669 5460 divinas
703 5402 992 5475 percipere
1059 5404 1295 5461 arduum
1361 5412 1464 5470 est,
1504 5413 1560 5461 et
1619 5417 1885 5460 enarrare
1959 5401 2300 5475 perditlicile,
2365 5402 2706 5475 maiorisque
2763 5399 2990 5458 tandem
3049 5397 3390 5457 difﬁcultatis
3442 5408 3714 5472 purgatas

449 5511 615 5554 aures
640 5511 912 5555 naﬂClSCl.

521 5612 667 5668 Ibid.
690 5643 759 5654 —-
787 5614 928 5680 Quid
963 5623 1070 5682 est,
1104 5612 1469 5684 quamobrem
1509 5613 1802 5686 quisquam
1833 5613 2023 5669 lauda-

450 5704 617 5761 bilem
670 5719 962 5761 ascensum
1021 5707 1266 5774 cuipiam
1329 5706 1612 5762 invideat?
1676 5709 1756 5762 Ac
1803 5723 2021 5773 rursus,

452 5793 579 5866 quis
621 5794 848 5865 perinde
893 5797 1074 5866 gravis
1115 5810 1302 5858 casus,
1341 5803 1505 5867 atque
1555 5794 1789 5851 elatione
1841 5803 2025 5849 transe-

2156 5627 2161 5632 '
2197 5608 2296 5673 Τίς
2335 5607 2530 5676 φθόνος
2573 5597 2868 5672 έπαινετῆς
2887 5602 3248 5666 ἀναϐάσεωςς
3287 5601 3392 5656 Καὶ
3421 5599 3475 5656 τί
3509 5598 3711 5668 πτῶμα

2132 5703 2401 5766 τοιοῦτον,
2426 5695 2540 5754 οἷον
2569 5698 2806 5770 ἐπάρσει
2849 5695 3240 5767 περιπαρῆναι,
3275 5693 3368 5747 καὶ
3409 5693 3484 5763 μὴ
3508 5691 3715 5759 γνῶναι

2133 5797 2226 5864 τῆς
2262 5792 2608 5862 ἀνθρωπίνης
2634 5789 2949 5854 ἀναϐάσεως
2969 5788 3068 5850 τὴν
3095 5786 3446 5845 ταπείνωσιν,
3467 5784 3563 5837 καὶ
3591 5781 3718 5837 ὅσον
