3998 6398
305 396 432 460 1085
1563 403 1802 462 SACRA
1833 401 2297 466 PARALLELA.
3420 409 3447 463 1
3461 401 3566 466 086

300 514 372 568 ἔτι
417 511 668 565 λείπεται
714 509 812 564 τοῦ
868 508 1126 582 ἀληθινοῦ
1192 507 1363 579 ὕψους
1410 511 1440 564 ὁ
1481 511 1702 566 πάντων
1748 512 1882 566 ἀνώ-

2026 514 2101 585 gi,
2132 529 2236 570 nec
2256 514 2496 570 humani
2519 529 2787 574 ascensus
2818 527 3152 586 compertam
3199 514 3567 571 humilitatem

300 621 482 676 τερος;
1315 619 1333 632 —'
1989 603 2215 672 habere,
2252 615 2308 661 et
2357 614 2631 677 quantum
2681 608 2863 665 adhuc
2893 625 2924 666 a
2953 625 3086 667 vero
3138 607 3362 678 fastigio
3395 605 3564 671 absit,

1987 697 2080 766 qui
2107 699 2328 754 cunctis
2357 708 2445 755 est
2484 699 2816 756 sublimior?

2073 787 2158 844 Id.
2192 801 2329 846 orat.
2365 791 2456 847 25.
2482 821 2554 832 —-
2577 792 2810 850 Prrestat
2853 791 3241 848 ratiocmando
3275 782 3574 856 duce’S'pi-

1991 883 2106 939 ritu
2140 884 2416 951 laborare,
2435 898 2624 954 quam,
2655 885 2790 940 dum
2825 882 3001 954 otium
3031 891 3086 938 et
3113 881 3573 952 tranquillitatem

1990 984 2408 1042 consectamur,
2450 976 2717 1046 praecipiti
2749 989 2886 1031 casu
2917 975 2976 1031 in
3007 973 3347 1044 impietatem
3384 985 3571 1026 ruere.

2061 1066 2151 1121 1d.
2203 1074 2342 1123 orat.
2397 1067 2434 1120 2
2478 1067 2557 1123 De
2607 1063 3012 1122 ﬁlim—Nec
3047 1078 3231 1119 aerem
3280 1062 3577 1132 quisquam

1992 1165 2171 1213 totum
2256 1173 2500 1229 unquam
2579 1158 2847 1229 spiravit;
2931 1170 3036 1211 nec
3114 1154 3213 1210 Dei
3275 1152 3577 1208 essentiam

1993 1250 2257 1321 perfecte,
2287 1259 2384 1305 aut
2412 1265 2572 1306 mens
2601 1249 2881 1320 concepit,
2905 1255 3001 1302 aut
3027 1262 3133 1302 vox
3161 1245 3450 1317 complexa
3473 1255 3578 1300 est.

365 791 634 859 Κρεῖσσον
658 790 858 859 καμεῖν
893 788 952 842 ἐν
974 789 1089 852 τοῖς
1120 788 1406 860 λογισμοῖς
1447 785 1587 858 μετά
1617 787 1716 859 τῆς
1755 787 1881 860 ὁδη-

300 892 416 959 γίας
437 891 532 944 τοῦ
558 889 897 961 Πνεύματος,
920 888 954 960 ἢ
979 888 1286 961 προχείρως
1304 887 1521 942 ἀσεϐεῖν
1542 887 1642 959 τὴν
1669 888 1883 961 ῥᾳστώ-

300 1003 392 1054 νην
422 985 709 1040 διώκοντα.
1689 1010 1692 1014 -

367 1074 504 1130 Οὔτε
530 1077 670 1147 ἀέρα
699 1075 1048 1140 ἔπνευσέκτις
1088 1075 1208 1130 ὅλον
1240 1075 1485 1139 πώποτε,
1533 1071 1659 1126 οὗτε
1693 1071 1885 1124 οὐσίαν

306 1169 582 1233 παντελῶς
605 1168 762 1234 Θεοῦ,
793 1168 826 1242 ἢ
869 1167 991 1234 νοῦς
1029 1168 1328 1241 ἐχώρησεν,
1365 1168 1398 1238 ἢ
1428 1165 1582 1236 φωνὴ
1618 1161 1882 1234 περιέλα-

304 1259 412 1313 6εν.

373 1349 546 1419 Ἀλλη
603 1349 704 1420 μὲν
749 1351 864 1415 τοῖς
917 1351 1425 1423 ἐκκεκαθαρμένοις
1462 1349 1743 1413 παντελῶς
1787 1349 1886 1420 τὴν

304 1439 540 1494 διάνοιαν
586 1441 819 1511 ἁρμόζει
865 1443 898 1513 ὴ
959 1443 1231 1511 θεολογία,
1277 1444 1310 1512 ὴ
1361 1442 1602 1513 μάλιστα
1634 1441 1885 1512 ἀληθής·

306 1533 435 1604 άλλη
459 1533 514 1586 δὲ
546 1537 662 1596 τοῖς
692 1534 932 1599 πολλοῖς,
958 1537 991 1606 ἡ
1015 1537 1288 1606 δυναμένη
1318 1537 1416 1606 τὴν
1439 1535 1678 1588 διάνοιαν
1709 1534 1888 1587 αὐτῶν

307 1629 383 1692 είς
429 1627 712 1681 εὐσέϐειαν
744 1629 1102 1683 ἐκκαλεῖσθαι
1152 1629 1246 1682 καὶ
1285 1626 1708 1698 δικαιοπραγίαν
1736 1627 1794 1678 ὲν
1819 1628 1886 1697 τῇ

308 1725 438 1795 πρὸς
471 1724 739 1794 ἀλλήλους
775 1722 1046 1795 κοινωνίᾳ,
1079 1723 1502 1777 ἀπαλλάττουσα
1546 1720 1641 1775 τοῦ
1690 1720 1893 1792 θηριώ-

305 1817 424 1882 δους
459 1816 596 1886 βίου.

2066 1341 2290 1397 Incerti.
2321 1370 2392 1382 —
2416 1341 2539 1395 Alia
2575 1341 2852 1411 theologia
2882 1339 2996 1396 illis
3029 1337 3310 1403 convenit,
3342 1349 3580 1407 quorum

1997 1439 2216 1492 animus
2258 1435 2486 1491 omnino
2525 1441 2794 1507 purgatus
2839 1440 2948 1498 est,
3007 1446 3134 1500 quae
3186 1430 3235 1484 si
3281 1427 3582 1482 admodum

1995 1545 2156 1598 vera;
2189 1529 2297 1584 alia
2324 1542 2450 1599 qua:
2474 1526 2642 1597 vulgo
2669 1523 2939 1600 quadret;
2971 1538 3096 1593 quae
3130 1520 3396 1576 nimirum
3429 1532 3585 1573 men-

1998 1627 2107 1676 tem
2144 1635 2336 1676 eorum
2363 1619 2430 1674 ad
2461 1619 2719 1689 pietatem
2750 1624 2804 1670 et
2830 1613 3105 1685 justitiam
3135 1611 3313 1683 possit
3338 1609 3582 1672 allicere,

1998 1729 2096 1785 per
2147 1721 2401 1768 mutuum
2445 1709 2838 1768 commercium
2881 1722 2978 1763 eos
3027 1719 3059 1760 a
3108 1705 3221 1760 vita
3247 1702 3426 1759 ferina
3455 1701 3585 1756 abs-

1999 1805 2250 1860 trahens.

373 1911 439 1964 Τί
461 1885 598 1964 ποτε
629 1911 736 1982 ἄρα
765 1911 884 1964 ἐστὶ
905 1911 966 1963 τὸ
997 1908 1135 1979 φῶς,
1167 1902 1212 1978 ᾧ
1231 1909 1292 1962 τὸ
1321 1908 1562 1977 ζοφῶδες
1599 1909 1762 1962 τοῦτο
1790 1908 1890 1978 τῆς

2065 1894 2223 1966 Greg.
2267 1894 2434 1966 Nysa.
2469 1896 2524 1950 in
2553 1895 2588 1950 5
2609 1894 2867 1950 beatit.—-
2892 1891 3035 1958 Quid
3062 1889 3289 1944 tandem
3317 1885 3453 1941 illud
3477 1893 3585 1948 est,

305 1978 924 2074 ἁνθρωπίνηςνφύσεως
969 1978 1238 2057 σπήλαιον
1281 2001 1340 2052 ὲν
1387 1999 1466 2070 τῷ
1518 2000 1752 2072 παρόντι
1793 1999 1894 2071 βίῳ

2026 2005 2106 2058 [uo
2138 1989 2491 2046 tenebrosum
2510 1989 2615 2044 hoc
2643 1989 2894 2042 humana:
2916 1991 3124 2039 natum
3145 1995 3364 2037 antrum
3402 1980 3456 2034 in
3483 1978 3589 2032 hac

303 2092 402 2145 οὐκ
428 2089 842 2158 ἀπαυγάζεται;
874 2091 944 2143 Ἦ
967 2090 1108 2160 τάχα
1125 2090 1262 2160 πρὸς
1288 2091 1608 2161 ἀνήνυστον,
1643 2091 1738 2144 καὶ
1760 2091 1897 2145 ἀκα-

233 2213 236 2216 ~
305 2183 576 2253 τάληπτον
599 2183 632 2252 ἡ
657 2180 924 2249 ἐπιθυμία
949 2181 1170 2251 βλέπει;
1207 2183 1304 2246 Τίς
1334 2181 1444 2254 γὰρ
1471 2184 1530 2235 ὲν
1559 2185 1692 2253 ἡμῖν
1737 2183 1897 2258 λόγοις

305 2271 570 2335 τοιοῦτος,
603 2271 679 2334 ὡς
707 2270 1032 2340 ἀνιχνεῦσαι
1065 2271 1162 2324 τοῦ
1194 2272 1535 2343 ζητουμένου
1566 2273 1666 2342 τὴν
1696 2273 1896 2342 φύσιν;

305 2364 402 2428 Τίς
459 2363 675 2434 ἐξεύροι
730 2364 1014 2436 ὀνομάτων
1061 2381 1122 2418 τε
1166 2365 1262 2419 καὶ
1317 2367 1584 2438 ῥημάτων
1620 2367 1901 2436 σημασίαν

303 2454 584 2524 τοιαύτην,
616 2455 692 2520 ὡς
735 2456 892 2520 ἀξίαν
923 2459 1058 2528 ἡμῖν
1097 2457 1308 2513 ἔννοιαν
1350 2456 1446 2511 τοῦ
1494 2458 1898 2528 ὑπερκειμένου

307 2541 485 2613 φωτὸς
539 2543 940 2612 ὲμποιεῖσθαις
994 2545 1122 2610 Πῶς
1176 2547 1434 2617 ὀνομάσω
1469 2546 1532 2601 τὸ
1583 2546 1898 2613 ἀθάνατον;

306 2632 426 2696 πῶς
455 2635 795 2705 παραστήσω
825 2635 887 2689 τδ
916 2635 1114 2704 ἄῦλον;
1143 2637 1262 2702 πῶς
1292 2638 1348 2690 δὲ
1381 2638 1540 2706 δείξω
1566 2639 1628 2693 τὸ
1669 2639 1882 2706 άειδές;

307 2723 426 2787 πῶς
453 2724 696 2781 διαλάὸω
721 2726 782 2779 τὸ
811 2727 1107 2798 άμέγεθες,
1143 2729 1204 2783 τὸ
1236 2730 1462 2796 άποσον,
1501 2731 1566 2784 τὺ
1595 2731 1810 2797 ἄποιον,
1841 2729 1904 2784 τὸ

307 2816 739 2886 ἀσχημάτιστον,
775 2817 835 2872 τδ
866 2819 1006 2889 μήτε
1032 2819 1204 2888 τόπῳ,
1255 2820 1394 2891 μήτε
1435 2820 1614 2892 χρόνῳ
1644 2820 1902 2892 εὑρισκό-

311 2924 495 2979 μενον,
548 2908 611 2963 τδ
667 2908 936 2980 ἐξώτερον
990 2911 1195 2974 παντὸς
1229 2910 1547 2982 πειρασμοῦ
1595 2913 1690 2966 καὶ
1723 2912 1906 2977 πάσης

306 2999 596 3070 ὀριστικῆς
638 3001 975 3070 φαντασίας;
1018 2997 1078 3058 οὗ
1119 3003 1282 3074 ἔργον
1328 3002 1463 3073 ζωὴ,
1491 3002 1588 3057 καὶ
1617 3005 1652 3075 ἠ
1682 3006 1906 3059 πάντων

308 3091 420 3146 τῶν
457 3094 600 3147 κατὰ
646 3093 709 3146 τὸ
754 3093 961 3162 ἀγαθὸν
994 3093 1308 3165 νοουμένων
1361 3094 1700 3159 ὑπόστασιςς
1760 3093 1906 3148 Ἀλλ’

1998 2083 2112 2136 vita
2145 2081 2557 2138 collustratur?
2586 2081 2673 2135 An
2704 2079 2946 2135 fortasse
2989 2077 3042 2132 id
3084 2076 3190 2132 sibi
3231 2074 3446 2130 frustra
3486 2085 3591 2126 no-

2001 2183 2115 2231 stra
2178 2174 2460 2244 cupiditas
2525 2172 2792 2244 proponit
2861 2169 3216 2233 intuendum,
3285 2166 3434 2238 quod
3495 2179 3594 2219 nec

2003 2267 2302 2337 permeari,
2365 2281 2469 2321 nec
2521 2265 2730 2336 percipi
2785 2262 2997 2334 queat?
3046 2260 3309 2326 Quaenam
3353 2255 3499 2312 enim
3535 2254 3595 2307 in

2005 2359 2171 2414 nobis
2229 2365 2388 2412 tanta
2444 2355 2683 2411 facultas
2721 2355 2796 2411 sit
2862 2352 3125 2418 rationis,
3176 2355 3237 2404 ut
3279 2347 3404 2418 ejus
3450 2343 3599 2416 quod

2017 2450 2308 2522 quaeritur,
2356 2457 2617 2505 naturam
2667 2447 3043 2520 pervestigare
3084 2440 3302 2514 possit?
3329 2438 3599 2506 Quisnam

2003 2551 2216 2600 tantam
2260 2541 2553 2597 nominum
2586 2550 2641 2596 et
2671 2539 3076 2595 vocabulorum
3133 2530 3600 2603 significationem

2010 2633 2493 2698 comminiscatur,
2536 2639 2598 2686 ut
2634 2631 2837 2687 summi
2871 2629 3020 2685 illius
3057 2624 3289 2681 luminis
3312 2622 3600 2678 notionem

2007 2724 2173 2781 nobis
2204 2738 2308 2794 pro
2346 2737 2415 2779 eo
2448 2737 2515 2777 ac
2544 2721 2773 2793 dignum
2807 2727 2914 2784 est,
2952 2715 3191 2773 eﬂ'erat?
3217 2712 3342 2778 Quo
3373 2708 3602 2763 nomine

2007 2817 2064 2872 id
2096 2816 2248 2887 quod
2300 2815 2621 2869 immortale
2677 2820 2786 2877 est,
2829 2808 3144 2880 appellem?
3200 2801 3483 2878 quomodo
3546 2797 3602 2852 id

2009 2907 2158 2979 quod
2199 2907 2460 2973 materia,
2499 2913 2556 2960 et
2593 2905 2742 2974 quod
2793 2903 2976 2957 forma
3022 2907 3208 2962 vacat,
3263 2894 3600 2955 ostendero,

2009 2999 2108 3072 qui
2139 2999 2363 3054 demum
2409 2998 2463 3053 id
2505 2998 2761 3052 oratione
2796 2992 3158 3062 complectar,
3203 2987 3354 3059 quod
3390 2983 3606 3054 magni-

2009 3090 2224 3154 tudine,
2257 3089 2592 3161 quantitate,
2632 3084 2800 3158 304
2823 3084 3097 3155 qualitate
3125 3091 3180 3137 et
3204 3081 3380 3149 figura
3413 3074 3606 3130 caret?

307 3185 390 3250 ὡς
427 3184 503 3257 μὴ
532 3186 712 3257 μάτην
744 3187 774 3241 ὁ
816 3186 974 3256 λόγος
1003 3185 1181 3258 κάμῃ,
1213 3187 1327 3250 τοῖς
1367 3185 1678 3258 ἀχωρήτοις
1713 3185 1901 3240 ἑαυτὸν

2026 3181 2162 3254 quod
2187 3195 2290 3237 nec
2313 3181 2368 3236 in
2406 3181 2551 3244 loco,
2582 3194 2686 3234 nec
2717 3179 2774 3232 in
2806 3184 3060 3246 tempore
3108 3169 3426 3235 invenitur;
3456 3165 3604 3237 quod

308 3235 682 3335 ιᾶεὲτέἱξνωνῖ
740 3235 1021 3352 ἀμήχανρν
1235 3235 1340 3333 ὐπέὺ
1387 3235 1901 3350 ξατὶληῷῖν-τοῦτο

2026 3235 2085 3332 ξι)
2140 3275 2292 3332 omni
2345 3235 2572 3330 termini
2624 3278 2679 3327 et
2733 3235 3078 3326 definitionis
3113 3263 3302 3335 specie
3359 3235 3606 3317 alienum

308 3371 492 3426 ἐλθεῖν
513 3389 528 3404 ·
579 3371 1172 3444 πολυπραγμονοῦντες
1232 3370 1605 3441 παυσώμεθα,
1649 3369 1901 3424 τοσοῦτον

2026 3383 2134 3442 est;
2166 3371 2332 3442 cujus
2371 3384 2542 3441 opera
2581 3369 2694 3424 vita
2734 3373 2842 3430 est,
2875 3371 3042 3434 atque
3073 3359 3323 3416 omnium
3355 3370 3478 3427 quae
3512 3369 3605 3409 se-

313 3465 482 3536 μόνον
540 3467 606 3519 ἐκ
651 3464 762 3520 τῶν
820 3463 1171 3537 ζητηθέντων
1233 3464 1616 3536 κερδάναντες,
1663 3465 1790 3518 ὅσον
1841 3463 1901 3518 δι*

2026 3465 2257 3522 cundum
2295 3463 2500 3518 bonum
2532 3459 2946 3529 intelliguntur,
2985 3451 3196 3509 creatio
3232 3457 3286 3506 et
3317 3452 3607 3504 sustenta-

308 3558 496 3614 αὐτῶν
518 3559 729 3614 ἔννοιάν
751 3576 877 3615 τινα
907 3558 1172 3631 μεγέθους
1198 3557 1480 3630 ἄφραστον
1533 3555 1901 3613 ἀνατυπώσα-

2026 3557 2240 3615 :ulum?
2269 3555 2474 3611 Verum
2506 3567 2578 3608 ne
2611 3565 2799 3607 Sermo
2830 3556 3026 3603 noster
3052 3545 3335 3600 incassum
3365 3537 3606 3598 laboret,

313 3649 466 3705 σθαι.
503 3650 667 3705 Ὅσον
689 3649 748 3703 δὲ
771 3649 871 3721 τῆς
907 3623 1168 3719 γνώσεως
1208 3623 1368 3720 ἡμῶν
1408 3647 1744 3718 ὑψηλότερον
1766 3643 1901 3702 εἶναι

2026 3649 2151 3705 dum
2194 3646 2259 3701 ad
2296 3660 2362 3702 ea
2389 3658 2513 3715 quae
2552 3641 2676 3711 capi
2707 3654 2818 3694 non
2849 3641 3110 3708 possunt,
3147 3645 3274 3686 sese
3301 3623 3610 3721 exporrigit

306 3743 376 3798 τὸ
404 3742 610 3812 ἀγαθὸν
639 3745 706 3814 τῇ
731 3717 894 3813 φύσει
925 3717 1281 3813 πιστεύομεν,
1313 3717 1573 3795 τοσοῦτον
1603 3717 1808 3810 μάλλον
1847 3739 1901 3793 τὸ

2026 3739 2239 3812 [neque
2282 3737 2431 3794 enim
2476 3734 2596 3790 fieri
2633 3736 2916 3802 potest'ut
2948 3728 3055 3782 hoc
3086 3723 3192 3780 sub
3224 3717 3604 3814 cognition-em

309 3836 518 3901 πένθος
544 3837 758 3901 ἑαυτοῖς
786 3837 1167 3908 ἐπιτείνομεν·
1199 3836 1284 3889 ὅτι
1311 3834 1505 3889 τούτου
1542 3833 1640 3888 τοῦ
1672 3833 1901 3904 ὑπεραί‹

2026 3808 2238 3904 cadat),
2304 3829 2530 3886 curiose
2577 3828 2686 3882 ista
2753 3823 3042 3894 inquirere
3097 3816 3448 3877 desinamus,
3503 3808 3611 3908 hoc

213 3917 238 3928 ’
310 3947 509 4002 ροντος
568 3932 750 3985 πᾶσαν
788 3929 1019 4001 δύναμιν
1067 3928 1490 4000 καταληπτικὴν
1535 3929 1595 3982 ὲν
1647 3925 1901 4000 μετουσίᾳ

2026 3899 2234 3982 tantum
2267 3939 2334 3980 ex
2365 3922 2453 3978 his
2478 3935 2602 3991 quae
2634 3935 2665 3974 a
2697 3915 2864 3973 nobis
2896 3910 3130 3984 quaesita
3160 3914 3312 3974 sunt,
3347 3899 3611 3958 utilitatis

313 3997 455 4079 ποτὲ
483 4019 630 4096 ἦμεν
661 4024 712 4078 οἱ
732 3997 1034 4095 ἄνθρωποι.
1270 3997 1281 4000 ⁷
1445 3997 1454 4000 ν
1652 3997 1660 4000 Ὗ
1885 3997 1896 3999 ἡ

2026 4014 2338 4078 consecuti,
2381 4013 2530 4083 quod
2579 4025 2680 4080 per
2729 4022 2794 4063 ea
2841 4005 3126 4061 notionem
3168 3997 3462 4070 quamdam
3493 4007 3613 4045 ma-

314 4083 630 4190 gnitudinis
697 4083 1139 4187 inexplicabilem
1192 4114 1382 4169 animo
1435 4113 1597 4170 nobis
1641 4111 1976 4169 eliinximus.
2043 4109 2218 4164 Porro
2276 4121 2389 4178 quo
2450 4105 2656 4160 bonum
2715 4097 2861 4170 illud
2931 4100 3128 4165 suapte
3195 4098 3394 4190 natura
3435 4083 3613 4190 ἐθεί-

315 4213 541 4266 tatione
580 4217 773 4266 nostra
820 4224 948 4266 esse
990 4207 1290 4264 sublimius
1345 4206 1650 4272 credimus,
1685 4221 1752 4262 eo
1796 4205 2005 4277 majore
2033 4204 2189 4260 luctu
2214 4199 2523 4266 efﬁcimur;
2587 4193 2855 4266 quoniam
2920 4203 3024 4244 nos
3086 4181 3366 4257 quondam
3435 4177 3612 4233 homi-

319 4319 427 4360 nes
452 4302 550 4356 illo
578 4298 1138 4368 incomprehensibili
1163 4297 1312 4352 bono
1346 4290 1693 4352 fruebamur.

411 4394 744 4464 ’Λκράτητος
789 4391 885 4445 καὶ
916 4389 1320 4461 ούρανοδρόμος
1365 4390 1401 4460 ὴ
1442 4388 1564 4443 θεία
1588 4387 1774 4458 φύσις,
1809 4387 1910 4440 ἀν-

318 4486 553 4555 έφικτος
577 4485 692 4548 τοῖς
716 4481 1030 4548 διώκουσιν,
1054 4480 1356 4551 ὲγγίζουσα
1387 4481 1502 4544 τοῖς
1534 4477 1906 4533 πιστεύουσιν.

2091 4382 2288 4454 Chrys.
2350 4381 2407 4433 in
2453 4376 2514 4434 S.
2580 4374 2761 4444 Steph.
2801 4369 3089 4423 -—Divina
3138 4370 3338 4420 natura
3387 4365 3611 4429 captum

2017 4490 2242 4532 omnem
2275 4471 2517 4531 excedit,
2555 4477 2724 4539 atque
2755 4467 2810 4520 in
2848 4464 3050 4519 caelum
3079 4457 3351 4520 excurrit,
3396 4463 3457 4508 ut
3496 4469 3609 4508 non

1950 4549 1996 4606 Ῑ)
2027 4585 2057 4624 a
2092 4563 2565 4640 persequentibus
2612 4566 2782 4632 queat
2824 4555 2972 4628 capi,
3004 4561 3062 4610 et
3093 4553 3162 4608 iis
3201 4551 3296 4622 qui
3333 4549 3440 4604 ﬁde
3468 4561 3613 4618 prae-

2023 4659 2126 4714 diti
2165 4663 2321 4720 sunt,
2350 4655 2608 4726 proxima
2644 4653 2736 4706 sit.

2095 4749 2332 4821 Didymi.
2365 4776 2436 4788 —-
2458 4743 2714 4801 Humana
2759 4739 2956 4822 verba.
2974 4735 3069 4794 Dei
3100 4731 3404 4791 essentiam
3433 4742 3614 4784 enun-

2027 4844 2168 4898 tiare
2192 4849 2496 4909 nequeunt.

2100 4932 2244 4989 Nili.
2277 4961 2350 4972 —
2374 4929 2661 4987 Interdum
2686 4926 2854 4983 etiam
2889 4923 2957 4978 de
2991 4916 3409 4976 divinis-rebus
3437 4912 3615 4966 disse-

2026 5043 2154 5084 rere
2181 5032 2501 5092 conantur;
2556 5021 2651 5077 ubi
2709 5033 2814 5075 nec
2864 5016 3158 5073 veritatem
3205 5007 3427 5078 assequi
3457 5004 3616 5075 quis-

2027 5135 2193 5192 quam
2230 5119 2428 5192 possit,
2471 5126 2526 5173 et
2552 5111 2892 5184 coniecturis
2917 5108 2999 5164 uti
3033 5103 3408 5178 periculosum
3437 5103 3544 5192 est.

2102 5190 2370 5269 Philonis.
2400 5207 2547 5264 -—Si
2580 5207 2753 5264 Deum
2784 5201 3012 5276 quaeris,
3045 5213 3080 5255 ο
3110 5210 3291 5262 mens,
3325 5207 3392 5249 ex
3429 5190 3609 5259 teipsa

2028 5305 2231 5371 excede
2256 5312 2318 5361 ut
2347 5316 2590 5376 quaeras.

413 4767 783 4841 Ἀνθρὼπιναι
810 4769 988 4837 λέξεις
1033 4766 1168 4822 Θεοῦ
1223 4766 1416 4822 οὐσίαν
1471 4764 1812 4838 ἑρμηνεῦσαι
1858 4763 1921 4818 οὐ

321 4857 606 4914 δύνανται.

410 4953 600 5005 Ἔστιν
618 4950 706 5003 ὅτε
739 4948 831 5003 καὶ
859 4947 1130 5017 θεολογεῖν
1155 4946 1548 5019 ἐπιχειροῦσιν,
1579 4947 1716 5000 ὅπου
1756 4947 1852 5000 καὶ
1889 4947 1923 5017 ἡ

325 5043 560 5116 ἀλήθεια
584 5041 898 5112 ἀνέφικτος,
928 5050 1026 5094 καί.
1049 5042 1077 5094 ὁ
1099 5039 1404 5111 στοχασμὸς
1432 5039 1798 5102 ἐπικίνδυνος.

407 5223 471 5276 Ei
503 5223 686 5291 ζητεῖς
712 5221 868 5285 Θεὸν,
894 5213 942 5275 ὧ
966 5221 1198 5288 διάνοια,
1244 5219 1540 5286 ἐξελθοῦσα
1584 5219 1693 5275 ἀπὸ
1720 5187 1926 5290 σαυτῆς

328 5313 624 5386 ἀναζήτει.

2029 5443 2138 5500 Tit.
2183 5441 2277 5498 IV.
2307 5471 2378 5484 —-
2398 5440 2478 5496 De
2524 5454 2706 5494 amore
2735 5446 2784 5493 et
2817 5437 3002 5491 timore
3037 5431 3154 5500 Dei,
3184 5437 3235 5485 et
3282 5425 3438 5498 quod.
3470 5435 3622 5477 omne

329 5452 538 5508 Τίτλ.Δ
560 5494 573 5510 .
596 5485 666 5496 -
689 5453 831 5524 Περὶ
862 5450 1243 5525 ἁγάπηςᾲκαὶ
1276 5451 1466 5525 ,ςσᾴϐου
1495 5449 1643 5504 Θεοῦ
1661 5465 1675 5482 ’
1712 5447 1811 5504 καὶ
1839 5448 1928 5504 ὅτι

2575 5511 2766 5565 bonum
2806 5513 3072 5574 superent.

653 5521 883 5591 πακτύς
911 5521 1139 5595 ἀγαθοῦ
1168 5521 1597 5592 ὑπερέχουσιν.

2105 5646 2234 5702 Gen.
2263 5661 2400 5711 xm,
2436 5645 2525 5712 il,
2559 5644 2650 5699 12.
2675 5672 2744 5682 --
2779 5660 2798 5694 ι
2839 5638 2907 5694 Ει
2936 5637 3154 5694 vocavit
3183 5632 3418 5706 angelus
3441 5628 3622 5685 Abra-

2031 5745 2160 5802 ham
2189 5742 2257 5799 de
2287 5741 2450 5805 caelo,
2481 5740 2676 5831 dicens
2707 5738 2755 5794 ei
2780 5755 2792 5791 :
2823 5734 3128 5790 Abraham.
3154 5729 3259 5796 Qui
3290 5723 3619 5798 respondit:

2034 5837 2279 5897 Adsum;
2321 5824 2570 5894 dixitque
2607 5831 2699 5888 ei:
2748 5829 2826 5888 Ne
2873 5827 3144 5886 extendas
3190 5834 3413 5879 manum
3460 5824 3616 5871 tuam

417 5681 437 5715 ι
481 5661 770 5716 Ἐκάλεσεν
794 5660 1024 5729 ἄγγελος
1054 5659 1262 5730 Κυρίου
1291 5657 1382 5710 τὸν
1417 5655 1670 5726 Ἀϐραὰμ
1692 5654 1751 5722 ἐξ
1775 5656 1931 5723 obpa-

333 5752 460 5816 νοῦ,
492 5754 585 5806 καὶ
619 5747 774 5805 εἶπεν
820 5750 1000 5820 αὐτῷ·
1045 5749 1315 5820 Ἁϐραάμ.
1364 5748 1421 5801 'U
1466 5747 1524 5799 δὲ
1567 5741 1758 5800 εἶπεν·
1796 5747 1928 5798 Ἰδοὺ

336 5846 475 5915 ἐγώ.
504 5841 639 5899 Eine
663 5844 738 5898 δέ’
760 5844 852 5910 Μὴ
885 5843 1145 5912 ὲπιϐάλης
1164 5841 1260 5912 τὴν
1283 5841 1438 5911 χεῖρά
1466 5855 1560 5895 σου
1588 5839 1679 5894 ἐπὶ
1700 5838 1758 5894 τὸ
1792 5854 1924 5894 παι-
