3998 6430
439 417 578 490 1ὓ87
1628 407 1690 467 S.
1730 403 2050 467 JOANNIS
2087 403 2524 466 DAMASCENI
2599 403 2602 406 ’
3579 389 3739 456 1088

438 549 605 606 super
633 544 892 602 puerum,
923 541 1105 596 neque
1140 523 1315 580 facias
1353 523 1434 579 illi
1476 522 1806 593 quidquam.
1858 519 2017 576 Nunc

2161 497 2308 590 [ιριόν
2338 536 2458 586 σου,
2523 519 2658 590 μηδὲ
2714 518 2948 590 ποιήσῃς
2996 513 3145 586 αὐτῷ
3201 512 3392 585 μηθέν.
3424 510 3552 567 Νῦν
3608 512 3740 582 γὰρ

435 603 668 697 οοεξιιονί
707 619 853 690 quod
889 618 1087 670 timeas
1120 615 1446 679 Dominum,
1479 625 1534 668 et
1564 628 1679 668 non
1714 609 2014 682 pepercisti

2158 627 2298 679 γνων
2328 612 2410 666 ὅτι
2437 611 2576 684 φοϐῇ
2610 612 2676 666 σὺ
2733 611 2826 665 τὸν
2867 609 3023 675 Θεὸν,
3075 608 3170 662 καὶ
3217 607 3321 662 οὐκ
3379 604 3592 676 ἐφείσω
3616 603 3737 658 τοῦ

436 713 724 784 unigenito
763 709 879 764 tilio
909 716 1005 763 tuo
1033 716 1257 777 propter
1285 721 1390 760 me.
1425 724 1444 757 ›

2127 699 2245 754 υίοῦ
2282 717 2377 754 σου
2399 700 2494 754 τοῦ
2529 698 2818 769 ἀγαπητοῦ
2843 698 2913 752 δι’
2944 698 3065 768 ἐμέ.
3104 715 3123 750 ι

509 803 664 856 Deut.
694 816 748 861 ι,
777 798 866 853 12.
893 827 964 846 -ο
998 817 1018 850 ι
1046 795 1114 850 Et
1163 812 1333 862 nunc,
1370 795 1563 862 israel,
1600 796 1732 866 quid
1756 794 2024 850 Dominus

2203 809 2222 842 ι
2258 792 2368 845 Καὶ⁵
2410 790 2529 858 νῦν,
2577 790 2818 864 Ἰσραὴλ,
2867 790 2921 844 τί
2963 789 3172 860 Κύριος
3230 790 3260 841 ὀ
3307 787 3442 851 Θεὸς
3484 784 3735 841 ἀπαιτεῖ

436 894 580 948 Deus
636 892 774 961 petit
822 898 960 955 ate,
1012 889 1122 945 nisi
1174 890 1483 945 ut-timeas
1531 888 1705 945 Deum
1749 896 1933 954 tuum,
1971 897 2015 944 et

2158 882 2282 953 ιαρὰ
2314 885 2408 937 σοῦ
2428 924 2444 948 ,
2481 883 2597 940 ἀλλ’
2624 883 2657 953 ἢ
2690 882 2976 954 φοϐεῖσθαι
3014 881 3213 947 αὑτὸν,
3249 881 3347 934 καὶ
3385 876 3737 950 πορεύεσθαι

436 983 686 1040 ambules
717 984 773 1039 in
805 982 1068 1050 omnibus
1095 980 1209 1034 viis.
1243 980 1407 1050 ejus?
1441 999 1460 1032 ι

1441 999 1460 1032 ι
2044 1002 2060 1020 ο
2129 973 2188 1028 ἐν
2223 975 2424 1038 πάσαις
2447 977 2567 1039 ταῖς
2591 975 2730 1039 ὁδοῖς
2751 973 2918 1027 αὐτοῦ
2944 991 2959 1035 ;
3000 993 3019 1026 ι

505 1074 666 1129 Deut.
701 1089 777 1139 v1,
812 1072 866 1128 5.
895 1101 965 1114 -
991 1091 1011 1125 ι
1049 1070 1258 1138 Diliges
1295 1070 1587 1126 Dominum
1644 1069 1822 1130 Deum
1859 1075 2020 1126 tuum

2207 1085 2226 1118 ι
2277 1067 2619 1138 Ἀγαπήσεις
2671 1063 2879 1136 Κύριον
2915 1065 3012 1120 τὸν
3055 1063 3188 1119 Θεόν
3220 1080 3318 1118 σου
3369 1063 3430 1130 ἐξ
3457 1063 3593 1130 ὅλης
3616 1061 3737 1130 τῆς

434 1182 503 1224 ex
527 1173 645 1220 tota
681 1173 870 1220 meme
903 1172 1020 1228 tua,
1055 1171 1110 1218 et
1133 1177 1198 1218 ex
1231 1169 1348 1218 tota
1374 1162 1562 1217 anima
1594 1169 1710 1226 tua,
1743 1167 1801 1216 et
1821 1175 1889 1216 ex
1921 1173 2013 1214 om

1055 1171 1110 1218 et
1133 1177 1198 1218 ex
1231 1169 1348 1218 tota
1374 1162 1562 1217 anima
1594 1169 1710 1226 tua,
1743 1167 1801 1216 et
1821 1175 1889 1216 ex
1921 1173 2032 1214 on»
2130 1155 2414 1228 δυνάμεώς
2445 1174 2562 1213 σου.
2595 1177 2613 1210 ι

480 1260 608 1310 ibus
637 1259 854 1310 viribus
896 1257 1030 1310 luis.
1067 1275 1088 1308 ι

438 1260 608 1315 nibus
637 1259 854 1321 viribus
896 1259 1030 1311 tuis.
1067 1275 1088 1308 ι

512 1350 668 1407 Ptol.
700 1366 853 1414 xxiv,
905 1349 994 1405 M.
1021 1378 1092 1389 —
1117 1366 1136 1402 ι
1173 1347 1616 1410 Firmamentum
1646 1355 1731 1403 est
1761 1346 2017 1405 Dominus

2215 1356 2233 1391 ι
2266 1336 2615 1409 Κραταίωμα
2639 1336 2846 1408 Κύριος
2865 1334 2975 1390 τῶν
3001 1335 3359 1407 φοϐουμένων
3392 1333 3582 1389 αὐτόν.
3624 1351 3643 1386 ι

450 1448 774 1504 timentibus
806 1462 958 1506 cum.
995 1464 1015 1500 ι
1071 1503 1073 1505 ,

521 1539 673 1596 Ρδαι.
711 1554 886 1603 xxxii,
920 1537 1080 1596 8-18.
1107 1555 1219 1590 -ι
1267 1536 1486 1596 Timeat
1518 1536 1809 1592 Dominum
1849 1533 2032 1592 omnis

2214 1542 2233 1575 ι
2289 1522 2585 1594 Φοϐηθήτω
2626 1521 2718 1575 τὸν
2766 1519 2973 1592 Κύριον
3019 1521 3174 1574 πᾶσα
3227 1521 3260 1591 ὴ
3313 1521 3406 1591 γῆ.
3478 1516 3618 1572 Ἰδοὺ
3676 1517 3737 1570 οι

446 1642 616 1687 terra.
650 1630 795 1688 Ecce
839 1630 995 1690 oculi-
1029 1629 1250 1685 Domini
1283 1645 1450 1699 super
1481 1635 1788 1684 metuentes
1817 1643 1967 1684 eum.
2007 1645 2025 1680 ι

2137 1615 2409 1685 ὀφθαλμοὶ
2449 1615 2655 1686 Κυρίου
2693 1615 2786 1668 ἐπὶ
2817 1615 2947 1678 τοὺς
2983 1611 3356 1683 φοϐουμένους
3392 1610 3588 1664 αὐτόν.
3630 1628 3653 1660 ›

515 1721 668 1776 Psat.
727 1735 930 1784 χχχιιι,
959 1718 1117 1778 8-10.
1168 1749 1237 1760 -
1281 1737 1299 1771 ι
1332 1719 1836 1776 Cas‘trametabitur
1877 1734 2036 1790 ange-

2217 1721 2236 1754 ι
2271 1701 2624 1773 Παρεμϐαλεῖ
2653 1701 2888 1772 ἄγγελος
2917 1702 3127 1774 Κυρίου
3155 1701 3342 1771 κύκλῳ
3371 1701 3483 1753 τῶν
3520 1699 3743 1770 φοϐου-

445 1815 532 1868 lus
563 1812 779 1867 Domini
815 1812 872 1865 in
925 1811 1166 1865 circuitu
1204 1811 1518 1866 timentium
1554 1827 1706 1878 eum,
1741 1818 1796 1866 et
1836 1810 2024 1883 eripiet

2164 1793 2320 1847 ιένων
2371 1791 2555 1859 αὐτὸν,
2610 1791 2706 1846 καὶ
2754 1792 2983 1864 ῥύσεται
3028 1792 3247 1856 αὐτούς.
3294 1791 3579 1865 Φοϐήθητε
3635 1790 3743 1844 τὸν

442 1920 563 1960 eos.
590 1902 804 1958 Timete
833 1901 1152 1967 Dominum,
1187 1917 1383 1958 omnes
1425 1903 1601 1962 sancti
1628 1903 1774 1974 ejus.
1813 1922 1835 1956 ι

1577 1903 1601 1962 ,ί
1628 1903 1774 1974 eius.
1813 1922 1835 1956 ,
1921 1879 1940 1883 ⁷
2066 1879 2112 1937 Β
2141 1885 2373 1955 Κύριον,
2402 1885 2607 1948 πάντες
2641 1884 2694 1937 oi
2724 1885 2872 1954 ἆγιοι
2903 1883 3095 1939 αὐτοῦ.
3136 1903 3156 1937 ι

517 1995 668 2050 Psal.
699 2008 792 2058 cx,
828 1993 884 2050 9.
916 2019 984 2038 -ρ
1014 2013 1033 2047 ι
1086 1993 1314 2048 Initium
1363 1973 1671 2064 sapientiae
1706 1997 1876 2050 timor
1924 1993 2039 2052 Do-

1640 1973 1671 2052 ,7
1706 1997 1876 2050 ιίωοι.
1924 1993 2039 2052 Do,
2219 1993 2238 2026 ι
2287 1973 2458 2046 Ἀρχὴ
2484 1974 2698 2044 σοφίας,
2731 1973 2898 2044 φόϐος
2933 1975 3166 2046 Κυρίου.
3199 1993 3219 2028 ι

446 2102 606 2141 num.
648 2105 667 2138 ι

519 2177 672 2234 Ρεαι.
723 2193 838 2244 exn,
890 2176 1038 2230 l.-—
1065 2193 1084 2228 ι
1125 2174 1329 2233 Beatus
1365 2177 1454 2234 vir
1501 2177 1598 2250 qui
1647 2177 1806 2235 timet
1847 2176 2041 2235 Domi-

2015 2206 2041 2220 _
2217 2176 2238 2210 ι
2274 2157 2564 2232 Μακάριος
2588 2157 2729 2230 ἀνὴρ
2757 2160 2787 2212 ό
2814 2156 3156 2230 φοϐούμενος
3174 2155 3268 2213 τὸν
3298 2155 3528 2228 Κύριον.
3575 2174 3594 2208 ι

446 2286 603 2326 num.
639 2289 658 2323 D

520 2361 676 2418 Paul.
700 2376 892 2430 cxvn-n,
922 2360 1050 2418 120.
1073 2391 1146 2404 --
1173 2380 1194 2415 ι
1224 2360 1450 2434 Conﬁge
1482 2377 1514 2417 a
1555 2361 1758 2418 timore
1790 2371 1884 2418 tuo
1913 2375 2040 2418 car-

2217 2379 2236 2414 ι
2271 2359 2604 2433 Καθήλωσον
2625 2362 2691 2418 ἐκ
2714 2362 2811 2418 τοῦ
2841 2362 3011 2434 φόϐου
3048 2379 3144 2418 σου
3176 2361 3279 2429 τὰς
3298 2362 3512 2435 σάρκας
3541 2379 3674 2435 μου..
3715 2381 3735 2414 ι

523 2471 557 2510 8-
586 2468 758 2510 meas.
799 2471 820 2508 ι
850 2502 856 2507 .

449 2471 557 2512 nes.
586 2471 758 2510 meas.
799 2471 820 2508 ι
850 2502 856 2507 .

520 2547 670 2601 Ρεαί.
733 2561 961 2613 cnvni,
993 2546 1046 2602 1.
1086 2574 1159 2588 —-
1184 2565 1203 2599 ι
1236 2544 1394 2604 Beati
1445 2560 1640 2603 omnes
1687 2547 1783 2618 qui
1837 2548 2028 2608 timent

2217 2563 2238 2600 ι
2276 2546 2554 2618 Μακάριοι
2596 2547 2799 2613 πάντες
2825 2549 2876 2604 οί
2909 2547 3244 2621 φοϐούμενοι
3286 2549 3381 2604 τὸν
3427 2547 3665 2620 Κύριον.
3714 2566 3736 2603 ι

537 2655 770 2695 mnium.
803 2659 824 2692 ι

447 2641 770 2698 Dominum.
803 2659 824 2692 ι

517 2734 668 2788 Paul.
703 2747 884 2800 cxnvt,
970 2732 1062 2797 10,
1117 2732 1344 2788 Η.-ι
1393 2730 1515 2787 Νοιι
1579 2732 1638 2787 in
1700 2729 2026 2790 fortitudine

2218 2752 2236 2788 ι
2278 2733 2392 2788 Οὐκ
2419 2733 2479 2788 ἐν
2506 2735 2573 2805 τῇ
2607 2732 2901 2805 δυναστείᾳ
2937 2733 3036 2788 τοῦ
3075 2733 3245 2788 ἵππου
3283 2732 3482 2798 θέλεις,
3515 2732 3641 2788 οὐδὲ
3675 2734 3742 2787 ἐν

348 2863 351 2866 -
445 2825 575 2895 equi
608 2824 952 2880 voluntatem
985 2824 1177 2892 habes,
1217 2838 1321 2880 nec
1357 2824 1416 2879 in
1443 2822 1600 2881 tibiis
1640 2823 1742 2879 viri
1771 2823 1927 2893 benel

2159 2829 2265 2892 ταῖς
2305 2827 2548 2898 κνήμαις
2585 2825 2684 2880 τοῦ
2729 2825 2926 2901 ἀνδρὸς
2963 2826 3225 2893 εὐδοκεῖς,
3263 2846 3282 2879 ι
3319 2827 3415 2881 καὶ
3443 2826 3514 2880 τὰ
3541 2825 3738 2901 λοιπά.

447 2918 621 2972 citum
655 2923 744 2971 est
774 2915 893 2972 tibi.
930 2934 949 2968 ι
981 2923 1094 2972 etc.

518 3008 680 3064 Prov.
707 3023 772 3075 ιι,
809 2956 1020 3063 δί’-ἱ
1058 2956 1333 3066 Dominus
1366 3007 1530 3069 dabit,
1571 2987 1950 3078 sapientiam;
1983 3012 2041 3064 et

2219 3030 2240 3064 ι
2272 3009 2479 3082 Κύριος
2507 3009 2672 3065 δώσει
2723 3008 2945 3081 σοφίαν,
3004 3009 3102 3065 καὶ
3152 3010 3274 3066 ὁδὸν
3313 3008 3743 3081 εὐλαϐουμένων

445 3101 594 3156 viam
625 3100 938 3156 timentium
966 3115 1025 3157 se
1057 3100 1359 3157 custodiet.
1399 3119 1420 3156 ι

1138 3100 1359 3157 stodiet.
1399 3119 1420 3156 ι
2141 3104 2305 3159 αὐτὸν
2329 3102 2664 3173 διαφυλάξει.
2698 3122 2717 3156 ι

514 3191 679 3247 Prov.
712 3208 828 3255 ιιν,
866 3190 959 3246 27.
1005 3220 1079 3235 --
1119 3212 1137 3244 ι
1189 3189 1384 3249 Timor
1440 3192 1660 3250 Domini
1711 3191 1840 3251 fons
1887 3192 2093 3278 vitae

2218 3216 2238 3250 ι
2285 3197 2452 3261 Φόϐος
2492 3195 2698 3268 Κυρίου
2738 3196 2894 3269 πηγὴ
2933 3195 3119 3272 ζιεῇις·
3166 3195 3316 3251 ποιεῖ
3355 3195 3416 3253 δὲ
3456 3193 3741 3252 ἐκκλίνειν

443 3292 500 3340 et
529 3284 662 3339 facit
691 3291 753 3338 ut
787 3283 1039 3341 declines
1071 3299 1102 3340 a
1131 3284 1299 3340 ruina
1328 3285 1550 3344 mortis.
1586 3305 1606 3339 ι

1234 3299 1299 3340 na
1328 3285 1550 3344 mortis.
1586 3305 1606 3339 ι
2139 3291 2206 3344 ἐκ
2242 3290 2470 3358 παγίδος
2498 3288 2754 3343 θανάτου.
2791 3307 2813 3342 ι

521 3377 680 3434 Prov.
710 3393 830 3445 vni,
876 3378 968 3433 i5.
998 3407 1071 3420 —-
1117 3395 1138 3430 ι
1177 3379 1374 3434 Timor
1425 3378 1646 3436 Domini
1703 3378 1823 3436 odit
1873 3377 2040 3451 mali—

1609 3379 1646 3434 ti
1703 3378 1823 3436 odit
1873 3377 2040 3451 malis-
2221 3403 2244 3437 ι.
2275 3384 2447 3448 Φόϐος
2474 3383 2684 3454 Κυρίου
2728 3383 2882 3454 μισεῖ
2908 3381 3132 3437 κακίαν.
3170 3400 3188 3434 ι

447 3473 606 3527 tiam.
648 3490 668 3524 ι
3087 3521 3103 3533 ί

517 3561 681 3618 Prov.
723 3580 780 3627 ιι,
815 3565 907 3618 27.
937 3595 1009 3605 -
1041 3583 1062 3616 ι
1100 3563 1297 3621 Timor
1328 3564 1555 3624 Domini
1604 3574 1849 3638 apponet
1895 3564 2037 3624 dies.

2219 3586 2239 3619 ι
2274 3567 2444 3630 Φόϐος
2470 3564 2681 3636 Κυρίου
2734 3562 3097 3638 προστίθησιν
3141 3563 3383 3635 ἡμέρας.
3433 3557 3749 3630 Ὀχύρωμα

445 3655 784 3712 Praesidium
818 3657 1039 3726 piorum
1071 3657 1242 3713 timor
1269 3657 1514 3714 Domini.
1555 3677 1574 3712 ι

1272 3657 1514 3714 Domini.
1555 3677 1574 3712 ι
2141 3662 2330 3722 ὁσίων,
2363 3659 2534 3728 φόϐος⁵
2563 3659 2793 3729 Κυρίου.
2831 3675 2851 3711 ι

517 3747 683 3817 305
726 3747 890 3802 Prov.
925 3766 1018 3813 xv,
1053 3749 1147 3805 27.
1174 3779 1246 3790 --
1285 3769 1306 3803 ι
1353 3751 1455 3806 Per
1511 3751 1768 3808 timorem
1822 3749 2041 3810 Domini

1934 3750 2041 3810 nini
2220 3752 2404 3823 «Φόϐῳ
2439 3752 2658 3825 Κυρίου.
2680 3751 2921 3807 ἐκκλίνει
2955 3751 3065 3815 πᾶς
3098 3748 3208 3805 ἀπὸ
3234 3745 3446 3810 κακῶν.
3493 3763 3513 3800 ι

449 3836 695 3892 declinat
724 3838 911 3896 omnis
944 3854 977 3895 a
1009 3841 1197 3896 malis.
1235 3840 1451 3898 Tuetur
1480 3840 1748 3898 Dominus
1777 3842 2028 3900 timentes

2225 3844 2624 3918 ’Υπερασπίζει
2658 3843 2866 3916 Κύριος
2893 3842 3003 3898 τῶν
3039 3839 3458 3911 εὐλαϐουμένων
3486 3835 3674 3893 αὐτόν.
3709 3852 3733 3886 ι

451 3942 532 3983 se.
569 3946 591 3979 ›

525 4019 692 4075 Prov.
733 4036 818 4085 ιιι,
848 4021 902 4074 7.
934 4051 1006 4063 —-
1037 4040 1058 4074 ι
1084 4023 1244 4079 Time
1297 4023 1619 4089 Dominum,
1653 4034 1710 4082 et
1741 4027 1942 4084 recede
1971 4027 2042 4084 ab

2219 4045 2237 4079 ι
2279 4025 2451 4080 Φοϐοῦ
2483 4025 2574 4080 τὸν
2618 4024 2773 4089 Θεὸν,
2817 4023 2912 4077 καὶ
2943 4021 3192 4078 ἔκκλινον
3232 4019 3348 4076 ἀπὸ.
3383 4017 3588 4080 παντὸς
3633 4029 3747 4070 κα-

451 4110 602 4164 omni
631 4110 800 4166 malo.
833 4109 993 4168 Tunc
1029 4113 1246 4170 sanitas
1273 4116 1382 4171 erit
1411 4116 1694 4173 umbiculo
1723 4125 1842 4186 tuo,
1877 4125 1934 4175 et
1961 4119 2030 4174 ir-

2154 4118 2241 4174 ιιοῦ
2262 4135 2276 4150 ο
2303 4119 2428 4174 τότε
2465 4119 2610 4183 ἴασις
2635 4119 2790 4173 ἔσται
2818 4116 2897 4188 τῷ
2931 4115 3146 4187 σώματί
3177 4131 3297 4181 σου,
3329 4113 3426 4168 καὶ
3442 4111 3733 4182 ἐπιμέλεια

451 4201 650 4272 rigatio
674 4201 899 4259 ossibus
923 4203 1056 4260 tuis.
1102 4223 1124 4258 ι

2141 4215 2254 4277 τοῖς
2281 4213 2492 4277 ὀστέοις
2518 4229 2634 4268 σου.
2683 4230 2703 4264 ι

521 4291 681 4348 Prov.
717 4310 832 4362 xw,
884 4295 977 4350 26.
1013 4325 1087 4342 --
1117 4316 1138 4350 ι
1183 4297 1241 4354 In
1293 4300 1496 4358 timore
1551 4301 1776 4359 Domini
1838 4301 2030 4358 ﬁducia

451 4384 824 4440 fortitudinis.
867 4407 888 4440 ι

1727 4302 1776 4359 [ιὶ
1838 4301 2041 4358 ﬁducia
2219 4324 2240 4358 ι
2298 4304 2389 4360 Ἐν
2417 4305 2572 4377 φόϐῳ
2602 4304 2811 4378 Κυρίου
2841 4301 3003 4365 ἐλπὶς
3033 4299 3240 4371 ἰσχύος.
3286 4316 3306 4350 ι

475 4385 824 4444 Ortitudinis.
867 4407 888 4440 ι

513 4477 690 4533 Eccle.
726 4494 825 4546 xu,
869 4481 960 4537 l5.
995 4512 1064 4525 -—
1099 4501 1118 4534 ι
1160 4481 1352 4540 Finem
1400 4485 1688 4556 loquendi,
1721 4495 1897 4546 totum
1935 4504 2039 4546 au-

2223 4505 2243 4542 (
2284 4483 2450 4547 Τέλος
2497 4482 2685 4551 λόγου,
2719 4481 2783 4534 τὸ
2835 4481 2944 4534 πᾶν
2986 4472 3153 4534 ᾶκοῦε
3173 4490 3186 4506 ⁸
3217 4474 3310 4531 τὸν
3358 4472 3492 4534 Θεὸν
3537 4468 3731 4541 φοϐοῦ,

450 4567 504 4624 di
537 4587 550 4623 :
593 4569 758 4626 Deum
795 4573 946 4638 time.
974 4584 1029 4636 et.
1059 4576 1318 4634 mandata
1351 4577 1476 4648 ejus
1507 4580 1765 4638 observa.
1799 4600 1818 4633 ι

1610 4595 1765 4638 erva.
1799 4600 1818 4633 ι
2072 4558 2118 4618 D
2147 4579 2243 4635 καὶ
2267 4578 2365 4641 τὰς
2403 4575 2622 4637 ἐντολὰς
2654 4571 2821 4626 αὑτοῦ
2857 4572 3123 4641 φύλασσε.
3170 4587 3189 4622 ι

523 4661 759 4720 Malach.
794 4681 869 4732 ιν,
907 4667 961 4722 2.
990 4697 1061 4712 —-—
1095 4687 1113 4722 ι
1145 4669 1370 4727 Orietur
1401 4673 1560 4730 vobis
1589 4675 1919 4735 timentibus
1941 4691 2041 4732 no-

2218 4690 2238 4723 ι
2297 4667 2570 4724 Ἀνατελεῖ
2597 4667 2729 4735 ἡμῖν
2770 4666 2884 4727 τοῖς
2913 4660 3271 4732 φοϐουμένοις
3307 4657 3370 4710 τὸ
3397 4653 3576 4726 ὄνομά
3628 4669 3733 4722 μου

452 4767 578 4808 men
637 4771 822 4816 meum
873 4758 958 4814 sol
1013 4758 1294 4846 justitiae;
1349 4772 1406 4819 et
1457 4764 1670 4822 sanitas
1723 4765 1782 4821 in
1841 4767 2031 4839 pennis

2154 4765 2295 4836 ίιλιος
2359 4758 2747 4830 δικαιοσύνης,
2807 4757 2904 4810 καὶ
2958 4755 3020 4809 ἐν
3072 4754 3186 4816 τοῖς
3243 4747 3508 4821 πτέρυξιν
3564 4743 3733 4800 αὐτοῦ

451 4846 593 4916 ejus.
634 4865 653 4898 ι
2144 4855 2310 4918 ἴασις.
2354 4871 2374 4904 ι

519 4934 729 4991 Habac.
762 4951 828 5002 ιι,
856 4935 949 4992 20.
988 4968 1052 4979 —
1080 4956 1099 4989 ι
1141 4937 1411 5000 Dominus
1465 4941 1520 5000 in
1580 4945 1786 5018 templo
1843 4955 2040 5004 sancto

2219 4965 2240 4999 ι
2287 4943 2494 5014 Κύριος
2543 4944 2602 4996 ὲν
2649 4940 2764 5011 ναῷ
2796 4939 2939 5011 ἁγίῳ
2990 4937 3182 5002 αὐτοῦ,
3235 4933 3578 4990 εὐλαϐείσθω
3624 4933 3734 4986 ἀπὸ

451 5039 557 5080 suo
597 5043 611 5078 :
645 5027 840 5083 timeat
875 5027 1070 5084 afacie
1091 5031 1215 5100 ejus
1245 5037 1429 5094 omnis
1466 5041 1636 5091 terra.
1678 5055 1699 5090 ι

2144 5038 2441 5111 προσώπου
2461 5023 2638 5090 ἀὐτοῦ
2674 5035 2827 5088 πᾶσα
2855 5033 2888 5103 ἡ
2918 5030 3013 5102 γῆ.
3063 5049 3083 5082 ι
3599 5065 3602 5076 .

526 5114 698 5171 Eccli.
742 5132 784 5184 ι,
811 5117 902 5184 17,
929 5119 1024 5186 12,
1053 5120 1142 5189 19,
1175 5123 1270 5190 20,
1297 5124 1393 5190 21,
1422 5124 1514 5194 54,
1550 5126 1644 5194 56.
1685 5158 1757 5169 -—-
1799 5149 1818 5182 ι
1852 5129 2042 5188 Timor
2220 5151 2240 5185 ι
2287 5131 2454 5196 Φόϐος
2479 5128 2709 5201 Κυρίου,
2740 5127 2870 5194 δόξα
2896 5122 3300 5208 καὶθκαύχημα.
3319 5120 3490 5188 Φόϐος
3523 5117 3734 5188 Κυρίου

458 5209 677 5264 Domini
707 5211 887 5282 gloria
915 5221 971 5268 et
1006 5213 1292 5284 gloriatio.
1324 5217 1517 5276 Timor
1540 5219 1761 5283 Domini
1797 5222 2037 5282 delecta-

2152 5223 2337 5298 τέρψει
2372 5221 2624 5293 καρδίαν,
2653 5220 2750 5273 καὶ
2796 5216 2959 5276 δώσει
3010 5213 3371 5286 εὐφροσύνην,
3402 5210 3498 5266 καὶ
3531 5208 3731 5298 χαρὰν,

457 5302 537 5356 bit
559 5316 678 5367 cor,
705 5311 763 5358 et
802 5303 958 5361 dabit
995 5307 1245 5363 laetitiam
1273 5317 1329 5366 et
1353 5310 1621 5382 gaudium
1649 5315 1708 5369 in
1733 5315 2036 5387 longitudi-

2152 5294 2771 5388 καὶμακροημέρευσιν.
2803 5310 2893 5380 Τῷ
2922 5307 3246 5379 φοϐουμένῳ
3288 5304 3381 5359 τὸν
3423 5302 3628 5371 Κύριον
3672 5294 3731 5354 εὖ

455 5409 580 5449 nem
611 5394 850 5452 dierum.
900 5396 1140 5455 Timenti
1181 5400 1479 5458 Dominum
1526 5405 1668 5460 bene
1707 5408 1836 5473 erit,
1887 5416 1944 5464 et
1986 5410 2034 5471 in

2150 5412 2301 5469 ἔσται
2329 5409 2414 5462 ἐπ’
2442 5409 2712 5479 ἐσχάτων.
2749 5402 2918 5476 Ἀρχὴ
2954 5401 3170 5472 σοφίας,
3203 5395 3600 5468 φοϐεῖσθαι-εον
3615 5391 3729 5448 Κύ-

454 5485 648 5542 diebus
679 5492 1185 5549 consummationis
1237 5495 1391 5552 illius
1433 5497 1812 5554 benedicetur.
1858 5498 2033 5556 Pleni-

2152 5519 2282 5576 ριον,
2304 5499 2569 5568 στέφανος
2601 5495 2815 5566 σοφίας,
2845 5493 3008 5564 φόϐος
3041 5489 3269 5562 Κυρίου.
3319 5484 3474 5550 Ῥίζα
3515 5484 3731 5553 σοφίας,

454 5577 590 5634 tudo
639 5581 926 5651 sapientiae
981 5597 1066 5640 est
1121 5587 1316 5644 timere
1364 5587 1558 5646 Deum.
1591 5589 1768 5648 Radix
1823 5595 2033 5662 sapien-

2150 5590 2433 5664 φοϐεῖσθαι
2454 5589 2546 5642 τὸν
2563 5587 2792 5660 Κύριον,
2810 5586 2904 5640 καὶ
2923 5586 2973 5638 οί
3004 5583 3190 5638 κλάδοι
3211 5578 3384 5649 αὐτῆς
3410 5593 3628 5650 μακροη
3637 5576 3729 5646 μὲ-

455 5669 549 5723 tize
607 5679 694 5726 est
743 5673 945 5732 timere
1001 5675 1177 5734 Deum
1220 5687 1326 5736 :et
1377 5679 1519 5736 rami
1571 5681 1692 5751 ejus
1751 5682 2034 5753 longitudo

2147 5699 2350 5755 ρευσις.
2365 5678 2536 5744 Σοφία
2548 5681 2641 5733 καὶ
2653 5677 2886 5742 παιδεία,
2901 5677 3065 5747 φόϐος
3079 5675 3304 5745 Κυρίου.
3319 5673 3411 5740 Μὴ
3422 5669 3725 5740 ἀπειθήσεις

455 5759 695 5821 dierum.
735 5767 1020 5839 Sapientia
1060 5779 1115 5826 et
1149 5772 1440 5844 disciplina
1484 5776 1650 5830 timor
1686 5774 1926 5830 Domini.
1957 5775 2034 5832 Ne

2145 5775 2297 5847 φόϐῳ
2318 5772 2548 5846 Κυρίου,
2575 5772 2670 5825 καὶ
2696 5771 2770 5841 μὴ
2791 5768 3098 5842 προσέλθῃς
3124 5765 3273 5837 αὐτῷ
3297 5763 3496 5836 καρδίᾳ
3510 5762 3721 5833 δισσῇ.ι

455 5849 537 5911 sis
557 5853 901 5918 incredibilis
931 5861 1123 5918 timori
1166 5863 1408 5924 Domini.
1440 5874 1493 5922 et
1525 5882 1594 5923 ne
1621 5865 1929 5923 accesseris
1963 5867 2034 5925 ad
2073 5883 2201 5925 eum
2227 5864 2433 5924 dunlici
2459 5860 2644 5919 corde.
2687 5880 2705 5912 ι
3147 5871 3152 5874 ’

3379 6093 3416 6119 κ
