3998 6426
348 397 368 462 1
387 400 486 463 ζι89

1615 389 1847 449 SACRA
1889 384 2352 448 PARALLELA.

3479 375 3616 442 1090

416 536 438 573 ι
481 515 708 587 Πνεῦμα
757 515 1111 586 φοϐουμένων
1163 507 1370 582 Κύριον
1421 508 1682 578 ζήσεται⁶
1733 504 1769 573 ὴ
1807 505 1903 575 τὰς

2100 498 2276 554 Eorii.
2327 512 2516 564 xxxiv,
2571 497 2664 560 M,
2714 494 2803 551 l9.
2843 513 2959 548 -ι
3006 492 3252 566 Spiritus
3299 492 3614 548 timentium

336 613 494 675 ἐλπὶς
537 608 719 666 αὐτῶν
764 609 858 662 ἐπὶ
904 607 994 661 τὸν
1027 604 1272 669 σώζοντα
1326 601 1546 665 αὐτούς.
1618 597 1918 668 Ὀφθαλμοὶ

335 703 548 774 Κυρίου
585 701 678 754 ἐπὶ
724 699 854 762 τοὺς
897 697 1233 767 ἀγαπῶντας
1275 694 1469 750 αὐτόν’
1503 691 1773 764 ὀφθαλμοὶ
1801 691 1921 745 Κυ-

337 794 455 866 ρίου
480 793 572 848 ἐπὶ
600 791 728 856 τοὺς
750 789 1121 862 φοϐουμένους
1146 787 1333 843 αὐτόν.
1381 805 1401 841 ι

412 901 433 936 ι
480 881 545 937 Ol
594 881 922 952 φοϐούμενοι
972 878 1214 951 Κύριον,
1275 878 1609 950 ἀναμείνατε
1657 877 1721 930 τὸ
1769 875 1916 940 ἕλεος

331 973 523 1042 αὐτοῦ,
560 973 656 1028 καὶ
688 972 765 1046 μὴ
791 972 1098 1037 ὲκκλίνατε,
1130 971 1216 1026 ἵνα
1245 971 1320 1044 μὴ
1353 970 1580 1041 πέσητε.
1622 969 1687 1021 Οἱ
1719 965 1919 1038 φοϐού-

336 1083 491 1137 μενοι
559 1065 766 1137 Κύριον
817 1065 920 1119 οὐκ
987 1063 1349 1136 ἀπειθήσουσι
1412 1062 1678 1136 ῥημάτων
1725 1055 1914 1115 αὐτοῦ·

331 1159 429 1212 καὶ
471 1160 520 1211 ot
572 1155 898 1226 ἀγαπῶντες
950 1156 1150 1225 αὐτὸν,
1195 1154 1575 1210 συντελέσωσι
1619 1153 1719 1218 τάς
1763 1151 1918 1216 ὁδοὺς

329 1248 520 1304 αὑτοῦ.
568 1268 589 1302 ι

407 1362 424 1395 ι
472 1341 563 1413 Τῷ
585 1341 752 1410 φοϐου
761 1338 906 1410 μένῳ
930 1338 1022 1394 τὸν
1041 1339 1248 1410 Κύριον
1267 1338 1368 1392 οὐκ
1395 1337 1700 1407 ἀπαντήσει
1722 1333 1914 1398 κακδν,

328 1434 446 1488 ἀλλ’
474 1436 534 1488 ὲν
567 1432 860 1504 πειρασμῷ
893 1431 988 1485 καὶ
1017 1431 1166 1505 πάλῃ
1196 1430 1482 1498 ὲξελεϊται.
1508 1430 1785 1500 Χρήματα
1819 1427 1916 1482 καὶ

299 1523 359 1591 ’ἡ
391 1521 545 1590 ἰσχὺς
580 1518 846 1590 ἀνυψοῦσι
881 1519 1132 1591 καρδίαν,
1172 1519 1268 1572 καὶ
1315 1519 1457 1588 ὑπὲρ
1483 1519 1773 1590 ἀμφότερα
1815 1517 1913 1589 φό-

326 1613 420 1674 ϐος
454 1612 682 1684 Κυρίου.
733 1631 752 1663 ι

402 1720 421 1754 ι
479 1703 537 1758 '0
572 1701 910 1774 φοϐούμενος
936 1701 1141 1776 Κύριον
1183 1700 1396 1755 εὐθύνει
1428 1701 1616 1770 φίλους
1653 1698 1840 1754 αὐτοῦ.
1888 1716 1907 1751 ι

399 1899 418 1932 ι
479 1881 568 1936 Ἐν
598 1880 749 1952 φόϐῳ
777 1879 987 1951 Κυρίου
1019 1879 1164 1933 ἔστω
1200 1877 1260 1932 τὺ
1297 1875 1565 1949 καύχημά
1609 1891 1725 1931 σου.
1775 1894 1794 1927 ι

401 2079 419 2111 ι
463 2058 693 2128 Σπέρμα
723 2058 944 2128 ἔντιμον
990 2058 1179 2123 ποϊον;
1212 2058 1274 2110 Oi
1307 2054 1636 2127 φοϐούμενοι
1667 2053 1760 2106 τὸν
1794 2051 1909 2107 Κύ-

327 2169 460 2222 ριον.
493 2151 755 2214 Πλούσιος
797 2153 892 2205 καὶ
934 2151 1166 2219 ἔνδοξος,
1196 2151 1290 2205 καὶ
1331 2150 1522 2222 πένης,
1553 2149 1615 2203 τὸ
1642 2148 1907 2220 καύχημα

321 2244 523 2309 αὐτῶν,
561 2244 724 2312 φόϐος
753 2243 983 2316 Κυρίου.
1035 2261 1053 2295 ι

399 2353 420 2387 ι
465 2337 530 2391 Οί
574 2336 900 2405 φοϐούμενοι
942 2336 1170 2408 Κύριον,
1206 2336 1535 2390 πιστεύσατε
1581 2334 1756 2406 αὐτῷ,
1807 2334 1906 2388 καὶ

319 2427 381 2479 ού
420 2427 496 2499 μὴ
537 2428 682 2500 πέσῃ
714 2428 742 2480 ὁ
777 2428 970 2498 μισθὸς
998 2429 1175 2500 ὑμῶν.
1209 2429 1274 2482 Οἱ
1305 2428 1633 2499 φοϐούμενοι
1677 2427 1905 2498 Κύριον,

319 2519 579 2573 ἐλπίσατε
618 2521 699 2582 είς
727 2518 930 2588 ἀγαθὰ,
959 2521 1053 2573 καὶ
1075 2521 1157 2585 είς
1180 2520 1522 2592 εὐφροσύνην
1560 2517 1781 2574 αίώνιον
1811 2517 1908 2572 καὶ

316 2608 488 2672 ἔλεος.
538 2627 557 2661 t

395 2720 415 2753 ι
459 2702 740 2771 Μεγιστὰν
761 2702 859 2756 καὶ
889 2701 1107 2773 κριτὴς,
1132 2702 1227 2755 καὶ
1263 2699 1535 2771 δυνάστης
1561 2697 1903 2768 δοξασθήσε-

315 2808 429 2859 ται,
464 2794 557 2846 καὶ
589 2794 692 2848 οὐκ
718 2793 863 2848 ἔστιν
887 2794 1068 2848 αὐτῶν
1099 2809 1184 2856 τις
1220 2791 1420 2865 μείζων
1443 2791 1539 2846 τοῦ
1567 2789 1904 2861 φοϐουμένου

316 2885 410 2939 τὸν
443 2886 672 2958 Κύριον.
721 2904 742 2939 ι

395 2996 414 3031 ι
460 2977 621 3031 Πᾶσα
646 2975 809 3046 σοφία
835 2974 997 3046 φόϐος
1021 2973 1252 3047 Κυρίου.
1274 2972 1442 3028 Οὐδὲν
1463 2971 1711 3044 κρεῖττον
1737 2969 1904 3040 φόϐου

313 3068 548 3141 Κυρίου,
582 3068 680 3122 καὶ
719 3067 874 3122 οὐδέν
899 3065 1235 3138 γλυκύτερον
1287 3062 1383 3119 τοῦ
1421 3063 1716 3137 προσέχειν
1755 3063 1906 3116 ὲντο-

311 3163 437 3226 λαϊς
459 3161 692 3234 Κυρίου.
740 3177 760 3212 ι

389 3365 408 3395 ι
464 3343 525 3396 '0
559 3341 898 3412 φοϐούμενος
949 3339 1182 3410 Κύριον,
1228 3336 1386 3390 οὐδὲν
1435 3333 1900 3406 εὐλαϐηθήσεται.

303 3436 652 3506 Φοϐουμένου
697 3432 923 3506 Κύριον,
962 3430 1211 3502 μακαρία
1240 3431 1274 3501 ἡ
1303 3429 1472 3500 ψυχή.
1520 3445 1540 3478 ι

387 3545 409 3582 ι
466 3528 528 3583 '0
563 3526 898 3597 φοϐούμενος
925 3522 1153 3595 Κύριον,
1185 3520 1464 3588 ἐκδέξεται
1489 3517 1762 3572 παιδείαν.
1804 3536 1825 3570 ι
1853 3549 1860 3553 -

387 3725 406 3756 ς
453 3707 517 3758 Οἱ
546 3704 872 3776 φοϐούμενοι
908 3701 1138 3772 Κύριον,
1172 3701 1464 3772 εὑρήσουσι
1494 3701 1670 3772 κρῖμα
1697 3699 1794 3754 καὶ
1817 3699 1902 3754 δι·-

307 3796 626 3868 καιώματα,
668 3797 765 3850 καὶ
793 3795 869 3860 ὡς
902 3794 1018 3865 φῶς
1047 3792 1438 3864 ἐκλάμψουσιν.
1485 3810 1505 3843 ι

386 3994 404 4026 ι
455 3975 570 4028 Οὐκ
625 3974 772 4026 ἔστιν
821 3973 880 4026 ὲν
928 3969 1079 4043 φόϐῳ
1130 3970 1340 4042 Κυρίου
1382 3970 1699 4035 ἐλάττωσις,
1733 3971 1897 4040 φόϐος

310 4066 541 4138 Κυρίου,
567 4065 643 4129 ὡς
682 4064 1011 4134 παράδεισος
1045 4063 1324 4132 εὐλογίας.
1375 4081 1394 4115 ι

384 4281 403 4313 ι
447 4261 541 4331 Μὴ
579 4259 836 4330 φοϐεῖσθε
865 4258 974 4312 est
992 4257 1115 4312 ’τῶν
1147 4257 1581 4313 ἀποκτεινόντων
1608 4257 1669 4311 τὸ
1709 4256 1893 4328 σῶμα,

303 4355 407 4424 τὴν
438 4354 496 4407 δὲ
525 4353 705 4425 ψυχὴν
738 4351 812 4424 μὴ
845 4351 1162 4422 δυναμένων
1208 4351 1531 4406 ἀποκτεῖναι
1551 4368 1565 4380 ·
1613 4350 1894 4422 φοϐήθητε

237 4487 240 4490 .
295 4444 362 4497 δὲ
397 4431 597 4514 μᾶλλον
628 4444 720 4497 τὸν
742 4443 1042 4513 δυνάμενον
1071 4442 1168 4495 καὶ
1215 4441 1397 4513 ψυχὴν
1425 4442 1522 4496 καὶ
1552 4440 1710 4512 σῶμα
1751 4444 1892 4496 ἀπο-

297 4536 459 4590 -λέσαι
489 4539 548 4590 ὲν
573 4537 793 4607 γεέννῃ.
835 4555 860 4588 -ι

381 4647 400 4680 ι
447 4627 647 4692 Καθὼς
705 4629 958 4700 ήγάπησέ
1008 4645 1076 4698 με
1127 4628 1156 4680 δ
1187 4626 1401 4698 Πατὴρ,
1433 4625 1591 4694 κάγὼ
1625 4625 1890 4696 ἠγάπησα

304 4721 475 4790 ὑμᾶς.
510 4721 751 4774 Μείνατε
781 4721 839 4773 ὲν
864 4723 930 4791 τῇ
967 4721 1158 4791 ἀγάπῃ
1189 4722 1254 4791 τῇ
1286 4721 1414 4790 ἐμῇ,
1459 4719 1584 4771 Ἐὰν
1611 4719 1712 4781 τὰς
1743 4719 1892 4770 ἐντο-

285 4812 403 4876 ’λάς
431 4829 532 4882 μου
563 4812 867 4883 τηρήσητε,
908 4813 1120 4880 μενεῖτε
1149 4813 1207 4863 έν
1241 4813 1307 4881 τῇ
1340 4810 1528 4881 ἀγάπῃ
1561 4826 1684 4878 μου,
1710 4808 1894 4872 καθὼς

301 4905 416 4973 ἐγὼ
437 4905 536 4969 τὰς
561 4904 781 4967 ἐντολὰς
806 4903 902 4958 τοῦ
934 4903 1147 4974 Πατρός
1175 4920 1277 4973 μου
1299 4905 1597 4975 τετήρηκα,
1623 4903 1718 4956 καὶ
1748 4901 1894 4974 μένω

302 4993 473 5050 αὐτοῦ
503 4999 561 5051 ὲν
590 5000 655 5068 τῇ
688 4997 899 5070 ἀγάπῃ.
949 5016 966 5048 ι

385 5082 424 5140 ι’
461 5087 705 5154 ’Λνοίξας
741 5087 949 5158 Πέτρος
979 5089 1040 5142 τὸ
1072 5088 1246 5158 στόμα
1277 5083 1432 5141 εἶπεν
1452 5103 1466 5118 '
1507 5086 1632 5139 Ἐπὶ
1663 5083 1894 5156 ἀληθεία

289 5177 825 5247 καταλαμϐάνομαι,
884 5179 968 5231 ὃτι
1023 5178 1126 5231 οὐκ
1178 5177 1294 5231 ἔστι
1345 5175 1822 5247 προσωπολήπτης
1863 5175 1894 5227 ὁ

302 5267 464 5333 θεὸς,
497 5267 632 5322 ἀλλὰ
663 5269 721 5321 ὲν
769 5270 932 5322 παντὶ
977 5268 1120 5322 ἔθνει
1155 5271 1184 5323 ὁ
1214 5268 1550 5339 φοϐούμενος
1582 5267 1761 5328 αὐτὸν,
1799 5267 1894 5319 καλ.

303 5358 674 5430 ἐργαζόμενος
711 5360 1077 5431 δικαιοσύνην,
1109 5360 1297 5424 δεκτὸς
1327 5359 1480 5431 αὐτῷ
1513 5361 1680 5413 ἐστιν.
1729 5378 1749 5410 ι

384 5471 404 5504 ι
453 5452 692 5523 οἴδαμεν
718 5455 800 5506 ὅτι
831 5456 944 5518 τοῖς
971 5455 1226 5523 ἀγαπῶσι
1254 5454 1347 5508 τὸν
1371 5452 1510 5506 Θεὸν
1557 5451 1734 5506 πάντα
1765 5468 1894 5503 συν·

305 5546 466 5615 εργεῖ
495 5544 574 5608 είς
605 5544 831 5612 ἀγαθόν.
880 5565 900 5599 ι

389 5655 408 5688 ε
457 5635 523 5688 Εἴ
567 5653 652 5700 τις
709 5637 902 5708 ἀγαπᾷ
949 5638 1041 5692 τὸν
1087 5637 1240 5704 Θεὸν,
1289 5631 1444 5701 οὗτος
1493 5638 1762 5708 ἔγνωσται
1800 5638 1891 5690 ὑπ’

304 5727 502 5783 αὑτοῦ.
554 5750 572 5782 ι

381 5823 548 5886 Φόϐος
579 5821 804 5895 Κυρίου,
839 5822 1136 5895 καθάρσιον
1167 5823 1368 5895 ψυχῆς,
1413 5825 1552 5878 κατὰ
1583 5826 1680 5898 τὴν
1727 5825 1890 5897 εὐχὴν

2015 589 2195 646 Deum
2246 587 2396 643 vivet
2445 607 2458 641 :
2513 601 2640 658 spes
2695 586 2844 640 enim
2896 585 3122 641 illorum
3168 584 3224 642 in
3259 584 3522 648 salutem,
3561 589 3616 636 et

2021 681 2172 738 oculi
2203 679 2296 736 Dei
2328 683 2384 735 in
2409 678 2706 750 diligentes
2737 692 2818 734 se.
2845 677 3004 734 Oculi
3046 677 3266 733 Domini
3295 690 3464 749 super
3497 688 3613 731 me-

2019 779 2248 828 tuentes
2268 786 2415 826 eum.
2454 787 2473 821 ι

2094 862 2266 918 Ecclt'.
2301 879 2364 926 ιι,
2395 861 2453 927 7,
2495 860 2586 915 18.
2617 888 2681 900 -
2708 876 2727 910 ‹
2766 857 3072 914 Metuentes
3105 855 3612 924 Dominum,susti-

2021 964 2150 1013 nete
2208 953 2653 1011 misericordiam
2708 951 2852 1021 ejus,
2896 961 2952 1005 et
3005 964 3119 1003 non
3174 948 3506 1016 deﬂectatis,
3542 964 3612 1005 ne

2008 1030 2258 1104 "cedatis.
2288 1047 2393 1113 Qui
2426 1047 2629 1101 timent
2664 1044 2986 1107 Dominum,
3021 1055 3136 1096 non
3165 1049 3332 1096 erunt
3368 1042 3610 1098 incredi-

2021 1140 2164 1196 biles
2191 1140 2379 1195 verbis
2405 1138 2589 1205 illius;
2625 1144 2680 1192 et
2708 1134 2805 1206 qui
2836 1133 3077 1204 diligunt
3103 1133 3284 1200 illum,
3320 1148 3610 1188 conserva-

2019 1234 2161 1290 bunt
2185 1234 2299 1289 vias
2327 1233 2501 1288 illius.
2533 1251 2553 1285 ι

2093 1325 2256 1382 Eccli.
2290 1342 2481 1393 ιιιιιιιιι,
2514 1326 2567 1380 1.
2593 1353 2664 1367 -—-
2691 1340 2712 1375 ι
2757 1320 2995 1378 Timenti
3025 1319 3324 1376 Dominum
3358 1335 3470 1375 non
3511 1334 3607 1374 oc-

2015 1426 2242 1475 current
2285 1419 2451 1478 mala.
2489 1415 2586 1474 sed
2621 1417 2677 1470 in
2711 1413 3017 1470 tentatione
3060 1420 3116 1467 et
3151 1413 3301 1467 lucta
3343 1412 3608 1467 liberabit

1997 1525 2163 1566 “eum.
2190 1510 2507 1564 Facultates
2535 1514 2590 1563 et
2622 1507 2802 1561 virtus
2840 1505 3092 1562 exaltant
3127 1517 3227 1560 cor
3257 1502 3408 1579 :sed
3439 1517 3608 1573 super

2015 1602 2130 1657 haec
2154 1602 2325 1656 timor
2361 1600 2600 1656 Domini.
2633 1617 2653 1651 ι

2087 1691 2258 1748 Εεείί.
2303 1709 2396 1762 ιιι,
2445 1692 2536 1748 26.
2583 1722 2654 1733 -
2698 1710 2718 1744 ι
2753 1690 2858 1759 Qui
2907 1690 3064 1744 timet
3110 1688 3425 1754 Dominum,
3463 1687 3606 1744 diri-

2016 1787 2096 1858 git
2124 1787 2337 1842 amicos
2367 1801 2521 1841 suos.
2557 1803 2575 1836 ι

1945 1875 1987 1931 Β
2085 1878 2364 1942 Eccti.1x,
2393 1877 2484 1930 22.
2523 1898 2594 1918 -ι-
2630 1894 2649 1929 ι
2679 1875 2739 1931 1η
2775 1876 2978 1933 timore
3023 1872 3246 1930 Domini
3289 1871 3363 1929 sit
3400 1870 3606 1942 gloria-

2012 1971 2088 2026 tio
2122 1977 2240 2024 tua.
2287 1988 2305 2022 ι

2082 2060 2255 2114 Eccli.
2289 2076 2343 2123 ιι,
2371 2059 2466 2126 25,
2500 2059 2592 2115 25.
2628 2090 2695 2100 -
2726 2080 2744 2112 ι
2787 2060 2989 2116 Semen
3039 2055 3367 2113 honorahiIe
3398 2053 3603 2124 quale?

2010 2155 2103 2224 qui
2143 2157 2339 2209 timent
2371 2153 2689 2209 Dominum.
2727 2154 2908 2218 Dives,
2950 2159 3006 2208 et
3037 2151 3346 2221 gloriosus,
3379 2157 3436 2205 et
3464 2164 3599 2220 pau-

2010 2263 2133 2317 per,
2159 2247 2422 2316 gloriatio
2444 2261 2636 2301 eorum
2663 2247 2830 2301 timor
2867 2244 3107 2300 Domini.
3151 2262 3170 2294 ι

2076 2337 2241 2391 Eccli.
2280 2353 2340 2400 ll,
2377 2337 2431 2401 8,
2467 2337 2522 2392 9.
2556 2371 2607 2379 —
2647 2355 2667 2389 ι
2705 2336 2808 2403 Qui
2852 2335 3062 2390 timetis
3101 2333 3426 2398 Dominum,
3477 2348 3602 2388 creo

2010 2424 2125 2480 dite
2165 2425 2282 2491 illi;
2325 2435 2382 2480 et
2430 2440 2539 2480 non
2594 2426 2960 2482 evacuabitur
2991 2438 3205 2479 merces
3234 2432 3438 2478 vestra.
3492 2423 3597 2487 Qui

2009 2515 2220 2570 timetis
2259 2516 2573 2583 Dominum,
2614 2526 2839 2588 sperate
2871 2517 3040 2581 bona,
3071 2521 3128 2570 et
3157 2514 3412 2570 laetitiam
3451 2531 3601 2572 sem-

1995 2606 2305 2676 piternam,
2338 2616 2392 2664 et
2421 2611 2890 2666 misericordiam.
2923 2629 2943 2665 ι

2082 2696 2250 2752 Ecch'.
2281 2715 2341 2766 ι,
2371 2699 2468 2755 27.
2496 2730 2570 2741 -
2613 2719 2633 2752 ι
2670 2700 2926 2772 Magnus,
2963 2709 3018 2758 et
3055 2701 3249 2774 judex,
3299 2709 3354 2757 et
3399 2709 3600 2772 potens

2007 2788 2113 2842 erit
2139 2789 2194 2842 in
2238 2790 2451 2846 honore
2493 2808 2508 2847 :
2553 2799 2610 2846 et
2643 2805 2754 2846 non
2790 2799 2876 2848 est
2923 2792 3104 2864 major
3156 2791 3256 2848 illo
3302 2792 3397 2863 qui
3441 2791 3600 2846 timet

2009 2876 2328 2932 Dominum.
2373 2899 2394 2932 ι

2079 2967 2250 3023 Eccli.
2282 2986 2397 3037 xu,
2435 2971 2528 3037 28,
2569 2972 2664 3027 l8.
2700 3002 2770 3014 —
2817 2971 3056 3030 (Omnis
3101 2975 3377 3046 sapientia
3428 2975 3598 3029 timor

2007 3058 2248 3115 Domini.
2309 3059 2461 3117 Nihil
2515 3063 2717 3120 melius
2764 3079 2926 3134 quam
2984 3065 3152 3121 timor
3218 3064 3492 3120 Domini:
3542 3076 3599 3122 et

2005 3151 2146 3206 nihil
2193 3152 2440 3222 dulcius,
2491 3168 2662 3225 quam
2711 3157 2994 3227 respicere
3047 3155 3106 3212 in
3162 3157 3441 3213 mandatis
3488 3157 3599 3213 Do-

1931 3211 1978 3273 δ
2010 3242 2168 3298 mini.
2211 3262 2231 3297 ι

2082 3334 2253 3391 Eccli.
2283 3352 2442 3404 xxnt,
2472 3337 2564 3393 57.
2596 3369 2666 3380 -
2699 3359 2719 3392 ι
2749 3339 2857 3408 Qui
2891 3341 3051 3398 timet
3095 3339 3413 3411 Dominum,
3451 3343 3594 3399 nihil

2007 3427 2334 3498 trepidabit.
2374 3429 2646 3486 Timentis
2682 3430 2976 3488 Dominum
3004 3433 3166 3488 beata
3203 3443 3291 3490 est
3318 3435 3525 3490 anima.
3567 3456 3588 3488 ι

2080 3518 2252 3575 Eccli.
2283 3536 2475 3590 xxuv,
2501 3523 2590 3578 l7.
2621 3553 2692 3565 --
2728 3543 2746 3577 ι
2780 3523 2888 3593 Qui
2920 3526 3080 3580 timet
3107 3525 3424 3596 Dominum,
3452 3529 3593 3583 acci~

2008 3611 2118 3682 piet
2147 3612 2525 3684 disciplinam.
2560 3634 2579 3667 ι

2079 3702 2250 3760 Eccli.
2283 3721 2452 3772 xxxii,
2490 3707 2576 3762 l6.
2618 3735 2690 3750 -
2733 3727 2753 3760 ι
2787 3709 2890 3776 Qui
2932 3711 3131 3770 timent
3168 3712 3462 3768 Dominum
3501 3714 3591 3766 in-

1989 3797 2230 3852 'veni~ent
2253 3798 2526 3869 judicium
2563 3801 3090 3873 etjustiiicationes,
3113 3815 3169 3862 et
3200 3804 3373 3862 utiux
3411 3804 3591 3876 fulge-

2005 3888 2163 3944 bunt.
2205 3907 2225 3942 ι
2561 3940 2564 3942 γ

2074 3980 2245 4036 Eccli.
2287 3997 2377 4051 ιιι,
2413 3983 2506 4048 26,
2532 3983 2624 4048 27,
2662 4014 2733 4024 -
2787 4003 2806 4035 ι
2840 3984 2959 4042 Non
2992 3998 3084 4043 est
3133 3988 3188 4045 'm
3237 3986 3436 4046 timore
3482 3991 3588 4046 Do-

2003 4071 2138 4125 mini
2167 4072 2502 4129 imminutio.
2531 4072 2726 4129 Timor
2754 4073 2972 4131 Domini
3005 4077 3150 4133 sicut
3178 4079 3468 4149 paradisus
3491 4079 3587 4137 be-

2004 4162 2361 4219 nedictionis.
2397 4183 2415 4214 ι

2073 4252 2271 4308 Hau/2.
2296 4271 2351 4320 ιι,
2375 4256 2467 4311 28.
2500 4286 2570 4296 -
2602 4278 2621 4309 ι
2645 4256 2824 4314 Nolite
2855 4261 3049 4316 timere
3077 4275 3174 4316 eos
3194 4261 3287 4332 qui
3323 4262 3586 4319 occidunt

2001 4351 2506 4418 corpus,.animam
2537 4359 2723 4406 autem
2753 4369 2862 4406 non
2900 4362 3138 4423 possunt
3164 4355 3457 4411 occidere:
3486 4358 3582 4411 sed

1987 4441 2188 4511 potius
2219 4456 2343 4496 eum
2379 4442 2588 4509 timete,
2640 4445 2732 4515 qui
2785 4453 2970 4515 potest
3001 4460 3206 4517 corpus
3251 4457 3305 4504 et
3340 4449 3579 4504 animam

1922 4571 1968 4627 Β
2000 4533 2236 4605 perdere
2271 4532 2324 4586 in
2359 4533 2696 4604 gehennam.

2067 4624 2230 4680 Joan.
2268 4642 2356 4693 xv,
2400 4628 2452 4688 9,
2483 4627 2569 4682 l0.
2593 4659 2665 4669 ——
2701 4649 2718 4682 ι
2761 4630 2919 4686 Sicut
2943 4631 3144 4687 dilexit
3173 4648 3260 4688 me
3300 4632 3482 4694 Pater,
3526 4643 3579 4688 et

1995 4731 2097 4787 ego
2136 4717 2305 4772 dilexi
2347 4735 2466 4774 vos.
2491 4719 2707 4775 Manete
2740 4722 2794 4775 in
2823 4722 3124 4777 dilectione
3165 4739 3309 4778 mea.
3347 4725 3406 4778 bi
3443 4741 3578 4794 prae-

1995 4813 2153 4876 cepta
2191 4823 2312 4862 mea
2362 4811 2740 4876 servaveritis,
2787 4812 2953 4883 306
3003 4813 3296 4869 manebitis
3342 4815 3400 4869 in
3440 4816 3580 4869 dile-

1995 4898 2180 4953 ctione
2215 4913 2357 4966 mea,
2402 4901 2548 4956 sicut
2578 4913 2632 4956 et
2671 4917 2772 4973 ego
2805 4903 2986 4959 Patris
3021 4905 3126 4959 mei
3168 4905 3427 4960 mandata
3464 4920 3577 4962 ser-

1995 4990 2144 5052 vavi,
2180 4997 2233 5044 et
2257 5005 2457 5046 maneo
2479 4991 2535 5046 in
2561 4992 2681 5062 ejus
2707 4994 3029 5050 dilectione.
3061 5015 3080 5048 ι

2067 5083 2185 5136 Act.
2217 5097 2273 5147 ιι,
2298 5083 2389 5138 54.
2420 5109 2494 5123 -
2529 5103 2547 5136 ι
2576 5085 2848 5156 Apericns
2880 5088 3084 5144 Petrus
3120 5103 3182 5144 os
3213 5103 3373 5144 suum
3399 5089 3576 5147 dixit:

1975 5171 2054 5225 'ln
2083 5173 2322 5227 veritate
2347 5177 2618 5246 comperi,
2650 5179 2796 5246 quod
2832 5193 2940 5232 non
2969 5187 3054 5236 est
3082 5194 3452 5250 personarum
3485 5199 3578 5236 ac-

1979 5271 2191 5333 »eeptor
2224 5263 2390 5331 Deus,
2419 5265 2517 5320 sed
2547 5267 2600 5321 in
2633 5271 2782 5323 omni
2813 5279 2996 5340 gente.
3031 5271 3124 5342 qni
3153 5271 3312 5324 timet
3339 5285 3490 5339 eum,
3523 5281 3581 5328 et

1997 5356 2132 5410 facit
2160 5355 2460 5424 justitiam,
2497 5363 2764 5430 acceptus
2797 5370 2881 5417 est
2899 5361 2999 5420 illi.
3039 5381 3059 5416 ι

2066 5446 2218 5501 Rom.
2260 5464 2381 5512 vni,
2435 5450 2530 5534 2'8.
2563 5482 2634 5492 —
2690 5472 2709 5505 ι
2758 5453 2980 5510 Scimus
3026 5457 3159 5527 quia
3220 5458 3581 5533 diligentibus

1995 5539 2165 5593 Deum
2200 5542 2384 5595 omnia
2418 5555 2794 5613 coeperantur
2819 5548 2872 5601 in
2905 5549 3136 5605 bonum.
3180 5569 3199 5603 ι

2068 5633 2097 5686 Ι
2131 5632 2255 5688 Cor.
2290 5649 2409 5700 vm,
2437 5635 2490 5689 5.
2518 5668 2585 5676 -
2623 5657 2641 5688 ι
2675 5639 2729 5692 Si
2759 5641 2884 5709 quis
2907 5641 3086 5714 diligit
3119 5642 3314 5706 Deum.
3349 5645 3439 5704 hic
3487 5663 3583 5703 co-

1998 5727 2186 5799 gnitus
2219 5735 2304 5782 est
2340 5729 2412 5782 ab
2437 5743 2521 5783 eo.
2557 5749 2574 5780 ›

2068 5820 2238 5875 Basil.
2293 5818 2346 5873 in
2401 5821 2518 5878 init.
2565 5822 2724 5882 Prov.
2763 5859 2832 5870 -—
2871 5827 3084 5884 Domini
3121 5829 3304 5896 timor,
3338 5831 3578 5899 expiatio
