3998 6420
472 332 601 394 1091

1669 321 1731 384 S.
1771 321 2092 384 IOANNIS
2130 321 2567 385 DAMASCENI

3613 328 3764 393 1032

464 453 549 502 est
573 443 778 510 animi,
794 439 1094 498 secundum
1127 437 1272 493 banc
1303 436 1592 510 Pmphetae
1620 437 2050 509 postulationem

2177 437 2251 492 :06
2282 439 2572 510 Προφήτου
2610 439 2882 509 λέγοντοςο
2925 460 2942 493 ε
2985 441 3318 514 Καθήλωσον
3348 445 3412 498 ἐκ
3438 446 3538 499 1:06
3579 445 3762 515 φόϐου

463 537 707 592 dicentis
737 551 750 586 :
786 552 806 585 ι
839 531 1064 601 Conﬁge
1085 530 1283 584 timore
1319 537 1416 584 tuo
1450 545 1650 586 carnes
1681 545 1836 586 meas
1865 528 2044 600 (Psal.

463 643 654 690 cxvnt,
693 624 819 691 120)
852 642 870 675 ι
906 643 918 677 :
957 632 1218 693 tanquam
1245 622 1349 676 hac
1375 623 1614 688 ratione,
1645 621 1898 692 improba
1928 636 2048 682 om-

465 719 552 773 nis
597 725 653 772 et
701 714 978 784 ﬂagitiosa
1044 714 1192 768 actio
1252 713 1553 783 profugiat,
1596 713 1692 768 ubi
1744 713 1910 768 timor
1963 728 2050 768 se-

463 809 588 864 dem
641 807 758 860 ﬁxit
789 821 801 856 :
834 806 1041 875 quippe
1079 819 1208 860 cum
1243 805 1500 872 corporis
1549 803 1794 858 membra
1829 817 1946 858 eam
1979 804 2051 858 ob

463 914 690 955 causam
724 899 792 953 ad
821 897 1005 967 turpia
1041 897 1249 966 ﬂagitia
1279 896 1490 951 moveri
1519 903 1816 966 nequeant,
1853 895 1946 950 ubi
1981 895 2052 949 ti-

465 1006 618 1046 more
639 1007 742 1046 ceu
767 991 940 1046 clavis
969 991 1186 1044 conﬁxa
1217 998 1366 1043 sunt.
1398 985 1874 1053 Quemadmodum
1901 987 2050 1042 enim

465 1083 560 1152 qui
596 1097 801 1153 corpus
845 1081 1017 1137 clavis
1062 1081 1391 1136 transfixum
1441 1078 1631 1143 habet,
1668 1079 1726 1133 in
1778 1077 2052 1147 ejusmodi

465 1176 719 1229 cruciatu
760 1182 1043 1238 versatur,
1074 1182 1134 1225 ut
1169 1171 1312 1225 nihil
1358 1171 1538 1226 valeat
1579 1184 1748 1241 agere
1789 1188 1802 1224 :
1847 1170 1929 1224 sic
1959 1169 2054 1240 qui

467 1267 669 1321 timore
716 1265 810 1320 Dei
857 1263 1200 1319 constrictus
1235 1269 1484 1328 tenetur,
1532 1276 1644 1316 non
1691 1261 1857 1315 oculo
1890 1259 1957 1314 ad
1990 1274 2054 1314 ea

467 1373 591 1429 qua:
632 1357 858 1412 minime
900 1371 1043 1426 opus
1088 1363 1195 1419 est,
1235 1355 1338 1418 uti,
1395 1369 1504 1408 non
1541 1368 1740 1407 manus
1774 1352 1844 1406 ad
1883 1353 2058 1406 inter-

469 1450 647 1506 dictas
687 1450 935 1504 actiones
979 1463 1236 1512 morere;
1271 1446 1410 1500 nihil
1455 1445 1758 1514 quidquam
1795 1443 2058 1513 denique,

469 1542 558 1596 vel
594 1557 850 1612 parvum,
878 1540 964 1596 vel
1001 1554 1284 1609 magnum,
1323 1544 1692 1608 praeterquam
1742 1536 2059 1599 conveniat,

2153 546 2249 582 σου
2288 530 2386 595 τὰς
2430 531 2642 604 σάρκας
2677 550 2779 602 μου
2802 550 2814 561 ·
2859 553 2878 585 ι
2907 534 2983 597 ὡς
3010 536 3146 589 ὅπου
3195 535 3356 604 φόϐος
3386 537 3612 603 ἐνοικεῖ,
3643 535 3762 591 πά·-

2154 639 2256 692 σης
2303 624 2547 693 πονηρᾶς
2597 625 2694 677 καὶ
2739 625 2963 688 ἀνοσίας
3006 625 3260 698 πράξεως
3295 629 3762 699 ἁποφευγούσης,

2150 715 2260 768 τῶν
2314 715 2410 768 τοῦ
2455 715 2706 786 σώματος
2761 719 2940 788 μελῶν
2983 721 3274 789 κινηθῆναι
3323 726 3462 793 πρὸς
3511 724 3764 787 ἀτόπους

2152 805 2436 876 ἐνεργείας
2464 806 2556 860 διὰ
2581 807 2643 861 τὸ
2674 808 2751 880 τῷ
2787 809 2939 880 φόϐῳ
2979 810 3355 881 καθηλῶσθαι,
3390 813 3464 884 μὴ
3507 813 3761 884 δυναμέ-

2154 913 2280 951 νων.
2329 898 2543 971 ’Ὥσπερ
2586 901 2696 973 γὰρ
2747 903 2775 955 ὁ
2823 904 3220 975 ἐμπεπηγότας
3271 905 3412 976 ἔχων
3458 909 3517 960 ἐν
3567 907 3764 976 ἐαυτῷ

2153 990 2279 1054 τούς
2303 994 2654 1062 σωματικούς
2681 995 2865 1066 ἥλους,
2896 997 3264 1068 άνενέργητός
3298 999 3471 1066 ἐστιν,
3503 999 3610 1052 ὐπὸ
3640 999 3765 1051 τῶν

2155 1079 2357 1134 ὀδυνῶν
2386 1083 2775 1156 κατεχόμενος,
2811 1086 2986 1153 οὓτως
3014 1089 3042 1142 ὁ
3070 1089 3150 1160 τῷ
3184 1089 3338 1160 φόϐῳ
3377 1089 3514 1143 Θεοῦ
3558 1108 3764 1144 κατει-

2157 1171 2458 1244 λημμένος,
2487 1177 2589 1232 οὐκ
2638 1179 2908 1252 ὀφθαλμῷ
2954 1183 3267 1255 χρήσασθαι
3310 1185 3448 1256 πρδς
3476 1184 3512 1239 ἆ
3539 1185 3616 1256 μὴ
3648 1185 3765 1248 δεῖ,

2162 1263 2223 1316 οὐ
2253 1266 2440 1336 χεῖρας
2467 1267 2692 1338 κινῆσαι
2716 1271 2851 1341 πρὸς
2884 1274 3348 1346 ἁπηγορευμένας
3375 1277 3629 1348 πράξεις,
3653 1279 3767 1345 οὒκ

2155 1353 2300 1419 ὅλως
2341 1358 2538 1430 μικρὸν
2587 1359 2620 1430 ἢ
2655 1361 2843 1431 μεῖζον
2890 1365 3186 1437 ἐνεργῆσαι
3219 1367 3374 1438 παρὰ
3415 1368 3478 1421 τὸ
3509 1367 3767 1438 καθῆκον

2165 1445 2418 1502 δύναταιο
2454 1444 2566 1504 οἷον
2610 1453 2771 1526 ὀδύνῃ
2803 1456 2912 1509 τινὶ
2945 1460 3011 1529 τῇ
3041 1459 3345 1532 προσδοκίᾳ
3380 1460 3491 1516 τῶν
3519 1460 3768 1529 ἀπειλη-

2169 1537 2369 1593 θέντων
2401 1559 2465 1594 συ
2473 1561 2664 1612 μπεπα
2672 1546 2892 1616 ρμένος.

470 1638 697 1700 patrare
742 1637 963 1700 potest;
1023 1629 1177 1684 velut
1238 1641 1437 1696 nempe
1480 1625 1883 1697 suppliciorum
1937 1637 2061 1695 qua).
2099 1621 2246 1683 Deus
2285 1632 2658 1690 comminatus
2689 1648 2795 1703 est,
2815 1640 3068 1696 cruciatu
3137 1643 3404 1712 quodam,
3466 1650 3770 1714 exspecta-

473 1724 624 1779 tione
660 1724 1042 1793 transﬁgatur.

543 1814 630 1868 Ea:
656 1814 865 1870 Canon.
911 1815 1202 1872 Constitut.
1235 1812 1365 1886 Reg.
1401 1815 1510 1886 fus.
1545 1813 1732 1868 Int.‘2.
1760 1843 1831 1854 ——
1867 1811 2064 1868 Chari-
2093 1819 2136 1875 Β

471 1915 559 1962 tas
589 1921 720 1977 erga
756 1905 928 1962 Deum
961 1907 1289 1977 exposcitur
1316 1920 1346 1959 a
1381 1905 1546 1961 nobis
1590 1913 1858 1976 tanquam
1905 1903 2060 1959 debi-

471 2006 588 2053 tum
617 1997 1032 2063 necessarium;
1063 1997 1211 2068 quod
1241 1995 1372 2052 dum
1399 1997 1622 2052 animus
1652 1996 1921 2052 solvendo
1946 2011 2062 2051 non

471 2099 580 2156 est,
601 2089 710 2144 hoc
727 2089 888 2144 malis
911 2089 1178 2144 omnibus
1197 2097 1282 2144 est
1305 2088 1738 2144 intolerabilius.
1774 2086 2061 2158 Siquidem

475 2182 716 2236 alienum
749 2195 876 2235 esse
919 2189 973 2235 et
1010 2195 1269 2235 aversum
1307 2194 1337 2233 a
1368 2179 1500 2243 Deo,
1540 2178 1678 2247 ipsis
1722 2192 1948 2248 quoque
1972 2194 2064 2248 ge-

475 2273 670 2327 hennae
693 2272 897 2326 futuris
927 2271 1298 2336 cruciatibus,
1333 2269 1592 2339 asperius
1616 2277 1724 2335 est,
1751 2277 1807 2323 et
1839 2270 2064 2342 gravius

476 2362 558 2416 illi
589 2361 683 2432 qui
712 2361 977 2416 damnum
1015 2351 1119 2415 hoc
1148 2359 1386 2430 patitur;
1441 2358 1594 2412 velut
1646 2359 1809 2415 oculo
1854 2360 2065 2415 lumine

476 2454 686 2521 orbari,
717 2453 845 2509 licet
870 2453 1059 2508 nullus
1087 2451 1295 2521 alioqui
1321 2449 1479 2505 dolor
1501 2451 1750 2505 accedat.

549 2545 738 2600 Timor
780 2544 999 2599 Domini
1035 2543 1353 2599 omnimodo
1386 2549 1534 2597 recte
1563 2542 1711 2598 facta
1757 2542 1927 2599 animi
1963 2557 2062 2604 su-

477 2647 656 2709 perat.

546 2729 806 2787 Charitas
847 2745 978 2800 erga
1026 2730 1194 2784 Deum
1245 2729 1300 2784 in
1348 2730 1454 2786 hoc
1484 2732 1588 2787 sita
1618 2738 1723 2799 est,
1751 2738 1812 2784 ut
1841 2728 2064 2784 animus

477 2825 730 2894 quotidie
772 2840 832 2879 se
857 2838 1028 2893 supra
1050 2823 1200 2877 vires
1230 2825 1514 2879 extendat.

547 2915 674 2986 Reg.
718 2915 858 2972 brev.
895 2925 1085 2985 quaest.
1111 2915 1240 2968 212.
1272 2945 1342 2955 -
1365 2914 1840 2981 Quemadmodum
1874 2913 1975 2969 bos
2010 2919 2065 2968 et

477 3009 671 3064 asinus
705 3024 774 3064 ex
813 3008 1082 3062 beneﬁcio
1105 3008 1250 3078 quod
1293 3008 1364 3062 ab
1393 3009 1578 3062 alente
1614 3007 1950 3075 suscipiunt,
1995 3006 2065 3060 ti—

478 3114 684 3155 morem
738 3113 870 3168 erga
920 3096 1092 3152 Deum
1155 3105 1353 3167 sponte
1399 3097 1787 3167 concipimus;
1849 3098 1893 3151 si
1951 3111 2060 3150 non

478 3192 702 3262 stupido
755 3191 1086 3261 ingratoque
1133 3191 1320 3246 animo
1355 3189 1626 3246 beneﬁcia
1660 3189 2057 3258 suscipiamus.
2089 3159 2133 3218 θ

477 3285 586 3353 Qui
621 3285 740 3340 ﬁeri
782 3284 980 3354 possit,
1014 3291 1076 3337 ut
1114 3289 1196 3337 tot
1238 3292 1633 3352 tantorumque
1659 3281 2058 3337 beneﬁciorum

475 3388 758 3434 auctorem
807 3377 978 3432 Deum
1034 3391 1144 3430 non
1191 3377 1583 3443 redamemus;
1637 3374 1866 3446 quando
1908 3374 2061 3442 ejus-

477 3471 625 3526 modi
671 3470 904 3524 aﬁ'ectus
958 3469 1226 3535 naturali,
1283 3476 1346 3522 ut
1390 3469 1464 3522 ita
1513 3467 1716 3528 dicam,
1764 3465 2059 3527 instinctu,

478 3562 632 3617 nullo
668 3563 924 3627 docente,
957 3560 1164 3615 animis
1188 3559 1403 3615 nostris
1440 3557 1653 3613 inditus
1687 3557 1811 3612 fuit.

552 3652 696 3706 Naz.
751 3659 893 3706 orat.
949 3651 1006 3704 2.
1039 3649 1358 3703 —-lnitium
1420 3649 1708 3717 sapientia:
1757 3656 1844 3702 est
1899 3649 2064 3704 timor

481 3743 721 3809 Domini,
758 3742 934 3797 veluti
980 3742 1171 3811 primae
1221 3738 1472 3810 quaedam
1518 3737 1706 3793 fascia:
1747 3739 1920 3795 illius.
1965 3740 2064 3795 Sa-

481 3834 692 3903 picntia
760 3840 944 3886 autem
1015 3833 1271 3885 timorem
1341 3838 1660 3900 exsuperat,
1718 3845 1932 3900 nosque
1998 3833 2065 3887 ad

485 3940 734 3981 amorem
780 3924 1118 3995 provcbcns,
1162 3921 1258 3978 Dei
1305 3923 1515 3978 amicos
1546 3930 1599 3978 et
1630 3921 1777 3978 ﬁlios
1818 3939 1916 3993 pro
1945 3939 2066 3981 ser-

483 4019 568 4074 vis
605 4017 753 4072 facit.

557 4107 835 4178 Ejusdem,
885 4115 1022 4161 orat.
1084 4133 1222 4159 ..—
1265 4105 1473 4160 Bonum
1531 4115 1618 4160 est
1666 4107 2069 4179 aliquantisper

477 4203 646 4256 etiam
710 4200 988 4264 secedere,
1037 4199 1505 4268 quemadmodum
1565 4201 1697 4255 olim
1741 4200 1979 4272 Moyses,
2013 4209 2068 4257 et

486 4292 835 4363 postmodum
881 4289 1178 4357 Jercmias,
1223 4306 1291 4346 ac
1333 4303 1590 4362 prompte
1624 4301 1793 4362 atque
1839 4294 2071 4364 impigre

483 4386 550 4440 ad
583 4397 868 4439 vocantem
899 4399 1218 4449 accurrere,
1251 4393 1314 4437 nt
1343 4383 1410 4439 de
1442 4385 1662 4440 Aarone
1689 4393 1744 4440 et
1766 4384 1908 4440 Isaia
1934 4400 2070 4455 pro—

2250 1816 2576 1887 Ἀναγκαῖον
2627 1821 2850 1893 ὄφλημα
2882 1824 2982 1895 τὴν
3022 1825 3105 1889 εἰς
3151 1824 3288 1880 Θεὸν
3319 1826 3544 1899 ἀγάπην
3593 1831 3770 1884 άπαι-

2163 1905 2423 1977 τούμεθα,
2459 1910 2488 1963 ὃ
2516 1913 2581 1983 τῇ
2612 1911 2906 1987 animum
2947 1915 3092 1987 ψυχῇ
3131 1917 3349 1972 πάντων
3386 1919 3577 1974 κακῶν
3610 1924 3771 1976 ἐστιν

2164 1999 2587 2072 ἀφορητότατον.
2617 2005 2753 2058 Θεοῦ
2780 2007 2890 2078 γὰρ
2923 2009 3278 2080 ἀλλοτρίωσις
3294 2013 3388 2065 καὶ
3406 2013 3768 2086 ἀποστροφὴ,

2165 2091 2262 2143 καὶ
2316 2091 2424 2145 τῶν
2479 2094 2538 2146 ἐν
2592 2098 2658 2167 τῇ
2699 2095 2894 2168 γεέννῃ
2945 2098 3416 2171 προσδοκωμένων
3470 2102 3767 2158 κολάσεων

2164 2181 2568 2257 ἀφορητότερόν
2603 2189 2718 2240 ἐστι
2768 2189 2861 2242 καὶ
2897 2189 3202 2262 βαρύτερον
3242 2193 3320 2263 τῷ
3368 2194 3624 2260 παθόντι,
3683 2196 3770 2260 ὡς

2165 2273 2434 2349 ὀφθαλμῷ
2456 2280 2636 2347 φωτὸς
2667 2279 2944 2353 στέρησις,
2976 2281 3079 2335 κᾶν
3109 2283 3186 2352 μὴ
3215 2283 3377 2355 ὀδύνη
3403 2289 3609 2358 προσῇ.

2237 2537 2406 2602 Φόϐος
2433 2539 2642 2610 Κυρίου
2676 2542 2946 2596 παντοίων
2977 2543 3422 2618 κατορθωμάτων
3451 2543 3554 2616 τῆς
3579 2547 3769 2619 ψυχῆς

2125 2671 2144 2688 κ
2168 2631 2532 2701 περιγίνεται.

2250 2724 2315 2777 Ἠ
2348 2727 2426 2788 εἰς
2458 2725 2592 2780 Θεὸν
2623 2728 2814 2798 ἀγάπη
2866 2729 3006 2801 αὕτη
3053 2730 3226 2796 ἐστὶν,
3260 2732 3324 2785 τὺ
3355 2733 3769 2805 ὑπὲρ-δύναμιν

2165 2816 2254 2870 ἀεὶ
2281 2817 2380 2887 τὴν
2404 2817 2582 2889 ψυχὴν
2609 2820 2943 2875 ἐπεκτεῖναι.

2157 2976 2160 2978 _
2235 2907 2452 2979 Ὥσπερ
2472 2910 2549 2980 τῷ
2571 2910 2656 2981 βοῒ
2687 2912 2781 2965 καὶ
2811 2913 2890 2983 τῷ
2922 2913 3028 2985 ὄνῳ
3076 2916 3141 2969 ἐκ
3168 2915 3267 2986 τῆς
3314 2917 3467 2989 παρὰ
3503 2917 3600 2972 τοῦ
3642 2919 3768 2990 τρέ-

2169 3016 2362 3069 φοντος
2401 3000 2745 3072 εὐεργεσίας,
2777 3005 2810 3073 ἡ
2845 3004 2984 3076 πρὸς
3017 3005 3179 3059 αὐτὸν
3206 3007 3396 3079 ἀγάπη
3423 3007 3768 3079 αὐτομάτως

2169 3090 2465 3158 ἐγγίνεται,
2505 3091 2649 3146 οὓτω
2695 3095 2789 3147 καὶ
2821 3097 3007 3166 ἡμεῖς,
3035 3097 3130 3152 ἐὰν
3154 3099 3494 3172 εὐαισθήτως
3536 3100 3634 3154 καὶ
3665 3103 3767 3154 εὐ-

2169 3184 2470 3253 γνωμόνως
2505 3185 2603 3248 τὰς
2643 3186 2962 3257 εὐεργεσίας
2994 3188 3296 3262 δεξώμεθα.
3353 3191 3458 3245 Τὸν
3484 3194 3769 3247 τοσούτων

2164 3276 2258 3328 καὶ
2281 3276 2614 3346 τηλικούτων
2639 3279 2938 3351 εὐεργέτην
2961 3281 3096 3336 Θεὸν
3130 3282 3248 3347 πῶς
3267 3283 3367 3337 οὐκ
3395 3283 3767 3356 ἀγαπήσομεν

2165 3369 2305 3422 κατὰ
2351 3369 2531 3438 φύσιν,
2569 3372 2635 3423 ἶν’
2662 3371 2836 3438 οὕτως
2857 3369 3018 3440 εἴπω,
3042 3375 3343 3441 ἀδιδάκτως
3364 3377 3466 3448 τῆς
3498 3379 3765 3450 τοιαύτης

2165 3459 2459 3525 διαθέσεως
2496 3466 2562 3535 τῇ
2595 3465 2899 3540 ὐγιανούσῃ
2919 3467 3065 3540 ψυχῇ
3099 3469 3494 3543 ἐγγινομένηςς

2249 3642 2420 3714 Ἀρχὴ
2453 3643 2645 3712 σοφίας
2675 3643 2842 3712 φόϐος
2868 3646 3095 3717 Κυρίου,
3130 3643 3243 3702 οἷόν
3265 3666 3318 3702 τι
3351 3650 3569 3722 πρῶτον
3589 3651 3766 3723 σπάρ-

2126 3725 2134 3733 ’
2168 3751 2333 3803 γανον
2355 3750 2368 3763 ·
2401 3735 2491 3788 καὶ
2522 3733 2685 3804 σοφία
2715 3735 2808 3789 τὸν
2857 3736 3024 3804 φόϐον
3068 3740 3380 3811 ὑπερϐᾶσα,
3414 3744 3507 3797 καὶ
3537 3745 3620 3808 εἰς
3659 3745 3765 3814 τὴν

2169 3828 2391 3898 ἀγάπην
2433 3827 2836 3894 ἀναϐιϐάσασα,
2883 3829 3019 3887 Θεού
3055 3831 3246 3900 φίλους
3280 3836 3428 3906 ἡμᾶς
3475 3837 3571 3891 καὶ
3605 3839 3764 3903 υἱοὺς

2169 3917 2293 3970 ἀντὶ
2315 3916 2521 3970 δούλων
2550 3917 2868 3989 ἐργάζεται.
2912 3947 2916 3950 -

2256 4101 2488 4170 Ἀγαθὸν
2531 4103 2627 4158 καὶ
2661 4103 3020 4176 ὑποχωρῆσαί
3051 4123 3105 4160 τι
3141 4109 3362 4179 μικρὸν,
3403 4109 3480 4175 ὡς
3512 4111 3765 4185 Μωῦσῆς

2173 4194 2383 4257 ἐκεῖνος
2433 4194 2493 4248 τὸ
2537 4195 2801 4260 παλαιὸν,
2864 4197 2958 4250 καὶ
3025 4197 3297 4270 Ἱερεμίας
3347 4200 3609 4274 ὕστερον,
3655 4207 3764 4259 καὶ

2175 4286 2548 4358 προσδραμεῖν
2606 4289 2844 4360 ἑτοίμως
2871 4289 2950 4361 τῷ
2985 4291 3262 4362 καλοῦντι,
3309 4295 3388 4359 ὡς
3443 4296 3657 4368 ’Δαρὼν
3698 4316 3763 4352 τε

2174 4381 2269 4433 καὶ
2315 4380 2566 4447 Ἡσαΐας,
2603 4383 2764 4454 μόνον
2794 4384 3036 4450 εὐσεϐῶς
3074 4387 3397 4462 ἀμφότερα·
3430 4389 3491 4444 τὸ
3539 4391 3641 4462 μὲν
3668 4393 3765 4447 διὰ

482 4479 656 4531 ditum
689 4487 774 4532 est
813 4492 826 4528 :
857 4475 1160 4530 dummodo
1189 4487 1490 4548 utrumque
1528 4477 1615 4546 pie
1655 4477 1750 4531 ﬁat
1783 4493 1796 4528 :
1830 4479 2064 4533 alterum

2177 4471 2273 4543 τὴν
2307 4472 2515 4527 οἰκείαν
2544 4474 2852 4543 ἀσθένειαν,
2880 4475 2940 4530 τὸ
2971 4477 3028 4530 δὲ
3058 4477 3147 4532 διὰ
3190 4479 3290 4548 τὴν
3338 4478 3432 4534 τοῦ
3463 4481 3765 4544 καλοῦντος

483 4571 555 4622 ob
595 4569 876 4639 prepriam
930 4567 1333 4634 inﬁrmitatem,
1392 4567 1626 4622 alterum
1675 4569 1748 4623 ob
1811 4564 2062 4626 vocantis

488 4662 816 4730 potentiam.

556 4753 748 4826 Chrys.
790 4762 929 4808 orat.
959 4753 1026 4808 15
1058 4752 1133 4808 De
1169 4762 1300 4808 atat.
1325 4783 1396 4792 —
1427 4751 1546 4808 Non
1587 4760 1801 4808 tantmn
1843 4754 2069 4812 virtutis

487 4847 653 4900 habet
690 4847 890 4913 oratio,
915 4855 1180 4915 quantum
1211 4845 1378 4900 eﬁicit
1412 4846 1597 4916 timor.
1650 4844 1795 4911 Quid
1821 4847 2070 4904 atrocius

489 4938 774 5007 gehenna?
804 4950 859 4990 at
876 4939 1010 4992 nihil
1036 4940 1160 5006 ejus
1192 4939 1391 4992 timore
1415 4937 1630 4991 utilius.
1663 4936 1840 4993 Metus
1867 4939 2068 5010 quippe

480 5029 751 5097 gehennae
778 5028 940 5082 nobis
967 5028 1120 5096 regni
1142 5027 1384 5082 caelestis
1407 5041 1670 5081 coronam
1699 5026 1860 5083 aﬁ‘ert
1886 5048 1900 5083 :
1927 5029 2072 5083 haud

493 5134 654 5175 secus
694 5120 835 5173 acin
873 5119 1070 5172 militis
1107 5133 1327 5186 semper
1349 5117 1550 5171 armati
1586 5118 1776 5184 domo,
1809 5134 1919 5173 non
1940 5133 2076 5188 pra:-

467 5213 582 5276 -do,
627 5227 737 5266 non
785 5209 1018 5265 eﬁossor
1049 5224 1360 5278 murorum,
1386 5225 1497 5264 non
1533 5211 1809 5280 quispiam
1841 5213 1982 5265 alius
2007 5227 2074 5266 ex

488 5305 578 5359 his
613 5303 707 5373 qui
752 5300 1026 5371 ejusmodi
1078 5300 1326 5356 facinora
1374 5303 1790 5371 aggrediuntur,
1833 5303 2066 5372 propius

491 5396 694 5450 audeat
721 5409 1023 5463 apparere:
1051 5395 1248 5449 timore
1267 5397 1348 5448 sic
1366 5396 1582 5450 animos
1608 5396 1913 5459 obtinente,
1939 5397 2076 5452 nihil

493 5484 847 5539 illiberalium
872 5483 1031 5555 307
1059 5484 1416 5540 aﬁ‘cctionum
1447 5486 1610 5540 facile
1642 5487 1802 5542 nobis
1834 5487 2070 5555 accedit,

495 5577 589 5630 sed
631 5591 823 5632 omnes
875 5595 995 5633 sese
1036 5577 1373 5648 proripiunt,
1424 5589 1478 5632 et
1521 5579 1702 5648 fugam
1747 5587 2073 5647 capessunt,

498 5665 716 5720 timoris
759 5669 806 5721 vi
855 5678 907 5724 et
938 5670 1182 5741 polentia
1226 5669 1470 5738 undique
1505 5669 1639 5724 fusae
1667 5678 1720 5724 et
1751 5670 2073 5741 proﬂigatae.

495 5756 608 5815 Nec
636 5773 766 5814 vero
797 5764 900 5818 hoc
941 5763 1120 5819 solum
1155 5762 1293 5816 lucri
1327 5777 1390 5816 ex
1424 5764 1624 5818 timore
1659 5764 1952 5834 capimus;
1977 5761 2074 5819 sed

2169 4563 2418 4636 δύναμιν.

2244 4747 2320 4799 Οὐ
2341 4745 2595 4799 τοσοῦτον
2625 4745 2956 4815 ἐργάζεσθαι
2987 4747 3280 4819 δυνήσεται
3309 4748 3492 4818 λόγος,
3513 4749 3639 4804 ὅσον
3671 4750 3768 4822 ἐρ-

2173 4837 2404 4907 γάζεται
2445 4837 2628 4906 φόϐος.
2658 4838 2722 4890 Τί
2746 4839 2971 4908 γεέννης
3003 4839 3423 4912 χαλεπώτερον;
3462 4842 3578 4898 ἀλλ’
3608 4843 3768 4896 οὐδὲν

2172 4929 2268 4984 τοῦ
2298 4930 2505 5000 ταύτης
2531 4929 2947 5003 χρησιμώτερον
2983 4931 3171 5001 φόϐου.
3223 4933 3284 4987 Ὀ
3322 4934 3432 5005 γάρ
3475 4938 3576 5007 τῆς
3605 4936 3770 5004 γεέν-

2173 5039 2271 5092 νης
2306 5021 2472 5091 φόϐος
2503 5022 2596 5074 τὸν
2625 5023 2723 5092 τῆς
2753 5021 3031 5093 βασιλείας
3062 5024 3194 5094 ἡμῖν
3211 5025 3426 5096 κομίζει
3473 5027 3765 5095 στέφανον.

2176 5114 2446 5185 Καθάπερ
2475 5115 2533 5168 ἐν
2549 5113 2699 5184 οἰκίᾳ
2726 5113 3063 5184 στρατιώτου
3092 5115 3767 5193 διηνεκῶίὼπλισμὲνου,

2173 5209 2237 5263 οὐ
2287 5209 2515 5280 λῃστὴς,
2561 5208 2622 5261 οὐ
2683 5207 3036 5280 τοιχωρύχος,
3088 5209 3188 5263 οὐκ
3225 5209 3385 5273 ἄλλος
3416 5226 3504 5273 τις
3546 5209 3656 5263 τῶν
3697 5211 3774 5265 τά

2176 5302 2406 5356 τοιαῦτα
2435 5303 2915 5372 κακουργούντων,
2935 5301 3202 5373 τολμήσει
3225 5301 3465 5374 φανῆναι
3492 5302 3728 5373 πλησίον
3750 5320 3766 5334 °

2178 5392 2323 5447 οὕτω
2367 5392 2532 5461 φόϐου
2581 5393 2908 5462 κατέχοντος
2951 5392 3050 5456 τάς
3093 5393 3293 5464 ψυχάς,
3344 5393 3498 5448 οὐδὲν
3529 5393 3641 5448 τῶν
3677 5397 3772 5450 άν-

2184 5486 2487 5557 ελευθέρων
2523 5484 2712 5538 παθῶν
2749 5485 3132 5556 ἐπεισέρχεται
3165 5487 3365 5558 ῥᾳδίως
3415 5489 3572 5558 ἡμῖν,
3630 5489 3774 5542 ἀλλὰ

2182 5579 2506 5649 δραπετεύει
2530 5579 2623 5631 καὶ
2653 5578 3038 5648 φυγαδεύεται,
3072 5582 3137 5650 τῇ
3169 5579 3563 5649 τυραννίδιτοῦ
3600 5582 3772 5649 φόϐου

2185 5671 2455 5726 πάντοθεν
2493 5670 2908 5740 ἐξελαυνόμενα.
2945 5671 3052 5724 Καὶ
3085 5673 3146 5724 οὐ
3174 5672 3331 5724 τοῦτό
3365 5673 3516 5726 ἐστιν
3564 5673 3591 5725 ὃ
3629 5689 3778 5745 καρ-

2187 5762 2439 5833 πούμεθα
2492 5761 2600 5815 ἀπὸ
2656 5762 2751 5815 τοῦ
2804 5763 2970 5830 φόϐου
3011 5763 3192 5834 μόνον,
3255 5763 3390 5818 ἀλλὰ
3435 5763 3535 5818 καὶ
3581 5764 3777 5834 ἕτερον
