3998 6398
336 341 474 414 1093

1611 339 1850 401 SACRA
1883 341 1975 400 PA
1985 341 2328 402 BALLELA

3464 347 3601 409 1094

334 453 518 526 πολλῷ
571 455 776 526 μεῖζον.
826 455 900 509 Οὐ
945 453 1055 524 γὰρ
1094 452 1159 524 δὴ
1195 450 1369 520 -μόνον
1399 450 1467 505 τὰ
1509 453 1725 522 πονηρὰ
1759 451 1913 521 ἡμῶν

2038 451 2172 506 tliud
2216 465 2438 521 quoque
2495 449 2668 504 multo
2717 451 3091 519 praestantius.
3133 449 3252 506 Non
3291 455 3438 509 enim
3473 469 3596 513 tan-

333 546 630 600 ἀπελαύνει
665 547 830 618 πάθη,
865 546 1001 600 ἀλλὰ
1031 545 1126 598 καὶ⁵
1153 544 1335 596 πᾶσαν
1364 541 1576 610 εἰσάγει
1610 543 1747 612 μετὰ
1787 542 1914 594 πολ-

334 639 434 710 λῆς
487 639 740 700 εὐκολίας
787 637 888 709 τὴν
946 636 1171 708 ἀρετήν.
1225 633 1390 686 Οὐδὲν
1441 633 1551 703 γὰρ
1605 631 1747 685 οὕτω
1784 650 1915 686 κατ-

337 729 510 783 εσθίει
555 730 654 799 μὲν
701 730 1097 800 ἁμαρτήματα,
1137 724 1351 796 ἀρετὴν⁸
1377 725 1436 778 δὲ
1472 724 1735 791 αὔξεσθαι
1773 725 1918 777 ποιεῖ

335 824 430 876 καὶ
475 820 713 886 θάλλειν,
740 821 817 884 ὡς
853 818 1134 890 διηνεκοῦς
1175 816 1341 887 φόϐου
1387 817 1568 885 φύσις.
1611 816 1712 869 Διὰ
1757 815 1917 869 τοῦτο

333 913 425 969 τὸν
457 912 532 985 μὴ
557 911 805 976 συζῶντα
821 910 970 981 φόϐῳ
985 910 1270 980 ἀμήχανον
1309 909 1678 977 κατορθῶσαι,
1706 907 1915 979 ὡσπερο

332 1007 428 1062 οῦν
456 1006 548 1061 τὸν
571 1008 631 1060 ὲν
657 1004 809 1076 φόϐῳ
836 1003 1017 1068 ζῶντα
1045 1002 1330 1073 ἀμήχανον
1365 1000 1708 1072 διαμαρτεῖν.

403 1184 572 1250 Φόϐος
592 1183 745 1238 οὐδὲν
771 1182 960 1254 ἕτερον
982 1184 1154 1249 ἐστιν,
1186 1183 1220 1254 ἢ
1259 1184 1461 1255 τεῖχος,
1495 1183 1593 1237 καὶ
1617 1180 1911 1252 ἀσφάλεια,

333 1279 431 1335 καὶ
459 1279 672 1350 πύργος
701 1275 1172 1345 ἁκαταγώνιστος.

413 1454 475 1507 '0
503 1453 598 1508 τοῦ
623 1453 872 1519 ἀπαθοῦς
896 1453 1034 1508 Θεοῦ
1055 1453 1219 1524 φόϐος
1247 1453 1465 1524 ἀπαθής
1488 1469 1503 1484 ο
1532 1452 1780 1522 φοϐεῖται
1799 1452 1913 1526 γάρ

329 1563 435 1611 τις,
464 1544 528 1600 οὑ
559 1545 651 1600 τὸν
675 1545 831 1612 Θεὸν,
853 1545 992 1600 ἀλλὰ
1021 1544 1082 1598 τὸ
1110 1545 1411 1599 ἀποπεσεῖν
1442 1528 1536 1597 τοῦ
1562 1543 1720 1597 Θεοῦ.
1770 1543 1829 1595 '0
1857 1543 1914 1596 δὲ

329 1635 490 1690 τοῦτο
540 1635 748 1702 δεδιὼς,
797 1635 862 1689 τὸ
911 1638 1025 1700 τοῖς
1061 1636 1251 1698 κακοῖς
1305 1634 1630 1704 συμπεσεῖν,
1667 1630 1912 1700 φοϐεῖται

329 1729 426 1783 καὶ
459 1728 630 1782 δέδιεν
657 1727 728 1782 τὰ
753 1729 902 1782 κακά
926 1745 940 1760 ·
969 1730 998 1783 ὁ
1030 1705 1220 1792 δεδιὼς
1249 1726 1306 1780 δὲ
1333 1725 1396 1778 τὸ
1431 1725 1655 1795 πτῶμα,
1698 1723 1911 1794 ἀφθαρσ-

326 1836 422 1875 τον
459 1819 653 1875 ἑαυτὸν
687 1819 784 1874 καὶ
814 1819 1000 1891 ἀπαθῆ
1031 1814 1170 1874 εἶναι
1207 1817 1480 1891 βούλεται.

405 2104 424 2137 ι
447 2085 520 2144 Οὐ
558 2084 785 2138 δυνατὸν
815 2083 908 2136 τὸν
937 2081 1154 2154 άληθῶς
1185 2081 1353 2150 φοϐού
1363 2097 1522 2151 μενον
1543 2079 1633 2132 τὸν
1650 2077 1784 2131 Θεὸν
1806 2075 1913 2130 δει-

328 2177 450 2231 λίαν
485 2176 650 2248 ἔχειν,
691 2176 986 2248 εἰρημένου
1027 2173 1158 2229 τοῦ·
1198 2191 1217 2225 ι
1257 2171 1406 2245 Πλὴν
1435 2171 1599 2226 αὐτὸν
1641 2169 1716 2241 μὴ
1746 2165 1910 2238 φοϐοῦ

329 2268 509 2322 ἄλλον.
559 2285 578 2318 ι

405 2444 472 2528 ’ρ
535 2440 869 2514 φοϐούμενος
932 2440 1024 2494 τὸν
1088 2439 1260 2507 Θεὸν,
1327 2439 1470 2494 κατὰ
1541 2436 1673 2491 Θεὸν
1735 2435 1912 2490 πάντα

330 2529 584 2583 πραττει.

399 2599 634 2667 Λέγεται
663 2601 691 2653 ὁ
717 2599 850 2663 Θεὸς
883 2598 1114 2669 φοϐερὸς
1141 2593 1282 2652 εῖναι
1301 2612 1316 2628 ⁸
1349 2597 1466 2652 ἀλλ’
1505 2595 1604 2667 οὐχ
1632 2595 1710 2660 ὡς
1749 2594 1913 2649 θανα-

330 2693 494 2763 σίμου
522 2691 712 2763 θηρίου
747 2692 780 2763 ἢ
811 2691 1103 2762 ἀνθρώπου
1130 2689 1281 2760 ὠμοῦ
1306 2689 1471 2756 φόϐον
1508 2688 1671 2758 ἔχειν.
1716 2689 1776 2741 'U
1804 2689 1912 2758 γὰρ

326 2784 462 2847 Θεὸς
495 2784 610 2852 φῶς
639 2787 808 2847 ἐστιν,
854 2784 949 2837 καὶ
988 2783 1058 2836 τὰ
1089 2783 1241 2851 ἑξῆς.
1277 2780 1400 2843 Πῶς
1443 2775 1538 2834 οὖν
1583 2779 1914 2852 φοϐηθῶμεν

327 2877 468 2946 φῷς,
498 2877 530 2946 ἢ
566 2876 735 2948 ζωὴν,
767 2875 800 2947 ἢ
840 2873 1123 2946 ἀλήθειαν,
1161 2875 1194 2945 ἢ
1231 2875 1565 2939 ἁνάστασιν;
1603 2872 1680 2935 ὠς
1708 2871 1802 2924 ὲάν
1830 2888 1914 2934 τις

325 2965 362 3043 ᾖ
407 2970 500 3022 ἐπὶ
544 2968 746 3039 ὑψηλὸν
799 2967 924 3039 ὅρος
974 2967 1164 3031 οἰκῶν,
1218 2967 1314 3020 καὶ
1357 2966 1577 3034 λέγεται
1631 2963 1912 3034 φοϐεῖσθαι

328 3063 497 3117 αὐτό·
530 3063 591 3115 οὐ
639 3062 699 3114 τὸ
725 3061 850 3131 ὅρος
893 3060 1161 3129 φοϐεῖται,
1212 3058 1351 3113 ἀλλὰ
1397 3057 1493 3111 τοῦ
1549 3058 1623 3129 μὴ
1657 3058 1912 3110 ἐκπεσεῖν

2016 543 2305 598 tummodo
2346 543 2584 598 vitiosos
2625 542 2855 597 aﬂ‘ectus
2897 551 3120 600 nostros
3159 546 3474 614 propulsat,
3508 566 3602 605 ve-

2014 649 2139 688 rum
2169 642 2226 689 et
2253 634 2509 689 omnibus
2548 635 2856 690 virtutibus
2887 635 3106 689 facilem
3145 637 3211 689 ad
3255 653 3357 694 nos
3388 639 3601 696 aditum

2015 725 2214 796 aperit.
2245 723 2361 780 Nec
2389 725 2536 779 enim
2568 724 2869 794 quidquam
2912 727 3162 795 perinde,
3201 735 3316 783 tum
3369 739 3596 799 peccata

2016 817 2183 882 delet,
2241 824 2360 871 tum
2415 824 2582 887 auget
2631 816 2896 871 virtutem
2952 825 3009 873 et
3057 817 3350 875 florentem
3396 822 3596 890 reddit,

2015 918 2183 980 atque
2205 909 2460 979 perpetui
2509 909 2730 963 timoris
2773 917 2993 962 natura.
3032 909 3308 975 Quocirca
3339 912 3454 968 fieri
3486 931 3595 970 non

2014 1007 2219 1069 potest,
2253 1007 2314 1053 ut
2350 999 2445 1069 qui
2479 998 2537 1052 in
2579 999 2781 1052 timore
2815 998 2971 1062 vivit,
3009 1007 3160 1053 recte
3199 1001 3407 1070 aliquid
3448 1013 3594 1077 agat,

2013 1097 2070 1145 et
2090 1089 2334 1146 vicissim
2368 1093 2464 1160 qui
2495 1090 2552 1144 in
2578 1090 2780 1145 timore
2801 1090 2959 1154 vivit,
2994 1105 3023 1144 a
3064 1101 3216 1146 recto
3247 1093 3486 1150 aberret.

2084 1181 2360 1254 Chrysost.
2398 1192 2536 1238 orat.
2575 1183 2642 1238 15
2670 1182 2749 1237 De
2785 1193 2914 1238 stat.
2957 1213 3025 1226 —-
3069 1183 3256 1240 Timor
3282 1185 3416 1240 nihil
3444 1189 3592 1242 aliud

2013 1281 2123 1340 est,
2169 1275 2276 1331 nisi
2311 1289 2508 1331 murus
2546 1282 2601 1330 et
2645 1274 2990 1344 praesidium,
3041 1289 3106 1329 ac
3144 1277 3316 1332 turris
3364 1277 3598 1350 inexpu-

2013 1366 2272 1437 gnabilis.
3566 1424 3568 1426 ,

2083 1457 2250 1512 Clem.
2292 1457 2445 1512 Alex.
2499 1455 2760 1513 Stromat.
2792 1486 2859 1500 ——
2883 1457 3076 1512 Timor
3117 1459 3212 1515 Dei
3249 1459 3344 1531 qui
3383 1469 3598 1532 pertur-

2012 1548 2333 1605 bationibus
2373 1557 2556 1613 vacat,
2592 1549 2996 1618 perturbationi
3041 1566 3152 1605 non
3177 1561 3262 1606 est
3294 1553 3591 1607 obnoxius.

2012 1637 2201 1708 Neque
2226 1640 2372 1694 enim
2414 1637 2588 1694 Deum
2629 1640 2927 1709 quisquam
2968 1641 3148 1707 timet,
3192 1642 3289 1698 sed
3324 1657 3390 1696 ne
3425 1657 3454 1694 a
3486 1641 3594 1697 Deo

2012 1729 2251 1783 excidat.
2319 1728 2424 1793 Qui
2483 1737 2669 1784 autem
2739 1730 2844 1785 hoc
2913 1731 3091 1795 timet,
3153 1747 3224 1786 ne
3291 1731 3494 1786 incidat
3537 1731 3592 1785 in

2016 1820 2178 1883 mala,
2221 1821 2268 1876 is
2311 1821 2539 1890 proinde
2591 1822 2736 1876 mala
2786 1824 3010 1878 metuit.
3057 1823 3233 1878 Porro
3272 1823 3366 1892 qui
3401 1836 3592 1876 casum

2018 1911 2190 1976 timet,
2223 1913 2270 1967 is
2305 1911 2376 1966 ab
2406 1911 2635 1966 interitu
2661 1918 2716 1967 et
2744 1912 3196 1982 perpessiouibus
3229 1911 3444 1966 alienus
3474 1910 3591 1965 ﬁeri

2015 2003 2188 2071 cupit.
2464 2063 2472 2073 ,

2089 2093 2304 2164 Didym.
2336 2094 2389 2148 in
2412 2091 2527 2148 Isa.
2557 2092 2794 2148 —Fieri
2844 2107 2951 2148 non
2987 2101 3191 2163 potest,
3209 2102 3267 2148 ut
3295 2091 3390 2163 qui
3425 2091 3593 2146 timo-

2015 2202 2075 2242 re
2128 2185 2222 2242 Dei
2281 2185 2546 2257 praeditus
2599 2194 2705 2248 est,
2769 2186 3135 2240 meticulosus
3189 2187 3260 2240 sit
3304 2203 3318 2239 :
3371 2183 3593 2255 quando

2014 2280 2224 2334 dictum
2271 2287 2354 2333 est
2385 2297 2398 2332 :
2443 2297 2461 2330 ι
2498 2276 2708 2332 Practer
2747 2277 2904 2331 illum
2950 2292 3019 2332 ne
3057 2291 3389 2348 quemquam
3425 2276 3592 2329 alium

2015 2381 2247 2425 metuas.
2293 2389 2312 2421 ι

2089 2463 2320 2534 Evagrii.
2353 2492 2422 2503 —
2454 2461 2562 2528 Qui
2615 2462 2772 2518 timet
2816 2461 3013 2529 Deum,
3062 2463 3244 2518 omnia
3286 2463 3594 2520 secundum

2014 2555 2182 2609 Deum
2210 2554 2367 2624 gerit.

2085 2645 2362 2716 Ejusdem.
2409 2676 2480 2688 —
2525 2647 2671 2703 Deus
2713 2645 2984 2703 terribilis
3021 2662 3148 2702 esse
3195 2647 3403 2703 dicitur
3434 2668 3447 2704 :
3482 2665 3593 2705 non

2013 2738 2158 2808 quod
2191 2740 2245 2793 in
2275 2738 2556 2810 pestifera:
2589 2740 2787 2795 bellua:
2825 2747 2920 2793 aut
2948 2739 3078 2795 saevi
3115 2740 3356 2796 hominis
3383 2756 3594 2796 morem

2014 2839 2282 2885 terrorem
2317 2831 2575 2885 incutiat.
2611 2831 2757 2887 Deus
2785 2833 2987 2902 quippe
3019 2839 3104 2886 est
3137 2831 3255 2898 lux,
3303 2831 3414 2899 via,
3449 2833 3595 2888 veri-

2015 2930 2122 2987 tas,
2156 2930 2211 2977 et
2244 2921 2380 2987 vita,
2413 2930 2522 2978 etc.
2555 2922 2793 2984 Quinam
2839 2938 2972 2994 ergo
3021 2923 3226 2988 lucem,
3275 2933 3371 2977 aut
3401 2923 3594 2987 vitam,

2013 3023 2109 3068 aut
2178 3014 2508 3079 veritatem,
2570 3021 2668 3069 aut
2731 3016 3191 3072 resurrectionem
3270 3015 3598 3085 perhorres-

2015 3108 2248 3162 eamus?
2289 3106 2406 3162 Hoc
2454 3106 2684 3175 perinde
2722 3115 2826 3174 est,
2873 3121 2938 3162 ac
2997 3105 3044 3161 si
3095 3108 3221 3176 quis
3269 3107 3324 3160 in
3365 3105 3592 3162 sublimi

326 3154 518 3238 αὑτοῦ.
545 3153 739 3207 Τοίνυν
771 3155 865 3207 καὶ
889 3155 1052 3224 ἡμεῖς
1076 3151 1390 3223 φοϐούμεθα
1407 3150 1499 3206 τὸν
1530 3149 1685 3215 Θεὸν,
1717 3148 1912 3218 φοϐού-

333 3263 478 3269 _-_-_-_
520 3243 892 3269 1-.____,.._-.~.
934 3245 1110 3269 ---._x-
1183 3244 1273 3269 -..Α
1321 3243 1424 3269 -;-
1475 3241 1620 3269 r..:-
1677 3243 1766 3269 ,ης
1811 3241 1912 3269 -:-

2289 3148 2406 3162 ..νυ
2455 3148 2684 3175 rem“...
2723 3148 2826 3174 νη,
2873 3148 2938 3162 ..ν
2998 3148 3044 3161 .,.
3097 3148 3221 3176 qu...
3365 3148 3592 3162 .....,......

2038 3198 2255 3269 [uodam
2297 3205 2486 3253 monte
2515 3213 2712 3269 agens,
2752 3198 2934 3268 ipsum
2965 3204 3213 3253 metuere
3244 3197 3506 3264 dicatur;
3547 3197 3596 3253 is

330 3263 484 3316 μενοι
517 3247 772 3298 ἐκπεσεῖν
801 3243 894 3298 τοῦ
932 3245 1132 3314 φωτὸς,
1183 3244 1279 3298 καὶ⁵
1320 3243 1424 3314 τῆς
1473 3241 1642 3313 ζωῆς,
1677 3243 1772 3296 καὶ
1811 3241 1912 3312 τῆς

327 3337 611 3408 ἀληθείας,
647 3338 742 3391 καὶ
770 3337 870 3408 τῆς
895 3337 1168 3406 γνώσεως.
1632 3340 1641 3348 ’
1787 3345 1790 3348 ’

332 3673 460 3728 Τίτλ
492 3715 506 3727 .
547 3676 623 3730 Ε’.
663 3701 734 3714 -
772 3672 914 3742 Περὶ
963 3672 1306 3742 ἀντιλογίας
1369 3672 1518 3740 πρὸς
1570 3671 1760 3742 ﬂeor“
1811 3667 1910 3742 καὶ

403 3745 508 3865 ἒ,τὲ
525 3747 597 3798 οὺ
634 3742 730 3798 δεῖ
753 3737 1111 3813 ἀντιλέγειν,
1141 3737 1192 3809 ἦ
1224 3737 1728 3811 δικαιολογεῖσθαι
1761 3737 1911 3807 πρὸς

454 3831 477 3864 ε
517 3832 575 3865 ν.

454 3831 575 3868 εον.

404 3940 425 3973 ι
481 3924 704 3993 Ἀνομία
753 3925 890 3994 ἡμῖν
935 3923 1340 3996 λογισθήσεται,
1383 3921 1554 3977 πολλὰ
1603 3920 1911 3977 λαλούντων

332 4014 556 4084 ῥήματα
591 4012 822 4067 ἐνώπιον
847 4014 1074 4086 Κυρίου.
1123 4034 1142 4066 ι

406 4124 425 4154 ι
477 4104 592 4157 Οὐκ
646 4100 699 4157 εἴ
725 4105 1015 4175 ἄνθρωπος
1037 4108 1156 4159 κατ’
1201 4107 1326 4176 ἐμὲ,
1465 4104 1908 4176 ἀντικρινοῦμαι,

331 4196 420 4248 ἵνα
447 4195 692 4266 ἔλθωμεν
725 4195 1070 4268 ὁμοθυμαδὸν
1097 4197 1174 4261 εἰς
1208 4197 1412 4268 κρίσιν.
1459 4216 1474 4248 ι

414 4419 432 4450 ι
478 4401 542 4468 Τί
571 4399 650 4453 ἔτι
681 4399 791 4469 ἐγὼ
826 4400 1084 4470 κρίνομαι
1113 4400 1537 4469 νουθετούμενος
1564 4401 1659 4454 καὶ
1693 4399 1912 4469 ἐλεγχό-

2010 3287 2176 3357 plane
2211 3301 2323 3342 non
2377 3294 2618 3342 montem
2657 3287 2832 3352 timet,
2881 3285 2975 3342 sed
3012 3301 3082 3340 ne
3125 3299 3191 3338 ex
3235 3297 3303 3340 eo
3350 3300 3599 3354 praeceps

2010 3389 2155 3435 ruat.
2203 3378 2284 3434 Ad
2329 3379 2584 3436 eumdem
2633 3378 2858 3434 modum
2927 3375 3096 3431 Deum
3142 3377 3597 3442 extimescimus;

2009 3472 2113 3527 hoc
2140 3471 2328 3541 utique
2358 3477 2685 3533 metuentes,
2721 3484 2790 3525 ne
2828 3485 2856 3522 a
2891 3472 3011 3525 luce
3037 3507 3053 3533 ,
3094 3466 3224 3535 vita,
3260 3468 3493 3523 veritate
3543 3477 3598 3523 et

2011 3563 2243 3619 scientia
2283 3562 2631 3618 excidamus.

2083 3695 2195 3749 Tit.
2229 3693 2298 3748 V.
2321 3726 2392 3735 —
2420 3695 2497 3749 De
2545 3694 2960 3749 contradictione
2999 3695 3250 3750 adversus
3294 3691 3462 3748 Deum
3495 3708 3515 3748 :
3547 3705 3597 3749 et

2080 3767 2219 3836 quod
2255 3764 2506 3820 adversus
2540 3765 2712 3836 Deum
2755 3766 2968 3836 minime
2999 3767 3068 3819 sit
3100 3763 3596 3830 contradicendum,

1986 3869 1989 3872 -
2083 3834 2175 3890 nec
2205 3852 2320 3890 cum
2355 3852 2415 3890 eo
2447 3834 2915 3904 expostulandum.

2088 3944 2194 4000 Job
2247 3961 2437 4004 xxxtv.
2484 3946 2578 4002 57.
2615 3977 2684 3987 -
2722 3963 2742 3996 ι
2796 3944 3062 4017 lniquitas
3108 3947 3271 4004 nobis
3314 3943 3597 4016 reputabi-

2014 4045 2123 4102 tur,
2155 4037 2324 4091 multa
2354 4037 2519 4092 verba
2555 4037 2912 4107 loquentibus
2948 4053 3132 4092 coram
3170 4038 3430 4093 Domino.
3465 4057 3484 4088 ι

2087 4125 2191 4180 Job
2241 4143 2318 4192 ιι,
2355 4128 2446 4182 52.
2482 4157 2553 4169 -
2582 4147 2600 4179 ι
2629 4127 2753 4183 Νοη
2779 4143 2842 4183 es
2879 4129 3046 4184 homo
3075 4129 3272 4184 similis
3299 4130 3430 4190 mei,
3463 4143 3589 4183 cum

2013 4234 2123 4290 quo
2188 4219 2423 4288 litigent,
2483 4227 2546 4275 ut
2605 4220 2896 4276 veniamus
2947 4221 3285 4275 unanimiter
3324 4221 3392 4275 ad
3437 4220 3592 4290 judi-

2013 4326 2182 4369 etum.
2224 4329 2242 4361 ι

2081 4418 2184 4472 Job
2226 4402 2417 4484 xixix,
2466 4419 2557 4474 54.
2603 4449 2672 4461 -
2724 4437 2744 4471 ι
2804 4419 2947 4487 Quid
2994 4420 3178 4476 adhuc
3227 4436 3332 4492 ego
3369 4419 3593 4491 judicor

335 4508 495 4561 μενος
519 4490 669 4561 παρὰ
693 4491 920 4560 Κυρίου,
943 4489 1155 4544 ἁκούων
1189 4491 1412 4544 τοιαῦτα
1446 4491 1602 4544 οὐθὲν
1630 4491 1733 4558 ὦν;
1773 4489 1912 4559 Ἐγὼ

2038 4512 2338 4567 ιάωοηὶωε
2382 4522 2436 4568 et
2481 4512 2857 4582 reprehensus
2892 4528 2922 4568 a
2957 4512 3213 4579 Domino,
3239 4516 3474 4570 audiens
3504 4522 3590 4568 ta=

325 4583 387 4636 δὲ
417 4582 537 4635 τίνα
570 4583 865 4653 ἀπόκρισιν
895 4582 1083 4648 ’δώσως
1141 4585 1312 4653 Χεῖρα
1356 4583 1507 4653 θήσω
1554 4584 1648 4636 ἐπὶ
1679 4583 1913 4653 στόματί

2038 4602 2110 4667 ia,
2144 4617 2268 4656 cum
2313 4603 2452 4658 nihil
2493 4605 2637 4659 sim?
2666 4605 2782 4675 Ego
2818 4612 2999 4660 autem
3038 4605 3173 4675 quid
3211 4605 3324 4660 haec
3358 4622 3591 4676 respon-

334 4689 474 4744 μου·
524 4671 670 4738 ἅπαξ
710 4673 1002 4745 λελάληκα,
1038 4675 1131 4728 ἐπὶ
1169 4675 1224 4728 δὲ
1257 4674 1336 4744 τῷ
1365 4675 1604 4746 δευτέρῳ
1644 4676 1706 4728 οὐ
1752 4687 1914 4746 προσ-

333 4764 510 4835 θήσω.
558 4785 576 4816 ι

413 4893 432 4926 ι
480 4874 564 4946 Μή
604 4893 694 4944 μοι
718 4859 818 4946 εἴη’
847 4875 1088 4930 ἐναντίον
1117 4876 1324 4947 Κυρίου
1356 4878 1648 4948 ἀσεϐῆσαι,
1683 4875 1714 4950 ἢ
1757 4879 1912 4932 ἐναν-

329 4966 448 5020 τίον
478 4969 922 5040 παντοκράτορος
947 4969 1182 5039 ταράξαι
1227 4970 1291 5022 τὸ
1321 4969 1552 5024 δίκαιον.
1602 4989 1623 5023 ι

413 5096 432 5128 ι
475 5080 569 5150 Μὴ
602 5078 800 5132 σπεῦδε
837 5081 930 5133 ἐπὶ
960 5079 1191 5149 στόματί
1233 5097 1345 5146 σου,
1373 5080 1467 5132 καὶ⁴
1511 5082 1544 5151 ἡ
1586 5080 1784 5152 καρδία
1818 5097 1912 5134 σου

335 5172 414 5241 μὴ
450 5173 753 5244 ταχύνηται
782 5174 879 5227 τοῦ
925 5175 1234 5242 ἐξενεγκεῖν
1267 5173 1425 5242 λόγον
1458 5175 1566 5245 πρὸ
1617 5173 1914 5246 προσώπου

332 5262 428 5317 τοῦ
459 5262 613 5316 Θεοῦ.
666 5283 687 5317 ›

415 5395 435 5428 ι
477 5377 573 5448 Μὴ
616 5379 734 5449 ἐρεῖ
762 5378 988 5449 πλάσμα
1012 5376 1090 5448 τῷ
1129 5377 1419 5445 πλάσαντι,
1451 5379 1526 5431 Οὐ
1557 5378 1622 5431 σύ
1651 5396 1718 5449 με
1749 5377 1916 5433 ἔπλα-

335 5485 470 5537 σαςς
512 5472 544 5540 ἢ
595 5470 654 5522 τὸ
705 5471 920 5542 ποίημα
970 5470 1048 5542 τῷ
1088 5471 1401 5540 ποιήσαντι,
1451 5472 1527 5524 Οὐ
1574 5471 1810 5534 συνετῶς
1848 5487 1916 5542 με

335 5561 604 5631 ἐποίησας
627 5579 644 5630 ;
695 5581 714 5614 ι

416 5692 436 5725 ι
479 5674 570 5743 Μὴ
597 5676 710 5745 ἐρεῖ
734 5676 761 5727 ὁ
797 5676 964 5746 πηλὸς
989 5676 1068 5747 τῷ
1096 5678 1350 5747 κεραμεῖ,
1383 5676 1448 5730 Τί
1469 5678 1675 5744 ποιεῖς;
1712 5678 1776 5730 Τί
1817 5677 1915 5732 οὐκ

278 5790 291 5799 -
336 5764 613 5834 ὲργάσεις,
647 5763 765 5818 οὐδὲ
796 5764 938 5835 ἔχεις
966 5770 1189 5837 χεῖρας;
1240 5770 1333 5825 καὶ
1366 5768 1440 5840 μὴ
1482 5770 1915 5842 ἀποκριθήσεται

2014 4709 2135 4748 sum
2190 4694 2369 4749 dabo?
2425 4711 2650 4751 manum
2713 4713 2890 4753 meam
2956 4698 3235 4766 imponam
3302 4698 3385 4752 ori
3448 4711 3585 4752 meo.

2014 4784 2196 4844 Unum
2231 4787 2448 4843 locutus
2481 4804 2628 4852 sum,
2665 4797 2720 4842 et
2751 4789 2897 4843 ultra
2921 4803 3029 4843 non
3071 4789 3290 4843 addam.
3329 4808 3348 4842 ι

2089 4897 2232 4954 Ibid.
2257 4901 2346 4956 '55.
2376 4932 2447 4940 —
2490 4919 2507 4952 ι
2549 4901 2709 4955 Absit
2738 4909 2797 4956 ut
2819 4915 3006 4956 coram
3045 4900 3156 4957 Deo
3199 4901 3366 4970 impie
3392 4915 3550 4971 agam
3578 4917 3590 4951 :

2014 5003 2070 5050 et
2101 5007 2287 5048 coram
2324 4992 2716 5064 Omnipotente
2741 4993 2837 5064 jus
2869 4996 3194 5065 perturbem
3229 4995 3242 5048 ι
3294 5012 3313 5045 ι

2092 5103 2270 5158 Εεοίε.
2301 5120 2355 5167 v.
2385 5104 2438 5160 1.
2474 5134 2544 5146 --
2586 5123 2606 5156 ι
2637 5103 2717 5160 Ne
2747 5105 2979 5162 festines
3021 5106 3075 5160 in
3101 5119 3202 5162 ore
3236 5113 3336 5160 tuo
3370 5122 3384 5159 :
3417 5113 3473 5160 et
3500 5118 3599 5157 cor

2018 5202 2171 5249 tuum
2200 5209 2310 5249 non
2346 5195 2573 5250 festinet
2603 5195 2669 5251 ad
2692 5195 3088 5266 proferendum
3119 5196 3346 5254 verbum
3372 5197 3426 5250 in
3459 5211 3597 5252 con-

2017 5294 2210 5356 spectu
2243 5285 2360 5341 Dei.
2411 5304 2430 5337 ι

2089 5391 2205 5447 Ιεα.
2253 5409 2409 5460 nix,
2451 5394 2535 5448 l6.
2583 5425 2656 5438 —
2697 5413 2716 5446 ι
2768 5394 3030 5465 Nunquid
3083 5395 3231 5452 dicet
3282 5396 3596 5468 figmentum

2019 5480 2201 5536 lictori
2238 5497 2378 5538 suo:
2418 5484 2533 5536 Non
2577 5493 2635 5537 tu
2661 5500 2749 5540 me
2777 5485 2994 5540 fecisti?
3024 5493 3114 5540 aut
3155 5486 3364 5541 factura
3397 5485 3597 5543 faetori

2017 5587 2156 5628 suo:
2179 5573 2301 5628 Non
2335 5582 2391 5628 tu
2424 5577 2704 5645 sapienter
2742 5593 2830 5631 me
2865 5576 3081 5634 fecisti?
3116 5596 3136 5630 ι

2092 5684 2207 5740 Isa.
2245 5702 2366 5752 va,
2417 5689 2473 5753 9,
2517 5689 2603 5744 10.
2635 5719 2708 5732 -
2753 5708 2772 5741 ι
2811 5688 3070 5760 Nunquid
3129 5691 3280 5746 dicet
3323 5692 3498 5746 lutum
3535 5691 3598 5745 ﬁ-

2023 5776 2156 5846 gulo
2183 5794 2196 5831 :
2227 5775 2368 5842 Quid
2419 5777 2599 5834 facis?
2626 5779 2761 5848 quid
2785 5794 2893 5834 non
2922 5780 3262 5847 operaberis.
3298 5796 3398 5840 nec
3429 5782 3594 5836 habes
