1999 3195
269 158 338 191 1095

865 158 895 188 S.
913 156 1077 188 IOANNIS
1093 157 1311 190 DAMASCENI

1833 164 1891 199 1096

267 211 385 240 manus?
401 214 429 239 et
445 218 500 239 non
514 209 694 245 respondebit
708 209 871 246 ﬁgmentum
885 211 920 238 ad
933 218 997 239 eum
1010 211 1055 247 qui

1110 213 1140 239 τὸ
1157 213 1271 248 πλάσμα
1286 213 1355 249 πρὸς
1368 214 1414 243 τὸν
1431 215 1574 244 πλάσαντα
1588 216 1687 251 αὗτόνξ
1705 217 1721 253 ἢ
1739 220 1753 246 ὁ
1767 218 1849 255 λέγων
1859 224 1891 260 τῷ

268 266 298 287 se
315 258 394 285 tinxit
403 277 412 287 .
423 261 472 284 aut
485 257 532 292 qui
548 256 617 284 dicit
629 254 717 290 Patri,
735 264 786 285 cur
797 257 893 292 genuit
903 258 915 284 i
926 261 955 284 et
966 258 1060 290 matri,

267 306 325 333 Cur
336 304 480 339 parturis?
497 313 507 329 ι

305 352 371 386 Sap.
394 359 434 383 ιιι,
463 351 506 377 14.
522 359 583 377 -‹
600 350 652 383 Qui
684 359 738 379 non
766 350 901 385 cogitavit
924 349 1061 377 adversus

269 398 414 424 Dominum
442 397 625 431 nequissima,
651 397 716 425 huic
742 397 853 425 dabitur
870 397 974 424 donum
998 395 1060 425 ﬁdei

267 443 398 470 electum.
421 451 430 467 ι

304 489 387 524 308
408 488 493 516 Eccli.
518 497 567 522 vn,
595 489 622 517 5.
644 504 679 509 —
700 500 708 516 ι
729 489 770 517 Ne
793 495 818 518 te
836 490 975 526 justiﬁces
998 496 1062 521 ante

268 534 364 562 Deum.
382 544 392 560 ι

305 579 380 607 Rom.
398 580 493 613 1:320,
507 580 617 607 21.-ι
632 581 654 609 0
671 582 763 614 homo,
786 587 813 609 tu
833 583 895 618 quis
904 584 1002 619 es,qui
1015 592 1057 612 rc-

269 627 408 661 spondeas
422 626 497 654 Deo?
511 628 552 654 An
571 628 644 655 dicet
659 629 817 663 ﬁgmentum
829 629 852 656 ei
863 630 909 664 qni
920 638 949 657 se
963 630 1059 658 iinxit:

269 673 341 705 Quid
361 681 401 700 me
423 673 512 700 fecisti
527 673 591 700 sic?
612 674 712 701 Annon
738 675 820 702 habet
839 680 1004 710 potestatem
1028 676 1061 704 Ii-

269 719 349 752 gulus
373 719 421 745 luti
448 727 480 746 ex
499 720 594 746 eadem
618 727 710 747 massa
729 720 828 752 facere,
853 721 927 748 aliud
946 722 1059 756 quidem

270 772 317 791 vas
329 766 354 791 in
373 765 520 797 honerem;
537 765 613 792 aliud
639 771 730 793 autem
752 767 778 792 in
793 767 1010 794 contumeliam?
1027 777 1037 794 ι

304 809 317 835 1
336 810 397 836 Cor.
416 818 442 842 χ,
459 810 486 837 9.
511 826 538 830 —
554 821 563 836 ‹
579 811 638 838 Νοιι
659 816 798 840 lentemus
813 812 970 846 Dominum,
988 815 1061 842 sicut

268 856 380 890 quidam
403 864 500 883 eorum
517 861 702 890 tentaverunt,
718 862 745 886 et
763 865 778 885 a
798 860 975 894 serpentibus
991 868 1056 896 per-

268 902 369 928 icrunt.
389 911 394 926 ι

299 947 388 975 Basil.
406 948 481 980 Quod
499 948 567 975 Deus
584 957 635 977 non
647 955 686 977 est
701 955 796 978 auctor
809 952 1059 987 molarium—Qui

269 993 323 1020 Deo
347 994 476 1021 reluctari
504 995 615 1028 audent,
644 996 687 1024 his
709 998 803 1024 verbis
827 1003 968 1026 utuntur:
988 999 1060 1032 Quid

267 1044 319 1071 est,
332 1041 513 1075 quamobrem
539 1042 566 1069 in
592 1042 649 1077 ipsa
669 1046 811 1070 structura
831 1052 886 1071 non
915 1045 1060 1076 habemus.

266 1091 296 1113 ut
311 1092 388 1114 extra
414 1087 549 1121 peccandi
567 1088 655 1115 aleam
672 1089 772 1122 simus,
794 1094 823 1117 ut
838 1098 883 1122 ne,
901 1092 923 1118 si
942 1092 1060 1123 velimus

265 1133 387 1166 quidem,
408 1140 524 1168 peccare
541 1134 621 1162 nobis
638 1134 738 1162 liceat?
753 1136 889 1169 Quoniam
903 1141 930 1163 tu
949 1145 1058 1173 quoque

266 1186 372 1211 servos,
382 1186 450 1212 non,
464 1188 527 1207 eum
546 1188 594 1208 eos
611 1181 638 1207 in
656 1182 776 1211 vinculis
789 1184 956 1212 constrictos
968 1189 1056 1218 tenes,

261 1224 412 1252 benevolos
428 1226 475 1252 tibi
490 1227 646 1259 existimas;
662 1228 708 1255 sed
731 1236 792 1256 cum
814 1237 862 1257 eos
879 1234 978 1265 sponte
995 1239 1057 1258 mu-

264 1277 331 1296 nere
346 1277 397 1296 suo
413 1269 489 1304 iungi
507 1272 653 1305 perspicis.
667 1272 738 1305 Quin
754 1273 809 1301 Deo
825 1282 936 1310 quoque
947 1280 1056 1311 gratum

263 1318 315 1346 est,
332 1322 386 1341 non
404 1315 478 1350 quod
497 1315 521 1342 vi
534 1320 729 1351 extorquetur,
746 1319 795 1346 sed
808 1319 881 1353 quod
899 1327 931 1347 ex
954 1320 1057 1348 virtute

261 1360 377 1393 geritur.
401 1359 497 1388 Virtus
516 1368 600 1396 porro
615 1369 630 1388 a
652 1362 805 1396 voluntate,
822 1371 878 1391 non
889 1372 924 1391 ex
933 1365 1057 1393 necessi-

262 1409 320 1433 tate
346 1407 448 1434 oritur.
477 1406 572 1442 itaque
595 1408 643 1443 qui
667 1408 842 1437 conditorem
867 1411 918 1438 hoc
946 1412 1057 1439 nomine

262 1453 454 1487 reprehendit.
481 1455 555 1490 quod
576 1463 628 1483 nos
654 1460 755 1484 natura
779 1458 978 1493 impeccabilcs
1004 1468 1058 1487 non

261 1499 431 1533 condiderit,
455 1501 525 1528 nihil
549 1503 624 1531 aliud
647 1512 729 1539 quam
746 1504 856 1532 brutam
876 1510 1006 1533 naturam
1033 1506 1058 1534 ei

1113 260 1209 295 πατρὶ,
1223 261 1249 287 τι
1265 261 1412 297 ὲγὲννησε;
1427 262 1475 289 καὶ
1490 264 1523 299 τῇ
1541 263 1637 300 μητρὶ,
1649 265 1683 291 Τί
1698 265 1816 301 did-Ivem;
1835 277 1847 294 θ

1151 360 1160 377 ι
1190 352 1218 377 '0
1233 351 1271 387 μὴ
1284 352 1449 388 ἐνθυμηθεὶς
1467 353 1538 381 κατὰ
1548 354 1596 381 τοῦ
1612 354 1719 390 Κυρίου
1731 355 1844 392 πονηρὰ,
1852 357 1891 384 α-

1113 398 1227 433 θήσεται
1244 399 1318 434 αὐτῷ
1331 401 1380 435 τῆς
1394 400 1514 432 πίστεως
1534 401 1616 436 χάρις
1631 401 1761 437 ὲκλεκτή.
1780 408 1797 428 δ

1153 500 1162 516 ι
1186 491 1233 527 Μὴ
1243 490 1349 518 δικαιοῦ
1363 492 1486 519 ἐναντίον
1502 492 1617 533 Κυρίου.
1643 502 1653 519 ι

1152 589 1162 606 ι
1183 578 1218 607 Ὦ
1247 580 1385 617 ἄνθρωπε,
1410 581 1508 617 μενοῦν
1523 591 1566 616 γε,
1593 583 1627 609 σὺ
1647 583 1691 614 τίς
1708 579 1738 610 εἴ
1751 584 1892 614 δεκατευ-

1114 626 1274 662 κρινόμενος
1293 627 1332 662 τῷ
1352 627 1427 662 Θεῷ;
1455 628 1501 663 Μὴ
1525 629 1584 665 ἐρεῖ
1601 629 1632 655 τὸ
1649 629 1765 665 πλάσμα
1786 631 1823 666 τῷ
1836 632 1893 660 πελά-

1114 681 1208 699 σαντι”
1233 673 1265 698 Τί
1281 681 1314 707 με
1328 674 1461 708 ἐποίησας
1481 674 1586 706 οὖτως;
1604 674 1685 710 ἢούκ
1706 675 1763 711 ἔχει
1782 676 1891 709 ἐξουσίαν

1112 719 1127 744 ὀ
1152 719 1293 754 κεραμεὺς
1317 719 1365 746 τοῦ
1391 720 1479 756 πηλοῦ
1507 721 1538 747 ὲκ
1563 721 1609 748 τοῦ
1636 722 1722 748 αὐτοῦ
1746 723 1890 758 φυράματος

1113 764 1237 799 ποιῆσαι,
1252 764 1266 790 ὃ
1280 765 1329 798 μὲν
1340 766 1380 796 είς
1395 766 1479 802 τιμὴν
1495 767 1602 799 σκεῦος,
1616 767 1630 794 ὃ
1644 768 1674 795 δὲ
1688 768 1729 800 εἰς
1743 769 1865 805 ἁτιμίανς
1880 780 1888 797 ι

1152 819 1161 836 ι
1186 812 1231 846 Μὴ
1247 812 1424 847 πειράζωμεν
1437 814 1609 849 τὺν¹Κύριον,
1624 814 1719 847 καθώς
1730 824 1802 849 τινες
1813 816 1890 845 αὐτῶν

1113 859 1273 893 ἐπείρασαν,
1287 859 1334 886 καὶ
1348 860 1400 886 ὑπὸ
1416 859 1469 886 τῶν
1486 860 1574 895 ὄφεων
1594 861 1746 890 ἀπώλοντο.
1764 872 1779 888 ν)

1147 949 1178 974 Οἱ
1196 949 1348 984 τολμῶντες
1369 950 1428 985 Θεῷ
1450 951 1610 986 ἀντιλέγειν,
1635 952 1737 986 φασίν’
1752 953 1802 981 Διά
1823 953 1847 980 τί
1867 955 1889 980 ἐν

1112 996 1145 1030 τῇ
1171 997 1327 1030 κατασκευῇ
1352 996 1383 1022 τὸ
1403 997 1596 1032 ἀναμάρτητον
1624 998 1676 1025 οὐκ
1701 999 1810 1041 ἔχομεν,
1831 1000 1889 1027 ὥστε

1112 1044 1173 1070 οὐδὲ
1185 1043 1357 1079 βουλομένοις
1369 1045 1436 1080 ἡμῖν
1450 1045 1585 1081 ὑπάρχειν
1598 1047 1627 1073 τὸ
1642 1047 1825 1082 amp-tivam;
1840 1048 1889 1075 Ὅτι

1113 1090 1161 1116 καὶ
1180 1090 1212 1116 σὺ
1224 1091 1287 1122 τοὺς
1298 1091 1419 1123 οἰκέτας,
1433 1091 1481 1126 οὺχ
1494 1092 1557 1118 ὅταν
1568 1093 1698 1127 δεσμίους
1714 1094 1778 1129 ἔχῃς
1788 1114 1794 1125 ,
1809 1093 1888 1126 εὔνους

1114 1136 1327 1171 ὑπολαμϐάνεις,
1339 1137 1395 1163 ἀλλ’
1409 1138 1474 1165 ὅταν
1491 1139 1548 1175 ἴδῃς
1563 1140 1699 1171 ἑκουσίως
1713 1140 1887 1177 ἀποπληροῦν-

1113 1182 1162 1213 re;
1179 1190 1220 1209 σοι
1236 1182 1270 1209 τὰ
1284 1182 1451 1218 καθήκοντα.
1470 1185 1526 1211 Καὶ
1544 1185 1605 1221 Θεῷ
1622 1185 1712 1220 φίλον,
1733 1186 1763 1214 οὐ
1778 1186 1807 1213 τὸ
1817 1187 1888 1222 ἡναγ-

1112 1229 1260 1263 κασμένον,
1275 1229 1342 1255 ἀλλὰ
1359 1229 1389 1256 τὸ
1404 1231 1434 1263 ἐξ
1448 1231 1548 1266 ἀρετῆς
1560 1232 1791 1268 κατορθούμενον.
1807 1232 1887 1268 ’Λρετὴ

1111 1275 1140 1302 δὲ
1167 1276 1201 1302 ὲκ
1224 1276 1423 1312 προαιρέσεως,
1448 1278 1495 1305 καὶ
1512 1278 1563 1305 οὐκ
1586 1279 1715 1315 ἀνάγκης
1737 1279 1845 1315 γίνεται.
1864 1280 1887 1306 ’0

1112 1322 1202 1349 τοίνυν
1227 1323 1402 1358 μεμφόμενος
1430 1324 1476 1351 τὸν
1502 1326 1630 1361 ποιητὴν,
1653 1325 1693 1358 ὡς
1717 1326 1755 1362 μὴ
1782 1326 1887 1361 φυσικῶς

1111 1370 1358 1397 κατασκευάσαντα
1380 1371 1455 1405 ἡμᾶς
1479 1372 1706 1408 ἀναμαρτήτους,
1721 1372 1795 1400 οὐδὲν
1809 1373 1887 1409 ἕτερον

1111 1415 1127 1449 ἢ
1144 1415 1195 1449 τὴν
1213 1415 1312 1450 ἄλογον
1328 1416 1409 1450 φύσιν
1424 1417 1475 1452 τῆς
1498 1417 1611 1453 λογικῆς
1633 1418 1767 1454 προτιμᾷ,
1783 1418 1828 1445 καὶ
1847 1417 1887 1453 τὴν

1112 1461 1241 1496 ἀκίνητον
1262 1461 1309 1488 καὶ
1323 1462 1479 1498 ἁνόρμητον
1492 1463 1544 1498 τῆς
1560 1465 1760 1500 πρωιρετικῆς
1783 1463 1827 1491 καὶ
1846 1463 1886 1498 ὲμ-

1112 1516 1235 1543 πρακτου
1240 1528 1247 1535 .

261 1553 324 1583 quaa
343 1548 489 1577 rationalis
508 1554 550 1578 est
569 1553 731 1587 anteponit;
752 1556 779 1580 et
797 1552 873 1581 illam
894 1561 956 1589 qua:
980 1554 1058 1582 nullo
1077 1562 1110 1583 ex
1140 1563 1170 1583 se
1197 1559 1273 1583 motu
1297 1556 1395 1590 cietur,
1429 1557 1454 1584 ei
1493 1557 1538 1585 cui
1568 1557 1643 1586 inest
1686 1558 1784 1586 electio
1806 1561 1831 1586 et
1852 1556 1886 1583 vis

263 1593 376 1628 agendi.

299 1638 344 1665 Id.
360 1640 436 1674 epist.
454 1641 498 1669 41.
514 1658 545 1662 -
561 1642 600 1670 Ne
614 1644 690 1679 quis,
706 1644 802 1678 velim,
815 1646 956 1681 corrigere
970 1645 1055 1673 Deum

1146 1646 1259 1681 Μηδεὶς,
1278 1645 1443 1681 παρακαλῶ,
1460 1646 1627 1682 διορθούσθω
1647 1647 1694 1674 τὸν
1708 1647 1818 1683 Κύρων,
1830 1646 1886 1683 μηδὲ

262 1688 358 1717 tentet,
380 1689 406 1712 et
425 1686 593 1716 dicatziloc
616 1689 698 1718 nobis
713 1692 827 1718 omnino
847 1691 929 1719 debet
948 1691 1058 1718 contin-

262 1738 336 1766 gere,
353 1738 409 1759 non
431 1737 522 1761 autem
548 1734 627 1763 illud.
642 1746 651 1762 ‹
669 1735 738 1769 Quis
755 1738 829 1764 enim
852 1738 930 1765 novit
944 1744 1057 1765 sensum

264 1776 386 1809 Domini;
407 1783 454 1805 aut
466 1780 529 1814 quis
540 1782 716 1810 Consiliarius
733 1782 793 1817 ejus
807 1783 858 1810 fult
869 1783 882 1810 ’ί
897 1793 906 1810 ι
919 1783 1006 1820 (Rom.
1018 1791 1056 1816 ιι,

261 1824 307 1859 Si)
335 1823 365 1852 ln
400 1826 518 1861 caligine
536 1828 673 1862 siquidem
704 1829 822 1864 iudicat.
847 1834 878 1857 ut
899 1830 962 1858 Jobi
995 1838 1056 1858 ser-

255 1870 392 1899 monibus
416 1875 489 1905 utar,
508 1876 536 1900 et
559 1874 647 1902 nubes
673 1875 820 1903 abseonsio
843 1876 904 1911 ejus
927 1879 981 1908 est,
1005 1884 1056 1904 nec

231 1928 233 1931 -
261 1916 460 1950 conspicietur.
478 1918 628 1954 Explorata
646 1921 831 1949 medicamina
851 1921 945 1955 habet,
962 1930 1024 1957 quae
1041 1930 1055 1949 ιι

263 1961 330 1988 vitio
341 1962 375 1989 ad
389 1963 534 1997 virtutem,
550 1969 577 1993 et
588 1966 622 1994 ab
634 1967 811 2002 ignoratione
820 1968 854 1996 ad
867 1969 1055 2006 cognitionem

262 2007 309 2035 Dei
327 2009 436 2036 animos
451 2012 583 2039 excitant.

296 2053 394 2088 Cyri/li
408 2055 538 2084 Alexaud.
548 2073 581 2077 —
592 2058 708 2087 Demitte
720 2060 910 2094 supercilium,
920 2068 937 2088 ο
948 2061 1031 2089 homo
1045 2071 1053 2089 :

261 2100 421 2133 repagulum
444 2105 471 2127 et
485 2101 599 2135 januam
615 2104 726 2138 impone
745 2105 856 2141 lingure.
874 2105 916 2133 Ab
935 2106 987 2134 hoc
998 2111 1053 2134 tam

262 2143 361 2179 frigido
388 2147 547 2182 vaniloquio
579 2151 784 2184 quamprimum
823 2152 952 2180 abscede.
987 2152 1053 2180 Sine

261 2189 346 2217 Deum
361 2196 388 2217 et
402 2193 484 2224 seire,
497 2198 525 2220 et
545 2194 644 2228 iacere,
657 2204 718 2231 quae
733 2197 822 2231 ipsum
841 2197 966 2225 deceant.

281 2256 332 2285 Tit.
350 2257 395 2285 Vl.
410 2274 443 2279 —-
461 2259 498 2287 De
525 2262 623 2297 angelis
635 2271 650 2304 .:
665 2269 688 2291 et
705 2264 775 2299 quod
791 2266 910 2293 admisso
928 2271 1036 2302 peccato

576 2303 732 2325 numaniur.

576 2305 732 2331 puniamur.

295 2351 346 2379 Job
367 2361 441 2387 xxw,
467 2355 510 2383 15.
530 2370 566 2376 -
586 2365 595 2382 ι
617 2357 759 2394 Prmcepto
788 2359 929 2388 interfecit
955 2362 1052 2390 draco-

260 2406 320 2424 nem
336 2403 500 2434 apostatam.
523 2411 531 2427 ι

296 2443 327 2470 Il
349 2444 424 2472 Pelr.
447 2454 478 2479 ιι,
506 2448 533 2474 4.
556 2463 591 2468 —
619 2449 716 2478 «Deus
740 2452 847 2487 angelis
869 2455 1051 2488 peccantibus

261 2496 315 2516 non
333 2491 466 2524 pepercit,
489 2493 538 2520 sed
556 2494 724 2523 rudentibus
738 2496 841 2524 inferni
862 2498 1005 2527 detractos
1022 2501 1050 2527 in

259 2539 395 2563 tartarum
412 2537 527 2566 tradidit
549 2541 727 2575 cruciandos,
755 2543 782 2570 in
798 2545 935 2579 judicium
958 2553 1050 2574 reser-

260 2589 329 2609 Val‘i.
349 2591 360 2608 ι

297 2628 377 2657 Judw
404 2630 431 2658 6.
458 2647 494 2652 —-
531 2642 540 2659 ι
568 2633 688 2670 Angelos
710 2636 759 2669 qui
786 2644 842 2664 non
866 2644 1049 2666 servaverunt

261 2682 342 2704 suum
359 2677 558 2713 principatum,
573 2680 622 2709 sed
635 2681 845 2716 dereliquerunt
864 2691 945 2712 suum
961 2685 1050 2712 domi-

1109 1693 1240 1728 λεγέσθω,
1257 1694 1298 1720 ὅτι
1313 1693 1393 1720 τοῦτο
1409 1694 1474 1728 ἡμῖν
1490 1693 1592 1728 ὠφελεῖ
1616 1695 1767 1731 συμόἦναι,
1789 1694 1833 1721 καὶ
1845 1693 1885 1720 οὐκ

1109 1741 1198 1766 ἐκεῖνο
1213 1739 1332 1771 πάντως.
1350 1749 1359 1765 ι
1382 1740 1431 1771 Τίς
1445 1739 1500 1775 γὰρ
1517 1740 1587 1774 ἔγνω
1602 1741 1669 1768 νοῦν
1689 1741 1808 1777 Κυρίους
1822 1740 1836 1775 ἢ
1852 1740 1883 1771 τίί

1110 1784 1263 1820 σύμϐουλος
1286 1784 1369 1811 αὑτοῦ
1387 1785 1515 1819 ὲγένετο;
1535 1796 1544 1812 ι
1565 1787 1594 1813 ἐν
1614 1787 1709 1823 γνόφῳ
1734 1787 1786 1822 γὰρ
1801 1785 1883 1822 κρίνει,

1108 1831 1178 1858 κατὰ
1205 1831 1251 1858 τὸν
1272 1830 1343 1865 Ἰὼϐ,
1371 1832 1418 1858 καὶ
1432 1832 1531 1868 νεφέλη
1555 1833 1706 1870 ἀποκρυφὴ
1733 1832 1824 1863 αὐτοῦ.
1847 1831 1883 1858 καὶ

1108 1878 1156 1913 οὐχ
1169 1877 1347 1913 ὀραοήσεται.
1372 1876 1450 1905 Εῐδεν
1469 1878 1504 1905 τὰ
1521 1879 1576 1905 ἀπὸ
1599 1879 1702 1911 κακίας
1725 1877 1771 1906 ἐπὶ
1788 1875 1883 1913 ἀρετὴν,

1108 1924 1155 1951 καὶ
1170 1924 1223 1951 ἀπὸ
1236 1924 1375 1958 ἀγνωσίας
1390 1926 1430 1957 εὶς
1445 1926 1594 1960 ἐπίγνωσιν
1608 1925 1679 1952 Θεοῦ
1693 1924 1885 1960 προτρεπόμενι

1089 2007 1093 2010 _
1107 1970 1252 2006 φάρμακα.

1176 2070 1278 2102 Κάθες,
1292 2070 1430 2107 ἄνθρωπε.
1442 2072 1492 2106 τὴν
1509 2073 1599 2108 ὁρμήν
1610 2081 1617 2089 ο
1631 2073 1727 2104 ἐπίθες
1743 2074 1777 2108 τῇ
1791 2070 1881 2105 γλώττῃ

1107 2115 1206 2151 μοχλὶν
1223 2116 1270 2142 καὶ
1285 2115 1379 2151 ούραν,
1397 2117 1574 2152 ὰποπήδησον
1588 2117 1638 2153 τῆς
1650 2117 1721 2143 οὕτω
1737 2116 1838 2151 ψυχρᾶς
1849 2114 1881 2140 εἶ’

1105 2161 1269 2196 καιομυθὶας
1297 2163 1388 2196 Πάρες
1414 2163 1460 2189 ἐπὶ
1483 2163 1575 2190 πάντα
1599 2163 1660 2198 Θεῷ
1674 2163 1705 2190 τὸ
1729 2163 1774 2189 καὶ
1797 2160 1882 2187 ειδέναι

1105 2207 1152 2233 καὶ
1165 2207 1232 2243 δρᾷν
1247 2207 1319 2243 ἅπερ
1337 2207 1370 2234 ἂν
1386 2208 1459 2243 αὐτῷ
1473 2209 1584 2244 πρέπει.

1103 2274 1178 2301 Τίτλ.
1213 2276 1260 2308 ς’.
1289 2290 1328 2313 _——
1354 2276 1424 2313 Περὶ
1450 2276 1604 2312 ἀγγέλων·
1633 2278 1679 2306 ὅτι
1701 2278 1751 2306 καὶ
1775 2276 1880 2313 ἄγγελοι

1278 2311 1508 2346 ἀμαρτήσιιντεζ
1532 2313 1719 2344 κολάζονται.

1143 2377 1152 2393 ι
1190 2367 1388 2403 Προστάγματι
1424 2369 1580 2397 ἐθανάτωσε
1608 2371 1742 2407 δράκοντα
1764 2366 1880 2397 ἀποστά-

1103 2421 1163 2440 την,
1194 2422 1204 2439 ι

1139 2422 1163 2440 ν,
1194 2422 1204 2439 ι

1120 2421 1152 2484 ηε
1182 2460 1211 2486 '0
1237 2460 1303 2492 Θεὸς
1330 2461 1550 2497 αμαρτησάντων
1577 2463 1628 2490 οὐκ
1653 2463 1795 2498 ἐφείσατο·
1821 2457 1879 2487 ἀλλὰ

1103 2507 1210 2541 σειραῖς
1236 2506 1319 2541 ζόφου
1348 2507 1539 2544 ταρταρώσας,
1560 2510 1719 2546 παρέδωκεν
1739 2510 1778 2541 εἰς
1798 2505 1878 2541 κρίσιν

1105 2550 1303 2586 κολαζομένους
1322 2552 1474 2588 τηρεῖσθαι.
1501 2562 1510 2579 ι

1143 2650 1152 2665 ε
1184 2640 1329 2675 Ἀγγέλους
1346 2642 1408 2673 τοὺς
1423 2642 1460 2677 μὴ
1473 2644 1649 2679 τηρήσαντας
1662 2644 1711 2680 τὴν
1723 2640 1822 2670 ἑαυτῶν
1834 2639 1876 2674 ὁρ·

1105 2685 1166 2721 χὴν,
1184 2685 1253 2712 ἀλλὰ
1268 2686 1452 2719 ἀπολιπόντας
1470 2688 1501 2714 τὸ
1515 2689 1580 2716 ἴδιον
1592 2690 1760 2725 οἰκητήριον,
1774 2686 1812 2718 εις
1824 2681 1875 2735 ﬁt"

895 2780 1015 2809 VARUS
1035 2782 1240 2813 LECTIONES.

301 2828 548 2882 ἶξῖτυξηξθὶρςςίιιη
566 2835 979 2882 ini-ipp:diciturrﬂacccpta‘ex
999 2840 1047 2867 lib.
1062 2849 1128 2869 xvm
1150 2841 1251 2871 Contra
1260 2843 1379 2879 Iuliam,
1390 2852 1452 2873 cum
1470 2846 1590 2882 Cyl-illus
1607 2845 1702 2875 decem
1722 2843 1803 2872 libros
1814 2841 1875 2869 dun-

260 2867 346 2898 taxat,
368 2873 422 2894 non
439 2867 543 2903 plures,
565 2867 662 2899 contra
678 2867 955 2902 Julianumcdiderit.
