3998 6394
341 335 480 400 I097

1685 344 1934 417 SACB-A
1971 344 2420 406 PARALLELA

3482 355 3620 421 1098

345 466 434 503 σιν
463 447 703 520 μεγάλης
745 448 959 523 ἡμέρας
986 449 1207 521 δεσμοῖς
1236 449 1477 516 αἰωνίοις
1510 450 1612 506 ὑπὸ
1642 453 1806 523 ζόφον
1835 473 1924 510 τε-

2049 452 2239 520 :ilium,
2289 455 2345 508 in
2389 451 2664 524 judicium
2719 458 2897 529 magni
2945 459 3052 516 dici
3101 459 3339 520 vinculis
3389 472 3619 528 aeternis

354 547 614 610 τήρηκεν.
666 560 684 594 ι

602 583 614 596 .
666 563 684 594 θ

390 563 687 699 ηςέζῗίέλοι
720 630 937 699 πάντες,
969 630 1158 703 ὥσπερ
1213 634 1610 706 προσηγορίας»
1646 635 1790 690 οὕτω
1835 640 1930 694 καὶ

357 723 571 789 φύσεως
599 723 820 786 πάντως
852 725 952 794 τῆς
987 724 1157 795 αὐτῆς
1190 725 1536 795 τυγχάνουσι.

421 814 734 886 Φανοτάτης
770 815 935 886 οὔσης
969 815 1158 880 οὐσίας
1203 818 1312 872 τῶν
1345 819 1620 888 ἀγγέλων,
1653 821 1854 890 μᾶλλον
1877 822 1934 875 δε

349 905 627 978 οὐρανίου,
655 907 755 960 ούκ
779 907 1223 978 ἀποτεταγμένον
1252 910 1309 963 ἓν
1336 908 1498 976 εἶδος,
1525 912 1559 981 ἢ
1607 912 1704 981 μία
1745 915 1932 984 μορφὴ

353 1001 482 1072 περὶ
514 999 652 1056 αύτά
691 1001 1007 1072 εὑρίσκεται
1027 1019 1040 1032 ⁸
1072 1003 1132 1056 οὐ
1164 1004 1272 1076 γὰρ
1299 993 1534 1076 σκληραὶ
1583 1006 1676 1060 καὶ
1713 1006 1930 1062 ἀντίτυ-

350 1108 443 1146 ποι
476 1092 667 1162 φύσεις
693 1094 967 1164 σωμάτων
994 1094 1153 1150 εἰσίν.

417 1274 530 1332 Ἦν
551 1277 622 1332 τὰ
652 1277 818 1350 σκέλη
848 1276 1028 1334 αὐτῶν
1065 1279 1349 1349 ὀ,ρθὰ,¹καὶ
1381 1282 1651 1353 πτερωτοὶ
1681 1283 1730 1335 οἱ
1772 1283 1933 1347 πόδες

347 1369 549 1436 αὐτῶν,
573 1371 601 1424 6
636 1371 812 1442 μέγας
855 1371 1115 1442 Ἰεζεκιὴλ
1147 1374 1275 1444 περὶ
1297 1373 1405 1428 τῶν
1427 1373 1679 1443 ἀγγέλων
1707 1375 1895 1444 ἔλεγεν
1915 1393 1928 1407 ·

348 1465 485 1535 ὅπερ
515 1464 663 1534 δηλοί
693 1464 756 1517 τὸ
804 1463 1022 1526 ἀκλινὲς
1048 1464 1150 1534 τῆς
1183 1463 1434 1536 γνώμης,
1469 1465 1562 1518 καὶ
1595 1465 1656 1518 τὸ
1690 1465 1825 1537 πρὸς
1865 1466 1934 1520 τὰ

349 1557 598 1628 νοήματα
642 1555 742 1627 τῆς
790 1554 1008 1625 φύσεως
1057 1555 1276 1626 ἐκείνης
1340 1555 1686 1626 ὀξυκίνητον.

333 1632 345 1640 ’
417 1647 682 1718 Τιμῶμεν
714 1645 1004 1714 ἀγγέλους,
1049 1646 1110 1698 ού
1164 1645 1252 1699 διὰ
1295 1646 1395 1716 τὴν
1441 1646 1624 1715 φύσιν,
1672 1645 1808 1702 ἀλλά
1845 1646 1934 1700 διὰ

347 1737 446 1809 τὴν
483 1738 706 1810 ἀρετήν·
741 1737 836 1791 καὶ
864 1731 1128 1807 δαίμονας
1175 1736 1537 1809 ἀτιμάζομεν,
1573 1737 1663 1792 διὰ
1709 1739 1810 1810 τὴν
1840 1739 1930 1792 ὲνο

347 1829 701 1902 υπάρχουσαν
741 1828 922 1884 αὐτῶν
955 1828 1178 1883 κακίαν.

415 1919 796 1992 Πνευματικαὶ
827 1918 937 1973 τῶν
975 1919 1224 1987 ἀγγέλων
1262 1918 1477 1973 οὐσίαν
1525 1919 1842 1984 είκάζονται
1872 1920 1930 1974 δὲ

347 2009 609 2074 πολλάκις
638 2008 942 2081 ἀνθρώπων
985 2009 1185 2075 ἰδέαις,
1221 2009 1362 2082 πρὸς
1408 2009 1509 2076 τὰς
1561 2011 1931 2084 ὑποκειμένας

343 2099 536 2172 χρείας
569 2093 929 2171 μεταμορφού
932 2115 1114 2170 μενοι.

345 2233 528 2290 ΤΙΤΛ.
553 2233 867 2306 Ζ’.-Περί
889 2232 1185 2306 ἀγγέλων·
1212 2235 1302 2289 ὅτι
1326 2234 1623 2304 ἀγγέλους
1651 2235 1932 2306 φύλακας

736 2303 891 2373 ἡμῖν
915 2303 1263 2374 ἐπέστησεν
1295 2307 1328 2358 ὁ
1374 2303 1537 2371 Θεός.

419 2429 442 2464 ‹
483 2411 613 2465 Ἰδοὺ
640 2410 753 2480 ἐγὼ
776 2413 1092 2468 ἀποστέλλω
1112 2415 1204 2469 τὸν
1229 2415 1460 2485 ἄγγελόν
1499 2433 1602 2487 μου
1628 2417 1736 2490 πρὸ
1762 2434 1932 2492 προσ-

342 2503 495 2560 ώπου
528 2519 644 2568 σου,
670 2503 758 2557 ἵνα
795 2504 1009 2578 φυλάξῃ
1045 2522 1106 2558 σε
1135 2507 1194 2560 ὲν
1220 2509 1288 2578 τῇ
1327 2506 1451 2578 ὁδῷ,
1485 2509 1633 2573 ὅπως
1658 2511 1930 2582 εἰσαγάγῃ

342 2611 407 2648 σε
428 2595 508 2658 είς
535 2595 634 2665 τὴν
660 2594 766 2664 γῆν
794 2596 860 2666 ἢν
888 2595 1155 2666 ἑτοίμασά
1177 2613 1283 2652 σοι.
1310 2599 1553 2670 Πρόσεχε
1579 2599 1816 2671 σεαυτῷ,
1834 2600 1931 2654 καὶ

339 2688 598 2742 είσάκουε
631 2686 819 2752 αὐτοῦ,
851 2687 948 2741 καὶ
989 2688 1065 2759 μὴ
1095 2688 1368 2762 ἀπειθήσῃ
1400 2690 1550 2762 αὑτῷ
1574 2707 1588 2723 ο
1619 2693 1683 2745 οὐ
1716 2691 1825 2764 γὰρ
1855 2692 1930 2764 μὴ

333 2777 725 2834 ὑποστελεῖταί
749 2795 832 2835 σε.
868 2778 941 2833 Τδ
970 2780 1080 2853 γὰρ
1103 2780 1289 2853 -δνομά
1321 2781 1424 2853 μού
1450 2782 1597 2838 ἐστιν
1617 2784 1676 2838 ὲν
1708 2783 1876 2856 αὐτῷ.
1904 2803 1925 2838 ι

419 2978 439 3010 ι
477 2960 750 3032 Ἔστησεν
801 2960 926 3033 ὅρια
975 2961 1146 3018 ἐθνῶν
1203 2962 1346 3017 κατὰ
1397 2962 1633 3036 ἀριθμὸν
1681 2966 1929 3035 ἀγγέλων

335 3051 497 3108 Θεοῦ.
531 3071 555 3105 a

2035 541 2143 599 sub
2171 543 2416 614 caligine
2443 547 2771 603 reservavit.
2817 567 2838 601 ι

2107 633 2344 704 Didymi.
2370 667 2440 676 —
2465 638 2658 709 Angeli
2703 653 2917 709 omnes,
2960 651 3021 697 ut
3052 659 3252 703 nomen
3303 666 3497 719 unum,
3537 654 3622 711 sic

2037 740 2201 781 unam
2235 742 2458 799 quoque
2492 731 2720 786 omnino
2750 743 3006 788 naturam
3035 737 3260 798 habent.

2103 815 2240 870 Cum
2273 818 2750 889 splendidissima,
2782 822 2889 884 vel.
2921 832 2981 877 ut
3004 827 3210 884 rectius
3248 831 3465 903 loquar,
3501 851 3621 893 cce.

2036 905 2194 964 lestis
2245 911 2568 980 angelorum
2619 919 2821 968 natura
2870 919 2964 977 sit,
3015 932 3124 972 non
3163 932 3312 978 certa
3367 931 3621 996 quaedam

2035 999 2267 1067 species,
2297 1009 2393 1056 aut
2417 1016 2528 1056 una
2555 1003 2860 1075 eademque
2892 1005 3072 1062 forma
3097 1010 3152 1063 in
3181 1011 3288 1070 illis
3320 1021 3619 1088 reperitur.

2035 1087 2250 1144 Etenim
2277 1091 2430 1148 durae
2454 1108 2519 1150 ac
2543 1095 2850 1154 renitentes
2883 1107 3097 1156 natura
3119 1087 3448 1176 corporibus
3483 1127 3622 1170 con-

2034 1180 2285 1235 veniunt.

2105 1269 2247 1326 Nili.
2281 1303 2351 1313 —-
2378 1274 2553 1332 Erant
2578 1291 2743 1334 crura
2775 1295 2972 1338 eorum
3005 1293 3182 1353 recta,
3214 1294 3267 1342 et
3289 1290 3421 1347 alati
3454 1295 3622 1365 pedes

2033 1375 2250 1429 eorum,
2285 1365 2467 1421 aiebat
2504 1368 2759 1426 Ezechiel
2801 1372 2870 1428 de
2903 1375 3140 1444 angelis.
3177 1377 3392 1444 Quibus
3436 1387 3622 1444 verbis

2035 1451 2391 1511 inflexibilem
2421 1461 2715 1516 sententiae
2767 1465 3143 1521 constantiam
3181 1468 3415 1542 indicat,
3459 1486 3624 1533 natu-

2035 1557 2220 1613 raeque
2243 1544 2395 1602 illius
2436 1546 2490 1602 in
2527 1548 2891 1622 intelligendo
2923 1555 3290 1616 celeritatem.

2108 1635 2350 1708 Evagrii.
2385 1668 2455 1681 —
2480 1642 2728 1712 Angelos
2779 1645 3146 1716 honoramus,
3189 1668 3300 1709 non
3350 1656 3422 1712 ob
3462 1653 3626 1714 tiatu-

2035 1742 2177 1793 ram,
2232 1729 2333 1786 sed
2371 1731 2442 1786 ob
2491 1733 2758 1790 virtutem
2793 1753 2810 1794 :
2846 1746 2902 1794 et
2945 1739 3229 1800 daemones
3271 1751 3624 1808 contumeliis

1959 1810 2006 1866 Β
2031 1822 2438 1891 persequimur,
2465 1836 2700 1896 propter
2725 1829 3050 1900 nequitiam,
3078 1849 3202 1905 quae
3224 1835 3282 1892 in
3307 1838 3445 1908 ipsis
3477 1850 3586 1898 est.

2102 1911 2268 1982 309
2298 1911 2562 1972 Philonis.
2584 1949 2653 1957 —
2667 1919 3005 1992 Angelorum
3023 1928 3278 1984 essentia:
3301 1931 3619 2002 spirituales

2033 2009 2165 2056 sunt
2207 2020 2220 2056 :
2255 2002 2466 2061 formas
2501 2022 2631 2064 vero
2662 2008 2988 2080 frequenter
3017 2015 3290 2076 humanas
3337 2021 3624 2091 exhibent,

2032 2093 2201 2150 certis
2250 2095 2320 2152 de
2346 2098 2534 2154 causis
2569 2099 2622 2153 in
2669 2102 2902 2158 alienam
2941 2108 3179 2177 speciem
3203 2112 3619 2171 transformati.

2036 2229 2174 2286 TIT.
2217 2231 2329 2288 VII.
2355 2263 2421 2278 ν-
2456 2235 2535 2292 De
2585 2237 2787 2316 angelis
2824 2253 2842 2294 :
2872 2241 3010 2316 quod
3047 2240 3187 2316 Deus
3229 2247 3443 2316 anyefos
3475 2250 3626 2304 nobis

2521 2309 2774 2364 custodes
2803 2309 3124 2380 μητίεσσι-ἐι.

2103 2411 2281 2471 Exod.
2317 2431 2473 2483 χχιιι,
2498 2418 2593 2484 20,
2627 2418 2720 2476 2i.
2774 2452 2842 2462 -—
2901 2441 2918 2474 ι
2954 2423 3094 2480 Ecce
3128 2440 3230 2496 ego
3272 2427 3432 2484 mitto
3467 2443 3633 2501 ange-

2034 2503 2146 2559 lum
2180 2521 2361 2561 meum
2390 2515 2520 2564 ante
2565 2507 2762 2566 faciem
2822 2520 2998 2580 tuam,
3047 2523 3109 2569 ut
3139 2520 3425 2574 custodiat
3473 2530 3526 2576 te
3573 2522 3630 2577 in

2031 2596 2143 2661 via,
2177 2606 2237 2651 ut
2295 2598 2613 2655 introducat
2649 2609 2703 2658 te
2735 2603 2801 2658 ‘in
2851 2615 3053 2660 terram
3105 2622 3272 2677 quam
3322 2613 3632 2682 praeparari

2032 2687 2152 2743 tibi.
2202 2689 2446 2747 Attende
2485 2692 2587 2748 tibi
2641 2694 2782 2765 ipsi,
2835 2705 2891 2753 et
2927 2697 3056 2752 audi
3098 2715 3302 2757 vocem
3326 2702 3470 2773 ejus.
3519 2702 3634 2761 Nec

2030 2783 2501 2856 contemnendum
2533 2795 2724 2856 putes;
2761 2789 2890 2858 quia
2933 2798 3045 2846 nan
3079 2792 3370 2850 subtrahet
3396 2803 3472 2852 te.
3522 2796 3633 2853 No-

2031 2888 2154 2930 men
2187 2876 2335 2930 enim
2367 2892 2545 2933 meum
2581 2887 2668 2935 est
2694 2882 2750 2936 in
2784 2882 2899 2938 illo.
2931 2903 2950 2936 ι

2105 2964 2263 3020 Deut.
2301 2984 2478 3036 χχχιι,
2517 2970 2570 3025 8.
2602 3001 2674 3011 -
2706 2991 2726 3024 ι
2759 2973 3059 3034 Constituit
3091 2981 3358 3039 terminos
3397 2985 3632 3056 populo-

2030 3071 2153 3112 rum
2184 3059 2488 3114 secundum
2513 3075 2801 3118 numerum
2824 3067 3146 3136 angelorum
3173 3070 3286 3126 Dei.
3322 3090 3344 3125 ι

414 3163 441 3197 4
499 3145 696 3215 Ὁρᾶτε
741 3147 818 3216 μὴ
871 3149 1327 3221 καταφρονήσητε
1378 3150 1497 3216 ἑνὸς
1545 3152 1660 3207 τῶν
1707 3155 1928 3226 μικρῶν

2103 3147 2303 3205 Matth.
2354 3167 2526 3218 mn,
2595 3154 2684 3210 I0.
2719 3183 2791 3195 -—
2831 3176 2849 3209 ι
2887 3155 3084 3216 Vidéte
3133 3176 3202 3217 ne
3254 3167 3634 3224 contemnatis

335 3236 546 3291 τούτων
564 3253 582 3268 ο
616 3237 760 3307 λέγω
788 3238 899 3310 γὰρ
928 3241 1081 3310 ὑμῖν,
1111 3241 1195 3294 ὅτι
1226 3241 1276 3294 οἱ
1299 3242 1525 3312 ἄγγελοι
1550 3244 1732 3299 αὐτῶν
1758 3247 1816 3300 ὲν
1837 3246 1929 3300 οὐ-

339 3330 529 3401 ρανοῖς
563 3327 825 3399 βλέπουσι
845 3330 909 3384 τὸ
933 3331 1226 3404 πρόσωπον
1262 3332 1358 3388 τοῦ
1383 3335 1597 3407 Πατρός
1625 3353 1728 3408 μου
1754 3337 1849 3391 τοῦ
1868 3340 1928 3393 ἐν

333 3420 610 3492 οὐρανοῖς.
659 3442 679 3476 ι
1080 3479 1100 3499 ,

416 3515 629 3585 Ὠσπερ
666 3517 1054 3586 παιδαγωγούς
1086 3535 1236 3584 τινας
1265 3519 1302 3591 ἢ
1342 3521 1702 3593 παιδονόμους
1745 3525 1928 3578 ἐπιτε-

337 3602 653 3673 ταγμένους
700 3608 816 3669 τοῖς
863 3607 1176 3677 ἀνθρώποις
1227 3610 1356 3674 τοὺς
1393 3611 1661 3682 ἀγγέλους
1711 3613 1869 3679 εἰδὼς
1897 3617 1929 3670 6

353 3695 707 3765 ’.Δπόστολος,
729 3699 811 3762 εἰς
845 3699 1156 3770 μαρτυρίαν
1184 3701 1432 3757 ἐκάλεσε.

411 3875 554 3939 Τοὺς
587 3875 686 3946 μὲν
715 3876 907 3944 ἁγίους
928 3880 1260 3950 φωταγωγοὶ
1290 3882 1654 3952 φυλάττουσιν
1679 3883 1925 3954 ἄγγελοι,

336 3967 467 4032 τοὺς
491 3968 550 4022 δὲ
575 3968 815 4038 φαύλους
844 3972 1132 4028 σκοτεινοί.

409 4059 648 4125 Πλοῦτος
704 4061 963 4131 γνώσεως
1016 4065 1112 4119 καὶ
1157 4067 1350 4136 σοφίας
1400 4069 1760 4150 προστίθησιν
1793 4074 1928 4144 ἡμῖν

331 4151 610 4220 ἀγγέλους
642 4153 874 4218 πολλούς
894 4170 910 4185 ·
941 4158 969 4210 6
993 4156 1053 4210 δὲ
1094 4158 1404 4230 ἀκάθαρτος
1448 4163 1543 4215 καὶ
1581 4162 1690 4216 ἀπὸ
1717 4164 1808 4217 τοῦ
1830 4165 1925 4220 δο-

333 4244 526 4309 θέντος
565 4246 714 4316 αὐτῷ
764 4248 828 4300 ἐκ
867 4248 1055 4312 παιδὸς
1085 4249 1319 4319 ἀγγέλου
1363 4252 1677 4326 χωρίζεται.
1717 4255 1783 4309 Ἦ
1815 4255 1926 4328 γὰρ

332 4337 688 4408 πνευματικὴ
725 4337 878 4406 φιλία
909 4339 1058 4396 ἔστιν
1086 4341 1259 4413 ἀρετὴ
1286 4345 1382 4398 καὶ⁸
1423 4346 1627 4414 γνῶσις
1668 4346 1826 4414 Θεοῦ,
1856 4348 1924 4402 δι’

340 4419 420 4481 ὧν
447 4429 832 4500 συναπτόμεοα
857 4432 997 4502 πρὸς
1027 4433 1216 4501 φιλίαν
1248 4438 1370 4499 ταῖς
1403 4437 1587 4505 ἁγίαις
1607 4439 1922 4512 δυνάμεσιν,

331 4514 396 4572 ,εί
431 4532 491 4584 γε
525 4518 576 4570 οί
615 4519 1006 4588 μετανοοῦντες
1043 4519 1320 4592 ἄνθρωποι
1347 4526 1522 4595 χαρᾶς
1552 4527 1714 4582 αἴτιοι
1742 4529 1922 4596 γίνον-

335 4625 430 4664 ται
460 4610 576 4673 τοῖς
603 4609 884 4679 ἀγγέλοις.

336 4835 525 4891 ΤΙΤΛ.
559 4837 640 4892 H'.
658 4865 728 4877 —
746 4838 886 4908 Περὶ
918 4839 1028 4908 τῆς
1048 4840 1156 4894 τοῦ
1179 4841 1494 4922 ἀνθρώπου
1517 4841 1800 4912 πλάσεως
1826 4844 1924 4900 καὶ

931 4927 1336 4981 κατασκευης.

418 5038 437 5072 ι
494 5019 784 5093 Ἐποίησεν
827 5024 856 5076 6
907 5021 1040 5088 Θεὸς
1091 5023 1183 5078 τὸν
1233 5023 1544 5097 ἄνθρωπον·
1584 5028 1704 5081 κατ’
1741 5029 1927 5085 εἰκόνα

333 5111 471 5165 Θεοῦ
507 5114 764 5184 ἐποίησεν
795 5115 959 5169 αὐτόν
981 5134 992 5146 ·
1027 5116 1198 5188 ἄρσεν
1246 5120 1342 5172 καὶ
1384 5119 1517 5189 θῆλυ
1549 5121 1804 5193 ἐποίησεν
1829 5125 1926 5177 αὺ-

331 5203 486 5269 τούς.
527 5225 553 5263 ι,

415 5315 434 5348 ι
475 5296 750 5352 Ἐπλασεν
778 5301 806 5353 6
828 5299 962 5364 Θεὸς
988 5299 1079 5356 τὸν
1108 5302 1420 5372 ἄνθρωπον,
1453 5304 1632 5362 λαὸὼν
1664 5306 1792 5378 χοῦν
1819 5308 1927 5363 ἀπὸ

333 5387 435 5456 τῆς
461 5387 589 5459 γῆς,
653 5393 745 5444 καὶ
800 5393 1135 5466 ἐνεφύσησεν
1190 5398 1272 5459 είς
1315 5397 1378 5450 τὸ
1425 5399 1718 5472 πρόσωπον
1759 5400 1925 5457 αὐτοῦ

335 5475 508 5544 πνοὴν
533 5476 698 5550 ζωῆς,
725 5485 821 5535 καὶ
852 5483 1073 5552 ἐγένετο
1094 5483 1384 5556 ἄνθρωπος
1410 5489 1492 5552 είς
1515 5487 1693 5562 ψυχὴν
1719 5489 1923 5554 ζῶσαν.

347 5568 651 5624 Ἐπέϐαλεν
707 5575 735 5626 6
773 5575 903 5638 Θεὸς
956 5575 1218 5631 ἔκστασιν
1273 5579 1368 5632 ἐπὶ
1414 5581 1508 5634 τὸν
1578 5582 1785 5653 Ἀδάμ·
1830 5583 1927 5638 καὶ

337 5662 610 5729 ὕπνωσεν,
657 5665 751 5718 καὶ
804 5665 996 5720 ἐλαϐεν
1028 5669 1158 5738 μίαν
1199 5672 1264 5724 ὲκ
1307 5671 1557 5745 πλευρῶν
1597 5673 1782 5740 αὑτοῦ,
1831 5675 1927 5729 καὶ

336 5755 688 5827 ὲνεπλήρωσε
720 5759 900 5829 σάρκα
930 5761 1044 5815 ἀντ’
1084 5763 1276 5833 αὐτῆς,
1311 5767 1408 5819 καὶ
1440 5766 1786 5842 ᾠκοδόμησεν
1825 5768 1927 5823 0.6-

663 5854 941 5915 PATROL.
988 5857 1102 5917 GR.
1154 5859 1337 5923 XCV.

2032 3256 2203 3298 unum
2230 3256 2296 3297 ex
2332 3243 2427 3300 his
2451 3245 2701 3314 pusillis.
2730 3247 2866 3305 Dico
2892 3251 3040 3306 enim
3070 3255 3254 3320 vobis,
3277 3259 3426 3327 quod
3452 3261 3634 3333 angeli

2031 3347 2224 3388 eorum
2271 3334 2327 3389 in
2368 3336 2528 3393 caelis
2562 3353 2784 3410 semper
2821 3340 3014 3399 vident
3072 3343 3268 3402 faciem
3305 3349 3490 3407 Patris
3523 3353 3635 3408 mei

2031 3423 2124 3493 qui
2158 3423 2212 3478 in
2243 3425 2404 3482 caelis
2425 3435 2532 3484 est.
2567 3447 2586 3479 ι

2101 3515 2279 3572 Βαείι.
2304 3517 2403 3574 tib.
2440 3518 2518 3575 De
2563 3537 2669 3592 rp.,
2721 3538 2846 3595 cap.
2879 3527 2964 3580 I5.
2995 3557 3065 3568 —
3089 3528 3368 3594 Quoniam
3399 3534 3635 3605 Aposto-

2029 3605 2118 3662 lus
2135 3615 2487 3678 perspectum
2517 3611 2752 3668 trahebat
2768 3615 3000 3685 angelos
3021 3617 3340 3678 hominibus
3370 3624 3634 3695 tanquam

2029 3700 2357 3771 pmdagogos
2380 3701 2649 3772 quosdam
2674 3713 2727 3760 et
2748 3707 3238 3769 educatores‘esse
3268 3716 3632 3782 constitutos,

2030 3790 2242 3847 idcirco
2273 3793 2584 3850 testimonii
2626 3811 2798 3854 causa
2836 3815 2934 3857 eos
2959 3804 3199 3859 vocavit.

2101 3877 2339 3949 Didymi.
2373 3879 2632 3939 —Probi
2679 3893 2734 3940 et
2777 3889 2956 3943 sancti
2988 3891 3094 3946 viri
3135 3893 3354 3954 lucidos
3403 3899 3633 3970 angelos

2030 3972 2296 4030 custodes
2319 3974 2564 4032 habent:
2604 3978 2733 4033 mali
2773 3989 2958 4037 autem
2993 3985 3343 4045 tenebrosos.

2101 4064 2300 4136 Evagr.
2344 4066 2402 4121 in
2444 4065 2612 4124 Prov.
2641 4099 2712 4112 —-—
2745 4069 3006 4128 Scientite
3057 4085 3112 4130 et
3167 4081 3455 4149 sapientia:
3499 4099 3632 4154 opcs

2030 4156 2236 4213 multos
2273 4157 2433 4214 nobis
2474 4160 2701 4230 angelos
2733 4169 2904 4219 testes
2939 4165 3272 4238 adjungunt.
3314 4170 3385 4226 At
3415 4173 3498 4227 rir
3529 4174 3633 4228 im-

2029 4263 2226 4318 purus,
2262 4250 2332 4304 ab
2351 4251 2554 4322 angelo
2575 4253 2671 4323 qui
2708 4253 2813 4324 ipsi
2845 4271 2874 4309 a
2909 4273 3082 4328 puero
3106 4260 3268 4317 datus
3288 4272 3393 4326 est.
3413 4265 3632 4336 disiun-

2029 4340 2198 4412 gitur.
2229 4341 2446 4399 I-ltenim
2478 4347 2791 4418 spiritualis
2839 4354 3081 4409 amicitia
3114 4355 3171 4411 in
3205 4358 3411 4417 virtute
3443 4371 3497 4418 et
3533 4380 3628 4418 co-

2031 4433 2275 4502 gnitione
2304 4433 2401 4490 Dei
2431 4438 2692 4495 consistit
2723 4459 2736 4495 :
2789 4458 3020 4513 quarum
3054 4462 3219 4519 opera
3263 4467 3388 4507 cum
3423 4458 3630 4510 sanctis

2027 4527 2240 4596 angelis
2270 4530 2530 4587 amicitiae
2558 4549 2702 4588 nexu
2743 4537 3091 4607 copulantur.
3126 4543 3413 4613 Siquidem
3453 4548 3631 4603 Immi-

2027 4634 2148 4680 nes.
2181 4635 2322 4691 quos
2350 4625 2621 4681 scelerum
2663 4631 2918 4697 pmnitet,
2958 4633 3162 4691 laetitia:
3191 4652 3382 4694 ansam
3417 4641 3629 4713 angelis

2027 4712 2474 4770 subministrant.

2029 4847 2165 4902 TIT.
2201 4848 2337 4907 VIII.
2359 4882 2430 4894 -—
2447 4853 2521 4908 De
2551 4855 2778 4914 hominis
2799 4860 3222 4931 conformatione
3247 4875 3299 4922 et
3327 4877 3627 4928 structura.

2100 5034 2231 5090 Gen.
2255 5053 2294 5103 ι,
2329 5037 2419 5092 27.
2443 5070 2514 5081 -
2550 5061 2568 5093 ι
2605 5041 2829 5100 Crearit
2855 5045 2999 5102 Deus
3023 5047 3305 5108 hominem
3342 5073 3354 5109 :
3387 5056 3457 5111 ad
3489 5059 3631 5113 ima-

2029 5128 2210 5197 ginem
2239 5128 2332 5186 Dei
2377 5130 2506 5188 l‘ecit
2533 5134 2688 5190 illum
2715 5157 2728 5196 :
2763 5140 3070 5198 masculum
3103 5149 3158 5198 et
3191 5142 3456 5202 feminam
3498 5148 3632 5206 fecit

2019 5229 2143 5272 130$.
2177 5235 2195 5268 ι

2099 5310 2228 5365 Gen.
2256 5315 2317 5378 ιι,
2348 5312 2381 5366 7
2419 5329 2596 5387 seqq..
2627 5347 2694 5359 -
2724 5338 2744 5373 ι
2770 5319 2838 5375 Ει
2869 5319 3126 5381 formavit
3158 5325 3303 5385 Deus
3329 5329 3629 5400 hominem,

2029 5411 2258 5472 accepto
2293 5405 2426 5461 limo
2458 5407 2526 5463 de
2563 5416 2733 5478 terra,
2765 5420 2820 5468 et
2861 5414 3156 5486 inspiravit
3191 5419 3247 5474 in
3281 5419 3476 5478 faciem
3510 5425 3661 5532 σίας(

2030 5496 2370 5532 οηίραιιηιηηι
2408 5499 2534 5532 ut...
2569 5519 2583 5532 .
2618 5510 2669 5532 ..ο
2728 5504 2906 5532 ι·..,.....,
2954 5517 3030 5532 Α-.
3080 5510 3238 5532 ι---.--
3297 5513 3347 5532 ρ-
3391 5530 3405 5532 _
3463 5516 3474 5527 -

2029 5496 2372 5565 spiraculum
2408 5499 2534 5556 vita:
2569 5519 2583 5557 :
2617 5510 2672 5557 et
2727 5504 2908 5562 factus
2950 5517 3036 5564 est
3080 5510 3246 5568 homo
3297 5513 3354 5568 in
3387 5496 3668 5573 animami‘

2028 5583 2326 5643 viventem.
2350 5588 2590 5645 Immisit
2622 5591 2769 5650 Deus
2791 5599 3054 5654 exstasim
3087 5600 3141 5655 in
3172 5602 3343 5658 Adam
3373 5622 3387 5658 :
3416 5614 3470 5661 et
3501 5624 3628 5663 cum

2028 5674 2422 5747 obdormisset,
2445 5685 2662 5756 accepit
2685 5703 2850 5742 unam
2882 5691 2949 5745 de
2979 5693 3153 5749 costis
3184 5695 3326 5764 ejus,
3363 5708 3413 5752 et
3446 5701 3627 5769 reple-

2028 5771 2108 5825 vit
2132 5785 2355 5828 carnem
2390 5789 2490 5845 pro
2528 5793 2612 5834 ea.
2657 5779 2722 5836 Et
2763 5782 3057 5841 aedificavit
3099 5786 3367 5847 Dominus
3413 5801 3622 5848 costam

3202 5880 3266 5942 35
