3998 6394
478 349 618 418 1099
782 365 799 387 ⁸
1684 349 1744 411 S.
1785 349 2084 413 JOANNIS

2175 350 2575 413 lAMASCENI
3598 356 3619 417 1
3637 358 3723 422 tuo

477 468 532 519 in
578 464 896 528 mulierem,
934 469 989 518 et
1039 460 1270 517 adduxit
1320 475 1441 517 eam
1493 459 1561 517 ad
1601 460 1794 518 Adam.
1835 460 1900 515 Et
1926 460 2063 516 dixit

2175 460 2267 534 τὴν
2291 463 2373 527 είς
2409 464 2666 531 γυναῖκα,
2709 462 2805 516 καὶ
2827 462 3036 533 ἢγαγεν
3066 459 3235 536 αύτὴν
3262 462 3397 531 πρὸς
3424 464 3510 519 τδν
3549 469 3717 546 Ἀδάμ.

462 558 648 613 Adam
693 573 708 611 :
743 556 857 610 Hoc
880 569 1027 610 nunc
1056 564 1138 613 est
1160 554 1535 612 osexossibus
1571 554 1732 623 meis,
1764 560 1819 610 et
1845 567 1975 610 caro
2004 553 2071 611 de

2175 556 2286 610 Καὶ
2335 550 2489 610 εἶπεν
2531 554 2736 625 Ἀδάμο
2798 553 2972 609 Τοῦτο
3008 552 3103 609 νῦν
3137 556 3284 609 ἐστιν
3314 557 3501 612 ὀστοῦν
3546 562 3714 624 ἐκτῶν

476 664 639 705 carne
670 663 808 704 mea.
860 647 985 703 llazc
1015 648 1310 704 vocabitur
1349 648 1547 703 mulier
1598 647 1717 718 (seu
1747 647 1911 718 vira),
1941 648 2072 718 quia

2175 648 2374 703 ὁστέων
2399 663 2526 719 μου,
2558 646 2653 702 καὶ
2684 645 2822 717 σὰρξ
2841 647 2903 699 ἐκ
2930 646 3030 718 τῆς
3061 645 3264 717 σαρκός
3299 664 3422 717 μου.
3446 648 3584 723 Αὕτη
3608 657 3722 724 κλη..

476 744 543 797 dc
575 741 692 797 viro
736 756 839 797 suo
869 747 1089 812 sumpta
1121 746 1204 796 est
1235 740 1376 812 ipsa.
1403 740 1637 811 Propter
1660 740 1764 796 hoc
1797 740 2074 811 relinquet

2175 737 2402 809 θήσεται
2430 739 2593 811 γυνὴ,
2616 739 2699 792 ὅτι
2720 739 2785 792 ἐκ
2817 736 2913 792 τοῦ
2944 737 3138 809 ἀνδρὸς
3157 737 3325 809 αὐτῆς
3356 739 3561 811 ἐλήφθη
3581 743 3720 817 αὐτὴν

480 835 645 887 homo
670 839 880 900 patrem
916 841 971 886 et
1007 838 1261 897 matrem,
1298 839 1353 886 et
1393 830 1690 887 adhaerebit
1724 832 1885 887 uxori
1937 846 2070 902 suae,

2175 831 2361 885 ἐνεκεν
2392 831 2584 886 τούτου
2604 828 2923 901 καταλείψει
2941 829 3227 902 ἄνθρωπος
3245 829 3338 883 τὸν
3358 832 3562 902 πατέρα
3581 835 3727 890 αὺτοῦ

476 933 531 980 et
559 935 721 982 erunt
758 927 867 981 duo
901 927 956 981 in
995 938 1218 980 carnem
1261 938 1448 978 unam.
1481 944 1500 977 ι

2175 925 2269 979 καὶ
2296 923 2394 996 τὴν
2412 922 2625 996 μητέρα
2638 921 2828 989 αὑτοῦ,
2844 921 2939 976 καὶ
2961 920 3491 993 προσκολληθήσεται
3508 927 3629 993 πρὸς
3644 927 3730 999 τὴν

2175 1018 2410 1084 γυναῖκα
2436 1014 2623 1071 αὐτοῦ·
2652 1014 2747 1070 καὶ
2774 1013 2990 1068 ἔσονται
3017 1014 3067 1067 oi
3090 1013 3185 1068 δύο
3221 1015 3303 1077 είς
3337 1014 3511 1084 σάρκα
3539 1016 3676 1085 μίαν.
3707 1038 3724 1071 ι

547 1106 654 1159 Job
706 1122 761 1171 x,
795 1106 849 1173 8,
885 1103 975 1169 ll,
999 1102 1052 1157 9.
1091 1132 1162 1143 --
1197 1118 1218 1152 ι
1256 1100 1451 1157 Manus
1508 1107 1617 1156 tua;
1674 1099 1928 1157 fecerunt
1962 1115 2071 1167 me,

2252 1128 2273 1162 ι
2307 1109 2374 1163 Δί
2401 1108 2585 1180 χεῖρές
2621 1125 2715 1161 σου
2737 1106 3003 1179 ἐποίησάν
3035 1124 3126 1178 με,
3161 1106 3258 1160 καὶ
3278 1106 3547 1162 ἔπλασαν·
3577 1108 3730 1181 δέρμα

476 1206 533 1253 et
568 1198 985 1269 plasmavcrunt
1028 1210 1139 1250 me.
1172 1193 1321 1250 Pelle
1365 1200 1419 1249 ct
1458 1207 1625 1248 carne
1669 1193 1893 1249 vestisti
1951 1206 2073 1261 me;

2175 1200 2273 1255 καὶ
2297 1199 2466 1271 κρέας
2489 1199 2765 1265 ὲνέδυσας,
2797 1199 3010 1262 ὀστέοις
3046 1198 3104 1252 δὲ
3128 1200 3223 1253 καλ⁹
3252 1198 3465 1269 νεύροις
3500 1216 3564 1270 με
3610 1202 3729 1254 ἐνεῖ-

478 1289 702 1344 ossibus
748 1294 803 1343 et
850 1285 1038 1341 nervis
1093 1283 1421 1356 compegisti
1471 1298 1579 1339 me.
1634 1281 1906 1340 Memento
1945 1284 2075 1355 quia

2181 1309 2297 1364 ρας.
2320 1291 2608 1364 Μνήσθητι
2634 1292 2716 1346 ὅτι
2743 1290 2914 1363 πηλόν
2955 1310 3023 1364 με
3072 1291 3341 1359 ἔπλασας,
3367 1293 3447 1356 είς
3465 1292 3521 1346 δέ
3555 1293 3648 1364 γῆν
3675 1311 3730 1366 με

480 1381 625 1435 sicut
656 1380 829 1435 lutum
875 1377 1080 1433 tinxisti
1113 1392 1233 1444 me;
1281 1385 1338 1431 et
1372 1391 1569 1433 rursus
1598 1376 1653 1431 in
1673 1383 1878 1433 terram
1906 1376 2076 1433 redu-

2178 1384 2343 1440 πόιλιν
2373 1384 2764 1458 ἀποστρέφεις.
2797 1403 2817 1438 ι

481 1486 575 1527 CCS
606 1485 712 1526 me.
752 1484 772 1520 ³

550 1561 706 1617 I’sal.
740 1574 973 1624 xxxvm,
1010 1558 1067 1628 6,
1111 1559 1166 1613 7.
1205 1586 1269 1600 ον
1314 1577 1334 1611 ι
1369 1556 1768 1615 Verumtamen
1813 1558 2078 1616 universa

2255 1583 2275 1616 ι
2315 1562 2462 1636 Πλὴν
2506 1561 2576 1618 τὰ
2634 1560 2928 1634 σύμπαντα
2960 1561 3287 1634 ματαιότης,
3340 1561 3450 1626 πᾶς
3480 1561 3732 1634 ἄνθρωπος

476 1655 734 1715 vanitas,
804 1652 988 1708 omnis
1051 1650 1222 1705 homo
1294 1650 1506 1706 vivens.
1562 1650 1956 1707 Verumtamen
2021 1651 2078 1708 in

2181 1655 2290 1722 ζῶν
2314 1673 2328 1688 ο
2360 1656 2545 1728 μέντοι
2592 1671 2657 1726 γε
2710 1655 2769 1708 ἐν
2823 1654 2992 1709 είκόνι
3021 1653 3404 1727 διαπορεύεται
3455 1654 3731 1727 ἄνθρωπος,

479 1742 719 1813 imagine
744 1739 1045 1812 pertransit
1084 1740 1291 1807 homo;
1342 1739 1439 1797 sed
1478 1748 1533 1796 et
1586 1738 1795 1798 frustra
1842 1750 2076 1801 contur-

2182 1748 2324 1821 πλὴν
2350 1748 2528 1821 μάτην
2548 1747 2905 1821 ταράσσεται.
2940 1766 2959 1799 ι

481 1812 662 1891 batur.
707 1853 726 1887 ι
2110 1812 2155 1869 Β

547 1924 704 1980 Psai.
739 1938 854 1991 cui,
883 1922 1071 1980 29.—
1118 1942 1138 1976 ι
1180 1923 1414 1982 Auferes
1465 1924 1720 1996 Spiritum
1762 1939 1977 1993 eorum,
2026 1933 2082 1982 et

2260 1942 2279 1975 ι
2324 1921 2664 1987 Ἀντανελετς
2705 1921 2768 1976 τὸ
2809 1919 3030 1993 πνεῦμα
3052 1920 3258 1987 αὐτῶν,
3309 1921 3406 1975 καὶ
3432 1920 3731 1993 ἐκλείψουσι,

479 2017 738 2074 deﬁcient
772 2035 787 2072 :
829 2017 966 2073 etin
995 2015 1275 2087 pulverem
1307 2031 1468 2072 suum
1502 2024 1917 2073 convertentur.
1960 2037 1978 2070 ι

2183 2012 2278 2068 καὶ
2307 2015 2385 2077 είς
2411 2013 2503 2067 τὸν
2533 2012 2663 2085 χοῦν
2685 2011 2868 2068 αὐτῶν
2899 2011 3345 2085 ἐπιστρέφουσιν.
3390 2030 3409 2065 ι

546 2109 728 2166 Eccle.
762 2125 847 2175 ιιι,
873 2109 967 2164 20.
999 2139 1073 2152 —
1112 2129 1132 2162 ι
1172 2109 1371 2165 Omnia
1404 2109 1472 2165 de
1523 2117 1672 2166 terra
1729 2108 1879 2166 facta
1908 2119 2078 2180 sunt;

2260 2125 2279 2159 ι
2311 2106 2393 2161 Τὰ
2428 2107 2606 2161 πάντα
2635 2105 2857 2176 ἐγένετο
2906 2107 2971 2159 ἐκ
3013 2105 3109 2159 τοῦ
3136 2104 3286 2177 χοὸς,
3334 2105 3430 2159 καὶ
3475 2103 3543 2160 τὰ
3586 2106 3735 2161 πάντα

477 2210 532 2261 et
557 2201 740 2257 omnia
777 2203 834 2257 in
864 2208 1068 2256 terram
1104 2207 1476 2257 revertentur.
1510 2219 1530 2255 ι
1786 2260 1789 2263 η

2182 2199 2505 2272 ἐπιστρέψει
2538 2201 2621 2265 είς
2661 2199 2763 2271 τὴν
2798 2199 2926 2271 γῆν.
2967 2218 2987 2255 ι

554 2294 684 2363 Sap.
720 2310 782 2360 ιι,
811 2293 903 2348 23.
934 2323 1008 2349 -ν
1033 2292 1200 2364 310
1234 2310 1254 2344 ι
1288 2292 1433 2350 Deus
1464 2293 1675 2350 creavit
1702 2292 1771 2350 de
1802 2302 1948 2350 terra
1982 2294 2081 2351 ho-

2257 2310 2278 2345 ι
2327 2293 2386 2347 '0
2413 2292 2551 2357 Θεὸς
2610 2292 2795 2348 ἔκτισε
2847 2293 2942 2348 τὸν
2999 2290 3294 2364 ἄνθρωπον
3348 2289 3443 2344 ἐπὶ
3468 2289 3731 2361 ἀφθαρσίᾳ,

479 2385 689 2442 minem
727 2383 1284 2453 inexterminahilem,
1323 2395 1379 2440 et
1404 2384 1474 2440 ad
1514 2386 1812 2459 imaginem
1855 2387 2078 2443 aeterni-

2182 2385 2279 2440 καὶ
2326 2386 2449 2440 κατ’
2493 2385 2678 2440 εἰκόνα
2720 2383 2821 2456 τῆς
2867 2384 3005 2450 ιδίας
3048 2382 3359 2455 ἀῖδιότητος
3385 2381 3629 2454 ἐποίησεν
3653 2381 3734 2437 αὐ-

483 2477 609 2534 tatis
645 2492 762 2533 sua:
788 2475 923 2533 fecit
956 2477 1139 2532 illum.
1181 2498 1201 2530 ι
1601 2534 1608 2543 ,
1868 2521 1892 2536 ,

2181 2479 2294 2537 τόν.
2342 2497 2364 2533 ι

551 2569 683 2640 Sap.
711 2586 788 2637 ix,
819 2570 870 2637 l,
895 2570 953 2625 2.
973 2601 1043 2610 —
1079 2587 1098 2622 ι
1133 2569 1237 2637 Qui
1272 2571 1450 2626 fecisti
1480 2571 1668 2627 omnia
1692 2572 1861 2630 verbo
1887 2581 2004 2641 tuo,
2026 2582 2082 2631 et

2261 2593 2280 2626 ι
2326 2573 2384 2628 '0
2414 2574 2646 2646 ποιήσας
2671 2572 2743 2627 τὰ
2774 2572 2953 2631 πάντα
2981 2571 3040 2626 ἐν
3072 2570 3218 2641 λόγῳ
3253 2584 3351 2623 σου
3377 2567 3473 2623 καὶ
3503 2568 3568 2638 τῇ
3601 2560 3736 2634 σοφίᾳ

480 2659 750 2732 sapientia
775 2667 870 2715 tua
902 2660 1250 2717 constituisti
1281 2661 1585 2726 hominem,
1611 2669 1669 2718 ut
1699 2662 2083 2725 dominaretur

2185 2689 2280 2729 σου
2313 2662 2736 2735 κατασκευάσας
2763 2669 3075 2740 ἄνθρωπον,
3113 2665 3202 2720 ἵνα
3254 2661 3491 2733 δεσπόζῃ
3512 2658 3616 2714 τῶν
3652 2654 3737 2712 ὑπὸ

482 2762 774 2820 creaturae,
825 2768 950 2824 quae
977 2769 1008 2808 a
1061 2764 1115 2810 te
1156 2752 1301 2810 facta
1330 2764 1439 2820 cst,
1489 2764 1549 2811 ut
1581 2756 1839 2826 disponat
1886 2757 2080 2814 orbem

2185 2766 2281 2822 σοῦ
2334 2764 2650 2839 γενομένων
2701 2764 3044 2834 κτισμάτων,
3088 2759 3187 2815 καὶ
3241 2756 3406 2831 διέπῃ
3436 2755 3525 2811 τὸν
3563 2751 3737 2821 κόσμον

482 2855 648 2902 terra:
677 2847 733 2901 in
757 2847 1020 2918 aequitate
1051 2855 1107 2903 et
1134 2846 1376 2917 jnstitia,
1407 2854 1463 2903 et
1487 2848 1540 2903 in
1564 2848 1871 2906 directione
1892 2850 2081 2908 cordis

2183 2862 2242 2914 ἐν
2281 2858 2520 2931 ὁσιότητι
2551 2856 2647 2913 καὶ
2673 2854 2990 2927 δικαιοσύνῃ
3008 2893 3025 2921 ,
3070 2853 3166 2908 καὶ
3190 2853 3253 2907 ἐν
3302 2847 3557 2919 εὐθύτητι
3584 2843 3736 2916 κρίσιν

477 2936 1024 3009 judicium'judicet.
1066 2956 1087 2991 ι

2184 2951 2368 3022 κρίνῃ.
2400 2969 2420 3003 ι

555 3028 688 3099 Sap.
720 3045 819 3097 vn,
856 3031 907 3085 l.
936 3060 1001 3071 -—-
1053 3049 1072 3082 ι
1107 3029 1189 3103 Et
1212 3045 1316 3105 ego
1349 3030 1574 3102 quidem
1604 3032 1857 3090 mortalis
1891 3033 2078 3098 homo.

2261 3060 2280 3095 ι
2317 3042 2449 3114 Είμὶ
2497 3040 2599 3113 μὲν
2632 3037 2790 3109 κάγὼ
2840 3037 3034 3108 θνητὸς
3062 3036 3377 3107 ἄνθρωπος,
3427 3031 3534 3096 ἴσος
3564 3030 3737 3085 ἅπασιν

484 3122 688 3180 similis
739 3123 1020 3188 omnibus,
1061 3132 1118 3179 et
1162 3139 1228 3180 ex
1272 3138 1474 3194 genere
1533 3132 1758 3181 terreno
1808 3127 2082 3182 oriundus

2186 3137 2281 3194 καὶ
2307 3133 2575 3209 γηγενοῦς
2614 3134 2883 3205 ἀπόγονος
2908 3130 3369 3206 πρωτοπλάστου,
3384 3127 3492 3222 καὶ
3515 3128 3570 3181 ἐν
3588 3121 3737 3222 κοιλίᾳ

485 3216 640 3274 illius
661 3215 755 3287 qui
786 3217 939 3288 prior
966 3217 1147 3273 tactus
1175 3223 1280 3284 est,
1310 3224 1366 3274 et
1394 3217 1447 3273 in
1485 3224 1675 3274 ventre
1709 3219 1903 3276 matris
1938 3219 2080 3291 ligu-

2191 3230 2402 3303 μητρὸς
2426 3227 2669 3300 ἔγλῦφην
2685 3226 2844 3298 σὰρξ,
2875 3223 3254 3297 δεκαμηνιαίῳ
3293 3221 3469 3294 χρόνῳ
3491 3216 3668 3287 παγεὶς
3690 3213 3736 3266 ἐν

483 3316 642 3366 ratus
670 3325 791 3365 sum
821 3324 976 3375 caro,
1008 3310 1196 3367 decem
1232 3311 1510 3367 mensium
1542 3320 1793 3383 tempore
1822 3312 2082 3385 coagula-

2186 3325 2401 3396 αἵματι,
2435 3323 2501 3377 ἐκ
2531 3322 2847 3395 σπέρματος
2868 3319 3084 3391 ἀνδρὸς,
3117 3321 3213 3372 καὶ
3246 3315 3447 3389 ἡδονῆς
3472 3310 3615 3381 ὕπνῳ
3637 3323 3737 3360 tm-

486 3411 576 3459 tus
606 3417 729 3459 sum
758 3403 811 3457 in
833 3402 1126 3474 sanguine,
1145 3417 1211 3458 ex
1235 3401 1448 3460 semine
1472 3402 1738 3469 hominis,
1755 3410 1812 3460 et
1840 3404 2080 3461 delecta-

2188 3415 2473 3487 ελΘούσης.
2500 3414 2611 3469 Καὶ
2636 3410 2746 3482 ἐγὼ
2771 3411 2828 3465 δὲ
2856 3410 3148 3485 γενόμενος
3196 3408 3417 3462 ἔσπασα
3463 3403 3551 3458 τδν
3588 3397 3736 3487 κοινὸν

485 3503 675 3552 mento
725 3495 907 3551 somni
960 3493 1348 3552 conveniente.
1406 3494 1473 3549 Et
1506 3509 1614 3566 ego
1669 3504 1841 3552 natus
1889 3497 2081 3568 accepi

2186 3506 2351 3578 ἀέρα,
2378 3484 2474 3561 καὶ
2502 3502 2597 3558 ἐπὶ
2623 3502 2723 3574 τὴν
2745 3484 3054 3573 ὁμοιοπαθῆ
3078 3496 3362 3553 κατέπεσα
3389 3493 3522 3563 γῆν,
3550 3484 3737 3559 πρώτην

460 3595 836 3643 communem
894 3602 1102 3652 aerem,
1144 3593 1202 3644 et
1240 3587 1296 3642 in
1330 3586 1591 3643 similiter
1647 3587 1852 3644 factam
1906 3589 2081 3646 decidi

2189 3597 2377 3668 φωνὴν
2405 3594 2504 3666 τὴν
2528 3593 2722 3666 ὁμοίαν
2753 3592 2921 3646 πᾶσιν
2955 3591 3048 3645 ίσα
3069 3588 3277 3644 κλαίων
3298 3601 3313 3618 ο
3350 3587 3411 3641 ἐν
3444 3578 3737 3668 σπαργάνοις

489 3687 728 3746 terram;
759 3686 815 3733 et
840 3678 1074 3749 primam
1112 3693 1301 3734 vocem
1333 3678 1575 3735 similem
1623 3680 1887 3738 omnibus
1917 3682 2081 3738 emisi

2189 3666 2502 3759 ἀνετράφην
2532 3686 2655 3740 atat-
2680 3687 2739 3741 ὲν
2784 3682 3085 3755 φροντίσιν.
3126 3680 3325 3744 Οὐδεὶς
3364 3676 3473 3748 γὰρ
3523 3666 3738 3744 βασιλεὺς

487 3772 738 3841 plorans.
791 3770 851 3825 In
898 3770 1295 3827 involumentis
1351 3772 1600 3829 nutritus
1640 3787 1786 3838 sum,
1821 3779 1879 3829 et
1906 3775 2080 3831 curis.

2190 3782 2385 3853 ἑτέραν
2407 3780 2534 3852 ἔσχε
2564 3779 2831 3850 γενέσεως
2859 3777 3035 3849 ἀρχήν
3053 3791 3070 3810 ο
3103 3775 3204 3847 μία
3233 3772 3294 3829 δὲ
3328 3771 3541 3829 πάντων
3567 3759 3737 3821 εἴσοδος

486 3861 660 3919 Nemo
690 3860 839 3916 enim
874 3875 942 3917 ex
973 3861 1200 3933 regibus
1231 3862 1376 3918 aliud
1410 3862 1601 3927 habuit
1630 3863 1941 3922 nativitatis
1972 3866 2082 3921 ini-

2188 3873 2269 3937 εἰς
2295 3872 2388 3928 τὸν
2417 3871 2646 3943 κόσμον,
2677 3868 2856 3940 ἔξοδος
2884 3869 2996 3940 ἴση.
3028 3886 3048 3920 ι
3076 3880 3089 3889 “

489 3953 649 4009 tium.
674 3951 831 4010 Unus
856 3969 993 4026 ergo
1019 3953 1279 4012 introitus
1310 3963 1397 4012 est
1419 3957 1681 4014 omnibus
1712 3958 1780 4013 ad
1807 3959 1999 4028 vitam,
2029 3970 2084 4017 et

486 4046 688 4104 similis
717 4047 919 4103 exitus.
963 4065 983 4100 ι
1964 4094 1977 4099 ,
3197 4109 3203 4118 ὶ

556 4133 733 4191 Εοείί.
761 4150 897 4202 xvn,
933 4137 986 4203 l,
1022 4134 1078 4191 2.
1112 4166 1181 4176 --
1216 4154 1236 4188 ι
1276 4135 1544 4195 Dominus
1574 4140 1787 4197 creavit
1826 4141 1901 4197 de
1934 4149 2081 4198 terra

2266 4169 2287 4203 ι
2325 4147 2532 4221 Κύριος
2590 4146 2776 4202 ἔκτισε
2804 4147 2870 4201 ἐκ
2904 4145 3008 4217 γῆς
3038 4142 3364 4215 ἄνθρωπον
3410 4135 3617 4209 ἡμέρας
3641 4129 3740 4225 δξρίζ

460 4230 787 4287 hominem.
844 4227 1151 4286 Numerum
1199 4229 1417 4287 dierum
1452 4240 1508 4288 et
1548 4240 1765 4305 tempus
1797 4233 1951 4291 dedit
1982 4235 2081 4304 illi,

2189 4240 2365 4313 θμοὺς
2413 4220 2511 4296 καὶ
2540 4240 2732 4312 καιρὸν
2788 4238 2988 4294 ἔδωκεν
3034 4235 3207 4311 αὐτῷ,
3244 4235 3354 4299 ,καὶ
3383 4231 3579 4285 ἔδωκεν
3615 4220 3741 4313 αὐτῷ

432 4378 435 4385 ,
488 4330 545 4378 et
566 4329 895 4401 potestatem
927 4338 1096 4395 super
1138 4337 1279 4377 eam.
1313 4323 1394 4378 Ad
1432 4323 1728 4394 imaginem
1761 4339 1918 4382 suam
1951 4325 2084 4382 fecit

2191 4310 2440 4405 ὲξουσίαν
2467 4335 2557 4390 ἐπ’
2579 4310 2772 4406 αὗτῆς.
2807 4334 2945 4388 Κατ’
2970 4310 3158 4386 εἰκόνα
3193 4328 3362 4385 αὐτοῦ
3395 4322 3639 4391 ἐποίησεν
3665 4310 3742 4406 αὖ·

488 4412 644 4469 illum
678 4430 693 4469 :
729 4420 785 4469 et
813 4413 999 4484 posuit
1030 4414 1285 4469 timorem
1318 4413 1494 4483 ipsius
1517 4429 1684 4486 super
1712 4430 1932 4472 omnem
1964 4431 2084 4473 car-

2191 4402 2305 4494 τὸν,
2335 4427 2431 4482 καὶ
2453 4428 2652 4500 ἔθηκεν
2677 4402 2771 4482 τὸν
2795 4424 2961 4495 φόϐον
2992 4420 3160 4477 αὐτοῦ
3206 4421 3303 4475 ἐπὶ
3335 4416 3516 4487 πάσης
3547 4402 3740 4500 σαρκδςτ

490 4517 635 4570 ncm,
685 4511 742 4559 et
788 4504 1111 4562 dominatus
1159 4512 1247 4561 est
1306 4503 1612 4561 bestiarum
1663 4514 1722 4563 et
1773 4508 2077 4579 reptilium.

2186 4491 2611 4593 κατακυριεύειν
2638 4491 2848 4591 θηρίιον
2874 4516 2969 4573 καὶ
2996 4512 3265 4587 ἑρπετῶν.
3300 4505 3631 4593 Διασούλιον,
3666 4491 3741 4548 καὶ

488 4594 758 4662 Consilio,
790 4603 848 4653 et
897 4598 1195 4666 sententia,
1241 4606 1295 4655 et
1344 4599 1543 4668 oculis,
1570 4610 1626 4657 et
1673 4601 1971 4673 disciplina
2001 4603 2083 4658 in.

2183 4618 2378 4684 δόξαν,
2409 4591 2528 4669 καὶ
2584 4611 2941 4683 ὀφθαλμοὺς,
2995 4609 3092 4665 καὶ
3147 4605 3462 4677 ἐπιστήμην
3507 4591 3739 4684 συνέσεβί

488 4685 806 4758 tclligentiae
834 4689 1069 4760 replevit
1099 4706 1225 4747 eum
1263 4710 1276 4747 :
1314 4701 1370 4747 et
1401 4692 1544 4749 bona
1572 4701 1629 4751 et
1664 4695 1811 4751 mala
1838 4699 2084 4755 ostendit

2185 4679 2486 4782 ἐνέπλησεν
2530 4679 2734 4775 αύτὸν,
2768 4679 2880 4761 *καὶ
2930 4705 3115 4774 ἀγαθὰ
3162 4704 3259 4758 καὶ
3305 4696 3452 4757 κακά
3497 4679 3740 4746 ὑπέδειξεν

485 4791 559 4832 θΙ.
596 4795 616 4830 ι

558 4867 731 4926 Eccli.
763 4887 878 4937 xu,
908 4873 994 4928 l3.
1018 4903 1090 4913 —
1122 4891 1142 4926 ι
1186 4873 1381 4931 Omnia
1404 4890 1529 4947 quae
1560 4876 1628 4932 de
1657 4885 1807 4934 terra
1840 4890 1990 4947 sunt,
2024 4881 2081 4937 in

2186 4820 2518 4948 “iq’ﬁd’vm
2546 4891 2649 4946 ὅσα
2668 4890 2780 4945 ἀπὸ
2811 4888 2940 4960 γῆς,
2967 4889 3049 4954 είς
3074 4888 3176 4959 τὴν
3199 4884 3305 4958 γῆν
3328 4874 3684 4938 ἐπελεύσεται.
3719 4878 3734 4912 ι

487 4969 689 5015 terram
722 4972 1086 5018 revertentur.
1125 4984 1146 5017 ι
3194 4984 3199 4989 ·

557 5051 753 5142 Ερίιεε.
793 5070 853 5121 ιι,
884 5054 938 5109 8.
971 5085 1041 5100 --
1074 5073 1096 5107 ι
1126 5057 1307 5128 Ipsius
1330 5056 1540 5117 factura
1575 5078 1789 5130 sumus,
1817 5068 1987 5123 creati
2023 5068 2077 5123 in

2262 5090 2282 5124 ι
2323 5069 2500 5126 Αὐτοῦ
2530 5072 2701 5142 ἐσμεν
2723 5068 2961 5140 ποίημα,
2994 5065 3314 5130 κτισθέντες
3339 5064 3398 5117 ὲν
3421 5058 3597 5132 ἔργοις
3622 5048 3738 5142 Mf“

483 5140 705 5236 tjbristo
742 5142 875 5201 Jesu
918 5144 974 5236 in
1023 5146 1291 5217 operibus
1342 5151 1524 5221 bonis,
1569 5170 1694 5226 quae
1751 5160 2077 5229 praeparavit

2185 5160 2299 5229 θοίς
2326 5164 2384 5217 ἐν
2413 5139 2640 5236 Χριστῷ
2685 5139 2881 5234 Ἰησοῦ,
2908 5155 2993 5226 οἷς
3017 5159 3427 5233 προητοίμασεν
3451 5155 3479 5207 ὁ
3507 5146 3648 5206 Θεὸς.
3667 5139 3738 5192 ἵνα

484 5232 653 5301 Deus,
688 5236 825 5291 utin
859 5235 996 5305 ipsis
1023 5237 1392 5300 ambulemus.
1428 5264 1449 5298 ι

2182 5255 2242 5308 ἐν
2267 5251 2419 5324 αὐτῷ
2446 5232 2938 5326 περιπατήσωμεν.
2977 5269 2998 5306 ι

513 5409 526 5420 .
547 5320 674 5423 lae.
706 5339 744 5390 ι,
771 5324 952 5424 18..-
986 5344 1006 5378 ι
1049 5324 1373 5390 Voluntarie
1418 5338 1611 5407 genuit
1645 5354 1749 5396 nos
1779 5344 1947 5401 verbo
1978 5362 2072 5403 ve-

2182 5296 2996 5415 ":
3018 5342 3169 5414 ἡμᾶς
3196 5310 3342 5412 λόγῷ
3375 5328 3638 5424 ἀληθείας,

482 5416 686 5508 ritatis,
737 5420 799 5467 ut
839 5416 1015 5471 simus
1046 5416 1266 5476 initium
1300 5423 1525 5496 aliquod
1558 5437 1830 5488 creatura:
1860 5435 1999 5505 eius.
2046 5456 2066 5490 ι

2177 5434 2240 5488 τὸ
2263 5429 2402 5491 εἶναι
2425 5435 2572 5506 ἡμᾶς
2596 5435 2853 5508 ἀπαρχήν
2877 5452 3001 5490 τινα
3018 5434 3131 5489 τῶν
3159 5430 3355 5489 ἑαυτοῦ
3381 5419 3693 5508 κτισμάῖων·
3713 5420 3732 5456 ⁵

549 5500 832 5561 Clementi:
863 5521 1034 5578 papa,
1065 5513 1219 5581 epist.
1254 5516 1305 5570 1.
1335 5546 1406 5558 -—
1429 5518 1569 5575 Cum
1600 5522 1718 5594 ipse
1752 5528 1825 5583 sit
1851 5500 2072 5586 creator

2250 5528 2422 5594 Αὐτὸς
2513 5500 2858 5601 Δημιοέρίτὸς
2914 5528 3012 5583 καὶ
3055 5529 3335 5597 Δεσπότης
3374 5518 3480 5575 τῶν
3510 5506 3735 5568 ἁπάντων

1812 5635 2044 5695 VARUS
2074 5639 2478 5699 LECTIONES.

482 5706 1387 5861 τούξ.ξξξθτξᾟξέέθριξΐξίίθηθω
1428 5722 1663 5797 υεεοΐίῑν
1697 5731 1791 5801 qui
1832 5747 1898 5790 ex
1938 5734 2347 5807 coniectatione
2375 5736 2455 5796 ita
2478 5734 2827 5823 resumeret,
2867 5733 3038 5792 αύτοῦ
3087 5734 3255 5808 σοφίᾳ
3292 5729 3598 5799 ἐκόσμηαν
3645 5703 3725 5761 αὖ·
