3998 6406
249 5405 296 5418 ,α

360 385 495 454 1101

1701 383 1946 445 SACRA
1983 381 2457 446 PARALLELA.

3498 375 3636 443 110‘2

353 509 442 563 ὲπί
473 507 586 570 τοῖς
615 504 800 576 ἔργοις
843 469 1009 560 αὑτοῦ
1049 505 1368 573 ἀγάλλεται.
1399 501 1490 574 Τῷ
1513 501 1621 573 γὰρ
1651 517 1915 572 παμμεγε

2042 506 2098 554 et
2139 496 2404 552 Dominus
2434 496 2704 564 omnium,
2756 498 2812 552 in
2857 493 3120 567 cperibus
3152 492 3481 549 delectatur.
3532 489 3630 544 Et-

351 596 534 666 στόιτῳ
555 595 720 651 αὐτοῦ
747 596 939 666 κράτει
966 594 1230 666 οὐρανοὺς
1253 592 1556 665 ἐστήριξεν,
1591 591 1683 645 καὶ
1713 593 1778 662 τῇ
1806 591 1942 644 ἀκα-

349 691 612 762 ταλήπτῳ
639 689 806 744 αὐτοῦ
846 690 1061 744 συνέσει
1085 688 1450 760 διεκόσμησεν
1490 686 1721 750 αὐτούς’
1749 689 1853 757 γῆν
1883 684 1942 740 δὲ

351 779 617 851 ἐχώρισεν
657 780 766 836 ἀπὸ
825 780 919 835 τοῦ
962 780 1311 851 περιέχοντος
1363 780 1535 850 αὐτὴν
1571 779 1786 843 ὓδατος,
1845 778 1941 833 καὶ

345 871 583 942 ἥδρασεν
622 870 714 922 ἐπὶ
750 870 843 923 τὸν
889 870 1110 940 ἀσφαλῆ
1141 870 1237 924 τοῦ
1277 869 1408 924 ἰδίου
1441 869 1746 940 θελήματος
1775 867 1939 937 θεμέ-

347 962 485 1015 λιον.
529 961 654 1014 Ἐπὶ
685 961 897 1025 τούτοις
944 962 1035 1016 τὸν
1086 960 1421 1030 ἐξοχώτατον
1457 960 1554 1014 καὶ
1601 957 1936 1030 παμμεγέθη

346 1052 634 1124 ἄνθρωπον
687 1055 809 1114 ταῖς
860 1053 1020 1116 ἰδίαις
1075 1051 1241 1107 αὐτοῦ
1291 1053 1389 1107 καὶ
1428 1051 1686 1124 ἀμώμοις
1743 1050 1935 1121 χερσὶν

346 1142 605 1205 Επλασεν,
640 1144 738 1214 τῆς
767 1143 962 1198 ἑαυτοῦ
989 1145 1198 1208 εἰκόνος
1227 1145 1573 1215 χαρακτῆρα.
1608 1143 1794 1206 Οὕτως
1823 1141 1933 1213 γάρ

345 1249 511 1302 φησιν
543 1234 571 1285 6
593 1231 727 1295 Θεός
750 1250 762 1262 ο
799 1249 819 1284 ι
876 1234 1204 1305 Ποιήσωμεν
1245 1233 1533 1304 ἄνθρωπον
1568 1235 1692 1286 κατ’
1748 1233 1934 1286 εἰκόνα

343 1320 639 1390 ἡμετέραν,
684 1321 778 1374 καὶ
811 1321 933 1374 καθ’
956 1322 1236 1392 ὁμοίωσιν.
1287 1323 1399 1376 Καὶ
1439 1322 1699 1392 ἐποίησεν
1740 1324 1769 1376 6
1799 1321 1931 1384 Θεὸς

340 1412 432 1464 τὸν
484 1411 792 1483 ἄνθρωπον,
851 1413 1018 1484 ἄρσεν
1060 1415 1154 1468 καὶ
1187 1414 1320 1483 θῆλυ
1361 1415 1618 1486 ἐποίησεν
1651 1414 1867 1478 αὐτούς.
1904 1433 1924 1467 ι

341 1497 528 1552 Ταῦτα
554 1496 646 1552 οῦν
668 1500 849 1556 πάντα
877 1501 1190 1568 τελειώσας,
1233 1503 1489 1575 ἐποίησεν
1515 1504 1674 1571 αὐτὰ,
1703 1505 1798 1559 καὶ
1829 1505 1930 1576 ηὑ-

338 1589 560 1660 λόγησε,
598 1592 692 1644 καὶ
722 1587 876 1646 εἶπεν
903 1611 916 1626 ο
955 1613 971 1646 ι
1003 1594 1311 1660 Αὑξάνεσθε
1340 1595 1434 1648 καὶ
1463 1595 1825 1664 πληθύνεσθε.
1867 1615 1884 1648 ι

409 1683 508 1746 Τίς
533 1683 737 1738 ὀστέων
757 1683 989 1755 ἐξῆπται
1009 1685 1248 1756 ἄτηκτον
1269 1686 1490 1752 οὐσίαν;
1515 1685 1597 1749 τίς
1619 1686 1676 1739 δὲ
1703 1687 1925 1757 συνέδη-

336 1792 431 1829 σεν
459 1775 828 1833 ἐπιτείνεσθαι
859 1777 1096 1848 νεύροις,
1132 1778 1226 1833 καὶ
1255 1777 1504 1832 ἀνίεσθαι
1538 1779 1666 1848 περὶ
1694 1777 1793 1842 τὰς
1824 1778 1924 1848 ἀρ-

339 1867 514 1935 μογάς
535 1867 900 1941 καμπτόμενα
920 1869 988 1923 τά
1022 1869 1160 1940 μέλη
1182 1886 1196 1933 ;
1230 1869 1316 1933 τίς
1340 1869 1400 1934 ὃς
1421 1869 1674 1940 ὲζύμωσε
1694 1871 1922 1941 χυμοὺς.
1959 1855 1998 1910 Β

326 1959 530 2022 δεύσας
577 1961 790 2029 αἵματι,
830 1963 925 2017 καὶ
954 1961 1260 2034 μαλθακὴν
1283 1965 1417 2034 ἡμῖν
1450 1965 1516 2016 ὲκ
1548 1963 1670 2033 χοὸς
1705 1963 1921 2034 σάρκα;

331 2052 509 2117 Μόνος
555 2054 583 2105 6
616 2055 1011 2126 ἀριστοτέχνης
1048 2057 1146 2127 τὴν
1182 2056 1556 2128 λογιωτάτην
1599 2057 1786 2111 εἰκόνα
1830 2057 1924 2110 καὶ

331 2141 578 2213 ἔμψυχον
598 2143 690 2195 τὸν
710 2143 1022 2214 ἄνθρωπον,
1057 2147 1206 2216 ἡμᾶς
1243 2147 1442 2200 ἑαυτοῦ
1476 2149 1920 2218 τεκταινόμενος,

330 2233 428 2286 καὶ
455 2233 852 2304 κηροπλαστῶν
874 2234 933 2302 ἐξ
956 2236 1139 2306 ὑγρῶν
1167 2237 1263 2290 καὶ
1293 2236 1652 2308 βραχυτάτων
1678 2239 1925 2310 σπερμά-

329 2342 440 2378 των
470 2327 527 2377 ὲν
559 2326 764 2396 μήτρα.
802 2326 898 2390 Τίς
941 2326 1049 2397 γάρ
1100 2328 1250 2380 ἐστιν
1285 2327 1315 2382 ὁ
1344 2327 1797 2398 προμηθούμενος
1847 2327 1923 2398 μὴ

330 2415 738 2484 συμπνίγεσθαι
771 2416 850 2487 τῷ
880 2417 1052 2488 ὑγρῷ,
1093 2419 1190 2472 καὶ
1220 2421 1286 2490 τῇ
1317 2421 1518 2490 συνοχῇ
1552 2418 1662 2471 τῶν
1687 2419 1922 2488 ἀγγείων

329 2505 778 2576 ὲπικλειζόμενον
831 2507 941 2560 ἔσω
983 2507 1042 2561 τὸ
1093 2507 1370 2580 ἔμϐρυον;
1423 2509 1456 2580 ἢ
1505 2509 1587 2572 τίς
1636 2511 1663 2564 6
1697 2509 1835 2580 μετά
1862 2509 1922 2565 τὸ

325 2597 675 2669 λοχευθῆναι,
713 2600 807 2653 καὶ
839 2600 920 2663 εἰς
954 2600 1068 2671 φῶς
1109 2600 1374 2666 ἀνελθεῖν,
1423 2603 1502 2664 εἰς
1531 2599 1782 2672 μέγεθος,
1825 2600 1922 2654 καὶ

325 2690 547 2757 κάλλος,
580 2692 676 2745 καί
711 2690 929 2763 ῥώμην,
963 2692 1024 2756 ἐξ
1052 2691 1316 2755 ἀσθενοῦς
1347 2692 1441 2746 καὶ
1473 2691 1708 2764 βραχέος
1756 2708 1923 2763 μετα-

315 2780 561 2846 ρὸόιλλων,
594 2785 642 2835 εἰ
673 2785 748 2854 μὴ
778 2785 940 2847 αὐτὸς
966 2778 1119 2846 οὗτος
1147 2785 1176 2836 6
1205 2783 1620 2857 ἀριστοτέχνης,
1648 2783 1724 2848 ὡς
1758 2782 1918 2855 ἔφην,

314 2871 480 2937 Θεὸς,
530 2876 598 2944 τῇ
653 2876 914 2946 ποιητικῇ
975 2873 1204 2945 δυνάμει
1261 2874 1784 2945 μετασχηματίζων,
1825 2875 1921 2929 καὶ

323 2963 780 3036 μεταζωγραφῶν
827 2965 927 3029 τὰς
963 2966 1110 3029 ἰδέας
1132 2966 1254 3033 ;—'U
1288 2966 1420 3029 Θεὸς
1455 2966 1728 3020 ἀθανασία
1777 2967 1914 3032 ἐστὶ,

320 3056 418 3110 καὶ
449 3057 586 3128 ζωὴ,
641 3059 738 3112 καὶ
770 3058 1079 3128 ἀφθαρσία·
1111 3056 1276 3129 ἔργον
1308 3057 1366 3111 δὲ
1421 3056 1710 3128 ἄνθρωπος
1738 3057 1874 3111 Θεοῦ
1899 3072 1914 3088 ⁸

2041 592 2185 648 enim
2239 589 2628 662 ingentissimo
2673 587 2872 644 robore
2926 603 3028 644 suo
3077 587 3247 642 cmlos
3300 583 3535 650 fulcivit,
3576 593 3633 638 et

2042 682 2588 754 incomprehensibili
2619 681 2896 737 industria
2948 696 3047 737 sua
3095 679 3314 736 ornavit
3363 695 3381 736 :
3423 685 3631 733 terram

2038 784 2220 830 autem
2259 773 2512 830 distinxit
2559 772 2628 828 ab
2667 787 2813 843 aqua
2861 786 2982 828 eam
3030 770 3329 837 ambienle,
3360 778 3417 826 et
3464 785 3633 842 super

2039 874 2158 920 tuto
2189 866 2490 922 voluntatis
2522 880 2638 921 suae
2688 863 3050 918 fundamento
3089 862 3378 918 stabilivit.
3421 859 3632 917 Deinde

2039 957 2562 1012 excellentissimum
2594 963 2649 1010 et
2702 955 3025 1027 praecelsum
3075 969 3305 1023 prorsus
3349 952 3628 1007 hominem

2037 1048 2673 1104 suismetimmaculatis
2715 1046 2976 1102 manibus
3025 1046 3202 1110 tinxit,
3243 1045 3338 1114 qui
3369 1044 3629 1115 imaginis

2037 1156 2150 1196 sua:
2185 1139 2416 1210 effigiem
2445 1139 2696 1195 referret.
2733 1135 2824 1192 Sic
2851 1138 3000 1191 enim
3043 1136 3185 1190 Deus
3220 1136 3297 1189 ait
3331 1153 3343 1188 :
3379 1154 3395 1186 ι
3436 1133 3632 1189 Facia-

2035 1246 2156 1286 mus
2185 1231 2464 1285 hominem
2493 1230 2559 1284 ad
2596 1229 2890 1300 imaginem
2931 1236 3175 1283 nostram
3217 1234 3272 1282 et
3310 1226 3630 1290 similitudi-

2033 1339 2160 1380 nem
2198 1333 2470 1379 nostram.
2504 1323 2571 1378 Et
2619 1323 2752 1377 fecit
2781 1322 2927 1377 Deus
2960 1320 3238 1374 hominem
3267 1338 3278 1374 :
3317 1320 3628 1375 masculum

2032 1424 2089 1472 et
2121 1416 2382 1471 feminam
2418 1415 2546 1470 fecit
2576 1429 2672 1469 eos
2701 1412 2856 1486 (Gen.
2890 1429 2929 1478 ι,
2960 1412 3054 1476 26,
3087 1410 3201 1482 Q7).
3230 1430 3249 1463 ›
3283 1410 3414 1478 Quae
3442 1411 3628 1466 omnia

2032 1521 2158 1561 cum
2199 1505 2532 1569 absolveret,
2570 1504 2763 1560 isthaze
2804 1504 2955 1566 fecit,
3001 1503 3394 1580 benedixitque
3423 1511 3478 1557 et
3506 1501 3624 1555 ait:

2037 1615 2057 1648 ε
2093 1597 2344 1654 Crescite
2373 1605 2430 1653 et
2472 1596 2917 1668 multiplicamini
2961 1595 3114 1668 (ibid.
3149 1596 3265 1666 28).
3307 1615 3326 1647 ›

2101 1689 2161 1745 S.
2197 1689 2458 1746 Metliodti
2510 1691 2575 1746 de
2620 1705 2882 1746 resurrec.
2907 1719 2974 1730 —
3005 1687 3143 1754 Quis
3174 1689 3370 1742 duram
3411 1689 3624 1744 ossium

2031 1783 2400 1840 substantiam
2431 1782 2747 1854 compegit?
2786 1783 2913 1852 quis
2941 1781 3188 1836 membra
3227 1780 3532 1851 colligavit,
3567 1792 3626 1836 ut

2029 1878 2216 1934 nervis
2241 1877 2622 1941 tenderentur,
2647 1887 2702 1932 et
2733 1875 3201 1946 cireajuncturas
3237 1875 3438 1931 inflexa
3474 1875 3630 1930 laxa-

2027 1969 2256 2026 rentur?
2275 1969 2413 2035 Quis
2444 1968 2704 2026 humores
2734 1968 3068 2038 mollemque
3091 1981 3155 2022 ex
3183 1966 3354 2022 humo
3379 1982 3627 2031 carnem,

2030 2063 2302 2134 sanguine
2359 2076 2480 2116 eam
2543 2059 2956 2132 perfundendo,
3020 2058 3415 2114 fermentavit?
3471 2058 3628 2114 solus

2029 2156 2192 2226 plane
2225 2153 2718 2226 pra'stantissimus
2747 2151 2948 2207 artifex
2987 2150 3156 2218 Deus,
3192 2152 3284 2223 qui
3321 2152 3627 2217 hominem,

2029 2242 2082 2296 id
2129 2252 2215 2298 est
2264 2242 2481 2296 ratione
2533 2240 2824 2312 praeditam
2859 2246 2915 2294 et
2969 2239 3270 2295 animatam
3327 2240 3626 2313 imaginem

2027 2345 2208 2396 suam,
2263 2345 2390 2396 nos,
2447 2328 3040 2402 inquam,-fabrieavit,
3083 2337 3141 2385 et
3195 2345 3262 2386 ex
3300 2330 3532 2386 humido
3575 2341 3632 2386 et

2025 2421 2328 2493 perexiguo
2379 2423 2588 2479 semine
2629 2424 2684 2477 in
2730 2423 2894 2478 vulva
2949 2423 3167 2489 matris,
3221 2424 3371 2479 velut
3416 2440 3448 2481 e
3499 2439 3631 2479 cera

2025 2513 2416 2570 conforrnavit.
2451 2513 2653 2585 Ecquis
2683 2516 2829 2570 enim
2851 2523 2935 2571 est
2957 2516 3051 2588 qui
3075 2514 3351 2586 providet,
3378 2531 3449 2571 ne
3476 2515 3626 2572 fetus

2026 2604 2281 2661 humoris
2311 2605 2493 2675 copia,
2525 2613 2582 2661 et
2608 2605 3028 2675 compressione
3059 2620 3318 2661 vasorum
3363 2607 3626 2671 obrutus,

2025 2693 2176 2750 intus
2227 2693 2594 2765 praefocetur?
2660 2700 2757 2748 aut
2814 2693 2976 2763 quis,
3031 2701 3328 2764 postquam
3377 2702 3630 2766 gestatus

2026 2791 2187 2844 utero
2216 2791 2324 2850 est,
2367 2793 2427 2840 et
2458 2783 2680 2839 tandem
2711 2783 2767 2839 in
2801 2784 2980 2840 lucem
3014 2783 3220 2852 editus,
3255 2798 3323 2840 ex
3361 2783 3628 2840 imbecilli

2021 2881 2080 2932 ει
2114 2875 2320 2946 pusillo
2352 2891 2639 2946 magnum,
2683 2875 2979 2946 pulchrum
3011 2883 3068 2930 et
3111 2875 3407 2930 robustum
3447 2875 3628 2932 reddi-
3678 2919 3696 2943 ,

2023 2966 2122 3030 dit,
2155 2965 2264 3022 nisi
2300 2965 2445 3021 idem
2474 2965 2612 3036 ipse,
2655 2981 2822 3036 quem
2857 2965 3021 3021 modo
3044 2965 3320 3032 dicebam,
3354 2975 3628 3038 praestan-

2023 3056 2273 3112 tissimus
2323 3055 2584 3110 conditor
2633 3056 2820 3120 Deus,
2875 3056 2972 3126 qui
3022 3057 3285 3127 potentiae
3319 3073 3434 3112 suae
3460 3056 3622 3130 311

319 3149 430 3210 πᾶν
469 3148 526 3201 δὲ
567 3147 628 3204 τὸ
667 3149 772 3202 ὑπὸ
815 3148 1117 3212 ἀθανασίας
1157 3147 1451 3218 ὲργασθὲν,
1498 3147 1788 3204 ἀθάνατον.
1823 3150 1915 3205 Διὸ

2024 3147 2363 3215 ellicacitate,
2409 3149 2588 3202 instar
2643 3147 2879 3216 pictoris
2931 3147 3250 3216 cujusdam,
3308 3147 3520 3206 formas
3569 3152 3627 3206 in

311 3241 410 3297 τὸν
444 3241 544 3306 μὲν
569 3241 859 3313 ἄνθρωπον
888 3241 1266 3314 ηὑτούργησεν
1308 3241 1506 3304 αὐτός·
1543 3240 1614 3296 τὰ
1641 3241 1698 3294 δὲ
1749 3241 1915 3296 λοιπά

2024 3239 2305 3296 diversum
2360 3245 2562 3293 mutat.
2615 3237 2762 3294 Deus
2815 3238 3206 3296 immortalitas
3252 3244 3368 3308 est,
3420 3240 3531 3296 vita
3571 3250 3628 3297 et

313 3331 450 3404 ¹γένη
473 3333 583 3386 τῶν
607 3333 787 3399 ζώων,
843 3335 988 3407 ἀέρι,
1025 3334 1122 3386 καὶ⁴
1147 3337 1240 3405 γῇ,
1283 3334 1378 3387 καὶ
1412 3332 1568 3386 ὕδατι
1609 3333 1914 3405 προσέταξε

311 3423 528 3494 φέρειν,
568 3443 588 3477 r
631 3422 1004 3493 Ἐξαγαγέτω,
1035 3423 1234 3493 λέγων,
1272 3423 1341 3477 τὰ
1371 3422 1539 3476 ὕδατα
1564 3425 1772 3496 ἑρπετά
1807 3421 1915 3490 ζω-

314 3507 430 3570 (τῶνΔ
455 3513 668 3584 ψυχῶν,
695 3515 790 3566 καὶ
829 3513 1052 3567 πετεινά
1080 3501 1352 3584 πετόμενα
1381 3514 1474 3566 ἐπὶ
1501 3514 1600 3585 τῆς
1623 3514 1748 3585 γῆς,
1769 3514 1914 3568 κατά

310 3605 375 3658 τὸ
399 3606 688 3677 στερέωμα
713 3605 806 3660 τοῦ
829 3605 1084 3678 οὐρανοῦ.
1110 3624 1129 3658 ι
1162 3605 1294 3670 Καὶ,
1331 3623 1350 3656 r
1398 3604 1747 3674 Ἐξαγαγέτω
1780 3607 1911 3678 η’γῆ

309 3694 490 3766 ψυχὴν
511 3696 695 3758 ζῶσαν
718 3695 863 3750 κατὰ
887 3697 1061 3765 γένος·
1085 3696 1417 3768 τετράποδα,
1437 3699 1533 3754 καὶ
1559 3699 1788 3770 ἑρπετὰ,
1815 3699 1910 3754 καί

307 3787 481 3858 θηρία
513 3788 615 3858 τῆς
640 3790 745 3858 γῆς
768 3790 911 3842 κατά
941 3789 1122 3858 γένος.
1160 3809 1182 3841 ι
1233 3791 1358 3844 Ἐπί
1399 3790 1457 3844 δὲ
1484 3790 1580 3845 τοῦ
1615 3790 1909 3863 ἀνθρώπου

308 3879 411 3932 οὐκ
440 3879 545 3947 ἐτι,
563 3899 582 3932 ι
606 3879 1009 3950 Ἐξαγαγέτω,›
1037 3881 1199 3947 ἀλλὰ,
1235 3883 1594 3953 «Ποιήσωμεν
1620 3881 1910 3954 ἄνθρωπον

305 3973 429 4024 κατ’
476 3972 666 4026 εἰκόνα
721 3973 1004 4044 ἡμετέραν
1055 3976 1152 4028 καὶ
1200 3972 1322 4028 καθ’
1373 3973 1659 4044 ὁμοίωσιν.
1697 3993 1717 4027 ι
1759 3974 1906 4040 Καὶ,

313 4081 334 4117 ι
375 4063 609 4120 Ἔλαϐεν
641 4065 670 4118 ό
695 4065 828 4130 Θεὸς
856 4065 986 4136 χοῦν
1007 4065 1116 4120 ἀπὸ
1149 4065 1248 4138 τῆς
1281 4065 1406 4137 γῆς,
1434 4066 1528 4119 καὶ
1549 4064 1789 4121 ἔπλασεν
1811 4065 1910 4122 αὒ-

304 4157 422 4212 τόν.
453 4176 473 4210 ι

2019 3328 2374 3400 incorruptio
2419 3345 2434 3383 :
2483 3343 2626 3398 opus
2685 3338 2871 3383 autem
2909 3327 3030 3393 Dei,
3089 3329 3278 3384 homo.
3342 3329 3624 3401 Quidquid

2017 3437 2187 3492 porro
2216 3421 2288 3476 ab
2317 3420 2739 3476 immortalitate
2784 3419 2992 3475 factum
3043 3429 3152 3487 est,
3199 3421 3512 3479 immortale
3550 3425 3624 3480 sit

2017 3521 2257 3584 oportet.
2288 3512 2368 3567 Ac
2399 3511 2639 3584 proinde
2663 3511 2887 3583 quidem
2921 3511 3200 3567 hominem
3225 3514 3462 3584 ipsemet
3492 3514 3626 3571 επεσ-

2016 3604 2130 3658 cit:
2164 3602 2375 3672 reliqua
2399 3610 2581 3656 autem
2614 3600 2982 3654 animantium
3015 3616 3238 3670 genera,
3265 3603 3404 3667 aeri,
3439 3610 3620 3672 terrae,

2018 3705 2073 3753 et
2105 3696 2265 3766 aquis
2297 3692 2653 3764 producenda
2691 3691 2992 3746 mandavit.
3033 3711 3052 3744 ‹
3091 3691 3408 3748 Producant
3447 3695 3619 3758 enim,

2018 3787 2221 3859 inquit,
2253 3801 2411 3858 aqum
2461 3785 2679 3856 replilia
2715 3784 3020 3840 viventium
3056 3786 3392 3854 animarum,
3433 3795 3488 3842 et
3522 3803 3622 3844 vo-

2018 3880 2194 3935 latilia
2235 3879 2481 3936 volantia
2541 3892 2710 3947 super
2769 3887 2998 3945 terram,
3055 3893 3154 3947 per
3205 3879 3618 3936 firmamentum

2019 3973 2142 4029 caeli
2175 3970 2333 4046 (Gen.
2369 3988 2409 4035 ι,
2438 3969 2554 4040 20).
2587 3989 2604 4023 ι
2639 3965 2708 4024 Ει
2742 3989 2754 4026 :
2797 3989 2815 4021 ‹
2863 3969 3143 4026 Produeat
3183 3980 3334 4028 terra
3371 3973 3615 4028 animam

2019 4067 2291 4123 viventem
2333 4065 2638 4122 secundum
2685 4078 2862 4136 genus
2900 4063 3054 4134 (ibid.
3087 4063 3201 4136 24).
3241 4085 3261 4117 ι
3297 4067 3368 4121 At
3413 4066 3481 4122 de
3513 4066 3616 4121 ho-

2015 4158 2164 4217 mine
2193 4173 2302 4213 non
2341 4157 2472 4212 item
2505 4155 2670 4220 dixit,
2703 4155 3012 4219 Producat;
3071 4156 3168 4214 sed
3199 4175 3210 4210 :
3255 4175 3274 4208 ι
3316 4156 3616 4213 Faciamus

306 4238 588 4306 hominem
639 4251 706 4306 ad
741 4248 1042 4321 imaginem
1074 4260 1323 4306 nostram
1367 4257 1423 4305 et
1456 4248 1878 4306 similitudinem
1947 4245 2012 4302 Et
2058 4247 2364 4317 assumpsit
2421 4246 2565 4302 Deus
2613 4245 2899 4316 pulverem
2937 4245 3004 4303 de
3032 4256 3206 4315 terra,
3283 4254 3340 4303 et
3404 4246 3616 4306 ellinxit

305 4355 457 4396 eum.
495 4360 515 4394 ι

380 4432 552 4503 Σῶμα
608 4399 823 4487 ἔκτισεν
873 4436 902 4488 6
939 4433 1094 4498 Θεὸς,
1149 4433 1273 4503 οὐχὶ
1325 4432 1518 4486 νόσον·
1571 4431 1668 4487 καὶ
1721 4431 1903 4503 ψυχὴν

306 4523 566 4596 ἐποίησεν
602 4525 631 4577 6
659 4525 812 4590 Θεὸς,
853 4525 972 4596 οὐχὶ
1018 4525 1076 4578 δὲ
1125 4524 1405 4595 ἁμαρτίαν
1428 4541 1440 4551 ·
1491 4523 1750 4596 ἐκακώθη
1779 4523 1836 4576 δὲ
1865 4525 1899 4594 ἡ

2083 4421 2258 4478 Basil.
2295 4418 2456 4477 llam.
2486 4417 2627 4490 quod
2655 4418 2795 4474 Deus
2843 4434 2947 4472 non
2992 4427 3076 4474 est
3119 4429 3307 4474 auctor
3357 4421 3510 4476 mali.
3541 4448 3614 4463 -

2008 4513 2155 4570 Deus
2186 4527 2387 4583 corpus
2414 4511 2634 4582 quidem
2668 4511 2941 4578 condidit,
3002 4511 3100 4566 sed
3147 4527 3259 4567 non
3312 4513 3609 4581 morbum;

301 4615 453 4689 ψυχὴ
479 4621 912 4690 παρατραπείσα
939 4618 1034 4674 τοῦ
1059 4619 1204 4674 κατά
1230 4619 1413 4688 φύσιν.
1437 4615 1547 4675 Ἦν
1582 4637 1712 4673 ποτε
1728 4619 1902 4690 Ἀδὰμ

2024 4605 2092 4660 iic
2122 4618 2343 4676 quoque
2373 4603 2612 4657 animam
2645 4601 2797 4666 fecit,
2842 4603 2936 4658 sed
2966 4618 3076 4659 non
3113 4611 3422 4675 peccatum.
3461 4602 3611 4660 Vitio

301 4708 439 4776 ἄνω,
465 4710 528 4765 οὐ
561 4710 731 4780 τόπῳ,
750 4710 890 4764 ἀλλὰ
914 4713 980 4783 τῇ
1006 4711 1349 4783 προαιρέσει.
1377 4711 1476 4766 Διά
1502 4712 1554 4766 τί
1573 4712 1676 4768 οὐκ
1697 4710 1901 4776 εὐθέως

301 4801 456 4871 αὐτῷ
495 4803 1018 4874 συγκατεσκευάσθη
1059 4803 1156 4858 καὶ
1201 4803 1271 4857 τὰ
1292 4803 1598 4876 ὲνδύματα;
1626 4805 1749 4858 Ὅτι
1778 4801 1903 4858 οὔτε

302 4891 514 4960 φυσικὰ
541 4891 786 4964 ἔπρεπεν
806 4888 948 4946 εἶναι
971 4892 1170 4961 ταῦτα,
1201 4891 1326 4948 οὔτε
1353 4895 1419 4950 ὲκ
1443 4895 1663 4966 τέχνης.
1693 4894 1775 4948 Τά
1801 4893 1902 4965 μὲν

298 4983 415 5053 γάρ
448 4985 656 5052 φυσικά
687 4984 792 5038 ἴδια
837 4985 947 5039 τῶν
981 4985 1195 5054 ἀλόγων
1234 4988 1408 5051 ἐστὶν,
1455 4981 1568 5042 οἷον
1599 4987 1774 5058 πτερά
1806 4987 1902 5042 καὶ

296 5075 508 5145 τρίχες,
533 5077 629 5129 καὶ
660 5077 952 5152 δερμάτων
983 5077 1258 5149 παχύτης,
1296 5080 1512 5149 στέγειν
1555 5079 1654 5148 μὲν
1694 5079 1898 5150 χειμῶ-

298 5183 421 5230 νας,
457 5167 644 5239 φέρειν
688 5169 749 5223 δὲ
803 5168 1096 5234 καύσωνας
1139 5170 1493 5241 δυναμένων·
1529 5169 1804 5241 ἀνθρώπῳ
1840 5170 1899 5225 δὲ

297 5255 515 5328 ἔπρεπε
545 5259 690 5314 κατά
719 5259 821 5332 τὴν
854 5259 1151 5328 ἀναλογίαν
1202 5259 1306 5331 τῆς
1336 5258 1474 5330 πρὸς
1501 5259 1635 5313 Θεὸν
1673 5260 1896 5331 ἀγάπης

299 5348 770 5424 παρηλλαγμένας
803 5349 912 5405 τῶν
952 5348 1178 5419 ἀγαθῶν
1224 5349 1323 5414 τὰς
1365 5347 1667 5413 ἀντιδόσεις
1713 5347 1894 5418 ὐπάρσ

297 5456 439 5510 χειν.

370 5614 592 5681 Σκόπει,
623 5617 706 5680 τίς
742 5618 775 5688 ἡ
808 5616 917 5670 ἀπὸ
946 5617 1129 5688 ψυχῆς
1156 5617 1222 5688 τῇ
1264 5614 1430 5687 σαρκί
1455 5613 1770 5685 ὲνδιδομένη
1799 5611 1894 5665 δύ·-

295 5721 485 5774 ναμις,
511 5705 608 5762 καὶ
629 5705 713 5770 τίς
747 5707 780 5777 ἡ
812 5706 919 5760 ἀπὸ
956 5706 1160 5780 σαρκὸς
1203 5706 1338 5779 πρὸς
1381 5704 1560 5777 ψυχὴν
1591 5702 1891 5759 ἐπανιοῦσα

299 5798 622 5873 συμπάθεια
643 5817 655 5831 ·
699 5800 814 5866 πῶς
849 5801 1063 5872 δέχεται
1102 5801 1200 5874 μὲν
1254 5800 1354 5875 τὴν
1387 5799 1532 5875 ζωὴν
1561 5799 1624 5854 ὲκ
1657 5797 1756 5870 τῆς
1781 5795 1888 5869 ψυ·

2007 4706 2194 4754 autem
2238 4695 2453 4751 imbuta
2512 4695 2698 4750 anima
2729 4706 2840 4760 est,
2877 4702 3177 4766 postquam
3227 4698 3298 4752 ab
3348 4711 3416 4753 eo
3459 4697 3609 4768 quod

2007 4797 2219 4844 naturae
2238 4791 2672 4841 consentaneum
2705 4791 2850 4851 erat,
2883 4783 3131 4842 deflexit.
3171 4785 3304 4841 Erat
3325 4787 3606 4860 quondam

2005 4880 2250 4934 Adamus
2280 4892 2529 4942 sursum,
2561 4891 2670 4930 non
2703 4877 2850 4944 loco,
2887 4877 2983 4933 sed
3015 4877 3184 4932 animi
3209 4879 3606 4935 destinatione.

2004 4971 2117 5025 Cur
2158 4977 2342 5024 autem
2391 4967 2720 5023 indumenta
2744 4969 2909 5023 simul
2948 4968 3050 5039 ipsi
3086 4978 3276 5040 parata
3309 4983 3415 5024 non
3438 4970 3610 5025 sunt?

2001 5060 2266 5116 nimirum
2296 5059 2424 5134 quia
2457 5074 2558 5114 nec
2589 5060 2889 5121 naturalia,
2913 5075 3014 5115 nec
3035 5070 3152 5114 arte
3179 5061 3461 5116 elaborata
3483 5075 3608 5117 esse

2001 5151 2386 5208 conveniebat.
2425 5150 2707 5205 Naturalia
2730 5152 2878 5206 enim
2914 5153 3094 5209 brutis
3127 5154 3428 5222 peculiaria
3450 5163 3604 5219 sunt,

2001 5253 2061 5302 ut
2093 5245 2318 5316 plumae,
2353 5243 2471 5314 pili,
2505 5258 2708 5299 crassa:
2735 5245 2910 5315 pelles
2945 5263 2958 5300 :
2997 5246 3203 5317 quippe
3235 5263 3356 5318 quae
3385 5248 3605 5317 algor-es

2000 5347 2055 5394 et
2080 5346 2250 5393 aestus
2282 5336 2512 5409 perinde
2563 5336 2712 5393 ferre
2745 5347 2978 5408 queant.
3009 5339 3079 5393 At
3120 5339 3402 5395 hominem
3435 5339 3602 5395 dece-

2001 5430 2093 5486 bat
2120 5445 2223 5500 pro
2272 5444 2372 5485 sua
2413 5444 2544 5502 erga
2576 5430 2747 5484 Deum
2791 5430 3088 5498 charitate,
3131 5431 3352 5488 diversa
3379 5447 3604 5504 quoque

2000 5519 2273 5577 bonorqu
2302 5520 2524 5590 praemia
2560 5519 2792 5577 referre.
3602 5536 3611 5540 ‘

2068 5611 2262 5682 Ejusd.
2289 5612 2433 5666 hom.
2469 5613 2524 5669 in
2559 5613 2735 5668 illud:
2761 5612 2989 5670 Attende
3018 5614 3112 5670 tibi
3153 5616 3274 5686 ipsi.
3306 5646 3378 5659 —
3403 5615 3604 5671 Consi-

1996 5704 2129 5761 dera
2167 5718 2424 5777 quaenam
2473 5706 2546 5762 sit
2585 5722 2648 5763 ea
2705 5709 2974 5779 potentia,
3003 5725 3169 5781 quam
3206 5710 3391 5764 anima
3443 5707 3600 5764 carni

1996 5795 2274 5869 impertit,
2305 5805 2359 5854 et
2388 5798 2628 5857 vicissim
2657 5815 2913 5872 quaenam
2949 5816 2980 5857 a
3023 5816 3195 5858 carne
3239 5801 3310 5859 ad
3356 5799 3596 5858 animam
