3998 6394
415 389 554 456 1103

1573 380 1632 440 S.
1673 379 1989 442 JOANNIS
2013 375 2443 444 DAMASCENI

3540 390 3696 457 11M

411 501 717 578 sympathia
744 498 1055 555 reﬂectatur
1092 515 1102 550 :
1137 507 1200 549 ac
1231 506 1455 549 rursum
1481 493 1755 564 quomodo
1786 508 1987 563 corpus

2105 494 2194 565 [ἧς
2219 496 2279 549 τὸ
2298 496 2456 568 σῶμα
2473 537 2488 563 ,
2513 495 2724 567 δέχεται
2746 495 2802 549 δὲ
2834 494 3136 569 ἀλγηδόνας
3166 498 3273 555 άπὸ
3296 501 3390 556 τοῦ
3422 503 3695 575 σώματος

408 601 576 652 vitam
608 592 835 663 accipiat
867 590 935 644 ab
967 589 1172 653 anima,
1203 587 1386 641 anima
1416 600 1545 640 vero
1571 584 1791 640 dolores
1815 599 1844 637 a
1864 598 1988 639 cor-

406 702 542 758 pore
572 681 883 740 contrahat.
914 677 1179 745 Quamam
1211 677 1378 733 veluti
1410 675 1787 748 promptuaria
1816 673 1988 730 disci-

408 780 683 850 plinarum
727 772 929 828 habeat
964 789 977 826 :
1012 770 1109 844 qui
1162 768 1279 835 ﬁat,
1332 778 1392 824 ut
1441 781 1625 823 rerum
1662 766 1817 837 prius
1862 780 1990 837 per-

406 879 692 940 ceptarum
724 863 1058 935 cognitioni,
1085 860 1453 933 posteriorum
1491 858 1737 933 accessio
1768 857 1991 912 minime

406 963 666 1019 tenebras
701 958 979 1021 eﬂundat,
1030 970 1222 1011 verum
1283 952 1563 1009 memorim
1618 966 1808 1006 earum
1870 949 1990 1006 sine

405 1054 776 1119 confusione,
834 1064 899 1105 ac
956 1048 1276 1113 distinctae,
1345 1047 1401 1099 in
1463 1043 1756 1116 principali
1820 1042 1991 1097 animi

403 1153 580 1216 parte,
599 1153 863 1214 tanquam
885 1141 941 1195 in
959 1154 1111 1195 aenea
1128 1136 1365 1208 quadam
1393 1138 1672 1203 columna,
1703 1134 1992 1205 insculptm

405 1243 826 1294 conserventur.
866 1233 1117 1301 Quonam
1175 1229 1343 1285 modo
1391 1229 1633 1297 animus,
1690 1226 1757 1283 ad
1806 1227 1991 1283 carnis

406 1329 732 1387 affectiones
779 1324 1142 1398 provolutus,
1223 1320 1696 1393 pulchritudinem
1775 1319 1992 1373 amittat

407 1409 596 1490 suam;
628 1430 685 1477 et
717 1433 932 1482 rursus,
957 1424 1277 1473 contractas
1308 1413 1428 1469 vitii
1454 1412 1649 1469 sordes
1680 1425 1780 1482 per
1810 1409 1991 1464 virtu-

403 1522 514 1566 tem
547 1510 891 1580 abstergens,
914 1505 981 1561 ad
1011 1503 1292 1560 Creatoris
1325 1499 1745 1558 similitudinem
1781 1499 1989 1553 redeat.

402 1602 523 1657 Jam
553 1614 687 1656 vero
716 1605 844 1669 post
899 1594 1098 1650 animae
1142 1591 1702 1661 contemplationem,
1739 1588 1992 1659 corporis

403 1708 627 1767 quoque
658 1695 1020 1750 structuram,
1059 1686 1108 1741 si
1146 1685 1304 1750 libet,
1350 1682 1730 1738 animadverte
1765 1699 1778 1735 :
1814 1687 1870 1735 et
1896 1679 1995 1734 mi-

2094 588 2126 656 ή
2165 586 2350 658 ψυχή’
2387 587 2544 650 ποίας
2574 585 2858 656 ἀποθήκας
2891 586 3002 641 τῶν
3036 588 3376 660 μαθημάτων
3404 592 3520 664 ἔχει
3544 611 3561 626 ·
3593 595 3695 649 διὰ

2090 676 2143 730 τί
2164 678 2265 731 οὐκ
2293 678 2576 731 ἐπισκοτεῖ
2597 678 2662 749 τῇ
2689 675 2890 745 γνώσει
2914 677 3027 731 τῶν
3077 679 3465 749 προλαϐόντων
3501 684 3537 755 ὴ
3569 683 3693 736 τῶν

2091 768 2487 839 ἐπιγινομένων
2517 768 2824 840 προσθήκη,
2847 769 2983 823 ἀλλὰ
3004 769 3263 841 σύγχυτοι
3284 771 3378 827 καὶ
3403 775 3694 847 εύκρινεῖς

2091 860 2147 912 αἱ
2178 859 2412 930 μνῆμαι,
2449 854 2561 914 οἷον
2583 860 2763 931 χαλκῆ
2789 877 2872 923 τις
2902 859 3076 932 στήλη
3120 861 3197 932 τῷ
3226 863 3547 936 ἡγεμονικῷ
3575 864 3693 932 τῆς

2091 949 2272 1020 ψυχῆς
2324 950 2807 1023 ὲγκεχαραγμέναι
2861 952 3349 1022 διαφυλάττονται·
3408 955 3527 1021 πῶς
3579 958 3696 1026 μὲν

2093 1040 2231 1113 πρὸς
2262 1042 2331 1097 τά
2356 1042 2456 1113 τῆς
2477 1042 2684 1114 σαρκὸς
2713 1043 3173 1100 ὑπολισθαίνουσα
3200 1047 3347 1119 πάθη
3372 1048 3433 1101 τὸ
3471 1049 3693 1102 οἰκεῖον

2091 1133 2353 1189 ἀπόλλυσι
2383 1135 2578 1198 κάλλος
2600 1153 2613 1166 ·
2650 1135 2766 1201 πῶς
2795 1136 2855 1190 δὲ
2891 1136 3054 1191 πάλιν
3097 1138 3157 1192 τὸ
3193 1140 3302 1193 ἀπὸ
3333 1141 3531 1204 κακίας
3590 1134 3691 1194 αἷ-

2094 1244 2221 1299 σχος
2251 1227 2628 1300 καθαιρομένη
2646 1228 2714 1282 δι’
2731 1229 2958 1301 ἀρετῆς,
2980 1230 3116 1302 πρὸς
3140 1232 3239 1302 τὴν
3261 1232 3520 1302 ὁμοίωσιν
3546 1234 3694 1286 ἀνα-

2091 1317 2274 1388 τρέχει
2306 1317 2401 1372 τοῦ
2436 1319 2756 1384 Κτίσαντος.
2795 1320 3043 1391 Πρόσχες
3064 1361 3079 1385 ,
3106 1323 3157 1374 εί
3186 1323 3355 1389 δοκεῖ,
3410 1324 3553 1394 μετὰ
3579 1324 3691 1394 τὴν

2090 1404 2190 1475 τῆς
2203 1404 2386 1476 ψυχῆς
2403 1405 2638 1478 θεωρίαν
2665 1408 2764 1461 καὶ⁵
2784 1407 2886 1479 τὴν
2907 1409 3002 1462 τοῦ
3022 1407 3277 1480 σώματος
3306 1414 3686 1484 κατασκευήν·

2092 1495 2187 1549 καὶ
2221 1496 2523 1567 θαύμασον,
2558 1497 2708 1562 ὅπως
2734 1498 2943 1571 πρέπον
2969 1501 3028 1555 ὲν
3057 1501 3208 1572 αύτῷ
3237 1503 3586 1572 καταγώγιον
3608 1507 3690 1576 τῇ

2091 1587 2280 1660 λογικῇ
2318 1588 2465 1662 ψυχῇ
2498 1591 2526 1643 ὁ
2555 1591 2948 1664 ἀριστοτέχνης
2977 1593 3437 1666 ἐδημιούργησεν.
3456 1597 3691 1667 Ὀρθιον

2096 1679 2255 1749 μόνον
2283 1680 2523 1736 ἔπλασεν
2550 1683 2661 1736 τῶν
2694 1682 2849 1748 ζώων
2892 1684 2984 1738 τὸν
3025 1685 3336 1757 ἄνθρωπον,
3367 1686 3452 1741 ἵνα
3486 1688 3552 1741 ὲκ
3582 1688 3691 1740 τοῦ

401 1801 547 1852 rare,
579 1797 692 1855 quo
725 1788 883 1853 pacto
910 1779 1143 1834 eximius
1177 1776 1270 1831 ille
1315 1773 1516 1829 artifex
1567 1770 1988 1827 accommodum

2105 1773 2376 1844 τχήματος
2407 1773 2560 1839 ἴδοις,
2583 1775 2667 1829 ὅτι
2701 1776 2767 1829 ὲκ
2801 1776 2899 1847 τῆς
2925 1777 3133 1832 ἄνωθεν
3171 1780 3495 1848 συγγενείας
3525 1779 3690 1833 ἐστὶν

401 1883 459 1935 in
498 1893 565 1934 eo
613 1872 958 1932 domicilium
1017 1868 1278 1925 rationali
1329 1868 1527 1921 anima:
1559 1866 1855 1921 exstruxit.
1904 1863 1983 1918 Ex

2105 1862 2263 1935 Ιίιζωή
2296 1881 2409 1920 σου.
2454 1865 2535 1920 Τὰ
2567 1866 2666 1937 μὲν
2697 1866 2807 1938 γὰρ
2846 1867 3154 1937 τετράποδα
3199 1847 3377 1924 πάντα
3411 1870 3549 1940 πρὸς
3579 1871 3692 1942 τὴν

401 1969 662 2027 omnibus
688 1962 1065 2021 animantibus
1092 1960 1269 2018 solum
1295 1957 1575 2014 hominem
1595 1963 1805 2013 rectum
1837 1955 1987 2022 fecit,

2105 1956 2339 2027 γαστέρα
2371 1957 2645 2025 νένευκεν,
2688 1958 2965 2031 ἀνθρώπῳ
2997 1959 3054 2014 δὲ
3100 1960 3293 2032 ἑτοίμη
3322 1962 3459 2033 πρὸς
3508 1963 3694 2033 ούρα-

400 2073 462 2118 ut
490 2077 559 2118 ex
592 2061 715 2132 ipsa
746 2057 921 2130 ﬁgura
951 2052 1281 2126 perspicias,
1318 2049 1488 2105 vitam
1532 2055 1683 2103 tuam
1738 2061 1991 2117 superna:

2105 2047 2221 2111 σοὺς
2274 2049 2306 2117 ή
2353 2048 2672 2120 ἀνάϐλεψις,
2703 2049 2845 2103 ὥστε
2901 2050 2976 2122 μὴ
3009 2052 3293 2122 σχολάζειν
3343 2055 3410 2125 τῇ
3452 2052 3687 2124 γαστρὶ,

400 2151 751 2226 cognationis
816 2163 965 2205 esse.
1019 2143 1321 2199 Enimvero
1367 2138 1749 2211 quadrupedis
1805 2137 1989 2192 omnia

2105 2139 2237 2211 μηδὲ
2263 2141 2378 2204 τοῖς
2407 2141 2800 2214 ὑπογαστρίοις
2830 2141 3081 2207 πάθεσιν,
3115 2142 3229 2197 ἀλλ’
3260 2143 3390 2214 ὃλην
3416 2142 3563 2213 ἔχειν
3582 2143 3693 2197 τὴν

401 2244 710 2302 animantia
768 2241 827 2296 in
898 2247 1149 2295 ventrem
1198 2248 1370 2305 prona
1427 2239 1558 2287 sunt
1611 2249 1626 2286 :
1677 2237 1732 2285 at
1790 2228 1997 2287 homini

400 2346 696 2410 promptus
731 2340 818 2389 es‘t
845 2331 903 2386 in
934 2328 1136 2385 cmlum
1159 2331 1519 2398 prospectus;
1551 2320 1630 2377 uti
1661 2335 1763 2376 nec
1795 2321 1995 2385 ventri,

402 2444 507 2484 nec
554 2428 635 2483 eis
662 2438 789 2496 quae
817 2422 921 2479 sub
955 2427 1149 2475 ventre
1208 2427 1366 2482 sunt,
1416 2413 1667 2479 studeat,
1702 2412 1794 2468 sed
1849 2412 1997 2467 omni

400 2516 761 2573 contentione
808 2510 979 2566 animi
1018 2508 1114 2563 "ad
1148 2520 1376 2577 supera
1434 2503 1839 2574 proﬁciscatur.
1889 2501 1998 2559 De-

398 2609 529 2667 inde
560 2607 741 2678 capite
796 2603 974 2674 ipsius
1010 2599 1278 2656 altissima
1319 2597 1373 2652 in
1417 2596 1550 2652 sede
1605 2594 1809 2666 posito,
1863 2594 1989 2665 plu-

398 2702 572 2775 rimos
601 2710 809 2767 eosque
832 2694 1118 2764 digniores
1146 2703 1346 2747 sensus
1383 2687 1592 2757 in‘ipso
1624 2685 1833 2743 deﬁxit.
1869 2684 1989 2741 Illic

397 2795 573 2858 visus,
610 2790 859 2855 auditus,
891 2794 1110 2858 gustus,
1163 2783 1421 2845 olfactus,
1458 2792 1657 2835 omnes
1679 2778 1877 2835 vicinis
1907 2778 1985 2835 si-

2096 2230 2273 2302 δρμὴν
2305 2230 2400 2285 τοῦ
2453 2232 2566 2287 ἄνω
2618 2233 2971 2305 πορεύεσθαι.
3008 2235 3241 2289 Ἔπειτα
3298 2235 3398 2306 τὴν
3434 2235 3691 2306 κεφαλὴν

2097 2321 2190 2375 ἐπὶ
2222 2322 2284 2376 τὸ
2303 2322 2637 2394 ὑψηλότατον
2668 2324 2802 2391 θεὶς,
2834 2326 2894 2378 ἐν
2929 2326 3066 2398 αὐτῇ
3099 2325 3199 2391 τάς
3233 2326 3489 2381 πλείστου
3521 2327 3695 2394 ἀξίας

2094 2412 2207 2467 τῶν
2237 2413 2545 2485 αἰσθήσεων
2577 2414 2965 2487 καθιδρύσατο.
3011 2415 3158 2470 Ἐκεῖ
3185 2416 3328 2486 ὄψις,
3371 2417 3466 2470 καὶ
3515 2416 3690 2486 ἀκοὴ,

2096 2504 2190 2559 καὶ
2241 2505 2473 2573 γεῦσις,
2514 2506 2611 2560 καὶ
2661 2506 2963 2578 ὄσφρησις,
3011 2509 3182 2563 πᾶσαι
3236 2508 3404 2578 ἐγγὺς
3432 2507 3693 2577 ἀλλήλων

2094 2597 2528 2669 κατῳκισμέναι,
2550 2599 2646 2653 καὶ
2677 2598 2820 2654 οὕτω
2854 2601 2984 2671 περὶ
3010 2600 3072 2653 τὸ
3099 2600 3276 2671 βραχὺ
3308 2600 3523 2672 ’χωρίον
3554 2616 3689 2652 στε-

2093 2688 2525 2761 νοχωρούμεναι,
2554 2690 2713 2746 οὐδὲν
2736 2691 2941 2763 ἑκάστη
2977 2691 3378 2764 παρεμποδίζει
3400 2692 3500 2764 τὴν
3527 2693 3693 2763 ἐνέρ-

2092 2797 2155 2850 γε
2164 2799 2250 2836 ιαν
2275 2782 2378 2854 τῆς
2401 2783 2665 2852 γείτονος.
2827 2809 2832 2812 ·

396 2883 511 2938 mul
545 2880 771 2937 sedibus
807 2875 1062 2932 collocati
1107 2879 1209 2930 :et
1258 2882 1573 2943 quanquam
1623 2845 2116 2938 angustaregione
2171 2845 2485 2932 arctentur.
2538 2845 2722 2930 nullus
2761 2881 2947 2932 tamen
2994 2875 3159 2932 vicini
3221 2874 3305 2931 sui
3338 2875 3543 2931 actioni
3582 2880 3693 2930 im-

398 2964 717 3043 pedimento
755 2976 862 3023 est.

488 3063 773 3135 Ejusdem.
794 3088 862 3100 -—
898 3058 972 3113 Ex
1001 3056 1178 3113 nihilo
1202 3053 1453 3127 producti
1488 3067 1699 3119 sumus,
1732 3058 1896 3122 atque
1926 3051 1995 3108 ad

2160 3056 2543 3129 ’Παρήχθημεν
2567 3059 2647 3123 είς
2673 3059 2734 3113 τὺ
2754 3054 2896 3115 εἶναι
2927 3060 3003 3133 μὴ
3025 3061 3197 3127 ὄντες,
3221 3062 3318 3116 καὶ
3341 3059 3466 3115 κατ’
3494 3062 3690 3116 εἰκόνα

401 3157 700 3228 imaginem
740 3152 1020 3210 Creatoris
1043 3147 1246 3205 eﬂ‘ecti.
1280 3145 1520 3202 Mentem
1554 3152 1609 3200 et
1657 3158 1992 3209 sermonem,

2105 3147 2191 3201 τοῦ
2205 3148 2507 3214 κτίσαντος
2517 3151 2749 3223 ἐγενήθη
2758 3152 3004 3223 μεν,νοῦν
3020 3154 3113 3207 καὶ
3129 3152 3284 3222 λόγον
3300 3170 3366 3207 συ
3371 3153 3522 3225 μπλη
3527 3156 3695 3226 ροῦνο

399 3250 603 3322 quibus
649 3236 840 3303 nostra
875 3252 1076 3300 natura
1122 3240 1371 3296 numeris
1405 3238 1525 3295 suis
1541 3230 1866 3301 absolvitur,
1892 3235 1995 3291 ha.

401 3345 626 3409 bemus;
647 3353 879 3411 quorum
899 3350 1065 3407 opera
1087 3332 1181 3389 Dei
1197 3332 1564 3403 cognitionem
1581 3328 1761 3400 adepti
1777 3342 1989 3385 sumus.

472 3430 750 3504 Ejusdem.
790 3458 853 3473 ~--
898 3425 1139 3483 Mundus
1197 3424 1309 3489 hic,
1365 3428 1422 3479 et
1478 3421 1728 3476 mortalis
1788 3429 1893 3487 est,
1937 3428 1995 3476 et

401 3524 758 3580 morientium
829 3520 1001 3591 regio.
1074 3517 1347 3585 Quoniam
1416 3515 1563 3570 enim
1618 3528 1688 3569 ea
1747 3527 1869 3584 quae
1934 3513 1991 3567 in

403 3624 688 3685 aspectum
707 3612 934 3677 cadunt,
968 3615 1243 3665 concretae
1263 3604 1598 3662 conditionis
1622 3615 1788 3671 sunt;
1825 3612 1992 3675 atque

401 3709 476 3760 ita
495 3704 873 3776 comparatum
905 3701 1068 3773 312
1097 3710 1201 3767 est,
1229 3706 1290 3753 ut
1318 3696 1591 3770 quidquid
1623 3696 1991 3766 compositum

400 3801 508 3858 est,
540 3792 791 3847 solvatur
822 3791 1069 3851 tandem,
1101 3796 1157 3842 et
1180 3787 1450 3841 intereat:
1485 3782 1730 3854 profecto
1763 3797 1994 3840 necesse

400 3893 508 3952 est,
548 3892 609 3940 ut
644 3898 748 3938 nos
786 3882 880 3954 qui
913 3881 967 3935 in
1016 3878 1225 3934 mundo
1250 3874 1508 3943 vivimus,
1551 3884 1605 3933 et
1634 3891 1763 3947 pars
1798 3876 1990 3931 mundi

402 3993 617 4041 sumus,
650 3981 866 4032 naturae
894 3986 1117 4044 quoque
1163 3969 1415 4026 universi
1456 3969 1756 4040 participes
1791 3969 1985 4026 simus.

479 4068 650 4125 Basil.
707 4066 905 4121 homJ
963 4066 1018 4119 in
1074 4062 1332 4118 Hexaem.
1374 4091 1445 4103 —
1477 4060 1611 4127 Qum
1653 4075 1684 4116 a
1744 4070 1991 4132 tempore

402 4162 622 4218 initium
664 4160 967 4223 duxerunt,
1015 4171 1079 4212 ea
1113 4169 1337 4226 quoque
1369 4163 1618 4224 tempore
1649 4151 1791 4207 [iniri
1820 4155 2004 4224 opor-‘

405 4261 499 4313 tet.
531 4256 590 4312 Si
646 4254 891 4311 mundus
943 4249 1247 4322 temporale
1300 4248 1521 4304 initium
1571 4246 1757 4314 habet,
1789 4246 1857 4304 de
1884 4245 1991 4301 ﬁne

402 4347 543 4403 nihil
571 4357 659 4404 est
689 4360 791 4402 cur
821 4344 1067 4400 dubites.

474 4439 632 4511 Greg.
671 4435 818 4492 Naz.
859 4444 1001 4490 orat.
1038 4436 1090 4490 1.
1130 4462 1196 4474 —
1221 4432 1492 4501 Quisnam
1524 4437 1611 4488 est
1640 4430 1734 4502 qui
1778 4443 1875 4500 per
1902 4442 1990 4484 sa-

2099 3257 2169 3297 τα
2196 3241 2354 3312 ἡμῶν
2369 3241 2469 3315 τὴν
2492 3243 2654 3313 φύσιν
2671 3243 2902 3315 ἔχοντες,
2924 3245 2991 3299 δι’
3002 3238 3064 3299 οὗ
3081 3245 3215 3301 Θεὸν
3246 3246 3653 3319 ἐγνωρίσαμεν.

2182 3419 2242 3474 '0
2260 3420 2464 3492 κόσμος
2492 3414 2647 3487 οὗτος
2674 3422 2838 3488 αὐτός
2869 3424 2931 3478 τέ
2966 3423 3083 3476 ἐστι
3115 3422 3332 3493 θνητὸς,
3365 3422 3460 3477 καὶ
3479 3424 3695 3495 χωρίον

2098 3509 2575 3582 ἀποθνησκόντων.
2612 3513 2831 3586 Ἐπειδὴ
2859 3513 2971 3585 γὰρ
2993 3513 3251 3578 σύνθετός
3276 3515 3393 3568 ἑστι
3409 3515 3518 3569 τῶν
3544 3517 3720 3587 opm-1

2102 3602 2280 3673 μένων
2311 3606 2346 3676 ἡ
2399 3604 2683 3672 σύστασις,
2713 3607 2776 3661 τὸ
2808 3608 2865 3662 δὲ
2896 3606 3151 3662 σύνθετον
3189 3608 3336 3663 ἅπαν
3365 3607 3692 3664 διαλύεσθαι

2099 3694 2379 3764 πέφυκεν”,
2416 3696 2465 3750 oi
2505 3697 2562 3749 ἐν
2593 3696 2671 3768 τῷ
2701 3696 2895 3770 κόσμῳ
2926 3697 3149 3764 ζῶντες,
3189 3688 3349 3771 ’μέρη
3402 3698 3558 3764 ὄντες
3586 3701 3690 3753 τοῦ

2098 3786 2327 3858 κόσμου,
2352 3788 2667 3859 ἀναγκαίως
2693 3789 2794 3860 τῆς
2826 3789 2922 3844 τοῦ
2946 3790 3148 3856 παντὸς
3175 3790 3394 3861 φύσεως
3410 3791 3692 3847 ἀπολαύο-

2100 3897 2219 3951 μεν.

2168 4065 2251 4121 Τά
2282 4066 2390 4121 ἀπὸ
2418 4068 2612 4139 χρόνου
2647 4067 2955 4140 ἀρξάμενα,
2983 4062 3197 4143 ἀνάγκη
3247 4070 3467 4136 πάντως
3491 4070 3591 4126 καὶ
3621 4072 3693 4124 ἐν

2096 4157 2275 4228 χρόνῳ
2304 4158 2712 4243 συστέλλεσθαι.
2737 4161 2801 4214 Εἰ
2826 4162 3001 4233 ἀρχὴν
3020 4160 3133 4233 ἔχει
3165 4163 3447 4234 χρονικὴν,
3476 4161 3553 4234 μὴ
3576 4163 3694 4232 άμ-

2098 4248 2337 4323 φισάλῃς
2372 4251 2501 4322 περὶ
2529 4250 2625 4305 τοῦ
2654 4251 2864 4317 τέλους.

2170 4430 2268 4495 Τίς
2295 4431 2325 4484 ὁ
2353 4432 2420 4503 τῇ
2449 4431 2613 4504 σοφίᾳ
2643 4434 3068 4497 κατασκευάσας
3118 4432 3212 4488 τὴν
3246 4432 3557 4504 ἄνθρωπον,
3590 4434 3695 4488 καὶ

399 4531 664 4601 pientiam
689 4544 849 4586 suam
878 4527 1157 4584 hominem
1187 4525 1454 4593 condidit,
1484 4533 1538 4580 et
1582 4539 1645 4579 ea
1674 4537 1797 4593 quae
1826 4520 1991 4578 dissi-

2105 4518 2178 4587 είς
2216 4519 2275 4574 ἓν
2303 4519 2528 4589 ἀγαγὼν
2566 4519 2634 4574 τὰ
2657 4520 2944 4585 διεστῶτα,
2981 4521 3076 4574 καὶ
3123 4520 3283 4591 μίξας
3307 4522 3402 4575 τὸν
3444 4520 3575 4592 χοῦν
3606 4522 3691 4593 τῷ

399 4625 626 4691 dobant,
677 4620 981 4694 copulavit,
1032 4627 1093 4674 ut
1148 4618 1373 4690 pulvere
1416 4630 1541 4672 cum
1581 4614 1781 4686 spiritu
1842 4627 1993 4668 com-

400 4710 588 4787 misto,
625 4714 836 4771 animal
867 4712 1092 4770 visibile
1147 4708 1318 4765 simul
1364 4716 1418 4762 et
1460 4705 1744 4761 invisibile
1776 4718 1993 4774 compo-

401 4809 601 4872 suerit,
656 4802 1054 4875 tcmporarium
1109 4807 1166 4855 et
1207 4796 1543 4863 immortale,
1604 4804 1887 4851 terrenum
1937 4799 1992 4847 et

401 4886 664 4962 coeleste;
719 4893 867 4967 quod
920 4895 1090 4950 Deum
1124 4892 1434 4962 attingeret,
1489 4901 1590 4943 nec
1624 4882 1992 4957 comprehen-

403 4988 580 5052 deret,
614 4986 777 5055 eique
806 4982 1123 5054 proximum
1159 4987 1306 5035 esset
1331 4986 1386 5034 et
1410 4973 1727 5032 remotum?

474 5075 749 5147 Ejusdem,
784 5082 925 5129 orat.
967 5073 1052 5127 15.
1083 5101 1153 5114 —
1190 5072 1312 5139 Quo
1363 5076 1524 5142 pacto
1583 5080 1709 5122 cum
1762 5078 1996 5134 corpore

405 5169 509 5226 sim
561 5167 921 5237 conjunctus,
981 5163 1219 5220 nescio:
1268 5178 1371 5219 nec
1412 5175 1531 5232 ,qua
1574 5159 1791 5214 ratione
1827 5155 1994 5213 simul

405 5261 588 5331 imago
614 5261 718 5315 sim
751 5257 873 5321 Dei,
918 5270 980 5312 ac
1013 5255 1232 5311 volutor
1261 5255 1315 5310 in
1344 5268 1527 5309 coeno.
1561 5250 1720 5319 Quod
1774 5250 1819 5306 si
1853 5249 2009 5304 bene

405 5354 608 5418 valeat,
634 5350 839 5407 bellum
879 5357 1062 5404 movet
1096 5360 1119 5402 :
1151 5348 1237 5405 sin
1266 5361 1400 5404 vero
1432 5345 1758 5407 debellatur,
1794 5356 1995 5398 excru-

407 5444 553 5510 ciat;
586 5442 736 5514 quod
771 5449 828 5496 et
862 5439 943 5494 uti
969 5454 1300 5514 conservum
1338 5453 1484 5501 amo,
1517 5445 1573 5493 et
1613 5444 1673 5491 ut
1710 5433 1993 5489 inimicum

407 5512 650 5592 detestor
679 5552 693 5589 :
726 5532 875 5604 quod
908 5539 967 5588 ut
996 5512 1281 5586 vinculum
1343 5529 1520 5601 fugio,
1557 5534 1612 5584 et
1646 5534 1704 5582 ut
1746 5524 1995 5596 ejusdem

407 5626 689 5701 particeps
725 5623 1062 5679 luereditatis
1096 5634 1378 5678 revereor.
1420 5620 1477 5674 Si
1530 5630 1812 5673 macerare
1865 5629 1998 5671 con-

406 5716 654 5782 tendam,
680 5718 795 5787 jam
829 5731 938 5770 non
974 5713 1218 5785 suppetit
1260 5712 1417 5779 mihi,
1468 5726 1580 5782 quo
1621 5708 1776 5766 socio
1807 5707 1875 5763 ad
1907 5721 1998 5763 res

411 5808 555 5869 bene
586 5811 855 5881 gerendas
891 5820 1032 5866 utar.
1101 5804 1398 5873 Nimirum,
1457 5819 1586 5863 cum
1650 5814 1999 5873 nequaquam

2100 4610 2396 4682 πνεύματι,
2450 4611 2546 4664 καὶ⁵
2600 4609 2819 4674 συνθεὶς
2868 4609 3008 4675 ζῶον
3050 4610 3248 4682 ὁρατὸν
3282 4612 3375 4665 καὶ
3428 4611 3691 4683 ἀόρατον,

2101 4702 2441 4774 πρόσκαιρον
2489 4700 2587 4755 καὶ
2635 4700 2926 4770 ἀθάνατον,
2970 4702 3216 4770 ἐπίγειον
3261 4703 3357 4756 καὶ
3408 4690 3691 4776 οῦράνιον,

2102 4790 2597 4861 ἁπτόμενον.Θεοῦ,
2653 4791 2750 4846 καὶ
2802 4791 2865 4846 οὐ
2897 4791 3414 4863 περιδρασσόμενον,
3466 4790 3723 4860 ἐγγίζονη

2102 4884 2195 4939 καὶ
2224 4882 2639 4956 μακρυνόμενον
2659 4899 2675 4948 ;

2122 5088 2129 5094 -
2174 5060 2363 5125 Ὅπως
2393 5062 2716 5134 συνεζύγην,
2736 5062 2837 5117 οὐκ
2859 5057 2998 5130 οῖδα,
3030 5061 3125 5116 καὶ⁵
3150 5060 3270 5127 πῶς
3295 5060 3463 5116 εἰκών
3489 5062 3551 5116 τέ
3574 5063 3696 5133 εἰμι

2102 5151 2264 5219 Θεοῦ,
2295 5155 2391 5208 καὶ
2430 5153 2508 5224 τῷ
2549 5153 2711 5226 πηλῷ
2754 5153 3141 5226 συμφύρομαι.
3200 5155 3266 5208 Ὃ
3295 5155 3392 5208 καὶ
3428 5155 3697 5209 εύεκτοῦν
3732 5216 3742 5238 ι
3772 5160 3791 5167 ’

2103 5248 2234 5302 πολε
2244 5248 2354 5318 μετ,
2376 5249 2469 5302 καὶ
2501 5249 2628 5320 ἀνιᾷ
2657 5247 3067 5319 πολεμούμενον
3083 5264 3097 5279 ο
3118 5248 3148 5301 ὃ
3178 5247 3273 5302 καὶ
3300 5246 3376 5312 ὠς
3402 5247 3697 5303 σύνδουλόν
3722 5252 3763 5320 τ’

2102 5340 2324 5411 ἀγαπῶ,
2351 5341 2445 5395 καὶ
2474 5339 2552 5403 ὡς
2579 5339 2775 5410 ἐχθρὸν
2803 5336 3225 5410 ἀποστρέφομαι
3247 5353 3260 5366 ·
3313 5337 3343 5391 ὃ
3374 5339 3469 5392 καὶ
3500 5337 3577 5401 ὡς
3607 5338 3697 5391 δε-
3731 5336 3769 5401 Υ

2106 5433 2243 5505 σμὸν
2259 5434 2469 5503 φεύγω,
2486 5432 2580 5487 καλ⁵
2596 5432 2671 5495 ὡς
2689 5431 3131 5502 συγκληρονόμον
3148 5428 3498 5501 αἰσχύνομαι.
3516 5428 3696 5496 Τῆεαι
3748 5474 3755 5478 .

2106 5523 2419 5594 φιλονεικῶ,
2460 5524 2556 5578 καὶ
2588 5523 2690 5577 οὐκ
2717 5521 2826 5593 ἔχω
2856 5523 2962 5576 τίνι
2989 5521 3242 5593 συνεργῷ
3272 5521 3410 5593 πρὸς
3437 5520 3508 5575 τά
3556 5520 3696 5574 κάλ-

2105 5616 2266 5687 λιστα
2310 5618 2596 5689 χρήσομαι
2615 5654 2631 5681 ,
2662 5613 2739 5677 ὡς
2767 5612 2921 5676 εἰδὼς
2951 5612 3032 5675 είς
3068 5611 3097 5665 ὃ
3127 5612 3347 5681 γέγονα,
3376 5611 3471 5665 καὶ
3495 5612 3581 5664 ὄτι
3606 5609 3695 5664 δεῖ

2110 5725 2179 5780 με
2211 5707 2350 5786 πρὸς
2388 5706 2521 5760 θεὸν
2551 5706 2834 5760 ἀνατεῖναι
2872 5704 2961 5759 διὰ
2987 5703 3095 5757 τῶν
3126 5701 3400 5776 πράξεων.
3426 5700 3695 5771 Φείδομαι

2109 5800 2183 5865 ὡς
2206 5797 2490 5873 συνεργοῦ,
2520 5798 2617 5853 καὶ
2647 5797 2747 5852 οὐκ
2771 5796 2880 5869 ἔχω
2913 5795 3026 5861 πῶς
3058 5794 3215 5866 φύγω
3244 5794 3343 5867 τὴν
3377 5790 3700 5849 ἐπανάστα-
