3998 6380
293 329 428 396 1105

1548 337 1552 342 ’
1635 334 1872 394 SACRA
1909 331 2376 393 PARALLELA.

3416 327 3554 396 1106

287 468 393 514 σιν,
425 449 458 519 ἢ
511 447 626 512 πῶς
661 447 736 519 μὴ
765 446 870 501 ἀπὸ
897 445 1034 501 Θεοῦ
1065 445 1237 511 πέσω,
1289 445 1578 517 βαρυνθεὶς
1623 449 1744 508 ταῖς
1775 446 1872 498 πέ-

1995 459 2220 514 gnorem
2253 442 2415 514 cujus
2449 441 2527 498 rei
2569 457 2738 500 causa
2767 445 2872 500 sim
2907 450 3256 515 procreatus,-
3301 441 3559 512 quodque

285 539 426 603 δαις,
447 539 842 602 κατασπώσαις
871 539 902 608 ἢ
921 536 1283 608 κατεχούσαις
1312 539 1392 600 είς
1408 537 1622 606 ἔδαφος.
1644 536 1865 606 Ἐχθρός

285 632 434 685 ἐστιν
463 631 722 702 εὐμενὴς,
755 632 852 684 καὶ
875 630 1029 699 φίλος
1050 629 1359 692 ἐπίϐουλος.
1387 629 1451 680 Ὢ
1479 628 1579 697 τῆς
1611 627 1874 695 συζυγίας

287 813 528 884 στέργω,
552 813 769 868 δέδοικα
789 829 803 843 ο
836 813 967 882 πρὶν
1017 813 1352 883 πολεμῆσαι,
1385 810 1832 880 καταλλάσσομαι
1856 822 1870 838 ⁸

287 905 384 958 καὶ
412 905 546 976 πρὶν
569 903 1244 977 εἰρηνεῦσαι,.διῖσταμαι.
1277 904 1374 967 Τίς
1417 905 1450 973 ἡ
1489 903 1618 974 περὶ
1657 901 1755 972 ἐμὲ
1787 917 1875 953 σοι

289 997 425 1068 (Ρίαῖ
463 998 566 1053 καῖ
594 997 730 1052 τετὸ
753 997 896 1069 μέγα
927 998 1058 1068 περὶ
1099 997 1197 1066 ἐμὲ
1229 996 1562 1066 μυστήριον;
1597 994 1630 1064 ἢ
1657 992 1707 1047 τί
1749 991 1873 1062 βούο

288 1088 463 1154 λεται,
500 1090 695 1161 μοῖραν
720 1089 868 1160 ἡμᾶς
890 1087 1051 1151 ὄντας
1084 1086 1242 1152 Θεοῦ,
1273 1086 1370 1138 καὶ
1410 1084 1616 1140 ἄνωθεν
1649 1081 1876 1154 ῥεύσαν-

289 1198 410 1245 τας,
441 1181 529 1234 ἵνα
556 1180 630 1252 μὴ
659 1180 748 1234 διὰ
772 1180 873 1250 τὴν
898 1178 1055 1246 ἀξίαν
1094 1177 1448 1248 ἐπαιρόμενοι
1483 1175 1575 1229 καὶ
1613 1188 1874 1244 μετεωρι-

292 1270 508 1339 ζόμενοι
538 1271 970 1341 καταφρονῶμεν
992 1269 1085 1323 τοῦ
1113 1269 1435 1332 Κτίσαντος,
1470 1268 1529 1320 ἐν
1552 1267 1618 1336 τῇ
1649 1263 1783 1335 πρὸς
1817 1262 1877 1315 τὺ

295 1359 460 1431 σῶμα
488 1361 636 1434 πάλῃ
667 1362 764 1416 καὶ
797 1362 946 1433 μάχῃ
993 1360 1130 1432 πρὸς
1170 1359 1332 1412 αὑτὸν
1376 1357 1464 1410 ἀεὶ
1513 1355 1754 1426 βλέπειν,
1785 1354 1879 1408 καὶ

293 1451 392 1522 τὴν
417 1453 855 1524 συνεζευγμένην
879 1452 1188 1515 ἀσθένειαν,
1217 1449 1594 1518 παιδαγωγίαν
1624 1443 1763 1501 εἶναι
1783 1445 1878 1500 τοῦ

295 1543 628 1615 ἀξιώματος,
684 1547 769 1600 ἵνα
800 1545 1029 1616 εἴδωμεν
1062 1547 1111 1598 οἱ
1143 1543 1297 1597 αὐτοὶ
1326 1541 1573 1613 μέγιστοί
1623 1557 1682 1594 τε
1729 1539 1881 1603 ὄντες

295 1637 392 1690 καὶ
426 1637 823 1701 ταπεινότατοι,
855 1639 1091 1706 ἐπίγειοι
1135 1635 1230 1689 καὶ
1259 1633 1523 1704 οὐράνιοι,
1552 1630 1880 1702 πρόσκαιροι

298 1728 393 1781 καὶ
419 1727 679 1783 ἀθάνατοι
704 1766 720 1791 ,
757 1728 1084 1798 κληρονόμοι
1117 1726 1293 1796 φωτὸς
1324 1724 1516 1796 πυρὸς,
1539 1723 1720 1776 είτουν
1757 1721 1880 1773 σκό-

1975 535 2108 590 mihi
2153 550 2252 604 per
2283 539 2536 590 actiones
2571 536 2640 590 ad
2681 537 2853 591 Deum
2888 536 3190 592 ascendere
3229 535 3514 590 incumbat
3537 551 3556 587 -:

1974 627 2062 684 sin
2086 635 2305 692 contra,
2346 637 2406 682 ut
2460 642 2586 682 cum
2638 627 2891 696 adiutore
2931 629 3119 683 mitius
3173 641 3354 698 agam,
3411 625 3562 680 nulla

193 773 200 796 ί
286 721 510 790 καὶτῆς
561 719 1002 792 ἀλλοτριώσεωςι
1054 720 1120 773 Ὃ
1169 717 1466 790 φοϐοῦμαι,
1513 717 1798 787 περιέπω·
1845 716 1873 768 ὃ

1999 735 2085 774 am
2137 720 2280 776 ratio
2315 721 2580 786 occurrit,
2636 725 2747 791 qu‘a
2794 721 3120 777 rebellantis
3173 720 3438 791 impetum
3481 719 3567 773 fu-

1976 813 2141 882 giam,
2181 819 2275 867 aut
2323 828 2391 868 ne
2425 827 2455 866 a
2506 812 2617 868 Deo
2670 827 2904 882 prorsus
2951 813 3244 878 excidam,
3289 811 3565 882 ejusmodi

1976 904 2335 974 compedibus
2364 915 2650 974 gravatus,
2675 907 2769 976 qui
2807 920 2896 961 me
2917 905 2987 961 ad
3019 913 3222 960 terram
3248 904 3564 970 detrahant,

1977 995 2060 1049 vel
2093 996 2402 1051 detineant.
2444 996 2632 1052 Hostis
2664 1005 2748 1052 est
2793 994 3032 1051 blandus
3061 1001 3116 1048 et
3151 994 3353 1060 facilis,
3387 1001 3442 1048 et
3476 991 3566 1048 in-

1977 1087 2226 1143 sidiosus
2260 1087 2492 1144 amicus.
2527 1087 2571 1144 Ο
2599 1089 2784 1159 qualis
2809 1089 2916 1144 ista
2946 1085 3270 1155 coniunctio
3305 1086 3422 1141 estl
3447 1098 3570 1155 quat

1978 1176 2399 1232 inimicitiarum
2463 1178 2641 1233 ratio!
2705 1177 2852 1247 quod
2913 1192 3146 1241 vereor,
3209 1174 3566 1244 amplector:

1979 1268 2128 1338 quod
2149 1284 2294 1334 amo,
2329 1270 2430 1324 hoc
2461 1270 2850 1340 perhorresco.
2880 1269 3199 1338 Antequam
3226 1265 3430 1322 bellum
3456 1265 3571 1334 geri

1981 1358 2230 1426 incipiat,
2268 1359 2323 1412 in
2351 1359 2585 1430 gratiam
2616 1374 2742 1414 eum
2779 1373 2846 1415 eo
2870 1358 3039 1414 redeo
3070 1376 3084 1412 :
3118 1365 3172 1412 et
3202 1364 3333 1411 ante
3361 1354 3573 1410 consti-

1981 1457 2155 1504 tutam
2187 1465 2400 1520 pacem,
2426 1451 2494 1506 ab
2523 1466 2589 1506 eo
2613 1450 2880 1507 dissideo.
2899 1450 3154 1517 Quanam
3180 1449 3276 1503 Dei
3303 1446 3573 1517 sapientia

1982 1542 2086 1596 hoc
2119 1543 2253 1597 mihi
2293 1543 2531 1598 accidit?
2559 1558 2801 1614 quonam
2857 1559 3059 1614 magno
3093 1556 3410 1612 arcanoqne
3438 1554 3574 1594 con-

1983 1633 2155 1689 silio?
2188 1635 2272 1690 An
2309 1635 2414 1691 hoc
2449 1636 2585 1707 agit,
2619 1647 2678 1692 ut
2711 1651 2839 1691 cum
2879 1637 3062 1705 portio
3097 1635 3191 1689 Dei
3244 1635 3447 1696 simus,
3475 1647 3574 1688 seu

1985 1740 2227 1794 superne
2279 1728 2644 1796 ﬁnxerimus;
2683 1745 2751 1784 ne
2802 1729 2873 1783 ob
2924 1727 3196 1796 ejusmodi
3253 1726 3574 1798 dignitatem

296 1834 443 1883 τους,
495 1818 775 1889 ὁποτέρως
943 1792 1260 1888 νενύσωμεη
1319 1792 1573 1870 Τοιοῦτον
1605 1813 1665 1868 τὸ
1690 1813 1881 1884 κρᾶμα

1995 1814 2247 1870 insolenti
2283 1817 2429 1873 fastu
2459 1819 2616 1885 elati,
2660 1819 2979 1874 Creatorem
3007 1833 3390 1888 aspernemur,
3425 1817 3482 1870 in
3512 1829 3579 1870 ea

294 1908 476 1978 ἡμῶν,
510 1910 604 1963 καὶ
635 1911 724 1964 διὰ
757 1909 957 1964 ταῦτα·
1007 1910 1083 1974 ώς
1127 1909 1259 1978 γοῦν
1290 1909 1415 1980 ἐμοὶ
1446 1906 1877 1976 καταφαίνεται*

1995 1920 2112 1974 quae
2147 1907 2310 1964 nobis
2339 1924 2465 1962 cum
2493 1924 2730 1982 corpore
2751 1921 2836 1968 est
2860 1911 3259 1967 colluctatione
3293 1917 3349 1964 et
3374 1923 3578 1979 pugna,

295 1999 388 2052 ἵνα
418 2001 547 2052 ὅταν
576 2001 937 2071 ἐπαιρώμεθα
975 2001 1064 2055 διὰ
1094 2001 1193 2072 τὴν
1224 2000 1408 2054 είκόνα
1427 2038 1442 2063 ,
1489 1998 1579 2052 διά
1613 1997 1705 2052 τὸν
1751 1994 1880 2067 χοῦν

1995 1996 2170 2066 ipsum
2222 2013 2444 2070 semper
2483 2000 2822 2068 intueamur,
2886 2004 3077 2076 sicque
3132 2016 3382 2058 connexa
3421 2000 3582 2055 nobis

297 2090 742 2160 συστελλώμεθα.

1995 2087 2311 2157 inﬁrmitas,
2366 2091 2695 2163 dignitatem
2760 2104 3010 2152 nostram
3063 2105 3216 2167 regat
3244 2103 3300 2150 et
3323 2092 3583 2155 erudiat!

293 2178 570 2236 Videlicet
620 2190 680 2237 ut
737 2184 1132 2254 intelligamus,
1175 2198 1277 2238 nos
1311 2182 1582 2237 maximos
1632 2180 1788 2250 juxta
1831 2182 1886 2232 et
1925 2175 2338 2246 abjectissimos
2367 2195 2516 2248 esse,
2575 2191 2829 2240 terrenos
2881 2192 2936 2240 et
3013 2186 3289 2250 caelestes,
3370 2193 3583 2253 tempo-

297 2287 500 2331 raneos
531 2284 586 2331 et
624 2277 995 2343 immortales,
1043 2278 1186 2334 lucis
1234 2285 1288 2332 et
1349 2276 1512 2348 ignis,
1567 2291 1664 2333 seu
1708 2274 1873 2330 etiam
1950 2274 2310 2332 tenebrarum
2368 2278 2643 2344 haeredes,
2721 2291 2889 2352 prout
2939 2284 3006 2338 ad
3048 2282 3374 2338 alterutrum
3427 2280 3586 2335 nobis

296 2364 640 2433 prependere
681 2369 998 2438 contigerit.
1071 2367 1198 2424 Haec
1262 2377 1454 2424 nostra
1514 2373 1886 2436 temperatura
1959 2371 2047 2419 est
2095 2381 2112 2419 :

2190 2377 2244 2422 et
2297 2369 2421 2427 istis
2476 2371 2544 2426 de
2597 2374 2786 2430 causis
2849 2374 3139 2445 (quantum
3193 2373 3412 2444 quidem
3469 2372 3586 2441 ipse

295 2456 612 2527 perspicere
661 2461 841 2530 valeo)
894 2470 955 2517 ut
1007 2478 1135 2518 cum
1187 2461 1434 2533 dignitas
1487 2459 1750 2532 imaginis
1815 2455 2032 2513 animos
2097 2460 2260 2516 nobis
2301 2464 2606 2530 extulerit,
2666 2482 2769 2523 nos
2837 2476 2982 2523 terra
3056 2466 3348 2523 contrahat
3411 2475 3464 2520 et
3517 2463 3588 2518 de

296 2547 528 2616 primat.

371 2664 538 2729 Τάξις
561 2666 652 2721 τὸν
674 2667 959 2740 ἄνθρωπον
982 2673 1046 2724 ἐκ
1067 2671 1284 2740 λογικοῦ
1316 2673 1412 2728 καὶ
1433 2673 1631 2742 ἀλόγου
1659 2670 1890 2742 συγκρί-

299 2770 476 2824 ματος
503 2755 644 2819 ζῶον
672 2757 890 2827 λογικὸν
927 2762 1320 2832 συνεστήσατο,
1355 2763 1448 2816 καὶ
1478 2763 1739 2834 συνέδησε
1783 2779 1889 2833 μυ-

301 2846 506 2912 στικῶς
537 2848 632 2901 καὶ
663 2849 922 2921 ἀρρήτως
968 2852 1059 2906 τὸν
1107 2853 1236 2925 χοῦν
1279 2855 1360 2927 τῷ
1392 2855 1503 2922 -νοτ,
1533 2855 1626 2910 τὸν
1655 2855 1779 2910 νοῦν
1810 2855 1890 2926 τῷ

300 2935 579 3006 πνεύματι
598 2955 611 2969 ο
641 2939 736 2994 καὶ
767 2940 854 2995 ἴνα
886 2941 1357 3017 θαυματουργήσῃ
1373 2955 1442 3000 ’τι
1479 2947 1668 3017 μεῖζον
1725 2947 1783 3001 ἐν
1811 2946 1890 3018 τῷ

301 3028 500 3083 ἐαυτοῦ
530 3031 838 3104 πλάσματι,
864 3034 928 3087 τὸ
959 3035 1092 3089 αὐτὸ
1124 3038 1218 3091 καὶ
1249 3037 1568 3100 διεσώσατο,
1592 3039 1689 3092 καὶ
1712 3039 1888 3094 διέλυ-

305 3138 420 3178 σεν.
455 3123 560 3177 Τὸν
605 3124 707 3195 μὲν
734 3125 844 3197 γάρ
888 3125 1280 3199 ἐπεισήγαγεν,
1307 3129 1398 3184 τὸν
1426 3131 1484 3184 δὲ
1517 3131 1885 3202 ὑπεξήγαγεν,

301 3211 495 3285 ὥσπερ
541 3216 600 3269 ἐν
657 3217 913 3289 ῥεύματι,
967 3220 1062 3273 καὶ
1105 3220 1184 3291 τῷ
1219 3220 1402 3293 θνητῷ
1456 3223 1555 3294 τὴν
1586 3223 1890 3280 ἀθανασίαν

305 3306 808 3379 ἐπραγματεύσατο
835 3311 922 3368 διὰ
951 3312 1184 3380 λύσεως.

377 3532 476 3596 Τίς
507 3534 540 3604 ἢ
574 3533 720 3602 μίξις
741 3535 935 3607 ήμῶν;
967 3537 1051 3601 τίς
1079 3539 1112 3609 ἡ
1147 3539 1399 3610 κίνησις;
1454 3541 1568 3605 πῶς
1600 3541 1661 3595 τὸ
1691 3541 1894 3597 ἀθάνα-

304 3642 400 3678 τον
427 3624 505 3695 τῷ
535 3626 716 3698 θνητῷ
746 3629 1091 3700 συνεκράθη;
1125 3632 1243 3694 πῶς
1290 3633 1442 3686 κάτω
1491 3635 1622 3704 ρέω,
1653 3636 1750 3689 καὶ
1783 3636 1895 3690 ἀνω

305 3710 544 3790 φέρομαι
569 3735 583 3782 ;
610 3719 728 3783 πῶς
755 3721 901 3793 ψυχὴ
952 3724 1334 3795 περιφέρεται,
1370 3726 1462 3780 καὶ
1490 3727 1636 3799 ζωὴν
1687 3728 1892 3796 δίδωσι,

304 3809 407 3863 καὶ
441 3808 649 3874 πάθους
675 3812 1122 3882 μεταλαμϐάνει;
1152 3817 1272 3881 πῶς
1300 3817 1329 3870 ό
1360 3817 1486 3882 νοῦς
1515 3821 1896 3890 περιγραπτὺς

305 3900 405 3952 καὶ
434 3901 710 3970 ἀόριστος,
763 3904 819 3958 ἐν
853 3906 986 3974 ἡμῖν
1027 3906 1226 3976 μένων,
1262 3909 1357 3962 καὶ
1391 3910 1572 3964 πάντα
1622 3911 1894 3979 ἐφοδεύων

295 3990 463 4059 ’τάχει
489 3993 664 4062 φορᾶς
689 3994 783 4047 καὶ
818 3983 1086 4065 petissem;
1109 3997 1228 4062 πῶς
1251 4000 1731 4072 μεταλαμϐάνεται
1751 4002 1896 4074 λόγῳ

305 4082 405 4133 καὶ
429 4083 792 4153 μεταδίδοται,
835 4088 931 4141 καὶ
975 4088 1042 4142 δι’
1081 4091 1244 4161 ἀέρος
1276 4095 1462 4164 χωρεῖ,
1495 4095 1587 4147 καὶ
1612 4096 1751 4165 μετά
1783 4095 1894 4152 τῶν

303 4176 654 4245 πραγμάτων
685 4178 996 4250 εἰσέρχεται
1026 4180 1135 4235 ἀπὸ
1167 4182 1278 4237 τῶν
1310 4183 1654 4256 αίσθήσεων;

379 4462 494 4533 Οὐχ
519 4465 606 4519 ἵνα
634 4467 900 4537 φάγωμεν
933 4470 1028 4524 καὶ
1051 4471 1286 4542 πίωμεν,
1316 4473 1414 4528 καὶ
1439 4476 1886 4549 περιϐαλώμεθα,

2066 2659 2342 2730 Ejusdem,
2382 2674 2521 2720 orat.
2553 2665 2644 2721 20.
2679 2665 2920 2723 —Ordo
2961 2667 3240 2724 hominem
3287 2683 3352 2721 ex
3401 2681 3584 2722 massa

1991 2751 2190 2822 partim
2225 2754 2507 2822 rationali,
2537 2756 2740 2826 partim
2771 2771 2966 2813 aversa
3015 2771 3047 2811 a
3098 2758 3338 2822 ratione,
3378 2758 3585 2812 animal

1993 2845 2261 2901 rationale
2287 2849 2622 2917 construxit,
2646 2859 2702 2906 et
2760 2865 2968 2907 arcano
3010 2850 3177 2907 modo
3208 2859 3413 2908 terram
3456 2867 3586 2906 enim

1993 2944 2196 3002 mente,
2231 2946 2472 2994 mentem
2513 2955 2638 2995 cum
2671 2942 2873 3014 spiritu
2907 2943 3105 3002 vinxit.
3140 2943 3228 3011 Et,
3271 2951 3331 3000 ut
3360 2944 3588 3001 mirabi-

1995 3027 2104 3084 lius
2125 3029 2390 3098 quiddam
2423 3032 2480 3088 in
2513 3032 2778 3106 ﬁgmento
2807 3045 2976 3108 atque
3001 3053 3166 3108 opere
3189 3053 3294 3094 suo
3322 3047 3584 3109 patraret;

1994 3123 2139 3180 idem
2188 3126 2365 3196 ipsum
2394 3137 2450 3184 et
2493 3132 2868 3198 conservavit,
2912 3142 2967 3189 et
3017 3133 3297 3188 dissolvit.
3335 3134 3586 3188 Alterum

1995 3215 2144 3270 enim
2179 3217 2594 3288 super-induxit,
2650 3221 2884 3276 alterum
2931 3222 3220 3287 subduxit,
3259 3238 3368 3276 non
3421 3238 3587 3279 secus

1995 3317 2161 3377 atque
2179 3309 2244 3363 in
2269 3325 2539 3381 aquarum
2571 3311 2720 3367 fluxu
2741 3331 2757 3375 ι
2779 3320 2834 3368 et
2855 3316 3072 3384 cospori
3105 3316 3323 3370 mortali
3359 3316 3588 3372 immor-

1997 3397 2270 3454 talitatem
2296 3414 2394 3470 per
2421 3401 2756 3457 solutionem
2798 3403 3170 3473 comparavit»

2069 3531 2344 3601 Ejusdem,
2370 3544 2509 3589 orat.
2539 3536 2628 3590 '54.
2654 3566 2726 3576 -
2749 3535 3011 3603 Qumnam
3047 3538 3160 3596 haec
3189 3539 3375 3594 mislio
3389 3547 3588 3596 nostra

1997 3623 2123 3678 est?
2153 3625 2277 3695 quis
2303 3628 2528 3682 motus?
2583 3628 2865 3697 quomodo
2897 3629 2948 3683 id
2973 3629 3117 3699 quod
3148 3631 3460 3687 immortale
3479 3641 3586 3696 est,

1998 3726 2124 3768 cum
2159 3729 2216 3768 re
2244 3715 2465 3770 mortali
2499 3726 2861 3788 temperatum
2901 3717 3044 3772 fuit?
3082 3719 3186 3785 Qui
3222 3722 3278 3775 lit
3314 3730 3374 3776 ut
3405 3721 3589 3776 anima

1998 3806 2444 3874 circumferetur,
2486 3820 2541 3866 et
2584 3813 2754 3866 vitam
2809 3812 3114 3883 impertiat,
3183 3813 3590 3889 aﬁ‘ectuumque

1999 3894 2070 3949 sit
2102 3897 2416 3968 particeps?
2438 3899 2539 3964 Qui
2573 3898 2630 3954 ﬁt
2661 3907 2721 3953 ut
2748 3914 2926 3965 mens,
2953 3907 3006 3954 et
3035 3901 3455 3973 circumscripta
3491 3904 3588 3972 sit,

1997 3993 2051 4040 et
2093 3985 2255 4057 313
2305 3988 2590 4044 indeﬁnita
2629 4006 2643 4044 :
2686 3989 2744 4044 in
2796 3990 2958 4045 nobis
3019 4001 3260 4057 maneat,
3305 3998 3359 4046 et
3408 4002 3588 4049 motus

1998 4077 2290 4149 ﬁuxusque
2333 4081 2656 4151 pernicitate
2687 4081 2869 4136 omnia
2900 4083 3236 4148 perlustret?
3283 4086 3377 4154 qui
3414 4083 3493 4149 ﬁt,
3527 4095 3589 4139 ut

1998 4181 2310 4222 sermonem
2336 4168 2620 4240 percipiat,
2639 4177 2694 4224 et
2713 4170 2962 4226 vicissim
2986 4172 3382 4239 communicet;
3401 4189 3588 4230 acrem

1996 4256 2284 4325 pervadat,
2315 4265 2368 4313 et
2410 4259 2750 4316 adminiculo
2780 4276 3048 4317 sensuum
3094 4263 3152 4317 in
3195 4263 3345 4334 ipsas
3373 4279 3462 4320 res
3498 4265 3588 4320 in-

1997 4345 2314 4416 grediatur?

2069 4459 2349 4531 Chrysosl.
2378 4461 2551 4517 Homo
2577 4479 2674 4518 cur
2697 4463 3064 4520 conditus.-—
3093 4467 3212 4522 Non
3244 4475 3303 4521 ut
3336 4468 3586 4538 edamus,

304 4554 705 4628 ἐγεννήθημεν,
729 4561 844 4615 ἀλλ’
877 4563 964 4616 ἵνα
1001 4539 1270 4636 φύγωμεν
1296 4539 1528 4634 κακίᾶν,
1548 4539 1802 4641 ἑλώμεθα
1834 4539 1885 4626 δέ

2001 4560 2056 4608 et
2083 4553 2361 4620 bibamus,
2386 4565 2440 4612 et
2469 4557 2784 4624 induantur,
2817 4558 2932 4612 nati
2957 4574 3186 4629 sumus;
3218 4561 3335 4626 sed,
3365 4570 3586 4633 arrepta

303 4647 529 4722 ἀρετὴν,
560 4654 660 4722 τῆς
682 4651 834 4719 θείας
859 4655 1243 4729 ἐπιλαϐόμενοι
1271 4659 1609 4730 φιλοσοφίας.
1633 4663 1756 4718 ’Ότι
1782 4663 1892 4735 γάρ

302 4741 404 4812 οὐχ
438 4743 527 4796 ἵνα
559 4747 824 4818 φάγωμεν
856 4748 951 4802 καὶ
975 4750 1210 4821 πίωμεν,
1243 4753 1639 4826 ἐγεννήθημεν,
1658 4756 1776 4809 ἀλλ’
1805 4757 1890 4826 ἐφ’

302 4831 516 4902 ἑτέροις
546 4837 729 4908 πολλῷ
781 4838 994 4910 μείζοσι
1037 4847 1133 4896 καὶ
1163 4843 1452 4915 βελτίοσιν,
1504 4847 1740 4903 ἄκουσον
1792 4848 1889 4904 τοῦ

301 4921 444 4974 Θεοῦ
497 4925 596 4978 καὶ
649 4927 748 4998 τὴν
811 4929 992 4983 αἰτίαν
1037 4929 1325 5000 λέγοντος,
1373 4934 1458 5003 ἐφ’
1602 4936 1888 5008 ἄνθρωπον

303 5011 565 5080 ἐποίησεν
587 5030 600 5044 ·
632 5015 980 5071 διαπλάττων
1017 5019 1126 5090 γὰρ
1163 5021 1346 5088 αὑτὸν,
1383 5022 1527 5077 οὕτω
1558 5043 1675 5091 πως
1715 5030 1884 5098 φησί’

308 5120 328 5154 ι
355 5103 681 5176 Ποιήσωμεν
731 5107 1023 5180 ἄνθρωπον
1065 5111 1188 5164 κατ’
1227 5112 1416 5167 εἰκόνα
1467 5115 1750 5188 ἡμετέραν
1796 5120 1890 5173 καὶ

303 5195 428 5249 καθ’
454 5195 736 5266 ὁμοίωσιν.
776 5217 795 5252 ι
824 5199 1042 5268 Ὅμοιοι
1073 5201 1131 5255 δέ
1171 5201 1264 5256 τοῦ
1300 5203 1437 5257 Θεοῦ
1468 5205 1755 5278 γινόμεθα,
1787 5208 1889 5262 οὐκ

302 5283 579 5351 ἐσθίοντες
631 5289 727 5342 καὶ
774 5289 1023 5355 πίνοντες
1072 5291 1168 5346 καὶ
1218 5293 1704 5365 περιϐαλλόμενοι·
1755 5295 1888 5362 Θεὸς

299 5373 414 5444 γάρ
434 5373 557 5429 οὔτε
587 5379 781 5446 ἐσθίει,
805 5378 930 5433 οὔτε
958 5380 1127 5446 πίνει,
1151 5379 1278 5435 οὔτε
1308 5383 1726 5453 περιϐάλλεται’
1749 5384 1888 5440 ἀλλά

297 5464 650 5540 δικαιοσύνην
701 5471 1018 5536 ἀσκοῦντες,
1073 5473 1170 5526 καὶ
1220 5473 1636 5546 φιλανθρωπίαν
1687 5479 1894 5534 ἐπιδει-

300 5559 588 5630 κνύμενοι,
621 5567 852 5634 χρηστοὶ
883 5567 979 5619 καὶ
1009 5567 1274 5630 ἐπιεικεῖς
1301 5565 1474 5633 ὄντες,
1494 5570 1621 5633 τοὺς
1661 5571 1890 5641 πλησίον

298 5649 605 5718 ἐλεοῦντες,
632 5654 852 5708 ἆπασαν
880 5656 1084 5726 ἀρετὴν
1101 5657 1422 5722 διώκοντες·
1453 5659 1577 5713 ἐπεὶ
1605 5661 1668 5714 τὸ
1694 5665 1890 5732 φαγεῖν

300 5742 399 5798 καὶ
446 5742 509 5798 τὸ
537 5747 706 5816 πιεῖν,
761 5746 940 5804 κοινὸν
977 5748 1111 5820 πρὸς
1167 5749 1266 5821 τὴν
1309 5750 1417 5807 τῶν
1465 5751 1676 5821 ἀλόγων
1723 5754 1884 5825 φύσιν

1997 4643 2182 4700 divina
2214 4646 2585 4717 philosOphia,
2634 4651 2829 4706 vitium
2883 4649 3183 4723 fugiamus,
3226 4661 3280 4709 et
3327 4653 3588 4709 virtutem

1995 4738 2392 4809 amplexemur.
2419 4739 2554 4795 Nam
2574 4742 2740 4811 quod,
2768 4758 2876 4799 non
2902 4753 2962 4800 ut
2984 4744 3212 4802 edamus
3228 4755 3282 4802 et
3308 4746 3584 4813 bibamus,

1994 4831 2089 4887 sed
2126 4832 2197 4888 ob
2219 4832 2324 4886 alia
2350 4833 2510 4906 longe
2540 4835 2751 4904 majora
2801 4845 2854 4892 et
2889 4839 3273 4908 praestantiora
3317 4841 3370 4894 in
3406 4842 3586 4898 lucem

1993 4924 2126 4981 editi
2176 4927 2373 4992 simus,
2426 4927 2552 4982 audi
2583 4944 2748 4999 quam
2788 4944 3012 4986 causam
3043 4929 3188 4987 Deus
3220 4930 3431 4999 aﬁerat,
3485 4948 3587 4988 cur

1996 5018 2275 5074 hominem
2309 5019 2638 5076 condiderit.
2683 5021 2820 5078 Cum
2871 5023 3016 5078 enim
3047 5039 3171 5079 eum
3203 5023 3482 5092 formavit,
3516 5026 3584 5088 ad

1996 5110 2144 5166 hunc
2167 5112 2386 5167 modum
2418 5113 2634 5169 locutus
2659 5122 2743 5170 est
2777 5131 2792 5171 :
2833 5134 2850 5166 ι
2881 5115 3173 5171 Faciamus
3205 5116 3481 5173 hominem
3514 5116 3586 5172 ad

1996 5204 2289 5275 imaginem
2321 5213 2374 5260 et
2430 5205 2844 5262 similitudinem
2890 5217 3158 5263 nostram.
3195 5227 3212 5259 ι
3255 5207 3364 5263 Deo
3416 5222 3584 5279 porro

1995 5296 2202 5353 similes
2227 5295 2511 5363 efﬁcimur,
2543 5313 2651 5352 non
2683 5297 2903 5367 quando
2952 5297 3190 5366 edimus,
3223 5306 3278 5354 et
3319 5298 3583 5362 bibimus,

1996 5397 2048 5444 et
2078 5387 2360 5443 induimur
2395 5387 2562 5459 (Deus
2596 5389 2797 5460 quippe
2840 5403 2944 5444 nec
2982 5389 3117 5452 edit,
3153 5403 3255 5445 nec
3288 5387 3448 5453 bibit,
3483 5404 3584 5444 nec

1995 5477 2244 5535 vestibus
2273 5480 2490 5546 utitur),
2523 5481 2618 5536 sed
2646 5482 2869 5552 quando
2901 5492 3013 5536 tum
3030 5481 3366 5555 benignitate
3383 5489 3438 5538 et
3464 5496 3585 5536 mo-

1994 5570 2194 5638 destia,
2214 5581 2327 5629 tum
2349 5573 2725 5629 misericordia
2753 5590 2880 5646 erga
2912 5589 3200 5646 pauperes,
3225 5574 3583 5642 omniumque

1993 5663 2256 5721 virtutum
2292 5663 2474 5721 Studio
2521 5664 2796 5736 justitiam
2827 5665 3084 5731 colimus,
3119 5671 3176 5721 et
3223 5662 3580 5719 humanitatis

1994 5757 2274 5828 specimen
2307 5756 2520 5836 damus.
2557 5757 2729 5817 Edere
2761 5756 3032 5831 siquidem
3086 5764 3137 5814 ct
3181 5756 3386 5822 bibere,
3419 5752 3578 5808 nobis
