3998 6380
520 322 661 394 1107

515 537 823 593 stantiores
858 537 969 593 illis
1001 552 1220 593 sumus.

543 699 547 702 ν
585 628 806 698 Ejusd.,
852 629 963 683 imo
1006 629 1199 684 incerti
1245 633 1516 696 auctoris,
1549 628 1771 688 alterius
1814 649 2036 704 prorth
2070 646 2103 688 α

511 719 912 791 Chrysostomo.
935 749 1008 765 --
1035 718 1182 788 Quid
1216 723 1472 780 utilitatis
1502 725 1809 780 attulerunt
1828 710 2104 796 sapientes

511 812 849 879 Graecorum,
880 811 1012 867 dum
1045 825 1331 871 sermones
1366 815 1587 887 quidem
1622 818 1921 873 commenti
1951 825 2102 887 sunt,

510 905 788 962 sermonis
807 919 940 962 vero
959 906 1206 963 datorem
1227 906 1456 964 minime
1473 909 1887 980 cognoverunt?
1905 908 2101 979 Quem,

508 1013 722 1069 qumso,
753 998 992 1054 fructum
1016 998 1302 1055 hominum
1334 1002 1520 1071 generi
1549 999 1735 1056 attulit
1763 994 1943 1065 Plato,
1971 1001 2103 1056 dum

509 1090 757 1160 linguam
787 1091 1010 1161 quidem
1036 1097 1054 1114 ’
1079 1092 1355 1158 dilatavit,
1402 1092 1557 1148 nullo
1606 1104 1789 1150 autem
1832 1092 2105 1150 beneﬁcio

508 1182 753 1238 animam
789 1185 1043 1239 ornavit?
1090 1185 1289 1240 Annon
1343 1185 1412 1241 iis
1454 1186 1549 1255 qui
1581 1187 1650 1242 de
1695 1186 1877 1263 anima
1909 1188 2105 1259 longos

509 1278 784 1328 tractatus
813 1272 1129 1337 ediderunt,
1158 1273 1403 1328 animam
1435 1275 1538 1344 ipsi
1577 1274 1939 1341 exhalarunt;
1970 1273 2103 1329 dum

507 1379 656 1428 eum,
682 1364 776 1434 qui
809 1365 1052 1419 animam
1081 1364 1219 1435 ipsis
1246 1366 1637 1431 insniraverat,
1674 1366 2103 1438 haudquaquam

507 1468 815 1528 agnoscere
841 1456 1178 1511 voluerunt?
1203 1455 1261 1509 Si
1287 1471 1472 1511 rerum
1504 1458 1754 1512 oumium
1786 1456 2102 1513 effectorem

506 1548 921 1619 cognovissent,
959 1547 1134 1621 Moysi
1177 1548 1383 1605 famulo
1423 1549 1544 1620 ejus
1592 1551 1785 1621 utique
1818 1548 2106 1606 adhibuis-

505 1651 631 1698 sent
656 1640 843 1707 iidem,
884 1642 1139 1697 dicenti:
1177 1656 1198 1695 ι
1234 1641 1300 1696 Et
1349 1642 1561 1698 creavit
1612 1642 1882 1700 Dominus
1912 1643 2106 1699 homi-

502 1747 632 1789 nem
674 1734 958 1804 pulverem
1007 1732 1078 1789 de
1128 1739 1327 1802 terra;
1367 1741 1422 1790 et
1474 1735 1769 1805 inspiravit
1818 1736 1878 1791 in
1906 1735 2101 1792 faciem

503 1825 630 1894 ejus
656 1826 993 1896 spiraculum
1011 1825 1137 1881 vita:
1163 1843 1179 1881 :
1208 1836 1264 1882 et
1291 1826 1473 1884 factus
1492 1834 1580 1883 est
1605 1827 1773 1883 homo
1792 1828 1846 1884 in
1864 1829 2103 1883 animam
2135 1805 2179 1861 Β

504 1915 805 1970 viventem.
839 1932 861 1968 ι
897 1914 1085 1982 Vides,
1123 1932 1233 1987 quo
1275 1927 1439 1988 pacto
1468 1932 1611 1989 opus
1667 1918 1765 1975 Dei
1797 1920 1965 1977 homo
2006 1922 2101 1989 sit,

503 2007 812 2062 animatum
848 2006 985 2062 illud
1030 2007 1124 2065 Dei
1162 2008 1361 2080 pignus
1392 2020 1448 2065 et
1483 2010 1942 2080 instrumentum,
1982 2012 2105 2068 ani-

502 2099 670 2155 malis
724 2101 942 2156 ratione
983 2102 1199 2172 praediti
1243 2103 1422 2168 radix,
1453 2111 1515 2157 ut
1537 2104 1633 2174 qui
1663 2103 1718 2158 in
1750 2112 1907 2161 costa
1941 2104 2106 2161 femi-

456 2210 465 2219 ι
508 2206 640 2247 nam
664 2192 1165 2265 gestarenVides,»
1185 2208 1295 2264 qua
1322 2195 1536 2250 ratione
1556 2194 1770 2252 edictus
1792 2196 1866 2253 sit
1894 2196 2105 2253 homo?

501 2285 978 2355 quemadmodum
1049 2286 1382 2343 mirabiliter
1445 2288 1714 2345 formatus
1767 2290 1843 2345 sit
1886 2288 2104 2347 Adam?

504 2377 673 2450 Atqui
708 2376 1037 2435 mirabiliter
1066 2379 1326 2435 conditus
1355 2387 1471 2447 est,
1522 2387 1579 2435 et
1626 2396 1796 2453 supra
1843 2390 2099 2438 naturam

504 2472 716 2542 genuit.
777 2471 1024 2527 Naturali
1068 2473 1287 2544 quidem
1322 2473 1487 2529 modo
1514 2473 1747 2530 Cainum
1777 2481 1833 2532 et
1870 2474 2097 2532 Abelem

504 2569 842 2639 procreavit,
896 2571 1050 2627 velut
1103 2571 1189 2626 his
1233 2571 1419 2626 verbis
1474 2578 1708 2628 testatur
1761 2570 2098 2644 Scriptura:

509 2677 529 2712 σ
567 2656 839 2730 Cognovit
885 2659 1059 2717 Adam
1121 2675 1351 2717 uxorem
1401 2675 1584 2728 suam,
1614 2667 1669 2717 et
1724 2662 1999 2732 concepit,
2045 2668 2102 2716 et

504 2752 721 2823 peperit
750 2751 904 2825 (Gen.
933 2770 1005 2819 tv,
1026 2752 1104 2824 l).
1132 2772 1152 2806 ι
1182 2752 1339 2821 Quod
1369 2765 1554 2809 autem
1578 2752 2098 2818 uaturam'excedit,

503 2846 642 2902 illud
670 2855 756 2903 est
789 2845 936 2917 quod
982 2846 1290 2915 quaeritur;
1329 2861 1531 2918 nempe
1579 2841 1690 2917 quo
1739 2851 1902 2916 pacto
1929 2843 2098 2900 Evam

503 2953 735 2995 uxorem
776 2938 1061 3009 ﬁliamque
1108 2955 1267 2995 suam
1319 2939 1597 3011 genuerit.
1648 2936 1894 2995 Tametsi
1950 2938 2097 2994 enim

504 3030 654 3090 Deus
684 3030 827 3091 hanc
856 3032 1131 3098 condidit,
1167 3040 1355 3088 tamen
1387 3040 1602 3090 costam
1631 3032 1703 3089 ab
1732 3031 1948 3088 Adamn
1979 3046 2100 3087 mu-

1727 336 1787 398 S.
1828 331 2152 401 JOANNIS
2190 335 2624 409 DAMASCENI

458 477 471 484 -
514 454 643 497 cum
680 439 857 497 brutis
880 454 1174 500 commune
1200 447 1308 508 est,
1341 456 1523 515 neque
1550 442 1656 501 hac
1686 444 1740 500 in
1776 455 1935 518 parte
1964 463 2100 520 pm:-

2207 453 2341 524 ἡμῖν
2380 455 2551 523 ἔστιν,
2585 458 2679 513 καὶ
2703 458 2828 515 οὐδὲ
2862 458 3086 518 ἐκείνων
3141 464 3284 522 κατὰ
3323 471 3478 528 τοῦτο
3518 476 3551 532 ἀ

3628 366 3745 447 1108

2206 482 2342 600 ἓν.ιὲ
2380 482 2551 523 εστιν,
2585 482 2679 513 και
2703 482 2828 515 ouo:
2862 482 3086 518 εκεινων
3141 482 3284 522 κατα
3323 486 3478 528 τουτο
3518 482 3745 554 ἀμείνους

2238 554 2313 617 ἀμ
2345 565 2406 597 ν.
3646 570 3655 581 ’

2274 635 2342 694 τι
2368 634 2664 741 ωφέλησαν
2693 645 2743 741 οἱ
2794 636 3065 741 Ἑλλήνων
3097 651 3275 719 σοφοὶ,
3302 654 3426 720 τοὺς
3453 656 3634 728 λόγους
3662 684 3749 741 μη.

2202 734 2724 830 χανησάμενοιὶκαὶ
2766 735 2861 793 τὸν
2890 739 2987 794 τοῦ
3018 741 3183 812 λόγου
3230 743 3430 819 δοτῆρα
3475 751 3549 822 μὴ
3575 734 3748 830 γνωρί-

2204 842 2438 895 σαντες;
2479 824 2550 882 Τί
2581 826 2871 903 ὠφέλησεν
2895 832 3147 899 Πλάτων,
3179 834 3240 888 τὺ
3281 837 3379 907 μὲν
3415 841 3582 911 στόμα
3630 824 3750 904 nia.

2201 918 2366 1009 τῠνας
2387 919 2438 988 ἀ,
2494 921 2596 992 τὴν
2650 921 2709 976 δὲ
2761 924 2943 996 ψυχὴν
2990 924 3067 997 μὴ
3111 927 3506 1001 εὐεργετήσας;
3567 936 3669 1009 Οὐχ
3708 942 3752 996 οἱ

2203 1006 2378 1066 πολλὰ
2409 1013 2542 1086 περὶ⁸
2574 1013 2758 1085 ψυχῆς
2801 1011 3208 1089 διαλαϐόμενοι,
3241 1021 3364 1074 καθ’
3417 1006 3750 1093 ἑαυτοὺς-ἅττ,

2204 1103 2431 1175 ἐψυξαν,
2460 1105 2554 1161 τόν
2576 1107 2963 1178 ἐμπνεύσαντα
2998 1111 3186 1176 αὐτοῖς
3209 1112 3315 1184 τὴν
3336 1114 3513 1188 ψυχὴν
3539 1119 3754 1188 ὲπιγνῶ·

2203 1214 2292 1288 ναι
2324 1196 2401 1288 μὴ
2452 1198 2818 1271 θελήσαντεςς
2864 1201 2927 1255 Ei
2973 1202 3083 1271 γὰρ
3122 1203 3369 1273 ἔγνωσαν
3411 1208 3502 1262 τὸν
3550 1213 3754 1288 ποιητὴν

2204 1285 2313 1341 τῶν
2333 1287 2613 1354 ἁπάντων,
2644 1290 2983 1363 ἐπείσθησαν
3019 1291 3099 1364 τῷ
3146 1294 3342 1348 Μωσεῖ
3379 1295 3458 1368 τῷ
3490 1285 3754 1370 θεράποντι

2203 1379 2453 1451 λέγοντιο
2492 1398 2514 1434 t
2545 1383 2658 1436 Καὶ
2687 1382 2924 1438 ἔπλασεν
2959 1386 2988 1439 ό
3024 1384 3159 1450 Θεὸς
3196 1385 3289 1440 τὸν
3332 1387 3612 1460 ἄνθρωπον
3645 1393 3755 1465 χοῦν

2203 1473 2312 1528 ἀπὸ
2367 1474 2467 1546 τῆς
2514 1474 2645 1547 γῆς,
2685 1477 2779 1531 καὶ
2808 1476 3147 1549 ἐνεφύσησεν
3185 1479 3268 1544 εἰς
3297 1480 3585 1552 πρόσωπον
3613 1485 3756 1540 αὐτοῦ

2205 1567 2375 1639 πνοὴν
2416 1567 2585 1640 ζωῆς,
2613 1570 2709 1623 καὶ
2742 1568 2962 1640 ἐγένετο
2991 1573 3075 1637 εἰς
3123 1571 3306 1645 ψυχὴν
3332 1572 3530 1639 ζῶσαν.
3565 1595 3585 1629 r
3625 1573 3757 1647 Εἶδες

2205 1659 2324 1722 πῶς
2356 1658 2519 1733 ἔργον
2562 1661 2699 1716 Θεοῦ
2729 1663 2759 1716 ό
2806 1661 3117 1737 ἅνθρωπος,
3145 1664 3208 1718 τὸ
3256 1662 3500 1738 ἔμψυχον
3529 1667 3618 1723 τοῦ
3643 1664 3757 1724 Θεοῦ

2207 1753 2515 1824 κειμήλιον,
2540 1754 2574 1828 η
2606 1754 2737 1827 ῥίζα
2762 1755 2858 1809 τοῦ
2887 1754 3109 1826 λογικοῦ
3133 1756 3300 1824 ζώου,
3328 1759 3359 1811 ὁ
3394 1760 3452 1812 ὲν
3478 1762 3544 1830 τῇ
3575 1758 3757 1835 πλευρᾷ

2205 1842 2305 1915 τὴν
2337 1847 2572 1913 γυναῖκα
2613 1844 2931 1916 βαστάζων;
2961 1841 3105 1912 εἶδες
3139 1847 3261 1913 πῶς
3293 1848 3595 1920 διεπλάσθη
3627 1852 3653 1904 ό
3680 1852 3758 1905 ἄν·
3866 1836 3879 1853 ⁸

2206 1938 2459 2009 θρωπος;
2517 1938 2635 2003 πῶς
2679 1938 3003 2010 παραδόξως
3051 1941 3275 2010 ἐγένετο
3337 1939 3368 1994 ό
3423 1941 3619 2012 ’Δδάμς
3681 1960 3761 1997 παι

2206 2030 2445 2102 ραδόξως
2530 2029 2779 2101 ἐπλάσθη
2804 2073 2822 2099 ,
2892 2031 2989 2086 καὶ
3060 2033 3203 2104 ὑπὲρ
3276 2033 3438 2107 φύσιν
3506 2033 3760 2106 ἐγέννησεν

2205 2122 2454 2192 φυσικῶς
2515 2123 2615 2194 μὲν
2684 2122 2949 2195 ἐγέννησε
2996 2123 3088 2177 τὸν
3140 2125 3289 2179 Κάῖν
3337 2124 3431 2180 καὶ
3474 2125 3563 2179 τὸν
3595 2124 3756 2189 Ἅϐελ,

2203 2214 2388 2280 καθώς
2443 2233 2610 2287 φησιν
2672 2217 2706 2287 ἡ
2759 2215 2885 2270 θεία
2956 2214 3173 2287 Γραφή·
3251 2215 3396 2286 ἔγνω
3463 2216 3628 2288 ’Δδάμ
3679 2218 3761 2286 τὴν

2204 2310 2444 2377 γυναῖκα
2498 2306 2687 2374 αὑτοῦ,
2731 2307 2827 2362 καὶ
2893 2307 3236 2363 συλλαϐοῦσα
3305 2307 3525 2361 ἔτεκεν·
3597 2307 3654 2361 τδ
3716 2309 3761 2362 δὲ

2205 2398 2348 2469 ὑπὲρ
2399 2396 2497 2470 τὴν
2533 2397 2722 2468 φύσιν,
2772 2395 2933 2451 τοῦτό
2962 2399 3078 2451 ἐστι
3130 2398 3192 2451 τὸ
3246 2383 3615 2469 ζητούμενον·
3666 2395 3759 2461 πῶς

2202 2488 2350 2545 Εὔαν
2377 2491 2482 2562 τὴν
2509 2491 2750 2559 γυναῖκα
2801 2489 2966 2544 αὐτοῦ
3013 2491 3110 2544 καὶ
3150 2488 3434 2562 θυγατέρα
3473 2490 3754 2560 ἐγέννησεν.

2202 2583 2268 2638 Εἰ
2295 2583 2391 2638 καὶ
2419 2582 2552 2648 Θεδς
2590 2582 2765 2653 αὐτὴν
2794 2582 3260 2654 ἐδημιούργησεν,
3286 2581 3401 2635 ἀλλ’
3433 2582 3579 2652 ὅμως
3601 2582 3659 2634 ὲκ
3685 2578 3760 2633 τοῦ

2217 2670 2394 2745 Ἀδὰμ
2427 2673 2528 2746 τὴν
2563 2672 2809 2744 πλευρὰν
2842 2673 3181 2728 ἐδανείσατο.
3210 2672 3383 2726 Ὅθεν
3414 2674 3510 2727 καὶ
3533 2671 3760 2726 διαπλάτ-

2201 2785 2313 2823 των
2343 2768 2537 2841 αὐτὴν,
2557 2766 2731 2822 ὕπνον
2757 2766 3013 2822 ὲνέσαλεν
3040 2767 3134 2821 ἐπὶ
3161 2766 3255 2822 τὸν
3285 2766 3462 2837 Ἀδὰμ
3486 2766 3580 2819 καὶ
3600 2763 3762 2818 Exorat

2205 2876 2312 2925 σιν,
2349 2860 2445 2914 καὶ⁵
2472 2860 2667 2915 ἔλαϐεν
2711 2859 2843 2931 μίαν
2889 2857 3002 2913 τῶν
3036 2858 3300 2931 πλευρῶν
3340 2857 3526 2924 αὑτοῦ,
3559 2857 3647 2911 καὶ
3686 2856 3763 2909 ἀν-

2201 2952 2497 3024 επλήρωσε
2536 2952 2717 3023 σάρκα
2758 2950 2877 3006 ἀντ’
2917 2951 3108 3023 αὐτῆς.
3164 2950 3311 3004 Ἀλλ’
3357 2950 3514 3022 ὅμως
3570 2948 3658 3003 καὶ
3716 2948 3765 2999 ἐν

2201 3044 2462 3099 ἐκστάσει
2493 3043 2713 3119 ὕπνωσε
2741 3043 2838 3097 τὸν
2874 3026 3071 3115 Ἀδάμ,
3102 3041 3161 3097 ὃν
3183 3042 3294 3097 οὐκ
3324 3039 3517 3097 ἔλαθεν
3546 3040 3573 3095 ὃ
3602 3042 3628 3094 ό
3654 3038 3764 3101 Geo;

504 3128 699 3179 luctus
724 3131 831 3179 est.
862 3122 1165 3190 Quocirca.
1190 3123 1321 3179 dum
1349 3138 1473 3179 eam
1499 3123 1909 3193 conformabat,
1936 3138 2099 3195 copo.

2205 3137 2463 3210 εποίησεν
2518 3138 2579 3190 ὲν
2628 3139 2839 3208 κρυφῇο
2882 3136 3057 3213 μόνον
3083 3135 3194 3208 γὰρ
3220 3130 3371 3191 εῑδεν
3423 3137 3452 3191 ὁ
3494 3134 3658 3205 ’Δδὰμ
3683 3131 3766 3203 τὴν

504 3230 622 3273 rem
651 3224 708 3269 et
741 3230 1034 3272 excessum
1087 3216 1319 3274 immisit
1372 3218 1430 3272 in
1459 3215 1661 3284 Adam,
1686 3223 1743 3271 et
1775 3216 1901 3273 tulit
1934 3231 2101 3272 unam

503 3312 576 3367 de
612 3310 789 3368 costis
815 3310 961 3382 ejus,
993 3318 1048 3367 ct
1075 3310 1307 3381 replevit
1336 3324 1563 3367 carnem
1616 3324 1722 3381 pro
1758 3322 1844 3365 ea.
1890 3306 2100 3365 Verum

502 3402 762 3473 quamvis
790 3401 1064 3458 altissimo
1105 3415 1306 3458 somno
1353 3400 1530 3456 Adam
1576 3398 1960 3466 obdormierit,
1990 3412 2100 3455 non

502 3503 689 3551 tamen
747 3510 874 3551 eum
931 3494 1095 3551 latuit
1153 3493 1303 3566 quod
1364 3492 1633 3550 Dominus
1695 3493 1836 3549 clam
1891 3498 2099 3563 egerat.

503 3585 680 3644 Adam
729 3589 899 3653 enim,
951 3587 1045 3643 ubi
1078 3588 1316 3659 primum
1362 3587 1531 3642 Evam
1577 3584 1734 3650 vidit,
1771 3600 1898 3641 cum
1953 3584 2099 3641 latus

503 3690 668 3734 suum
709 3677 1009 3750 tetigisset,
1052 3693 1082 3732 a
1118 3693 1179 3734 se
1203 3676 1353 3748 quod
1382 3676 1489 3733 sibi
1524 3676 1715 3733 deerat
1746 3676 1937 3733 datum
1968 3690 2095 3732 cum

501 3769 691 3825 carnis
726 3769 1069 3826 incremento
1106 3769 1399 3840 comperit,
1434 3779 1489 3825 et
1526 3769 1741 3825 ratione
1804 3768 2095 3841 praeditum

501 3858 708 3915 animal
740 3859 1076 3930 suscepisse.
1128 3859 1361 3924 Idcirco,
1390 3874 1515 3915 cum
1547 3857 1692 3913 Deus
1737 3857 1997 3914 fctninam
2028 3857 2097 3914 ad

499 3950 774 4007 Adamum
806 3952 1155 4020 adduxisset,
1206 3964 1264 4008 ut
1294 3952 1505 4009 videret
1546 3968 1661 4022 quo
1700 3967 1821 4009 eam
1873 3952 2097 4008 nomine

501 4052 877 4118 nuncuparet,
939 4045 1284 4117 respondens
1318 4043 1491 4100 Adam
1537 4044 1649 4101 Deo
1701 4044 1843 4100 dixit
1893 4061 1907 4095 :
1949 4043 2095 4112 Quid

499 4137 661 4204 mihi,
716 4136 974 4205 Domine,
1022 4137 1166 4192 hanc
1216 4152 1318 4193 ceu
1377 4137 1722 4208 peregrinam
1769 4136 2099 4193 adduxisti?

499 4242 693 4288 verum
758 4247 869 4287 non
918 4228 1057 4285 mihi
1107 4228 1324 4301 stupori
1384 4228 1492 4284 hoc
1549 4230 1934 4299 spectaculum
1988 4243 2097 4292 est.

2205 3228 2352 3285 Εὕαν
2372 3247 2387 3262 ο
2418 3229 2599 3301 ἥψατο
2632 3228 2733 3299 τῆς
2763 3227 2961 3282 ἑαυτοῦ
2991 3227 3264 3299 πλευρᾶς,
3299 3227 3399 3281 καὶ
3435 3223 3558 3298 εὗρε
3585 3225 3641 3278 τὸ
3677 3222 3769 3275 λεῖα

2207 3335 2309 3373 πον
2337 3319 2482 3389 μετὰ
2527 3316 2851 3389 προσθήκης
2884 3317 3091 3390 σαρκὸς
3127 3316 3412 3383 δεδωκὼς,
3455 3318 3548 3370 καὶ
3580 3310 3764 3382 λογικὸν

2206 3412 2347 3478 ζῶον
2379 3409 2806 3482 ὑποδεξάμενος.
2841 3409 3008 3464 Ὅθεν
3032 3409 3129 3464 καὶ
3170 3410 3273 3471 τοῦ
3322 3408 3462 3465 Θεοῦ
3514 3419 3764 3477 προσαγα-

2204 3504 2397 3575 γόντος
2415 3502 2515 3574 τὴν
2536 3505 2775 3573 γυναῖκα
2797 3501 2877 3574 τῷ
2904 3502 3077 3575 Ἀδὰμ
3104 3503 3233 3557 [δεῖν
3265 3503 3323 3557 τι
3356 3502 3577 3557 καλεσει
3602 3495 3764 3566 αὐτὴν,

2206 3595 2532 3668 ἀποκριθεὶς
2561 3595 2591 3648 ὁ
2642 3593 2815 3665 ’Δδᾶιμ
2851 3593 2992 3660 πρὸς
3043 3592 3139 3648 τὸν
3173 3593 3337 3662 Θεὸν,
3391 3588 3570 3657 εἶπεν,
3601 3588 3662 3642 Τί
3694 3600 3765 3657 μοι

2204 3686 2415 3758 ταύτην
2443 3685 2520 3749 ὡς
2550 3685 2712 3758 ξένην
2739 3685 3088 3757 παρήγαγες,
3111 3684 3401 3755 Δέσποτα;
3423 3685 3525 3739 οὐκ
3554 3680 3765 3749 ἐκπλήτ-

2201 3792 2370 3848 τομαι
2401 3777 2466 3847 τῇ
2494 3774 2615 3847 θέᾳ.
2651 3774 2960 3847 Ἐγνώρισα
2991 3776 3104 3848 γάρ
3137 3794 3242 3848 μου
3270 3777 3373 3848 τὴν
3407 3776 3605 3847 σάρκα.
3638 3770 3767 3840 Ἔχα-

2206 3869 2344 3943 ρίσω
2375 3886 2468 3941 μοι
2495 3867 2639 3931 ζῶον
2664 3867 2906 3937 λογικὸν,
2941 3870 2991 3923 εἰ
3021 3870 3118 3923 καὶ¹
3141 3868 3398 3940 διαφέρει
3430 3867 3510 3939 τῷ
3535 3866 3767 3935 σχήματι,

2200 3962 2321 4017 ἀλλ’
2355 3962 2564 4032 ἥνωται
2618 3963 2684 4033 τῇ
2743 3960 2927 4033 φύσει.
2979 3961 3125 4032 Γυνὴ
3157 3959 3469 4014 καλείσθω·
3513 3956 3572 4023 ἐξ
3606 3951 3769 4024 ἀνδρὸς

2202 4056 2314 4126 γὰρ
2340 4053 2578 4126 ἐλήφθη,
2614 4054 2712 4109 καὶ
2738 4056 2804 4109 ἐκ
2861 4055 2962 4124 τῆς
3011 4053 3257 4125 πλευρᾶς
3312 4051 3587 4123 ἐπλάσθη.
3616 4048 3771 4102 Ἔστω

2203 4139 2300 4200 οὖν
2342 4144 2448 4198 ὑπὸ
2482 4145 2663 4217 χεῖρα.
2714 4144 2792 4199 Οὐ
2847 4142 2960 4215 γὰρ
2987 4144 3054 4198 ὲκ
3098 4144 3200 4214 τῆς
3256 4142 3510 4214 κεφαλῆς
3565 4135 3767 4211 ἐλήφθη,

2206 4238 2325 4293 ἀλλ’
2352 4239 2418 4292 ὲκ
2440 4237 2541 4309 τῆς
2568 4236 2837 4309 πλευρᾶς.

500 4323 737 4381 Carnem
786 4322 993 4395 quippe
1021 4337 1195 4378 meam
1237 4336 1480 4392 agnosco
1515 4342 1529 4379 :
1569 4325 1838 4382 rationale
1892 4330 2098 4388 animal
2152 4333 2289 4391 mihi
2316 4332 2561 4389 donasti.
2591 4330 2709 4387 Etsi
2740 4330 2921 4385 forma
2967 4329 3189 4386 diversa
3223 4336 3333 4396 est,
3365 4338 3564 4384 natura
3617 4333 3771 4380 tamen

503 4416 816 4488 copulatur.
856 4414 1048 4484 Itaque
1073 4414 1191 4470 vira
1216 4424 1447 4471 vocetur
1497 4433 1513 4470 :
1555 4419 1815 4488 quoniam
1842 4419 2009 4496 315
2036 4423 2105 4482 de
2143 4427 2264 4484 viro
2291 4434 2513 4496 sumpta
2541 4431 2649 4491 est,
2681 4431 2736 4480 et
2756 4438 2824 4479 ex
2854 4422 2978 4494 ejus
3010 4429 3169 4479 costa
3228 4420 3470 4478 formata
3516 4434 3532 4475 :
3571 4418 3776 4485 ideoque

503 4509 610 4565 sub
638 4507 873 4578 imperio
904 4506 999 4574 sit,
1034 4507 1166 4578 quia
1192 4523 1303 4564 non
1353 4524 1420 4564 ex
1450 4510 1649 4581 capite,
1682 4514 1777 4567 sed
1809 4528 1877 4570 ex
1919 4515 2091 4574 latere
2126 4527 2357 4592 accepta
2394 4520 2517 4575 fuit.

576 4598 846 4665 Philonis,
898 4600 975 4656 De
1026 4601 1155 4672 opif.
1193 4601 1336 4656 hom.
1376 4632 1447 4644 —-
1483 4579 1731 4661 Hominis
1786 4616 1993 4665 (states.
2027 4639 2099 4651 —

2264 4579 2436 4668 diove
2469 4612 2567 4684 μὲν
2597 4609 2697 4681 τὴν
2724 4609 2954 4683 πρώτην
2980 4606 3275 4663 ἑπταετίαν
3309 4579 3551 4678 ’ἔκφυσις
3574 4602 3775 4658 ὀδόντων

499 4696 691 4755 Primo
754 4710 1032 4775 annprum
1093 4696 1406 4768 septenario
1470 4697 1665 4755 dentes
1725 4710 2094 4758 enascuntur.

504 4791 763 4847 Secundo
792 4788 1033 4860 genitale
1057 4803 1245 4847 semen
1279 4789 1457 4846 emitti
1496 4790 1710 4862 incipit.
1743 4790 1933 4850 Tertio
1967 4794 2099 4850 bar-

502 4882 574 4938 ba
608 4882 831 4939 crescit.
855 4882 1067 4949 Quarto
1097 4883 1246 4940 vires
1282 4892 1610 4957 augescunt.
1641 4885 1845 4952 Quinto
1868 4887 2099 4944 iucundi

503 4974 847 5030 matrimonii
879 4981 1097 5045 tempus
1153 4982 1260 5033 est.
1322 4976 1493 5034 Sexto
1546 4980 1840 5050 prudentia
1877 4981 2097 5037 initium

505 5064 697 5123 sumit.
735 5062 983 5138 Septimo
1019 5064 1170 5123 librat:
1204 5070 1560 5137 roborantur,
1610 5080 1664 5127 et
1698 5072 1866 5127 menti
1916 5081 1970 5129 et
2006 5088 2100 5129 ra-

504 5154 643 5213 tioni
676 5156 1083 5214 incrementum
1126 5161 1364 5217 accedit.
1398 5160 1611 5219 Octavo
1648 5171 1949 5235 utrumque
1974 5180 2101 5235 per-

505 5244 713 5307 ﬁcitur.
742 5246 925 5318 Nono,
959 5250 1164 5310 sedatis
1200 5254 1396 5326 majori
1430 5263 1588 5326 parte
1623 5254 1931 5321 all‘ectibus,
1958 5255 2101 5312 leni-

498 5356 591 5401 tas
620 5351 675 5399 et
706 5342 1076 5400 mansuetudo
1108 5348 1363 5418 patescit.
1395 5347 1644 5414 Decimo,
1676 5347 1955 5421 optandus
1976 5349 2103 5406 vitae

506 5432 635 5490 linis
671 5435 971 5506 contingit,
1005 5438 1259 5509 corporis
1294 5439 1554 5496 videlicet
1598 5439 1865 5497 membris
1917 5441 2101 5497 adhuc

508 5524 763 5597 integris.
798 5523 947 5582 Solet
978 5529 1125 5584 enim
1159 5530 1323 5601 longa
1355 5540 1641 5588 senectute
1665 5524 2103 5605 unumquodque

507 5617 817 5675 membrum
849 5620 1130 5677 debilitari
1148 5629 1204 5677 et
1234 5622 1447 5695 frangi:
1471 5620 1834 5697 Hippocrates
1853 5625 2104 5683 medicus

2207 4706 2391 4761 ἐστίν·
2423 4704 2567 4760 κατὰ
2589 4705 2647 4759 δὲ
2689 4704 2789 4774 τὴν
2834 4703 3121 4774 δευτέραν,
3150 4700 3349 4773 καιρὸς
3372 4699 3472 4756 τοῦ
3513 4692 3775 4770 προΐεσθαι

2210 4799 2434 4871 σπέρμα
2456 4797 2700 4868 γόνιμον.
2725 4797 2897 4870 Τρίτη
2923 4795 3001 4858 δὲ,
3027 4796 3255 4865 γενείων
3277 4792 3537 4865 αὔξησις.
3555 4786 3777 4855 Τετάρτη

2206 4888 2284 4958 δὲ,
2317 4890 2455 4962 πρὸς
2487 4890 2642 4961 ἰσχὺν
2678 4889 2942 4952 ἐπίδοσις.
2980 4888 3218 4959 Πέμπτη
3255 4885 3300 4940 δ’
3331 4881 3403 4939 αὖ
3436 4884 3633 4957 γάμων
3655 4877 3775 4948 ὥρα·

2209 4980 2408 5056 Ἕκτη,
2457 4982 2731 5048 συνέσεως
2782 4981 2951 5053 ἀρχή.
2997 4981 3064 5035 Ἦ
3122 4979 3181 5033 δὲ
3232 4976 3471 5049 ἑϐδόμη,
3524 4968 3779 5056 βελτιωσις

2208 5055 2438 5145 ἀμφοῖν,
2462 5074 2558 5128 καὶ
2593 5071 2928 5145 συναύξησις
2952 5069 3048 5125 νοῦ
3079 5070 3173 5124 καὶ
3192 5068 3387 5139 λόγου.
3428 5065 3620 5135 Ὀγδόη
3658 5055 3775 5123 δὲιὴ

2209 5165 2269 5221 ὲν
2300 5165 2548 5239 ἐκατέρῳ
2581 5165 2885 5231 τελείωσις.
2922 5163 3082 5220 Κατὰ
3112 5163 3170 5217 δὲ
3202 5160 3306 5231 τὴν
3339 5154 3652 5230 ὲννάτην,ἡ
3678 5152 3780 5204 ἑπι-

2210 5258 2390 5315 είκεια
2424 5258 2521 5314 καὶ
2558 5259 2804 5332 πραότης
2837 5259 2949 5313 τῶν
2986 5255 3180 5310 παθῶν
3213 5254 3312 5307 ἐπὶ
3354 5252 3545 5307 πλεῖον
3584 5248 3780 5318 ἡμερωο

2212 5346 2439 5429 θέντων.
2481 5351 2641 5406 Κατὰ
2664 5351 2723 5406 δὲ
2753 5351 2854 5423 τὴν
2884 5349 3147 5420 δεκάτην,
3182 5348 3243 5402 τὸ
3277 5345 3541 5400 εὐκταῖον
3564 5339 3657 5395 τοῦ
3682 5332 3780 5429 Bion

2210 5426 2386 5510 τέλος.
2422 5444 2504 5499 ἔτι
2541 5445 2654 5502 τῶν
2688 5445 2997 5518 ὀργανικῶν
3030 5443 3211 5514 μελῶν
3246 5435 3683 5509 συνεστηκότων.
3705 5426 3781 5518 Φις

2208 5536 2296 5588 λεῖ
2321 5534 2432 5607 γὰρ
2465 5536 2526 5590 τῇ
2551 5513 2779 5609 μακρόν
2794 5536 2977 5608 γῆρας
3028 5513 3263 5590 ἕκαστον
3294 5524 3684 5589 ὑποσκελίζειν
3704 5513 3780 5609 κέὶ

2214 5606 2633 5702 παραιρεῖσθαι.
2669 5606 2885 5705 Ἰατρὸς
2929 5629 3330 5703 Ἱπποκράτης,
3382 5622 3608 5698 ἡλικίας
3658 5606 3780 5670 ἔπτά

1834 5762 2523 5840 “meummeum.

580 5853 608 5887 ί
645 5852 1184 5935 morinos-Alium!
1222 5857 1580 5939 ad_Platonis
1622 5874 1845 5917 nomen.
