3998 6394
328 319 462 390 1109

1655 337 1897 400 εΑοΒΑ
1935 320 2404 405 ΡΑΒᾸιιΕιΑ.

3463 355 3631 421 1110⁷

325 434 465 491 εἶναι
500 437 668 508 φησί’
708 438 947 505 παιδίου,
986 441 1199 508 παιδὸς,
1240 442 1555 514 μειρακίου,
1589 446 1897 515 νεανίσκου,

2036 457 2193 507 :tates
2220 460 2427 523 septem
2457 465 2580 510 esse
2619 454 2717 524 ait,
2748 455 3033 516 infantiam
3081 461 3372 530 nimirum,
3406 468 3595 535 pueri-

324 527 534 599 ἀνδρὸς,
560 531 894 602 πρεσϐύτου,
926 536 1204 605 γέροντος.
1228 529 1446 601 ταύτας
1485 539 1542 592 δὲ
1581 539 1904 611 μετρεῖσθαι

329 618 423 688 μὲν
446 617 765 691 ἑϐδομάσιν,
800 624 864 676 οὐ
905 622 1011 694 μὴν
1034 626 1157 689 ταῖς
1188 626 1332 679 κατὰ
1372 626 1435 680 τὸ
1457 626 1605 700 ἑξῆς.
1642 629 1808 699 Λέγει
1844 631 1904 684 δὲ

324 709 496 775 οὕτως
518 729 531 743 ·
566 731 596 763 ι·
624 713 712 765 Ἐν
743 714 1038 788 ἀνθρώπου
1083 715 1244 788 φύσει
1285 719 1427 775 ἑπτά
1477 721 1617 776 είσιν
1643 716 1809 792 ὧραι,
1839 721 1908 786 ἃς

326 805 540 876 ἡλικίας
573 807 892 863 καλέουσιν·
932 810 1167 877 παιδίον,
1202 814 1354 877 παῖς,
1388 815 1895 885 μειράκιον,ινεανί-

328 914 489 966 σκος,
520 901 692 972 ἀνὴρ,
747 903 1098 974 πρεσϐύτης,
1136 905 1335 976 γέρων.
1383 907 1495 962 Καὶ
1533 908 1753 963 παιδίον
1802 907 1905 979 μέν

329 994 474 1046 ἐστιν
515 992 643 1065 ἄχρι
674 996 814 1051 ἑπτὰ
857 997 1018 1064 ἑτῶν,
1063 998 1316 1053 τουτέστι
1367 999 1467 1071 τῆς
1514 999 1626 1054 τῶν
1676 999 1907 1055 ὀδόντων

325 1084 576 1156 ἐκϐολῆς.
614 1086 748 1152 Παῖς
780 1087 845 1141 δὲ’
884 1089 1027 1161 ἄχρι
1056 1090 1223 1161 γονῆς
1257 1090 1564 1161 ἐκφύσεως,
1591 1093 1675 1158 είς
1713 1090 1782 1147 τὰ
1826 1091 1910 1157 δὶς

326 1178 483 1233 ἑπτά.
509 1178 811 1250 Μειράκιον
833 1181 964 1253 ἄχρι
992 1182 1202 1252 γενείου
1230 1180 1575 1253 λαχνώσεως,
1606 1183 1665 1248 ἑς
1691 1181 1761 1237 τὰ
1790 1183 1910 1255 τρὶς

326 1268 496 1323 ἑπτά’
531 1271 817 1336 νεανίσκος
839 1272 896 1326 δὲ
929 1272 1090 1345 ἄχρις
1125 1274 1407 1344 αὐξήσεως
1432 1275 1557 1328 ὅλου
1590 1274 1687 1328 τοῦ
1719 1273 1909 1344 σώμα-

325 1376 436 1425 τος,
468 1363 526 1426 ἑς
555 1361 626 1416 τὰ
659 1366 918 1435 τετράκις
950 1366 1111 1420 ἑπτά.
1148 1364 1312 1440 Ἀνὴρ
1345 1366 1390 1420 δ’
1426 1366 1587 1438 ἄχρις
1617 1366 1739 1430 ἑνὸς
1765 1366 1913 1420 δέον-

324 1467 415 1518 τος
461 1456 833 1526 πεντήκονταο
891 1459 1207 1530 πρεσϐύτης
1261 1461 1338 1526 δὲ,
1371 1459 1501 1531 ἄχρι
1543 1460 1910 1532 πεντήκοντα,

326 1543 384 1607 ἐς
417 1543 486 1598 τὰ
519 1546 756 1612 ἑπτάκις
786 1547 953 1606 ὀκτώ.
977 1550 1050 1602 Τὸ
1084 1550 1140 1604 δὲ.
1165 1549 1439 1617 ἐντεῦθεν,
1472 1548 1672 1620 γέρων.
1708 1568 1727 1602 ι

2007 539 2163 605 tiam,
2196 539 2652 612 adolescentiam,
2704 545 3070 618 juventutem,
3105 550 3320 608 virilem
3355 562 3599 619 aetatem,

2007 631 2326 706 provectam
2371 643 2427 692 et
2464 638 2714 695 senilem.
2765 639 2877 698 llas
2903 657 3070 712 porro
3100 646 3429 714 septenariis
3478 649 3604 719 qui-

2007 725 2132 781 dem
2162 727 2413 795 metitur,
2445 744 2557 785 non
2588 737 2769 786 tamen
2799 735 3100 792 continuis.
3141 736 3238 795 llis
3271 749 3456 797 autem
3480 756 3604 796 ver-

2009 814 2097 873 bis
2127 818 2347 873 utitur:
2386 838 2406 871 ‹
2443 820 2506 875 In
2539 821 2788 879 hominis
2820 832 3019 881 natura
3056 835 3265 898 septem
3299 840 3437 887 sunt,
3464 840 3607 888 lem-

2008 923 2204 979 porum
2229 909 2670 980 vicissitudines,
2693 930 2835 986 quas
2855 924 3049 974 aetates
3070 922 3369 990 appellant,
3398 923 3607 989 infans,

2008 1017 2171 1073 puer,
2219 1004 2576 1072 adolescens,
2622 1008 2873 1079 juvenis,
2919 1011 3025 1079 vir,
3083 1023 3245 1070 aetate
3288 1027 3607 1087 provectus.

2011 1109 2202 1152 senex.
2232 1095 2422 1154 Infans
2453 1113 2632 1168 usque
2673 1102 2740 1156 ad
2775 1110 2986 1174 septem
3019 1117 3197 1160 annos
3219 1113 3305 1161 est
3332 1144 3351 1171 ,
3377 1107 3485 1163 hoc
3524 1108 3612 1164 est

2011 1184 2144 1242 dum
2170 1186 2364 1244 dentes
2394 1188 2674 1246 eduxerit.
2708 1191 2875 1257 Puer,
2907 1194 3087 1251 donec
3112 1211 3304 1252 semen
3341 1197 3615 1259 emiserit,

2013 1276 2121 1332 hoc
2167 1284 2254 1334 est
2302 1295 2478 1351 usque
2512 1281 2578 1337 ad
2629 1291 2891 1353 quartum
2943 1294 2999 1340 et
3051 1286 3327 1343 decimum
3381 1302 3613 1344 annum.

2017 1369 2376 1439 Adolescens,
2411 1373 2594 1445 quoad
2648 1375 2848 1446 lanugo
2880 1376 3058 1446 prima
3093 1379 3329 1443 oriatur,
3380 1378 3487 1435 hoc
3533 1390 3616 1434 est

2018 1461 2086 1516 ad
2126 1469 2239 1518 tres
2268 1479 2540 1519 annorum
2573 1465 2973 1525 hebdomades.
3006 1469 3262 1536 Juvenis,
3309 1471 3493 1543 quoad
3530 1482 3616 1526 to—

2021 1556 2133 1603 tum
2168 1563 2373 1621 corpus
2410 1554 2695 1622 creverit,
2743 1555 2847 1612 hoc
2896 1565 2984 1614 est
3025 1575 3202 1630 usque
3252 1559 3322 1616 ad
3375 1568 3618 1632 quatuor

326 1634 721 1696 bebdomades.
757 1640 877 1707 Vir,
906 1657 1081 1713 usque
1124 1645 1189 1699 ad
1258 1642 1969 1714 undequinquagesimum;
2039 1643 2145 1698 hoc
2204 1654 2292 1701 est
2344 1644 2410 1700 ad
2467 1654 2676 1717 septem
2741 1664 3013 1707 annorum
3074 1653 3465 1711 hebdomades.
3520 1650 3618 1709 Se.

325 1743 581 1798 nescens,
624 1748 798 1804 usque
824 1734 895 1790 ad
930 1745 1147 1792 sextum
1179 1744 1234 1794 et
1263 1737 1790 1810 quinquagesimum
1815 1752 2044 1806 annum,
2069 1736 2176 1794 hoc
2197 1746 2284 1795 est
2337 1748 2592 1796 octavum
2649 1746 3047 1816 septenarium.
3108 1747 3378 1823 Deinceps
3435 1753 3617 1807 autem

323 1836 519 1883 senex.

392 1939 633 1995 Δυνατδν
663 1943 724 1996 ἑν
749 1945 1065 2015 τριακοστῷ
1095 1944 1207 2000 ἑτει
1244 1946 1407 2001 αὐτὸν
1440 1946 1732 2020 ἄνθρωπον
1757 1945 1912 2002 πάπ-

2084 1940 2230 1996 Fieri
2258 1948 2462 2012 potest,
2495 1950 2557 2000 ut
2587 1945 2867 2016 quispiam
2894 1946 2952 2004 in
2984 1962 3131 2004 anno
3167 1948 3454 2005 tricesimo
3479 1964 3619 2007 avus

322 2047 427 2085 πον
452 2033 732 2101 γενέσθαι.
768 2036 940 2108 Ἦϐᾷν
969 2037 1070 2108 μὲν
1097 2039 1228 2110 περὶ
1255 2040 1357 2109 τὴν
1384 2038 1915 2109 τεσσαρεσκαιδεκά-

321 2141 425 2194 την
473 2125 714 2195 ήλικίαν,
768 2121 899 2201 ἑνῇ
948 2130 1193 2200 σπείρει,
1244 2130 1308 2184 τδ
1368 2130 1426 2184 δὲ
1496 2131 1704 2203 σπαρὲν
1763 2129 1914 2193 ἑντὸς

320 2215 576 2270 ἐνιαυτοῦ
604 2218 925 2289 γενόμενον,
969 2220 1132 2276 πάλιν
1187 2222 1670 2293 πεντεκαιδεκάτῳ
1711 2221 1823 2275 ἔτει
1854 2221 1914 2275 τὸ

319 2306 513 2377 ὅμοιον
541 2308 721 2381 ἑαυτῷ
754 2313 975 2382 γεννᾷν.

395 2421 516 2475 Πᾶν
543 2421 643 2495 τὴν
676 2424 855 2496 ἀρχὴν
885 2425 1030 2496 ἕχον,
1072 2426 1168 2480 καὶ
1200 2426 1353 2490 τέλος
1390 2386 1723 2498 ἐπιδέχεται.
1757 2426 1832 2480 Τὸ
1859 2425 1916 2480 δὲ

320 2512 483 2579 τέλος
508 2516 922 2588 ἐπιδεχόμενον,
946 2519 1158 2593 φθορᾶς
1182 2522 1299 2574 ἑστι
1325 2519 1596 2575 δεκτικόν.

317 2833 515 2888 ΤΙΤΛ.
547 2832 629 2888 Θ’.
657 2863 726 2876 --
762 2831 906 2901 Περὶ
944 2832 1051 2889 τοῦ
1077 2832 1483 2900 αὑτεξουσίου
1504 2847 1518 2861 ⁸
1555 2833 1645 2888 ὅτι
1683 2832 1918 2887 δέδοται

398 2903 554 2974 ἡμῖν,
593 2903 753 2971 παρὰ
791 2903 964 2971 Θεοῦ,
1008 2904 1110 2960 καί
1161 2903 1232 2959 ἐν
1282 2904 1430 2974 ἡμῖν
1482 2903 1611 2958 ἐστι
1646 2901 1918 2973 σωθῆναι

399 2974 501 3028 καί
526 2973 886 3029 ἀπολέσθαι.

405 3129 427 3164 ι
463 3111 921 3211 Διαμαρτύρομαι
965 3113 1096 3185 ὑμῖν
1138 3112 1384 3185 σήμερον
1419 3111 1512 3168 τὸν
1554 3111 1787 3183 οὐρανὸν
1826 3111 1921 3164 καὶ

2015 2031 2110 2099 sit,
2155 2047 2352 2104 nempe
2395 2041 2455 2088 ut
2493 2050 2640 2092 anno
2683 2036 2905 2093 decimo
2966 2045 3170 2109 quarto
3216 2041 3509 2110 pubescat,
3563 2050 3622 2098 et

2015 2122 2330 2196 genituram
2361 2125 2583 2182 emittat
2616 2144 2630 2182 :
2675 2128 2941 2199 quodque
2975 2139 3155 2185 satum
3187 2138 3296 2194 est,
3316 2147 3443 2187 cum
3469 2133 3630 2188 intra»

2017 2214 2185 2271 unius
2211 2216 2343 2271 anni
2379 2217 2620 2288 spatium
2658 2218 2716 2273 in
2750 2219 2932 2275 lucem
2958 2220 3168 2276 editum
3200 2221 3392 2288 fuerit,
3420 2240 3627 2282 rursus

2018 2308 2236 2365 decimo
2259 2310 2457 2380 quinto
2480 2324 2627 2367 anno
2663 2310 2846 2369 simile
2869 2312 2958 2369 sui
2995 2313 3207 2384 gignat.

2089 2421 2343 2475 Eustalh.
2380 2432 2521 2478 cont.
2573 2424 2764 2480 Arion.
2812 2457 2882 2469 -—
2935 2425 3218 2496 Quidquid
3280 2428 3617 2500 principium

2019 2511 2207 2580 habet,
2243 2514 2404 2571 ﬁnem
2452 2531 2677 2589 quoque
2728 2517 3048 2574 habiturum
3081 2527 3169 2575 est
3200 2539 3213 2575 :
3246 2522 3397 2592 quod
3434 2526 3619 2578 autem

2021 2604 2187 2661 finem
2257 2606 2533 2675 admittit,
2604 2611 2951 2681 corruptioni
3012 2610 3251 2680 proinde
3302 2614 3627 2671 obnoxium

2021 2707 2130 2754 est.

2023 2832 2162 2907 Τι’ζ.
2198 2831 2291 2907 IX,
2325 2863 2396 2873 —
2422 2831 2500 2907 De
2528 2834 2746 2907 arbitrii
2795 2834 3040 2907 libertate
3066 2852 3086 2892 :
3121 2837 3263 2907 quod
3296 2855 3359 2893 ea
3390 2838 3543 2893 nobis
3588 2855 3623 2893 α

2095 2903 2208 2959 Deo
2241 2903 2367 2958 data
2398 2904 2488 2975 sit,
2525 2904 2764 2975 quodque
2792 2906 2850 2959 in
2880 2905 3031 2962 nobis
3078 2903 3242 2962 situm
3285 2910 3356 2963 sit
3388 2908 3643 2964 salutem.

2093 2975 2367 3046 consequi,
2401 2974 2481 3028 vel
2510 2974 2705 3041 perire.

2100 3110 2254 3166 Deut.
2289 3127 2424 3179 xxx,
2463 3112 2551 3168 l9.
2582 3143 2656 3153 —
2702 3131 2721 3164 ι
2753 3111 2948 3171 Testes
2991 3115 3191 3172 invoco
3216 3116 3383 3173 hodie
3419 3115 3623 3172 coelum

319 3202 432 3276 τὴν
479 3204 620 3276 γῆνο
672 3202 785 3277 τὴν
819 3205 964 3278 ζωὴν
988 3207 1087 3260 καὶ
1146 3205 1239 3259 τὸν
1288 3205 1519 3260 θάνατον
1567 3204 1779 3260 δέδωκα
1826 3204 1912 3259 ἑπὶ

2036 3212 2080 3259 et
2111 3211 2336 3272 terram,
2365 3205 2512 3275 quod
2544 3206 2928 3277 proposuerim
2957 3208 3122 3265 vobis
3164 3209 3332 3266 vitam
3377 3216 3432 3266 et
3473 3222 3624 3275 mor-

324 3295 631 3367 προσώπου
688 3297 866 3368 ὑμῶν,
901 3298 999 3353 καὶ
1043 3297 1146 3370 τὴν
1192 3297 1469 3368 εὐλογίαν,
1513 3299 1609 3353 καὶ
1636 3297 1738 3370 τὴν
1783 3314 1912 3353 κατ-

2036 3305 2157 3363 Lem,
2193 3265 2721 3356 benedictionem.“
2749 3286 3223 3356 maledictionem.
3263 3320 3282 3353 ι

324 3389 494 3461 ἀραν.
533 3408 553 3442 ι

411 3521 432 3556 ι
453 3500 626 3559 Εἶπον
654 3506 722 3577 τῇ
748 3488 897 3578 ψυχῇ
928 3520 1033 3577 μου
1054 3522 1069 3537 ο
1095 3504 1352 3577 Σωτηρία
1381 3520 1477 3559 σου
1498 3504 1636 3589 ,εἰμὶ
1662 3501 1798 3574 ἐγώ.
1824 3522 1845 3557 ι

406 3699 427 3734 ι
456 3682 666 3754 Κύριος
713 3683 773 3752 ἑξ
812 3684 991 3756 ἀρχῆς
1036 3683 1296 3757 ἑποίησεν
1330 3683 1642 3756 ἄνθρωπον,
1683 3682 1779 3738 καὶ
1816 3684 1917 3752 dep—

320 3776 466 3848 ἧκεν
479 3780 649 3834 αὐτὸν
675 3781 734 3833 ἑν
767 3779 916 3851 χειρὶ
933 3778 1242 3834 διαϐουλίου
1271 3778 1463 3833 αὐτοῦ.
1483 3776 1812 3849 Παρέθηκὲν
1837 3794 1922 3831 σοι

323 3869 446 3943 πῦρ
476 3872 576 3925 καὶ
628 3871 796 3942 ὕδωρ,
841 3864 904 3925 οῦ
962 3871 1061 3925 ἑὰν
1093 3870 1256 3945 θέλῃς
1304 3870 1571 3935 ἑκτείνοις
1617 3869 1716 3942 τὴν
1762 3869 1923 3941 χεῖρά

326 3979 449 4017 σου.
491 3964 746 4018 Ἐναντία
789 3964 1079 4036 ἄνθρωπον
1109 3967 1143 4036 ἠ
1180 3963 1295 4036 ζωὴ
1336 3965 1432 4018 καὶ
1460 3964 1492 4018 ὁ
1518 3963 1772 4030 θάνατος,
1812 3962 1912 4016 καὶ

320 4055 358 4110 ὃ
383 4056 480 4112 ἑὰν
510 4058 784 4131 εὖδοκήσῃ
805 4056 976 4129 αὐτῷ.
1008 4076 1027 4110 ι

404 4251 426 4287 ι
462 4233 599 4288 Ἰδοὺ
625 4235 659 4306 ἡ
695 4233 947 4305 βασιλεία
967 4233 1065 4289 τοῦ
1100 4233 1239 4288 Θεοῦ
1264 4233 1416 4300 ἑντὺς
1444 4230 1600 4305 ὑμῶν
1622 4232 1760 4287 ἑστι.
1785 4250 1806 4285 ι

407 4428 431 4463 ι
456 4412 570 4467 Οὐκ
597 4412 799 4480 οἴδατε,
824 4413 908 4468 ὅτι
954 4407 1001 4486 ᾧ
1039 4412 1485 4486 ἑμπαριστάνετε
1517 4413 1748 4480 ἑαυτοὺς
1792 4414 1914 4472 δού-

323 4502 458 4569 λους
485 4505 569 4569 είς
597 4505 872 4577 ὑπακοὴν,
898 4502 1076 4558 δοῦλοί
1105 4504 1231 4560 ἑστε
1259 4497 1306 4573 ᾧ
1329 4504 1662 4563 ὑπακούετε.
1699 4525 1719 4561 ι
1819 4532 1833 4538 τ

398 4684 662 4739 θέλουσιν
700 4684 831 4757 ὑμῖν
872 4681 934 4740 εὖ
973 4684 1263 4758 πράττειν,
1305 4685 1441 4751 Θεὸς
1478 4685 1699 4758 ἕτοιμος
1736 4687 1820 4752 είς
1858 4686 1921 4742 τὺ

324 4774 623 4846 παρέχειν.

399 4866 657 4934 Τέθεικα,
689 4866 848 4939 φησὶ,
884 4867 993 4938 πρὸ
1026 4867 1327 4939 προσώπου
1380 4885 1474 4923 σου
1504 4868 1605 4941 τὴν
1634 4869 1779 4943 ζωὴν
1820 4871 1920 4925 καὶ

323 4955 424 5011 τὸν
453 4956 707 5024 θάνατον,
739 4957 803 5011 τὸ
834 4957 1041 5028 ἀγαθὸν
1081 4960 1179 5013 καὶ
1206 4963 1267 5014 τὸ
1311 4961 1505 5026 κακὸν,
1532 4960 1628 5014 δύο
1660 4962 1919 5017 ἀντικει-

329 5052 505 5122 μένας
534 5053 746 5123 φύσεις.
797 5053 1264 5126 Ἀντιστάθμησον
1298 5054 1469 5119 αὑτὰς
1497 5056 1593 5109 ἐπὶ
1630 5054 1724 5109 τοῦ
1762 5071 1923 5109 σεαυ-

324 5143 428 5200 τοῦ
458 5146 779 5218 κριτηρίουο
825 5146 1235 5217 ζυγοστάτησον
1267 5146 1538 5217 ἀκριϐῶς,
1566 5146 1621 5200 τί
1657 5163 1741 5200 σοι
1768 5146 1924 5200 λυσι-

324 5237 676 5309 τελέστερον,
710 5240 809 5310 τὴν
843 5232 1182 5310 πρόσκαιρον
1216 5237 1435 5293 ἑλέσθαι
1468 5238 1687 5310 ἡδονὴν,
1731 5239 1826 5293 καὶ
1854 5239 1922 5292 δι’

327 5326 506 5399 αὐτῆς
562 5329 656 5384 τδν
693 5330 915 5386 αίὼνιον
964 5332 1153 5387 λαϐεῖν
1212 5332 1469 5399 θάνατον,
1516 5331 1552 5403 ἢ
1596 5330 1696 5402 τὴν
1741 5331 1802 5384 ἒν
1852 5334 1927 5402 τῇ

329 5421 569 5491 ἀσκήσει
617 5422 720 5494 τῆς
743 5424 949 5495 ἀρετῆς
996 5424 1258 5495 ἑλόμενον
1318 5423 1719 5489 κακοπάθειαν,
1749 5421 1921 5496 ταύτῃ

332 5512 586 5585 προξένῳ
613 5515 927 5587 χρήσασθαι
955 5516 1056 5588 τῆς
1081 5517 1303 5572 αἰωνίου
1325 5515 1562 5589 τρυφῆς.

408 5772 496 5832 Τὰ
523 5775 581 5833 ἑν
607 5776 737 5851 ᾅδου
782 5780 952 5848 κακὰ,
980 5780 1104 5873 οὐχὶ
1144 5780 1276 5839 Θεὸν
1308 5782 1423 5853 ἔχει
1462 5781 1551 5839 τὸν
1578 5782 1774 5860 αἴτιον,
1803 5780 1918 5839 ἀλλ’

1947 4545 1995 4602 D

2096 3497 2250 3554 Prol.
2292 3514 2481 3566 xxxiv,
2512 3500 2570 3556 3.
2600 3528 2673 3540 --
2711 3517 2730 3551 ι
2772 3499 2867 3555 Dic
2897 3498 3094 3556 animae
3123 3514 3262 3556 meae
3295 3516 3309 3555 :
3344 3498 3499 3556 salus
3525 3506 3622 3555 tua

2025 3605 2127 3662 ego
2158 3606 2303 3647 sum.
2345 3610 2367 3644 ›

2095 3682 2269 3738 Eccli.
2308 3697 2397 3747 xv,
2435 3681 2526 3745 14.
2576 3680 2665 3738 15.
2700 3710 2771 3720 -
2811 3700 2831 3736 ι
2881 3682 3027 3740 Deus
3078 3685 3289 3740 creavit
3339 3684 3409 3740 ab
3460 3684 3624 3741 initio

2025 3770 2332 3836 hominem,
2373 3777 2429 3827 et
2478 3770 2711 3842 reliquit
2763 3786 2890 3827 eum
2924 3772 2983 3828 in
3016 3788 3183 3830 manu
3236 3774 3457 3832 consilii
3510 3776 3621 3847 sui.

2021 3862 2296 3935 Apposuit
2319 3863 2421 3919 tibi
2456 3877 2659 3933 aquam
2704 3871 2761 3919 et
2797 3863 2980 3936 ignem
3025 3883 3041 3922 :
3074 3866 3147 3921 ad
3178 3867 3325 3938 quod
3375 3868 3643 3925 volueris-

2022 3953 2242 4026 porrige
2275 3967 2497 4008 manum
2531 3961 2705 4009 tuam.
2739 3954 2882 4029 Ante
2907 3955 3189 4014 hominem
3225 3959 3341 4015 vita
3359 3969 3414 4015 et
3442 3974 3619 4024 mors,

2022 4045 2229 4101 bonum
2268 4051 2324 4100 et
2352 4045 2559 4101 malum
2595 4063 2611 4101 :
2651 4054 2705 4101 et
2740 4047 2888 4120 quod
2928 4048 3202 4120 placuerit
3265 4049 3341 4115 ei,
3394 4050 3627 4105 dabitur

2026 4136 2129 4192 illi.
2173 4155 2194 4191 ι

2091 4225 2227 4282 Luc.
2259 4242 2395 4293 xvu,
2427 4227 2521 4283 2|.
2546 4259 2617 4269 —
2646 4246 2666 4281 ι
2703 4227 2848 4287 Ecce
2879 4245 3111 4304 regnum
3161 4231 3261 4289 Dei
3326 4233 3487 4288 intra:
3524 4247 3639 4289 vos

2020 4326 2125 4375 est.
2163 4337 2183 4371 ι

2088 4405 2244 4463 Rom.
2268 4423 2346 4474 vr,
2380 4407 2468 4464 l6.
2502 4439 2573 4449 —
2614 4428 2634 4462 ι
2662 4408 2902 4468 Nescitis
2929 4411 3197 4482 quoniam
3224 4412 3313 4468 cui
3344 4411 3623 4468 exhibetis

2022 4511 2122 4553 vos
2154 4512 2346 4555 servos
2395 4498 2465 4554 ad
2511 4498 2916 4567 obediendum,
2964 4502 3131 4557 servi
3167 4502 3305 4559 estis
3357 4504 3481 4573 ejus
3527 4504 3618 4558 cui

2024 4589 2286 4650 obeditis.
2326 4609 2345 4643 ι

2093 4678 2318 4751 Iguatii,
2375 4682 2525 4752 epist.
2587 4682 2658 4737 ad
2716 4681 2936 4756 Smyrm
2981 4711 3051 4726 -ε-
3082 4682 3414 4741 Volenlibus
3456 4684 3623 4740 nobis

2020 4774 2161 4831 bene
2191 4790 2374 4846 agere,
2407 4774 2550 4832 Deus
2582 4777 2649 4832 ad
2675 4776 3019 4850 largiendum
3051 4786 3343 4850 promptus
3365 4786 3471 4835 est.

2091 4866 2263 4923 Basit.
2300 4868 2355 4921 in
2400 4868 2543 4938 put.
2605 4882 2720 4925 ut.
2767 4898 2836 4911 —-
2885 4869 3073 4936 Posui,
3122 4870 3323 4942 inquit,
3371 4878 3498 4928 ante
3535 4869 3619 4925 fa-

2020 4957 2159 5015 ciem
2192 4965 2343 5014 tuam
2395 4960 2565 5014 vitam
2616 4968 2672 5016 et
2719 4969 2977 5029 mortem,
3028 4963 3234 5018 bonum
3284 4970 3341 5018 et
3383 4961 3615 5024 malum,

2024 5049 2165 5107 duas
2208 5050 2349 5106 inter
2385 5067 2446 5108 se
2481 5059 2792 5123 pugnantes
2826 5052 2991 5124 315
3022 5061 3275 5110 naturas.
3329 5051 3618 5125 Perpende

2023 5142 2094 5198 ad
2122 5158 2353 5200 examen
2393 5143 2591 5216 iudicii
2622 5145 2725 5209 tui,
2757 5152 2811 5201 et
2853 5158 3011 5216 aequa
3051 5145 3211 5200 lance
3241 5144 3436 5202 sedulo
3482 5158 3618 5214 pon-

2024 5236 2179 5303 dera,
2210 5243 2395 5292 utrum
2446 5236 2856 5294 conducibilius
2891 5236 3204 5293 rationibus
3236 5237 3349 5293 tuis
3386 5236 3494 5304 sit;
3530 5234 3617 5289 ni-

2025 5327 2229 5384 mirum
2251 5328 2591 5399 voluptatem
2625 5329 2848 5385 brevem
2879 5337 2933 5386 et
2960 5328 3353 5401 temporariam
3390 5328 3613 5398 eligere,

2027 5425 2082 5473 et
2122 5434 2221 5489 per
2274 5435 2396 5476 eam
2455 5420 2848 5490 sempiternam
2908 5429 3143 5476 mortem
3195 5420 3482 5491 accipere,
3545 5433 3616 5475 an

2029 5520 2223 5565 contra
2265 5510 2510 5567 colendae
2548 5511 2767 5567 virtutis
2821 5526 2991 5567 causa
3039 5512 3302 5567 aerumnis
3359 5523 3612 5582 asperam

2026 5599 2195 5655 vitam
2220 5600 2544 5672 amplexari,
2572 5610 2627 5656 et
2652 5615 2753 5672 per
2776 5615 2898 5657 eam
2925 5599 3155 5658 delicias
3196 5614 3479 5673 nunquam
3529 5599 3615 5654 in-

2030 5691 2413 5748 termorituras
2436 5690 2537 5746 tibi
2572 5692 2891 5748 conciliare.

2106 5782 2279 5839 Basif.
2342 5782 2483 5839 hom.
2548 5782 2706 5852 Quod
2767 5782 2908 5841 Deus
2956 5800 3059 5842 non
3111 5793 3186 5841 est
3222 5791 3410 5840 auctor
3440 5781 3608 5838 malo-
