3998 6398
463 355 597 425 1111
617 419 630 426 -
1644 365 1704 426 S.
1746 363 2042 426 IUANNIE

2167 363 2537 427 suasum
3404 325 3408 328 ’
3593 354 3746 421 1112

372 486 402 548 ῃ
458 487 601 527 rum.
631 500 701 512 —
724 470 926 527 Inferni
963 471 1104 524 maia
1139 485 1248 526 non
1274 469 1441 527 Deum
1485 471 1687 527 habent
1714 482 1951 529 auctorei

2162 475 2290 544 ιμᾶς
2319 475 2540 538 αὐτούς.
2580 474 2750 543 Ἀρχὴ
2783 471 2893 542 γὰρ
2925 470 3021 524 καῖ
3056 471 3182 541 ῥίζα,
3216 471 3399 544 πάσης
3429 469 3741 541 ἁμαρτίας

457 565 554 620 sed
589 563 867 634 nosipsos.
899 563 1120 618 Initium
1147 563 1294 619 enim
1320 572 1374 619 et
1409 563 1568 620 radix
1603 567 1784 621 omnis
1825 565 2036 636 peccati

1548 581 1568 619 ι
1603 567 1784 621 omnis
1825 565 2037 636 peccati
2146 567 2206 620 τὸ
2234 565 2322 636 ἐφ’
2345 569 2502 639 ἡμῖν,
2538 565 2632 620 καὶ
2663 565 2724 618 τὸ
2760 563 3127 631 αὐτεξούσιον.

455 658 512 709 in
547 655 706 710 nobis
732 655 836 710 sita
872 664 1038 720 sunt,
1085 655 1254 727 inque
1296 656 1510 711 arbitrii
1556 657 1731 713 nostri
1762 657 2036 714 libertate.

523 747 675 818 Greg.
710 745 876 818 Nysa.
913 781 980 790 —
1013 748 1210 804 Anima
1259 751 1464 821 regiam
1497 750 1816 821 dignitatem
1847 765 2035 818 suam,

2227 746 2294 800 Ἦ
2320 745 2466 817 ψυχὴ
2501 744 2562 799 τδ
2590 741 2868 815 βασιλικόν
2899 759 2959 796 τε
3006 743 3101 798 καὶ
3150 739 3461 813 ἐπηρμένον
3494 735 3744 793 αὐτόθεν

447 846 506 893 et
530 837 924 895 sublimitatem
953 840 1152 910 procul
1195 855 1224 894 a
1257 841 1463 911 plebeia
1493 841 1700 897 vilitate
1729 841 2026 911 seiunctam

2160 839 2409 905 ieixvuat,
2437 837 2627 910 πόρρω
2661 835 2762 906 τῆς
2820 831 3099 904 ἰδιωτικῆς
3130 832 3519 903 ταπεινότητος
3545 846 3739 899 κεχω-

451 926 580 982 hinc
608 926 880 993 ostendit,
911 928 1058 1000 quod
1087 928 1294 984 nullius
1319 929 1561 984 dominio
1585 930 1896 1000 mancipata
1929 931 2030 997 sit,

2161 929 2429 1000 οισμὲνον,
2459 931 2524 982 ἐκ
2568 927 2665 981 τοῦ
2721 925 3023 980 ἀδέσποτον
3067 923 3241 996 αὑτήν
3280 919 3421 978 εἷναι
3467 922 3563 976 καὶ
3596 917 3740 974 αὗτ-

448 1030 504 1074 et
527 1020 756 1100 liberam
789 1021 1132 1076 voluntatum
1159 1036 1383 1077 suarum
1417 1029 1744 1092 potestatem
1783 1021 2027 1088 habens.

2161 1020 2410 1088 εξούσιον,
2443 1019 2596 1082 ἰδίοις
2630 1016 2930 1089 θελήμασιν
2961 1013 3443 1087 αὐτοκρατορικῶς
3487 1011 3740 1066 διοικου-

449 1099 714 1162 arbitratu
747 1124 848 1164 suo
875 1118 1118 1181 regatur.
1136 1110 1321 1180 Cujus
1345 1113 1490 1166 enim
1525 1112 1668 1168 alius
1701 1111 1807 1167 lloc
1834 1111 2028 1178 fuerit,

2158 1112 2338 1184 μένην.
2371 1110 2528 1173 Τίνος
2581 1107 2692 1180 γὰρ
2736 1107 2913 1172 τοῦτο,
2942 1108 2990 1160 εἰ
3040 1107 3163 1176 οὐχὶ
3211 1104 3480 1175 βασιλέως
3532 1099 3737 1162 ἐστίνς

449 1197 560 1252 nisi
598 1200 780 1269 regis?
813 1201 1224 1272 Amplectamur
1253 1203 1697 1260 benedictionem
1775 1216 1830 1262 et
1859 1206 2028 1276 fugia-

2161 1202 2561 1272 Ἀγαπήσωμεν
2593 1200 2694 1269 τὴν
2742 1197 3014 1265 εὐλογίαν,
3044 1197 3140 1250 καὶ
3169 1195 3433 1266 φύγωμεν
3461 1193 3561 1264 τήν
3600 1205 3740 1244 κατ-

450 1306 576 1347 mus
613 1293 1078 1350 maledictioncm.
1106 1295 1166 1350 in
1202 1297 1362 1352 nobis
1390 1297 1535 1353 enim
1568 1299 1732 1352 situm
1764 1306 1849 1353 est
1871 1298 2029 1352 alter-

2160 1294 2304 1365 ipav.
2364 1291 2480 1362 Ἐφ’
2525 1293 2658 1362 ἡμῖν
2707 1291 2816 1362 γάρ
2868 1293 3018 1344 ἐστιν
3053 1287 3269 1341 ἑλέσθαι
3307 1285 3431 1339 κατ’
3470 1282 3739 1348 ἐξουσίαν

451 1390 636 1438 utrum
701 1385 928 1456 eligere,
976 1386 1109 1443 illud
1144 1396 1274 1458 puta
1307 1389 1375 1445 ad
1417 1390 1569 1460 quod
1601 1391 1783 1446 animo
1811 1403 2030 1461 promp-

1975 1405 2035 1461 p-
2143 1389 2428 1461 ἑκάτερον,
2457 1387 2593 1459 πρὸς
2621 1385 2760 1456 ὅπερ
2783 1384 2840 1438 ἐν
2866 1386 2933 1455 τῇ
2963 1379 3246 1453 προθυμίᾳ
3275 1377 3551 1447 ρἐωμεν.

448 1471 623 1527 tiores
649 1473 940 1530 fuerimus.

523 1564 895 1634 Chrysosr.—
944 1566 1060 1622 Non
1095 1581 1315 1639 semper
1359 1568 1649 1624 uobiscum
1706 1576 1856 1624 recta
1887 1567 2035 1625 Deus

2211 1569 2286 1626 Οὐ
2317 1569 2497 1624 πάντα
2533 1568 2667 1638 ήμῖν
2701 1564 2760 1631 ἐξ
2792 1563 3008 1627 εὐθείας
3053 1561 3281 1632 ὁμιλεῖὸ
3305 1557 3461 1621 Θεός.
3499 1555 3734 1623 Ἐπειδὴ

446 1657 692 1727 loquitur
726 1675 740 1712 :
774 1672 888 1714 non
914 1659 1068 1730 quod
1097 1659 1158 1714 id
1189 1669 1423 1730 nequeat
1472 1659 1642 1731 (quod
1679 1660 1822 1717 absit
1852 1670 1910 1716 ut
1945 1661 2025 1716 di-

2154 1665 2246 1736 γὰρ
2280 1663 2504 1726 ἑκόντας
2532 1659 2780 1732 βούλεται
2817 1653 2955 1711 εἶναι
2994 1655 3212 1718 καλοὺς,
3253 1652 3313 1706 οὐ
3349 1651 3437 1704 διὰ
3465 1650 3524 1702 τὺ
3555 1645 3733 1701 αὑτοῦ

447 1746 727 1818 camusl),
771 1748 868 1804 sed
921 1749 993 1804 ob
1051 1749 1483 1807 imbecillitatem
1536 1759 1804 1807 nostram.
1845 1750 2026 1807 Potest

2152 1758 2404 1813 Ξιδύνατον
2423 1774 2436 1788 ·
2470 1756 2652 1824 ἄπαγε
2674 1771 2686 1784 ·
2711 1751 2848 1808 ἀλλά
2880 1750 2968 1805 διὰ
2996 1749 3058 1803 τὸ
3091 1746 3318 1808 ἀσθενὲς
3344 1743 3403 1797 τὸ
3426 1741 3731 1813 ἡμέτερον.

444 1839 591 1896 enim
620 1838 737 1909 ipse
772 1840 856 1896 vel
886 1848 1024 1897 nutu
1049 1841 1170 1898 solo
1199 1842 1476 1914 quidquid
1511 1844 1629 1898 vult
1661 1843 1892 1899 efﬁcere.
1918 1843 2023 1902 Nos

2153 1851 2294 1922 ὶύτῷ
2331 1849 2441 1921 γὰρ
2477 1849 2656 1915 ἔξεστι
2686 1846 2874 1901 νεῦσαι
2914 1843 3096 1916 μόνον,
3146 1839 3350 1912 μᾶλλον
3398 1835 3456 1889 δὲ
3491 1833 3732 1902 ποιῆσαι

447 1946 576 1988 vero
605 1947 671 1988 ex
695 1948 806 2004 quo
844 1934 1132 2004 potestatis
1173 1943 1378 1991 nostrae
1438 1942 1605 1991 semet
1647 1937 1990 1993 factisumus
2013 1976 2026 2002 ,

2155 1946 2278 2016 ὶπερ
2315 1944 2381 1998 ἂν
2421 1941 2694 2012 βούλεται.
2735 1939 2932 2010 Ἦμεῒς
2987 1935 3047 1989 δὲ
3097 1932 3247 1996 ἆπαξ
3299 1927 3514 1984 ἑαυτῶν
3565 1923 3734 1993 τενό-

445 2035 553 2074 non
574 2022 925 2078 sustinemus.
942 2023 992 2079 ei
1025 2024 1081 2078 in
1115 2024 1374 2080 erunibus
1405 2029 1614 2080 rnorem
1639 2039 1852 2096 gerere.
1871 2026 2024 2091 Quod

2149 2048 2288 2088 ,ιενοι
2321 2033 2522 2104 κύριοι,
2543 2032 2646 2086 οὐκ
2674 2026 2986 2100 ἀνεχόμεθα
3007 2024 3185 2079 πάντα
3215 2019 3515 2076 ὑπακούειν
3543 2016 3728 2084 αὐτῷ.

444 2112 619 2170 sines
660 2115 867 2172 invitos
901 2115 1181 2183 traheret;
1233 2131 1354 2171 eam
1387 2118 1576 2187 utique
1605 2132 1768 2187 quam
1791 2119 1909 2188 ipse
1935 2117 2023 2174 de-

2148 2125 2272 2180 Ἐὰν
2296 2125 2354 2179 δὲ
2383 2124 2617 2186 ἄκοντας
2657 2118 2886 2189 ἑλκύσῃ,
2915 2118 3054 2189 ὅπερ
3083 2114 3287 2193 ἔδωκεν
3322 2109 3727 2181 ἀφαιρήσεται,

433 2205 528 2262 dit
552 2245 570 2271 ,
608 2207 899 2277 potestatis
936 2207 1242 2263 libertatem
1274 2208 1440 2265 nobis
1473 2209 1729 2280 eriperet.

1425 2224 1440 2265 ς
1473 2209 1729 2280 eriperet.
2129 2219 2232 2290 τὴν
2259 2219 2359 2288 τῆς
2390 2214 2642 2280 ἔξουσίας
2663 2209 3004 2281 ἐλευθερίαν.

514 2297 793 2366 Ejusdem.
825 2329 900 2340 ——
924 2299 1061 2354 Cum
1088 2301 1433 2370 exploratum
1489 2301 1790 2358 habeamus
1815 2341 1828 2367 ,
1880 2302 2028 2374 quod

2202 2311 2437 2374 Εἰόότες,
2468 2308 2551 2360 ὅτι
2585 2305 2682 2360 καὶ
2717 2303 2779 2358 τὸ
2807 2301 3002 2367 θέλειν,
3035 2299 3129 2353 καὶ
3157 2297 3218 2352 τὺ
3237 2295 3455 2368 τρέχειν
3483 2293 3544 2344 ἐν
3580 2291 3730 2362 ἡμῖν

445 2397 498 2444 et
528 2391 699 2458 velle,
729 2399 785 2446 et
810 2406 1036 2449 currere
1078 2394 1245 2449 situm
1295 2395 1367 2450 sit
1396 2395 1452 2449 in
1484 2394 1682 2462 nobis,
1714 2395 1884 2450 Deum
1910 2404 2024 2450 tum

2147 2412 2297 2469 iactv,
2329 2401 2424 2458 καὶ
2460 2401 2547 2454 διὰ
2579 2399 2675 2453 τοῦ
2726 2397 2902 2452 θέλειν
2927 2395 3022 2449 καὶ
3050 2392 3146 2448 τοῦ
3175 2390 3415 2463 τρέχειν,
3449 2387 3544 2440 τὸν
3574 2384 3726 2438 Θεὸν

445 2499 543 2556 per
579 2486 952 2554 voluntatem,
993 2499 1106 2544 tum
1143 2503 1241 2560 per
1262 2503 1488 2544 cursum
1539 2489 1607 2545 ad
1662 2504 1818 2560 Opem
1865 2489 2024 2544 nobis

2144 2491 2574 2562 επισπασώμεθοι
2604 2489 2744 2562 πρὸς
2788 2486 2888 2558 τὴν
2936 2482 3217 2557 ἡμετέραν
3266 2477 3552 2550 βοήθειαν·
3588 2475 3723 2526 ἐπι-

444 2577 722 2634 ferendam
752 2579 1117 2649 pelliciamus.
1153 2581 1325 2649 Quem
1356 2597 1482 2638 cum
1515 2582 1933 2649 attraxer’nnus,
1955 2583 2023 2638 ad

2143 2587 2472 2658 τπασὰμενοι
2521 2583 2578 2637 δὲ
2631 2579 2815 2644 αὑτὸν,
2847 2578 2986 2649 πρὸς
3039 2575 3101 2629 τὸ
3134 2572 3289 2636 τέλος
3337 2569 3542 2641 ἥξομεν
3597 2563 3722 2618 τῶν

444 2676 687 2738 optatum
719 2685 902 2726 rerum
936 2672 1097 2728 ﬁnem
1127 2674 2023 2744 perveniemus.Expergiscamur

2143 2680 2504 2754 [πραγμάτων⁸
2542 2671 2906 2744 διανιστῶμεν
2959 2663 3074 2734 οὖν,
3115 2663 3358 2734 ἀδελφοὶ,
3391 2660 3488 2715 καὶ
3527 2658 3722 2754 πᾶσαν

439 2756 627 2826 igitur,
657 2757 862 2816 fratres
883 2801 898 2826 ,
924 2767 979 2816 et
1012 2762 1213 2817 anima:
1242 2764 1522 2820 salvandae
1551 2779 1720 2819 causa
1752 2764 1892 2820 nihil
1917 2779 2018 2821 non

2138 2751 2367 2842 σπουδὴν
2403 2765 2808 2836 ὲπιδειξώμεθα
2833 2766 2891 2817 ὲν
2907 2765 2981 2833 ,τῇ
3010 2763 3107 2832 τῆς
3132 2758 3313 2829 ψυχῆς
3335 2751 3587 2842 σωτηρίᾳ
3607 2751 3717 2819 τῆς

425 2845 604 2909 ἐι.υᾶἰί
644 2855 1009 2913 adhibeamus
1047 2873 1061 2910 :
1101 2865 1160 2912 ut
1183 2865 1546 2928 posteaquam
1579 2859 1666 2913 hic
1695 2858 2004 2929 aliquantis

2135 2865 2424 2938 ήμετέρας,
2461 2862 2555 2915 ἵνα
2585 2857 2781 2931 μικρὸν
2830 2853 3063 2909 ἐνταῦθα
3124 2841 3714 2938 πονὲσαντες-χράνον,

443 2957 536 3012 per
561 2944 617 3000 in
645 2944 927 3003 laboribus
972 2948 1175 3003 versati
1211 2949 1421 3004 erimus
1447 2987 1464 3013 ,
1501 2948 1555 3002 in
1613 2949 2022 3005 immortalitate

2138 2932 2271 3012 ἐὰτά
2303 2932 2393 3010 τὸν
2421 2954 2615 3023 ἀγήρω
2645 2951 2739 3005 καὶ
2767 2948 3036 3003 ἀθάνατον
3067 2942 3243 2998 αἰῶνα
3280 2937 3389 2993 τῶν
3423 2932 3717 2990 ἀθανάτων

443 3051 542 3092 nec
563 3047 888 3094 senescente
914 3053 1031 3094 aevo
1048 3040 1207 3095 bonis
1268 3040 1673 3097 immortalibus
1719 3043 2018 3112 potiamur.

1268 3040 1673 3097 immortalibus
1719 3043 2018 3112 potiamur.
2128 3048 2536 3117 ἀπολαύσωμεν
2565 3041 2807 3112 ἀγαθῶν.

506 3126 713 3184 Justim'
742 3129 886 3231 Phil.
912 3142 962 3186 et
981 3131 1148 3187 Mart.
1179 3163 1248 3173 --
1274 3133 1411 3187 Cum
1436 3131 1584 3231 Deus
1615 3133 1893 3231 hominem
1913 3134 2021 3187 ini-
2059 3173 2085 3231 ί

2204 3141 2425 3204 ῙῘλάσας
2458 3139 2486 3190 6
2549 3136 2681 3198 Θεὸς
2726 3134 2849 3186 κατ’
2883 3128 3060 3200 ἀρχὰς
3105 3126 3197 3180 τὸν
3235 3121 3536 3231 Ιἄνθρωπον
3561 3161 3578 3186 ,
3609 3119 3717 3231 τῇς

443 3218 516 3274 tio
548 3235 730 3276 rerum
779 3221 1091 3292 eili‘ngeret,
1121 3236 1244 3292 quze
1287 3231 1503 3278 natura:
1532 3222 1710 3293 ipsius
1738 3235 1925 3279 essent
1953 3225 2022 3280 ab

2137 3233 2360 3304 γνώμης
2391 3228 2557 3286 αὐτοῦ
2591 3226 2662 3280 τά
2706 3226 2806 3295 τῆς
2846 3221 3060 3291 φύσεως
3099 3214 3455 3304 ἀπῃὼρησεν,
3489 3208 3716 3304 Evt-aliqu

443 3313 689 3382 ejusdem
733 3322 1005 3386 potestate
1048 3318 1288 3386 pendere
1334 3317 1542 3383 voluit,
1584 3326 1750 3387 atque
1795 3317 2022 3388 periculi

2140 3300 2264 3394 μίαν
2295 3300 2665 3393 ποιησάμενος
2692 3320 2790 3388 τὴν
2852 3315 2940 3369 διὰ
2976 3313 3201 3380 πεῖραν·
3249 3303 3564 3396 φυλάξαντα
3589 3300 3719 3396 Δμὲν

444 3405 681 3462 faciendi
711 3407 890 3478 gratia
920 3423 1092 3463 unum
1124 3409 1174 3464 ei
1207 3407 1529 3465 mandatum
1573 3410 1854 3480 imposuit,
1878 3410 2023 3479 quod

2135 3391 2238 3489 vdp
2265 3391 2634 3486 marimari;
2685 3407 2953 3464 ἀθανάτου
2987 3401 3196 3473 λήξεως
3242 3395 3540 3467 πεποίηκεν
3587 3391 3714 3444 Eas-

442 3497 804 3556 siservasset
839 3499 968 3566 ille,
1020 3501 1350 3557 immortalis
1407 3515 1532 3557 eum
1564 3501 1687 3558 linis
1714 3509 2021 3572 compotem

1591 3502 1687 3558 luis
1714 3509 2024 3572 compotem
2129 3509 2256 3564 σθαι
2273 3523 2287 3538 ·
2320 3503 2647 3577 παραϐάντα
2676 3501 2754 3566 δὲ,
2778 3497 2880 3569 τῆς
2901 3493 3170 3555 ἐναντίας.

443 3589 690 3648 facturus
711 3602 857 3649 esset
891 3610 904 3648 :
938 3593 1024 3649 sin
1063 3593 1325 3650 violasset
1360 3634 1376 3659 ,
1405 3593 1670 3648 contrarii
1703 3607 1953 3662 prorsus.

513 3686 750 3743 Clemen.
793 3685 949 3741 Atax.
984 3696 1121 3742 orat.
1161 3687 1294 3755 Qui:
1331 3653 1473 3742 dives
1516 3653 1805 3742 calcanda:
1833 3689 1924 3742 sit.
1959 3716 2028 3726 —

2210 3685 2336 3739 Ἐπὶ
2360 3681 2440 3754 τῷ
2471 3677 2749 3750 ἀνθρώπῳ
2783 3674 2880 3746 μὲν
2914 3672 3126 3743 αἵρεσις
3159 3669 3237 3730 ὡς
3283 3659 3589 3755 ἐλευθέρῳ·
3616 3653 3717 3755 hri

445 3777 505 3831 In
542 3777 768 3833 homine
791 3778 990 3834 electio
1023 3787 1141 3842 est,
1164 3748 1254 3833 -.ιιι
1282 3778 1458 3834 libero
1487 3795 1500 3831 :
1533 3777 1588 3830 in
1632 3775 1740 3832 Deo
1766 3777 1986 3848 largitio
2009 3815 2024 3842 .

2138 3778 2246 3850 Βεῷ
2276 3779 2311 3849 ἡ
2352 3748 2498 3836 δόσις
2525 3748 2599 3835 ὡς
2637 3767 2860 3840 Κυρίῳ·
2905 3763 3090 3818 δίδωσι
3132 3759 3189 3814 δὲ
3239 3752 3586 3858 βουλομῗνοις
3615 3748 3717 3858 καὶ

443 3868 766 3924 ιιιὰοπιὶηο.
811 3868 1069 3939 Largitur
1106 3871 1252 3926 enim
1298 3870 1366 3926 iis
1396 3870 1490 3941 qui
1518 3869 1751 3933 volunt,
1783 3883 2022 3924 summo-

2136 3843 2641 3942 bnspe‘omw’axdst
2675 3861 2772 3916 καὶ
2800 3856 3101 3926 δεομένοις,
3127 3852 3217 3904 ἵνα
3247 3848 3421 3910 οὕτως
3451 3843 3584 3897 ἴδιον
3609 3843 3715 3942 αὔ·-

443 3974 550 4030 que
605 3958 792 4016 studio
845 3929 1189 4016 contendunt
1245 3967 1332 4014 ct‘
1356 3929 1655 4030 precantur
1689 3929 1845 4029 :quo
1871 3958 2022 4014 salus

2130 3960 2222 4016 τοῦ
2239 3929 2284 4031 ’ἡ
2313 3956 2560 4028 σωτηρία
2592 3954 2840 4023 γένηται.
2875 3948 2952 4001 Οὐ
2996 3937 3442 4039 γὰράναγκάςει
3482 3935 3512 3985 6
3694 3943 3709 3956 '

422 4051 725 4120 peculiare
756 4067 960 4107 munus
1008 4051 1186 4122 ipsius
1214 4051 1307 4107 sit.
1350 4048 1462 4105 Nec
1495 4049 1643 4105 enim
1698 4049 1807 4103 vim
1862 4048 2001 4102 infer

2135 4053 2227 4124 βία
2272 4021 2391 4122 ’γὰρ
2439 4021 2635 4119 ἐάθρδν
2665 4021 2815 4111 θεῷ.
2865 4037 3003 4093 ἀλλὰ
3045 4034 3156 4095 τοῖς
3209 4027 3436 4124 (meo.
3471 4021 3714 4124 πορίζει,

445 4115 586 4197 Deus
617 4141 726 4213 (vis
749 4141 951 4212 quippe
975 4115 1201 4195 inimica
1233 4149 1318 4195 est
1343 4139 1500 4210 Deo),
1529 4139 1626 4195 sed
1649 4135 2024 4208 quaerentibus

2137 4115 2227 4200 irai.
2266 4115 2380 4208 τοῖς
2425 4115 2636 4196 αίτονῦσι
2670 4133 2924 4206 παρέχει,
2963 4127 3195 4192 καὶτοῖς
3232 4120 3524 4194 κρούουσιν
3566 4115 3716 4168 ἀνοί-

444 4232 698 4304 targitur,
765 4231 1126 4305 poscentibus
1219 4230 1460 4302 praebet,
1538 4239 1594 4286 et
1676 4227 2028 4300 pulsantibus
2128 4255 2236 4308 γει,

445 4325 643 4394 aperit.

512 4415 1112 4474 Ibid.—Vol’entibus
1171 4415 1374 4470 animis
1423 4413 1566 4470 Deus
1629 4412 1860 4484 aSpirat.
1927 4410 2024 4466 Sin

2201 4417 2571 4488 Βουλομέναις
2607 4415 2707 4487 μὲν
2737 4415 2765 4467 6
2798 4410 2932 4473 Θεὸς
2963 4409 3086 4470 ταῖς
3132 4403 3331 4474 ψυχαῖς
3366 4392 3711 4490 Gevart-must:

441 4515 626 4564 autem
650 4522 680 4562 a
709 4507 1144 4579 promptitudine
1173 4505 1345 4560 animi
1394 4504 1724 4561 desciverint
1750 4542 1765 4567 ,
1796 4502 2020 4573 spiritus

2132 4515 2195 4568 El
2227 4513 2285 4566 δὲ
2312 4486 2617 4565 ἀποσταῖεν
2647 4506 2744 4576 τῆς
2773 4498 3111 4573 προθυμίας,
3137 4497 3234 4549 καὶ
3262 4491 3322 4546 τὸ
3347 4487 3502 4543 δοθὲν
3532 4486 3711 4538 ὲκτοῧ

441 4617 667 4673 quoque
689 4601 878 4658 divino
905 4600 1176 4657 benelicio
1210 4613 1512 4655 concessus
1545 4595 1918 4653 contrahitur.

1283 4613 1512 4655 nccssus
1545 4595 1918 4653 contrahitur.
2127 4605 2262 4661 Θεοῦ
2287 4601 2508 4672 πνεῦμα
2534 4596 2856 4666 συνεστάλη,

522 4663 839 4748 Eieutlrerii.
873 4721 943 4734 —-
998 4692 1143 4748 Deus
1196 4690 1474 4746 hominem
1531 4688 1763 4745 liberum
1805 4701 2028 4757 suaeque

2211 4663 2506 4764 Ἐποίησεν
2549 4693 2578 4744 6
2610 4690 2746 4752 Θεὸς
2771 4663 2864 4740 τον
2893 4683 3182 4754 ἄνθρωπον
3229 4673 3518 4764 ἐλεύθερον
3545 4680 3569 4708 θ
3616 4663 3713 4764 καί

441 4785 738 4858 potestatis
767 4781 1058 4848 condidit,
1087 4791 1148 4836 ut
1187 4779 1333 4852 quod
1377 4779 1482 4836 sibi
1509 4778 1630 4850 ipse
1679 4792 1778 4848 per
1829 4756 2020 4832 socor-

2135 4756 2503 4851 αὐτεξούσιον,
2533 4784 2621 4836 ἵνα
2673 4779 2702 4834 ὂ
2733 4776 2912 4846 ἐαυτῷ
2943 4774 3202 4842 ἐποίησεν
3235 4767 3303 4822 δι’
3325 4761 3591 4858 ἀμελείας
3617 4756 3714 4810 καὶ

443 4849 593 4933 diam
629 4873 1186 4945 etinobsequentiam
1209 4873 1604 4936 facessiverat,
1649 4869 1754 4925 hoc
1783 4868 1835 4924 ei
1877 4879 2022 4922 nunc

2130 4849 2442 4950 παρααοῆς,
2464 4873 2624 4928 τοῦτο
2651 4867 2803 4939 αὐτῷ
2822 4867 2954 4936 γοῦν
2993 4867 3021 4918 6
3050 4860 3184 4924 Θεδς
3217 4856 3463 4957 Supina:
3500 4849 3591 4904 διὰ
3608 4863 3709 4957 ἰριί

448 4967 599 5022 Deus
646 4983 744 5036 per
803 4966 1198 5037 benignitatem
1227 4975 1281 5021 et
1330 4961 1769 5020 misericordiam
1809 4959 2022 5016 donet.

2135 4947 2486 5039 λανθρωπίας
2530 4967 2624 5020 καὶ
2687 4957 3092 5032 ὲλεημοσύνης,
3136 4947 3530 5039 ὑπακούοντος*
3561 4947 3714 5039 Oli-3‘“?

445 5035 749 5112 dun‘unodo
774 5035 959 5111 homo
979 5056 1084 5124 ipsi
1116 5057 1264 5110 dicto
1293 5057 1644 5112 obedientem
1679 5069 1738 5112 se
1762 5053 2024 5124 praebeat.

2135 5062 2227 5117 τοῦ
2257 5035 2565 5131 ἀνθρώπου,
2603 5056 2876 5126 Καθάπερ
2907 5051 3018 5122 γὰρ
3039 5042 3398 5139 παρακούσας
3501 5035 3714 5139 ἄνθρω-

447 5144 922 5213 Quemadmodum
980 5144 1126 5200 enim
1190 5146 1396 5201 violato
1440 5145 1731 5211 mandato,
1789 5150 2025 5198 mortem

2136 5172 2254 5220 πος,
2306 5153 2538 5208 θάνατον
2580 5148 2762 5218 ἑαυτῷ
2809 5143 3181 5205 ἐπεσπάσατο,
3206 5134 3377 5196 οὕτως
3421 5131 3715 5220 ὑπακουων

449 5240 569 5310 ipse
601 5237 892 5295 accersivit
918 5237 1022 5293 sibi
1050 5255 1065 5304 ;
1090 5237 1172 5295 sic
1205 5239 1410 5295 divina:
1444 5239 1717 5294 voluntati
1747 5238 2028 5308 obtempe-

2136 5247 2209 5316 τῷ
2273 5244 2574 5316 βουλήματι
2625 5241 2720 5295 τοῦ
2759 5237 2918 5303 Θεοῦ,
2969 5235 3194 5289 δύναται
3243 5217 3715 5316 περιποιήσασθαι

451 5307 656 5396 rando,
708 5330 1105 5400 sempiternam
1137 5331 1306 5386 vitam
1363 5341 1543 5402 potest
1593 5331 1849 5403 adipisci.
1883 5307 2030 5387 Deus

2133 5307 2312 5406 ἑαυτῷ
2340 5307 2456 5403 τὴν·
2479 5332 2700 5386 αἰώνιον
2738 5330 2905 5400 ζωήν.
2954 5319 3314 5416 (δέδωκε-γὰρ
3346 5316 3480 5386 ἡμῑν
3521 5307 3712 5416 (ἱρεὺς

450 5424 596 5479 enim
631 5422 797 5494 316
830 5433 1101 5495 praecepta
1124 5432 1315 5481 sancta
1345 5424 1503 5481 nobis
1521 5425 1672 5482 dedit
1697 5467 1711 5492 ,
1737 5440 1858 5497 qum
1875 5426 2026 5497 quis-

2133 5425 2349 5492 ἐντολὰς
2385 5425 2566 5495 ἁγίας,
2601 5425 2668 5490 ἃς
2701 5424 2807 5486 πᾶς
2867 5423 2897 5474 6
2940 5417 3138 5483 ποιῶνἸ
3176 5412 3401 5468 δύναται
3449 5405 3707 5474 σωθῆναι,

1757 5604 1991 5662 VARI/IL
2036 5604 2438 5662 LECTIONES.

529 5733 556 5762 ο
584 5719 666 5779 0b
688 5722 832 5801 hanc
861 5698 1277 5801 vocetnnomen
1311 5723 1613 5794 Ἐλευθέρῳ
1646 5727 1702 5783 in
1729 5727 1972 5801 margine
2001 5727 2124 5786 cod.
2165 5725 2290 5783 Vat.
2336 5723 2644 5796 appositum
2691 5728 2845 5794 puto.
2895 5719 3045 5778 lntcr
3078 5717 3383 5790 scriptorcs
3443 5709 3714 5772 ecelesia'

459 5793 628 5852 sticos
668 5795 852 5853 nullus
890 5793 1245 5878 Eleutherius
1281 5793 1634 5873 memoratur.
1755 5805 1758 5808 ‘
1854 5793 1877 5801 '
2022 5807 2028 5812 '
2105 5805 2111 5809 ‘
2303 5805 2306 5808 '
