3998 6388
381 361 523 435 1113

1706 366 1944 427 SACRA
1980 365 2324 427 PARALLE
2335 368 2444 427 LA.
2487 425 2493 429 _

3507 362 3644 431 1114

379 487 477 538 καὶ
525 481 878 548 ἀναστάσεως
933 481 1114 553 τυχὼν
1148 480 1555 554 κληρονομήσει
1607 483 1708 554 τὴν
1743 480 1956 554 ἀφθαρ-

2067 485 2189 552 quis
2219 480 2558 552 expleverit,
2607 480 2861 536 obtinere
2912 481 3146 536 salutem
3188 487 3406 552 potest,
3435 492 3639 538 etcum

382 575 528 629 σίαν.

461 751 551 805 Ἐν
603 751 688 805 σοὶ
723 751 790 806 ἂν
836 751 923 823 εἴη
973 751 1068 805 καὶ
1102 751 1282 820 φωτὸς
1312 750 1634 820 ἀπολαύειν,
1684 753 1781 808 καὶ
1813 752 1962 824 ζόφῳ

380 840 809 898 συνδιαιτᾶσθαι.
841 843 978 914 Πρὶν
1020 843 1258 915 παρέϐη,
1289 845 1384 898 καὶ
1419 846 1653 916 ήθέτησε
1682 847 1710 898 ὁ
1747 845 1961 916 πρωτόο

377 934 618 999 πλαστος
649 935 957 1006 ἄνθρωπος,
989 935 1246 1008 χειροήθη
1283 933 1430 1008 εἶχεν
1463 939 1640 993 πάντα
1672 937 1741 991 τὰ
1771 938 1957 1009 θηρία,

381 1025 554 1098 μηδὲν
603 1026 768 1080 αὑτὸν
822 1027 1114 1081 ἀδικοῦντα
1165 1029 1468 1094 παντελῶς.
1499 1048 1518 1081 ι
1555 1028 1698 1097 Ἐγὼ
1752 1029 1872 1098 είμὶ
1923 1029 1956 1099 ἡ

379 1115 541 1186 θύρα,
580 1133 598 1166 ι
635 1117 859 1186 εἴρηκεν
890 1119 918 1170 ὁ
952 1117 1176 1189 Κύριος.
1209 1120 1273 1172 Ol
1314 1119 1580 1191 θησαυροὶ
1611 1116 1705 1173 οὖν
1739 1119 1838 1189 τῆς
1868 1136 1958 1172 σο-

379 1207 506 1276 φίας
527 1205 623 1260 καὶ
650 1209 752 1278 τῆς
786 1207 1040 1276 γνώσεως
1071 1208 1219 1263 ἔνδον
1250 1210 1351 1282 τῆς
1381 1209 1553 1281 θύρας
1583 1209 1958 1282 κεκρυμμένοι

377 1297 728 1366 τυγχάνουσι.

448 1411 682 1479 Λέγουσξ
715 1429 863 1476 τινες
895 1414 1024 1484 περὶ
1070 1412 1164 1466 τοῦ
1193 1413 1505 1486 ἀνθρώπου,
1535 1407 1638 1469 ὅσα
1687 1415 1767 1467 δεῖ
1782 1403 1959 1467 ἀὑτὸν

378 1505 605 1575 ποιῆσαι
635 1506 818 1574 ἀγαθά
850 1507 945 1561 καὶ
975 1507 1209 1577 πονηρά.
1251 1507 1444 1560 Πολλοὶ
1474 1503 1565 1561 οὖν
1593 1507 1958 1578 ἐμπίπτοντες

374 1597 466 1650 διὰ
487 1597 583 1651 tot":
612 1598 855 1670 πονηροῦ
887 1601 967 1662 είς
998 1599 1169 1665 κακά,
1191 1599 1471 1668 λέγουσιν’
1502 1600 1642 1654 Οὐαὶ
1669 1599 1746 1671 τῷ
1772 1599 1956 1670 ἄστρῳ

376 1687 545 1741 αὐτοῦ
566 1703 582 1719 ο
615 1689 710 1742 καὶ
749 1689 936 1753 πάλιν,
968 1690 1049 1742 ὅτι
1079 1689 1222 1742 κατά
1250 1690 1311 1742 τὸ
1342 1689 1493 1743 δοτὸν
1520 1689 1957 1761 ἀποθνήσκοὺσιν

374 1777 760 1882 οίάνθρωποι·
807 1779 840 1850 ἢ
895 1782 954 1834 ἐν
1003 1780 1082 1850 τῷ
1129 1780 1382 1852 ποταμῷ,
1419 1781 1538 1850 ἢέν
1586 1781 1862 1853 κρημνῷ,
1917 1782 1952 1850 ἢ
1984 1825 2028 1882 Β

373 1868 668 1940 οίῳδήποτε
706 1872 915 1942 τρόπῳ.
940 1871 1054 1926 Καὶ
1075 1869 1234 1924 τοῦτο
1265 1871 1758 1942 ματαιολογοῦντες
1783 1874 1957 1944 ἀμαρ-

371 1961 650 2016 τάνουσιν.
693 1961 752 2015 Ὀ
775 1963 883 2032 γὰρ
923 1961 1055 2026 Θεὸς
1087 1962 1441 2029 αὐτεξούσιον
1480 1964 1650 2018 ἔδωκε
1688 1963 1787 2035 τήν
1822 1981 1958 2034 προσ

371 2053 586 2123 αἰρεσιν
617 2051 702 2124 ¹τῷ
728 2053 1025 2124 ἀνθρώπῳ,
1053 2054 1148 2106 καὶ
1202 2053 1484 2120 ὑπέδειξεν
1522 2055 1670 2126 αύτῷ
1695 2056 1796 2127 τὴν
1839 2054 1956 2110 ὁδὸν

371 2142 470 2197 τοῦ
497 2144 676 2211 φωτὸς
721 2143 938 2198 καὶτοῦ
976 2147 1222 2210 σκότους.
1259 2145 1332 2200 Τὸ
1363 2147 1554 2218 κέρδος
1594 2149 1691 2202 καὶ
1732 2146 1829 2218 τὴν
1861 2147 1956 2219 ζη-

376 2235 508 2305 μίαν
542 2235 691 2305 λέγει
713 2237 800 2291 διὰ
825 2236 920 2291 τοῦ
949 2239 1230 2310 προφήτου
1255 2239 1482 2293 Ἦσαῖου
1503 2256 1518 2272 °
1553 2260 1571 2292 ι
1594 2241 1721 2296 Ἐὰν
1741 2241 1952 2312 θέλητε,

372 2327 471 2379 καὶ
506 2329 866 2399 εῑσακούσητέ
900 2347 1029 2400 μου,
1059 2329 1127 2384 τά
1157 2329 1342 2398 ἀγαθά
1397 2333 1498 2401 τῆς
1524 2331 1629 2402 γῆς
1671 2333 1914 2402 φάγεσθε
1936 2349 1951 2365 ⁸

370 2418 472 2472 ἐὰν
509 2419 568 2472 δέ
605 2420 683 2492 μὴ
717 2421 931 2493 θέλητε,
963 2421 1099 2493 μηδὲ
1139 2422 1502 2494 εἰσακούσητέ
1555 2440 1680 2494 μου,
1717 2422 1828 2493 ἐγὼ
1855 2425 1956 2479 οὐκ

372 2511 695 2576 ἀναγκάζω.
730 2531 748 2564 ι
783 2514 855 2566 Τὸ
884 2513 993 2586 γὰρ
1041 2515 1100 2580 ἐξ
1148 2515 1398 2586 ἀνάγκης
1431 2515 1718 2586 γινόμενον
1765 2515 1956 2587 κέρδος

371 2601 474 2656 οὐκ
499 2602 633 2672 ἔχει.
676 2602 819 2672 Ἐγὼ
845 2605 1006 2675 ὅρους
1044 2605 1148 2658 οὐκ
1191 2605 1476 2676 ἐπέθηκαο
1519 2606 1620 2660 οὐκ
1653 2605 1816 2672 ἔταξα
1861 2607 1956 2659 ἐπὶ

374 2693 436 2747 σὲ
467 2694 609 2749 καλὰ
642 2695 675 2766 ἢ
706 2697 872 2752 κακά.
913 2697 1070 2751 Ἐπεὶ
1105 2697 1156 2750 sl
1201 2696 1514 2752 ἐνετείλατό
1565 2715 1658 2768 μοι
1703 2698 1885 2767 φόνον,
1918 2698 1954 2769 ἦ

371 2784 635 2855 πορνείαν
691 2784 973 2855 δηλονότι,
1036 2785 1262 2855 ποιῆσαι
1318 2786 1461 2840 αὐτὰ
1515 2779 1695 2856 εἶχον·
1732 2786 1796 2838 τὸ
1846 2785 1956 2857 γάρ

371 2873 762 2946 προστάγματι
802 2873 968 2929 αὑτοῦ
1016 2877 1295 2930 ἀντειπεῖν
1343 2877 1406 2930 οὐ
1455 2875 1703 2931 δυνατόν.
1751 2877 1822 2930 Ἢ
1873 2880 1957 2940 τίς

370 2966 552 3038 κρίνει
592 2984 660 3037 με
685 2968 784 3030 τὰς
831 2967 1054 3031 ἐντολὰς
1105 2966 1275 3023 αὑτοῦ
1304 2967 1617 3040 τηροῦντας
1647 2967 1901 3023 οὐδέποτε
1927 2971 1956 3024 ὁ

369 3057 505 3122 Θεὸς
541 3057 778 3130 θελητής
811 3061 928 3113 ἐστι
963 3059 1134 3114 κακοῦ
1177 3059 1506 3134 ἀνθρώπων.
1542 3062 1623 3116 Τά
1662 3061 1772 3134 γάρ
1830 3080 1955 3117 πει-

2065 587 2094 626 a
2125 582 2300 628 morte
2331 579 2627 630 revocatus
2681 574 2787 628 erit
2824 572 2889 627 ad
2931 573 3103 628 vitam
3203 573 3641 644 iucorruptioms

2065 662 2240 720 haeres
2260 663 2546 720 elIicietur.

2143 753 2280 812 Nili.
2314 788 2387 797 —
2417 757 2476 812 In
2507 766 2560 812 te
2591 756 2832 826 positum
2865 763 2949 812 est
2971 794 2987 820 ,
3020 767 3081 810 ut
3110 757 3195 811 vel
3230 757 3352 811 luce
3387 754 3594 809 fruaris
3620 793 3637 815 .

2062 849 2144 904 vel
2178 850 2231 904 in
2257 849 2500 905 tenebris
2536 849 2792 904 verseris.
2825 849 3376 919 Antequam'primus
3409 849 3572 902 homo
3607 862 3638 900 a

2059 940 2248 995 divino
2277 939 2538 995 mandato
2571 940 2936 1004 recessisset,
2967 939 3116 994 feras
3173 954 3369 995 omnes
3419 939 3639 994 cicures

2061 1030 2296 1086 habebat
2331 1050 2345 1086 :
2382 1045 2484 1086 nec
2519 1030 2822 1101 quidquam
2851 1030 2954 1100 ipsi
2984 1030 3053 1085 ab
3093 1030 3202 1085 illis
3232 1030 3450 1100 injuria
3492 1031 3636 1084 irro-

2057 1121 2306 1192 gabatur.
2375 1140 2392 1174 ι
2458 1120 2570 1192 Ego
2628 1136 2750 1177 sum
2809 1121 3050 1185 ostium,
3117 1139 3136 1173 ι
3184 1120 3320 1174 dicit
3373 1119 3637 1174 Dominus

2059 1212 2245 1281 (Joan.
2281 1228 2373 1277 xv,
2399 1212 2476 1282 9).
2529 1211 2718 1282 Itaque
2747 1213 2989 1268 thesauri
3013 1212 3295 1281 sapientiae
3323 1220 3376 1266 et
3401 1210 3639 1265 scientia:

2058 1304 2202 1360 lutra
2236 1304 2442 1359 osuum
2472 1303 2786 1359 abscondili
2820 1312 2974 1358 sunt.

2129 1417 2372 1474 Eusebii.
2401 1448 2468 1458 —-
2491 1417 2568 1474 De
2594 1419 2818 1474 homine
2840 1458 2854 1480 ,
2890 1417 3139 1473 nonnulli
3163 1425 3292 1472 sunt
3321 1415 3412 1486 qui
3437 1417 3633 1486 praedi-

2056 1519 2185 1566 cant
2214 1510 2484 1581 quidquid
2515 1510 2768 1566 facturus
2798 1511 2872 1566 sit
2901 1509 3032 1564 boni
3069 1511 3154 1564 vel
3181 1509 3334 1564 mali.
3365 1507 3636 1573 Quocirca

2057 1601 2218 1656 multi
2252 1601 2522 1656 instinctu
2555 1600 2685 1654 mali
2719 1601 2885 1670 genii,
2911 1617 3036 1656 cum
3059 1601 3114 1654 in
3143 1600 3285 1653 mala
3321 1581 3641 1664 inciderint,

2057 1690 2241 1746 dicent
2265 1705 2280 1744 :
2316 1689 2407 1744 Va:
2433 1691 2608 1761 ipsius
2630 1700 2812 1759 astro;
2847 1705 2912 1744 ac
2933 1706 3128 1747 rursus
3148 1730 3162 1753 ,
3191 1689 3340 1759 quod
3366 1688 3478 1742 fato
3497 1704 3636 1758 quo-

2056 1780 2182 1834 dam
2204 1781 2458 1837 homines
2507 1781 2825 1844 intereant,
2857 1783 2975 1838 sive
3023 1781 3230 1848 ﬂuvio,
3270 1783 3354 1836 vel
3386 1781 3637 1852 praecipi-

2056 1873 2135 1928 tio
2161 1915 2176 1940 ,
2201 1873 2287 1930 vel
2315 1889 2654 1944 quocunque
2677 1875 2898 1932 tandem
2937 1876 3048 1930 alio
3080 1875 3263 1930 modo.
3296 1875 3367 1928 At
3399 1875 3513 1928 haec
3537 1889 3639 1927 nu-

2056 1963 2267 2033 gacitas
2293 1973 2522 2034 peccato
2555 1980 2669 2021 non
2693 1974 2868 2023 caret.
2913 1963 3048 2021 Nam
3078 1966 3223 2022 Deus
3268 1965 3475 2020 homini
3497 1963 3636 2018 libe-

2054 2068 2174 2109 ram
2231 2055 2558 2112 electionem
2622 2058 2804 2123 dedit,
2859 2059 3112 2128 lucisque
3167 2065 3222 2114 et
3279 2056 3636 2112 tenebrarum

2053 2145 2198 2202 viam
2221 2148 2468 2204 ostendit
2500 2149 2573 2205 ei.
2609 2149 2686 2206 Ac
2706 2150 2925 2205 lucrum
2953 2159 3007 2205 et
3030 2150 3290 2204 damnum
3321 2165 3417 2219 per
3439 2148 3636 2204 lsaiam

2055 2235 2379 2305 prophetam
2414 2237 2501 2292 his
2532 2237 2718 2293 verbis
2777 2237 3081 2292 iudicatu
3144 2237 3200 2290 Si
3247 2237 3536 2292 volueritis
3583 2245 3637 2290 et

2055 2327 2378 2394 audieritis,
2410 2329 2552 2384 bona
2591 2339 2754 2384 terrae
2795 2328 3099 2384 comedetis
3135 2349 3146 2383 :
3181 2327 3266 2382 sin
3314 2335 3495 2382 autem
3535 2340 3637 2381 no-

2055 2416 2275 2473 lueritis
2301 2455 2316 2483 ,
2347 2431 2446 2474 nec
2479 2418 2770 2474 audieritis
2801 2433 2924 2486 me,
2965 2419 3116 2474 nulla
3161 2433 3260 2474 vos
3307 2417 3638 2473 necessitate

2055 2508 2376 2578 constringo
2414 2508 2552 2580 (Isa.
2588 2526 2646 2576 ι,
2682 2509 2908 2579 19,20).
2949 2529 2969 2564 ι
3010 2510 3144 2565 Nam
3174 2509 3322 2580 quod
3365 2509 3416 2564 vi
3447 2523 3512 2563 ae
3543 2522 3641 2562 ne-

2055 2599 2315 2655 cessitate
2346 2600 2404 2655 lit
2424 2639 2440 2664 ,
2472 2600 2716 2658 fructum
2747 2617 2860 2657 non
2897 2603 3079 2657 habet.
3111 2601 3224 2673 Ego
3253 2601 3474 2656 decreta
3525 2613 3636 2654 non

2055 2691 2295 2760 imposui
2327 2708 2342 2746 :
2372 2691 2512 2746 bona
2545 2701 2641 2747 aut
2680 2694 2823 2747 mala
2859 2693 2955 2746 tibi
2983 2707 3090 2746 non
3129 2691 3460 2761 prrescripsi.
3485 2691 3637 2744 Alio-

2055 2785 2152 2856 qui
2178 2784 2324 2840 enim
2361 2785 2410 2840 si
2436 2783 2569 2840 milii
2593 2782 2800 2839 caulem
2831 2790 2926 2837 aut
2975 2792 3229 2850 stuprum
3266 2780 3637 2849 imperasset,

2055 2894 2119 2935 ea
2150 2877 2480 2934 necessitate
2516 2886 2937 2948 perpetrassem.
2960 2875 3138 2946 Ipsius
3165 2873 3311 2928 enim
3337 2871 3512 2940 jussis
3545 2885 3636 2928 re-

2055 2969 2252 3026 luctari
2284 2983 2446 3024 nemo
2477 2976 2678 3039 potest.
2701 2967 2814 3022 Cur
2842 2981 2974 3021 vero
3009 2979 3094 3018 me
3139 2961 3416 3032 supplicio
3440 2960 3639 3014 multa-

2054 3071 2140 3117 ret
2178 3059 2457 3116 mandatis
2512 3059 2915 3144 obsequentem
2964 3054 3128 3110 suis?
3181 3067 3462 3122 nunquam
3505 3066 3638 3106 sane

371 3151 610 3224 ρατήρια
636 3151 707 3206 τά
736 3153 1084 3224 ἐπερχόμενα
1120 3153 1230 3207 τῶν
1270 3153 1596 3225 ἀνθρώπων,
1633 3157 1696 3210 ἐκ
1722 3155 1818 3208 τοῦ
1860 3174 1955 3210 πο-

2067 3154 2342 3208 liominum
2369 3151 2570 3207 malum
2605 3151 2750 3205 Deus
2804 3149 2940 3204 vult.
2967 3145 3105 3200 Nam
3145 3146 3478 3200 tcntationes
3517 3158 3638 3213 qua

367 3243 539 3314 νηροῦ
586 3245 756 3307 εἰσιν,
814 3244 912 3298 τοῦ
969 3245 1298 3299 Ἀποστόλου
1351 3246 1637 3315 λέγοντοςο
1691 3265 1710 3300 t
1743 3248 1954 3320 Μηδεὶς

368 3335 768 3407 πειραζόμενος
792 3335 1020 3406 λεγέτω,
1043 3337 1127 3391 ὅτι
1164 3338 1298 3392 Ἀπὸ
1326 3338 1464 3393 Θεοῦ
1497 3339 1858 3411 πειράζομαι.
1895 3340 1953 3394 Ὀ

366 3425 480 3496 γάρ
511 3424 647 3488 Θεὸς
672 3426 1009 3496 ἀπείραστός
1030 3427 1148 3480 ἐστι
1175 3426 1364 3482 κακῶν
1384 3443 1399 3458 °
1428 3429 1678 3499 πειράζει
1705 3429 1764 3482 δὲ
1789 3427 1955 3492 αὐτὸς

365 3516 580 3572 οὐδένα.
610 3516 882 3580 Ἕκαστος
912 3515 972 3568 δὲ
1000 3516 1323 3586 πειράζεται
1375 3516 1482 3570 ὑπὸ
1517 3517 1616 3586 τῆς
1662 3517 1799 3579 ἰδίας
1833 3518 1954 3570 ἐπι-

367 3604 593 3676 θυμίας.
628 3630 647 3660 ι
688 3606 814 3660 Ἐἀν
836 3606 894 3660 δὲ
924 3610 1086 3680 ποιῇς
1113 3607 1342 3677 ἀγαθὸν,
1373 3611 1439 3680 τῇ
1474 3607 1569 3662 τοῦ
1599 3607 1734 3662 Θεοῦ
1765 3608 1953 3678 φιλαν-

366 3694 592 3766 θρωπίᾳ
615 3695 926 3766 ἐπίγραψον
946 3711 960 3727 ο
996 3698 1090 3752 ἐὰν
1113 3699 1169 3753 δὲ
1201 3698 1460 3771 πονηρὸν,
1489 3701 1557 3771 τῇ
1579 3697 1676 3752 τοῦ
1701 3699 1952 3754 διαὸόλου

366 3786 608 3858 πονηρίᾳ
640 3787 967 3860 ἐπίγραψον.

367 4009 557 4082 ΤΙΤΛ.
591 4008 650 4066 1'.
680 4041 752 4053 --
781 4012 922 4082 Περὶ
949 4010 1056 4079 τῆς
1081 4012 1348 4082 ἀστάτου
1389 4013 1488 4066 καὶ
1521 4013 1797 4069 ἀϐεϐαίου
1833 4015 1955 4069 τῶν

439 4081 836 4152 ἀνθρωπίνων
866 4081 869 4152 ξ
899 4081 1258 4152 πραγμάτων
1318 4083 1749 4149 καταστάσεως
1769 4102 1784 4116 ο
1852 4086 1953 4140 καὶ

438 4153 558 4204 τινι
602 4151 804 4206 ἔοικεν
835 4151 1173 4220 ἄνθρωπος,
1208 4152 1307 4206 καὶ
1352 4155 1384 4206 ό
1411 4153 1553 4219 βίος
1600 4154 1819 4207 αὐτοῦ’
1849 4156 1951 4209 καὶ

439 4219 531 4274 ὅτι
575 4221 798 4288 μάταια
855 4221 927 4276 τὰ
957 4224 1271 4299 ⁸παρόντα,
1318 4222 1417 4276 καὶ
1467 4220 1650 4288 σκιᾶς
1701 4223 1954 4293 ἀδρανέ-
2040 4283 2045 4291 ,

441 4306 650 4358 crepa.

447 4420 466 4453 ι
498 4401 841 4473 Προσήλυτοι
881 4401 976 4454 κοιλ⁸
1030 4402 1287 4474 πάροικοι
1316 4402 1477 4474 ὑμεῖς
1522 4405 1646 4459 ἐστε
1703 4406 1952 4462 ἐναντίον

371 4511 499 4566 μου.
535 4513 554 4546 ι

445 4605 465 4637 ι
504 4583 767 4657 Πάροικοί
797 4583 970 4655 ἐσμεν
1000 4583 1241 4640 ἐναντίον
1274 4603 1392 4656 σου,
1415 4588 1508 4641 καὶ
1543 4591 1947 4655 κατοικοῦντες,

369 4676 447 4739 ὡς
480 4675 682 4741 πάντες
737 4677 788 4730 οἱ
822 4677 1060 4749 πατέρες
1103 4677 1287 4749 ἡμῶν.
1341 4677 1429 4742 Ὧς
1467 4681 1597 4735 σκιά
1643 4681 1701 4734 αἱ
1746 4681 1952 4752 ήμέραι

369 4769 530 4840 ήμῶν
553 4769 646 4821 ἐπὶ
671 4769 772 4840 τῆς
792 4768 922 4839 γῆς,
959 4788 978 4822 ι

445 4877 465 4910 ι
496 4859 711 4931 Γυμνὸς
769 4859 994 4930 ἐξῆλθον
1047 4861 1112 4914 ἐκ
1163 4860 1374 4925 κοιλίας
1417 4865 1517 4934 τῆς
1556 4869 1762 4936 μητρός
1815 4882 1948 4935 μου,

369 4951 579 5020 γυμνὸς
632 4951 729 5004 καὶ
773 4950 1153 5022 ἀπελεύσομαι
1195 4951 1334 5007 ἐκεῖ.
1371 4953 1430 5006 '0
1472 4953 1588 5023 βίος
1640 4972 1744 5025 μου
1804 4955 1953 5009 ἐστὶν

369 5040 735 5114 ἐλαφρότερος
765 5042 980 5105 λαλιᾶς.
1008 5062 1027 5095 ι

448 5150 468 5184 ι
497 5132 636 5189 Σκιά
659 5133 810 5187 ἐστιν
838 5133 866 5186 ὁ
895 5131 1010 5204 βίος
1033 5133 1191 5205 ήμῶν
1218 5134 1313 5187 ἐπὶ
1338 5134 1438 5205 τῆς
1467 5138 1592 5206 γῆς.
1623 5153 1642 5188 ι

448 5325 467 5359 t
510 5307 712 5380 Βροτὸς
763 5309 994 5379 γενητὸς
1047 5309 1148 5381 τῆς
1188 5310 1472 5378 γυναικὸς,
1524 5312 1812 5382 ὀλιγόόιος,
1853 5317 1953 5371 καὶ

372 5397 587 5471 πλήρης
612 5399 804 5471 ὀργῆς.
835 5402 906 5454 Ἢ
930 5400 1124 5472 ὥσπερ
1175 5401 1336 5465 ἄνθος
1371 5402 1618 5472 ἀνθῆσαν
1650 5405 1908 5472 ἐξέπεσεν
1932 5427 1947 5440 ·

371 5491 585 5562 ἀπέδρα
604 5491 662 5546 δὲ
691 5491 882 5566 ὥσπερ
915 5493 1064 5562 σκιὰ,
1091 5493 1190 5548 καὶ
1212 5491 1274 5548 οὐ
1311 5493 1385 5564 μὴ
1411 5497 1534 5567 στῇ.
1571 5514 1592 5548 ι

447 5689 465 5721 ι
502 5671 828 5744 Ἀνθρωπος
876 5675 1105 5746 σαπρία,
1141 5673 1234 5730 καὶ
1289 5674 1405 5741 υίὸς
1441 5673 1753 5750 ἀνθρώπου,
1810 5679 1944 5735 σκώ-

373 5758 495 5834 ληξ.
531 5781 549 5814 ›

2054 3245 2375 3302 hominibus
2408 3243 2672 3300 accidunt
2701 3281 2717 3306 ,
2773 3256 2801 3294 a
2852 3239 3074 3293 diabolo
3117 3237 3451 3292 excitantur.
3512 3235 3640 3290 llaec

2055 3336 2332 3405 siquidem
2403 3334 2655 3405 Apostoli
2721 3332 2888 3388 verba
2960 3338 3090 3387 sunt
3139 3328 3311 3396 (Jac.
3371 3347 3424 3394 ι,
3475 3329 3636 3396 15);

2059 3446 2080 3482 α
2121 3425 2294 3482 Nemo
2319 3441 2446 3483 cum
2490 3433 2752 3488 tentatur,
2776 3422 2963 3486 dicat,
2991 3425 3119 3492 quia
3153 3436 3180 3473 a
3215 3421 3325 3476 Deo
3368 3425 3636 3473 tentatur.

2054 3517 2201 3574 Deus
2218 3517 2365 3574 enim
2393 3516 2701 3571 intentator
2717 3514 2988 3568 malorum
3014 3521 3100 3568 est
3133 3531 3146 3567 :
3174 3512 3292 3582 ipse
3326 3518 3511 3564 autem
3543 3525 3640 3565 ne-

2054 3609 2261 3664 minem
2298 3615 2492 3662 tentat.
2528 3606 2927 3675 Unusquisque
2961 3619 3093 3659 vero
3143 3610 3388 3658 tentatur
3438 3617 3468 3655 a
3509 3615 3639 3670 pro-

2052 3701 2172 3771 pria
2206 3699 2656 3769 concupiscentia
2685 3695 2902 3766 (Jac.i,
2936 3696 3023 3760 l5,
3059 3694 3180 3766 ll).
3221 3712 3238 3746 ι
3265 3691 3423 3758 Quod
3441 3694 3485 3746 si
3507 3689 3638 3761 quid

2053 3791 2172 3862 agis
2236 3790 2408 3858 boni,
2479 3788 2534 3844 id
2595 3789 2690 3845 Dei
2742 3787 3066 3858 benignitati
3121 3785 3301 3841 tribue
3353 3803 3367 3838 :
3427 3783 3472 3839 si
3507 3782 3638 3853 quid

2054 3879 2182 3933 mali
2210 3920 2225 3946 ,
2258 3879 2362 3934 hoc
2395 3877 2616 3934 ascribe
2640 3877 2844 3933 diaboli
2879 3875 3253 3948 perversitati.

2053 4013 2189 4068 TlT.
2225 4012 2294 4066 Χ.
2316 4012 2475 4066 ——De
2503 4012 2740 4066 instabili
2763 4027 2937 4066 rerum
2967 4011 3320 4064 humanarum
3344 4017 3488 4063 statu
3515 4024 3532 4061 :
3568 4006 3638 4061 Et

2125 4084 2220 4137 cui
2253 4083 2446 4137 similis
2464 4085 2533 4136 sit
2553 4083 2706 4136 homo
2743 4092 2792 4135 et
2823 4082 2932 4134 vila
2976 4082 3179 4146 ipsius;
3222 4079 3461 4150 quodque
3502 4095 3637 4133 rana

2124 4153 2408 4222 prwsentia
2432 4153 2540 4206 sint
2568 4192 2583 4220 ,
2610 4161 2659 4207 et
2689 4152 2879 4205 umbra
2918 4151 3292 4205 imbecilliora.

2126 4399 2288 4455 Levit.
2323 4416 2448 4468 xxv,
2473 4400 2564 4454 2'5.
2600 4429 2669 4439 —
2729 4418 2746 4451 t
2797 4399 3045 4469 Adventu:
3071 4407 3124 4456 et
3194 4393 3468 4467 peregrini
3499 4394 3636 4450 estis

1981 4511 2024 4567 ι)
2053 4506 2244 4546 coram
2281 4507 2388 4547 me.
2426 4511 2443 4543 Ι

2129 4582 2160 4636 1
2191 4582 2381 4636 Paral.
2404 4597 2556 4646 XXIX,
2585 4582 2676 4636 25.
2712 4607 2778 4621 -
2818 4599 2838 4632 ι
2883 4579 3163 4651 Peregrini
3223 4590 3415 4633 sumus
3448 4589 3634 4629 coram

2055 4679 2108 4728 te
2140 4680 2196 4728 et
2254 4673 2504 4740 advena,
2563 4672 2710 4727 sicut
2775 4686 2968 4725 omnes
3035 4680 3220 4740 patres
3273 4667 3472 4723 nostri.
3507 4665 3634 4720 Dies

2052 4763 2228 4819 nostri
2259 4764 2402 4820 sicut
2427 4764 2624 4818 umbra
2655 4779 2822 4834 super
2851 4771 3075 4818 terram.
3103 4781 3122 4812 ι

2122 4854 2250 4910 Job.
2293 4872 2346 4918 ι,
2378 4855 2467 4909 21.
2492 4883 2562 4896 --
2589 4872 2609 4906 ι
2646 4853 2839 4910 Nudus
2877 4868 3135 4925 egressus
3192 4866 3313 4908 sum
3363 4850 3431 4904 de
3475 4857 3636 4903 utero

2053 4945 2252 5000 matris
2283 4960 2456 5010 mea},
2489 4955 2548 5001 et
2611 4945 2794 5002 nudus
2824 4951 3074 5001 revertar
3127 4943 3282 4998 illuc.
3340 4940 3462 4996 Vita
3513 4956 3634 4995 mea

2055 5038 2297 5094 velocior
2336 5048 2423 5093 est
2445 5038 2742 5094 locutione.
2785 5057 2806 5091 ι

2123 5129 2228 5184 Job
2289 5145 2425 5198 vm,
2477 5132 2532 5186 9.
2584 5148 2701 5183 -ι
2769 5128 2978 5186 Umbra
3029 5135 3116 5185 est
3171 5127 3286 5184 vita
3338 5134 3526 5183 nostra
3577 5125 3634 5180 in

2053 5230 2226 5276 terra.
2269 5239 2289 5273 ι

2110 5235 2226 5275 rra.
2269 5239 2289 5273 ι

2076 5235 2226 5368 eJob
2291 5314 2486 5378 x1v,l,
2521 5313 2674 5370 2.-
2719 5331 2739 5364 ι
2805 5309 2985 5367 Homo
3034 5318 3196 5366 natus
3245 5311 3314 5366 de
3365 5308 3632 5373 muliere,

2053 5395 2206 5462 brevi
2237 5405 2430 5461 vivens
2467 5414 2750 5476 tempore,
2804 5405 3048 5475 repletur
3088 5401 3495 5474 indignatione.
3526 5398 3636 5454 Aut

2054 5498 2212 5568 quasi
2245 5496 2346 5554 llos
2371 5497 2466 5568 qui
2499 5499 2719 5564 ﬂoruit,
2752 5498 2995 5566 excidit,
3055 5504 3112 5554 et
3158 5496 3298 5565 fugit
3323 5494 3473 5550 velut
3512 5506 3635 5547 um-

2054 5589 2175 5654 bra,
2199 5597 2250 5643 et
2276 5603 2560 5659 nunquam
2591 5599 2736 5645 stat.
2765 5609 2784 5642 ι

2121 5678 2224 5734 .Iob
2277 5696 2402 5746 xxv,
2429 5681 2481 5737 6.
2515 5709 2586 5726 --
2612 5701 2630 5736 ‹
2676 5680 2848 5740 llomo
2878 5680 3145 5754 putredo,
3180 5688 3235 5738 et
3285 5678 3432 5737 ﬁlius
3456 5673 3634 5735 homi-

2057 5787 2137 5829 lllS
2178 5788 2386 5830 VCl‘mlS.
2428 5792 2446 5826 I
