3998 6444
367 400 495 468 lll';

1684 396 1923 459 SACRA
1954 390 2402 457 PARALLELA

3485 396 3620 465 1H8

382 490 409 509 ’
437 530 456 563 ι
479 513 638 566 Πᾶσα
694 512 831 585 σὰρξ
882 513 960 579 ὡς
1008 511 1222 585 ἱμάτιον
1260 507 1607 585 παλαιοῦται,
1635 508 1712 569 ὡς
1744 506 1942 575 φύλλον

2114 502 2293 557 Eccle.
2334 517 2457 566 xw,
2493 500 2581 556 {8.
2612 530 2681 541 —-
2712 520 2729 554 ι
2759 498 2953 557 Omnis
2997 514 3128 557 caro
3162 506 3422 572 tanquam
3452 462 3621 562 vesti:-

362 605 553 661 θᾶλλον
579 605 673 659 ἐπὶ
698 604 918 678 δένδρου
943 606 1157 670 δασέος,
1184 603 1255 658 τὰ
1286 603 1389 675 μὲν
1420 598 1773 666 καταϐάλλει,
1803 599 1939 656 ἄλλα

353 697 414 756 δὲ
438 698 587 768 φύει.
654 696 845 763 οὕτως
863 695 1028 768 γενεά
1051 697 1257 770 σαρκὸς
1283 696 1378 750 καὶ
1402 695 1711 777 αἵματος..)

431 893 454 928 ι
491 873 805 946 ’Ἄνθρωποι
832 876 1054 940 πάντες,
1079 875 1150 946 γῆ
1175 875 1270 929 καὶ
1305 875 1519 941 σποδός.
1563 894 1585 928 ι

436 985 457 1021 ι
489 965 643 1024 Ξένοι
666 967 760 1022 καὶ
788 966 1161 1040 παρεπιδημοὶ
1188 968 1354 1039 ἐσμεν
1382 968 1474 1022 ἐπὶ
1497 967 1622 1039 γῆς.
1660 985 1680 1021 ι

436 1163 459 1201 ι
504 1142 764 1221 Ἀριθμὸς
789 1145 1016 1221 ἡμερῶν
1041 1138 1357 1218 ἀνθρώπου,
1388 1149 1558 1205 πολλά
1581 1149 1675 1220 ἐτη
1702 1150 1898 1204 ἑκατόν
1920 1161 1940 1184 ο

360 1240 437 1303 ὡς
467 1241 684 1309 σταγὼν
716 1241 905 1305 ὓδατος
933 1242 1041 1296 ἀπὸ
1069 1241 1367 1311 θαλάσσης,
1394 1242 1491 1296 καὶ
1516 1240 1696 1312 ψῆφος
1729 1239 1941 1312 ἄμμου,

356 1329 532 1397 οὕτως
557 1332 715 1402 ὀλίγα
739 1332 832 1405 ἐτη
851 1334 910 1387 ἐν
936 1333 1175 1405 ἡμέραις
1204 1333 1419 1396 αἰῶνος.
1458 1351 1479 1386 ι

437 1525 459 1559 ι
489 1505 656 1562 Ούδέν
708 1507 1113 1579 εἰσηνέγκαμεν
1165 1508 1247 1572 εἰς
1281 1506 1375 1562 τὸν
1425 1507 1653 1579 κόσμον,
1675 1506 1837 1588 δῇλον
1859 1509 1943 1564 ὅτι

360 1600 516 1655 οὐδὲν
544 1599 853 1671 ἐξενεγκεῖν
877 1600 1174 1672 δυνάμεθα.
1215 1619 1239 1654 ι

439 1801 458 1835 ι
498 1778 636 1836 Ποία
661 1780 774 1852 ζωὴ
797 1780 955 1850 ἡμῶν
989 1783 1139 1836 ἐστιν
1167 1798 1183 1848 ;
1209 1782 1359 1852 ἀτμὴ
1389 1780 1497 1852 γάρ
1521 1781 1669 1835 ἐστιν
1714 1783 1749 1852 ἡ
1807 1780 1944 1851 πρὸς

284 1893 301 1901 κ
360 1874 542 1944 ὀλίγον
575 1875 899 1945 φαινομένη,
924 1873 1121 1928 ἔπειτα
1149 1874 1246 1928 καὶ
1266 1872 1668 1943 ἀφανιζομένη.
1710 1891 1732 1925 ι

440 1966 593 2031 Ὀδὸς
617 1967 647 2020 ὁ
673 1963 787 2038 βίος
814 1965 1032 2036 εἴρηται
1056 1966 1145 2018 διὰ
1164 1965 1265 2035 τὴν
1290 1964 1428 2035 πρὸς
1454 1964 1517 2017 τὸ
1533 1963 1689 2028 τέλος
1718 1962 1952 2017 ἑκάστου

358 2056 469 2112 τῶν
509 2056 883 2128 γεννηθέντων
931 2054 1157 2119 ἔπειξιν.
1212 2054 1428 2124 ’Ὠσπερ
1474 2052 1583 2124 γάρ
1629 2055 1680 2106 οἱ
1732 2052 1792 2105 ἐν
1837 2053 1951 2114 τοῖς

358 2148 568 2212 πλοίοις
588 2146 966 2213 καθεύδοντες,
995 2148 1320 2216 αὐτομάτως
1346 2147 1456 2200 ὑπὸ
1504 2145 1601 2200 τοῦ
1641 2145 1953 2216 πνεύματος

358 2241 454 2293 ἐπὶ
501 2240 728 2311 λιμένας
768 2239 1039 2304 ἕλκονται,
1099 2238 1201 2293 κᾶν
1227 2239 1381 2292 αὐτοὶ
1418 2238 1493 2309 μὴ
1534 2237 1895 2292 αἰσθάνωνται
1934 2252 1947 2265 '

358 2330 479 2383 ἀλλ’
520 2331 550 2382 ό
613 2330 813 2400 δρόμος
863 2330 1036 2400 αὐτῆς
1095 2330 1232 2400 πρὸς
1253 2329 1491 2392 τὸτέλος
1512 2328 1727 2397 ἐπείγει
1763 2344 1778 2359 ·
1805 2326 1950 2381 οὕτω

360 2422 460 2474 καὶ
487 2422 670 2490 ἡμεῖς,
698 2422 794 2474 τοῦ
829 2422 1026 2493 χρόνου
1070 2422 1171 2491 τῆς
1202 2420 1349 2497 ζωῆς
1401 2419 1563 2490 ἡμῶν
1608 2421 1951 2491 παραρρέον-

360 2530 473 2577 τος,
500 2508 611 2566 οἷόν
641 2529 748 2565 τινι
776 2514 990 2584 κινήσει
1015 2515 1232 2584 συνεχεῖ
1253 2514 1349 2566 καὶ
1392 2512 1658 2581 ἀπαύστῳ
1706 2511 1843 2584 πρὸς
1888 2510 1950 2564 τὸ

359 2606 565 2658 οἰκεῖον
588 2605 819 2668 ἕκαστος
846 2606 905 2657 τὸ
944 2606 1119 2676 πέρας
1161 2605 1239 2674 τῷ
1276 2603 1591 2659 λανθάνοντι
1623 2603 1810 2673 δρόμῳ
1850 2601 1951 2670 τῆς

362 2692 514 2763 ζωῆς
553 2694 711 2765 ἡμῶν
731 2689 1367 2764 κατεπειγόμεθα..οἷον
1406 2694 1727 2758 καθεύδεις;
1787 2692 1884 2747 καὶ
1920 2695 1950 2746 ό

359 2785 553 2856 χρόνος
602 2801 661 2838 σε
714 2770 1076 2855 παρα-τρέχει.
1121 2786 1489 2856 Ἐγρήγορας,
1521 2787 1618 2840 καὶ
1641 2785 1872 2855 ἄσχολος
1899 2780 1953 2838 εἶ

357 2876 461 2948 τὴν
488 2877 727 2932 διάνοιαν
753 2892 767 2940 ;
790 2876 905 2930 ἀλλ’
926 2878 1076 2947 ὅμως
1101 2879 1134 2948 ἡ
1162 2877 1277 2948 ζωὴ
1324 2878 1651 2944 δαπανᾶται,
1698 2876 1804 2931 κᾶν
1847 2877 1948 2947 τὴν

359 2967 618 3039 αἴσθησιν
643 2967 936 3041 διαφεύγῃ.
968 2968 1167 3040 Δρόμῳ
1206 2965 1299 3022 οὖν
1339 2969 1613 3040 τρέχομεν
1649 2969 1849 3030 πάντες
1896 2968 1948 3021 οἱ

355 3055 661 3129 ἄνθρωποι,
692 3056 830 3128 πρὸς
861 3057 923 3110 τὸ
944 3057 1144 3111 οἰκεῖον
1177 3057 1328 3117 τέλος
1360 3057 1591 3117 ἕκαστος
1623 3055 1950 3123 κατεπειγό-

360 3161 540 3216 μενοι.
573 3146 673 3200 Διά
698 3144 865 3198 τοῦτο
893 3144 1092 3210 πάντες
1119 3146 1173 3199 οἱ
1196 3146 1477 3217 ἄνθρωποί
1500 3146 1668 3216 ἐσμεν
1696 3147 1756 3199 ἐν
1795 3142 1901 3213 όδῷ
1928 3160 1942 3175 ⁸

357 3237 456 3289 καὶ
485 3235 627 3290 οὕτω
657 3236 700 3289 δ’
725 3236 791 3290 ἂν
812 3236 997 3300 λάϐοις
1017 3238 1116 3306 τῆς
1136 3236 1256 3291 όδοῦ
1296 3238 1397 3308 τὴν
1444 3236 1676 3302 ἔννοιαν,
1731 3236 1947 3290 ὁδοιπό-

360 3310 457 3397 ρος
505 3327 817 3398 ἐφέστηκας
865 3327 944 3396 τῷ
1001 3326 1101 3398 βίῳ
1149 3326 1362 3398 τούτῳ·
1423 3328 1603 3381 πάντα
1654 3326 1947 3398 παρέΡΧῖΓ

358 3418 539 3474 πάντα
571 3419 801 3474 κατόπιν
830 3437 915 3472 σοι
945 3420 1182 3487 γίνεται.
1221 3416 1379 3482 Εἶδες
1404 3419 1496 3472 ἐπὶ
1531 3420 1631 3488 τῆς
1681 3417 1805 3473 ὁδοῦ
1843 3436 1949 3489 φυ-

350 3508 477 3574 τὸν,
519 3509 553 3580 ἢ
598 3510 776 3591 ηπόαν,
836 3510 869 3581 ἣ
930 3510 958 3562 ὃ
982 3526 1032 3563 τι
1057 3508 1122 3563 ἂν
1146 3509 1282 3581 τύχῃ
1311 3510 1419 3562 τῶν
1449 3506 1616 3573 ἀξίων
1642 3507 1948 3578 θεάματος;

342 3601 560 3673 μικρὸν
581 3601 873 3673 ἐτέρφθης,
898 3595 1019 3654 εἷτα
1048 3601 1427 3673 παρέδραμες.
1482 3601 1651 3655 Πάλιν
1697 3599 1950 3669 ἐνέτυχες

355 3693 547 3759 λίθοις,
578 3692 676 3748 καὶ
705 3692 1001 3761 φάραγξιν,
1017 3692 1113 3745 καὶ
1151 3694 1441 3763 κρημνοῖς,
1491 3692 1590 3746 καὶ
1631 3690 1945 3755 σκοπέλοις,

352 3788 392 3858 ἦ
442 3803 548 3840 που
592 3786 689 3839 καὶ
723 3785 958 3856 θηρίοις,
990 3786 1085 3839 καὶ
1140 3786 1412 3856 ἑρπετοῖς,
1460 3784 1558 3838 καὶ
1590 3783 1877 3847 ἀκάνθαις,
1911 3783 1946 3855 ἦ

350 3894 498 3932 τισιν
538 3877 723 3940 ἄλλοις
770 3875 878 3930 τῶν
928 3875 1201 3948 ὀχληρῶν,
1249 3876 1451 3947 μικρὸν
1510 3874 1764 3946 ὴνιάθης,
1824 3869 1948 3929 εἶτα

350 3971 675 4035 κατέλιπες.
706 3967 965 4032 Τοιοῦτος
992 3970 1022 4023 ό
1057 3968 1191 4040 βίος,
1216 3967 1344 4022 οὔτε
1373 3967 1442 4021 τά
1471 3966 1687 4039 τερπνά
1715 3967 1944 4038 μόνιμα,

350 4064 482 4120 οὔτε
524 4063 597 4119 τά
637 4060 862 4134 λυπηρά
893 4060 1092 4132 διαρκῆ
1155 4058 1520 4131 κεκτημένος.
1582 4058 1650 4113 Ἦ
1698 4057 1816 4122 ὁδὸς
1845 4058 1946 4111 ούηκ

351 4155 471 4211 εστι
495 4157 586 4227 σὴ,
608 4153 724 4209 ἀλλ’
753 4153 876 4207 οὐδὲ
903 4154 974 4207 τά
994 4151 1238 4222 παρόντα
1269 4150 1340 4205 σά
1372 4164 1388 4181 ·
1436 4149 1530 4203 ἐπὶ
1574 4149 1684 4205 τῶν
1731 4149 1945 4204 ὁδευόν-

351 4264 484 4314 των,
512 4243 653 4318 ὁμοῦ
679 4262 740 4299 τε
766 4246 796 4299 ό
819 4243 1036 4315 πρῶτος
1063 4243 1124 4296 τὸ
1147 4244 1294 4313 ι’χνος
1324 4240 1602 4312 ἐκίνησεν,
1644 4242 1742 4296 καὶ
1781 4241 1944 4304 εὐθὺς

351 4340 386 4392 ὁ
411 4336 530 4408 μετ’
553 4335 717 4391 αὐτὸν
742 4335 842 4407 τὴν
873 4334 1032 4405 βάσιν
1065 4334 1329 4404 ἤνεγκεν,
1359 4333 1456 4386 καὶ
1510 4334 1631 4400 μετ’
1686 4334 1943 4387 ἐκεῖνονό

352 4430 710 4500 ἐφεπόμενος.
742 4427 944 4481 Σκόπει
980 4425 1038 4480 δὲ
1071 4426 1121 4479 si
1157 4425 1233 4497 μὴ
1268 4425 1363 4478 καὶ
1409 4423 1479 4478 τά
1507 4423 1604 4478 τού
1652 4423 1770 4495 βίου
1830 4442 1941 4478 πα-

2046 603 2295 651 mentum
2342 601 2666 650 veterascet.
2722 593 2878 648 Sicut
2926 593 3118 649 lolium
3165 592 3510 653 fructiﬁeans
3562 598 3619 652 in

2046 692 2245 747 arbore
2287 689 2482 746 densa.
2522 688 2642 742 Alia
2684 687 3035 755 deﬁciuntur,
3087 688 3196 743 alia
3243 698 3618 761 generantur:

2044 782 2128 839 sie
2154 780 2437 852 generatio
2469 779 2659 834 carnis
2690 785 2746 836 et
2776 778 3087 848 sanguinis.
3124 796 3144 831 ι

2109 872 2281 928 Eccle.
2300 869 2962 944 xxxtt.,lO.—rllomines
2977 878 3327 926 omnesterra
3344 878 3399 927 et
3416 871 3580 927 cinis.
3596 890 3616 922 ι

2117 965 2279 1021 Hebr.
2324 981 2416 1032 ιι,
2459 964 2549 1020 15.
2590 995 2659 1006 -
2694 962 2981 1034 Peregrini
3026 970 3081 1018 et
3129 962 3377 1033 hospites
3426 979 3623 1019 sumus

2044 1071 2217 1128 super
2250 1065 2475 1112 terram.
2510 1075 2532 1109 ι

2119 1147 2298 1204 Eccle.
2340 1163 2518 1215 xvm,
2559 1148 2613 1203 8.
2643 1176 2716 1186 —
2746 1164 2765 1198 ι
2796 1146 3073 1202 Numerus
3122 1145 3337 1202 dierum
3385 1145 3625 1200 hominis

2046 1247 2110 1295 ut
2143 1240 2375 1294 multum
2403 1246 2623 1294 centum
2651 1239 2783 1293 anni
2813 1255 2826 1292 :
2855 1238 3017 1308 quasi
3042 1245 3198 1308 gutta
3229 1251 3388 1306 aqua:
3413 1236 3622 1290 maris:

2046 1338 2103 1386 et
2133 1330 2281 1384 sicut
2314 1327 2567 1383 calculus
2594 1341 2809 1394 arente,
2849 1327 2930 1381 sic
2959 1328 3121 1396 pauci
3163 1325 3291 1380 anni
3334 1326 3392 1379 in
3432 1324 3626 1380 diebus

2047 1420 2254 1478 saeculi.
2296 1437 2318 1472 ι
2812 1444 2815 1447 ι
3238 1480 3243 1485 δ

2122 1511 2153 1567 1
2192 1511 2333 1565 Tim.
2371 1525 2465 1575 vr,
2525 1509 2581 1566 7.
2623 1538 2694 1552 -
2738 1527 2759 1561 ι
2806 1507 2957 1563 Nihil
3015 1508 3310 1563 intulimus
3365 1507 3422 1561 in
3475 1505 3627 1559 hunc

2049 1604 2362 1661 mundum:
2415 1602 2564 1658 haud
2611 1600 2842 1659 dubium
2892 1600 3027 1672 quia
3074 1614 3176 1655 nec
3223 1598 3443 1653 auferre
3494 1594 3627 1668 quid

2050 1710 2369 1767 possumus.
2403 1712 2423 1746 ι

2120 1787 2244 1843 Jac.
2289 1803 2345 1843 tv
2366 1827 2382 1852 ,
2419 1787 2507 1842 14.
2537 1815 2609 1827 -
2637 1803 2656 1839 ι
2690 1785 2883 1854 Qualis
2911 1790 2998 1839 est
3026 1784 3135 1838 vita
3182 1780 3421 1837 nostra?
3461 1792 3631 1848 vapor

1979 1859 2023 1920 Β
2052 1880 2119 1935 ad
2158 1880 2440 1935 modicum
2473 1894 2675 1950 parens
2694 1920 2709 1947 ,
2738 1886 2795 1934 et
2820 1877 3083 1946 deinceps
3108 1872 3624 1931 exterminabitur»

2121 1971 2289 2043 318
2328 1971 2502 2026 Basil.
2542 1972 2681 2025 hom.
2722 1970 2777 2025 in
2815 1970 2954 2039 psal.
2998 1984 3038 2023 ι.
3079 1966 3295 2021 -—-Vita
3347 1965 3430 2018 ria
3484 1961 3631 2015 dicta

2050 2072 2136 2119 est
2162 2064 2233 2118 ob
2262 2076 2382 2118 eam
2416 2062 2756 2117 celeritatem
2779 2101 2794 2125 ,
2827 2075 2937 2130 qua
2969 2056 3238 2130 quidquid
3277 2053 3629 2126 progenitum

2049 2162 2134 2211 est
2170 2153 2237 2209 ad
2282 2153 2446 2208 linem
2487 2153 2802 2208 contendit.
2850 2150 2987 2205 Nam
3028 2146 3493 2220 quemadmodum
3533 2143 3630 2213 qui

2049 2245 2106 2299 in
2136 2243 2372 2298 navibus
2403 2242 2727 2306 dormiunt,
2771 2255 2802 2295 a
2853 2250 3015 2297 vento
3063 2249 3261 2310 sponte
3307 2238 3359 2291 in
3408 2247 3630 2308 portum

2049 2344 2312 2406 aguntur,
2344 2334 2477 2389 licet
2527 2334 2633 2405 ipsi
2680 2334 2908 2389 minime
2955 2333 3234 2397 sentiant,
3284 2329 3380 2385 sed
3428 2341 3632 2384 cursus

2048 2427 2171 2494 ejus
2195 2425 2263 2479 ad
2289 2432 2489 2478 metam
2518 2432 2778 2495 prepcrat
2806 2441 2820 2480 :
2847 2423 3038 2478 eodem
3071 2420 3233 2476 modo
3260 2436 3361 2475 nos
3388 2432 3631 2490 quoque,

2048 2517 2304 2573 eﬂluente
2332 2515 2454 2569 vitae
2481 2525 2688 2569 nostrae
2717 2522 2990 2585 tempore,
3015 2514 3176 2583 quasi
3203 2518 3471 2583 perpetuo
3499 2523 3635 2578 quo-

2049 2605 2208 2670 dam,
2235 2618 2339 2659 nec
2369 2604 2773 2658 intermittente
2799 2613 2987 2667 motu,
3018 2605 3084 2658 ad
3116 2618 3275 2659 suum
3300 2601 3537 2671 quisque
3570 2597 3634 2652 ii-

2049 2712 2175 2753 nem
2208 2696 2431 2751 occulto
2463 2696 2587 2751 vitae
2618 2704 2825 2752 nostrm
2853 2711 3022 2751 cursu
3056 2697 3412 2764 adurgemur.
3442 2692 3637 2746 Exem-

2049 2789 2125 2859 pli
2162 2787 2339 2858 gratia
2367 2807 2380 2841 :
2409 2786 2665 2842 dormis?
2689 2802 2753 2840 ac
2781 2797 2832 2842 te
2858 2794 3078 2857 tempus
3104 2785 3372 2856 praeterit.
3395 2782 3631 2851 Vigilas,

2042 2890 2102 2934 et
2135 2884 2321 2934 mente
2357 2878 2564 2949 aliquid
2595 2878 2815 2949 agitas?
2862 2887 2917 2932 at
2961 2879 3071 2932 vita
3117 2884 3299 2930 tamen
3344 2872 3634 2929 consumi-

2050 2977 2159 3036 tur,
2190 2968 2244 3024 id
2277 2968 2408 3023 licet
2442 2967 2670 3022 minime
2713 2967 2943 3023 sentias.
2992 2967 3201 3021 Omnes
3235 2966 3425 3035 itaque
3458 2962 3637 3033 quod-

2047 3058 2171 3114 dam
2206 3059 2383 3113 veluti
2411 3059 2753 3115 curriculum
2789 3059 3150 3123 conﬁcimus,
3184 3057 3250 3111 ad
3287 3071 3447 3113 suum
3484 3056 3636 3128 quis-

2051 3163 2160 3220 que
2186 3149 2352 3204 ﬁnem
2386 3157 2773 3220 properantes.
2819 3148 2934 3204 liae
2964 3151 3183 3203 ratione
3216 3161 3413 3202 omnes
3442 3159 3547 3199 nos
3578 3145 3635 3198 in

2048 3241 2139 3297 via
2203 3255 2417 3297 sumus.
2497 3239 2643 3307 Quin
2705 3239 2775 3294 ad
2816 3239 2964 3297 hunc
3004 3254 3224 3312 quoque
3267 3236 3490 3293 modum
3537 3235 3637 3289 ria:

2051 3332 2511 3403 signiﬁcationem
2544 3333 2852 3403 acceperis.
2880 3330 3073 3388 Viator
3109 3347 3169 3387 es
3215 3331 3272 3385 in
3325 3330 3430 3384 hac
3477 3329 3632 3382 vita:

2049 3425 2239 3480 omnia
2278 3425 2572 3494 praeteris:
2608 3424 2794 3477 omnia
2835 3439 2866 3478 a
2900 3431 3060 3490 tergo
3097 3421 3389 3491 relinquis.
3429 3419 3634 3474 Vidisti

2049 3516 2107 3571 in
2140 3516 2227 3571 via
2255 3516 2523 3587 stirpem,
2557 3522 2654 3570 aut
2687 3517 2912 3571 herbam
2935 3554 2951 3579 ,
2993 3522 3088 3568 aut
3128 3512 3336 3583 aliquid
3379 3519 3633 3581 spectatur

2048 3607 2277 3678 dignum
2302 3608 2326 3661 ἲ
2355 3610 2627 3678 tantisper
2654 3608 2964 3678 oblectatus
2993 3622 3082 3663 es:
3106 3614 3218 3661 tum
3255 3605 3453 3659 deinde
3490 3602 3634 3656 ultra

2047 3700 2365 3771 perrexisti.
2399 3697 2643 3755 Rursum
2676 3701 2733 3754 in
2767 3715 2930 3765 saxa,
2965 3709 3021 3755 et
3054 3699 3227 3754 valles
3249 3737 3264 3762 ,
3292 3705 3346 3751 et
3377 3695 3636 3765 praecipi-

2048 3792 2157 3857 tia,
2193 3800 2250 3848 et
2294 3792 2592 3863 scopulos,
2638 3798 2733 3847 aut
2774 3792 2943 3847 etiam
2988 3789 3225 3845 fortasse
3262 3789 3317 3843 in
3367 3786 3548 3850 feras,
3581 3792 3634 3839 et

2046 3883 2303 3953 reptilia,
2334 3892 2391 3940 et
2423 3884 2652 3955 spinas,
2686 3891 2781 3939 aut
2826 3883 2978 3939 aliud
3023 3882 3288 3953 quiddam
3336 3880 3634 3933 molestum

2043 3983 2096 4031 et
2131 3976 2391 4031 acerbum
2426 3974 2715 4031 incidisti:
2750 3989 2876 4030 cum
2913 3973 3170 4028 nonnihil
3213 3971 3341 4027 inde
3375 3968 3635 4025 maeroris

2042 4065 2432 4133 contraxeris,
2476 4079 2602 4120 mox
2641 4079 2707 4121 ea
2754 4065 3072 4121 deseruisti.
3122 4063 3325 4118 Eadem
3378 4062 3636 4116 humana:

2041 4155 2173 4212 vitae
2199 4159 2344 4211 ratio
2369 4166 2449 4213 est
2473 4175 2487 4211 :
2521 4164 2581 4212 ut
2605 4171 2708 4213 nec
2736 4157 2874 4213 ﬁxas
2891 4156 3301 4226 jucunditates,
3325 4168 3429 4209 nec
3458 4152 3636 4207 stabi-

2042 4243 2123 4302 les
2154 4245 2503 4315 voluptates,
2535 4261 2639 4302 nec
2672 4254 2971 4317 perpetuas
3023 4244 3354 4301 acerbitates
3406 4243 3633 4297 habeat.

2042 4337 2138 4395 Uti
2180 4338 2269 4393 via
2317 4338 2549 4394 minime
2596 4346 2692 4393 tua
2733 4346 2864 4404 est;
2902 4339 2988 4394 sic
3038 4352 3144 4394 nee
3188 4334 3488 4407 praesentia
3538 4340 3634 4385 tua

2042 4437 2194 4486 sunt.
2230 4427 2292 4484 in
2322 4429 2411 4485 his
2443 4429 2538 4500 qui
2577 4429 2685 4484 iter
2725 4428 2964 4492 iaciunt,
3001 4428 3169 4485 simul
3209 4434 3377 4497 atque
3419 4425 3635 4499 primus

350 4521 652 4594 ραπλήσια.
683 4518 796 4590 Τὴν
824 4519 931 4590 γῆν
957 4518 1198 4590 σήμερον
1217 4517 1282 4571 σὺ
1311 4516 1689 4588 ἐγεώργησας,
1713 4517 1810 4570 καὶ
1848 4517 1942 4571 αὖ·

2054 4521 2340 4593 vestigium
2375 4522 2584 4585 movit,
2633 4521 2821 4577 statim
2864 4518 3152 4577 secundus
3197 4531 3421 4589 quoque
3465 4513 3634 4569 infert

351 4630 471 4687 ριον
530 4612 712 4675 ἄλλος,
759 4611 856 4664 καὶ
906 4610 1025 4681 μετ’
1057 4611 1265 4664 ἐκεῖνον
1306 4608 1513 4681 ἕτερος.
1586 4610 1750 4681 Ὁρᾷς
1810 4610 1940 4670 τοὺς

347 4706 558 4776 ἀγροὺς
577 4701 823 4766 τούτους,
842 4702 938 4756 καὶ
960 4701 1062 4766 τὰς
1078 4700 1392 4764 πολυτελεῖς
1413 4700 1588 4765 οἰκίας
1606 4717 1622 4767 ;
1653 4701 1795 4754 πόσα
1810 4696 1939 4771 ἐἴδη

345 4796 657 4869 ὀνομάτων,
679 4793 891 4849 τούτων
910 4793 1146 4848 ἕκαστον
1172 4792 1412 4864 ἧμειψεν
1439 4811 1456 4862 ;
1485 4792 1582 4846 τοῦ
1618 4793 1791 4857 δεῖνος
1815 4792 1935 4846 ἑλέ-ο

345 4882 648 4959 γετο.Εἷτα
672 4884 1068 4958 μετωνομάσθη
1088 4885 1225 4957 πρὸς
1246 4883 1434 4956 ἕτερον
1458 4900 1474 4916 ’
1508 4883 1645 4956 πρὸς
1674 4883 1766 4939 τὸν
1793 4885 1941 4939 δεῖνα

352 4963 622 5052 μετῆλθεν
643 4996 657 5010 ·
679 4974 800 5047 εἶτα
818 4979 914 5033 νῦν
932 4976 1093 5031 ἄλλου
1125 4976 1365 5045 λέγεται.
1397 4971 1547 5046 Ἆρα
1573 4972 1669 5031 οὗν
1697 4976 1795 5047 ούχ
1820 4976 1942 5040 ὁδὸς

344 5076 378 5127 ὁ
408 5073 541 5144 βίος,
565 5070 756 5128 ἄλλοτε
781 5068 946 5125 ἄλλου
974 5067 1429 5140 μεταλαμϐάνων,
1457 5069 1555 5122 καὶ
1571 5068 1778 5131 πάντας
1801 5068 1941 5139 ἔχων

345 5166 598 5239 ἀλλήλοις
622 5164 1035 5237 ἐφεπομένους;
1067 5183 1087 5217 ι
1120 5165 1408 5236 Μακάριος
1445 5159 1560 5232 οὖν,
1598 5163 1659 5229 ὃς
1711 5164 1805 5219 ἐπὶ
1841 5166 1943 5236 τῆς

344 5257 469 5313 ὀδοῦ
494 5259 604 5314 τῶν
634 5256 980 5330 ἁμαρτωλῶν
1008 5257 1112 5311 οὐκ
1140 5256 1295 5327 ἔστη.
1328 5274 1349 5309 ι

2042 4616 2236 4686 pedem
2261 4656 2277 4682 ,
2311 4628 2377 4670 ac
2406 4615 2671 4685 deinceps
2701 4614 2750 4669 is
2778 4614 2873 4684 qui
2915 4627 2946 4667 a
2980 4621 3141 4683 tergo
3171 4610 3442 4679 sequitur.
3474 4605 3627 4661 Con-

2042 4708 2225 4765 sidera
2260 4708 2453 4779 igitur,
2488 4721 2556 4764 an
2585 4722 2698 4763 non
2733 4722 2824 4762 res
2856 4707 3025 4777 hujus
3056 4705 3183 4759 vitae
3214 4703 3281 4758 ad
3319 4702 3466 4756 hunc
3497 4713 3620 4753 mo-

2041 4799 2174 4854 dum
2211 4812 2273 4854 se
2306 4798 2566 4877 habeant.
2603 4797 2830 4854 Terram
2866 4796 3029 4851 hodie
3066 4792 3330 4859 coluisti;
3366 4791 3505 4846 alter
3537 4789 3628 4842 die

2042 4890 2329 4955 crastino,
2360 4900 2414 4947 et
2444 4904 2508 4946 ac
2537 4898 2666 4962 post
2698 4891 2847 4945 hunc
2872 4902 3096 4944 rursum
3127 4886 3295 4942 alius.
3327 4882 3497 4938 Vides
3528 4881 3629 4934 hos

2046 4997 2214 5054 agros
2232 5024 2247 5049 ,
2274 4982 2706 5055 ingentibusque
2733 4989 3021 5038 extructas
3049 4979 3363 5050 sumptibus
3391 4971 3632 5030 domos?

2049 5084 2184 5148 quot
2209 5078 2326 5147 jam
2362 5075 2587 5132 nomina
2618 5074 3058 5146 unumquodque
3102 5074 3301 5128 horum
3345 5073 3633 5141 permuta-

2050 5167 2174 5223 vit?
2206 5167 2501 5223 dicebatur
2527 5166 2659 5222 olim
2692 5165 2846 5221 illius
2880 5179 3046 5231 esse;
3082 5162 3316 5234 posthac
3348 5158 3419 5213 ab
3456 5155 3633 5210 altero

2041 5272 2243 5315 nomen
2281 5258 2473 5313 traxit.
2507 5257 2638 5312 Mox
2671 5256 2740 5311 ad
2773 5255 2944 5310 alium
2984 5251 3241 5324 migravit
3270 5267 3284 5303 :
3333 5261 3400 5302 ae
3436 5255 3634 5301 rursus

345 5367 500 5409 nunc
518 5352 756 5410 alterius
771 5366 898 5409 esse
914 5350 1144 5407 dicitur.
1166 5351 1429 5422 Nunquid
1451 5351 1621 5421 igitur
1636 5367 1812 5408 aevum
1839 5354 1944 5410 hoc
1962 5369 2077 5410 non
2098 5355 2184 5409 via
2202 5362 2311 5420 est,
2334 5354 2483 5424 quod
2503 5354 2677 5408 alium
2700 5359 2868 5423 atque
2879 5350 3049 5405 alium
3068 5346 3307 5404 subinde
3339 5350 3591 5400 assumat
3612 5377 3629 5403 ,

347 5448 569 5520 sibique
597 5462 791 5504 omnes
821 5445 1187 5503 succedentes
1218 5444 1441 5512 haheat,
1478 5464 1499 5498 ι
1526 5445 1733 5503 Beatus
1762 5448 1933 5519 igitur
1958 5449 2054 5520 qui
2100 5447 2156 5503 in
2192 5448 2302 5503 vita
2333 5454 2690 5517 peccatorum
2747 5459 2858 5500 non
2906 5447 3064 5500 stetit
3103 5441 3121 5510 (
3150 5439 3300 5495 Psal.
3340 5454 3390 5503 ι,
3421 5436 3443 5490 ι
3474 5435 3518 5505 ).
3553 5453 3571 5485 ι

421 5540 590 5596 Ὅταν
621 5540 738 5613 ἴδῃς
770 5538 1003 5612 βοτάνην
1034 5539 1231 5612 χόρτου
1267 5539 1362 5595 καὶ¹
1390 5538 1554 5605 ἄνθος
1593 5541 1814 5614 χόρτου,
1855 5541 1939 5606 εἰς

2114 5540 2311 5612 Ejusd.
2345 5541 2489 5595 hom.
2521 5539 2588 5607 5,
2619 5540 2674 5594 in
2700 5538 2959 5594 Hexaem.
2986 5565 3057 5576 —
3081 5532 3219 5591 Cum
3255 5530 3483 5587 herbam
3517 5526 3626 5581 feni

344 5631 556 5685 ἔννοιαν
579 5630 746 5705 ἔρχου
768 5634 869 5700 τῆς
890 5631 1243 5703 ἀνθρωπίνης
1290 5630 1528 5700 φύσεως,
1588 5632 1937 5705 μεμνημένος

2054 5615 2347 5703 ﬂoremque
2372 5633 2580 5688 videris
2606 5670 2622 5697 ,
2654 5631 2949 5686 humanam
2982 5636 3237 5682 naturam
3267 5622 3446 5693 cogita
3473 5636 3489 5687 ;
3515 5633 3629 5675 me-

346 5721 449 5791 τῆς
482 5723 691 5787 εἰκόνος
718 5721 812 5777 τοῦ
838 5723 1004 5793 σοφοῦ
1039 5722 1288 5788 Ἡσαΐου,
1317 5724 1588 5812 εἰπόντος,
1622 5725 1708 5779 ὅτι
1735 5744 1754 5776 ι
1777 5725 1935 5779 Πᾶσα

2054 5728 2219 5783 moria
2251 5736 2448 5784 tenens
2480 5727 2628 5783 hunc
2663 5724 2935 5797 sapientis
2976 5722 3128 5778 lsaite
3163 5716 3622 5779 similitudinem,

349 5811 492 5887 σὰρξ
542 5812 761 5886 χόρτος,
808 5815 1093 5899 statarios
1145 5813 1275 5882 δόξα
1312 5806 1602 5888 ἀνθρώπου
1660 5815 1735 5881 ὡς
1774 5816 1934 5881 ἄνθος

2054 5819 2284 5879 dicentis
2308 5838 2321 5876 :
2355 5839 2373 5874 ι
2407 5817 2602 5878 Omnis
2629 5835 2760 5876 caro
2786 5817 3004 5885 fenum,
3033 5825 3088 5875 et
3116 5816 3294 5873 onmis
3320 5810 3496 5885 gloria
3526 5806 3621 5862 ho-
