3998 6454
270 449 289 468 ,ι
361 359 499 451 me

1519 357 1577 419 S.
1624 356 1941 420 JOANNIS
1977 353 2417 418 DAMASCENI

3496 354 3651 425 1120

305 476 310 485 ’
359 476 495 531 mini
544 475 692 533 sicut
726 474 827 531 llos
864 473 976 531 feni
1009 473 1166 545 (Isa.
1198 488 1267 528 XL
1292 515 1305 535 ,
1330 473 1422 541 ὅ).
1455 492 1473 523 ι
1505 471 1789 542 Siquidem
1818 471 1940 527 vitat
1971 512 1978 526 ε

2083 470 2263 540 όρτου.
2290 487 2309 520 ι
2340 470 2550 543 Τὸ-γάρ
2570 471 2936 544 ὀλιγοχρόνιον
2965 475 3066 546 τῆς
3095 473 3267 547 ζωῆς,
3321 478 3417 532 καὶ
3473 476 3541 531 τὸ
3576 479 3655 533 ἐν

357 571 639 634 brevitas,
681 577 846 637 atque
886 566 1145 621 humana:
1197 564 1481 621 fclicitatis
1538 562 1835 618 ammnitas
1887 567 1941 616 et

361 661 554 717 laetitia
587 660 658 716 ad
686 660 948 730 exiguum
989 666 1208 729 tempus
1242 672 1364 715 sese
1398 655 1692 727 porrigens
1713 695 1728 720 ,
1764 652 1942 723 aptis-

360 755 559 809 simam
591 750 887 821 imaginem
945 749 1091 821 apud
1134 749 1459 820 prophetam
1488 755 1647 801 nacta
1677 751 1784 800 est.
1837 740 1944 809 Qui

362 843 529 899 hodie
577 840 795 897 florenti
824 855 1062 913 corpore
1092 849 1213 909 est,
1240 841 1487 911 luxuque
1533 839 1772 901 obesus,
1820 844 1981 901 cute,

364 935 597 997 nitidus,
631 941 858 1006 propter
883 935 1063 990 aetatis
1085 933 1277 990 liorem
1303 943 1532 1005 vegetus
1561 938 1616 985 et
1648 928 1946 993 robustus,

364 1046 432 1086 ac
464 1029 629 1099 cujus
655 1029 919 1100 impetum
946 1027 1224 1084 sustinere
1247 1039 1412 1081 nemo
1437 1023 1626 1079 valeat
1654 1039 1668 1076 :
1699 1020 1952 1077 crastino

366 1121 461 1177 die
495 1119 642 1175 idem
677 1119 800 1189 ipse
828 1118 1246 1174 miserationem
1279 1114 1543 1171 omnibus
1577 1121 1796 1179 movet,
1849 1126 1952 1169 seu

370 1214 529 1283 senio
561 1210 888 1277 confectus,
920 1225 1021 1267 seu
1053 1209 1249 1265 morbo
1277 1208 1585 1279 collapsus.
1622 1203 1724 1260 Hic
1751 1217 1953 1258 rursus

370 1317 541 1373 opum
579 1303 740 1372 capia
773 1300 1113 1371 conspicuus
1142 1305 1226 1355 est
1250 1338 1265 1366 ,
1297 1296 1650 1353 adulatorum
1695 1293 1956 1367 gregibus

372 1392 594 1449 cinctus
615 1432 631 1457 ,
665 1392 921 1449 [ictorum
955 1390 1264 1446 amicorum
1298 1390 1533 1460 gratiam
1575 1386 1751 1456 ipsius
1788 1400 1959 1439 aucu—

374 1483 627 1553 pantium
661 1483 928 1538 satellitio
958 1482 1202 1552 stipatus
1224 1521 1239 1545 ,
1279 1477 1667 1550 frequentibus
1706 1474 1961 1546 cognatis

375 1573 557 1643 iisque
582 1572 860 1629 simulatis
876 1613 890 1638 ,
913 1580 967 1626 et
997 1571 1389 1626 innumerabili
1413 1569 1748 1626 asseclarum
1771 1567 1965 1622 exani-

376 1681 466 1721 mc
485 1709 498 1730 ,
526 1666 650 1736 qui,
684 1676 799 1719 tum
825 1665 1009 1720 victus
1035 1679 1203 1719 causa
1226 1703 1242 1729 ,
1279 1672 1393 1718 tum
1421 1660 1493 1717 ob
1523 1660 1664 1717 alios
1690 1677 1825 1716 usus
1857 1660 1963 1730 ipsi

376 1759 660 1813 adhaerent
688 1776 702 1813 :
740 1772 885 1827 quos
919 1757 1050 1812 dum
1073 1794 1088 1821 ,
1126 1755 1247 1812 sive
1283 1755 1340 1809 in
1373 1754 1654 1824 publicum
1686 1751 1961 1825 prodeat,

2042 560 2209 632 ὀλίγῳ
2238 563 2540 634 περιχαρὲς
2561 565 2657 619 καὶ
2676 564 2864 636 ίλαρὸν
2887 566 2984 635 τῆς
3027 568 3377 640 ἀνθρωπίνης
3428 570 3657 641 εὑημε-

2048 649 2192 721 ρίας,
2216 653 2591 724 καιριωτάτης
2622 656 2775 726 παρά
2819 656 2899 728 τῷ
2927 660 3186 732 προφήτῃ
3216 661 3521 733 τετύχηκεν
3551 660 3656 716 ει-

2045 741 2221 806 κόνος.
2270 741 2329 796 '0
2356 745 2599 818 σήμερον
2628 747 2862 821 εὐθαλὴς
2885 749 2964 821 τῷ
2989 750 3228 823 σώματι,
3279 770 3655 825 κατασεσαρ-

2047 838 2295 909 κωμένος
2309 837 2417 892 ὑπὸ
2441 840 2676 910 τρυφῆς,
2704 841 3047 898 ἐπανθοῦσαν
3075 844 3214 915 ἔχων
3240 846 3340 917 τὴν
3357 844 3656 918 εὔχροιαν,

2049 929 2156 983 ὑπὸ
2182 929 2283 1001 τῆς
2311 932 2455 986 κατὰ
2478 933 2580 1003 τὴν
2598 933 2820 1003 ἡλικίαν
2854 935 3045 1007 ἀκμῆς
3068 936 3342 1008 σφριγῶν,
3371 942 3469 995 καὶ
3521 941 3661 995 σύν-

2047 1035 2224 1086 τονος,
2250 1022 2347 1076 καὶ
2379 1023 2756 1089 ἀνυπόστατος
2777 1024 2876 1096 τὴν
2925 1028 3125 1099 ὁρμὴν,
3167 1026 3360 1101 αὔριον
3417 1031 3449 1084 ό
3477 1031 3679 1095 αὐτὸς

2050 1105 2206 1174 οὗτος
2238 1114 2490 1180 ἐλεεινὸς,
2514 1115 2549 1186 ἢ
2572 1115 2651 1187 τῷ
2682 1116 2864 1188 χρόνῳ
2898 1119 3221 1189 μαρανθεὶς,
3273 1121 3306 1190 ἢ
3339 1122 3482 1193 νόσῳ
3519 1123 3661 1177 διαι-

2053 1202 2256 1269 λυθείς.
2297 1206 2359 1260 Ὀ
2386 1206 2539 1262 δεῖνα
2579 1207 2939 1279 περίϐλεπτος
2990 1209 3088 1264 ἐπὶ
3143 1212 3448 1282 χρημάτων
3492 1221 3664 1283 περι-

2054 1295 2231 1367 ουσίᾳ,
2265 1297 2364 1351 καὶ
2390 1296 2600 1367 πλῆθος
2650 1299 2782 1371 περὶ
2823 1299 2988 1369 αὐτὸν
3029 1300 3302 1369 κολάκων,
3350 1303 3667 1378 δορυφορία.

2058 1387 2230 1457 φίλων
2263 1390 2652 1462 προσποιητῶν
2679 1390 2782 1463 τὴν
2807 1392 2904 1447 ἀπ’
2933 1393 3101 1448 αὑτοῦ
3127 1394 3292 1466 χάριν
3309 1395 3667 1467 θεραπευόν·

2057 1496 2188 1547 των,
2206 1480 2411 1566 πλῆθος
2430 1483 2754 1553 συγγενείας
2781 1485 2877 1539 καὶΙ
2898 1485 3105 1555 ταύτης
3133 1503 3510 1559 κατεσχηματι
3519 1490 3670 1560 σμέ-

2060 1588 2180 1643 νης,
2207 1572 2380 1643 ἑσμὸς
2404 1573 2513 1628 τῶν
2537 1575 2899 1646 ὲφεπομένων
2951 1576 3170 1648 μυρίος,
3207 1578 3320 1632 τῶν
3354 1596 3415 1633 τε
3468 1580 3671 1635 επιστ-

2061 1662 2217 1729 τίων,
2249 1664 2347 1718 καὶ
2375 1663 2484 1718 τῶν
2517 1665 2638 1719 κατ’
2660 1665 2828 1730 ἄλλας
2860 1667 3054 1738 χρείας
3082 1669 3233 1741 αὐτῷ
3266 1671 3678 1742 προσεδρευόν-

2064 1776 2174 1813 των
2196 1775 2211 1791 ο
2243 1760 2341 1814 καὶ
2368 1756 2463 1824 off;
2494 1762 2590 1816 καὶ
2624 1760 2852 1833 προϊὼν,
2890 1764 2985 1818 καὶ
3031 1766 3196 1820 πάλιν
3241 1766 3481 1822 ἐπανιὼν
3533 1769 3674 1823 ἑπι-

376 1851 496 1905 sive
525 1848 750 1903 demum
783 1855 1118 1915 revertatur,
1154 1861 1342 1904 secum
1375 1845 1582 1909 trahit,
1619 1845 1962 1900 invidiosum

2083 1850 2390 1923 τυρόμενος,
2471 1853 2760 1923 ἐπίφθονός
2823 1856 2941 1909 ἐστι
2987 1859 3102 1920 τοῖς
3169 1861 3673 1931 συντυγχάνουσιν.

377 1957 440 1997 se
468 1942 578 1997 illis
606 1943 817 2011 praebet
838 1980 854 2008 ,
885 1939 1218 2011 quibuscum
1249 1946 1527 1997 versatur.
1564 1937 1710 2005 Quin
1738 1946 1795 1994 et
1826 1937 1969 1993 divi-

378 2033 474 2087 tiis
513 2039 845 2103 potestatem
884 2031 1186 2102 quamdam
1226 2029 1452 2086 civilem
1489 2028 1764 2099 adiunge,
1805 2035 1969 2097 atque

377 2122 625 2179 honores
671 2122 879 2194 quibus
930 2130 1165 2179 ornetur
1214 2120 1309 2177 ille
1367 2120 1440 2176 ab
1488 2118 1923 2191 imperatoribus
1951 2156 1968 2183 ,

374 2212 546 2284 319
576 2214 663 2269 vel
718 2213 1137 2284 provinciarum
1186 2212 1551 2284 praefecturas
1576 2250 1592 2277 ,
1635 2218 1732 2266 aut
1765 2211 1974 2267 milita-

379 2308 529 2362 rium
571 2307 860 2378 copiarum
905 2306 1236 2377 imperium,
1281 2320 1590 2376 praeconem
1637 2313 1762 2360 ante
1806 2320 1955 2371 eum,

382 2397 610 2451 lictores
642 2411 768 2452 cum
801 2395 1052 2452 fascibus
1079 2396 1212 2451 hinc
1240 2401 1295 2452 et
1332 2395 1487 2451 illinc
1514 2394 1849 2467 gravissimo
1877 2410 1974 2453 eos

379 2488 590 2558 quibus
624 2489 852 2560 praesit,
894 2497 1108 2545 terrore
1153 2488 1550 2556 incessantes,
1592 2487 1808 2560 plagis,
1842 2501 1973 2558 pro-

382 2580 794 2652 scriptionibus
816 2580 1090 2636 bonorum
1112 2620 1127 2645 ,
1155 2580 1606 2650 abreptionibus,
1629 2579 1971 2641 carceribus.

376 2687 448 2731 α
480 2672 684 2743 quibus
721 2671 1108 2728 intolerandus
1138 2670 1383 2741 quidam,
1404 2670 1643 2727 subditis
1672 2677 1853 2726 metus
1879 2685 1976 2725 cu-

378 2756 645 2819 inuletur.
680 2763 823 2830 Quid
853 2778 986 2819 vero
1022 2761 1300 2834 posthac?
1331 2777 1442 2817 una
1475 2776 1581 2816 nox
1602 2803 1617 2829 ,
1653 2760 1825 2818 febris
1865 2776 1975 2815 una

380 2865 483 2917 aut
530 2855 721 2912 lateris
773 2856 954 2924 dolor,
990 2864 1101 2911 aut
1149 2854 1432 2925 pulmonis
1460 2853 1866 2921 inflammatio,
1903 2868 1973 2910 ex

387 2949 675 3004 hominum
703 2957 851 3004 coetu
882 2948 1037 3002 illum
1066 2947 1306 3017 abripit,
1338 2946 1601 3014 omnique
1626 2945 1723 3000 illo
1751 2952 1975 3010 ornatu,

385 3056 553 3110 quem
583 3040 733 3097 velut
767 3039 825 3094 in
865 3055 1033 3096 scena
1068 3038 1328 3108 gerebat,
1368 3048 1594 3107 repente
1630 3035 1835 3106 spoliat
1864 3054 1878 3091 :
1917 3045 1977 3090 ut

388 3144 454 3186 ea
492 3129 669 3200 gloria
704 3130 923 3185 somnio
969 3128 1171 3185 similis
1217 3142 1345 3184 esse
1386 3128 1787 3199 comperiatur.
1823 3131 1973 3197 Quo-

390 3222 545 3278 circa
568 3236 683 3277 non
716 3222 995 3277 immerito
1024 3220 1303 3291 prophetas
1356 3219 1679 3277 mandatum
1739 3230 1859 3289 est,
1911 3231 1973 3278 ut

392 3313 691 3370 humanam
727 3319 984 3368 naturam
1016 3326 1143 3369 cum
1183 3310 1546 3368 imbecilliori
1581 3309 1715 3368 ﬂore
1751 3327 1979 3384 compa-

393 3413 563 3463 raret.

466 3496 686 3566 Ejusd.,
713 3495 856 3552 hom.
877 3495 935 3560 θ,
962 3496 1015 3551 in
1040 3495 1399 3551 IHexaemm—
1422 3492 1570 3551 Nihil
1599 3494 1655 3550 in
1687 3494 1853 3551 rebus
1884 3493 1979 3550 hu-

395 3591 579 3646 manis
611 3589 831 3645 tlrmum
868 3595 924 3645 et
963 3588 1168 3645 stabile
1189 3596 1327 3645 est:
1356 3602 1550 3644 verum
1600 3587 1710 3643 alia
1756 3587 1978 3658 quidem

397 3699 463 3740 ex
487 3682 661 3739 nihilo
686 3681 756 3737 ad
784 3679 1089 3752 perfectum
1129 3687 1337 3736 statum
1366 3678 1801 3752 progrediuntur
1826 3697 1842 3747 ;
1875 3679 1982 3734 alia

399 3757 584 3830 autem
611 3774 707 3829 ubi
737 3773 806 3828 ad
837 3773 1083 3844 vigorem
1121 3786 1282 3828 suum
1313 3770 1582 3842 perducta
1617 3777 1784 3836 sunt,
1812 3778 1983 3840 atque

398 3865 457 3919 in
493 3879 771 3921 summam
801 3863 1248 3934 magnitudinem
1283 3870 1474 3918 evecta
1496 3901 1512 3928 ,
1558 3861 1743 3918 tacitis
1777 3862 1983 3918 sensim

402 3953 774 4011 decrementis
808 3953 1137 4017 tabescunt,
1166 3952 1657 4023 dissolvunturque
1676 3992 1692 4019 ,
1715 3959 1770 4008 et
1788 3952 1863 4007 ita
1891 3951 1987 4007 im-

406 4045 741 4101 minuuntur
770 4050 833 4099 ut
861 4042 1085 4100 tandem
1119 4045 1399 4102 intereant
1427 4051 1483 4100 et
1511 4043 1819 4100 deleantur.
1836 4042 1986 4111 Quo-

403 4142 556 4194 circa
582 4151 647 4193 ex
679 4138 823 4193 lunae
868 4148 1211 4208 prospectu,
1266 4137 1393 4208 quis
1435 4152 1620 4192 rerum
1673 4144 1987 4194 nostrarum

405 4238 587 4285 status
616 4228 722 4295 sit,
754 4228 1080 4296 edocemur,
1111 4244 1177 4286 ac
1204 4229 1443 4286 celerem
1487 4229 1855 4285 humanarum
1897 4245 1989 4286 re-

405 4337 530 4378 rum
559 4323 980 4380 conversionem
1012 4336 1141 4378 cum
1176 4321 1379 4379 animis
1401 4322 1610 4378 nostris
1643 4328 1987 4393 reputantes,

405 4414 676 4472 discimus
707 4413 763 4468 in
789 4413 1027 4484 hujusce
1050 4414 1176 4470 vitae
1205 4413 1677 4484 prosperitatibus
1707 4414 1850 4470 altos
1878 4412 1993 4484 spi-

406 4507 552 4564 ritus
584 4505 812 4563 minime
839 4506 1144 4577 concipere
1166 4544 1181 4571 ,
1216 4520 1319 4561 nec
1350 4506 1600 4576 potentia
1639 4504 1853 4572 efferri,
1890 4518 1995 4561 nec

408 4598 481 4654 ob
506 4597 749 4659 incertas
775 4610 911 4667 opes
937 4595 1314 4651 insolescere:
1342 4594 1440 4652 sed
1464 4602 1780 4664 contempta
1802 4608 1993 4658 carne,

409 4704 535 4759 quae
552 4687 844 4743 mutationi
861 4685 1103 4743 obnoxia
1122 4694 1239 4755 est,
1258 4685 1454 4742 animae
1477 4686 1642 4757 cujus
1668 4686 1875 4742 bonum
1893 4685 1999 4742 im-

409 4790 622 4839 motum
648 4784 872 4843 manet,
900 4792 1092 4835 curam
1119 4792 1334 4850 gerere.
1356 4776 1515 4844 Quod
1544 4779 1590 4835 si
1620 4784 1675 4834 te
1697 4777 1828 4834 luna
1858 4791 1998 4833 moe—

411 4889 544 4930 rore
570 4873 740 4930 allicit
759 4913 776 4938 ,
810 4887 938 4928 cum
970 4871 1181 4928 sensim
1213 4871 1584 4928 decrescendo
1618 4871 1804 4927 lumen
1835 4871 2001 4927 absu-

411 4964 515 5019 mit
538 4977 703 5019 snum
731 4981 746 5019 :
773 4962 1016 5033 graviori
1042 4969 1100 5018 te
1126 4961 1381 5018 molestia
1409 4961 1611 5017 alliciat
1639 4961 1881 5026 animus,
1905 4959 2001 5030 qui

413 5054 678 5109 virtutem
695 5054 950 5124 adeptus,
989 5053 1046 5108 id
1075 5052 1284 5108 bonum
1319 5069 1417 5124 per
1442 5052 1756 5110 socordiam
1785 5051 2006 5108 oblitte-

416 5150 543 5210 rat,
575 5156 677 5199 nec
706 5157 950 5213 unquam
979 5142 1037 5197 in
1071 5142 1265 5198 eodem
1299 5151 1450 5201 statu
1499 5149 1861 5213 perseverat,
1906 5141 2007 5199 sed

420 5241 649 5306 propter
675 5233 982 5290 voluntatis
1012 5235 1446 5292 inconstantiam
1495 5234 1794 5292 identidem
1821 5236 2005 5292 inver-

421 5326 585 5386 titur.
611 5332 669 5383 et
695 5326 754 5381 in
781 5323 1066 5380 diversum
1099 5333 1368 5382 mutatur.

494 5413 692 5487 Ejusd.
732 5416 789 5471 in
823 5415 993 5485 princ.
1036 5415 1205 5473 Prov.
1234 5447 1304 5458 —
1332 5417 1553 5474 llancce
1591 5419 1761 5473 vitam
1783 5457 1800 5484 ,
1835 5432 2010 5490 aquas

425 5517 482 5564 et
513 5523 667 5564 mare
695 5507 753 5563 in
788 5504 1081 5576 Scriptura
1110 5509 1425 5593 ntytcupari
1455 5508 1766 5581 reperimus
1789 5547 1804 5573 ,
1853 5515 1912 5562 ut
1952 5508 2009 5562 in

428 5600 537 5656 hoc
561 5599 870 5656 Psalmistae
900 5597 1024 5656 loco
1051 5619 1065 5655 :
1095 5619 1114 5654 ι
1146 5599 1296 5655 Misit
1322 5599 1392 5655 de
1426 5615 1644 5656 summo
1666 5642 1680 5658 .
1715 5606 1770 5655 et
1804 5600 2013 5671 accepit

431 5706 554 5757 me,
585 5700 642 5746 et
674 5690 978 5761 assumpsit
1003 5707 1091 5748 me
1127 5692 1195 5748 dc
1229 5692 1391 5762 aquis
1419 5691 1608 5746 multis
1644 5688 1821 5762 (Psal.
1856 5707 1970 5747 xvn
1997 5733 2012 5757 ,

437 5782 548 5855 17).
581 5801 600 5836 ι
629 5781 749 5841 Non
776 5784 923 5842 cnim
955 5783 1184 5865 dubium
1220 5791 1335 5850 est,
1368 5782 1500 5856 quin
1536 5798 1631 5855 per
1662 5796 1869 5856 aquas,
1910 5781 2012 5839 hu-

2069 1943 2319 2010 Πρόσθες
2338 1944 2415 2016 τῷ
2443 1945 2659 2016 πλούτῳ
2692 1948 2789 2002 καὶ
2815 1948 3098 2020 πολιτικήν
3143 1967 3265 2006 τινα
3315 1951 3673 2020 δυναστείαν,

2071 2036 2291 2102 καὶτὰς
2329 2039 2395 2091 ἐκ
2449 2036 2721 2109 βασιλέων
2757 2038 2928 2111 τιμὰς
2951 2034 2992 2107 ,“
3019 2042 3054 2110 ἢ
3098 2041 3271 2099 ἐθνῶν
3312 2042 3677 2116 ἐπιμέλειαν,

2070 2129 2104 2200 ἢ
2130 2129 2512 2201 στρατοπέδων
2539 2132 2838 2202 ἠγεμονίαν
2858 2146 2873 2161 ⁸
2898 2133 2991 2187 τὸν
3012 2135 3230 2206 κήρυκα
3257 2136 3401 2207 μέγα
3446 2136 3678 2207 βοῶντα

2072 2222 2180 2290 πρὸ
2203 2221 2394 2289 αὐτοῦ,
2427 2223 2557 2286 τοὺς
2581 2223 2953 2296 ῥαϐδοφόρους
2974 2224 3130 2279 ἔνθεν
3156 2228 3256 2280 καὶ⁸
3296 2226 3454 2281 ἐνθεν
3488 2228 3677 2300 βαρυ-

2072 2312 2244 2382 τάτην
2277 2311 2620 2383 κατάπληξιν
2645 2315 2759 2379 τοῖς
2786 2315 3115 2386 ἀρχομένοις
3136 2315 3535 2387 ἐμϐάλλοντας,
3560 2318 3676 2383 τὰς

2074 2403 2311 2474 πληγάς,
2339 2404 2440 2468 τάς
2472 2404 2790 2476 δημεύσεις,
2820 2407 3283 2487 τάςιάπαγωγάς,
3329 2408 3401 2463 τά
3441 2411 3676 2482 δεσμω-

2075 2496 2259 2568 τήρια,
2306 2497 2364 2564 ἐξ
2407 2493 2484 2552 ὧν
2535 2498 2849 2572 ἀπόρρητος
2896 2500 2926 2553 ό
2968 2500 3121 2573 παρά
3173 2518 3286 2555 των
3331 2502 3679 2575 ὑποχειρίων

2079 2587 2491 2660 συναθροίζεται
2523 2589 2711 2660 φόσος.
2732 2591 2843 2645 Καὶ
2870 2590 2924 2644 τί
2971 2590 3113 2661 μετὰ
3170 2591 3366 2656 τοῦτος
3404 2592 3524 2664 ’μία
3566 2593 3682 2660 νὺξ

2076 2681 2171 2733 καὶ
2195 2681 2509 2754 πυρετὸς,ἦ
2553 2681 2881 2754 πλευρίτης,-
2921 2681 2955 2754 ἢ
3011 2684 3449 2755 περιπνευμονία
3494 2685 3680 2757 ἀνάρι-

2079 2787 2285 2825 παστον
2320 2770 2380 2837 ἐξ
2413 2771 2736 2842 ἀνθρώπων,
2765 2772 3059 2842 ἀπάγουσα
3101 2774 3193 2829 τὸν
3246 2775 3537 2849 ἄνθρωπον
3585 2777 3676 2832 οτι

2079 2877 2254 2930 χεται,
2283 2862 2465 2916 πᾶσαν
2483 2861 2581 2934 τὴν
2608 2862 2728 2916 κατ’
2755 2863 2918 2917 αὐτὸν
2969 2865 3178 2936 σκηνὴν
3210 2865 3475 2938 ἐξαπίνης
3528 2868 3680 2922 ἀείτί)⁶

2080 2949 2439 3022 γυμνώσασα,
2463 2952 2558 3005 καὶ
2587 2953 2621 3023 ὴ
2655 2951 2784 3016 δόξα
2808 2953 2995 3025 ἐκείνη
3027 2953 3221 3027 ὥσπερ
3240 2956 3494 3011 ἐνύπνιον
3529 2958 3684 3010 άπε-

2079 3040 2304 3112 λέγχθη.
2334 3042 2497 3095 Ὥστε
2557 3043 2913 3098 ἐπιτέτακται
2966 3044 3046 3117 τῷ
3088 3049 3346 3121 προφήτῃ
3374 3050 3409 3120 ἡ
3440 3050 3579 3122 πρὸς
3610 3050 3688 3104 τὸ

2001 3182 2047 3243 c
2082 3134 2483 3207 ἀδρανέστερον
2534 3136 2695 3203 ἄνθος
2737 3136 3001 3207 ὁμοίωσις
3040 3141 3138 3211 τῆς
3185 3141 3538 3217 ἀνθρωπίνης
3566 3145 3685 3215 cpti-

2085 3244 2243 3292 σεως.

2156 3477 2322 3531 Οὐδὲν
2357 3477 2585 3548 μόνιμον
2617 3475 2723 3530 τῶν
2750 3475 3142 3547 ἀνθρωπίνων
3182 3478 3322 3533 ἀλλά
3363 3480 3434 3534 τά
3476 3479 3578 3551 μὲν
3601 3481 3676 3536 ἐκ

2085 3570 2180 3624 τοῦ
2213 3571 2288 3642 μὴ
2309 3570 2465 3634 ὄντος
2493 3570 2741 3642 πρόεισιν
2772 3571 2853 3634 είς
2883 3569 2947 3623 τδ
2968 3569 3175 3624 τέλειον
3191 3587 3205 3600 ·
3236 3570 3306 3625 τά
3331 3571 3390 3626 δὲ
3413 3572 3553 3645 πρὸς
3576 3572 3687 3644 τὴν

2087 3662 2296 3717 οίκείαν
2329 3662 2516 3733 ἀκμὴν
2560 3660 2867 3732 φθάσαντα,
2898 3660 2994 3715 καὶ
3038 3661 3101 3714 τὸ
3135 3661 3437 3734 ἀκρότατον
3474 3663 3686 3735 μέτρον

2089 3754 2270 3808 αὐτῶν
2307 3749 2633 3824 αὐξηθέντα,
2676 3752 2842 3807 πάλιν
2886 3754 3005 3816 ταῖς
3044 3751 3190 3806 κατά
3230 3754 3427 3825 μικρὸν
3446 3755 3686 3826 ὑφαιρέ-

2093 3861 2212 3898 σεσι
2260 3843 2439 3913 φθίνει
2488 3860 2548 3897 τε
2597 3843 2694 3898 καὶ
2743 3841 3043 3909 διαλύεται,
3103 3843 3201 3898 καὶ
3241 3845 3546 3916 μειούμενον.
3577 3863 3689 3900 κα-

2093 3920 2364 4008 θαιρεϊται
2391 3951 2405 3967 ·
2436 3935 2578 3989 ὥστε
2605 3935 2670 3989 ὲκ
2702 3934 2799 3989 τοῦ
2827 3934 2968 3989 κατά
3007 3934 3111 4006 τὴν
3146 3935 3380 4007 σελήνην
3406 3936 3690 4008 θεάματος

2094 4027 2452 4085 παιδεύεσθαι
2487 4028 2637 4099 ἡμᾶς
2660 4026 2730 4081 τὰ
2761 4026 3028 4100 ἡμέτερα,
3065 4026 3164 4080 καὶ
3195 4027 3293 4098 τῆς
3318 4028 3549 4099 ταχείας
3572 4029 3689 4083 τῶν

2095 4119 2453 4193 ἀνθρωπίνων
2500 4121 2843 4192 περιτροπῆς
2892 4117 3276 4189 λαμϐάνοντας
3319 4119 3556 4185 ἔννοιαν,
3609 4122 3692 4193 μὴ

2100 4214 2532 4285 μεγαλοφρονεῖν
2577 4213 2699 4276 ταῖς
2761 4210 3090 4282 εὐημερίαις
3143 4209 3243 4265 τοῦ
3276 4209 3414 4280 βίου,
3466 4212 3543 4283 μὴ
3595 4215 3692 4267 ἐπ-

2097 4303 2432 4373 αγάλλεσθαι
2461 4301 2826 4368 δυναστείαις,
2849 4301 2924 4373 μὴ
2954 4300 3278 4372 ἐπαίρεσθαι
3296 4301 3529 4359 πλούτου
3557 4304 3696 4375 ἀδη-

2097 4392 2283 4465 λότητι
2302 4409 2318 4426 ο
2347 4393 2702 4465 περιφρονεῖν
2723 4390 2822 4463 τῆς
2848 4390 3052 4463 σαρκὸς
3073 4391 3204 4463 περὶ
3237 4391 3306 4463 ἢν
3322 4393 3356 4463 ἡ
3376 4391 3690 4462 ἀλλοίωσις,

2100 4481 2481 4554 ἐπιμελεῖσθαι
2522 4480 2581 4535 δὲ
2629 4480 2732 4552 τῆς
2795 4478 3010 4551 ψυχῆς,
3068 4474 3138 4552 ἦς
3181 4480 3242 4532 τὸ
3281 4479 3489 4548 ἀγαθόν
3536 4482 3693 4537 ἐστιν

2101 4574 2380 4645 ἀκίνητον.
2420 4571 2575 4628 Εὒδὲ
2622 4572 2786 4626 λυπεῖ
2837 4587 2897 4624 σε
2950 4571 2985 4639 ἡ
3045 4558 3396 4641 σελήνηταίς
3426 4571 3569 4626 κατά
3599 4588 3697 4642 μι-

2101 4663 2232 4735 κρὸν
2274 4661 2602 4732 ἀφαιρέσεσι
2652 4659 2714 4713 τὸ
2762 4659 2967 4729 φέγγος
3000 4657 3419 4728 ὲξαφανίζουσα,
3451 4659 3695 4715 λυπείτω

2105 4771 2164 4809 σε
2219 4753 2384 4810 πλέον
2442 4751 2594 4823 ψυχὴ
2652 4751 2856 4822 ἀρετὴν
2912 4748 2988 4821 μὴ
3056 4750 3403 4822 κτησαμένη,
3453 4752 3548 4805 καὶ⁵
3599 4752 3694 4806 διά

2103 4843 2437 4917 ἀπροσεξίας
2474 4843 2658 4898 αἰτίαν
2701 4841 2764 4895 τὸ
2809 4840 2977 4896 καλὸν
3019 4839 3378 4910 ἀφανίζουσα,
3428 4842 3526 4896 καὶ
3578 4858 3693 4913 μη-

2102 4939 2294 4993 δέποτε
2348 4935 2440 4991 ἐπὶ
2488 4937 2590 5006 τῆς
2634 4933 2808 5004 αὐτῆς
2853 4931 3149 4995 διαθέσεως
3202 4931 3445 5003 μένουσα
3469 4949 3484 4963 ’
3551 4931 3695 4986 ἀλλά

2108 5029 2290 5087 πυκνά
2337 5027 2676 5101 τρεπομένη,
2726 5025 2821 5080 καὶ
2875 5023 3325 5095 μεταδαλλομένη
3372 5023 3464 5081 διὰ
3501 5024 3563 5079 τὸ
3592 5025 3695 5095 τῆς

2106 5119 2332 5190 γνώμης
2361 5117 2665 5190 ἀνίδρυτον,

2181 5402 2289 5458 Τὸν
2344 5402 2456 5474 βίον
2502 5398 2693 5455 τοῦτον
2740 5395 3013 5467 πολλαχοῦ
3053 5394 3383 5467 εὑρίσκομεν
3432 5393 3537 5448 ὑπὸ
3596 5392 3699 5462 τῆς

2114 5497 2267 5561 θείας
2309 5493 2533 5568 Γραφῆς
2580 5491 2746 5546 ὕδατα
2789 5489 2885 5543 καὶ
2937 5487 3213 5543 θάλασσαν
3261 5484 3693 5555 ὀνομαζόμενον·

2113 5590 2188 5653 ὡς
2232 5589 2289 5641 ὲν
2338 5585 2416 5656 τῷ
2459 5581 2680 5654 ψαλμῷ,
2718 5600 2737 5636 ι
2786 5578 3197 5645 Ἐξαπέστειλεν
3240 5575 3300 5641 ἐξ
3351 5574 3543 5644 ὕψους,
3602 5572 3702 5628 καὶ

2116 5680 2276 5737 ἔλαϐέ
2339 5696 2405 5751 με
2430 5696 2443 5712 ·
2491 5674 2857 5748 προσελάϐετό
2903 5690 2970 5744 με
3023 5671 3085 5736 ἐξ
3134 5669 3341 5724 ὑδάτων
3396 5664 3634 5722 πολλῶν.
3670 5681 3694 5721 ι

2119 5774 2394 5847 Πρόδηλον
2450 5770 2579 5843 γὰρ,
2625 5769 2705 5822 ὅτι
2766 5765 2861 5837 τὴν
2904 5763 3148 5835 ταραχὴν
3195 5759 3286 5816 τοῦ
3341 5758 3479 5830 βίου,
3527 5756 3699 5812 ὕδατα
