3998 6430
355 405 486 475 1121

339 609 558 675 πολλοῖς
589 609 653 664 τὺ
680 611 837 675 ἑστὸς
862 615 958 666 καὶ
984 613 1214 685 μόνιμον
1236 614 1371 686 ἔχει,
1405 614 1529 668 οὔτε
1556 615 1625 670 τὰ
1656 632 1920 686 περιστα-

335 700 468 754 τικά
488 700 598 755 τῶν
620 703 966 772 πραγμάτων
990 704 1085 758 καὶ
1112 706 1352 775 κατηφῆ,
1374 703 1590 774 παγίως
1612 704 1879 775 ῆδρασται
1902 720 1918 736 ·

232 842 246 870 ⁸,
338 793 479 847 ἀλλὰ
508 793 685 849 πάντα
715 794 863 865 σάλῳ
890 795 997 849 τινὶ¹
1035 797 1132 849 καὶ
1172 795 1424 861 κλύδωνι,
1454 794 1549 849 καὶ
1596 795 1923 867 μεταϐολαῖς

337 883 625 955 ἀδοκήτοις
675 884 984 940 ὑπόκειται.
1032 886 1244 956 Ὠσπερ
1294 886 1387 940 οὖν
1443 884 1722 941 θάλασσαν
1776 888 1922 958 ἀμή-

337 991 500 1043 χανον
526 973 625 1044 τὴν
654 974 826 1046 αὐτὴν
856 977 952 1029 ἐπὶ
993 977 1128 1031 πολὺ
1163 977 1494 1049 διαρκέσαι·
1531 978 1632 1050 τὴν
1664 979 1773 1049 γὰρ
1826 977 1923 1031 νῦν

338 1065 464 1117 λίαν
516 1063 788 1145 σταθερὰχ
845 1066 1042 1138 μικρὸν
1091 1066 1326 1139 ὕστερον
1378 1067 1498 1138 δψει
1572 1069 1761 1139 βιαίως
1819 1067 1923 1122 ὑπὸ

336 1156 558 1226 ἀνέμων
617 1158 1057 1229 τραχυνομένην,
1104 1159 1200 1213 καὶ
1251 1157 1415 1212 πάλιν
1460 1158 1557 1230 τὴν
1613 1159 1922 1232 ἀγριαίνου-

341 1262 464 1310 σαν,
493 1246 591 1301 καὶ
626 1246 1007 1320 βρασσομένην
1049 1248 1127 1320 τῷ
1169 1248 1422 1315 κλύδωνι,
1467 1249 1659 1321 βαθείᾳ
1711 1248 1923 1322 γαλήνῃ

336 1337 477 1407 ταχὺ
525 1338 949 1409 κατεστόρεσεν·
1017 1337 1191 1402 οὕτως
1223 1340 1319 1394 καὶ
1362 1339 1432 1393 τά
1480 1340 1574 1392 τοῦ
1628 1338 1745 1408 βίου
1781 1340 1924 1409 πρά-

336 1438 526 1497 γματα
556 1428 753 1499 ῥᾳδίως
778 1428 1046 1499 λαμϐάνει
1078 1431 1447 1501 περιστροφάς
1473 1430 1557 1499 ἐφ’
1592 1428 1848 1501 ἑκάτερα.

412 1605 579 1659 Οὐδὲν
615 1606 724 1660 τῶν
772 1606 1131 1678 ἀνθρωπίνων
1159 1608 1398 1679 βέϐαιον,
1429 1606 1550 1660 οὐδὲ
1588 1608 1669 1670 είς
1696 1606 1758 1660 τὸ
1786 1624 1921 1661 παν-

335 1695 493 1761 τελὲς
523 1697 862 1768 παραμένειν
887 1701 1001 1763 τοῖς
1028 1697 1398 1769 κτησαμένοις
1431 1698 1701 1766 πέφυκεν.

1663 411 1901 472 SACRA
1942 402 2390 470 PARALLELA

338 519 508 587 λέγει.
542 516 678 571 Οὔτε
710 517 816 589 γὰρ
864 518 931 573 τά
974 520 1125 587 δεξιά
1176 522 1272 575 καὶ
1312 521 1756 592 περισπούδαστα
1807 523 1922 585 τοῖς

2032 519 2117 589 ius
2141 520 2265 574 vita:
2286 517 2758 588 perturbationem
2783 518 3075 591 intelligat.
3098 517 3235 575 Nam
3272 533 3376 575 nec
3403 533 3493 576 res
3521 537 3607 575 se—
3692 516 3712 523 ’

3471 409 3606 476 1122

2023 609 2219 664 cundae
2239 652 2254 677 ,
2285 616 2341 664 ct
2368 624 2491 680 quae
2518 608 2681 663 multi
2714 623 2929 665 summe
2958 609 3312 677 desiderant,
3340 617 3606 666 constan-

2023 701 2100 756 tia
2137 708 2268 758 sunt
2296 719 2310 756 :
2342 714 2443 757 nec
2471 716 2694 757 rursum
2730 700 2979 758 adversae
3009 708 3066 757 et
3095 703 3342 758 molestae
3364 740 3381 769 ,
3432 701 3610 759 ﬁrmis

2024 792 2312 848 radicibus
2339 791 2573 848 dedam:
2610 805 2802 847 verum
2851 793 3039 848 omnia
3087 793 3347 852 ﬂuctibus
3381 795 3610 866 quihus-

2025 882 2151 938 dam
2185 888 2239 938 et
2272 882 2527 948 turbini,
2580 897 2795 939 necnon
2845 883 3147 953 inopinatis
3203 887 3608 944 mutationibus

2020 981 2152 1031 sunt
2178 975 2439 1030 obnoxia.
2469 973 2627 1030 Velut
2651 975 2819 1046 igitur
2843 975 2959 1030 fieri
2992 990 3103 1028 non
3134 983 3336 1044 potest,
3359 984 3420 1030 ut
3450 992 3610 1032 mare

2023 1073 2227 1121 statum
2258 1065 2514 1121 eumdem
2542 1065 2638 1121 diu
2672 1067 2912 1121 retineat
2942 1066 3111 1135 (nam
3146 1067 3294 1134 quod
3328 1081 3476 1120 nunc
3504 1066 3608 1120 ad-

2023 1158 2249 1212 modum
2282 1159 2507 1228 planum
2553 1167 2669 1224 est,
2717 1158 2774 1211 id
2816 1159 3106 1227 aliquanto
3146 1164 3274 1226 post
3317 1166 3607 1212 ventorum

2022 1247 2226 1317 impetu
2255 1253 2646 1316 exasperatum
2669 1261 2866 1302 cernes
2891 1264 2905 1300 :
2934 1259 2999 1300 ac
3023 1260 3248 1301 rursum
3293 1244 3442 1313 quod
3477 1259 3608 1299 exa-

2026 1346 2333 1408 speratum,
2366 1353 2431 1393 ac
2457 1338 2683 1393 turbine
2709 1338 3000 1407 iactatum,
3034 1336 3143 1391 hoc
3171 1335 3281 1390 alta
3313 1334 3609 1390 confestim

1960 1483 1977 1507 ι
2025 1430 2400 1499 tranquillitas
2428 1428 2627 1500 sedat)
2655 1447 2671 1484 :
2698 1429 2815 1499 pari
2846 1428 3065 1483 ratione
3091 1426 3257 1497 hujus
3283 1428 3411 1483 vitae
3435 1441 3527 1483 res
3551 1425 3609 1482 in

2025 1528 2318 1590 utramque
2349 1527 2559 1590 partem
2593 1519 2758 1575 facile
2786 1525 3094 1574 mutantur.

2094 1609 2286 1681 Ejusd.
2319 1612 2466 1666 hom.
2495 1609 2576 1665 De
2604 1619 2743 1666 orat.
2774 1611 3010 1665 actione.
3040 1638 3113 1651 —
3142 1608 3295 1665 Nihil
3336 1609 3392 1663 in
3435 1608 3608 1666 rebus

2026 1702 2281 1758 humanis
2308 1710 2524 1759 certum
2556 1711 2608 1759 et
2638 1702 2857 1757 firmum
2883 1709 3004 1768 est,
3038 1716 3143 1759 nec
3181 1701 3251 1756 ad
3296 1709 3609 1758 extremum

2025 1808 2204 1863 usque
2230 1793 2487 1850 dominos
2515 1809 2648 1850 suos
2677 1794 3003 1850 comitatur.

412 1883 496 1937 Τά
518 1882 833 1954 ἀνθρώπινα
879 1882 1053 1937 ταῦτα
1112 1884 1272 1946 σκιᾶς
1325 1882 1472 1936 ἐστιν
1521 1880 1912 1952 ἀδρανέστερα,

2098 1883 2292 1954 ΕῙιιεά.
2328 1888 2485 1955 epist.
2522 1886 2611 1940 42.
2639 1917 2712 1927 -
2736 1885 2993 1941 Humana
3042 1885 3159 1940 haec
3193 1884 3407 1941 umbris
3438 1883 3612 1940 imbe-

336 1973 437 2028 καὶ
467 1973 694 2045 ὀνείρων
725 1974 1142 2046 ἀπατηλότεραο
1173 1975 1284 2028 εἴτε
1313 1973 1424 2044 γὰρ
1463 1972 1654 2042 νεότης
1687 1971 1920 2042 ἐαρινῶν

336 2065 519 2119 ἀνθῶν
578 2064 837 2137 ὀξύτερον
891 2068 1183 2138 καταρρεῖ,
1239 2067 1333 2120 καὶ
1392 2065 1513 2135 ὥρα
1573 2063 1919 2136 σώματοςῆ

337 2155 537 2226 χρόνῳ,
587 2154 621 2224 ἢ
667 2155 809 2225 νόσῳ
859 2157 1203 2227 μαραίνεται.
1244 2157 1357 2210 Καὶ
1389 2156 1617 2219 πλοῦτος
1663 2155 1763 2226 μὲν
1797 2155 1924 2209 ἄπι-

337 2261 491 2309 στος,
518 2244 644 2311 δόξα
666 2245 722 2298 δὲ
747 2245 1196 2318 εὐπερίτρεπτος,
1232 2247 1293 2300 αἴ
1311 2264 1371 2300 τε
1398 2248 1550 2318 παρὰ
1590 2245 1692 2310 τὰς
1727 2248 1925 2317 τέχνας

334 2334 689 2404 διαπονήσεις
710 2336 788 2406 τῷ
816 2339 991 2409 χρόνῳ
1014 2337 1189 2408 τούτῳ
1219 2336 1634 2409 ἀπαρτίζονται,
1668 2337 1808 2391 ἀλλά
1826 2340 1924 2391 καὶ

334 2426 402 2480 τδ
428 2426 899 2498 περισπούδαστον
946 2429 1174 2499 ἅπασιν,
1222 2428 1392 2497 ὀλίγοι
1447 2429 1574 2499 άχρι
1622 2428 1794 2499 ἀκοῆς
1825 2428 1924 2499 τὴν

337 2518 504 2591 χάριν
536 2518 775 2590 ἔχουσιν.
1336 2568 1343 2575 .

411 2609 637 2682 Πλούτῳ
680 2612 885 2681 κομᾷς;
917 2609 1014 2664 καὶ
1053 2611 1145 2665 ἐπὶ
1194 2610 1482 2682 προγόνοις
1511 2610 1655 2681 μέγα
1684 2610 1922 2681 φρονεῖς,

338 2702 438 2755 καὶ
467 2700 752 2773 ὲπαγάλλῃ
783 2701 1023 2772 πατρίδι,
1045 2703 1141 2757 καὶ
1159 2701 1346 2755 κάλλει
1381 2700 1655 2772 σώματος,
1683 2701 1778 2754 καὶ
1803 2701 1925 2764 ταῖς

338 2790 494 2863 παρὰ
522 2790 744 2845 πάντων
781 2793 997 2861 τιμαῖς;
1051 2790 1284 2862 πρόσεχε
1329 2789 1559 2860 σεαυτῷ,
1604 2791 1687 2844 ὅτι
1734 2789 1926 2860 θνητὸς

242 2868 253 2873 ’
338 2877 413 2948 εί,
443 2881 536 2935 καὶ
559 2883 651 2945 εἰς.
671 2884 775 2952 γῆν
804 2881 1100 2952 ἀπελεύσῃ.
1133 2881 1468 2953 Περίϐλεψαι
1514 2882 1641 2945 τοὺς
1679 2881 1787 2953 πρὸ
1830 2879 1926 2934 σοῦ

339 2976 402 3028 ὲν
428 2976 547 3038 ταῖς
575 2974 791 3044 ὁμοίαις
838 2974 1223 3043 περιφανείαις
1272 2974 1680 3040 ὲξετασθέντας.
1723 2975 1835 3028 Ποῦ
1876 2975 1926 3029 oi

341 3068 423 3131 εἰς
460 3067 559 3130 τὰς
602 3065 887 3131 πολιτικὰς
933 3066 1255 3129 δυναστείας
1299 3066 1785 3139 περιϐεϐλημένοι;
1822 3067 1927 3122 ποῦ

340 3159 389 3211 οί
440 3156 852 3230 δυσμαχώτατοι
907 3157 1173 3227 ῥήτορες;
1217 3154 1319 3209 ποῢ
1373 3157 1421 3209 oi
1453 3155 1557 3220 τὰς
1588 3156 1929 3228 πανηγύρεις

2023 1977 2239 2033 cilliora
2275 1984 2441 2041 sunt,
2470 1976 2702 2033 somniis
2734 1976 3043 2031 fallaciora.
3090 1976 3229 2030 Nam
3264 1983 3319 2031 et
3343 1974 3609 2045 juvenilis

2023 2079 2158 2123 aetas
2191 2067 2375 2122 vernis
2408 2066 2638 2122 ﬂoribus
2685 2067 2930 2122 celerius
2981 2065 3209 2132 defluit,
3251 2074 3307 2122 et
3355 2065 3609 2137 corporis

2024 2157 2405 2229 pulchritudo,
2431 2157 2517 2212 vel
2545 2164 2811 2226 tempore,
2846 2156 2931 2211 vel
2961 2158 3154 2211 morbo
3186 2158 3499 2213 marcescit.
3532 2158 3613 2212 Ac

2024 2250 2233 2305 divitiae
2277 2248 2502 2320 quidem
2554 2246 2739 2302 infidae
2790 2255 2963 2303 sunt:
3012 2248 3189 2318 gloria
3227 2255 3411 2303 autem
3452 2247 3614 2304 facile

2024 2342 2226 2398 labilis.
2257 2343 2476 2397 Artium
2506 2357 2678 2413 porro
2706 2341 2890 2399 studia
2923 2357 3033 2397 una
3067 2336 3194 2397 cum
3228 2343 3332 2398 hoc
3366 2350 3615 2412 tempore

2025 2432 2312 2487 finiuntur.
2348 2434 2470 2502 ipsa
2501 2448 2719 2502 quoque
2745 2433 3062 2503 eloquentia
3086 2472 3100 2497 ,
3131 2449 3294 2502 quam
3325 2440 3615 2503 tantopere

2027 2539 2221 2580 omnes
2249 2533 2549 2595 expetunt,
2583 2541 2750 2581 aures
2780 2526 3046 2581 duntaxat
3080 2527 3307 2581 mulcet.

2096 2612 2291 2684 Ejusd.
2320 2614 2463 2669 hom.
2494 2614 2548 2667 in
2576 2613 2750 2667 illud:
2777 2633 2794 2665 ι
2819 2613 3043 2668 Attende
3076 2614 3171 2667 tibi
3201 2614 3317 2681 ipsi.
3350 2633 3368 2667 ›
3395 2643 3467 2655 -
3487 2613 3618 2686 Opi-

2026 2706 2131 2762 bus
2155 2703 2589 2760 circumaﬂluis?
2610 2704 2680 2759 ob
2709 2704 2950 2775 majores
2976 2690 3102 2758 tuos
3130 2703 3433 2775 magnifice
3451 2705 3618 2776 320

2027 2797 2248 2854 sentis?
2274 2811 2341 2851 ac
2370 2804 2600 2867 propter
2624 2796 2820 2866 patriae
2850 2795 3205 2866 splendorem
3226 2836 3242 2862 ,
3278 2804 3332 2851 et
3363 2798 3615 2866 corporis

2028 2885 2496 2960 pulchritudinem
2520 2927 2535 2953 ,
2569 2886 2925 2957 honoresque
2960 2886 3085 2941 illos
3119 2886 3214 2957 qui
3254 2886 3324 2941 ab
3351 2888 3615 2943 omnibus

2027 2981 2083 3036 in
2124 2987 2178 3035 te
2215 2985 2614 3048 congeruntur,
2663 2977 2877 3033 attollis
2930 2977 3196 3033 animos?
3238 2977 3474 3033 Attende
3514 2977 3617 3034 tibi
3724 2964 3731 2973 ’

2029 3069 2171 3141 ipsi,
2215 3068 2363 3138 quod
2410 3082 2608 3137 nempe
2655 3066 2911 3122 mortalis
2960 3067 3075 3131 sis,
3115 3073 3170 3122 et
3202 3066 3257 3120 in
3294 3074 3500 3122 terram
3530 3081 3619 3122 re-

2030 3174 2318 3217 versurus.
2359 3156 2741 3226 Circumspice
2780 3157 2906 3212 illos
2938 3156 3033 3226 qui
3068 3164 3197 3212 ante
3228 3163 3283 3212 te
3322 3156 3517 3213 iisdem
3555 3158 3616 3213 in

340 3224 706 3314 διατιθέντεςς
738 3248 787 3301 oi
815 3224 1060 3318 λαμπροί
1095 3245 1386 3317 ίπποφόροι
1409 3263 1425 3313 ;
1451 3247 1500 3299 οἱ
1523 3224 1856 3318 στρατηγοί;
1877 3247 1924 3299 oi

2032 3250 2425 3323 splendoribus
2458 3224 2814 3305 exstiterunt.
2864 3224 2969 3304 Ubi
3015 3257 3180 3313 sunt,
3222 3247 3317 3318 qui
3370 3249 3620 3318 potentia

338 3338 663 3408 ⁴σιιτράπαι;
695 3340 743 3392 οἱ
764 3340 1018 3410 τύραννοι
1044 3354 1059 3402 ;
1103 3339 1165 3391 οὐ
1213 3338 1396 3393 πάντα
1429 3338 1580 3402 κόνις
1600 3379 1615 3405 ,
1644 3337 1708 3392 οὐ
1744 3338 1924 3393 πάντα

2032 3351 2089 3398 et
2114 3340 2448 3398 auctoritate
2477 3339 2533 3395 in
2563 3338 2850 3411 republica
2876 3336 3221 3394 ﬂoruerunt?
3241 3338 3335 3393 ubi
3366 3338 3621 3396 invictis-

346 3416 546 3500 μῦθοςς
570 3429 671 3484 οὐκ
687 3431 745 3483 ὲν
764 3429 968 3499 ὀλίγοις
988 3429 1197 3494 ὀστέοις
1221 3429 1290 3484 τὰ
1312 3429 1641 3502 μνημόσυνα
1661 3429 1762 3499 τῆς
1780 3428 1924 3500 ζωῆς

2032 3434 2159 3491 simi
2183 3432 2475 3489 oratores?
2504 3430 2596 3486 ubi
2622 3430 2718 3501 qui
2746 3430 3000 3501 publicos
3028 3437 3341 3485 conventus
3371 3430 3618 3488 instrue-

342 3521 557 3586 αὐτῶν’;
588 3521 827 3593 ἔγκυψον
851 3524 964 3586 τοῖς
985 3523 1197 3591 τάφοις,
1220 3523 1268 3575 εί
1294 3523 1497 3594 δυνήσῃ
1513 3523 1812 3591 διακρῖναι,
1841 3521 1924 3586 τίς

2032 3525 2203 3581 bant?
2251 3523 2343 3580 ubi
2382 3524 2629 3580 illustres
2664 3523 2747 3577 illi
2795 3521 3123 3578 alendorum
3175 3538 3448 3593 equorum
3496 3534 3613 3579 stu-

332 3615 371 3666 ὐ
400 3612 642 3683 οἰκέτης,
673 3614 767 3667 καὶ
794 3612 878 3677 τίς
906 3615 934 3666 ό
952 3614 1221 3686 δεσπότης
1252 3630 1268 3644 ·
1298 3614 1381 3678 τίς
1408 3614 1439 3667 ὀ
1461 3614 1698 3684 πτωχὸς,
1723 3613 1820 3669 καὶ
1840 3614 1924 3678 τίς

2032 3612 2224 3669 diosi?
2256 3613 2350 3670 ubi
2382 3613 2671 3684 copiarum
2713 3611 3038 3666 militarium
3079 3609 3284 3677 duces,
3335 3622 3574 3683 satrapae
3599 3652 3615 3677 ,

336 3704 371 3756 ὀ
410 3704 689 3783 πλούσιος.
744 3705 1055 3780 Διάκρινον,
1093 3705 1148 3759 εί
1187 3710 1273 3772 τίς
1302 3723 1387 3760 σοι
1423 3705 1672 3777 δύναμις,
1710 3706 1801 3762 τὸν
1837 3705 1927 3760 δέ-

326 3809 507 3863 ισμιον
550 3794 659 3848 ἀπὸ
693 3793 789 3848 τοῦ
826 3794 1119 3865 βασιλέως,
1155 3793 1247 3847 τὸν
1299 3792 1520 3865 ίσχυρδν
1553 3792 1662 3847 ἀπὸ
1696 3791 1791 3846 τοῦ
1823 3794 1924 3848 ἀσ-

328 3884 553 3950 θενοῦς,
579 3885 673 3939 τὸν
694 3886 949 3957 εὐπρεπῆ
979 3885 1089 3938 ἀπὸ
1105 3883 1200 3940 τοῦ
1227 3880 1525 3950 δυσειδοῦς.
1556 3883 1925 3958 Μεμνημένος

337 3969 437 4028 οὖν
463 3978 564 4045 τῆς
590 3977 824 4045 φύσεως,
852 3976 955 4030 οὐκ
978 3976 1267 4048 ὲπαρθήσῃ
1292 3976 1443 4030 ποτέ.

2027 3704 2295 3776 tyranni?
2317 3718 2503 3760 nonne
2526 3702 2711 3759 omnia
2737 3702 2943 3773 pulvis,
2969 3702 3155 3757 omnia
3186 3701 3413 3758 fabula?
3436 3718 3620 3759 nonne

2026 3796 2192 3868 pauci
2239 3797 2467 3853 ossibus
2516 3796 2644 3851 vitae
2681 3810 2880 3851 eorum
2913 3806 3278 3851 monumenta
3317 3796 3620 3852 constant?

2024 3887 2241 3959 Inspice
2275 3888 2555 3960 sepulcra,
2583 3902 2653 3942 an
2681 3886 3000 3943 discernere
3026 3901 3219 3957 queas,
3247 3888 3372 3957 quis
3400 3903 3619 3951 servus,

2024 3981 2153 4051 quis
2192 3980 2482 4045 dominus,
2515 3978 2641 4050 quis
2675 3992 2905 4050 pauper,
2934 3979 3062 4049 quis
3094 3977 3271 4035 dives.
3305 3978 3620 4051 Distingue,

326 4068 387 4122 si
419 4076 574 4138 potes
593 4107 607 4133 ,
636 4067 881 4123 vinctum
913 4082 943 4122 ἰ
969 4083 1117 4138 rege,
1145 4066 1347 4124 fortem
1380 4068 1451 4124 ab
1480 4066 1744 4124 imbecilli
1768 4106 1783 4134 ,
1812 4066 2103 4138 pulchrum
2129 4087 2160 4128 a
2184 4073 2448 4129 deformi.
2475 4069 2838 4142 Nequaquam
2867 4082 2999 4141 ergo
3024 4069 3172 4125 elato
3237 4071 3350 4125 eris
3412 4071 3617 4137 animo,

326 4159 389 4213 si
422 4169 678 4214 naturam
711 4159 768 4214 in
800 4160 1063 4216 memoria
1095 4159 1324 4215 habeas.

411 4253 476 4305 Οί
500 4252 781 4324 ἄνθρωποι
803 4255 923 4318 ταῖς
953 4254 1203 4324 νεφέλαις
1229 4253 1492 4318 ἐοίκασιν,
1523 4253 1661 4327 πρὸς
1691 4252 1791 4317 τὰς
1811 4252 1921 4307 τῶν

320 4331 671 4413 πνευμάτων
712 4337 1245 4416 μεταϐολάςάλλοτε
1287 4346 1406 4400 κατ’
1436 4346 1567 4401 ἄλλο
1606 4345 1774 4418 μέρος
1825 4345 1919 4399 τοῦ

337 4434 504 4502 ἀέρος
525 4436 949 4508 ὲμφερομέναις.

413 4526 578 4580 Φύσει
628 4528 728 4598 μὲν
770 4528 926 4583 οὐδὲν
972 4529 1082 4583 τῶν
1122 4529 1480 4601 ἀνθρωπίνων
1516 4524 1755 4601 βέϐαιον,
1809 4529 1927 4584 οὐδὲ

318 4618 566 4689 -ὀμαλδν,
601 4612 738 4674 οὐδὲ
780 4616 1075 4694 αὔταρκες,
1109 4622 1231 4678 οὐδὲ
1277 4623 1371 4677 ἐπὶ
1410 4623 1519 4677 τῶν
1562 4623 1741 4678 αὐτῶν
1776 4624 1928 4678 ίστά-

317 4724 545 4780 .μενον’
578 4710 715 4766 ἀλλά
743 4711 940 4778 κύκλος
983 4730 1068 4777 τις
1122 4713 1231 4767 τῶν
1278 4713 1567 4785 ἡμετέρων
1609 4713 1927 4785 περιτρέχει

335 4800 707 4871 πραγμάτων,
756 4799 948 4855 ἄλλοτε
996 4801 1164 4867 άλλας
1210 4803 1305 4856 ἐπὶ
1349 4804 1479 4874 μιᾶς
1526 4802 1742 4875 ἡμέρας
1795 4803 1928 4857 πολ-

315 4890 521 4959 λάκις,
552 4891 667 4946 ἔστι
699 4892 755 4945 δὲ
784 4892 873 4946 ὅτε
912 4893 1009 4948 καὶ
1050 4893 1201 4964 ὥρας
1241 4894 1422 4965 φέρων
1469 4893 1798 4964 μεταϐολὰς,
1832 4894 1929 4948 καὶ

337 4983 542 5056 αὖραις
594 4984 795 5054 μᾶλλον
839 4985 1116 5040 πιστεύειν
1168 4984 1333 5040 αὑτὸν
1376 4984 1525 5039 ἔστιν
1572 4986 1672 5055 οὐχ
1706 4984 1931 5056 ἱσταμέ-

336 5093 483 5143 ναις,
532 5076 628 5130 καὶ
680 5076 809 5148 νηὸς
852 5076 1299 5148 ποντοπορούσης
1343 5077 1538 5147 ἴχνεσι,
1590 5077 1687 5129 καὶ
1735 5076 1929 5141 νυκτὸς

338 5166 644 5237 ἀπατηλοῖς
679 5167 943 5239 ὀνείρασι,
993 5160 1068 5221 ὧν
1110 5167 1249 5238 πρὸς
1296 5167 1479 5236 ὀλίγον
1525 5168 1558 5236 ἡ
1604 5167 1784 5238 χάρις,
1834 5166 1930 5220 κσιῖΙ

338 5258 485 5313 κατὰ
510 5260 826 5331 ψαμμάθων
855 5260 1044 5325 παῖδες
1064 5258 1297 5315 τυποῦσι
1324 5259 1634 5324 παίζοντες,
1660 5258 1929 5330 ἢάνθρὼ-

340 5365 462 5403 πων
483 5351 774 5422 εὐημερίᾳσ
1752 5422 1756 5427 .
1896 5386 1899 5389 -

320 5620 534 5693 ὥσπερ
554 5624 619 5676 ὲν
649 5623 836 5694 παιδιᾷ
866 5623 1086 5695 ψήφων,
1130 5623 1321 5678 ἄλλοτε
1378 5622 1456 5686 εἰς
1498 5620 1689 5686 ἄλλους
1723 5623 1929 5693 parap-

346 5714 712 5786 ῥιπτούμεναο
743 5717 839 5770 καὶ
878 5714 1032 5768 οὐδὲν
1082 5714 1256 5777 οὓτως
1285 5713 1380 5767 τοῦ
1420 5713 1742 5784 κατέχοντος
1773 5713 1924 5777 ἴδιον,

343 5806 423 5870 ὡς
455 5807 490 5878 ἢ
523 5807 598 5879 μὴ
643 5808 823 5879 χρόνῳ
855 5809 1187 5879 παυσθῆναι,
1229 5808 1261 5879 ἢ
1310 5807 1489 5879 φθόνῳ
1539 5806 1924 5878 μετατεθῆναι.

2101 4253 2276 4323 Epist.
2302 4252 2393 4308 82.
2422 4281 2482 4296 -
2513 4250 2773 4306 Homines
2801 4248 3041 4305 nubibus
3066 4246 3278 4303 similes
3308 4256 3465 4312 sunt,
3497 4262 3622 4317 qme

2029 4365 2130 4422 pro
2159 4348 2286 4404 aliis
2316 4357 2481 4416 atque
2508 4344 2633 4399 aliis
2659 4343 2837 4399 ventis
2859 4379 2875 4405 ,
2905 4356 3054 4396 nunc
3086 4339 3143 4396 in
3172 4340 3346 4408 hanc,
3379 4356 3527 4394 nunc
3563 4341 3619 4395 in

2029 4442 2180 4497 illam
2214 4438 2361 4494 aeris
2395 4436 2674 4506 regionem
2711 4434 2987 4489 feruntur.
3372 4442 3375 4445 ·

2102 4533 2248 4588 Naz.
2284 4538 2424 4586 orat.
2454 4529 2546 4583 25.
2573 4556 2645 4570 -—-
2668 4524 2816 4581 Nihil
2849 4525 2908 4581 in
2940 4522 3107 4579 rebus
3132 4521 3394 4578 humanis
3424 4532 3619 4593 suapte

2028 4633 2229 4682 natura
2256 4622 2474 4678 firmum
2497 4658 2513 4686 ,
2539 4617 2810 4689 aequabile
2832 4630 2896 4672 ac
2918 4614 3169 4670 durabile
3188 4620 3274 4668 est
3292 4655 3307 4679 ,
3334 4627 3434 4667 nec
3456 4612 3621 4681 quid-

2030 4733 2198 4790 quam
2227 4717 2283 4772 ill
2307 4693 2500 4771 eodem
2530 4719 2677 4767 statu
2709 4713 3035 4763 constanter
3061 4711 3281 4759 manet:
3307 4717 3497 4757 verum
3530 4717 3619 4757 res

2030 4820 2238 4867 nostra;
2266 4806 2417 4863 velut
2446 4817 2583 4875 gyro
2609 4798 2851 4872 quodam
2883 4797 3200 4861 volvuntur,
3231 4803 3291 4850 ut
3317 4795 3456 4850 alias
3481 4804 3621 4849 tem-

2031 4915 2137 4972 pus
2169 4897 2322 4954 aliud
2343 4935 2359 4961 ,
2391 4909 2458 4949 ac
2490 4907 2637 4962 saepe
2669 4903 2818 4945 unus
2854 4887 3115 4958 idemque
3146 4887 3298 4953 dies,
3327 4886 3417 4941 vel
3451 4884 3618 4939 etiam

2031 5004 2142 5045 una
2178 4985 2454 5042 interdum
2489 4983 2660 5049 hora,
2696 4979 3039 5035 mutationes
3069 4975 3263 5031 afferat
3298 4992 3313 5031 :
3346 4980 3512 5045 atque
3543 4973 3620 5027 ita

2031 5087 2095 5135 ut
2123 5077 2358 5134 incertis
2398 5073 2616 5138 ventis,
2659 5078 2716 5128 et
2750 5069 2907 5125 navis
2940 5081 3091 5123 mare
3120 5064 3502 5138 percurrentis
3530 5079 3622 5119 ve-

2033 5169 2249 5241 stigiis,
2285 5165 2695 5234 fallacibusque
2732 5154 3288 5223 noctis'insumniis,
3316 5171 3384 5212 ex
3418 5155 3621 5226 quibus

2012 5242 2290 5330 ‘voluptas
2316 5255 2502 5312 brevis
2524 5254 2765 5325 capitur,
2787 5251 2968 5321 iisque
2991 5249 3212 5305 demum
3244 5247 3456 5319 figuris,
3481 5262 3621 5317 quas

2030 5345 2191 5416 pueri
2224 5359 2323 5416 per
2349 5341 2542 5398 ludum
2573 5342 2630 5396 in
2662 5353 2827 5421 arena
2857 5338 3218 5403 describunt,
3244 5335 3453 5393 certior
3482 5334 3619 5390 ﬁdes

988 5500 989 5503 η
2012 5437 2223 5515 haberi
2256 5435 2472 5508 possit,
2506 5448 2671 5505 quam
2705 5431 2994 5487 hominum
3025 5428 3300 5485 felicitati.

416 5529 497 5585 Τὰ
549 5531 648 5602 μὲν
694 5531 804 5604 γάρ
853 5533 973 5586 ἐστι
1029 5532 1235 5604 ῥευστὰ
1292 5532 1388 5585 καὶ
1438 5530 1771 5602 πρόσκαιρα,
1832 5530 1930 5584 καλ⁹
2014 5580 2015 5587 η

2105 5527 2252 5583 Ibid.
2275 5558 2345 5569 —
2369 5526 2481 5584 Res
2511 5524 2788 5597 siquidem
2821 5522 2948 5578 vitae
2980 5521 3150 5591 hujus
3188 5519 3350 5575 fluxae
3392 5527 3523 5575 sunt
3564 5525 3621 5576 et

2033 5619 2257 5675 caduca:
2276 5658 2292 5681 ,
2321 5623 2376 5671 et
2407 5615 2554 5671 velut
2588 5613 2643 5668 in
2671 5610 3017 5669 calculorum
3042 5607 3195 5674 ludo,
3222 5623 3374 5663 nunc
3399 5607 3465 5662 ad
3491 5606 3617 5669 hos,

2038 5725 2186 5767 nunc
2219 5709 2288 5763 ad
2324 5709 2451 5763 illos
2493 5698 2738 5762 vl’cissim
2772 5704 3157 5759 volvunturmt
3186 5714 3286 5755 nec
3317 5698 3617 5770 quidquam

2002 5796 2019 5811 ⁶
2038 5766 2113 5854 ita
2140 5797 2483 5870 possidentis
2505 5795 2790 5868 proprium
2820 5793 2915 5858 sit,
2943 5792 3077 5863 quin
3103 5794 3186 5845 vel
3211 5766 3615 5875 temporisﬁln‘nf

2042 5890 2350 5964 ginquitate
2383 5889 2625 5958 finiatur,
2661 5886 2745 5944 vel
2782 5883 2988 5942 invidia
3023 5880 3413 5943 transferatur.
3486 5882 3487 5885 “
