3998 6404
533 339 560 396 1
572 327 677 396 123

1730 326 1793 388 S.
1821 322 2145 386 JOANNIS
2162 323 2619 388 .DAMASCENI

3647 342 3760 415 1121

591 442 851 515 Ejusdem
873 434 1368 495 arat.16.-Nibil
1390 435 1681 492 immotum
1704 445 2083 507 manet,quem

2182 462 2197 496 ι
2293 436 2459 491 Οὐδὲν
2491 437 2772 510 ἀκίνητον,
2802 440 2943 514 ὅπερ
2972 440 3132 513 ἔφην,
3162 443 3285 500 οὐδὲ
3313 446 3529 519 όμαλδν,
3549 456 3661 513 οὐδὲ
3689 465 3763 517 αὖ.

528 535 826 592 admodum
878 537 1008 585 ante
1052 526 1304 583 dicebam
1331 566 1347 592 ,
1400 527 1543 584 nihil
1579 527 1852 599 aequabile
1889 541 1955 581 ac
1987 541 2110 581 cer-

525 638 644 683 tum
666 668 682 693 ,
713 639 815 680 nee
842 622 913 677 ad
939 627 1254 677 extremum
1293 635 1472 691 usque
1501 620 1590 677 sui
1622 620 1806 676 simile
1832 626 1917 675 est
1941 636 1957 673 :
1996 633 2109 673 non

525 717 810 782 hilaritas,
842 729 955 770 non
983 711 1249 769 mmstitia
1271 751 1287 776 ,
1317 726 1427 767 non
1451 727 1618 783 opes,
1650 727 1760 767 non
1787 720 2107 783 paupertas,

523 824 637 866 non
687 809 882 874 robur,
929 820 1041 862 non
1070 804 1452 868 imbecillitas,
1500 818 1612 859 non
1666 804 1944 873 potentia,
1994 818 2104 857 non

523 901 849 965 humilitas,
884 914 994 954 non
1023 897 1321 968 praesentia
1344 935 1360 960 ,
1413 910 1524 950 non
1569 894 1800 960 futura,
1849 909 1962 949 non
2008 909 2108 950 no-

521 998 673 1055 stra,
726 1003 839 1044 non
893 988 1113 1054 aliena,
1164 1001 1275 1042 non
1328 999 1532 1056 parva,
1566 999 1679 1039 non
1727 999 1963 1055 magna,
1997 998 2108 1038 non

520 1079 759 1150 denique
792 1076 1061 1147 quidquid
1093 1076 1164 1130 ab
1196 1075 1309 1130 ullo
1361 1075 1639 1129 nominari
1690 1083 1877 1145 queat.
1924 1075 2109 1142 Atque

519 1173 625 1227 hoc
656 1170 868 1241 aequale
895 1167 1247 1239 inaequalitas
1282 1165 1482 1231 habet,
1518 1173 1580 1220 ut
1620 1179 1822 1237 nempe
1853 1179 1946 1222 res
1986 1179 2110 1221 om-

518 1275 620 1316 nes
663 1259 886 1317 subsint
934 1256 1249 1312 mutationi.
1303 1252 1503 1311 Omnia
1546 1254 1699 1310 enim
1741 1251 1909 1310 facile.
1956 1268 2110 1309 com-

2214 544 2441 617 rupisse,
2485 529 2606 585 οὐδὲ
2652 533 2733 597 είς
2784 532 2938 599 τέλος
2979 535 3194 607 ὃμοιοψ
3245 538 3368 594 οὔτε
3416 543 3673 617 εὐθυμεῖν,
3707 557 3758 609 οὐ

2213 613 2467 683 πλοῦτος,
2510 617 2572 672 οὐ
2615 620 2798 687 πενία,
2823 623 2885 676 οὐ
2909 622 3162 697 δύναμις,
3193 626 3295 683 οὐκ
3322 613 3582 703 ἀσθένεια,
3605 613 3667 695 οὐ.
3684 660 3762 699 τα-

2215 706 2574 804 rmvet-riget?
2589 708 2896 779 δυναστεία,
2908 714 2969 768 οὐ
2986 714 3055 769 τά
3072 717 3408 789 παρόντα,οὐ
3427 723 3494 778 τὰ
3511 728 3758 804 μέλλοντα,
3796 753 3811 769 ·-

2213 800 2276 896 ob
2303 800 2375 896 τά
2398 802 2666 896 ήμίτερα,
2698 806 2760 859 οὐ
2777 807 2838 860 τὸ
2866 807 3168 881 ἀλλότριον,
3194 812 3257 867 οὐ
3290 816 3482 887 μικρὸν
3521 822 3554 893 ἦ
3582 800 3757 896 μεῖζον,

2213 892 2315 991 oux
2346 894 2375 947 ὃ
2402 911 2454 991 τι
2478 893 2545 991 ἂν
2567 898 2696 970 εῐπῃ
2727 915 2832 962 τις.
2859 899 2969 955 Καὶ
2996 901 3157 956 τοῦτο
3183 905 3298 958 ἴσον
3323 907 3424 961 κᾶν
3453 892 3624 986 ἰσότης
3643 892 3756 991 ἔχει,

2210 985 2311 1057 τὴν
2327 1003 2395 1038 πε
2401 987 2458 1057 pi
2474 988 2694 1044 πάντων
2722 992 3046 1067 μεταϐολήν,
3070 996 3376 1069 Περιχωρεῖ
3391 1001 3498 1072 γάρ
3521 1005 3586 1063 τὰ
3607 985 3759 1069 πάντα

2214 1075 2434 1168 ῥαδίως,
2483 1082 2589 1168 fati.
2651 1087 2985 1154 μεταχωρεῖ,
3050 1087 3145 1141 καὶ
3198 1090 3658 1153 ἀντικαθίσταται.
3697 1102 3758 1168 ὡς

2214 1163 2415 1259 αὔραις
2456 1164 2598 1224 εἶναι
2642 1172 2845 1243 μᾶλλον
2874 1176 3176 1245 πιστεύειν,
3213 1180 3310 1236 καὶ
3354 1183 3635 1258 γράμμασι
3667 1163 3761 1259 τοῖς

2214 1256 2339 1310 καθ’
2370 1258 2580 1326 ὕδατος,
2611 1263 2645 1333 ἢ
2679 1260 2986 1338 ἀνθρώπων
3017 1269 3310 1345 εὐημερίᾳ.

517 1361 740 1418 meant,
772 1352 1044 1407 recedunt
1073 1356 1130 1404 et
1158 1349 1527 1404 immutantur
1561 1366 1574 1402 :
1608 1348 1747 1405 adeo
1792 1356 1852 1403 ut
1894 1347 2108 1403 certius
2145 1346 2205 1403 in
2235 1352 2414 1409 ventis
2466 1362 2524 1412 et
2574 1357 2632 1414 in
2673 1358 2879 1418 litteris
2954 1362 3013 1419 in
3061 1378 3206 1439 aqua
3276 1368 3543 1443 scriptis,
3593 1372 3762 1439 ﬁducia

517 1447 698 1518 possit
731 1443 1029 1508 collocari,
1061 1455 1227 1512 quam
1264 1442 1320 1494 iu
1353 1440 1647 1496 hominum
1677 1439 1963 1495 felicitate.

803 1552 999 1625 Ejusd.
1036 1554 1091 1609 in
1124 1551 1301 1607 Iamb.
1334 1560 1476 1607 erat.
1516 1550 1587 1605 ad
1617 1548 1821 1607 Christ.

584 1669 833 1725 Mortuus
866 1683 980 1722 sum
1014 1665 1137 1722 huic
1172 1679 1489 1720 (arumnosas
1526 1664 1646 1717 vita:
1668 1702 1683 1727 ,

584 1740 719 1807 ρυω
748 1738 936 1807 Euripi
971 1753 1116 1792 ntere
1136 1776 1152 1801 ,
1187 1750 1409 1807 rursum
1432 1741 1483 1789 et
1517 1733 1767 1807 deorsum
1800 1730 2009 1807 fertur,

584 1800 657 1864 Et
688 1826 752 1864 ne
784 1800 894 1863 uno
924 1800 1249 1879 quidem’die
1281 1804 1571 1876 quidquam
1607 1803 1755 1873 ﬁrmi
1790 1800 1968 1856 habet.

583 1920 841 1992 Ejusdem
874 1930 1015 1975 erat.
1052 1920 1142 1974 10.
1169 1947 1242 1960 -
1268 1916 1423 1973 Talis
1460 1924 1547 1973 est
1575 1916 1691 1971 vita
1731 1923 1959 1979 nostra,
1989 1911 2104 1968 fra-

509 2025 668 2080 tres;
705 2015 801 2069 tali
829 2011 997 2068 modo
1028 2013 1133 2067 hoc
1165 2025 1283 2067 aevo
1319 2011 1393 2066 ita
1422 2008 1706 2065 ludimus:
1742 2014 1801 2062 ut
1834 2020 1960 2062 cum
1993 2021 2105 2060 non

509 2106 825 2181 fuerimus,
881 2116 1225 2159 nascamur:
1268 2116 1395 2157 cum
1454 2100 1570 2156 nati
1620 2113 1850 2163 sumus,
1903 2112 2104 2155 rursus

505 2195 1262 2254 dissoiramurJnsomnium
1289 2207 1482 2250 sumus
1508 2187 1789 2255 instabile,
1819 2203 2103 2257 spectrum

496 2289 783 2362 quoddam
840 2288 986 2358 quod
1044 2285 1222 2342 teneri
1281 2285 1517 2355 nequit,
1581 2272 1922 2338 transeuntis
1979 2281 2102 2338 avis

502 2382 726 2437 volatus
746 2422 764 2447 ,
793 2380 954 2435 navis
981 2379 1035 2433 in
1066 2378 1206 2433 mari
1235 2377 1532 2445 vestigium
1561 2390 1673 2432 non
1704 2375 1949 2439 habens,
1977 2373 2103 2445 pul-

503 2475 589 2530 vis
610 2513 625 2539 ,
651 2487 842 2542 vapor,
876 2486 975 2526 ros
1004 2469 1313 2526 matutinus
1335 2510 1351 2535 ,
1376 2469 1480 2525 ﬁos
1510 2468 1579 2523 ad
1612 2475 1830 2537 tempus
1861 2474 2101 2523 nascens

501 2575 558 2622 et
614 2579 993 2621 marcescens.
1032 2579 1053 2615 ι
1087 2560 1265 2617 Homo
1312 2561 1465 2616 sicut
1520 2559 1710 2615 fenum
1761 2556 1885 2613 dies
1934 2556 2095 2627 ejus,

494 2668 770 2728 tanquam
805 2656 908 2714 llos
957 2655 1077 2728 agri
1121 2657 1202 2711 sic
1232 2653 1500 2710 einorebit
1536 2652 1728 2724 (Psal.
1762 2667 1868 2716 cn,
1905 2648 2033 2722 15).
2070 2669 2091 2703 ο

497 2749 675 2819 Quam
713 2750 983 2821 praeclare
1031 2746 1255 2803 divinus
1305 2744 1479 2800 David
1531 2745 1618 2800 his
1669 2743 1858 2800 verbis
1892 2742 1964 2797 de
1994 2755 2097 2797 no—

494 2852 616 2900 stra
678 2841 1063 2901 imbecillitate
1112 2836 1575 2910 philosophatur!
1626 2833 2093 2907 quemadmodum

494 2942 553 2989 et
585 2934 643 2987 in
675 2932 802 2988 istis
830 2950 844 2985 :
876 2948 898 2983 ι
927 2928 1275 2984 Paucitatem
1325 2928 1542 2983 dierum
1594 2942 1845 2983 meorum
1895 2926 2094 2983 nuntia

495 3024 658 3097 321
697 3022 832 3079 mihi
867 3019 1063 3094 (Psal.
1099 3035 1189 3087 cr,
1220 3019 1291 3073 24
1316 3020 1356 3090 ).
1400 3038 1419 3072 ι
1455 3019 1601 3086 Quin
1630 3020 1799 3076 etiam
1850 3019 2091 3077 hominis

493 3116 611 3174 dies
650 3115 820 3188 palmi
850 3127 1113 3171 mensura
1135 3111 1694 3168 circumscribuntur.

566 3206 821 3278 Ejusdem
853 3221 1024 3262 carm.
1046 3204 1111 3260 de
1134 3204 1254 3261 vitae
1277 3204 1511 3259 itinerib.
1544 3202 1724 3259 soluta
1750 3205 2089 3259 oratione.—

490 3298 693 3354 Multas
728 3297 953 3370 quidem
1001 3297 1123 3353 vias
1156 3297 1323 3352 habet
1370 3312 1688 3354 aerumnosa
1719 3296 1835 3353 vita
1870 3312 1885 3350 :
1920 3305 2088 3369 atque

492 3391 601 3446 alia
655 3389 880 3462 quidem
929 3394 985 3444 et
1036 3388 1146 3443 alia
1195 3388 1323 3445 aliis
1375 3389 1612 3459 aliisque
1642 3388 1995 3444 detrimentis
2029 3398 2086 3444 et

489 3482 653 3537 noxis
697 3481 1059 3537 admiscetur.
1103 3478 1288 3534 inﬁdae
1337 3479 1541 3547 divitiae
1578 3487 1709 3534 sunt
1736 3497 1749 3534 :
1775 3478 1897 3549 ipse
1927 3479 2084 3550 prin.

486 3573 709 3644 cipatus
735 3580 792 3627 et
823 3585 917 3628 res
976 3568 1236 3626 secundae
1263 3569 1578 3639 arrogantia
1607 3576 1863 3625 constant
1898 3588 1911 3625 :
1947 3570 2083 3627 sub-

487 3679 620 3720 esse
684 3664 846 3719 labor
900 3670 1007 3729 est,
1065 3662 1287 3717 vincula
1337 3661 1649 3731 pauperies,
1698 3663 1876 3732 gratia
1949 3676 2081 3732 per-

490 3754 690 3826 exigua
745 3753 860 3811 oris
889 3752 1058 3809 decor
1083 3767 1209 3823 quae
1245 3753 1418 3808 instar
1452 3751 1691 3822 fulguris
1741 3753 1905 3808 micat
1937 3769 1951 3806 :
1983 3753 2076 3825 ju-

486 3852 649 3899 verita
693 3853 865 3900 aestus
917 3851 1004 3900 est
1072 3844 1362 3914 temporis,
1420 3855 1680 3900 senectus
1722 3845 1903 3902 tristis
1950 3847 2077 3902 vitze

483 3944 653 4003 meta,
701 3936 877 4008 gloria
935 3950 1088 3992 aurae
1139 3937 1360 4003 similis,
1408 3945 1463 3991 et
1491 3938 1664 3992 robur
1691 3939 1843 3993 velut
1885 3936 2074 3994 fenum

484 4028 652 4098 paleae
706 4044 829 4099 qua:
890 4043 1025 4100 agro
1057 4036 1162 4085 est.
1212 4026 1478 4084 Pctulans
1511 4029 1807 4100 ingluvies,
1864 4042 2075 4087 catenae

478 4121 844 4187 connubium,
874 4120 1139 4190 praeclara
1170 4120 1354 4190 proles
1385 4121 1442 4176 in
1484 4135 1651 4176 curas
1676 4121 1930 4192 impellit,
1955 4130 2072 4179 ste-

478 4213 662 4268 rilitas
713 4210 1100 4282 mgriludinem
1146 4212 1299 4283 parit
1329 4220 1385 4268 et
1416 4212 1692 4269 dolorem.
1724 4212 1782 4268 Si
1822 4211 1945 4269 fora
1980 4229 2072 4270 se-

477 4304 670 4370 ctaris,
705 4296 1114 4362 sollicitudines
1142 4304 1417 4357 malorum
1446 4303 1715 4374 ingruunt
1758 4322 1772 4358 :
1809 4304 1857 4361 si
1886 4305 2073 4375 priva-

478 4405 590 4451 tam
604 4395 797 4459 vit’am,
817 4393 934 4449 haec
951 4393 1191 4449 invalida
1217 4403 1323 4450 est.
1347 4395 1631 4464 Angustus
1652 4396 2068 4468 probrosusque

474 4496 559 4545 est
613 4488 829 4543 alienus
888 4487 1089 4543 cibus:
1124 4487 1280 4542 labor
1338 4488 1734 4558 agricolatio:
1788 4497 2065 4560 quotquot

475 4582 700 4638 sulcant
751 4581 953 4646 maria,
985 4580 1039 4635 in
1077 4594 1271 4636 orcum
1305 4588 1563 4649 vergunt.
1625 4579 1811 4636 Patria
1861 4581 2065 4652 cuique

471 4674 794 4730 barathrum
828 4688 991 4729 suum
1012 4679 1099 4729 est
1122 4680 1344 4727 :extera
1372 4671 1552 4737 tellus,
1581 4672 1866 4743 probrum.
1901 4673 2063 4740 Quaa-

469 4780 693 4838 cunque
723 4765 815 4822 hic
865 4763 1022 4832 ﬁunt,
1078 4763 1341 4820 universa
1377 4763 1556 4828 labor,
1589 4764 1781 4820 omnia
1818 4766 1981 4822 lusus
2009 4774 2065 4821 et

469 4858 682 4926 illusio,
715 4857 920 4930 lanugo
947 4857 1104 4914 auris
1157 4857 1390 4930 agitata,
1426 4856 1902 4928 umbra,species,
1944 4873 2060 4926 ros,

467 4959 691 5017 ventus,
738 4965 944 5022 penna,
1006 4965 1201 5022 vapor,
1228 4950 1491 5021 fulgetra,
1537 4951 1844 5018 somnium,
1878 4949 2062 5007 ﬂuxus

468 5042 763 5111 torrentis,
818 5040 1110 5114 vestigium
1154 5043 1339 5109 navis,
1402 5042 1571 5108 cinis,
1636 5051 1759 5097 rota
1813 5042 2061 5098 volutata

469 5135 649 5191 instar
678 5131 1059 5205 cylindrorum
1078 5140 1234 5191 stans
1260 5148 1624 5205 currensque,
1649 5133 1828 5190 soluta
1849 5143 1906 5190 et
1930 5133 2058 5201 ﬁxa,

466 5223 912 5296 tempestatibus,
955 5223 1173 5294 diebus,
1218 5226 1503 5301 noctibus,
1526 5228 1813 5293 aerumnis,
1844 5225 2051 5283 funeri-

467 5320 597 5385 bus,
629 5315 944 5395 moestitiis,
993 5317 1236 5390 gaudiis,
1269 5318 1502 5389 morbis,
1530 5319 1779 5387 casibus,
1814 5317 2057 5374 infortu-

464 5411 600 5471 niis.
653 5410 930 5469 Humanis
959 5410 1128 5468 rebus
1165 5413 1304 5470 nihil
1329 5412 1667 5471 imbecillius
1700 5429 1715 5468 :
1753 5412 1857 5468 hoc
1884 5426 2057 5468 unum

467 5502 677 5558 bonum
734 5499 1050 5558 hominibus
1105 5502 1328 5564 ﬁrmum
1367 5511 1474 5575 est,
1510 5512 1574 5559 ut
1599 5516 1797 5574 nempe
1828 5516 2055 5560 crucem

462 5598 746 5666 gestantes
776 5590 901 5647 inde
925 5593 1213 5661 secedant,
1237 5594 1476 5667 gemitus
1516 5593 1765 5660 trahant,
1812 5604 2053 5650 mentem

465 5683 672 5741 divinis
720 5683 875 5739 curis
894 5683 1196 5742 etﬁduciis
1226 5687 1400 5753 alant,
1437 5694 1497 5742 ut
1528 5685 1758 5743 caeleste
1789 5685 1910 5755 illa,
1932 5702 2055 5757 quae

465 5766 1017 5863 putris__adtniscetttr,
1040 5773 1310 5837 Trinitate
1345 5777 1670 5835 irradietur.

2285 1663 2555 1742 Τέθνηιεα
2585 1665 2764 1742 recte“
2796 1665 2878 1732 τῷ
2900 1671 3252 1742 cumam»
3281 1674 3422 1742 βίῳ,

2287 1735 2394 1799 Ὃς
2419 1733 2659 1803 φέρεται
2680 1736 2804 1790 ἄνω
2838 1738 2939 1792 καί
2962 1739 3121 1795 κάτω
3144 1733 3626 1818 Εὖρίπόύδίκην,

2278 1803 2532 1859 Βέϐαιον
2553 1804 2756 1874 οὐδὲν,
2783 1807 2929 1862 οὐδὲ
2947 1808 3040 1879 ἐφ’
3057 1812 3290 1881 ἡμέραν
3311 1815 3527 1885 φέρων.

2739 1847 2756 1874 ι
2783 1847 2926 1862 vvvw
2947 1847 3020 1874 ογ
3060 1847 3274 1874 ἀμῦναι
3312 1847 3527 1874 γομωντ.

2278 1914 2535 1980 Τοιοῦτος
2568 1917 2598 1970 ό
2630 1916 2744 1988 βίος
2778 1918 2959 1990 ἡμῶν,
3006 1919 3264 1992 ἀδελφοί·
3305 1926 3544 1982 τοιοῦτον
3593 1930 3651 1985 τδ
3687 1934 3762 1990 ἐπὶ

2205 2006 2313 2079 γῆς
2355 2007 2630 2077 παίγνιον,
2678 2010 2781 2063 οὐκ
2816 2009 2946 2064 ὄντα
2993 2013 3273 2081 γενέσθαι,
3327 2018 3423 2072 καὶ
3470 2022 3761 2097 γενομένους

2204 2096 2562 2169 ἀωλυθῆναι.
2600 2100 2776 2171 Ὀναρ
2825 2103 2993 2172 ἐσμὲν
3026 2104 3127 2176 οὐχ
3171 2106 3487 2179 ἱστάμενον,
3518 2112 3693 2184 φάσμα
3717 2133 3761 2171 τι

2204 2189 2282 2261 μὴ
2309 2189 2701 2263 κρατούμενον,
2734 2193 2936 2264 πτῆσις
2963 2196 3153 2268 ὀρνέου
3201 2203 3632 2274 παρερχομένου,
3651 2207 3760 2274 ναῦς

2202 2282 2295 2336 ἐπὶ
2312 2281 2588 2353 θαλάσσης
2616 2284 2763 2355 ἴχνος
2794 2285 2897 2340 οὐκ
2923 2285 3141 2358 ἔχουσα·
3170 2291 3343 2358 κόνις,
3375 2294 3562 2365 ἀτμὶς,
3587 2296 3757 2372 ἑωθινὴ

2194 2372 2413 2445 δρόσος,
2443 2374 2605 2439 ἄνθος
2636 2376 2816 2448 καιρῷ
2843 2379 3139 2451 φυόμενον,
3165 2383 3264 2439 καὶ
3292 2386 3470 2458 καιρῷ
3495 2386 3754 2460 λυόμενονι

2204 2485 2226 2519 ι
2256 2465 2747 2539 Ἀνθρωπος,ὼσεὶ
2784 2470 2977 2543 χόρτος
3007 2475 3064 2528 αἱ
3090 2475 3298 2547 ἡμέραι
3327 2480 3511 2546 αὑτοῦ,
3531 2481 3653 2538 ὡσεὶ
3681 2485 3757 2542 ἄνα

2200 2557 2292 2622 θος
2343 2559 2439 2614 τοῦ
2484 2561 2678 2634 ἀγροῦ,
2728 2563 2903 2630 οὕτως
2949 2566 3306 2639 ὲξανθήσει.,ι
3335 2573 3531 2638 Καλῶς
3573 2578 3601 2632 ό
3637 2576 3755 2644 θεῖος

2199 2646 2366 2704 Δαΰὶδ
2411 2650 2541 2722 περὶ
2587 2651 2876 2718 ἀσθενείας
2904 2656 3066 2727 ἡμῶν
3114 2659 3535 2734 ἐφιλοσόφησεν,
3580 2666 3667 2721 καὶ
3709 2670 3755 2727 ὲν

2202 2737 2435 2803 ἐκείνοις
2487 2742 2602 2804 τοῖς
2633 2742 2842 2815 ῥήμασι
2862 2761 2879 2778 ο
2912 2765 2931 2797 ι
2961 2745 3074 2819 Τὴν
3093 2747 3393 2823 ὀλιγότητα
3424 2753 3532 2808 τῶν
3567 2755 3756 2827 ἡμερῶν

2199 2847 2302 2900 μου
2332 2830 2656 2901 ἀνάγγειλόν
2684 2850 2797 2904 μοι’
2833 2853 2851 2886 ι
2887 2836 2985 2890 καὶ⁸
3014 2837 3334 2899 παλαιστῶν
3365 2842 3560 2916 μέτρον
3570 2846 3660 2913 τάς
3679 2848 3754 2905 ἀν-

2196 2920 2478 2992 θρωπίνας
2511 2923 2724 2997 ἡμέρας
2747 2927 3013 3000 ὁρίζεται.

2262 3184 2461 3240 Πολλαὶ
2491 3189 2590 3259 μὲν
2618 3189 2713 3244 τοῦ
2743 3190 2863 3262 βίου
2888 3193 2985 3249 τοῦ
3011 3195 3367 3265 πολυπαθοῦς
3397 3200 3456 3254 ai
3483 3198 3615 3255 ὁδοί·
3643 3200 3753 3272 άλλη

2187 3274 2247 3333 δὲ
2301 3275 2551 3364 ἀλλοῐαις
2569 3279 2831 3364 *βλάϐαις
2876 3286 3283 3358 συμμίσγεται·
3338 3292 3369 3345 ό
3413 3290 3634 3357 πλοῦτος
3673 3292 3753 3364 μιν

2185 3356 2450 3434 ἄπιστοξ’
2481 3372 2516 3442 ἠ
2546 3352 2607 3425 δῖ
2629 3372 2775 3446 ἀρχὴ
2805 3376 2900 3430 καὶ
2925 3352 3272 3450 είδόαιμονία,
3301 3382 3529 3456 ὀνείρων
3568 3352 3753 3459 si:qu-

2185 3460 2352 3531 φανία
2373 3476 2389 3496 ο
2419 3463 2516 3517 καὶ
2546 3464 2607 3519 τὺ
2635 3466 2908 3537 ἄρχεσθαι
2942 3471 3162 3542 μόχθος,
3192 3476 3227 3547 ὴ
3272 3477 3439 3531 πενία
3466 3477 3523 3532 δὲ
3551 3477 3749 3549 δεσμός·

2183 3553 2460 3627 εὐμορφία
2483 3555 2541 3610 δὲ
2560 3557 2952 3630 ὲπιλάμπουσα
2973 3564 3071 3621 καὶ
3093 3564 3573 3639 ὲξαστράπτουσα,
3602 3569 3749 3644 μικρὰ

2154 3635 2345 3716 ’χάρις
2366 3661 2382 3677 ο
2415 3648 2449 3720 ἡ
2481 3644 2672 3721 νέότης
2703 3651 2762 3706 δὲ
2794 3646 3069 3727 θερμότης
3108 3635 3308 3729 χρόνου
3343 3677 3358 3692 ο
3389 3662 3453 3716 τὸ
3491 3635 3658 3735 γῆρας
3675 3635 3750 3718 λυ-

2181 3737 2359 3811 πηρὸν
2398 3739 2554 3806 τὲλος
2582 3742 2678 3798 τοῦ
2711 3743 2827 3815 βίου
2851 3762 2868 3782 ο
2902 3749 2937 3819 ή
2970 3748 3101 3817 δόξα
3123 3751 3201 3815 ὡς
3230 3753 3377 3825 ἀήρο
3408 3758 3439 3826 ἡ
3469 3755 3617 3827 ἰσχὺς
3639 3753 3750 3808 ὡσεὶ

2179 3829 2374 3901 χόρτος
2398 3829 2495 3886 τοῦ
2517 3834 2577 3891 ἑν
2605 3834 2764 3907 ἀγρῷ
2791 3836 3020 3911 ἀχόρου.
3073 3841 3352 3909 ’Δτακτος
3385 3848 3419 3916 ἡ
3450 3845 3746 3919 πλησμονή·

2175 3920 2354 3992 δεσμά
2393 3922 2423 3976 ό
2457 3925 2670 3997 γάμος·
2697 3929 2956 3987 εὐπαιδία
2998 3931 3232 4000 τέκνων,
3265 3936 3517 4009 μέριμνα
3538 3939 3750 4006 ἀναγκα-

2178 4015 2339 4087 στική
2358 4031 2372 4046 ·
2411 4018 2445 4089 ὴ
2469 4021 2822 4089 κακοτεκνία,
2847 4023 3001 4089 νόσος
3032 4024 3127 4081 καὶ
3141 4026 3311 4099 ὀδύνη
3330 4043 3345 4057 ⁸
3377 4031 3435 4082 ai
3462 4029 3521 4084 δὲ
3551 4027 3746 4101 ἀγοραὶ.

2172 4106 2275 4178 τῆς
2333 4110 2539 4175 κακίας
2594 4114 2907 4185 φροντίδεςο
2966 4118 3000 4188 ἡ
3055 4118 3296 4189 admei;
3351 4122 3431 4189 δὲ,
3480 4121 3745 4181 ἀσθένεια.

2172 4199 2342 4273 Στενὴ
2368 4202 2465 4257 καὶ
2496 4202 2867 4272 ἐπονείδιστος
2891 4209 2924 4279 ἠ
2956 4208 3217 4282 ἀλλοτρία
3243 4215 3461 4287 τροφή·
3489 4214 3553 4270 τὸ
3575 4214 3631 4270 δὲ
3662 4212 3746 4282 τὴν

2170 4289 2277 4361 γῆν
2301 4295 2565 4367 ἀροτριᾷν
2587 4297 2793 4362 κόπος·
2821 4300 2933 4359 τῶν
2975 4300 3425 4373 θαλασσοπλόων,
3457 4307 3534 4370 ὡς
3578 4304 3667 4361 ἐπὶ
3697 4301 3747 4357 τὸ

2172 4385 2335 4440 πλέον
2384 4387 2444 4442 ἐν
2489 4388 2568 4460 τῷ
2599 4389 2799 4464 ᾇδῃ·ὴ
2840 4394 3042 4465 πατρὶς
3087 4396 3166 4462 δὲ,
3210 4397 3496 4473 βάραθρον
3542 4398 3743 4467 ίδιον·ἠ

2099 4453 2143 4514 D
2172 4474 2429 4546 ξενιτεία,
2468 4453 2707 4557 ὄνειδοςζ
2727 4453 2915 4541 Πάντα
2958 4453 3170 4560 ’μόχθος
3349 4453 3664 4565 ἀνθρώποις
3688 4453 3746 4545 τά

2167 4569 2426 4640 ἐνταῦθα,
2506 4574 2687 4633 πάντα
2762 4579 3105 4651 ὲμπαιγμὺς,
3168 4582 3528 4657 ριπιζόμενος
3582 4580 3743 4656 χνοῦςν

2168 4662 2318 4729 σκιά,
2349 4665 2444 4719 καὶ
2474 4669 2748 4737 φαντασία
2766 4685 2783 4702 ο
2808 4670 3023 4744 δρόσος,
3056 4673 3282 4745 ἄνεμος,
3324 4677 3548 4749 πτερὸν,
3578 4675 3740 4745 ἀτμὶς,

2167 4757 2429 4830 σπινθὴρ,
2478 4760 2754 4827 ἐνύπνιον,
2789 4763 2944 4835 χύμα
2995 4757 3292 4837 ῥεύματος,
3352 4767 3544 4829 πλοίου
3594 4766 3740 4840 ἴχνος.

2162 4850 2362 4922 τέφρα,
2396 4853 2589 4924 τροχὸς
2610 4854 2700 4908 ἀεὶ
2721 4857 3112 4929 στρεφόμενος,
3141 4859 3311 4931 ὅμοια
3362 4862 3546 4918 πάντα
3573 4858 3739 4916 κυλίν-

2162 4939 2334 5011 δροις,
2374 4943 2548 5008 ἑστώς
2593 4962 2654 5001 τε
2701 4946 2797 5000 καὶ
2842 4947 3076 5021 τρέχων,
3122 4949 3411 5022 λυόμενός,
3471 4948 3738 5023 πεπηγὼς,

2162 5031 2355 5105 ὥραις,
2411 5033 2675 5106 ἡμέραις,
2730 5035 2871 5104 νυξὶ,
2926 5038 3171 5109 μόχθοις,
3208 5040 3491 5109 θανάτοις,
3539 5040 3737 5101 λύπαις,

2160 5124 2443 5194 τέρψεσιν,
2477 5127 2840 5199 ἀρρωστίαις,
2876 5131 3142 5201 πτώσεσι,
3173 5134 3608 5208 κακοπραγίαις.
3632 5131 3739 5188 Τῶν

2159 5217 2520 5288 ἀνθρωπίνων
2543 5220 2602 5276 δὲ
2630 5222 2786 5277 οὐδέν
2825 5224 2976 5281 ἐστιν
3015 5226 3456 5301 ἀδρανὲστερον·
3490 5228 3550 5287 ἓν
3592 5226 3738 5299 μόνον

2159 5311 2255 5366 καὶ⁵
2304 5310 2526 5384 βέϐαιόν
2572 5315 2722 5372 ἐστιν
2769 5318 2886 5382 τοῖς
2929 5318 3243 5391 ἀνθρώποις
3284 5321 3476 5389 καλὸν,
3504 5317 3737 5376 ἐντεῦθεν

2158 5404 2469 5477 ἀναχωρεῖν
2495 5405 2588 5461 τὸν
2616 5408 2849 5482 σταυρὸν
2878 5409 3271 5482 βαστάζοντας,
3303 5414 3522 5486 δάκρυά
3556 5428 3614 5466 τε
3654 5407 3736 5465 καὶ

2158 5501 2503 5570 στεναγμοὺς
2535 5502 2629 5556 καὶ
2653 5502 2781 5559 νοῦν
2809 5504 2984 5571 θείαις
3013 5506 3264 5580 φροντίσι
3297 5507 3397 5569 καὶ
3424 5506 3629 5570 ἐλπίσι,
3654 5500 3736 5559 καὶ

2155 5595 2223 5665 τῇ
2270 5594 2464 5666 Τριάδι
2506 5595 3056 5673 λελαμπρυσμένους,
3094 5606 3162 5675 τῇ
3198 5603 3534 5678 ἐπουρανίῳ,
3564 5602 3628 5673 τῇ
3657 5615 3730 5671 μισ

2155 5687 2404 5761 γνυμένη
2421 5691 2534 5756 τοῖς
2556 5690 2839 5765 καθαροῖς.
