3998 6396
284 355 420 422 1125

1620 349 1867 411 VSACRA
1905 348 2098 407 PARA
2111 347 2348 407 LLELA

3427 352 3564 418 1126

347 476 508 546 Οἴμοι
557 473 748 526 τούτου
803 469 896 524 τοῦ
935 469 1050 539 βίου
1103 463 1328 536 βλάϐαις
1379 461 1863 531 ὲπιμηκεστέρου·

2045 456 2237 526 Ejusd.
2265 473 2409 510 curm
2443 456 2507 511 de
2535 465 2642 512 ext.
2673 429 2816 512 liam.
2851 459 3084 514 vilitate.
3117 489 3171 500 -
3219 459 3366 514 Proh
3393 463 3562 518 vitam
3642 455 3662 462 ’

277 575 380 634 ἕως
415 571 558 630 τίνος
583 568 773 639 κόπρῳ
803 560 1286 636 παρακαθέζεμαις

346 754 444 817 Τίς
480 752 623 822 βίος;
652 753 782 804 ποία
801 746 944 816 Coiﬁ;
981 746 1043 797 ἐκ
1078 741 1247 811 τάφου
1280 740 1550 811 πηδήσας,
1587 735 1680 787 ἐπὶ
1705 731 1873 800 τάφον

279 848 441 904 πάλιν
489 844 722 904 ὁδεύων,·
758 844 820 894 ὲκ
851 841 905 892 δὲ
941 837 1035 891 τοῦ
1105 836 1277 903 τάφου
1315 834 1479 888 πάλιν
1525 833 1583 884 ἐν
1614 829 1748 899 πυρὶ
1779 827 1869 881 θά-

281 957 487 1011 πτομαι
515 920 827 1002 ἁποτῆιως.
857 929 998 983 Αὐτὸ
1021 928 1078 980 δὲ
1123 926 1282 980 τοῦτο
1309 924 1432 978 ὅσον
1460 920 1735 982 ἀναπνέω,
1777 934 1874 970 πο-

278 1032 453 1106 ταμοῦ
485 1032 600 1084 ἐστι
634 1026 761 1098 ῥοῦς
789 1024 1095 1094 τρέχοντος,
1131 1019 1216 1072 ἀεὶ
1239 1015 1621 1087 ἀπερχομένου
1657 1010 1755 1065 καὶ
1789 1012 1872 1077 ἑρ-

277 1101 508 1199 χομένου
532 1124 595 1175 ὲκ
617 1119 726 1171 τῶν
751 1116 953 1178 ὀπίσω,
989 1113 1151 1166 πάλιν
1177 1109 1395 1180 βέϐαιον
1420 1106 1584 1178 μηδὲν
1605 1104 1817 1175 ἔχοντος
1839 1101 1870 1171 ἢ

278 1195 562 1289 φέροντος·
595 1212 717 1264 ὅσον
755 1208 904 1269 κόνις
946 1204 1242 1274 ὀφθαλμοῖς
1278 1199 1691 1259 ὲπιπάσσουσα,
1724 1195 1873 1254 ὅπως

279 1286 362 1363 ἂν-
406 1304 500 1360 τοῦ
554 1300 690 1356 Θεοῦ
741 1299 932 1370 πόρρω
989 1296 1162 1349 πέσω.
1191 1291 1455 1362 Παίγνιόν
1519 1291 1668 1342 ἐστιν
1713 1288 1742 1340 6
1777 1286 1873 1340 ἄν·

281 1399 308 1451 θ
317 1412 526 1470 ρωπος.

362 1482 650 1552 Ἀλλήλους
684 1479 782 1550 μὲν
813 1478 908 1530 καὶ
938 1474 1068 1544 ὲγὼ,
1100 1474 1194 1527 καὶ
1228 1473 1256 1525 6
1303 1469 1516 1542 χρόνος,
1548 1467 1622 1531 ὡς
1659 1466 1808 1537 ὅρνις
1836 1465 1869 1536 ἢ

279 1580 356 1642 ὼς
396 1576 554 1629 πλοῖα
617 1574 674 1626 ὲν
728 1570 957 1636 πελάγει
1024 1564 1596 1636 ἀντιπαρατρὲχομεν,
1653 1559 1880 1628 βέϐαιον,

277 1670 430 1724 οὐδὲν
485 1667 720 1738 ἔχοντες.
778 1663 959 1732 Ὅπερ
1002 1659 1058 1713 δὲ
1099 1658 1373 1730 ἥμαρτον,
1409 1654 1468 1708 οὐ
1513 1650 1870 1722 παρατρέχει,

279 1766 418 1822 ἀλλά
445 1759 754 1835 παραμένει
779 1759 847 1828 τῇ
879 1755 1017 1826 ζωῇ.

361 1937 422 1991 'O
455 1934 733 2006 περίγειος
781 1929 960 2002 χῶρος
992 1926 1103 1982 τῶν
1130 1921 1485 1998 τρεπομένων
1514 1921 1608 1975 καὶ
1631 1920 1872 1975 ἀλλοιουο

283 2028 466 2100 μένων
502 2025 672 2080 ἐστίν.

366 2119 502 2184 Ἀεὶ,
533 2117 768 2188 μάλιστα
793 2115 850 2168 δὲ
878 2113 973 2168 νῦν
1004 2111 1474 2180 εῦκαιρονείπεῖν·
1504 2128 1523 2161 ‹
1557 2106 1872 2176 Ματαιότης

287 2209 689 2279 ματαιοτήτων,
720 2205 791 2259 τὰ
818 2205 1000 2258 πάντα
1031 2201 1349 2273 ματαιότης.
1385 2218 1402 2250 ι
1441 2199 1554 2252 Ποῦ
1581 2199 1613 2268 ἡ
1644 2196 1874 2268 λαμπρά

281 2302 384 2370 τῆς
435 2297 697 2360 ὑπατείας
745 2294 1049 2366 περιϐολή;
1104 2292 1207 2345 ποῦ
1255 2292 1311 2344 δὲ
1357 2291 1414 2344 αἱ
1459 2289 1684 2359 φαιδραὶ
1728 2289 1871 2358 λαμ-

282 2392 483 2454 πάδες;
510 2389 610 2442 ποῦ
631 2388 686 2442 δὲ
713 2389 763 2441 οἱ
798 2387 1004 2456 κρότοι,
1037 2385 1133 2439 καλ¹
1161 2385 1211 2437 οἱ
1236 2383 1409 2455 χοροὶ,
1437 2383 1529 2434 καὶ
1559 2381 1616 2434 αἱ
1643 2380 1870 2442 θαλεῖαι,

282 2479 384 2533 x0).
407 2478 462 2530 αἱ
490 2475 865 2546 πανηγύρεις;
890 2473 993 2526 ποῦ
1035 2472 1092 2525 δὲ
1139 2473 1189 2524 οί
1235 2471 1512 2538 στέφανοι,
1547 2468 1641 2520 καὶ
1675 2467 1743 2520 τὰ
1771 2483 1875 2520 πα-

287 2567 734 2641 ραπετάσματα;
771 2564 875 2618 ποῦ
906 2565 964 2618 δὲ
994 2565 1094 2634 τῆς
1122 2562 1331 2624 πόλεως
1359 2563 1387 2613 6
1417 2559 1666 2631 θόρυϐος.
1696 2558 1789 2612 καὶ
1817 2559 1873 2612 αἱ

285 2664 348 2717 ὲν
379 2660 767 2730 ἱπποδρομίαις
794 2656 1085 2727 εὐφημίαι,
1127 2655 1222 2709 καὶ
1266 2653 1376 2707 τῶν
1428 2651 1675 2722 θεάτρων
1698 2651 1754 2702 αἱ
1786 2665 1878 2701 κο-

283 2755 536 2820 λακεῖαι;
564 2753 749 2805 Πάντα
775 2751 960 2802 ἐκεῖνα
994 2747 1206 2818 οἴχεται
1228 2762 1242 2780 ο
1269 2745 1366 2798 καὶ
1407 2745 1607 2813 ἄνεμος
1640 2744 1879 2805 πνεύσας

285 2845 524 2916 ἀθρόως,
557 2844 626 2897 τὰ
664 2843 762 2912 μὲν
786 2839 962 2910 φύλλα
986 2837 1308 2900 κατέϐαλεν,
1341 2834 1550 2906 γυμνὸν
1566 2834 1632 2887 ,δὲ
1655 2833 1788 2903 ἡμῖν
1819 2833 1878 2885 τὸ

287 2935 508 3008 δένδρον
542 2932 844 3008 ἀπέδειξεν,
883 2931 979 2984 καὶ
1018 2929 1127 2983 ἀπὸ
1161 2929 1261 2998 τῆς
1310 2926 1466 2998 ῥίζης
1496 2923 1666 2994 αὐτῆς
1693 2921 1880 2976 λοιπὸν

289 3027 674 3098 σαλευόμενον.
689 3022 927 3093 Τοιαύτη
951 3021 1060 3092 γὰρ
1081 3021 1114 3092 ἡ
1133 3019 1227 3072 τοῦ
1253 3018 1564 3088 πνεύματος
1584 3013 1878 3088 προσϐολὴ,

1980 549 2122 602 hanc
2155 549 2422 603 malorum
2461 549 2607 605 serie
2661 549 3049 618 prolixiorem!
3086 551 3333 621 quandiu
3362 552 3568 609 sedebo

1978 641 2034 694 in
2059 639 2338 694 stercore?

2037 731 2192 797 Quae,
2227 731 2516 802 qualisque
2546 733 2660 788 hac
2691 734 2799 788 vita
2833 735 2942 790 est?
2967 750 3029 789 ex
3058 737 3270 791 tumulo
3293 736 3566 791 tumulum

1977 838 2196 876 rursmu
2253 832 2379 891 peto
2416 843 2428 878 :
2461 840 2797 894 rursumque
2847 841 2912 879 ex
2976 827 3190 880 tumulo
3227 827 3283 880 in
3314 827 3441 898 igne
3472 841 3564 881 se-

1975 929 2105 968 vera
2161 914 2368 984 judicis
2427 917 2704 972 sententia
2759 917 3024 970 tumulor.
3069 916 3124 970 ld
3181 918 3363 986 ipsum
3415 917 3564 988 quod

1978 1005 2150 1074 spiro,
2209 1008 2360 1062 velut
2411 1007 2592 1063 amnis
2625 1008 3014 1078 rapidissimus
3040 1017 3121 1062 est
3147 1008 3240 1078 qui
3272 1024 3397 1062 cum
3440 1025 3568 1064 sur-

1978 1112 2100 1150 sum
2134 1099 2444 1164 exoriatur,
2515 1101 2582 1153 ad
2609 1100 2715 1153 ima
2747 1114 2970 1170 semper
2990 1098 3110 1152 ﬁuit
3138 1099 3270 1168 :qui
3301 1101 3441 1155 nihil
3471 1101 3568 1155 ﬁr-

1977 1203 2124 1240 mum
2176 1189 2396 1256 habeat,
2427 1206 2529 1245 nec
2556 1190 2731 1245 ferat:
2767 1192 2944 1245 instar
2984 1200 3070 1247 est
3100 1192 3399 1259 pulvisculi
3469 1194 3567 1262 qui

1977 1278 2030 1331 in
2058 1280 2256 1334 oculos
2287 1296 2441 1336 meos
2472 1283 2771 1351 spargitur,
2797 1289 2855 1334 ut
2887 1285 3130 1351 procula
3162 1282 3274 1338 Deo
3298 1283 3568 1340 excidam.

1976 1369 2330 1437 Ludibrium,
2360 1374 2524 1428 homo
2563 1383 2670 1430 est.

2047 1461 2240 1532 Ejmd.
2266 1479 2434 1517 carm.
2467 1465 2523 1529 2,
2558 1463 2631 1519 De
2655 1465 2796 1520 hom.
2843 1476 2956 1521 nat.
2982 1467 3210 1538 fragilit.
3235 1497 3306 1508 —
3328 1467 3571 1537 Tempus

1975 1567 2100 1622 ego,
2157 1567 2244 1607 me
2275 1562 2495 1623 tempus
2553 1555 2798 1610 vicissim
2856 1557 3126 1624 praeterit,
3163 1572 3266 1612 ceu
3301 1557 3567 1619 volucris,

1979 1657 2077 1697 ceu
2112 1644 2270 1699 navis
2301 1646 2374 1698 im
2410 1645 2570 1710 mari,
2608 1655 2668 1699 ut
2709 1645 2846 1700 nihil
2887 1656 3041 1702 stans
3075 1647 3352 1718 ﬁxumque
3383 1657 3570 1701 tenea-

1992 1749 2135 1789 mus.
2166 1735 2321 1800 Quod
2346 1743 2526 1790 autem
2556 1735 2752 1792 admisi
2804 1736 3108 1807 peccando,
3140 1738 3246 1792 hoc
3286 1753 3569 1808 nunquam

1905 1802 1947 1856 Β
1986 1826 2253 1894 praeterit,
2287 1825 2406 1890 sed,
2441 1826 2571 1880 dum
2601 1826 2715 1880 vita
2739 1802 2999 1898 suppetit,
3020 1835 3226 1883 manet.

2063 1917 2216 1986 Greg.
2271 1915 2438 1986 Nysa.
2470 1917 2807 1972 —Terrena
2859 1919 3012 1990 regio
3069 1934 3262 1972 eorum
3302 1927 3389 1976 est
3447 1935 3572 1989 qute

1974 2007 2265 2060 mutationi
2299 2017 2351 2061 et
2380 2009 2733 2062 conversioni
2765 2008 3033 2063 obnoxia.

2044 2097 2324 2168 C/trysost.
2358 2100 2501 2153 hom.
2533 2100 2655 2153 adv.
2695 2100 2995 2168 Eulrop.—
3019 2100 3157 2156 Cum
3190 2117 3425 2172 semper,
3456 2111 3570 2156 tum

1976 2207 2121 2244 nunc
2149 2191 2458 2260 praesertim
2508 2193 2894 2262 tempestivum
2924 2200 3010 2246 cst
3030 2192 3215 2248 dicere
3247 2207 3262 2244 :
3297 2212 3315 2243 ι
3342 2192 3572 2247 Vanitas

1973 2279 2277 2334 vanitatum
2312 2288 2365 2333 et
2384 2280 2566 2334 omnia
2589 2281 2808 2335 vanitas
2833 2279 3047 2349 (Eccle.
3081 2297 3119 2346 ι,
3145 2281 3270 2350 2).»
3305 2280 3405 2336 Ubi
3437 2297 3576 2350 prae-

1975 2371 2123 2425 ctara
2187 2372 2509 2428 consulatus
2566 2371 2903 2443 amplitudo?
2955 2371 3046 2427 ubi
3099 2372 3206 2426 lata
3258 2371 3576 2441 lampadum

1975 2461 2488 2517 collustratio?ubi
2530 2463 2798 2532 plausus?
2838 2463 2928 2518 ubi
2991 2463 3187 2518 chori?
3247 2463 3340 2517 ubi
3394 2462 3574 2517 festivi

1976 2553 2329 2623 celebresque
2393 2555 2737 2608 conventus?
2767 2555 2859 2610 ubi
2925 2569 3144 2608 coronae
3168 2563 3222 2608 et
3246 2555 3458 2608 aulaea?
3491 2555 3577 2608 ci-

1977 2643 2166 2699 vitatis
2196 2644 2496 2709 tumultus,
2527 2651 2583 2699 et
2608 2644 2905 2714 populares
2941 2644 2996 2697 in
3020 2659 3292 2714 equorum
3317 2645 3578 2699 cursibus

1978 2735 2441 2791 acclamationes?
2472 2736 2564 2790 ubi
2597 2736 2882 2790 theatricae
2942 2735 3336 2790 adulationes?
3367 2743 3576 2790 cuncta

1981 2825 2098 2879 haec
2146 2825 2550 2880 abscesserunt
2581 2839 2595 2876 :
2634 2840 2700 2879 ac
2761 2827 3086 2895 repentinus
3107 2827 3446 2892 ventinatus,
3477 2841 3577 2881 ex-

1980 2916 2162 2971 cussis
2192 2916 2339 2972 foliis
2373 2917 2578 2970 nudam
2618 2916 2785 2971 nobis
2821 2917 3076 2972 arborem
3112 2919 3377 2983 ostendit,
3413 2927 3468 2974 et
3506 2923 3577 2973 ad

1983 3007 2138 3078 ipsos
2189 3023 2365 3077 usque
2424 3007 2642 3063 radices
2672 3016 3021 3077 quassatam.
3077 3007 3256 3063 Tanto
3293 3010 3441 3063 enim
3471 3009 3578 3063 im-

287 3123 370 3187 ὼς
409 3121 503 3176 καὶ¹
541 3117 840 3190 πρόρριζον
871 3114 1116 3168 ἀπειλεῖν
1161 3112 1434 3182 ἀνασπᾷν,
1471 3109 1563 3163 καὶ
1588 3107 1730 3162 αὐτά
1759 3105 1879 3160 δια-

1993 3109 2110 3170 petu
2174 3108 2373 3155 ventus
2409 3099 2678 3165 incubuit,
2712 3109 2772 3153 ut
2803 3114 2922 3154 eam
2954 3114 3090 3170 pene
3116 3100 3384 3155 radicitus
3418 3101 3578 3156 evul-

291 3211 556 3266 σαλεῦσαι
581 3208 675 3261 τοῦ
702 3206 921 3276 δένδρου
951 3203 1019 3257 τὰ
1043 3202 1231 3273 νεῦρα.
1257 3200 1368 3254 Ποῦ
1394 3198 1491 3253 νῦν
1520 3199 1567 3252 οἱ
1597 3197 1878 3266 πεπλανη-

1993 3192 2134 3256 serit,
2169 3192 2431 3262 ipsasque
2481 3189 2647 3245 ﬁbras
2721 3191 2839 3260 jam
2899 3191 3267 3246 labefactat-it.
3298 3191 3402 3247 Ubi
3431 3207 3581 3248 nunc

294 3303 451 3376 μένοι
488 3300 666 3370 φίλοι;
692 3296 795 3351 ποῦ
835 3297 894 3350 δὲ
938 3295 1008 3350 τὰ
1065 3295 1388 3363 προσωπεῖα
1439 3290 1547 3344 τῶν
1589 3288 1877 3351 κολάκων;

291 3393 399 3450 ποῦ
435 3393 502 3447 τὰ
543 3391 820 3460 συμπόσια
863 3388 957 3442 κοιλ⁸
990 3386 1058 3442 τὰ
1098 3386 1308 3451 δεῖπνα,
1345 3383 1440 3438 καὶ
1482 3384 1511 3434 6
1546 3380 1656 3435 τῶν
1699 3395 1880 3450 παρα-

291 3489 459 3542 σίτων
495 3487 684 3555 ἐσμὸς,
719 3483 818 3536 καὶ
848 3481 912 3534 δι’
941 3479 1070 3550 ὅλης
1101 3479 1315 3550 ἡμέρας
1353 3473 1679 3545 ὲκχεόμενος
1705 3472 1881 3541 ἀκρα-

290 3595 409 3644 τος,
447 3576 546 3630 καὶ
585 3576 643 3628 αἱ
681 3572 923 3627 ποικίλαι
967 3572 1076 3624 τῶν
1123 3567 1403 3638 μαγείρων
1449 3566 1657 3635 τέχναι,
1699 3562 1794 3615 καὶ
1830 3561 1881 3614 οἱ

289 3673 395 3742 τῆς
448 3667 767 3730 δυναστείας
819 3660 1156 3734 θεραπευταί
1171 3676 1186 3726 ;
1217 3661 1268 3713 oi
1305 3659 1484 3712 πάντα
1534 3655 1674 3726 πρὸς
1723 3653 1884 3724 χάριν

293 3761 582 3825 ποιοῦντες
617 3759 711 3813 καὶ
739 3757 1029 3827 λέγοντες;
1059 3753 1179 3820 Νὺξ
1215 3748 1284 3824 ἦν
1331 3752 1511 3805 πάντα
1558 3748 1741 3801 ἐκεῖνα
1789 3745 1886 3799 καὶ

292 3857 452 3925 ὖναρ,
510 3852 606 3907 καὶ⁹
665 3849 884 3924 ἡμέρας
934 3845 1239 3918 γενομένης
1287 3841 1585 3914 ἠφανίσθη.
1615 3838 1786 3909 ’Δνθη
1818 3833 1886 3908 ἦν

295 3943 516 4018 ἐαρινὰ,
586 3943 684 3995 καὶ
730 3938 1101 4012 παρελθόντος
1139 3933 1234 3988 τοῦ
1286 3932 1446 4002 ἔαρος
1493 3931 1711 3984 ἅπαντα
1756 3944 1890 3981 κατ-

295 4036 589 4113 εμαράνθη
611 4051 624 4066 ·
647 4034 778 4088 σκιὰ
796 4029 885 4104 ἦν,
917 4031 1014 4086 καὶ
1039 4028 1410 4101 παρέδραμεν
1442 4023 1650 4086 καπνὸς
1674 4017 1764 4093 ἦν,
1793 4020 1888 4074 καὶ

293 4129 518 4200 διελύθη
533 4145 548 4162 ο
579 4145 650 4181 πο
658 4125 932 4197 μφόλυγες
953 4119 1114 4194 ἦσαν,
1141 4120 1235 4173 καὶ
1253 4119 1328 4172 διε
1337 4115 1623 4189 ρράγησαν
1642 4129 1655 4144 ·
1674 4114 1887 4186 ἀράχνη

295 4218 389 4295 ἦν,
413 4221 512 4274 καὶ
538 4215 864 4286 διεσπάσθη.
895 4213 986 4265 Διὸ
1003 4211 1166 4266 πάλιν
1198 4209 1298 4280 τὴν
1317 4205 1696 4277 πνευματικὴν
1719 4203 1892 4257 ταῦτα

301 4312 518 4384 ἐπῳδὴν
556 4310 876 4379 ἐπάγωμεν,
915 4303 1156 4374 συνεχῶς
1197 4301 1479 4370 λέγοντεςο
1525 4317 1543 4350 ι
1577 4295 1892 4366 Ματαιότης

307 4404 706 4480 ματαιοτήτων,
733 4402 802 4456 τά
833 4400 1012 4455 πάντα
1047 4396 1367 4468 ματαιότης.
1401 4413 1420 4448 ι
1445 4391 1663 4462 Ταύτην
1682 4391 1782 4462 τὴν
1807 4390 1896 4461 ῥῆ-

1984 3291 2114 3338 sunt
2136 3281 2214 3335 illi
2242 3281 2409 3335 fucati
2430 3280 2633 3335 amici?
2657 3280 2923 3350 ubi322
2941 3289 3346 3336 assentatorum
3377 3283 3582 3338 larvae?

1986 3372 2080 3428 ubi
2153 3386 2326 3426 coenae
2358 3380 2414 3425 et
2468 3369 2745 3434 convivia,
2806 3385 2873 3424 ac
2936 3372 3306 3440 parasitorum
3339 3374 3580 3444 greges?

1988 3465 2082 3518 ubi
2121 3463 2316 3519 vinum
2347 3479 2444 3534 per
2474 3471 2652 3517 totum
2690 3462 2836 3517 diem
2870 3463 3249 3520 exhaustum?
3285 3466 3376 3519 ubi
3422 3466 3577 3520 varia

1988 3572 2258 3612 cocorum
2321 3557 2630 3611 lenocinia?
2662 3557 2757 3612 ubi
2797 3558 3093 3626 potestatis
3154 3557 3419 3622 cultores,
3451 3558 3579 3628 qui-

1989 3663 2096 3718 que
2129 3648 2314 3702 omnia
2356 3648 2700 3718 aucupandze
2742 3648 2935 3718 gratiae
2983 3661 3175 3712 causa,
3219 3655 3332 3700 tum
3384 3647 3580 3716 loque-

1989 3742 2214 3806 bantur,
2281 3750 2396 3795 tum
2429 3740 2746 3795 faciebant?
2803 3738 2920 3793 Nox
2982 3738 3369 3808 somniumque
3422 3747 3582 3794 erant

1991 3832 2178 3888 isthaec
2205 3832 2412 3898 omnia,
2440 3839 2496 3886 et
2519 3831 2841 3886 adveniente
2870 3830 2993 3883 luce
3015 3841 3380 3883 evanuerunt.
3415 3830 3582 3883 Vcrni

1993 3923 2160 3980 ﬁores
2192 3934 2375 3988 erant,
2401 3931 2456 3978 et
2492 3933 2689 3978 exacto
2739 3937 2870 3976 vere
2899 3929 3312 3976 emarcuerunt.
3373 3915 3578 3974 Umbra

1992 4024 2172 4080 erant,
2220 4022 2274 4071 et
2331 4013 2693 4068 dimuxerunt
2723 4031 2738 4066 :
2769 4012 2955 4066 fumus
2983 4048 2999 4076 ,
3045 4019 3098 4064 et
3152 4009 3365 4079 dilapsa
3408 4016 3583 4075 sunt;

1995 4108 2160 4163 bulla
2187 4147 2202 4172 ,
2259 4120 2323 4160 ac
2351 4105 2577 4176 dirupta
2614 4111 2744 4160 sunt
2781 4121 2792 4155 :
2829 4117 3047 4157 araneae
3083 4101 3235 4166 telae,
3267 4109 3321 4154 et
3353 4099 3584 4168 disjecta

1997 4211 2147 4258 sunt.
2205 4199 2482 4265 Quocirca
2540 4197 2889 4267 spiritualem
2926 4195 3072 4250 hanc
3111 4192 3327 4264 epodeu
3382 4193 3585 4246 iterum

1997 4295 2417 4356 subnectamus,
2488 4289 2827 4356 assidueque
2885 4296 3201 4356 repetamus
3239 4299 3252 4335 :
3297 4301 3316 4335 ‹
3355 4281 3590 4338 Vanitas

1995 4386 2326 4447 vanitatum,
2358 4393 2414 4438 et
2451 4381 2637 4437 omnia
2669 4380 2905 4435 vanitas.
2935 4398 2953 4430 ι
2995 4379 3107 4433 lloc
3147 4376 3356 4430 dictum
3389 4375 3442 4429 in
3474 4388 3590 4444 pth-

307 4463 414 4567 σιν,
451 4499 544 4554 καὶ
563 4463 631 4551 ἐν
661 4463 881 4566 τοίχοις,
914 4491 1010 4546 καὶ
1037 4463 1096 4544 έν
1133 4463 1389 4560 ἱματίοις,
1432 4485 1529 4540 καὶ
1554 4486 1613 4538 ὲν
1643 4484 1885 4554 όιγοραῖςΊ

2000 4477 2252 4540 rictibus,
2289 4475 2344 4527 in
2371 4472 2515 4536 foro,
2550 4471 2606 4525 in
2637 4471 2868 4533 aedibus,
2891 4470 2944 4523 in
2966 4469 3089 4533 viis,
3113 4467 3166 4520 in
3188 4465 3397 4536 ianuis,
3434 4463 3488 4517 in
3514 4464 3593 4517 in-

303 4593 404 4648 xa‘t
425 4593 484 4646 ὲν
505 4589 726 4654 οἰκίαις,
742 4586 838 4640 καὶ
854 4587 912 4639 ὲν
932 4584 1094 4647 ὁδοῖς,
1118 4581 1213 4636 καὶ
1238 4583 1294 4634 ἐν
1318 4579 1531 4650 θύραις,
1574 4577 1670 4630 καὶ
1694 4579 1752 4630 ὲν
1779 4577 1895 4628 είσ-

300 4687 470 4748 όδοις,
502 4682 599 4736 καὶ
628 4683 685 4735 ὲν
713 4676 936 4744 ἐξόδοις,
968 4675 1065 4730 καὶ
1093 4673 1200 4745 πρὸ
1229 4673 1448 4726 πάντων
1473 4672 1529 4723 ὲν
1556 4669 1637 4739 τῷ
1664 4666 1894 4720 ἑκάστου

305 4776 576 4833 συνειδότι
607 4772 849 4844 συνεχῶς
877 4766 1262 4839 ἐγγεγράφθαι
1295 4765 1425 4829 ἔδει,
1456 4761 1551 4816 καὶ
1579 4761 1669 4815 διὰ
1696 4758 1899 4821 παντὸς

302 4870 478 4942 αὐτὴν
528 4868 784 4941 μελετᾷν.
823 4863 1045 4933 Ἐπειδὴ
1097 4858 1269 4930 πολλὴ
1323 4857 1433 4911 τῶν
1483 4851 1827 4926 πραγμάτων
1863 4851 1899 4921 ἡ

303 4961 516 5032 ἀπάτη,
542 4961 638 5014 xui.
661 4959 732 5015 τὰ
757 4955 1101 5031 προσωπεῖα,
1141 4951 1238 5006 καὶ
1261 4953 1295 5018 ἡ
1325 4949 1639 5016 ὑπόκρισις,
1670 4942 1902 5017 ἀλήθειά

302 5073 390 5120 τις
447 5052 605 5126 παρὰ
665 5051 778 5114 τοῖς
837 5048 1055 5110 πολλοῖς
1109 5041 1251 5098 εἶναι
1306 5041 1480 5105 δοκεῖ,
1540 5037 1716 5092 ταῦτα
1775 5034 1900 5088 καθ’

305 5147 548 5215 ἑκάστην
575 5143 814 5215 ἡμέραν,
843 5139 938 5194 καὶ
977 5140 1038 5192 ὲν
1066 5136 1290 5206 δείπνῳ,
1327 5133 1424 5187 καὶ
1457 5133 1516 5184 ὲν
1545 5129 1776 5201 ἀρίστῳ,
1806 5126 1903 5180 καὶ

303 5239 366 5292 ὲν
399 5235 680 5304 συλλόγοις
725 5230 1002 5299 ἐπιλέγειν
1029 5227 1264 5282 ἕκαστον
1305 5223 1383 5295 τῷ
1419 5221 1652 5291 πλησίον
1701 5216 1899 5288 ὲχρῆν,

305 5332 406 5387 καὶ
436 5332 590 5402 παρά
621 5327 716 5384 τοῦ
749 5324 982 5398 πλησίον
1008 5319 1249 5386 ἀκούειν,
1281 5318 1363 5371 ὅτι
1396 5334 1414 5368 ι
1450 5311 1768 5382 Ματαιότης
1796 5325 1904 5380 μα-

306 5425 631 5496 ταιοτήτων,
671 5420 740 5475 τὰ
777 5419 958 5474 πάντα
998 5413 1315 5486 ματαιότης.
1363 5429 1382 5462 ›
1415 5410 1529 5462 υὺκ
1558 5406 1743 5475 ἔλεγον
1776 5417 1904 5457 συνο

309 5494 497 5590 εχῶς,
531 5516 614 5569 ὅτι
659 5511 939 5585 δραπέτης
985 5511 1016 5563 6
1067 5503 1338 5570 πλοῦτοςς
1391 5501 1455 5554 σὺ
1507 5499 1565 5552 δὲ
1607 5495 1768 5590 ἡμῶν
1805 5494 1906 5590 οὐκ

308 5585 505 5682 ὴτνέχου
527 5625 540 5638 ⁸
577 5608 680 5663 οὐκ
718 5606 926 5674 ἔλεγον,
949 5604 1033 5657 ὅτι
1057 5596 1334 5670 ἀγνώμων
1363 5594 1512 5647 ἐστὶν
1552 5587 1805 5682 οίκέτηςᾼς
1841 5585 1904 5638 σὺ

310 5680 369 5756 δὲ
398 5680 499 5756 ούκ
528 5698 763 5770 ἠϐούλου
812 5694 1123 5750 πείθεσθαι.
1168 5689 1302 5744 Ἰδοὺ
1329 5687 1389 5740 σὲ
1417 5684 1526 5741 τῶν
1557 5680 1907 5753 πραγμάτων

313 5795 554 5863 θδίδαξεν
605 5796 642 5866 ἡ
697 5792 892 5863 πεῖρα’
953 5789 1035 5842 ὅτι
1087 5787 1148 5840 οὑ
1221 5781 1492 5858 δραπέτης
1555 5777 1740 5851 μόνον,
1787 5775 1909 5831 οὐδὲ

1996 4585 2216 4642 gressu,
2235 4580 2288 4622 et
2311 4569 2363 4620 in
2383 4579 2630 4638 egressu,
2651 4572 2704 4619 et
2721 4570 2846 4617 ante
2865 4560 3128 4615 omniain
3151 4554 3592 4623 uniuscujusque

1998 4660 2346 4718 conscientia
2384 4670 2669 4726 nunquam
2697 4650 2827 4709 non
2847 4651 3172 4721 inscriptum
3203 4664 3328 4704 esse
3349 4655 3590 4718 oportet,

1999 4755 2143 4825 quod
2166 4758 2432 4824 perpetuo
2463 4748 2812 4804 meditemur.
2834 4746 3034 4815 Ingens
3059 4742 3260 4813 quippe
3279 4756 3460 4795 rerum
3488 4738 3593 4791 ται-

1999 4844 2142 4900 iacia
2180 4849 2287 4908 est,
2321 4851 2376 4897 et
2403 4843 2570 4895 larva:
2597 4855 2660 4895 ac
2683 4838 2962 4895 simulatio
2992 4835 3138 4910 apud
3164 4835 3455 4904 plerosque
3475 4845 3597 4900 spec

2000 4936 2139 4992 ciem
2157 4933 2409 4990 veritatis
2439 4940 2660 5004 gerunt.
2685 4930 2822 4985 illud
2848 4931 3093 4985 incmna
3107 4935 3161 4982 et
3185 4928 3240 4980 in
3263 4925 3517 4996 prandio,
3540 4929 3596 4976 ct

2001 5029 2058 5083 iu
2090 5027 2458 5085 conventibus
2517 5025 2757 5095 quisque
2793 5023 2961 5078 debet
3006 5019 3259 5091 proximo
3312 5016 3596 5079 occinere,

2003 5136 2068 5177 ac
2138 5134 2336 5176 rursus
2359 5119 2504 5173 idem
2540 5133 2569 5172 a
2612 5115 2866 5188 proximo
2906 5112 3099 5168 audire
3139 5131 3152 5167 :
3187 5130 3204 5163 ι
3239 5109 3466 5164 Vanitas
3496 5121 3595 5160 va-

2005 5216 2272 5280 nitatum,
2328 5222 2384 5268 et
2410 5210 2596 5266 omnia
2622 5208 2862 5264 vanitas.
2891 5226 2909 5258 ι
2945 5208 3144 5261 Annon
3187 5202 3412 5258 assidue
3439 5199 3598 5254 dice-

2007 5311 2136 5366 bam
2190 5307 2454 5377 fugitivus
2487 5319 2614 5360 esse
2673 5301 2940 5358 divitias?
2980 5298 3063 5354 Tu
3097 5311 3229 5353 vero
3261 5293 3454 5348 audire
3489 5303 3600 5345 non

2007 5402 2342 5460 susﬁnebas.
2395 5402 2594 5452 Annon
2621 5395 3005 5467 easingratum
3032 5406 3155 5448 esse
3188 5387 3452 5445 famulum
3488 5384 3603 5439 aie—
3694 5410 3696 5412 τ

2007 5495 2175 5550 bam'l
2225 5503 2282 5548 tu
2315 5506 2447 5548 vero
2477 5490 2614 5545 mihi
2651 5487 2813 5543 ﬁdem
2847 5485 3113 5540 adhibere
3163 5479 3484 5537 recusabas.
3523 5474 3605 5529 En

2007 5598 2183 5645 tumet
2227 5591 2581 5659 ipsorerum
2629 5581 3014 5652 experimento
3060 5575 3331 5639 didicisti,
3364 5587 3462 5629 eas
3491 5584 3606 5624 non

2011 5686 2174 5740 modo
2229 5681 2522 5754 fugitivum
2582 5685 2637 5733 et
2685 5677 2961 5747 ingratum
3025 5683 3246 5728 servum
3302 5681 3449 5726 esse.
3506 5659 3606 5714 80d

2011 5779 2176 5835 ctiam
2225 5774 2570 5834 carniﬁcem.
2630 5768 2740 5824 Illae
2830 5765 3100 5838 siquidem
3158 5760 3482 5820 etlccerunt,
3543 5757 3605 5804 ut
