3998 6398
412 335 438 398 Ῑ
449 333 547 399 127

1612 317 1672 375 S.
1710 312 2033 376 JOANNIS
2070 309 2510 374 DAMASCENI

3550 300 3705 369 11%

407 462 561 505 nunc
617 443 674 498 in
725 446 874 496 metu
907 443 962 493 et
1007 445 1246 490 tremore
1297 427 1563 485 verseris.
1595 427 1817 488 Annon,
1855 439 1984 476 cum

2121 422 2362 493 γνώμων
2389 421 2629 489 οἰκέτης,
2672 416 2808 472 ἀλλά
2858 415 2953 470 καὶ
2999 412 3356 486 ἀνδροφόνος·
3389 407 3550 480 οὗτος
3577 417 3700 488 γάρ

409 537 546 593 mihi
575 546 701 588 vera
725 523 1043 600 praedicanti
1073 533 1455 584 succcnseres,
1479 519 1583 571 hoc
1608 514 1985 578 inculcabam,

412 641 502 681 me
553 622 764 690 majore
821 629 953 686 erga
1013 622 1066 668 te
1123 610 1378 666 allectum
1414 623 1538 664 esse
1582 604 1988 681 benevolentia,

412 725 579 783 quam
612 689 991 764 assentatores
1019 700 1188 755 tuos?
1209 712 1393 753 annon
1412 695 1689 756 dicebam,
1721 707 1832 755 me,
1860 689 1989 746 dum

413 815 506 861 tua
535 803 666 857 vitia
701 802 1006 855 insectarer
1034 803 1088 851 et
1112 805 1490 864 coarguerem,
1523 787 1719 843 melius
1737 785 1834 840 tibi
1859 798 1996 838 con-

415 897 618 959 sulere,
649 905 818 962 quam
853 889 977 944 illos
1009 886 1106 958 qui
1153 885 1252 939 libi
1287 876 1773 950 obsequerentur?
1808 889 1993 930 annon

415 989 522 1042 hoc
549 983 941 1055 adjungebam,
971 979 1197 1034 meliora
1215 991 1339 1032 esse
1364 974 1596 1030 vulnera
1621 969 1994 1038 diligentium,

415 1093 578 1151 quam
635 1083 938 1146 spontanea
972 1069 1324 1124 inimicorum
1373 1064 1602 1120 oscula?
1633 1060 1692 1117 Si
1726 1075 1845 1116 mea
1889 1063 1997 1115 ista

415 1175 645 1230 vulnera
695 1166 1007 1237 accepisses
1070 1169 1166 1216 aut
1232 1159 1530 1221 audiisses,
1562 1168 1670 1209 non
1727 1152 1870 1207 hanc
1899 1151 1998 1208 tibi

417 1274 650 1319 mortem
711 1260 932 1314 illorum
986 1253 1178 1309 oscula
1218 1251 1587 1321 peperissent.
1648 1245 1766 1300 Mea
1795 1245 2000 1316 quippe

419 1355 654 1410 vulnera
713 1349 945 1405 salutem
999 1342 1266 1407 aberunt;
1301 1341 1520 1394 illorum
1572 1346 1757 1394 autem
1808 1332 2000 1388 oscula

421 1443 782 1501 incurabilem
809 1437 1062 1493 morbum
1085 1439 1368 1490 crearunt.
1401 1431 1504 1487 Ubi
1542 1444 1690 1485 nunc
1721 1427 2002 1498 pincernae

421 1537 537 1592 illi?
569 1535 661 1590 ubi
680 1532 772 1604 qui
799 1532 854 1585 in
873 1528 992 1584 foro
1021 1526 1296 1582 neminem
1324 1539 1434 1579 non
1456 1519 1879 1595 protrudebant,
1907 1515 2001 1586 qui

423 1633 716 1683 sexcentas
750 1621 819 1676 de
839 1628 894 1676 te
928 1618 1121 1673 laudes
1152 1615 1296 1686 apud
1323 1629 1518 1671 omnes
1545 1611 1841 1670 texebant?
1871 1611 1999 1681 fuga

421 1716 592 1786 elapsi
658 1707 1161 1770 suntzamicitiam
1227 1715 1377 1760 tuam
1427 1705 1745 1776 ejurarunt,
1807 1711 1868 1758 ut
1905 1715 2002 1772 per

2097 530 2156 566 σε
2177 513 2403 584 τρέμειν
2432 511 2527 565 νῦν
2564 511 2658 564 καὶ
2689 509 2919 562 δεδιέναι
2947 506 3388 578 παρεσκεύασεν.
3417 508 3534 562 Οὐκ
3572 509 3703 562 ἕλεα

2093 620 2190 671 γον
2217 600 2478 672 συνεχῶς,
2510 599 2674 670 ἡνίκα
2699 598 2968 667 ἐπετίμας
3006 594 3184 666 ἀληθῆ
3219 612 3303 649 σοι
3339 595 3576 664 λέγοντι,
3609 597 3705 650 ὅτι

2094 694 2208 762 ἐγώ
2238 710 2298 747 σε
2330 691 2471 762 φιλῶ
2503 690 2708 762 μᾶλλον
2734 689 2843 743 τῶν
2873 687 3318 754 κολακευόντων;
3349 686 3449 740 οὐκ
3478 686 3701 755 ἔλεγον,

2094 788 2177 841 δτι
2201 784 2312 854 ἐγὼ
2331 789 2360 840 ὁ
2388 785 2648 856 ἐλέγχων,
2677 783 2842 837 πλέον
2870 781 3108 854 κήδομαι
3137 779 3247 834 τῶν
3276 780 3704 850 χαριζομένων;

2095 879 2156 933 οὐ
2205 875 2561 948 προσετίθουν
2605 877 2718 938 τοῖς
2761 875 2976 946 ῥήμασι
3002 872 3237 938 τούτοις,
3260 874 3344 926 ὅτι
3374 873 3708 940 ἀξιοπιστό-

2095 985 2234 1042 τερα
2259 967 2551 1038 τραύματα
2579 964 2772 1035 φίλων,
2803 964 2837 1035 ἢ
2869 962 3094 1016 ἑκούσια
3126 963 3412 1034 φιλήματα
3443 963 3705 1035 ἐχθρῶν;

2099 1062 2162 1114 Εἰ
2204 1059 2313 1113 τῶν
2361 1058 2513 1130 ἐμῶν
2562 1057 2806 1128 ἤκουσας
2847 1054 3204 1125 τραυμάτων,
3249 1054 3353 1107 οὐκ
3391 1053 3456 1108 ἀν
3503 1071 3590 1108 σοι
3627 1053 3711 1106 τὰ

2101 1150 2386 1220 φιλήματα
2407 1148 2476 1202 τά
2507 1147 2736 1201 ἐκείνων
2765 1145 2858 1198 τὸν
2884 1143 3119 1198 θάνατον
3155 1143 3345 1198 τοῦτον
3372 1143 3582 1199 ἔτεκον.
3613 1142 3710 1198 Τὰ

2099 1240 2210 1310 γὰρ
2238 1240 2348 1310 ἐμά
2377 1237 2669 1310 τραύματα
2695 1236 2887 1306 ὑγείαν
2909 1235 3260 1308 ἐργάζονται,
3290 1234 3359 1288 τά
3378 1236 3434 1288 δὲ
3467 1236 3709 1289 ἐκείνων

2103 1331 2385 1402 φιλήματα
2429 1330 2584 1384 νόσον
2626 1329 2846 1382 άνίατον
2897 1327 3290 1381 κατεσκεύασε.
3331 1325 3443 1379 Ποῦ
3497 1325 3596 1380 νῦν
3646 1331 3706 1383 οἱ

2101 1423 2370 1494 οἰνοχόοι;
2411 1421 2514 1474 ποῦ
2565 1421 2622 1474 δὲ
2664 1422 2712 1473 οί
2745 1420 3032 1483 σοϐοῦντες
3065 1417 3160 1472 ἐπὶ
3197 1417 3300 1488 τῆς
3340 1419 3569 1490 ἀγορᾶς,
3605 1419 3715 1471 καὶ

2106 1517 2278 1586 μυρία
2332 1516 2501 1568 πᾶσιν
2556 1513 2813 1585 ἐγκώμια
2872 1512 3205 1578 πλέκοντες;
3239 1511 3666 1584 ἐδραπέτευσαν
3695 1527 3711 1543 ·

2105 1608 2414 1679 ἠρνήσαντο
2463 1609 2561 1681 τὴν
2610 1605 2815 1676 φιλίαν,
2862 1607 3168 1677 ἀσφάλειαν
3205 1607 3422 1670 ἑαυτοῖς
3474 1607 3565 1660 διὰ
3605 1607 3720 1676 τῆς

2109 1701 2210 1771 σῆς
2237 1699 2458 1769 ἀγνοίας
2509 1699 2852 1771 πορίζοντες.
2901 1699 3043 1752 Οὔτε
3091 1700 3263 1768 ἐγγὺς
3302 1699 3556 1768 γενέσθαι
3596 1697 3724 1752 τολο

423 1807 503 1862 ιιιὶ
559 1802 960 1875 ignorationem
991 1797 1155 1853 saluti
1192 1811 1305 1852 suae
1351 1796 1730 1851 consulerent.
1764 1793 1843 1848 Ne
1880 1807 2008 1864 pro—

2121 1793 2288 1865 μῶσυ
2319 1793 2470 1864 καὶὴ
2513 1791 2611 1862 μὲν
2639 1791 3018 1863 πολεμηθεῖσα
3051 1792 3206 1863 παρά
3236 1809 3333 1845 σου
3379 1791 3717 1862 Ἐκκλησία,

422 1899 550 1971 pius
569 1897 790 1968 quidem
826 1893 895 1948 ad
917 1900 970 1947 te
993 1889 1201 1945 audent
1223 1887 1508 1944 accedere.
1527 1889 1706 1959 Atque
1733 1886 2006 1950 Ecclesia,

425 2007 594 2063 quam
653 1988 798 2044 bello
861 1999 1038 2054 nuper
1100 1981 1442 2044 lacessebas,
1498 1980 1684 2035 sinum
1743 1977 2010 2048 expandit

426 2098 612 2148 suum,
677 2089 841 2149 teque
885 2074 1181 2145 suscepit:
1216 2073 1434 2128 theatra
1495 2087 1630 2128 vero
1665 2085 1788 2141 quae
1849 2071 2009 2141 prius

425 2176 671 2239 colebas,
733 2179 789 2228 et
822 2183 1060 2241 quorum
1113 2180 1282 2221 causa
1307 2164 1377 2220 ad
1413 2172 1466 2220 te
1517 2179 1665 2234 saepe
1696 2177 2011 2220 sermonem

426 2267 618 2332 habui,
650 2273 704 2320 te
734 2263 852 2333 ipsa
897 2257 1285 2330 prodiderunt,
1317 2266 1373 2311 et
1416 2256 1471 2310 in
1502 2254 1729 2310 exitium
1757 2255 2011 2323 coniece-

425 2365 582 2414 runt.
611 2351 988 2411 Nihilominus
1015 2361 1299 2418 nunquam
1342 2345 1528 2402 dicere
1560 2344 1963 2400 intermisimus
1994 2363 2009 2400 :

426 2465 529 2503 cur
577 2446 692 2500 haec
734 2441 912 2498 lacis?
946 2455 1047 2496 cur
1083 2439 1362 2495 civitatem
1422 2437 1691 2493 furiosam
1715 2434 1930 2504 reddis,
1961 2443 2015 2491 et

427 2543 484 2596 in
524 2535 884 2610 praecipitium
911 2531 1061 2604 agis?
1094 2531 1162 2586 At
1184 2538 1244 2585 tu
1285 2529 1472 2584 omnia
1493 2529 1856 2601 contemptim
1879 2543 2018 2598 pra:-

427 2631 652 2688 teribas.
714 2625 878 2696 Atqui
933 2624 1210 2678 circenses
1247 2619 1470 2691 quidem
1503 2619 1616 2675 ludi
1639 2627 1694 2677 et
1715 2619 2014 2686 curricula,

425 2734 549 2791 quae
597 2725 722 2772 tuas
778 2728 912 2784 opes
951 2711 1099 2767 male
1152 2717 1650 2781 consumpserunt,
1688 2711 1929 2780 gladium
1962 2711 2016 2765 in

426 2810 732 2883 perniciem
781 2814 929 2861 tuam
955 2812 1229 2860 acuerunt
1264 2821 1277 2858 :
1312 2801 1556 2857 Ecclesia
1593 2817 1724 2857 vero
1757 2816 1880 2872 quae
1911 2803 2017 2856 im-

427 2912 724 2975 portunam
777 2907 833 2955 et
872 2899 1118 2968 iniquam
1173 2894 1523 2950 iracundiam
1573 2901 1727 2948 tuam
1782 2902 2011 2964 experta

429 3001 536 3057 est,
599 3004 1046 3061 quaquaversum
1106 2986 1373 3052 excurrit,
1422 2993 1583 3056 teque
1606 3001 1673 3040 ex
1703 2985 1790 3041 his
1810 2986 2020 3042 retibus

430 3085 619 3143 studet
681 3083 945 3140 eximere.
1010 3078 1140 3134 llaec
1166 3093 1334 3149 porro
1377 3093 1488 3133 non
1533 3092 1602 3134 eo
1632 3077 1892 3142 dixerim,
1958 3083 2018 3132 ut

431 3181 714 3249 prostrato
768 3171 1028 3228 insultent
1086 3187 1100 3222 :
1142 3184 1254 3224 non
1307 3177 1369 3222 ut
1401 3169 1594 3238 plagas
1616 3167 1860 3238 scalpam
1893 3166 2016 3222 vul-
2049 3157 2094 3218 C

433 3269 660 3326 nerati:
709 3281 822 3322 non
902 3274 962 3319 ut
1009 3262 1270 3317 ﬂuctibus
1321 3261 1593 3328 iactatum
1669 3259 2022 3330 demergam;

434 3363 532 3420 sed
569 3370 630 3417 ut
681 3374 777 3415 eos
825 3357 919 3428 qui
955 3356 1198 3413 secundo
1227 3365 1391 3411 vento
1441 3352 1721 3426 navigant,
1752 3351 2024 3418 erudiam,

435 3468 509 3508 ne
561 3450 784 3508 tandem
835 3450 893 3503 in
943 3445 1282 3518 profundum
1348 3446 1626 3501 ferantur.
1660 3444 1810 3500 Nihil
1875 3443 2026 3500 enim

435 3545 606 3602 rebus
661 3541 920 3598 humanis
945 3547 1030 3596 est
1061 3537 1418 3594 imbecillius.
1469 3538 1840 3603 Quamobrem
1888 3551 2029 3607 quo-

435 3652 656 3708 cunque
734 3634 961 3689 nomine
1026 3633 1324 3686 utilitatem
1393 3645 1582 3686 earum
1683 3629 2026 3700 appellabant

438 3729 713 3798 quispiam
763 3722 1066 3786 censuerit,
1123 3722 1309 3776 minus
1344 3722 1435 3777 ille
1485 3721 1711 3786 dixerit,
1746 3735 1912 3790 quam
1937 3734 2030 3776 ve-

437 3815 600 3886 323
628 3815 766 3868 ritas
789 3811 928 3867 ferat
965 3827 978 3862 :
1012 3809 1100 3865 vel
1134 3810 1180 3866 si
1226 3825 1324 3866 eas
1355 3809 1591 3876 fumum,
1617 3811 1699 3865 vel
1740 3809 2024 3874 umbram,

444 3905 531 3960 vel
592 3901 804 3970 fenum,
855 3901 942 3956 vel
994 3899 1297 3966 somnium,
1359 3901 1447 3956 vel
1479 3916 1682 3956 vernos
1717 3900 1905 3966 ﬂores,
1941 3899 2030 3956 vel

438 3995 729 4066 quodlibet
756 3993 906 4050 aliud
933 3993 1342 4060 nominaveris,
1378 3993 1642 4049 vaniores
1685 3993 1867 4048 adhuc
1898 3999 2031 4048 sunt

439 4089 510 4144 iis
546 4103 674 4157 qua:
705 4085 846 4141 nihil
897 4093 1131 4156 prorsus
1179 4093 1334 4141 sunt.
1367 4083 1447 4140 Ae
1481 4093 1849 4155 praeterquam
1883 4083 2030 4154 quod

439 4179 583 4236 nihil
636 4179 744 4233 illa:
769 4185 925 4245 sunt,
962 4178 1159 4246 ingens
1199 4191 1423 4247 quoque
1454 4176 1510 4230 in
1540 4176 1678 4247 ipsis
1714 4175 2029 4246 periculum

441 4278 496 4326 et
521 4269 860 4340 supplicium
885 4267 1046 4321 latet.
1082 4265 1291 4338 Ecquis
1321 4267 1469 4322 enim
1502 4267 1609 4321 hoc
1632 4265 1858 4321 homine
1895 4281 2033 4336 pra:-

442 4361 649 4418 celsior
686 4359 939 4416 exstitit?
969 4374 1154 4414 annon
1202 4359 1395 4414 orbem
1430 4358 1756 4414 universum
1821 4357 2034 4428 magni-

443 4452 640 4508 tudine
695 4466 862 4522 opum
919 4449 1244 4520 superavit?
1297 4465 1482 4505 annon
1514 4448 1762 4520 adipsas
1795 4449 2035 4520 dignita-

448 4554 565 4600 tum
601 4557 760 4598 arces
787 4550 843 4599 et
869 4539 1090 4611 fastigia
1109 4540 1475 4596 conscendit?
1503 4538 1695 4595 Nonne
1731 4539 1842 4595 illis
1866 4540 2032 4594 etiam

444 4639 539 4709 qui
573 4636 887 4694 diademate
931 4633 1173 4690 redimiti
1205 4641 1385 4698 erant,
1430 4631 1628 4688 terrori
1665 4631 1803 4686 luit?
1833 4633 2032 4686 Annon

444 4745 643 4786 oumes
689 4727 811 4799 ejus
866 4733 1101 4783 metuet
1150 4735 1396 4782 tremore
1427 4723 1916 4794 percellebantur?
1964 4725 2036 4779 At

443 4822 556 4891 jam
591 4821 662 4877 iis
707 4835 931 4892 quoque
960 4819 1058 4891 qui
1097 4817 1153 4873 in
1181 4816 1423 4873 vinculis
1465 4825 1618 4884 sunt,
1649 4816 1740 4871 hic
1777 4816 2039 4872 miserior

447 4921 558 4979 est,
608 4915 984 4970 aerumnosior
1037 4911 1150 4967 illis
1192 4910 1290 4982 qui
1346 4909 1617 4964 servitute
1681 4916 2033 4978 premuntur,

449 5005 632 5074 iisque
677 5005 900 5058 demum
946 5003 1244 5072 pauperior
1294 5001 1389 5071 qui
1424 5001 1567 5056 fame
1605 5000 2034 5064 contabescunt,

449 5109 576 5150 cum
603 5095 658 5149 in
683 5094 933 5164 singulas
950 5095 1120 5150 horas
1139 5093 1349 5164 gladios
1367 5108 1428 5149 ex
1441 5101 1658 5158 acutos,
1686 5093 2034 5156 barathrum,

450 5195 507 5242 et
534 5185 828 5243 carniﬁces
856 5200 969 5256 prae
995 5187 1175 5241 oculis
1209 5185 1427 5250 habeat,
1477 5200 1651 5256 seque
1683 5183 1752 5239 ad
1804 5190 2036 5239 mortem

451 5281 572 5352 rapi
629 5287 806 5352 putet,
863 5293 927 5335 ac
961 5293 1030 5335 ne
1060 5279 1286 5350 quidem
1346 5279 1684 5346 meminerit,
1727 5279 1782 5332 in
1833 5278 1927 5332 illa
1979 5292 2040 5334 se

453 5375 732 5443 quondam
769 5373 1053 5444 voluptate
1086 5371 1281 5427 fuisse.
1315 5372 1459 5437 Quin
1498 5386 1600 5426 nec
1636 5371 1786 5441 ipsos
1813 5371 2037 5442 quidem

463 5465 594 5523 solis
615 5463 807 5522 radios
841 5465 1047 5532 sentit;
1084 5463 1348 5520 verumin
1378 5463 1617 5535 ipsamet
1653 5463 1908 5530 meridie,
1934 5463 2042 5518 vel-

2109 1887 2238 1951 τοὺς
2265 1885 2504 1949 κόλπους
2525 1883 2774 1955 ἧπλωσε,
2820 1884 2918 1939 καὶ
2955 1883 3299 1950 ὑπεδέξατο·
3344 1883 3412 1938 τὰ
3444 1883 3500 1937 δὲ
3544 1883 3724 1955 θερα-

2111 1978 2387 2034 πευθέντα
2437 1977 2665 2049 θέατρα,
2715 1975 2855 2047 ὑπὲρ
2901 1968 2978 2030 ὧν
3018 1976 3158 2048 πρός
3204 1993 3265 2028 σε
3306 1975 3572 2038 πολλάκις
3627 1975 3724 2028 δι-

2113 2070 2360 2142 ελέχθην,
2394 2069 2737 2144 προῠδωκεν,
2783 2070 2880 2124 καὶ
2901 2068 3206 2137 ἀπώλεσεν,
3253 2067 3370 2123 ἀλλ’
3409 2069 3563 2140 ὅμως
3609 2068 3726 2122 οὐκ

2113 2162 2480 2232 ἐπαυσάμεθα
2512 2163 2600 2217 ἀεὶ
2631 2161 2916 2232 λέγοντεςο
2951 2162 3005 2215 τί
3031 2161 3208 2216 ταῦτα
3237 2165 3450 2228 ποιείς;
3497 2161 3725 2215 ἐκϐακο

2113 2255 2296 2327 χεύεις
2323 2252 2423 2326 τὴν
2476 2253 2654 2318 πόλιν,
2695 2253 2792 2307 καὶ⁸
2837 2252 2982 2307 κατά
3022 2253 3292 2324 κρημνῶν
3337 2254 3566 2324 φέρεις;
3601 2251 3726 2306 Καὶ

2114 2347 2454 2422 παρέτρεχες
2475 2345 2714 2400 ἅπαντα.
2753 2345 2863 2398 Καὶ
2885 2347 2940 2399 αί
2972 2345 3072 2417 μὲν
3105 2345 3492 2418 ἱπποδρομίαι,
3525 2347 3587 2400 al
3620 2347 3726 2400 τὸν

2115 2439 2345 2494 πλοῦτον
2391 2439 2484 2494 τὸν
2525 2439 2620 2493 σὺν
2659 2437 2846 2501 κακῶς
2893 2437 3268 2504 άναλὼσασαι,
3299 2438 3363 2491 τὸ
3393 2437 3547 2508 ξίφος
3581 2440 3729 2509 ἡκό-

2115 2547 2310 2606 νησαν,
2364 2531 2400 2604 η
2433 2531 2489 2584 δέ
2531 2529 2831 2599 Ἐκκλησία
2873 2532 2976 2601 τῆς
3009 2531 3184 2601 ὀργῆς
3216 2529 3584 2584 ἀπολαύσασα
3614 2533 3728 2600 τῆς

2115 2623 2314 2694 ἀλόγου
2350 2622 2448 2678 καὶ
2484 2623 2713 2693 ἀκαίρου
2743 2663 2758 2689 ,
2800 2621 3082 2692 πανταχοῦ
3133 2621 3454 2693 περιτρέχει
3482 2621 3596 2676 τῶν
3634 2621 3729 2674 δι-

2117 2716 2300 2772 κτύων
2337 2715 2544 2772 τούτων
2585 2713 2895 2786 ἐξαρπάσαι
2932 2730 2991 2767 σε
3017 2713 3370 2786 ἐπειγομένη.
3402 2714 3513 2767 Καὶ
3541 2713 3729 2766 ταῦτα

2117 2809 2287 2877 λέγω,
2317 2808 2422 2862 οὐκ
2450 2807 2805 2876 ἐπεμϐαίνων
2847 2805 2926 2877 τῷ
2954 2805 3215 2876 κειμένῳ,
3253 2806 3355 2860 οὐκ
3405 2804 3729 2870 ἀναξαίνων

2119 2900 2188 2956 τὰ
2213 2900 2348 2970 ἐλκη
2377 2897 2472 2953 τοῦ
2507 2899 2877 2970 τετρωμένου,
2921 2899 2983 2953 οὐ
3021 2897 3436 2964 καταποντίξων
3465 2897 3562 2952 τὸν
3590 2898 3734 2954 κλυ-

2119 2991 2500 3064 δωνιζόμενον,
2535 2991 2676 3048 ἀλλά
2710 2990 2840 3056 τοὺς
2879 2991 3136 3062 ἐξουρίας
3163 2989 3435 3054 πλέοντας
3469 2989 3728 3047 παιδεύω

2127 3087 2203 3160 μὴ
2241 3085 2498 3156 γενέσθαι
2550 3084 2938 3157 ὑποϐρυχίους.
2988 3083 3153 3140 οὐδὲν
3200 3084 3311 3155 γάρ
3357 3083 3470 3138 τῶν
3506 3084 3735 3156 ἀνθρω-

2127 3178 2300 3234 πίνων
2326 3177 2674 3250 πραγμάτων
2713 3176 3085 3249 σαθρὼτερον.
3132 3176 3248 3240 Διὸ,
3278 3176 3417 3245 ὅπερ
3467 3175 3534 3232 ἂν
3580 3176 3736 3232 elatos

2128 3288 2214 3336 τις
2250 3269 2428 3342 ὄνομα
2465 3271 2566 3342 τῆς
2609 3267 2889 3334 εὐτελείας
2925 3267 3130 3334 αὐτῶν,
3171 3267 3397 3324 ἔλαττον
3437 3267 3540 3340 τῆς
3596 3269 3738 3340 άλη-

2129 3361 2284 3427 θείας
2305 3363 2448 3434 ἐρετ,
2485 3361 2592 3416 κᾶν
2635 3359 2870 3424 καπνὸν,
2929 3359 3036 3414 κᾶν
3091 3359 3276 3424 σκιάν,
3329 3359 3434 3414 κᾶν
3506 3360 3736 3431 χόρτον,

2129 3455 2234 3510 κᾶν
2266 3454 2423 3526 ὄναρ,
2457 3451 2561 3508 κάν
2592 3451 2729 3523 ἀνθη
2761 3450 2980 3523 ἐαρινὰ,
3017 3450 3123 3506 κᾶν
3139 3449 3327 3505 ὁτιοῦν
3374 3449 3563 3522 ἐτερον
3609 3451 3737 3504 tivo-

2133 3544 2308 3618 μάσῃ,
2351 3541 2452 3598 καὶ
2486 3539 2599 3596 τῶν
2647 3541 2803 3595 οὐδὲν
2860 3540 3032 3594 όντων
3085 3539 3526 3612 οὐδαμινώτερα,
3589 3542 3740 3610 μετὰ

2131 3636 2238 3706 τῆς
2271 3631 2554 3696 οὐδενείας
2600 3632 2699 3686 καὶ
2743 3629 2882 3686 πολὺ
2919 3629 2984 3684 τὸ
3025 3630 3386 3703 ἀπόκρημνον
3431 3629 3568 3702 ἔχει.
3635 3631 3742 3695 Τίς

2131 3725 2242 3797 γὰρ
2269 3723 2464 3779 τούτου
2507 3724 2734 3792 γέγονεν
2782 3721 3159 3794 ὑψηλότερος;
3197 3721 3260 3775 οὐ
3305 3723 3492 3777 πᾶσαν
3527 3723 3630 3792 τὴν
3659 3724 3742 3775 οἰ-

2131 3810 2409 3882 κουμένην
2436 3809 2726 3880 παρῆλθεν
2759 3809 2839 3882 τῷ
2870 3808 3126 3880 πλούτῳ;
3160 3810 3224 3864 οὐ
3254 3809 3395 3882 πρὸς
3426 3810 3601 3875 αὑτὰς
3625 3811 3743 3865 τῶν

2131 3903 2462 3975 ἀξιωμάτων
2523 3903 2694 3974 ἀνέϐη
2749 3903 2852 3967 τὰς
2900 3903 3150 3974 κορυφάς
3182 3921 3198 3970 ;
3229 3903 3353 3975 οὐχὶ
3404 3904 3500 3958 καὶ
3546 3905 3744 3968 αὐτοῖς

2135 3994 2205 4049 τὰ
2230 3995 2542 4066 διαδήματα
2567 3995 2981 4066 περικειμένοις
3019 3995 3252 4067 φοϐερὸς
3275 3991 3345 4068 ῆν
3381 4012 3395 4062 ;
3431 3996 3554 4066 οὐχὶ
3603 3997 3746 4051 πάν-

2134 4105 2226 4151 τες
2257 4088 2423 4143 αὑτὸν
2461 4087 2695 4159 ἔτρεμον
2746 4089 2842 4142 καὶ
2875 4088 3183 4154 ἐδεδίεσαν;
3230 4087 3369 4141 Ἀλλ’
3395 4087 3505 4142 ἰδοὺ
3540 4087 3742 4157 γέγονε

2133 4181 2226 4236 καὶ
2251 4180 2549 4252 δεσμωτῶν
2583 4178 2937 4251 ἀθλιώτερος,
2964 4180 3060 4234 καὶ
3079 4179 3310 4234 οἰκετῶν
3337 4179 3739 4250 ἐλεεινότερος,

2133 4274 2232 4328 καὶ
2257 4274 2440 4328 αὐτῶν
2473 4273 2586 4328 τῶν
2626 4272 2774 4344 λιμῷ
2807 4273 3133 4345 τηκομένων
3187 4273 3424 4342 πτωχῶν
3472 4275 3742 4328 πενέστεο

2137 4383 2255 4437 ρος,
2291 4365 2414 4419 καθ’
2451 4365 2694 4436 ἑκάστην
2738 4363 2892 4436 ὤραν
2942 4363 3069 4434 ξίφη
3123 4363 3338 4434 βλέπων
3389 4363 3740 4434 ἠκονημένα,

2137 4459 2233 4512 καὶ
2269 4457 2569 4529 βάραθρον,
2616 4457 2710 4511 καὶ
2748 4457 3016 4528 δημίους,
3074 4457 3172 4512 καὶ
3212 4457 3312 4528 τὴν
3367 4457 3464 4510 ἐπὶ
3501 4456 3742 4510 θάνατον

2137 4547 2446 4618 ἀπαγωγήν
2476 4562 2490 4577 ·
2515 4546 2612 4600 καὶ
2672 4546 2798 4600 οὐδὲ
2841 4547 2891 4600 εί
2932 4544 3157 4600 πώποτε
3215 4547 3440 4616 γέγονεν
3497 4546 3593 4599 ἐπὶ
3633 4547 3744 4616 τῆς

2135 4641 2334 4713 ἡδονῆς
2379 4635 2520 4692 οἶδεν
2567 4638 2784 4708 ἐκείνης
2815 4655 2826 4669 '
2868 4640 2993 4693 οὑδέ
3050 4639 3224 4709 αὐτῆς
3276 4639 3597 4693 αἰσθάνεται
3635 4638 3743 4707 τῆς

2136 4732 2381 4796 ἀκτῖνος,
2416 4727 2534 4782 ἀλλ’
2568 4730 2627 4783 ἐν
2655 4728 2982 4801 μεσημϐρίᾳ
3017 4728 3160 4802 μέσῃ
3205 4727 3398 4800 ὥσπερ
3419 4727 3744 4800 πυκνοτάτῃ

2139 4821 2300 4876 νυκτὶ
2329 4819 2878 4892 περιστοιχιζόμενος
2912 4836 2927 4850 ο
2967 4817 3142 4883 οὕτως
3194 4819 3294 4883 τὰς
3350 4818 3504 4891 ὄψεις
3557 4819 3745 4890 πεπή-

2141 4930 2336 4985 ρωται.
2364 4911 2586 4966 Μᾶλλον
2615 4911 2674 4966 δέ
2711 4913 2815 4966 ὅσα
2834 4909 2900 4966 ἂν
2927 4909 3425 4982 φιλονεικήσωμεν,
3464 4909 3525 4962 οὐ
3571 4910 3742 4979 δυνη-

2145 5004 2353 5077 σόμεθα
2381 5003 2736 5076 παραστῆσαι
2759 5003 2840 5075 τῷ
2887 5003 3033 5075 λόγῳ
3065 5003 3128 5057 τὸ
3167 5002 3364 5067 πάθος,
3397 5003 3538 5076 ὅπερ
3607 5004 3746 5057 ὐπο-

2147 5098 2334 5168 μένειν
2411 5097 2578 5151 αὑτὸν
2639 5097 2828 5161 είκδς,
2880 5096 3011 5160 ἴσως
3087 5095 3208 5150 καθ’
3281 5096 3524 5166 ἑκάστην
3589 5095 3748 5167 ῶραν

2144 5188 2548 5259 ὑποτέμνεσθαι
2578 5186 3008 5260 προσδοκοῦντα.
3033 5187 3144 5257 Τὴν
3184 5186 3292 5259 γὰρ
3333 5187 3614 5259 προτέραν
3651 5189 3749 5242 ὅτε

2148 5281 2235 5336 ἐπ’
2280 5281 2446 5335 αὐτὸν
2510 5275 2677 5352 ἦλθον
2722 5281 2788 5335 ἐκ
2834 5280 2943 5333 τῶν
2999 5279 3294 5351 βασιλικῶν
3355 5280 3538 5335 αὐλῶν
3605 5281 3750 5351 πρὸς

2146 5371 2325 5426 οὶκίαν
2347 5371 2366 5411 ί
2379 5374 2428 5414 ἐ
2454 5371 2682 5427 ἐλκῦσαι
2705 5371 3041 5443 βουλόμενοι,
3067 5370 3293 5435 καὶτοῖς
3320 5370 3544 5425 σκεύεσι
3570 5389 3753 5443 προσ-

2150 5463 2356 5535 έδραμε
2378 5467 2490 5530 τοῖς
2519 5465 2711 5538 ἱεροῖς,
2733 5464 2970 5533 πύξινον
3011 5464 3110 5537 μὲν
3153 5465 3322 5520 αὑτοῦ
3351 5463 3412 5518 τὸ
3447 5463 3754 5537 πρόσωπον

1773 5629 2010 5687 ΥΑΒΙᾹΞ
2051 5627 2456 5690 LECTIONES.

535 5779 616 5823 με
645 5779 794 5841 Alias
824 5783 960 5856 πρὸς
986 5785 1125 5855 βίαν,
1163 5802 1258 5858 per
1285 5786 1408 5842 vim.
1437 5785 1501 5840 Et.
1535 5786 1638 5843 hoc
1669 5785 1867 5842 melius
1903 5785 2146 5845 videtur.
