3998 6426
371 328 499 394 [1:39

1552 338 1795 400 sacrm
1833 315 2311 401 mnuum.

3504 338 3645 406 1130

358 440 449 514 ἦν,
477 445 575 496 καὶ
601 441 694 498 τοῦ
728 446 1096 519 νεκρωθέντος
1147 448 1296 514 ἅπαξ
1338 447 1492 502 οὐδὲν
1549 452 1772 520 ἄμεινον
1835 452 1930 504 διαι

2061 458 2119 505 ιιι
2152 450 2440 506 teterrima
2475 459 2638 507 nocte
2665 452 3067 523 circumfusus,
3104 467 3272 508 usura
3302 453 3446 509 lucis
3461 465 3636 513 caret.

356 536 633 606 κείμενον.
659 538 879 602 Κτύπος
901 539 958 593 δὲ
975 539 1084 593 τῶν
1119 540 1370 610 ὀδόντων,
1399 541 1494 594 καὶ
1525 543 1790 611 πάταγος,
1855 544 1947 596 καὶ

355 628 557 698 τρόμος
585 629 682 683 τοῦ
723 631 923 694 παντὸς
978 631 1268 703 σώματος,
1311 636 1408 687 καὶ
1440 634 1597 705 φωνὴ
1649 635 1947 688 διακοπτο-

358 718 516 787 μένη,
545 718 640 770 καὶ
665 719 892 787 γλῶσσα
916 720 1304 796 διαλελυμένη,
1337 724 1432 778 καὶ
1457 725 1668 794 σχῆμα,
1701 721 1813 778 οἷον
1849 726 1947 778 καὶ

355 811 564 883 λιθίνην
628 811 808 884 ψυχὴν
829 813 992 884 τῆξαι
1041 814 1362 888 δυνάμενον.
1422 818 1532 872 Καὶ
1581 816 1756 871 ταῦτα
1802 816 1946 885 λέγω

353 905 456 958 οὐκ
486 905 785 970 ὀνειδίζων,
830 907 950 960 οὐδὲ
987 907 1341 980 ἐπεμϐαίνων
1369 912 1438 980 τῇ
1470 910 1748 982 συμφορᾷ,
1806 908 1947 962 ἀλλὰ

353 999 452 1068 τὴν
475 997 750 1069 ὑμετέραν
781 999 1025 1056 διάνοιαν
1068 1000 1306 1072 μαλάξαι
1359 1000 1708 1072 βουλόμενος,
1735 1000 1832 1054 καὶ
1864 1000 1942 1064 εἰς

353 1091 504 1145 ἔλεον
537 1090 968 1147 ὲπισπάσασθαις
997 1094 1155 1157 Τίνος
1183 1093 1371 1150 ἔνεκεν
1415 1095 1746 1163 ἀγανακτεῖς
1776 1111 1791 1160 ;
1820 1093 1942 1146 ’Ότι

351 1184 440 1256 δὴ,
495 1185 680 1255 φησὶν,
729 1187 811 1248 εἰς
846 1185 1175 1256 Ἐκκλησίαν
1223 1185 1536 1256 κατέφυγεν
1565 1188 1594 1239 ὁ
1624 1185 1942 1256 πολεμήσας

353 1275 526 1346 αὐτὴν
553 1274 842 1344 διηνεκῶς.
875 1275 976 1330 Διὰ
1029 1276 1189 1331 τοῦτο
1245 1277 1486 1348 μάλιστα
1540 1275 1792 1344 δοξάζειν
1834 1275 1941 1347 χρὴ

349 1368 443 1420 τὸν
465 1367 619 1432 Θεὸν,
655 1367 739 1421 ὅτι
763 1369 976 1440 ἀφῆκεν
1002 1370 1168 1424 αὑτὸν
1189 1372 1270 1436 είς
1305 1370 1575 1442 τοσαύτην
1603 1369 1941 1440 καταστῆναι

351 1459 622 1529 ἀνάγκην,
654 1459 796 1514 ὥστε
825 1462 922 1515 καὶ
941 1461 1041 1534 τὴν
1064 1461 1294 1534 δύναμιν
1315 1463 1416 1534 τῆς
1456 1460 1807 1534 Ἐκκλησίας,
1843 1461 1943 1514 καὶ

349 1554 450 1623 τὴν
487 1552 904 1622 φιλανθρωπίαν
935 1554 1150 1626 μαθεῖν.
1188 1556 1264 1610 Οὐ
1292 1555 1762 1626 μνησικακήσασα
1793 1553 1940 1624 ὑπὲρ

350 1646 459 1697 τῶν
485 1644 818 1716 ἔμπροσθεν,
851 1646 988 1700 ἀλλὰ
1015 1647 1146 1710 τοὺς
1177 1646 1414 1710 κόλπους
1438 1647 1608 1717 αὐτῆς
1639 1645 1942 1700 ἁπλώσασα

347 1737 450 1806 τῆς
478 1736 882 1808 φιλοστοργίας.
915 1736 1090 1792 Τοῦτο
1138 1738 1406 1810 τροπαίου
1433 1736 1634 1800 παντὸς
1687 1735 1938 1806 λαμπρό-

2055 541 2201 608 Quin
2264 543 2474 612 potius,
2530 545 2939 613 quantumlibet
2976 545 3457 612 contenderimus,
3486 547 3646 600 nullo

2055 641 2240 688 tamen
2282 649 2565 700 sermone,
2607 651 2774 705 quam
2827 636 2998 690 dubio
3035 639 3232 708 procul
3265 638 3646 708 perturbatio-

2049 739 2174 780 nem
2211 725 2510 791 sustineat,
2545 729 2854 797 poterimus
2909 729 3254 800 exprimere;
3293 740 3353 784 ut
3408 731 3501 802 qui
3527 733 3645 786 sin-

2048 818 2196 886 gulis
2229 817 2384 873 horis
2415 819 2524 874 hoc
2556 829 2870 891 exspectet,
2895 830 2954 876 ut
2987 814 3094 878 sibi
3113 833 3280 893 caput
3305 834 3641 894 amputetur.

2049 906 2327 964 Hesterno
2351 911 2560 982 quippe
2586 912 2698 976 die,
2734 928 2864 967 cum
2905 914 3176 969 satellites
3202 930 3424 980 venere,
3452 917 3547 988 qui
3577 933 3646 972 ex

2048 999 2409 1071 imperatoris
2439 1005 2564 1059 aula
2611 1005 2836 1060 domum
2881 1004 3242 1070 abducerent,
3271 1007 3433 1077 isque
3465 1009 3521 1062 in
3552 1023 3646 1062 sa-

2045 1091 2291 1147 crarium
2317 1095 2684 1166 profugisset,
2726 1097 2904 1152 buxea
2947 1105 3082 1152 tunc
3142 1096 3284 1153 l‘acie
3318 1107 3460 1164 erat,
3504 1102 3642 1156 nihil

2045 1193 2074 1232 a
2107 1189 2328 1237 mortuo
2385 1185 2693 1256 quidquam
2730 1188 3080 1258 discrepans.
3117 1187 3391 1245 Dentibus
3427 1201 3640 1262 strepco

2043 1268 2158 1338 bat,
2207 1280 2442 1345 “totoque
2489 1291 2724 1348 corpore
2778 1281 3252 1336 contremiscebat
3282 1299 3295 1336 :
3325 1298 3432 1337 vox
3465 1285 3640 1339 inter-

2042 1372 2207 1433 rupta
2266 1376 2406 1433 erat,
2444 1367 2633 1440 lingua
2678 1371 2853 1426 fracta
2895 1381 2949 1429 et
2975 1375 3276 1429 dissoluta.
3311 1375 3515 1432 Gestus
3548 1379 3633 1433 de-

2043 1456 2209 1527 nique
2256 1458 2554 1527 ejusmodi,
2614 1464 2709 1532 qui
2737 1464 2819 1518 vel
2846 1479 3074 1520 saxeum
3126 1481 3328 1536 corpus
3363 1465 3642 1522 conficere

2043 1547 2312 1618 laerymis
2391 1563 2606 1622 posset.
2673 1555 2805 1621 Quae
2862 1571 2974 1611 non
3034 1556 3409 1628 exprobrandi
3468 1571 3640 1613 causa

2040 1639 2297 1710 dixerim,
2336 1659 2516 1716 neque
2541 1657 2601 1702 ut
2633 1648 2940 1703 calamitati
2967 1649 3264 1718 insultem;
3298 1651 3395 1705 Sed
3427 1661 3488 1706 ut
3512 1653 3640 1706 ani-

2040 1747 2160 1787 mos
2179 1736 2397 1792 vestros'
2410 1739 2710 1805 emolliam,
2732 1750 2785 1796 et
2803 1739 2870 1794 ad
2889 1741 3323 1797 misericordiam
3341 1743 3636 1798 innec-tam.

348 1846 541 1901 τερον·
573 1806 734 1884 τοῦτο
769 1831 1041 1902 ’Έλληνας
1102 1806 1361 1904 ἐντρέπει
1400 1846 1414 1860 ·
1457 1829 1620 1884 τοῦτο
1658 1828 1930 1890 Ἰουδαίους

2047 1823 2191 1888 Quid
2217 1826 2386 1885 habes
2417 1832 2562 1900 quod
2621 1832 2849 1903 indigne
2882 1834 3066 1890 feras?
3102 1835 3388 1906 quoniam,
3423 1836 3634 1908 inquis,

348 1920 730 1992 καταισχύνει,
758 1922 954 1975 ὄτιτδν
999 1922 1260 1993 πολέμιον
1304 1921 1654 1992 αἰχμάλωτον
1698 1919 1942 1974 λαϐοῦσα

349 2013 594 2082 φείδεται
614 2029 628 2043 ο
661 2013 757 2066 καὶ
805 2014 1060 2085 καθάπερ
1103 2015 1290 2087 μήτηρ
1345 2014 1705 2086 φιλόστοργος
1738 2012 1846 2065 ὑπὸ
1874 2009 1944 2064 τά

347 2108 834 2177 παραπετάσματα
861 2107 1031 2177 αὐτῆς
1063 2107 1326 2178 ἔκρυψεν,
1350 2106 1444 2160 καὶ
1474 2105 1611 2177 πρὸς
1655 2102 1941 2176 βασιλικὴν

348 2199 519 2270 ὀργὴν
552 2198 814 2269 ἀντέστη,
839 2199 934 2252 καὶ
958 2199 1094 2266 πρὸς
1115 2199 1293 2270 δήμου
1314 2198 1488 2268 θυμὸν
1544 2199 1641 2251 καὶ
1673 2196 1812 2268 πρὸς
1841 2197 1934 2265 μῖ-

349 2307 442 2354 σος
457 2290 762 2362 ἀφόρητον.
781 2290 954 2344 Τοῦτο
973 2289 1068 2344 τοῦ
1087 2289 1482 2360 θυσιαστηρίου
1512 2291 1741 2359 κόσμος.
1774 2289 1939 2349 noto;

347 2384 576 2454 κόσμος,
618 2383 776 2454 φησὶ,
805 2383 898 2437 τὸν
943 2382 1139 2453 ἐναγῆ,
1194 2384 1290 2438 καὶ
1319 2381 1679 2451 πλεονέκτην,
1722 2379 1818 2432 καὶ
1848 2378 1940 2449 ἆρ-

347 2491 502 2543 παγα
521 2475 635 2528 τῶν
673 2473 871 2529 κιόνων
903 2473 1176 2530 ἅπτεσθαι
1232 2473 1328 2528 τοῦ
1364 2470 1760 2542 θυσιαστηρίου
1793 2487 1810 2536 ;
1845 2468 1937 2538 Μὴ

345 2565 472 2634 λέγε
503 2565 676 2620 ταῦτα
709 2582 724 2598 ·
767 2566 893 2620 ἐπεὶ
939 2566 1094 2637 καὶὴ
1129 2565 1306 2637 πόρνη
1352 2565 1535 2635 ἥψατο
1591 2561 1701 2615 τῶν
1757 2559 1936 2614 ποδῶν

344 2660 440 2713 τοῦ
490 2657 728 2732 Ἰησοῦή
774 2660 988 2731 σφόδρα
1038 2658 1240 2730 ἐναγὴς
1293 2657 1390 2711 καὶ
1442 2655 1778 2725 ἀκάθαρτος,
1839 2651 1937 2708 καὶ

343 2752 444 2806 οὐκ
486 2748 556 2823 ἦν
613 2752 870 2822 ἔγκλημα
913 2749 1009 2805 τοῦ
1044 2748 1240 2820 Ἰησοῦ.
1271 2750 1347 2802 Οὐ
1393 2748 1505 2818 γὰρ
1547 2748 1638 2801 τὸν
1691 2745 1935 2816 καθαρὸν

343 2845 614 2902 ἔϐλαπτεν
635 2847 670 2917 ἡ
693 2845 1031 2916 ἀκάθαρτος,
1094 2843 1236 2898 ἀλλὰ
1274 2841 1373 2914 τὴν
1426 2841 1597 2910 ἐναγῆ
1661 2839 1872 2910 πόρνην
1905 2839 1935 2892 ό

343 2938 586 3008 καθαρὸς
621 2938 924 3009 εἰργάσατο
972 2936 1208 3008 ἄμωμον
1261 2933 1354 2989 διὰ
1407 2932 1509 3004 τῆς
1553 2932 1700 3003 ἁφῆς
1735 2948 1750 2963 ο
1795 2929 1933 3004 μηδὲ

345 3031 788 3104 μνησικακήσῃς,
843 3028 1126 3100 ἄνθρωπε,
1181 3026 1416 3082 ἐκείνου.
1477 3025 1704 3080 Οἰκέται
1761 3024 1933 3096 ἐσμὲν

339 3124 435 3178 τοῦ
471 3125 746 3179 Δεσπότου
765 3121 866 3178 τοῦ
890 3119 1335 3194 ἐσταυρωμένου,
1359 3117 1456 3172 τοῦ
1476 3117 1752 3188 λέγοντος·
1785 3117 1932 3172 «Πά-

338 3237 458 3292 τερ,
492 3220 630 3289 ἄφες
654 3218 838 3280 αὐτοῖς
862 3232 876 3245 ·
912 3215 974 3269 οὐ
1009 3214 1121 3285 γὰρ
1145 3212 1320 3267 οἴδασι
1345 3211 1398 3265 τί
1429 3209 1702 3266 ποιοῦσιν.
1746 3229 1765 3262 ι
1787 3209 1930 3264 Ἀλλ’

335 3313 688 3382 ἀπετείχισεν
724 3309 825 3381 τὴν
861 3306 1098 3362 ἐνταῦθα
1124 3303 1481 3375 καταφυγὴν⁴
1511 3303 1810 3374 γράμμασι
1836 3300 1932 3355 καὶ⁵

335 3407 524 3479 νόμοις
544 3403 827 3476 διαφόροις
855 3418 870 3434 ο
898 3400 1017 3456 ἀλλ’
1055 3398 1167 3452 ἰδοὺ
1195 3396 1285 3453 διὰ
1314 3397 1424 3452 τῶν
1469 3396 1649 3468 ἔργων
1698 3394 1928 3466 ἔμαθεν,

333 3500 474 3570 ὅπερ
497 3499 777 3570 ἐποίησεν,
812 3495 908 3550 καὶ
935 3494 1029 3548 τὸν
1079 3495 1245 3566 νόμον
1296 3492 1458 3545 ἔλυσε
1504 3489 1725 3560 πρῶτος
1762 3487 1946 3550 αὐτὸς

331 3587 503 3650 δι’ὧν
523 3593 748 3657 ἔπαθεν,
777 3591 876 3645 καὶ
905 3589 1098 3659 γέγονε
1143 3588 1244 3659 τῆς
1296 3585 1625 3655 οἰκουμένης
1671 3582 1925 3652 θέατρον.

333 3689 447 3742 Καὶ
474 3685 645 3753 σιγῶν
673 3683 930 3738 ἐντεῦθεν
963 3681 1161 3752 ἀφίησι
1211 3677 1400 3750 φωνὴν
1453 3677 1659 3731 ἅπασιν
1717 3691 1927 3744 παραι-

331 3780 461 3843 νῶν,
488 3780 585 3832 καὶ
612 3778 787 3846 λέγων
805 3793 820 3808 ο
845 3775 940 3846 Μὴ
973 3773 1168 3848 ποιῆτε
1193 3769 1450 3835 τοιαῦτα,
1484 3768 1574 3822 ἵνα
1603 3766 1680 3838 μὴ
1713 3764 1925 3837 πάθητε

328 3871 578 3926 τοιαῦτα.
614 3871 728 3923 Καὶ
769 3865 1094 3930 διδάσκαλος
1128 3863 1408 3934 ἐνεδείχθη
1464 3857 1637 3930 σιγῶν
1687 3857 1778 3912 διὰ
1824 3857 1924 3928 τῆς

330 3964 642 4035 συμφοράς.
669 3961 781 4016 Καὶ
811 3958 1137 4032 λαμπηδόνα
1197 3953 1449 4027 μεγάλην
1511 3950 1709 4023 ἀφίησι
1734 3949 1796 4004 τὸ
1827 3948 1921 4003 θυ-

329 4059 668 4127 σιαστήριον.
694 4053 809 4108 Νῦν
868 4051 1100 4124 φοϐερὸν
1156 4049 1414 4122 μάλιστα,
1445 4048 1530 4102 ὅτι
1585 4045 1679 4101 τὸν
1729 4043 1926 4097 λέοντα

325 4149 616 4220 δεδεμένον
647 4145 783 4216 ἔχει.
819 4145 930 4198 Καὶ
972 4141 1226 4213 βασιλικῇ
1259 4137 1430 4191 εἰκόνι
1490 4135 1666 4205 μέγας
1722 4130 1922 4201 γένοιτ’

325 4242 395 4295 ἂν
429 4239 668 4309 κόσμοςδ
711 4237 811 4306 οὐχ
835 4237 966 4289 ὅταν
999 4233 1094 4286 ἐπὶ
1117 4229 1218 4284 τοῦ
1251 4228 1446 4300 θρόνου
1504 4225 1745 4296 κάθηται
1788 4238 1925 4292 πορ-

327 4334 532 4405 φυρίδα
560 4327 1052 4404 περιϐεϐλημένος,
1100 4323 1198 4378 καὶ
1251 4321 1493 4391 διάδημα
1543 4319 1727 4389 μόνον,
1783 4314 1922 4368 ἀλλὰ

325 4431 423 4482 καὶ
468 4427 565 4480 ἐὰν
616 4425 722 4477 ὑπδ
764 4421 844 4474 τὼ
909 4414 1177 4490 βασιλικὼ
1230 4413 1363 4467 πόδε
1417 4411 1698 4484 Βάρὸαροι
1743 4409 1922 4462 ὀπίσω

321 4519 620 4590 δεδεμένοι,
647 4515 792 4571 κατὰ
821 4513 920 4576 τὰς
976 4507 1220 4580 κεφαλὰς
1272 4504 1475 4558 νεύωσι
1507 4501 1772 4571 κείμενοι.
1806 4499 1918 4553 Καὶ

322 4616 528 4676 πάντες
561 4608 798 4664 ἐνταῦθα
855 4603 1249 4674 συνεδράμετε.
1280 4599 1368 4652 ἴνα
1410 4595 1512 4667 τὴν
1559 4590 1915 4664 ἀνθρωπίνην

322 4707 488 4776 φύσιν
534 4703 682 4776 ἴδητε
731 4695 1176 4767 διελεγχομένην.
1223 4688 1400 4761 Ὁρῶν
1447 4686 1560 4757 γὰρ
1618 4683 1811 4738 τοῦτον
1849 4685 1917 4736 ὲκ

319 4798 594 4868 τοσαύτης
623 4795 871 4865 κορυφῆς
897 4785 1294 4858 κατενεχθέντα
1313 4823 1329 4848 ,
1362 4782 1454 4836 τὶν
1482 4780 1698 4835 σείοντα
1722 4776 1914 4848 σχεδὸν

317 4896 421 4966 τὴν
439 4890 770 4962 οἰκουμένην
799 4887 981 4940 πᾶσαν
1032 4875 1488 4946 συνεσταλμένον,
1550 4869 1912 4966 καὶλαγωοιῖ,

320 4961 424 5044 καῖ
461 4961 740 5056 βατράχου
785 4977 1094 5047 δειλότερον
1141 4969 1542 5040 γεγενημένον,
1587 4965 1685 5018 καὶ
1741 4961 1913 5056 χωρὶς

317 5055 536 5150 δεσμῶν
560 5055 638 5146 τῷ
697 5071 841 5126 κίονι
901 5067 1082 5135 τούτῳ
1134 5059 1586 5135 προσηλωμένον,
1622 5056 1741 5150 καὶ
1763 5055 1830 5150 ἄν
1857 5071 1912 5107 τι

320 5149 566 5233 ἁλύσεως
589 5167 668 5239 τῷ
706 5164 859 5236 φόϐῳ
906 5156 1430 5231 περισφιγγόμενον,
1482 5152 1579 5205 καὶ
1611 5149 1910 5213 δεδοικότα,

318 5268 419 5322 καὶ
471 5265 748 5336 τρέμοντα
805 5253 1208 5312 καταστέλλετε
1253 5249 1354 5319 τὴν
1416 5243 1766 5316 φλεγμονὴν,
1815 5241 1912 5336 καὶ

317 5335 636 5430 καθαιρεῖτε
657 5355 718 5409 τδ
753 5352 1006 5424 φύσημα,
1065 5344 1556 5416 φιλοσοφήσαντες,
1593 5338 1678 5430 ὅτι
1711 5357 1730 5387 ι
1751 5335 1911 5430 lla.“

319 5453 458 5525 σὰρξ
495 5425 716 5524 χόρτος,
756 5445 850 5501 και
914 5443 1059 5496 πᾶσα
1099 5439 1232 5504 δόξα
1292 5430 1594 5525 ἀνθρώπους
1623 5429 1702 5525 ος
1747 5425 1908 5488 ἄνθος

317 5521 539 5619 χόρτου.
572 5521 888 5611 Ἒξηράνθη
909 5539 938 5590 ό
971 5534 1186 5606 χόρτος,
1209 5532 1306 5584 καὶ
1324 5527 1388 5580 τὺ
1403 5524 1565 5588 ἄνθος
1583 5521 1902 5619 ἐξέπεσεν,ι

437 5659 457 5692 r
497 5637 642 5691 Ὠσεὶ
665 5634 862 5705 χόρτος
892 5630 1031 5700 ταχὺ
1055 5620 1624 5692 ἀποξηρανθήσονται,
1656 5615 1751 5669 καὶ
1773 5612 1908 5669 ὡσεὶ

317 5738 525 5808 λάχανα
567 5699 902 5804 χλόης-ταχῦ
952 5699 1386 5777 ἀποπεσοῧνται.
1425 5734 1442 5765 ,
1477 5713 1561 5766 ὅτι
1600 5729 1618 5764 ι
1665 5699 1967 5784 Avo?“-

612 5869 1045 5944 PATBOL.___GR.
1092 5857 1266 5939 XCV;

2047 1914 2116 1968 ad
2153 1914 2455 1974 Ecelesiam
2482 1922 2577 1977 ille
2600 1922 2873 1995 confugit,
2909 1927 3002 1995 qui
3038 1935 3305 1996 perpetuo
3333 1941 3453 1981 eam
3491 1928 3638 1983 bello

2048 2006 2357 2064 infestavit.
2409 2011 2582 2084 Atqui
2612 2014 2716 2070 hoc
2777 2017 3131 2086 potissimum
3185 2019 3415 2075 nomine
3457 2019 3636 2090 gloria

2047 2097 2159 2153 Deo
2209 2101 2507 2158 tribuenda
2558 2113 2664 2170 est,
2694 2110 2843 2176 quod
2882 2109 2937 2161 in
2985 2117 3196 2163 tantam
3230 2125 3354 2164 eum
3384 2112 3636 2168 necessi-

2045 2197 2215 2248 tatem
2241 2193 2414 2264 redigi
2450 2196 2791 2264 permiserit,
2831 2205 2890 2252 ut
2919 2207 2973 2254 et
3024 2199 3287 2256 Ecclesia:
3328 2202 3636 2271 potentiam

2044 2283 2554 2359 benignitatemque
2577 2304 2924 2363 agnosceret.
2950 2293 3082 2360 Qua:
3102 2291 3364 2350 Ecclesiae
3393 2295 3639 2351 clemen-

2044 2377 2119 2432 tia
2149 2380 2383 2448 gentiles
2421 2397 2486 2437 ac
2519 2381 2740 2440 Iudaeos
2765 2386 2981 2456 pudore
3002 2385 3189 2442 afﬁcit.
3222 2371 3634 2442 Prmteritarum

2042 2468 2378 2539 iujuriarum
2429 2474 2622 2541 oblita,
2656 2493 2822 2534 suum
2860 2479 2910 2534 ei
2935 2479 3118 2534 sinum
3143 2478 3506 2551 indulgenter
3540 2495 3638 2535 ex-

2040 2563 2255 2639 pandit.
2289 2563 2405 2622 Hoc
2436 2569 2638 2636 quovis
2698 2577 2915 2642 ιτοραιο
2947 2573 3294 2642 splendidius
3353 2581 3438 2629 est
3472 2591 3486 2628 :
3526 2572 3635 2630 hoc

2040 2657 2344 2728 gentilibus
2399 2661 2665 2729 pudorem
2729 2661 2932 2718 incutit
2969 2681 2982 2718 :
3013 2664 3124 2720 hoc
3179 2660 3401 2722 Iudaeos
3463 2663 3636 2721 allicit

2039 2748 2264 2818 probro,
2325 2751 2476 2821 quod
2526 2752 2698 2818 hosti,
2741 2769 2906 2824 quem
2953 2756 3233 2826 captivum
3265 2763 3441 2824 tenet,
3474 2757 3635 2830 igno-

2039 2849 2184 2907 scat,
2215 2849 2297 2909 et,
2333 2843 2482 2898 velut
2519 2855 2696 2901 mater
2726 2847 3142 2913 amantissima,
3170 2849 3273 2904 sub
3301 2849 3634 2907 velamentis

2039 2933 2159 2990 suis
2215 2937 2479 3000 occultet,
2540 2946 2708 3008 atque
2748 2938 3103 3009 imperatoris
3133 2941 3232 2995 ira:
3274 2948 3328 2996 et
3368 2941 3632 3011 populari

2039 3023 2215 3080 furori
2275 3027 2906 3098 acerbissimoqueodio
2974 3031 3223 3086 resistat.
3286 3028 3402 3085 lloc
3431 3030 3630 3085 altaris

1957 3143 2004 3204 ο
2038 3130 2430 3175 ornamentum
2481 3128 2590 3177 est.
2651 3122 2721 3176 At
2746 3122 3027 3193 quodnam
3080 3123 3186 3178 hoc
3217 3121 3438 3178 tandem
3467 3137 3630 3179 orna-

2035 3221 2282 3266 mentum
2341 3219 2447 3278 est,
2481 3213 2695 3284 inquiet
2746 3214 2968 3284 aliquis,
3001 3225 3060 3270 ut
3095 3215 3264 3271 homo
3297 3216 3629 3281 sceleratus.

2043 3314 2248 3358 avarus
2271 3309 2326 3356 ct
2351 3318 2543 3372 rapax,
2568 3304 2857 3359 columnas
2885 3305 3082 3360 altaris
3121 3306 3355 3376 tangat?
3385 3305 3629 3361 Caveita

2035 3391 2306 3462 loquaris.
2360 3392 2495 3449 Nam
2533 3403 2589 3450 et
2620 3396 2856 3451 scelesta
2903 3404 3070 3466 atque
3109 3397 3324 3466 impura
3357 3397 3628 3453 meretrix

2029 3482 2163 3540 Jesu
2203 3488 2572 3542 contrectavit
2605 3487 2793 3557 pedes,
2828 3503 3006 3559 neque
3048 3489 3103 3544 id
3140 3485 3373 3544 Domino
3401 3486 3532 3545 Jesu
3565 3489 3625 3545 in

2032 3577 2244 3632 crimen
2305 3593 2526 3634 versum
2574 3588 2683 3635 est.
2717 3579 2834 3635 Non
2869 3581 3015 3636 enim
3058 3596 3180 3650 quae
3223 3580 3440 3651 impura
3501 3589 3625 3636 erat

2030 3685 2172 3740 puro
2215 3671 2520 3741 quidquam
2575 3673 2786 3738 nocuit,
2826 3673 2920 3728 sed
2967 3673 3240 3743 impuram
3273 3673 3620 3727 meretricem

2032 3777 2208 3833 purus
2245 3763 2365 3832 ipse
2401 3762 2490 3819 sui
2531 3769 2795 3819 contactu
2849 3779 3046 3835 puram
3085 3763 3347 3819 reddidit.
3381 3763 3530 3819 Cave
3555 3778 3648 3822 ne.

2029 3857 2108 3912 sis
2137 3855 2472 3925 injuriarum
2499 3872 2732 3923 memor,
2763 3873 2796 3913 ο
2830 3858 3012 3913 ιιοιιιο.
3043 3855 3258 3911 Famuli
3290 3857 3496 3927 quippe
3528 3872 3624 3912 su-

2028 3965 2156 4006 tnus
2187 3950 2406 4005 Domini
2438 3949 2494 4004 iu
2528 3965 2754 4006 erucem
2783 3951 2916 4016 acti,
2957 3949 3050 4021 qui
3084 3949 3303 4005 dicebat
3337 3968 3350 4004 :
3393 3968 3412 4001 ι
3436 3948 3623 4016 Pater,

2029 4039 2247 4097 dimitte
2277 4043 2388 4098 illis
2415 4061 2430 4096 :
2459 4059 2574 4099 non
2614 4045 2765 4100 enim
2803 4043 2990 4100 sciunt
3031 4041 3167 4112 quid
3199 4040 3418 4096 faciunt
3449 4039 3618 4112 (Luc.

2027 4152 2188 4202 um,
2217 4135 2328 4206 24).
2353 4155 2373 4188 ι
2411 4139 2482 4190 At
2507 4137 2675 4191 variis
2707 4135 2998 4206 rescriptis
3021 4150 3087 4189 ac
3111 4134 3345 4205 legibus,
3379 4134 3618 4204 inquies,

2025 4227 2341 4300 perfugium
2367 4229 2423 4282 in
2464 4229 2612 4283 hunc
2647 4229 2833 4283 locum
2873 4227 3179 4298 praeclusit.
3224 4225 3302 4279 Ita
3338 4225 3562 4296 quidem
3600 4246 3614 4280 :

2026 4321 2122 4378 sed
2167 4321 2331 4376 modo
2360 4321 2479 4390 ipsa
2520 4335 2580 4373 re
2607 4319 2826 4383 didicit,
2859 4319 2992 4388 quid
3026 4319 3252 4373 sceleris
3284 4317 3611 4372 admiserit:

2027 4428 2095 4470 ac
2131 4415 2308 4486 legem
2337 4413 2456 4482 ipse
2479 4413 2710 4482 primus,
2730 4426 2827 4481 per
2859 4426 2922 4465 ea
2949 4426 3073 4481 quae
3101 4423 3302 4480 passus
3324 4416 3429 4471 est,
3449 4408 3616 4462 abro-

1947 4485 1994 4542 Ῑ)
2022 4485 2203 4576 gavit,
2251 4504 2542 4573 factusque
2587 4511 2674 4559 est
2727 4503 2851 4558 orbi
2913 4502 3314 4573 spectaculum.
3351 4501 3614 4569 Quiuimo

2021 4606 2199 4654 taceat
2229 4597 2381 4662 licet,
2412 4595 2579 4667 324
2608 4610 2798 4650 vocem
2830 4595 2960 4650 hinc
2988 4595 3214 4658 emittit,
3248 4595 3614 4662 hortaturque

2018 4697 2074 4746 et
2111 4690 2190 4744 ait
2230 4705 2244 4742 :
2292 4687 2654 4757 Nequaquam
2687 4685 2817 4740 talia
2869 4685 3068 4755 agatis,
3099 4700 3165 4738 ne
3197 4684 3403 4738 similia
3433 4683 3617 4751 patia-

2019 4780 2154 4835 mini
2181 4799 2194 4834 :
2230 4779 2425 4849 sicque
2451 4787 2640 4831 mutus
2665 4777 2934 4848 magister
2973 4775 3292 4830 calamitate
3319 4790 3420 4828 sua
3463 4774 3641 4856 usi-'-

2019 4875 2134 4930 stit.
2158 4873 2266 4928 Sed
2293 4881 2349 4927 et
2377 4872 2553 4926 altare
2583 4870 2866 4937 ingentem
2889 4884 2954 4922 ex
2999 4883 3060 4921 se
3087 4866 3443 4937 splendorem
3475 4867 3606 4920 mit-
3627 4863 3643 4896 ‘

2018 4969 2105 5030 tit,
2141 4963 2363 5034 quando
2391 4963 2602 5016 leonem
2627 4960 2866 5016 vinculis
2887 4958 3248 5014 constrictum
3273 4963 3444 5012 tenet.
3472 4954 3606 5009 Nam

2015 5072 2070 5116 et
2097 5057 2451 5129 imperatoris
2486 5055 2715 5125 imagini
2746 5069 3008 5124 magnum
3034 5057 3424 5106 ornamentum
3449 5063 3608 5104 accc-

2016 5151 2118 5216 dit,
2149 5165 2260 5204 non
2309 5163 2437 5203 cum
2474 5145 2631 5202 sedet
2679 5146 2735 5199 in
2773 5145 2998 5208 throno,
3028 5157 3332 5213 purpuram
3357 5147 3411 5196 et
3443 5156 3606 5196 coro-

2014 5259 2143 5300 nam
2175 5250 2403 5314 gestans
2433 5258 2446 5294 :
2479 5239 2574 5295 sed
2625 5253 2751 5294 cum
2775 5238 2879 5293 sub
2910 5237 3077 5308 regiis
3107 5236 3346 5306 pedibus
3383 5232 3604 5287 barbari
3669 5281 3675 5288 .

2013 5351 2048 5392 a.
2085 5348 2237 5407 tergo
2282 5333 2539 5399 revincti,
2575 5331 2820 5386 demisso
2862 5330 2918 5384 in
2952 5337 3158 5383 terram
3188 5327 3366 5396 capite
3393 5323 3603 5393 jacent.

2015 5427 2185 5499 Atqui
2217 5427 2324 5482 huc
2342 5439 2538 5480 omnes
2557 5421 2924 5487 conﬂuxistis,
2947 5425 3005 5474 ut
3024 5429 3276 5472 naturam
3305 5417 3600 5472 humanam

2017 5518 2237 5578 traduci
2280 5515 2536 5572 videatis.
2575 5514 2748 5568 Deum
2774 5511 2922 5565 enim
2963 5509 3113 5564 hunc
3138 5507 3367 5563 cernitis
3394 5513 3601 5561 ctanto

2017 5613 2242 5683 fastigio
2279 5610 2554 5677 deiectum
2587 5625 2600 5661 :
2633 5606 2806 5667 hunc,
2862 5605 3109 5670 inquam,
3147 5599 3238 5670 qui
3267 5599 3455 5652 orbem
3489 5597 3599 5651 fere

2016 5707 2336 5762 universum
2370 5697 2680 5781 quatiebat,
2702 5701 3098 5776 contractum,
3127 5689 3520 5761 leporibusque
3543 5694 3597 5742 et

3145 5818 3232 5902 '36
