3998 6392
376 341 516 406 1133
1587 351 1826 411 SACRA
1865 351 2329 415 memerat.
3299 369 3304 371 ·
3507 348 3652 432 ttat

368 455 706 524 ταράσσεται
777 460 882 522 πᾶς
937 459 1223 529 ἄνθρωπος
1255 461 1362 524 ζῶν
1398 479 1410 492 ο
1450 462 1647 530 νεκροῦ
1697 464 1955 532 ἀχρηστό-

2074 463 2310 517 febrium
2365 461 2673 530 ludlcrmu,
2742 470 3200 536 quotidianarum
3273 474 3648 532 calamitatum

367 563 504 617 τερα
534 547 602 600 τὰ
639 549 867 620 λαμπρά
895 551 986 603 τοῦ
1013 551 1278 621 παρόντος
1310 553 1448 621 βίου.

2071 555 2443 625 gymnasium,
2465 571 2773 628 promptum
2799 566 3052 618 tureroris
3081 567 3260 620 omnis
3278 576 3649 637 conceptacu-

369 639 502 692 lum.
537 640 578 691 Ο
605 650 810 709 quanta
838 641 1068 696 vilitatis
1096 649 1302 696 nostrae
1331 643 1598 712 tragtedia
1621 643 1632 693 l
1655 650 1900 712 quantus
1931 643 2276 697 inﬁrmitatis
2305 653 2512 700 nostra:
2540 648 2959 718 triumphule
2987 662 3119 721 quot
3161 660 3213 709 et
3255 668 3464 725 quanta
3494 659 3640 713 dixi!

366 748 468 786 nec
495 707 679 788 tamen
713 734 1014 804 quidquam
1059 737 1245 805 aptius
1275 738 1604 806 prophetica
1631 752 1769 791 voce
1801 739 1981 807 reperi
2024 738 2244 792 dicente
2286 757 2297 791 :
2333 757 2352 790 ‹
2397 739 2793 797 Verumtamen
2849 760 2988 799 vane
3041 751 3416 805 conturbatur
3465 754 3649 806 omnis

365 825 532 878 homo
586 824 801 879 vivens.
839 844 856 876 ι
905 823 1087 880 Minus
1117 841 1284 896 quam
1333 826 1577 881 cadaver
1613 827 1865 882 utilitatis
1919 827 2144 894 habent,
2177 843 2302 899 qua:
2379 832 2432 884 in
2506 832 2611 888 hoc
2676 835 2883 890 saeculo
2942 838 3234 906 splendida
3276 845 3652 916 praeclaraque

367 922 520 968 sunt.

432 1007 514 1060 Τὰ
536 1007 783 1076 παρόντα
833 1006 1013 1060 πάντα
1059 1007 1308 1078 ἀράχνης
1357 1009 1506 1062 ἐστὶν
1563 1008 1953 1080 ἀδρανέστερα,

364 1107 462 1163 καὶ
510 1104 737 1174 ὀνείρων
797 1101 1234 1173 άπατηλότεραι·
1271 1101 1366 1154 καὶ
1433 1101 1542 1174 γὰρ
1598 1101 1694 1154 καὶ
1751 1100 1957 1168 ἀγαθὰ,

361 1201 458 1254 καὶ
490 1197 560 1250 τά
587 1195 741 1248 κα.κὰ
771 1194 926 1256 τέλος
958 1193 1093 1263 ἔχει.
1127 1191 1369 1256 Εἰδότες,
1390 1191 1691 1262 ἀγαπητοὶ,
1720 1191 1794 1252 ὡς
1823 1190 1959 1259 ὄναρ

360 1290 428 1343 τὰ
480 1288 754 1359 παρόντα,
823 1287 917 1339 καὶ
947 1286 1022 1349 ὼς
1056 1284 1372 1354 πανδοχεῖον
1429 1284 1710 1354 οἰκοῦμεν,
1761 1283 1837 1347 ὡς
1871 1284 1959 1336 διὰ

361 1381 562 1444 παντὸς
596 1378 939 1450 ἐξερχόμενοι
972 1393 984 1405 ·
1018 1377 1406 1447 φροντίσωμεν
1431 1377 1529 1446 τῆς
1562 1375 1707 1437 ὁδοῦ,
1768 1377 1863 1429 καὶ
1890 1375 1957 1429 τὰ

362 1467 553 1541 sigea-az
583 1473 688 1542 τῆς
711 1471 936 1525 αἰωνίου
967 1469 1115 1538 ζωῆς
1143 1470 1537 1538 ὲπαγάγωμεν.
1579 1467 1958 1537 Ἐνὸυσώμεθα

363 1568 553 1637 ἱμάτια
576 1565 643 1618 τὰ
681 1564 801 1635 μεθ’
835 1563 995 1634 ἡμῶν
1034 1562 1392 1645 ἀπερχόμενα
1417 1577 1428 1590 ⁸
1473 1560 1664 1630 ὥσπερ
1692 1562 1789 1631 τῆς
1822 1562 1958 1622 ιδίας

363 1661 520 1720 σκιᾶς
552 1659 652 1710 οὐκ
675 1657 824 1709 ἔστιν
855 1654 1238 1719 ἐπιλαϐέσθαι,
1263 1653 1441 1717 οὕτως
1465 1654 1588 1707 οὐδὲ
1611 1653 1720 1708 τῶν
1748 1653 1957 1723 ἀνθρω-

363 1751 536 1802 πίνων
593 1745 964 1820 πραγμάτων.
1003 1745 1086 1798 Τὰ
1118 1745 1216 1813 μὲν
1250 1745 1362 1814 γὰρ
1401 1745 1469 1812 τῇ
1505 1742 1730 1812 τελευτῇ
1781 1758 1956 1794 κατα-

2137 1007 2334 1079 Ejnsd.
2368 1013 2529 1069 llam.
2573 1017 2638 1070 de
2661 1019 2844 1084 ρωηίι.
2872 1047 2942 1058 ε-
2977 1019 3276 1079 Praesentia
3311 1030 3492 1084 omnia
3527 1048 3652 1087 ara-

2059 1115 2178 1155 neae
2215 1104 2321 1157 tela
2360 1105 2726 1163 imbecilliora
2761 1121 2913 1176 sunt,
2949 1116 3315 1172 etinsomniis
3345 1119 3648 1182 l‘allaciora.

2059 1192 2196 1246 Nam
2229 1206 2280 1250 et
2313 1197 2456 1252 bona
2484 1208 2538 1254 ct
2567 1203 2709 1257 mala
2749 1203 2911 1259 linem
2950 1207 3174 1263 habent.
3227 1211 3365 1266 Cum
3396 1231 3526 1284 ergo
3551 1235 3648 1272 ex-

2062 1285 2340 1354 plorat-um
2395 1290 2718 1362 habeamus,
2768 1298 3107 1366 charissiml,
3149 1307 3440 1372 praesentia
3465 1311 3650 1364 omnia

2062 1377 2326 1434 insomnii
2379 1383 2670 1452 cujusdam
2724 1388 2900 1443 instar
2935 1405 3083 1458 esse,
3153 1411 3367 1466 nosque
3410 1400 3556 1454 velut
3595 1402 3648 1456 in

2063 1469 2376 1529 diversorio
2399 1488 2583 1545 agere,
2613 1492 2678 1533 ex
2712 1495 2820 1547 quo
2854 1483 3030 1540 simus
3060 1488 3288 1543 omnino
3314 1490 3607 1562 migraturi
3633 1512 3647 1559 ;

2061 1561 2280 1619 itineris
2338 1579 2526 1621 curam
2567 1569 2892 1639 habeamus,
2932 1585 3094 1647 atque
3126 1589 3342 1636 aeterna:
3367 1583 3490 1637 vitae
3533 1586 3650 1638 via-

2061 1654 2173 1708 tica
2221 1657 2382 1712 nobis
2445 1673 2850 1730 comparemus.
2918 1664 3113 1725 Vestes
3155 1671 3471 1741 induanius,
3530 1694 3652 1746 qtttc

2061 1745 2351 1801 nobiseum
2412 1750 2627 1806 abeant.
2675 1753 3147 1819 Quemadmodum
3195 1778 3352 1816 nemo
3397 1765 3649 1819 umbram

361 1841 568 1908 λύεται,
596 1840 670 1896 τὰ.
690 1841 746 1892 δὲ
778 1839 886 1908 πρὸ
904 1838 1004 1906 τῆς
1029 1837 1124 1891 καὶ
1164 1835 1688 1905 παντδςχειμάρρου
1726 1831 1955 1904 6209;25-

2066 1848 2218 1890 suam
2251 1833 2474 1908 captare
2503 1850 2716 1911 potest;
2758 1847 2838 1901 sic
2865 1862 2965 1903 nec
2996 1864 3084 1905 res
3112 1852 3400 1909 humanas.
3433 1853 3650 1912 Etenim

360 1936 627 2003 πέστερον
699 1932 1002 2003 παράγει·
1062 1928 1131 1983 τὰ
1175 1927 1233 1981 δὲ
1289 1927 1556 1998 μέλλοντα
1623 1927 1726 1979 οὐκ
1809 1921 1953 1978 οἶδεν

364 2024 841 2096 μεταὸολήν.οὐκ
892 2022 1186 2075 ἐπίσταται
1250 2021 1454 2091 γῆρας,
1509 2021 1612 2074 οὐκ
1660 2019 1773 2089 εχει
1829 2019 1953 2072 τινὰ

343 2117 666 2181 ἀλλοίωσιν,
716 2115 832 2168 ἀλλ’
890 2113 1046 2165 ἀνθεῖ
1098 2112 1364 2183 διηνεκῶς
1399 2151 1416 2178 ,
1473 2113 1570 2166 καὶ¹
1594 2112 1653 2164 ὲν
1680 2109 1954 2172 ποικίλαις

363 2205 695 2276 εὐπραγίαις
728 2204 996 2273 διαμένει.
1031 2193 1438 2274 Μὴθαυμάσῃς
1489 2204 1754 2274 χρήματα
1779 2200 1850 2254 τὰ
1878 2200 1954 2272 μὴ

364 2297 752 2368 παραμένοντα
780 2297 895 2358 τοῖς
928 2293 1314 2364 κεκτημένοις,
1349 2294 1465 2348 ἀλλ’
1496 2294 1796 2363 ἁμείϐοντα
1827 2293 1954 2356 τοὺς

363 2389 652 2452 δεσπότας,
685 2388 780 2441 καὶ
814 2388 922 2441 ἀπὸ
958 2389 1152 2442 τούτου
1207 2387 1578 2456 ἀποπηδῶντα
1605 2387 1688 2449 εἰς
1741 2385 1952 2457 ἕτερον,

362 2481 457 2534 καὶ
487 2479 649 2534 πάλιν
683 2481 778 2533 ἀπ’
802 2480 1016 2534 ἐκείνου
1082 2479 1223 2550 πρὸς
1247 2478 1407 2532 ἄλλον
1429 2496 1442 2511 ·
1477 2477 1684 2530 τούτων
1731 2477 1956 2531 πάντων

361 2571 445 2624 δεῖ
474 2572 833 2625 καταπτύειν.
871 2573 1059 2642 Ἀρκεῖ
1091 2572 1200 2642 γὰρ
1246 2570 1481 2625 ἀκοῦσαι
1527 2571 1623 2623 καὶ
1669 2569 1834 2640 μόνον
1859 2569 1953 2624 τοῦ

361 2661 651 2731 λέγοντος*
701 2681 720 2715 ι
752 2663 834 2716 Τὰ
866 2662 1206 2732 ξβλεπόμενα
1273 2662 1592 2732 πρόσκαιρα
1615 2678 1629 2692 ο
1661 2662 1731 2714 τὰ
1770 2661 1828 2713 δὲ
1878 2661 1953 2730 μὴ

365 2753 700 2825 βλεπόμενα,
733 2752 951 2808 αίώνια.
992 2773 1010 2807 ι
1046 2755 1211 2818 Σκιᾶς
1260 2753 1454 2807 Θᾶττον
1483 2751 1722 2806 ἀπανθεῖ
1750 2752 1819 2804 τὲ
1855 2753 1952 2806 ἀν-

365 2844 394 2897 0
398 2843 640 2914 ρώπινα.

435 3101 664 3165 Οὐδενὸς
710 3099 884 3166 οὕτως
911 3102 988 3166 ὡς
1037 3104 1232 3174 χρόνου
1290 3101 1592 3173 πενόμεθα.
1635 3102 1744 3155 Καὶ
1782 3105 1814 3173 ἡ
1850 3103 1952 3170 μὲν

2057 1927 2164 1982 illae
2201 1931 2401 1998 partim
2441 1932 2494 1986 in
2529 1947 2708 1989 morte
2736 1935 3082 2008 dilabuntur,
3114 1946 3317 2013 partim
3341 1959 3467 2002 aute
3499 1965 3650 2004 mor-

2056 2026 2194 2084 tem;
2229 2030 2283 2074 et
2342 2025 2538 2091 quovis
2577 2035 2821 2082 torrente
2871 2033 3119 2101 rapidius
3178 2035 3378 2092 nirunt.
3442 2039 3646 2094 Contra

2055 2125 2210 2174 vero,
2251 2129 2373 2182 quae
2402 2116 2636 2182 posthac
2683 2115 2863 2174 futura
2889 2133 3040 2188 sunt,
3103 2141 3202 2181 nec
3264 2133 3649 2199 mutationem,

2058 2215 2160 2257 nec
2188 2204 2400 2258 senium
2433 2216 2664 2262 norunt.
2699 2210 2858 2266 Nulla
2887 2214 2940 2267 in
2968 2215 3085 2271 lucc
3127 2224 3421 2277 conversio
3453 2225 3603 2279 cadit
3634 2243 3648 2278 :

2057 2291 2153 2344 sed
2185 2292 2308 2347 ine
2360 2295 2472 2348 ulla
2502 2297 2918 2356 intermissione
2969 2303 3193 2370 florent,
3232 2313 3366 2364 etin
3401 2314 3548 2366 varia
3597 2325 3653 2369 et

2058 2384 2350 2452 multiplici
2434 2387 2702 2446 felicitate
2763 2399 3036 2463 peratant.
3095 2399 3238 2457 Cave
3272 2420 3367 2460 eas
3396 2417 3528 2476 epes
3552 2408 3652 2461 ad-

2057 2473 2298 2538 mireris,
2335 2491 2456 2545 quae
2484 2494 2609 2535 cum
2644 2484 2882 2544 dominis
2930 2491 3158 2546 mlnime
3186 2507 3531 2565 permanent,
3556 2503 3652 2556 sed

2056 2577 2152 2618 eos
2178 2566 2410 2623 subinde
2439 2580 2672 2640 mutant,
2693 2585 2859 2646 atque
2887 2581 2957 2634 ab
2983 2597 3092 2638 uno
3120 2586 3186 2640 ad
3215 2587 3448 2644 alterum
3471 2600 3646 2647 trait—-

2027 2654 2238 2719 siliunt,
2256 2665 2309 2712 et
2333 2674 2528 2717 rursus
2547 2664 2617 2718 ab
2636 2664 2731 2719 illo
2755 2667 2819 2722 ad
2849 2670 3168 2731 alimmum
3187 2679 3371 2734 omnia
3394 2696 3654 2750 respuen-

2057 2747 2126 2802 da
2160 2757 2308 2804 sunt.
2336 2750 2548 2808 Sufficit
2573 2757 2719 2811 enim
2761 2761 2844 2815 vel
2874 2763 2927 2816 id
2966 2777 3135 2820 unam
3172 2768 3366 2826 audire
3400 2747 3545 2843 quod
3576 2777 3654 2831 ait

2057 2842 2360 2909 Apostolus
2391 2861 2405 2900 :
2440 2865 2458 2897 ι
2485 2844 2619 2913 Quae
2658 2852 2932 2920 videntur,
2981 2862 3300 2929 temporalia
3342 2842 3501 2934 sunt;
3531 2884 3653 2938 quae

2056 2941 2239 2988 autem
2288 2949 2401 2990 non
2433 2937 2713 3006 videntur,
2770 2953 2976 3001 aeterna
3012 2949 3030 3017 (
3060 2945 3126 3002 ΙΙ
3161 2949 3292 3008 Cor.
3338 2970 3411 3020 tv,
3451 2956 3518 3011 18
3625 2981 3646 3012 ι

2057 3026 2263 3083 Umbra
2295 3031 2491 3099 quavis
2551 3034 2788 3091 celerius
2845 3051 2935 3094 res
2979 3039 3232 3098 humanze
3276 3061 3650 3106 marcescunt.

2127 3119 2245 3174 Nili
2280 3133 2492 3186 ascelw,
2528 3124 2626 3180 lib.
2649 3141 2724 3192 tv,
2761 3130 2922 3198 epist.
2951 3132 3038 3199 l8,
3064 3133 3307 3191 Letorio.
3334 3169 3404 3178 —
3432 3139 3652 3198 Nullius

363 3197 530 3268 τέχνη
598 3196 806 3268 μακρὰ,
861 3197 1070 3269 βραχὺς
1117 3196 1177 3251 δὲ
1220 3199 1248 3251 ὁ
1281 3195 1402 3293 βίοςΔ
1441 3197 1622 3293 ⁴ίιμῶν.
1661 3197 1860 3266 Ἐγγὺς
1893 3197 1955 3252 τὸ

2482 3178 2492 3186 ,
2554 3178 2561 3180 ,
2956 3178 3307 3199 --,..ν.ν..υ.
3432 3178 3652 3198 manus

2066 3215 2289 3285 perinde
2327 3217 2404 3271 rei
2435 3258 2449 3282 ,
2486 3227 2545 3270 ut
2598 3223 2884 3291 temporis,
2936 3229 3167 3293 penuria
3202 3229 3540 3288 laboramus.
3574 3235 3654 3290 Ac

362 3291 518 3356 τέλος
570 3292 670 3361 τῆς
702 3289 849 3363 ζωῆς
888 3307 903 3322 ο
957 3292 1329 3364 γρηγόρησον,
1372 3288 1652 3380 ἄνθρωπε.

435 3495 756 3560 Καθεύδεις,
775 3494 869 3548 καὶ
889 3498 918 3548 ὁ
936 3494 1128 3565 χρόνος
1155 3511 1214 3547 σε
1243 3495 1951 3567 παρατρέχειοὲγρήγορας,

365 3588 461 3642 καὶ
499 3591 629 3660 περὶ
658 3588 727 3642 τὰ
761 3589 967 3657 μάταια
992 3587 1092 3657 τὴν
1132 3588 1328 3641 ἑαυτοῦ
1362 3589 1673 3660 περιέλκεις
1705 3587 1950 3658 καρδίαν*

363 3679 480 3734 ἀλλ’
512 3682 666 3751 ὅμως
695 3681 946 3752 μειοῦται
975 3684 1009 3752 ἡ
1040 3680 1154 3752 ζωή
1196 3698 1312 3747 σου,
1346 3679 1448 3735 κᾶν
1465 3680 1627 3743 αὐτὸς
1655 3680 1732 3752 μὴ
1761 3679 1954 3733 αἰσθά-

364 3789 452 3846 νῃ,
485 3772 623 3845 μηδὲ
653 3775 862 3844 συνιῇς.

434 3973 617 4030 eam
646 3976 740 4030 καὶ
787 3976 1175 4048 πομφόλυγας,
1226 3977 1324 4030 καὶ
1347 3974 1578 4041 καπνὸν,
1607 3976 1702 4028 καὶ
1751 3974 1950 4045 ἄχυρα,

363 4074 465 4128 καὶ
491 4074 674 4140 σκιὰν,
703 4073 799 4127 καὶ
820 4077 1106 4145 κονιορτὸν
1137 4074 1247 4128 ἀπὸ
1275 4073 1494 4140 ἅλωνος,
1522 4070 1953 4144 ὲκριπτοὺμενον

365 4167 475 4220 ὑπὸ
503 4167 712 4237 ἀνέμου
760 4170 1026 4238 προεῖπον
1075 4168 1258 4223 πάντα
1291 4168 1386 4222 τοῦ
1433 4167 1701 4239 παρόντος
1756 4164 1954 4227 αἰῶνος

363 4255 434 4308 τά
453 4256 704 4327 λαμπρά.
731 4255 918 4310 Πάντα
945 4257 1054 4328 γὰρ
1085 4255 1158 4311 τὰ
1182 4259 1346 4328 γήϊνα
1379 4256 1478 4327 τὴν
1541 4257 1644 4326 γῆν
1705 4253 1954 4327 εὑρίσκει

365 4347 540 4413 τέλος.

446 4463 807 4534 Ἱππόδρομον
829 4463 1043 4533 νοήσεις
1073 4461 1162 4516 τὸν
1201 4462 1449 4534 παρόντα
1487 4462 1681 4518 αίῶνα.
1740 4463 1953 4526 Πάντες

363 4557 478 4627 γὰρ
497 4558 554 4610 ὲν
579 4556 730 4626 αὺτῷ
767 4555 966 4626 φαῦλοί
991 4571 1053 4608 τε
1086 4555 1181 4607 καὶ
1197 4553 1415 4642 ⁸ἀγα(ὶοὶ
1454 4553 1734 4625 ἄνθρωποι
1793 4554 1956 4626 δίκην

366 4651 538 4701 ἵππου
561 4648 818 4718 τρέχουσι
850 4648 989 4719 πρὸς
1006 4647 1070 4700 τὸ
1101 4649 1308 4701 οἰκεῖον
1341 4646 1573 4711 ἕκαστος
1603 4649 1955 4718 ἐπειγόμενοι

365 4742 568 4812 πέρας.
611 4761 629 4794 ι
668 4743 782 4795 Οὐκ
811 4742 1014 4808 οἴδατε,
1038 4742 1228 4812 φησὶν,
1273 4742 1429 4795 ὅτιοὶ
1465 4743 1526 4796 ἐν
1559 4743 1761 4813 σταδίῳ
1825 4743 1956 4814 τρέ-

366 4851 578 4904 χοντες,
634 4835 839 4896 πάντες
899 4833 1002 4902 μὲν
1051 4833 1367 4904 τρέχουσιν,
1391 4827 1473 4897 εἷς
1511 4835 1570 4888 δὲ
1599 4835 1870 4905 λαμδάνει
1897 4835 1959 4888 τὸ

368 4925 654 4998 βραόεῖονς
709 4925 850 4994 Ὶέγὼ
906 4925 1090 4979 τοίνυν
1144 4925 1292 4980 οὕτω
1317 4927 1520 4998 τρέχω,
1565 4927 1642 4991 ὡς
1688 4929 1791 4981 οὐκ
1825 4927 1958 4998 ἁδή-

363 5020 494 5080 λως.
537 5038 554 5069 ι
622 5015 862 5082 Εἰκότως
919 5013 1013 5072 οὖν
1065 5019 1401 5097 ἱππόδρομον
1426 5019 1660 5090 λέγομεν
1709 5020 1802 5076 τὸν
1821 5039 1961 5091 παρα

366 5107 495 5159 όντα
519 5106 653 5176 βίον.

438 5219 574 5291 Θρὶξ
593 5218 1008 5292 λελευκασμένη
1040 5219 1142 5291 τὴν
1193 5221 1448 5277 ἐντεῦθεν
1474 5223 1576 5292 τῆς
1604 5221 1784 5293 ψυχῆς
1823 5222 1961 5274 ἀπο--

364 5311 570 5382 δημίαν
623 5312 722 5383 βοᾷ
767 5312 862 5365 καὶ
928 5313 1385 5385 διαμαρτύρεται.
1443 5315 1629 5378 Ὅθεν,
1699 5314 1846 5368 κατὰ
1892 5314 1954 5368 τὸ

367 5402 777 5472 γεγραμμένον,
824 5420 843 5454 ι
878 5403 1133 5473 ὲτοίμαζε
1165 5404 1232 5457 τὰ
1265 5405 1402 5477 ἔργα
1457 5423 1548 5459 σου
1596 5408 1678 5469 είς
1727 5405 1824 5476 τὴν
1875 5405 1960 5469 ἕξ-

367 5493 507 5544 οδον.
548 5512 566 5543 ι
611 5493 844 5546 Θεατέον
889 5494 999 5565 γὰρ
1047 5495 1146 5565 τὴν
1167 5497 1352 5565 χώραν
1401 5497 1501 5566 τῆς
1554 5497 1830 5566 κεφαλῆς,
1867 5497 1959 5551 καὶ

369 5581 462 5635 τοῦ
489 5568 774 5651 πώγωνος,
806 5586 886 5638 ὅτι
923 5586 1096 5658 λευκὴ
1121 5587 1358 5659 ὑπάρχει
1385 5589 1524 5662 πρὸς
1547 5589 1833 5662 θερισμὸν,
1863 5586 1959 5643 καὶ

373 5676 562 5745 μέλλει
596 5678 844 5750 δρεπάνη
872 5698 953 5744 τις
973 5682 1138 5752 νοητὴ
1170 5683 1256 5736 διὰ
1279 5682 1513 5736 θανάτου
1547 5681 1838 5752 ἐκτέμνειν
1858 5681 1962 5752 τὴν

367 5767 551 5839 ψυχήν
583 5783 674 5823 σου
705 5773 767 5825 ὲκ
787 5771 880 5824 τοῦ
935 5773 1205 5845 σώματος,
1277 5778 1370 5831 καὶ
1419 5777 1500 5839 είς
1558 5775 1741 5840 ξένους
1804 5775 1959 5837 τινὰς

2059 3306 2285 3376 quidem
2342 3322 2434 3364 ars
2466 3309 2627 3380 longa
2684 3321 2802 3380 est;
2837 3315 2948 3369 vlta
2983 3327 3166 3374 autem
3193 3329 3402 3391 nostra,
3436 3324 3645 3382 brevis.

2065 3397 2198 3452 Vitae
2224 3398 2348 3455 linis
2389 3401 2659 3458 imminet.
2707 3399 2903 3476 Vigila,
2948 3419 2981 3463 ο
3018 3409 3207 3466 Ιιοιιιο.

2132 3495 2405 3580 Ejusdem.
2442 3512 2536 3566 (ib.
2585 3529 2662 3579 Ill,
2721 3517 2874 3584 epist.
2933 3519 3037 3574 517
3078 3522 3184 3592 (αι.
3236 3523 3548 3599 Hcsychii).
3581 3561 3652 3572 —

2059 3601 2310 3670 Dormis,
2347 3613 2402 3658 et
2441 3612 2656 3672 tempus
2693 3615 2747 3662 te
2786 3615 3234 3682 praetergreditur
3267 3631 3282 3670 :
3321 3619 3548 3690 vigilas,
3588 3637 3652 3677 ac

2059 3701 2296 3748 mentem
2355 3701 2506 3748 tuam
2537 3697 2687 3752 circa
2730 3714 2819 3754 res
2851 3715 3024 3758 vanas
3071 3706 3372 3764 abstrahis.
3425 3709 3648 3767 Interim

2061 3785 2166 3838 vita
2218 3793 2308 3839 tua
2365 3786 2731 3851 innninuitur,
2779 3805 2903 3848 cum
2964 3812 3066 3853 nec
3116 3799 3234 3870 ipse
3277 3805 3514 3873 sentias,
3553 3823 3652 3864 nec

2061 3876 2357 3950 intelligas.

2130 3989 2405 4060 Ejusdem.
2439 3993 2646 4052 Forsan
2676 3998 2952 4072 Hesychiz'.
2984 4003 3248 4073 -Folia,
3283 4016 3337 4063 et
3364 4011 3562 4079 bullas,
3595 4021 3650 4069 et

2058 4079 2290 4147 fumum,
2327 4089 2382 4138 et
2403 4085 2612 4154 paleas,
2641 4098 2695 4143 et
2717 4090 2992 4158 umbram,
3023 4102 3078 4147 et
3103 4097 3386 4164 pulverem
3411 4101 3479 4155 ab
3517 4116 3648 4158 area

2057 4173 2109 4226 vi
2161 4173 2312 4228 venti
2363 4189 2677 4246 excussum,
2697 4195 2919 4236 omnem
2970 4184 3135 4254 hujus
3164 4187 3265 4240 aevi
3299 4190 3645 4258 splendorem

2056 4262 2372 4331 appellavit.
2407 4261 2651 4322 Terrena
2707 4270 2856 4324 enim
2897 4275 3083 4328 omnia
3114 4281 3320 4331 terram
3352 4279 3514 4335 liuent
3545 4283 3649 4338 ha-

2055 4350 2210 4408 bent.

2059 4451 2098 4468 ’⁵
2131 4467 2407 4539 Ejusdem.
2431 4471 2772 4530 ——Praesens
2816 4493 2992 4533 aevum
3027 4495 3150 4539 esse
3183 4484 3391 4540 circum
3438 4490 3641 4559 cogita.

2060 4558 2267 4617 Omnes
2296 4563 2441 4618 enim
2466 4566 2521 4619 in
2555 4581 2620 4621 eo
2653 4575 2762 4620 tam
2806 4568 2958 4636 boni,
2989 4586 3152 4640 quam
3185 4577 3336 4640 mali,
3377 4558 3643 4649 equorum

2059 4651 2239 4708 instar
2291 4666 2546 4723 currunt,
2593 4659 2662 4714 ad
2708 4675 2867 4715 suam
2899 4665 3138 4733 quisque
3170 4677 3369 4722 metam
3401 4679 3648 4729 conten-

2059 4742 2276 4800 dentes.
2327 4765 2347 4799 ι
2369 4747 2451 4802 An
2486 4749 2742 4817 nescitis,
2780 4751 2963 4823 inquit
2991 4755 3104 4820 ille,
3149 4758 3294 4827 quod
3321 4762 3420 4831 qui
3445 4762 3499 4816 in
3530 4777 3645 4817 Sla-

2059 4835 2151 4888 dio
2193 4846 2448 4902 currunt,
2481 4853 2683 4898 omnes
2709 4841 2931 4912 quidem
2994 4855 3246 4913 currunt,
3282 4865 3424 4906 unus
3465 4863 3644 4910 autem

2060 4926 2262 4997 accipit
2309 4928 2610 4986 brevium?
2668 4933 2782 5005 Ego
2815 4935 2896 4990 sic
2931 4949 3117 5002 curro,
3151 4955 3260 4995 non
3290 4944 3446 5012 quasi
3482 4945 3534 4998 in
3562 4947 3646 4999 in-

2059 5027 2272 5076 certum
2299 5021 2366 5093 (Ι
2391 5023 2520 5079 Cor.
2557 5040 2632 5092 ιι,
2661 5025 2902 5098 ἳ4,26).
2927 5048 2946 5080 ι
2982 5027 3100 5084 Non
3132 5033 3200 5087 ab
3231 5047 3290 5090 re
3307 5035 3475 5106 igitur
3509 5053 3647 5106 pra:-

2061 5121 2274 5168 sentem
2303 5116 2474 5170 vitam
2504 5119 2715 5174 circum
2740 5123 3111 5193 appellamus.

2130 5226 2408 5298 Ejusdem.
2429 5261 2500 5278 -ο
2527 5232 2798 5300 Canities,
2842 5240 3040 5291 animae
3075 5253 3137 5292 ex
3169 5239 3270 5296 hac
3297 5242 3405 5315 vita
3436 5244 3650 5302 disces-

2063 5331 2186 5372 sum
2237 5320 2440 5374 elamat
2466 5330 2520 5376 et
2549 5332 2911 5380 contestatur.
2954 5327 3252 5394 Quocirca,
3291 5333 3649 5401 quemadmo-

2061 5412 2193 5464 dum
2247 5414 2516 5483 scriptum
2547 5415 2718 5487 βπ
2753 5426 2862 5482 est,
2899 5435 2920 5469 ι
2954 5433 3200 5490 praepara
3244 5437 3412 5493 opera
3459 5431 3552 5501 tua
3583 5427 3648 5481 ad

2061 5500 2270 5555 exitum
2295 5505 2312 5566 (
2337 5499 2500 5556 Prov.
2544 5519 2694 5571 xxiv,
2720 5505 2791 5559 97
2837 5506 2913 5577 ).»
2949 5507 3426 5566 Considerandum
3451 5499 3651 5584 quippe

2061 5597 2146 5645 est
2175 5590 2374 5661 capitis
2407 5601 2462 5648 et
2487 5595 2671 5650 barba:
2705 5597 2982 5668 regionem
3011 5601 3196 5655 albam
3226 5616 3351 5659 esse
3396 5599 3466 5658 ad
3500 5618 3650 5658 mes-

2063 5696 2179 5737 sem
2212 5701 2227 5739 :
2256 5692 2308 5740 ct
2328 5687 2646 5756 prapediem
2680 5688 2817 5758 fore,
2842 5700 2902 5745 ut
2921 5690 3032 5746 falx
3055 5693 3306 5764 quaedam
3342 5694 3650 5765 spiritualis

2064 5777 2304 5831 animam
2355 5786 2504 5834 tuam
2539 5795 2569 5834 a
2609 5795 2839 5852 corpore
2887 5798 2985 5853 per
3040 5801 3225 5843 necem
3252 5786 3562 5851 abstrahat,
3594 5789 3649 5839 et
