3986 6438
291 393 454 460 ι1135
631 409 648 420 ⁵
1449 374 1506 432 S.
1547 369 1865 432 JOANNIS

2009 363 2341 427 MASCENI
3431 354 3583 423 1136

309 499 542 557 Domino
569 492 816 564 iubente,
853 487 907 540 iu
943 484 1120 538 aliena
1152 479 1400 552 quaedam
1429 485 1482 530 et
1515 477 1702 546 ignota
1726 487 1883 542 prcr-

2006 471 2225 540 πάμπαν
2259 470 2664 538 ἀγνοουμένους
2697 471 3086 544 μετακομίζειν
3132 469 3331 536 τόπους
3364 476 3433 545 τῇ
3477 473 3580 527 τοῦ

309 609 406 649 sus
433 591 550 646 loca
580 581 917 640 transveliat.

915 621 917 628 ,
1992 574 2202 644 Κυρίου
2228 571 2489 638 διατάξει.

382 677 744 748 Ejusdem.-—
778 667 857 722 Ne
905 664 1063 720 nobis
1115 661 1297 716 fucum
1359 660 1564 714 faciant
1608 670 1692 710 res
1726 653 1891 723 hujus

2060 667 2154 735 Μὴ
2180 663 2506 730 ἐξαπατάτω
2534 662 2683 733 ἡμᾶς
2708 661 2777 714 τὰ
2803 661 2862 714 ὲν
2889 660 2966 732 τῷ
2989 661 3182 732 κόσμῳ
3209 661 3389 732 τούτῳ
3413 679 3582 732 περι-

311 770 524 831 mundi,
561 780 681 835 qua:
730 759 1036 830 splendoris
1061 753 1404 812 etelaritatis
1461 750 1697 822 Speciem
1755 760 1885 816 pra:-

2014 759 2135 830 ρανῆ
2163 757 2258 811 καὶ
2287 754 2518 827 λαμπρὰ
2560 753 2888 824 δεικνύμενα
2933 755 3258 826 πράγματα.
3294 753 3588 825 Παρέρχε-

313 865 510 917 fcrant.
535 855 670 911 Nam
689 859 887 908 cuncta
933 855 1237 909 transeunt,
1264 859 1362 900 nec
1384 842 1678 915 quidquam
1719 853 1785 893 ex
1808 836 1887 890 bis

2017 869 2085 905 ται
2114 850 2224 920 γὰρ
2251 849 2320 902 τὰ
2352 848 2552 910 πάντα,
2577 847 2676 901 καὶ
2715 845 2869 900 οὐδὲν
2898 845 3180 909 παντελῶς
3240 845 3352 899 τῶν
3394 860 3591 914 φαινο-

313 967 434 1023 qua:
458 952 511 1005 in
537 953 819 1017 aspectum
842 943 1066 1006 eadunt,
1092 941 1306 996 firmum
1333 945 1388 992 et
1420 935 1616 992 stabile
1636 941 1738 988 est.
1758 931 1887 986 Cum

2016 943 2178 996 ιένων
2227 940 2514 1010 στάσιμον.
2559 938 2950 1009 Ἐπιστάμενοι
2999 933 3094 992 οὖν
3145 935 3221 1001 ὡς
3265 937 3420 990 οὐδὲν
3473 936 3590 988 τῶν

314 1047 503 1113 itaque
531 1039 869 1102 noverimus,
898 1035 1037 1090 nihil
1080 1049 1146 1088 ex
1182 1028 1550 1103 praesentibus
1578 1026 1744 1081 rebus
1769 1036 1888 1078 cum

2019 1035 2283 1106 ταρόντων
2347 1030 2657 1103 παραμένει
2707 1031 2820 1095 τοῖς
2874 1031 3157 1102 κτήτορσι,
3215 1029 3310 1084 καὶ
3369 1031 3452 1084 ὅτι
3503 1029 3593 1082 δεῖ

317 1130 746 1204 possessoribus
801 1127 922 1182 suis
975 1136 1318 1196 permanere,
1370 1117 1646 1188 nobisque
1677 1113 1891 1169 tandem

2020 1126 2223 1187 τάντως
2250 1120 2488 1188 ἐξελθεῖν
2509 1122 2703 1192 ὥσπερ
2731 1121 2796 1174 ὲκ
2823 1121 3166 1190 πανδοκείου,
3201 1121 3594 1192 φροντίσωμεν

320 1239 552 1281 necesse
615 1235 746 1278 esse
777 1218 928 1275 velut
955 1232 1018 1272 ex
1056 1213 1296 1284 hospitio
1343 1211 1537 1281 pedem
1563 1207 1801 1273 eﬂ‘erre;
1833 1204 1894 1261 sit

2022 1215 2102 1285 ςῆς
2150 1213 2272 1268 ὁδοῦ
2324 1215 2425 1286 τῆς
2470 1215 2795 1286 ἀπαγούσης
2852 1215 2990 1278 ἐκεῖ,
3019 1213 3115 1266 καὶ
3143 1212 3212 1266 τὰ
3237 1213 3425 1282 ἐφόδια
3486 1213 3596 1282 τῆς

323 1316 481 1372 nobis
535 1327 685 1368 cura:
712 1325 778 1366 ea
832 1309 924 1362 via
968 1321 1092 1378 quae
1125 1303 1278 1360 ducit
1331 1300 1401 1356 ad
1437 1300 1668 1364 caelum,
1707 1297 1897 1366 utique

2021 1308 2225 1362 ιίωνίου
2266 1307 2415 1376 ζωῆς
2453 1308 2666 1369 ἑαυτοῖς
2700 1305 3158 1377 ἀπενεγκώμεθα,
3191 1305 3259 1358 δι’
3295 1305 3492 1375 εὐχῶν,
3519 1305 3595 1358 δι’

322 1419 541 1462 aeterna:
562 1403 689 1458 vitae
737 1398 1032 1455 nobiscum
1083 1394 1287 1448 viatica
1335 1398 1762 1459 comportemus,
1811 1399 1896 1454 pet

2024 1399 2424 1471 ελεημοσυνῶν,
2480 1399 2570 1452 διὰ
2629 1399 2974 1468 πραότητος,
3029 1397 3116 1452 διὰ
3169 1397 3426 1466 γνώσεως
3478 1397 3598 1450 τῶν

329 1513 541 1570 preces,
569 1509 667 1566 per
697 1493 1096 1560 eleemosynas,
1136 1501 1232 1556 per
1262 1481 1773 1543 mansuetudinem,
1809 1491 1903 1547 per

2026 1491 2386 1544 δεοπνεύστων
2436 1489 2699 1562 Γραφῶν,
2750 1491 2839 1544 διὰ
2883 1490 2985 1560 τῆς
3032 1488 3168 1561 πρὸς
3200 1491 3327 1552 τοὺς
3372 1490 3600 1550 οἰκέτας

327 1567 637 1644 divinarum
698 1582 1109 1652 Scripturarum
1181 1575 1458 1639 notitiam,
1513 1587 1608 1643 per
1661 1567 1901 1640 benigub

2029 1583 2302 1654 εὐμενείας
2329 1584 2425 1638 καὶ
2487 1585 2932 1655 συγκροτήσεως,
2971 1583 3066 1638 καὶ
3128 1582 3218 1638 διὰ
3263 1584 3372 1636 τῶν
3415 1581 3603 1636 ἄλλων

331 1690 495 1736 tatem
526 1676 965 1742 facilitatemque
993 1685 1124 1740 erga
1156 1666 1416 1731 famulos,
1448 1679 1513 1720 ac
1537 1677 1635 1734 per
1661 1676 1750 1718 res
1771 1660 1905 1716 alias

2010 1677 2355 1748 πραγμάτων
2400 1670 2476 1732 ὧν
2520 1677 2915 1749 ὑπαγορεύειὸ
2973 1675 3185 1748 ἀληθὴς
3226 1675 3510 1746 λογισμός.

327 1787 466 1842 quas
501 1783 629 1824 vera
654 1767 797 1820 ratio
817 1765 1016 1820 dictat.

403 1860 665 1916 Philonis.
694 1886 762 1897 ——
785 1853 859 1911 Ut
879 1852 1098 1925 proprie
1121 1852 1336 1922 loquar,
1367 1863 1468 1904 nec
1517 1846 1589 1902 ob
1625 1844 1913 1917 pecunias,
1944 1856 1977 1912 ε

2081 1856 2328 1926 κυρίως,
2360 1855 2484 1911 οὔτε
2525 1857 2622 1909 ἐπὶ
2672 1857 2974 1928 χρημάτων
3002 1857 3036 1929 ἢ
3066 1858 3366 1929 κτημάτων
3429 1875 3598 1929 περι-

314 1963 426 2010 aut
459 1949 795 2021 amplissima
825 1947 1051 2018 praedia,
1083 1959 1184 2000 nec
1199 1945 1270 1999 ob
1307 1943 1495 2014 gloriae
1530 1940 1883 2013 splendorem

2031 1945 2198 2018 θυσίᾳ,
2227 1944 2353 1999 οὔτε
2377 1947 2471 2000 ἐπὶ
2496 1945 2657 2016 δόξης
2683 1945 3049 2017 λαμπρότητι,
3079 1947 3202 2000 οὑδὲ
3246 1946 3484 2010 συνόλως
3501 1945 3605 1999 ἐπί

314 2064 396 2102 -ac
431 2046 598 2100 ullam
650 2041 890 2110 denique
922 2053 986 2094 ex
1023 2037 1191 2092 rebus
1226 2035 1494 2100 externis,
1525 2047 1648 2103 quae
1701 2029 1888 2102 frigida

2079 2056 2125 2092 νι
2155 2038 2264 2092 τῶν
2289 2028 2700 2110 ἐκτὺςψυχρῶν
2725 2057 2786 2092 τε
2817 2039 2988 2094 ὄντων
3019 2039 3115 2093 καὶ
3142 2039 3441 2103 ἀϐεϐαίων,
3504 2039 3610 2091 καὶ
3640 2108 3653 2118 .

328 2139 668 2205 incertaeque
704 2140 857 2196 sunt,
896 2137 951 2186 et
975 2145 1043 2184 ex
1071 2128 1275 2198 seipsis
1311 2131 1770 2194 corrumpuntur,
1809 2136 1902 2175 vo-

2037 2133 2083 2198 ἐξ
2111 2133 2322 2187 ἑαυτῶν
2349 2133 2450 2197 τὰς
2491 2133 2701 2204 φθοράς
2732 2134 3038 2206 δεχομένων
3093 2133 3306 2204 χαίρειν
3331 2133 3466 2186 ἔστι.
3489 2131 3611 2184 Καὶ

322 2233 595 2301 'luptatem
617 2227 749 2282 licet
775 2225 1087 2295 percipere.
1115 2221 1260 2287 Quin
1308 2233 1409 2274 nec
1431 2218 1502 2273 ob
1532 2217 1703 2271 robur
1725 2223 1779 2269 et
1803 2212 1896 2268 vin

2037 2224 2277 2296 μὴνοὺδὲ
2326 2225 2424 2278 ἐπὶ
2452 2225 2639 2298 ῥώμῃ,
2695 2227 2789 2280 καὶ
2822 2226 3061 2297 εὐτονίᾳ,
3111 2226 3207 2279 καὶ
3263 2226 3372 2287 τοῖς
3423 2223 3611 2285 ἄλλοις

336 2335 656 2385 nervorum,
699 2317 950 2385 aliasque
979 2312 1234 2382 corporis
1258 2309 1438 2374 dotes,
1480 2323 1604 2378 qua:
1624 2315 1679 2361 et
1694 2304 1910 2375 nequis-

2035 2315 2119 2371 τοῦ
2149 2315 2402 2387 σώματος
2434 2318 2924 2389 πλεονεκτήμασιν,
2950 2319 2985 2373 ἃ
3020 2318 3114 2372 καὶ
3147 2317 3256 2372 τῶν
3326 2316 3609 2385 φαυλοτά-

338 2414 500 2471 simis
559 2407 794 2483 perinde
845 2412 977 2462 sunt
1005 2416 1350 2464 communes,
1381 2413 1446 2454 ac
1490 2399 1601 2452 illis
1631 2396 1798 2452 etiam
1823 2393 1912 2464 qui

2040 2425 2136 2463 ιων
2157 2410 2275 2462 ἐστὶ
2302 2408 2478 2474 κοινὰ,
2507 2411 2604 2463 καὶ
2655 2413 2771 2473 τοῖς
2835 2410 3016 2481 ἔχουσι
3069 2410 3334 2474 πολλάκις
3385 2409 3614 2479 δλεθρον

339 2506 476 2577 ipsis
530 2500 745 2573 ιιι-ωιιίιί
815 2506 995 2561 erant,
1059 2503 1287 2564 propter
1346 2491 1796 2548 incertitudinem
1864 2493 1913 2541 et

2042 2499 2404 2570 Ξιπαραιτητον
2460 2501 2694 2572 ἡνεγκεν
2747 2501 2921 2556 διὰτὸ
2968 2502 3276 2557 ἀσύστατον
3334 2502 3431 2556 καὶ
3478 2500 3616 2555 ἀσέ-

325 2591 770 2651 inconstantiam
800 2586 1142 2644 ineluctabili
1177 2598 1321 2652 saepe
1348 2582 1518 2636 exitio
1556 2579 1810 2636 fuerunt.
2030 2590 2206 2646 σαιον,

405 2681 901 2755 Ejusd.—-Nullius
927 2678 1028 2743 rei,
1053 2677 1102 2732 si
1128 2689 1256 2731 vere
1286 2672 1618 2744 loquendum
1645 2670 1741 2734 sit,
1774 2674 1926 2739 pote-

2105 2684 2334 2738 Πάντων
2372 2684 2493 2756 μὲν,
2526 2686 2573 2738 εί
2604 2685 2687 2739 δεῖ
2708 2685 2756 2738 τ’
2791 2685 2995 2756 ἀληθὲς
3026 2687 3221 2753 εἰπεῖν,
3253 2684 3457 2754 ἄκυρον
3511 2683 3615 2738 ἇν-

342 2787 538 2836 statem
558 2776 720 2830 habet
741 2775 926 2829 homo.
945 2769 1135 2841 Neque
1155 2769 1299 2825 enim
1320 2765 1619 2839 quidquam
1647 2763 1804 2818 ﬁrme
1835 2775 1916 2814 re-

2042 2775 2274 2847 Βρωπος,
2297 2776 2514 2842 οὐδενὸς
2537 2778 2954 2850 ὲνειλημμένος,
2985 2780 3084 2850 οὺχ
3114 2779 3141 2832 ὅ
3165 2795 3218 2832 τι
3277 2779 3385 2832 τῶν
3411 2778 3616 2840 ἄλλων,

345 2875 502 2937 tinet,
534 2885 644 2926 non
663 2865 841 2924 selum
859 2864 1087 2920 aliarum
1119 2875 1326 2926 rerum,
1346 2859 1442 2916 sed
1464 2872 1535 2913 ne
1551 2869 1778 2912 suarum
1799 2853 1919 2924 qui-

2046 2865 2151 2919 m'
2176 2867 2298 2920 οὑδὲ
2325 2867 2434 2921 τῶν
2463 2870 2595 2940 περὶ
2643 2869 2807 2924 αὑτὸν
2838 2869 3092 2941 βεϐαίως,
3125 2871 3223 2940 οὑχ
3267 2870 3477 2937 ὑγείας,
3513 2870 3620 2921 οὐκ

345 2967 499 3031 dem;
541 2977 652 3016 non
692 2959 1013 3020 sanitatem,
1049 2969 1161 3010 non
1195 2950 1472 3008 sentiendi
1504 2949 1652 3012 vim,
1691 2960 1801 3002 non
1830 2959 1919 2999 cae-

2046 2959 2417 3031 εὑαισθησίας,
2456 2961 2557 3016 οὑκ
2585 2963 2905 3034 ἀρτιότητος
2939 2963 3039 3033 τῆς
3067 2964 3196 3034 περὶ
3228 2963 3296 3016 τὰ
3329 2961 3470 3016 ἄλλα
3517 2960 3620 3014 τοῦ

347 3070 592 3112 terorum
635 3067 756 3122 quae
790 3049 858 3105 ad
880 3062 1081 3119 corpus
1110 3050 1360 3116 spectant
1393 3040 1786 3111 integritatem,
1819 3050 1921 3092 non

2045 3048 2315 3119 σώματος,
2363 3052 2485 3122 οὐχὶ
2509 3054 2712 3123 φωνῆς,
2744 3055 2844 3107 οὑκ
2870 3055 3169 3124 ἀγχινοίας.
3206 3054 3287 3108 Τά
3316 3053 3425 3125 γάρ
3471 3053 3619 3108 κατὰ

348 3162 560 3210 vocem,
589 3158 700 3200 non
728 3137 1195 3208 acumeningenii.
1222 3133 1358 3188 Nam
1389 3131 1534 3200 quod
1564 3128 1632 3184 ad
1657 3143 1807 3200 opes,
1841 3134 1922 3183 aut

2047 3137 2293 3206 πλοῦτον,
2322 3141 2355 3212 ἢ
2387 3141 2546 3208 δόξαν
2566 3182 2581 3207 ,
2615 3141 2648 3213 ἢ
2689 3143 2876 3212 φίλους
2907 3185 2921 3208 ,
2975 3143 3008 3214 ἢ
3043 3143 3294 3215 ἀρχὰς,ἢ
3325 3145 3428 3198 ὅσα
3480 3143 3621 3199 ἄλλα

351 3241 542 3303 decus,
587 3246 681 3290 aut
719 3234 947 3296 amicos,
999 3238 1094 3283 aut
1127 3223 1466 3299 dignitates,
1521 3230 1616 3278 aut
1664 3223 1772 3278 alia
1813 3235 1925 3292 qua

2050 3234 2276 3304 τυχηρὰ,
2305 3233 2393 3297 τίς
2415 3235 2516 3287 οὐκ
2535 3211 2678 3287 οἶδεν
2699 3211 2774 3298 ὡς
2801 3235 2949 3289 ἔστιν
2976 3211 3210 3290 ἀϐέδαια
3227 3255 3241 3305 ;
3258 3211 3424 3291 ’Ὥστε
3458 3236 3624 3306 ἀνάγ-

352 3332 573 3386 fortuna
622 3326 850 3390 tribuit,
899 3321 1126 3387 attinet,
1189 3317 1279 3374 cui
1329 3316 1559 3372 dubium
1621 3321 1750 3380 est,
1797 3313 1926 3384 quin

2051 3340 2108 3392 ιιη
2139 3323 2446 3392 ὁμολογεῖν,
2477 3325 2558 3378 ὅτι
2591 3327 2721 3397 περὶ
2776 3327 2872 3381 ἕνα
2897 3327 2957 3381 τὸ
2989 3327 3156 3400 κύρος
3209 3328 3318 3386 τῶν
3361 3329 3625 3386 ἁπάντων

352 3436 548 3493 parum
584 3425 734 3476 certa
767 3429 832 3470 ac
879 3413 1039 3469 firma
1069 3409 1218 3468 sint?
1257 3409 1444 3479 Itaque
1475 3405 1732 3463 confiteri
1773 3419 1926 3474 opor-

1309 3422 1444 3479 aque
1475 3405 1732 3463 conﬁteri
1773 3419 1939 3474 opor-
1993 3451 2018 3460 -
2039 3415 2175 3479 ἐστὶ,
2201 3414 2293 3468 τὸν
2308 3416 2436 3470 ὅντα
2470 3416 2624 3482 ὄντος
2659 3418 2883 3490 Κύριον.

357 3524 459 3580 tet,
504 3526 690 3569 rerum
767 3507 1012 3563 omnium
1073 3509 1401 3576 potestatem
1457 3498 1624 3554 unius
1672 3498 1942 3552 duntaxat

355 3623 502 3672 esse,
528 3603 624 3675 qui
652 3594 785 3657 vere
817 3597 1084 3653 Dominus
1107 3601 1212 3648 est.

433 3736 573 3792 TIT.
595 3735 690 3789 XI.
731 3763 794 3776 --
835 3731 912 3786 De
941 3728 1324 3802 beneﬁcentia:
1354 3733 1405 3778 et
1437 3729 1574 3794 quod
1605 3725 1668 3778 de
1699 3724 1942 3778 omnibus

2055 3725 2230 3802 ΤΙΤΛ.
2252 3726 2376 3802 ,ΙΑἏ
2408 3756 2479 3802 -—_
2513 3727 2651 3802 Περὶ
2700 3728 3090 3802 ἀγαθοεργῑας
3121 3745 3146 3802 ξ
3173 3730 3275 3785 καὶ
3295 3729 3386 3802 ὅτι
3412 3731 3530 3802 χρὴ
3558 3731 3629 3786 τὸ

365 3807 709 3870 benemereri,
743 3813 790 3857 et
816 3799 1050 3872 proximi
1069 3815 1230 3872 onera
1257 3797 1685 3872 ferreoportem,
1715 3812 1817 3849 non
1845 3813 1939 3849 au-

2117 3797 2344 3872 ἀγᾳθὸν
2364 3797 2515 3872 πρὸς
2543 3797 3097 3872 πάνταποιεῖνῆκαὶ
3113 3799 3202 3854 ὅτι
3221 3801 3337 3870 χρὴ
3367 3797 3627 3872 τὶἵβᾶρη

369 3889 471 3932 tem
499 3863 826 3942 iniuriarum
860 3870 1205 3942 meminisse;
1234 3863 1324 3920 sed
1358 3863 1506 3917 illum
1517 3863 1728 3933 juvare,
1751 3875 1798 3920 et
1828 3880 1943 3942 qum

2120 3863 2226 3942 τοῦ
2243 3863 2514 3942 πληοξιρν
2541 3868 2770 3936 φέρειν,
2801 3871 2898 3942 καὶ
2917 3871 3004 3940 μὴ
3027 3863 3627 3942 μνησῷἱὶιιὶεῖνξὰλιῖ

367 3949 506 4001 male
559 3937 753 4014 forsan
783 3939 1038 4014 gesserit,
1091 3951 1348 4008 arguere;
1379 3951 1482 3988 non
1534 3944 1712 3989 autem
1744 3937 1941 3990 malum

2120 3937 2671 4014 ἁγτιλαμϐιίνεονθαέ
2708 3937 2932 4014 αὑτοῦ,
2971 3937 3069 3994 κάι
3113 3940 3417 4014 ἐλέγχειν-
3442 3937 3518 4014 τὰ
3546 3943 3632 4007 ὡς

365 4035 462 4088 pro
487 4005 630 4070 πιὰιο
665 4005 896 4068 reddite.
1158 4005 1172 4008 ⁷

2120 4005 2284 4088 ξίφεός
2313 4007 2450 4075 παρ’
2480 4008 2668 4088 αὑτοῦ
2700 4012 2985 4088 τινόμεζα
3006 4009 3162 4064 κακὰ
3183 4051 3197 4080 ,
3228 4005 3325 4065 ait}!
3347 4011 3433 4082 μὴ
3466 4005 3632 4066 dra;

2123 4075 2359 4130 διδόναι
2389 4076 2584 4131 κακὸν
2600 4075 2738 4132 ἀντὶ
2758 4075 2968 4135 κακοῦ.

445 4199 600 4255 Deut.
628 4213 762 4264 ιωιιι,
787 4196 838 4251 l.
863 4225 930 4235 —
963 4213 980 4246 ι
1006 4193 1126 4250 Non
1157 4194 1372 4250 videbis
1397 4195 1590 4250 bovem
1631 4193 1821 4250 fratris
1847 4193 1949 4259 tui,

2129 4215 2148 4247 ι
2181 4195 2274 4268 Μὴ
2302 4195 2427 4249 ἰδὼν
2455 4196 2549 4250 τὸν
2579 4196 2781 4268 μόσχον
2824 4197 2919 4251 τοὺ
2950 4197 3179 4267 ἀδελφοῦ
3207 4214 3322 4264 σου,
3353 4198 3385 4268 ἢ
3410 4197 3471 4250 τὸ
3499 4195 3635 4267 πρό-

373 4300 466 4345 aut
494 4304 650 4346 ovem
685 4295 964 4343 errantem
996 4287 1050 4340 in
1093 4286 1204 4350 via,
1265 4294 1319 4341 et
1364 4285 1709 4357 praeteribis:
1743 4284 1840 4342 sed
1868 4299 1947 4339 re«

2063 4287 2221 4343 ὃατον
2259 4289 2594 4360 πλανώμενα
2648 4292 2708 4346 ὲν
2742 4294 2808 4364 τῇ
2839 4290 2966 4364 ὁδῷ,
3001 4291 3265 4365 ὑπερίδῃς
3297 4291 3439 4346 αὑτά
3461 4306 3475 4319 ·
3496 4290 3637 4344 ἀπο-

373 4380 624 4437 ducendo
677 4379 910 4433 reduces
965 4377 1124 4432 fratri
1171 4386 1288 4432 tuo.
1324 4377 1481 4443 Quod
1510 4377 1556 4431 si
1586 4392 1693 4431 non
1720 4391 1783 4431 es
1818 4391 1947 4447 pro-

2065 4383 2265 4453 στροφῇ
2308 4383 2674 4455 ἀποστρέψεις
2725 4385 2867 4440 αὑτὰ
2894 4385 3209 4458 τῷάδε).φῷ
3268 4401 3386 4438 σου.
3426 4383 3555 4436 Ἐάν
3580 4383 3639 4435 δὲ

374 4473 617 4540 pinquus
675 4467 837 4522 fratri
896 4475 1013 4532 tuo,
1072 4480 1174 4521 nec
1206 4466 1351 4520 nosti
1393 4481 1541 4532 eum,
1606 4466 1833 4538 colliges
1892 4479 1948 4520 ea

2065 4473 2138 4544 μὴ
2166 4475 2363 4547 ἐγγίξῃ
2416 4475 2497 4548 τῷ
2550 4475 2768 4548 ἀδελφῷ
2821 4494 2938 4544 σου,
2994 4479 3132 4549 μηδὲ
3195 4477 3394 4548 ἐπίστῃ
3448 4473 3639 4538 αὑτὸν,

377 4561 519 4632 apud
546 4569 627 4628 te,
660 4561 835 4615 donec
870 4573 934 4614 ea
969 4558 1251 4628 quaesierit
1295 4559 1467 4612 frater
1496 4565 1646 4622 tuus,
1679 4564 1734 4613 et
1757 4554 1951 4613 reddas

2072 4565 2314 4631 συνάξεις
2339 4568 2482 4622 αὑτά
2512 4568 2653 4638 μετά
2680 4569 2910 4622 σεαυτοῦ
2931 4608 2946 4632 ,
2980 4569 3087 4632 ἕως
3124 4568 3193 4623 ἂν
3229 4569 3445 4640 ζητήσῃ
3501 4566 3646 4621 αὑτὰ

376 4653 490 4710 illa.
517 4674 537 4707 ι
2063 4657 2337 4726 όάδελφός
2368 4675 2487 4725 σου,
2531 4661 2626 4712 καὶ
2649 4658 2866 4729 ἀποδῷς
2890 4660 3049 4715 αὑτά.
3076 4681 3095 4713 ι

450 4771 626 4826 Exod.
659 4786 817 4834 χχιιι,
837 4767 871 4824 4
905 4783 1174 4839 seqq.--t
1205 4766 1260 4822 Si
1292 4765 1964 4823 occurrerisboviinimici

2145 4790 2165 4824 ι
2211 4774 2337 4828 Ἐὰν
2365 4775 2706 4846 συναντήσῃς
2739 4774 2818 4845 τῷ
2851 4773 2938 4845 βοῒ
2982 4773 3080 4828 τοῦ
3109 4772 3305 4844 ἐχθροῦ
3351 4790 3470 4848 σου,
3500 4772 3534 4843 ἦ
3568 4772 3647 4844 τῷ

380 4858 484 4928 tui,
516 4871 612 4918 aut
663 4864 822 4918 asino
854 4861 976 4932 ejus
1009 4859 1352 4925 errantibus,
1380 4859 1656 4932 reducens
1701 4859 1954 4914 restitues

2077 4864 2350 4935 ὑποζυγίῳ
2381 4864 2548 4918 αὑτοῦ
2605 4866 3004 4935 πλανωμένοις,
3056 4864 3410 4934 ἀποστρέψας
3439 4863 3651 4918 ἀποδώ-

385 4954 487 5007 illi.
515 4953 575 5014 Si
611 4962 795 5010 autem
830 4953 1039 5009 videris
1097 4952 1320 5008 asinum
1377 4950 1592 5005 inimici
1649 4949 1727 5004 tui
1773 4948 1959 5018 jacen-

2077 4972 2190 5019 σεις
2222 4955 2396 5026 αὑτῷ.
2426 4956 2553 5009 Ἐὰν
2573 4955 2633 5009 δὲ
2667 4956 2784 5029 ἴδῃς
2806 4955 2867 5010 τὸ
2887 4954 3183 5025 ὑποζύγιον
3208 4955 3303 5008 τοῦ
3329 4953 3525 5025 ἐχθροῦ
3555 4971 3651 5007 σου

387 5052 492 5098 tem
525 5043 629 5098 sub
662 5059 852 5110 onere,
902 5059 1015 5099 non
1043 5043 1451 5113 pertransibis,
1480 5041 1582 5100 sed
1647 5039 1961 5098 sublevabis

2079 5047 2368 5110 πεπτωκὸς
2397 5047 2504 5102 ὑπὸ
2529 5047 2624 5100 τὸν
2657 5047 2854 5117 γόμον,
2894 5047 2956 5100 οὑ
2993 5046 3311 5118 παρελεύσῃ
3337 5045 3490 5112 αὑτδ,
3517 5044 3653 5099 ἀλλά

389 5151 513 5191 cum
551 5151 638 5192 eo.
665 5155 686 5188 ι
723 5131 736 5146 ⁷
2078 5139 2334 5207 συνάγεις
2362 5138 2511 5210 αὑτῷ
2535 5139 2652 5211 μετ’
2671 5139 2861 5194 αὑτοῦ.
2889 5158 2908 5192 ι

465 5264 486 5298 ι
523 5245 730 5316 Diliges
774 5243 1088 5316 proximum
1132 5252 1307 5311 tuum,
1361 5257 1465 5300 nec
1494 5243 1620 5314 ejus
1662 5257 1834 5300 causa
1871 5242 1972 5298 ad-

2155 5269 2176 5302 ¢
2229 5251 2566 5320 Ἀγαπήσεις
2597 5251 2692 5305 τὸν
2733 5251 2960 5323 πλησίον
2985 5268 3104 5317 σου,
3159 5250 3255 5306 καὶ
3297 5252 3359 5306 οὑ
3415 5250 3560 5322 λήψῃ
3590 5249 3654 5304 δι’

395 5339 585 5396 mittes
610 5343 922 5411 peccatum.
953 5355 974 5389 ι
1094 5365 1102 5372 -

1094 5365 1102 5372 ·
2080 5341 2242 5394 αὑτὸν
2285 5343 2398 5412 ἅμα
2407 5341 2578 5411 ρτίαν.
2608 5361 2626 5392 ι

470 5473 489 5506 ι
521 5455 582 5511 Si
631 5458 949 5509 attenuatus
1003 5449 1173 5506 fuerit
1220 5448 1398 5506 frater
1453 5458 1605 5512 tuus,
1635 5454 1694 5504 et
1724 5446 1978 5504 inﬁrmus

2159 5473 2179 5507 ι
2221 5454 2349 5508 Ἐἀν
2371 5456 2606 5526 πένηται
2627 5455 2657 5508 ό
2684 5455 2912 5525 ἀδελφός
2930 5472 3043 5520 σου,
3064 5456 3161 5510 καὶ
3181 5457 3438 5511 ἀδυνατοῖ
3459 5456 3518 5508 ὲν
3542 5456 3663 5520 τσιῐς

396 5547 656 5602 manibus
679 5544 821 5616 apud
859 5552 934 5610 te,
989 5543 1260 5612 suscipiet;
1289 5557 1415 5599 eum
1439 5543 1603 5612 quasi
1624 5540 1889 5595 advenam
1925 5546 1970 5594 el

2084 5547 2278 5618 χερσὶν
2307 5547 2459 5620 παρά
2526 5563 2632 5612 σοι,
2685 5547 2959 5620 ἀντιλήψει
3010 5547 3177 5601 αὑτοῦ
3206 5549 3282 5610 ὡς
3315 5547 3655 5620 προσηλύτοι

395 5639 559 5710 327
589 5637 954 5707 peregrinum,
987 5646 1041 5691 et
1068 5635 1213 5690 vivet
1243 5633 1413 5690 frater
1445 5645 1575 5689 tuus
1624 5641 1746 5688 teeu
1758 5645 1828 5686 ιι.
1861 5630 1969 5687 Nor

2093 5638 2184 5690 καῖ¹
2211 5639 2478 5708 παροίκου
2511 5655 2524 5669 ο
2546 5639 2641 5692 καὶ
2670 5639 2897 5710 ζήσεται
2926 5641 2954 5693 ὁ
2984 5639 3214 5709 ἀδελφός
3252 5657 3348 5693 σου
3381 5639 3522 5712 μετά
3547 5637 3667 5698 σοῦ.

399 5730 644 5799 accipies
698 5743 896 5785 usuras
949 5730 1020 5784 ab
1049 5743 1136 5793 eo,
1178 5742 1281 5784 nec
1336 5727 1576 5797 amplius
1603 5739 1768 5797 quam
1810 5725 1973 5780 dede-

1877 5725 1982 5780 de-
2090 5730 2163 5783 Οὑ
2197 5730 2344 5803 λήψῃ
2387 5731 2518 5803 παρ’
2541 5731 2708 5784 αὑτοῦ
2732 5732 2915 5800 τόκον,
2943 5733 3062 5787 οὐδὲ
3087 5733 3451 5805 πλεονασμόν.

402 5837 501 5881 ns.
547 5841 562 5874 ι

2079 5943 2096 5947 ~-~
2101 5942 2148 5950 ~-
