3986 6384
376 377 512 444 1137

1637 389 1875 448 SACRA
1911 388 2378 451 PARALLE-LA.

3501 380 3524 443 l
3538 379 3638 445 1‘38

451 509 471 542 ι
517 488 768 560 Ἐξῆλθεν
795 489 958 544 Δαδὶδ
987 491 1095 544 ἀπὸ
1130 489 1224 544 τοῦ
1270 492 1557 563 σπηλαίου,
1591 497 1681 548 καὶ
1725 495 1952 566 ἐϐόησεν

2131 497 2165 551 Ι,
2188 497 2314 568 Reg.
2349 511 2497 563 xxiv,
2526 495 2682 549 9-l8.
2713 523 2776 535 —
2807 513 2826 547 ι
2865 495 3118 550 Surrexit
3145 500 3330 548 autem
3365 492 3537 547 David
3573 494 3641 546 de

375 582 552 636 ὀπίσω
584 582 776 648 Σαοὺλ,
805 583 1007 651 λέγων’
1036 583 1208 653 Κύριε
1247 583 1502 653 βασιλεῦ’
1535 587 1628 640 καὶ
1659 588 1958 658 ὲπὲὅλεψεν

378 673 551 726 Σαοὺλ
579 673 758 727 ὀπίσω
795 673 987 740 αὐτοῦ,
1022 675 1118 727 καὶ
1148 674 1316 744 ἔκυψε
1347 677 1516 747 Δαϐὶδ
1545 679 1639 732 ἐπί
1666 680 1958 750 πρόσωπον

375 765 538 818 αὐτοῦ
572 766 668 819 ἐπὶ
722 767 822 838 τὴν
878 769 1004 837 γῆν,
1045 768 1140 821 καὶ
1191 769 1610 840 προσεκύνησεν
1648 771 1819 842 αὐτῷ.
1849 771 1958 825 Καὶ

376 851 532 908 εἶπεν
569 857 754 910 Δαϐίδυ
799 858 917 912 Ἰνα
942 858 996 911 τί
1057 859 1278 923 ἀκούεις
1337 860 1446 914 τῶν
1483 861 1661 930 λόγων
1703 861 1797 916 τοῦ
1827 861 1957 916 λαοῦ

375 946 671 1016 λεγόντων·
723 949 854 1003 Ἰδοὺ
870 950 1036 1004 Δαόὶδ
1050 951 1206 1020 ζητεί
1234 953 1334 1024 τὴν
1358 952 1539 1026 ψυχήν
1572 972 1667 1008 σου
1691 972 1706 1020 ;
1738 954 1870 1008 Ἰδοὺ
1897 957 1957 1008 ὲν

375 1041 442 1114 τῇ
463 1038 651 1112 ἡμέρα
676 1040 852 1114 ταύτῃ
874 1042 1188 1114 ἑωράκασιν
1223 1045 1274 1098 οί
1307 1045 1576 1118 ὀφθαλμοί
1620 1064 1736 1113 σου,
1767 1046 1958 1118 ὥσπερ

377 1131 543 1186 ἔδωκέ
561 1149 622 1186 σε
644 1131 850 1205 Κύριος
864 1136 944 1200 εἰς
965 1136 1063 1198 τὰς
1077 1137 1266 1208 χεῖράς
1283 1154 1384 1208 μου
1401 1139 1460 1192 ὲν
1479 1139 1556 1210 τῷ
1574 1141 1843 1212 σπηλαίῳ,
1863 1142 1959 1196 καὶ

375 1227 476 1281 οὐκ
498 1227 810 1300 ἠϐουλήθην⁴
839 1231 1160 1286 ἀποκτεῖναί
1180 1249 1264 1297 σε,
1289 1234 1384 1288 καὶ
1403 1235 1714 1305 ἐφεισάμην
1743 1253 1838 1289 σου
1863 1237 1957 1290 καὶ

377 1315 540 1374 εῐπαο
588 1323 705 1376 Οὐκ
753 1323 963 1378 ὲποίσω
1018 1325 1182 1396 χεῖρά
1209 1343 1310 1397 μου
1337 1327 1416 1390 είς
1461 1328 1553 1381 τὸν
1606 1328 1796 1399 κύριόν
1827 1346 1955 1400 μου,

373 1411 460 1464 ὅτι
507 1413 728 1483 χριστὸς
780 1414 990 1486 Κυρίου
1019 1410 1196 1480 οὗτος.
1241 1415 1355 1471 Καὶ
1391 1418 1502 1472 ἰδοὺ
1535 1418 1830 1489 πτερύγιον
1855 1421 1958 1492 τῆς

375 1501 644 1568 διπλοΐδος
665 1522 762 1558 σου
790 1506 848 1560 ὲν
871 1509 936 1578 τῇ
960 1507 1104 1579 χειρί
1136 1525 1262 1578 μου,
1294 1509 1388 1562 καὶ
1408 1511 1510 1564 οὐκ
1525 1510 1851 1580 ἀπέκταγκά
1873 1529 1954 1567 σε.

375 1593 486 1646 Καὶ
513 1592 690 1663 ἐπῆρε
715 1594 891 1649 Σαοὺλ
921 1598 1022 1668 τὴν
1062 1597 1249 1670 φωνὴν
1302 1599 1494 1667 αὑτοῦ,
1525 1602 1621 1656 καὶ
1668 1601 1955 1670 ἔκλαυσεν,

377 1686 473 1739 καὶ
500 1681 624 1739 εἷπε
651 1687 790 1758 πρὸς
809 1688 973 1744 Δαὸίδ
998 1706 1011 1719 ·
1043 1691 1266 1756 Δίκαιος
1317 1693 1382 1747 σὺ
1417 1694 1560 1764 ὑπὲρ
1615 1695 1738 1764 ἐμὲ,
1778 1696 1862 1751 ὅτι
1891 1697 1956 1751 σὺ

376 1779 767 1845 ἀνταπῶωκάς
825 1799 917 1852 μοι
970 1783 1176 1853 ἀγαθὰ,
1224 1784 1337 1855 ἰτὼ
1364 1785 1422 1840 δὲ
1459 1788 1825 1843 ἀνταπὲδωκά
1873 1805 1954 1844 σοι

379 1872 544 1926 κακά.
577 1873 644 1939 »χ

452 1983 476 2016 ι
518 1965 952 2038 Τεκταινόμενος
1013 1968 1219 2038 ἀγαθὰ,
1262 1969 1418 2042 ζητεῖ
1461 1971 1626 2046 χάριν
1665 1973 1902 2046 ἀγαθήν.
1934 1995 1954 2031 ι

455 2159 478 2193 ι
515 2141 609 2213 Μὴ
642 2142 914 2197 πλατύνου
940 2147 1051 2209 σοῖς
1081 2145 1318 2216 χείλεσιν
1338 2163 1350 2177 ·
1385 2149 1462 2221 μὴ
1493 2151 1678 2222 εἴπῃςσ
1713 2152 1812 2205 ‘Ov
1837 2152 1959 2223 τρό-

381 2251 482 2289 πον
505 2235 775 2306 ἐχρήσατό
801 2253 914 2306 μοι,
945 2237 1223 2309 χρήσομαι
1277 2239 1454 2310 αὐτῷ,
1480 2236 1716 2312 ὑπὲρῶν
1747 2259 1816 2313 με
1843 2241 1961 2314 ἡδί-

381 2344 570 2398 κησεν.
609 2347 629 2380 ο

453 2437 476 2470 σ
519 2420 613 2492 Μὴ
645 2419 809 2494 εἴπῃς
832 2439 846 2454 ο
883 2423 1113 2494 Γίσομαι
1153 2423 1247 2478 τὸν
1273 2424 1468 2496 ἐχθρόν
1489 2442 1502 2456 ’
1529 2425 1648 2481 ἀλλ’
1666 2428 1961 2499 ὑπόμεινον

377 2513 470 2565 τὸν
508 2512 736 2584 Κύριον,
759 2515 847 2568 ἕδνα
876 2532 936 2569 σε
963 2516 1230 2591 βοηθήσῃ.
1269 2536 1292 2571 ι

440 2623 462 2656 ι
511 2604 637 2658 Ἐὰν
654 2608 815 2678 πεινᾷ
840 2607 870 2660 ὁ
903 2606 1101 2679 ἐχθρός
1133 2625 1252 2673 σου,
1281 2608 1501 2680 ψώμιζε
1532 2611 1718 2678 αὑτὸν,
1750 2613 1843 2667 καὶ
1866 2613 1962 2668 ἐὰν

376 2695 534 2767 διψᾷ,
590 2697 778 2762 πότιζε
831 2698 1016 2753 αὐτόν.
1074 2698 1247 2754 Τοῦτο
1274 2699 1384 2772 γὰρ
1435 2702 1626 2769 ποιῶν,
1683 2704 1963 2776 ἄνθρακας

377 2786 551 2856 πυρὸς
579 2786 876 2858 σωρεύσεις
898 2787 994 2842 ἐπὶ
1008 2783 1110 2858 τὴν
1135 2789 1382 2862 κεφαλὴν
1409 2791 1603 2858 αὐτοῦ,
1630 2793 1728 2848 καὶ
1756 2794 1962 2866 Κύριος

376 2879 748 2934 ἀνταποδὼσει
775 2897 858 2934 σοι
878 2881 1079 2949 ἀγαθά.
1120 2901 1139 2934 ι

452 2989 472 3023 ι
522 2971 663 3027 ὀδοὶ
685 2974 1042 3044 μνησικάκων
1066 2978 1145 3040 είς
1173 2976 1420 3033 θάνατον.
1465 3001 1486 3033 ι

457 3167 476 3200 ι
519 3151 615 3213 Ὃς
648 3155 1002 3222 μνησικακεῖ,
1028 3155 1362 3228 παράνομος.
1405 3177 1422 3209 ι

453 3347 474 3383 ι
518 3329 578 3384 ’0
603 3333 867 3402 κρύπτων
892 3329 1114 3401 ἔχθραν,
1147 3331 1430 3404 συνίστησι
1459 3333 1632 3390 δόλον.
1666 3355 1685 3389 ι

458 3542 478 3576 ι
509 3524 726 3579 Κακίαν
755 3524 987 3589 ἕκαστος
1013 3523 1109 3579 τοῦ
1138 3525 1368 3596 ἁδελφοῦ
1401 3527 1569 3582 αὐτοῦ
1611 3529 1674 3582 ού
1712 3529 1788 3600 μὴ
1830 3548 1966 3602 μνητ

382 3612 650 3683 σιηκῆτε
689 3615 746 3666 ὲν
800 3615 920 3677 ταῖς
967 3615 1220 3686 καρδίαις
1299 3616 1471 3687 ὑμῶν.
1521 3619 1714 3690 Κρτμα
1758 3619 1966 3677 δίκαιον

381 3701 626 3774 κρίνατε,
659 3705 754 3759 καὶ
775 3704 928 3771 ἔλεος
977 3708 1074 3760 καὶ
1130 3709 1418 3781 οίκτιρμὸν
1472 3712 1682 3765 ποιεῖτε
1733 3710 1967 3777 ἕκαστος

389 3796 523 3866 πρὸς
551 3797 644 3850 τὸν
669 3797 901 3867 ἀδελφὸν
931 3799 1121 3856 αὐτοῦ.
1162 3820 1182 3853 ι

459 3906 480 3939 ι
526 3885 902 3960 Ἐκζητήσατε
950 3891 1011 3944 τὸ
1065 3891 1260 3959 καλὸν,
1309 3895 1404 3948 καὶ
1454 3894 1534 3967 μὴ
1571 3897 1833 3971 πονηρὸν,
1876 3900 1970 3954 καὶ

383 3979 538 4035 εσται
574 3981 696 4052 μεθ’
720 3981 875 4054 ὑμῶν
900 3983 1127 4056 Κύριος.
1166 4004 1188 4038 ι

457 4093 477 4126 ι
527 4074 826 4128 ’Δκούσατε
858 4077 1010 4147 ῥῆμα
1043 4078 1254 4149 Κυρίου
1288 4081 1339 4134 οί
1365 4080 1662 4153 τρέμοντες
1685 4082 1777 4138 τὸν
1815 4083 1972 4154 λόγον

385 4163 574 4220 αὐτοῦ.
600 4165 826 4230 Είπατε,
852 4165 1074 4236 ἀδελφοί
1105 4184 1230 4238 μου,
1268 4169 1380 4232 τοῖς
1421 4171 1678 4239 μισοῦσιν
1703 4171 1848 4241 ὑμᾶς
1876 4175 1972 4227 καὶ

385 4255 834 4328 βδελυσσομένοις
866 4295 882 4321 ,
936 4258 1024 4313 ἵνα
1093 4258 1156 4313 τδ
1208 4259 1382 4330 ὄνομα
1427 4262 1634 4332 Κυρίου
1690 4262 1924 4335 δοξασθῇ
1955 4303 1972 4329 ,

381 4351 482 4403 καὶ
517 4350 661 4422 ὀφθῇ
692 4351 823 4421 ὑμῖν
851 4352 912 4405 ὲν
939 4351 1256 4426 εὐφροσύνῃ
1299 4351 1476 4423 ὑμῶν,
1520 4355 1614 4408 καὶ
1657 4357 1859 4410 ἐκεῖνοι
1889 4357 1975 4412 αἰ-

387 4445 806 4517 σχυνθήσονται.
837 4465 858 4500 ι

1987 3203 2036 3267 C

2065 589 2326 657 spelunca
2353 625 2369 654 ,
2410 585 2747 642 etclamavit
2780 593 2904 656 post
2943 584 3098 650 Saul,
3123 583 3362 640 dicens:
3412 583 3640 638 Domine

2067 696 2182 736 rex.
2217 680 2286 736 Et
2330 681 2574 748 respexit
2620 677 2752 734 Saul
2793 689 2920 748 post
2968 693 3064 742 se,
3125 685 3181 733 et
3241 677 3517 734 inclinans
3581 690 3643 729 se

2065 771 2236 827 David
2288 772 2345 827 in
2399 772 2598 828 faciem
2649 784 2816 840 super
2878 777 3116 834 terram,
3183 767 3434 823 adoravit
3488 781 3637 822 eum.

2065 863 2136 920 Et
2159 863 2300 920 dixit
2331 863 2504 919 David
2539 881 2554 918 :
2584 863 2768 929 Quare
2797 861 2960 916 audis
2992 861 3178 917 verba.
3211 847 3402 931 populi
3450 859 3635 914 dicen-

2066 957 2137 1013 tis
2168 974 2183 1012 :
2217 955 2364 1014 Ecce
2392 956 2567 1012 David
2591 955 2791 1026 quarit
2823 954 3064 1010 animam
3088 953 3284 1007 tuam?
3314 952 3453 1008 Ecce
3476 951 3642 1007 hodie

2064 1049 2322 1104 viderunt
2347 1049 2498 1104 oculi
2533 1049 2648 1116 tui,
2691 1045 2969 1119 quomodo
3000 1045 3230 1100 tradidit
3285 1053 3337 1098 te
3367 1044 3641 1098 Dominus

2064 1146 2120 1200 in
2175 1160 2344 1200 manu
2364 1161 2485 1201 mea
2507 1145 2563 1201 in
2591 1147 2856 1216 spelunca
2875 1184 2892 1210 ,
2919 1151 2977 1200 et
3015 1143 3168 1199 nolui
3201 1149 3255 1198 te
3289 1141 3602 1197 interﬁcere
3625 1179 3640 1203 ,

2064 1245 2118 1294 et
2149 1237 2374 1308 peperci
2399 1239 2494 1294 tibi
2518 1279 2534 1306 ,
2563 1246 2618 1294 et
2645 1238 2760 1293 dixi
2789 1255 2802 1293 :
2832 1235 2952 1292 Non
2984 1235 3182 1291 levabo
3212 1249 3433 1289 manum
3465 1246 3643 1287 meam

2067 1332 2122 1387 in
2146 1331 2436 1386 dominum
2469 1346 2652 1386 meum
2679 1371 2695 1396 ,
2731 1330 2862 1401 quia
2899 1329 3146 1386 christus
3194 1324 3411 1382 Domini
3434 1332 3539 1380 est.
3572 1323 3644 1377 Et

2064 1436 2193 1479 ecce
2215 1421 2592 1479 summitatem
2617 1420 2924 1492 chlamydis
2959 1428 3060 1475 tua:
3086 1420 3144 1473 in
3180 1431 3344 1471 manu
3378 1428 3522 1479 mea,
3542 1427 3644 1467 nec

2065 1511 2322 1569 interfeci
2355 1521 2429 1568 te.
2461 1511 2527 1566 Et
2559 1512 2763 1567 levavit
2799 1511 2933 1566 Saul
2990 1523 3181 1566 vocem
3211 1521 3401 1572 suam,
3459 1511 3517 1560 et
3545 1503 3642 1558 lle-

2063 1605 2184 1671 vit;
2215 1605 2470 1677 dixitque
2507 1605 2576 1660 ad
2611 1604 2781 1660 David
2813 1622 2825 1659 :
2858 1602 3068 1660 iustior
3107 1617 3197 1658 me
3255 1614 3324 1658 es
3373 1605 3456 1653 tu.
3487 1596 3641 1664 Quo-

2063 1697 2215 1752 niam
2245 1698 2382 1752 mihi
2411 1697 2719 1754 retribuisti
2750 1695 2930 1766 bona;
2959 1710 3060 1766 ego
3083 1700 3266 1751 autem
3301 1689 3516 1748 reddidi
3544 1688 3642 1745 tibi

2065 1788 2231 1844 mala.
2271 1807 2290 1840 ι

2137 1963 2299 2021 Prov.
2334 1983 2424 2034 ιι,
2453 1967 2546 2021 ‘27.
2588 1996 2655 2008 —
2692 1985 2711 2020 ι
2749 1967 2853 2034 Qui
2886 1967 3030 2022 bona
3078 1963 3231 2035 agit,
3291 1967 3498 2033 quaeret
3521 1973 3643 2029 gra-

2063 2053 2194 2108 tiam
2216 2056 2440 2111 bonam.
2456 2074 2478 2108 ι
3419 2119 3426 2126 _

2140 2144 2302 2201 Prov.
2334 2161 2486 2213 xxiv,
2515 2146 2607 2201 29.
2640 2175 2707 2186 -—
2743 2163 2762 2197 ι
2799 2143 2880 2200 Ne
2909 2144 3110 2199 dilales
3140 2141 3304 2197 labiis
3355 2139 3468 2194 tuis
3497 2177 3512 2203 ,
3543 2153 3643 2192 nec

2064 2237 2218 2293 dicas
2241 2278 2257 2303 ,
2288 2237 2759 2308 quemadmodum
2793 2236 2906 2305 egit
2954 2248 3173 2290 mecum
3193 2273 3209 2298 ,
3234 2247 3390 2303 agam
3424 2245 3548 2285 cum
3579 2247 3644 2282 co

2066 2342 2165 2397 pro
2193 2327 2282 2383 his
2304 2329 2511 2399 quibus
2542 2343 2629 2384 me
2668 2326 2875 2398 injuria
2907 2325 3113 2382 affecit.
3151 2343 3172 2377 ι

2140 2419 2302 2476 Prov.
2323 2437 2417 2487 xx,
2447 2421 2539 2475 2‘2.
2571 2449 2642 2462 -
2672 2439 2690 2472 ι
2723 2417 2802 2476 Ne
2831 2418 3043 2475 dixeris
3074 2435 3088 2472 :
3158 2413 3388 2471 Inimico
3445 2428 3644 2483 repeno

2063 2513 2225 2577 dam,
2263 2513 2358 2570 sed
2389 2522 2647 2584 exspecta
2674 2512 2970 2569 Dominum
2995 2550 3012 2576 ,
3045 2517 3107 2566 ut
3134 2509 3234 2566 tibi
3249 2507 3464 2564 auxilio
3491 2507 3584 2562 sit.
3623 2523 3640 2556 ι

2139 2606 2302 2661 Prov.
2338 2621 2467 2672 xxv,
2498 2605 2594 2661 2i.
2623 2634 2696 2649 —
2730 2623 2749 2657 ι
2787 2603 2843 2658 Si
2874 2602 3140 2660 esurierit
3190 2601 3447 2656 inimicus
3478 2607 3601 2653 tuus
3626 2638 3643 2658 .

2067 2699 2191 2755 ciba
2222 2698 2377 2754 illum
2413 2713 2427 2750 :
2455 2697 2504 2753 si
2531 2696 2794 2761 sitiverit,
2828 2695 2895 2750 da
2924 2695 2974 2750 ei
2999 2694 3188 2750 bibere
3231 2711 3243 2746 :
3279 2705 3483 2762 prunas
3499 2690 3646 2744 enim

2065 2790 2432 2862 congregabis
2461 2805 2630 2861 super
2653 2796 2823 2859 caput
2848 2787 2969 2858 ejus
3001 2803 3017 2854 ;
3081 2793 3141 2840 et
3183 2783 3454 2840 Dominus
3520 2780 3647 2838 red.-

2066 2883 2159 2938 det
2183 2881 2283 2936 tibi
2337 2881 2502 2937 bona.
2543 2899 2562 2931 ι

2140 2972 2299 3028 Prov.
2339 2987 2439 3035 xu,
2487 2971 2577 3026 28.
2611 3002 2680 3013 —
2715 2988 2740 3022 ι
2790 2969 2902 3026 Via:
2929 2983 3242 3027 memorum
3302 2964 3543 3034 injuriae,
3582 2963 3646 3019 ad

2068 3072 2324 3122 mortem.
2375 3083 2394 3116 ι
3288 3138 3296 3144 .

2141 3156 2286 3214 Ibid.
2345 3184 2415 3202 -
2449 3175 2467 3210 ι
2503 3156 2610 3225 Qui
2657 3156 2891 3227 injurias
2946 3154 3298 3220 recordatur,
3347 3151 3651 3224 flagitiosus

2062 3258 2170 3308 est.
2219 3269 2250 3304 ι

2139 3339 2297 3397 Prov.
2331 3356 2483 3407 xxxi,
2521 3339 2614 3396 20.
2645 3369 2715 3382 —
2755 3359 2773 3392 ι
2804 3339 2909 3406 Qui
2945 3339 3090 3405 celat
3132 3336 3507 3399 inimicitiam.
3558 3352 3653 3392 no-

2065 3433 2166 3490 ctit
2194 3433 2406 3490 dolum.
2451 3453 2470 3486 ι

2136 3520 2305 3578 Ζαείι.
2334 3540 2430 3590 vn,
2464 3523 2552 3579 1θ.
2587 3554 2657 3568 -
2693 3543 2712 3576 ι
2773 3522 2992 3578 Malitia:
3046 3522 3428 3592 unusquisque
3461 3511 3653 3574 fratris

2065 3614 2150 3669 sui
2175 3613 2346 3669 nolite
2371 3615 2689 3671 meminisse
2722 3616 2777 3670 in
2821 3615 3087 3672 cordibus
3117 3615 3338 3670 vestris.
3370 3613 3650 3670 Judicium

2064 3708 2272 3778 justum
2293 3707 2538 3778 judicate
2559 3750 2575 3774 ,
2609 3719 2665 3764 et
2695 3709 3134 3765 misericordiam
3168 3707 3653 3763 etmiserationem

2069 3799 2290 3857 faciatis
2320 3801 2705 3872 unusquisque
2738 3802 2805 3856 ad
2831 3802 3057 3858 fratrem
3078 3817 3267 3856 suum.
3309 3821 3328 3854 ι

2143 3892 2306 3950 Amos
2339 3910 2400 3960 ν,
2436 3894 2523 3949 Η.
2555 3924 2625 3934 —
2657 3913 2675 3945 ι
2715 3894 2958 3960 Qumrite
2987 3892 3219 3960 bonum,
3265 3901 3320 3946 ct
3367 3907 3490 3947 non.
3534 3905 3653 3944 ma-

2071 3985 2300 4052 lum;et
2331 3986 2439 4042 erit
2467 3987 2752 4044 vobiscum
2804 3985 3088 4041 Dominus.
3136 4004 3156 4036 ι

2143 4077 2259 4133 ιω.
2295 4095 2441 4146 val,
2473 4080 2528 4145 5,
2561 4080 2615 4134 6.
2649 4110 2719 4120 —
2753 4097 2772 4131 ι
2807 4079 3012 4134 Audite
3046 4078 3270 4134 verbum
3302 4076 3655 4146 Domini,qui

2074 4171 2314 4227 tremitis
2339 4171 2566 4227 verbum
2605 4173 2806 4241 ipsius.
2842 4170 3037 4238 Dicite,
3072 4169 3275 4226 fratres
3307 4169 3541 4233 mei,his
3559 4169 3653 4238 qui

2073 4261 2311 4316 oderunt
2344 4279 2462 4331 vos,
2493 4269 2550 4318 et
2593 4263 3025 4329 abominantur;
3065 4269 3127 4315 ut
3183 4275 3386 4315 nomen
3439 4257 3654 4314 Domini

2074 4353 2436 4424 glorificetur,
2469 4363 2526 4412 et
2554 4364 2818 4427 appareat
2875 4355 2930 4410 in
2991 4354 3180 4410 laetitia
3218 4361 3427 4418 vestra.
3463 4359 3516 4406 ct
3575 4351 3655 4406 illi

2076 4443 2514 4500 confundentur.
2563 4465 2582 4498 ι

459 4557 483 4591 ι
525 4538 648 4592 Ἐπὶ
672 4538 877 4604 παντὸς
927 4539 1271 4612 ἀδικήματος
1331 4542 1410 4613 μὴ
1459 4542 1695 4614 μηνίσῃς
1725 4542 1802 4614 τῷ
1828 4541 1963 4615 πλη-

2148 4537 2316 4594 Eccli.
2344 4555 2399 4604 x,
2434 4539 2490 4594 6.
2521 4568 2594 4581 —
2628 4559 2647 4593 ι
2690 4539 2773 4596 Ob
2803 4555 3023 4596 omnem
3069 4539 3336 4610 injuriam
3378 4553 3449 4593 nc
3470 4551 3658 4592 serves

387 4635 503 4689 σίον
531 4653 650 4689 σου.
692 4653 712 4686 ι

459 4743 480 4778 ι
522 4727 694 4796 Ἀφες
720 4727 963 4800 ἀδίκημα
1015 4727 1095 4800 τῷ
1145 4729 1376 4800 πλησίον
1407 4747 1525 4796 σου,
1555 4731 1651 4784 καὶ
1678 4730 1798 4784 τότε
1846 4730 1970 4802 δεη-

385 4818 573 4880 θέντος
610 4835 706 4872 σου
745 4821 802 4874 αί
822 4821 1092 4892 ἁμαρτίαι
1120 4838 1214 4874 σου
1251 4821 1602 4892 λυθήσονται.
1642 4839 1659 4874 ι

467 4929 486 4962 ι
521 4910 809 4984 Μνήσθητι
857 4911 930 4966 τὰ
987 4912 1192 4984 ἔσχατα
1231 4931 1346 4977 σου,
1381 4914 1474 4967 καὶ
1527 4913 1735 4968 παῦσαι
1754 4913 1974 4986 ἐχθραίο

390 5020 517 5059 νων.
551 5021 571 5055 ι

467 5113 488 5148 ι
523 5096 779 5152 Δάνεισον
829 5097 908 5170 τῷ
937 5096 1165 5170 πλησίον
1219 5114 1314 5152 σου
1345 5097 1486 5152 κατὰ
1521 5097 1753 5170 δύναμίν
1792 5116 1911 5154 σου.
1949 5119 1966 5150 ι

469 5292 489 5326 ι
527 5275 787 5345 Ἔλεγξον
809 5277 901 5332 τὸν
931 5276 1160 5350 πλησίον
1195 5296 1318 5348 σου,
1349 5280 1562 5354 μήποτε
1586 5281 1689 5334 οὐκ
1705 5280 1931 5352 ἐποίησε
1956 5299 1970 5314 ο

389 5367 488 5422 κει)ι
521 5367 575 5420 εἰ
591 5385 642 5422 τι
665 5369 910 5441 ἐποίησε,
947 5373 1160 5442 μήποτε
1189 5372 1426 5445 προσθῇ.
1458 5373 1721 5441 Ἔλεγξον
1764 5374 1857 5427 τὸν
1883 5375 1976 5444 φί-

391 5459 504 5524 λον,
545 5460 760 5530 μήποτε
793 5461 895 5515 οὐκ
925 5460 1050 5517 εἷπε
1070 5480 1086 5494 ⁶
1121 5465 1216 5518 καὶ
1257 5466 1306 5518 εἰ
1340 5465 1586 5536 εἴρηκεν,
1617 5466 1707 5520 ἵνα
1747 5467 1824 5540 μὴ
1853 5467 1975 5521 δευ-

392 5551 649 5624 τερεύσῃ.
693 5570 712 5605 r

472 5662 498 5706 μ
525 5644 655 5698 Nov.
681 5645 751 5700 τὰ
779 5645 874 5701 τοῦ
910 5648 1138 5722 πλησίον
1167 5650 1228 5715 ἐξ
1267 5650 1486 5705 ἑαυτοῦ.
1541 5671 1559 5702 ι

349 5884 352 5886 γ
467 5839 487 5873 ι
527 5821 848 5893 Ἀνθρωπος
879 5824 1150 5899 ἀνθρώπῳ
1179 5830 1433 5900 συντηρεῖ
1459 5826 1650 5899 ὀργὴν,
1702 5828 1793 5883 καὶ
1827 5828 1974 5900 παρὰ

2079 4630 2219 4686 iram
2253 4631 2524 4688 adversus
2551 4633 2863 4703 proximum
2895 4640 3072 4688 tuum.
3117 4651 3138 4684 δ

2155 4725 2322 4780 Ecoli.
2350 4742 2542 4792 xxvlu,
2560 4727 2617 4781 2.
2651 4757 2721 4767 --
2755 4746 2774 4779 ι
2816 4725 3039 4782 Dimitte
3089 4723 3352 4794 injuriam
3406 4723 3660 4792 proximo

2083 4830 2200 4887 tuo,
2225 4830 2280 4876 et
2307 4829 2438 4876 tunc
2468 4820 2785 4891 deprecanti
2825 4820 2924 4875 tibi
2949 4826 3176 4890 peccata
3207 4819 3520 4873 solventur.
3566 4835 3585 4866 ι

2149 4913 2290 4970 Ibid.
2331 4916 2388 4970 6.
2423 4943 2488 4954 —
2527 4932 2552 4967 ι
2587 4913 2862 4970 Memento
2911 4913 3345 4968 novissimorum
3409 4919 3660 4973 tuorum,

2080 5014 2136 5062 et
2163 5005 2358 5062 desine
2380 5005 2681 5060 inimicari.
2732 5023 2749 5055 ι

2151 5097 2320 5153 Eccli.
2352 5114 2513 5165 xxix,
2544 5097 2602 5151 2.
2645 5127 2715 5138 -—
2752 5115 2770 5148 ι
2805 5094 3084 5152 Fenerare
3132 5093 3385 5166 proximo
3433 5098 3530 5148 tuo
3563 5107 3666 5162 pro

2080 5189 2227 5245 virili
2257 5198 2372 5244 tua.
2413 5208 2434 5241 ι
2794 5259 2799 5266 Ι

2155 5281 2324 5337 Eccli.
2360 5299 2482 5346 XIX,
2518 5283 2607 5339 l5.
2643 5313 2711 5326 -—
2736 5301 2755 5336 ι
2787 5282 3020 5352 Corripe
3049 5281 3291 5336 amicum
3340 5287 3520 5340 tuum,
3595 5292 3665 5330 ne

2084 5374 2228 5430 forte
2259 5390 2369 5430 non
2401 5373 2639 5431 fecerit:
2676 5383 2731 5431 et
2783 5375 2832 5431 si
2892 5373 3028 5444 quid
3073 5371 3288 5436 fecerit,
3344 5384 3414 5424 ne
3459 5363 3660 5421 iterum

2082 5467 2249 5522 addat
2335 5482 2483 5523 cere.
2511 5467 2741 5540 Corripe
2781 5467 3045 5532 amicum,
3104 5481 3174 5520 ne
3231 5463 3374 5518 forte
3399 5459 3603 5515 dixerit
3644 5479 3658 5512 :

2083 5569 2137 5615 et
2161 5560 2207 5614 si
2237 5558 2464 5624 dixerit,
2491 5577 2563 5616 ne
2585 5561 2730 5616 forte
2756 5559 2940 5615 iteret.
2981 5576 3004 5609 ι

2157 5647 2332 5706 Eccli.
2361 5649 2636 5713 xxxi,18.
2677 5679 2745 5690 —-
2787 5667 2806 5702 ι
2876 5647 3124 5719 lntellillc
3179 5663 3244 5705 ex
3307 5646 3490 5716 teipso
3540 5659 3661 5713 qua

2085 5751 2213 5796 sunt
2247 5741 2486 5810 proximi
2509 5742 2613 5796 tui.
2655 5760 2674 5792 ι

2155 5831 2320 5885 Eccli.
2359 5846 2550 5898 xxvlu,
2585 5832 2704 5888 3—5.
2738 5863 2804 5873 --
2850 5849 2870 5884 ι
2918 5829 3090 5886 Homo
3139 5826 3350 5884 homini
3409 5827 3656 5881 reservat
