3986 6386
366 389 496 456 iii-1

1621 457 1624 460 ἠ
1646 391 1887 450 SACRA
1917 389 2380 450 PARALLELA.

3508 389 3643 452 1142

361 524 510 570 σκεν,
559 503 695 580 ἀλλὰ
755 503 937 566 καθὼς
995 503 1325 576 γέγραπται,
1367 501 1430 556 Οἱ
1466 501 1771 572 ὀνειδισμοὶ
1833 501 1946 554 τῶν

2073 500 2147 554 led
2184 501 2331 555 sicut
2364 498 2635 568 scriptum
2665 509 2786 554 est:
2821 500 3162 572 improperia
3183 500 3639 577 exprobrantium

357 596 723 661 ὀνειδιζόντων
750 613 810 648 σε
840 595 1117 648 ἐπέπεσαν
1151 595 1238 646 ἐπ’
1256 593 1380 663 ἐμέ.
1407 613 1425 646 ι

435 709 454 740 ‹
487 688 696 758 Μηδενὶ⁵
746 688 916 742 κακὸν
959 690 1082 742 ἀντὶ
1131 686 1304 741 κακοῦ
1363 687 1706 750 ἀποδιδόντες
1734 727 1748 752 ,
1815 705 1949 758 προ-

357 782 644 852 νοούμενοι
702 781 843 834 καλά
902 781 1135 834 ἐνώπιον
1196 781 1406 852 Κυρίου
1472 782 1562 835 καὶ
1618 780 1944 850 ἀνθρώπων.

356 874 450 944 Μὴ
481 873 618 927 νικῶ
647 873 752 926 ὑπὸ
771 873 866 926 τοῦ
903 872 1097 937 κακοῦ,
1147 873 1283 926 ἀλλά
1314 873 1442 926 νίκα
1476 874 1534 926 ἐν
1570 873 1646 944 τῷ
1673 873 1865 945 ἀγαθῷ
1887 873 1950 926 τὸ

357 964 554 1018 κακόν.
591 983 609 1016 ι
1343 1020 1345 1024 ι

434 1077 466 1114 ι,
496 1058 555 1110 Εἰ
587 1055 853 1125 ἀλλήλους
909 1053 1136 1107 δάκνετε
1189 1052 1283 1106 καὶ
1337 1052 1676 1120 κατεσθίετε,
1718 1052 1947 1123 βλέπετε

358 1150 435 1222 μὴ
463 1150 556 1204 ὑπ’
589 1148 836 1218 ἀλλήλων
865 1145 1209 1214 ἀναλωθῆτε.
1248 1166 1266 1198 ι

435 1348 454 1379 ι
505 1327 782 1398 Ἀλλήλων
804 1326 871 1380 τὰ
908 1325 1051 1398 βάρη
1103 1324 1427 1396 βαστάζετε,
1472 1326 1565 1378 καὶ
1596 1321 1771 1390 οὕτως
1813 1327 1948 1380 ἀνα·

356 1421 686 1492 πληρώσατε
725 1421 820 1474 τὸν
877 1421 1045 1490 νόμον
1111 1419 1206 1472 τοῦ
1251 1409 1516 1490 Χριστοῦ.
1557 1419 1703 1482 Ἕως
1752 1417 1948 1488 καιροῦ

355 1515 728 1588 ὲργασὼμεθα
763 1514 824 1568 τὺ
855 1514 1062 1583 ἀγαθὸν
1109 1515 1246 1585 πρὸς
1301 1514 1533 1579 πάντας,
1605 1512 1845 1582 μάλιστα
1892 1513 1949 1566 δὲ

356 1611 494 1680 πρὸς
529 1611 658 1672 τοὺς
690 1609 928 1671 οἰκείους
959 1608 1062 1677 τῆς
1081 1607 1344 1668 πίστεως.
1385 1625 1404 1657 ι

431 1721 450 1752 ι
493 1700 850 1770 Ἀποθέμενοι
867 1699 929 1752 τὸ
954 1698 1172 1768 ψεῦδος,
1198 1698 1410 1751 λαλεῖτε
1429 1695 1690 1766 ἀλήθειαν
1719 1695 1951 1758 ἕκαστος

359 1794 500 1866 μετὰ
525 1793 621 1846 τοῦ
649 1793 879 1863 πλησίον
912 1791 1103 1856 αὐτοῦ,
1163 1792 1246 1844 ὅτι
1303 1791 1550 1862 ἀλλήλων
1587 1789 1723 1859 μέλη
1755 1789 1946 1859 ἐσμέν.

369 1883 719 1955 Ὀργίζεσθε,
759 1883 856 1936 καὶ
893 1884 969 1954 μὴ
1022 1883 1400 1953 ἁμαρτάνετε.
1445 1882 1506 1935 Ὀ
1537 1882 1690 1953 ἥλιος
1713 1882 1791 1952 μὴ
1831 1882 1953 1934 ἐπι-

357 1976 528 2028 δυέτω
562 1975 656 2028 ἐπὶ
686 1973 764 2044 τῷ
798 1973 1169 2044 παροργισμῷ
1195 1971 1350 2044 ὑμῶν
1372 1991 1386 2004 ο
1419 1973 1555 2044 μηδὲ
1589 1971 1763 2026 δίδοτε
1785 1971 1950 2027 τόπον

361 2071 433 2141 τῷ
463 2071 716 2142 διαϐόλῳ.
743 2069 965 2122 Γίνεσθε
998 2071 1077 2132 εἰς
1107 2069 1377 2140 ἀλλήλους
1395 2070 1643 2140 χρηστοὶ,
1669 2067 1947 2138 εὔσπλαγ-

353 2179 498 2228 χνοι,
531 2164 884 2233 χαριζόμενοι.
935 2160 1171 2224 ἑαυτοῖς,
1228 2161 1414 2226 καθὼς
1474 2161 1570 2215 καὶ
1626 2163 1655 2214 6
1710 2161 1950 2230 Χριστὸς

360 2253 657 2324 ἐχαρίσατο
685 2255 838 2323 ἡμῖν.
867 2252 1092 2306 Γίνεσθε
1128 2247 1224 2306 οὖν
1272 2252 1516 2322 ’μιμηταὶ
1541 2251 1636 2305 τοῦ
1670 2251 1832 2319 Θεοῦ,
1873 2252 1949 2314 ὡς

351 2347 524 2400 τέκνα
550 2347 829 2417 ἀγαπητὰ,
888 2346 982 2399 καὶ
1038 2348 1395 2416 περιπατεῖτε
1440 2349 1499 2399 ὲν
1529 2347 1740 2416 ἀγάπῃ,
1765 2343 1949 2408 καθὼς

354 2439 454 2491 καὶ
482 2439 512 2490 ὁ
539 2438 774 2507 Χριστὸς
798 2438 1088 2508 ἠγάπησεν
1123 2439 1292 2508 ἡμᾶς,
1320 2438 1416 2492 καὶ
1455 2438 1778 2509 παρέδωκεν
1815 2437 1949 2491 ἑαυ-

365 2528 446 2581 τὸν
473 2528 616 2599 ὑπὲρ
646 2526 806 2600 ἡμῶν
867 2528 1191 2600 προσφορὰν
1222 2529 1317 2582 καὶ
1357 2528 1552 2581 θυσίαν
1598 2526 1676 2597 τῷ
1704 2524 1823 2594 Θεῷ
1868 2527 1950 2590 είς

357 2619 532 2692 ὀσμὴν
558 2620 813 2683 εὐωδίας.
853 2639 874 2672 ι
1805 2681 1810 2684 _

435 2729 454 2762 ι
492 2711 632 2774 Τοὺς
663 2711 1086 2781 ἁμαρτάνοντας
1114 2711 1349 2765 ἐνώπιον
1373 2711 1595 2766 πάντων
1624 2713 1835 2783 ἔλεγχε,
1862 2712 1949 2765 ἵνα.

358 2803 452 2856 καὶ
476 2801 525 2855 οἱ
555 2800 734 2856 λοιποὶ
765 2801 932 2871 φόϐον
965 2801 1186 2872 ἔχωσιν.
1217 2817 1236 2853 ι

429 2913 448 2945 ι
483 2895 580 2958 Τίς
602 2896 630 2947 6
660 2894 932 2948 κακώσων
969 2894 1141 2965 ὑμᾶς,
1187 2893 1286 2948 ἐὰν
1334 2894 1428 2948 τοῦ
1461 2895 1671 2964 ἀγαθοῦ
1706 2895 1950 2969 ζηλωταὶ

361 2987 589 3057 γένησθε
611 3004 624 3052 ;
651 2986 794 3040 Ἀλλ’
821 2989 868 3041 εί
891 2988 986 3041 καὶ
1010 2987 1246 3058 πάσχετε
1269 2986 1359 3042 διὰ
1379 2989 1748 3061 δικαιοσύνην,
1773 2991 1951 3060 μακά-

356 3093 484 3147 ριοι.
512 3073 605 3146 Μὴ
625 3076 970 3141 ἀποδιδόντες
987 3077 1158 3131 κακὸν
1185 3077 1308 3131 ἀντὶ
1331 3078 1528 3144 κακοῦ,
1565 3081 1643 3151 μὴ
1672 3081 1947 3151 λοιδορίαν

2055 592 2154 646 tibi
2184 591 2510 646 ceciderunt
2540 607 2706 661 super
2733 607 2839 647 me.
2886 611 2904 643 ι

2126 683 2278 739 Rom.
2318 701 2420 750 xu,
2461 684 2550 738 i7.
2579 714 2647 722 —
2681 701 2700 733 ι
2739 683 2881 738 Nulli
2925 685 3128 740 malum
3172 700 3273 754 pro
3311 686 3457 739 malo
3515 685 3641 739 red-

2052 775 2288 830 dentes:
2334 775 2695 846 providentes
2730 775 2872 828 bona
2895 790 3079 829 coram
3142 774 3250 830 Deo
3306 786 3360 830 et
3405 775 3643 829 homini-

2051 869 2177 924 bus.
2221 867 2340 922 Noli
2393 868 2536 921 vinci
2584 882 2612 922 a
2674 867 2852 933 malo;
2911 866 3006 922 sed
3062 867 3225 921 vince
3276 867 3330 922 in
3369 865 3517 922 malo
3545 867 3642 922 bo-

2050 976 2206 1014 num.
2246 979 2264 1011 ι

2118 1052 2300 1106 ϐαιαι.
2336 1069 2391 1117 v,
2422 1051 2508 1107 l5.
2547 1077 2608 1094 υ·-
2651 1069 2668 1102 ι
2716 1051 2774 1104 Si
2811 1050 3045 1104 invicem
3096 1049 3387 1117 mordctis,
3441 1059 3496 1106 et
3542 1067 3638 1107 co-

2050 1144 2308 1211 meditis;
2369 1145 2549 1199 videte
2610 1159 2680 1203 ne
2731 1143 2800 1197 ab
2861 1140 3640 1209 invicemetiamconsuma-

2049 1236 2204 1289 mini.
2249 1255 2265 1286 ι

2124 1326 2310 1382 Galat.
2339 1345 2414 1393 νι,
2449 1328 2601 1392 2,10.
2628 1357 2699 1368 —
2727 1346 2743 1378 ι
2776 1327 2932 1381 Alter
2956 1324 3186 1398 alterius
3215 1339 3379 1379 onera
3398 1332 3638 1396 portate,

2051 1429 2104 1477 et
2134 1421 2216 1476 sic
2244 1420 2540 1490 adimplete
2578 1420 2754 1490 legem
2785 1416 3017 1474 Christi.
3062 1417 3196 1472 Dum
3218 1426 3437 1487 tempus
3469 1417 3640 1472 hahe-

2051 1529 2194 1578 mus,
2224 1528 2521 1583 operemur
2553 1512 2758 1566 bonum
2784 1511 2851 1564 ad
2878 1525 3110 1571 omnes;
3161 1509 3402 1564 maxime
3456 1517 3640 1564 autem

2049 1605 2116 1658 ad
2137 1604 2473 1660 domesticos
2502 1603 2650 1657 fidei.
2691 1621 2709 1654 ι

2119 1695 2314 1764 Ephes.
2348 1712 2420 1757 IV,
2444 1696 2707 1753 25-5l.——
2733 1713 2750 1746 ι
2779 1693 3122 1765 Deponentes
3155 1693 3528 1757 mendacium,
3561 1693 3643 1747 lo-

2051 1789 2288 1859 quimiui
2324 1788 2611 1844 veritatem
2635 1779 2802 1860 329
2834 1786 3218 1857 unusquisque
3238 1801 3362 1840 cum
3385 1785 3642 1855 proximo

2053 1879 2477 1947 suozquoniam
2519 1863 2710 1934 sumus
2747 1877 2982 1932 invicem
3013 1875 3640 1940 membra.lrascimini-,

2055 1979 2112 2028 et
2141 1972 2310 2025 nolite
2335 1984 2602 2040 peccare:
2628 1971 2711 2024 sol
2730 1983 2839 2023 non
2859 1969 3081 2024 occidat
3101 1983 3268 2037 super
3293 1965 3640 2020 iracundiam

2051 2073 2314 2121 vestram.
2341 2061 2520 2118 Nolite
2569 2063 2750 2116 locum
2793 2061 2924 2117 dare
2961 2061 3205 2115 diabolo.
3275 2059 3464 2114 Estote
3495 2059 3640 2114 invi-

2052 2145 2172 2213 cem
2236 2155 2478 2226 benigni,
2557 2153 2970 2218 misericordes,
3039 2152 3313 2207 donantes
3379 2150 3640 2213 invicem,

2052 2247 2196 2302 sicut
2220 2247 2549 2301 ctChristus
2581 2243 2808 2300 donavit
2843 2244 3029 2298 nobis.
3087 2241 3273 2297 Estote
3301 2255 3430 2311 ergo
3457 2241 3643 2296 imita-

2052 2346 2198 2391 tores
2229 2335 2348 2398 Dei,
2378 2335 2523 2390 sicut
2552 2335 2646 2390 lilii
2680 2333 3027 2399 charissimi,
3063 2340 3114 2389 et
3162 2333 3442 2387 ambulate
3471 2331 3528 2386 in
3553 2331 3643 2386 di-

2031 2421 2310 2493 iectione,
2345 2429 2490 2483 sicut
2519 2438 2573 2482 et
2603 2426 2863 2482 Christus
2898 2425 3090 2480 dilexit
3119 2439 3244 2491 nos,
3279 2431 3334 2478 et
3367 2422 3522 2478 dedit
3555 2436 3655 2478 sc-u

2051 2521 2350 2590 metipsum
2382 2534 2482 2587 pro
2512 2519 2676 2576 nobis
2697 2518 3038 2575 oblationem
3078 2523 3133 2572 et
3159 2516 3398 2572 hostiam
3425 2515 3536 2571 Deo
3582 2515 3642 2569 in
3658 2553 3666 2561 .-

2052 2613 2278 2668 odorem
2312 2612 2628 2668 suavitatis.
2669 2629 2689 2663 ι

2123 2701 2152 2756 1
2200 2701 2339 2758 Tim.
2393 2718 2449 2769 ν,
2492 2701 2584 2757 20.
2617 2727 2687 2742 -—
2726 2721 2744 2754 ι
2779 2700 3088 2757 Peccantes
3135 2713 3326 2757 coram
3377 2699 3662 2757 omnibus-

2051 2807 2240 2866 argue,
2272 2805 2332 2850 ut
2361 2802 2416 2851 et
2450 2796 2634 2850 caeteri
2665 2795 2921 2849 timorem
2961 2794 3224 2850 habeant.
3256 2811 3276 2845 ι
3411 2868 3414 2869 ν

2124 2885 2154 2941 I
2177 2886 2296 2941 Pet.
2323 2903 2403 2953 ιιι,
2434 2889 2489 2954 9,
2529 2887 2616 2941 15'.
2645 2911 2714 2926 -—
2741 2904 2761 2937 ι
2795 2887 2931 2952 Quis
2966 2893 3052 2942 est
3081 2887 3174 2955 qui
3217 2884 3380 2941 vobis
3415 2889 3638 2950 noceat,

2050 2985 2099 3040 si
2149 2983 2280 3039 boni
2332 2983 2685 3038 aemulatores
2736 2982 3003 3037 fueritis?
3042 2981 3150 3037 Sed
3199 2991 3252 3038 et
3293 2982 3338 3036 si
3388 2981 3647 3052 patimini-

2049 3083 2278 3148 propter
2327 3075 2631 3145 justitiam,
2679 3075 2849 3130 beati.
2901 3071 3024 3128 Non
3075 3074 3374 3130 reddentes
3430 3073 3640 3128 malum

354 3168 478 3222 ἀντὶ
497 3167 810 3240 λοιδορίας·
841 3169 1159 3223 τούναντίον
1209 3169 1268 3223 δὲ
1312 3170 1688 3240 εὐλογοῦντες,
1735 3173 1818 3226 ὅτι
1869 3173 1950 3236 εἰς

2073 3182 2152 3222 iro
2182 3167 2352 3234 malo,
2400 3173 2580 3237 neque
2609 3165 2969 3222 maledictum
3021 3179 3122 3236 pro
3162 3165 3460 3221 maledicto
3489 3183 3506 3222 :
3539 3164 3650 3222 sc‘d‘

361 3260 512 3314 τοῦτο
537 3260 826 3333 ἐκλήθητε,
859 3261 950 3316 ἵνα,
978 3260 1232 3330 εὐλογίας
1267 3261 1741 3335 κληρονομήσητε.
1777 3283 1804 3316 ιν

434 3451 452 3486 ι
501 3433 806 3504 Ἀγαπητὲ,
835 3434 910 3506 μὴ
941 3433 1112 3508 μιμοῦ
1133 3434 1194 3489 τὸ
1220 3435 1413 3502 κακὸν,
1445 3434 1584 3489 ἀλλὰ
1617 3436 1677 3489 τὸ
1717 3436 1944 3506 ἀγαθόν.

364 3525 424 3578 Ὀ
445 3525 792 3594 ἀγαθοποιῶν
813 3527 876 3579 ἐκ
904 3526 998 3579 τοῦ
1034 3524 1171 3580 Θεοῦ
1212 3529 1394 3581 ἐστιν’
1425 3528 1454 3580 6
1506 3525 1564 3581 δὲ
1604 3527 1944 3597 κακοποιῶν,

350 3616 451 3688 οὐχ
470 3616 685 3690 ἑώρακε
719 3618 810 3671 τὸν
847 3618 1000 3672 Θεόν.
1035 3637 1057 3670 ι

426 3709 641 3780 ’Ὠσπερ
685 3708 764 3779 τῷ
797 3711 941 3778 φωτὶ
979 3709 1307 3781 αὐτομάτως
1349 3711 1546 3765 ἕπεται
1573 3712 1636 3765 τὸ
1665 3711 1944 3781 φωτίζειν,

352 3803 452 3856 καὶ
478 3801 556 3873 τῷ
583 3802 744 3874 μύρῳ
771 3803 833 3856 τὸ
856 3803 1100 3870 εύωδείν,
1123 3803 1270 3857 οὕτω
1286 3805 1384 3858 καὶ
1409 3807 1530 3868 ταῖς
1547 3803 1784 3873 ἀγαθαῖς
1807 3805 1948 3876 πρά-

353 3894 506 3962 ξεσιν
533 3895 854 3966 ἀναγκαίως
876 3896 1166 3951 ἀκολουθεῖ
1193 3897 1576 3970 τὸώφέλιμον.

422 4076 488 4130 Οἱ
519 4079 583 4128 τδ
641 4076 848 4145 ἀγαθὸν
881 4034 1267 4148 ὲργαζόμενοι,
1317 4077 1376 4132 ἐν
1411 4077 1560 4148 αὐτῷ
1603 4077 1684 4149 τῷ
1712 4077 1861 4150 ἔργῳ
1883 4079 1946 4134 τὺ

350 4168 656 4223 ἀπόδεκτον
688 4169 898 4240 ἔχουσι.

425 4347 631 4418 Μηδεὶς
683 4349 911 4415 ἄγνοιαν
961 4349 1395 4419 προφασιζέσθω
1423 4352 1556 4423 περὶ
1592 4353 1653 4406 τὸ
1698 4353 1942 4420 ἀγαθόν·

353 4439 584 4508 φυσικὸς
637 4441 798 4509 λόγος
826 4483 843 4509 ,
912 4441 1188 4497 οίκείωσιν
1239 4443 1372 4514 ἡμῖν
1428 4443 1525 4496 τοῦ
1579 4444 1746 4499 καλοῦ
1775 4486 1791 4511 ,
1848 4446 1944 4499 καὶ

2049 3273 2080 3314 e
2101 3258 2386 3314 contrario
2416 3253 2808 3314 ben'edicentes
2834 3274 2849 3323 ;
2894 3258 3022 3326 quia
3049 3257 3102 3311 in
3136 3257 3240 3311 hoc
3266 3255 3446 3312 vocati
3481 3256 3654 3321 estis,

2049 3352 2570 3408 utbenedietionem
2597 3352 2920 3407 haereditate
2953 3350 3304 3422 possidentis.
3340 3369 3358 3404 ι
3497 3341 3500 3344 ί

2121 3447 2152 3502 Ι
2183 3447 2350 3502 Joan.
2405 3462 2493 3510 ut,
2544 3445 2634 3499 ll.
2685 3475 2755 3486 —
2791 3463 2810 3496 ι
2842 3433 3206 3509 Charissime,
3262 3443 3374 3498 noli
3430 3442 3639 3498 imitari

2048 3538 2275 3604 malum,
2327 3533 2422 3593 sed
2477 3536 2625 3607 quod
2679 3535 2888 3592 bonum
2946 3543 3053 3593 est.
3091 3535 3196 3602 Qui
3237 3534 3537 3600 benefacit,
3569 3551 3640 3590 ex

2048 3630 2159 3687 Deo
2193 3641 2327 3686 esti:
2369 3630 2465 3700 qui
2496 3637 2682 3685 autem
2724 3629 3025 3695 malefacit,
3069 3643 3179 3684 non
3206 3629 3346 3684 vidit
3375 3629 3568 3685 Deum.
3613 3647 3637 3682 ι

2117 3722 2292 3778 Basil.
2339 3723 2396 3776 in
2439 3721 2502 3777 S.
2543 3720 2714 3784 ,σοι-ά.
2748 3751 2819 3764 --
2854 3721 3332 3788 Quemadmodum
3371 3721 3639 3792 splendor

2049 3819 2247 3880 sponte
2291 3812 2472 3868 lucem
2501 3815 2780 3884 sequitur,
2821 3821 2876 3869 et
2920 3811 3178 3882 fragrans
3219 3811 3358 3868 odor
3383 3826 3638 3882 unguen—

2050 3912 2165 3958 tum
2195 3922 2210 3970 ;
2244 3905 2326 3960 sic
2366 3907 2532 3960 etiam
2563 3906 2862 3976 probarum
2894 3903 3177 3958 actionum
3211 3904 3420 3960 utilitas
3443 3917 3639 3960 neces-

2050 3996 2202 4051 sario
2233 4011 2422 4051 comes
2451 4007 2560 4052 est.
3599 4053 3602 4056 .

2117 4087 2280 4143 Hom.
2329 4089 2383 4141 in
2424 4089 2564 4154 psal.
2622 4103 2659 4141 ι.
2690 4088 2888 4154 -——Qui
2925 4090 3074 4146 bono
3116 4091 3268 4162 operi
3299 4089 3545 4155 student,
3577 4089 3641 4143 in-

2047 4176 2172 4247 ipso
2207 4177 2360 4233 bono
2385 4193 2550 4249 Opere
2585 4181 2816 4236 student
2840 4221 2854 4246 ,
2898 4191 2956 4237 ut
2982 4183 3094 4240 Deo
3130 4183 3276 4255 grati
3308 4183 3636 4255 acceptique

2047 4269 2177 4326 siut.

2119 4361 2187 4416 In
2216 4361 2473 4418 Hexaem.
2504 4391 2575 4404 -—
2605 4359 2777 4442 Nemo
2829 4366 3194 4423 nescientiam
3256 4369 3383 4425 boni
3434 4382 3633 4426 cause-

2047 4461 2158 4510 tur.
2196 4451 2482 4511 Naturalis
2517 4456 2722 4527 quippe
2771 4458 2914 4514 ratio
2945 4459 3107 4516 nobis
3154 4460 3326 4516 insita
3374 4469 3477 4528 est,
3510 4477 3635 4531 quae

351 4531 709 4602 ἀλλοτρίωσιν
736 4532 844 4587 ἀπὸ
888 4532 1000 4588 τῶν
1030 4533 1319 4606 βλαϐερῶν
1346 4536 1714 4590 ὑποδεικνύων
1739 4539 1940 4606 ἐγκατ-

2073 4555 2099 4603 t
2129 4547 2387 4604 affectum
2425 4549 2580 4617 boni,
2623 4558 2679 4605 et
2720 4553 3067 4610 aversionem
3100 4553 3176 4610 ab
3205 4553 3276 4611 iis
3307 4571 3432 4627 quas
3464 4555 3634 4610 noxia

349 4625 594 4697 εσπάρη.

437 4741 496 4792 '0
527 4740 670 4811 ὑπὲρ
699 4739 802 4811 τῆς
830 4740 928 4794 τοῦ
943 4742 1180 4812 πλησίον
1199 4742 1476 4814 ἁμαρτίας
1506 4740 1712 4813 θερμὸν
1735 4742 1946 4814 ἀποτή-
2047 4751 2058 4757 ’

349 4831 450 4896 ξας
464 4828 726 4902 δάκρυον,
757 4833 958 4888 ἑαυτὸν
1017 4833 1296 4902 ὲξιάσατο,
1342 4834 1411 4888 δι’
1588 4834 1680 4888 τὸν
1713 4834 1944 4903 ἀδελφὸν

331 4921 692 4995 ιὲπωδύρτιτο.

421 5032 582 5100 Οἶδας
610 5036 664 5089 τί
683 5037 1031 5109 ποιήσειςτῷ
1065 5040 1294 5111 πλησίοι
1326 5057 1418 5095 σου
1443 5040 1639 5108 καλόνς
1667 5040 1743 5106 ὡς
1765 5039 1945 5110 ἑαυτῷ

350 5125 535 5196 βούλει
552 5128 686 5199 παρ’
720 5129 915 5201 ἑτέρου
950 5131 1230 5199 γενέσθαι.

434 5327 494 5382 Ὁ
523 5329 908 5403 ὲφησυχάζων,
962 5333 1055 5386 καὶ
1113 5335 1189 5406 μὴ
1244 5336 1483 5408 ἐλέγχων
1527 5338 1626 5410 τὴν
1667 5340 1944 5412 ἁμαρτίαν

350 5419 450 5474 τοῦ
513 5423 768 5493 ἀδελφοῦ,
824 5425 1170 5496 ἀσπλαγχνός
1228 5430 1397 5494 ἐστιν,
1451 5431 1642 5503 ὥσπερ
1679 5437 1706 5486 ὁ
1746 5433 1836 5487 τὸν
1869 5435 1944 5488 ἰὸν

352 5513 573 5582 ἔναιρεὶς
599 5513 677 5586 τῷ
704 5515 957 5587 δηχθέντι
984 5518 1088 5572 ὑπὸ
1115 5519 1208 5573 τοῦ
1245 5521 1473 5577 ἱοίῖόλου.

424 5625 517 5699 Μὴ
551 5628 792 5704 γελάσῃς
817 5631 1017 5704 πτῶμα
1034 5634 1127 5689 τοῦ
1154 5636 1322 5701 πέλας
1342 5652 1355 5665 ·
1391 5637 1634 5693 διάϐαινε
1667 5628 1737 5693 δὲ.
1763 5632 1943 5710 ἀσφα-

355 5719 484 5787 λῶς,
525 5721 602 5786 ὥς
635 5740 717 5777 σοι
744 5724 1005 5796 δύναμις⁹
1050 5729 1186 5786 ἀλλὰ
1233 5731 1329 5785 καὶ
1390 5732 1532 5786 δίδου
1577 5736 1734 5805 χεῖρα
1767 5737 1942 5806 χαμαὶ

358 5815 622 5889 κειμένῳ.

2049 4647 2200 4704 sunt,
2240 4641 2527 4697 ostendat.

2123 4750 2269 4807 Ibid.
2295 4779 2365 4792 -—-
2390 4750 2494 4818 Qui
2529 4768 2627 4824 pro
2655 4753 2890 4811 alterius
2913 4764 3152 4825 peccato
3171 4757 3418 4812 eaientes
3456 4759 3631 4828 laci-y-

2050 4859 2168 4900 mas
2200 4844 2468 4914 profudit,
2497 4845 2546 4902 is
2572 4846 2802 4904 fratrem
2846 4847 3210 4918 deplorando,
3247 4851 3351 4905 sibi
3386 4850 3492 4919 ipsi
3519 4865 3633 4906 nte—

2048 4935 2292 4992 dicinarn
2317 4939 2529 4995 attulit.

2121 5049 2267 5106 Ibid.
2319 5081 2391 5094 --
2434 5050 2559 5107 Scis
2603 5068 2845 5123 quonam
2901 5060 3065 5123 pacto
3115 5055 3183 5110 dc
3233 5053 3484 5125 proximo
3535 5061 3632 5108 tuo

2047 5141 2502 5201 benemerea-ris?
2542 5143 2599 5199 Id
2650 5145 2702 5200 ei
2728 5145 2923 5210 facito,
2955 5145 3104 5216 quod
3145 5145 3266 5216 ipse
3296 5145 3395 5200 tibi
3427 5145 3494 5200 ab
3523 5145 3635 5200 alio

2049 5235 2134 5291 vis
2166 5234 2305 5291 fieri.

2122 5347 2266 5403 Ibid.
2298 5379 2366 5390 ——
2395 5348 2496 5415 Qui
2550 5356 2714 5417 tacet,
2754 5364 2857 5403 nec
2908 5357 3198 5419 peccatum
3241 5348 3433 5403 fratris
3479 5362 3632 5402 coar-

2049 5441 2186 5511 guit,
2232 5439 2463 5510 perinde
2519 5453 2700 5494 smvus
2761 5439 3117 5507 crudelisque
3164 5445 3272 5505 est,
3319 5451 3383 5489 ac
3435 5438 3528 5504 qui
3575 5436 3636 5488 in

2048 5535 2272 5589 homine
2297 5548 2325 5586 a
2351 5542 2625 5588 venenata
2657 5533 2836 5587 bestia
2878 5532 3011 5594 icto,
3049 5529 3200 5583 virus
3223 5528 3522 5594 relinquat.

2126 5646 2186 5703 S.
2215 5645 2370 5716 Greg.
2403 5645 2674 5700 Nazianz.
2705 5677 2774 5686 -
2803 5645 3047 5698 Proximi
3082 5652 3268 5694 casum
3305 5650 3373 5688 ne
3404 5633 3624 5723 rideas:

2053 5740 2146 5798 sed
2179 5741 2298 5809 ipse
2329 5754 2494 5808 quam
2542 5738 2818 5792 tutissime
2852 5733 3078 5803 poteris.
3119 5722 3313 5778 incede
3349 5736 3362 5768 :
3393 5716 3519 5780 quin
3569 5716 3625 5758 ct

2054 5830 2100 5882 ei
2135 5828 2230 5896 qui
2262 5825 2412 5879 humi
2443 5823 2608 5891 jacet,
2637 5834 2856 5874 manuni
2892 5814 3126 5878 porrige.
