  <div class='ocr_page' id='page_1' title='image "/cluster/home/n/w/nwhite01/storage/ocr_20150623/95:no.2/coo.31924054869999/580.png"; bbox 0 0 3986 6384; ppageno 0'>
   <div class='ocr_carea' id='block_1_1' title="bbox 381 361 520 425">
    <p class='ocr_par' dir='ltr' id='par_1_1' title="bbox 381 361 520 425">
     <span class='ocr_line' id='line_1_1' title="bbox 381 361 520 425; baseline 0.036 -5"><span class='ocrx_word' id='word_1_1' title='bbox 381 361 520 425; x_wconf 67' lang='grc'><strong>1145</strong></span> 
     </span>
    </p>
   </div>
   <div class='ocr_carea' id='block_1_2' title="bbox 1622 365 2344 426">
    <p class='ocr_par' dir='ltr' id='par_1_2' title="bbox 1622 365 2344 426">
     <span class='ocr_line' id='line_1_2' title="bbox 1622 365 2344 426; baseline 0.001 -1"><span class='ocrx_word' id='word_1_2' title='bbox 1622 367 1756 425; x_wconf 83' lang='lat' dir='ltr'><strong>SAC</strong></span> <span class='ocrx_word' id='word_1_3' title='bbox 1765 367 1863 425; x_wconf 74' lang='lat' dir='ltr'><strong>BA</strong></span> <span class='ocrx_word' id='word_1_4' title='bbox 1909 366 1990 424; x_wconf 80' lang='lat' dir='ltr'><strong>PA</strong></span> <span class='ocrx_word' id='word_1_5' title='bbox 2003 365 2344 426; x_wconf 75' lang='lat' dir='ltr'><strong>RALLELA</strong></span> 
     </span>
    </p>
   </div>
   <div class='ocr_carea' id='block_1_3' title="bbox 3506 362 3642 428">
    <p class='ocr_par' dir='ltr' id='par_1_3' title="bbox 3506 362 3642 428">
     <span class='ocr_line' id='line_1_3' title="bbox 3506 362 3642 428; baseline 0.015 -2"><span class='ocrx_word' id='word_1_6' title='bbox 3506 362 3642 428; x_wconf 79' lang='lat' dir='ltr'><strong>1H6</strong></span> 
     </span>
    </p>
   </div>
   <div class='ocr_carea' id='block_1_4' title="bbox 379 471 1948 550">
    <p class='ocr_par' dir='ltr' id='par_1_4' title="bbox 379 473 1948 550">
     <span class='ocr_line' id='line_1_4' title="bbox 379 473 1948 550; baseline -0.002 -23"><span class='ocrx_word' id='word_1_7' title='bbox 379 473 562 537; x_wconf 83' lang='grc' dir='ltr'>αὐτοῖς</span> <span class='ocrx_word' id='word_1_8' title='bbox 588 473 749 543; x_wconf 77' lang='grc' dir='ltr'>ἡμεῖς</span> <span class='ocrx_word' id='word_1_9' title='bbox 805 473 1175 546; x_wconf 66' lang='grc' dir='ltr'>ἐργασάηιεθα</span> <span class='ocrx_word' id='word_1_10' title='bbox 1233 473 1421 550; x_wconf 80' lang='grc' dir='ltr'>κακόν.</span> <span class='ocrx_word' id='word_1_11' title='bbox 1461 474 1634 527; x_wconf 88' lang='grc' dir='ltr'>Ὅταν</span> <span class='ocrx_word' id='word_1_12' title='bbox 1667 473 1840 545; x_wconf 68' lang='grc' dir='ltr'>λάϐῃς</span> <span class='ocrx_word' id='word_1_13' title='bbox 1867 473 1948 525; x_wconf 62' lang='lat' dir='ltr'><strong>rei</strong></span> 
     </span>
    </p>
   </div>
   <div class='ocr_carea' id='block_1_5' title="bbox 2055 471 3644 550">
    <p class='ocr_par' dir='ltr' id='par_1_5' title="bbox 2066 471 3644 543">
     <span class='ocr_line' id='line_1_5' title="bbox 2066 471 3644 543; baseline 0.002 -17"><span class='ocrx_word' id='word_1_14' title='bbox 2066 475 2194 528; x_wconf 91' lang='lat' dir='ltr'><strong>mali</strong></span> <span class='ocrx_word' id='word_1_15' title='bbox 2233 474 2302 528; x_wconf 90' lang='lat' dir='ltr'><strong>ab</strong></span> <span class='ocrx_word' id='word_1_16' title='bbox 2335 472 2584 528; x_wconf 84' lang='lat' dir='ltr'><strong>inimicis</strong></span> <span class='ocrx_word' id='word_1_17' title='bbox 2620 473 2919 543; x_wconf 75' lang='lat' dir='ltr'><strong>patiamur,</strong></span> <span class='ocrx_word' id='word_1_18' title='bbox 2965 472 3060 530; x_wconf 79' lang='lat' dir='ltr'><strong>sed</strong></span> <span class='ocrx_word' id='word_1_19' title='bbox 3094 478 3154 528; x_wconf 89' lang='lat' dir='ltr'><strong>ut</strong></span> <span class='ocrx_word' id='word_1_20' title='bbox 3178 471 3339 528; x_wconf 89' lang='lat' dir='ltr'><strong>nullo</strong></span> <span class='ocrx_word' id='word_1_21' title='bbox 3371 485 3463 528; x_wconf 85' lang='lat' dir='ltr'><strong>eos</strong></span> <span class='ocrx_word' id='word_1_22' title='bbox 3497 479 3644 530; x_wconf 85' lang='lat' dir='ltr'><strong>malo</strong></span> 
     </span>
    </p>
   </div>
   <div class='ocr_carea' id='block_1_6' title="bbox 378 563 1956 636">
    <p class='ocr_par' dir='ltr' id='par_1_6' title="bbox 378 563 1956 636">
     <span class='ocr_line' id='line_1_6' title="bbox 378 563 1956 636; baseline -0.003 -18"><span class='ocrx_word' id='word_1_23' title='bbox 378 563 574 636; x_wconf 83' lang='grc' dir='ltr'>ἐχθρόν</span> <span class='ocrx_word' id='word_1_24' title='bbox 605 579 700 616; x_wconf 89' lang='grc' dir='ltr'><strong>σου</strong></span> <span class='ocrx_word' id='word_1_25' title='bbox 740 565 818 627; x_wconf 85' lang='grc' dir='ltr'><strong>εἰς</strong></span> <span class='ocrx_word' id='word_1_26' title='bbox 852 566 950 628; x_wconf 67' lang='grc' dir='ltr'><strong>τὰς</strong></span> <span class='ocrx_word' id='word_1_27' title='bbox 981 567 1169 636; x_wconf 82' lang='grc' dir='ltr'>χεῖρας</span> <span class='ocrx_word' id='word_1_28' title='bbox 1199 565 1296 628; x_wconf 70' lang='grc' dir='ltr'><strong>τὰς</strong></span> <span class='ocrx_word' id='word_1_29' title='bbox 1324 563 1444 630; x_wconf 77' lang='grc' dir='ltr'>σας,</span> <span class='ocrx_word' id='word_1_30' title='bbox 1479 565 1556 636; x_wconf 72' lang='grc' dir='ltr'><strong>μὴ</strong></span> <span class='ocrx_word' id='word_1_31' title='bbox 1588 564 1780 618; x_wconf 85' lang='grc' dir='ltr'>σκόπει</span> <span class='ocrx_word' id='word_1_32' title='bbox 1808 564 1956 626; x_wconf 83' lang='grc' dir='ltr'>ὅπως</span> 
     </span>
    </p>
   </div>
   <div class='ocr_carea' id='block_1_7' title="bbox 323 652 1958 727">
    <p class='ocr_par' dir='ltr' id='par_1_7' title="bbox 323 652 1958 727">
     <span class='ocr_line' id='line_1_7' title="bbox 323 652 1958 727; baseline -0.002 -17"><span class='ocrx_word' id='word_1_33' title='bbox 323 684 328 688; x_wconf 62' lang='grc' dir='ltr'><strong>ι</strong></span> <span class='ocrx_word' id='word_1_34' title='bbox 377 653 542 710; x_wconf 84' lang='grc' dir='ltr'>αὐτὸν</span> <span class='ocrx_word' id='word_1_35' title='bbox 567 653 941 725; x_wconf 80' lang='grc' dir='ltr'>ἀμυνάμενος,</span> <span class='ocrx_word' id='word_1_36' title='bbox 989 655 1086 710; x_wconf 76' lang='grc' dir='ltr'>καὶ</span> <span class='ocrx_word' id='word_1_37' title='bbox 1134 654 1358 727; x_wconf 79' lang='grc' dir='ltr'><strong>μυρίαις</strong></span> <span class='ocrx_word' id='word_1_38' title='bbox 1413 654 1624 717; x_wconf 82' lang='grc' dir='ltr'>πλύνας</span> <span class='ocrx_word' id='word_1_39' title='bbox 1665 652 1958 724; x_wconf 75' lang='grc' dir='ltr'><strong>λοιδορίαις</strong></span> 
     </span>
    </p>
   </div>
   <div class='ocr_carea' id='block_1_8' title="bbox 377 744 1953 818">
    <p class='ocr_par' dir='ltr' id='par_1_8' title="bbox 377 744 1953 818">
     <span class='ocr_line' id='line_1_8' title="bbox 377 744 1953 818; baseline 0 -20"><span class='ocrx_word' id='word_1_40' title='bbox 377 745 689 818; x_wconf 75' lang='grc' dir='ltr'>ἐκπέμψῃς,</span> <span class='ocrx_word' id='word_1_41' title='bbox 718 746 832 800; x_wconf 78' lang='grc' dir='ltr'>ἀλλ’</span> <span class='ocrx_word' id='word_1_42' title='bbox 861 746 1008 810; x_wconf 85' lang='grc' dir='ltr'>ὅπως</span> <span class='ocrx_word' id='word_1_43' title='bbox 1051 747 1414 817; x_wconf 62' lang='grc' dir='ltr'>ἐπαναγάγῃς</span> <span class='ocrx_word' id='word_1_44' title='bbox 1445 746 1582 816; x_wconf 80' lang='grc' dir='ltr'>πρὸς</span> <span class='ocrx_word' id='word_1_45' title='bbox 1619 744 1953 799; x_wconf 77' lang='grc' dir='ltr'>ἐπιείκειανο</span> 
     </span>
    </p>
   </div>
   <div class='ocr_carea' id='block_1_9' title="bbox 378 839 1954 912">
    <p class='ocr_par' dir='ltr' id='par_1_9' title="bbox 378 839 1954 912">
     <span class='ocr_line' id='line_1_9' title="bbox 378 839 1954 912; baseline 0 -18"><span class='ocrx_word' id='word_1_46' title='bbox 378 841 476 894; x_wconf 76' lang='grc' dir='ltr'>καὶ</span> <span class='ocrx_word' id='word_1_47' title='bbox 519 839 597 910; x_wconf 81' lang='grc' dir='ltr'>μὴ</span> <span class='ocrx_word' id='word_1_48' title='bbox 652 841 920 912; x_wconf 76' lang='grc' dir='ltr'>πρότερον</span> <span class='ocrx_word' id='word_1_49' title='bbox 969 841 1236 910; x_wconf 78' lang='grc' dir='ltr'><strong>ἀποστῇς,</strong></span> <span class='ocrx_word' id='word_1_50' title='bbox 1278 841 1383 904; x_wconf 77' lang='grc' dir='ltr'>ἕως</span> <span class='ocrx_word' id='word_1_51' title='bbox 1430 842 1513 897; x_wconf 71' lang='grc' dir='ltr'>ἂν</span> <span class='ocrx_word' id='word_1_52' title='bbox 1563 839 1837 910; x_wconf 73' lang='grc' dir='ltr'><strong>περιγένῃ</strong></span> <span class='ocrx_word' id='word_1_53' title='bbox 1883 842 1954 912; x_wconf 75' lang='grc' dir='ltr'><strong>’.ᾖ</strong></span> 
     </span>
    </p>
   </div>
   <div class='ocr_carea' id='block_1_10' title="bbox 378 930 1474 1004">
    <p class='ocr_par' dir='ltr' id='par_1_10' title="bbox 378 930 1474 1004">
     <span class='ocr_line' id='line_1_10' title="bbox 378 930 1474 1004; baseline 0 -19"><span class='ocrx_word' id='word_1_54' title='bbox 378 931 649 1004; x_wconf 80' lang='grc' dir='ltr'><strong>πραότητι</strong></span> <span class='ocrx_word' id='word_1_55' title='bbox 676 931 778 1000; x_wconf 80' lang='grc' dir='ltr'>τῆς</span> <span class='ocrx_word' id='word_1_56' title='bbox 813 930 1096 1003; x_wconf 82' lang='grc' dir='ltr'><strong>ὠμότητος</strong></span> <span class='ocrx_word' id='word_1_57' title='bbox 1121 933 1218 1002; x_wconf 80' lang='grc' dir='ltr'>τῆς</span> <span class='ocrx_word' id='word_1_58' title='bbox 1241 930 1474 985; x_wconf 89' lang='grc' dir='ltr'>ἐκείνου.</span> 
     </span>
    </p>
   </div>
   <div class='ocr_carea' id='block_1_11' title="bbox 446 1021 1953 1095">
    <p class='ocr_par' dir='ltr' id='par_1_11' title="bbox 446 1021 1953 1095">
     <span class='ocr_line' id='line_1_11' title="bbox 446 1021 1953 1095; baseline -0.001 -19"><span class='ocrx_word' id='word_1_59' title='bbox 446 1023 583 1077; x_wconf 77' lang='grc' dir='ltr'>Τότε</span> <span class='ocrx_word' id='word_1_60' title='bbox 622 1023 840 1094; x_wconf 75' lang='grc' dir='ltr'>μείζους</span> <span class='ocrx_word' id='word_1_61' title='bbox 866 1022 1019 1095; x_wconf 86' lang='grc' dir='ltr'><strong>παρά</strong></span> <span class='ocrx_word' id='word_1_62' title='bbox 1040 1021 1136 1076; x_wconf 78' lang='grc' dir='ltr'><strong>τοῦ</strong></span> <span class='ocrx_word' id='word_1_63' title='bbox 1167 1022 1284 1092; x_wconf 86' lang='grc' dir='ltr'>βίου</span> <span class='ocrx_word' id='word_1_64' title='bbox 1326 1023 1601 1077; x_wconf 77' lang='grc' dir='ltr'>κείσονται</span> <span class='ocrx_word' id='word_1_65' title='bbox 1633 1021 1953 1089; x_wconf 69' lang='grc' dir='ltr'><strong>ἀντιδόσεις,</strong></span> 
     </span>
    </p>
   </div>
   <div class='ocr_carea' id='block_1_12' title="bbox 377 1113 1955 1187">
    <p class='ocr_par' dir='ltr' id='par_1_12' title="bbox 377 1113 1955 1187">
     <span class='ocr_line' id='line_1_12' title="bbox 377 1113 1955 1187; baseline -0.001 -17"><span class='ocrx_word' id='word_1_66' title='bbox 377 1114 508 1170; x_wconf 74' lang='grc' dir='ltr'>ὅταν</span> <span class='ocrx_word' id='word_1_67' title='bbox 530 1113 702 1186; x_wconf 89' lang='grc' dir='ltr'>μυρία</span> <span class='ocrx_word' id='word_1_68' title='bbox 732 1115 858 1178; x_wconf 81' lang='grc' dir='ltr'>τοὺς</span> <span class='ocrx_word' id='word_1_69' title='bbox 881 1114 1112 1186; x_wconf 82' lang='grc' dir='ltr'>ἐχθροὺς</span> <span class='ocrx_word' id='word_1_70' title='bbox 1134 1113 1316 1184; x_wconf 79' lang='grc' dir='ltr'>ἀγαθὰ</span> <span class='ocrx_word' id='word_1_71' title='bbox 1350 1116 1694 1187; x_wconf 70' lang='grc' dir='ltr'>ποιήσαντες,</span> <span class='ocrx_word' id='word_1_72' title='bbox 1733 1115 1955 1169; x_wconf 76' lang='grc' dir='ltr'>τούναν-</span> 
     </span>
    </p>
   </div>
   <div class='ocr_carea' id='block_1_13' title="bbox 335 1204 989 1278">
    <p class='ocr_par' dir='ltr' id='par_1_13' title="bbox 335 1204 989 1278">
     <span class='ocr_line' id='line_1_13' title="bbox 335 1204 989 1278; baseline 0 -16"><span class='ocrx_word' id='word_1_73' title='bbox 335 1204 344 1215; x_wconf 85' lang='grc'><em>’</em></span> <span class='ocrx_word' id='word_1_74' title='bbox 377 1209 470 1263; x_wconf 87' lang='grc' dir='ltr'><strong>τία</strong></span> <span class='ocrx_word' id='word_1_75' title='bbox 500 1207 989 1278; x_wconf 88' lang='grc' dir='ltr'>ἀνταπολάϐωμεν.</span> 
     </span>
    </p>
   </div>
   <div class='ocr_carea' id='block_1_14' title="bbox 449 1379 1951 1452">
    <p class='ocr_par' dir='ltr' id='par_1_14' title="bbox 449 1379 1951 1452">
     <span class='ocr_line' id='line_1_14' title="bbox 449 1379 1951 1452; baseline -0.001 -17"><span class='ocrx_word' id='word_1_76' title='bbox 449 1379 620 1434; x_wconf 85' lang='grc' dir='ltr'>Ὅταν</span> <span class='ocrx_word' id='word_1_77' title='bbox 647 1379 995 1450; x_wconf 75' lang='grc' dir='ltr'><strong>ἐννοήσωμεν</strong></span> <span class='ocrx_word' id='word_1_78' title='bbox 1025 1379 1172 1451; x_wconf 77' lang='grc' dir='ltr'>άπερ</span> <span class='ocrx_word' id='word_1_79' title='bbox 1196 1379 1473 1452; x_wconf 76' lang='grc' dir='ltr'><strong>ἐπάθομεν</strong></span> <span class='ocrx_word' id='word_1_80' title='bbox 1502 1380 1656 1451; x_wconf 89' lang='grc' dir='ltr'><strong>παρά</strong></span> <span class='ocrx_word' id='word_1_81' title='bbox 1686 1381 1795 1436; x_wconf 83' lang='grc' dir='ltr'>τῶν</span> <span class='ocrx_word' id='word_1_82' title='bbox 1825 1398 1951 1434; x_wconf 85' lang='grc' dir='ltr'>συν-</span> 
     </span>
    </p>
   </div>
   <div class='ocr_carea' id='block_1_15' title="bbox 375 1467 1954 1542">
    <p class='ocr_par' dir='ltr' id='par_1_15' title="bbox 375 1467 1954 1542">
     <span class='ocr_line' id='line_1_15' title="bbox 375 1467 1954 1542; baseline 0.001 -18"><span class='ocrx_word' id='word_1_83' title='bbox 375 1467 600 1534; x_wconf 81' lang='grc' dir='ltr'>δούλων,</span> <span class='ocrx_word' id='word_1_84' title='bbox 625 1469 970 1542; x_wconf 70' lang='grc' dir='ltr'><strong>λογισώμεθα</strong></span> <span class='ocrx_word' id='word_1_85' title='bbox 991 1470 1512 1542; x_wconf 64' lang='grc' dir='ltr'>άπερέποιήσαμευ</span> <span class='ocrx_word' id='word_1_86' title='bbox 1530 1474 1612 1536; x_wconf 88' lang='grc' dir='ltr'><strong>εἰς</strong></span> <span class='ocrx_word' id='word_1_87' title='bbox 1635 1471 1734 1526; x_wconf 78' lang='grc' dir='ltr'>τὸν,</span> <span class='ocrx_word' id='word_1_88' title='bbox 1749 1473 1954 1526; x_wconf 77' lang='grc' dir='ltr'>Δεσπόο</span> 
     </span>
    </p>
   </div>
   <div class='ocr_carea' id='block_1_16' title="bbox 377 1561 1955 1634">
    <p class='ocr_par' dir='ltr' id='par_1_16' title="bbox 377 1561 1955 1634">
     <span class='ocr_line' id='line_1_16' title="bbox 377 1561 1955 1634; baseline -0.001 -18"><span class='ocrx_word' id='word_1_89' title='bbox 377 1579 497 1634; x_wconf 85' lang='grc' dir='ltr'>την,</span> <span class='ocrx_word' id='word_1_90' title='bbox 529 1563 623 1616; x_wconf 84' lang='grc' dir='ltr'><strong>καί</strong></span> <span class='ocrx_word' id='word_1_91' title='bbox 655 1561 734 1633; x_wconf 82' lang='grc' dir='ltr'><strong>τῷ</strong></span> <span class='ocrx_word' id='word_1_92' title='bbox 791 1562 945 1633; x_wconf 82' lang='grc' dir='ltr'>φόϐῳ</span> <span class='ocrx_word' id='word_1_93' title='bbox 982 1562 1094 1617; x_wconf 83' lang='grc' dir='ltr'><strong>τῶν</strong></span> <span class='ocrx_word' id='word_1_94' title='bbox 1126 1562 1345 1616; x_wconf 80' lang='grc' dir='ltr'><strong>οἰκείων</strong></span> <span class='ocrx_word' id='word_1_95' title='bbox 1390 1563 1806 1634; x_wconf 75' lang='grc' dir='ltr'><strong>ἁμαρτημάτων</strong></span> <span class='ocrx_word' id='word_1_96' title='bbox 1860 1562 1955 1616; x_wconf 75' lang='grc' dir='ltr'>τὸν</span> 
     </span>
    </p>
   </div>
   <div class='ocr_carea' id='block_1_17' title="bbox 377 1651 1955 1725">
    <p class='ocr_par' dir='ltr' id='par_1_17' title="bbox 377 1651 1955 1725">
     <span class='ocr_line' id='line_1_17' title="bbox 377 1651 1955 1725; baseline 0 -18"><span class='ocrx_word' id='word_1_97' title='bbox 377 1652 548 1725; x_wconf 81' lang='grc' dir='ltr'>θυμὸν</span> <span class='ocrx_word' id='word_1_98' title='bbox 586 1653 680 1706; x_wconf 73' lang='grc' dir='ltr'>ἐπὶ</span> <span class='ocrx_word' id='word_1_99' title='bbox 726 1654 842 1716; x_wconf 81' lang='grc' dir='ltr'><strong>τοίς</strong></span> <span class='ocrx_word' id='word_1_100' title='bbox 879 1653 1187 1724; x_wconf 82' lang='grc' dir='ltr'>ἀλλοτρίοις</span> <span class='ocrx_word' id='word_1_101' title='bbox 1248 1651 1692 1724; x_wconf 83' lang='grc' dir='ltr'>πλημμελήμασι</span> <span class='ocrx_word' id='word_1_102' title='bbox 1743 1653 1955 1724; x_wconf 75' lang='grc' dir='ltr'>ταχέως</span> 
     </span>
    </p>
   </div>
   <div class='ocr_carea' id='block_1_18' title="bbox 374 1743 1954 1818">
    <p class='ocr_par' dir='ltr' id='par_1_18' title="bbox 374 1743 1954 1818">
     <span class='ocr_line' id='line_1_18' title="bbox 374 1743 1954 1818; baseline -0.002 -17"><span class='ocrx_word' id='word_1_103' title='bbox 374 1743 704 1801; x_wconf 80' lang='grc' dir='ltr'>ἀπώσασθαι</span> <span class='ocrx_word' id='word_1_104' title='bbox 729 1743 1094 1818; x_wconf 81' lang='grc' dir='ltr'>δυνησόμεθα.</span> <span class='ocrx_word' id='word_1_105' title='bbox 1119 1745 1182 1798; x_wconf 84' lang='grc' dir='ltr'>Εἰ</span> <span class='ocrx_word' id='word_1_106' title='bbox 1197 1745 1306 1815; x_wconf 84' lang='grc' dir='ltr'><strong>γὰρ</strong></span> <span class='ocrx_word' id='word_1_107' title='bbox 1328 1744 1411 1797; x_wconf 80' lang='grc' dir='ltr'><strong>δεῖ</strong></span> <span class='ocrx_word' id='word_1_108' title='bbox 1433 1745 1742 1816; x_wconf 82' lang='grc' dir='ltr'>μεμνῆσθαι</span> <span class='ocrx_word' id='word_1_109' title='bbox 1773 1745 1954 1817; x_wconf 78' lang='grc' dir='ltr'><strong>ἁμαρ⁹</strong></span> 
     </span>
    </p>
   </div>
   <div class='ocr_carea' id='block_1_19' title="bbox 375 1835 1954 1908">
    <p class='ocr_par' dir='ltr' id='par_1_19' title="bbox 375 1835 1954 1908">
     <span class='ocr_line' id='line_1_19' title="bbox 375 1835 1954 1908; baseline 0.001 -18"><span class='ocrx_word' id='word_1_110' title='bbox 375 1837 665 1908; x_wconf 76' lang='grc' dir='ltr'>τημάτων,</span> <span class='ocrx_word' id='word_1_111' title='bbox 685 1835 796 1891; x_wconf 84' lang='grc' dir='ltr'><strong>τῶν</strong></span> <span class='ocrx_word' id='word_1_112' title='bbox 858 1836 1079 1890; x_wconf 85' lang='grc' dir='ltr'>οἰκείων</span> <span class='ocrx_word' id='word_1_113' title='bbox 1119 1837 1204 1890; x_wconf 77' lang='grc' dir='ltr'><strong>δεῖ</strong></span> <span class='ocrx_word' id='word_1_114' title='bbox 1256 1836 1574 1906; x_wconf 84' lang='grc' dir='ltr'>μεμνῆσθαι</span> <span class='ocrx_word' id='word_1_115' title='bbox 1619 1838 1819 1907; x_wconf 77' lang='grc' dir='ltr'>μόνον’</span> <span class='ocrx_word' id='word_1_116' title='bbox 1850 1837 1954 1892; x_wconf 74' lang='grc' dir='ltr'>κᾶν</span> 
     </span>
    </p>
   </div>
   <div class='ocr_carea' id='block_1_20' title="bbox 371 1927 1960 2000">
    <p class='ocr_par' dir='ltr' id='par_1_20' title="bbox 371 1927 1960 2000">
     <span class='ocr_line' id='line_1_20' title="bbox 371 1927 1960 2000; baseline 0.001 -18"><span class='ocrx_word' id='word_1_117' title='bbox 371 1927 483 1982; x_wconf 76' lang='grc' dir='ltr'><strong>τῶν</strong></span> <span class='ocrx_word' id='word_1_118' title='bbox 539 1927 760 1982; x_wconf 80' lang='grc' dir='ltr'>οἰκείων</span> <span class='ocrx_word' id='word_1_119' title='bbox 822 1927 1345 2000; x_wconf 61' lang='grc' dir='ltr'>μνημονεύσωμεν,</span> <span class='ocrx_word' id='word_1_120' title='bbox 1379 1927 1639 1982; x_wconf 79' lang='grc' dir='ltr'>οὐδέποτε</span> <span class='ocrx_word' id='word_1_121' title='bbox 1693 1927 1960 2000; x_wconf 83' lang='grc' dir='ltr'>ἀλλότρια</span> 
     </span>
    </p>
   </div>
   <div class='ocr_carea' id='block_1_21' title="bbox 373 2017 729 2089">
    <p class='ocr_par' dir='ltr' id='par_1_21' title="bbox 373 2017 729 2089">
     <span class='ocr_line' id='line_1_21' title="bbox 373 2017 729 2089; baseline 0.003 -17"><span class='ocrx_word' id='word_1_122' title='bbox 373 2017 729 2089; x_wconf 87' lang='grc' dir='ltr'>λογιούμεθα.</span> 
     </span>
    </p>
   </div>
   <div class='ocr_carea' id='block_1_22' title="bbox 441 2233 1950 2310">
    <p class='ocr_par' dir='ltr' id='par_1_22' title="bbox 441 2233 1950 2310">
     <span class='ocr_line' id='line_1_22' title="bbox 441 2233 1950 2310; baseline 0.003 -22"><span class='ocrx_word' id='word_1_123' title='bbox 441 2234 474 2276; x_wconf 69' lang='grc' dir='ltr'>ὶ</span> <span class='ocrx_word' id='word_1_124' title='bbox 513 2235 642 2292; x_wconf 75' lang='grc' dir='ltr'>Ἐὰν</span> <span class='ocrx_word' id='word_1_125' title='bbox 671 2233 802 2306; x_wconf 76' lang='grc' dir='ltr'>ἔχῃς</span> <span class='ocrx_word' id='word_1_126' title='bbox 826 2253 880 2289; x_wconf 90' lang='grc' dir='ltr'><strong>τι</strong></span> <span class='ocrx_word' id='word_1_127' title='bbox 896 2235 1044 2291; x_wconf 84' lang='grc' dir='ltr'>κατᾶ</span> <span class='ocrx_word' id='word_1_128' title='bbox 1069 2235 1168 2290; x_wconf 83' lang='grc' dir='ltr'><strong>τοῦ</strong></span> <span class='ocrx_word' id='word_1_129' title='bbox 1198 2235 1420 2309; x_wconf 69' lang='grc' dir='ltr'>ἐχθροῦ,</span> <span class='ocrx_word' id='word_1_130' title='bbox 1446 2237 1718 2309; x_wconf 72' lang='grc' dir='ltr'>ἐξελε-τήν</span> <span class='ocrx_word' id='word_1_131' title='bbox 1748 2239 1950 2310; x_wconf 85' lang='grc' dir='ltr'>λύπην,</span> 
     </span>
    </p>
   </div>
   <div class='ocr_carea' id='block_1_23' title="bbox 373 2325 1955 2401">
    <p class='ocr_par' dir='ltr' id='par_1_23' title="bbox 373 2325 1955 2401">
     <span class='ocr_line' id='line_1_23' title="bbox 373 2325 1955 2401; baseline 0.002 -22"><span class='ocrx_word' id='word_1_132' title='bbox 373 2325 713 2396; x_wconf 68' lang='grc' dir='ltr'>θεράπευσον</span> <span class='ocrx_word' id='word_1_133' title='bbox 743 2325 842 2397; x_wconf 78' lang='grc' dir='ltr'>τὴν</span> <span class='ocrx_word' id='word_1_134' title='bbox 863 2325 1058 2397; x_wconf 80' lang='grc' dir='ltr'>ὀργὴν,</span> <span class='ocrx_word' id='word_1_135' title='bbox 1081 2326 1244 2381; x_wconf 80' lang='grc' dir='ltr'>λύσον</span> <span class='ocrx_word' id='word_1_136' title='bbox 1263 2327 1364 2398; x_wconf 73' lang='grc' dir='ltr'>τὴν</span> <span class='ocrx_word' id='word_1_137' title='bbox 1396 2327 1623 2400; x_wconf 77' lang='grc' dir='ltr'>ἔχθραν,</span> <span class='ocrx_word' id='word_1_138' title='bbox 1658 2330 1744 2383; x_wconf 66' lang='lat' dir='ltr'><strong>tua</strong></span> <span class='ocrx_word' id='word_1_139' title='bbox 1779 2328 1955 2401; x_wconf 80' lang='grc' dir='ltr'>λάϐῃς</span> 
     </span>
    </p>
   </div>
   <div class='ocr_carea' id='block_1_24' title="bbox 372 2416 1953 2493">
    <p class='ocr_par' dir='ltr' id='par_1_24' title="bbox 372 2416 1953 2493">
     <span class='ocr_line' id='line_1_24' title="bbox 372 2416 1953 2493; baseline 0.006 -24"><span class='ocrx_word' id='word_1_140' title='bbox 372 2416 676 2487; x_wconf 72' lang='grc' dir='ltr'>θεραπείαν</span> <span class='ocrx_word' id='word_1_141' title='bbox 727 2416 838 2471; x_wconf 83' lang='grc' dir='ltr'>ἀπὸ</span> <span class='ocrx_word' id='word_1_142' title='bbox 897 2420 999 2489; x_wconf 72' lang='grc' dir='ltr'>τῆς</span> <span class='ocrx_word' id='word_1_143' title='bbox 1057 2417 1364 2490; x_wconf 75' lang='grc' dir='ltr'>τραπέζης.</span> <span class='ocrx_word' id='word_1_144' title='bbox 1432 2419 1609 2490; x_wconf 82' lang='grc' dir='ltr'>Θυσίᾳ</span> <span class='ocrx_word' id='word_1_145' title='bbox 1669 2420 1953 2493; x_wconf 77' lang='grc' dir='ltr'><strong>προσέρχῃ</strong></span> 
     </span>
    </p>
   </div>
   <div class='ocr_carea' id='block_1_25' title="bbox 371 2506 1952 2582">
    <p class='ocr_par' dir='ltr' id='par_1_25' title="bbox 371 2506 1952 2582">
     <span class='ocr_line' id='line_1_25' title="bbox 371 2506 1952 2582; baseline 0.003 -22"><span class='ocrx_word' id='word_1_146' title='bbox 371 2508 578 2578; x_wconf 73' lang='grc' dir='ltr'>φρικτῇ</span> <span class='ocrx_word' id='word_1_147' title='bbox 607 2506 704 2561; x_wconf 74' lang='grc' dir='ltr'>καὶ</span> <span class='ocrx_word' id='word_1_148' title='bbox 720 2507 874 2579; x_wconf 90' lang='grc' dir='ltr'>ἀγίᾳ,</span> <span class='ocrx_word' id='word_1_149' title='bbox 925 2509 1330 2581; x_wconf 76' lang='grc' dir='ltr'>αἰδέσθητι-τὴν</span> <span class='ocrx_word' id='word_1_150' title='bbox 1370 2510 1632 2565; x_wconf 77' lang='grc' dir='ltr'>ὑπόθεσιν</span> <span class='ocrx_word' id='word_1_151' title='bbox 1647 2511 1820 2582; x_wconf 81' lang='grc' dir='ltr'>αὐτῆς</span> <span class='ocrx_word' id='word_1_152' title='bbox 1849 2512 1952 2582; x_wconf 82' lang='grc' dir='ltr'>τῆς</span> 
     </span>
    </p>
   </div>
   <div class='ocr_carea' id='block_1_26' title="bbox 370 2599 1951 2673">
    <p class='ocr_par' dir='ltr' id='par_1_26' title="bbox 370 2599 1951 2673">
     <span class='ocr_line' id='line_1_26' title="bbox 370 2599 1951 2673; baseline 0.004 -21"><span class='ocrx_word' id='word_1_153' title='bbox 370 2600 708 2670; x_wconf 81' lang='grc' dir='ltr'>προσφορᾶς.</span> <span class='ocrx_word' id='word_1_154' title='bbox 745 2599 1124 2672; x_wconf 75' lang='grc' dir='ltr'>Ἐσφαγμένος</span> <span class='ocrx_word' id='word_1_155' title='bbox 1151 2601 1443 2664; x_wconf 84' lang='grc' dir='ltr'>πρόκειται</span> <span class='ocrx_word' id='word_1_156' title='bbox 1475 2603 1505 2656; x_wconf 81' lang='grc' dir='ltr'><strong>δ</strong></span> <span class='ocrx_word' id='word_1_157' title='bbox 1546 2602 1817 2673; x_wconf 83' lang='grc' dir='ltr'>Χριστός·</span> <span class='ocrx_word' id='word_1_158' title='bbox 1853 2604 1951 2658; x_wconf 83' lang='grc' dir='ltr'><strong>καί</strong></span> 
     </span>
    </p>
   </div>
   <div class='ocr_carea' id='block_1_27' title="bbox 368 2679 1950 2766">
    <p class='ocr_par' dir='ltr' id='par_1_27' title="bbox 368 2679 1950 2766">
     <span class='ocr_line' id='line_1_27' title="bbox 368 2679 1950 2766; baseline 0.002 -22"><span class='ocrx_word' id='word_1_159' title='bbox 368 2689 517 2752; x_wconf 84' lang='grc' dir='ltr'>τίνος</span> <span class='ocrx_word' id='word_1_160' title='bbox 544 2688 734 2744; x_wconf 77' lang='grc' dir='ltr'>ἐνεκεν</span> <span class='ocrx_word' id='word_1_161' title='bbox 762 2690 978 2761; x_wconf 78' lang='grc' dir='ltr'><strong>ἐσφάγη</strong></span> <span class='ocrx_word' id='word_1_162' title='bbox 1007 2707 1023 2757; x_wconf 85' lang='grc'>;</span> <span class='ocrx_word' id='word_1_163' title='bbox 1055 2692 1154 2745; x_wconf 78' lang='grc' dir='ltr'>καὶ</span> <span class='ocrx_word' id='word_1_164' title='bbox 1183 2691 1272 2746; x_wconf 87' lang='grc' dir='ltr'><strong>διά</strong></span> <span class='ocrx_word' id='word_1_165' title='bbox 1304 2691 1528 2760; x_wconf 83' lang='grc' dir='ltr'>τί;’Ἰνα</span> <span class='ocrx_word' id='word_1_166' title='bbox 1555 2679 1950 2766; x_wconf 79' lang='grc' dir='ltr'>εἰρηνοποιήσῃ</span> 
     </span>
    </p>
   </div>
   <div class='ocr_carea' id='block_1_28' title="bbox 369 2777 1950 2854">
    <p class='ocr_par' dir='ltr' id='par_1_28' title="bbox 369 2777 1950 2854">
     <span class='ocr_line' id='line_1_28' title="bbox 369 2777 1950 2854; baseline 0.004 -23"><span class='ocrx_word' id='word_1_167' title='bbox 369 2777 442 2832; x_wconf 80' lang='grc' dir='ltr'><strong>τὰ</strong></span> <span class='ocrx_word' id='word_1_168' title='bbox 470 2779 529 2832; x_wconf 79' lang='grc' dir='ltr'><strong>ἐν</strong></span> <span class='ocrx_word' id='word_1_169' title='bbox 555 2777 635 2849; x_wconf 85' lang='grc' dir='ltr'><strong>τῷ</strong></span> <span class='ocrx_word' id='word_1_170' title='bbox 665 2779 883 2850; x_wconf 79' lang='grc' dir='ltr'>οὐρανῷ</span> <span class='ocrx_word' id='word_1_171' title='bbox 911 2780 1008 2834; x_wconf 76' lang='grc' dir='ltr'>καὶ</span> <span class='ocrx_word' id='word_1_172' title='bbox 1041 2780 1114 2834; x_wconf 80' lang='grc' dir='ltr'><strong>τά</strong></span> <span class='ocrx_word' id='word_1_173' title='bbox 1140 2781 1234 2834; x_wconf 71' lang='grc' dir='ltr'>ἐπὶ</span> <span class='ocrx_word' id='word_1_174' title='bbox 1253 2781 1354 2852; x_wconf 83' lang='grc' dir='ltr'>τῆς</span> <span class='ocrx_word' id='word_1_175' title='bbox 1381 2782 1509 2854; x_wconf 78' lang='grc' dir='ltr'>γῆς’</span> <span class='ocrx_word' id='word_1_176' title='bbox 1540 2782 1630 2836; x_wconf 81' lang='grc' dir='ltr'><strong>ἴνα</strong></span> <span class='ocrx_word' id='word_1_177' title='bbox 1660 2782 1754 2836; x_wconf 81' lang='grc' dir='ltr'><strong>καί</strong></span> <span class='ocrx_word' id='word_1_178' title='bbox 1778 2782 1950 2852; x_wconf 78' lang='grc' dir='ltr'>ἀγγέ-</span> 
     </span>
    </p>
   </div>
   <div class='ocr_carea' id='block_1_29' title="bbox 371 2867 983 2942">
    <p class='ocr_par' dir='ltr' id='par_1_29' title="bbox 371 2867 983 2942">
     <span class='ocr_line' id='line_1_29' title="bbox 371 2867 983 2942; baseline 0 -18"><span class='ocrx_word' id='word_1_179' title='bbox 371 2867 486 2932; x_wconf 73' lang='grc' dir='ltr'>λοις</span> <span class='ocrx_word' id='word_1_180' title='bbox 501 2869 563 2922; x_wconf 74' lang='grc' dir='ltr'><strong>σδ</strong></span> <span class='ocrx_word' id='word_1_181' title='bbox 583 2869 792 2942; x_wconf 76' lang='grc' dir='ltr'>ποιήσῃ</span> <span class='ocrx_word' id='word_1_182' title='bbox 810 2868 983 2939; x_wconf 72' lang='grc' dir='ltr'>φίλον.</span> 
     </span>
    </p>
   </div>
   <div class='ocr_carea' id='block_1_30' title="bbox 2058 563 3639 635">
    <p class='ocr_par' dir='ltr' id='par_1_30' title="bbox 2058 563 3639 635">
     <span class='ocr_line' id='line_1_30' title="bbox 2058 563 3639 635; baseline 0 -17"><span class='ocrx_word' id='word_1_183' title='bbox 2058 565 2374 620; x_wconf 87' lang='lat' dir='ltr'><strong>multemus.</strong></span> <span class='ocrx_word' id='word_1_184' title='bbox 2414 563 2550 618; x_wconf 81' lang='lat' dir='ltr'><strong>Cum</strong></span> <span class='ocrx_word' id='word_1_185' title='bbox 2589 564 2804 619; x_wconf 80' lang='lat' dir='ltr'><strong>hostem</strong></span> <span class='ocrx_word' id='word_1_186' title='bbox 2839 573 2996 618; x_wconf 89' lang='lat' dir='ltr'><strong>tuum</strong></span> <span class='ocrx_word' id='word_1_187' title='bbox 3021 565 3077 619; x_wconf 91' lang='lat' dir='ltr'><strong>in</strong></span> <span class='ocrx_word' id='word_1_188' title='bbox 3126 570 3454 635; x_wconf 88' lang='lat' dir='ltr'><strong>potestatem</strong></span> <span class='ocrx_word' id='word_1_189' title='bbox 3488 572 3639 618; x_wconf 86' lang='lat' dir='ltr'><strong>tuam</strong></span> 
     </span>
    </p>
   </div>
   <div class='ocr_carea' id='block_1_31' title="bbox 2059 655 3642 727">
    <p class='ocr_par' dir='ltr' id='par_1_31' title="bbox 2059 655 3642 727">
     <span class='ocr_line' id='line_1_31' title="bbox 2059 655 3642 727; baseline 0 -18"><span class='ocrx_word' id='word_1_190' title='bbox 2059 656 2361 727; x_wconf 85' lang='lat' dir='ltr'><strong>redegeris,</strong></span> <span class='ocrx_word' id='word_1_191' title='bbox 2395 672 2506 711; x_wconf 88' lang='lat' dir='ltr'><strong>non</strong></span> <span class='ocrx_word' id='word_1_192' title='bbox 2557 655 2612 710; x_wconf 91' lang='lat' dir='ltr'><strong>id</strong></span> <span class='ocrx_word' id='word_1_193' title='bbox 2659 671 2778 723; x_wconf 84' lang='lat' dir='ltr'><strong>age,</strong></span> <span class='ocrx_word' id='word_1_194' title='bbox 2813 667 2870 710; x_wconf 91' lang='lat' dir='ltr'><strong>ut</strong></span> <span class='ocrx_word' id='word_1_195' title='bbox 2905 671 3030 711; x_wconf 91' lang='lat' dir='ltr'><strong>eum</strong></span> <span class='ocrx_word' id='word_1_196' title='bbox 3065 655 3212 711; x_wconf 90' lang='lat' dir='ltr'><strong>male</strong></span> <span class='ocrx_word' id='word_1_197' title='bbox 3247 663 3554 727; x_wconf 85' lang='lat' dir='ltr'><strong>acceptum,</strong></span> <span class='ocrx_word' id='word_1_198' title='bbox 3588 664 3642 709; x_wconf 87' lang='lat' dir='ltr'><strong>et</strong></span> 
     </span>
    </p>
   </div>
   <div class='ocr_carea' id='block_1_32' title="bbox 2057 747 3638 818">
    <p class='ocr_par' dir='ltr' id='par_1_32' title="bbox 2057 747 3638 818">
     <span class='ocr_line' id='line_1_32' title="bbox 2057 747 3638 818; baseline -0.001 -14"><span class='ocrx_word' id='word_1_199' title='bbox 2057 749 2343 806; x_wconf 72' lang='lat' dir='ltr'><strong>sexcentis</strong></span> <span class='ocrx_word' id='word_1_200' title='bbox 2396 748 2712 804; x_wconf 83' lang='lat' dir='ltr'><strong>maledictis</strong></span> <span class='ocrx_word' id='word_1_201' title='bbox 2763 763 3056 818; x_wconf 88' lang='lat' dir='ltr'><strong>aspersum</strong></span> <span class='ocrx_word' id='word_1_202' title='bbox 3099 747 3375 813; x_wconf 90' lang='lat' dir='ltr'><strong>dimittas,</strong></span> <span class='ocrx_word' id='word_1_203' title='bbox 3424 748 3518 804; x_wconf 88' lang='lat' dir='ltr'><strong>sed</strong></span> <span class='ocrx_word' id='word_1_204' title='bbox 3571 749 3638 802; x_wconf 88' lang='lat' dir='ltr'><strong>ad</strong></span> 
     </span>
    </p>
   </div>
   <div class='ocr_carea' id='block_1_33' title="bbox 2057 839 3638 910">
    <p class='ocr_par' dir='ltr' id='par_1_33' title="bbox 2057 839 3638 910">
     <span class='ocr_line' id='line_1_33' title="bbox 2057 839 3638 910; baseline -0.001 -14"><span class='ocrx_word' id='word_1_205' title='bbox 2057 841 2342 898; x_wconf 87' lang='lat' dir='ltr'><strong>leuitatem</strong></span> <span class='ocrx_word' id='word_1_206' title='bbox 2381 841 2624 898; x_wconf 83' lang='lat' dir='ltr'><strong>reducas</strong></span> <span class='ocrx_word' id='word_1_207' title='bbox 2655 861 2668 896; x_wconf 94' lang='lat'>:</span> <span class='ocrx_word' id='word_1_208' title='bbox 2697 857 2798 896; x_wconf 91' lang='lat' dir='ltr'><strong>nee</strong></span> <span class='ocrx_word' id='word_1_209' title='bbox 2837 847 2968 894; x_wconf 87' lang='lat' dir='ltr'><strong>ante</strong></span> <span class='ocrx_word' id='word_1_210' title='bbox 3004 839 3238 904; x_wconf 88' lang='lat' dir='ltr'><strong>absiste,</strong></span> <span class='ocrx_word' id='word_1_211' title='bbox 3273 855 3438 910; x_wconf 87' lang='lat' dir='ltr'><strong>quam</strong></span> <span class='ocrx_word' id='word_1_212' title='bbox 3475 855 3638 894; x_wconf 86' lang='lat' dir='ltr'><strong>man-</strong></span> 
     </span>
    </p>
   </div>
   <div class='ocr_carea' id='block_1_34' title="bbox 2055 929 3285 1001">
    <p class='ocr_par' dir='ltr' id='par_1_34' title="bbox 2055 929 3285 1001">
     <span class='ocr_line' id='line_1_34' title="bbox 2055 929 3285 1001; baseline -0.004 -12"><span class='ocrx_word' id='word_1_213' title='bbox 2055 933 2354 989; x_wconf 80' lang='lat' dir='ltr'><strong>suetudine</strong></span> <span class='ocrx_word' id='word_1_214' title='bbox 2379 939 2485 987; x_wconf 87' lang='lat' dir='ltr'><strong>-tua</strong></span> <span class='ocrx_word' id='word_1_215' title='bbox 2527 932 2798 989; x_wconf 72' lang='lat' dir='ltr'><strong>smvitiam</strong></span> <span class='ocrx_word' id='word_1_216' title='bbox 2844 929 3024 1001; x_wconf 85' lang='lat' dir='ltr'><strong>ipsius</strong></span> <span class='ocrx_word' id='word_1_217' title='bbox 3059 929 3285 986; x_wconf 80' lang='lat' dir='ltr'><strong>viceris.</strong></span> 
     </span>
    </p>
   </div>
   <div class='ocr_carea' id='block_1_35' title="bbox 2127 1018 3636 1090">
    <p class='ocr_par' dir='ltr' id='par_1_35' title="bbox 2127 1018 3636 1090">
     <span class='ocr_line' id='line_1_35' title="bbox 2127 1018 3636 1090; baseline 0.001 -17"><span class='ocrx_word' id='word_1_218' title='bbox 2127 1018 2325 1085; x_wconf 81' lang='lat' dir='ltr'><strong>Ejusd.</strong></span> <span class='ocrx_word' id='word_1_219' title='bbox 2373 1051 2445 1063; x_wconf 95' lang='lat'><strong><em>—</em></strong></span> <span class='ocrx_word' id='word_1_220' title='bbox 2475 1019 2615 1075; x_wconf 83' lang='lat' dir='ltr'><strong>Tum</strong></span> <span class='ocrx_word' id='word_1_221' title='bbox 2657 1020 2880 1076; x_wconf 90' lang='lat' dir='ltr'><strong>demum</strong></span> <span class='ocrx_word' id='word_1_222' title='bbox 2946 1018 3124 1090; x_wconf 84' lang='lat' dir='ltr'><strong>major</strong></span> <span class='ocrx_word' id='word_1_223' title='bbox 3182 1034 3212 1072; x_wconf 94' lang='lat' dir='ltr'><strong>a</strong></span> <span class='ocrx_word' id='word_1_224' title='bbox 3267 1018 3377 1073; x_wconf 88' lang='lat' dir='ltr'><strong>Deo</strong></span> <span class='ocrx_word' id='word_1_225' title='bbox 3425 1034 3636 1074; x_wconf 83' lang='lat' dir='ltr'><strong>merces</strong></span> 
     </span>
    </p>
   </div>
   <div class='ocr_carea' id='block_1_36' title="bbox 2055 1109 3636 1181">
    <p class='ocr_par' dir='ltr' id='par_1_36' title="bbox 2055 1109 3636 1181">
     <span class='ocr_line' id='line_1_36' title="bbox 2055 1109 3636 1181; baseline -0.003 -15"><span class='ocrx_word' id='word_1_226' title='bbox 2055 1110 2218 1168; x_wconf 88' lang='lat' dir='ltr'><strong>nobis</strong></span> <span class='ocrx_word' id='word_1_227' title='bbox 2255 1111 2617 1181; x_wconf 87' lang='lat' dir='ltr'><strong>rependetur,</strong></span> <span class='ocrx_word' id='word_1_228' title='bbox 2653 1126 2779 1167; x_wconf 90' lang='lat' dir='ltr'><strong>cum</strong></span> <span class='ocrx_word' id='word_1_229' title='bbox 2830 1111 2902 1166; x_wconf 86' lang='lat' dir='ltr'><strong>ab</strong></span> <span class='ocrx_word' id='word_1_230' title='bbox 2951 1110 3221 1176; x_wconf 87' lang='lat' dir='ltr'><strong>inimicis,</strong></span> <span class='ocrx_word' id='word_1_231' title='bbox 3252 1125 3390 1179; x_wconf 88' lang='lat' dir='ltr'><strong>quos</strong></span> <span class='ocrx_word' id='word_1_232' title='bbox 3432 1109 3636 1163; x_wconf 81' lang='lat' dir='ltr'><strong>beneﬁ-</strong></span> 
     </span>
    </p>
   </div>
   <div class='ocr_carea' id='block_1_37' title="bbox 2057 1201 3634 1270">
    <p class='ocr_par' dir='ltr' id='par_1_37' title="bbox 2057 1201 3634 1270">
     <span class='ocr_line' id='line_1_37' title="bbox 2057 1201 3634 1270; baseline -0.003 -12"><span class='ocrx_word' id='word_1_233' title='bbox 2057 1201 2158 1259; x_wconf 92' lang='lat' dir='ltr'><strong>ciis</strong></span> <span class='ocrx_word' id='word_1_234' title='bbox 2208 1203 2529 1260; x_wconf 74' lang='lat' dir='ltr'><strong>innumeris</strong></span> <span class='ocrx_word' id='word_1_235' title='bbox 2582 1203 2939 1270; x_wconf 82' lang='lat' dir='ltr'><strong>auxerimus,</strong></span> <span class='ocrx_word' id='word_1_236' title='bbox 3005 1201 3291 1258; x_wconf 87' lang='lat' dir='ltr'><strong>contraria</strong></span> <span class='ocrx_word' id='word_1_237' title='bbox 3356 1203 3634 1270; x_wconf 71' lang='lat' dir='ltr'><strong>receperi-</strong></span> 
     </span>
    </p>
   </div>
   <div class='ocr_carea' id='block_1_38' title="bbox 2054 1309 2202 1350">
    <p class='ocr_par' dir='ltr' id='par_1_38' title="bbox 2054 1309 2202 1350">
     <span class='ocr_line' id='line_1_38' title="bbox 2054 1309 2202 1350; baseline -0.027 0"><span class='ocrx_word' id='word_1_238' title='bbox 2054 1309 2202 1350; x_wconf 87' lang='lat' dir='ltr'><strong>mus.</strong></span> 
     </span>
    </p>
   </div>
   <div class='ocr_carea' id='block_1_39' title="bbox 2125 1379 3632 1454">
    <p class='ocr_par' dir='ltr' id='par_1_39' title="bbox 2125 1379 3632 1454">
     <span class='ocr_line' id='line_1_39' title="bbox 2125 1379 3632 1454; baseline -0.002 -18"><span class='ocrx_word' id='word_1_239' title='bbox 2125 1381 2321 1454; x_wconf 78' lang='lat' dir='ltr'><strong>Ejusd.</strong></span> <span class='ocrx_word' id='word_1_240' title='bbox 2372 1381 2515 1448; x_wconf 83' lang='lat' dir='ltr'><strong>Quid</strong></span> <span class='ocrx_word' id='word_1_241' title='bbox 2557 1383 2612 1438; x_wconf 82' lang='lat' dir='ltr'><strong>in</strong></span> <span class='ocrx_word' id='word_1_242' title='bbox 2651 1382 2854 1452; x_wconf 79' lang='lat' dir='ltr'><strong>injuria</strong></span> <span class='ocrx_word' id='word_1_243' title='bbox 2903 1380 3266 1452; x_wconf 74' lang='lat' dir='ltr'><strong>spectandum.</strong></span> <span class='ocrx_word' id='word_1_244' title='bbox 3299 1381 3526 1436; x_wconf 91' lang='lat' dir='ltr'><strong>——Cum</strong></span> <span class='ocrx_word' id='word_1_245' title='bbox 3577 1379 3632 1434; x_wconf 90' lang='lat' dir='ltr'><strong>in</strong></span> 
     </span>
    </p>
   </div>
   <div class='ocr_carea' id='block_1_40' title="bbox 2051 1472 3636 1545">
    <p class='ocr_par' dir='ltr' id='par_1_40' title="bbox 2051 1472 3636 1545">
     <span class='ocr_line' id='line_1_40' title="bbox 2051 1472 3636 1545; baseline -0.004 -15"><span class='ocrx_word' id='word_1_246' title='bbox 2051 1484 2296 1532; x_wconf 87' lang='lat' dir='ltr'><strong>mentem</strong></span> <span class='ocrx_word' id='word_1_247' title='bbox 2331 1475 2568 1542; x_wconf 83' lang='lat' dir='ltr'><strong>venerit,</strong></span> <span class='ocrx_word' id='word_1_248' title='bbox 2615 1475 2750 1545; x_wconf 87' lang='lat' dir='ltr'><strong>quid</strong></span> <span class='ocrx_word' id='word_1_249' title='bbox 2798 1473 3131 1544; x_wconf 90' lang='lat' dir='ltr'><strong>injuriarum</strong></span> <span class='ocrx_word' id='word_1_250' title='bbox 3159 1487 3189 1528; x_wconf 90' lang='lat' dir='ltr'><strong>a</strong></span> <span class='ocrx_word' id='word_1_251' title='bbox 3224 1472 3515 1530; x_wconf 84' lang='lat' dir='ltr'><strong>conservis</strong></span> <span class='ocrx_word' id='word_1_252' title='bbox 3545 1486 3636 1525; x_wconf 81' lang='lat' dir='ltr'><strong>ac-</strong></span> 
     </span>
    </p>
   </div>
   <div class='ocr_carea' id='block_1_41' title="bbox 2053 1558 3635 1640">
    <p class='ocr_par' dir='ltr' id='par_1_41' title="bbox 2053 1558 3635 1640">
     <span class='ocr_line' id='line_1_41' title="bbox 2053 1558 3635 1640; baseline -0.003 -17"><span class='ocrx_word' id='word_1_253' title='bbox 2053 1558 2398 1640; x_wconf 80' lang='lat' dir='ltr'><strong>ceperimus,</strong></span> <span class='ocrx_word' id='word_1_254' title='bbox 2451 1566 2876 1622; x_wconf 87' lang='lat' dir='ltr'><strong>consideremus</strong></span> <span class='ocrx_word' id='word_1_255' title='bbox 2937 1567 3106 1621; x_wconf 89' lang='lat' dir='ltr'><strong>etiam</strong></span> <span class='ocrx_word' id='word_1_256' title='bbox 3169 1563 3303 1635; x_wconf 89' lang='lat' dir='ltr'><strong>quid</strong></span> <span class='ocrx_word' id='word_1_257' title='bbox 3365 1564 3635 1619; x_wconf 88' lang='lat' dir='ltr'><strong>adversus</strong></span> 
     </span>
    </p>
   </div>
   <div class='ocr_carea' id='block_1_42' title="bbox 2053 1657 3634 1724">
    <p class='ocr_par' dir='ltr' id='par_1_42' title="bbox 2053 1657 3634 1724">
     <span class='ocr_line' id='line_1_42' title="bbox 2053 1657 3634 1724; baseline -0.003 -10"><span class='ocrx_word' id='word_1_258' title='bbox 2053 1659 2346 1714; x_wconf 89' lang='lat' dir='ltr'><strong>Dominum</strong></span> <span class='ocrx_word' id='word_1_259' title='bbox 2377 1659 2787 1714; x_wconf 85' lang='lat' dir='ltr'><strong>commisimus.</strong></span> <span class='ocrx_word' id='word_1_260' title='bbox 2822 1657 2902 1712; x_wconf 90' lang='lat' dir='ltr'><strong>Ita</strong></span> <span class='ocrx_word' id='word_1_261' title='bbox 2927 1657 3044 1721; x_wconf 84' lang='lat' dir='ltr'><strong>ﬁet,</strong></span> <span class='ocrx_word' id='word_1_262' title='bbox 3083 1663 3145 1710; x_wconf 93' lang='lat' dir='ltr'><strong>ut</strong></span> <span class='ocrx_word' id='word_1_263' title='bbox 3167 1663 3486 1712; x_wconf 88' lang='lat' dir='ltr'><strong>nostrorum</strong></span> <span class='ocrx_word' id='word_1_264' title='bbox 3508 1669 3634 1724; x_wconf 84' lang='lat' dir='ltr'><strong>pec-</strong></span> 
     </span>
    </p>
   </div>
   <div class='ocr_carea' id='block_1_43' title="bbox 2055 1748 3635 1809">
    <p class='ocr_par' dir='ltr' id='par_1_43' title="bbox 2055 1748 3635 1809">
     <span class='ocr_line' id='line_1_43' title="bbox 2055 1748 3635 1809; baseline -0.004 -1"><span class='ocrx_word' id='word_1_265' title='bbox 2055 1761 2310 1809; x_wconf 88' lang='lat' dir='ltr'><strong>catorum</strong></span> <span class='ocrx_word' id='word_1_266' title='bbox 2360 1759 2511 1807; x_wconf 88' lang='lat' dir='ltr'><strong>metu</strong></span> <span class='ocrx_word' id='word_1_267' title='bbox 2561 1751 2910 1806; x_wconf 81' lang='lat' dir='ltr'><strong>iracundiam</strong></span> <span class='ocrx_word' id='word_1_268' title='bbox 2941 1751 3013 1804; x_wconf 92' lang='lat' dir='ltr'><strong>ob</strong></span> <span class='ocrx_word' id='word_1_269' title='bbox 3043 1750 3221 1804; x_wconf 84' lang='lat' dir='ltr'><strong>aliena</strong></span> <span class='ocrx_word' id='word_1_270' title='bbox 3251 1748 3451 1803; x_wconf 89' lang='lat' dir='ltr'><strong>delicta</strong></span> <span class='ocrx_word' id='word_1_271' title='bbox 3495 1762 3635 1802; x_wconf 88' lang='lat' dir='ltr'><strong>con-</strong></span> 
     </span>
    </p>
   </div>
   <div class='ocr_carea' id='block_1_44' title="bbox 2059 1838 3633 1914">
    <p class='ocr_par' dir='ltr' id='par_1_44' title="bbox 2059 1838 3633 1914">
     <span class='ocr_line' id='line_1_44' title="bbox 2059 1838 3633 1914; baseline -0.004 -15"><span class='ocrx_word' id='word_1_272' title='bbox 2059 1854 2274 1914; x_wconf 90' lang='lat' dir='ltr'><strong>ceptam</strong></span> <span class='ocrx_word' id='word_1_273' title='bbox 2306 1843 2420 1897; x_wconf 87' lang='lat' dir='ltr'><strong>cito</strong></span> <span class='ocrx_word' id='word_1_274' title='bbox 2461 1842 2862 1912; x_wconf 76' lang='lat' dir='ltr'><strong>propellamus.</strong></span> <span class='ocrx_word' id='word_1_275' title='bbox 2899 1839 3032 1894; x_wconf 79' lang='lat' dir='ltr'><strong>Nam</strong></span> <span class='ocrx_word' id='word_1_276' title='bbox 3085 1841 3131 1897; x_wconf 91' lang='lat' dir='ltr'><strong>si</strong></span> <span class='ocrx_word' id='word_1_277' title='bbox 3177 1847 3404 1911; x_wconf 90' lang='lat' dir='ltr'><strong>peccata</strong></span> <span class='ocrx_word' id='word_1_278' title='bbox 3436 1838 3492 1892; x_wconf 94' lang='lat' dir='ltr'><strong>in</strong></span> <span class='ocrx_word' id='word_1_279' title='bbox 3517 1853 3633 1893; x_wconf 83' lang='lat' dir='ltr'><strong>me-</strong></span> 
     </span>
    </p>
   </div>
   <div class='ocr_carea' id='block_1_45' title="bbox 2057 1926 3645 2000">
    <p class='ocr_par' dir='ltr' id='par_1_45' title="bbox 2057 1926 3645 2000">
     <span class='ocr_line' id='line_1_45' title="bbox 2057 1926 3645 2000; baseline -0.006 -13"><span class='ocrx_word' id='word_1_280' title='bbox 2057 1930 2234 1987; x_wconf 84' lang='lat' dir='ltr'><strong>moria</strong></span> <span class='ocrx_word' id='word_1_281' title='bbox 2262 1929 2471 1986; x_wconf 85' lang='lat' dir='ltr'><strong>habere</strong></span> <span class='ocrx_word' id='word_1_282' title='bbox 2493 1937 2732 2000; x_wconf 78' lang='lat' dir='ltr'><strong>oportet,</strong></span> <span class='ocrx_word' id='word_1_283' title='bbox 2757 1936 3081 1984; x_wconf 85' lang='lat' dir='ltr'><strong>nostrorum</strong></span> <span class='ocrx_word' id='word_1_284' title='bbox 3109 1928 3387 1984; x_wconf 77' lang='lat' dir='ltr'><strong>duntaxat</strong></span> <span class='ocrx_word' id='word_1_285' title='bbox 3416 1926 3645 1980; x_wconf 63' lang='lat' dir='ltr'><strong>incum--</strong></span> 
     </span>
    </p>
   </div>
   <div class='ocr_carea' id='block_1_46' title="bbox 2055 2010 3632 2078">
    <p class='ocr_par' dir='ltr' id='par_1_46' title="bbox 2055 2010 3632 2078">
     <span class='ocr_line' id='line_1_46' title="bbox 2055 2010 3632 2078; baseline -0.006 -2"><span class='ocrx_word' id='word_1_286' title='bbox 2055 2021 2138 2076; x_wconf 89' lang='lat' dir='ltr'><strong>bit</strong></span> <span class='ocrx_word' id='word_1_287' title='bbox 2168 2018 2512 2075; x_wconf 88' lang='lat' dir='ltr'><strong>meminisse.</strong></span> <span class='ocrx_word' id='word_1_288' title='bbox 2548 2016 2606 2072; x_wconf 89' lang='lat' dir='ltr'><strong>Si</strong></span> <span class='ocrx_word' id='word_1_289' title='bbox 2643 2010 2964 2072; x_wconf 80' lang='lat' dir='ltr'><strong>nostrorum</strong></span> <span class='ocrx_word' id='word_1_290' title='bbox 3005 2013 3448 2078; x_wconf 88' lang='lat' dir='ltr'><strong>meminerimus,</strong></span> <span class='ocrx_word' id='word_1_291' title='bbox 3485 2027 3632 2068; x_wconf 87' lang='lat' dir='ltr'><strong>nun-</strong></span> 
     </span>
    </p>
   </div>
   <div class='ocr_carea' id='block_1_47' title="bbox 2055 2108 2950 2184">
    <p class='ocr_par' dir='ltr' id='par_1_47' title="bbox 2055 2108 2950 2184">
     <span class='ocr_line' id='line_1_47' title="bbox 2055 2108 2950 2184; baseline -0.004 -18"><span class='ocrx_word' id='word_1_292' title='bbox 2055 2126 2226 2184; x_wconf 73' lang='lat' dir='ltr'><strong>quam</strong></span> <span class='ocrx_word' id='word_1_293' title='bbox 2257 2109 2436 2164; x_wconf 83' lang='lat' dir='ltr'><strong>aliena</strong></span> <span class='ocrx_word' id='word_1_294' title='bbox 2461 2108 2950 2180; x_wconf 67' lang='lat' dir='ltr'><strong>percensebimus.</strong></span> 
     </span>
    </p>
   </div>
   <div class='ocr_carea' id='block_1_48' title="bbox 2126 2217 3634 2294">
    <p class='ocr_par' dir='ltr' id='par_1_48' title="bbox 2126 2217 3634 2294">
     <span class='ocr_line' id='line_1_48' title="bbox 2126 2217 3634 2294; baseline -0.003 -16"><span class='ocrx_word' id='word_1_295' title='bbox 2126 2223 2318 2294; x_wconf 62' lang='lat' dir='ltr'><strong>Ejusd.</strong></span> <span class='ocrx_word' id='word_1_296' title='bbox 2348 2223 2510 2280; x_wconf 84' lang='lat' dir='ltr'><strong>Hom.</strong></span> <span class='ocrx_word' id='word_1_297' title='bbox 2547 2224 2614 2278; x_wconf 77' lang='lat' dir='ltr'><strong>de</strong></span> <span class='ocrx_word' id='word_1_298' title='bbox 2635 2222 2790 2292; x_wconf 78' lang='lat' dir='ltr'><strong>prod.</strong></span> <span class='ocrx_word' id='word_1_299' title='bbox 2816 2221 2996 2280; x_wconf 71' lang='lat' dir='ltr'><strong>Judm.</strong></span> <span class='ocrx_word' id='word_1_300' title='bbox 3022 2250 3090 2262; x_wconf 89' lang='lat'><strong>-—</strong></span> <span class='ocrx_word' id='word_1_301' title='bbox 3114 2220 3172 2275; x_wconf 89' lang='lat' dir='ltr'><strong>Si</strong></span> <span class='ocrx_word' id='word_1_302' title='bbox 3209 2221 3472 2276; x_wconf 83' lang='lat' dir='ltr'><strong>adversus</strong></span> <span class='ocrx_word' id='word_1_303' title='bbox 3525 2217 3634 2274; x_wconf 66' lang='lat' dir='ltr'><strong>iui:-</strong></span> 
     </span>
    </p>
   </div>
   <div class='ocr_carea' id='block_1_49' title="bbox 2053 2313 3631 2386">
    <p class='ocr_par' dir='ltr' id='par_1_49' title="bbox 2053 2313 3631 2386">
     <span class='ocr_line' id='line_1_49' title="bbox 2053 2313 3631 2386; baseline -0.004 -14"><span class='ocrx_word' id='word_1_304' title='bbox 2053 2317 2255 2374; x_wconf 85' lang='lat' dir='ltr'><strong>mieum</strong></span> <span class='ocrx_word' id='word_1_305' title='bbox 2271 2317 2601 2374; x_wconf 75' lang='lat' dir='ltr'><strong>olieusiouis</strong></span> <span class='ocrx_word' id='word_1_306' title='bbox 2631 2317 2814 2372; x_wconf 81' lang='lat' dir='ltr'><strong>habes</strong></span> <span class='ocrx_word' id='word_1_307' title='bbox 2843 2315 3077 2386; x_wconf 80' lang='lat' dir='ltr'><strong>aliquid,</strong></span> <span class='ocrx_word' id='word_1_308' title='bbox 3106 2313 3289 2370; x_wconf 76' lang='lat' dir='ltr'><strong>exime</strong></span> <span class='ocrx_word' id='word_1_309' title='bbox 3313 2327 3631 2377; x_wconf 68' lang='lat' dir='ltr'><strong>maerorem,</strong></span> 
     </span>
    </p>
   </div>
   <div class='ocr_carea' id='block_1_50' title="bbox 2053 2405 3631 2478">
    <p class='ocr_par' dir='ltr' id='par_1_50' title="bbox 2053 2405 3631 2478">
     <span class='ocr_line' id='line_1_50' title="bbox 2053 2405 3631 2478; baseline -0.004 -16"><span class='ocrx_word' id='word_1_310' title='bbox 2053 2408 2395 2464; x_wconf 76' lang='lat' dir='ltr'><strong>iracundiam</strong></span> <span class='ocrx_word' id='word_1_311' title='bbox 2419 2408 2574 2474; x_wconf 83' lang='lat' dir='ltr'><strong>seda,</strong></span> <span class='ocrx_word' id='word_1_312' title='bbox 2599 2407 2908 2478; x_wconf 84' lang='lat' dir='ltr'><strong>comprime</strong></span> <span class='ocrx_word' id='word_1_313' title='bbox 2932 2405 3308 2473; x_wconf 81' lang='lat' dir='ltr'><strong>inimicitiam,</strong></span> <span class='ocrx_word' id='word_1_314' title='bbox 3333 2413 3445 2458; x_wconf 88' lang='lat' dir='ltr'><strong>uta</strong></span> <span class='ocrx_word' id='word_1_315' title='bbox 3472 2418 3631 2458; x_wconf 87' lang='lat' dir='ltr'><strong>sacra</strong></span> 
     </span>
    </p>
   </div>
   <div class='ocr_carea' id='block_1_51' title="bbox 2052 2499 3634 2562">
    <p class='ocr_par' dir='ltr' id='par_1_51' title="bbox 2052 2499 3634 2562">
     <span class='ocr_line' id='line_1_51' title="bbox 2052 2499 3634 2562; baseline -0.006 -2"><span class='ocrx_word' id='word_1_316' title='bbox 2052 2519 2254 2562; x_wconf 66' lang='lat' dir='ltr'><strong>mensa</strong></span> <span class='ocrx_word' id='word_1_317' title='bbox 2289 2505 2623 2560; x_wconf 77' lang='lat' dir='ltr'><strong>medicinam</strong></span> <span class='ocrx_word' id='word_1_318' title='bbox 2679 2518 2896 2561; x_wconf 82' lang='lat' dir='ltr'><strong>sumas.</strong></span> <span class='ocrx_word' id='word_1_319' title='bbox 2946 2501 3030 2557; x_wconf 80' lang='lat' dir='ltr'><strong>Ad</strong></span> <span class='ocrx_word' id='word_1_320' title='bbox 3095 2499 3445 2556; x_wconf 78' lang='lat' dir='ltr'><strong>tremendum</strong></span> <span class='ocrx_word' id='word_1_321' title='bbox 3503 2511 3634 2552; x_wconf 55' lang='lat' dir='ltr'><strong>sane</strong></span> 
     </span>
    </p>
   </div>
   <div class='ocr_carea' id='block_1_52' title="bbox 2051 2589 3630 2668">
    <p class='ocr_par' dir='ltr' id='par_1_52' title="bbox 2051 2589 3630 2668">
     <span class='ocr_line' id='line_1_52' title="bbox 2051 2589 3630 2668; baseline -0.006 -13"><span class='ocrx_word' id='word_1_322' title='bbox 2051 2605 2314 2668; x_wconf 63' lang='lat' dir='ltr'><strong>ovumque</strong></span> <span class='ocrx_word' id='word_1_323' title='bbox 2341 2596 2680 2654; x_wconf 78' lang='lat' dir='ltr'><strong>sacriﬁcium</strong></span> <span class='ocrx_word' id='word_1_324' title='bbox 2711 2593 2933 2650; x_wconf 87' lang='lat' dir='ltr'><strong>accedis</strong></span> <span class='ocrx_word' id='word_1_325' title='bbox 2969 2611 2984 2648; x_wconf 87' lang='lat'><strong>:</strong></span> <span class='ocrx_word' id='word_1_326' title='bbox 3012 2593 3158 2648; x_wconf 70' lang='lat' dir='ltr'><strong>illud.</strong></span> <span class='ocrx_word' id='word_1_327' title='bbox 3193 2592 3343 2662; x_wconf 90' lang='lat' dir='ltr'><strong>quod</strong></span> <span class='ocrx_word' id='word_1_328' title='bbox 3377 2589 3630 2656; x_wconf 75' lang='lat' dir='ltr'><strong>oﬂ&#39;ertur,</strong></span> 
     </span>
    </p>
   </div>
   <div class='ocr_carea' id='block_1_53' title="bbox 2051 2681 3629 2754">
    <p class='ocr_par' dir='ltr' id='par_1_53' title="bbox 2051 2681 3629 2754">
     <span class='ocr_line' id='line_1_53' title="bbox 2051 2681 3629 2754; baseline -0.008 -7"><span class='ocrx_word' id='word_1_329' title='bbox 2051 2704 2331 2746; x_wconf 78' lang='lat' dir='ltr'><strong>reverere.</strong></span> <span class='ocrx_word' id='word_1_330' title='bbox 2384 2686 2663 2743; x_wconf 74' lang='lat' dir='ltr'><strong>Mactatus</strong></span> <span class='ocrx_word' id='word_1_331' title='bbox 2715 2685 2976 2740; x_wconf 83' lang='lat' dir='ltr'><strong>Christus</strong></span> <span class='ocrx_word' id='word_1_332' title='bbox 3039 2685 3371 2754; x_wconf 81' lang='lat' dir='ltr'><strong>proponitur</strong></span> <span class='ocrx_word' id='word_1_333' title='bbox 3419 2699 3435 2736; x_wconf 87' lang='lat'><strong>:</strong></span> <span class='ocrx_word' id='word_1_334' title='bbox 3493 2681 3629 2750; x_wconf 74' lang='lat' dir='ltr'><strong>quid</strong></span> 
     </span>
    </p>
   </div>
   <div class='ocr_carea' id='block_1_54' title="bbox 2050 2772 3628 2855">
    <p class='ocr_par' dir='ltr' id='par_1_54' title="bbox 2050 2772 3628 2855">
     <span class='ocr_line' id='line_1_54' title="bbox 2050 2772 3628 2855; baseline -0.008 -18"><span class='ocrx_word' id='word_1_335' title='bbox 2050 2797 2216 2855; x_wconf 86' lang='lat' dir='ltr'><strong>porro</strong></span> <span class='ocrx_word' id='word_1_336' title='bbox 2247 2796 2434 2838; x_wconf 74' lang='lat' dir='ltr'><strong>causa:</strong></span> <span class='ocrx_word' id='word_1_337' title='bbox 2475 2787 2584 2844; x_wconf 80' lang='lat' dir='ltr'><strong>est,</strong></span> <span class='ocrx_word' id='word_1_338' title='bbox 2634 2777 3000 2850; x_wconf 81' lang='lat' dir='ltr'><strong>quamobrem</strong></span> <span class='ocrx_word' id='word_1_339' title='bbox 3047 2775 3122 2830; x_wconf 86' lang='lat' dir='ltr'><strong>sit</strong></span> <span class='ocrx_word' id='word_1_340' title='bbox 3161 2773 3477 2828; x_wconf 75' lang='lat' dir='ltr'><strong>mactatus?</strong></span> <span class='ocrx_word' id='word_1_341' title='bbox 3521 2772 3628 2826; x_wconf 84' lang='lat' dir='ltr'><strong>Ec-</strong></span> 
     </span>
    </p>
   </div>
   <div class='ocr_carea' id='block_1_55' title="bbox 2047 2864 3626 2946">
    <p class='ocr_par' dir='ltr' id='par_1_55' title="bbox 2047 2864 3626 2946">
     <span class='ocr_line' id='line_1_55' title="bbox 2047 2864 3626 2946; baseline -0.009 -14"><span class='ocrx_word' id='word_1_342' title='bbox 2047 2890 2170 2940; x_wconf 79' lang='lat' dir='ltr'><strong>cur,</strong></span> <span class='ocrx_word' id='word_1_343' title='bbox 2202 2875 2429 2946; x_wconf 83' lang='lat' dir='ltr'><strong>inquam</strong></span> <span class='ocrx_word' id='word_1_344' title='bbox 2450 2871 2801 2932; x_wconf 64' lang='lat' dir='ltr'><strong>?&#39;Nimirum,</strong></span> <span class='ocrx_word' id='word_1_345' title='bbox 2832 2879 3040 2938; x_wconf 70' lang='lat' dir='ltr'><strong>utqum</strong></span> <span class='ocrx_word' id='word_1_346' title='bbox 3071 2868 3125 2922; x_wconf 92' lang='lat' dir='ltr'><strong>in</strong></span> <span class='ocrx_word' id='word_1_347' title='bbox 3160 2867 3303 2922; x_wconf 84' lang='lat' dir='ltr'><strong>cmlo</strong></span> <span class='ocrx_word' id='word_1_348' title='bbox 3336 2873 3392 2919; x_wconf 90' lang='lat' dir='ltr'><strong>et</strong></span> <span class='ocrx_word' id='word_1_349' title='bbox 3419 2878 3543 2934; x_wconf 65' lang='lat' dir='ltr'><strong>qua:</strong></span> <span class='ocrx_word' id='word_1_350' title='bbox 3570 2864 3626 2917; x_wconf 76' lang='lat' dir='ltr'><strong>iu</strong></span> 
     </span>
    </p>
   </div>
   <div class='ocr_carea' id='block_1_56' title="bbox 2047 2953 3629 3034">
    <p class='ocr_par' dir='ltr' id='par_1_56' title="bbox 2047 2953 3629 3034">
     <span class='ocr_line' id='line_1_56' title="bbox 2047 2953 3629 3034; baseline -0.009 -13"><span class='ocrx_word' id='word_1_351' title='bbox 2047 2973 2198 3022; x_wconf 84' lang='lat' dir='ltr'><strong>terra</strong></span> <span class='ocrx_word' id='word_1_352' title='bbox 2242 2973 2412 3031; x_wconf 84' lang='lat' dir='ltr'><strong>sunt,</strong></span> <span class='ocrx_word' id='word_1_353' title='bbox 2457 2961 2758 3034; x_wconf 75' lang='lat' dir='ltr'><strong>paciﬁcet,</strong></span> <span class='ocrx_word' id='word_1_354' title='bbox 2811 2959 3025 3030; x_wconf 83' lang='lat' dir='ltr'><strong>tibique</strong></span> <span class='ocrx_word' id='word_1_355' title='bbox 3071 2956 3394 3030; x_wconf 84' lang='lat' dir='ltr'><strong>angelorum</strong></span> <span class='ocrx_word' id='word_1_356' title='bbox 3437 2953 3629 3008; x_wconf 77' lang='lat' dir='ltr'><strong>amici.-</strong></span> 
     </span>
    </p>
   </div>
   <div class='ocr_carea' id='block_1_57' title="bbox 2035 3056 2488 3113">
    <p class='ocr_par' dir='ltr' id='par_1_57' title="bbox 2035 3056 2488 3113">
     <span class='ocr_line' id='line_1_57' title="bbox 2035 3056 2488 3113; baseline -0.004 -1"><span class='ocrx_word' id='word_1_357' title='bbox 2035 3058 2182 3112; x_wconf 82' lang='lat' dir='ltr'><strong>~tiam</strong></span> <span class='ocrx_word' id='word_1_358' title='bbox 2203 3056 2488 3113; x_wconf 85' lang='lat' dir='ltr'><strong>conciliet.</strong></span> 
     </span>
    </p>
   </div>
   <div class='ocr_carea' id='block_1_58' title="bbox 436 3149 1948 3242">
    <p class='ocr_par' dir='ltr' id='par_1_58' title="bbox 436 3151 1946 3230">
     <span class='ocr_line' id='line_1_58' title="bbox 436 3151 1946 3230; baseline 0.003 -21"><span class='ocrx_word' id='word_1_359' title='bbox 436 3152 644 3225; x_wconf 72' lang='grc' dir='ltr'>Μηδεὶς</span> <span class='ocrx_word' id='word_1_360' title='bbox 675 3152 856 3208; x_wconf 83' lang='grc' dir='ltr'>τοίνυν</span> <span class='ocrx_word' id='word_1_361' title='bbox 882 3151 1025 3208; x_wconf 75' lang='grc' dir='ltr'>ἔστω</span> <span class='ocrx_word' id='word_1_362' title='bbox 1079 3153 1304 3220; x_wconf 78' lang='grc' dir='ltr'>Ἰούδας,</span> <span class='ocrx_word' id='word_1_363' title='bbox 1346 3154 1538 3227; x_wconf 64' lang='grc' dir='ltr'>μηᾶἰς</span> <span class='ocrx_word' id='word_1_364' title='bbox 1565 3157 1828 3230; x_wconf 84' lang='grc' dir='ltr'>πονηρίας</span> <span class='ocrx_word' id='word_1_365' title='bbox 1849 3159 1946 3225; x_wconf 75' lang='grc' dir='ltr'><strong>γέ-</strong></span> 
     </span>
    </p>
   </div>
   <div class='ocr_carea' id='block_1_59' title="bbox 2055 3149 3628 3242">
    <p class='ocr_par' dir='ltr' id='par_1_59' title="bbox 2121 3156 3628 3242">
     <span class='ocr_line' id='line_1_59' title="bbox 2121 3156 3628 3242; baseline -0.012 -15"><span class='ocrx_word' id='word_1_366' title='bbox 2121 3170 2279 3242; x_wconf 78' lang='lat'><strong>331</strong></span> <span class='ocrx_word' id='word_1_367' title='bbox 2317 3166 2594 3239; x_wconf 73' lang='lat' dir='ltr'><strong>Ejusdem.</strong></span> <span class='ocrx_word' id='word_1_368' title='bbox 2626 3195 2696 3208; x_wconf 89' lang='lat'><strong><em>—</em></strong></span> <span class='ocrx_word' id='word_1_369' title='bbox 2728 3162 2928 3219; x_wconf 81' lang='lat' dir='ltr'><strong>Nullus</strong></span> <span class='ocrx_word' id='word_1_370' title='bbox 2955 3161 3127 3234; x_wconf 85' lang='lat' dir='ltr'><strong>igitur</strong></span> <span class='ocrx_word' id='word_1_371' title='bbox 3179 3157 3350 3215; x_wconf 72' lang='lat' dir='ltr'><strong>J‘udas</strong></span> <span class='ocrx_word' id='word_1_372' title='bbox 3382 3156 3628 3228; x_wconf 63' lang='lat' dir='ltr'><strong>reperia»</strong></span> 
     </span>
    </p>
   </div>
   <div class='ocr_carea' id='block_1_60' title="bbox 371 3244 1945 3320">
    <p class='ocr_par' dir='ltr' id='par_1_60' title="bbox 371 3244 1945 3320">
     <span class='ocr_line' id='line_1_60' title="bbox 371 3244 1945 3320; baseline 0.007 -23"><span class='ocrx_word' id='word_1_373' title='bbox 371 3261 510 3316; x_wconf 85' lang='grc' dir='ltr'>μων,</span> <span class='ocrx_word' id='word_1_374' title='bbox 541 3244 731 3316; x_wconf 77' lang='grc' dir='ltr'>μηδεὶς</span> <span class='ocrx_word' id='word_1_375' title='bbox 753 3245 892 3317; x_wconf 70' lang='grc' dir='ltr'>ἔχων</span> <span class='ocrx_word' id='word_1_376' title='bbox 922 3245 1001 3300; x_wconf 80' lang='grc' dir='ltr'>ἰὸν</span> <span class='ocrx_word' id='word_1_377' title='bbox 1050 3246 1110 3300; x_wconf 87' lang='grc' dir='ltr'><strong>ἐν</strong></span> <span class='ocrx_word' id='word_1_378' title='bbox 1136 3248 1202 3318; x_wconf 76' lang='grc' dir='ltr'>τῇ</span> <span class='ocrx_word' id='word_1_379' title='bbox 1242 3246 1477 3318; x_wconf 75' lang='grc' dir='ltr'>διανοίᾳ,</span> <span class='ocrx_word' id='word_1_380' title='bbox 1527 3249 1604 3320; x_wconf 78' lang='grc' dir='ltr'>μὴ</span> <span class='ocrx_word' id='word_1_381' title='bbox 1649 3251 1733 3314; x_wconf 88' lang='grc' dir='ltr'><strong>εἰς</strong></span> <span class='ocrx_word' id='word_1_382' title='bbox 1770 3253 1945 3308; x_wconf 77' lang='grc' dir='ltr'>κατά-</span> 
     </span>
    </p>
   </div>
   <div class='ocr_carea' id='block_1_61' title="bbox 367 3337 1946 3416">
    <p class='ocr_par' dir='ltr' id='par_1_61' title="bbox 367 3337 1946 3416">
     <span class='ocr_line' id='line_1_61' title="bbox 367 3337 1946 3416; baseline 0.004 -24"><span class='ocrx_word' id='word_1_383' title='bbox 367 3353 549 3409; x_wconf 81' lang='grc' dir='ltr'>κρισιν</span> <span class='ocrx_word' id='word_1_384' title='bbox 576 3337 738 3409; x_wconf 81' lang='grc' dir='ltr'>λάϐῃ.</span> <span class='ocrx_word' id='word_1_385' title='bbox 762 3338 872 3392; x_wconf 68' lang='grc' dir='ltr'><strong>Καὶ</strong></span> <span class='ocrx_word' id='word_1_386' title='bbox 896 3338 1007 3410; x_wconf 82' lang='grc' dir='ltr'><strong>γὰρ</strong></span> <span class='ocrx_word' id='word_1_387' title='bbox 1031 3339 1155 3394; x_wconf 86' lang='grc' dir='ltr'>τότε</span> <span class='ocrx_word' id='word_1_388' title='bbox 1189 3339 1329 3410; x_wconf 76' lang='grc' dir='ltr'>μετὰ</span> <span class='ocrx_word' id='word_1_389' title='bbox 1346 3339 1420 3394; x_wconf 83' lang='grc' dir='ltr'>τὺ-</span> <span class='ocrx_word' id='word_1_390' title='bbox 1438 3340 1626 3395; x_wconf 78' lang='grc' dir='ltr'>λαϐεῖν</span> <span class='ocrx_word' id='word_1_391' title='bbox 1647 3341 1747 3415; x_wconf 78' lang='grc' dir='ltr'>τὴν</span> <span class='ocrx_word' id='word_1_392' title='bbox 1775 3361 1946 3416; x_wconf 85' lang='grc' dir='ltr'>προσ-</span> 
     </span>
    </p>
   </div>
   <div class='ocr_carea' id='block_1_62' title="bbox 365 3429 1943 3503">
    <p class='ocr_par' dir='ltr' id='par_1_62' title="bbox 365 3429 1943 3503">
     <span class='ocr_line' id='line_1_62' title="bbox 365 3429 1943 3503; baseline 0.004 -20"><span class='ocrx_word' id='word_1_393' title='bbox 365 3429 562 3500; x_wconf 79' lang='grc' dir='ltr'>φορὰν,</span> <span class='ocrx_word' id='word_1_394' title='bbox 625 3430 896 3485; x_wconf 71' lang='grc' dir='ltr'>ἐπέπεσεν</span> <span class='ocrx_word' id='word_1_395' title='bbox 949 3429 1030 3502; x_wconf 84' lang='grc' dir='ltr'>τῷ</span> <span class='ocrx_word' id='word_1_396' title='bbox 1094 3431 1267 3503; x_wconf 80' lang='grc' dir='ltr'>Ἰούδᾳ</span> <span class='ocrx_word' id='word_1_397' title='bbox 1302 3433 1332 3485; x_wconf 84' lang='grc' dir='ltr'>ὁ</span> <span class='ocrx_word' id='word_1_398' title='bbox 1393 3431 1676 3498; x_wconf 79' lang='grc' dir='ltr'>διάϐολος·</span> <span class='ocrx_word' id='word_1_399' title='bbox 1727 3435 1792 3488; x_wconf 81' lang='grc' dir='ltr'><strong>ού</strong></span> <span class='ocrx_word' id='word_1_400' title='bbox 1847 3435 1943 3490; x_wconf 81' lang='grc' dir='ltr'><strong>τοῦ</strong></span> 
     </span>
    </p>
   </div>
   <div class='ocr_carea' id='block_1_63' title="bbox 367 3519 1945 3600">
    <p class='ocr_par' dir='ltr' id='par_1_63' title="bbox 367 3519 1945 3600">
     <span class='ocr_line' id='line_1_63' title="bbox 367 3519 1945 3600; baseline 0.005 -26"><span class='ocrx_word' id='word_1_401' title='bbox 367 3519 622 3592; x_wconf 75' lang='grc' dir='ltr'>σώματος</span> <span class='ocrx_word' id='word_1_402' title='bbox 671 3521 1030 3593; x_wconf 79' lang='grc' dir='ltr'>καταφρονῶν</span> <span class='ocrx_word' id='word_1_403' title='bbox 1073 3521 1169 3576; x_wconf 81' lang='grc' dir='ltr'><strong>τοῦ</strong></span> <span class='ocrx_word' id='word_1_404' title='bbox 1219 3523 1554 3579; x_wconf 83' lang='grc' dir='ltr'>Δεσποτικοῦ</span> <span class='ocrx_word' id='word_1_405' title='bbox 1573 3565 1590 3591; x_wconf 89' lang='grc'><strong>,</strong></span> <span class='ocrx_word' id='word_1_406' title='bbox 1653 3526 1792 3582; x_wconf 86' lang='grc' dir='ltr'><strong>ἀλλά</strong></span> <span class='ocrx_word' id='word_1_407' title='bbox 1843 3528 1945 3600; x_wconf 82' lang='grc' dir='ltr'>τῆς</span> 
     </span>
    </p>
   </div>
   <div class='ocr_carea' id='block_1_64' title="bbox 365 3611 1941 3691">
    <p class='ocr_par' dir='ltr' id='par_1_64' title="bbox 365 3611 1941 3691">
     <span class='ocr_line' id='line_1_64' title="bbox 365 3611 1941 3691; baseline 0.005 -25"><span class='ocrx_word' id='word_1_408' title='bbox 365 3611 770 3683; x_wconf 81' lang='grc' dir='ltr'>ἀναισχυντίας,</span> <span class='ocrx_word' id='word_1_409' title='bbox 805 3614 1089 3686; x_wconf 79' lang='grc' dir='ltr'>ἐπιπηδῶν</span> <span class='ocrx_word' id='word_1_410' title='bbox 1129 3613 1230 3668; x_wconf 77' lang='grc' dir='ltr'>τοῦ</span> <span class='ocrx_word' id='word_1_411' title='bbox 1276 3615 1476 3682; x_wconf 80' lang='grc' dir='ltr'>Ἰούδα,</span> <span class='ocrx_word' id='word_1_412' title='bbox 1526 3618 1615 3673; x_wconf 76' lang='grc' dir='ltr'>ἵνα</span> <span class='ocrx_word' id='word_1_413' title='bbox 1657 3619 1941 3691; x_wconf 80' lang='grc' dir='ltr'>μάθωμεν,</span> 
     </span>
    </p>
   </div>
   <div class='ocr_carea' id='block_1_65' title="bbox 363 3704 1940 3783">
    <p class='ocr_par' dir='ltr' id='par_1_65' title="bbox 363 3704 1940 3783">
     <span class='ocr_line' id='line_1_65' title="bbox 363 3704 1940 3783; baseline 0.006 -25"><span class='ocrx_word' id='word_1_414' title='bbox 363 3704 455 3758; x_wconf 71' lang='grc' dir='ltr'>ὅτι</span> <span class='ocrx_word' id='word_1_415' title='bbox 482 3706 599 3769; x_wconf 84' lang='grc' dir='ltr'><strong>τοίς</strong></span> <span class='ocrx_word' id='word_1_416' title='bbox 628 3705 866 3770; x_wconf 78' lang='grc' dir='ltr'>ἀναξίως</span> <span class='ocrx_word' id='word_1_417' title='bbox 914 3707 1205 3779; x_wconf 78' lang='grc' dir='ltr'>μετέχουσι</span> <span class='ocrx_word' id='word_1_418' title='bbox 1254 3709 1367 3763; x_wconf 86' lang='grc' dir='ltr'><strong>τῶν</strong></span> <span class='ocrx_word' id='word_1_419' title='bbox 1400 3709 1563 3766; x_wconf 84' lang='grc' dir='ltr'>θείων</span> <span class='ocrx_word' id='word_1_420' title='bbox 1601 3712 1940 3783; x_wconf 84' lang='grc' dir='ltr'>μυστηρίων,</span> 
     </span>
    </p>
   </div>
   <div class='ocr_carea' id='block_1_66' title="bbox 362 3793 1944 3874">
    <p class='ocr_par' dir='ltr' id='par_1_66' title="bbox 362 3793 1944 3874">
     <span class='ocr_line' id='line_1_66' title="bbox 362 3793 1944 3874; baseline 0.007 -27"><span class='ocrx_word' id='word_1_421' title='bbox 362 3793 577 3861; x_wconf 81' lang='grc' dir='ltr'>τούτοις</span> <span class='ocrx_word' id='word_1_422' title='bbox 607 3796 850 3867; x_wconf 87' lang='grc' dir='ltr'>μάλιστα</span> <span class='ocrx_word' id='word_1_423' title='bbox 883 3798 1128 3871; x_wconf 76' lang='grc' dir='ltr'>ἐπιπηδᾷ</span> <span class='ocrx_word' id='word_1_424' title='bbox 1160 3798 1261 3856; x_wconf 76' lang='grc' dir='ltr'>καὶ</span> <span class='ocrx_word' id='word_1_425' title='bbox 1313 3801 1591 3856; x_wconf 66' lang='grc' dir='ltr'>ἐπιϐαίνει</span> <span class='ocrx_word' id='word_1_426' title='bbox 1632 3803 1875 3874; x_wconf 81' lang='grc' dir='ltr'>συνεχῶς</span> <span class='ocrx_word' id='word_1_427' title='bbox 1913 3805 1944 3858; x_wconf 83' lang='grc' dir='ltr'>ὁ</span> 
     </span>
    </p>
   </div>
   <div class='ocr_carea' id='block_1_67' title="bbox 361 3885 1946 3965">
    <p class='ocr_par' dir='ltr' id='par_1_67' title="bbox 361 3885 1946 3965">
     <span class='ocr_line' id='line_1_67' title="bbox 361 3885 1946 3965; baseline 0.006 -25"><span class='ocrx_word' id='word_1_428' title='bbox 361 3885 628 3953; x_wconf 72' lang='grc' dir='ltr'>διάϐολος,</span> <span class='ocrx_word' id='word_1_429' title='bbox 653 3889 844 3960; x_wconf 81' lang='grc' dir='ltr'>ὥσπερ</span> <span class='ocrx_word' id='word_1_430' title='bbox 864 3888 955 3962; x_wconf 85' lang='grc' dir='ltr'><strong>τῷ-</strong></span> <span class='ocrx_word' id='word_1_431' title='bbox 994 3889 1164 3961; x_wconf 88' lang='grc' dir='ltr'>Ἰούδᾳ</span> <span class='ocrx_word' id='word_1_432' title='bbox 1205 3891 1353 3948; x_wconf 82' lang='grc' dir='ltr'>τότε.</span> <span class='ocrx_word' id='word_1_433' title='bbox 1385 3893 1453 3946; x_wconf 85' lang='grc' dir='ltr'>Αἰ</span> <span class='ocrx_word' id='word_1_434' title='bbox 1495 3895 1608 3965; x_wconf 89' lang='grc' dir='ltr'><strong>γάρ</strong></span> <span class='ocrx_word' id='word_1_435' title='bbox 1633 3895 1792 3965; x_wconf 75' lang='grc' dir='ltr'>τιμαὶ</span> <span class='ocrx_word' id='word_1_436' title='bbox 1816 3896 1946 3960; x_wconf 80' lang='grc' dir='ltr'>τοὺς</span> 
     </span>
    </p>
   </div>
   <div class='ocr_carea' id='block_1_68' title="bbox 362 3977 1944 4055">
    <p class='ocr_par' dir='ltr' id='par_1_68' title="bbox 362 3977 1944 4055">
     <span class='ocr_line' id='line_1_68' title="bbox 362 3977 1944 4055; baseline 0.006 -24"><span class='ocrx_word' id='word_1_437' title='bbox 362 3977 552 4043; x_wconf 82' lang='grc' dir='ltr'>ἀξίους</span> <span class='ocrx_word' id='word_1_438' title='bbox 577 3978 918 4049; x_wconf 82' lang='grc' dir='ltr'>ὠφελοῦσιν·</span> <span class='ocrx_word' id='word_1_439' title='bbox 951 3982 1082 4046; x_wconf 82' lang='grc' dir='ltr'>τοὺς</span> <span class='ocrx_word' id='word_1_440' title='bbox 1107 3980 1167 4034; x_wconf 76' lang='grc' dir='ltr'>δὲ</span> <span class='ocrx_word' id='word_1_441' title='bbox 1204 3980 1358 4055; x_wconf 88' lang='grc' dir='ltr'><strong>παρά</strong></span> <span class='ocrx_word' id='word_1_442' title='bbox 1385 3983 1488 4055; x_wconf 79' lang='grc' dir='ltr'><strong>τὴν</strong></span> <span class='ocrx_word' id='word_1_443' title='bbox 1527 3982 1686 4049; x_wconf 80' lang='grc' dir='ltr'>ἀξίαν</span> <span class='ocrx_word' id='word_1_444' title='bbox 1733 3986 1944 4041; x_wconf 78' lang='grc' dir='ltr'>ἀπολα-</span> 
     </span>
    </p>
   </div>
   <div class='ocr_carea' id='block_1_69' title="bbox 342 4069 1945 4146">
    <p class='ocr_par' dir='ltr' id='par_1_69' title="bbox 342 4069 1945 4146">
     <span class='ocr_line' id='line_1_69' title="bbox 342 4069 1945 4146; baseline 0.006 -23"><span class='ocrx_word' id='word_1_445' title='bbox 342 4069 584 4138; x_wconf 76' lang='grc' dir='ltr'>-σύντας,</span> <span class='ocrx_word' id='word_1_446' title='bbox 654 4071 736 4135; x_wconf 71' lang='grc' dir='ltr'><strong>τίς</strong></span> <span class='ocrx_word' id='word_1_447' title='bbox 781 4071 1008 4143; x_wconf 78' lang='grc' dir='ltr'>μείζονα</span> <span class='ocrx_word' id='word_1_448' title='bbox 1064 4075 1343 4145; x_wconf 82' lang='grc' dir='ltr'>τιμωρίαν</span> <span class='ocrx_word' id='word_1_449' title='bbox 1401 4075 1786 4146; x_wconf 79' lang='grc' dir='ltr'>ἐμϐάλλουσιν.</span> <span class='ocrx_word' id='word_1_450' title='bbox 1831 4079 1945 4132; x_wconf 74' lang='grc' dir='ltr'><strong>Καὶ</strong></span> 
     </span>
    </p>
   </div>
   <div class='ocr_carea' id='block_1_70' title="bbox 361 4162 1945 4241">
    <p class='ocr_par' dir='ltr' id='par_1_70' title="bbox 361 4162 1945 4241">
     <span class='ocr_line' id='line_1_70' title="bbox 361 4162 1945 4241; baseline 0.004 -23"><span class='ocrx_word' id='word_1_451' title='bbox 361 4162 540 4219; x_wconf 81' lang='grc' dir='ltr'>ταῦτα</span> <span class='ocrx_word' id='word_1_452' title='bbox 587 4163 756 4235; x_wconf 79' lang='grc' dir='ltr'>λέγω,</span> <span class='ocrx_word' id='word_1_453' title='bbox 813 4165 912 4237; x_wconf 85' lang='grc' dir='ltr'>οὐχ</span> <span class='ocrx_word' id='word_1_454' title='bbox 962 4166 1049 4221; x_wconf 79' lang='grc' dir='ltr'>ἵνα</span> <span class='ocrx_word' id='word_1_455' title='bbox 1095 4166 1342 4240; x_wconf 75' lang='grc' dir='ltr'>φοϐήσω,</span> <span class='ocrx_word' id='word_1_456' title='bbox 1395 4167 1514 4223; x_wconf 83' lang='grc' dir='ltr'>ἀλλ’</span> <span class='ocrx_word' id='word_1_457' title='bbox 1559 4168 1649 4224; x_wconf 81' lang='grc' dir='ltr'><strong>ἴνα</strong></span> <span class='ocrx_word' id='word_1_458' title='bbox 1705 4169 1945 4241; x_wconf 74' lang='grc' dir='ltr'>ἀσφαλί-</span> 
     </span>
    </p>
   </div>
   <div class='ocr_carea' id='block_1_71' title="bbox 365 4273 576 4330">
    <p class='ocr_par' dir='ltr' id='par_1_71' title="bbox 365 4273 576 4330">
     <span class='ocr_line' id='line_1_71' title="bbox 365 4273 576 4330; baseline 0.014 -17"><span class='ocrx_word' id='word_1_459' title='bbox 365 4273 576 4330; x_wconf 85' lang='grc' dir='ltr'>σωμαι..</span> 
     </span>
    </p>
   </div>
   <div class='ocr_carea' id='block_1_72' title="bbox 435 4370 1945 4446">
    <p class='ocr_par' dir='ltr' id='par_1_72' title="bbox 435 4370 1945 4446">
     <span class='ocr_line' id='line_1_72' title="bbox 435 4370 1945 4446; baseline 0.004 -22"><span class='ocrx_word' id='word_1_460' title='bbox 435 4370 620 4443; x_wconf 80' lang='grc' dir='ltr'><strong>Σὺ-τῷ</strong></span> <span class='ocrx_word' id='word_1_461' title='bbox 667 4371 942 4443; x_wconf 85' lang='grc' dir='ltr'>συνδούλφ</span> <span class='ocrx_word' id='word_1_462' title='bbox 982 4372 1166 4444; x_wconf 79' lang='grc' dir='ltr'>μένεις</span> <span class='ocrx_word' id='word_1_463' title='bbox 1202 4374 1535 4446; x_wconf 69' lang='grc' dir='ltr'>ἐχθραίνων,</span> <span class='ocrx_word' id='word_1_464' title='bbox 1565 4376 1662 4432; x_wconf 84' lang='grc' dir='ltr'><strong>καί</strong></span> <span class='ocrx_word' id='word_1_465' title='bbox 1699 4376 1817 4441; x_wconf 81' lang='grc' dir='ltr'><strong>πῶς</strong></span> <span class='ocrx_word' id='word_1_466' title='bbox 1849 4377 1945 4432; x_wconf 84' lang='grc' dir='ltr'>δυ-</span> 
     </span>
    </p>
   </div>
   <div class='ocr_carea' id='block_1_73' title="bbox 2050 3248 3626 3330">
    <p class='ocr_par' dir='ltr' id='par_1_73' title="bbox 2050 3248 3626 3330">
     <span class='ocr_line' id='line_1_73' title="bbox 2050 3248 3626 3330; baseline -0.011 -11"><span class='ocrx_word' id='word_1_467' title='bbox 2050 3271 2177 3329; x_wconf 88' lang='lat' dir='ltr'><strong>tur;</strong></span> <span class='ocrx_word' id='word_1_468' title='bbox 2213 3261 2399 3316; x_wconf 85' lang='lat' dir='ltr'><strong>nullus</strong></span> <span class='ocrx_word' id='word_1_469' title='bbox 2424 3257 2804 3330; x_wconf 86' lang='lat' dir='ltr'><strong>improbitatis</strong></span> <span class='ocrx_word' id='word_1_470' title='bbox 2833 3255 3072 3323; x_wconf 86' lang='lat' dir='ltr'><strong>plenus;</strong></span> <span class='ocrx_word' id='word_1_471' title='bbox 3126 3249 3440 3320; x_wconf 78' lang='lat' dir='ltr'><strong>nullus-qui</strong></span> <span class='ocrx_word' id='word_1_472' title='bbox 3469 3248 3626 3303; x_wconf 76' lang='lat' dir='ltr'><strong>virus</strong></span> 
     </span>
    </p>
   </div>
   <div class='ocr_carea' id='block_1_74' title="bbox 2047 3339 3624 3407">
    <p class='ocr_par' dir='ltr' id='par_1_74' title="bbox 2047 3339 3624 3407">
     <span class='ocr_line' id='line_1_74' title="bbox 2047 3339 3624 3407; baseline -0.009 0"><span class='ocrx_word' id='word_1_473' title='bbox 2047 3351 2236 3407; x_wconf 80' lang='lat' dir='ltr'><strong>animo</strong></span> <span class='ocrx_word' id='word_1_474' title='bbox 2269 3347 2550 3406; x_wconf 73' lang='lat' dir='ltr'><strong>conditura</strong></span> <span class='ocrx_word' id='word_1_475' title='bbox 2608 3347 2809 3402; x_wconf 87' lang='lat' dir='ltr'><strong>habeat</strong></span> <span class='ocrx_word' id='word_1_476' title='bbox 2841 3362 2858 3400; x_wconf 90' lang='lat'><strong>:</strong></span> <span class='ocrx_word' id='word_1_477' title='bbox 2900 3359 2969 3399; x_wconf 89' lang='lat' dir='ltr'><strong>ne</strong></span> <span class='ocrx_word' id='word_1_478' title='bbox 3007 3343 3063 3398; x_wconf 89' lang='lat' dir='ltr'><strong>in</strong></span> <span class='ocrx_word' id='word_1_479' title='bbox 3107 3339 3624 3398; x_wconf 84' lang='lat' dir='ltr'><strong>condemnationem</strong></span> 
     </span>
    </p>
   </div>
   <div class='ocr_carea' id='block_1_75' title="bbox 2046 3426 3625 3514">
    <p class='ocr_par' dir='ltr' id='par_1_75' title="bbox 2046 3426 3625 3514">
     <span class='ocr_line' id='line_1_75' title="bbox 2046 3426 3625 3514; baseline -0.011 -14"><span class='ocrx_word' id='word_1_480' title='bbox 2046 3426 2306 3514; x_wconf 74' lang='lat' dir='ltr'><strong>accipiat.</strong></span> <span class='ocrx_word' id='word_1_481' title='bbox 2345 3440 2505 3496; x_wconf 85' lang='lat' dir='ltr'><strong>Tune</strong></span> <span class='ocrx_word' id='word_1_482' title='bbox 2530 3439 2679 3495; x_wconf 88' lang='lat' dir='ltr'><strong>enim</strong></span> <span class='ocrx_word' id='word_1_483' title='bbox 2701 3444 2998 3510; x_wconf 82' lang='lat' dir='ltr'><strong>postquam</strong></span> <span class='ocrx_word' id='word_1_484' title='bbox 3023 3434 3233 3505; x_wconf 87' lang='lat' dir='ltr'><strong>accepit</strong></span> <span class='ocrx_word' id='word_1_485' title='bbox 3263 3432 3625 3495; x_wconf 73' lang='lat' dir='ltr'><strong>oblationem,</strong></span> 
     </span>
    </p>
   </div>
   <div class='ocr_carea' id='block_1_76' title="bbox 2045 3523 3626 3596">
    <p class='ocr_par' dir='ltr' id='par_1_76' title="bbox 2045 3523 3626 3596">
     <span class='ocr_line' id='line_1_76' title="bbox 2045 3523 3626 3596; baseline -0.009 -6"><span class='ocrx_word' id='word_1_486' title='bbox 2045 3533 2300 3591; x_wconf 82' lang='lat' dir='ltr'><strong>diabolus</strong></span> <span class='ocrx_word' id='word_1_487' title='bbox 2324 3533 2380 3587; x_wconf 93' lang='lat' dir='ltr'><strong>in</strong></span> <span class='ocrx_word' id='word_1_488' title='bbox 2400 3531 2604 3588; x_wconf 81' lang='lat' dir='ltr'><strong>J‘udam</strong></span> <span class='ocrx_word' id='word_1_489' title='bbox 2639 3529 2846 3586; x_wconf 82' lang='lat' dir='ltr'><strong>decidit</strong></span> <span class='ocrx_word' id='word_1_490' title='bbox 2875 3545 2891 3582; x_wconf 89' lang='lat'><strong>:</strong></span> <span class='ocrx_word' id='word_1_491' title='bbox 2931 3541 3041 3590; x_wconf 86' lang='lat' dir='ltr'><strong>non</strong></span> <span class='ocrx_word' id='word_1_492' title='bbox 3080 3524 3227 3596; x_wconf 89' lang='lat' dir='ltr'><strong>quod</strong></span> <span class='ocrx_word' id='word_1_493' title='bbox 3253 3523 3470 3579; x_wconf 90' lang='lat' dir='ltr'><strong>Domini</strong></span> <span class='ocrx_word' id='word_1_494' title='bbox 3499 3535 3626 3576; x_wconf 85' lang='lat' dir='ltr'><strong>eor-</strong></span> 
     </span>
    </p>
   </div>
   <div class='ocr_carea' id='block_1_77' title="bbox 2046 3612 3623 3697">
    <p class='ocr_par' dir='ltr' id='par_1_77' title="bbox 2046 3612 3623 3697">
     <span class='ocr_line' id='line_1_77' title="bbox 2046 3612 3623 3697; baseline -0.008 -18"><span class='ocrx_word' id='word_1_495' title='bbox 2046 3640 2150 3697; x_wconf 89' lang='lat' dir='ltr'><strong>pus</strong></span> <span class='ocrx_word' id='word_1_496' title='bbox 2173 3629 2573 3688; x_wconf 82' lang='lat' dir='ltr'><strong>contemneret,</strong></span> <span class='ocrx_word' id='word_1_497' title='bbox 2605 3620 2789 3677; x_wconf 73' lang='lat' dir='ltr'><strong>sed&#39;ut</strong></span> <span class='ocrx_word' id='word_1_498' title='bbox 2813 3617 3167 3689; x_wconf 79' lang='lat' dir='ltr'><strong>impudentia:</strong></span> <span class='ocrx_word' id='word_1_499' title='bbox 3198 3614 3354 3669; x_wconf 72' lang='lat' dir='ltr'><strong>Jutla:</strong></span> <span class='ocrx_word' id='word_1_500' title='bbox 3381 3612 3623 3668; x_wconf 66' lang='lat' dir='ltr'><strong>insultu-</strong></span> 
     </span>
    </p>
   </div>
   <div class='ocr_carea' id='block_1_78' title="bbox 2047 3704 3626 3786">
    <p class='ocr_par' dir='ltr' id='par_1_78' title="bbox 2047 3704 3626 3786">
     <span class='ocr_line' id='line_1_78' title="bbox 2047 3704 3626 3786; baseline -0.009 -14"><span class='ocrx_word' id='word_1_501' title='bbox 2047 3723 2151 3774; x_wconf 87' lang='lat' dir='ltr'><strong>ret.</strong></span> <span class='ocrx_word' id='word_1_502' title='bbox 2177 3713 2250 3772; x_wconf 89' lang='lat' dir='ltr'><strong>Ut</strong></span> <span class='ocrx_word' id='word_1_503' title='bbox 2278 3715 2655 3786; x_wconf 69' lang='lat' dir='ltr'><strong>intelligamus</strong></span> <span class='ocrx_word' id='word_1_504' title='bbox 2681 3711 2963 3768; x_wconf 86' lang='lat' dir='ltr'><strong>diabolum</strong></span> <span class='ocrx_word' id='word_1_505' title='bbox 3002 3708 3058 3763; x_wconf 90' lang='lat' dir='ltr'><strong>in</strong></span> <span class='ocrx_word' id='word_1_506' title='bbox 3087 3723 3185 3764; x_wconf 91' lang='lat' dir='ltr'><strong>eos</strong></span> <span class='ocrx_word' id='word_1_507' title='bbox 3212 3705 3512 3777; x_wconf 74' lang='lat' dir='ltr'><strong>praesertim</strong></span> <span class='ocrx_word' id='word_1_508' title='bbox 3546 3704 3626 3758; x_wconf 84' lang='lat' dir='ltr'><strong>in-</strong></span> 
     </span>
    </p>
   </div>
   <div class='ocr_carea' id='block_1_79' title="bbox 2046 3795 3623 3879">
    <p class='ocr_par' dir='ltr' id='par_1_79' title="bbox 2046 3795 3623 3879">
     <span class='ocr_line' id='line_1_79' title="bbox 2046 3795 3623 3879; baseline -0.011 -14"><span class='ocrx_word' id='word_1_509' title='bbox 2046 3808 2225 3872; x_wconf 81' lang='lat' dir='ltr'><strong>silire.</strong></span> <span class='ocrx_word' id='word_1_510' title='bbox 2287 3807 2382 3879; x_wconf 76' lang='lat' dir='ltr'><strong>qui</strong></span> <span class='ocrx_word' id='word_1_511' title='bbox 2438 3806 2625 3862; x_wconf 82' lang='lat' dir='ltr'><strong>divina</strong></span> <span class='ocrx_word' id='word_1_512' title='bbox 2685 3801 2947 3875; x_wconf 83' lang='lat' dir='ltr'><strong>mysteria</strong></span> <span class='ocrx_word' id='word_1_513' title='bbox 2995 3799 3220 3870; x_wconf 89' lang='lat' dir='ltr'><strong>indigne</strong></span> <span class='ocrx_word' id='word_1_514' title='bbox 3279 3795 3623 3868; x_wconf 85' lang='lat' dir='ltr'><strong>percipiunt;</strong></span> 
     </span>
    </p>
   </div>
   <div class='ocr_carea' id='block_1_80' title="bbox 2048 3887 3625 3970">
    <p class='ocr_par' dir='ltr' id='par_1_80' title="bbox 2048 3887 3625 3970">
     <span class='ocr_line' id='line_1_80' title="bbox 2048 3887 3625 3970; baseline -0.008 -15"><span class='ocrx_word' id='word_1_515' title='bbox 2048 3895 2510 3970; x_wconf 82' lang='lat' dir='ltr'><strong>quemadmodum</strong></span> <span class='ocrx_word' id='word_1_516' title='bbox 2541 3904 2678 3951; x_wconf 88' lang='lat' dir='ltr'><strong>tunc</strong></span> <span class='ocrx_word' id='word_1_517' title='bbox 2713 3893 2770 3948; x_wconf 93' lang='lat' dir='ltr'><strong>in</strong></span> <span class='ocrx_word' id='word_1_518' title='bbox 2791 3891 3013 3947; x_wconf 74' lang='lat' dir='ltr'><strong>Iudam.</strong></span> <span class='ocrx_word' id='word_1_519' title='bbox 3046 3889 3332 3961; x_wconf 85' lang='lat' dir='ltr'><strong>Siquidem</strong></span> <span class='ocrx_word' id='word_1_520' title='bbox 3369 3895 3428 3942; x_wconf 90' lang='lat' dir='ltr'><strong>ut</strong></span> <span class='ocrx_word' id='word_1_521' title='bbox 3446 3887 3625 3942; x_wconf 69' lang='lat' dir='ltr'><strong>hono~</strong></span> 
     </span>
    </p>
   </div>
   <div class='ocr_carea' id='block_1_81' title="bbox 2047 3978 3621 4059">
    <p class='ocr_par' dir='ltr' id='par_1_81' title="bbox 2047 3978 3621 4059">
     <span class='ocr_line' id='line_1_81' title="bbox 2047 3978 3621 4059; baseline -0.01 -13"><span class='ocrx_word' id='word_1_522' title='bbox 2047 4002 2137 4046; x_wconf 87' lang='lat' dir='ltr'><strong>res</strong></span> <span class='ocrx_word' id='word_1_523' title='bbox 2167 3990 2236 4045; x_wconf 90' lang='lat' dir='ltr'><strong>iis</strong></span> <span class='ocrx_word' id='word_1_524' title='bbox 2269 3989 2364 4059; x_wconf 93' lang='lat' dir='ltr'><strong>qui</strong></span> <span class='ocrx_word' id='word_1_525' title='bbox 2391 3987 2540 4058; x_wconf 85' lang='lat' dir='ltr'><strong>digni</strong></span> <span class='ocrx_word' id='word_1_526' title='bbox 2572 3992 2706 4042; x_wconf 73' lang='lat' dir='ltr'><strong>sunt</strong></span> <span class='ocrx_word' id='word_1_527' title='bbox 2735 3985 3033 4040; x_wconf 89' lang='lat' dir='ltr'><strong>utilitatem</strong></span> <span class='ocrx_word' id='word_1_528' title='bbox 3060 3981 3300 4037; x_wconf 70' lang='lat' dir='ltr'><strong>afferunt</strong></span> <span class='ocrx_word' id='word_1_529' title='bbox 3332 3995 3348 4032; x_wconf 89' lang='lat'><strong>:</strong></span> <span class='ocrx_word' id='word_1_530' title='bbox 3378 3978 3461 4033; x_wconf 92' lang='lat' dir='ltr'><strong>sic</strong></span> <span class='ocrx_word' id='word_1_531' title='bbox 3485 3993 3621 4032; x_wconf 84' lang='lat' dir='ltr'><strong>con-</strong></span> 
     </span>
    </p>
   </div>
   <div class='ocr_carea' id='block_1_82' title="bbox 2045 4069 3624 4148">
    <p class='ocr_par' dir='ltr' id='par_1_82' title="bbox 2045 4069 3624 4148">
     <span class='ocr_line' id='line_1_82' title="bbox 2045 4069 3624 4148; baseline -0.008 -14"><span class='ocrx_word' id='word_1_532' title='bbox 2045 4087 2138 4134; x_wconf 69' lang='grc' dir='ltr'><strong>ιτα</strong></span> <span class='ocrx_word' id='word_1_533' title='bbox 2156 4079 2281 4135; x_wconf 87' lang='lat' dir='ltr'><strong>ill&#39;os</strong></span> <span class='ocrx_word' id='word_1_534' title='bbox 2305 4078 2400 4148; x_wconf 90' lang='lat' dir='ltr'><strong>qui</strong></span> <span class='ocrx_word' id='word_1_535' title='bbox 2425 4077 2653 4147; x_wconf 89' lang='lat' dir='ltr'><strong>indigne</strong></span> <span class='ocrx_word' id='word_1_536' title='bbox 2678 4083 2931 4138; x_wconf 87' lang='lat' dir='ltr'><strong>sumunt,</strong></span> <span class='ocrx_word' id='word_1_537' title='bbox 2990 4073 3050 4126; x_wconf 87' lang='lat' dir='ltr'><strong>&#39;rn</strong></span> <span class='ocrx_word' id='word_1_538' title='bbox 3095 4071 3359 4139; x_wconf 84' lang='lat' dir='ltr'><strong>maiorem</strong></span> <span class='ocrx_word' id='word_1_539' title='bbox 3402 4069 3624 4123; x_wconf 85' lang='lat' dir='ltr'><strong>crucia-</strong></span> 
     </span>
    </p>
   </div>
   <div class='ocr_carea' id='block_1_83' title="bbox 2047 4159 3624 4238">
    <p class='ocr_par' dir='ltr' id='par_1_83' title="bbox 2047 4159 3624 4238">
     <span class='ocr_line' id='line_1_83' title="bbox 2047 4159 3624 4238; baseline -0.01 -12"><span class='ocrx_word' id='word_1_540' title='bbox 2047 4179 2162 4226; x_wconf 89' lang='lat' dir='ltr'><strong>tum</strong></span> <span class='ocrx_word' id='word_1_541' title='bbox 2195 4167 2520 4238; x_wconf 85' lang='lat' dir='ltr'><strong>conjiciunt.</strong></span> <span class='ocrx_word' id='word_1_542' title='bbox 2549 4167 2673 4222; x_wconf 65' lang='lat' dir='ltr'><strong>Haec</strong></span> <span class='ocrx_word' id='word_1_543' title='bbox 2699 4161 2880 4236; x_wconf 80' lang='lat' dir='ltr'><strong>porro</strong></span> <span class='ocrx_word' id='word_1_544' title='bbox 2897 4178 3012 4220; x_wconf 78' lang='lat' dir='ltr'><strong>non</strong></span> <span class='ocrx_word' id='word_1_545' title='bbox 3027 4177 3095 4219; x_wconf 90' lang='lat' dir='ltr'><strong>eo</strong></span> <span class='ocrx_word' id='word_1_546' title='bbox 3124 4176 3164 4216; x_wconf 62' lang='grc' dir='ltr'><strong>α</strong></span> <span class='ocrx_word' id='word_1_547' title='bbox 3197 4175 3284 4216; x_wconf 88' lang='lat' dir='ltr'><strong>me</strong></span> <span class='ocrx_word' id='word_1_548' title='bbox 3337 4159 3624 4223; x_wconf 77' lang='lat' dir='ltr'><strong>dicuntur,</strong></span> 
     </span>
    </p>
   </div>
   <div class='ocr_carea' id='block_1_84' title="bbox 2046 4253 3623 4327">
    <p class='ocr_par' dir='ltr' id='par_1_84' title="bbox 2046 4253 3623 4327">
     <span class='ocr_line' id='line_1_84' title="bbox 2046 4253 3623 4327; baseline -0.009 -7"><span class='ocrx_word' id='word_1_549' title='bbox 2046 4271 2109 4320; x_wconf 91' lang='lat' dir='ltr'><strong>ut</strong></span> <span class='ocrx_word' id='word_1_550' title='bbox 2132 4274 2402 4320; x_wconf 89' lang='lat' dir='ltr'><strong>terrorem</strong></span> <span class='ocrx_word' id='word_1_551' title='bbox 2438 4261 2731 4327; x_wconf 90' lang='lat' dir='ltr'><strong>incutiam,</strong></span> <span class='ocrx_word' id='word_1_552' title='bbox 2795 4257 2892 4314; x_wconf 90' lang='lat' dir='ltr'><strong>sed</strong></span> <span class='ocrx_word' id='word_1_553' title='bbox 2948 4264 3012 4312; x_wconf 89' lang='lat' dir='ltr'><strong>ut</strong></span> <span class='ocrx_word' id='word_1_554' title='bbox 3058 4254 3335 4311; x_wconf 88' lang='lat' dir='ltr'><strong>cautiores</strong></span> <span class='ocrx_word' id='word_1_555' title='bbox 3374 4253 3623 4310; x_wconf 84' lang='lat' dir='ltr'><strong>reddam.</strong></span> 
     </span>
    </p>
   </div>
   <div class='ocr_carea' id='block_1_85' title="bbox 2119 4367 3625 4432">
    <p class='ocr_par' dir='ltr' id='par_1_85' title="bbox 2119 4367 3625 4432">
     <span class='ocr_line' id='line_1_85' title="bbox 2119 4367 3625 4432; baseline -0.008 0"><span class='ocrx_word' id='word_1_556' title='bbox 2119 4375 2262 4432; x_wconf 45' lang='lat' dir='ltr'><strong>Ibide</strong></span> <span class='ocrx_word' id='word_1_557' title='bbox 2288 4405 2359 4420; x_wconf 92' lang='lat'><strong>-</strong></span> <span class='ocrx_word' id='word_1_558' title='bbox 2385 4374 2523 4431; x_wconf 84' lang='lat' dir='ltr'><strong>Cum</strong></span> <span class='ocrx_word' id='word_1_559' title='bbox 2551 4382 2609 4430; x_wconf 90' lang='lat' dir='ltr'><strong>tu</strong></span> <span class='ocrx_word' id='word_1_560' title='bbox 2648 4371 2912 4429; x_wconf 71' lang='lat' dir='ltr'><strong>infestum</strong></span> <span class='ocrx_word' id='word_1_561' title='bbox 2939 4371 2994 4426; x_wconf 87' lang='lat' dir='ltr'><strong>in</strong></span> <span class='ocrx_word' id='word_1_562' title='bbox 3051 4383 3386 4427; x_wconf 77' lang='lat' dir='ltr'><strong>seitservum</strong></span> <span class='ocrx_word' id='word_1_563' title='bbox 3435 4367 3625 4422; x_wconf 91' lang='lat' dir='ltr'><strong>odium</strong></span> 
     </span>
    </p>
   </div>
   <div class='ocr_carea' id='block_1_86' title="bbox 362 4461 1948 4554">
    <p class='ocr_par' dir='ltr' id='par_1_86' title="bbox 362 4462 1948 4540">
     <span class='ocr_line' id='line_1_86' title="bbox 362 4462 1948 4540; baseline 0.005 -24"><span class='ocrx_word' id='word_1_564' title='bbox 362 4462 504 4534; x_wconf 74' lang='grc' dir='ltr'>νήσῃ</span> <span class='ocrx_word' id='word_1_565' title='bbox 548 4462 788 4533; x_wconf 80' lang='grc' dir='ltr'>βαδίζειν</span> <span class='ocrx_word' id='word_1_566' title='bbox 819 4464 912 4518; x_wconf 73' lang='grc' dir='ltr'>ἐπὶ</span> <span class='ocrx_word' id='word_1_567' title='bbox 940 4463 1039 4536; x_wconf 77' lang='grc' dir='ltr'><strong>τήν</strong></span> <span class='ocrx_word' id='word_1_568' title='bbox 1069 4465 1171 4534; x_wconf 85' lang='grc' dir='ltr'><strong>τῆς</strong></span> <span class='ocrx_word' id='word_1_569' title='bbox 1213 4467 1440 4538; x_wconf 84' lang='grc' dir='ltr'>εἰρήνης</span> <span class='ocrx_word' id='word_1_570' title='bbox 1474 4467 1794 4540; x_wconf 51' lang='lat' dir='ltr'><strong>epinicia;</strong></span> <span class='ocrx_word' id='word_1_571' title='bbox 1830 4469 1948 4524; x_wconf 75' lang='grc' dir='ltr'><strong>Καὶ·</strong></span> 
     </span>
    </p>
   </div>
   <div class='ocr_carea' id='block_1_87' title="bbox 2055 4461 3631 4554">
    <p class='ocr_par' dir='ltr' id='par_1_87' title="bbox 2055 4461 3631 4538">
     <span class='ocr_line' id='line_1_87' title="bbox 2055 4461 3631 4538; baseline -0.006 -14"><span class='ocrx_word' id='word_1_572' title='bbox 2055 4469 2313 4533; x_wconf 88' lang='lat' dir='ltr'><strong>retineas,</strong></span> <span class='ocrx_word' id='word_1_573' title='bbox 2345 4480 2582 4538; x_wconf 87' lang='lat' dir='ltr'><strong>quonam</strong></span> <span class='ocrx_word' id='word_1_574' title='bbox 2613 4473 2776 4536; x_wconf 90' lang='lat' dir='ltr'><strong>pacto</strong></span> <span class='ocrx_word' id='word_1_575' title='bbox 2800 4463 2870 4520; x_wconf 92' lang='lat' dir='ltr'><strong>ad</strong></span> <span class='ocrx_word' id='word_1_576' title='bbox 2893 4476 3140 4518; x_wconf 86' lang='lat' dir='ltr'><strong>mensam</strong></span> <span class='ocrx_word' id='word_1_577' title='bbox 3171 4461 3327 4532; x_wconf 89' lang='lat' dir='ltr'><strong>pacis</strong></span> <span class='ocrx_word' id='word_1_578' title='bbox 3355 4474 3528 4530; x_wconf 89' lang='lat' dir='ltr'><strong>queas</strong></span> <span class='ocrx_word' id='word_1_579' title='bbox 3543 4473 3631 4514; x_wconf 81' lang='lat' dir='ltr'><strong>ae-</strong></span> 
     </span>
    </p>
   </div>
   <div class='ocr_carea' id='block_1_88' title="bbox 361 4554 1940 4634">
    <p class='ocr_par' dir='ltr' id='par_1_88' title="bbox 361 4554 1940 4634">
     <span class='ocr_line' id='line_1_88' title="bbox 361 4554 1940 4634; baseline 0.005 -26"><span class='ocrx_word' id='word_1_580' title='bbox 361 4554 473 4626; x_wconf 65' lang='grc' dir='ltr'><strong>χάρ</strong></span> <span class='ocrx_word' id='word_1_581' title='bbox 497 4555 526 4608; x_wconf 87' lang='grc' dir='ltr'><strong>ὁ</strong></span> <span class='ocrx_word' id='word_1_582' title='bbox 552 4556 788 4627; x_wconf 81' lang='grc' dir='ltr'>Χριστὸς</span> <span class='ocrx_word' id='word_1_583' title='bbox 813 4557 937 4611; x_wconf 74' lang='grc' dir='ltr'>οὐδὲ</span> <span class='ocrx_word' id='word_1_584' title='bbox 954 4557 1250 4612; x_wconf 81' lang='grc' dir='ltr'>ἀποθανεῖν</span> <span class='ocrx_word' id='word_1_585' title='bbox 1269 4559 1410 4632; x_wconf 79' lang='grc' dir='ltr'>ὑπὲρ</span> <span class='ocrx_word' id='word_1_586' title='bbox 1439 4560 1534 4614; x_wconf 86' lang='grc' dir='ltr'>σοῦ</span> <span class='ocrx_word' id='word_1_587' title='bbox 1557 4562 1940 4634; x_wconf 80' lang='grc' dir='ltr'>παρῃτήσατο,</span> 
     </span>
    </p>
   </div>
   <div class='ocr_carea' id='block_1_89' title="bbox 363 4647 1947 4723">
    <p class='ocr_par' dir='ltr' id='par_1_89' title="bbox 363 4647 1947 4723">
     <span class='ocr_line' id='line_1_89' title="bbox 363 4647 1947 4723; baseline 0.003 -21"><span class='ocrx_word' id='word_1_588' title='bbox 363 4648 431 4702; x_wconf 80' lang='grc' dir='ltr'>σὺ</span> <span class='ocrx_word' id='word_1_589' title='bbox 458 4647 516 4701; x_wconf 80' lang='grc' dir='ltr'>δὲ</span> <span class='ocrx_word' id='word_1_590' title='bbox 548 4647 670 4702; x_wconf 85' lang='grc' dir='ltr'><strong>ούδέ</strong></span> <span class='ocrx_word' id='word_1_591' title='bbox 696 4648 868 4718; x_wconf 86' lang='grc' dir='ltr'>ὀργὴν</span> <span class='ocrx_word' id='word_1_592' title='bbox 911 4649 1130 4719; x_wconf 75' lang='grc' dir='ltr'>ἀφιέναι</span> <span class='ocrx_word' id='word_1_593' title='bbox 1158 4650 1236 4722; x_wconf 84' lang='grc' dir='ltr'><strong>τῷ</strong></span> <span class='ocrx_word' id='word_1_594' title='bbox 1289 4652 1562 4723; x_wconf 82' lang='grc' dir='ltr'>συνδούλῳ</span> <span class='ocrx_word' id='word_1_595' title='bbox 1588 4652 1678 4707; x_wconf 83' lang='grc' dir='ltr'><strong>διά</strong></span> <span class='ocrx_word' id='word_1_596' title='bbox 1719 4652 1947 4707; x_wconf 82' lang='grc' dir='ltr'>σεαυτὸν</span> 
     </span>
    </p>
   </div>
   <div class='ocr_carea' id='block_1_90' title="bbox 359 4738 1948 4813">
    <p class='ocr_par' dir='ltr' id='par_1_90' title="bbox 359 4738 1948 4813">
     <span class='ocr_line' id='line_1_90' title="bbox 359 4738 1948 4813; baseline 0.003 -21"><span class='ocrx_word' id='word_1_597' title='bbox 359 4738 555 4809; x_wconf 74' lang='grc' dir='ltr'>ἀνέχῃ,</span> <span class='ocrx_word' id='word_1_598' title='bbox 621 4739 928 4810; x_wconf 79' lang='grc' dir='ltr'>Ἐπηρέασε</span> <span class='ocrx_word' id='word_1_599' title='bbox 994 4741 1140 4811; x_wconf 85' lang='grc' dir='ltr'>γὰρ,</span> <span class='ocrx_word' id='word_1_600' title='bbox 1219 4743 1392 4813; x_wconf 78' lang='grc' dir='ltr'>φησί,</span> <span class='ocrx_word' id='word_1_601' title='bbox 1440 4743 1537 4797; x_wconf 82' lang='grc' dir='ltr'><strong>καί</strong></span> <span class='ocrx_word' id='word_1_602' title='bbox 1587 4743 1658 4796; x_wconf 80' lang='grc' dir='ltr'><strong>τά</strong></span> <span class='ocrx_word' id='word_1_603' title='bbox 1712 4742 1948 4813; x_wconf 82' lang='grc' dir='ltr'>μέγιστα</span> 
     </span>
    </p>
   </div>
   <div class='ocr_carea' id='block_1_91' title="bbox 285 4829 1947 4906">
    <p class='ocr_par' dir='ltr' id='par_1_91' title="bbox 285 4829 1947 4906">
     <span class='ocr_line' id='line_1_91' title="bbox 285 4829 1947 4906; baseline 0.011 -23"><span class='ocrx_word' id='word_1_604' title='bbox 285 4847 298 4856; x_wconf 79' lang='lat'><strong><em>°</em></strong></span> <span class='ocrx_word' id='word_1_605' title='bbox 362 4829 820 4901; x_wconf 76' lang='grc' dir='ltr'>ἐπλεονέκτησεν.</span> <span class='ocrx_word' id='word_1_606' title='bbox 879 4833 994 4887; x_wconf 78' lang='grc' dir='ltr'><strong>Καὶ</strong></span> <span class='ocrx_word' id='word_1_607' title='bbox 1033 4833 1086 4886; x_wconf 90' lang='grc' dir='ltr'><strong>τί</strong></span> <span class='ocrx_word' id='word_1_608' title='bbox 1137 4832 1341 4900; x_wconf 80' lang='grc' dir='ltr'>τούτο;,</span> <span class='ocrx_word' id='word_1_609' title='bbox 1381 4835 1464 4898; x_wconf 89' lang='grc' dir='ltr'><strong>εἰς</strong></span> <span class='ocrx_word' id='word_1_610' title='bbox 1497 4835 1755 4906; x_wconf 74' lang='grc' dir='ltr'>χρήματα</span> <span class='ocrx_word' id='word_1_611' title='bbox 1781 4835 1817 4905; x_wconf 74' lang='grc' dir='ltr'><strong>ἡ</strong></span> <span class='ocrx_word' id='word_1_612' title='bbox 1846 4835 1947 4906; x_wconf 80' lang='grc' dir='ltr'><strong>ζη-</strong></span> 
     </span>
    </p>
   </div>
   <div class='ocr_carea' id='block_1_92' title="bbox 362 4921 1943 4998">
    <p class='ocr_par' dir='ltr' id='par_1_92' title="bbox 362 4921 1943 4998">
     <span class='ocr_line' id='line_1_92' title="bbox 362 4921 1943 4998; baseline 0.003 -23"><span class='ocrx_word' id='word_1_613' title='bbox 362 4921 464 4993; x_wconf 89' lang='grc' dir='ltr'><strong>μία</strong></span> <span class='ocrx_word' id='word_1_614' title='bbox 489 4939 506 4954; x_wconf 73' lang='grc' dir='ltr'><strong><em>ο</em></strong></span> <span class='ocrx_word' id='word_1_615' title='bbox 536 4922 750 4977; x_wconf 69' lang='grc' dir='ltr'>οὐδέπω</span> <span class='ocrx_word' id='word_1_616' title='bbox 778 4923 1117 4996; x_wconf 86' lang='grc' dir='ltr'>ἐσταύρωσε,</span> <span class='ocrx_word' id='word_1_617' title='bbox 1171 4925 1426 4996; x_wconf 88' lang='grc' dir='ltr'>καθάπερ</span> <span class='ocrx_word' id='word_1_618' title='bbox 1480 4926 1573 4982; x_wconf 82' lang='grc' dir='ltr'>τὸν</span> <span class='ocrx_word' id='word_1_619' title='bbox 1611 4924 1850 4998; x_wconf 81' lang='grc' dir='ltr'>Χριστὸν</span> <span class='ocrx_word' id='word_1_620' title='bbox 1892 4927 1943 4980; x_wconf 84' lang='grc' dir='ltr'><strong>οἰ</strong></span> 
     </span>
    </p>
   </div>
   <div class='ocr_carea' id='block_1_93' title="bbox 375 5007 1940 5090">
    <p class='ocr_par' dir='ltr' id='par_1_93' title="bbox 375 5007 1940 5090">
     <span class='ocr_line' id='line_1_93' title="bbox 375 5007 1940 5090; baseline 0.003 -22"><span class='ocrx_word' id='word_1_621' title='bbox 375 5015 620 5069; x_wconf 77' lang='grc' dir='ltr'>Ἰουδαῖοι</span> <span class='ocrx_word' id='word_1_622' title='bbox 639 5032 653 5046; x_wconf 88' lang='grc'><strong>·</strong></span> <span class='ocrx_word' id='word_1_623' title='bbox 668 5014 785 5068; x_wconf 83' lang='grc' dir='ltr'>ἀλλ’</span> <span class='ocrx_word' id='word_1_624' title='bbox 806 5015 960 5084; x_wconf 82' lang='grc' dir='ltr'>ὅμως</span> <span class='ocrx_word' id='word_1_625' title='bbox 981 5015 1077 5069; x_wconf 83' lang='grc' dir='ltr'><strong>καί</strong></span> <span class='ocrx_word' id='word_1_626' title='bbox 1099 5016 1231 5070; x_wconf 83' lang='grc' dir='ltr'>αὐτὸ</span> <span class='ocrx_word' id='word_1_627' title='bbox 1251 5017 1313 5071; x_wconf 76' lang='grc' dir='ltr'>τὸ</span> <span class='ocrx_word' id='word_1_628' title='bbox 1340 5011 1502 5088; x_wconf 76' lang='grc' dir='ltr'>αἷμα,</span> <span class='ocrx_word' id='word_1_629' title='bbox 1527 5007 1672 5090; x_wconf 73' lang='grc' dir='ltr'><strong>⁴ὅπερ</strong></span> <span class='ocrx_word' id='word_1_630' title='bbox 1699 5016 1940 5090; x_wconf 81' lang='grc' dir='ltr'>ἐξέχεεν,</span> 
     </span>
    </p>
   </div>
   <div class='ocr_carea' id='block_1_94' title="bbox 362 5106 1945 5180">
    <p class='ocr_par' dir='ltr' id='par_1_94' title="bbox 362 5106 1945 5180">
     <span class='ocr_line' id='line_1_94' title="bbox 362 5106 1945 5180; baseline 0.004 -22"><span class='ocrx_word' id='word_1_631' title='bbox 362 5107 445 5170; x_wconf 88' lang='grc' dir='ltr'><strong>εἰς</strong></span> <span class='ocrx_word' id='word_1_632' title='bbox 483 5106 759 5179; x_wconf 88' lang='grc' dir='ltr'>σωτηρίαν</span> <span class='ocrx_word' id='word_1_633' title='bbox 797 5109 910 5171; x_wconf 83' lang='grc' dir='ltr'>τοῖς</span> <span class='ocrx_word' id='word_1_634' title='bbox 962 5108 1221 5178; x_wconf 76' lang='grc' dir='ltr'>ἐκχέασιν</span> <span class='ocrx_word' id='word_1_635' title='bbox 1255 5108 1478 5164; x_wconf 72' lang='grc' dir='ltr'>ἔδωκεν.</span> <span class='ocrx_word' id='word_1_636' title='bbox 1523 5109 1589 5162; x_wconf 92' lang='grc' dir='ltr'>Τί</span> <span class='ocrx_word' id='word_1_637' title='bbox 1625 5110 1799 5180; x_wconf 84' lang='grc' dir='ltr'>τούτῳ</span> <span class='ocrx_word' id='word_1_638' title='bbox 1828 5110 1945 5164; x_wconf 85' lang='grc' dir='ltr'>ῐσον</span> 
     </span>
    </p>
   </div>
   <div class='ocr_carea' id='block_1_95' title="bbox 363 5197 1942 5271">
    <p class='ocr_par' dir='ltr' id='par_1_95' title="bbox 363 5197 1942 5271">
     <span class='ocr_line' id='line_1_95' title="bbox 363 5197 1942 5271; baseline 0.004 -22"><span class='ocrx_word' id='word_1_639' title='bbox 363 5197 509 5265; x_wconf 81' lang='grc' dir='ltr'>ἔχεις</span> <span class='ocrx_word' id='word_1_640' title='bbox 541 5199 751 5265; x_wconf 87' lang='grc' dir='ltr'>εἰπείν;</span> <span class='ocrx_word' id='word_1_641' title='bbox 797 5197 926 5252; x_wconf 78' lang='grc' dir='ltr'>Ἐάν</span> <span class='ocrx_word' id='word_1_642' title='bbox 966 5199 1042 5271; x_wconf 83' lang='grc' dir='ltr'>μὴ</span> <span class='ocrx_word' id='word_1_643' title='bbox 1071 5199 1218 5270; x_wconf 79' lang='grc' dir='ltr'>ἀφῇς</span> <span class='ocrx_word' id='word_1_644' title='bbox 1249 5198 1327 5271; x_wconf 78' lang='grc' dir='ltr'>τῷ</span> <span class='ocrx_word' id='word_1_645' title='bbox 1370 5199 1573 5271; x_wconf 81' lang='grc' dir='ltr'>ἐχθρῷ,</span> <span class='ocrx_word' id='word_1_646' title='bbox 1604 5201 1706 5255; x_wconf 82' lang='grc' dir='ltr'>οὐκ</span> <span class='ocrx_word' id='word_1_647' title='bbox 1733 5201 1942 5255; x_wconf 84' lang='grc' dir='ltr'>ἐκεῖνον</span> 
     </span>
    </p>
   </div>
   <div class='ocr_carea' id='block_1_96' title="bbox 360 5287 1942 5364">
    <p class='ocr_par' dir='ltr' id='par_1_96' title="bbox 360 5287 1942 5364">
     <span class='ocr_line' id='line_1_96' title="bbox 360 5287 1942 5364; baseline 0.004 -24"><span class='ocrx_word' id='word_1_648' title='bbox 360 5287 632 5360; x_wconf 70' lang='grc' dir='ltr'>ἠδίκησας</span> <span class='ocrx_word' id='word_1_649' title='bbox 689 5288 910 5359; x_wconf 79' lang='grc' dir='ltr'>μᾶλλον,</span> <span class='ocrx_word' id='word_1_650' title='bbox 941 5289 975 5360; x_wconf 79' lang='grc' dir='ltr'>ἢ</span> <span class='ocrx_word' id='word_1_651' title='bbox 1022 5291 1240 5345; x_wconf 88' lang='grc' dir='ltr'>σαυτόν.</span> <span class='ocrx_word' id='word_1_652' title='bbox 1308 5291 1548 5344; x_wconf 77' lang='grc' dir='ltr'>Ἐκεῖνον</span> <span class='ocrx_word' id='word_1_653' title='bbox 1588 5292 1688 5362; x_wconf 83' lang='grc' dir='ltr'>μὲν</span> <span class='ocrx_word' id='word_1_654' title='bbox 1721 5291 1832 5364; x_wconf 80' lang='grc' dir='ltr'>γὰρ</span> <span class='ocrx_word' id='word_1_655' title='bbox 1862 5294 1942 5358; x_wconf 90' lang='grc' dir='ltr'><strong>εἰς</strong></span> 
     </span>
    </p>
   </div>
   <div class='ocr_carea' id='block_1_97' title="bbox 361 5380 1939 5455">
    <p class='ocr_par' dir='ltr' id='par_1_97' title="bbox 361 5380 1939 5455">
     <span class='ocr_line' id='line_1_97' title="bbox 361 5380 1939 5455; baseline 0.003 -23"><span class='ocrx_word' id='word_1_656' title='bbox 361 5380 458 5434; x_wconf 75' lang='grc' dir='ltr'><strong>τὸν</strong></span> <span class='ocrx_word' id='word_1_657' title='bbox 496 5382 738 5453; x_wconf 78' lang='grc' dir='ltr'>παρόντα</span> <span class='ocrx_word' id='word_1_658' title='bbox 761 5383 878 5453; x_wconf 86' lang='grc' dir='ltr'>βίον</span> <span class='ocrx_word' id='word_1_659' title='bbox 907 5383 1288 5455; x_wconf 43' lang='grc' dir='ltr'>,παρέϐλεψαφ</span> <span class='ocrx_word' id='word_1_660' title='bbox 1321 5384 1517 5438; x_wconf 77' lang='grc' dir='ltr'>ἐαυτὸν</span> <span class='ocrx_word' id='word_1_661' title='bbox 1546 5383 1604 5437; x_wconf 82' lang='grc' dir='ltr'>δὲ</span> <span class='ocrx_word' id='word_1_662' title='bbox 1655 5384 1939 5454; x_wconf 80' lang='grc' dir='ltr'>ἀσύγγνω-</span> 
     </span>
    </p>
   </div>
   <div class='ocr_carea' id='block_1_98' title="bbox 366 5471 1938 5544">
    <p class='ocr_par' dir='ltr' id='par_1_98' title="bbox 366 5471 1938 5544">
     <span class='ocr_line' id='line_1_98' title="bbox 366 5471 1938 5544; baseline 0.002 -21"><span class='ocrx_word' id='word_1_663' title='bbox 366 5487 494 5524; x_wconf 89' lang='grc' dir='ltr'>στον</span> <span class='ocrx_word' id='word_1_664' title='bbox 527 5471 791 5543; x_wconf 80' lang='grc' dir='ltr'>ἐποίησας</span> <span class='ocrx_word' id='word_1_665' title='bbox 823 5473 962 5544; x_wconf 65' lang='grc' dir='ltr'>πρὸς</span> <span class='ocrx_word' id='word_1_666' title='bbox 993 5472 1092 5544; x_wconf 80' lang='grc' dir='ltr'>τῆν</span> <span class='ocrx_word' id='word_1_667' title='bbox 1123 5473 1421 5541; x_wconf 89' lang='grc' dir='ltr'>ἀπολογίαν</span> <span class='ocrx_word' id='word_1_668' title='bbox 1450 5473 1550 5544; x_wconf 80' lang='grc' dir='ltr'>τὴν</span> <span class='ocrx_word' id='word_1_669' title='bbox 1581 5474 1661 5537; x_wconf 86' lang='grc' dir='ltr'><strong>εἰς</strong></span> <span class='ocrx_word' id='word_1_670' title='bbox 1685 5475 1787 5544; x_wconf 77' lang='grc' dir='ltr'>τὴν</span> <span class='ocrx_word' id='word_1_671' title='bbox 1811 5474 1938 5544; x_wconf 84' lang='grc' dir='ltr'>μέλ-</span> 
     </span>
    </p>
   </div>
   <div class='ocr_carea' id='block_1_99' title="bbox 2043 4550 3640 4622">
    <p class='ocr_par' dir='ltr' id='par_1_99' title="bbox 2043 4550 3640 4622">
     <span class='ocr_line' id='line_1_99' title="bbox 2043 4550 3640 4622; baseline -0.009 -4"><span class='ocrx_word' id='word_1_672' title='bbox 2043 4560 2279 4619; x_wconf 81' lang='lat' dir='ltr'><strong>cedere?</strong></span> <span class='ocrx_word' id='word_1_673' title='bbox 2307 4559 2524 4615; x_wconf 86' lang='lat' dir='ltr'><strong>Etenim</strong></span> <span class='ocrx_word' id='word_1_674' title='bbox 2550 4557 2818 4614; x_wconf 86' lang='lat' dir='ltr'><strong>Christus.</strong></span> <span class='ocrx_word' id='word_1_675' title='bbox 2855 4571 2924 4610; x_wconf 89' lang='lat' dir='ltr'><strong>ne</strong></span> <span class='ocrx_word' id='word_1_676' title='bbox 2963 4563 3198 4608; x_wconf 87' lang='lat' dir='ltr'><strong>mortem</strong></span> <span class='ocrx_word' id='word_1_677' title='bbox 3253 4550 3475 4622; x_wconf 80' lang='lat' dir='ltr'><strong>quidem</strong></span> <span class='ocrx_word' id='word_1_678' title='bbox 3529 4564 3640 4620; x_wconf 90' lang='lat' dir='ltr'><strong>pro-</strong></span> 
     </span>
    </p>
   </div>
   <div class='ocr_carea' id='block_1_100' title="bbox 2044 4643 3626 4724">
    <p class='ocr_par' dir='ltr' id='par_1_100' title="bbox 2044 4643 3626 4724">
     <span class='ocr_line' id='line_1_100' title="bbox 2044 4643 3626 4724; baseline -0.009 -16"><span class='ocrx_word' id='word_1_679' title='bbox 2044 4662 2102 4710; x_wconf 86' lang='lat' dir='ltr'><strong>te</strong></span> <span class='ocrx_word' id='word_1_680' title='bbox 2129 4659 2393 4724; x_wconf 85' lang='lat' dir='ltr'><strong>oppetere</strong></span> <span class='ocrx_word' id='word_1_681' title='bbox 2431 4651 2713 4707; x_wconf 84' lang='lat' dir='ltr'><strong>recusavit</strong></span> <span class='ocrx_word' id='word_1_682' title='bbox 2763 4667 2779 4705; x_wconf 90' lang='lat'><strong>:</strong></span> <span class='ocrx_word' id='word_1_683' title='bbox 2832 4657 2890 4702; x_wconf 92' lang='lat' dir='ltr'><strong>tu</strong></span> <span class='ocrx_word' id='word_1_684' title='bbox 2930 4661 3062 4703; x_wconf 85' lang='lat' dir='ltr'><strong>vero</strong></span> <span class='ocrx_word' id='word_1_685' title='bbox 3117 4660 3188 4701; x_wconf 86' lang='lat' dir='ltr'><strong>ne</strong></span> <span class='ocrx_word' id='word_1_686' title='bbox 3249 4651 3342 4698; x_wconf 89' lang='lat' dir='ltr'><strong>tua</strong></span> <span class='ocrx_word' id='word_1_687' title='bbox 3403 4643 3626 4713; x_wconf 87' lang='lat' dir='ltr'><strong>quidem</strong></span> 
     </span>
    </p>
   </div>
   <div class='ocr_carea' id='block_1_101' title="bbox 2042 4733 3629 4801">
    <p class='ocr_par' dir='ltr' id='par_1_101' title="bbox 2042 4733 3629 4801">
     <span class='ocr_line' id='line_1_101' title="bbox 2042 4733 3629 4801; baseline -0.011 0"><span class='ocrx_word' id='word_1_688' title='bbox 2042 4759 2215 4801; x_wconf 81' lang='lat' dir='ltr'><strong>causa</strong></span> <span class='ocrx_word' id='word_1_689' title='bbox 2249 4745 2396 4799; x_wconf 87' lang='lat' dir='ltr'><strong>iram</strong></span> <span class='ocrx_word' id='word_1_690' title='bbox 2417 4757 2689 4799; x_wconf 88' lang='lat' dir='ltr'><strong>conservo</strong></span> <span class='ocrx_word' id='word_1_691' title='bbox 2741 4740 3024 4796; x_wconf 89' lang='lat' dir='ltr'><strong>remittere</strong></span> <span class='ocrx_word' id='word_1_692' title='bbox 3075 4736 3345 4793; x_wconf 89' lang='lat' dir='ltr'><strong>sustines.</strong></span> <span class='ocrx_word' id='word_1_693' title='bbox 3393 4735 3486 4798; x_wconf 81' lang='lat' dir='ltr'><strong>At,</strong></span> <span class='ocrx_word' id='word_1_694' title='bbox 3543 4733 3629 4786; x_wconf 84' lang='lat' dir='ltr'><strong>iu-</strong></span> 
     </span>
    </p>
   </div>
   <div class='ocr_carea' id='block_1_102' title="bbox 2042 4821 3628 4904">
    <p class='ocr_par' dir='ltr' id='par_1_102' title="bbox 2042 4821 3628 4904">
     <span class='ocr_line' id='line_1_102' title="bbox 2042 4821 3628 4904; baseline -0.007 -16"><span class='ocrx_word' id='word_1_695' title='bbox 2042 4835 2194 4904; x_wconf 82' lang='lat' dir='ltr'><strong>quis,</strong></span> <span class='ocrx_word' id='word_1_696' title='bbox 2225 4833 2362 4890; x_wconf 88' lang='lat' dir='ltr'><strong>mibi</strong></span> <span class='ocrx_word' id='word_1_697' title='bbox 2421 4830 2734 4898; x_wconf 80' lang='lat' dir='ltr'><strong>insultavit,</strong></span> <span class='ocrx_word' id='word_1_698' title='bbox 2776 4827 3231 4901; x_wconf 74' lang='lat' dir='ltr'><strong>gravissimisque</strong></span> <span class='ocrx_word' id='word_1_699' title='bbox 3278 4821 3628 4879; x_wconf 78' lang='lat' dir='ltr'><strong>detrimentis</strong></span> 
     </span>
    </p>
   </div>
   <div class='ocr_carea' id='block_1_103' title="bbox 2043 4913 3628 4986">
    <p class='ocr_par' dir='ltr' id='par_1_103' title="bbox 2043 4913 3628 4986">
     <span class='ocr_line' id='line_1_103' title="bbox 2043 4913 3628 4986; baseline -0.008 -7"><span class='ocrx_word' id='word_1_700' title='bbox 2043 4924 2114 4980; x_wconf 88' lang='lat' dir='ltr'><strong>ab</strong></span> <span class='ocrx_word' id='word_1_701' title='bbox 2143 4938 2209 4980; x_wconf 88' lang='lat' dir='ltr'><strong>eo</strong></span> <span class='ocrx_word' id='word_1_702' title='bbox 2237 4937 2361 4980; x_wconf 91' lang='lat' dir='ltr'><strong>sum</strong></span> <span class='ocrx_word' id='word_1_703' title='bbox 2391 4921 2641 4978; x_wconf 69' lang='lat' dir='ltr'><strong>aﬂectus.</strong></span> <span class='ocrx_word' id='word_1_704' title='bbox 2669 4917 2815 4986; x_wconf 87' lang='lat' dir='ltr'><strong>Quid</strong></span> <span class='ocrx_word' id='word_1_705' title='bbox 2833 4934 2964 4974; x_wconf 90' lang='lat' dir='ltr'><strong>vero</strong></span> <span class='ocrx_word' id='word_1_706' title='bbox 3024 4917 3205 4972; x_wconf 85' lang='lat' dir='ltr'><strong>istud?</strong></span> <span class='ocrx_word' id='word_1_707' title='bbox 3234 4915 3498 4971; x_wconf 86' lang='lat' dir='ltr'><strong>damnum</strong></span> <span class='ocrx_word' id='word_1_708' title='bbox 3523 4913 3628 4966; x_wconf 88' lang='lat' dir='ltr'><strong>hoc</strong></span> 
     </span>
    </p>
   </div>
   <div class='ocr_carea' id='block_1_104' title="bbox 2043 5009 3628 5088">
    <p class='ocr_par' dir='ltr' id='par_1_104' title="bbox 2043 5009 3628 5088">
     <span class='ocr_line' id='line_1_104' title="bbox 2043 5009 3628 5088; baseline -0.008 -16"><span class='ocrx_word' id='word_1_709' title='bbox 2043 5016 2101 5072; x_wconf 91' lang='lat' dir='ltr'><strong>in</strong></span> <span class='ocrx_word' id='word_1_710' title='bbox 2160 5016 2412 5088; x_wconf 79' lang='lat' dir='ltr'><strong>pecuniis</strong></span> <span class='ocrx_word' id='word_1_711' title='bbox 2441 5023 2654 5070; x_wconf 89' lang='lat' dir='ltr'><strong>tantum</strong></span> <span class='ocrx_word' id='word_1_712' title='bbox 2715 5014 2885 5069; x_wconf 90' lang='lat' dir='ltr'><strong>situm</strong></span> <span class='ocrx_word' id='word_1_713' title='bbox 2920 5019 3028 5068; x_wconf 90' lang='lat' dir='ltr'><strong>est.</strong></span> <span class='ocrx_word' id='word_1_714' title='bbox 3060 5009 3315 5066; x_wconf 84' lang='lat' dir='ltr'><strong>Nondum</strong></span> <span class='ocrx_word' id='word_1_715' title='bbox 3335 5018 3389 5064; x_wconf 90' lang='lat' dir='ltr'><strong>te</strong></span> <span class='ocrx_word' id='word_1_716' title='bbox 3424 5009 3478 5062; x_wconf 93' lang='lat' dir='ltr'><strong>in</strong></span> <span class='ocrx_word' id='word_1_717' title='bbox 3498 5021 3628 5061; x_wconf 86' lang='lat' dir='ltr'><strong>cru-</strong></span> 
     </span>
    </p>
   </div>
   <div class='ocr_carea' id='block_1_105' title="bbox 2042 5099 3630 5178">
    <p class='ocr_par' dir='ltr' id='par_1_105' title="bbox 2042 5099 3630 5178">
     <span class='ocr_line' id='line_1_105' title="bbox 2042 5099 3630 5178; baseline -0.009 -15"><span class='ocrx_word' id='word_1_718' title='bbox 2042 5121 2162 5163; x_wconf 91' lang='lat' dir='ltr'><strong>cem</strong></span> <span class='ocrx_word' id='word_1_719' title='bbox 2189 5106 2326 5178; x_wconf 91' lang='lat' dir='ltr'><strong>egit,</strong></span> <span class='ocrx_word' id='word_1_720' title='bbox 2347 5106 2431 5160; x_wconf 93' lang='lat' dir='ltr'><strong>uti</strong></span> <span class='ocrx_word' id='word_1_721' title='bbox 2454 5105 2741 5160; x_wconf 86' lang='lat' dir='ltr'><strong>Christum</strong></span> <span class='ocrx_word' id='word_1_722' title='bbox 2769 5102 2944 5158; x_wconf 72' lang='lat' dir='ltr'><strong>Judaei</strong></span> <span class='ocrx_word' id='word_1_723' title='bbox 2968 5119 2984 5156; x_wconf 75' lang='grc' dir='ltr'>ε</span> <span class='ocrx_word' id='word_1_724' title='bbox 3011 5108 3067 5157; x_wconf 88' lang='lat' dir='ltr'><strong>et</strong></span> <span class='ocrx_word' id='word_1_725' title='bbox 3097 5109 3280 5156; x_wconf 90' lang='lat' dir='ltr'><strong>tamen</strong></span> <span class='ocrx_word' id='word_1_726' title='bbox 3307 5099 3630 5169; x_wconf 88' lang='lat' dir='ltr'><strong>illeipsum-</strong></span> 
     </span>
    </p>
   </div>
   <div class='ocr_carea' id='block_1_106' title="bbox 2045 5188 3630 5268">
    <p class='ocr_par' dir='ltr' id='par_1_106' title="bbox 2045 5188 3630 5268">
     <span class='ocr_line' id='line_1_106' title="bbox 2045 5188 3630 5268; baseline -0.005 -16"><span class='ocrx_word' id='word_1_727' title='bbox 2045 5206 2159 5254; x_wconf 69' lang='lat' dir='ltr'><strong>n&#39;et</strong></span> <span class='ocrx_word' id='word_1_728' title='bbox 2180 5197 2530 5268; x_wconf 89' lang='lat' dir='ltr'><strong>sanguinem,</strong></span> <span class='ocrx_word' id='word_1_729' title='bbox 2567 5211 2732 5267; x_wconf 90' lang='lat' dir='ltr'><strong>quem</strong></span> <span class='ocrx_word' id='word_1_730' title='bbox 2789 5194 3004 5258; x_wconf 72' lang='lat' dir='ltr'><strong>etfudit,</strong></span> <span class='ocrx_word' id='word_1_731' title='bbox 3047 5193 3104 5248; x_wconf 89' lang='lat' dir='ltr'><strong>in</strong></span> <span class='ocrx_word' id='word_1_732' title='bbox 3127 5206 3318 5248; x_wconf 91' lang='lat' dir='ltr'><strong>eorum</strong></span> <span class='ocrx_word' id='word_1_733' title='bbox 3351 5205 3380 5244; x_wconf 94' lang='lat' dir='ltr'><strong>a</strong></span> <span class='ocrx_word' id='word_1_734' title='bbox 3427 5188 3630 5258; x_wconf 86' lang='lat' dir='ltr'><strong>quibus</strong></span> 
     </span>
    </p>
   </div>
   <div class='ocr_carea' id='block_1_107' title="bbox 2042 5280 3629 5359">
    <p class='ocr_par' dir='ltr' id='par_1_107' title="bbox 2042 5280 3629 5359">
     <span class='ocr_line' id='line_1_107' title="bbox 2042 5280 3629 5359; baseline -0.006 -15"><span class='ocrx_word' id='word_1_735' title='bbox 2042 5289 2306 5359; x_wconf 79' lang='lat' dir='ltr'><strong>profusus</strong></span> <span class='ocrx_word' id='word_1_736' title='bbox 2322 5298 2429 5355; x_wconf 89' lang='lat' dir='ltr'><strong>est,</strong></span> <span class='ocrx_word' id='word_1_737' title='bbox 2453 5287 2689 5344; x_wconf 89' lang='lat' dir='ltr'><strong>salutem</strong></span> <span class='ocrx_word' id='word_1_738' title='bbox 2718 5284 2892 5342; x_wconf 90' lang='lat' dir='ltr'><strong>dedit.</strong></span> <span class='ocrx_word' id='word_1_739' title='bbox 2946 5283 3088 5353; x_wconf 86' lang='lat' dir='ltr'><strong>Quid</strong></span> <span class='ocrx_word' id='word_1_740' title='bbox 3127 5280 3400 5354; x_wconf 83' lang='lat' dir='ltr'><strong>ejusmodi</strong></span> <span class='ocrx_word' id='word_1_741' title='bbox 3433 5280 3629 5334; x_wconf 77' lang='lat' dir='ltr'><strong>aﬂ’errc</strong></span> 
     </span>
    </p>
   </div>
   <div class='ocr_carea' id='block_1_108' title="bbox 2046 5373 3626 5450">
    <p class='ocr_par' dir='ltr' id='par_1_108' title="bbox 2046 5373 3626 5450">
     <span class='ocr_line' id='line_1_108' title="bbox 2046 5373 3626 5450; baseline -0.009 -16"><span class='ocrx_word' id='word_1_742' title='bbox 2046 5379 2266 5450; x_wconf 82' lang='lat' dir='ltr'><strong>queas?</strong></span> <span class='ocrx_word' id='word_1_743' title='bbox 2295 5378 2352 5434; x_wconf 88' lang='lat' dir='ltr'><strong>Si</strong></span> <span class='ocrx_word' id='word_1_744' title='bbox 2379 5378 2524 5434; x_wconf 87' lang='lat' dir='ltr'><strong>hosti</strong></span> <span class='ocrx_word' id='word_1_745' title='bbox 2561 5388 2656 5434; x_wconf 91' lang='lat' dir='ltr'><strong>tuo</strong></span> <span class='ocrx_word' id='word_1_746' title='bbox 2706 5377 2964 5448; x_wconf 77' lang='lat' dir='ltr'><strong>iniuriam</strong></span> <span class='ocrx_word' id='word_1_747' title='bbox 3028 5390 3136 5430; x_wconf 79' lang='lat' dir='ltr'><strong>non</strong></span> <span class='ocrx_word' id='word_1_748' title='bbox 3194 5373 3467 5436; x_wconf 90' lang='lat' dir='ltr'><strong>remittas,</strong></span> <span class='ocrx_word' id='word_1_749' title='bbox 3515 5384 3626 5422; x_wconf 85' lang='lat' dir='ltr'><strong>non</strong></span> 
     </span>
    </p>
   </div>
   <div class='ocr_carea' id='block_1_109' title="bbox 2048 5461 3628 5541">
    <p class='ocr_par' dir='ltr' id='par_1_109' title="bbox 2048 5461 3628 5541">
     <span class='ocr_line' id='line_1_109' title="bbox 2048 5461 3628 5541; baseline -0.008 -16"><span class='ocrx_word' id='word_1_750' title='bbox 2048 5471 2203 5525; x_wconf 87' lang='lat' dir='ltr'><strong>illum</strong></span> <span class='ocrx_word' id='word_1_751' title='bbox 2227 5470 2424 5541; x_wconf 85' lang='lat' dir='ltr'><strong>magis,</strong></span> <span class='ocrx_word' id='word_1_752' title='bbox 2451 5486 2615 5541; x_wconf 89' lang='lat' dir='ltr'><strong>quam</strong></span> <span class='ocrx_word' id='word_1_753' title='bbox 2641 5470 2876 5540; x_wconf 89' lang='lat' dir='ltr'><strong>teipsum</strong></span> <span class='ocrx_word' id='word_1_754' title='bbox 2908 5469 3136 5532; x_wconf 62' lang='lat' dir='ltr'><strong>laeseris,</strong></span> <span class='ocrx_word' id='word_1_755' title='bbox 3168 5466 3321 5522; x_wconf 84' lang='lat' dir='ltr'><strong>Illum</strong></span> <span class='ocrx_word' id='word_1_756' title='bbox 3352 5461 3628 5533; x_wconf 86' lang='lat' dir='ltr'><strong>siquidem</strong></span> 
     </span>
    </p>
   </div>
   <div class='ocr_carea' id='block_1_110' title="bbox 365 5553 1948 5636">
    <p class='ocr_par' dir='ltr' id='par_1_110' title="bbox 365 5560 1948 5636">
     <span class='ocr_line' id='line_1_110' title="bbox 365 5560 1948 5636; baseline 0.001 -20"><span class='ocrx_word' id='word_1_757' title='bbox 365 5560 564 5617; x_wconf 85' lang='grc' dir='ltr'>λουσαν</span> <span class='ocrx_word' id='word_1_758' title='bbox 621 5564 857 5636; x_wconf 79' lang='grc' dir='ltr'>ἡμέραν.</span> <span class='ocrx_word' id='word_1_759' title='bbox 894 5564 1062 5619; x_wconf 78' lang='grc' dir='ltr'>Ούδὲν</span> <span class='ocrx_word' id='word_1_760' title='bbox 1107 5564 1217 5636; x_wconf 76' lang='grc' dir='ltr'><strong>γὰρ</strong></span> <span class='ocrx_word' id='word_1_761' title='bbox 1272 5563 1418 5619; x_wconf 74' lang='grc' dir='ltr'>οὕτω</span> <span class='ocrx_word' id='word_1_762' title='bbox 1455 5566 1656 5635; x_wconf 83' lang='grc' dir='ltr'>μισεῖὸ</span> <span class='ocrx_word' id='word_1_763' title='bbox 1694 5565 1849 5630; x_wconf 82' lang='grc' dir='ltr'>Θεὸς,</span> <span class='ocrx_word' id='word_1_764' title='bbox 1870 5563 1948 5628; x_wconf 82' lang='grc' dir='ltr'>ὡς</span> 
     </span>
    </p>
   </div>
   <div class='ocr_carea' id='block_1_111' title="bbox 2055 5553 3662 5636">
    <p class='ocr_par' dir='ltr' id='par_1_111' title="bbox 2055 5553 3662 5635">
     <span class='ocr_line' id='line_1_111' title="bbox 2055 5553 3662 5635; baseline -0.007 -17"><span class='ocrx_word' id='word_1_765' title='bbox 2055 5563 2109 5618; x_wconf 94' lang='lat' dir='ltr'><strong>in</strong></span> <span class='ocrx_word' id='word_1_766' title='bbox 2142 5563 2402 5634; x_wconf 70' lang='lat' dir='ltr'><strong>praesenti</strong></span> <span class='ocrx_word' id='word_1_767' title='bbox 2440 5563 2553 5618; x_wconf 85' lang='lat' dir='ltr'><strong>vita</strong></span> <span class='ocrx_word' id='word_1_768' title='bbox 2584 5563 2725 5620; x_wconf 89' lang='lat' dir='ltr'><strong>male</strong></span> <span class='ocrx_word' id='word_1_769' title='bbox 2756 5561 3017 5620; x_wconf 86' lang='lat' dir='ltr'><strong>habueris</strong></span> <span class='ocrx_word' id='word_1_770' title='bbox 3046 5579 3059 5616; x_wconf 90' lang='lat'>:</span> <span class='ocrx_word' id='word_1_771' title='bbox 3113 5568 3169 5613; x_wconf 85' lang='lat' dir='ltr'><strong>at</strong></span> <span class='ocrx_word' id='word_1_772' title='bbox 3199 5557 3322 5625; x_wconf 90' lang='lat' dir='ltr'><strong>tibi,</strong></span> <span class='ocrx_word' id='word_1_773' title='bbox 3382 5570 3505 5612; x_wconf 89' lang='lat' dir='ltr'><strong>cum</strong></span> <span class='ocrx_word' id='word_1_774' title='bbox 3564 5553 3662 5635; x_wconf 35' lang='lat' dir='ltr'><strong>in.</strong></span> 
     </span>
    </p>
   </div>
   <div class='ocr_carea' id='block_1_112' title="bbox 437 5761 2632 5838">
    <p class='ocr_par' dir='ltr' id='par_1_112' title="bbox 437 5761 2632 5838">
     <span class='ocr_line' id='line_1_112' title="bbox 437 5761 2632 5838; baseline 0.001 -19"><span class='ocrx_word' id='word_1_775' title='bbox 437 5763 470 5807; x_wconf 65' lang='grc' dir='ltr'>ι</span> <span class='ocrx_word' id='word_1_776' title='bbox 507 5761 733 5822; x_wconf 81' lang='lat' dir='ltr'><strong>Diversa</strong></span> <span class='ocrx_word' id='word_1_777' title='bbox 767 5764 882 5822; x_wconf 68' lang='lat' dir='ltr'><strong>haec</strong></span> <span class='ocrx_word' id='word_1_778' title='bbox 920 5773 1050 5822; x_wconf 81' lang='lat' dir='ltr'><strong>sunt</strong></span> <span class='ocrx_word' id='word_1_779' title='bbox 1080 5766 1148 5821; x_wconf 82' lang='lat' dir='ltr'><strong>ab</strong></span> <span class='ocrx_word' id='word_1_780' title='bbox 1183 5765 1370 5833; x_wconf 87' lang='lat' dir='ltr'><strong>editis,</strong></span> <span class='ocrx_word' id='word_1_781' title='bbox 1408 5765 1569 5822; x_wconf 87' lang='lat' dir='ltr'><strong>tertia</strong></span> <span class='ocrx_word' id='word_1_782' title='bbox 1612 5764 1844 5836; x_wconf 89' lang='lat' dir='ltr'><strong>proinde</strong></span> <span class='ocrx_word' id='word_1_783' title='bbox 1875 5765 2142 5824; x_wconf 82' lang='lat' dir='ltr'><strong>orationis</strong></span> <span class='ocrx_word' id='word_1_784' title='bbox 2166 5765 2330 5838; x_wconf 81' lang='lat' dir='ltr'><strong>hujus</strong></span> <span class='ocrx_word' id='word_1_785' title='bbox 2370 5765 2632 5825; x_wconf 82' lang='lat' dir='ltr'><strong>editione.</strong></span> 
     </span>
    </p>
   </div>
  </div>
