3986 6422
263 395 393 463 1161

260 506 514 579 πυθμένα
543 502 693 575 ᾂδου.
725 497 800 552 Τὸ
839 492 1178 566 ἁμαρτάνειν
1226 486 1359 558 ημῖν

260 598 356 655 τοῦ
388 596 533 650 θείου
565 592 732 663 φόΰου
764 588 976 659 γίνεται

339 798 402 851 Εἰ
436 795 535 865 μὲν
561 789 728 847 καλὸν
753 790 787 858 ἡ
819 782 1090 857 ἁμαρτία,
1124 772 1618 865 φύλασσεᾷταύτην
1656 772 1738 833 είς
1766 768 1855 865 τό·

264 887 379 950 λος.
408 859 475 939 Ἑξί
505 882 564 935 δὲ
608 874 851 951 βλαὸερά
900 871 984 943 τῷ
1027 866 1300 932 ποιοῦντι,
1342 863 1396 917 τί
1428 861 1713 932 ὲπιμένεις
1744 859 1859 920 τοῖς

267 975 569 1046 όλεθρίοις;
600 970 778 1032 οὐδεις
831 964 997 1037 χολὴν
1045 960 1243 1034 ἐμέσαι
1293 955 1474 1026 ζητῶν
1508 956 1574 1009 ὲκ
1612 952 1860 1046 πονηρᾶς

270 1072 369 1125 καὶ
391 1040 696 1123 ἀκολάστου
731 1059 969 1130 διαίτης,
999 1049 1410 1113 πολυπλασίονα
1443 1046 1650 1116 ταύτην
1680 1040 1862 1112 ἑαυτῷ

271 1158 613 1236 θησαυρίζει.

347 1454 493 1511 Νοῦν
524 1468 621 1506 σου
653 1448 753 1519 τὴν
778 1443 1099 1517 ὑπέρθεσιν,
1128 1437 1234 1495 κᾶν
1261 1430 1584 1507 περιστείλῃ
1617 1428 1731 1492 τοῖς
1766 1426 1866 1497 ρή-

284 1559 486 1619 μασινο
520 1540 666 1598 αὺτά
702 1538 806 1609 βοᾷ
852 1534 923 1589 τά
949 1531 1277 1606 πράγματα,
1318 1524 1428 1619 κᾶν
1743 1534 1871 1571 σιω-

282 1606 414 1709 πᾷς.
442 1634 668 1692 Ἔασον,
700 1606 1095 1697 ἀποχρήσομαι
1114 1620 1184 1709 τῇ
1207 1614 1374 1709 σαρκί
1399 1612 1556 1709 πρδς-
1566 1606 1872 1709 ἀπόλαυσιν

280 1696 394 1782 τε.)
413 1722 677 1795 αισχρῶν.
724 1696 1065 1786 Ἐγκυλισθῶ
1087 1708 1168 1780 τῷ
1204 1705 1465 1795 βορϐόρῳ
1489 1702 1599 1759 τῶν
1627 1696 1833 1770 ἡδονῶν
1856 1710 1872 1725 ο

284 1817 509 1888 αίμάξω
534 1794 634 1876 τὰς
664 1812 885 1881 χεῖρας·
920 1802 1214 1874 ἀφέλωμαι
1242 1800 1312 1854 τὰ
1340 1794 1604 1893 ἀλλότρια
1625 1808 1639 1822 °
1672 1803 1872 1893 πορευ-

286 1887 366 1966 θῶ
384 1907 595 1970 δολίως,
623 1901 960 1972 ἐπιορκήσω,
987 1894 1301 1964 ψεύσωμαι,
1333 1889 1431 1944 καὶ
1451 1887 1573 1941 τότε
1603 1887 1872 1972 μετανοῷ.

287 2004 435 2075 Ὅρα
457 1997 533 2071 μὴ
552 1995 641 2050 ἐπ’
660 1970 851 2048 ἑλπίδι
868 1989 969 2061 τῆς
990 1981 1435 2075 ἀπολυτρῴσεως
1458 1976 1666 2075 πλῆθος

290 2060 726 2158 συλλεξάμενος,
765 2080 866 2150 τὴν
906 2060 1006 2147 μὲν
1056 2072 1334 2144 ἁμαρτίαν
1372 2066 1657 2138 ἀθροίσῃς,
1685 2062 1789 2131 τῆς
1821 2060 1879 2116 δὲ

293 2177 697 2251 συγχωρήσεως
721 2167 1027 2239 ἀποτύχῃς.

365 2367 499 2458 Θεδς
524 2393 586 2447 ού
644 2386 1059 2463 μυκτηρίζεται.
1093 2382 1189 2452 Μὴ
1220 2379 1532 2452 ὲμπορεύου
1564 2379 1664 2447 τὴν
1698 2376 1880 2446 χάριν.

296 2489 388 2559 Μὴ
419 2486 581 2557 εἴπῃς
601 2500 612 2514 ·
645 2481 815 2544 καλὸς
846 2479 945 2551 μὲν
981 2479 1011 2531 ὁ
1038 2474 1232 2546 νόμος,
1278 2470 1396 2526 ἀλλ’
1422 2470 1588 2554 ήδίρον
1633 2470 1667 2539 ή
1705 2468 1887 2536 ἁμαρ·

297 2581 390 2634 τία
412 2595 427 2609 ·
455 2576 618 2648 ἡδονὴ
648 2572 946 2645 ἀγγιστρόν
984 2570 1132 2623 ἐστιν
1179 2563 1275 2621 τοῦ
1308 2563 1558 2619 διαόόλου
1594 2559 1731 2632 πρὸς
1780 2559 1889 2615 ἀπο

299 2671 500 2726 ὠλειαν
540 2668 734 2721 ἕλκον·
770 2662 936 2735 ἡδονὴ
1001 2662 1183 2732 μήτηρ
1228 2657 1331 2726 τῆς
1390 2651 1690 2726 ἁμαρτίας,
1745 2652 1781 2723 ἠ
1829 2649 1888 2702 δὲ

304 2763 553 2837 ἁμαρτία
600 2760 662 2814 τὸ
714 2756 938 2828 κέντρον
992 2752 1111 2807 ἐστὶ
1160 2751 1415 2806 θανάτου.
1461 2745 1660 2818 Ἡδονὴ
1690 2743 1891 2816 τροφός

305 2863 424 2912 ἐστι
459 2855 554 2909 τοῦ
585 2851 804 2906 αἰωνίου
836 2846 1140 2916 σκώληκος,
1192 2846 1226 2915 ἢ
1258 2843 1397 2914 πρὸς
1431 2839 1621 2909 καιρὸν
1669 2837 1893 2901 καταλι-

309 2947 494 3005 παίνει
515 2945 606 2999 τὸν
627 2942 1036 3013 ἁμαρτάνοντα,
1076 2936 1307 3006 ὕστερον
1345 2934 1403 2987 δὲ
1435 2931 1772 3004 πικροτέρας
1801 2946 1893 3001 χο·-

307 3037 411 3107 λῆς
438 3036 676 3089 ποιεῖται
702 3031 802 3094 τάς
832 3028 1136 3090 ἀναδόσεις.
1166 3025 1335 3079 Οὐδὲν
1366 3023 1496 3080 ἄλλο
1530 3022 1631 3095 βοᾷ
1655 3025 1689 3094 ἡ
1721 3021 1895 3088 ὺπέρ-

312 3130 484 3193 θεσις,
508 3126 542 3196 ἢ
562 3110 738 3178 ταῦτα
760 3138 772 3150 ·
800 3118 1175 3193 βασιλευσάτω
1195 3119 1253 3170 ἐν
1276 3116 1401 3186 ἐμοὶ
1425 3117 1458 3186 ὴ
1480 3114 1752 3186 ἁμαρτία,
1777 3109 1896 3167 εἶτα

1503 368 1742 431 SACRA
1775 358 2246 426 PARALLELA.

1398 482 1540 539 κατά
1570 479 1841 536 ἀπουσίαν
1870 490 1901 548 Α

2007 474 2189 528 limam
2254 469 2309 523 in
2363 463 2701 537 profundum
2753 458 2960 516 interni
3020 457 3319 529 deprimat.
3378 455 3537 548 Quod

1948 574 2275 637 peccemus,
2337 571 2451 612 non
2507 552 2737 609 aliunde
2790 552 2992 618 oritur,
3041 564 3207 622 quam
3245 547 3397 620 quod
3443 545 3543 602 Dei

1958 662 2144 713 metus
2180 667 2212 708 a
2240 649 2404 709 nobis
2444 646 2611 704 absit.

3392 338 3412 391 ³
3428 338 3533 410 1θί

2030 768 2314 840 Ejusdem,
2346 763 2563 821 adium.
2612 761 2683 822 ad
2735 759 2900 827 Bapt.
2928 789 2997 805 --
3021 757 3312 828 Siquidem
3340 768 3544 827 pecca-

1956 871 2076 919 tum
2116 859 2327 917 bonum
2356 857 2451 923 sit,
2485 854 2557 913 ad
2587 860 2898 911 extremum
2930 866 3110 922 usque
3138 850 3322 922 ipsum
3356 863 3541 911 serva.

1961 951 2062 1011 Sin
2096 957 2284 1008 autem
2315 946 2696 1021 periculosum
2733 952 2821 1002 est
2844 944 2930 1000 eis
2960 958 2992 998 a
3024 957 3137 1014 quo
3169 950 3546 1013 perpetratur,

1961 1060 2064 1102 cur
2089 1044 2151 1099 in
2182 1042 2272 1098 bis
2302 1055 2428 1113 quae
2454 1039 2694 1096 exitiosa
2742 1044 2902 1102 sunt,
2964 1034 3332 1106 perseveras?
3373 1033 3549 1090 Nemo

1962 1137 2133 1194 bilem
2159 1148 2418 1191 evomere
2445 1146 2724 1204 quaerens,
2768 1129 2905 1186 illud
2924 1127 3052 1199 .agit
3082 1142 3196 1198 quo
3220 1141 3319 1197 per
3342 1126 3547 1185 malam

1962 1235 2022 1285 et
2046 1228 2510 1296 intemperantem
2550 1222 2739 1280 vietus
2781 1220 3055 1284 rationem
3107 1215 3397 1288 copiosius
3428 1228 3579 1279 eam.

1967 1319 2077 1376 sibi
2112 1326 2364 1390 oggerat.

2040 1425 2605 1485 Ibid.—-Dilationis
2655 1431 2767 1480 tuae
2824 1437 3054 1478 causam
3110 1420 3395 1492 intelligo;
3449 1421 3558 1476 etsi

1968 1521 2160 1578 verbis
2194 1533 2317 1575 eam
2349 1517 2591 1589 obtegis.
2638 1515 2751 1572 Res
2797 1515 2932 1585 ipsa!
2984 1516 3250 1578 clamant,
3301 1514 3561 1586 quamvis

1971 1612 2314 1694 obticescas.
2343 1608 2497 1675 Sine,
2524 1609 2736 1678 inquis.
2785 1615 2847 1662 ut
2882 1605 2950 1661 ad
2982 1607 3167 1676 turpia
3201 1606 3562 1677 obscenaque

1973 1706 2386 1761 oblectamenta
2429 1717 2600 1758 carne
2632 1701 2863 1767 abutar,
2906 1701 3045 1754 utin
3079 1698 3426 1770 voluptatum
3466 1714 3565 1761 v.0-

1976 1796 2126 1852 luter
2172 1809 2358 1861 emno,
2410 1800 2475 1849 ut
2519 1808 2719 1851 manus
2759 1800 3075 1858 eruentem,
3134 1798 3196 1846 ut
3244 1790 3425 1847 aliena
3468 1805 3567 1851 ra-

1984 1888 2157 1960 piam,
2209 1896 2272 1941 ut
2316 1885 2549 1943 subdole
2597 1884 2874 1949 incedam,
2916 1891 2976 1939 ut
3006 1882 3274 1954 pejerem,
3310 1891 3364 1939 et
3409 1898 3565 1940 men-

1985 1980 2116 2045 tiar,
2166 1986 2413 2048 tuncque
2462 1977 2849 2054 paenitentiam
2898 1990 3076 2046 agam.
3132 1974 3268 2031 Vide
3310 1991 3400 2043 ne,
3435 1978 3569 2031 dum

1987 2086 2089 2141 spe
2120 2069 2299 2127 venire
2346 2077 2703 2140 peccatorum
2753 2082 2951 2140 agmen
3002 2066 3243 2137 colligis,
3280 2075 3572 2138 peccatum

1988 2163 2214 2234 quidem
2251 2161 2524 2225 cumules,
2578 2160 2794 2216 veniam
2850 2167 3034 2215 autent
3096 2158 3323 2217 minime
3369 2173 3573 2215 conse.

1991 2267 2208 2324 quarts.

2068 2384 2212 2447 Ibid.
2253 2413 2325 2425 —
2368 2383 2514 2440 Deus
2544 2398 2655 2440 non
2711 2381 2979 2439 irridetur
3013 2382 3232 2455 (σαιαι.
3261 2399 3339 2453 vr,
3373 2384 3464 2454 7).
3497 2382 3580 2441 Ne

1993 2477 2187 2550 gratia:
2243 2482 2616 2532 mercaturam
2672 2474 2865 2533 facias.
2902 2473 2983 2530 Ne
3015 2474 3195 2544 dicas,
3238 2476 3324 2532 lex
3353 2477 3578 2547 quidem

1995 2572 2144 2626 bona
2178 2576 2264 2623 est
2303 2585 2317 2622 :
2369 2566 2468 2624 sed
2503 2565 2816 2637 jucundius
2847 2576 2933 2623 est
2956 2576 3275 2638 peccatum.
3306 2567 3581 2638 Voluptas

1996 2663 2201 2720 bamus
2243 2659 2448 2716 diaboli
2489 2666 2602 2731 est,
2633 2658 2703 2714 ad
2731 2657 2963 2713 exitium
3012 2659 3262 2717 trahens.
3309 2659 3581 2732 Voluptas

1998 2762 2177 2810 mater
2208 2758 2295 2808 est
2337 2750 2577 2823 peccati,
2611 2749 2879 2807 stimulus
2926 2752 3147 2805 mortis.
3164 2749 3435 2827 Voluptas
3459 2769 3569 2809 ver,

2001 2845 2110 2901 mis
2134 2843 2329 2900 aeterni
2401 2841 2590 2897 nutrix
2644 2848 2755 2904 est,
2810 2855 2921 2911 qua
2957 2841 3026 2896 ad
3078 2842 3248 2898 breve
3300 2842 3582 2914 quoddam

2001 2946 2222 3011 tempus
2259 2942 2551 3006 peceatum
2580 2934 2902 3003 saginatur;
2950 2945 3081 3005 post
3124 2943 3308 2995 autem
3337 2937 3585 2999 amaris.

2002 3045 2093 3085 res
2122 3028 2251 3086 felle
2270 3037 2467 3084 ructus
2494 3033 2699 3083 movet.
2739 3023 2884 3082 Nihil
2921 3026 3077 3082 aliud
3104 3026 3302 3083 dilatio
3341 3028 3550 3083 clamat
3569 3069 3585 3094 ,

2005 3120 2114 3176 nisi
2144 3121 2253 3185 ista
2287 3133 2304 3173 :
2355 3119 2568 3191 Regnet
2624 3119 2680 3173 in
2722 3134 2811 3175 me
2840 3127 3171 3189 peccatum;
3222 3120 3458 3190 posthac
3482 3122 3588 3183 ali.

315 3217 627 3291 βασιλεύσει
662 3213 794 3267 ποτὲ
828 3212 924 3266 καὶ
966 3213 995 3264 ὁ
1024 3208 1249 3282 Κύριος.
1296 3208 1647 3279 Παραστήσω
1679 3222 1780 3276 μου
1829 3206 1899 3259 τὰ

2007 3211 2229 3284 quando
2261 3226 2485 3284 quoque
2510 3209 2782 3267 Dominus
2807 3210 3083 3282 regnabit.
3110 3212 3393 3271 Exhibebo
3415 3228 3589 3271 mem-

318 3309 456 3382 μέλη
486 3307 624 3362 ὅπλα
654 3304 867 3366 ἀδικίας
889 3305 958 3378 τῇ
993 3301 1193 3372 ἀνομίᾳ
1218 3299 1372 3361 ποτὲ,
1411 3300 1506 3352 καὶ
1526 3298 1669 3353 ὅπλα
1692 3298 1903 3352 δικαιο-

318 3402 488 3471 σύνης
517 3398 656 3452 αὐτὰ
680 3396 761 3467 τῷ
784 3395 922 3465 Θεῷ.
953 3392 1110 3447 Οὕτω
1136 3391 1233 3446 καὶ
1259 3391 1289 3444 ό
1312 3392 1454 3446 Κάῖν
1475 3390 1787 3461 προσέφερε
1806 3388 1907 3453 τὰς

317 3491 533 3555 θυσίας,
572 3489 642 3542 τὰ
665 3487 858 3558 πρῶτα
889 3487 956 3556 τῇ
989 3483 1289 3539 ἀπολαύσει
1313 3486 1380 3555 τῇ
1413 3482 1609 3537 ἑαυτοῦ
1634 3526 1649 3549 ,
1681 3483 1751 3538 τά
1786 3481 1909 3536 δεύ-

316 3596 458 3653 τερα
482 3576 562 3649 τῷ
585 3576 835 3630 κτίσαντι
857 3575 952 3632 καὶ
979 3573 1362 3644 δωρησαμένῳ
1392 3570 1532 3642 Θεῷ.
1574 3571 1705 3625 Ὅτε
1746 3572 1913 3625 δυναυ

317 3672 413 3737 τὸς
444 3666 496 3724 εἷ
544 3672 605 3723 ὲν
640 3668 848 3741 ἔργοις,
906 3666 1006 3737 τὴν
1043 3664 1277 3737 νεότητά
1310 3682 1404 3719 σου
1436 3666 1560 3728 ταῖς
1607 3665 1911 3736 ἁμαρτίαις

322 3760 821 3836 προσαναλίσκεις’
876 3759 1004 3813 ὅταν
1056 3757 1325 3830 ἀποκάμῃ
1371 3756 1442 3810 τά
1508 3757 1739 3828 δργανα,
1789 3756 1913 3808 τότε

323 3856 628 3928 προσάγεις
659 3854 798 3909 αὐτά
830 3851 910 3923 τῷ
942 3851 1083 3922 Θεῷ,
1116 3851 1206 3905 ὅτε
1235 3852 1315 3914 εἰς
1346 3850 1501 3904 οὐδέν
1528 3851 1679 3903 ἐστιν
1727 3850 1914 3910 αὐτοῖς

322 3945 657 4018 χρήσασθαι,
694 3944 809 3997 ἀλλ’
832 3943 1046 4014 ἀνάγκη
1080 3941 1316 4007 κεῖσθαι,
1343 3941 1432 3996 διά
1458 3943 1550 3995 τὸν
1582 3943 1644 3993 ὲκ
1668 3940 1764 3995 τοῦ
1789 3940 1915 4011 χρό-

324 4053 422 4091 νου
459 4036 747 4109 μαρασμὸν
793 4033 1203 4105 παραλυθέντος
1231 4032 1326 4088 τοῦ
1365 4032 1543 4088 τόνου.
1587 4033 1650 4086 Ἢ
1677 4033 1736 4086 ὲν
1767 4033 1918 4103 γήρᾳ

329 4126 685 4198 σωφροσύνη,
716 4126 778 4178 οὺ
813 4124 1141 4197 σωφροσύνη
1162 4165 1178 4189 ,
1225 4125 1344 4179 ἀλλ’
1381 4123 1683 4188 ἀκολασίας
1718 4124 1918 4178 ἀδυνα-

332 4217 436 4289 μία
455 4233 472 4248 ·
503 4217 696 4288 νεκρὺς
712 4217 773 4270 οὐ
805 4213 1190 4286 στεφανοῦται.
1237 4217 1427 4280 Οὐδεὶς
1465 4216 1671 4281 δίκαιος
1695 4217 1764 4271 δι’
1794 4217 1922 4271 ἀδυο

331 4306 538 4379 ναμίαν
564 4307 660 4361 τοῦ
687 4307 885 4363 κακοῦ.
928 4307 1076 4370 Ἕως
1112 4308 1232 4362 ἐστὶ
1278 4307 1531 4380 δύναμις,
1555 4308 1701 4383 λόγῳ
1727 4309 1921 4382 κράτει

331 4400 434 4472 τῆς
464 4401 763 4472 ἁμαρτίας.
798 4399 972 4455 Τοῦτο
997 4401 1106 4472 γάρ
1132 4402 1281 4456 ἐστιν
1307 4400 1499 4474 ἀρετὴ,
1541 4401 1784 4466 ἔκκλισις
1813 4402 1924 4455 ἀπὸ

331 4491 534 4556 κακοῦ,
561 4490 657 4544 καὶ
682 4489 902 4562 ποίησις
939 4488 1172 4558 ἀγαθοῦ.
1217 4490 1282 4543 Ἢ
1319 4490 1378 4544 δὲ
1407 4490 1576 4562 ἀργία
1606 4493 1707 4562 τῆς
1758 4508 1925 4561 πονη-

2006 3303 2107 3359 bra
2140 3317 2262 3359 mea
2294 3315 2446 3356 arma
2498 3299 2789 3370 injustitiae
2836 3299 2907 3356 ad
2957 3300 3351 3372 iniquitatem,
3388 3302 3592 3359 deinde

2007 3409 2072 3450 ea
2104 3393 2274 3450 etiam
2313 3392 2428 3448 Deo
2474 3401 2818 3449 armaturam
2876 3393 3158 3463 praebebo.
3192 3393 3287 3453 Sic
3322 3395 3589 3450 nimirum

2006 3486 2143 3543 Cain
2180 3501 2403 3558 quoque
2433 3484 2706 3545 sacriﬁcia
2739 3484 3028 3550 offerebat,
3074 3487 3254 3556 prima
3285 3486 3506 3558 quidem
3540 3497 3597 3543 et

2008 3577 2399 3648 praestantiora
2431 3577 2561 3632 usui
2600 3591 2703 3632 suo
2742 3584 2798 3633 et
2842 3576 3137 3647 voluptati,
3185 3578 3431 3634 secunda
3463 3594 3598 3635 vero

2010 3678 2066 3725 et
2100 3670 2381 3726 deteriora
2418 3667 2699 3726 conditori
2737 3677 2792 3723 et
2836 3667 3099 3723 donatori
3155 3667 3290 3725 Deo.
3329 3668 3467 3724 Dum
3516 3671 3601 3725 vi-

2013 3760 2167 3815 ribus
2220 3760 2288 3819 ad
2346 3758 2688 3830 operandum
2759 3759 2958 3829 polles,
3002 3758 3309 3828 juvenilem
3382 3768 3601 3816 etatem

2014 3860 2165 3906 tuam
2225 3850 2282 3905 in
2334 3851 2581 3920 peccatis
2639 3850 2927 3907 consumis
2974 3867 2990 3906 :
3037 3865 3165 3906 cum
3230 3852 3601 3910 instrumenta

2015 3943 2413 4016 elanguerunt,
2468 3954 2587 3998 tum
2635 3945 2757 4015 ipsa
2811 3943 2923 3999 Deo
2969 3943 3160 4011 oll‘ers,
3196 3944 3302 4000 boc
3332 3955 3438 4011 est,
3475 3961 3603 4002 cum

2018 4037 2156 4090 nulli
2182 4035 2297 4107 jam
2330 4035 2457 4092 usui
2486 4044 2654 4105 sunt;
2701 4037 2835 4107 quin
2887 4047 2946 4092 ut
2971 4036 3204 4108 iaceant
3238 4053 3468 4095 necesse
3499 4047 3606 4101 est,

2015 4126 2199 4182 fracto
2229 4127 2494 4184 videlicet
2525 4128 2714 4198 vigore
2744 4136 2973 4199 propter
3003 4128 3189 4185 tabem
3237 4129 3612 4186 diuturnitate

2020 4218 2296 4290 temporis
2322 4226 2694 4275 contractam.
2734 4219 2904 4292 338
2948 4221 3118 4291 Atqui
3164 4221 3356 4278 senilis
3379 4223 3614 4280 castitas

2022 4326 2139 4369 non
2167 4320 2278 4377 est,
2312 4326 2503 4367 verum
2537 4311 2790 4368 libidinis
2827 4313 3182 4384 impotentia.
3219 4312 3474 4370 Mortuus
3501 4331 3614 4370 non

2026 4404 2269 4460 donatur
2327 4418 2559 4459 corona.
2615 4401 2790 4458 Nemo
2832 4404 2902 4458 ob
2964 4402 3320 4474 perpetrandi
3380 4406 3616 4462 sceleris

2030 4494 2467 4551 imbecillitatem
2495 4493 2681 4565 justus
2708 4503 2994 4550 censetur.
3027 4494 3166 4550 Dum
3197 4496 3414 4552 viribus
3443 4497 3617 4564 vales,

335 4582 480 4656 ρίας,
516 4555 643 4636 οὕτε
670 4555 911 4636 ἐπαίνων
941 4555 1081 4653 αύτὴ
1103 4581 1224 4636 καθ’
1251 4555 1473 4652 ἑαυτὴν,
1494 4555 1625 4636 *οὔτε
1647 4555 1901 4641 κολάσεως

2029 4588 2119 4643 l‘ae
2168 4587 2407 4644 rationis
2457 4601 2563 4657 ope
2587 4595 2879 4657 peccatum
2935 4588 3151 4643 vincas.
3202 4588 3264 4643 In
3318 4589 3422 4647 hoc
3468 4591 3615 4646 enim

332 4673 609 4740 ἀξιοῦται.
657 4672 791 4729 Ἐἀν
818 4673 887 4726 δι’
916 4672 1139 4745 ἠλικίαν
1166 4671 1353 4746 παύσῃ
1379 4674 1476 4743 τῆς
1503 4673 1800 4744 ἁμαρτίας,
1829 4675 1928 4743 τῆς

332 4766 627 4830 ἀσθενείας
651 4767 686 4837 ἡ
722 4766 907 4837 χάρις.
949 4764 1314 4837 Ἐπαινοῢμεν
1334 4765 1393 4825 δὲ
1419 4767 1545 4829 τοὺς
1565 4766 1709 4820 κατὰ
1741 4767 1932 4836 προαί-

338 4876 495 4932 ρεσιν
528 4856 791 4928 ἀγαθοὺς,
830 4859 893 4921 ού
918 4859 1043 4922 τῶς
1077 4857 1183 4913 ὑπὸ
1208 4858 1457 4928 ἀνάγκης
1485 4859 1929 4930 ὲξειργομένους.

333 4950 439 5014 Τίς
460 4950 516 5004 δέ
547 4968 629 5004 σοι
656 4950 869 5013 καὶτὸν
899 4951 1025 5024 ὅρον
1056 4951 1156 5021 τῆς
1189 4950 1336 5021 ζωῆς
1365 4950 1597 5022 ἐπηξενς
1629 4952 1683 5005 τί
1723 4969 1806 5005 σοι
1831 4950 1931 5022 τὴν

338 5043 685 5115 προθεσμίαν
714 5042 810 5099 τοῦ
839 5044 1028 5115 γήρως
1059 5042 1296 5115 ὦρισενς
1328 5043 1411 5107 τίς
1435 5036 1591 5106 οὗτος
1618 5043 1931 5109 ἀξιόπιστος

338 5135 498 5207 παρά
527 5153 610 5189 σοι
641 5135 752 5190 τῶν
788 5135 1094 5207 μελλόντων
1122 5136 1403 5207 ἐγγυητής
1429 5152 1444 5201 ;
1474 5135 1574 5206 οὐχ
1602 5136 1736 5208 ὁρᾷς
1760 5137 1932 5207 νήπια

339 5225 743 5298 ἁρπαζόμενα;
776 5227 907 5290 τοὺς
933 5227 992 5280 ὲν
1022 5226 1210 5298 ἡλικίᾳ
1245 5227 1666 5298 ἀπαγομένους;
1698 5229 1799 5282 οὐκ
1820 5226 1933 5299 ἔχει

343 5316 479 5390 μίαν
513 5318 856 5390 προθεσμίαν
879 5319 908 5370 ό
953 5317 1088 5389 βίος.
1120 5318 1187 5371 Τί
1231 5319 1524 5389 ἀναμένεις
1573 5319 1816 5390 πυρετοῦ
1850 5337 1934 5373 σοι

338 5407 519 5480 δῶρον
547 5408 805 5478 γενέσθαι
834 5409 935 5480 τὴν
968 5408 1283 5479 μετάνοιαν,
1318 5409 1409 5462 ὅτε
1433 5407 1559 5463 οὔτε
1592 5408 1933 5480 φθέγξασθαι

339 5498 576 5573 δυνήσῃ,
617 5500 762 5571 τάχα
813 5497 872 5552 δὲ
906 5497 1030 5552 οὐδὲ
1086 5496 1343 5561 ἀκοῦσαι,
1369 5496 1430 5550 οὐ
1460 5498 1651 5568 χεῖρας
1690 5492 1823 5567 ἆραι
1851 5498 1932 5561 εἰς

341 5591 474 5654 τοὺς
502 5590 790 5663 οὐρανοὺς,
817 5590 920 5642 οὐκ
943 5589 1036 5642 ἐπὶ
1064 5588 1233 5652 πόδας
1259 5587 1636 5659 διαναστῆναι,
1665 5588 1726 5641 οὺ
1754 5588 1933 5647 κλῖναι

344 5681 479 5753 γόνυ
506 5682 587 5746 είς
611 5680 713 5757 τὴν
741 5680 1134 5753 προσκύνησιν.

2029 4681 2210 4750 posita
2239 4681 2418 4737 virtus
2467 4687 2575 4754 est,
2618 4686 2680 4734 ut
2729 4680 2860 4749 quis
2902 4678 3152 4736 declinet
3191 4695 3223 4735 a
3258 4681 3424 4746 malo,
3452 4689 3509 4737 et
3541 4682 3621 4735 la-

2031 4772 2156 4827 ciat
2180 4772 2410 4828 bonum.
2446 4769 2585 4826 Nam
2618 4771 2829 4842 alioqni
2860 4771 3146 4827 abstinere
3175 4786 3207 4826 a
3235 4781 3487 4843 peccato,
3522 4789 3622 4844 per

2031 4879 2094 4920 se
2120 4863 2400 4934 ejusmodi
2422 4871 2532 4930 est,
2570 4871 2632 4919 ut
2676 4879 2780 4919 nec
2827 4864 3070 4931 laudem,
3101 4879 3204 4921 nec
3236 4880 3456 4937 poenam
3502 4881 3622 4920 ine-

2032 4966 2244 5013 reatur.
2279 4955 2340 5012 Si
2392 4965 2621 5027 propter
2651 4963 2871 5012 aetatem
2908 4970 3143 5028 peccare
3176 4957 3414 5023 desinis,
3464 4958 3624 5014 inlir-

2037 5050 2214 5104 mitati
2258 5047 2519 5104 habenda
2551 5049 2733 5119 gratia
2761 5056 2867 5105 est.
2917 5048 3097 5105 Porro
3125 5064 3224 5106 eos
3257 5049 3475 5106 demum
3505 5052 3629 5106 lan-

2037 5139 2203 5195 dibus
2234 5137 2523 5205 allicimus,
2561 5139 2657 5208 qui
2684 5138 2973 5195 voluntate
3003 5146 3061 5194 et
3101 5138 3428 5196 inductione
3452 5140 3627 5195 animi

2039 5230 2168 5285 boni
2226 5238 2542 5295 sunt,—non
2576 5228 2673 5300 qui
2733 5228 3072 5289 necessitate
3106 5229 3349 5301 quadam
3393 5242 3631 5301 peccare

2041 5320 2433 5391 prohibentur.
2481 5318 2603 5376 1am
2645 5319 2773 5391 quis
2823 5319 2926 5375 tibi
2965 5319 3091 5375 vitae
3124 5319 3364 5391 prefuit
3390 5318 3633 5373 metam?

2038 5413 2169 5484 quis
2217 5413 2529 5470 senectutis
2579 5412 2822 5482 spatium
2856 5410 3151 5468 deﬁnivit?
3198 5411 3329 5481 quis
3378 5409 3525 5480 apud
3579 5417 3636 5463 te

2040 5517 2155 5562 tam
2188 5514 2376 5562 certus
2403 5504 2719 5561 futurorum
2753 5518 2998 5576 sponsor
3028 5502 3153 5558 est?
3189 5500 3309 5556 Non
3355 5500 3512 5557 vides
3548 5500 3637 5554 in-

2045 5601 2228 5656 fantes
2265 5607 2442 5654 morte
2472 5596 2691 5668 abripi?
2724 5611 2836 5651 non
2878 5586 3050 5652 aetate
3097 5593 3362 5648 ﬂorentes
3395 5589 3637 5647 abduci?

2049 5702 2159 5743 non
2192 5704 2339 5744 unus
2370 5688 2534 5759 plane
2582 5687 2842 5755 idemque
2885 5686 3012 5741 vitae
3050 5684 3326 5739 terminus
3374 5678 3637 5737 omnibus

348 5768 697 5849 prmscriptus
720 5776 825 5822 est.
847 5767 992 5835 Quid
1023 5775 1338 5840 exspectas,
1391 5773 1522 5830 dum
1557 5770 1731 5837 febris
1769 5773 2045 5835 beneﬁcio
2080 5777 2176 5835 tibi
2209 5778 2539 5854 poenitentia
2608 5777 2934 5849 contingat?
3001 5790 3125 5837 cum
3191 5773 3453 5830 videlicet
3533 5780 3636 5829 nec

671 5861 945 5927 ΡΑτιιοι.
991 5861 1105 5925 Gn.
1152 5862 1325 5929 XCV.

3202 5864 3275 5934 37
