3986 6382
564 375 708 440 υω
1705 371 1762 431 S.
1803 371 2122 433 JOANNIS
2157 372 2585 432 DAMASCENI
3644 386 3745 454 116i

571 491 746 562 loqui,
786 503 848 543 ac
883 485 1118 540 fortasse
1163 497 1232 536 ne
1265 482 1485 552 quidem
1537 483 1730 540 audire
1758 485 1991 555 poteris,
2025 494 2134 538 non
2175 502 2370 541 manus
2402 487 2467 540 ad
2525 487 2726 539 cu-lum
2779 484 2994 549 tollere,
3059 498 3171 539 non
3240 485 3292 540 in
3348 489 3558 557 pedibus
3615 508 3731 556 stare

566 599 680 641 non
711 575 1050 636 adorationis
1081 587 1250 628 causa
1281 587 1460 644 genua
1491 570 1726 628 nectere.
1761 554 1774 555 ί
3350 554 3362 557 ’
3715 554 3745 569 ’³

640 675 776 731 Ibid.
806 667 1068 724 «Nemo
1127 675 1180 723 te
1227 667 1456 724 seducat
1504 668 1766 724 inanibus
1810 669 2016 725 verbis.
2072 671 2151 724 lr-

2319 667 2524 738 Μηδείς
2555 683 2614 720 σε
2648 665 2976 732 ἐξαπατάτω
3018 669 3195 730 κενοῖς
3221 668 3421 738 λόγοις·
3459 674 3742 750 ἐπιστήσεται

565 773 691 824 ruet
712 763 861 819 enim
898 761 950 815 iu
993 767 1049 815 te
1082 759 1371 829 repentina
1420 758 1730 825 calamitas,
1765 768 1822 816 et
1877 761 2139 817 interitus

2244 759 2353 828 γάρ
2381 774 2464 810 σοι
2485 758 2750 828 αἰφνίδιος
2783 759 3024 828 ὄλεθρος,
3059 759 3155 812 καὶ
3180 761 3213 830 ἡ
3243 769 3572 838 καταστροφὴ
3595 773 3747 839 ὁμοία

561 870 663 912 ceu
693 861 992 923 tempestas
1027 850 1274 921 ingruet.
1327 848 1521 904 Veniet
1548 849 1728 906 tristis
1761 851 2012 922 angelus,
2046 853 2135 922 qui

2243 851 2520 919 καταιγίδι
2550 851 2841 922 παρέσται.
2866 850 3022 916 Ἥξει
3044 851 3272 920 ἄγγελος
3297 857 3550 927 κατηφὴς,
3573 863 3750 932 ἀπάγων

561 948 804 1002 animam
833 953 987 997 tuam
1024 941 1271 1012 peccatis
1296 941 1660 996 constrictam
1696 955 1795 1012 per
1823 944 1934 995 vim
1969 943 2135 998 abdu-

2244 941 2455 1012 βιαίως,
2478 943 2572 996 καὶ
2601 943 2809 996 κατασύ
2819 959 2926 1010 ρων
2958 959 3050 996 σου
3078 941 3177 1012 τὴν
3204 942 3376 1015 ψυχὴν
3391 945 3650 1022 δεδεμένην
3667 961 3752 1020 ταῖς

551 1048 672 1101 cat,
708 1034 1131 1107 pertrahatque,
1170 1033 1368 1088 oculos
1413 1033 1710 1088 identidem
1745 1033 1815 1089 ad
1855 1049 1946 1090 res
1977 1035 2125 1105 hujm

2242 1034 2542 1104 ἁμαρτίαις
2591 1034 2774 1087 πυκνά
2829 1033 3346 1104 μεταστρεφομένην
3389 1038 3517 1106 πρὸς
3562 1042 3622 1094 τὰ
3661 1039 3751 1109 ὧδε,

559 1131 686 1185 vita:
718 1131 1156 1197 retorquentem,
1191 1132 1247 1179 et
1278 1123 1419 1179 citra
1454 1138 1646 1180 vocem
1691 1123 1869 1179 ullam
1910 1124 2133 1194 ingemi-

2243 1127 2340 1181 καὶ
2372 1125 2707 1198 ὀδυρομένην
2735 1125 2866 1179 ἄνευ
2905 1124 3116 1195 φωνῆς,
3136 1125 3230 1180 τοῦ
3251 1127 3478 1198 ὀργάνου
3506 1131 3669 1188 λοιπὸν
3687 1141 3754 1191 τὶν

551 1227 831 1282 scentem,
865 1230 1104 1272 marore
1139 1213 1400 1269 nimirum
1430 1229 1706 1285 organum
1752 1216 2125 1285 praecludente.

2243 1217 2441 1287 θρῆνον
2462 1216 2937 1280 ἀποκλεισθέντας.
2983 1217 3049 1269 Ὦ
3078 1217 3219 1270 πόσα
3244 1219 3531 1290 σπαράξεις
3559 1227 3752 1293 σεαυτὸν,

559 1311 605 1364 υ
637 1325 803 1380 quam
856 1308 1095 1377 teipsum
1148 1305 1446 1370 lacerabis,
1478 1313 1752 1375 quantum
1807 1307 2016 1362 luctum
2047 1321 2133 1360 ex-

2241 1307 2387 1358 πόσα
2414 1305 2473 1359 δὲ
2503 1305 2804 1373 στενάξεις,
2832 1307 3092 1376 ἄπρακτα
3132 1309 3403 1377 μετανοῶν
3431 1311 3518 1364 ἐπὶ
3540 1316 3640 1378 τοῖς
3665 1316 3752 1385 βου·

551 1401 778 1466 citahis,
811 1407 1077 1470 quantum
1113 1404 1189 1460 te,
1246 1397 1526 1452 incassum
1555 1397 1706 1461 licet,
1737 1398 2125 1467 praeteritorun

2240 1396 2485 1466 ληθεῖσιν
2512 1399 2525 1450 l
2561 1399 2692 1452 ὅταν
2721 1399 2838 1472 ἴδῃς
2862 1401 2961 1469 τὴν
2985 1400 3324 1471 φαιδρότητα
3357 1403 3462 1456 τῶν
3485 1405 3679 1462 δικαίων
3716 1415 3756 1463 ὲν

547 1493 919 1549 consiliorum
959 1488 1261 1559 pmuitebit,
1311 1504 1441 1543 cum
1476 1489 1757 1557 iustorum
1798 1489 1854 1544 in
1910 1489 2005 1543 illa
2039 1488 2121 1543 do

2241 1487 2472 1559 λαμπρᾷ
2495 1489 2726 1562 διανομῇ
2751 1491 2858 1545 τῶν
2889 1491 3100 1562 δώρων,
3137 1497 3230 1545 καὶ
3251 1494 3349 1563 τὴν
3378 1497 3654 1567 κατήφειαν
3677 1503 3754 1556 τῶν

559 1599 754 1638 uorum
804 1580 1196 1638 distributione
1248 1579 1526 1646 lmtitiam,
1565 1587 1621 1634 et
1654 1587 2009 1650 peccatorum
2060 1581 2133 1634 al-

2240 1579 2584 1650 ἁμαρτωλῶν
2609 1582 2670 1634 έν
2701 1580 2782 1652 τῷ
2815 1582 3103 1652 σκότειτῷ
3132 1583 3432 1654 βαθυτάτῳ.
3463 1583 3558 1641 Οἷα
3581 1591 3755 1660 ἔρεϊςὲν

548 1676 796 1730 .tissimis
851 1673 968 1728 illis
1013 1672 1266 1729 tenebris
1324 1671 1651 1726 maestitiam
1685 1670 2122 1736 cernes?Qualit

2238 1671 2304 1738 τῇ
2329 1669 2492 1742 ὀδύνῃ
2521 1671 2619 1741 τῆς
2649 1673 2878 1742 καρδίας
2902 1690 2996 1726 σου
3022 1675 3143 1727 τότε
3169 1693 3184 1739 ;
3219 1675 3289 1727 Αἰ
3314 1677 3436 1746 ἐμὲ,
3469 1679 3538 1750 μὴ
3579 1681 3755 1753 ἀπορρί-

555 1776 690 1821 tunc
731 1767 788 1820 in
829 1765 1017 1820 cordis
1061 1765 1310 1818 cruciatu
1363 1777 1547 1818 sermo
1585 1770 1716 1818 tuus
1747 1763 1891 1818 erit?
1921 1762 2009 1832 Me
2039 1765 2129 1818 mi«

2238 1760 2340 1828 ψαι
2373 1761 2433 1814 τὸ
2463 1761 2602 1832 βαρὺ
2635 1761 2796 1816 τοῦτο
2822 1764 3046 1834 φορτίον
3072 1765 3170 1834 τῆς
3209 1765 3495 1836 ἁμαρτίας,
3544 1770 3668 1825 οὕτω
3689 1776 3755 1843 ρᾳ-

557 1875 766 1921 serum,
813 1858 909 1928 qui
959 1872 1126 1927 grave
1170 1855 1276 1910 hoc
1309 1870 1456 1911 onus
1496 1854 1711 1924 peccati
1761 1870 1872 1910 non
1920 1855 2131 1924 abiece-

2238 1849 2358 1912 δίας
2387 1848 2555 1920 οὔσης
2579 1850 2680 1920 τῆς
2711 1851 3044 1916 ἀποθέσεως,
3072 1853 3209 1908 ἀλλά
3257 1855 3348 1906 τὸν
3382 1855 3547 1924 σωρὸν
3571 1858 3664 1912 τῶν
3686 1878 3755 1913 κα·

549 1952 690 2013 rim,
723 1964 849 2004 cum
879 1959 990 2002 tam
1031 1946 1196 2002 facile
1230 1953 1285 2002 et
1317 1954 1630 2016 promptum
1662 1953 1812 2002 esset
1858 1945 1994 2000 illud
2039 1962 2123 2002 ex-

2242 1940 2358 1994 κῶν
2417 1941 2622 1997 τούτων
2665 1943 3012 2012 ἐφέλκεσθαι.
3052 1946 3120 1998 Δΐ
3161 1946 3283 2016 ἐμὲ,
3338 1948 3431 2010 τὰς
3477 1950 3670 2018 κηλίδας
3704 1954 3757 2024 μὴ

553 2053 766 2107 cutere,
823 2041 920 2096 sed
977 2041 1249 2094 malorum
1315 2037 1517 2093 horum
1589 2037 1869 2093 sarcinam
1920 2052 2127 2093 mecum

2181 2033 2210 2087 Β
2239 2034 2678 2100 ἀποπλύνασθαι,
2703 2036 2820 2090 ἀλλ’
2855 2037 3173 2109 ἐστιγμένον
3195 2034 3337 2091 εἶναι
3362 2041 3477 2103 ταῖς
3501 2041 3755 2112 ἁμαρτίαις.

544 2134 944 2206 pertraxcrim.
1009 2131 1094 2187 Me
1146 2131 1438 2196 miserum,
1504 2129 1600 2200 qui
1655 2128 1924 2182 vitiorum
1985 2128 2118 2183 labe:

2236 2123 2352 2176 Νῦν
2382 2124 2448 2177 ἂν
2473 2125 2621 2194 ἢμην
2652 2125 2792 2196 μετὰ
2837 2127 2946 2180 τῶν
2976 2126 3224 2194 ἀγγέλων
3246 2143 3262 2158 '
3295 2126 3394 2183 νῦν.
3431 2131 3494 2182 ἂν
3520 2134 3620 2195 τοῖς
3643 2133 3759 2202 obpu-

557 2243 668 2280 non
710 2225 968 2288 eluerim,
1013 2222 1108 2278 sed
1139 2221 1448 2278 sceleribus
1479 2235 1582 2275 ceu
1615 2220 1766 2275 notis
1801 2219 2131 2289 quibusdam

2237 2215 2374 2276 νίοις
2413 2217 2642 2284 ἀγαθοῖς
2692 2219 3030 2290 ἐνετρύφων.
3067 2221 3132 2272 Ὦ
3171 2220 3286 2273 τῶν
3312 2221 3555 2290 πονηρῶν
3587 2222 3757 2292 βουλευ-

554 2317 1001 2388 compunxerim.
1067 2313 1229 2369 Nunc
1284 2327 1463 2370 essent
1517 2326 1645 2365 cum
1701 2310 1937 2380 angelis,
1995 2325 2128 2365 nunt

2251 2305 2473 2376 μάτωνι
2505 2308 2597 2362 διὰ
2627 2309 2963 2380 πρόσκαιρον
2987 2311 3268 2384 ἁμαρτίας
3302 2313 3587 2367 ἀπόλαυσιν
3611 2316 3759 2370 ἀθάνα-

563 2409 892 2465 cmlestibus
941 2406 1101 2462 bouis
1148 2418 1272 2460 cum
1330 2404 1616 2472 voluptate
1659 2399 1894 2455 fruerer.
1943 2399 1989 2454 0
2036 2399 2137 2453 im-

2239 2414 2307 2449 τα
2347 2398 2732 2471 βασανίζομαι.
2766 2403 2845 2456 Δι’
2871 2403 3063 2476 ἡδονὴν
3103 2403 3310 2475 σαρκὸς
3335 2445 3349 2469 ,
3381 2405 3457 2475 τῷ
3481 2407 3604 2476 πυρὶ
3630 2425 3758 2474 παρα-

547 2501 728 2571 proba
766 2497 1040 2554 consilia!
1091 2503 1320 2566 prepter
1359 2493 1577 2548 brevem
1619 2490 1834 2560 peccati
1875 2488 2121 2559 jucundi-

2241 2489 2453 2561 δίδομαι
2474 2507 2486 2520 ’
2515 2493 2696 2549 δικαία
2718 2499 2752 2563 ἡ
2785 2497 2964 2567 κρίσις
2999 2499 3094 2552 τοῦ
3126 2499 3289 2553 Θεοῦ.
3337 2499 3668 2570 Ἐκαλούμην,
3695 2501 3760 2553 καὶ

549 2599 724 2646 tatem
789 2587 1148 2660 sempiternis
1214 2583 1557 2640 cruciatibus
1616 2579 1842 2635 afficior.
1905 2577 2123 2649 Proplet

2241 2583 2342 2652 οὐχ
2367 2582 2661 2654 ὑπήκουον.
2721 2589 3138 2662 Ἐδιδασκόμην,
3177 2592 3281 2645 καὶ
3322 2591 3382 2644 ού
3414 2594 3759 2662 προεῖχον.Διε-

552 2681 741 2739 carnis
769 2681 1108 2751 voluptatem
1156 2677 1271 2749 igni
1323 2675 1537 2730 trador.
1589 2672 1807 2728 Iustum
1857 2671 1948 2726 Dei
1984 2669 2126 2741 judi-

2246 2676 2598 2748 μαρτύραντό
2629 2697 2742 2748 μοι,
2788 2683 2901 2750 ἐγὼ
2941 2683 2997 2736 δὲ
3037 2683 3378 2752 κατεγέλων.
3423 2683 3595 2738 Ταῦτα
3619 2685 3692 2738 καὶ
3716 2683 3761 2735 τὶ

554 2777 708 2832 cium
737 2781 847 2831 est.
878 2771 1155 2835 Vocabar,
1189 2783 1294 2824 nec
1330 2763 1702 2835 obsequebar.
1734 2762 2004 2826 Docebar,
2036 2775 2128 2816 nec

2241 2766 2467 2822 τοιαῦτα
2497 2771 2642 2841 ἐρεῖς
2674 2774 3130 2846 ἀποκλαιὸμενος,
3153 2777 3254 2830 ὲάν
3283 2779 3721 2850 προαναρπασθῇς.

553 2865 801 2920 animum
845 2861 1199 2933 adjiciebam.
1251 2856 1719 2914 Contestabantur
1757 2852 1913 2918 mihi,
1949 2860 2006 2908 et
2035 2867 2136 2923 ego
2177 2851 2506 2915 irridebam.
2541 2861 2665 2918 Haec
2699 2865 2921 2936 aliaque
2953 2867 3005 2921 id
3033 2884 3210 2939 genus
3299 2871 3472 2936 dices,
3533 2868 3762 2923 calamita-

551 2967 661 3014 tem
693 2968 844 3012 tuam
875 2955 1201 3024 deplorans,
1245 2951 1292 3008 si
1327 2958 1505 3006 morte
1533 2957 1837 3020 praereptus
1866 2947 2000 3002 eris.

628 3047 771 3104 Ibid.
800 3077 873 3088 —
897 3046 1115 3103 Peccati
1153 3045 1374 3100 labores
1423 3035 1686 3114 gehennae
1737 3041 1916 3096 durus
1948 3047 2003 3096 et
2030 3037 2134 3092 tri-

2319 3041 2459 3106 Τοὺς
2483 3043 2584 3112 τῆς
2618 3046 2893 3117 ἁμαρτίας
2918 3047 3200 3117 καμάτους
3227 3048 3292 3102 τὸ
3325 3052 3423 3120 τῆς
3447 3047 3649 3119 γεέννης
3676 3047 3761 3099 ἐπί·

551 3143 659 3198 stis
687 3139 850 3195 labor
885 3143 1191 3208 exspectat.

2246 3145 2408 3184 πονον
2437 3133 2532 3186 καὶ
2565 3135 2890 3207 σκυθρωπὸν
2911 3139 3192 3208 ἀναμένει.

626 3230 772 3286 Ibid.
804 3229 1027 3284 —-Mihi
1083 3228 1160 3283 tui
1199 3241 1370 3283 causa
1403 3224 1634 3280 fundere
1659 3225 1938 3296 lacrymas
1965 3223 2136 3288 subit,

2328 3223 2482 3293 Ἐμοὶ
2516 3225 2616 3295 μὲν
2649 3226 2908 3298 δακρύειν
2940 3228 3237 3299 ἐπέρχεται
3292 3228 3386 3283 ἐπὶ
3426 3229 3504 3296 σὲ,
3543 3227 3762 3298 ἄνθρωπε,

549 3338 586 3378 o
616 3327 803 3386 homo,
835 3336 962 3376 cum
1003 3329 1054 3374 te
1084 3333 1253 3389 opera
1304 3317 1594 3373 dedecoris
1645 3331 1858 3388 magna:
1896 3314 1988 3371 Dei
2021 3315 2123 3386 glo-

2243 3313 2372 3369 ὅταν
2402 3316 2718 3390 ἐνθυμηθῶ,
2758 3320 2842 3372 ὅτι
2867 3320 2933 3373 τά
2958 3319 3098 3391 ἔργα
3124 3320 3227 3391 τῆς
3261 3321 3524 3392 αἰσχύνης
3552 3321 3764 3390 προτιμᾷς

547 3417 648 3472 ria:
693 3413 971 3471 anteferre
1000 3413 1183 3478 video,
1231 3419 1288 3466 et
1333 3409 1464 3465 dum
1496 3418 1719 3480 propter
1762 3409 2121 3478 intemperan-

2190 3445 2214 3505 3
2245 3403 2344 3475 τῆς
2385 3405 2628 3476 μεγάλης
2659 3406 2817 3478 δόξης
2840 3407 2934 3461 τοῦ
2967 3409 3130 3474 Θεοῦ,
3169 3411 3267 3463 καὶ
3301 3411 3389 3464 διὰ
3416 3410 3476 3463 τὸ
3506 3409 3598 3480 τῆς
3618 3408 3764 3463 ἀκολα-

547 3510 644 3564 tiae
679 3509 1031 3572 suavitatem,
1053 3505 1142 3560 vix
1173 3519 1239 3559 ac
1267 3519 1337 3559 ne
1363 3503 1455 3557 vix
1487 3502 1708 3572 quidem
1743 3501 1934 3556 divelli
1955 3516 1984 3555 a
2012 3515 2121 3570 pec-

2189 3497 2214 3505 ”
2249 3497 2370 3560 σίας
2402 3498 2498 3568 ἡδὺ
2520 3499 2992 3564 δυσαποσπάστως
3013 3501 3149 3572 ἔχων
3185 3503 3284 3574 τῆς
3319 3502 3602 3574 ἁμαρτίας,
3625 3501 3709 3554 τῶν
3727 3501 3763 3550 ἐν

552 3601 698 3654 catis
745 3605 923 3670 potes,
972 3605 1025 3650 te
1077 3597 1195 3666 ipse
1250 3609 1280 3648 a
1315 3593 1476 3648 bouis
1529 3592 1821 3663 promissis
1867 3593 2126 3657 excludis,

2245 3589 2602 3657 ἐπαγγελίαις
2641 3591 2864 3660 ἀγαθῶν
2909 3594 3140 3647 σεαυτὸν
3175 3594 3512 3660 ἀποκλείεις,
3563 3593 3630 3664 μὴ
3676 3591 3763 3644 ἰδεῖν

553 3708 625 3746 ne
663 3690 858 3745 videas
894 3689 1038 3744 bona
1071 3685 1404 3741 Jerusalem.
1460 3683 1576 3737 Illic
1615 3681 1894 3753 myriades
1923 3683 2127 3753 angelo

2244 3681 2426 3749 ἀγαθά
2469 3683 2570 3752 τῆς
2629 3683 3013 3754 Ἰερουσαλήμ.
3058 3685 3208 3738 Ἐκεῖ
3239 3687 3489 3754 ἀγγέλων
3541 3683 3765 3755 μυριάδες,

551 3797 700 3848 rum,
779 3777 1275 3850 primogenitorum
1343 3775 1660 3838 celebritas,
1739 3775 2125 3845 Apostolorum

2245 3772 2612 3841 πρωτοτόκων
2652 3777 2987 3848 πανήγυρις,
3015 3777 3334 3830 ἀποστόλων
3368 3778 3563 3847 θρόνοι,
3607 3789 3765 3846 προςη-

545 3871 759 3933 throui,
791 3868 1054 3926 subsellia
1087 3867 1504 3938 prophetarum,
1543 3876 1762 3935 sceptra
1798 3865 2119 3934 patriarcha-

2243 3860 2352 3912 τῶν
2403 3863 2724 3934 προεδρίαι,
2778 3866 3034 3936 σκῆπτρα
3087 3868 3489 3938 πατριαρχῶν,
3531 3863 3767 3937 μαρτύρων

550 3977 698 4025 rum,
747 3969 1052 4030 martyrum
1129 3970 1374 4020 coronae,
1424 3954 1701 4024 iustorum
1740 3954 2036 4024 praeconia.
2078 3953 2124 4007 In

2245 3953 2522 4024 στέφανοι,
2546 3955 2773 4010 δικαίων
2799 3956 3032 4012 ἔπαινοι.
3057 3959 3285 4024 Τούτοις
3309 3959 3529 4012 σεαυτὸν
3553 3953 3767 4022 ἐπιθύμη-

547 4052 748 4107 horum
781 4064 1072 4108 numerum
1097 4047 1344 4118 cooptari
1374 4045 1480 4110 fac,
1505 4060 1714 4115 quaso,
1745 4045 2121 4113 concupiscas.

2244 4065 2335 4101 σον
2367 4050 2873 4121 συναριθμηθῆναι,
2910 4051 3382 4122 ἀπολουσάμενος,
3413 4050 3504 4102 καὶ
3542 4044 3768 4114 amusos;

545 4142 774 4198 ablutus
835 4140 1127 4201 nimirum,
1184 4147 1240 4193 et
1275 4152 1372 4207 per
1416 4138 1610 4208 gratiae
1659 4134 1866 4189 Christi
1926 4133 2119 4188 donurr

1577 4151 1610 4190 te
1659 4134 1866 4189 Christi
1926 4133 2132 4188 donum
2243 4141 2382 4194 κατὰ
2411 4142 2510 4212 τὴν
2530 4142 2740 4214 δωρεὰν
2769 4143 2863 4199 τοῦ
2890 4143 3151 4216 Χριστοῦ.

547 4236 904 4288 sanctitatem
941 4240 1304 4286 consecutus.

620 4322 763 4377 Ibid.
789 4353 858 4362 —
889 4322 933 4376 0
968 4323 1153 4388 homo,
1205 4331 1298 4375 aut
1330 4319 1640 4390 gehennam
1684 4318 1835 4383 time,
1884 4326 1981 4372 aut
2019 4318 2135 4372 adi-

2315 4321 2626 4392 Ἀνθρωπε,
2665 4323 2697 4394 ἢ
2727 4323 2828 4394 τὴν
2857 4323 3084 4393 γέενναν
3133 4325 3428 4397 φοϐήθητι,
3462 4323 3612 4394 ῆτῆς
3655 4318 3769 4390 βασι·

544 4416 811 4486 pisceudo
839 4415 1006 4486 339
1055 4429 1222 4485 regno
1269 4413 1448 4470 stude.
1498 4411 1578 4468 Ne
1608 4411 1949 4468 vocationem
1982 4419 2118 4466 tuan‘

2061 4428 2132 4466 tm
2240 4410 2390 4476 λείας
2419 4414 2827 4484 ἀντιποιήθητι.
2864 4417 2957 4486 Μὴ
2989 4417 3272 4490 ἀτιμάσῃς
3309 4419 3409 4488 τὴν
3436 4416 3635 4488 κλῆσιν.

541 4519 882 4561 εςοεηιυτιε.
1451 4553 1454 4556 ,

649 4521 882 4561 erucrts.
1451 4553 1454 4556 .

613 4521 763 4650 flius.
820 4604 960 4650 orat.
1012 4595 1098 4650 l3.
1122 4592 1534 4664 —Promptum
1561 4599 1617 4647 et
1655 4589 1902 4662 proclive
1936 4589 2129 4644 vitium

2466 4526 2493 4553 κ

2029 4592 2129 4644 ium
2315 4589 2615 4661 Πρόχειρον
2646 4592 2679 4662 ἡ
2713 4592 2908 4658 κακία,
2939 4592 3032 4645 καὶ
3057 4591 3180 4663 δίχα
3209 4593 3305 4646 τοῦ
3339 4593 3603 4656 ἕλκοντος.

538 4697 654 4752 est,
689 4688 857 4742 etiam
887 4686 1042 4742 nullo
1073 4685 1347 4740 trahente.

619 4777 808 4833 Solers
845 4776 912 4830 ad
951 4775 1289 4830 invenienda
1338 4774 1484 4828 mala
1533 4780 1620 4828 est
1646 4771 1921 4842 impietas,
1967 4781 2132 4842 atque
2168 4803 2193 4858 ε

2203 4813 2210 4849 ,
2311 4773 2544 4845 Εὐρετὶς
2566 4777 2753 4830 κακῶν
2787 4778 2819 4846 ἡ
2859 4774 3109 4838 ἀσέὗεια,
3136 4775 3232 4828 καὶ
3275 4774 3400 4827 λίαν
3428 4764 3777 4858 τολμηρδνᾼείς

542 4869 612 4925 ad
660 4869 1090 4943 aggredieudum
1153 4869 1362 4938 aliquid
1419 4867 1558 4922 mire
1631 4865 1834 4920 audax.
1888 4866 1954 4920 Et
2003 4882 2116 4922 νοτ(

2243 4859 2584 4938 ἐγχείρησιν.
2626 4867 2751 4929 Πῶς
2789 4867 2846 4918 δὲ
2895 4866 3201 4937 ἀνθρώπων
3249 4866 3488 4937 ἤμελλον
3522 4855 3775 4932 φείδεσθαι,

543 4969 786 5030 quonam
843 4969 1004 5031 pacto
1058 4962 1378 5016 hominibus
1433 4967 1748 5031 parcerent,
1805 4959 1901 5030 qui
1934 4959 2110 5015 Deitat

1520 4967 1748 5025 rcerent,
1805 4959 1901 5030 qui
1934 4959 2129 5015 Deitati
2241 4961 2292 5012 oi
2327 4959 2580 5030 θεότητος
2621 4961 2695 5029 μὴ
2740 4960 3094 5028 φεισάμενοις

546 5065 652 5104 nou
693 5049 1104 5119 pepercerunt?

620 5135 788 5207 Nyss.
849 5137 905 5190 in
951 5147 1094 5190 orat.
1153 5137 1408 5191 Dom.—-
1441 5138 1557 5190 Hoc
1617 5137 1855 5207 primum
1912 5135 2135 5189 nomine

2316 5139 2548 5210 Πρώτην
2598 5139 2818 5208 ὢφλησε
2854 5139 3128 5209 τιμωρίαν
3169 5140 3197 5191 ό
3225 5137 3516 5210 ἄνθρωπος
3563 5131 3634 5202 τῷ
3669 5125 3775 5191 Θείῖλς

544 5230 714 5283 homo
761 5243 823 5284 se
865 5228 1081 5283 luendae
1126 5243 1305 5298 poenae
1347 5229 1650 5284 obnoxium
1703 5227 1814 5282 Deo
1865 5226 2118 5282 reddidit

2243 5229 2328 5296 ὅτι
2358 5227 2670 5298 ἀπέστησεν
2699 5227 2891 5281 ἑαυτὸν
2926 5226 3020 5281 τοῦ
3061 5228 3412 5298 ποιήσαντος,
3446 5225 3539 5278 καὶ
3568 5219 3688 5291 πρὸς
3713 5214 3778 5266 τίν

546 5319 693 5391 quod
733 5333 762 5374 a
791 5317 1057 5373 Creatore
1107 5335 1210 5374 suo
1245 5318 1503 5384 descivit,
1555 5326 1610 5372 et
1641 5317 1709 5373 ad
1744 5316 2120 5371 adversarium

2245 5320 2487 5373 ἐναντίον
2511 5319 2994 5390 ἁπηυτομόλησεν,
3029 5319 3310 5389 δραπέτης
3357 5316 3454 5372 τοῦ
3488 5313 3623 5368 κατὰ
3653 5307 3779 5380 φύσιν

546 5410 871 5480 transfugit.
922 5407 1133 5465 Etenim
1185 5426 1214 5464 a
1275 5410 1521 5465 naturali
1578 5409 1806 5464 domino
1867 5406 2120 5479 profugit,

2245 5413 2544 5476 Δεσπότου,
2575 5414 2673 5465 καὶ
2723 5412 3041 5482 ἀποστάτης
3068 5413 3388 5483 γενόμενος.
3432 5406 3687 5475 Δευτέραν
3722 5397 3779 5450 δῖ.

550 5501 842 5572 factusque
871 5509 958 5556 est
1003 5510 1279 5571 apostata.
1329 5501 1538 5558 Deinde
1587 5516 1740 5563 vero,
1791 5501 1918 5571 quia
1957 5501 2124 5570 pessi-

2244 5505 2328 5557 ὅτι
2357 5503 2459 5573 τὴν
2506 5502 2751 5572 πονηρὰν
2789 5506 2888 5574 τῆς
2941 5485 3214 5574 ἁμαρτίας
3267 5500 3515 5555 δουλείαν
3562 5493 3672 5549 ἀντὶ
3704 5487 3777 5554 τῆς

551 5607 699 5646 mam
750 5594 961 5663 peccati
1007 5595 1330 5650 servitutem
1390 5595 1648 5650 libertate
1703 5609 1804 5648 sua
1864 5595 2125 5662 potiorem

2247 5593 2599 5660 αύτεξουσίου
2645 5593 2963 5664 ἐλευθερίας
3004 5591 3294 5662 ἠλλάξατο,
3333 5591 3427 5644 καὶ
3459 5583 3781 5658 προετίμησεν

550 5686 764 5752 habuit,
802 5688 1091 5758 satiusque
1121 5689 1281 5743 duxit
1315 5689 1384 5742 ab
1414 5690 1650 5746 exitiosa
1683 5687 1900 5759 tyranni
1928 5695 2124 5757 poten-

2246 5686 2340 5741 τοῦ
2383 5684 2655 5739 δουλεύειν
2685 5685 2804 5755 Θεῷ
2832 5685 2891 5738 τὸ
2941 5683 3325 5758 τυραννεῖσθαι
3385 5681 3492 5736 ἀπὸ
3529 5677 3618 5747 τῆς
3649 5681 3781 5725 κατα·

549 5773 632 5833 lia
661 5778 925 5848 opprimi,
958 5796 1124 5851 quam
1162 5778 1272 5834 Deo
1307 5782 1538 5836 servire.

1336 5782 1538 5836 ervire.
2250 5777 2584 5850 φθειρούσης
2609 5776 2910 5849 δυνάμεως.
