3986 6420
321 340 461 411 1165

1578 340 1817 402 SACRA
1853 337 2300 398 PARALLELA
2314 386 2326 398 .

3439 343 3576 413 11m

397 460 461 513 Ἦ
491 456 585 515 τοῦ
613 455 784 515 κακοῦ
816 456 1026 521 στάσις,
1055 455 1196 528 ἀρχὴ
1221 441 1320 526 τῆς
1349 453 1493 509 κατά
1517 453 1720 525 ἀρετήν
1747 454 1895 506 ἐστιν

2071 448 2261 518 Ejusd.
2305 449 2393 505 De
2434 452 2754 521 perfectione
2788 455 2928 508 vitae.
2962 486 3029 495 —
3063 454 3295 512 Cessare
3345 473 3374 512 a
3424 462 3570 513 man

314 555 513 606 ὁρμῆς.

528 642 674 696 ἐστιν
708 641 841 713 άλλη
877 659 959 705 τις
990 640 1083 694 τοῦ
1119 638 1291 694 κακοῦ
1315 639 1637 702 ὑπόστασις,
1672 638 1721 689 εί
1758 634 1836 707 μὴ

314 730 596 805 χωρισμὸς
628 733 724 787 τοῦ
754 732 962 802 ἀγαθοῦ
1003 733 1096 786 καὶ
1135 732 1465 803 κρείττονος.

395 824 462 879 Ἦ
500 826 769 897 ἁμαρτία,
798 826 905 891 ἕως
939 825 1039 896 μὲν
1073 824 1141 879 ἂν
1189 823 1460 888 ὠδίνεται,
1489 821 1604 893 ἔχει
1641 819 1766 875 τινὰ
1806 821 1892 873 al-

316 919 544 990 σχύνην.
579 919 832 974 Ἐπειδὰν
857 918 914 972 δὲ
942 916 1196 988 τελεσθῇ,
1225 917 1348 969 τότε
1375 911 1893 985 ἀναισχυντοτέρους

317 1013 461 1065 ποιεῖ
489 1011 615 1074 τοὺς
644 1010 1054 1083 ἐργαζομένους
1083 1009 1275 1079 αὐτήν.

383 1190 460 1244 Ού
507 1189 569 1244 τὸ
600 1189 879 1245 θλίϐεσθαι
908 1190 1099 1255 κακὸν,
1133 1189 1270 1244 ἀλλά
1310 1189 1371 1242 τὸ
1417 1188 1756 1261 ἁμαρτάνειν
1794 1201 1896 1239 κα-

313 1281 431 1335 κόν.
470 1279 537 1333 Ἦ
562 1278 775 1351 χαλεπὴ
798 1279 977 1350 θλίψις
1002 1279 1162 1334 τοῦτό
1188 1281 1361 1333 ἐστιν.
1658 1312 1690 1339 ς,

385 1372 499 1444 Ούχ
541 1371 966 1435 οίίάσεὸοὖντες
1018 1372 1203 1443 μόνον,
1234 1371 1374 1426 ἀλλά
1400 1369 1495 1424 καὶ
1526 1370 1578 1423 οἱ
1607 1367 1894 1440 δυνάμενοι

318 1464 420 1536 μὲν
449 1466 761 1534 ἀπαγαγεῖν
816 1465 916 1534 τῆς
944 1463 1227 1540 ἀσεὸείας,
1254 1463 1330 1534 μὴ
1370 1460 1687 1532 βουλόμενοι
1713 1459 1792 1522 δὲ,
1826 1458 1895 1513 δι’

313 1559 474 1614 δκνον
504 1558 537 1629 ἢ
569 1557 659 1613 διὰ
686 1556 940 1623 νωθείαν,
971 1557 1176 1627 ὁμοίως
1206 1553 1550 1620 κολάζονται.

382 1738 476 1809 Μὴ
514 1736 797 1810 προσεύξῃ
845 1735 978 1809 περὶ
1024 1735 1119 1788 τοῦ
1153 1733 1286 1788 λαοῦ
1319 1734 1539 1800 τούτου,
1587 1730 1727 1803 φησι
1759 1732 1898 1800 πρὸς

1998 541 2407 609 progressionis
2440 543 2506 596 ad
2540 543 2800 599 virtutem
2830 545 3044 604 initium
3084 557 3189 603 est.

2069 632 2261 701 Ejusd.
2295 632 2351 687 in
2380 632 2857 691 Cantia—Nulla
2900 639 3008 693 alia
3059 639 3190 694 mali
3240 639 3574 699 substantia.

2000 738 2096 779 seu
2132 736 2331 779 natura
2363 734 2470 791 est,
2499 738 2863 800 praeterquam
2895 731 3164 788 discessio
3187 748 3216 785 a
3257 733 3421 791 bono.

2072 815 2264 887 Chrys.
2296 819 2352 872 in
2377 820 2497 874 Act.
2540 829 2715 890 apost.
2740 847 2811 861 -—
2832 820 3152 889 Peccatum,
3176 824 3306 880 dum
3337 824 3574 894 paritur.

1999 909 2229 977 pudoris
2260 910 2473 985 aliquid
2507 912 2829 982 adjunctum
2863 913 3027 969 habet
3061 933 3075 969 :
3112 930 3236 969 cum
3267 925 3452 973 autem
3483 917 3584 971 ad-

2001 1002 2231 1058 missum
2266 1015 2372 1069 est,
2417 1020 2513 1060 eos
2555 1004 2648 1076 qui
2715 1003 3090 1072 admiserunt,
3140 1005 3576 1078 impudentior“

2001 1090 2208 1145 reddit.
2827 1166 2831 1170 θ

2074 1181 2349 1253 Ejusdem.
2404 1215 2473 1225 -
2522 1184 2640 1240 Non
2673 1185 2861 1258 aﬂligi,
2913 1185 3010 1242 sed
3066 1200 3318 1256 peccare,
3371 1186 3581 1245 malum

2001 1287 2103 1329 εει.
2138 1271 2378 1345 Haecque
2407 1277 2595 1347 gravis
2624 1276 2851 1332 alilictio
2879 1284 2985 1332 est.

2075 1364 2332 1435 Ejusdem
2370 1378 2417 1421 ι.
2447 1398 2518 1407 -
2547 1365 2666 1423 Νοη
2703 1369 2782 1423 illi
2828 1356 3119 1432 duntaxat,
3178 1368 3270 1439 qui
3316 1367 3483 1439 impio
3520 1381 3585 1425 .se

2001 1467 2227 1529 gerunt,
2280 1457 2378 1514 sed
2425 1468 2483 1514 et
2509 1474 2674 1529 prima
2704 1460 2896 1516 eadem
2939 1461 3287 1531 plectuntur,
3321 1460 3416 1531 qui
3455 1473 3582 1516 cum

2002 1549 2146 1605 alios
2212 1549 2282 1605 ab
2364 1549 2652 1623 impietate
2733 1561 2944 1623 queant
3006 1553 3309 1616 abducere.
3370 1536 3442 1609 dh
3493 1568 3583 1608 se-

2004 1640 2233 1710 gnitiem
2264 1647 2448 1696 tamen
2480 1649 2537 1696 et
2572 1641 2883 1697 socordiam
2916 1641 2969 1697 id
3015 1642 3198 1697 facere
3229 1652 3512 1698 recusant.

2079 1731 2356 1801 Ejusdem.
2387 1731 2560 1788 —Ne
2606 1748 2771 1806 roges
2811 1749 2914 1804 pro
2958 1734 3167 1805 populo
3216 1735 3342 1795 hoc,
3373 1733 3581 1802 inquit,

324 1808 600 1901 Ἰερεμίαν
631 1830 659 1883 ὀ
693 1808 849 1892 Θεδς,
872 1808 955 1882 δτι
980 1826 1078 1882 ὲάν
1098 1829 1197 1898 στῇ
1227 1825 1598 1905 Μωῦσῆςικαὶ
1618 1821 1893 1895 Σαμουὴλ,

2023 1822 2145 1878 )eus
2195 1821 2265 1876 ad
2310 1821 2648 1879 Jeremiam:
2680 1825 2968 1895 quoniam,
3027 1824 3074 1879 si
3123 1824 3389 1880 steterint
3432 1824 3584 1895 Moy-

310 1923 413 1976 ούκ
448 1920 846 1992 είσακούσομαι
878 1919 1079 1989 αὐτῶν.
1112 1918 1301 1983 Οὕτως
1326 1918 1475 1972 ἐστιν
1514 1915 1895 1987 ἁμαρτήματα

312 2013 496 2067 πᾶσαν
525 2010 928 2083 ὑπερϐαίνοντα
959 2007 1315 2080 συγγνώμην,
1344 2009 1441 2062 καὶ
1461 2005 1766 2075 ἀπολογίας
1798 2020 1895 2057 τυ-

312 2107 432 2178 χεῖν
464 2104 525 2157 οὗ
554 2102 850 2171 δυνάμενα.

386 2195 460 2248 Τὸ
487 2193 931 2263 ἀνεπισκόπητον
961 2192 1056 2245 και
1098 2191 1440 2263 ἀπρονόητον
1468 2186 1898 2259 ἐγκατελειφθῆ-

312 2305 403 2342 ναι
431 2285 536 2340 ὑπὸ
572 2284 670 2339 τοῦ
700 2284 859 2348 Θεοῦ,
895 2285 1119 2338 πάντων
1148 2282 1568 2354 ὀλεθριώτατον,
1597 2284 1695 2336 καὶ
1737 2283 1772 2352 ἡ
1803 2280 1897 2333 ἐπὶ

313 2380 430 2441 τοῖς
455 2376 737 2446 μεγίστοις
761 2375 1067 2445 ἀδικήμασι
1103 2376 1338 2446 μεγίστη
1364 2375 1606 2444 τιμωρία
1639 2373 1805 2443 αὕτη,
1833 2369 1898 2424 τὸ

317 2469 528 2537 ἔρημον
561 2467 658 2520 καὶ
713 2466 950 2537 ὀρφανὸν
1003 2463 1262 2534 γενέσθαι
1314 2465 1462 2517 ποιεῖ
1498 2460 1658 2515 Θεοῦ.
1696 2461 1758 2514 '0
1786 2459 1897 2530 γὰρ

315 2560 467 2623 ξένος
488 2556 583 2612 τοῦ
626 2556 825 2628 βοηθοῦ
881 2557 978 2610 καὶ
1008 2555 1264 2626 Σωτῆρος
1299 2554 1618 2624 γενόμενος,
1651 2551 1759 2605 ὑπὸ
1783 2551 1897 2614 τοῖς

313 2649 531 2721 ἐχθροῖς
559 2649 654 2702 καὶ
683 2650 798 2712 τοῖς
828 2648 1055 2722 λῃσταῖς
1085 2645 1250 2711 εὐθύς
1275 2648 1445 2701 ἔστιν.

384 2737 520 2797 Εῐτα
549 2741 805 2813 βασιλεὺς
837 2741 938 2809 μὲν
963 2740 1202 2809 ἐπίγειος
1234 2736 1554 2792 πιστεύεται
1578 2732 1741 2800 εἶναι,
1771 2733 1896 2790 καί·

318 2851 430 2904 περ
463 2834 539 2906 μὴ
566 2835 701 2888 πᾶσι
727 2833 1062 2904 βλεπόμενος
1088 2846 1102 2862 '
1132 2831 1222 2888 διά
1258 2831 1317 2885 δὲ
1348 2831 1556 2901 νόμων,
1589 2832 1684 2884 καὶ
1712 2829 1898 2884 διατά-

315 2925 455 2991 ξεων
485 2924 673 2991 αὐτοῦ,
699 2924 798 2978 καὶ
829 2922 1114 2989 ἐξουσιῶν,
1150 2923 1249 2978 καὶ
1285 2922 1598 2993 δυνάμεων,
1634 2922 1731 2976 καὶ
1752 2922 1897 2975 είκό-

312 3030 424 3067 νων
452 3015 676 3081 νοεῖται,
702 3012 795 3067 τὸν
819 3013 878 3067 δὲ
897 3011 1034 3067 Θεὸν
1054 3012 1116 3066 ού
1143 3010 1326 3083 βούλει
1356 3010 1596 3065 νοεῖσθαι
1621 3009 1690 3064 δι’
1719 3009 1898 3082 ἔργων

314 3104 414 3157 καὶ
432 3102 739 3172 δυνάμεων.

387 3194 463 3248 Οὐ
488 3194 583 3248 τὸν
614 3193 747 3247 Θεὸν
771 3192 1048 3264 βλάψομεν
1067 3191 1390 3261 ἀγνοοῦντες
1417 3189 1605 3257 αὐτὸν,
1627 3189 1743 3245 ἀλλ’
1770 3191 1898 3245 ἑαυ-

310 3288 443 3352 τοὺς
476 3288 927 3358 ἀποστερήσομεν
955 3286 1055 3356 τῆς
1083 3284 1249 3339 αὐτοῦ
1284 3285 1488 3353 φιλίας.

386 3468 658 3522 essem;
685 3466 901 3538 αἵρεσις
921 3464 1021 3537 τὴν
1074 3464 1408 3537 Ἐκκλησίαν
1445 3465 1720 3536 ἐνίκησεν,
1757 3465 1897 3521 ἀλλὰ

310 3558 405 3611 ἀεὶ
458 3558 734 3628 μαίνεται,
781 3557 878 3612 καὶ
910 3558 1031 3612 κατ’
1066 3557 1249 3628 ὀλίγον
1303 3557 1649 3629 προελθοῦσα
1690 3557 1896 3625 εὐθέως

286 3707 292 3711 ,
308 3647 522 3704 λύεται.
1456 3656 1461 3662 ’

387 3742 598 3813 Ὠσπερ
625 3740 901 3812 ὀφθαλμὸς
925 3741 1357 3813 τεταραγμένος,
1394 3740 1541 3795 οὕτω
1563 3740 1660 3795 καὶ
1684 3742 1719 3811 ὴ
1742 3740 1891 3811 ψυχὴ

306 3834 429 3895 τοῖς
450 3833 603 3903 παρά
632 3833 796 3903 φύσιν
826 3833 1128 3887 θολωθεῖσα
1159 3832 1451 3902 δόγμασιν,
1482 3834 1582 3903 οὐχ
1613 3827 1705 3886 οἷά
1741 3848 1802 3885 τε
1829 3832 1893 3886 τὸ

309 3922 433 3992 φῶς
464 3923 566 3992 τῆς
593 3923 854 3994 ἀληθείας
882 3923 1106 3977 διιδέναι
1130 3921 1401 3995 ἀκριϐῶς,
1425 3922 1563 3978 ἀλλά
1601 3925 1696 3977 καὶ
1719 3922 1788 3976 τά
1832 3923 1892 3976 ὲν

310 4010 447 4066 mal.
480 4014 718 4084 παρορᾷ.
757 4013 848 4068 Ἐν
885 4008 979 4067 οὖν
1020 4012 1228 4084 θολερῷ
1257 4011 1435 4076 ὕδατι,
1465 4013 1684 4078 καὶτὰς
1733 4011 1893 4084 ἐγχέ-

307 4105 428 4168 λεις
462 4105 785 4159 άλίσκεσθαί
817 4121 985 4176 φασιν
1014 4104 1528 4175 ἀποτυφλουμὲνας.

389 4283 673 4355 Κρείττων
729 4284 1033 4358 εὐημερίας
1080 4282 1418 4354 ἀχαλινώτου
1471 4283 1628 4348 νόσος
1671 4284 1892 4354 φιλόσο-

315 4393 442 4445 φος.

280 4498 287 4504 ·
390 4470 453 4523 Οί
478 4470 649 4524 πολλά
683 4470 993 4537 πταίοντες,
1028 4473 1121 4526 καὶ
1152 4471 1228 4543 μὴ
1275 4470 1656 4541 κολαζόμενοι,
1708 4471 1893 4540 φοϐεῖ·
1922 4505 1974 4567 D

1997 1928 2089 1970 ses
2118 1924 2176 1969 et
2209 1913 2454 1983 Samuel,
2491 1931 2602 1972 non
2653 1918 2947 1972 exaudiam
2979 1931 3098 1972 eos.
3149 1915 3230 1971 Ex
3263 1931 3377 1987 quo
3421 1916 3587 1971 intel-

1997 2007 2095 2077 ligi
2128 2007 2316 2072 datur,
2347 2016 2574 2079 peccata
2619 2009 2868 2077 quasdam
2916 2024 3045 2065 esse
3084 2023 3208 2080 quae
3235 2009 3454 2064 veniam
3487 2023 3584 2064 ex-

1995 2096 2219 2163 cedant,
2257 2112 2361 2153 nec
2383 2098 2801 2153 excusationem
2825 2100 2993 2154 ullam
3014 2101 3281 2170 consequi
3314 2100 3534 2171 possint
3552 2139 3569 2153 .

2068 2186 2229 2243 Dion.
2260 2189 2417 2243 Alex.
2456 2219 2521 2233 --
2541 2189 2691 2245 Nihil
2731 2191 3030 2248 exitiosius
3064 2200 3172 2258 est,
3201 2206 3371 2263 quam
3399 2207 3431 2246 a
3466 2190 3583 2247 Deo

1998 2280 2075 2336 ita
2124 2282 2334 2351 deseri,
2388 2291 2449 2339 ut
2498 2298 2604 2339 nec
2648 2291 2841 2339 nostra
2891 2285 3224 2354 prospiciat,
3273 2300 3381 2339 nec
3420 2282 3584 2338 nobis

1998 2373 2292 2442 provideat
2326 2393 2340 2429 :
2380 2383 2435 2430 et
2474 2375 2705 2446 gravius
2755 2375 3095 2446 supplicium
3145 2376 3218 2430 ob
3246 2375 3583 2447 gravissima

2001 2464 2239 2527 scelera.
2295 2465 2400 2521 hoc
2431 2475 2539 2533 est,
2576 2476 2636 2522 ut
2663 2470 2790 2536 quis
2828 2482 2858 2521 a
2897 2467 3010 2523 Deo
3048 2467 3389 2524 destituatur
3419 2475 3480 2523 et
3495 2480 3589 2522 or-

1997 2554 2182 2610 betur.
2219 2555 2356 2610 Nam
2387 2559 2485 2627 qui
2516 2557 2609 2612 Dei
2639 2558 2944 2615 Salvatoris
2975 2573 3082 2629 ope
3108 2567 3284 2624 caret,
3317 2558 3413 2615 hic
3450 2573 3590 2613 con-

1999 2644 2184 2703 festim
2225 2648 2331 2703 sub
2363 2649 2608 2703 hostium
2641 2656 2697 2704 et
2733 2649 3056 2718 praedonum
3092 2657 3372 2719 potestate
3412 2655 3523 2704 est.

2070 2737 2368 2809 Theophili.
2392 2768 2461 2782 --
2481 2739 2633 2795 Itane
2656 2738 2878 2794 tandem
2903 2755 3000 2794 rex
3033 2747 3313 2803 terrenus,
3343 2740 3445 2794 etsi
3484 2738 3591 2792 mi-

1998 2829 2147 2885 nime
2174 2829 2393 2886 videtur
2421 2831 2490 2886 ab
2527 2831 2811 2894 omnibus,
2844 2837 3028 2885 tamen
3063 2844 3165 2900 per
3204 2828 3357 2900 leges
3383 2837 3442 2884 et
3467 2828 3592 2884 edi~

1999 2928 2110 2982 cta,
2160 2920 2665 2989 auctoritatemque
2719 2926 2776 2974 et
2841 2919 3149 2989 potentiam
3196 2932 3262 2971 ac
3314 2916 3591 2991 imagines

1998 3011 2272 3068 exsistere
2301 3012 2593 3079 creditur;
2619 3011 2792 3068 Deum
2836 3025 2976 3067 vero
3004 3025 3072 3067 ex
3102 3009 3369 3082 operibus
3401 3016 3458 3064 et
3488 3022 3590 3080 po-

2001 3103 2178 3161 tentia
2205 3103 2443 3175 intelligi
2483 3118 2596 3159 non
2624 3103 2748 3159 vis?

2072 3194 2302 3251 Justim'.
2331 3224 2403 3234 —
2438 3194 2500 3250 Si
2532 3194 2704 3251 Deum
2752 3193 3104 3265 ignoramus,
3137 3206 3247 3249 non
3284 3200 3583 3263 propterea

2003 3285 2186 3357 ipsum
2216 3285 2480 3344 lmdemus
2511 3304 2527 3345 :
2568 3288 2669 3345 sed
2700 3288 2824 3360 ejus
2850 3288 3096 3345 amicitia
3126 3302 3231 3344 nos
3259 3287 3365 3359 ipsi
3399 3286 3589 3358 priva-

2002 3374 2208 3433 bimus.
2306 3450 2309 3451 7
3289 3425 3293 3431 .

2073 3466 2354 3537 Serapion.
2384 3498 2456 3509 —
2477 3466 2637 3523 Nulla
2672 3483 2913 3538 unquam
2968 3467 3200 3526 haeresis
3230 3467 3302 3524 de
3336 3465 3588 3522 Ecclesia

2004 3557 2401 3630 triumphavit;
2456 3561 2553 3618 sed
2608 3574 2827 3630 semper
2863 3560 3091 3630 quidem
3126 3559 3285 3623 furit.
3338 3570 3392 3614 et
3440 3567 3590 3629 post-

2003 3664 2169 3720 quam
2209 3648 2542 3720 aliquandiu
2590 3663 2884 3720 progressa
2917 3656 3026 3714 est,
3062 3649 3249 3705 statim
3285 3648 3584 3702 evanescit.

1990 3804 1993 3807 _
2074 3740 2246 3796 Clem.
2294 3740 2456 3795 Alex.
2499 3755 2566 3795 ea:
2594 3737 3105 3810 Pwdag.——Velut
3154 3738 3354 3794 oculus
3396 3738 3587 3792 turba-

2001 3842 2115 3901 tus,
2168 3833 2251 3888 sic
2301 3833 2487 3887 anima
2544 3846 2830 3903 quoques
2882 3829 3324 3903 repugnantibus
3371 3837 3586 3883 natura:

2000 3925 2245 3983 decretis
2305 3934 2700 3996 conspurcala,
2757 3924 3018 3979 veritatis
3061 3922 3243 3979 lucem
3292 3923 3454 3993 plene
3503 3922 3589 3975 in-

2002 4018 2146 4073 tueri
2194 4032 2304 4072 non
2339 4024 2558 4088 potest;
2594 4027 2654 4072 ut
2695 4030 2819 4086 quae
2852 4030 2956 4072 nec
2984 4030 3050 4071 ea
3078 4029 3204 4081 quae
3237 4014 3397 4069 obvia
3430 4021 3584 4073 sunt.

2000 4119 2214 4165 cernat.
2265 4110 2433 4179 Atqui
2461 4109 2518 4164 in
2570 4108 2793 4164 turbida
2841 4122 2985 4179 aqua
3040 4106 3354 4163 testudines
3415 4103 3585 4159 etiam

2000 4201 2309 4257 obcacatas
2338 4202 2461 4272 capi
2488 4201 2669 4256 aiunt.
3053 4220 3059 4226 λ
3504 4187 3515 4191 ’

2071 4289 2228 4364 Greg.
2261 4289 2404 4349 Naz.
2430 4321 2504 4332 —
2526 4289 2812 4347 Elii-enata
2850 4288 3158 4361 cupiditate
3194 4287 3426 4345 morbus
3449 4300 3578 4346 cum

2001 4382 2277 4453 sapientia
2307 4380 2645 4453 coniunctus
2672 4381 3027 4453 praestantior
3056 4391 3163 4437 est.

2072 4472 2326 4544 Chysost.
2353 4503 2425 4515 --
2450 4472 2558 4539 Qui
2596 4488 2725 4545 cum
2755 4472 2929 4527 multa
2979 4478 3233 4543 peccent.
3280 4470 3452 4527 nullis
3493 4479 3575 4527 ta-

284 4559 446 4614 .σθαι
474 4561 572 4615 καὶ
607 4561 907 4617 δεδοικέναι
939 4563 1268 4632 ὀφείλουσιν.
1303 4563 1541 4631 Δῦξεται
1570 4564 1682 4636 γὰρ
1711 4565 1895 4630 αὐτοῖς

2023 4578 2123 4620 nen
2170 4564 2353 4635 poenis
2393 4565 2739 4634 plectuntur,
2771 4564 2828 4618 in
2864 4570 3015 4637 metu
3050 4571 3107 4619 et
3132 4563 3335 4619 timore
3363 4567 3580 4621 versari

309 4653 388 4708 τὰ
418 4655 521 4725 τῆς
544 4655 817 4728 τιμωρίας
848 4656 939 4710 διά
970 4656 1074 4727 τῆς
1109 4658 1494 4731 ἀτιμωρησίας
1529 4658 1626 4713 καὶ
1657 4657 1759 4728 τῆς
1788 4673 1895 4728 μοι·

310 4747 626 4819 προθυμίας
646 4748 744 4803 τοῦ
773 4749 934 4805 Θεοῦ.

387 4840 642 4910 Πέφυκεν
669 4841 903 4905 ἕκαστος
942 4841 1055 4897 τῶν
1083 4844 1412 4915 κακουργῶν
1443 4845 1658 4915 ἀνδρῶν
1703 4846 1767 4900 τὸ
1808 4846 1893 4900 δί-

309 4949 473 4987 καιον
497 4932 674 5003 λέγων
700 4934 891 4990 κακόν.

264 5100 279 5170 ³.
387 5114 452 5167 El
500 5114 668 5184 μηδὲν
703 5113 969 5185 πράττεις
1006 5112 1233 5181 φαῦλον,
1272 5114 1438 5183 μηδὲν
1470 5114 1717 5187 φοϐηθῇς
1744 5090 1902 5187 πάρ.-

311 5222 443 5260 παν.
470 5206 533 5260 El
564 5205 624 5263 δὲ
646 5206 795 5260 κακά
825 5205 1056 5276 ἐργάζῃ,
1084 5204 1353 5275 φοϐήθητι
1377 5206 1469 5258 τὸν
1498 5207 1732 5278 Κριτήν.

276 5380 286 5403 ⁵
386 5382 447 5436 El
472 5380 802 5454 εὑρίσκομεν
833 5382 986 5452 δφεις
1017 5380 1195 5451 δφεων
1223 5381 1582 5452 δεινοτέρους,
1622 5383 1781 5451 δῆλον
1811 5386 1894 5439 ὅτι

1991 4655 2218 4711 debent.
2254 4654 2473 4712 Etenim
2511 4656 2848 4726 supplicium
2889 4669 3086 4711 eorum
3132 4669 3233 4726 per
3280 4654 3580 4726 impunita-

1992 4754 2105 4802 tem
2140 4745 2238 4802 Dei
2271 4746 2682 4803 incrementum
2715 4747 2884 4816 capit.

2064 4833 2230 4907 κω
2254 4833 2485 4890 Maximi
2510 4837 2576 4890 de
2618 4836 2837 4890 arbitrii
2875 4836 3141 4891 libertate.
3166 4867 3234 4878 —
3257 4835 3580 4893 Sceleratus

2000 4928 2260 4997 quisque,
2320 4926 2458 4983 illud
2506 4928 2656 4996 quod
2699 4928 2915 4999 justum
2976 4936 3085 4994 est,
3134 4929 3340 4983 malum
3393 4928 3582 4984 dicere

2001 5020 2312 5075 consuevit.
3010 5052 3013 5055 λ
3469 5072 3477 5088 ,

2075 5110 2398 5177 Nili,5089.
2419 5142 2488 5155 -—
2510 5113 2569 5167 Si
2596 5112 2732 5167 nihil
2766 5112 3018 5168 admittis
3064 5112 3217 5177 mali,
3248 5113 3387 5167 nihil
3422 5128 3581 5182 pror-

1998 5218 2096 5260 sus
2135 5204 2521 5261 exstimescas.
2552 5206 2651 5261 Sin
2685 5204 2830 5260 male
2857 5213 2911 5259 et
2941 5205 3212 5261 scelerate
3232 5205 3394 5273 vivis,
3426 5203 3580 5261 Judi-

1996 5312 2116 5351 cem
2147 5306 2351 5352 metue.

2070 5388 2350 5459 Ejusdem,
2380 5388 2544 5446 2739.
2573 5417 2641 5430 —
2666 5389 2724 5445 Si
2758 5389 2905 5446 inter
2939 5398 3253 5461 serpentes.
3286 5389 3427 5445 alios
3456 5389 3582 5445 aliis

1615 5499 1701 5557 VA
1709 5502 1847 5565 RIE
1882 5503 2175 5565 LECTION
2181 5503 2285 5561 ES.

380 5598 403 5668 ,ξ
453 5587 511 5641 In
543 5584 1099 5668 Rnpgl'._excerpti_un
1144 5588 1742 5668 hancinscriptionem
1768 5596 1972 5668 habet,
1998 5595 2095 5650 τοῦ
2123 5593 2328 5668 αὐτοῦ,
2360 5596 2425 5668 ὲκ
2449 5594 2559 5668 τού
2596 5603 2644 5649 α’
2707 5595 2842 5668 πρδς
2895 5593 3186 5668 Ἰουλιανόν
3211 5609 3225 5624 ο
3257 5592 3492 5663 ejusdem
3519 5608 3587 5668 ea:

312 5659 488 5734 primo
546 5655 615 5734 (id
650 5653 971 5734 (alienam;
1012 5654 1135 5711 Non
1203 5665 1424 5734 exstant
1473 5653 2326 5734 eiusmodilibri’Chrysostomi'
2351 5666 2416 5720 ad
2456 5653 2762 5721 lulianum:
2799 5653 2989 5734 Neque
3035 5664 3127 5720 hic
3160 5653 3318 5723 locus
3342 5664 3586 5734 occurrit

310 5728 415 5811 l-ib.‘
468 5743 497 5811 l-
546 5726 748 5797 Cvrilli
786 5727 941 5782 Alex.
1012 5735 1208 5783 contra
1271 5725 1571 5798 lulianum,
1632 5733 1711 5789 uti
1756 5752 1855 5793 nec
1902 5738 2010 5793 alia
2043 5725 2163 5808 quae
2197 5752 2263 5792 cx
2306 5736 2501 5793 iisdem
2534 5737 2691 5793 libris
2729 5725 2954 5808 asapia
2994 5743 3260 5791 notantur
3290 5733 3496 5811 paSSim
3525 5732 3582 5787 in

311 5794 511 5879 limi:

3038 5880 3064 5911 α
