3986 6396
531 329 672 395 ιιιιι
1713 328 1781 386 s.
1808 323 2133 387 JOANNIS
2170 323 2602 387 DAMASCENI
3627 348 3739 425 “,8

535 441 847 496 atrociores
870 440 1209 502 invenimus,
1257 453 1365 493 non
1401 445 1486 494 est
1513 437 1772 500 dubium,
1805 438 1941 507 quin
1977 437 2109 491 inter

2164 445 2193 500 λ
2222 437 2316 490 καὶ
2363 437 2516 508 πάθη
2571 436 2762 491 παθῶν
2813 437 2931 490 ἐστι
2964 435 3346 513 χαλεπώτερα,
3391 448 3479 502 καὶ
3519 451 3738 528 δαιμόνων

532 532 670 586 vitia
704 532 814 586 alia
845 547 1070 602 quoque
1105 532 1231 587 aliis
1281 531 1394 586 sint
1428 531 1710 601 graviora,
1741 538 1795 584 et
1835 530 1979 584 inter
2007 528 2106 585 dat-

2218 531 2492 628 ’πονηρῶνΔ
2519 530 2700 602 ἕτεροι
2733 531 3092 628 πονηρότεροι
3267 541 3565 616 πικρότεροι
3596 551 3738 628 ὑπάρ-

507 635 730 674 »ιιιοιιεε
762 621 1070 690 improbos,
1123 620 1488 691 improbiores
1523 621 1615 678 alii
1665 621 1799 687 sint,
1837 629 1892 676 et
1921 621 2081 677 crude

1837 629 1892 676 et
1921 621 2118 677 crude-
2217 639 2378 695 χουσι
2400 622 2679 695 δαίμονες,
2704 623 2799 678 καὶ
2823 623 3046 693 φαύλων
3068 624 3407 698 φαυλότεροι.

503 710 726 776 λιὶοτεε,
753 721 809 766 et
841 713 1004 766 malis
1031 714 1355 784 nequiores.

606 801 882 872 Ejusdem.
919 833 989 844 —
1017 805 1154 859 Cum
1196 805 1420 861 animus
1467 820 1564 876 per
1587 811 1878 878 peccatum
1911 803 1980 858 ab
2012 804 2118 858 im-

2259 797 2403 891 ’Τῆς
2430 797 2615 870 ψυχῆς
2634 799 2742 891 ,τοῦ
2785 799 3090 891 ανθρώπουγ
3115 801 3308 874 ῥαδίως
3349 805 3436 859 διὰ
3474 810 3565 881 τῆς
3597 815 3739 891 ἁμαρ,

506 894 690 964 ,puris
736 894 1090 951 daemonibus
1158 896 1464 961 inescatus,
1515 896 1678 953 facile
1737 896 2080 952 interimam:

2215 887 2340 950 τίας
2377 889 2751 959 φονευομένης
2796 889 2901 943 ὑπὸ
2939 890 3046 944 τῶν
3076 890 3434 956 δελεαζόντων
3466 887 3741 976 ἀκαθάρτων

505 994 656 1055 --apte
683 986 907 1044 locutus
932 995 1019 1043 est
1052 989 1147 1060 qui
1170 989 1350 1045 dixit:
1396 988 1602 1060 Capior
1633 989 1783 1045 velut
1810 987 1880 1043 ad
1908 987 2078 1044 caedet

2215 977 2514 1068 δαιμόνων,
2561 979 2838 1050 εὐστόχως
2883 977 3039 1035 εἷπεν
3066 982 3095 1035 ό
3141 982 3322 1050 λέξας,
3379 987 3460 1042 ὃτι
3486 991 3740 1068 ἁγρεύομαι

531 1077 640 1132 leo,
2219 1066 2409 1140 ὥσπερ
2439 1068 2580 1123 λέων
2611 1071 2693 1133 είς
2718 1071 2954 1139 σφαγήν.

599 1169 890 1240 Ejusdem,
938 1170 1101 1228 56l7.
1132 1201 1203 1213 —
1233 1172 1447 1229 Bonum
1491 1182 1688 1244 suapte
1742 1183 1940 1228 natura
1989 1186 2117 1226 sur-

2289 1159 2370 1232 Τῇ
2399 1159 2560 1229 φύσει
2581 1161 2642 1215 τὸ
2669 1161 2875 1229 ἀγαθὸν
2903 1162 3019 1218 ἄνω
3050 1162 3215 1232 φέρον
3243 1165 3493 1238 ὑπάρχει,
3513 1171 3570 1224 τὸ
3593 1174 3640 1228 δὲ
3664 1195 3740 1231 κα.

530 1279 655 1318 sum
687 1263 832 1318 fert:
866 1263 1071 1317 malum
1101 1272 1285 1318 autem
1319 1281 1444 1320 eum
1476 1265 1569 1336 qui
1611 1265 1757 1318 malo
1784 1263 2104 1325 delectatur,

2217 1249 2313 1303 κδν
2336 1251 2474 1323 πρκ
2503 1252 2572 1306 τὰ
2592 1253 2746 1308 κάτω
2775 1253 3033 1309 καθέλκει
3055 1255 3147 1308 τὸν
3168 1259 3508 1328 κεχρημένον
3527 1280 3539 1292 ·
3567 1264 3633 1329 ῶς
3659 1285 3739 1322 που

512 1352 598 1405 ad
632 1352 740 1406 ima
763 1351 1037 1407 detrahit:
1066 1353 1534 1422 quemadmodum
1569 1361 1623 1407 et
1655 1351 1914 1406 Salomon
1941 1351 2079 1404 dixit

2216 1340 2314 1395 καὶ
2343 1344 2371 1396 ό
2411 1343 2668 1415 Σολομὼν
2719 1346 3019 1418 ἐφράσατο,
3047 1347 3132 1400 ὅτι
3164 1365 3182 1397 ι
3203 1348 3265 1401 Ol.
3310 1350 3464 1414 πόδες
3490 1357 3580 1424 τῆς
3608 1359 3739 1428 ἀφρο.

514 1463 553 1495 κε
594 1443 765 1499 Pedes
811 1443 1064 1498 stultitia:
1109 1458 1230 1508 eos,
1268 1444 1362 1512 qui
1400 1445 1521 1514 ipsa
1554 1450 1810 1507 utuntur,
1859 1442 1912 1495 in
1946 1439 2088 1495 infer

2217 1432 2388 1506 σύνης
2441 1435 2570 1500 τοὺς
2621 1437 2944 1509 χρωμένους
2992 1439 3133 1510 αὐτῇ
3197 1440 3279 1502 εἰς
3340 1439 3470 1511 ἄδην
3521 1447 3741 1516 κατάγω-

531 1551 662 1590 num
699 1535 985 1590 deducunt
1020 1535 1219 1606 (Prov.
1245 1551 1301 1600 ν,
1335 1533 1430 1603 5).
1468 1553 1487 1586 ι

812 1543 985 1590 ucunt
1020 1535 1219 1606 (Prov.
1245 1551 1301 1600 ν,
1335 1533 1430 1603 5).
1468 1553 1487 1586 ι
2219 1542 2326 1579 σιν.
2362 1545 2381 1578 ι

603 1644 878 1713 Ejusdem.
907 1675 976 1684 —
994 1644 1098 1700 I’er
1126 1646 1462 1717 Babylonem
1490 1660 1888 1712 nonnunqnani
1922 1644 2114 1698 diabo-

2289 1636 2552 1691 Βαὸυλὼν
2584 1639 2715 1693 ποτὲ
2755 1640 2853 1711 μὲν
2884 1643 2912 1694 ό
2940 1639 3188 1705 διὰδολος
3222 1641 3462 1712 λέγεται,
3489 1650 3607 1702 ποτὲ
3645 1652 3689 1704 δὲ
3716 1657 3739 1725 ἡ

512 1737 616 1792 -ιυς
642 1737 1010 1810 intelligitur;
1047 1737 1383 1808 quandoque
1427 1737 1611 1791 anima
1663 1736 1905 1792 hominis
1934 1751 1964 1788 a
1998 1746 2086 1788 ten

2165 1803 2183 1810 ⁵
2217 1725 2364 1798 ψυχὴ
2392 1728 2682 1798 ἀνθρώπου
2747 1731 3134 1804 συγκεχυμένη
3177 1735 3242 1786 ὲκ
3272 1739 3578 1808 πειρασμῶν
3618 1743 3739 1810 χαλε-

527 1803 848 1883 tationibusv
887 1803 1080 1884 variis“
1115 1803 1324 1899 iactata
1359 1845 1370 1880 :
1426 1828 1705 1884 interdum
1750 1826 2011 1890 mundus,
2043 1827 2101 1883 ol

2163 1803 2189 1858 Β
2217 1813 2358 1878 πῶν,
2393 1813 2527 1867 ποτὲ
2553 1814 2608 1867 δὲ
2631 1817 2659 1868 ὁ
2694 1816 2901 1886 κόσμος
2930 1816 3000 1868 δι’
3021 1803 3193 1889 αὐτὴν
3225 1819 3284 1870 ὲν
3323 1803 3482 1892 αὖτῷ
3503 1803 3737 1878 πολιτευο-

527 1921 940 1990 confusionem,
995 1921 1551 1993 ludificationemque
1615 1930 1671 1975 et
1726 1921 2101 1990 imposturam,

1893 1930 2113 1985 ειυηιη,
2221 1906 2392 1977 μένην
2419 1905 2708 1977 σύγχυσιν,
2735 1908 2831 1961 καὶ
2863 1907 3085 1982 χλεύην,
3112 1910 3208 1964 καὶ
3237 1911 3467 1983 ἀπάτην.

524 2034 650 2088 quae
681 2017 736 2071 in
773 2017 893 2087 ipso
925 2025 1209 2072 versatur.

602 2129 883 2199 Ejusdem,
937 2129 1102 2184 5642.
1125 2158 1189 2169 -
1219 2127 1456 2195 Quidam
1506 2128 1675 2183 etiam
1709 2128 1832 2184 sine
1879 2127 1990 2182 ulla
2019 2127 2113 2181 ad-

2290 2124 2449 2189 Τινὲς
2479 2126 2573 2179 καὶ
2602 2126 2774 2198 χωρὶς
2800 2127 3203 2198 περιστάσεως,
3228 2130 3325 2182 καὶ
3357 2130 3606 2202 ἀνάγκης,
3629 2135 3741 2204 πόθῳ

526 2223 794 2279 versitate
824 2231 880 2277 et
910 2221 1270 2285 necessitate,
1298 2219 1488 2276 divino
1522 2219 1808 2275 desiderio
1840 2228 1895 2274 et
1929 2233 2100 2273 amori

2220 2214 2353 2286 θείῳ
2376 2217 2473 2270 καὶ
2500 2216 2670 2290 ἔρωτι
2709 2220 3111 2289 προσέρχονται
3145 2219 3226 2291 τῷ
3255 2220 3394 2292 Θεῷ,
3426 2223 3739 2292 ἀποφυγόντες

515 2313 781 2384 impulsi,
814 2313 882 2367 ad
925 2313 1096 2366 Deum
1151 2311 1446 2376 accedunt,
1505 2311 1632 2382 fuga
1684 2313 1894 2367 relictis
1924 2311 2089 2366 rebus

2218 2308 2288 2362 τὰ
2314 2308 2576 2363 δοκοῦντα
2608 2312 2668 2364 ὲν
2720 2311 2914 2382 κόσμῳ
2961 2311 3143 2384 ὡραῖά
3199 2330 3262 2366 τε
3311 2316 3405 2367 καὶ
3442 2317 3656 2385 τερπνά·
3693 2322 3737 2371 σὺ

527 2421 652 2476 qua:
683 2406 738 2459 in
774 2406 878 2459 hoc
913 2403 1120 2458 mundo
1156 2404 1404 2474 pulchrae
1439 2413 1490 2456 et
1524 2403 1786 2472 jucunda:
1837 2403 2101 2458 videntur.

2219 2401 2517 2464 τοσαύταις
2547 2401 2770 2472 βληθεὶς
2801 2403 3228 2475 ταλαιπωρίαις,
3261 2406 3444 2476 μένεις
3481 2407 3644 2479 ἀκμὴν
3675 2427 3737 2478 φι-

525 2500 599 2553 Δι
631 2507 715 2564 ιιι,
742 2499 837 2568 qui
875 2507 955 2552 tot
983 2495 1248 2550 aerumnis
1278 2495 1571 2565 perculsus
1603 2510 1683 2560 es,
1725 2493 1908 2548 adhuc
1949 2494 2096 2548 obsti

2223 2486 2504 2557 λονεικῶν,
2529 2491 2624 2544 καὶ
2652 2492 2902 2563 στέργων
2925 2494 2994 2548 τὰ
3021 2495 3188 2548 ὐλικὰ
3215 2496 3530 2567 πράγματα,
3552 2500 3632 2551 καὶ
3650 2502 3737 2560 ταῖς

526 2597 698 2642 natus
729 2588 926 2651 haeres,
961 2592 1020 2638 ut
1060 2599 1150 2639 res
1179 2598 1304 2638 cum
1341 2583 1577 2638 materia
1629 2583 1965 2653 conjunctas
1998 2598 2100 2638 am-

2219 2580 2518 2653 ἁμαρτίαις
2564 2583 3063 2655 καταπνιγόμενος,
3093 2586 3156 2639 οὐ
3196 2586 3380 2656 βούλει
3422 2587 3735 2652 αἰσθάνεσθαι,

523 2680 829 2751 plectaris:
867 2691 1110 2747 cumque
1158 2675 1402 2746 peccatis
1455 2674 1802 2746 praefoeeris,
1835 2675 1888 2730 id
1932 2683 2097 2729 tamet

2220 2671 2338 2726 ἀλλ’
2378 2675 2443 2726 ὲκ
2474 2675 2833 2746 παρατάξεως
2888 2678 2979 2730 τὺν
3033 2679 3170 2732 Θεὸν
3231 2680 3590 2752 παροργίζεις,
3626 2698 3737 2749 τριε-

523 2770 740 2825 5entire
801 2781 912 2822 non
956 2767 1064 2830 vis,
1114 2765 1212 2820 sed
1244 2765 1409 2834 quasi
1441 2764 1717 2818 instructa
1765 2765 1885 2818 acie
1922 2763 2116 2827 Deum,
2220 2762 2414 2827 άθλιε;

525 2863 700 2918 homo
728 2860 1064 2923 miserrime,
1098 2857 1167 2912 ad
1195 2855 1544 2911 iracundiam
1575 2857 1890 2925 provocas?

591 2967 884 3046 Ejusdem.
917 3005 986 3016 -—~
1018 2974 1077 3028 Si
1131 2987 1298 3030 sensu
1353 2972 1620 3044 praeditus
1675 2988 1850 3033 esses,
1899 2973 2033 3043 ipsa:
2066 2982 2118 3028 te

2294 2971 2466 3040 Εἴπερ
2485 2971 2740 3042 αἴσθησιν
2768 2969 2936 3043 εἶχες,
2971 2975 3111 3030 αὐτὰ
3138 2977 3210 3030 τὰ
3233 2976 3326 3030 τοῦ
3353 2976 3467 3046 βίου
3495 2977 3737 3048 πράγματα

527 3083 620 3136 res
667 3066 838 3137 hujus
885 3065 1013 3120 vitae
1065 3064 1418 3134 impellerent
1454 3071 1514 3118 ut
1547 3064 1613 3118 ad
1659 3063 1829 3119 Deum
1878 3063 2094 3135 fugeres

2219 3061 2420 3132 ἤλαυνέ
2455 3079 2513 3114 σε
2535 3069 2871 3132 καταφυγεῖν
2903 3066 3041 3138 πρὸς
3067 3069 3226 3131 Θεὸν,
3253 3070 3346 3123 καὶ
3371 3068 3610 3138 σωθῆναι.
3637 3067 3736 3120 Ἀλλ’

526 3163 830 3233 salvusque
877 3161 1060 3216 fleres.
1105 3159 1178 3213 At
1235 3159 1498 3231 quoniam
1548 3166 1747 3229 sponte
1787 3158 2016 3230 langues
2061 3160 2100 3213 ir

2164 3145 2192 3214 Β
2222 3149 2413 3222 ἐπειδὴ
2445 3153 2818 3221 ὲθελοκακείς,
2847 3157 3011 3227 βλέπε
3047 3159 3116 3212 τὰ
3147 3159 3564 3230 καταληψόμενὰ
3587 3175 3654 3220 σε,
3679 3160 3738 3210 ἵνα

528 3255 695 3320 malo,
749 3252 872 3308 vide
925 3266 1049 3322 qtue
1097 3258 1151 3306 te
1183 3259 1473 3321 arreptura
1521 3257 1676 3317 sunt,
1711 3257 1775 3303 ut
1818 3249 1876 3305 in
1931 3249 2102 3304 medic

2219 3245 2277 3297 ὲν
2315 3246 2470 3316 μέσῳ
2510 3245 2619 3302 τῶν
2668 3247 2941 3318 βιωτικῶν
2988 3253 3340 3322 πραγμάτων
3366 3253 3598 3320 κακίστῳ
3628 3249 3738 3320 μόρῳ

517 3362 711 3402 rerum
759 3344 1169 3401 mundanarum
1221 3342 1465 3413 pessimo
1495 3339 1607 3395 fato
1651 3341 1820 3394 vitam
1859 3341 2090 3395 claudas

2218 3333 2308 3386 τὸν
2347 3333 2460 3404 βίον
2490 3335 2828 3410 καταλύσῃς,
2849 3339 3073 3392 κάκεῖσε
3101 3340 3347 3412 ἀπέλθῃς
3375 3340 3569 3411 γυμνὸς
3588 3339 3736 3408 ἀρετῆς

523 3446 578 3492 ct
613 3437 680 3491 ad
719 3435 964 3490 futurum
993 3447 1171 3488 aevum
1203 3433 1432 3489 virtutis
1469 3446 1682 3487 vacuus
1701 3431 1897 3485 abeas.

1469 3446 1682 3487 vacuus
1701 3431 1897 3485 abeas.
2219 3428 2425 3497 πάσης.
3029 3442 3035 3448 ·

595 3550 875 3622 Ejusdem,
928 3547 1192 3604 5661—-
1231 3545 1561 3602 Studiorum
1619 3553 1844 3599 tuorum
1896 3545 2115 3599 fructus

2291 3541 2434 3606 Τοὺς
2481 3543 2727 3612 καρποὺς
2782 3543 2888 3596 τῶν
2945 3543 3056 3596 σῶν
3131 3543 3573 3614 ἐπιτηδευμάτων
3617 3538 3736 3599 αὐτὸς

525 3645 644 3713 ipse
691 3643 959 3697 comedis.
997 3639 1214 3694 Etenim
1246 3639 1318 3693 ab
1349 3637 1490 3693 Isaia
1530 3637 1742 3692 dictum
1777 3645 1904 3693 est:
1949 3658 1966 3689 ι
2007 3635 2099 3706 Ιρε]

2217 3631 2564 3696 ὲσθίεις.Καὶ
2581 3634 2690 3704 γὰρ
2706 3632 2919 3705 εἴρηται
2943 3635 3091 3702 παρὰ
3111 3634 3191 3705 τῷ
3219 3636 3432 3703 Ἡσαΐᾳ,
3459 3635 3534 3687 ὅτι
3561 3652 3576 3684 ι
3597 3631 3735 3683 Ἕδον-

511 3734 820 3788 comedent
879 3746 1051 3802 opera
1115 3729 1341 3784 malitia:
1399 3743 1514 3783 suae
1565 3727 1724 3796 (Isa.
1780 3743 1863 3794 ιιι,
1923 3728 2054 3798 10).

2216 3739 2307 3776 ται
2336 3724 2403 3776 τὰ
2432 3723 2568 3794 ἔργα
2593 3725 2694 3794 τῆς
2741 3724 3008 3796 πονηρίας
3037 3726 3236 3779 αὐτῶν.
3275 3747 3293 3778 ι
3335 3725 3446 3796 Τῆς
3479 3725 3532 3778 δὲ
3561 3721 3735 3792 καρδίας

516 3823 701 3878 Porro
731 3839 855 3878 cum
893 3830 1087 3892 peetus
1130 3821 1485 3892 improbitate
1533 3823 1888 3890 informatur,
1950 3832 2090 3881 exse

2222 3816 2290 3884 τῇ
2327 3815 2566 3886 πονηρίᾳ
2609 3817 3075 3889 μεμορφωμένης,
3109 3816 3359 3890 βδελυροὶ
3389 3819 3452 3870 ἐκ
3480 3815 3657 3881 ταύτης
3679 3811 3737 3861 λιι⁴

525 3916 749 3972 oranda:
775 3931 840 3972 ex
870 3931 936 3970 eo
966 3915 1334 3986 cogitationes
1378 3917 1698 3984 prosiliunt.

1211 3931 1334 3972 mes
1378 3917 1698 3984 prosiliunt.
2215 3903 2411 3974 γισμοῖ
2446 3905 2785 3974 ἀναπηδῶσι-

591 4027 997 4083 Perridiculum
1030 4025 1220 4094 fuerit,
1245 4029 1536 4100 mancipiis
1563 4006 1788 4101 quidem
1815 4031 2108 4102 imperare,

2287 4035 2722 4106 Καταγέλαστον
2750 4038 2819 4094 ἂν
2846 4040 2932 4110 εἴη
2973 4041 3035 4094 τὸ
3065 4035 3365 4116 κατάρχειν
3400 4040 3504 4094 τῶν
3531 4030 3736 4106 ἁνδραπίν

521 4137 552 4174 a
583 4126 817 4192 peccato
853 4128 1038 4175 autem
1069 4121 1124 4174 in
1162 4123 1432 4178 servitute
1456 4123 1662 4179 teneri.

2197 4124 2348 4190 -δων,
2381 4121 2936 4196 ἐξανδραποδίζεσθαι
2973 4129 3030 4184 δὲ
3061 4131 3170 4186 ὑπὸ
3201 4133 3304 4204 τῆς
3337 4128 3612 4202 ἁμαρτίας·

594 4233 877 4304 Ejusdem,
914 4233 1089 4290 5882.
1115 4264 1186 4277 --
1211 4233 1541 4292 Peccatores
1579 4252 1775 4294 omnes
1813 4236 2109 4293 multilarii

2283 4236 2497 4302 Πάντες
2525 4240 2576 4292 οἱ
2597 4241 2920 4310 ἁμαρτωλοὶ
2947 4243 3286 4317 πολύτροποι
3308 4246 3568 4314 λέγονται.
3590 4237 3737 4299 ’Δλλσς

510 4326 807 4382 dicuntur.
840 4326 998 4382 Alius
1038 4326 1184 4382 enim
1210 4335 1297 4384 est
1319 4328 1520 4385 modus
1547 4331 1931 4386 scortationis.
1966 4331 2084 4386 aliu‘.

2213 4327 2324 4399 γὰρ
2353 4329 2556 4399 τρόπος
2587 4333 2867 4403 πορνείας,
2925 4337 3020 4390 καὶ
3046 4336 3208 4401 ἄλλος
3239 4337 3438 4409 τρόπος
3467 4331 3642 4403 θυμοῦ.
3669 4328 3737 4382 καὶ

521 4420 639 4485 iraa,
695 4419 840 4476 alius
902 4418 1086 4474 inanis
1132 4420 1341 4490 gloria,
1411 4421 1652 4493 invidia},
1704 4424 2095 4480 recordationis

2162 4485 2179 4497 ι
2219 4417 2410 4490 ἒ’περθίῖ
2444 4421 2752 4487 κενοδοξίας
2779 4422 3004 4495 τρόπος.
3025 4427 3120 4480 καὶ
3149 4427 3370 4497 φθόνου,
3400 4426 3494 4478 καὶ
3521 4434 3736 4494 ,μνησικα-

521 4513 884 4584 injuriarum,
919 4521 973 4567 et
1010 4511 1353 4582 reliquorum
1391 4484 1520 4567 item
1573 4514 1856 4569 vitiorum.
1893 4515 2095 4569 Contra

2158 4485 2184 4540 ὖ
2218 4484 2369 4575 κίαξ.
2401 4512 2496 4566 καὶ
2524 4484 2827 4585 τῶννὲξῆςί
2849 4516 2912 4570 Oi
3033 4484 3232 4572 δίκαιοι
3269 4484 3582 4588 μονότροποί
3608 4484 3732 4568 slew.

509 4605 654 4676 justi
685 4606 852 4661 unius
883 4603 1032 4660 modi
1065 4612 1216 4661 sunt.
1243 4604 1516 4670 Quocirca
1549 4606 1745 4662 beatus
1780 4606 1954 4662 David
1978 4607 2083 4660 ait.

2217 4602 2423 4674 Διόπερ
2455 4603 2624 4676 φησιν
2657 4606 2687 4659 ό
2729 4605 3004 4678 μακάριος
3041 4609 3229 4676 Δασὶδ,
3259 4611 3340 4665 ὅτι
3378 4626 3396 4661 ι
3427 4607 3614 4678 Κύριος
3632 4615 3734 4654 κατ·

523 4717 544 4751 ι
581 4697 852 4752 Dominus
913 4696 1169 4753 habitare
1220 4697 1351 4752 facit
1395 4700 1560 4754 unius
1615 4700 1789 4756 moris
1839 4702 1893 4754 in
1937 4701 2097 4756 domo

1968 4705 2104 4756 ‘omo
2213 4691 2413 4756 οικίζει
2447 4694 2833 4767 κοινοτρόπους
2867 4698 2926 4750 έν
2953 4699 3088 4770 οἴκῳ
3115 4717 3135 4751 ι
3173 4696 3542 4770 πνευματικῷ.

517 4789 540 4858 (
565 4789 716 4844 Psal.
739 4803 878 4855 exn,
910 4787 942 4841 9
967 4789 1007 4857 ),
1047 4806 1066 4839 ι
1099 4788 1373 4858 spirituali
1403 4789 1552 4844 licet.

587 4899 874 4969 Ejusdem,
907 4899 1074 4957 3898.
1108 4930 1176 4941 -—
1204 4898 1261 4954 Si
1291 4900 1543 4972 leprosus
1567 4902 1844 4973 quondam
1877 4917 2100 4975 aspersa

2286 4907 2347 4959 Εί
2371 4907 2573 4978 λεπρός
2603 4927 2737 4966 ποτε
2765 4913 3132 4981 κατάστικτος
3161 4918 3262 4988 τὴν
3301 4915 3499 4986 σάρκα,
3531 4907 3656 4984 μετὰ
3673 4904 3732 4958 πί-

507 4990 746 5060 ~.punctis
799 5005 992 5055 carne,
1029 4991 1198 5046 simul
1252 5000 1418 5064 atque
1469 5009 1594 5048 cum
1654 4994 1760 5051 fide
1817 4996 2081 5053 Christun

2214 5013 2388 5061 στεως
2414 5000 2732 5069 προσελθὼν
2763 5004 2989 5076 Χριστῷ
3017 5006 3097 5078 τῷ
3128 5007 3444 5076 πανυψίστῳ
3471 5003 3598 5072 Θεῷ,
3611 4995 3730 5053 ἀπεί-

519 5096 839 5150 supremum
873 5082 1043 5135 Deum
1073 5081 1232 5147 adiit,
1268 5085 1410 5140 hanc
1441 5087 1512 5140 ab
1548 5087 1698 5140 omni
1744 5086 1866 5143 labe
1898 5102 2093 5158 puram

2210 5093 2384 5164 ληφεν
2421 5093 2627 5160 εὐθέως
2665 5097 2872 5169 ταύτην
2925 5101 3127 5165 παντὸς
3174 5101 3422 5175 καθαρὰν
3448 5097 3639 5157 σπίλον,
3667 5089 3731 5142 διὰ

521 5175 762 5243 recepit;
815 5173 1016 5265 ecquid
1040 5180 1108 5265 tu
1137 5175 1297 5230 fidem
1331 5185 1388 5234 et
1427 5193 1623 5247 preces
1666 5179 1928 5235 adhibere
1976 5194 2095 5251 gra-

2209 5185 2265 5238 τί
2299 5185 2463 5251 αὐτὸς
2494 5185 2676 5252 ὀκνεῖς
2712 5190 2897 5244 πίστει
2947 5192 3044 5247 καὶ¹
3092 5193 3279 5265 δεήσει
3326 5173 3637 5264 χρήσασθαι.
3663 5178 3732 5233 καὶ

513 5265 690 5327 varis,
725 5271 785 5319 ιιι
816 5278 848 5318 a
891 5261 1122 5321 nefariis
1157 5265 1508 5340 impurisque
1539 5270 1738 5326 animae
1782 5272 1997 5328 morbis
2037 5271 2087 5327 li-

2209 5275 2319 5329 τῶν
2350 5277 2587 5348 μιαρῶν,
2619 5281 2714 5334 καὶ
2740 5281 3073 5354 ἀκαθάρτων
3105 5261 3296 5339 παθῶν
3470 5277 3629 5352 ψυχῆς
3666 5271 3732 5323 λυ·

520 5357 731 5414 bereris
756 5356 782 5410 ?
1489 5402 1492 5404 .
1769 5373 1772 5376 ’

1489 5402 1492 5404 ~
1769 5373 1772 5376 ’
2208 5367 2486 5439 τρωθῆναι
2509 5386 2524 5435 ;

593 5466 870 5536 Ejusdem,
903 5466 1063 5523 396i.
1088 5498 1157 5511 ~
1181 5470 1263 5524 An
1291 5478 1344 5524 te
1372 5471 1504 5526 illud
1537 5473 1696 5544 fugit,
1730 5476 1877 5545 quod
1912 5492 1942 5530 a
1974 5478 2103 5548 qui-

2284 5483 2399 5534 Οὐκ
2424 5477 2581 5537 οἶσθα
2613 5483 2692 5537 ὅτι
2720 5475 2797 5539 ὧν
2824 5502 2908 5550 τις
2943 5487 3172 5558 ἡττῆται
3212 5488 3391 5560 ψυχῆς
3421 5482 3614 5546 παθῶν,
3644 5470 3730 5528 τςιύ·

509 5558 620 5614 ‘bus
655 5560 852 5614 anima:
895 5560 1050 5617 vitiis
1099 5563 1376 5633 quispiam
1423 5575 1719 5634 superatus
1753 5578 1860 5635 est,
1907 5584 2083 5625 eorun

2207 5588 2316 5624 των
2357 5571 2566 5641 γίνεται
2607 5574 2704 5628 καὶ
2746 5575 2933 5641 δοῦλος
2965 5558 3258 5649 μαστιγίας
3279 5558 3299 5647 ;V
3315 5558 3434 5632 ἄλλ’
3462 5577 3555 5630 οὐκ
3601 5565 3727 5635 ἐσμὲν

516 5661 743 5719 quoque
778 5664 974 5731 servus
999 5649 1275 5707 efﬁcitur?
1302 5652 1466 5723 Atqui
1495 5669 1607 5710 non
1639 5671 1834 5712 sumus
1881 5657 1976 5712 filii
2005 5673 2090 5712 an-

2208 5662 2372 5730 ἡμεῖς
2417 5664 2715 5736 παιδίσκης
2750 5667 2936 5736 τέκνα,
2983 5671 3124 5728 ἀλλὰ
3159 5673 3258 5742 τῆς
3293 5668 3585 5738 ἐλευθέρας,
3613 5663 3727 5714 ὅπως

516 5739 682 5804 Cillan.
735 5741 829 5798 sed
860 5743 1088 5814 liberte,
1137 5751 1216 5830 ut
1249 5759 1278 5798 a
1315 5746 1558 5814 lieccatis
1600 5747 1803 5805 divulsi
1846 5748 2090 5808 libertate

2212 5749 2289 5822 τῆν
2329 5754 2602 5828 ἁμαρτίας
2635 5756 3003 5830 διαιρεθέντες
3036 5739 3524 5837 ἐλευθεριάσωμεν.
3547 5749 3727 5818 Αίρετδν
