3986 6438
583 431 718 505 1171

1757 440 1820 501 s.
1859 425 2182 502 JOANNIS
2209 426 2646 502 DAMASCENI

3653 438 3756 511 1m

586 554 712 608 dum
740 549 983 621 praebere
1005 547 1166 606 solet.
1197 548 1393 620 Itaque
1428 552 1625 604 omnes
1651 548 1755 614 illi,
1787 549 1884 619 qui
1929 548 2160 605 aberra-

2263 548 2392 622 περὶ
2418 547 2518 619 τὴν
2563 545 2816 615 ἀλήθειαν
2843 542 3176 614 ἐσφάλησαν,
3222 542 3367 613 παρὰ
3392 543 3450 598 τὸ
3480 547 3640 615 κακῶς
3661 551 3757 624 βιῶ-

583 648 781 695 verunt
807 654 837 693 a
870 640 1122 702 veritate,
1153 638 1228 694 ob
1254 639 1307 694 id
1335 639 1692 704 aberrarunt,
1720 639 1853 710 quia
1880 639 2157 696 scelerate

574 730 859 785 vixerunt.
891 729 1207 785 Puniuntur
1228 744 1360 800 ergo
1389 730 1661 798 haeretici,
1681 746 1795 786 non
1820 730 1952 801 quia
1990 730 2165 785 barre-

577 818 675 873 tici
726 825 878 886 sunt,
931 819 1028 875 sed
1081 819 1154 875 ob
1206 819 1372 874 vitam
1399 817 1750 892 ﬂagitiosam.
1786 817 1978 890 Neque
2014 819 2163 875 enim

578 905 699 962 ﬁeri
777 914 982 978 potest,
1046 917 1110 964 ut
1175 909 1465 980 quisquam
1516 910 1805 967 haereticus
1879 908 1992 977 fiat,
2059 909 2165 964 nisi

578 997 737 1071 prius
753 999 838 1054 vel
868 999 1072 1067 verbis,
1098 998 1180 1055 vel
1203 999 1535 1065 actionibus,
1560 1000 1702 1055 male
1717 1000 1888 1055 vitam
1910 998 2168 1056 institue-

582 1087 677 1142 rit.
714 1089 988 1156 Quocirca
1055 1090 1255 1146 merito
1277 1091 1815 1158 condemnabuntur,
1872 1106 1984 1148 non
2036 1090 2181 1160 quia

580 1177 1022 1241 oﬂendunt.~sed
1053 1180 1183 1250 quia
1231 1181 1445 1251 seipsos
1477 1194 1580 1250 per
1635 1180 1980 1244 ebrietatem,
2033 1195 2169 1236 con-

580 1267 880 1321 tumaciam
915 1276 969 1321 et
994 1268 1282 1322 avaritiam
1310 1268 1655 1325 obcaecantes
1688 1268 1744 1324 in
1768 1269 2012 1324 tenebris
2044 1282 2163 1322 am-

578 1356 793 1412 balant.

2267 658 2357 695 σαι
2384 640 2718 710 ἐσφάλησαν.
2746 635 3089 700 Κολὰζονται
3118 628 3213 688 οὖν
3246 637 3293 688 οἱ
3319 638 3580 707 αἱρετικοὶ,
3605 645 3686 715 οὐχ
3701 649 3760 703 ὅτι

2266 731 2535 802 αίρετικοί
2567 732 2726 793 εἰσιν,
2757 727 2875 782 ἀλλ’
2902 728 2987 781 ὅτι
3014 726 3269 795 γεγόνασι
3296 728 3475 790 κακῶς
3503 730 3759 802 βιῶσαντες,

2267 824 2384 879 Οὐκ
2436 823 2555 877 ἐστι
2592 822 2704 893 γὰρ
2735 819 3015 892 αἱρετικὸν
3055 817 3329 888 γενέσθαι,
3359 819 3433 891 μὴ
3464 824 3629 888 κακῶς
3671 827 3764 897 βιῶ.

2270 933 2462 983 σαντα,
2494 916 2604 969 εἴτε
2634 912 2817 983 λόγος,
2848 913 2961 967 εἴτε
3004 910 3227 983 πράξει.
3255 914 3482 978 Δικαίως
3506 913 3589 969 οὖν
3616 919 3764 991 κριθή-

2269 1025 2477 1073 σονται,
2499 1008 2599 1078 οὐχ
2635 1008 2720 1061 ὅτι
2760 1005 3222 1076 προσκόπτουσιν,
3257 1003 3370 1059 ἀλλ’
3396 1004 3474 1059 ὅτι
3498 1006 3689 1072 ἑαυτοὺς
3704 1011 3768 1065 δή

2272 1096 2464 1170 μέθης,
2499 1097 2804 1162 ἀπειθείας,
2836 1097 2932 1151 καὶ
2979 1095 3342 1165 φιλαργυρίας
3378 1097 3687 1166 τυφλοῦντις,
3728 1105 3769 1156 ὲν

2272 1191 2456 1244 σκότει
2475 1188 2912 1261 διαπορεύονται.

579 1486 743 1564 342
771 1492 905 1564 'I‘I’_I'.
928 1490 1071 1547 XIII.
1104 1525 1173 1535 -—
1205 1493 1279 1549 De
1302 1494 1649 1563 impeccantia
1680 1510 1699 1548 :
1735 1503 1784 1548 et
1810 1493 1949 1563 quod
1977 1502 2164 1562 prater

2270 1496 2457 1550 TlTA.
2476 1491 2575 1549 ll".
2595 1494 2818 1564 -Περὶ
2850 1493 3305 1564 ἀναμαρτηοίας
3319 1508 3332 1521 ·
3357 1490 3447 1564 δτι
3471 1492 3776 1560 οὐδείςὼοα-

828 1561 999 1618 Deum
1044 1578 1195 1617 nemo
1227 1579 1260 1616 a
1286 1561 1498 1630 peccato
1548 1561 1924 1617 immunis—sit.

605 1749 611 1756 _
647 1662 750 1730 Job
792 1678 993 1742 “v.4.
1024 1710 1095 1719 —
1125 1696 1145 1729 ι
1178 1677 1437 1750 Nunquid
1469 1678 1635 1736 homo
1655 1694 1829 1751 purus
1851 1681 1958 1736 erit
1979 1694 2166 1736 coram

582 1763 862 1823 Domino?
896 1788 916 1821 ι

650 1857 753 1912 Job
789 1876 942 1928 xxiv,
965 1860 1020 1916 5.
1067 1890 1138 1902 —-
1175 1881 1193 1912 ι
1223 1860 1361 1927 Quis
1410 1861 1658 1918 mundus
1691 1876 1722 1915 a
1751 1860 1961 1917 sorde?
2006 1876 2167 1918 nemo
2197 1891 2241 1947 Β

2673 1561 3000 1634 μάρτητοζ,
3027 1564 3081 1616 εί
3102 1561 3190 1632 μὴ
3218 1564 3252 1616 ό
3274 1561 3439 1628 Θεός.

2348 1701 2366 1733 ι
2395 1680 2489 1750 Μὴ
2513 1677 2753 1750 καθαρὸς
2784 1676 2940 1733 ἔσται
2971 1674 3160 1749 βροτὸς
3183 1673 3418 1728 ἐνώπιον
3443 1672 3701 1745 Κυρίουςι

2349 1870 2367 1902 ι
2407 1850 2505 1915 Τίς
2530 1846 2772 1920 καθαρός
2791 1849 2939 1902 ἐστιν
2965 1846 3072 1901 ἀπὸ
3097 1845 3306 1916 ptimo;
3337 1842 3453 1898 ἀλλ’
3476 1843 3592 1897 οὐδὲ
3611 1838 3782 1915 tigrim

580 1936 762 2018 plane,
784 1957 841 2006 et
869 1950 918 2006 si
948 1951 1116 2007 unius
1145 1952 1255 2008 diei
1278 1952 1391 2006 vita
1417 1952 1568 2010 illius
1587 1951 1662 2008 sit
1680 1967 1850 2023 super
1874 1961 2104 2008 terram.
2142 1970 2162 2004 ι

2273 1942 2403 2014 μίαν
2433 1941 2650 2013 ἡμέραν
2677 1941 2707 1995 ὁ
2740 1938 2855 2011 βίος
2881 1936 3047 1992 αὐτοῦ
3082 1936 3178 1992 ἐπὶ
3208 1937 3315 2006 τῆς
3342 1935 3469 2007 γῆς.
3508 1955 3526 1989 ι

649 2026 752 2094 Job
800 2041 1044 2109 xxv,15.
1085 2071 1152 2085 -α-
1183 2061 1201 2094 ι
1230 2041 1443 2098 (Icelum
1482 2058 1591 2098 non
1645 2049 1730 2100 est
1809 2044 2072 2098 mundum
2113 2043 2166 2098 in

582 2140 884 2198 conspectu
914 2133 1057 2203 ejus.
1095 2154 1116 2185 ι

655 2203 802 2277 Ibid.
840 2223 928 2278 l4.
953 2254 1026 2265 —
1066 2243 1087 2277 ι
1127 2222 1264 2291 Quis
1294 2224 1462 2280 homo
1493 2233 1553 2279 ut
1597 2223 2169 2296 sitirreprehensibi-

582 2300 653 2369 lis
679 2313 703 2368 ?
731 2316 1013 2384 quomodo
1050 2317 1157 2371 erit
1186 2316 1351 2372 homo
1377 2316 1564 2387 justus
1590 2332 1778 2373 coram
1806 2317 2088 2381 Domino?
2142 2337 2162 2371 ι

587 2406 614 2413 “
657 2403 810 2458 Paul.
836 2421 1025 2473 cxxxx,
1057 2406 1111 2461 5.
1142 2437 1213 2448 -
1241 2427 1258 2459 ι
1290 2406 1347 2462 Si
1374 2407 1700 2476 iniquitates
1755 2409 2165 2478 observaveris,

582 2480 832 2565 Domine,
861 2495 1107 2563 Domine,
1137 2497 1266 2570 quis
1293 2498 1634 2554 sustinebit?
1664 2519 1682 2553 ι

656 2586 808 2642 Psal.
846 2604 979 2653 χιιι,
1012 2588 1066 2643 2.
1100 2619 1167 2630 ——
1206 2607 1226 2640 ι
1261 2587 1384 2645 Non
1447 2589 1622 2646 intres
1655 2589 1710 2644 in
1737 2591 2009 2660 judicium
2039 2606 2167 2649 cum

578 2693 739 2733 servo
779 2687 894 2745 tuo,
922 2679 1049 2750 quia
1081 2696 1191 2736 non
1231 2680 1627 2753 justilicabitur
1682 2682 2169 2754 inconspectutuo

576 2767 760 2825 omnis
782 2770 996 2826 vivens.
1031 2790 1050 2823 ι
1776 2818 1784 2824 .

651 2845 811 2918 Prov.
839 2876 933 2930 xx,
966 2864 1024 2919 9.
1059 2892 1131 2905 —
1160 2884 1179 2915 ι
1225 2863 1360 2931 Quis
1410 2872 1591 2933 potest
1635 2862 1859 2934 gloriari
1903 2866 2167 2922 mundum

575 2953 709 3008 esse
738 2967 838 3008 cor
865 2964 1027 3009 suum
1048 2952 1075 3007 τ
1095 2962 1152 3009 et
1182 2954 1310 3024 quis
1347 2952 1601 3009 ﬁduciam
1634 2950 1860 3009 habebit
1888 2971 1948 3011 se
1969 2972 2167 3027 purum

576 3056 706 3096 esse
735 3056 765 3095 a
794 3043 1060 3112 peccato?
1089 3061 1109 3096 ι

650 3130 829 3188 Eccle.
865 3148 968 3198 vn,
994 3124 1089 3192 21.
1114 3152 1214 3187 -ι
1243 3132 1365 3189 Non
1391 3143 1477 3190 est
1501 3134 1669 3190 homo
1688 3134 1878 3206 justus
1912 3136 1967 3191 in
2020 3148 2169 3193 terra

577 3224 674 3293 qui
711 3223 879 3279 faciat
915 3224 1146 3289 bonum,
1174 3233 1230 3280 et
1259 3240 1369 3281 non
1396 3225 1611 3295 peccet?
1643 3244 1664 3278 ι

652 3315 678 3369 1
712 3314 878 3388 Joan.
904 3333 944 3383 I,
964 3317 1020 3373 8.
1050 3347 1122 3359 —
1153 3336 1173 3370 ι
1200 3315 1258 3372 Si
1301 3317 1638 3386 dixerimus,
1699 3318 1829 3388 quia
1873 3327 2161 3388 peccatum

575 3425 689 3465 non
716 3410 1002 3478 habemus,
1032 3410 1138 3481 ipsi
1161 3425 1262 3466 nos
1286 3410 1628 3476 seducimus,
1660 3418 1717 3466 et
1749 3410 2028 3465 veritasin
2072 3425 2165 3465 uo-

573 3502 662 3557 bis
702 3517 812 3557 non
837 3511 942 3558 est.
990 3520 1010 3554 ι

575 3625 713 3691 ἸἸΨ⁵
733 3630 947 3692 XIV.—-
977 3634 1057 3690 De
1090 3636 1160 3691 iis
1179 3635 1270 3706 qui
1316 3633 1512 3689 tacula
1531 3626 1983 3695 renuntiaverunt,
2009 3644 2055 3687 et
2100 3646 2164 3687 ea

787 3706 980 3776 quibus
1007 3707 1462 3768 renuntiaverunt,
1489 3718 1706 3757 rursum
1745 3712 1931 3774 agunt.

647 3806 802 3873 Paul.
834 3832 1016 3883 cxxiv,
1051 3816 1105 3872 5.
1138 3834 1268 3868 -.‹
1306 3813 1661 3871 Declinantes
1692 3811 1748 3866 in
1770 3811 2149 3882 obligationes

576 3907 817 3965 adducet
838 3907 1106 3964 Dominus
1143 3922 1271 3963 cum
1304 3903 1667 3978 sperantibus
1697 3902 2078 3973 iniquitatem.
2128 3923 2148 3957 ι

647 3997 803 4053 Prov.
825 4014 974 4066 τινι,
997 3999 1189 4054 20.-ι
1222 3996 1380 4053 Sicut
1405 3995 1584 4060 canis,
1615 4008 1737 4048 cum
1770 3997 2064 4049 revertitur
2091 3995 2159 4050 ad

574 4089 842 4143 vemitum
874 4072 1060 4154 suum,
1099 4088 1273 4158 ﬁtque
1327 4084 1572 4150 odibilis,
1604 4083 1685 4138 sic
1718 4081 1925 4137 stultus
1951 4084 2160 4139 malitia

574 4184 676 4234 sua
706 4179 915 4236 iterans
939 4185 1229 4250 peccatum
1267 4192 1452 4234 suum.
1497 4196 1516 4229 ι

624 4269 838 4326 "Each.
869 4273 1029 4339 xviu,
1059 4271 1239 4326 2i.—-
1266 4290 1285 4322 ι
1321 4269 1379 4326 Si
1413 4272 1679 4327 averterit
1704 4286 1765 4327 se
1796 4270 1987 4341 justus
2010 4283 2041 4321 a
2062 4266 2158 4337 ju-

572 4364 727 4420 stitia
761 4380 882 4431 sua,
913 4373 967 4421 ct
994 4364 1186 4421 iecerit
1229 4364 1587 4435 iniustitiam,
1616 4365 1923 4420 secundum
1959 4375 2160 4417 omnes

572 4457 919 4528 iniquitates,
989 4460 1130 4528 quas
1178 4457 1396 4528 operari
1439 4457 1584 4513 solet
1646 4457 1898 4527 impius,
1949 4469 2153 4509 omnes

2345 2053 2363 2086 ι
2392 2032 2648 2105 Οὐρανὸς
2667 2033 2729 2085 οὐ
2752 2031 2994 2102 καθαρὸς
3030 2029 3279 2084 ἐναντίον
3309 2029 3497 2088 αὐτοῦ.
3530 2047 3549 2081 ι

2348 2227 2366 2259 ι
2400 2205 2498 2271 Τίς
2558 2204 2772 2278 βροτὸς,
2824 2206 2909 2260 ὅτι
2966 2202 3119 2258 ἔσται
3165 2204 3496 2276 ἄμεμπτος
3539 2202 3645 2266 πῶς
3677 2203 3787 2257 ἔσται

2273 2297 2466 2373 βροτὸς
2493 2297 2706 2362 δίκαιος
2730 2296 2886 2370 παρὰ
2913 2296 3135 2366 Κυρίῳ;
3173 2315 3191 2347 ι

2346 2411 2365 2444 ι
2412 2390 2539 2445 Ἐὰν
2571 2389 2805 2461 ἀνομίας
2833 2389 3276 2461 παρατηρήσεις,
3314 2385 3509 2457 Κύριε,
3541 2386 3710 2458 Κύριε,
3732 2385 3789 2448 τίς

2270 2481 2643 2554 ὑποστήσεται
2664 2498 2681 2550 ;
2716 2499 2736 2533 ι

2346 2594 2365 2628 ι
2403 2574 2496 2646 Μὴ
2519 2573 2771 2648 εἰσέλθῃς
2796 2574 2877 2639 είς
2901 2572 3084 2644 κρίσιν
3112 2571 3257 2643 μετά
3284 2568 3381 2625 τοῦ
3406 2570 3587 2625 δούλου
3617 2587 3717 2636 σου,
3736 2571 3791 2625 ὅτι

2268 2668 2330 2721 ού
2359 2666 2787 2739 δικαιωθήσεται
2817 2664 3049 2720 ἐνώπιόν
3083 2680 3177 2718 σου
3212 2664 3329 2728 πᾶς
3357 2661 3485 2728 ζῶν.
3520 2681 3538 2713 ι

2348 2863 2367 2896 ι
2411 2843 2504 2910 Τίς
2533 2843 2873 2916 καυχήσεται
2897 2841 3071 2913 ἁγνὴν
3100 2840 3253 2912 ἔχειν
3289 2840 3395 2911 τὴν
3429 2839 3671 2912 καρδίαν;
3693 2836 3793 2909 ῆιίς

2270 2935 2715 3010 παρρησιάζεται
2746 2934 2983 3007 καθαρὸς
3028 2929 3169 2990 εῖναι
3199 2933 3316 2988 ἀπὸ
3348 2934 3650 3006 ἁμαρτίας,
3682 2950 3700 2985 ι

2346 3136 2365 3169 ‹
2399 3114 2721 3186 Ἀνθρωπος
2747 3115 2849 3168 οὐκ
2876 3113 2994 3168 ἔστι
3019 3111 3233 3178 δίκαιος
3255 3114 3320 3167 έν
3344 3112 3414 3184 τῇ
3437 3113 3532 3184 γῇ,
3562 3108 3615 3175 ὃς
3640 3105 3796 3178 ποιήσει

2190 3225 2233 3286 ο
2270 3206 2497 3277 ἀγαθὸν,
2529 3207 2623 3261 καὶ
2644 3206 2744 3278 οὐχ
2774 3205 3178 3276 ἁμαρτήσεται.
3220 3223 3241 3257 ι

2341 3319 2361 3352 ι
2392 3299 2521 3354 Ἐὰν
2546 3299 2815 3370 εἴπωμεν,
2842 3298 2927 3353 ὅτι
2958 3297 3242 3371 ἁμαρτίαν
3263 3297 3373 3351 οὐκ
3397 3296 3612 3368 ἔχομεν,
3632 3288 3797 3349 ἑαυτοὺς

2263 3391 2581 3463 πλανῶμεν,
2611 3391 2710 3445 καὶ
2744 3389 2979 3461 ἀλήθεια
3010 3390 3069 3444 ὲν
3102 3390 3243 3461 ἡμῖν
3275 3388 3386 3443 οὐκ
3424 3386 3593 3441 ἐστιν.
3629 3406 3647 3436 ι

2263 3632 2556 3691 ΤῙΤΛ.1Δ’.
2596 3663 2667 3673 ——-
2707 3633 2851 3703 Περὶ
2898 3632 3413 3703 ἁποταξαμέγῳν,
3450 3630 3550 3684 καὶ
3696 3626 3800 3680 oau-

2332 3703 2607 3774 στροφῆς
2624 3697 2829 3758 ἐκεῖνα
2852 3697 3246 3772 πραττόντων
3269 3697 3368 3769 οἷς
3389 3698 3757 3762 ἁπετάξαντσ.

2340 3836 2360 3870 ι
2397 3817 2538 3880 Τοὺς
2566 3816 2916 3879 ἑκκλίνοντας
2961 3817 3044 3880 είς
3075 3814 3176 3879 τὰς
3210 3813 3621 3886 στραγγαλιὸίς,
3640 3804 3801 3871 ἀπάξει

2263 3907 2469 3979 Κύριος
2504 3908 2642 3979 μετὰ
2670 3907 2783 3961 τῶν
2808 3906 3196 3979 ἐργαζομένων
3220 3908 3333 3979 τὴν
3364 3908 3623 3979 ἀνομίαν.
3651 3924 3667 3954 ι

2341 4021 2359 4052 ι
2398 4002 2612 4071 Ὠσπερ
2639 3999 2807 4063 κύων,
2836 4001 2966 4054 ὅταν
2999 3999 3206 4072 ἐπέλθῃ
3241 4001 3346 4054 ἐπὶ
3380 4001 3477 4054 τὸν
3508 3995 3692 4052 ἑαυτοῦ
3715 3993 3802 4061 ἔμε·

2261 4108 2374 4156 τον,
2407 4092 2502 4146 καὶ
2553 4092 2782 4164 μισητὺς
2806 4092 3057 4161 γένηται,
3103 4089 3292 4157 οὕτως
3338 4093 3540 4164 ἄφρων
3586 4091 3649 4158 τῇ
3689 4078 3808 4139 αὐτοῦ

2261 4183 2434 4255 κακίᾳ
2463 4183 2812 4254 ἀναστρέψας
2843 4184 2935 4236 ὲπὶ
2966 4184 3065 4253 τὴν
3097 4181 3421 4254 ἁμαρτίαν.
3455 4202 3476 4234 ι

2337 4293 2356 4326 ι
2393 4274 2482 4327 Ἐν
2508 4273 2586 4345 τῷ
2620 4274 3216 4355 ἀποστρέψαιδίκαιον
3250 4276 3323 4329 ἐκ
3368 4276 3475 4347 τῆς
3519 4267 3809 4333 δικαιοσύνης

2262 4366 2451 4430 αὐτοῦ,
2486 4366 2584 4421 καὶ
2610 4368 2829 4437 ποιήσει
2843 4366 3080 4432 ἀδικίαν,
3107 4367 3259 4421 κατὰ
3283 4369 3480 4432 πάσας
3505 4367 3605 4430 τὰς
3635 4358 3810 4430 ἀνομίας

2261 4457 2329 4523 ἃς
2361 4457 2622 4530 ἐποίησεν
2649 4460 2678 4512 ὁ
2708 4457 2931 4531 ἄνομος,
2963 4459 3137 4513 πᾶσαι
3182 4460 3247 4514 αἱ
3303 4458 3657 4516 δικαιοσύναι
3692 4446 3813 4509 aitet?

564 4550 800 4619 justitize
829 4550 952 4621 ejus
979 4565 1120 4620 quas
1164 4548 1317 4614 fecit,
1353 4558 1464 4605 non
1506 4545 1811 4604 servabunt
1861 4562 1989 4604 eum
2040 4562 2054 4602 :
2094 4545 2151 4601 in

2263 4549 2330 4614 ἀς
2365 4550 2644 4621 εποίησεν,
2671 4550 2732 4605 οὐ
2770 4548 2847 4623 μὴ
2874 4550 3227 4622 φυλαχθῶσιν
3253 4553 3319 4606 ὲν
3353 4551 3438 4622 τῷ
3461 4545 3812 4623 παραπτώμαιι

567 4643 774 4698 delicto
842 4646 948 4698 's'uo
973 4654 1085 4714 quo
1134 4640 1390 4712 deliquit,
1451 4649 1508 4696 et
1544 4641 1601 4695 in
1638 4641 1888 4711 peccatis
1941 4639 2155 4712 quibus

570 4734 842 4806 peccavit,
878 4736 1151 4792 merietur
1185 4735 1240 4790 in
1275 4733 1378 4791 cis.
1419 4758 1438 4790 ι
1946 4768 1965 4779 ο

640 4818 834 4880 Ezech.
862 4832 1060 4888 χχχιιι,
1101 4815 1360 4890 I2,20.—~
1400 4847 1419 4880 ι
1454 4820 1678 4884 Iustitia
1701 4825 1837 4898 justi
1866 4836 1979 4878 non
2010 4819 2156 4876 libe-

570 4910 715 4963 fabit
745 4923 896 4976 eum,
922 4912 978 4965 in
1005 4927 1339 4997 quacunque
1391 4914 1482 4972 die
1519 4918 1788 4971 erraverit
1819 4930 1834 4969 :
1863 4920 1920 4968 et
1952 4909 2160 4980 iniqui-

570 5008 657 5053 tas
696 4999 848 5070 impii
890 5016 1000 5055 non
1052 5004 1275 5059 nocebit
1305 5006 1381 5070 ei,
1412 5006 1467 5061 in
1509 5018 1843 5077 quacunque
1889 5004 1981 5059 die
2005 4998 2156 5057 'cou-

570 5099 765 5145 versus
820 5090 986 5147 fuerit
1036 5094 1106 5149 ab
1175 5078 1473 5169 iniquitate
1510 5116 1635 5156 sua.
1688 5098 2162 5168 Uuumquemque

567 5181 723 5251 juxta
754 5184 898 5240 vitas
924 5200 1056 5241 suas
1088 5188 1363 5259 iudicabo
1398 5209 1517 5258 vos,
1546 5194 1744 5249 domus
1780 5194 1974 5249 Israel.
2014 5206 2033 5242 ι

641 5292 815 5383 Εεείὶ,
836 5299 1125 5383 xxxw,50,
1151 5290 1238 5355 31.
1259 5334 1326 5343 —
1353 5322 1371 5355 ι
1398 5296 1500 5370 Qui
1526 5304 1885 5374 baptizatura
1914 5315 2154 5373 mortuo,

569 5382 627 5441 ct
654 5380 856 5443 iterum
903 5380 1083 5460 tangit
1128 5407 1282 5458 eum,
1314 5396 1447 5465 quid
1482 5396 1700 5468 prolicit
1732 5397 1936 5453 lavatio
1961 5399 2158 5458 illius?

572 5478 665 5532 Sic
692 5478 857 5533 homo
887 5481 981 5550 qui
1005 5482 1222 5553 jejunat
1255 5503 1283 5541 a
1308 5489 1552 5557 peccatis
1582 5489 1722 5558 suis,
1753 5497 1808 5545 et
1834 5490 2035 5547 iterum
2072 5509 2161 5549 ea-

567 5569 694 5624 dem
741 5569 973 5638 faciens,
1021 5576 1328 5634 orationem
1380 5580 1530 5638 illius
1580 5581 1706 5652 quis
1750 5583 2050 5640 exaudiet?
2104 5596 2159 5643 et

571 5659 703 5730 quid
739 5661 1234 5737 prolecitseipsum
1268 5668 1654 5730 humiliando?
1675 5688 1695 5724 ι

643 5837 814 5898 Eccli.
854 5862 1026 5915 xxxii,
1055 5848 1144 5905 25.
1176 5868 1245 5890 -ι-
1274 5868 1293 5902 ι
1324 5851 1403 5908 Ne
1438 5852 1687 5912 oﬁ‘cuulas
1723 5858 1778 5914 in
1808 5867 2049 5931 petrosa.
2085 5872 2104 5911 ι

2262 4643 2450 4707 αὑτοῦ,
2482 4636 2528 4712 ᾧ
2556 4643 2894 4715 παρέπεσεν,
2925 4643 3022 4698 καὶ
3059 4645 3118 4700 έν
3151 4647 3313 4710 τατς-
3339 4645 3653 4718 ἁμαρτίαις
3694 4630 3816 4694 αὑτοῦ

2263 4731 2352 4799 αἷς
2382 4734 2653 4807 ἥμαρτεν,
2679 4736 2739 4789 έν
2776 4737 2968 4802 αὐταῖς
2998 4734 3399 4793 ἀποθανεῖται.
3432 4756 3455 4821 ξ

2339 4844 2360 4878 ι
2394 4826 2722 4898 Δικαιοσύνη
2753 4827 2965 4882 δικαίου
2994 4829 3057 4883 οὐ
3093 4828 3170 4900 μὴ
3206 4811 3487 4902 ἐξέληται
3536 4829 3710 4892 αὑτὸν,
3734 4811 3820 4890 ἕνῇ

2262 4917 2332 4971 ἀν
2359 4916 2547 4989 ἡμέρα
2581 4915 2831 4989 πλανηθῇ
2852 4934 2866 4949 ⁸
2902 4918 3000 4972 καὶ
3023 4920 3237 4991 ἀνομία
3269 4922 3527 4986 ἀσεὸοὖς
3554 4920 3614 4975 ού
3650 4918 3715 4990 μὴ
3742 4929 3821 4966 κε’·

2263 5009 2418 5081 κώσῃ
2443 5009 2631 5076 αὐτὸν,
2655 5012 2714 5063 ἐν
2744 5005 2865 5084 ᾖᾶν
2884 5012 3072 5085 ἡμέρᾳ
3098 5014 3460 5089 ἁποστραφῇ
3492 5015 3604 5069 ἀπὸ
3629 5014 3717 5081 τῆς
3738 5008 3824 5061 ἀνθ’

2264 5099 2395 5170 μίας
2446 5099 2635 5154 αὑτοῦ.
2671 5096 2945 5156 Ἐκαστον
2996 5104 3056 5157 ἑν
3097 5106 3224 5168 ταῖς
3285 5107 3441 5171 ὁδοῖς
3496 5104 3652 5178 ὑμῶν
3698 5092 3823 5169 κρινῶ

2264 5191 2431 5260 ὑμᾶς,
2462 5183 2612 5255 οῐκος
2649 5191 2888 5263 Ἰσραήλ.
2931 5212 2951 5244 ι

2341 5318 2359 5350 ι
2389 5295 2795 5367 Βαπτιζόμενος
2825 5302 2934 5356 ἀπὸ
2963 5302 3182 5376 νεκροῦ,
3221 5308 3330 5359 καὶ
3363 5306 3541 5360 πάλιν
3576 5303 3826 5371 ἁπτόμενος

2261 5392 2451 5464 αὐτοῦ,
2486 5394 2540 5452 τί
2576 5399 2864 5472 ὠφέλησεν
2894 5402 2953 5453 ὲν
2984 5399 3063 5470 τῷ
3108 5397 3344 5472 λουτρῷ
3374 5401 3590 5465 αὐτοῦ;
3639 5389 3830 5453 Οὕτωςδ

2260 5492 2550 5567 ἄνθρωπος
2582 5492 2860 5565 νηστεύων
2889 5492 3000 5547 ἀπὸ
3041 5493 3152 5547 τῶν
3193 5494 3517 5566 ἁμαρτιῶν
3550 5490 3727 5551 αὐτοῦ,
3763 5480 3830 5536 καὶ

2262 5587 2427 5644 πάλιν
2449 5587 2962 5660 πορευόμενος,καὶ
3011 5586 3081 5640 τὰ
3128 5584 3285 5641 αὐτὰ
3322 5589 3533 5653 ποιῶν,
3564 5588 3662 5656 τῆς
3706 5591 3834 5651 νδρος⁴

2262 5678 2431 5750 ευχῆς
2463 5677 2650 5743 αὐτοῦ,
2682 5678 2767 5742 τίς
2796 5678 3215 5745 εἰσακωᾶσεταις
3252 5680 3359 5733 καὶ
3410 5680 3468 5734 τί
3509 5674 3773 5749 ὠφέλησεν
3792 5668 3831 5718 ἐν

2264 5770 2340 5840 τῷ
2374 5768 2781 5841 ταπεινωθῆναι
2815 5770 3013 5838 αὑτόν;
3052 5788 3070 5823 ι

2345 5878 2364 5912 ι
2396 5860 2487 5933 Μὴ
2524 5860 2842 5933 προσκόψῃς
2871 5861 2926 5916 ἐν
2954 5859 3229 5914 λιθώδεσι.
3264 5880 3283 5913 ι
