3986 6450
540 366 679 448 ms
1716 383 1778 444 s.
1819 375 2141 444 JOANNIS
2195 367 2625 438 DAMASCENI
3611 381 3711 454 me

605 493 876 549 Philonis.
907 521 978 532 —
1008 490 1294 558 Nonnulli,
1348 507 1474 548 cum
1533 492 1588 548 in
1627 493 1829 549 virtute
1873 491 2072 563 profect

2181 497 2202 548 ι
2300 489 2475 543 Ἔνιοι
2501 489 2874 560 προκόψαντες
2898 487 2982 538 ἐπ’
3009 485 3233 556 ἀρετὴν,
3264 486 3592 566 ὕπενόστησαν
3616 505 3714 571 πρὶν

528 587 666 650 rint,
721 593 1017 655 antequam
1082 585 1438 655 pervenerint
1494 584 1563 639 ad
1627 585 1828 653 linem,
1881 585 2071 654 prolap

2225 580 2512 649 ἐφικέσθαι
2539 579 2634 633 τοῦ
2681 578 2888 643 τέλους,
2934 576 3033 648 τὴν
3087 579 3214 648 ἄρτι
3258 583 3502 654 φυομένην
3543 590 3710 657 ἀριστο-

529 682 700 738 sunt;
737 688 804 728 eo
835 674 986 730 velut
1014 674 1338 745 optimatum
1383 685 1643 732 nascente
1695 684 1842 732 statu
1884 691 1914 729 a
1948 686 2066 730 vete

2221 672 2482 743 κρατείαν
2510 675 2568 724 έν
2587 671 2733 742 ψυχῇ
2777 669 3117 739 καθελούσης
3165 670 3262 740 τῆς
3315 674 3528 741 παλαιᾶς
3575 683 3711 746 ὀλιγο.

527 761 828 816 inconditae
856 763 1035 832 plebis
1091 764 1471 821 dominatione
1505 765 1724 832 deleto;
1783 780 1926 836 quae,
1991 780 2072 820 cm

2219 764 2504 836 κρατείας,
2530 764 2564 836 ἢ
2598 765 2736 835 πρὸς
2796 763 2978 830 ὀλίγον
3021 765 3363 834 ὴρεμήσασα,
3390 770 3535 823 πάλιν
3565 773 3612 840 ἐξ
3641 777 3712 828 ὑπ-

524 852 926 926 aliquantisper
955 856 1253 926 quieverit,
1309 857 1377 913 dc
1406 857 1621 931 integro
1651 875 1848 916 rursus
1905 859 2072 920 maior

2216 857 2394 928 αρχῆς
2433 857 2572 928 μετὰ
2593 857 2839 920 πλείονος
2869 856 3153 930 δυνάμεως
3182 857 3480 915 ἐναπέθετο.

520 943 768 1011 potentia
798 946 1061 1016 impetum
1094 949 1365 1007 adversus
1399 951 1556 1006 illum
1581 951 1733 1008 fecit.

2285 1055 2457 1109 Ὅταν
2516 1055 2802 1128 ἄνθρωπος
2852 1049 3182 1129 κατορθώσῃ
3245 1056 3353 1126 βίον
3408 1060 3634 1129 ἐνάρετον
3671 1066 3720 1117 δι’

2210 1144 2521 1215 ἀσκήσεως,
2570 1147 2665 1198 καὶ
2713 1145 2926 1218 ἀγαθῆς
2968 1146 3265 1212 πολιτείας,
3321 1149 3410 1200 καὶ
3465 1149 3593 1204 ἐστιν
3642 1154 3721 1208 ὑπὸ

2211 1237 2430 1291 πάντων
2454 1237 2822 1308 ἐγνωσμένος,
2850 1239 2934 1291 ὃτι
2964 1236 3114 1291 εστιν
3131 1237 3359 1308 εὐσεϐὴς
3392 1238 3480 1292 καὶ
3507 1242 3724 1312 φοϐούμε-

2209 1345 2298 1391 νος
2325 1328 2416 1380 τὸν
2441 1328 2596 1393 Θεὸν,
2631 1328 2728 1382 καὶ
2766 1328 2976 1400 ἐκπέσῃ
3009 1329 3090 1392 είς
3120 1329 3414 1399 ἁμαρτίαν,
3441 1329 3586 1384 τοῦτό
3635 1336 3722 1389 ἐστι

2209 1423 2584 1492 παράπτωμα.
2631 1419 2889 1490 Ἀνῆλθεν
2916 1419 3029 1490 γὰρ
3055 1421 3134 1482 είς
3159 1419 3220 1472 τὸ
3247 1419 3376 1488 ὕψος
3408 1419 3498 1473 τοῦ
3515 1422 3725 1491 οὐρανοῦ,

2207 1511 2302 1564 καὶ
2325 1513 2615 1566 πέπτωκεν
2637 1512 2718 1576 είς
2745 1510 2838 1565 τὸν
2862 1511 3113 1582 πυθμένα
3134 1509 3228 1564 τοῦ
3248 1510 3388 1583 ᾅδου.

595 1043 965 1131 Posteaquam
1000 1056 1168 1120 homo
1199 1070 1296 1134 p'e‘r
1328 1065 1548 1136 pietatis
1601 1064 1872 1132 studium,
1904 1075 1960 1123 et
1983 1081 2112 1136 pro-

516 1137 644 1205 bam
675 1151 803 1206 vitae
834 1152 1130 1220 rationem,
1185 1170 1452 1211 numeros
1498 1170 1691 1212 omnes
1747 1157 1972 1212 virtutis
2014 1157 2110 1212 ab-

517 1239 710 1305 solvit,
741 1247 796 1296 et
824 1241 1085 1298 omnibus
1120 1243 1466 1314 exploratum
1499 1253 1604 1309 est,
1652 1260 1777 1301 eum
1814 1245 2020 1315 pietate
2054 1254 2111 1300 et

516 1329 612 1384 Dci
643 1331 847 1388 timore
875 1334 1167 1404 praeditum
1196 1351 1344 1402 esse,
1387 1352 1452 1391 ac
1491 1337 1690 1392 deinde
1731 1337 1786 1390 in
1818 1346 2105 1407 peccatum

515 1422 754 1482 labitur:
796 1422 900 1479 hoc
933 1425 1155 1480 demum
1195 1436 1280 1482 est
1311 1427 1690 1499 παράπτωμα,
1716 1427 1770 1483 id
1791 1437 1876 1484 est
1900 1429 2104 1498 lapsus.

511 1512 650 1568 Cum
674 1515 823 1571 enim
853 1517 918 1571 ad
941 1518 1066 1574 coeli
1100 1517 1382 1590 fastigium
1402 1529 1553 1577 esset
1573 1530 1818 1585 evectus,
1837 1521 1903 1576 ad
1933 1521 2104 1575 imum

511 1605 711 1662 inferni
737 1618 927 1678 postea
952 1611 1176 1667 cecidit.

508 1737 645 1796 Tl'l‘.
691 1740 810 1797 XV.
842 1773 913 1784 —
942 1743 1023 1799 De
1069 1749 1476 1814 resurrectione,
1508 1759 1557 1802 et
1580 1743 1813 1818 judicio,
1850 1752 1899 1802 et
1947 1763 2072 1816 paen.

2205 1724 2387 1786 ΤΙΪΛ.
2418 1730 2518 1786 1Ε¹.
2549 1733 2692 1801 Περὶ
2735 1733 3148 1818 ἀναστάσεως,
3192 1733 3291 1786 καὶ
3327 1734 3583 1801 κρίσεως.
3618 1738 3723 1788 ait.»

1194 1828 1418 1873 (eterna.

571 1911 722 1978 Psal.
763 1941 838 1993 ix,
857 1926 911 1982 8.
931 1945 1028 1979 -‹
1056 1926 1284 1985 Paravit
1312 1932 1368 1986 in
1388 1927 1598 2001 judicio
1629 1932 1888 1988 thronum
1911 1947 2096 2001 suum,

499 2024 554 2068 et
593 2015 710 2086 ipse
733 2016 1010 2087 ju'dicabit
1037 2022 1227 2079 orbem
1261 2032 1424 2080 terrae
1451 2027 1508 2080 in
1542 2027 1826 2098 :equitatc.
1859 2041 1876 2078 ι

568 2106 723 2166 Psal.
752 2121 869 2178 cm,
905 2114 997 2170 29.
1038 2146 1109 2156 —
1165 2135 1184 2168 ‹
1219 2118 1458 2175 Auferes
1492 2121 1748 2191 Spiritum
1785 2137 1996 2189 eorum,
2038 2131 2093 2178 et

493 2196 773 2270 deficient,
801 2212 854 2258 et
887 2205 941 2260 in
969 2207 1248 2277 pulverem
1282 2218 1647 2269 revertentur.
1685 2233 1702 2265 ι

564 2287 732 2362 344
780 2291 936 2348 Prov.
968 2299 1046 2360 ιι,
1081 2298 1168 2353 15.
1199 2330 1271 2342 -
1321 2315 1340 2351 t
1376 2301 1432 2354 Si
1479 2301 1668 2371 justus
1697 2303 1782 2357 vix
1815 2305 2082 2367 salvatur,

491 2379 694 2450 impius
722 2392 779 2437 et
811 2394 1068 2453 peccator
1097 2389 1186 2444 ubi
1219 2391 1530 2460 parebunt?
1569 2410 1587 2443 ›

563 2471 739 2528 Eccle.
780 2491 876 2542 xu,
914 2477 1002 2533 14.
1043 2509 1116 2521 -
1150 2499 1170 2533 ι
1203 2479 1380 2538 Omne
1412 2483 1618 2550 factum
1662 2485 1806 2542 Deus
1845 2479 2078 2543 adducet

487 2561 541 2615 in
571 2563 867 2632 judicium,
892 2569 960 2623 de
989 2572 1139 2626 omni
1178 2573 1527 2642 abscondito,
1560 2577 1677 2633 sive
1703 2578 1931 2645 bonum,
1961 2579 2077 2636 sive

483 2653 686 2734 malum
719 2655 810 2713 sit.
850 2678 868 2709 ι

548 2745 716 2800 Amos
748 2765 801 2814 v,
846 2749 935 2806 18.
961 2783 1032 2793 —-
1065 2773 1082 2806 ι
1119 2756 1213 2811 Vae
1253 2756 1704 2817 desiderantibus
1758 2764 1904 2819 diem
1967 2762 2073 2821 Do-

478 2832 650 2892 t’niui!
680 2840 881 2912 thuid
917 2843 1033 2901 haec
1061 2848 1217 2905 vobis
1251 2850 1372 2907 dies
1405 2851 1671 2908 Domini?
1698 2853 1805 2910 lsta
1830 2858 2072 2914 tenebrae

475 2933 582 2994 ‘cst,
614 2939 667 2984 et
701 2935 812 2985 non
847 2932 958 2987 lux.
984 2952 1002 2986 ι

541 3035 665 3093 Joef
695 3057 756 3106 η,
785 3039 873 3098 51.
911 3074 982 3084 -
1017 3058 1035 3096 t
1078 3045 1268 3119 Magna
1309 3050 1428 3107 dies
1476 3051 1714 3121 Domini,
1750 3065 1804 3112 et
1831 3057 2067 3115 illustris

473 3125 650 3202 valde.
687 3133 822 3198 Quis
858 3135 966 3190 crit
1000 3137 1283 3197 sufﬁciens
1323 3143 1390 3198 ad
1422 3144 1584 3199 eam?
1619 3164 1642 3198 ι

539 3241 661 3298 Joel
689 3261 771 3311 Ill,
803 3247 884 3300 12.
906 3280 974 3288 -
1008 3268 1027 3301 ι
1064 3250 1436 3325 Consurgant,
1467 3267 1522 3312 et
1541 3261 1838 3316 ascendant
1870 3273 2064 3334 gentes

469 3335 524 3388 in
567 3336 762 3392 vallem
799 3336 1066 3410 Josaphat
1107 3361 1121 3397 :
1172 3346 1303 3414 quia
1363 3347 1436 3402 ibi
1479 3349 1683 3405 sedebo
1725 3361 1784 3407 ut
1813 3354 2060 3422 judicem

465 3443 660 3483 omnes
685 3438 876 3500 gentes
920 3432 974 3486 in
1009 3433 1269 3491 circuitu.
1301 3435 1502 3494 Mittite
1552 3440 1746 3509 falces,
1794 3446 2058 3515 quoniam

462 3517 620 3575 adest
647 3521 920 3578 vindemia
951 3540 964 3576 :
991 3527 1238 3593 introite,
1279 3537 1334 3584 ct
1387 3531 1621 3599 calcate,
1667 3537 1796 3606 quia
1834 3538 2059 3608 plenum

460 3615 546 3665 est
580 3613 851 3676 torcular,
882 3625 938 3671 et
967 3617 1278 3675 redundant
1317 3624 1658 3692 toreularia;
1691 3628 1820 3698 quia
1854 3632 2060 3700 repleta

460 3701 593 3754 Sunt.
619 3704 762 3756 mala
788 3713 1004 3761 eorum.
1057 3707 1288 3767 Sonitus
1331 3715 1578 3770 exauditi
1625 3726 1759 3773 sunt
1810 3721 1863 3774 in
1915 3724 2060 3780 valle

453 3786 649 3860 judicii
689 3812 704 3850 :
746 3796 826 3850 sol
860 3804 915 3852 et
946 3799 1073 3853 luna
1100 3800 1636 3874 obtenebrabuntur,
1660 3817 1715 3865 et
1743 3812 1920 3868 stellae
1949 3830 2055 3869 non

457 3884 669 3940 dabunt
709 3889 1056 3958 splendorem
1089 3910 1275 3949 suum.
1312 3897 1583 3956 Dominus
1611 3911 1796 3958 autem
1824 3906 1892 3960 de
1922 3904 2055 3962 Sion

454 3975 737 4045 clamabit,
787 3979 939 4036 etde
971 3980 1280 4041 Jerusalem
1339 3986 1498 4042 dabit
1553 4003 1741 4046 vocem
1784 4007 1966 4060 suam,
2002 4004 2058 4050 et

455 4068 768 4125 tnovebitur
793 4071 994 4128 coelum
1029 4082 1085 4129 et
1115 4083 1284 4132 terra.
1321 4096 1342 4130 ι

520 4259 754 4335 Sophon.
788 4279 826 4333 ι,
860 4265 917 4336 7,
946 4258 1035 4338 14,
1059 4273 1142 4329 15.
1177 4307 1245 4318 -
1279 4297 1298 4329 ι
1339 4276 1551 4336 Timete
1578 4297 1607 4337 a
1633 4283 1777 4340 facie
1804 4277 2047 4354 Domini,

2133 1831 2175 1886 Β
2771 1804 2909 1868 νίας
2947 1804 3284 1868 κολάσεως.

2279 1939 2298 1970 ι
2343 1917 2671 1990 Ἡτοίμασεν
2729 1920 2789 1973 έν
2843 1919 3024 1992 κρίσει
3073 1920 3168 1974 τὸν
3216 1920 3404 1991 θρόνον
3454 1922 3624 1988 αὐτοῦ,
3660 1924 3730 1975 καὶ

2197 2011 2360 2075 αὐτὸς
2380 2013 2578 2082 κρινεῖ.
2603 2030 2621 2062 ι

2271 2122 2290 2155 ι
2338 2101 2678 2166 Ἀντανελεῖς
2702 2102 2765 2155 τὸ
2785 2102 3008 2173 πνεῦμα
3071 2102 3281 2166 αὐτῶν,
3327 2103 3420 2156 καὶ
3445 2104 3730 2174 ἐκλείψουσι,

2191 2196 2284 2248 καὶ
2304 2197 2383 2256 είς
2430 2196 2522 2248 τὸν
2548 2194 2676 2264 χοῦν
2705 2194 2886 2248 αὐτῶν
2923 2194 3380 2264 ἐπιστρέφουσιν.
3405 2215 3424 2246 ι

2265 2305 2284 2338 t
2321 2286 2384 2339 Ei
2411 2287 2439 2339 6
2463 2286 2671 2350 δίκαιος
2699 2286 2852 2356 μόλις
2875 2285 3141 2352 σώζεται,
3173 2287 3203 2338 6
3232 2285 3442 2357 ἀσεϐὴς
3476 2288 3564 2340 καὶ
3592 2288 3732 2357 ἁμαρ·

2184 2377 2355 2442 τωλὸς
2377 2377 2481 2431 ποῦ
2510 2381 2794 2447 φανεῖται;
2834 2396 2854 2430 ι

2262 2485 2280 2520 ι
2309 2469 2541 2540 Σύμπαν
2590 2470 2653 2524 τὸ
2693 2471 2907 2541 ποίημα
2957 2469 3075 2536 ἄξει
3125 2471 3155 2524 6
3215 2470 3354 2534 Θεὸς
3410 2473 3488 2534 είς
3545 2471 3728 2542 κρίσιν,

2181 2561 2240 2613 ἐν
2287 2561 2454 2615 παντὶ
2514 2563 2952 2634 παρεωραμένῳ,
3006 2563 3102 2616 ἐὰν
3150 2561 3402 2632 ἀγαθὸν,
3471 2563 3562 2618 ἰὰν
3609 2580 3740 2634 πονη-

2218 2651 2296 2705 όν.
2323 2670 2342 2704 ι

2184 2668 2468 2795 ροῖοἱκιαὶ
2509 2741 2560 2796 οἱ
2622 2743 3019 2814 ἐπιθυμοῦντες
3073 2744 3176 2816 τὴν
3241 2745 3465 2817 ἡμέραν
3522 2738 3738 2816 Κυρίουὶ

2176 2833 2294 2888 Ἵνα
2315 2836 2367 2887 τί
2403 2836 2532 2906 ὑμῖν
2559 2835 2700 2907 αὕτη
2731 2837 2915 2908 ἡμέρα
2944 2839 3190 2909 κυρίους
3226 2839 3374 2908 αὕτη
3403 2839 3521 2891 ἐστὶ
3565 2838 3738 2900 σκότος,

2173 2929 2269 2980 καὶ
2294 2929 2355 2981 οὐ
2379 2927 2514 2996 φῶς.
2541 2947 2559 2980 ι

2248 3062 2265 3092 ι
2302 3041 2531 3114 Μεγάλη
2559 3042 2594 3112 ἡ
2625 3040 2808 3113 ἡμέρα
2841 3040 3077 3111 Κυρίου,
3113 3041 3344 3111 μεγάλη
3379 3041 3476 3095 και
3509 3042 3740 3111 ἐπιφανὴς

2094 3169 2141 3232 c
2175 3134 2407 3204 σφόδρα.
2435 3133 2534 3197 Τίς
2564 3135 2720 3187 ἔσται
2746 3133 2930 3196 ἱκανὸς
2955 3134 3130 3203 αὐτῇς
3167 3151 3188 3184 ι

2249 3267 2268 3298 ι
2319 3245 2738 3317 Ἑξεγειρέσθω,
2790 3246 2886 3300 καὶ
2939 3244 3296 3298 ἀναδαινέτω
3354 3245 3620 3299 πάντα.τᾶ
3644 3246 3743 3316 ἔθνη

2167 3341 2248 3402 εἰς
2277 3338 2374 3409 τὴν
2401 3339 2630 3392 κοιλάδα
2665 3339 2957 3408 Ἰωσαφὰτ,
2989 3341 3070 3394 ὅτι
3104 3343 3232 3395 ἐκεῖ
3268 3343 3455 3396 καθιῶ
3514 3342 3607 3394 τοῦ
3654 3341 3747 3394 διαο

2169 3427 2354 3496 κρῖναι
2397 3426 2576 3480 πάντα
2603 3425 2673 3479 τὰ
2701 3426 2828 3498 ἔθνη
2891 3430 2970 3492 εἰς
3028 3430 3128 3501 τὴν
3190 3431 3516 3487 κυκλωθεν.
3555 3431 3743 3494 Ἐξαπο-

2167 3518 2416 3572 στείλατε
2479 3518 2728 3588 δρέπανα
2765 3525 2806 3584 ,’
2842 3519 2925 3573 ὅτι
2990 3521 3363 3594 παρέστηκεν
3404 3527 3434 3577 ὁ
3490 3520 3747 3595 τρυγητός.

2164 3609 2591 3681 Εἰσπορεύεσθε,
2625 3613 2874 3675 πατεῖτε,
2905 3613 3040 3666 διότι
3061 3615 3295 3686 πλήρης
3322 3617 3358 3687 ἡ
3383 3617 3551 3686 ληνός
3574 3631 3588 3646 ·
3613 3615 3745 3682 ὑπερ·

2162 3705 2340 3772 χεῖται
2376 3703 2446 3756 τὰ
2481 3703 2746 3775 ὑπολήνια
2766 3743 2782 3768 ,
2811 3706 2893 3759 ὅτι
2923 3706 3247 3779 ἐπληθύνθη
3279 3709 3358 3762 τὰ
3381 3711 3536 3763 κακὰ
3584 3708 3750 3761 αὐτῶν.

2161 3791 2327 3865 τΗχοι
2369 3795 2644 3868 ὲξήχησαν
2669 3797 2728 3848 ὲν
2762 3801 2829 3868 τῇ
2875 3799 3082 3854 κοιλάδι
3137 3801 3248 3871 τῆς
3311 3802 3484 3872 δίκης
3519 3819 3532 3832 ·
3563 3804 3590 3854 6
3630 3800 3751 3870 ἥλιος

2162 3889 2310 3960 καὶὴ
2338 3888 2537 3960 σελήνη
2597 3891 3012 3957 συσκοτάσουσι,
3064 3894 3162 3946 καὶ
3194 3895 3251 3946 οι
3286 3894 3537 3966 ἀστέρες
3565 3894 3623 3947 οὐ
3675 3892 3756 3944 δώο

2161 3999 2313 4034 σουσι
2345 3979 2407 4033 τὸ
2449 3983 2656 4051 φέγγος
2699 3983 2881 4038 αὐτῶν
2910 3999 2925 4014 ο
2947 3985 2978 4036 6
3002 3983 3059 4037 δὲ
3085 3985 3313 4056 Κύριος
3345 3989 3416 4040 ἐκ
3452 3986 3593 4040 Σιὼν
3644 3986 3752 4037 ἁνα-

2158 4074 2452 4144 κρὰξεται,
2513 4076 2608 4129 καὶ
2650 4074 2714 4140 ἐξ
2759 4073 3119 4148 Ἰερουσαλὴμ
3183 4078 3372 4134 δώσει
3438 4080 3546 4151 τὴν
3602 4077 3758 4149 φωνὴν

2155 4165 2343 4235 αὑτοῦ,
2375 4167 2467 4220 καὶ
2502 4167 2852 4238 σεισθήσεται
2874 4171 2903 4222 ό
2925 4169 3158 4239 οὐρανὸς
3186 4172 3298 4226 καὶ
3333 4173 3371 4243 ἡ
3399 4175 3503 4243 γῆ.
3540 4191 3559 4225 ι

2229 4298 2250 4332 σ
2289 4279 2622 4335 Εὐλαϐεῐσθε
2653 4282 2759 4336 ἀπὸ
2800 4283 3095 4353 προσώπου
3140 4286 3404 4357 Κυρίου,
3443 4287 3584 4340 διότι
3619 4286 3762 4352 ἐγγὺς

401 4375 403 4380 ·
447 4359 578 4426 quia
603 4359 764 4428 juxta
802 4371 890 4419 est
943 4365 1066 4424 dies
1098 4367 1341 4427 Domini.
1393 4372 1727 4445 Pracparavit
1781 4377 2050 4438 Dominus

2181 4371 2418 4440 ιήμέρα
2465 4372 2698 4444 Κυρίου.
2757 4374 3056 4445 Ἦτοίμασε
3119 4377 3354 4449 Κύριος
3423 4383 3530 4449 τὴν
3592 4378 3759 4429 θυσίαν

448 4445 732 4508 victimam
771 4471 953 4526 suam,
986 4462 1359 4521 sanctificavit
1406 4479 1632 4526 vocatos
1664 4486 1817 4528 suos.
1879 4473 2041 4530 Juxta

2181 4461 2341 4526 .ὐτοῦ,
2374 4465 2572 4536 ἡγίασε
2600 4467 2728 4530 τοὺς
2751 4467 2988 4539 κλητοὺς
3035 4445 3238 4525 αὐτοῦ.
3288 4445 3516 4541 Ἐγγὺς
3544 4475 3578 4542 ἡ
3607 4470 3764 4542 ὴρὲρι

445 4549 533 4620 est
566 4543 684 4598 dies
706 4545 926 4602 Domini
961 4565 1194 4622 magnus
1228 4571 1242 4608 :
1271 4554 1432 4623 juxta
1454 4565 1559 4623 est,
1591 4570 1645 4615 ct
1666 4562 1823 4616 velox
1853 4565 2039 4621 nimis.

2181 4556 2416 4628 ἱυρίουή
2447 4556 2680 4628 μεγάλη,
2711 4559 2879 4626 ἐγγὺς
2905 4561 3001 4614 καὶ
3022 4564 3228 4631 ταχεῖα
3273 4565 3526 4634 σφόδρα.
3559 4560 3706 4624 Φωνὴ
3737 4561 3760 4611 ἢ

452 4629 567 4687 Vox
597 4633 718 4692 dies
746 4635 964 4694 Domini
997 4653 1187 4698 amara
1216 4655 1273 4700 et
1322 4648 1460 4702 dura
1505 4658 1710 4707 statuta
1757 4664 1862 4709 est.
1916 4655 2045 4713 Dies

2189 4648 2333 4718 μέρα
2364 4648 2570 4719 Κυρίου
2603 4649 2780 4720 πικρὰ
2822 4651 2916 4704 καὶ
2963 4629 3180 4724 σκληρὰ
3220 4629 3524 4709 τέτακται
3554 4673 3568 4686 ο
3606 4652 3766 4723 ἡμέρα

446 4724 566 4791 ira},
592 4727 713 4785 dies
745 4729 863 4796 illa,
903 4733 1024 4792 dies
1053 4737 1448 4808 tribulationis,
1492 4751 1546 4796 ct
1578 4748 1945 4814 necessitatis,
1986 4761 2039 4806 et

2181 4737 2332 4808 ργῆς,
2383 4738 2622 4809 ἡήμέρσι
2643 4739 2824 4809 ἐκείνη
2848 4740 3029 4811 ἡμέρα
3051 4741 3309 4811 θλίψεως
3357 4747 3463 4798 καὶ
3513 4744 3762 4810 ἀνάγκης.

443 4818 805 4885 perditionis:
833 4823 954 4881 dics
983 4828 1336 4884 tenebrarum
1374 4839 1429 4886 et
1465 4834 1725 4891 turbinis.
1766 4855 1784 4889 ι

2181 4833 2237 4882 αἱ
2265 4830 2574 4900 ἀφανισμοῦ
2599 4847 2614 4862 ο
2650 4831 2835 4900 ἡμέρα
2869 4832 3092 4896 σκότους
3116 4835 3224 4887 καὶ
3261 4838 3521 4906 γνόφου.
3549 4855 3568 4887 ι

521 4927 757 4986 Illalaclt.
780 4937 862 4999 iu,
900 4935 953 5000 1,
983 4937 1040 4992 2.
1077 4970 1144 4980 ——
1175 4960 1195 4992 ‹
1236 4935 1378 4996 Ecce
1407 4948 1575 5010 venit,
1600 4945 1738 5001 dicit
1769 4949 2035 5011 Dominus

2216 4963 2234 4993 ι
2281 4945 2413 4998 Ἰδοὺ
2466 4943 2712 5016 ἔρχεται,
2765 4944 2915 5012 λέγει
2977 4944 3191 5016 Κύριος
3227 4950 3262 5000 ὁ
3301 4949 3764 5020 παντοκράτωρ’

445 5021 799 5090 omnipotens
848 5041 862 5079 :
911 5036 967 5081 et
1026 5031 1150 5099 quis
1202 5037 1503 5091 sustinebit
1555 5039 1699 5096 diem
1768 5045 2032 5102 introitus

2181 5038 2231 5089 αὶ
2261 5037 2343 5100 τίς
2370 5038 2637 5106 ὑπομενεῖ
2662 5037 2879 5108 ἡμέραν
2934 5039 3144 5092 εἰσόδου
3210 5043 3413 5096 αὑτοῦ
3442 5061 3457 5108 ;
3489 5044 3635 5097 διότι
3687 5039 3771 5092 αὖ·

444 5111 604 5180 cjtis?
633 5115 762 5184 quia
796 5116 914 5187 ipsc
941 5119 1248 5191 ingreditur
1279 5129 1437 5198 quasi
1481 5132 1626 5202 ignis
1654 5135 1706 5188 in
1759 5138 2027 5193 conflato-

2181 5144 2226 5191 ›ς
2279 5128 2674 5199 εἰσπορεύεται
2719 5128 2796 5192 ὼς
2833 5127 2944 5199 πῦρ
2975 5132 3032 5182 ἐν
3067 5135 3502 5205 χωνευτηρίῳ,
3565 5133 3659 5185 καὶ
3709 5128 3771 5186 ὡς

443 5201 560 5272 rio,"
575 5216 629 5261 et
658 5209 818 5277 quasi
863 5213 1029 5269 lierba
1064 5216 1364 5275 lavantium
1396 5237 1409 5274 :
1455 5201 1522 5277 et
1537 5225 1751 5282 sedebit
1778 5229 2028 5287 conflatis

2181 5219 2240 5272 όα
2269 5211 2580 5274 πλυνόντων
2611 5235 2624 5250 ·
2664 5220 2759 5274 καὶ
2789 5219 3067 5274 καθιεῐται
3122 5226 3433 5292 κωνεύων
3483 5227 3585 5279 καὶ
3612 5223 3754 5278 καθα

437 5310 490 5354 et
521 5303 833 5362 emundans
863 5307 1008 5364 sicut
1039 5322 1348 5383 argentum.
1391 5335 1409 5367 ι

2181 5312 2294 5375 ,ζων
2310 5311 2386 5372 ὠς
2413 5310 2472 5364 τὸ
2489 5311 2775 5382 ἀργύριον.
2803 5330 2822 5362 ι

507 5393 744 5452 Malach.
776 5415 848 5464 Iv,
881 5402 935 5455 5.
971 5433 1042 5444 -—
1096 5425 1114 5458 ‹
1144 5408 1284 5464 Ecce
1317 5426 1418 5479 ego
1467 5414 1623 5470 mitto
1653 5415 1810 5473 Vobis
1847 5417 2019 5474 Elian.

2203 5420 2221 5454 ι
2277 5404 2410 5457 Ἰδοὺ
2468 5404 2581 5470 ἐγὼ
2633 5405 2952 5457 ἀποστέλλω
3007 5405 3212 5458 ’Πλίαν
3275 5408 3386 5460 τὸν
3459 5408 3776 5474 Θεσὸίτην.

434 5474 773 5554 Thesbitem,
815 5500 1108 5564 antequam
1143 5499 1330 5554 veniat
1371 5503 1488 5558 dies
1535 5501 1750 5563 Domini
1783 5525 2016 5580 magnus

2181 5497 2256 5550 a‘tv
2299 5495 2475 5549 ἐλθεῖν
2506 5495 2604 5566 τὴν
2668 5497 2882 5566 ἡμέραν
2937 5498 3147 5568 Κυρίου
3214 5500 3338 5569 τὴν
3391 5501 3665 5571 μεγάλην
3696 5497 3776 5550 καὶ

427 5581 483 5630 et
514 5575 768 5634 illustris.
807 5599 824 5631 ι
1876 5575 1901 5580 ⁷

2181 5589 2378 5656 ειφανῆ.
2406 5607 2424 5638 ι

500 5659 612 5718 Isa.
644 5682 705 5730 ιι,
736 5668 826 5734 10,
858 5669 940 5724 19.
977 5704 1044 5714 -—
1081 5694 1098 5727 ι
1138 5675 1296 5732 Nunc
1332 5679 1684 5750 ingredimini
1721 5686 1774 5740 in
1808 5697 2010 5756 petras,

2193 5699 2209 5729 ι
2251 5679 2367 5731 Νῦν
2397 5677 2671 5731 είσέλθετε
2707 5681 2789 5742 εἰς
2823 5683 2926 5746 τὰς
2961 5685 3201 5755 πέτρας,
3279 5692 3394 5744 καὶ
3456 5686 3773 5762 κρύπτεσθε

426 5749 477 5806 e’t
515 5752 921 5818 abscondimini
960 5765 1014 5819 in
1067 5774 1214 5822 terra
1247 5785 1275 5824 a
1331 5769 1471 5829 facie
1512 5775 1728 5833 timoris
1767 5777 2008 5845 Domini,

2119 5772 2192 5834 ai;
2224 5770 2320 5841 τὴν
2350 5769 2455 5841 γῆν
2497 5767 2608 5824 ἀπὸ
2655 5772 2947 5842 προσώπου
2987 5775 3082 5830 τοῦ
3142 5779 3352 5847 ςρόϐου
3404 5786 3659 5858 Kuplw.
3699 5780 3780 5834 κεῖ

3385 6071 3414 6096 ο
