3986 6460
383 348 525 433 ll'I7

1608 365 1847 441 SACRA
1882 370 2349 444 PARALLELA.

3485 387 3629 455 1178

377 477 491 531 ἀπὸ
512 476 611 588 τῇς
631 476 791 550 δόξης
814 477 913 551 τῆς
946 478 1128 550 ἰσχύος
1158 480 1347 547 αὑτοῦ,
1374 482 1505 537 ὅταν
1539 485 1746 556 ἀναστῆ
1782 487 1944 559 θραῦ-

2064 497 2107 544 ει
2142 503 2174 543 a
2202 488 2378 560 gloria
2408 487 2630 544 virtutis
2655 486 2798 559 ejus,
2829 487 3056 560 quando
3105 491 3417 547 surrexerit
3455 508 3646 553 conte-

382 583 473 622 σαι
505 567 605 639 τὴν
635 568 758 638 γῆν.
787 588 807 622 ι

457 677 478 711 ι
530 660 659 714 Ἰδοὺ
681 661 866 732 ἡμέρα
893 663 1102 734 Κυρίου
1131 664 1355 728 ἀνίατος
1411 667 1631 737 ἔρχεται
1685 670 1829 739 μετά
1857 671 1954 724 θυ-

383 750 487 821 μοῦ
521 753 618 805 καὶ
644 751 834 824 ὀργῆς,
863 753 1023 824 θῆναι
1056 757 1155 827 τὴν
1199 758 1528 829 οἰκουμένην
1574 760 1705 833 ὅλην
1749 761 1956 833 ἔρημον

380 843 477 896 καὶ
526 842 657 906 τοὺς
699 845 1063 916 ἁμαρτωλοὺς
1118 849 1372 904 ἀπολέσει
1416 851 1475 918 ἐξ
1514 852 1707 923 αὐτῆς.
1759 857 1819 908 υἱ
1846 855 1955 927 γάρ

375 932 609 1005 ἀστέρες
661 934 759 988 τοῦ
809 938 1066 1008 ούρανοῦ,
1122 940 1218 993 καὶ
1241 943 1270 994 6
1300 941 1521 1012 Ὠρίων,
1566 944 1661 1003 καὶ
1692 947 1720 998 6
1751 942 1955 1017 κόσμος

376 1024 488 1087 πᾶς
530 1023 628 1078 τοῦ
671 1025 923 1097 ούρανοῦ,
953 1028 1016 1082 τὸ
1060 1030 1175 1099 φῶς
1232 1031 1415 1085 αὐτῶν
1464 1034 1525 1086 οὐ
1555 1033 1809 1100 δώσουσι,
1859 1037 1954 1092 καὶ

377 1114 847 1188 σκοτασθήσονται
868 1119 963 1173 τοῦ
993 1120 1146 1189 ἡλίου
1170 1122 1574 1190 ἀνατέλλοντος,
1603 1128 1701 1181 καὶ
1727 1128 1763 1199 ή
1792 1126 1954 1199 σελή-

374 1218 440 1275 νη
476 1205 539 1258 ού
567 1205 731 1263 δώσει
754 1209 817 1263 τὸ
844 1210 981 1278 φῶς.
1029 1213 1139 1266 Καὶ
1195 1214 1517 1285 ὲντελοῦμαι
1543 1217 1610 1286 τῇ
1655 1217 1953 1292 οἰκουμένῃ

371 1296 470 1368 ὅλη
506 1299 673 1363 κακὰ,
706 1301 801 1354 καὶ
851 1304 968 1366 τοῖς
1004 1304 1230 1358 ἀσεϐέσι
1254 1306 1353 1371 τὰς
1383 1306 1664 1377 ἁμαρτιας
1715 1309 1898 1363 αὐτῶν
1930 1322 1948 1343 ⁸

373 1389 469 1440 καὶ
489 1384 750 1445 ἀπολέσω
788 1390 947 1463 ὓϐριν
967 1393 1206 1465 ἀνόμων,
1241 1396 1337 1450 καὶ
1371 1396 1531 1468 ὓϐριν
1581 1399 1950 1471 ὑπερηφάνων

369 1479 720 1535 ταπεινὼσω.
753 1501 772 1534 ι

451 1591 472 1623 ι
522 1572 948 1644 ’Δναστήσονται
978 1577 1031 1631 οί
1073 1580 1282 1649 νεκροὶ,
1331 1582 1425 1635 καὶ
1479 1580 1869 1654 ἐγερθήσονται
1897 1586 1947 1637 oi

368 1664 430 1717 ὲν
460 1664 575 1727 τοῖς
605 1666 917 1735 μνημείοις.
944 1686 965 1720 ι

445 1775 466 1809 ‹
498 1756 639 1823 Ἐγὼ
693 1760 764 1814 τὰ
817 1760 955 1831 ἔργα
1009 1761 1226 1829 αὐτῶν,
1284 1763 1381 1817 καὶ
1426 1763 1521 1818 τὸν
1585 1764 1949 1837 συλλογισμὸν

365 1848 602 1920 ἔρχομαι
631 1855 987 1922 συναγαγεῖν.
1005 1872 1025 1906 ι

442 1959 461 1992 ι
494 1940 850 2014 Είλιγήσεται
881 1947 911 1998 6
938 1945 1169 2017 οὐρανὸς
1220 1945 1297 2010 ὡς
1335 1945 1565 2017 βιϐλίον,
1621 1949 1720 2001 καὶ
1766 1948 1949 2002 πάντα

362 2033 436 2085 τὰ
486 2033 664 2102 άστρα
714 2034 1010 2090 πεσοῦνται
1053 2037 1131 2100 ὡς
1170 2036 1372 2107 φύλλον
1411 2036 1472 2102 ἐξ
1513 2039 1796 2108 ἀμπέλου,
1853 2040 1950 2092 καὶ

364 2116 442 2185 ὡς
467 2121 660 2175 πίπτει
685 2122 886 2191 φύλλον
911 2124 1022 2178 ἀπὸ
1049 2126 1244 2194 συκῆς.
1284 2145 1307 2181 ο

442 2231 462 2265 ι
504 2214 661 2266 Πᾶσα
709 2216 862 2285 φωνὴ
909 2216 1275 2289 ἀναστήσεται
1327 2220 1463 2288 πρὸς
1510 2223 1569 2275 σὲ
1605 2224 1688 2285 είς
1738 2222 1945 2292 κρίσιν,

363 2305 464 2358 καὶ
497 2305 676 2359 πάντα
722 2307 924 2372 αὐτοὺς
969 2309 1155 2363 ὲτάσει
1191 2327 1204 2342 ⁸
1242 2313 1293 2365 οἱ
1317 2313 1374 2365 δὲ
1399 2312 1574 2383 ἔνοχοι
1631 2313 1847 2368 ἔσονται
1887 2317 1945 2368 ἐν

363 2392 530 2464 λύπῃ.
555 2414 575 2448 ι

441 2504 461 2537 ι
511 2486 643 2540 Ἰδοὺ
669 2489 698 2542 6
727 2488 861 2554 Θεὸς
893 2487 1077 2563 ήμῶν,
1140 2488 1250 2545 ἰδοὺ
1278 2493 1306 2545 6
1331 2491 1534 2563 Κύριος
1589 2493 1751 2565 ἡμῶν
1805 2495 1947 2565 μετά

366 2574 555 2647 ἰσχύος
581 2578 822 2651 ἔρχεται.
876 2582 1007 2636 Ἰδοὺ
1033 2584 1062 2637 6
1102 2582 1293 2652 μισθὸς
1324 2584 1445 2654 μετ’
1495 2584 1699 2651 αὑτοῦ,
1754 2588 1852 2640 καὶ
1883 2587 1946 2640 τὸ

360 2665 526 2738 ἔργον
550 2668 782 2725 ἐνώπιον
804 2670 992 2727 αὑτοῦ.
1014 2691 1035 2725 ι

438 2780 460 2812 ι
507 2760 637 2817 Ἰδοὺ
666 2763 875 2835 Κύριος
906 2764 984 2829 ὡς
1015 2763 1129 2836 πῦρ
1180 2766 1325 2837 ήξει,
1378 2768 1475 2821 καὶ
1500 2767 1576 2832 ὡς
1600 2770 1860 2839 καταιτὶς
1877 2772 1947 2825 τά

359 2852 590 2924 ἅρματα
645 2854 836 2923 αὐτοῦ,
867 2856 1165 2911 ἀποδοῦναι
1206 2860 1265 2911 ὲν
1295 2858 1455 2932 θυμῷ
1506 2860 1789 2932 ἐκδίκησιν
1850 2863 1947 2917 καὶ

360 2946 847 3019 ἀποσκορακισμὸν
869 2950 929 3003 ὲν
963 2948 1125 3019 φλογὶ⁸
1176 2950 1368 3020 πυρός.
1410 2951 1498 3005 Ἐν
1541 2954 1651 3024 γάρ
1683 2953 1762 3025 τῷ
1810 2955 1944 3028 πυρὶ

358 3036 576 3110 Κυρίου
603 3039 936 3111 κριθήσεται·
960 3042 1113 3095 πᾶσα
1143 3042 1176 3110 ἠ
1205 3043 1296 3114 γῆ.
1319 3061 1338 3095 ι

2060 597 2182 638 rere
2209 590 2437 637 terram.
2478 600 2499 635 ι

2132 673 2247 730 ιω.
2280 690 2403 742 χιιι,
2433 674 2585 729 9-H.
2613 703 2684 713 —
2710 690 2730 725 ι
2760 673 2902 730 Ecce
2935 673 3055 731 dies
3096 675 3344 744 Domini,
3400 680 3644 738 crudelis

2056 765 2207 820 venit
2230 779 2356 818 cum
2381 763 2761 834 indignatione
2786 771 2843 819 et
2870 765 2975 829 ira,
3005 765 3071 820 ad
3100 770 3418 835 ponendum
3448 770 3640 825 orbem

2055 862 2215 911 terrae
2253 857 2308 910 in
2362 857 2711 913 solitudinem
2746 875 2760 911 :
2789 864 2845 911 et
2878 868 3198 926 peccatores
3240 861 3527 930 disperdet
3555 876 3626 917 ex

2053 965 2139 1006 ea.
2174 951 2359 1007 Stella:
2389 951 2536 1008 enim
2568 951 2717 1018 caeli,
2769 960 2828 1007 et
2864 951 3035 1008 Orion
3077 960 3132 1009 et
3178 956 3361 1011 omnis
3403 964 3641 1011 ornatus

2053 1042 2177 1096 caeli
2205 1041 2389 1096 lumen
2417 1056 2580 1098 suum
2623 1057 2733 1096 non
2775 1042 3010 1106 dabunt,
3035 1050 3092 1097 et
3119 1044 3640 1099 obtenebrabuntnr

2052 1131 2169 1186 sole
2217 1131 2457 1196 oriente,
2489 1139 2548 1186 et
2589 1131 2720 1185 luna
2780 1148 2892 1186 non
2939 1132 3094 1188 dabit
3143 1132 3327 1187 lumen
3359 1148 3544 1199 suum,
3585 1143 3640 1188 et

2052 1221 2325 1276 mandabo
2359 1222 2619 1278 universo
2668 1223 2786 1278 orbi
2828 1225 3008 1288 mala,
3062 1230 3121 1278 et
3171 1222 3359 1294 impiis
3408 1232 3638 1294 peccata

2049 1327 2262 1368 eorum.
2296 1312 2365 1367 Et
2418 1313 2642 1384 perdam
2676 1315 2935 1385 injuriam
2971 1314 3314 1385 iniquorum,
3348 1325 3404 1369 et
3436 1324 3637 1371 contu-

2050 1403 2269 1459 meliam
2305 1404 2672 1475 superborum
2705 1404 3030 1460 bumiliabo.
3067 1423 3088 1457 ι

2119 1579 2231 1635 Isa.
2262 1594 2409 1645 xx",
2445 1579 2535 1636 l6.
2557 1610 2628 1621 —-
2658 1599 2677 1632 ι
2708 1579 3013 1650 Resurgent
3051 1580 3280 1644 mortui,
3328 1586 3384 1634 et
3431 1593 3634 1633 exsur-

2046 1675 2178 1738 gent
2206 1668 2298 1738 qui
2333 1668 2388 1724 in
2425 1671 2799 1729 monumentis
2824 1682 2972 1725 sunt.
3010 1688 3030 1722 ι

2119 1758 2233 1812 Isa.
2258 1775 2406 1827 uvr,
2438 1761 2524 1816 18.
2554 1792 2621 1801 -
2648 1779 2667 1807 ι
2695 1760 2810 1831 Ego
2838 1776 3007 1830 Opera
3035 1774 3226 1815 eorum
3252 1773 3403 1823 novr,
3431 1769 3485 1814 et
3505 1773 3635 1813 con-

2048 1852 2423 1920 gregationem
2460 1854 2618 1909 venio
2655 1868 3010 1923 congregare.
3042 1871 3060 1905 ι
3562 1836 3585 1853 ⁸

2122 1940 2234 1995 Isa.
2266 1957 2450 2009 xxxrv,
2479 1943 2611 1997 4.-
2646 1961 2665 1994 ι
2690 1942 3124 2013 Complicabitnr
3149 1941 3350 1996 caelum
3382 1947 3444 1995 ut
3468 1940 3631 2008 liber,

2047 2040 2103 2087 et
2133 2033 2316 2086 omnia
2343 2044 2492 2088 astra
2529 2034 2725 2088 cadent
2774 2043 2834 2088 ut
2865 2032 3055 2088 folium
3087 2049 3152 2089 ex
3208 2032 3342 2096 vite,
3376 2040 3433 2086 et
3482 2033 3631 2087 sicut

2047 2123 2196 2178 cadit
2235 2122 2424 2177 folium
2456 2123 2524 2177 de
2563 2123 2689 2177 ﬁcu.
2723 2142 2743 2176 ι

2125 2234 2144 2268 ι
2185 2214 2375 2273 Omnis
2426 2232 2530 2271 vox
2592 2223 2856 2286 exsurget
2907 2219 2974 2272 ad
3031 2224 3084 2270 te
3131 2216 3185 2270 in
3234 2215 3531 2284 judicium,
3571 2222 3629 2270 et

2047 2307 2234 2362 omnia
2254 2323 2351 2364 eos
2372 2307 2793 2370 examinabunt,
2819 2312 2874 2363 et
2903 2314 3167 2363 nocentes
3194 2318 3364 2363 erunt
3395 2310 3448 2363 in
3489 2321 3627 2360 mm-

2046 2413 2194 2454 rore.
2235 2417 2256 2451 υ

2120 2488 2235 2543 Isa.
2267 2505 2399 2556 ωιιι,
2433 2489 2520 2545 ll.
2559 2518 2620 2531 ς-
2671 2507 2692 2543 ι
2735 2488 2874 2547 Ecce
2914 2488 3061 2547 Deus
3092 2499 3312 2555 noster,
3354 2506 3484 2545 ecce
3523 2490 3629 2543 Do-

2048 2581 2231 2636 minus
2253 2589 2463 2647 noster,
2492 2596 2617 2636 cum
2644 2581 2845 2637 virtute
2869 2583 3075 2637 veniet.
3102 2581 3244 2636 Ecce
3266 2597 3479 2637 merces
3508 2581 3630 2649 ejus

2046 2687 2171 2729 cum
2210 2688 2298 2737 eo,
2327 2680 2383 2727 et
2412 2687 2553 2743 opus
2581 2673 2703 2741 ejus
2740 2688 2927 2729 coram
2956 2674 3070 2727 illo.
3113 2693 3131 2726 ι

2118 2764 2238 2820 Isa.
2267 2781 2415 2831 Lm,
2461 2765 2551 2820 15.
2591 2793 2661 2806 --
2705 2783 2725 2817 ι
2764 2764 2906 2820 Ecce
2957 2765 3220 2820 Dominus
3273 2765 3432 2835 quasi
3485 2764 3630 2833 ignis

2047 2857 2249 2921 veniet,
2283 2865 2339 2912 et
2372 2857 2531 2927 quasi
2580 2862 2875 2925 tempestas
2903 2871 3105 2910 currus
3132 2857 3273 2924 ejus,
3308 2856 3538 2911 reddere
3573 2855 3630 2910 in

2045 2947 2233 3003 furore
2260 2947 2527 3004 ultionem
2557 2957 2613 3006 et
2645 2949 3075 3019 increpationem
3121 2948 3282 3019 345
3319 2949 3373 3003 in
3409 2947 3630 3003 ﬂamma
3724 2943 3732 2955 ’

2047 3041 2213 3111 ignis.
2269 3039 2328 3095 In
2392 3041 2518 3113 igne
2573 3040 2719 3096 enim
2781 3040 2997 3095 Domini
3051 3040 3392 3110 judicabitur
3451 3040 3631 3094 omnis

2046 3137 2211 3187 terra.
2255 3149 2276 3184 ι

435 3235 456 3269 ι
485 3214 629 3273 Τάδε
681 3217 830 3288 λέγει
872 3219 1082 3294 Κύριος
1108 3223 1223 3285 τοῖς
1269 3221 1482 3287 ὀστέοις
1510 3224 1725 3290 τούτοις
1749 3243 1765 3259 ⁸
1806 3226 1941 3283 Ἰδοὺ

2118 3221 2311 3276 Ezech.
2341 3236 2549 3289 xxxv",
2582 3221 2637 3285 5,
2660 3222 2714 3276 6.
2735 3252 2807 3263 —
2833 3240 2852 3274 ι
2885 3222 3012 3279 Ιίωο
3033 3222 3172 3277 dicit
3198 3222 3460 3277 Dominus
3487 3220 3633 3276 ossi-

354 3309 475 3378 ὲγὼ
534 3310 688 3381 φέρω
737 3311 826 3382 ἐφ’
850 3312 997 3382 ὑμᾶς
1039 3310 1260 3384 πνεῦμα
1311 3313 1483 3384 ζωῆς,
1532 3317 1630 3370 καὶ
1669 3315 1825 3370 δώσω
1856 3318 1941 3387 ἐφ’

356 3396 506 3472 ὑμᾶς
555 3402 748 3474 νεῦρα,
810 3402 908 3456 καὶ
959 3403 1075 3471 ἄξω
1135 3406 1220 3475 ἐφ’
1270 3406 1415 3476 ὑμᾶς
1461 3407 1678 3477 σάρκα·
1713 3410 1810 3463 καὶ
1848 3410 1944 3480 ζή-

356 3492 542 3558 σεσθε,
583 3495 680 3549 καὶ
706 3494 1002 3561 γνώσεσθε,
1034 3497 1116 3549 ὅτι
1142 3495 1255 3564 ἐγώ
1286 3499 1403 3568 εἰμι
1451 3498 1676 3570 Κύριος.
1700 3519 1719 3552 ι

436 3691 455 3725 ι
478 3673 676 3745 Κρίσις
740 3673 816 3746 τῷ
842 3674 1034 3746 Κυρίῳ
1063 3677 1121 3728 ἐν
1149 3676 1261 3740 τοῖς
1291 3676 1493 3740 ἔθνεσι,
1534 3676 1816 3749 κρίνεσθαι
1841 3678 1941 3731 αὑ-

356 3771 451 3829 Ιἑὸς
483 3766 622 3836 πρὸς
652 3766 834 3819 πᾶσαν
868 3768 1066 3839 σάρκα.
1098 3785 1118 3820 ι

435 3876 453 3907 ι
500 3854 805 3925 Ἐθεώρουν
834 3856 940 3917 ἕως
973 3852 1036 3910 οῦ
1080 3857 1261 3929 θρόνοι
1303 3857 1591 3929 ἐτέθησαν,
1649 3860 1747 3914 καὶ
1772 3860 1803 3914 6
1836 3876 1942 3914 πα-

354 3945 508 4010 λαιὸς
540 3946 764 4018 ἡμερῶν
792 3947 1051 4020 ἐκάθητο.
1085 3950 1193 4003 Καὶ
1208 3951 1268 4002 τὺ
1300 3949 1511 4021 ἔνδυμα
1534 3950 1702 4004 αὐτοῦ
1745 3951 1941 4006 λευκὸν

352 4036 492 4089 ὡσεὶ
514 4037 668 4108 χιιῖιν,
704 4039 801 4094 καὶ
831 4040 865 4111 ή
892 4040 1015 4112 θρὶξ
1041 4042 1144 4111 τῆς
1166 4042 1414 4112 κεφαλῆς
1437 4042 1604 4096 αὑτοῦ
1641 4043 1777 4096 ὡσεὶ
1794 4043 1940 4113 ἔριον

354 4129 633 4201 καθαρόν·
666 4131 764 4187 καὶ
806 4134 835 4186 6
865 4132 1055 4203 θρόνος
1123 4133 1289 4187 αὐτοῦ
1326 4131 1461 4202 φλὸξ
1515 4135 1710 4206 πυρὸς,
1768 4137 1864 4188 καὶ
1889 4137 1940 4190 οἱ

352 4220 549 4290 τροχοὶ
584 4216 757 4275 αὐτοῦ
791 4222 904 4292 πῦρ
953 4222 1174 4290 φλέγον.
1223 4223 1475 4297 Ποταμὸς
1532 4225 1709 4294 πυρὸς
1758 4219 1940 4279 εἷλκεν

355 4313 800 4383 ἐκπορευόμενος
849 4314 1162 4386 ἔμπροσθεν
1208 4315 1395 4371 αὑτοῦ.
1456 4315 1637 4371 Χιλίαι
1701 4315 1938 4385 χιλιάδες

355 4403 742 4474 ἐλειτούργουν
774 4404 945 4473 αὐτῷ,
974 4408 1071 4459 καὶ
1118 4409 1308 4478 μυρίαι
1345 4407 1604 4477 μυριάδες
1650 4407 1940 4475 παρειστή-

2045 3315 2149 3370 bus
2190 3314 2311 3370 istis
2343 3331 2358 3369 :
2402 3313 2544 3371 Ecce
2576 3330 2677 3384 ego
2716 3314 2984 3371 adducam
3032 3330 3196 3385 super
3226 3330 3325 3369 vos
3368 3314 3626 3383 Spiritum

2042 3404 2188 3465 vitae,
2220 3410 2275 3458 et
2305 3402 2450 3459 dabo
2495 3418 2662 3474 super
2700 3419 2797 3459 vos
2831 3419 3051 3468 nervus,
3086 3412 3141 3458 et
3177 3402 3437 3458 inducam
3467 3417 3634 3472 super

2044 3509 2142 3550 vos
2175 3510 2412 3562 carnes;
2444 3504 2498 3549 et
2520 3495 2738 3563 vivetis,
2776 3502 2832 3550 et
2860 3495 3207 3565 cognoscetis
3232 3494 3493 3563 quoniam
3527 3507 3632 3562 ego

2043 3598 2166 3638 sum
2205 3583 2488 3639 Dominus.
2536 3603 2557 3637 ι

2112 3673 2307 3729 Jerem.
2337 3690 2463 3740 xxv,
2493 3676 2584 3729 51.
2608 3704 2679 3714 -
2718 3694 2736 3727 ι
2773 3673 3055 3730 Iudicium
3104 3674 3338 3728 Domino
3366 3672 3420 3727 in
3456 3672 3634 3744 genti-

2042 3765 2169 3831 bus,
2191 3777 2247 3822 ut
2276 3767 2395 3838 ipse
2417 3766 2631 3837 jmlicet
2664 3781 2883 3822 omnem
2907 3781 3153 3867 carnem.
3191 3783 3210 3817 ι

2112 3857 2254 3914 Dan.
2305 3874 2400 3924 vn,
2431 3856 2487 3922 9,
2522 3857 2610 3913 10.
2657 3886 2728 3897 -
2783 3875 2802 3908 ι
2843 3854 3190 3927 ASpicieliam
3234 3855 3409 3909 donec
3443 3854 3627 3908 throni

2043 3950 2206 4021 positi
2235 3960 2402 4005 sunt:
2435 3957 2490 4004 ct
2517 3949 2790 4019 Antiquus
2810 3950 3022 4005 dierum
3052 3948 3211 4004 sedit.
3247 3948 3311 4002 Et
3341 3948 3635 4002 vestimen-

2043 4054 2156 4098 tum
2186 4043 2311 4114 ejus
2333 4042 2628 4097 candidum
2659 4042 2818 4112 quasi
2845 4042 2962 4107 nix,
3001 4050 3057 4101 et
3082 4041 3263 4112 capilli
3286 4041 3483 4110 capitis
3512 4040 3633 4109 ejus

2039 4133 2198 4206 quasi
2247 4134 2372 4187 lana
2409 4132 2636 4188 munda.
2671 4132 2740 4187 Et
2783 4133 3015 4188 thronus
3055 4132 3177 4202 ejus
3209 4130 3426 4185 ﬂamma
3459 4131 3628 4201 ignis,

2039 4237 2095 4280 et
2125 4235 2258 4280 rota:
2286 4224 2408 4294 ejus
2435 4224 2580 4295 ignis
2628 4238 2916 4280 accensus.
2960 4221 3191 4279 Fluvius
3244 4223 3439 4292 igneus
3476 4236 3632 4292 egre.

2039 4316 2295 4372 diebatur
2328 4331 2359 4370 a
2397 4315 2539 4371 facie
2566 4314 2711 4386 ejus.
2751 4314 2921 4370 Millia
2960 4313 3192 4368 millium
3240 4312 3628 4367 ministrabant

2039 4405 2113 4471 ei,
2144 4414 2200 4460 et
2229 4405 2410 4460 decies
2469 4405 2670 4460 millies
2718 4410 2950 4459 centena
3006 4403 3177 4456 millia
3211 4399 3549 4455 assistebant
3576 4398 3629 4453 ei

354 4508 549 4545 κεισαν
572 4493 742 4564 αὐτῷ.
777 4495 1128 4566 Ἐμπροσθεν
1161 4496 1327 4550 αὐτοῦ
1352 4498 1636 4568 κριτήριον
1656 4496 1934 4561 ἐκάθισεν,

2064 4512 2227 4553 :oram
2260 4498 2402 4568 ipso.
2430 4495 2708 4552 Iudicium
2740 4494 2905 4558 sedit,
2935 4501 2991 4551 et
3021 4494 3149 4549 liliri
3187 4492 3365 4563 aperti
3411 4501 3561 4546 sunt.
3597 4509 3614 4544 ι

353 4582 456 4635 καὶ
487 4583 543 4637 αἱ
572 4582 745 4652 βίϐλοι
763 4583 1140 4656 ἠνεῴχθησαν.
1179 4604 1198 4638 ι

434 4693 453 4725 ι
506 4675 595 4729 Ἑν
624 4674 703 4746 τῷ
761 4674 942 4748 καιρῷ
996 4675 1195 4748 ἐκείνῳ
1247 4677 1613 4750 ἀναστήσεται
1656 4677 1880 4749 Μιχαὴλ
1910 4679 1940 4731 6

350 4764 545 4836 ἄρχων
572 4767 601 4818 6
632 4767 829 4837 μέγας,
849 4768 878 4822 6
897 4767 1146 4839 έστηκὼς
1167 4768 1262 4822 ἐπὶ
1285 4770 1411 4832 τοὺς
1441 4770 1592 4833 υἱοὺς
1631 4770 1725 4824 τοῦ
1764 4770 1895 4823 λαοῦ
1921 4787 1935 4802 ο

352 4856 458 4909 καὶ
487 4855 642 4911 ἔσται
699 4856 891 4929 καιρὸς
921 4856 1179 4928 θλίψεως,
1237 4852 1353 4922 οἷος
1377 4859 1439 4912 οὐ
1489 4859 1714 4927 γέγονεν
1753 4858 1849 4928 ἀφ’
1875 4855 1938 4912 οὗ

351 4947 656 5018 γεγένηται
683 4947 836 5012 levo;
868 4949 962 5002 ἐπὶ
993 4949 1093 5018 τῆς
1148 4949 1275 5019 γῆς,
1325 4949 1431 5014 ἕως
1468 4950 1665 5022 καιροῦ
1700 4950 1934 5005 ἐκείνου.

352 5040 471 5092 Καὶ
497 5040 557 5093 έν
582 5038 662 5108 τῷ
683 5037 863 5110 καιρῷ
899 5039 1096 5110 ἐκείνῳ
1125 5039 1432 5112 σωθήσεται
1462 5043 1490 5094 6
1522 5040 1651 5105 λαός
1682 5058 1780 5095 σου
1829 5043 1940 5105 πᾶς

349 5130 384 5182 6
420 5128 667 5199 εὑρξθεὶς
711 5131 1101 5202 γεγραμμένος
1153 5133 1212 5185 ὲν
1245 5133 1313 5203 τῇ
1368 5131 1536 5203 βίϐλῳ
1575 5133 1781 5205 ταύτῃ*
1842 5133 1940 5187 καὶ

353 5220 548 5274 πολλοὶ
574 5220 685 5274 τῶν
742 5221 1116 5276 καθευδόντων
1144 5225 1201 5276 ὲν
1222 5224 1327 5294 γῆς
1376 5223 1594 5294 χώματι
1642 5223 1938 5295 ὲξεγερθή-

354 5328 567 5367 σονται.
627 5306 788 5367 Οὗτοι
847 5315 924 5377 εἰς
982 5313 1130 5385 ζωὴν
1184 5313 1404 5368 αἰώνιον
1432 5353 1449 5381 ,
1510 5317 1608 5370 καὶ
1660 5309 1806 5370 οὗτοι
1859 5318 1940 5379 εἰς

354 5403 692 5473 ὀνειδισμὸν,
738 5405 832 5458 καὶ
871 5403 1135 5477 αἰσχύνην
1182 5406 1399 5462 αἰώνιον
1422 5423 1435 5436 ·
1468 5409 1562 5461 καὶ
1584 5409 1633 5461 οί
1666 5408 1940 5474 συνιέντες

354 5494 735 5565 ὶκλάμψουσιν
783 5496 860 5559 ὡς
917 5498 950 5567 ἡ
999 5498 1321 5571 λαμπρότης
1386 5497 1482 5554 τοῦ
1532 5499 1938 5572 στερεώματος,

366 5585 455 5639 καὶ
487 5585 598 5639 ἀπὸ
623 5587 733 5640 τῶν
776 5587 1004 5642 δικαίων
1028 5589 1136 5643 τῶν
1168 5589 1401 5655 πολλῶν,
1438 5589 1571 5644 ὡσεὶ
1598 5590 1830 5662 ἀστέρες
1858 5593 1941 5656 είς

354 5675 453 5730 τὸν
478 5676 665 5730 αἰῶνα.
692 5697 712 5729 ι

332 5743 371 5875 χ
435 5780 458 5819 ι
489 5767 650 5836 Λέγω
677 5769 826 5839 ὑμῖν,
876 5771 956 5825 ὅτι
1016 5772 1123 5826 πᾶν
1173 5770 1327 5845 ῥῆμα
1387 5772 1555 5845 ἀργὸν
1583 5772 1612 5827 ὃ
1639 5773 1735 5828 ἐὰν
1771 5772 1936 5844 λαλή-

2112 4675 2254 4732 Dan.
2303 4692 2406 4742 ιιι,
2449 4676 2662 4732 l-5.—
2713 4694 2732 4729 ι
2767 4673 2826 4731 In
2881 4660 3129 4753 tempore
3183 4674 3279 4730 illo
3330 4679 3626 4743 consurget

2039 4768 2269 4825 Michael
2295 4769 2552 4840 princeps
2580 4783 2835 4838 magnus,
2858 4768 2952 4838 qui
2977 4774 3087 4822 stat
3114 4781 3212 4836 pro
3236 4766 3365 4821 ﬁliis
3398 4765 3583 4835 pepuli
3609 4779 3624 4819 :

2039 4868 2095 4917 et
2130 4860 2237 4916 erit
2276 4868 2493 4931 tempus
2524 4859 2904 4915 tribulationis
2931 4859 3097 4929 quale
3123 4855 3391 4921 nonfuit,
3422 4871 3487 4911 ex
3517 4871 3628 4926 quo

2039 4964 2171 5021 gens
2207 4949 2349 5005 facta
2374 4959 2459 5005 est
2479 4964 2647 5020 super
2672 4958 2873 5004 terram
2907 4963 3085 5018 usque
3112 4945 3178 5000 ad
3212 4954 3433 5016 tempus
3465 4944 3624 5000 illud.

2041 5045 2109 5098 Et
2145 5043 2200 5099 in
2233 5051 2477 5114 tempore
2523 5043 2616 5098 illo
2645 5041 2950 5098 salvabitur
2985 5041 3218 5111 populus
3264 5046 3414 5105 tuus,
3446 5040 3628 5096 omnis

2040 5135 2134 5207 qui
2176 5135 2431 5191 inventus
2454 5134 2615 5191 fuerit
2648 5134 2891 5203 scriptus
2929 5133 2985 5188 in
3019 5133 3161 5187 libro
3194 5134 3317 5187 hoc.
3358 5131 3426 5185 Et
3470 5130 3626 5186 multi

2041 5229 2109 5285 de
2131 5229 2200 5284 iis
2227 5228 2322 5299 qui
2354 5228 2636 5283 dormiunt
2667 5227 2722 5282 in
2760 5235 2922 5281 terrae
2976 5226 3201 5295 pulvere
3248 5222 3583 5290 evigilabunt
3611 5241 3622 5276 :

2040 5320 2130 5375 alii
2154 5321 2208 5375 in
2242 5322 2406 5375 vitam
2427 5327 2713 5382 aeternam,
2737 5327 2792 5374 et
2816 5317 2909 5373 alii
2942 5317 2996 5372 in
3032 5315 3390 5387 opprobrium
3412 5320 3468 5367 et
3494 5327 3621 5368 cnn-

2045 5409 2316 5465 fusionem
2351 5419 2633 5464 aeternam.
2692 5407 2762 5462 Et
2817 5409 2911 5479 qui
2974 5407 3282 5477 intelligent
3342 5405 3627 5475 fulgebunt

2042 5501 2199 5571 quasi
2234 5501 2499 5572 splendor
2529 5500 2882 5571 ﬁrmamenti,
2928 5507 2985 5555 et
3025 5515 3092 5556 ex
3131 5497 3320 5555 multis
3344 5496 3624 5567 justorum

2044 5602 2101 5648 ut
2130 5600 2278 5648 astra
2316 5593 2370 5647 in
2401 5603 2689 5647 aeternum.
2722 5609 2743 5642 ›

2119 5762 2317 5828 Malm.
2349 5789 2448 5841 xu,
2481 5771 2570 5828 '56.
2607 5802 2677 5815 -—-
2714 5792 2731 5827 ι
2765 5772 2897 5828 Dico
2929 5769 3106 5838 vobis,
3137 5767 3283 5841 quod
3313 5779 3474 5824 omne
3503 5770 3618 5819 ver.
