3986 6432
365 349 502 414 1179
559 341 566 344 ’

1551 349 1613 409 S.
1651 346 1974 410 JOANNIS
2011 347 2446 409 DAMASCENI

3486 347 3638 415 1180

357 459 491 514 bum
520 457 783 522 otiosum,
809 455 955 528 quod
983 455 1153 512 locuti
1187 456 1394 514 l'uerint
1415 458 1690 524 homines,
1712 457 1942 512 reddent

2071 475 2216 512 rwctv
2237 460 2286 510 οί
2314 458 2618 530 ἄνθρωποι,
2655 459 3002 514 ἀποδώσουσι
3066 459 3198 530 περὶ
3258 459 3428 517 αὐτοῦ
3482 460 3655 530 λόγον

356 549 427 606 de
455 565 522 606 eo
552 551 819 604 rationem
863 547 917 602 in
963 547 1051 602 die
1075 548 1294 617 judicii.
1328 547 1405 603 Ex
1440 548 1625 604 verbis
1654 549 1800 603 enim
1837 547 1948 603 tuis

353 640 772 712 justiﬁcaberis,
798 646 852 694 et
887 655 952 693 ex
982 639 1171 694 verbis
1206 641 1314 696 tuis
1342 641 1817 695 condemnaberis.
1853 656 1872 688 ›

427 730 622 784 Matth.
654 744 776 792 xm,
825 729 894 784 56
925 730 1013 783 45.
1045 760 1116 769 -
1147 750 1166 781 ι
1204 730 1268 783 Et
1303 738 1661 786 accesserunt
1711 729 1777 782 ad
1821 743 1947 782 eum

354 821 610 892 discipuli
646 821 791 890 ejus,
817 821 1070 876 dicentes
1105 840 1118 876 :
1158 821 1415 877 Edissere
1444 821 1605 876 nobis
1629 819 1948 891 paraholam

356 913 696 968 zizaniorum
729 913 868 983 agri.
905 913 1007 979 Qui
1039 914 1378 982 respondens
1413 914 1491 967 ait
1521 913 1630 968 illis
1660 931 1672 967 :
1710 911 1812 977 Qui
1857 926 1949 966 se-

355 1001 530 1054 minat
559 1002 761 1055 bonum
795 1017 1007 1068 semen,
1041 1011 1125 1057 est
1161 1001 1334 1056 Filius
1381 1002 1641 1057 hominis.
1675 1002 1816 1070 Ager
1846 1015 1948 1054 au-

342 1101 462 1145 tem
489 1101 571 1146 est
607 1093 864 1147 mundus.
912 1092 1123 1146 Bonum
1160 1108 1292 1147 vero
1334 1107 1544 1158 semen,
1589 1093 1642 1146 hi
1691 1100 1820 1146 sunt
1853 1091 1947 1144 lilii

357 1183 531 1251 regni.
581 1181 804 1238 Zizania
858 1191 1042 1239 autem
1077 1183 1173 1237 lilii
1218 1193 1353 1238 sunt
1393 1199 1647 1254 nequam.
1689 1183 1950 1238 Inimicus

357 1284 540 1330 autem
568 1277 661 1346 qui
696 1277 992 1332 seminavit
1027 1292 1114 1342 ea,
1151 1286 1237 1331 est
1284 1277 1566 1332 diabolus.
1600 1275 1794 1331 Messis
1821 1291 1950 1330 vero

345 1369 440 1422 ‘est
495 1368 905 1424 consummatio
957 1368 1168 1423 saeculi.
1221 1367 1496 1423 Messores
1536 1375 1718 1422 autem
1771 1365 1948 1434 angeli

357 1468 503 1514 sunt.
539 1457 696 1513 Sicut
716 1474 847 1531 ergo
876 1460 1217 1530 colliguntur
1248 1460 1481 1522 zizania,
1501 1468 1556 1514 et
1584 1459 1693 1528 igni
1725 1458 1947 1511 combu-

357 1557 574 1612 runtur,
615 1548 696 1603 sic
731 1551 837 1604 erit
888 1549 941 1603 in
993 1551 1474 1604 consummatione
1521 1549 1737 1604 saeculi.
1773 1548 1951 1605 Mittct

357 1633 530 1690 Filius
571 1636 811 1693 hominis
835 1640 1063 1708 angelos
1102 1654 1256 1703 suos,
1293 1647 1347 1693 et
1387 1639 1650 1708 colligent
1681 1639 1749 1692 de
1781 1653 1950 1707 regno

354 1727 474 1811 ejus
502 1727 687 1781 omnia
736 1729 1018 1791 scandala,
1051 1738 1105 1785 et
1151 1745 1247 1785 eos
1275 1731 1369 1801 qui
1423 1731 1631 1786 faciunt
1686 1731 1949 1800 iniquita-

2049 550 2107 601 ἐν
2166 549 2354 621 ἡμέρᾳ.
2402 550 2661 621 κρίσεως.
2717 552 2813 603 Ἐκ
2861 551 2974 623 γὰρ
3019 551 3128 604 τῶν
3185 551 3358 618 λόγων
3413 569 3512 605 σου
3563 550 3654 606 διι-

2050 638 2355 708 καιωθήσῃ,
2376 640 2474 692 καὶ
2494 641 2557 692 ἐκ
2579 640 2688 692 τῶν
2705 640 2881 708 λόγων
2911 658 3005 694 σου
3034 641 3440 715 κατακριθήσῃ.
3471 662 3490 694 ι

2125 746 2143 777 ι
2175 727 2284 779 Καὶ
2314 727 2626 796 προσῆλθον
2676 729 2826 798 αὐτῷ
2852 732 2901 782 οἱ
2942 730 3186 802 μαθηταὶ¹
3236 731 3403 783 αὐτοῦ
3447 731 3646 800 λέγον-

2048 834 2139 881 τες
2161 835 2177 849 ·
2215 819 2428 888 φράσον
2457 821 2594 889 ἡμῖν
2622 819 2724 889 τὴν
2750 821 3070 892 παραϐολὴν
3099 823 3209 874 τῶν
3253 821 3513 887 ζιζανίων
3546 823 3651 875 τοῦ

2051 907 2244 978 ἀγροῦ.
2290 911 2350 961 '0
2385 910 2444 963 δὲ
2473 911 2798 980 ἀποκριθεὶς
2826 907 2980 965 εἶπεν
3011 913 3194 974 αὐτοῖς
3227 931 3240 943 ·
3285 914 3344 966 ὐ
3397 915 3654 985 σπείρων

2050 1000 2218 1052 καλὸν
2274 985 2518 1071 σπέρμα,
2581 999 2729 1054 ἐστιν
2763 1004 2791 1054 6
2822 1002 2949 1065 Υίδς
3008 1003 3103 1056 τοῦ
3150 1003 3484 1070 ἀνθρώπουο
3528 1005 3558 1056 6
3588 1005 3653 1056 δὲ

2050 1093 2238 1161 ἀγρὸς,
2271 1090 2417 1144 ἔστιν
2447 1093 2475 1143 6
2509 1092 2716 1161 κόσμος
2752 1109 2766 1122 ο
2823 1093 2884 1146 τὸ
2909 1095 2965 1146 δὲ
2997 1095 3162 1146 καλὸν
3191 1096 3420 1166 σπέρμα
3443 1138 3457 1160 ,
3495 1091 3653 1148 οὗτοί

2050 1185 2191 1236 εἰσιν
2217 1185 2324 1236 υἱοὶ
2353 1184 2454 1254 τῆς
2494 1184 2775 1253 βασιλείας
2810 1200 2824 1214 ·
2855 1185 2924 1237 τά
2955 1185 3012 1237 δὲ
3040 1183 3277 1252 ζιζάνια,
3331 1186 3472 1239 εἰσὶν
3533 1185 3654 1237 uio!

2049 1274 2145 1327 τοῦ
2179 1276 2419 1346 πονηροῦ
2452 1291 2468 1307 ⁸
2502 1277 2531 1328 6
2562 1276 2618 1327 δὲ
2662 1277 2854 1346 ἐχθρὸς
2878 1278 2906 1328 6
2943 1278 3170 1347 σπείρας
3225 1279 3389 1342 αὐτὰ,
3435 1278 3592 1331 ἐστιν
3623 1280 3656 1330 6

2049 1365 2297 1428 διάϐολος
2335 1382 2349 1397 ·
2381 1367 2409 1417 6
2429 1366 2486 1418 δὲ
2517 1365 2798 1436 θερισμὸς,
2863 1367 3147 1420 συντέλεια
3178 1367 3273 1420 τοῦ
3324 1368 3520 1430 αἰῶνός
3549 1369 3655 1420 ἐσ-

2049 1471 2178 1509 τιν’
2219 1457 2270 1510 οἱ
2323 1457 2378 1509 δὲ
2430 1456 2725 1530 θερισταὶ,
2773 1456 2998 1526 ἄγγελοί
3053 1461 3212 1513 εἰσιν.
3277 1460 3490 1530 Ὥσπερ
3549 1454 3657 1512 οὖν

2060 1547 2381 1616 συλλέγεται
2403 1547 2474 1600 τὰ
2522 1547 2782 1611 ζιζάνια,
2837 1548 2936 1602 καὶ
2987 1549 3122 1619 πυρὶ
3175 1549 3409 1615 καίεται,
3467 1549 3657 1612 οὕτως

2051 1637 2203 1689 ἔσται
2230 1637 2289 1688 ἐν
2319 1639 2385 1706 τῇ
2414 1636 2696 1708 συντελείᾳ
2717 1636 2812 1689 τοῦ
2851 1635 3046 1698 αἰῶνος
3071 1636 3282 1691 τούτου.
3330 1638 3658 1690 Ἀποστελεῖ

2050 1733 2080 1784 6
2109 1731 2237 1794 Υίὸς
2255 1729 2348 1785 τοῦ
2382 1730 2672 1801 ἀνθρώπου
2704 1731 2829 1794 τοὺς
2859 1731 3132 1799 ἀγγέλους
3159 1731 3344 1795 αὐτοῦ,
3376 1731 3472 1786 καὶ
3519 1731 3656 1784 συλ-

357 1799 491 1878 tein,
525 1823 578 1869 et
608 1815 826 1870 mittent
867 1833 962 1874 eos
992 1818 1048 1872 in
1083 1799 1361 1874 caminum
1395 1820 1538 1890 ignis
1567 1838 1581 1875 :
1614 1820 1686 1874 ibi
1727 1799 1832 1874 erit
1859 1821 1948 1874 lle-

2071 1819 2294 1884 ιέξουσιν
2322 1824 2386 1876 ἐκ
2403 1799 2504 1891 τῆς
2535 1820 2818 1891 βασιλείας
2852 1821 3017 1875 αὑτοῦ
3048 1823 3229 1876 πάντα
3255 1823 3322 1876 τά
3347 1822 3655 1884 σκάνδαλα,

357 1915 447 1961 tus
471 1915 524 1962 et
567 1909 774 1964 stridor
806 1910 1076 1965 dentium.
1115 1911 1269 1966 Tunc
1316 1913 1453 1984 justi
1489 1913 1774 1986 fulgebunt
1802 1915 1947 1970 sicut

358 2000 438 2053 sol
469 2001 522 2054 in
553 2016 722 2072 regno
754 2001 932 2058 Patris
963 2020 1176 2058 eorum.
1213 2023 1232 2056 ι

2050 1914 2144 1966 καὶ
2172 1915 2302 1976 τοὺς
2321 1912 2611 1976 ποιοῦντας
2633 1913 2732 1983 τὴν
2753 1912 3005 1983 ἀνομίαν,
3040 1915 3133 1966 καὶ
3194 1913 3496 1983 ἐμϐαλοῦσι
3533 1914 3645 1965 αὖ-

2048 2004 2178 2066 τοὺς
2205 2005 2285 2067 είς
2313 2003 2411 2074 τὴν
2440 2004 2670 2072 κάμινον
2695 2003 2789 2056 τοῦ
2824 2004 3016 2074 πυρός.
3059 2005 3205 2056 Ἐκεῖ
3232 2003 3387 2056 ἔσται
3407 2003 3436 2054 6
3469 2002 3652 2055 κλαυ-

359 2093 494 2162 θμὸς
547 2095 640 2148 καὶ
669 2095 965 2166 ὁβρυγμὸς
1015 2098 1127 2151 τῶν
1176 2098 1427 2153 ὀδόντων.
1495 2099 1630 2153 Τότε
1661 2101 1710 2153 oi
1742 2100 1942 2153 δίκαιοι
1980 2097 2359 2169 ἐκλάμψουσιν
2390 2098 2466 2161 ὡς
2492 2099 2690 2169 ὁῆλιος
2723 2100 2781 2152 ἐν
2835 2101 2904 2169 τῇ
2955 2097 3219 2168 βασιλείᾳ
3268 2096 3360 2150 τοῦ
3417 2098 3646 2166 Ila-cpi);

357 2183 556 2238 αὐτῶν.
579 2205 599 2238 ι

432 2277 626 2332 Matth.
662 2295 772 2344 im,
811 2282 898 2337 Π.
948 2312 998 2322 -
1028 2303 1047 2335 ι
1090 2283 1266 2342 Filius
1298 2285 1540 2343 hominis
1572 2294 1838 2344 venturus
1867 2294 1953 2342 est

362 2370 618 2439 ingloria
661 2371 839 2427 Patris
875 2372 961 2427 sui
999 2388 1123 2428 cum
1157 2377 1368 2446 angelis
1394 2378 1534 2443 suis,
1570 2387 1625 2433 et
1654 2387 1787 2432 tunc
1822 2377 1950 2432 red-

282 2525 284 2528 ι
364 2461 456 2516 det
486 2461 786 2531 unicuique
813 2465 1120 2519 secundum
1151 2482 1317 2537 opera
1343 2484 1464 2524 sua.
1500 2489 1520 2522 ι

431 2550 629 2606 Matth.
673 2569 820 2618 xxiv,
848 2556 1041 2622 29-51,
1074 2557 1161 2612 56.
1196 2589 1266 2598 -
1305 2579 1323 2610 ι
1369 2560 1565 2614 Statim
1595 2572 1776 2616 autem
1826 2569 1952 2632 post

360 2642 770 2698 tribulationem
815 2643 1028 2700 dierum
1064 2648 1306 2716 illorum,
1336 2651 1420 2705 sol
1449 2652 1859 2718 obscurabitur,
1893 2661 1950 2708 ct

359 2733 488 2786 luna
525 2747 636 2787 non
669 2733 824 2789 dabit
878 2736 1058 2792 lumen
1114 2753 1296 2807 suum,
1332 2749 1387 2796 et
1439 2742 1611 2798 stellae
1647 2743 1846 2800 cadent
1883 2743 1953 2800 de

359 2824 522 2885 coelo.
554 2832 609 2879 et
639 2824 867 2880 virtutes
896 2829 1162 2884 ecelorum
1192 2833 1688 2890 commovebuntur
1711 2854 1725 2889 ε
1748 2844 1803 2890 et
1822 2846 1952 2891 tunc

360 2915 575 2985 parebit
608 2916 826 2987 signum
850 2917 974 2972 Filii
1008 2920 1248 2977 hominis
1277 2923 1332 2976 in
1361 2927 1524 2989 cmlo,
1552 2935 1606 2980 et
1628 2935 1760 2981 tunc
1795 2929 1954 2998 plan-

362 3020 491 3080 gent
553 3026 744 3066 omnes
803 3012 981 3068 tribus
1055 3022 1233 3071 terrae.
1304 3017 1369 3070 Et
1437 3019 1700 3075 videbunt
1755 3023 1950 3078 Filium

2140 2296 2159 2330 ι
2200 2277 2404 2332 Μέλλει
2433 2279 2462 2330 6
2487 2277 2616 2341 Υἱὸς
2667 2276 2762 2330 τοῦ
2806 2274 3094 2345 ἀνθρώπου
3153 2272 3408 2344 ἔρχεσθαι
3433 2273 3492 2326 ἐν
3517 2271 3656 2342 δόξῃ

2057 2373 2154 2427 τοῦ
2210 2371 2425 2442 Πατρὸς
2477 2369 2645 2424 αὑτοῦ
2706 2369 2846 2440 μετὰ
2901 2367 3010 2420 τῶν
3057 2366 3304 2434 ἀγγέλων
3324 2362 3518 2430 αὑτοῦ,
3549 2364 3658 2415 καὶ

2057 2467 2181 2519 τότε
2205 2463 2482 2519 ἀποδώσει
2513 2462 2731 2530 ἑκάστῳ
2763 2459 2909 2514 κατά
2936 2460 3036 2528 τὴν
3059 2457 3281 2528 πρᾶξιν.
3309 2475 3327 2508 ι

2142 2576 2161 2609 ι
2191 2556 2409 2619 Εὐθέως
2432 2553 2572 2624 μετὰ
2597 2552 2696 2623 τὴν
2716 2551 2895 2621 θλίψιν
2929 2550 3038 2604 τῶν
3070 2547 3296 2619 ἡμερῶν
3325 2547 3552 2600 ἐκείνων
3574 2586 3591 2610 ,
3623 2549 3654 2598 6

2056 2645 2208 2717 ἥλιος
2256 2645 2698 2715 σκοτισθήσεται,
2753 2643 2848 2696 καὶ
2894 2644 2927 2711 ή
2977 2640 3180 2710 σελήνη
3235 2639 3296 2692 οὐ
3363 2636 3527 2690 δώσει
3585 2634 3657 2687 τὸ

2055 2741 2262 2813 φέγγος
2282 2739 2476 2809 αὐτῆς,
2513 2737 2607 2791 καὶ
2633 2737 2683 2789 οί
2718 2735 2952 2804 ἀστέρες
2989 2731 3282 2786 πεσοῦνται
3331 2731 3396 2782 ἐκ
3439 2727 3532 2783 τοῦ
3552 2728 3653 2782 οὑ·-

2060 2833 2249 2907 ρανοῢ,
2279 2833 2375 2887 καλ⁵
2405 2833 2460 2886 αἱ
2487 2831 2748 2901 δυνάμεις
2781 2828 2891 2882 τῶν
2925 2825 3172 2896 οὐρανῶν
3197 2823 3652 2894 σαλευθήσονται·

2058 2925 2156 2980 καὶ
2189 2924 2312 2978 τότε
2334 2924 2640 2994 φανήσεται
2667 2921 2729 2974 τὺ
2753 2923 2985 2990 σημεῖον
3014 2917 3108 2971 τοῦ
3143 2914 3275 2970 Υίοῦ
3302 2915 3400 2969 τοῦ
3431 2912 3652 2984 ἀνθρὼ-

2062 3035 2160 3072 που
2195 3020 2253 3072 ἐν
2301 3016 2380 3086 τῷ
2438 3013 2656 3085 οὐρανῷ
2690 3031 2705 3046 ο
2735 3013 2842 3066 καὶ
2899 3012 3024 3064 τότε
3074 3009 3335 3078 κόψονται
3383 3007 3558 3060 πᾶσαι
3591 3004 3657 3057 αί

363 3099 604 3154 hominis
636 3101 948 3156 venientem
981 3103 1034 3157 in
1065 3105 1210 3160 nube
1235 3107 1361 3162 cmli
1394 3123 1520 3163 cum
1556 3111 1754 3166 virtute
1779 3115 1949 3169 multa

2071 3111 2223 3180 ρυλαὶ
2251 3110 2350 3179 τῆς
2379 3108 2513 3177 ’γῆς⁸
2548 3108 2642 3160 καὶ
2682 3105 2908 3176 δψονται
2934 3103 3026 3156 τὸν
3061 3101 3191 3154 Υίδν
3223 3099 3320 3153 τοῦ
3351 3096 3649 3169 ἀνθρώπου

361 3202 420 3250 et
468 3194 777 3264 majestate.
815 3195 881 3250 Et
914 3195 1091 3252 mittet
1145 3200 1371 3270 angelos
1439 3200 1602 3273 3&6
1644 3218 1776 3258 suos
1830 3219 1957 3258 cum

364 3285 500 3340 tuba
528 3297 586 3341 et
614 3301 748 3342 voce
796 3301 1022 3359 magna,
1058 3297 1112 3344 et
1143 3293 1556 3362 congregabunt
1599 3295 1806 3349 electus
1839 3295 1960 3364 ejus

366 3392 397 3431 a
439 3385 680 3448 quatuor
726 3379 940 3446 ventis,
991 3395 1022 3435 a
1071 3382 1305 3438 summis
1358 3384 1625 3439 caelorum
1667 3401 1842 3455 usque
1891 3387 1960 3440 ad

364 3468 636 3525 terminos
671 3485 884 3526 eorum.
921 3469 998 3528 De
1029 3471 1120 3528 die
1161 3482 1344 3530 autem
1375 3475 1467 3529 illa
1507 3485 1562 3530 et
1608 3477 1742 3532 hora
1802 3494 1965 3535 nemo

367 3559 491 3627 scit,
534 3575 713 3632 neque
749 3563 930 3636 angeli
963 3564 1252 3632 caelorum,
1276 3566 1383 3622 nisi
1413 3566 1566 3624 solus
1597 3566 1815 3627 Pater.»

437 3834 633 3888 Matth.
671 3852 799 3903 xxv,
833 3837 921 3893 l3.
947 3869 1017 3880 -—-
1047 3859 1065 3892 ι
1094 3838 1349 3912 Vigilate,
1377 3841 1507 3914 quia
1534 3845 1762 3902 nescitis
1792 3847 1938 3904 diem

368 3940 549 3995 neque
582 3927 798 3982 horam.
840 3946 860 3979 ι

439 4017 608 4073 Joan.
644 4037 695 4084 v,
729 4021 818 4076 28.
847 4051 917 4062 ——
963 4039 982 4074 ι
1014 4021 1177 4080 Venit
1212 4024 1369 4092 hora,
1412 4028 1465 4082 in
1507 4045 1614 4100 qua
1641 4045 1833 4088 onmes
1867 4035 1962 4104 qui

368 4111 428 4165 in
490 4115 861 4171 monumentis
931 4124 1097 4184 sunt,
1160 4119 1388 4175 audient
1445 4137 1635 4178 vocem
1691 4125 1843 4195 ejus;
1911 4138 1966 4184 et

371 4203 670 4269 procedent
727 4204 821 4274 qui
875 4205 1020 4262 bona
1069 4207 1346 4277 fecerunt,
1385 4210 1439 4266 in
1495 4217 1960 4273 resurrectionem

370 4292 496 4347 vitm
531 4313 543 4347 :
578 4295 671 4364 qui
723 4311 855 4352 vero
901 4299 1044 4353 mala
1080 4311 1350 4372 egerunt,
1389 4303 1445 4358 in
1501 4307 1964 4364 resurreCtionem

367 4385 582 4454 judicii.
629 4406 648 4438 ι

2062 3203 2362 3275 ἐρχόμενον
2389 3200 2448 3255 ἐν
2467 3199 2668 3272 νεφέλῃ
2703 3197 2842 3269 μετὰ
2871 3197 3178 3266 δυνάμεως,
3209 3192 3306 3246 καὶ
3332 3190 3492 3260 δόξης
3521 3189 3658 3242 πολ-

2063 3293 2161 3364 λῆς
2179 3307 2194 3322 ο
2220 3292 2314 3344 καὶ
2341 3289 2634 3365 ἀποστελεῖ
2660 3288 2788 3351 τοὺς
2816 3284 3083 3354 ἀγγέλους
3133 3281 3297 3336 αὐτοῦ
3347 3279 3484 3350 μετὰ
3520 3277 3658 3330 σάλ-
3739 3341 3750 3344 _

2068 3403 2264 3454 πιγγος
2297 3385 2392 3439 καὶ
2435 3385 2622 3453 φωνῆς
2685 3377 2954 3450 μεγάλης,
3012 3375 3106 3429 καὶ
3155 3372 3469 3437 συλλέξουσι
3526 3369 3658 3429 τοὺς

2067 3477 2361 3539 ἐκλεκτοὺς
2384 3473 2552 3527 αὐτοῦ
2569 3474 2633 3524 ἐκ
2655 3469 2762 3524 τῶν
2783 3467 3066 3537 τεσσάρων
3089 3465 3329 3529 ἀνέμων,
3354 3462 3448 3516 ἀπ’
3465 3461 3659 3531 ἄκρων

2066 3567 2315 3639 οὐρανῶν
2364 3568 2470 3630 ἕως
2523 3566 2712 3635 ἄκρων
2760 3561 2959 3616 αὐτῶν.
3008 3557 3230 3627 Περὶδὲ
3288 3556 3390 3624 τῆς
3441 3552 3660 3624 ἡμέρας

2068 3659 2304 3727 ἐκείνης,
2335 3656 2553 3724 καὶτῆς
2594 3652 2748 3724 ῶρας
2780 3651 2958 3712 οὐδεὶς
2985 3642 3152 3714 οἶδεν,
3207 3644 3326 3699 οὐδὲ
3346 3645 3396 3698 οἱ
3427 3641 3662 3711 ἄγγελοι

2067 3749 2178 3804 τῶν
2201 3747 2468 3820 οὐρανῶν,
2496 3748 2544 3800 εἰ
2571 3743 2646 3816 μὴ
2675 3747 2704 3798 6
2731 3741 2921 3812 Πατὴρ
2953 3744 3134 3812 μόνος.
3166 3757 3186 3790 ι

2145 3859 2165 3892 ι
2192 3842 2546 3910 Γρηγορεῖτε.
2572 3839 2652 3892 ὅτι
2680 3837 2780 3890 οὐκ
2814 3835 2992 3888 οίδατε
3018 3832 3117 3903 τὴν
3152 3829 3387 3903 ἡμέραν,
3410 3825 3532 3880 οὑδέ
3559 3829 3661 3894 τὴν

2068 3932 2238 4004 ὥραν.
2263 3951 2282 3983 ›

2145 4042 2164 4074 ι
2204 4023 2466 4095 Ἔρχεται
2516 4018 2657 4091 ὥρα,
2719 4020 2778 4072 ἐν
2913 4015 3115 4078 πάντες
3151 4015 3199 4067 οἱ
3251 4014 3310 4065 ἐν
3368 4007 3662 4081 μνημείοις

2067 4115 2394 4170 ἀκούσονται
2422 4113 2521 4182 τῆς
2577 4111 2761 4182 φωνῆς
2820 4108 3024 4162 αὑτοῦ·
3081 4107 3176 4160 καὶ
3221 4102 3663 4174 ἐκπορεύσονται

2065 4211 2118 4261 oi
2150 4207 2219 4261 τά
2251 4204 2434 4273 ἀγαθά
2461 4204 2811 4274 ποιήσαντες,
2863 4203 2946 4263 είς
2978 4200 3277 4253 ἀνάστασιν
3330 4195 3497 4264 ζωῆς,
3517 4193 3571 4244 oi
3597 4191 3664 4244 δὲ

2069 4301 2135 4354 τά
2162 4299 2343 4369 φαῦλα
2367 4295 2699 4368 πράξαντες,
2725 4297 2806 4359 είς
2828 4292 3129 4348 ἀνάστασιν
3157 4291 3415 4362 κρίσεως.
3443 4305 3462 4337 ι

443 4475 573 4530 Luc.
608 4495 740 4544 xvu,
777 4479 974 4535 26-30.
995 4511 1068 4522 —
1098 4502 1118 4534 ι
1152 4483 1306 4538 Sicut
1339 4483 1544 4541 factum
1573 4499 1656 4544 est
1689 4492 1740 4544 in
1773 4491 1953 4547 diebus

2148 4504 2168 4536 ι
2207 4482 2409 4546 Καθὼς
2466 4482 2686 4552 ἐγένετο
2725 4481 2783 4532 ἐν
2821 4480 2945 4541 ταῖς
2995 4476 3233 4548 ἡμέραις
3281 4472 3428 4540 Νῶε,
3483 4470 3663 4533 οὕτως

372 4567 506 4634 Noe,
541 4569 614 4622 ita
638 4570 746 4624 erit
772 4579 827 4626 et
862 4572 915 4626 in
947 4573 1144 4628 diebus
1171 4573 1290 4628 Filii
1321 4576 1584 4633 hominis.
1617 4580 1869 4636 Edcbant
1906 4595 1961 4638 et

371 4661 656 4727 bibebant,
695 4678 896 4720 uxores
919 4665 1213 4734 ducebant,
1239 4676 1294 4722 et
1313 4669 1590 4726 dabantur
1614 4673 1681 4728 ad
1715 4676 1957 4745 nuptias,

374 4771 551 4828 usque
581 4757 634 4813 in
665 4757 811 4814 diem
841 4760 1198 4829 qua-intravit
1237 4759 1352 4817 Noe
1386 4763 1439 4817 in
1472 4779 1680 4833 arcam,
1723 4779 1777 4823 et
1808 4769 1960 4824 venit

374 4849 666 4917 diluvium,
717 4860 774 4907 et
813 4853 1054 4923 perdidit
1093 4869 1306 4910 omnes.
1348 4854 1502 4910 Sicut
1546 4858 1710 4912 etiam
1750 4860 1958 4916 factum

374 4950 460 4997 est
493 4943 546 4998 in
575 4943 769 4999 diebus
821 4942 943 5001 Lot.
1000 4945 1274 5013 Edebant,
1328 4948 1626 5016 bibebant,
1684 4954 1962 5020 emebant,

374 5034 708 5097 vendebant,
743 5033 1088 5103 plantabant,
1123 5035 1483 5091 aediﬁcabant.
1517 5037 1632 5104 Qua
1666 5041 1755 5096 die
1779 5051 1964 5097 autem

375 5128 509 5182 cxiit
538 5127 645 5181 Lot
681 5142 713 5182 a
751 5126 1045 5194 Sodomis,
1105 5131 1247 5200 pluit
1305 5135 1540 5202 sulphur
1581 5135 1649 5190 de
1700 5137 1874 5203 coelo,
1915 5146 1971 5190 et

381 5232 581 5272 omnes.
601 5218 862 5288 perdidit.
900 5219 1217 5283 Secundum
1257 5225 1370 5277 haec
1426 5225 1531 5279 erit
1577 5226 1716 5290 dies,
1765 5227 1818 5281 in
1859 5244 1968 5298 qua

381 5304 551 5363 Filius
583 5306 825 5364 hominis
859 5309 1209 5366 revelabitur.
1247 5331 1264 5362 ι

457 5489 586 5544 Luc.
624 5506 736 5552 XXI,
766 5491 957 5556 25-27,
989 5494 1078 5561 54,
1114 5496 1203 5550 '55.
1240 5527 1307 5537 —
1341 5517 1358 5548 ‹
1397 5497 1554 5552 Tunc
1598 5508 1758 5553 erunt
1817 5499 1968 5568 signa

390 5583 444 5637 in
471 5583 588 5637 sole
623 5593 676 5638 et
713 5585 838 5637 luna
867 5593 921 5640 et
949 5587 1146 5652 stellis,
1177 5596 1230 5643 et
1266 5589 1318 5643 in
1352 5599 1497 5645 terra
1545 5607 1804 5660 pressura
1843 5608 1966 5661 gen-

391 5676 527 5729 tium
569 5691 678 5744 pra:
731 5678 1080 5742 confusione,
1114 5681 1330 5736 sonitus
1365 5684 1532 5738 maris
1559 5691 1612 5740 et
1659 5683 1956 5744 ﬂuctuum,

393 5769 774 5825 arescentibus
802 5770 1120 5828 hominibus
1181 5789 1289 5844 ιιι-ω
1351 5777 1544 5831 timore
1589 5786 1636 5832 et
1683 5785 1974 5845 exspecta-

2067 4576 2219 4630 ἔσται
2270 4575 2365 4628 καὶ
2412 4575 2470 4626 ἐν
2529 4574 2653 4637 ταῖς
2715 4569 2951 4642 ἡμέραις
3009 4568 3104 4622 τοῦ
3162 4565 3293 4620 Υίοῦ
3343 4563 3661 4635 ἀνθρώπου.

2073 4666 2544 4734 Ἤσθιον,ἕπινον,
2579 4664 2845 4734 ἐγάμουν,
2888 4661 3349 4730 ἐξεγαμίσκοντο,
3403 4656 3535 4726 ἄχρι
3591 4649 3662 4724 ἧς

2066 4759 2281 4830 ἡμέρας
2311 4754 2531 4826 εἰσῆλθε
2564 4755 2688 4808 Νῶε
2715 4754 2794 4815 είς
2815 4753 2916 4822 τὴν
2971 4750 3227 4812 κιϐωτὸν,
3283 4748 3378 4800 καὶ
3429 4744 3595 4816 ἦλθεν
3633 4748 3663 4798 ὁ

2069 4849 2459 4919 κατακλυσμὸς
2492 4889 2510 4914 ,
2541 4846 2649 4917 ζκαὶ
2697 4845 2950 4900 ἀπώλεσε
3002 4843 3234 4905 πάντας.
3269 4840 3506 4910 ὐμοὶως
3564 4841 3664 4892 καὶ

2070 4945 2288 5014 ἐγένετο
2320 4943 2378 4994 ἐν
2405 4941 2528 5003 ταῖς
2557 4937 2798 5009 ἡμέραις
2831 4934 2954 4990 Λώτ
2974 4952 2988 4967 ο
3019 4932 3228 5004 ῆσθιον,
3285 4931 3494 4994 ἔπινον,
3527 4930 3664 4998 ἠγό-

2071 5039 2259 5111 ραζον,
2293 5033 2565 5096 ἐπώλουν,
2597 5030 2884 5098 ἐφύτευον,
2922 5025 3238 5098 ᾠκοδόμουν
3267 5038 3283 5054 ’
3385 5023 3443 5076 δὲ
3478 5022 3666 5092 ἡμέρᾳ

2069 5092 2266 5198 ἐξῆλθε
2301 5122 2427 5179 Λὼτ
2467 5092 2577 5177 ἀπο
2622 5092 2897 5190 έοδόμων,
2933 5092 3158 5185 έὸρεξεν
3193 5092 3353 5168 θεῖον-
3378 5113 3476 5167 ἀπ’
3501 5092 3701 5204 οὐραοξ

2070 5219 2185 5286 νοῦ,
2249 5216 2344 5270 καὶ
2394 5214 2681 5268 ἀπώλεσεν
2728 5211 2996 5271 ἅπαντας.
3047 5205 3204 5262 Κατά
3267 5205 3444 5260 ταῦτα
3509 5204 3663 5257 ἔσται

2073 5315 2106 5384 ἡ
2139 5310 2349 5386 ἡμέρα,
2379 5303 2497 5380 ἐνῇ
2531 5309 2558 5362 6
2593 5305 2718 5365 Υἱὸς
2779 5301 2876 5358 τοῦ
2912 5300 3204 5373 ἀνθρώπου
3265 5297 3667 5353 ἀποκαλύπτει

2071 5423 2185 5460 ται.
2218 5423 2238 5456 ι

2151 5516 2171 5549 ι
2209 5495 2344 5550 Τότε
2378 5493 2533 5547 ἔσται
2590 5491 2795 5561 σημεῖα
2827 5489 2887 5542 ἐν
2912 5485 3071 5556 ἡλίῳ,
3144 5483 3367 5553 σελήνῃ,
3429 5482 3522 5535 καὶ
3564 5480 3675 5534 ἀσ-

2077 5607 2246 5662 τροις,
2293 5587 2391 5640 καὶ
2454 5583 2550 5637 ἐπὶ
2599 5582 2700 5651 τῆς
2735 5579 2841 5648 γῆς
2887 5577 3088 5647 συνοχὴ
3147 5575 3316 5629 ἐθνῶν
3343 5577 3402 5628 ἐν
3436 5573 3670 5643 ἀπορίᾳ.

2079 5681 2318 5752 ἡκούσης
2339 5676 2615 5743 θαλάσσης
2639 5674 2733 5726 καὶ
2753 5672 2935 5736 σάλου,
2952 5668 3345 5738 ἀποψυχόντων
3360 5664 3669 5736 ἀνθρώπων

2084 5774 2188 5827 ἀπο
2247 5772 2414 5840 φόδου
2472 5766 2563 5819 καὶ
2617 5762 2944 5835 προσδοκξας
2993 5762 3100 5814 τῶν
3150 5757 3539 5831 ἐπερχομένων
3594 5757 3664 5826 τῇ
