3986 6452
377 397 398 414 °
447 416 575 478 1181

1741 423 1980 486 SACRA
2019 425 2488 493 PABALLELA.

3559 437 3698 504 1182

438 527 751 599 οἰκουμένῃ.
776 528 842 582 At
872 530 982 598 γὰρ
1018 528 1278 600 δυνάμεις
1317 530 1428 584 τῶν
1470 533 1716 604 οὐρανῶν
1751 536 2018 608 σαλευθή-

2130 542 2278 596 tione
2305 558 2521 609 eorum,
2551 559 2674 614 qua:
2703 546 3096 615 supervenient
3120 547 3378 603 universo
3407 551 3549 604 orbi.
3581 552 3714 608 Nam

438 638 648 684 σονται,
676 621 772 674 καὶ
805 623 927 674 τότε
977 621 1221 694 ὄψονται,
1254 623 1345 674 τον
1397 623 1528 676 Υἰὸν
1578 625 1674 678 τοῦ
1729 627 2023 697 ἀνθρώπου

436 712 736 783 ἐρχόμενον
767 714 826 765 ἐν
853 713 1052 786 νεφέλῃ
1086 714 1227 784 μετὰ
1255 715 1537 786 δυνάμεως
1569 725 1665 770 και
1693 718 1851 790 δόξης
1882 721 2018 773 πολ-

434 803 554 875 λῆς.
589 805 898 877 Προσέχετε
931 807 1148 869 ἐαυτοῖς
1192 807 1406 878 μήποτε
1443 808 1790 880 βαρυνθῶσιν
1869 813 2023 883 ὑμῶν

435 896 495 947 αἰ
524 894 746 966 καρδίαι
773 896 830 949 ἐν
856 890 1160 967 κραιπάλῃ,
1203 899 1297 950 καὶ
1353 899 1515 973 μέθῃ,
1565 901 1661 954 καὶ
1726 901 2024 972 μερίμναις

438 985 746 1056 βιωτικαῖς,
788 989 883 1042 καὶ
912 989 1196 1058 αἰφνιδίως
1222 993 1306 1062 ἐφ’
1340 993 1485 1061 ὑμᾶς
1541 993 1741 1064 ἐπιστῇ
1771 997 1802 1066 ὴ
1838 996 2024 1066 ἡμέρα

435 1081 649 1153 ἐκείνη.
711 1081 803 1146 Ὠς
862 1083 1032 1150 παγίς
1086 1083 1196 1155 γὰρ
1253 1084 1608 1138 ἐπελεύσεται
1667 1085 1762 1139 ἐπὶ⁸
1813 1087 2025 1151 πάντας

435 1174 563 1236 τοὺς
595 1173 940 1244 καθημένους
969 1175 1063 1228 ἐπὶ
1089 1177 1382 1249 πρόσωπον
1415 1177 1597 1247 πάσης
1625 1178 1725 1248 τῆς
1747 1178 1870 1250 γῆς.
1893 1198 1912 1230 1

514 1285 534 1316 1
581 1265 752 1318 Ὅταν
792 1265 857 1318 ἐκ
894 1267 1106 1340 νεκρῶν
1157 1268 1493 1331 ἀναστῶσιν,
1545 1268 1670 1322 οὔτε
1730 1269 2022 1338 γαμοῦσιν,

436 1357 563 1411 οὔτε
621 1357 974 1426 γαμίζονται,
1037 1360 1156 1414 ἀλλ’
1201 1360 1278 1424 ὡς
1338 1361 1563 1430 ἄγγελοί
1616 1363 1754 1415 εἰσιν
1810 1363 1868 1415 ἐν
1927 1364 2024 1416 01'1-

442 1449 610 1522 ρανῷ.
639 1469 659 1502 1

517 1563 534 1594 1
577 1541 903 1614 Λογίζομαι,
937 1545 1020 1598 ὅτι
1048 1544 1150 1598 οὐκ
1172 1543 1298 1609 ἄξια
1323 1544 1391 1598 τὰ
1424 1545 1730 1617 παθήματα
1773 1546 1868 1600 τοῦ
1927 1546 2024 1601 νῦν

439 1633 636 1705 καιροῦ
690 1636 830 1705 πρὸς
870 1635 969 1706 τὴν
1012 1635 1318 1706 μέλλουσαν
1358 1637 1517 1702 δόξαν
1567 1637 2026 1708 ἀποκαλυφθῆναι

440 1729 520 1790 εἰς
552 1727 724 1798 ἡμᾶς.
759 1728 826 1781 Ἡ
859 1729 970 1799 γὰρ
1002 1729 1417 1798 ἀποκαραδοκία
1457 1731 1559 1801 τῆς
1626 1731 1860 1796 κτίσεως
1926 1730 2026 1803 τὴν

437 1819 785 1889 ἀποκάλυψιν
811 1818 922 1874 τῶν
956 1820 1089 1873 υἱῶν
1114 1820 1210 1873 τοῦ
1236 1820 1375 1873 Θεοῦ
1405 1822 1790 1892 ἀπεκδέχεται.
1815 1842 1834 1875 1

439 1968 447 1975 _
518 1931 540 1964 1
591 1913 856 1967 Ἐκάστου
902 1913 963 1966 τὸ
993 1912 1155 1982 ἔργον
1208 1915 1394 1967 ὁποῖόν
1445 1917 1563 1968 ἐστι
1607 1914 1669 1968 τὸ
1712 1915 1824 1986 πῦρ
1881 1915 2026 1970 δοκι·
2069 1899 2078 1916 ί

446 2001 632 2070 μάσει.
690 2001 760 2055 Et
796 2018 943 2064 τινος
985 2002 1046 2056 τὸ
1089 2002 1253 2074 ἔργον
1304 2002 1482 2072 μένει,
1516 2004 1544 2057 6
1574 2005 2021 2075 ἐπῳκοδόμησεν,

445 2092 637 2160 μισθὸν
699 2090 954 2162 λήψεται.
995 2091 1062 2145 Et
1087 2109 1230 2155 τινος
1261 2092 1324 2145 τὸ
1377 2092 1539 2164 ἔργον
1591 2097 2020 2166 κατακαήσεται,

437 2183 872 2254 ζημιωθήσεται.
931 2182 1100 2246 Αὐτὸς
1125 2183 1182 2236 δὲ
1225 2183 1556 2254 σωθήσεται,
1617 2184 1795 2249 οὕτως
1842 2186 1900 2239 δὲ
1947 2187 2024 2250 ὡς

435 2275 524 2327 διὰ
552 2273 748 2344 πυρός.
774 2290 794 2326 1
1729 2335 1736 2338 _

514 2383 532 2412 1
580 2363 769 2426 Οὕτως
820 2362 1134 2434 γέγραπται
1163 2383 1176 2397 ο
1219 2367 1472 2436 Ἐγένετο
1503 2370 1532 2422 6
1563 2370 1782 2441 πρῶτος
1813 2370 2025 2441 ἀνθρω-

437 2469 538 2516 πος
571 2454 650 2516 εἰς
681 2453 860 2523 ψυχὴν
895 2453 1099 2521 ζῶσαν,
1132 2457 1161 2508 6
1195 2457 1429 2529 ἔσχατος
1463 2460 1637 2532 Ἀδὰμ
1667 2464 1748 2526 εἰς
1801 2461 2023 2532 πνεῦμα

436 2542 724 2603 ζωοποιόν.
773 2543 914 2596 Ἀλλ’
944 2546 1004 2597 οὐ
1035 2546 1255 2617 πρῶτον
1277 2549 1338 2602 τὸ
1365 2553 1743 2621 πνευματικόν
1768 2571 1781 2584 ·
1807 2554 1835 2607 6
1867 2552 2022 2623 πρῶ-

433 2650 526 2697 τος
555 2633 842 2705 ἅνθρωπος
871 2637 936 2688 ἐκ
975 2637 1082 2706 γῆς
1138 2640 1343 2708 χοῖκὸς,
1377 2644 1405 2695 6
1434 2643 1689 2714 δεύτερος
1735 2643 2023 2716 ἄνθρωπος

435 2729 463 2778 ὁ
499 2725 704 2796 Κύριος
727 2725 786 2789 ἐξ
825 2726 1083 2796 οὐρανοῦ.
1119 2724 1246 2792 Οἷος
1281 2733 1310 2784 6
1339 2732 1522 2801 χοῒκὸς
1572 2733 1808 2788 τοιοῦτοι
1847 2736 1942 2788 καὶ
1971 2735 2020 2787 οἰ

435 2818 611 2888 χοϊκοί
643 2835 657 2849 ο
684 2817 781 2871 καὶ⁸
814 2812 926 2881 οἷος
949 2820 1294 2890 ἐπουράνιος,
1325 2823 1556 2877 τοιοῦτοι
1584 2827 1677 2878 καὶ
1698 2827 1749 2879 οἰ
1779 2827 2020 2897 ἐπουρά-

433 2929 558 2966 νιοι.
601 2911 800 2972 Καθὼς
865 2912 1212 2983 ἐφορέσαμεν
1263 2914 1364 2985 τὴν
1415 2917 1603 2970 εἰκόνα
1652 2917 1747 2971 τοῦ
1808 2919 2019 2989 χοϊκοῦ,

435 3003 759 3074 φορέσωμεν
789 3005 886 3057 καὶ
917 3004 1017 3074 τὴν
1065 3005 1252 3061 εἰκόνα
1289 3007 1386 3061 τοῦ
1451 3010 1804 3080 ἐπουρανίου.
1850 3011 2022 3066 Τοῦτό

431 3113 600 3167 φημι,
628 3095 847 3166 ἀδελφοί
883 3114 1008 3167 μου,
1044 3099 1127 3151 ὅτι
1191 3098 1330 3167 σὰρξ
1377 3100 1472 3154 καί¹
1535 3097 1678 3171 αἷμα
1739 3102 2020 3172 βασιλείαν

431 3187 570 3240 Θεοῦ
604 3186 1015 3258 κληρονομῆσαι
1043 3189 1110 3241 οὐ
1143 3188 1422 3257 δύνανται,
1475 3191 1599 3244 οὐδὲ
1639 3193 1672 3262 ή
1704 3192 1883 3266 φθορά
1918 3194 2020 3264 τὴν

429 3283 744 3354 ἀφθαρσίαν
778 3282 1131 3354 κληρονομεῖ.
1172 3284 1308 3338 Ἰδοὺ
1345 3287 1805 3358 μυστήριονὺμῖν
1839 3287 2017 3357 λέγω’

429 3376 633 3438 πάντες
696 3373 796 3444 μὲν
825 3376 884 3427 οὐ
919 3375 1396 3448 κοιμηθησόμεθα,
1458 3379 1662 3444 πάντες
1686 3379 1743 3433 δὲ
1781 3365 2023 3452 ἀλλαγη-

431 3466 661 3536 σόμεθα.
709 3467 798 3519 Ἑν
827 3465 1036 3536 ἀτόμῳ,
1067 3467 1126 3518 ἐν
1183 3469 1317 3538 ῥιπῇ
1379 3468 1685 3538 ὀφθαλμοῦ,
1722 3471 1780 3523 ἐν
1814 3471 2018 3544 ἐσχάτῃ

429 3560 697 3627 σάλπιγγι
723 3573 738 3590 ⁸
769 3558 1020 3612 σαλπίσει
1046 3559 1156 3629 γάρ
1177 3577 1191 3589 ο
1225 3562 1320 3613 καὶ
1352 3561 1402 3613 οἰ
1443 3562 1629 3632 νεκροί
1691 3563 2020 3635 ἐγερθήσον-

425 3667 518 3704 ται
548 3648 843 3719 ἄφθαρτοι,
877 3649 973 3701 καὶ
1005 3650 1169 3719 ἡμεῖς
1215 3649 1669 3721 ἀλλαγησόμεθα.
1698 3655 1791 3705 Δεῖ
1820 3653 1930 3724 γὰρ
1959 3653 2019 3707 τὸ

427 3739 670 3812 φθαρτὸν
698 3739 857 3793 τοῦτο
882 3739 1212 3794 ἐνδύσασθαι
1237 3740 1573 3811 ἀφθαρσίαν,
1596 3743 1691 3796 καὶ
1719 3743 1781 3796 τὸ
1821 3743 2018 3812 θνητὸν

425 3831 588 3887 τοῦτο
613 3829 891 3884 ἐνδύσεται
913 3830 1235 3887 ἀθανασίαν.
1255 3834 1426 3886 Ὅταν
1447 3832 1504 3885 δὲ
1527 3833 1588 3887 τὺ
1602 3833 1846 3906 φθαρτὸν
1858 3834 2018 3889 τοῦτο

426 3925 708 3979 ἐνδύσεται
740 3923 1076 3995 ἀφθαρσίαν,
1107 3915 1204 3978 καὶ
1232 3925 1294 3978 τὸ
1317 3925 1512 3995 θνητὸν
1545 3926 1705 3980 τοῦτο
1732 3927 2017 3982 ἐνδύσεται

425 4016 770 4094 ἀθανασίαν,
806 4016 928 4070 τότε
982 4018 1275 4089 γενήσεται
1299 4020 1327 4072 6
1353 4017 1511 4086 λόγος
1545 4020 1572 4072 ὁ
1595 4019 2013 4091 γεγραμμένος.

425 4110 723 4180 Κατεπόθη
751 4111 779 4163 ὁ
802 4109 1032 4173 θάνατος
1053 4113 1133 4173 εἰς
1184 4111 1353 4174 νῖκος.
1403 4110 1512 4164 Ποῦ
1547 4130 1661 4177 σου,
1699 4112 1922 4177 θάνατε,
1956 4114 2016 4166 τὸ

429 4205 685 4274 κέντρονς
718 4202 822 4256 ποῦ
853 4219 968 4267 σου,
993 4201 1116 4273 ᾆδη,
1140 4201 1203 4254 τὸ
1230 4205 1409 4268 νῖκος;
1444 4201 1503 4255 τὸ
1526 4203 1754 4275 κέντρον
1790 4204 1885 4256 τοῦ
1914 4203 2015 4259 θα-

426 4296 589 4350 νάτου
642 4297 674 4366 ἡ
736 4294 1016 4366 ἀμαρτία;
1053 4294 1119 4347 Ἦ
1154 4294 1210 4348 δὲ
1247 4293 1482 4365 δύναμις
1511 4296 1610 4366 τῆς
1657 4296 1960 4368 ἁμαρτίας,
1986 4300 2015 4352 6

427 4390 611 4458 νόμος.
635 4407 654 4440 1

2127 634 2362 690 virtutes
2391 637 2660 691 caelorum
2715 642 3104 697 movebuntur.
3155 639 3220 694 Et
3269 651 3403 696 tunc
3455 642 3718 697 videbunt

2127 722 2326 780 Filium
2361 726 2603 782 hominis
2639 730 2944 785 venientem
2991 732 3047 786 in
3101 733 3248 788 nube
3281 748 3407 787 cum
3444 743 3716 804 potestate

2125 825 2179 872 et
2209 817 2490 888 majestate
2521 819 2710 873 multa.
2744 821 3025 877 Attendite
3058 831 3242 878 autem
3271 825 3430 880 vobis
3472 841 3538 879 ne
3572 826 3714 882 forte

2123 920 2423 980 graventur
2449 910 2614 964 corda
2644 919 2826 966 vestra
2858 913 2912 966 in
2949 915 3195 984 crapula,
3233 923 3287 969 et
3325 917 3615 980 ebrietate,
3656 925 3714 972 et

2125 999 2277 1054 curis
2311 999 2473 1069 hujus
2499 1000 2646 1064 vitae,
2676 1008 2730 1054 et
2758 1009 2980 1072 repente
3003 1005 3356 1072 superveniat
3381 1006 3436 1059 in
3468 1021 3566 1059 vos
3593 1005 3712 1077 dies

2123 1087 2239 1142 illa.
2266 1086 2554 1158 Tanquam
2585 1089 2814 1159 laqueus
2845 1090 2991 1145 enim
3049 1094 3399 1160 superveniet
3435 1095 3491 1148 in
3520 1109 3711 1149 omnes

2125 1183 2220 1251 qui
2258 1179 2450 1234 sedent
2488 1195 2654 1250 super
2681 1180 2874 1237 faciem
2912 1183 3091 1236 omnis
3125 1190 3306 1237 terrae.
3342 1202 3362 1234 1

2197 1268 2370 1324 Marc.
2405 1287 2502 1333 ιιι,
2531 1272 2622 1326 25.
2654 1304 2722 1315 —-
2763 1292 2782 1324 1
2814 1272 2952 1326 Cum
2981 1289 3008 1326 a
3035 1274 3266 1329 mortuis
3289 1275 3710 1341 resurrexerint,

2124 1377 2306 1432 neque
2334 1364 2562 1427 nubent,
2599 1380 2776 1434 neque
2807 1366 3108 1432 nubentur;
3139 1367 3235 1421 sed
3268 1375 3398 1422 sunt.
3431 1367 3576 1420 sicut
3611 1382 3712 1420 an-

2125 1454 2230 1525 geli
2272 1455 2327 1508 in
2361 1455 2525 1510 caelo.
2563 1474 2581 1506 1

2195 1542 2350 1598 Rom.
2385 1561 2500 1610 v111,
2538 1545 2624 1601 f8.
2661 1575 2731 1586 —--
2763 1563 2782 1596 1
2827 1545 3094 1601 Existimo
3117 1547 3263 1616 quod
3289 1562 3395 1601 non
3427 1555 3556 1603 sunt
3579 1563 3713 1602 con-

2125 1635 2304 1705 dignae
2327 1637 2611 1706 passiones
2639 1636 2805 1706 hujus
2839 1639 3100 1708 temporis
3120 1639 3185 1692 ad
3207 1638 3447 1692 futuram
3479 1639 3711 1710 gloriam

2127 1739 2248 1794 qum
2301 1726 2634 1780 revelabitur
2685 1725 2736 1779 in
2779 1727 2960 1781 nobis.
2997 1726 3131 1782 Nam
3182 1727 3524 1798 exspectatio
3555 1744 3712 1784 crea-

2054 1834 2098 1890 B
2127 1825 2283 1880 turae,
2310 1817 2698 1871 revelationem
2740 1818 2978 1872 filiorum
3005 1817 3097 1874 Dei
3132 1827 3434 1888 exspectat.
3476 1839 3495 1871 1

2199 1909 2228 1963 Ι
2266 1909 2392 1964 Cor.
2424 1925 2506 1974 111,
2535 1911 2623 1973 f5,
2658 1910 2820 1964 14.-
2849 1930 2867 1963 ι
2903 1909 3355 1982 Uniuscujusque
3383 1927 3521 1982 opus
3552 1912 3715 1982 quale

2127 1999 2217 2060 sit,
2253 1999 2397 2069 ignis
2419 1999 2697 2068 probabit.
2754 1999 2811 2054 Si
2860 2000 3020 2070 cujus
3067 2016 3207 2070 Opus
3239 2002 3526 2066 manserit,
3564 2001 3712 2070 quod

2125 2088 2603 2157 superandiﬁeavit,
2635 2090 2941 2144 mercedem
2989 2091 3245 2160 accipiet.
3280 2087 3338 2144 Si
3371 2090 3531 2158 cujus
3571 2105 3712 2160 opus

2126 2178 2347 2243 arserit,
2379 2177 2769 2233 detrimentum
2827 2178 3079 2248 accipiet.
3140 2179 3258 2249 Ipse
3311 2189 3489 2234 autem
3527 2181 3714 2236 salvus

2124 2273 2231 2329 erit
2272 2291 2286 2328 :
2328 2273 2410 2328 sic
2443 2281 2622 2327 tamen
2652 2273 2809 2341 quasi
2857 2288 2953 2342 per
2985 2274 3185 2343 ignem.
3228 2292 3246 2324 1

2110 2369 2117 2391 '
2200 2363 2228 2418 I
2256 2364 2382 2418 Cor.
2413 2380 2503 2430 xv,
2535 2363 2728 2418 44-56.
2753 2395 2821 2404 —
2854 2383 2872 2415 1
2909 2364 3000 2418 Sic
3044 2366 3313 2434 scriptum
3346 2373 3431 2420 est
3464 2381 3478 2419 :
3514 2361 3713 2419 Factus

2125 2463 2208 2511 est
2232 2458 2445 2525 primus
2475 2456 2639 2510 homo
2669 2456 2723 2510 in
2748 2456 2993 2510 animam
3030 2457 3301 2512 viventem
3330 2476 3344 2511 :
3381 2456 3716 2511 novissimus

2124 2548 2296 2602 Adam
2341 2547 2395 2600 in
2432 2547 2686 2615 spiritum
2717 2547 3106 2604 vivificantem.
3161 2548 3266 2602 Sed
3318 2562 3427 2602 non
3477 2548 3715 2616 primum

2124 2637 2269 2707 quod
2302 2636 2593 2706 spirituale
2620 2647 2726 2691 εει.
2764 2637 2982 2692 Primus
3025 2638 3188 2692 homo
3227 2637 3294 2691 de
3329 2645 3500 2700 terra,
3542 2644 3719 2691 terre-

2125 2745 2276 2784 nus:
2315 2726 2594 2783 secundus
2646 2728 2831 2792 homo,
2878 2727 3141 2782 Dominus
3191 2729 3259 2783 de
3308 2729 3470 2783 coelo.
3527 2727 3716 2794 Qualis

2125 2827 2402 2881 terrenus,
2434 2819 2575 2874 tales
2615 2825 2669 2872 et
2707 2818 2912 2873 terreni
2951 2836 2964 2872 :
2999 2826 3053 2873 et
3084 2819 3265 2888 qualis
3290 2819 3552 2883 caelestis,
3578 2818 3716 2874 tales

2124 2916 2179 2963 et
2207 2909 2484 2963 caelestes.
2523 2907 2589 2962 Et
2620 2910 2765 2965 sicut
2794 2911 3140 2978 portavimus
3166 2910 3457 2979 imaginem
3484 2910 3714 2974 terreni,

2125 3008 2409 3070 portemus
2447 3007 2501 3054 et
2531 3001 2826 3069 imaginem
2859 3001 3128 3056 cmlestis.
3174 3002 3287 3056 Hoc
3315 3001 3460 3065 dico,
3519 3001 3715 3056 fratres

2125 3091 2253 3157 mei,
2285 3087 2413 3159 quia
2463 3104 2594 3145 caro
2645 3099 2699 3144 et
2755 3091 2981 3160 sanguis
3021 3107 3250 3161 regnum
3285 3090 3377 3144 Dei
3432 3092 3716 3160 possidere.

2125 3196 2231 3235 non
2259 3189 2510 3251 possunt,
2544 3196 2646 3236 nec
2679 3181 2961 3250 corruptio
3023 3181 3492 3251 incorruptionem
3525 3183 3718 3251 possi-

2123 3272 2233 3326 det.
2288 3271 2427 3327 Ecce
2481 3271 2806 3343 mysterium
2849 3271 3006 3326 vobis
3035 3271 3161 3326 dico
3200 3291 3212 3326 :
3251 3288 3445 3328 omnes
3493 3273 3715 3344 quidem

2123 3380 2230 3418 non
2267 3363 2628 3430 dormiemus,
2678 3379 2872 3419 omnes
2920 3373 3102 3419 autem
3163 3365 3578 3421 immutabimur
3611 3385 3626 3422 :
3659 3366 3714 3420 in

2123 3464 2422 3519 momento,
2463 3455 2516 3509 in
2554 3455 2666 3510 ictu
2708 3456 2877 3518 oculi,
2914 3455 2967 3508 in
3007 3455 3309 3511 novissima
3337 3457 3469 3510 tuba
3508 3477 3520 3512 :
3555 3467 3716 3512 canet

2123 3544 2270 3598 enim
2305 3544 2434 3597 tuba
2463 3552 2519 3599 et
2557 3546 2758 3597 mortui
2805 3551 3096 3614 resurgent
3149 3545 3480 3615 incorrupti,
3526 3554 3580 3602 et
3609 3562 3714 3601 nos

2123 3633 2562 3689 immutabimur.
2594 3634 2824 3703 Oportet
2871 3634 3018 3688 enim
3058 3635 3421 3705 corruptibile
3472 3636 3578 3691 hoc
3627 3637 3712 3691 in-

2122 3727 2289 3781 duere
2312 3726 2812 3795 incorruptionem,
2839 3734 2894 3781 et
2933 3727 3167 3781 mortale
3204 3727 3310 3782 hoc
3347 3726 3580 3782 induere
3610 3728 3714 3782 im-

2121 3817 2532 3873 mortalitatem.
2620 3816 2756 3871 Cum
2807 3827 2987 3872 autem
3050 3818 3407 3888 corruptibile
3466 3819 3568 3874 hoc
3629 3820 3714 3873 in-

2120 3910 2300 3966 duerit
2358 3908 2850 3980 incorruptionem,
2887 3919 2938 3964 et
2993 3909 3226 3964 mortale
3295 3909 3399 3965 hoc
3468 3910 3712 3965 induerit

2123 4000 2616 4064 immortalitatem,
2641 4009 2774 4055 tunc
2807 4000 2899 4054 fiet
2927 4016 3110 4056 sermo
3139 4001 3234 4071 qui
3281 4001 3524 4072 scriptus
3549 4002 3712 4074 347

2119 4101 2222 4147 εει.
2268 4092 2540 4161 Absorpta
2576 4099 2660 4146 est
2690 4106 2840 4146 mors
2874 4092 2930 4145 in
2978 4091 3229 4146 victoria.
3265 4091 3366 4146 Ubi
3402 4101 3507 4160 εει,
3537 4109 3710 4159 mors,

2111 4183 2416 4237 stimulus?
2455 4182 2548 4237 ubi
2574 4189 2681 4246 est,
2714 4198 2886 4247 mors,
2928 4184 3206 4238 victoria?
3237 4184 3507 4240 Stimulus
3526 4197 3710 4243 autem

2121 4275 2315 4330 mortis
2353 4284 2637 4345 peccatum
2668 4283 2754 4331 cst
2783 4293 2796 4329 :
2825 4275 3004 4330 virtus
3042 4294 3171 4336 vero
3193 4277 3429 4351 peccati,
3464 4279 3574 4333 lex.
3614 4297 3633 4330 1

477 4504 524 4537 -1
555 4484 695 4546 Τοὺς
721 4483 930 4546 πάντας
961 4483 1108 4553 ἡμᾶς
1136 4483 1522 4554 φανερωθῆναι
1582 4483 1662 4535 δεῖ
1696 4483 2009 4554 ἔμπροσθεν

2188 4471 2249 4526 ll
2303 4470 2432 4527 Cor.
2489 4488 2542 4537 ν,
2597 4471 2721 4525 101.
2780 4501 2848 4513 -
2888 4490 2906 4523 1
2946 4469 3153 4528 Omnes
3203 4489 3304 4529 nos
3361 4473 3708 4529 manifestari

424 4576 522 4629 τοῦ
555 4573 797 4644 βήματος
821 4571 918 4625 τοῦ
940 4574 1204 4643 Χριστοῦ,
1231 4573 1320 4626 ἵνα
1349 4573 1650 4644 κομίσηται
1687 4574 1918 4642 ἕκαστος
1939 4575 2008 4628 τὰ

423 4665 515 4719 διὰ
543 4663 637 4718 τοῦ
674 4661 950 4734 σώματος,
983 4662 1130 4718 καθά
1185 4662 1446 4734 ἔπραξεν,
1472 4665 1584 4718 εἴτε
1625 4664 1852 4734 ἀγαθὸν,
1896 4664 2007 4718 εἴτε

424 4756 650 4826 φαῦλον.
682 4774 701 4806 1

501 4866 520 4898 1
560 4847 625 4900 Ὃ
676 4845 784 4914 γὰρ
833 4843 900 4898 ὂν
940 4843 1141 4917 σπείρῃ
1189 4843 1512 4914 ἀνθρωπος;
1558 4845 1717 4898 τοῦτο
1770 4847 1866 4900 καὶ
1917 4847 2007 4900 θε-

426 4955 588 5010 ρισει.
617 4955 636 4989 1

498 5048 518 5081 1
565 5030 639 5083 Οὐ
671 5028 893 5082 θέλωδέ
958 5029 1104 5097 ὑμᾶς
1155 5028 1392 5096 ἀγνοεῖν,
1448 5029 1690 5097 ἀδελφοὶ,
1731 5032 1857 5102 περί
1897 5032 2008 5086 τῶν

423 5121 866 5193 κεκοιμημένων,
893 5120 981 5174 ἵνα
1015 5119 1090 5191 μὴ
1128 5119 1398 5189 λυπῆσθε,
1426 5120 1607 5185 καθὼς
1630 5121 1727 5175 καὶ
1751 5123 1800 5174 0i.
1828 5123 2007 5176 λοιποὶ

420 5217 472 5268 οἱ
507 5215 581 5285 μὴ
611 5215 828 5284 ἔχοντες
853 5213 1065 5266 ἐλπίδα.
1105 5231 1124 5264 1

472 5290 517 5357 ἰ
555 5307 690 5376 Περὶ
717 5304 774 5357 δὲ
800 5304 910 5357 τῶν
935 5303 1146 5374 χρόνων
1184 5304 1280 5356 καὶ
1331 5302 1440 5356 τῶν
1493 5303 1724 5373 καιρῶν,
1763 5303 2003 5373 ἀδελφοὶ,

421 5399 483 5450 οὐ
518 5396 710 5467 χρείαν
740 5394 894 5464 ἔχετε
921 5395 1052 5464 ὑμῖν
1069 5393 1399 5466 γράφεσθαι.
1431 5393 1595 5446 Αὐτοὶ
1622 5394 1732 5465 γὰρ
1763 5395 2006 5466 ἀκριὸὦς

426 5487 623 5550 οἴδατε,
675 5488 758 5541 ὅτι
809 5487 843 5557 ή
885 5485 1072 5556 ἡμέρα
1111 5486 1320 5558 Κυρίου
1358 5484 1432 5549 ὡς
1469 5485 1709 5554 κλέπτης
1740 5488 1799 5539 ἐν
1828 5487 2003 5547 νυκτὶ,

423 5577 597 5640 οὕτως
657 5578 898 5648 ἔρχεται.
937 5577 1110 5630 Ὅταν
1183 5576 1292 5647 γάρ
1349 5577 1600 5629 εἴπωσιν·
1649 5577 1856 5647 Εἰρήνη
1913 5579 2007 5630 καὶ

421 5671 718 5740 ἀσφάλεια,
768 5671 886 5723 τότε
941 5670 1208 5738 αἰφνίδιος
1251 5670 1437 5733 αὐτοῖς
1493 5670 1847 5740 ἐπιστήσεται
1897 5671 2008 5725 ὄλε-

423 5759 574 5830 θρος.
607 5759 878 5829 Ὢσπερή
911 5759 1128 5830 ὠδὶντῇ
1185 5763 1239 5814 ἐν
1285 5761 1478 5832 γαστρὶ
1525 5760 1745 5833 ἐχούσῃ,
1793 5763 1885 5816 καὶ
1943 5763 2002 5816 οὐ

430 5853 504 5924 μὴ
539 5851 853 5922 ἐκφύγωσιν
915 5871 930 5900 ι

2117 4572 2335 4636 oportet
2374 4571 2503 4618 ante
2540 4563 2784 4618 tribunal
2809 4562 3043 4628 Christi,
3075 4575 3134 4619 ut
3174 4566 3377 4620 referat
3407 4567 3708 4633 unusquis-

2117 4675 2222 4728 que
2247 4671 2368 4728 quze
2400 4671 2498 4726 per
2527 4671 2733 4726 corpus
2773 4655 2968 4726 gessit,
3000 4657 3117 4712 sive
3169 4658 3395 4724 bonum,
3446 4658 3563 4713 sive
3595 4673 3711 4712 ma-

2117 4755 2250 4808 lum.
2288 4773 2306 4805 1

2187 4847 2368 4902 Galat.
2407 4862 2482 4913 v1,
2508 4845 2563 4901 8.
2605 4875 2676 4886 —
2703 4863 2722 4896 1
2754 4844 2912 4910 Quod
2945 4845 3092 4900 enim
3137 4843 3488 4898 seminaverit
3522 4843 3705 4905 homo,

2116 4940 2220 4993 hoc
2249 4948 2304 4992 ct
2338 4943 2524 4992 metet.
2553 4954 2573 4988 1

2188 5033 2220 5085 Ι
2253 5028 2435 5082 Thess.
2468 5041 2543 5091 1v,
2579 5025 2670 5081 12.
2696 5056 2766 5067 -
2814 5045 2833 5077 ι
2871 5023 3011 5080 ΝοΙο
3042 5033 3226 5079 autem
3281 5039 3381 5078 vos
3430 5023 3703 5093 ignorare,

2116 5121 2338 5183 fratres,
2392 5119 2462 5173 de
2509 5118 2950 5179 dormientibus,
3022 5127 3080 5170 ut
3126 5131 3251 5176 non
3305 5114 3710 5170 contristemini

2115 5215 2257 5269 sicut
2288 5220 2342 5267 et
2371 5211 2556 5266 caeteri
2585 5211 2678 5280 qui
2719 5226 2871 5280 spem
2905 5225 3016 5263 non
3053 5209 3279 5263 habent.
3309 5226 3329 5259 1

2186 5304 2212 5359 Ι
2252 5303 2437 5358 Thess.
2472 5319 2527 5368 v,
2587 5304 2698 5358 1-5.
2735 5329 2805 5344 -υ-
2843 5322 2861 5354 ‹
2898 5301 2969 5356 De
3017 5301 3360 5371 temporibus
3419 5309 3602 5356 autem
3656 5308 3712 5354 et

2115 5396 2432 5463 momentis,
2492 5394 2718 5457 fratres,
2776 5409 2888 5449 non
2939 5394 3228 5463 indigetis,
3289 5399 3348 5445 ut
3401 5393 3710 5448 scribamus

2116 5489 2290 5543 vobis.
2325 5487 2432 5558 Ipsi
2461 5489 2609 5542 enim
2643 5486 3134 5558 diligi-nterscilis,
3166 5488 3290 5553 quia
3320 5487 3436 5541 dics
3469 5485 3708 5548 Domini,

2115 5581 2260 5636 sicut
2289 5580 2376 5633 fur
2406 5581 2458 5634 in
2491 5590 2673 5643 nocte,
2703 5580 2779 5632 ita
2814 5579 3013 5634 veniet.
3059 5579 3196 5634 Cum
3242 5581 3392 5635 enim
3427 5577 3709 5634 dixerint:

2114 5672 2228 5726 Pax
2261 5681 2315 5726 et
2348 5672 2645 5736 securitas,
2681 5680 2813 5725 tunc
2865 5671 3184 5741 repentinus
3218 5672 3302 5726 eis
3359 5665 3706 5741 superveniet

2117 5763 2392 5827 interitus,
2429 5763 2570 5818 sicut
2602 5762 2759 5819 dolor
2787 5763 3007 5819 habenti
3043 5763 3096 5818 in
3123 5772 3302 5830 utero,
3337 5772 3388 5819 ει
3421 5775 3528 5817 non
3566 5756 3698 5812 eﬂu‘

2116 5856 2280 5926 sicut.
2323 5872 2341 5904 1
