  <div class='ocr_page' id='page_1' title='image "/cluster/home/n/w/nwhite01/storage/ocr_20150623/95:no.2/coo.31924054869999/597.png"; bbox 0 0 3986 6416; ppageno 0'>
   <div class='ocr_carea' id='block_1_1' title="bbox 429 381 568 448">
    <p class='ocr_par' dir='ltr' id='par_1_1' title="bbox 429 381 568 448">
     <span class='ocr_line' id='line_1_1' title="bbox 429 381 568 448; baseline 0 0"><span class='ocrx_word' id='word_1_1' title='bbox 429 381 568 448; x_wconf 85' lang='grc'><strong>1183</strong></span> 
     </span>
    </p>
   </div>
   <div class='ocr_carea' id='block_1_2' title="bbox 1669 365 2555 435">
    <p class='ocr_par' dir='ltr' id='par_1_2' title="bbox 1669 365 2555 435">
     <span class='ocr_line' id='line_1_2' title="bbox 1669 365 2555 435; baseline -0.002 -3"><span class='ocrx_word' id='word_1_2' title='bbox 1669 373 1733 435; x_wconf 92' lang='lat' dir='ltr'><strong>S.</strong></span> <span class='ocrx_word' id='word_1_3' title='bbox 1770 365 2088 432; x_wconf 87' lang='lat' dir='ltr'><strong>JOANNIS</strong></span> <span class='ocrx_word' id='word_1_4' title='bbox 2128 368 2555 431; x_wconf 75' lang='lat' dir='ltr'><strong>DAMASCENI</strong></span> 
     </span>
    </p>
   </div>
   <div class='ocr_carea' id='block_1_3' title="bbox 3574 368 3694 435">
    <p class='ocr_par' dir='ltr' id='par_1_3' title="bbox 3574 368 3694 435">
     <span class='ocr_line' id='line_1_3' title="bbox 3574 368 3694 435; baseline 0.025 -3"><span class='ocrx_word' id='word_1_5' title='bbox 3574 368 3694 435; x_wconf 74' lang='grc' dir='ltr'><strong>Μὸῑ</strong></span> 
     </span>
    </p>
   </div>
   <div class='ocr_carea' id='block_1_4' title="bbox 498 476 2021 556">
    <p class='ocr_par' dir='ltr' id='par_1_4' title="bbox 498 483 2012 556">
     <span class='ocr_line' id='line_1_4' title="bbox 498 483 2012 556; baseline -0.01 -8"><span class='ocrx_word' id='word_1_6' title='bbox 498 491 566 548; x_wconf 82' lang='grc' dir='ltr'><strong>ΙΙ</strong></span> <span class='ocrx_word' id='word_1_7' title='bbox 597 490 782 548; x_wconf 73' lang='lat' dir='ltr'><strong>Thess.</strong></span> <span class='ocrx_word' id='word_1_8' title='bbox 840 506 912 554; x_wconf 85' lang='grc' dir='ltr'><strong>ιι,</strong></span> <span class='ocrx_word' id='word_1_9' title='bbox 962 487 1112 543; x_wconf 75' lang='grc'><strong>1-11.</strong></span> <span class='ocrx_word' id='word_1_10' title='bbox 1160 514 1228 526; x_wconf 90' lang='grc'><strong><em>-</em></strong></span> <span class='ocrx_word' id='word_1_11' title='bbox 1289 505 1307 537; x_wconf 80' lang='grc' dir='ltr'><strong>ι</strong></span> <span class='ocrx_word' id='word_1_12' title='bbox 1345 483 1625 556; x_wconf 76' lang='lat' dir='ltr'><strong>Rogamus</strong></span> <span class='ocrx_word' id='word_1_13' title='bbox 1673 492 1857 537; x_wconf 90' lang='lat' dir='ltr'><strong>autem</strong></span> <span class='ocrx_word' id='word_1_14' title='bbox 1895 496 2012 543; x_wconf 89' lang='lat' dir='ltr'><strong>vos,</strong></span> 
     </span>
    </p>
   </div>
   <div class='ocr_carea' id='block_1_5' title="bbox 2126 476 3692 556">
    <p class='ocr_par' dir='ltr' id='par_1_5' title="bbox 2197 476 3692 552">
     <span class='ocr_line' id='line_1_5' title="bbox 2197 476 3692 552; baseline 0 -22"><span class='ocrx_word' id='word_1_15' title='bbox 2197 499 2214 530; x_wconf 76' lang='grc' dir='ltr'><strong>ι</strong></span> <span class='ocrx_word' id='word_1_16' title='bbox 2265 481 2592 552; x_wconf 82' lang='grc' dir='ltr'>Ἐρωτῶμεν</span> <span class='ocrx_word' id='word_1_17' title='bbox 2619 479 2678 533; x_wconf 79' lang='grc' dir='ltr'>δὲ</span> <span class='ocrx_word' id='word_1_18' title='bbox 2706 478 2875 549; x_wconf 82' lang='grc' dir='ltr'>ὑμᾶς,</span> <span class='ocrx_word' id='word_1_19' title='bbox 2905 477 3146 547; x_wconf 73' lang='grc' dir='ltr'>ἀδελφοὶ,</span> <span class='ocrx_word' id='word_1_20' title='bbox 3185 476 3333 547; x_wconf 77' lang='grc' dir='ltr'>ὑπὲρ</span> <span class='ocrx_word' id='word_1_21' title='bbox 3373 478 3474 546; x_wconf 79' lang='grc' dir='ltr'>τῆς</span> <span class='ocrx_word' id='word_1_22' title='bbox 3505 496 3692 548; x_wconf 78' lang='grc' dir='ltr'>παρου-</span> 
     </span>
    </p>
   </div>
   <div class='ocr_carea' id='block_1_6' title="bbox 430 572 2014 652">
    <p class='ocr_par' dir='ltr' id='par_1_6' title="bbox 430 572 2014 652">
     <span class='ocr_line' id='line_1_6' title="bbox 430 572 2014 652; baseline -0.009 -14"><span class='ocrx_word' id='word_1_23' title='bbox 430 584 651 648; x_wconf 77' lang='lat' dir='ltr'><strong>fratrcs,</strong></span> <span class='ocrx_word' id='word_1_24' title='bbox 692 597 788 652; x_wconf 90' lang='lat' dir='ltr'><strong>per</strong></span> <span class='ocrx_word' id='word_1_25' title='bbox 815 579 1111 635; x_wconf 78' lang='lat' dir='ltr'><strong>adventum</strong></span> <span class='ocrx_word' id='word_1_26' title='bbox 1148 575 1364 632; x_wconf 84' lang='lat' dir='ltr'><strong>Domini</strong></span> <span class='ocrx_word' id='word_1_27' title='bbox 1417 577 1594 632; x_wconf 91' lang='lat' dir='ltr'><strong>nostri</strong></span> <span class='ocrx_word' id='word_1_28' title='bbox 1622 574 1752 630; x_wconf 81' lang='lat' dir='ltr'><strong>Jcsu</strong></span> <span class='ocrx_word' id='word_1_29' title='bbox 1783 572 2014 638; x_wconf 87' lang='lat' dir='ltr'><strong>Christi,</strong></span> 
     </span>
    </p>
   </div>
   <div class='ocr_carea' id='block_1_7' title="bbox 427 665 2018 742">
    <p class='ocr_par' dir='ltr' id='par_1_7' title="bbox 427 665 2018 742">
     <span class='ocr_line' id='line_1_7' title="bbox 427 665 2018 742; baseline -0.007 -14"><span class='ocrx_word' id='word_1_30' title='bbox 427 685 482 728; x_wconf 89' lang='lat' dir='ltr'><strong>et</strong></span> <span class='ocrx_word' id='word_1_31' title='bbox 506 683 753 730; x_wconf 90' lang='lat' dir='ltr'><strong>nostram</strong></span> <span class='ocrx_word' id='word_1_32' title='bbox 791 670 1274 742; x_wconf 76' lang='lat' dir='ltr'><strong>congregationem</strong></span> <span class='ocrx_word' id='word_1_33' title='bbox 1308 671 1363 725; x_wconf 90' lang='lat' dir='ltr'><strong>in</strong></span> <span class='ocrx_word' id='word_1_34' title='bbox 1417 670 1621 741; x_wconf 85' lang='lat' dir='ltr'><strong>ipsum,</strong></span> <span class='ocrx_word' id='word_1_35' title='bbox 1652 682 1719 720; x_wconf 89' lang='lat' dir='ltr'><strong>ne</strong></span> <span class='ocrx_word' id='word_1_36' title='bbox 1749 665 1864 719; x_wconf 89' lang='lat' dir='ltr'><strong>cito</strong></span> <span class='ocrx_word' id='word_1_37' title='bbox 1892 678 2018 718; x_wconf 86' lang='lat' dir='ltr'><strong>mo-</strong></span> 
     </span>
    </p>
   </div>
   <div class='ocr_carea' id='block_1_8' title="bbox 427 755 2019 832">
    <p class='ocr_par' dir='ltr' id='par_1_8' title="bbox 427 755 2019 832">
     <span class='ocr_line' id='line_1_8' title="bbox 427 755 2019 832; baseline -0.008 -12"><span class='ocrx_word' id='word_1_38' title='bbox 427 765 666 820; x_wconf 88' lang='lat' dir='ltr'><strong>veamini</strong></span> <span class='ocrx_word' id='word_1_39' title='bbox 697 779 726 816; x_wconf 91' lang='lat' dir='ltr'><strong>a</strong></span> <span class='ocrx_word' id='word_1_40' title='bbox 751 778 940 826; x_wconf 89' lang='lat' dir='ltr'><strong>sensu,</strong></span> <span class='ocrx_word' id='word_1_41' title='bbox 971 777 1154 832; x_wconf 88' lang='lat' dir='ltr'><strong>neque</strong></span> <span class='ocrx_word' id='word_1_42' title='bbox 1194 762 1536 824; x_wconf 88' lang='lat' dir='ltr'><strong>terreamini,</strong></span> <span class='ocrx_word' id='word_1_43' title='bbox 1574 773 1752 828; x_wconf 82' lang='lat' dir='ltr'><strong>neque</strong></span> <span class='ocrx_word' id='word_1_44' title='bbox 1784 771 1882 827; x_wconf 90' lang='lat' dir='ltr'><strong>per</strong></span> <span class='ocrx_word' id='word_1_45' title='bbox 1905 755 2019 824; x_wconf 89' lang='lat' dir='ltr'><strong>spi-</strong></span> 
     </span>
    </p>
   </div>
   <div class='ocr_carea' id='block_1_9' title="bbox 428 846 2022 924">
    <p class='ocr_par' dir='ltr' id='par_1_9' title="bbox 428 846 2022 924">
     <span class='ocr_line' id='line_1_9' title="bbox 428 846 2022 924; baseline -0.003 -17"><span class='ocrx_word' id='word_1_46' title='bbox 428 856 615 917; x_wconf 88' lang='lat' dir='ltr'><strong>ritum,</strong></span> <span class='ocrx_word' id='word_1_47' title='bbox 659 868 837 923; x_wconf 85' lang='lat' dir='ltr'><strong>neque</strong></span> <span class='ocrx_word' id='word_1_48' title='bbox 873 869 970 924; x_wconf 89' lang='lat' dir='ltr'><strong>per</strong></span> <span class='ocrx_word' id='word_1_49' title='bbox 1021 867 1355 921; x_wconf 85' lang='lat' dir='ltr'><strong>sermonem,</strong></span> <span class='ocrx_word' id='word_1_50' title='bbox 1403 865 1582 921; x_wconf 86' lang='lat' dir='ltr'><strong>neque</strong></span> <span class='ocrx_word' id='word_1_51' title='bbox 1613 865 1708 920; x_wconf 89' lang='lat' dir='ltr'><strong>per</strong></span> <span class='ocrx_word' id='word_1_52' title='bbox 1733 846 2022 912; x_wconf 79' lang='lat' dir='ltr'><strong>epistolam.</strong></span> 
     </span>
    </p>
   </div>
   <div class='ocr_carea' id='block_1_10' title="bbox 428 938 2017 1015">
    <p class='ocr_par' dir='ltr' id='par_1_10' title="bbox 428 938 2017 1015">
     <span class='ocr_line' id='line_1_10' title="bbox 428 938 2017 1015; baseline -0.004 -16"><span class='ocrx_word' id='word_1_53' title='bbox 428 957 686 1015; x_wconf 84' lang='lat' dir='ltr'><strong>tanquam</strong></span> <span class='ocrx_word' id='word_1_54' title='bbox 721 961 819 1014; x_wconf 89' lang='lat' dir='ltr'><strong>per</strong></span> <span class='ocrx_word' id='word_1_55' title='bbox 834 961 935 1000; x_wconf 91' lang='lat' dir='ltr'><strong>nos</strong></span> <span class='ocrx_word' id='word_1_56' title='bbox 971 946 1220 1010; x_wconf 89' lang='lat' dir='ltr'><strong>missam,</strong></span> <span class='ocrx_word' id='word_1_57' title='bbox 1247 944 1408 1014; x_wconf 88' lang='lat' dir='ltr'><strong>quasi</strong></span> <span class='ocrx_word' id='word_1_58' title='bbox 1441 945 1609 998; x_wconf 83' lang='lat' dir='ltr'><strong>instet</strong></span> <span class='ocrx_word' id='word_1_59' title='bbox 1640 941 1760 996; x_wconf 87' lang='lat' dir='ltr'><strong>dies</strong></span> <span class='ocrx_word' id='word_1_60' title='bbox 1782 938 2017 993; x_wconf 86' lang='lat' dir='ltr'><strong>Domini.</strong></span> 
     </span>
    </p>
   </div>
   <div class='ocr_carea' id='block_1_11' title="bbox 426 1031 2022 1106">
    <p class='ocr_par' dir='ltr' id='par_1_11' title="bbox 426 1031 2022 1106">
     <span class='ocr_line' id='line_1_11' title="bbox 426 1031 2022 1106; baseline -0.003 -17"><span class='ocrx_word' id='word_1_61' title='bbox 426 1035 504 1090; x_wconf 86' lang='lat' dir='ltr'><strong>Ne</strong></span> <span class='ocrx_word' id='word_1_62' title='bbox 534 1036 661 1106; x_wconf 91' lang='lat' dir='ltr'><strong>quis</strong></span> <span class='ocrx_word' id='word_1_63' title='bbox 693 1051 788 1090; x_wconf 86' lang='lat' dir='ltr'><strong>vos</strong></span> <span class='ocrx_word' id='word_1_64' title='bbox 821 1036 1049 1091; x_wconf 83' lang='lat' dir='ltr'><strong>seducat</strong></span> <span class='ocrx_word' id='word_1_65' title='bbox 1078 1035 1190 1090; x_wconf 90' lang='lat' dir='ltr'><strong>ullo</strong></span> <span class='ocrx_word' id='word_1_66' title='bbox 1225 1035 1389 1089; x_wconf 90' lang='lat' dir='ltr'><strong>modo</strong></span> <span class='ocrx_word' id='word_1_67' title='bbox 1427 1051 1439 1086; x_wconf 89' lang='lat'><strong>:</strong></span> <span class='ocrx_word' id='word_1_68' title='bbox 1476 1032 1737 1103; x_wconf 89' lang='lat' dir='ltr'><strong>quoniam</strong></span> <span class='ocrx_word' id='word_1_69' title='bbox 1779 1031 1885 1085; x_wconf 88' lang='lat' dir='ltr'><strong>nisi</strong></span> <span class='ocrx_word' id='word_1_70' title='bbox 1929 1045 2022 1085; x_wconf 85' lang='lat' dir='ltr'><strong>ve-</strong></span> 
     </span>
    </p>
   </div>
   <div class='ocr_carea' id='block_1_12' title="bbox 428 1122 2020 1199">
    <p class='ocr_par' dir='ltr' id='par_1_12' title="bbox 428 1122 2020 1199">
     <span class='ocr_line' id='line_1_12' title="bbox 428 1122 2020 1199; baseline -0.003 -19"><span class='ocrx_word' id='word_1_71' title='bbox 428 1130 571 1182; x_wconf 77' lang='lat' dir='ltr'><strong>nerit</strong></span> <span class='ocrx_word' id='word_1_72' title='bbox 609 1127 878 1184; x_wconf 86' lang='lat' dir='ltr'><strong>discessio</strong></span> <span class='ocrx_word' id='word_1_73' title='bbox 909 1129 1171 1199; x_wconf 90' lang='lat' dir='ltr'><strong>primum,</strong></span> <span class='ocrx_word' id='word_1_74' title='bbox 1209 1137 1262 1182; x_wconf 90' lang='lat' dir='ltr'><strong>et</strong></span> <span class='ocrx_word' id='word_1_75' title='bbox 1296 1127 1573 1182; x_wconf 83' lang='lat' dir='ltr'><strong>revelatus</strong></span> <span class='ocrx_word' id='word_1_76' title='bbox 1625 1124 1795 1180; x_wconf 80' lang='lat' dir='ltr'><strong>fuerit</strong></span> <span class='ocrx_word' id='word_1_77' title='bbox 1853 1122 2020 1176; x_wconf 89' lang='lat' dir='ltr'><strong>homo</strong></span> 
     </span>
    </p>
   </div>
   <div class='ocr_carea' id='block_1_13' title="bbox 431 1209 2018 1287">
    <p class='ocr_par' dir='ltr' id='par_1_13' title="bbox 431 1209 2018 1287">
     <span class='ocr_line' id='line_1_13' title="bbox 431 1209 2018 1287; baseline -0.006 -16"><span class='ocrx_word' id='word_1_78' title='bbox 431 1217 666 1286; x_wconf 86' lang='lat' dir='ltr'><strong>peccati,</strong></span> <span class='ocrx_word' id='word_1_79' title='bbox 698 1217 845 1272; x_wconf 84' lang='lat' dir='ltr'><strong>ﬁlius</strong></span> <span class='ocrx_word' id='word_1_80' title='bbox 877 1216 1229 1287; x_wconf 84' lang='lat' dir='ltr'><strong>perditionis,</strong></span> <span class='ocrx_word' id='word_1_81' title='bbox 1255 1216 1348 1285; x_wconf 86' lang='lat' dir='ltr'><strong>qui</strong></span> <span class='ocrx_word' id='word_1_82' title='bbox 1386 1215 1717 1268; x_wconf 81' lang='lat' dir='ltr'><strong>adversatur</strong></span> <span class='ocrx_word' id='word_1_83' title='bbox 1753 1218 1808 1268; x_wconf 88' lang='lat' dir='ltr'><strong>et</strong></span> <span class='ocrx_word' id='word_1_84' title='bbox 1838 1209 2018 1266; x_wconf 79' lang='lat' dir='ltr'><strong>extol-</strong></span> 
     </span>
    </p>
   </div>
   <div class='ocr_carea' id='block_1_14' title="bbox 2123 567 3693 642">
    <p class='ocr_par' dir='ltr' id='par_1_14' title="bbox 2123 567 3693 642">
     <span class='ocr_line' id='line_1_14' title="bbox 2123 567 3693 642; baseline -0.001 -18"><span class='ocrx_word' id='word_1_85' title='bbox 2123 573 2245 634; x_wconf 86' lang='grc' dir='ltr'>σίας</span> <span class='ocrx_word' id='word_1_86' title='bbox 2299 571 2395 626; x_wconf 85' lang='grc' dir='ltr'><strong>τοῦ</strong></span> <span class='ocrx_word' id='word_1_87' title='bbox 2453 573 2659 640; x_wconf 82' lang='grc' dir='ltr'>Κυρίου</span> <span class='ocrx_word' id='word_1_88' title='bbox 2691 570 2848 640; x_wconf 78' lang='grc' dir='ltr'>ἡμῶν</span> <span class='ocrx_word' id='word_1_89' title='bbox 2883 569 3057 640; x_wconf 81' lang='grc' dir='ltr'>Ἰησοῦ</span> <span class='ocrx_word' id='word_1_90' title='bbox 3101 567 3370 642; x_wconf 82' lang='grc' dir='ltr'><strong>Χριστοῦ,</strong></span> <span class='ocrx_word' id='word_1_91' title='bbox 3429 570 3520 622; x_wconf 84' lang='grc' dir='ltr'><strong>καί</strong></span> <span class='ocrx_word' id='word_1_92' title='bbox 3556 572 3693 641; x_wconf 76' lang='grc' dir='ltr'>ήμῶν</span> 
     </span>
    </p>
   </div>
   <div class='ocr_carea' id='block_1_15' title="bbox 2123 660 3694 733">
    <p class='ocr_par' dir='ltr' id='par_1_15' title="bbox 2123 660 3694 733">
     <span class='ocr_line' id='line_1_15' title="bbox 2123 660 3694 733; baseline -0.001 -17"><span class='ocrx_word' id='word_1_93' title='bbox 2123 665 2548 733; x_wconf 73' lang='grc' dir='ltr'><strong>ἐπισυναγωγῆς</strong></span> <span class='ocrx_word' id='word_1_94' title='bbox 2576 663 2664 716; x_wconf 81' lang='grc' dir='ltr'>ἐπ’</span> <span class='ocrx_word' id='word_1_95' title='bbox 2696 663 2881 726; x_wconf 80' lang='grc' dir='ltr'>αὐτὸν,</span> <span class='ocrx_word' id='word_1_96' title='bbox 2914 664 2994 724; x_wconf 85' lang='grc' dir='ltr'><strong>είς</strong></span> <span class='ocrx_word' id='word_1_97' title='bbox 3020 661 3080 714; x_wconf 85' lang='grc' dir='ltr'><strong>τὸ</strong></span> <span class='ocrx_word' id='word_1_98' title='bbox 3111 661 3187 732; x_wconf 85' lang='grc' dir='ltr'>μὴ</span> <span class='ocrx_word' id='word_1_99' title='bbox 3217 660 3694 733; x_wconf 82' lang='grc' dir='ltr'>ταχέωςσαλευθῆ-</span> 
     </span>
    </p>
   </div>
   <div class='ocr_carea' id='block_1_16' title="bbox 2121 751 3694 825">
    <p class='ocr_par' dir='ltr' id='par_1_16' title="bbox 2121 751 3694 825">
     <span class='ocr_line' id='line_1_16' title="bbox 2121 751 3694 825; baseline -0.001 -17"><span class='ocrx_word' id='word_1_100' title='bbox 2121 773 2208 808; x_wconf 90' lang='grc' dir='ltr'><strong>ναι</strong></span> <span class='ocrx_word' id='word_1_101' title='bbox 2239 756 2382 825; x_wconf 79' lang='grc' dir='ltr'>ὑμᾶς</span> <span class='ocrx_word' id='word_1_102' title='bbox 2399 755 2507 810; x_wconf 83' lang='grc' dir='ltr'><strong>ἀπὸ</strong></span> <span class='ocrx_word' id='word_1_103' title='bbox 2526 754 2621 808; x_wconf 90' lang='grc' dir='ltr'><strong>τοῦ</strong></span> <span class='ocrx_word' id='word_1_104' title='bbox 2643 755 2761 817; x_wconf 86' lang='grc' dir='ltr'>νοός</span> <span class='ocrx_word' id='word_1_105' title='bbox 2777 769 2791 784; x_wconf 75' lang='grc' dir='ltr'><strong><em>ο</em></strong></span> <span class='ocrx_word' id='word_1_106' title='bbox 2827 753 2963 825; x_wconf 81' lang='grc' dir='ltr'>μηδὲ</span> <span class='ocrx_word' id='word_1_107' title='bbox 2983 752 3257 823; x_wconf 77' lang='grc' dir='ltr'><strong>θροεῖσθε,</strong></span> <span class='ocrx_word' id='word_1_108' title='bbox 3283 751 3422 822; x_wconf 74' lang='grc' dir='ltr'>μηδὲ</span> <span class='ocrx_word' id='word_1_109' title='bbox 3447 751 3536 803; x_wconf 79' lang='grc' dir='ltr'><strong>διὰ</strong></span> <span class='ocrx_word' id='word_1_110' title='bbox 3550 754 3694 806; x_wconf 81' lang='grc' dir='ltr'>πνεύ-</span> 
     </span>
    </p>
   </div>
   <div class='ocr_carea' id='block_1_17' title="bbox 2126 842 3699 918">
    <p class='ocr_par' dir='ltr' id='par_1_17' title="bbox 2126 842 3699 918">
     <span class='ocr_line' id='line_1_17' title="bbox 2126 842 3699 918; baseline 0 -19"><span class='ocrx_word' id='word_1_111' title='bbox 2126 864 2321 918; x_wconf 78' lang='grc' dir='ltr'>ματος,</span> <span class='ocrx_word' id='word_1_112' title='bbox 2384 848 2522 917; x_wconf 84' lang='grc' dir='ltr'>μήτε</span> <span class='ocrx_word' id='word_1_113' title='bbox 2567 847 2638 900; x_wconf 86' lang='grc' dir='ltr'>δι’</span> <span class='ocrx_word' id='word_1_114' title='bbox 2688 846 3001 914; x_wconf 74' lang='grc' dir='ltr'>ἐπιστολῆς,</span> <span class='ocrx_word' id='word_1_115' title='bbox 3043 845 3118 907; x_wconf 82' lang='grc' dir='ltr'><strong>ὡς</strong></span> <span class='ocrx_word' id='word_1_116' title='bbox 3169 844 3241 896; x_wconf 83' lang='grc' dir='ltr'>δι’</span> <span class='ocrx_word' id='word_1_117' title='bbox 3298 842 3483 913; x_wconf 87' lang='grc' dir='ltr'>ἡμῶν,</span> <span class='ocrx_word' id='word_1_118' title='bbox 3516 845 3587 906; x_wconf 82' lang='grc' dir='ltr'><strong>ὡς</strong></span> <span class='ocrx_word' id='word_1_119' title='bbox 3622 846 3699 900; x_wconf 82' lang='grc' dir='ltr'>ὅτι</span> 
     </span>
    </p>
   </div>
   <div class='ocr_carea' id='block_1_18' title="bbox 2121 932 3694 1008">
    <p class='ocr_par' dir='ltr' id='par_1_18' title="bbox 2121 932 3694 1008">
     <span class='ocr_line' id='line_1_18' title="bbox 2121 932 3694 1008; baseline -0.003 -18"><span class='ocrx_word' id='word_1_120' title='bbox 2121 937 2413 1006; x_wconf 73' lang='grc' dir='ltr'><strong>ἐνέστηκεν</strong></span> <span class='ocrx_word' id='word_1_121' title='bbox 2437 938 2470 1008; x_wconf 85' lang='grc' dir='ltr'><strong>ή</strong></span> <span class='ocrx_word' id='word_1_122' title='bbox 2497 935 2684 1007; x_wconf 77' lang='grc' dir='ltr'>ἡμέρα</span> <span class='ocrx_word' id='word_1_123' title='bbox 2712 933 2943 1006; x_wconf 79' lang='grc' dir='ltr'><strong>Κυρίου.</strong></span> <span class='ocrx_word' id='word_1_124' title='bbox 2970 936 3062 1005; x_wconf 85' lang='grc' dir='ltr'>Μή</span> <span class='ocrx_word' id='word_1_125' title='bbox 3099 951 3182 997; x_wconf 89' lang='grc' dir='ltr'><strong>τις</strong></span> <span class='ocrx_word' id='word_1_126' title='bbox 3216 933 3368 1004; x_wconf 69' lang='grc' dir='ltr'>ὑμᾶς</span> <span class='ocrx_word' id='word_1_127' title='bbox 3395 932 3694 1006; x_wconf 72' lang='grc' dir='ltr'><strong>ἐξαπατήσῃ</strong></span> 
     </span>
    </p>
   </div>
   <div class='ocr_carea' id='block_1_19' title="bbox 2122 1025 3696 1098">
    <p class='ocr_par' dir='ltr' id='par_1_19' title="bbox 2122 1025 3696 1098">
     <span class='ocr_line' id='line_1_19' title="bbox 2122 1025 3696 1098; baseline -0.001 -17"><span class='ocrx_word' id='word_1_128' title='bbox 2122 1029 2264 1081; x_wconf 86' lang='grc' dir='ltr'><strong>κατά</strong></span> <span class='ocrx_word' id='word_1_129' title='bbox 2291 1026 2498 1098; x_wconf 76' lang='grc' dir='ltr'>μηδένα</span> <span class='ocrx_word' id='word_1_130' title='bbox 2521 1026 2750 1098; x_wconf 82' lang='grc' dir='ltr'><strong>τρόπον,</strong></span> <span class='ocrx_word' id='word_1_131' title='bbox 2803 1028 2888 1079; x_wconf 84' lang='grc' dir='ltr'>ὃτι</span> <span class='ocrx_word' id='word_1_132' title='bbox 2930 1026 3025 1079; x_wconf 81' lang='grc' dir='ltr'><strong>έάν</strong></span> <span class='ocrx_word' id='word_1_133' title='bbox 3063 1026 3136 1096; x_wconf 82' lang='grc' dir='ltr'>μὴ</span> <span class='ocrx_word' id='word_1_134' title='bbox 3168 1025 3304 1096; x_wconf 71' lang='grc' dir='ltr'>ἔλθῃ</span> <span class='ocrx_word' id='word_1_135' title='bbox 3345 1026 3380 1095; x_wconf 88' lang='grc' dir='ltr'><strong>ή</strong></span> <span class='ocrx_word' id='word_1_136' title='bbox 3406 1027 3696 1079; x_wconf 77' lang='grc' dir='ltr'><strong>ἀποστασία</strong></span> 
     </span>
    </p>
   </div>
   <div class='ocr_carea' id='block_1_20' title="bbox 2122 1116 3692 1190">
    <p class='ocr_par' dir='ltr' id='par_1_20' title="bbox 2122 1116 3692 1190">
     <span class='ocr_line' id='line_1_20' title="bbox 2122 1116 3692 1190; baseline -0.002 -17"><span class='ocrx_word' id='word_1_137' title='bbox 2122 1119 2363 1190; x_wconf 78' lang='grc' dir='ltr'>πρῶτον,</span> <span class='ocrx_word' id='word_1_138' title='bbox 2389 1119 2483 1172; x_wconf 77' lang='grc' dir='ltr'>καὶ</span> <span class='ocrx_word' id='word_1_139' title='bbox 2509 1119 2874 1189; x_wconf 78' lang='grc' dir='ltr'>ἀποκαλυφθῇ</span> <span class='ocrx_word' id='word_1_140' title='bbox 2909 1120 2936 1171; x_wconf 99' lang='lat'><strong>6</strong></span> <span class='ocrx_word' id='word_1_141' title='bbox 2967 1117 3064 1171; x_wconf 81' lang='grc' dir='ltr'><strong>ἀνθ</strong></span> <span class='ocrx_word' id='word_1_142' title='bbox 3075 1134 3262 1189; x_wconf 87' lang='grc' dir='ltr'>ρωπος</span> <span class='ocrx_word' id='word_1_143' title='bbox 3288 1116 3392 1185; x_wconf 83' lang='grc' dir='ltr'>τῆς</span> <span class='ocrx_word' id='word_1_144' title='bbox 3420 1117 3692 1187; x_wconf 80' lang='grc' dir='ltr'>ἁμαρτίας,</span> 
     </span>
    </p>
   </div>
   <div class='ocr_carea' id='block_1_21' title="bbox 2118 1207 3697 1279">
    <p class='ocr_par' dir='ltr' id='par_1_21' title="bbox 2118 1207 3697 1279">
     <span class='ocr_line' id='line_1_21' title="bbox 2118 1207 3697 1279; baseline -0.003 -15"><span class='ocrx_word' id='word_1_145' title='bbox 2118 1213 2148 1264; x_wconf 90' lang='lat'><strong>6</strong></span> <span class='ocrx_word' id='word_1_146' title='bbox 2177 1212 2292 1275; x_wconf 85' lang='grc' dir='ltr'>υίὸς</span> <span class='ocrx_word' id='word_1_147' title='bbox 2319 1212 2418 1278; x_wconf 83' lang='grc' dir='ltr'>τῆς</span> <span class='ocrx_word' id='word_1_148' title='bbox 2445 1210 2742 1274; x_wconf 84' lang='grc' dir='ltr'>ἀπωλείας,</span> <span class='ocrx_word' id='word_1_149' title='bbox 2777 1213 2806 1263; x_wconf 94' lang='lat'><strong>6</strong></span> <span class='ocrx_word' id='word_1_150' title='bbox 2840 1209 3223 1279; x_wconf 80' lang='grc' dir='ltr'><strong>ἀντικείμενος</strong></span> <span class='ocrx_word' id='word_1_151' title='bbox 3271 1209 3371 1260; x_wconf 75' lang='grc' dir='ltr'><strong>καὶ</strong></span> <span class='ocrx_word' id='word_1_152' title='bbox 3422 1207 3697 1278; x_wconf 80' lang='grc' dir='ltr'>ὑπεραιρό-</span> 
     </span>
    </p>
   </div>
   <div class='ocr_carea' id='block_1_22' title="bbox 2120 1299 3676 1374">
    <p class='ocr_par' dir='ltr' id='par_1_22' title="bbox 2120 1299 3676 1374">
     <span class='ocr_line' id='line_1_22' title="bbox 2120 1299 3676 1374; baseline -0.002 -17"><span class='ocrx_word' id='word_1_153' title='bbox 2120 1321 2282 1374; x_wconf 84' lang='grc' dir='ltr'>μενος</span> <span class='ocrx_word' id='word_1_154' title='bbox 2311 1305 2405 1356; x_wconf 77' lang='grc' dir='ltr'>ὲπὶ</span> <span class='ocrx_word' id='word_1_155' title='bbox 2430 1304 2608 1357; x_wconf 85' lang='grc' dir='ltr'>πάντα</span> <span class='ocrx_word' id='word_1_156' title='bbox 2635 1303 2929 1372; x_wconf 83' lang='grc' dir='ltr'>λεγόμενον</span> <span class='ocrx_word' id='word_1_157' title='bbox 2960 1301 3127 1368; x_wconf 83' lang='grc' dir='ltr'>Θεὸν,</span> <span class='ocrx_word' id='word_1_158' title='bbox 3167 1301 3202 1372; x_wconf 80' lang='grc' dir='ltr'>ἢ</span> <span class='ocrx_word' id='word_1_159' title='bbox 3236 1299 3512 1369; x_wconf 81' lang='grc' dir='ltr'>σέϐασμα,</span> <span class='ocrx_word' id='word_1_160' title='bbox 3550 1300 3676 1354; x_wconf 80' lang='grc' dir='ltr'>ὥστε</span> 
     </span>
    </p>
   </div>
   <div class='ocr_carea' id='block_1_23' title="bbox 2119 1392 3695 1458">
    <p class='ocr_par' dir='ltr' id='par_1_23' title="bbox 2119 1392 3695 1458">
     <span class='ocr_line' id='line_1_23' title="bbox 2119 1392 3695 1458; baseline -0.001 -9"><span class='ocrx_word' id='word_1_161' title='bbox 2119 1397 2282 1449; x_wconf 72' lang='grc' dir='ltr'>αὐτὸν</span> <span class='ocrx_word' id='word_1_162' title='bbox 2317 1397 2398 1458; x_wconf 89' lang='grc' dir='ltr'>εἰς</span> <span class='ocrx_word' id='word_1_163' title='bbox 2427 1395 2520 1448; x_wconf 81' lang='grc' dir='ltr'><strong>τὸν</strong></span> <span class='ocrx_word' id='word_1_164' title='bbox 2551 1396 2678 1448; x_wconf 88' lang='grc' dir='ltr'>ναὸν</span> <span class='ocrx_word' id='word_1_165' title='bbox 2704 1394 2798 1448; x_wconf 86' lang='grc' dir='ltr'><strong>τοῦ</strong></span> <span class='ocrx_word' id='word_1_166' title='bbox 2834 1393 2971 1447; x_wconf 88' lang='grc' dir='ltr'>Θεοῦ</span> <span class='ocrx_word' id='word_1_167' title='bbox 3000 1393 3250 1455; x_wconf 78' lang='grc' dir='ltr'>καθίσαι,</span> <span class='ocrx_word' id='word_1_168' title='bbox 3293 1392 3695 1448; x_wconf 82' lang='grc' dir='ltr'>ἀποδεικνύοντα</span> 
     </span>
    </p>
   </div>
   <div class='ocr_carea' id='block_1_24' title="bbox 2117 1484 3696 1557">
    <p class='ocr_par' dir='ltr' id='par_1_24' title="bbox 2117 1484 3696 1557">
     <span class='ocr_line' id='line_1_24' title="bbox 2117 1484 3696 1557; baseline -0.001 -15"><span class='ocrx_word' id='word_1_169' title='bbox 2117 1488 2332 1552; x_wconf 81' lang='grc' dir='ltr'>ἑαυτὸν,</span> <span class='ocrx_word' id='word_1_170' title='bbox 2367 1489 2448 1542; x_wconf 88' lang='grc' dir='ltr'><strong>ὅτι</strong></span> <span class='ocrx_word' id='word_1_171' title='bbox 2504 1488 2622 1541; x_wconf 70' lang='grc' dir='ltr'>ἐστὶ</span> <span class='ocrx_word' id='word_1_172' title='bbox 2676 1487 2831 1550; x_wconf 85' lang='grc' dir='ltr'>Θεὸς.</span> <span class='ocrx_word' id='word_1_173' title='bbox 2862 1486 2937 1540; x_wconf 83' lang='grc' dir='ltr'><strong>Οὐ</strong></span> <span class='ocrx_word' id='word_1_174' title='bbox 2983 1485 3371 1557; x_wconf 83' lang='grc' dir='ltr'>μνημονεύετε</span> <span class='ocrx_word' id='word_1_175' title='bbox 3416 1485 3499 1538; x_wconf 80' lang='grc' dir='ltr'>ὅτι</span> <span class='ocrx_word' id='word_1_176' title='bbox 3527 1484 3602 1538; x_wconf 70' lang='grc' dir='ltr'>ἔτι</span> <span class='ocrx_word' id='word_1_177' title='bbox 3631 1487 3696 1540; x_wconf 82' lang='grc' dir='ltr'><strong>ὢν</strong></span> 
     </span>
    </p>
   </div>
   <div class='ocr_carea' id='block_1_25' title="bbox 2119 1574 3692 1651">
    <p class='ocr_par' dir='ltr' id='par_1_25' title="bbox 2119 1574 3692 1651">
     <span class='ocr_line' id='line_1_25' title="bbox 2119 1574 3692 1651; baseline -0.001 -17"><span class='ocrx_word' id='word_1_178' title='bbox 2119 1579 2257 1651; x_wconf 88' lang='grc' dir='ltr'>πρὸς</span> <span class='ocrx_word' id='word_1_179' title='bbox 2291 1581 2458 1650; x_wconf 80' lang='grc' dir='ltr'>ὑμᾶς,</span> <span class='ocrx_word' id='word_1_180' title='bbox 2487 1579 2664 1632; x_wconf 87' lang='grc' dir='ltr'>ταῦτα</span> <span class='ocrx_word' id='word_1_181' title='bbox 2681 1578 2867 1647; x_wconf 77' lang='grc' dir='ltr'>ἔλεγον</span> <span class='ocrx_word' id='word_1_182' title='bbox 2896 1579 3058 1646; x_wconf 81' lang='grc' dir='ltr'><strong>ὑμῖν;</strong></span> <span class='ocrx_word' id='word_1_183' title='bbox 3106 1578 3204 1632; x_wconf 80' lang='grc' dir='ltr'><strong>καὶ</strong></span> <span class='ocrx_word' id='word_1_184' title='bbox 3247 1574 3347 1630; x_wconf 85' lang='grc' dir='ltr'><strong>νῦν</strong></span> <span class='ocrx_word' id='word_1_185' title='bbox 3391 1577 3453 1630; x_wconf 86' lang='grc' dir='ltr'><strong>τὸ</strong></span> <span class='ocrx_word' id='word_1_186' title='bbox 3487 1578 3692 1648; x_wconf 83' lang='grc' dir='ltr'>κατέχον</span> 
     </span>
    </p>
   </div>
   <div class='ocr_carea' id='block_1_26' title="bbox 429 1303 2015 1378">
    <p class='ocr_par' dir='ltr' id='par_1_26' title="bbox 429 1303 2015 1378">
     <span class='ocr_line' id='line_1_26' title="bbox 429 1303 2015 1378; baseline -0.003 -18"><span class='ocrx_word' id='word_1_187' title='bbox 429 1310 562 1363; x_wconf 90' lang='lat' dir='ltr'><strong>litur</strong></span> <span class='ocrx_word' id='word_1_188' title='bbox 597 1323 765 1378; x_wconf 84' lang='lat' dir='ltr'><strong>supra</strong></span> <span class='ocrx_word' id='word_1_189' title='bbox 804 1325 966 1364; x_wconf 89' lang='lat' dir='ltr'><strong>omne</strong></span> <span class='ocrx_word' id='word_1_190' title='bbox 1007 1308 1153 1378; x_wconf 89' lang='lat' dir='ltr'><strong>quod</strong></span> <span class='ocrx_word' id='word_1_191' title='bbox 1193 1308 1398 1362; x_wconf 87' lang='lat' dir='ltr'><strong>dicitur</strong></span> <span class='ocrx_word' id='word_1_192' title='bbox 1461 1304 1626 1372; x_wconf 89' lang='lat' dir='ltr'><strong>Deus,</strong></span> <span class='ocrx_word' id='word_1_193' title='bbox 1668 1313 1764 1359; x_wconf 90' lang='lat' dir='ltr'><strong>aut</strong></span> <span class='ocrx_word' id='word_1_194' title='bbox 1793 1303 2015 1366; x_wconf 85' lang='lat' dir='ltr'><strong>colitur,</strong></span> 
     </span>
    </p>
   </div>
   <div class='ocr_carea' id='block_1_27' title="bbox 429 1394 2014 1470">
    <p class='ocr_par' dir='ltr' id='par_1_27' title="bbox 429 1394 2014 1470">
     <span class='ocr_line' id='line_1_27' title="bbox 429 1394 2014 1470; baseline -0.004 -17"><span class='ocrx_word' id='word_1_195' title='bbox 429 1403 502 1454; x_wconf 89' lang='lat' dir='ltr'><strong>ita</strong></span> <span class='ocrx_word' id='word_1_196' title='bbox 561 1407 620 1454; x_wconf 86' lang='lat' dir='ltr'><strong>ut</strong></span> <span class='ocrx_word' id='word_1_197' title='bbox 675 1400 729 1454; x_wconf 90' lang='lat' dir='ltr'><strong>in</strong></span> <span class='ocrx_word' id='word_1_198' title='bbox 784 1401 988 1470; x_wconf 83' lang='lat' dir='ltr'><strong>templo</strong></span> <span class='ocrx_word' id='word_1_199' title='bbox 1049 1399 1141 1455; x_wconf 92' lang='lat' dir='ltr'><strong>Dei</strong></span> <span class='ocrx_word' id='word_1_200' title='bbox 1180 1399 1392 1463; x_wconf 84' lang='lat' dir='ltr'><strong>sedeat,</strong></span> <span class='ocrx_word' id='word_1_201' title='bbox 1436 1398 1734 1454; x_wconf 88' lang='lat' dir='ltr'><strong>ostendens</strong></span> <span class='ocrx_word' id='word_1_202' title='bbox 1773 1394 2014 1462; x_wconf 88' lang='lat' dir='ltr'><strong>seipsum</strong></span> 
     </span>
    </p>
   </div>
   <div class='ocr_carea' id='block_1_28' title="bbox 429 1484 2015 1560">
    <p class='ocr_par' dir='ltr' id='par_1_28' title="bbox 429 1484 2015 1560">
     <span class='ocr_line' id='line_1_28' title="bbox 429 1484 2015 1560; baseline -0.004 -17"><span class='ocrx_word' id='word_1_203' title='bbox 429 1497 690 1560; x_wconf 83' lang='lat' dir='ltr'><strong>tanquam</strong></span> <span class='ocrx_word' id='word_1_204' title='bbox 721 1490 794 1545; x_wconf 89' lang='lat' dir='ltr'><strong>sit</strong></span> <span class='ocrx_word' id='word_1_205' title='bbox 829 1489 995 1545; x_wconf 87' lang='lat' dir='ltr'><strong>Deus.</strong></span> <span class='ocrx_word' id='word_1_206' title='bbox 1030 1489 1145 1544; x_wconf 87' lang='lat' dir='ltr'><strong>Non</strong></span> <span class='ocrx_word' id='word_1_207' title='bbox 1183 1490 1457 1551; x_wconf 88' lang='lat' dir='ltr'><strong>retinetis,</strong></span> <span class='ocrx_word' id='word_1_208' title='bbox 1493 1488 1637 1557; x_wconf 86' lang='lat' dir='ltr'><strong>quod</strong></span> <span class='ocrx_word' id='word_1_209' title='bbox 1672 1501 1802 1540; x_wconf 85' lang='lat' dir='ltr'><strong>cum</strong></span> <span class='ocrx_word' id='word_1_210' title='bbox 1836 1484 2015 1539; x_wconf 89' lang='lat' dir='ltr'><strong>adhuc</strong></span> 
     </span>
    </p>
   </div>
   <div class='ocr_carea' id='block_1_29' title="bbox 425 1574 3686 1666">
    <p class='ocr_par' dir='ltr' id='par_1_29' title="bbox 425 1574 3686 1666">
     <span class='ocr_line' id='line_1_29' title="bbox 425 1574 3686 1666; baseline -0.001 -32"><span class='ocrx_word' id='word_1_211' title='bbox 425 1596 605 1634; x_wconf 89' lang='lat' dir='ltr'><strong>essem</strong></span> <span class='ocrx_word' id='word_1_212' title='bbox 637 1581 946 1646; x_wconf 83' lang='lat' dir='ltr'><strong>vobiscum,</strong></span> <span class='ocrx_word' id='word_1_213' title='bbox 981 1581 1093 1636; x_wconf 58' lang='lat' dir='ltr'><strong>haec</strong></span> <span class='ocrx_word' id='word_1_214' title='bbox 1121 1581 1370 1635; x_wconf 86' lang='lat' dir='ltr'><strong>dicebam</strong></span> <span class='ocrx_word' id='word_1_215' title='bbox 1402 1579 1598 1634; x_wconf 81' lang='lat' dir='ltr'><strong>vobis?</strong></span> <span class='ocrx_word' id='word_1_216' title='bbox 1628 1585 1682 1632; x_wconf 88' lang='lat' dir='ltr'><strong>et</strong></span> <span class='ocrx_word' id='word_1_217' title='bbox 1705 1591 1853 1631; x_wconf 91' lang='lat' dir='ltr'><strong>nunc</strong></span> <span class='ocrx_word' id='word_1_218' title='bbox 1881 1574 2012 1645; x_wconf 92' lang='lat' dir='ltr'><strong>quid</strong></span> <span class='ocrx_word' id='word_1_219' title='bbox 2119 1579 2257 1651; x_wconf 85' lang='grc' dir='ltr'>πρὸς</span> <span class='ocrx_word' id='word_1_220' title='bbox 2291 1581 2458 1650; x_wconf 80' lang='grc' dir='ltr'>ὑμᾶς,</span> <span class='ocrx_word' id='word_1_221' title='bbox 2487 1579 2664 1632; x_wconf 86' lang='grc' dir='ltr'>ταῦτα</span> <span class='ocrx_word' id='word_1_222' title='bbox 2681 1578 2867 1647; x_wconf 77' lang='grc' dir='ltr'>ἔλεγον</span> <span class='ocrx_word' id='word_1_223' title='bbox 2896 1579 3058 1646; x_wconf 81' lang='grc' dir='ltr'><strong>ὑμῖν;</strong></span> <span class='ocrx_word' id='word_1_224' title='bbox 3106 1578 3204 1632; x_wconf 81' lang='grc' dir='ltr'><strong>καὶ</strong></span> <span class='ocrx_word' id='word_1_225' title='bbox 3247 1574 3347 1630; x_wconf 80' lang='grc' dir='ltr'><strong>νῦν</strong></span> <span class='ocrx_word' id='word_1_226' title='bbox 3391 1577 3453 1630; x_wconf 81' lang='grc' dir='ltr'><strong>τὸ</strong></span> <span class='ocrx_word' id='word_1_227' title='bbox 3487 1578 3686 1666; x_wconf 66' lang='grc' dir='ltr'>κατέχον</span> 
     </span>
    </p>
   </div>
   <div class='ocr_carea' id='block_1_30' title="bbox 427 1664 2021 1741">
    <p class='ocr_par' dir='ltr' id='par_1_30' title="bbox 427 1664 2011 1738">
     <span class='ocr_line' id='line_1_30' title="bbox 427 1664 2011 1738; baseline -0.001 -16"><span class='ocrx_word' id='word_1_228' title='bbox 427 1669 692 1733; x_wconf 75' lang='lat' dir='ltr'><strong>detineat,</strong></span> <span class='ocrx_word' id='word_1_229' title='bbox 719 1670 897 1735; x_wconf 87' lang='lat' dir='ltr'><strong>scitis,</strong></span> <span class='ocrx_word' id='word_1_230' title='bbox 933 1679 990 1724; x_wconf 95' lang='lat' dir='ltr'><strong>ut</strong></span> <span class='ocrx_word' id='word_1_231' title='bbox 1025 1670 1296 1725; x_wconf 88' lang='lat' dir='ltr'><strong>reveletur</strong></span> <span class='ocrx_word' id='word_1_232' title='bbox 1319 1670 1372 1724; x_wconf 91' lang='lat' dir='ltr'><strong>in</strong></span> <span class='ocrx_word' id='word_1_233' title='bbox 1411 1677 1656 1738; x_wconf 89' lang='lat' dir='ltr'><strong>tempore</strong></span> <span class='ocrx_word' id='word_1_234' title='bbox 1697 1682 1819 1724; x_wconf 90' lang='lat' dir='ltr'><strong>suo.</strong></span> <span class='ocrx_word' id='word_1_235' title='bbox 1875 1664 2011 1720; x_wconf 81' lang='lat' dir='ltr'><strong>Nam</strong></span> 
     </span>
    </p>
   </div>
   <div class='ocr_carea' id='block_1_31' title="bbox 2126 1664 3694 1741">
    <p class='ocr_par' dir='ltr' id='par_1_31' title="bbox 2126 1664 3694 1741">
     <span class='ocr_line' id='line_1_31' title="bbox 2126 1664 3694 1741; baseline -0.001 -14"><span class='ocrx_word' id='word_1_236' title='bbox 2126 1674 2315 1736; x_wconf 71' lang='grc' dir='ltr'>οῐδατε,</span> <span class='ocrx_word' id='word_1_237' title='bbox 2381 1674 2463 1735; x_wconf 84' lang='grc' dir='ltr'><strong>είς</strong></span> <span class='ocrx_word' id='word_1_238' title='bbox 2513 1672 2575 1725; x_wconf 87' lang='grc' dir='ltr'><strong>τὸ</strong></span> <span class='ocrx_word' id='word_1_239' title='bbox 2612 1671 3070 1741; x_wconf 83' lang='grc' dir='ltr'>ἀποκαλυφθῆναι</span> <span class='ocrx_word' id='word_1_240' title='bbox 3135 1669 3306 1724; x_wconf 84' lang='grc' dir='ltr'>αὑτὸν</span> <span class='ocrx_word' id='word_1_241' title='bbox 3338 1669 3396 1721; x_wconf 72' lang='grc' dir='ltr'><strong>ἐν</strong></span> <span class='ocrx_word' id='word_1_242' title='bbox 3433 1667 3512 1740; x_wconf 81' lang='grc' dir='ltr'>τῷ</span> <span class='ocrx_word' id='word_1_243' title='bbox 3548 1664 3694 1725; x_wconf 80' lang='grc' dir='ltr'><strong>αὑτοῦ</strong></span> 
     </span>
    </p>
   </div>
   <div class='ocr_carea' id='block_1_32' title="bbox 429 1755 2021 1836">
    <p class='ocr_par' dir='ltr' id='par_1_32' title="bbox 429 1755 2011 1829">
     <span class='ocr_line' id='line_1_32' title="bbox 429 1755 2011 1829; baseline 0.001 -19"><span class='ocrx_word' id='word_1_244' title='bbox 429 1759 751 1828; x_wconf 82' lang='lat' dir='ltr'><strong>mysterium</strong></span> <span class='ocrx_word' id='word_1_245' title='bbox 774 1759 887 1828; x_wconf 85' lang='lat' dir='ltr'><strong>jam</strong></span> <span class='ocrx_word' id='word_1_246' title='bbox 915 1768 1177 1829; x_wconf 84' lang='lat' dir='ltr'><strong>operatur</strong></span> <span class='ocrx_word' id='word_1_247' title='bbox 1203 1759 1511 1828; x_wconf 87' lang='lat' dir='ltr'><strong>iniquitatis</strong></span> <span class='ocrx_word' id='word_1_248' title='bbox 1537 1776 1551 1813; x_wconf 90' lang='lat'><strong>:</strong></span> <span class='ocrx_word' id='word_1_249' title='bbox 1587 1765 1800 1812; x_wconf 89' lang='lat' dir='ltr'><strong>tantum</strong></span> <span class='ocrx_word' id='word_1_250' title='bbox 1831 1766 1890 1811; x_wconf 88' lang='lat' dir='ltr'><strong>ut</strong></span> <span class='ocrx_word' id='word_1_251' title='bbox 1916 1755 2011 1826; x_wconf 91' lang='lat' dir='ltr'><strong>qui</strong></span> 
     </span>
    </p>
   </div>
   <div class='ocr_carea' id='block_1_33' title="bbox 2126 1755 3694 1836">
    <p class='ocr_par' dir='ltr' id='par_1_33' title="bbox 2126 1759 3694 1836">
     <span class='ocr_line' id='line_1_33' title="bbox 2126 1759 3694 1836; baseline -0.002 -18"><span class='ocrx_word' id='word_1_252' title='bbox 2126 1765 2302 1836; x_wconf 82' lang='grc' dir='ltr'>καιρῷ</span> <span class='ocrx_word' id='word_1_253' title='bbox 2368 1759 2443 1818; x_wconf 84' lang='grc' dir='ltr'>Τὸ</span> <span class='ocrx_word' id='word_1_254' title='bbox 2485 1765 2596 1836; x_wconf 80' lang='grc' dir='ltr'>γὰρ</span> <span class='ocrx_word' id='word_1_255' title='bbox 2631 1765 2930 1835; x_wconf 86' lang='grc' dir='ltr'>μυστήριον</span> <span class='ocrx_word' id='word_1_256' title='bbox 2973 1762 3073 1834; x_wconf 77' lang='grc' dir='ltr'><strong>ήδη</strong></span> <span class='ocrx_word' id='word_1_257' title='bbox 3120 1762 3435 1831; x_wconf 75' lang='grc' dir='ltr'>ἐνεργεῖται</span> <span class='ocrx_word' id='word_1_258' title='bbox 3473 1760 3569 1829; x_wconf 77' lang='grc' dir='ltr'><strong>τῆς</strong></span> <span class='ocrx_word' id='word_1_259' title='bbox 3589 1763 3694 1815; x_wconf 83' lang='grc' dir='ltr'>ἀνο-</span> 
     </span>
    </p>
   </div>
   <div class='ocr_carea' id='block_1_34' title="bbox 429 1850 2021 1928">
    <p class='ocr_par' dir='ltr' id='par_1_34' title="bbox 429 1850 2020 1917">
     <span class='ocr_line' id='line_1_34' title="bbox 429 1850 2020 1917; baseline -0.001 -14"><span class='ocrx_word' id='word_1_260' title='bbox 429 1861 574 1906; x_wconf 84' lang='lat' dir='ltr'><strong>tenet</strong></span> <span class='ocrx_word' id='word_1_261' title='bbox 601 1867 770 1917; x_wconf 90' lang='lat' dir='ltr'><strong>nunc,</strong></span> <span class='ocrx_word' id='word_1_262' title='bbox 790 1851 965 1906; x_wconf 89' lang='lat' dir='ltr'><strong>donec</strong></span> <span class='ocrx_word' id='word_1_263' title='bbox 997 1852 1065 1906; x_wconf 90' lang='lat' dir='ltr'><strong>de</strong></span> <span class='ocrx_word' id='word_1_264' title='bbox 1093 1851 1274 1906; x_wconf 86' lang='lat' dir='ltr'><strong>medio</strong></span> <span class='ocrx_word' id='word_1_265' title='bbox 1297 1851 1409 1908; x_wconf 88' lang='lat' dir='ltr'><strong>(lat.</strong></span> <span class='ocrx_word' id='word_1_266' title='bbox 1438 1851 1500 1905; x_wconf 88' lang='lat' dir='ltr'><strong>Et</strong></span> <span class='ocrx_word' id='word_1_267' title='bbox 1527 1859 1659 1906; x_wconf 88' lang='lat' dir='ltr'><strong>tunc</strong></span> <span class='ocrx_word' id='word_1_268' title='bbox 1689 1850 2020 1906; x_wconf 86' lang='lat' dir='ltr'><strong>revelabitur</strong></span> 
     </span>
    </p>
   </div>
   <div class='ocr_carea' id='block_1_35' title="bbox 2126 1850 3690 1928">
    <p class='ocr_par' dir='ltr' id='par_1_35' title="bbox 2132 1854 3690 1928">
     <span class='ocr_line' id='line_1_35' title="bbox 2132 1854 3690 1928; baseline -0.003 -17"><span class='ocrx_word' id='word_1_269' title='bbox 2132 1857 2264 1924; x_wconf 83' lang='grc' dir='ltr'>μίας</span> <span class='ocrx_word' id='word_1_270' title='bbox 2289 1876 2301 1890; x_wconf 69' lang='grc' dir='ltr'><strong>ι</strong></span> <span class='ocrx_word' id='word_1_271' title='bbox 2331 1858 2492 1928; x_wconf 87' lang='grc' dir='ltr'>μόνον</span> <span class='ocrx_word' id='word_1_272' title='bbox 2516 1860 2544 1912; x_wconf 90' lang='lat'><strong>6</strong></span> <span class='ocrx_word' id='word_1_273' title='bbox 2575 1857 2824 1926; x_wconf 81' lang='grc' dir='ltr'><strong>κατέχων</strong></span> <span class='ocrx_word' id='word_1_274' title='bbox 2855 1856 2982 1926; x_wconf 79' lang='grc' dir='ltr'>ἄρτι</span> <span class='ocrx_word' id='word_1_275' title='bbox 3016 1855 3121 1919; x_wconf 74' lang='grc' dir='ltr'>ἕως</span> <span class='ocrx_word' id='word_1_276' title='bbox 3151 1855 3220 1907; x_wconf 81' lang='grc' dir='ltr'>ὲκ</span> <span class='ocrx_word' id='word_1_277' title='bbox 3248 1854 3422 1924; x_wconf 82' lang='grc' dir='ltr'>μέσου</span> <span class='ocrx_word' id='word_1_278' title='bbox 3451 1854 3690 1924; x_wconf 86' lang='grc' dir='ltr'>γένηται·</span> 
     </span>
    </p>
   </div>
   <div class='ocr_carea' id='block_1_36' title="bbox 429 1940 2021 2018">
    <p class='ocr_par' dir='ltr' id='par_1_36' title="bbox 429 1940 2021 2012">
     <span class='ocr_line' id='line_1_36' title="bbox 429 1940 2021 2012; baseline 0.001 -19"><span class='ocrx_word' id='word_1_279' title='bbox 429 1940 519 1994; x_wconf 92' lang='lat' dir='ltr'><strong>ille</strong></span> <span class='ocrx_word' id='word_1_280' title='bbox 537 1941 782 2011; x_wconf 89' lang='lat' dir='ltr'><strong>iniquus,</strong></span> <span class='ocrx_word' id='word_1_281' title='bbox 802 1957 963 2012; x_wconf 90' lang='lat' dir='ltr'><strong>quem</strong></span> <span class='ocrx_word' id='word_1_282' title='bbox 992 1940 1254 1997; x_wconf 87' lang='lat' dir='ltr'><strong>Dominus</strong></span> <span class='ocrx_word' id='word_1_283' title='bbox 1270 1941 1433 1996; x_wconf 83' lang='lat' dir='ltr'><strong>Jesus</strong></span> <span class='ocrx_word' id='word_1_284' title='bbox 1449 1941 1706 1996; x_wconf 83' lang='lat' dir='ltr'><strong>Christus</strong></span> <span class='ocrx_word' id='word_1_285' title='bbox 1734 1940 2021 1995; x_wconf 81' lang='lat' dir='ltr'><strong>interﬁciet</strong></span> 
     </span>
    </p>
   </div>
   <div class='ocr_carea' id='block_1_37' title="bbox 2126 1940 3692 2018">
    <p class='ocr_par' dir='ltr' id='par_1_37' title="bbox 2128 1943 3692 2018">
     <span class='ocr_line' id='line_1_37' title="bbox 2128 1943 3692 2018; baseline -0.004 -14"><span class='ocrx_word' id='word_1_286' title='bbox 2128 1951 2226 2004; x_wconf 71' lang='grc' dir='ltr'><strong>καὶ</strong></span> <span class='ocrx_word' id='word_1_287' title='bbox 2255 1949 2377 2004; x_wconf 81' lang='grc' dir='ltr'>τότε</span> <span class='ocrx_word' id='word_1_288' title='bbox 2408 1947 2930 2018; x_wconf 82' lang='grc' dir='ltr'>ἀποκαλυφθήσεται</span> <span class='ocrx_word' id='word_1_289' title='bbox 2982 1947 3011 1998; x_wconf 89' lang='lat'><strong>6</strong></span> <span class='ocrx_word' id='word_1_290' title='bbox 3075 1945 3308 2015; x_wconf 80' lang='grc' dir='ltr'>ἄνομος,</span> <span class='ocrx_word' id='word_1_291' title='bbox 3357 1943 3416 1998; x_wconf 81' lang='grc' dir='ltr'>ὃν</span> <span class='ocrx_word' id='word_1_292' title='bbox 3449 1945 3477 1996; x_wconf 92' lang='lat'><strong>6</strong></span> <span class='ocrx_word' id='word_1_293' title='bbox 3515 1946 3692 2016; x_wconf 83' lang='grc' dir='ltr'>Κύριος</span> 
     </span>
    </p>
   </div>
   <div class='ocr_carea' id='block_1_38' title="bbox 427 2031 2021 2110">
    <p class='ocr_par' dir='ltr' id='par_1_38' title="bbox 427 2031 2021 2098">
     <span class='ocr_line' id='line_1_38' title="bbox 427 2031 2021 2098; baseline 0.003 -14"><span class='ocrx_word' id='word_1_294' title='bbox 427 2032 623 2098; x_wconf 84' lang='lat' dir='ltr'><strong>spiritu</strong></span> <span class='ocrx_word' id='word_1_295' title='bbox 655 2031 772 2088; x_wconf 86' lang='lat' dir='ltr'><strong>oris</strong></span> <span class='ocrx_word' id='word_1_296' title='bbox 799 2033 908 2097; x_wconf 89' lang='lat' dir='ltr'><strong>sui,</strong></span> <span class='ocrx_word' id='word_1_297' title='bbox 956 2041 1012 2088; x_wconf 89' lang='lat' dir='ltr'><strong>et</strong></span> <span class='ocrx_word' id='word_1_298' title='bbox 1049 2033 1301 2090; x_wconf 86' lang='lat' dir='ltr'><strong>destruet</strong></span> <span class='ocrx_word' id='word_1_299' title='bbox 1343 2033 1717 2088; x_wconf 87' lang='lat' dir='ltr'><strong>illustratione</strong></span> <span class='ocrx_word' id='word_1_300' title='bbox 1751 2031 2021 2088; x_wconf 84' lang='lat' dir='ltr'><strong>adventus</strong></span> 
     </span>
    </p>
   </div>
   <div class='ocr_carea' id='block_1_39' title="bbox 2126 2031 3692 2110">
    <p class='ocr_par' dir='ltr' id='par_1_39' title="bbox 2140 2035 3692 2110">
     <span class='ocr_line' id='line_1_39' title="bbox 2140 2035 3692 2110; baseline -0.002 -17"><span class='ocrx_word' id='word_1_301' title='bbox 2140 2040 2349 2110; x_wconf 87' lang='grc' dir='ltr'>Ἰησοῦς</span> <span class='ocrx_word' id='word_1_302' title='bbox 2377 2040 2611 2109; x_wconf 83' lang='grc' dir='ltr'>Χριστὸς</span> <span class='ocrx_word' id='word_1_303' title='bbox 2647 2039 2829 2093; x_wconf 80' lang='grc' dir='ltr'>ἀνελεῖ</span> <span class='ocrx_word' id='word_1_304' title='bbox 2875 2038 2955 2109; x_wconf 82' lang='grc' dir='ltr'>τῷ</span> <span class='ocrx_word' id='word_1_305' title='bbox 2991 2037 3270 2107; x_wconf 84' lang='grc' dir='ltr'>πνεύματι</span> <span class='ocrx_word' id='word_1_306' title='bbox 3301 2035 3400 2088; x_wconf 84' lang='grc' dir='ltr'><strong>τοῦ</strong></span> <span class='ocrx_word' id='word_1_307' title='bbox 3449 2036 3692 2105; x_wconf 83' lang='grc' dir='ltr'>στόματος</span> 
     </span>
    </p>
   </div>
   <div class='ocr_carea' id='block_1_40' title="bbox 427 2121 2021 2204">
    <p class='ocr_par' dir='ltr' id='par_1_40' title="bbox 427 2121 2021 2194">
     <span class='ocr_line' id='line_1_40' title="bbox 427 2121 2021 2194; baseline 0.003 -20"><span class='ocrx_word' id='word_1_308' title='bbox 427 2121 512 2175; x_wconf 91' lang='lat' dir='ltr'><strong>sui</strong></span> <span class='ocrx_word' id='word_1_309' title='bbox 543 2137 670 2176; x_wconf 90' lang='lat' dir='ltr'><strong>eum</strong></span> <span class='ocrx_word' id='word_1_310' title='bbox 702 2123 863 2192; x_wconf 87' lang='lat' dir='ltr'><strong>cujus</strong></span> <span class='ocrx_word' id='word_1_311' title='bbox 895 2132 980 2180; x_wconf 86' lang='lat' dir='ltr'><strong>est</strong></span> <span class='ocrx_word' id='word_1_312' title='bbox 1011 2124 1281 2180; x_wconf 87' lang='lat' dir='ltr'><strong>adventus</strong></span> <span class='ocrx_word' id='word_1_313' title='bbox 1308 2124 1612 2180; x_wconf 89' lang='lat' dir='ltr'><strong>secundum</strong></span> <span class='ocrx_word' id='word_1_314' title='bbox 1646 2124 2021 2194; x_wconf 87' lang='lat' dir='ltr'><strong>operationem</strong></span> 
     </span>
    </p>
   </div>
   <div class='ocr_carea' id='block_1_41' title="bbox 2126 2121 3689 2204">
    <p class='ocr_par' dir='ltr' id='par_1_41' title="bbox 2127 2127 3689 2204">
     <span class='ocr_line' id='line_1_41' title="bbox 2127 2127 3689 2204; baseline -0.003 -18"><span class='ocrx_word' id='word_1_315' title='bbox 2127 2132 2317 2199; x_wconf 79' lang='grc' dir='ltr'>αὑτοῦ,</span> <span class='ocrx_word' id='word_1_316' title='bbox 2349 2133 2442 2185; x_wconf 60' lang='grc' dir='ltr'><strong>καὶ⁵</strong></span> <span class='ocrx_word' id='word_1_317' title='bbox 2477 2133 2817 2204; x_wconf 82' lang='grc' dir='ltr'>καταργήσει</span> <span class='ocrx_word' id='word_1_318' title='bbox 2847 2133 2915 2201; x_wconf 76' lang='grc' dir='ltr'>τῇ</span> <span class='ocrx_word' id='word_1_319' title='bbox 2950 2129 3050 2202; x_wconf 78' lang='grc' dir='ltr'><strong>τήν</strong></span> <span class='ocrx_word' id='word_1_320' title='bbox 3078 2127 3382 2198; x_wconf 66' lang='grc' dir='ltr'>ἐπιφάνεια</span> <span class='ocrx_word' id='word_1_321' title='bbox 3434 2128 3532 2197; x_wconf 81' lang='grc' dir='ltr'>τῆς</span> <span class='ocrx_word' id='word_1_322' title='bbox 3566 2147 3689 2199; x_wconf 82' lang='grc' dir='ltr'>παρ·</span> 
     </span>
    </p>
   </div>
   <div class='ocr_carea' id='block_1_42' title="bbox 428 2210 2021 2291">
    <p class='ocr_par' dir='ltr' id='par_1_42' title="bbox 428 2210 2021 2285">
     <span class='ocr_line' id='line_1_42' title="bbox 428 2210 2021 2285; baseline 0.005 -23"><span class='ocrx_word' id='word_1_323' title='bbox 428 2210 670 2275; x_wconf 60' lang='lat' dir='ltr'><strong>Satanae,</strong></span> <span class='ocrx_word' id='word_1_324' title='bbox 717 2214 773 2267; x_wconf 93' lang='lat' dir='ltr'><strong>in</strong></span> <span class='ocrx_word' id='word_1_325' title='bbox 818 2215 968 2269; x_wconf 90' lang='lat' dir='ltr'><strong>omni</strong></span> <span class='ocrx_word' id='word_1_326' title='bbox 1007 2215 1233 2277; x_wconf 81' lang='lat' dir='ltr'><strong>virtute,</strong></span> <span class='ocrx_word' id='word_1_327' title='bbox 1278 2226 1334 2268; x_wconf 91' lang='lat' dir='ltr'><strong>et</strong></span> <span class='ocrx_word' id='word_1_328' title='bbox 1389 2215 1592 2284; x_wconf 77' lang='lat' dir='ltr'><strong>signis,</strong></span> <span class='ocrx_word' id='word_1_329' title='bbox 1641 2226 1695 2270; x_wconf 92' lang='lat' dir='ltr'><strong>et</strong></span> <span class='ocrx_word' id='word_1_330' title='bbox 1760 2213 2021 2285; x_wconf 80' lang='lat' dir='ltr'><strong>prodigiis</strong></span> 
     </span>
    </p>
   </div>
   <div class='ocr_carea' id='block_1_43' title="bbox 2126 2210 3691 2291">
    <p class='ocr_par' dir='ltr' id='par_1_43' title="bbox 2126 2215 3691 2291">
     <span class='ocr_line' id='line_1_43' title="bbox 2126 2215 3691 2291; baseline -0.003 -15"><span class='ocrx_word' id='word_1_331' title='bbox 2126 2224 2313 2286; x_wconf 88' lang='grc' dir='ltr'>ουσίας</span> <span class='ocrx_word' id='word_1_332' title='bbox 2342 2221 2544 2275; x_wconf 72' lang='grc' dir='ltr'>αὑτοῦσ</span> <span class='ocrx_word' id='word_1_333' title='bbox 2603 2215 2664 2276; x_wconf 74' lang='grc' dir='ltr'><strong>οὗ</strong></span> <span class='ocrx_word' id='word_1_334' title='bbox 2712 2223 2861 2274; x_wconf 79' lang='grc' dir='ltr'>ἐστιν</span> <span class='ocrx_word' id='word_1_335' title='bbox 2889 2223 2922 2291; x_wconf 86' lang='grc' dir='ltr'><strong>ή</strong></span> <span class='ocrx_word' id='word_1_336' title='bbox 2953 2220 3236 2290; x_wconf 80' lang='grc' dir='ltr'>παρουσία</span> <span class='ocrx_word' id='word_1_337' title='bbox 3282 2219 3407 2272; x_wconf 83' lang='grc' dir='ltr'>κατ’</span> <span class='ocrx_word' id='word_1_338' title='bbox 3437 2221 3691 2290; x_wconf 77' lang='grc' dir='ltr'>ἐνέργειαν</span> 
     </span>
    </p>
   </div>
   <div class='ocr_carea' id='block_1_44' title="bbox 427 2303 2021 2383">
    <p class='ocr_par' dir='ltr' id='par_1_44' title="bbox 427 2303 2021 2376">
     <span class='ocr_line' id='line_1_44' title="bbox 427 2303 2021 2376; baseline 0.002 -19"><span class='ocrx_word' id='word_1_339' title='bbox 427 2303 809 2368; x_wconf 85' lang='lat' dir='ltr'><strong>mendacibus,</strong></span> <span class='ocrx_word' id='word_1_340' title='bbox 833 2312 888 2360; x_wconf 92' lang='lat' dir='ltr'><strong>et</strong></span> <span class='ocrx_word' id='word_1_341' title='bbox 925 2304 981 2360; x_wconf 89' lang='lat' dir='ltr'><strong>in</strong></span> <span class='ocrx_word' id='word_1_342' title='bbox 1025 2307 1174 2360; x_wconf 93' lang='lat' dir='ltr'><strong>omni</strong></span> <span class='ocrx_word' id='word_1_343' title='bbox 1207 2305 1532 2361; x_wconf 88' lang='lat' dir='ltr'><strong>seductione</strong></span> <span class='ocrx_word' id='word_1_344' title='bbox 1587 2304 1901 2376; x_wconf 84' lang='lat' dir='ltr'><strong>iniquitatis</strong></span> <span class='ocrx_word' id='word_1_345' title='bbox 1953 2305 2021 2360; x_wconf 90' lang='lat' dir='ltr'><strong>iis</strong></span> 
     </span>
    </p>
   </div>
   <div class='ocr_carea' id='block_1_45' title="bbox 2126 2303 3689 2383">
    <p class='ocr_par' dir='ltr' id='par_1_45' title="bbox 2126 2310 3689 2383">
     <span class='ocr_line' id='line_1_45' title="bbox 2126 2310 3689 2383; baseline -0.001 -16"><span class='ocrx_word' id='word_1_346' title='bbox 2126 2315 2218 2367; x_wconf 89' lang='grc' dir='ltr'><strong>τοῦ</strong></span> <span class='ocrx_word' id='word_1_347' title='bbox 2242 2315 2479 2378; x_wconf 82' lang='grc' dir='ltr'>Σατανᾶ,</span> <span class='ocrx_word' id='word_1_348' title='bbox 2540 2315 2598 2366; x_wconf 77' lang='grc' dir='ltr'>ὲν</span> <span class='ocrx_word' id='word_1_349' title='bbox 2663 2313 2821 2383; x_wconf 72' lang='grc' dir='ltr'>πάσῃ.</span> <span class='ocrx_word' id='word_1_350' title='bbox 2856 2313 3086 2381; x_wconf 81' lang='grc' dir='ltr'>δυνάμει</span> <span class='ocrx_word' id='word_1_351' title='bbox 3143 2314 3246 2365; x_wconf 78' lang='grc' dir='ltr'><strong>καὶ</strong></span> <span class='ocrx_word' id='word_1_352' title='bbox 3297 2310 3564 2382; x_wconf 85' lang='grc' dir='ltr'>σημείοις,</span> <span class='ocrx_word' id='word_1_353' title='bbox 3610 2315 3689 2366; x_wconf 79' lang='grc' dir='ltr'>καὶ</span> 
     </span>
    </p>
   </div>
   <div class='ocr_carea' id='block_1_46' title="bbox 424 2395 2021 2477">
    <p class='ocr_par' dir='ltr' id='par_1_46' title="bbox 424 2395 2021 2465">
     <span class='ocr_line' id='line_1_46' title="bbox 424 2395 2021 2465; baseline 0.003 -19"><span class='ocrx_word' id='word_1_354' title='bbox 424 2395 518 2460; x_wconf 83' lang='lat' dir='ltr'><strong>qui</strong></span> <span class='ocrx_word' id='word_1_355' title='bbox 554 2402 787 2463; x_wconf 89' lang='lat' dir='ltr'><strong>pereunt</strong></span> <span class='ocrx_word' id='word_1_356' title='bbox 815 2413 829 2449; x_wconf 88' lang='lat'><strong>:</strong></span> <span class='ocrx_word' id='word_1_357' title='bbox 862 2409 928 2449; x_wconf 88' lang='lat' dir='ltr'><strong>eo</strong></span> <span class='ocrx_word' id='word_1_358' title='bbox 954 2397 1098 2465; x_wconf 87' lang='lat' dir='ltr'><strong>quod</strong></span> <span class='ocrx_word' id='word_1_359' title='bbox 1128 2396 1438 2451; x_wconf 88' lang='lat' dir='ltr'><strong>claritatem</strong></span> <span class='ocrx_word' id='word_1_360' title='bbox 1458 2397 1699 2452; x_wconf 88' lang='lat' dir='ltr'><strong>veritatis</strong></span> <span class='ocrx_word' id='word_1_361' title='bbox 1723 2412 1832 2452; x_wconf 92' lang='lat' dir='ltr'><strong>non</strong></span> <span class='ocrx_word' id='word_1_362' title='bbox 1867 2411 2021 2451; x_wconf 87' lang='lat' dir='ltr'><strong>rece-</strong></span> 
     </span>
    </p>
   </div>
   <div class='ocr_carea' id='block_1_47' title="bbox 2126 2395 3688 2477">
    <p class='ocr_par' dir='ltr' id='par_1_47' title="bbox 2126 2402 3688 2477">
     <span class='ocr_line' id='line_1_47' title="bbox 2126 2402 3688 2477; baseline -0.003 -19"><span class='ocrx_word' id='word_1_363' title='bbox 2126 2406 2319 2477; x_wconf 82' lang='grc' dir='ltr'>τέρασι</span> <span class='ocrx_word' id='word_1_364' title='bbox 2351 2406 2606 2475; x_wconf 82' lang='grc' dir='ltr'>ψεύδους,</span> <span class='ocrx_word' id='word_1_365' title='bbox 2650 2405 2743 2458; x_wconf 64' lang='grc' dir='ltr'><strong>καί⁵</strong></span> <span class='ocrx_word' id='word_1_366' title='bbox 2799 2406 2860 2458; x_wconf 75' lang='grc' dir='ltr'><strong>ὲν</strong></span> <span class='ocrx_word' id='word_1_367' title='bbox 2905 2404 3056 2476; x_wconf 83' lang='grc' dir='ltr'>πάσῃ</span> <span class='ocrx_word' id='word_1_368' title='bbox 3107 2403 3299 2474; x_wconf 78' lang='grc' dir='ltr'>ἀπάτῃ</span> <span class='ocrx_word' id='word_1_369' title='bbox 3358 2402 3568 2466; x_wconf 87' lang='grc' dir='ltr'>ἀδικίας</span> <span class='ocrx_word' id='word_1_370' title='bbox 3595 2406 3688 2466; x_wconf 83' lang='grc' dir='ltr'>τοῖς</span> 
     </span>
    </p>
   </div>
   <div class='ocr_carea' id='block_1_48' title="bbox 429 2489 2021 2566">
    <p class='ocr_par' dir='ltr' id='par_1_48' title="bbox 429 2489 2021 2562">
     <span class='ocr_line' id='line_1_48' title="bbox 429 2489 2021 2562; baseline 0.005 -24"><span class='ocrx_word' id='word_1_371' title='bbox 429 2494 654 2555; x_wconf 88' lang='lat' dir='ltr'><strong>perunt,</strong></span> <span class='ocrx_word' id='word_1_372' title='bbox 685 2496 744 2541; x_wconf 93' lang='lat' dir='ltr'><strong>ut</strong></span> <span class='ocrx_word' id='word_1_373' title='bbox 768 2489 908 2544; x_wconf 88' lang='lat' dir='ltr'><strong>salvi</strong></span> <span class='ocrx_word' id='word_1_374' title='bbox 943 2489 1157 2544; x_wconf 80' lang='lat' dir='ltr'><strong>ﬂerent.</strong></span> <span class='ocrx_word' id='word_1_375' title='bbox 1208 2491 1334 2545; x_wconf 84' lang='lat' dir='ltr'><strong>Ideo</strong></span> <span class='ocrx_word' id='word_1_376' title='bbox 1369 2491 1549 2545; x_wconf 90' lang='lat' dir='ltr'><strong>mittet</strong></span> <span class='ocrx_word' id='word_1_377' title='bbox 1581 2491 1692 2546; x_wconf 84' lang='lat' dir='ltr'><strong>illis</strong></span> <span class='ocrx_word' id='word_1_378' title='bbox 1718 2490 1863 2546; x_wconf 88' lang='lat' dir='ltr'><strong>Deus</strong></span> <span class='ocrx_word' id='word_1_379' title='bbox 1885 2505 2021 2562; x_wconf 87' lang='lat' dir='ltr'><strong>ope-</strong></span> 
     </span>
    </p>
   </div>
   <div class='ocr_carea' id='block_1_49' title="bbox 2126 2489 3687 2566">
    <p class='ocr_par' dir='ltr' id='par_1_49' title="bbox 2126 2490 3687 2566">
     <span class='ocr_line' id='line_1_49' title="bbox 2126 2490 3687 2566; baseline -0.001 -17"><span class='ocrx_word' id='word_1_380' title='bbox 2126 2495 2548 2566; x_wconf 81' lang='grc' dir='ltr'>ἀπολλυμένοις,</span> <span class='ocrx_word' id='word_1_381' title='bbox 2611 2495 2731 2550; x_wconf 87' lang='grc' dir='ltr'>ἀνθ’</span> <span class='ocrx_word' id='word_1_382' title='bbox 2763 2490 2838 2549; x_wconf 81' lang='grc' dir='ltr'>ὧν</span> <span class='ocrx_word' id='word_1_383' title='bbox 2875 2494 2976 2565; x_wconf 79' lang='grc' dir='ltr'>τὴν</span> <span class='ocrx_word' id='word_1_384' title='bbox 3023 2493 3254 2562; x_wconf 81' lang='grc' dir='ltr'>ἀγάπην</span> <span class='ocrx_word' id='word_1_385' title='bbox 3313 2493 3412 2561; x_wconf 77' lang='grc' dir='ltr'>τῆς</span> <span class='ocrx_word' id='word_1_386' title='bbox 3457 2494 3687 2562; x_wconf 77' lang='grc' dir='ltr'>ἀληθείας</span> 
     </span>
    </p>
   </div>
   <div class='ocr_carea' id='block_1_50' title="bbox 429 2579 2021 2657">
    <p class='ocr_par' dir='ltr' id='par_1_50' title="bbox 429 2579 2021 2653">
     <span class='ocr_line' id='line_1_50' title="bbox 429 2579 2021 2653; baseline 0.007 -25"><span class='ocrx_word' id='word_1_387' title='bbox 429 2579 697 2633; x_wconf 87' lang='lat' dir='ltr'><strong>rationem</strong></span> <span class='ocrx_word' id='word_1_388' title='bbox 727 2581 956 2645; x_wconf 81' lang='lat' dir='ltr'><strong>erroris,</strong></span> <span class='ocrx_word' id='word_1_389' title='bbox 991 2589 1051 2636; x_wconf 90' lang='lat' dir='ltr'><strong>ut</strong></span> <span class='ocrx_word' id='word_1_390' title='bbox 1081 2583 1309 2637; x_wconf 88' lang='lat' dir='ltr'><strong>credant</strong></span> <span class='ocrx_word' id='word_1_391' title='bbox 1341 2583 1648 2647; x_wconf 89' lang='lat' dir='ltr'><strong>mendacio,</strong></span> <span class='ocrx_word' id='word_1_392' title='bbox 1679 2594 1738 2638; x_wconf 92' lang='lat' dir='ltr'><strong>ut</strong></span> <span class='ocrx_word' id='word_1_393' title='bbox 1761 2581 2021 2653; x_wconf 87' lang='lat' dir='ltr'><strong>judicen-</strong></span> 
     </span>
    </p>
   </div>
   <div class='ocr_carea' id='block_1_51' title="bbox 2126 2579 3684 2657">
    <p class='ocr_par' dir='ltr' id='par_1_51' title="bbox 2126 2584 3684 2657">
     <span class='ocr_line' id='line_1_51' title="bbox 2126 2584 3684 2657; baseline -0.003 -16"><span class='ocrx_word' id='word_1_394' title='bbox 2126 2589 2222 2641; x_wconf 78' lang='grc' dir='ltr'><strong>οὐκ</strong></span> <span class='ocrx_word' id='word_1_395' title='bbox 2249 2586 2521 2652; x_wconf 76' lang='grc' dir='ltr'>ἐδέξαντο,</span> <span class='ocrx_word' id='word_1_396' title='bbox 2552 2588 2634 2652; x_wconf 84' lang='grc' dir='ltr'>εἰς</span> <span class='ocrx_word' id='word_1_397' title='bbox 2661 2587 2724 2640; x_wconf 86' lang='grc' dir='ltr'><strong>τὸ</strong></span> <span class='ocrx_word' id='word_1_398' title='bbox 2760 2587 3003 2657; x_wconf 78' lang='grc' dir='ltr'>σωθῆναι</span> <span class='ocrx_word' id='word_1_399' title='bbox 3030 2585 3260 2648; x_wconf 77' lang='grc' dir='ltr'>αὐτούς.</span> <span class='ocrx_word' id='word_1_400' title='bbox 3299 2587 3412 2639; x_wconf 75' lang='grc' dir='ltr'><strong>Καὶ</strong></span> <span class='ocrx_word' id='word_1_401' title='bbox 3439 2585 3525 2638; x_wconf 84' lang='grc' dir='ltr'>διὰ</span> <span class='ocrx_word' id='word_1_402' title='bbox 3549 2584 3684 2638; x_wconf 84' lang='grc' dir='ltr'>τοῦτο</span> 
     </span>
    </p>
   </div>
   <div class='ocr_carea' id='block_1_52' title="bbox 425 2673 2021 2765">
    <p class='ocr_par' dir='ltr' id='par_1_52' title="bbox 425 2673 2020 2765">
     <span class='ocr_line' id='line_1_52' title="bbox 425 2673 2020 2765; baseline 0.006 -42"><span class='ocrx_word' id='word_1_403' title='bbox 425 2677 518 2723; x_wconf 83' lang='lat' dir='ltr'><strong>tur</strong></span> <span class='ocrx_word' id='word_1_404' title='bbox 540 2686 732 2728; x_wconf 89' lang='lat' dir='ltr'><strong>omnes</strong></span> <span class='ocrx_word' id='word_1_405' title='bbox 761 2673 869 2765; x_wconf 51' lang='lat' dir='ltr'><strong>qui.</strong></span> <span class='ocrx_word' id='word_1_406' title='bbox 900 2689 1011 2728; x_wconf 91' lang='lat' dir='ltr'><strong>non</strong></span> <span class='ocrx_word' id='word_1_407' title='bbox 1065 2675 1421 2731; x_wconf 90' lang='lat' dir='ltr'><strong>crediderunt</strong></span> <span class='ocrx_word' id='word_1_408' title='bbox 1451 2677 1696 2742; x_wconf 90' lang='lat' dir='ltr'><strong>veritati,</strong></span> <span class='ocrx_word' id='word_1_409' title='bbox 1741 2677 1839 2733; x_wconf 87' lang='lat' dir='ltr'><strong>sed</strong></span> <span class='ocrx_word' id='word_1_410' title='bbox 1882 2691 2020 2733; x_wconf 88' lang='lat' dir='ltr'><strong>con-</strong></span> 
     </span>
    </p>
   </div>
   <div class='ocr_carea' id='block_1_53' title="bbox 2126 2673 3685 2765">
    <p class='ocr_par' dir='ltr' id='par_1_53' title="bbox 2126 2677 3685 2750">
     <span class='ocr_line' id='line_1_53' title="bbox 2126 2677 3685 2750; baseline -0.003 -18"><span class='ocrx_word' id='word_1_411' title='bbox 2126 2681 2336 2750; x_wconf 87' lang='grc' dir='ltr'>πέμπει</span> <span class='ocrx_word' id='word_1_412' title='bbox 2390 2682 2576 2743; x_wconf 77' lang='grc' dir='ltr'>αὐτοῖς</span> <span class='ocrx_word' id='word_1_413' title='bbox 2607 2680 2636 2733; x_wconf 89' lang='lat'><strong>6</strong></span> <span class='ocrx_word' id='word_1_414' title='bbox 2660 2679 2793 2743; x_wconf 82' lang='grc' dir='ltr'>Θεὸς</span> <span class='ocrx_word' id='word_1_415' title='bbox 2825 2679 3106 2749; x_wconf 72' lang='grc' dir='ltr'>ἐνέργειαν</span> <span class='ocrx_word' id='word_1_416' title='bbox 3144 2677 3382 2745; x_wconf 75' lang='grc' dir='ltr'>πλάνης,</span> <span class='ocrx_word' id='word_1_417' title='bbox 3435 2678 3512 2740; x_wconf 80' lang='grc' dir='ltr'><strong>εἰς</strong></span> <span class='ocrx_word' id='word_1_418' title='bbox 3538 2678 3591 2729; x_wconf 86' lang='grc' dir='ltr'><strong>τὸ</strong></span> <span class='ocrx_word' id='word_1_419' title='bbox 3612 2694 3685 2729; x_wconf 89' lang='grc' dir='ltr'>πι-</span> 
     </span>
    </p>
   </div>
   <div class='ocr_carea' id='block_1_54' title="bbox 425 2763 2021 2842">
    <p class='ocr_par' dir='ltr' id='par_1_54' title="bbox 425 2763 1108 2834">
     <span class='ocr_line' id='line_1_54' title="bbox 425 2763 1108 2834; baseline 0.004 -20"><span class='ocrx_word' id='word_1_420' title='bbox 425 2769 720 2828; x_wconf 88' lang='lat' dir='ltr'><strong>senserunt</strong></span> <span class='ocrx_word' id='word_1_421' title='bbox 752 2763 1053 2834; x_wconf 87' lang='lat' dir='ltr'><strong>iniquitati.</strong></span> <span class='ocrx_word' id='word_1_422' title='bbox 1089 2783 1108 2817; x_wconf 72' lang='grc' dir='ltr'><strong>ι</strong></span> 
     </span>
    </p>
   </div>
   <div class='ocr_carea' id='block_1_55' title="bbox 2126 2763 3687 2842">
    <p class='ocr_par' dir='ltr' id='par_1_55' title="bbox 2126 2768 3687 2842">
     <span class='ocr_line' id='line_1_55' title="bbox 2126 2768 3687 2842; baseline -0.004 -16"><span class='ocrx_word' id='word_1_423' title='bbox 2126 2773 2346 2827; x_wconf 86' lang='grc' dir='ltr'>στεῦσαι</span> <span class='ocrx_word' id='word_1_424' title='bbox 2381 2774 2582 2836; x_wconf 77' lang='grc' dir='ltr'>αὐτοὺς</span> <span class='ocrx_word' id='word_1_425' title='bbox 2632 2771 2713 2842; x_wconf 84' lang='grc' dir='ltr'>τῷ</span> <span class='ocrx_word' id='word_1_426' title='bbox 2771 2769 2983 2840; x_wconf 81' lang='grc' dir='ltr'>ψεύδει,</span> <span class='ocrx_word' id='word_1_427' title='bbox 3019 2769 3108 2823; x_wconf 81' lang='grc' dir='ltr'>ἵνα</span> <span class='ocrx_word' id='word_1_428' title='bbox 3160 2768 3400 2839; x_wconf 77' lang='grc' dir='ltr'>κριθῶσι</span> <span class='ocrx_word' id='word_1_429' title='bbox 3435 2769 3622 2830; x_wconf 81' lang='grc' dir='ltr'>πάντες</span> <span class='ocrx_word' id='word_1_430' title='bbox 3645 2769 3687 2819; x_wconf 83' lang='grc' dir='ltr'>οι</span> 
     </span>
    </p>
   </div>
   <div class='ocr_carea' id='block_1_56' title="bbox 2124 2860 3680 2936">
    <p class='ocr_par' dir='ltr' id='par_1_56' title="bbox 2124 2860 3680 2936">
     <span class='ocr_line' id='line_1_56' title="bbox 2124 2860 3680 2936; baseline -0.006 -19"><span class='ocrx_word' id='word_1_431' title='bbox 2124 2864 2199 2935; x_wconf 76' lang='grc' dir='ltr'><strong>μή</strong></span> <span class='ocrx_word' id='word_1_432' title='bbox 2227 2865 2621 2928; x_wconf 79' lang='grc' dir='ltr'>πιστεύσαντες</span> <span class='ocrx_word' id='word_1_433' title='bbox 2654 2865 2721 2936; x_wconf 81' lang='grc' dir='ltr'>τῇ</span> <span class='ocrx_word' id='word_1_434' title='bbox 2747 2863 3015 2935; x_wconf 78' lang='grc' dir='ltr'>ἀληθείᾳ,</span> <span class='ocrx_word' id='word_1_435' title='bbox 3049 2861 3164 2916; x_wconf 83' lang='grc' dir='ltr'>ἀλλ’</span> <span class='ocrx_word' id='word_1_436' title='bbox 3199 2861 3589 2930; x_wconf 83' lang='grc' dir='ltr'>εὐδοκήσαντες</span> <span class='ocrx_word' id='word_1_437' title='bbox 3629 2860 3680 2926; x_wconf 80' lang='grc' dir='ltr'>τῇ</span> 
     </span>
    </p>
   </div>
   <div class='ocr_carea' id='block_1_57' title="bbox 2119 2955 2383 3026">
    <p class='ocr_par' dir='ltr' id='par_1_57' title="bbox 2119 2955 2383 3026">
     <span class='ocr_line' id='line_1_57' title="bbox 2119 2955 2383 3026; baseline -0.011 -16"><span class='ocrx_word' id='word_1_438' title='bbox 2119 2955 2326 3026; x_wconf 77' lang='grc' dir='ltr'>ἀδικίᾳ.</span> <span class='ocrx_word' id='word_1_439' title='bbox 2365 2974 2383 3007; x_wconf 72' lang='grc' dir='ltr'><strong>ι</strong></span> 
     </span>
    </p>
   </div>
   <div class='ocr_carea' id='block_1_58' title="bbox 503 3034 2021 3119">
    <p class='ocr_par' dir='ltr' id='par_1_58' title="bbox 503 3034 2018 3100">
     <span class='ocr_line' id='line_1_58' title="bbox 503 3034 2018 3100; baseline 0.007 -12"><span class='ocrx_word' id='word_1_440' title='bbox 503 3034 664 3090; x_wconf 79' lang='lat' dir='ltr'><strong>Hebr.</strong></span> <span class='ocrx_word' id='word_1_441' title='bbox 712 3053 766 3100; x_wconf 66' lang='grc' dir='ltr'>ς,</span> <span class='ocrx_word' id='word_1_442' title='bbox 807 3037 896 3092; x_wconf 72' lang='lat'><strong>30.</strong></span> <span class='ocrx_word' id='word_1_443' title='bbox 928 3067 999 3079; x_wconf 88' lang='lat'><strong>-—</strong></span> <span class='ocrx_word' id='word_1_444' title='bbox 1042 3057 1062 3090; x_wconf 82' lang='grc' dir='ltr'><strong>ι</strong></span> <span class='ocrx_word' id='word_1_445' title='bbox 1097 3037 1444 3094; x_wconf 81' lang='lat' dir='ltr'><strong>Horrendum</strong></span> <span class='ocrx_word' id='word_1_446' title='bbox 1507 3050 1592 3095; x_wconf 86' lang='lat' dir='ltr'><strong>est</strong></span> <span class='ocrx_word' id='word_1_447' title='bbox 1665 3039 1910 3097; x_wconf 90' lang='lat' dir='ltr'><strong>incidere</strong></span> <span class='ocrx_word' id='word_1_448' title='bbox 1961 3041 2018 3098; x_wconf 86' lang='lat' dir='ltr'><strong>in</strong></span> 
     </span>
    </p>
   </div>
   <div class='ocr_carea' id='block_1_59' title="bbox 2126 3034 3677 3119">
    <p class='ocr_par' dir='ltr' id='par_1_59' title="bbox 2199 3043 3677 3119">
     <span class='ocr_line' id='line_1_59' title="bbox 2199 3043 3677 3119; baseline -0.005 -19"><span class='ocrx_word' id='word_1_449' title='bbox 2199 3067 2218 3100; x_wconf 87' lang='grc' dir='ltr'><strong>ι</strong></span> <span class='ocrx_word' id='word_1_450' title='bbox 2263 3048 2501 3119; x_wconf 78' lang='grc' dir='ltr'>Φοϐερὸν</span> <span class='ocrx_word' id='word_1_451' title='bbox 2525 3047 2586 3102; x_wconf 89' lang='grc' dir='ltr'><strong>τὸ</strong></span> <span class='ocrx_word' id='word_1_452' title='bbox 2606 3048 2871 3118; x_wconf 77' lang='grc' dir='ltr'>ἐμπεσεῖν</span> <span class='ocrx_word' id='word_1_453' title='bbox 2907 3048 2989 3111; x_wconf 87' lang='grc' dir='ltr'><strong>είς</strong></span> <span class='ocrx_word' id='word_1_454' title='bbox 3015 3049 3212 3118; x_wconf 86' lang='grc' dir='ltr'>χεῖρας</span> <span class='ocrx_word' id='word_1_455' title='bbox 3256 3043 3396 3098; x_wconf 82' lang='grc' dir='ltr'>Θεοῦ</span> <span class='ocrx_word' id='word_1_456' title='bbox 3432 3044 3634 3108; x_wconf 76' lang='grc' dir='ltr'>ζῶντος.</span> <span class='ocrx_word' id='word_1_457' title='bbox 3662 3060 3677 3093; x_wconf 73' lang='grc' dir='ltr'><strong>ι</strong></span> 
     </span>
    </p>
   </div>
   <div class='ocr_carea' id='block_1_60' title="bbox 429 3127 2093 3203">
    <p class='ocr_par' dir='ltr' id='par_1_60' title="bbox 429 3127 2093 3203">
     <span class='ocr_line' id='line_1_60' title="bbox 429 3127 2093 3203; baseline 0.002 -22"><span class='ocrx_word' id='word_1_458' title='bbox 429 3143 626 3181; x_wconf 88' lang='lat' dir='ltr'><strong>manus</strong></span> <span class='ocrx_word' id='word_1_459' title='bbox 661 3127 753 3182; x_wconf 88' lang='lat' dir='ltr'><strong>Dei</strong></span> <span class='ocrx_word' id='word_1_460' title='bbox 786 3128 1038 3185; x_wconf 87' lang='lat' dir='ltr'><strong>viventis.</strong></span> <span class='ocrx_word' id='word_1_461' title='bbox 1075 3148 1094 3182; x_wconf 80' lang='grc'>›</span> <span class='ocrx_word' id='word_1_462' title='bbox 2045 3141 2093 3203; x_wconf 77' lang='grc' dir='ltr'>α</span> 
     </span>
    </p>
   </div>
   <div class='ocr_carea' id='block_1_61' title="bbox 501 3215 2020 3299">
    <p class='ocr_par' dir='ltr' id='par_1_61' title="bbox 501 3215 2020 3299">
     <span class='ocr_line' id='line_1_61' title="bbox 501 3215 2020 3299; baseline 0.01 -30"><span class='ocrx_word' id='word_1_463' title='bbox 501 3215 559 3269; x_wconf 86' lang='lat' dir='ltr'><strong><em>II</em></strong></span> <span class='ocrx_word' id='word_1_464' title='bbox 600 3215 746 3272; x_wconf 83' lang='lat' dir='ltr'><strong>Pelr.</strong></span> <span class='ocrx_word' id='word_1_465' title='bbox 773 3233 856 3282; x_wconf 87' lang='lat' dir='ltr'><strong>Ill,</strong></span> <span class='ocrx_word' id='word_1_466' title='bbox 889 3219 976 3274; x_wconf 81' lang='lat' dir='ltr'><strong>IO.</strong></span> <span class='ocrx_word' id='word_1_467' title='bbox 1009 3250 1067 3260; x_wconf 95' lang='lat'><em>—</em></span> <span class='ocrx_word' id='word_1_468' title='bbox 1093 3241 1112 3272; x_wconf 78' lang='grc' dir='ltr'><strong>ι</strong></span> <span class='ocrx_word' id='word_1_469' title='bbox 1143 3219 1338 3277; x_wconf 78' lang='lat' dir='ltr'><strong>Veniet</strong></span> <span class='ocrx_word' id='word_1_470' title='bbox 1365 3221 1483 3278; x_wconf 81' lang='lat' dir='ltr'><strong>dies</strong></span> <span class='ocrx_word' id='word_1_471' title='bbox 1507 3222 1724 3279; x_wconf 88' lang='lat' dir='ltr'><strong>Domini</strong></span> <span class='ocrx_word' id='word_1_472' title='bbox 1758 3235 2020 3299; x_wconf 86' lang='lat' dir='ltr'><strong>tanquam</strong></span> 
     </span>
    </p>
   </div>
   <div class='ocr_carea' id='block_1_62' title="bbox 427 3307 2019 3386">
    <p class='ocr_par' dir='ltr' id='par_1_62' title="bbox 427 3307 2019 3386">
     <span class='ocr_line' id='line_1_62' title="bbox 427 3307 2019 3386; baseline 0.008 -25"><span class='ocrx_word' id='word_1_473' title='bbox 427 3307 520 3362; x_wconf 72' lang='lat' dir='ltr'><strong>fur</strong></span> <span class='ocrx_word' id='word_1_474' title='bbox 556 3308 610 3363; x_wconf 90' lang='lat' dir='ltr'><strong>in</strong></span> <span class='ocrx_word' id='word_1_475' title='bbox 647 3317 828 3376; x_wconf 90' lang='lat' dir='ltr'><strong>nocte,</strong></span> <span class='ocrx_word' id='word_1_476' title='bbox 867 3313 923 3367; x_wconf 92' lang='lat' dir='ltr'><strong>in</strong></span> <span class='ocrx_word' id='word_1_477' title='bbox 959 3326 1070 3382; x_wconf 91' lang='lat' dir='ltr'><strong>quo</strong></span> <span class='ocrx_word' id='word_1_478' title='bbox 1112 3314 1237 3368; x_wconf 71' lang='lat' dir='ltr'><strong>coeli</strong></span> <span class='ocrx_word' id='word_1_479' title='bbox 1287 3330 1410 3368; x_wconf 89' lang='lat' dir='ltr'><strong>cum</strong></span> <span class='ocrx_word' id='word_1_480' title='bbox 1461 3315 1668 3386; x_wconf 89' lang='lat' dir='ltr'><strong>impetu</strong></span> <span class='ocrx_word' id='word_1_481' title='bbox 1701 3320 1972 3373; x_wconf 86' lang='lat' dir='ltr'><strong>transient</strong></span> <span class='ocrx_word' id='word_1_482' title='bbox 2005 3339 2019 3373; x_wconf 91' lang='lat'><strong>:</strong></span> 
     </span>
    </p>
   </div>
   <div class='ocr_carea' id='block_1_63' title="bbox 427 3401 2022 3484">
    <p class='ocr_par' dir='ltr' id='par_1_63' title="bbox 427 3401 2022 3484">
     <span class='ocr_line' id='line_1_63' title="bbox 427 3401 2022 3484; baseline 0.011 -33"><span class='ocrx_word' id='word_1_483' title='bbox 427 3401 697 3454; x_wconf 85' lang='lat' dir='ltr'><strong>elementa</strong></span> <span class='ocrx_word' id='word_1_484' title='bbox 734 3415 859 3456; x_wconf 83' lang='lat' dir='ltr'><strong>vero</strong></span> <span class='ocrx_word' id='word_1_485' title='bbox 877 3402 1062 3459; x_wconf 88' lang='lat' dir='ltr'><strong>calore</strong></span> <span class='ocrx_word' id='word_1_486' title='bbox 1086 3405 1371 3459; x_wconf 82' lang='lat' dir='ltr'><strong>solventur</strong></span> <span class='ocrx_word' id='word_1_487' title='bbox 1397 3426 1409 3462; x_wconf 95' lang='lat'><strong>:</strong></span> <span class='ocrx_word' id='word_1_488' title='bbox 1441 3415 1588 3462; x_wconf 89' lang='lat' dir='ltr'><strong>terra</strong></span> <span class='ocrx_word' id='word_1_489' title='bbox 1612 3418 1797 3464; x_wconf 85' lang='lat' dir='ltr'><strong>autem</strong></span> <span class='ocrx_word' id='word_1_490' title='bbox 1826 3420 1880 3466; x_wconf 88' lang='lat' dir='ltr'><strong>et</strong></span> <span class='ocrx_word' id='word_1_491' title='bbox 1901 3428 2022 3484; x_wconf 69' lang='lat' dir='ltr'><strong>qum</strong></span> 
     </span>
    </p>
   </div>
   <div class='ocr_carea' id='block_1_64' title="bbox 429 3493 1426 3566">
    <p class='ocr_par' dir='ltr' id='par_1_64' title="bbox 429 3493 1426 3566">
     <span class='ocr_line' id='line_1_64' title="bbox 429 3493 1426 3566; baseline 0.006 -21"><span class='ocrx_word' id='word_1_492' title='bbox 429 3498 482 3545; x_wconf 86' lang='lat' dir='ltr'><strong>in</strong></span> <span class='ocrx_word' id='word_1_493' title='bbox 519 3493 635 3560; x_wconf 86' lang='lat' dir='ltr'><strong>ipsa</strong></span> <span class='ocrx_word' id='word_1_494' title='bbox 667 3504 797 3548; x_wconf 90' lang='lat' dir='ltr'><strong>sunt</strong></span> <span class='ocrx_word' id='word_1_495' title='bbox 819 3510 1009 3566; x_wconf 90' lang='lat' dir='ltr'><strong>opera,</strong></span> <span class='ocrx_word' id='word_1_496' title='bbox 1041 3508 1366 3553; x_wconf 86' lang='lat' dir='ltr'><strong>exurentnr.</strong></span> <span class='ocrx_word' id='word_1_497' title='bbox 1409 3518 1426 3550; x_wconf 76' lang='grc' dir='ltr'><strong>ι</strong></span> 
     </span>
    </p>
   </div>
   <div class='ocr_carea' id='block_1_65' title="bbox 497 3585 2019 3651">
    <p class='ocr_par' dir='ltr' id='par_1_65' title="bbox 497 3585 2019 3651">
     <span class='ocr_line' id='line_1_65' title="bbox 497 3585 2019 3651; baseline 0.005 -12"><span class='ocrx_word' id='word_1_498' title='bbox 497 3585 677 3651; x_wconf 69' lang='lat' dir='ltr'><strong>Juda&#39;,</strong></span> <span class='ocrx_word' id='word_1_499' title='bbox 723 3587 810 3642; x_wconf 74' lang='lat' dir='ltr'><strong>H.</strong></span> <span class='ocrx_word' id='word_1_500' title='bbox 844 3617 916 3628; x_wconf 91' lang='lat'><strong>-—-</strong></span> <span class='ocrx_word' id='word_1_501' title='bbox 957 3606 976 3638; x_wconf 82' lang='grc' dir='ltr'><strong>ι</strong></span> <span class='ocrx_word' id='word_1_502' title='bbox 1018 3586 1162 3644; x_wconf 79' lang='lat' dir='ltr'><strong>Ecce</strong></span> <span class='ocrx_word' id='word_1_503' title='bbox 1202 3590 1353 3644; x_wconf 91' lang='lat' dir='ltr'><strong>venit</strong></span> <span class='ocrx_word' id='word_1_504' title='bbox 1395 3589 1660 3647; x_wconf 89' lang='lat' dir='ltr'><strong>Dominus</strong></span> <span class='ocrx_word' id='word_1_505' title='bbox 1712 3593 1765 3647; x_wconf 91' lang='lat' dir='ltr'><strong>in</strong></span> <span class='ocrx_word' id='word_1_506' title='bbox 1814 3596 2019 3649; x_wconf 90' lang='lat' dir='ltr'><strong>sanctis</strong></span> 
     </span>
    </p>
   </div>
   <div class='ocr_carea' id='block_1_66' title="bbox 425 3677 2022 3751">
    <p class='ocr_par' dir='ltr' id='par_1_66' title="bbox 425 3677 2022 3751">
     <span class='ocr_line' id='line_1_66' title="bbox 425 3677 2022 3751; baseline 0.006 -20"><span class='ocrx_word' id='word_1_507' title='bbox 425 3677 675 3733; x_wconf 84' lang='lat' dir='ltr'><strong>millibus</strong></span> <span class='ocrx_word' id='word_1_508' title='bbox 721 3679 864 3742; x_wconf 89' lang='lat' dir='ltr'><strong>suis,</strong></span> <span class='ocrx_word' id='word_1_509' title='bbox 919 3680 1100 3736; x_wconf 81' lang='lat' dir='ltr'><strong>facere</strong></span> <span class='ocrx_word' id='word_1_510' title='bbox 1146 3681 1422 3751; x_wconf 84' lang='lat' dir='ltr'><strong>judicium</strong></span> <span class='ocrx_word' id='word_1_511' title='bbox 1480 3695 1673 3738; x_wconf 90' lang='lat' dir='ltr'><strong>contra</strong></span> <span class='ocrx_word' id='word_1_512' title='bbox 1718 3701 1932 3751; x_wconf 89' lang='lat' dir='ltr'><strong>omnes,</strong></span> <span class='ocrx_word' id='word_1_513' title='bbox 1968 3696 2022 3742; x_wconf 88' lang='lat' dir='ltr'><strong>et</strong></span> 
     </span>
    </p>
   </div>
   <div class='ocr_carea' id='block_1_67' title="bbox 2201 3222 3679 3298">
    <p class='ocr_par' dir='ltr' id='par_1_67' title="bbox 2201 3222 3679 3298">
     <span class='ocr_line' id='line_1_67' title="bbox 2201 3222 3679 3298; baseline -0.004 -21"><span class='ocrx_word' id='word_1_514' title='bbox 2201 3244 2220 3277; x_wconf 78' lang='grc' dir='ltr'><strong>ι</strong></span> <span class='ocrx_word' id='word_1_515' title='bbox 2263 3225 2424 3292; x_wconf 80' lang='grc' dir='ltr'>Ἥξει</span> <span class='ocrx_word' id='word_1_516' title='bbox 2476 3227 2509 3297; x_wconf 84' lang='grc' dir='ltr'><strong>ἡ</strong></span> <span class='ocrx_word' id='word_1_517' title='bbox 2573 3226 2759 3298; x_wconf 72' lang='grc' dir='ltr'>ἡμέρα</span> <span class='ocrx_word' id='word_1_518' title='bbox 2807 3224 3016 3295; x_wconf 81' lang='grc' dir='ltr'>Κυρίου</span> <span class='ocrx_word' id='word_1_519' title='bbox 3045 3223 3122 3287; x_wconf 84' lang='grc' dir='ltr'>ὡς</span> <span class='ocrx_word' id='word_1_520' title='bbox 3165 3223 3414 3292; x_wconf 85' lang='grc' dir='ltr'>κλέπτης</span> <span class='ocrx_word' id='word_1_521' title='bbox 3441 3222 3498 3276; x_wconf 79' lang='grc' dir='ltr'><strong>ὲν</strong></span> <span class='ocrx_word' id='word_1_522' title='bbox 3525 3223 3679 3283; x_wconf 77' lang='grc' dir='ltr'>νυκτὶ,</span> 
     </span>
    </p>
   </div>
   <div class='ocr_carea' id='block_1_68' title="bbox 2121 3311 3680 3388">
    <p class='ocr_par' dir='ltr' id='par_1_68' title="bbox 2121 3311 3680 3388">
     <span class='ocr_line' id='line_1_68' title="bbox 2121 3311 3680 3388; baseline -0.004 -20"><span class='ocrx_word' id='word_1_523' title='bbox 2121 3315 2183 3368; x_wconf 81' lang='grc' dir='ltr'>ἐν</span> <span class='ocrx_word' id='word_1_524' title='bbox 2266 3318 2316 3370; x_wconf 83' lang='grc' dir='ltr'><strong>οἱ</strong></span> <span class='ocrx_word' id='word_1_525' title='bbox 2344 3317 2567 3388; x_wconf 74' lang='grc' dir='ltr'>οὐρανοὶ</span> <span class='ocrx_word' id='word_1_526' title='bbox 2594 3317 2693 3386; x_wconf 83' lang='grc' dir='ltr'>μὲν</span> <span class='ocrx_word' id='word_1_527' title='bbox 2730 3314 2979 3386; x_wconf 78' lang='grc' dir='ltr'>ῥοιζηδὸν</span> <span class='ocrx_word' id='word_1_528' title='bbox 2999 3313 3451 3384; x_wconf 66' lang='grc' dir='ltr'>παρελεύσονται*</span> <span class='ocrx_word' id='word_1_529' title='bbox 3470 3312 3680 3380; x_wconf 83' lang='grc' dir='ltr'>στοιχεῖα</span> 
     </span>
    </p>
   </div>
   <div class='ocr_carea' id='block_1_69' title="bbox 2120 3403 3678 3478">
    <p class='ocr_par' dir='ltr' id='par_1_69' title="bbox 2120 3403 3678 3478">
     <span class='ocr_line' id='line_1_69' title="bbox 2120 3403 3678 3478; baseline -0.004 -18"><span class='ocrx_word' id='word_1_530' title='bbox 2120 3407 2177 3460; x_wconf 80' lang='grc' dir='ltr'>δὲ</span> <span class='ocrx_word' id='word_1_531' title='bbox 2242 3408 2598 3478; x_wconf 78' lang='grc' dir='ltr'>καυσούμενα</span> <span class='ocrx_word' id='word_1_532' title='bbox 2636 3407 2989 3478; x_wconf 79' lang='grc' dir='ltr'>λυθήσονται,</span> <span class='ocrx_word' id='word_1_533' title='bbox 3035 3407 3132 3461; x_wconf 75' lang='grc' dir='ltr'>καὶ</span> <span class='ocrx_word' id='word_1_534' title='bbox 3159 3407 3236 3477; x_wconf 82' lang='grc' dir='ltr'>γῆ</span> <span class='ocrx_word' id='word_1_535' title='bbox 3263 3405 3359 3460; x_wconf 73' lang='grc' dir='ltr'>καὶ</span> <span class='ocrx_word' id='word_1_536' title='bbox 3383 3403 3452 3459; x_wconf 88' lang='grc' dir='ltr'><strong>τά</strong></span> <span class='ocrx_word' id='word_1_537' title='bbox 3484 3405 3539 3458; x_wconf 76' lang='grc' dir='ltr'><strong>έν</strong></span> <span class='ocrx_word' id='word_1_538' title='bbox 3563 3403 3678 3472; x_wconf 77' lang='grc' dir='ltr'>αὐτῇ</span> 
     </span>
    </p>
   </div>
   <div class='ocr_carea' id='block_1_70' title="bbox 2120 3499 2791 3574">
    <p class='ocr_par' dir='ltr' id='par_1_70' title="bbox 2120 3499 2791 3574">
     <span class='ocr_line' id='line_1_70' title="bbox 2120 3499 2791 3574; baseline -0.003 -23"><span class='ocrx_word' id='word_1_539' title='bbox 2120 3499 2260 3574; x_wconf 84' lang='grc' dir='ltr'>ἔργα</span> <span class='ocrx_word' id='word_1_540' title='bbox 2291 3499 2726 3568; x_wconf 84' lang='grc' dir='ltr'>κατακαήσεται.</span> <span class='ocrx_word' id='word_1_541' title='bbox 2771 3515 2791 3549; x_wconf 68' lang='grc' dir='ltr'><strong>ι</strong></span> 
     </span>
    </p>
   </div>
   <div class='ocr_carea' id='block_1_71' title="bbox 2199 3577 3678 3662">
    <p class='ocr_par' dir='ltr' id='par_1_71' title="bbox 2199 3577 3678 3662">
     <span class='ocr_line' id='line_1_71' title="bbox 2199 3577 3678 3662; baseline -0.01 -16"><span class='ocrx_word' id='word_1_542' title='bbox 2199 3613 2218 3646; x_wconf 82' lang='grc' dir='ltr'><strong>ι</strong></span> <span class='ocrx_word' id='word_1_543' title='bbox 2266 3594 2398 3645; x_wconf 73' lang='grc' dir='ltr'>Ἰδοὺ</span> <span class='ocrx_word' id='word_1_544' title='bbox 2436 3591 2659 3662; x_wconf 73' lang='grc' dir='ltr'>ἔρχεται</span> <span class='ocrx_word' id='word_1_545' title='bbox 2691 3587 2896 3659; x_wconf 81' lang='grc' dir='ltr'>Κύριος</span> <span class='ocrx_word' id='word_1_546' title='bbox 2929 3587 2986 3640; x_wconf 82' lang='grc' dir='ltr'><strong>ὲν</strong></span> <span class='ocrx_word' id='word_1_547' title='bbox 3015 3585 3279 3657; x_wconf 82' lang='grc' dir='ltr'>μυριάσιν</span> <span class='ocrx_word' id='word_1_548' title='bbox 3311 3582 3495 3652; x_wconf 78' lang='grc' dir='ltr'>ἁγίαις</span> <span class='ocrx_word' id='word_1_549' title='bbox 3515 3577 3678 3643; x_wconf 82' lang='grc' dir='ltr'>αὐτοῦ,</span> 
     </span>
    </p>
   </div>
   <div class='ocr_carea' id='block_1_72' title="bbox 2121 3662 3679 3755">
    <p class='ocr_par' dir='ltr' id='par_1_72' title="bbox 2121 3662 3679 3755">
     <span class='ocr_line' id='line_1_72' title="bbox 2121 3662 3679 3755; baseline -0.01 -18"><span class='ocrx_word' id='word_1_550' title='bbox 2121 3686 2350 3755; x_wconf 80' lang='grc' dir='ltr'>ποιῆσαι</span> <span class='ocrx_word' id='word_1_551' title='bbox 2380 3682 2566 3754; x_wconf 87' lang='grc' dir='ltr'>κρίσιν</span> <span class='ocrx_word' id='word_1_552' title='bbox 2601 3679 2748 3735; x_wconf 85' lang='grc' dir='ltr'>κατὰ</span> <span class='ocrx_word' id='word_1_553' title='bbox 2806 3678 3030 3733; x_wconf 84' lang='grc' dir='ltr'>πάντων</span> <span class='ocrx_word' id='word_1_554' title='bbox 3060 3677 3173 3730; x_wconf 86' lang='grc' dir='ltr'>τῶν</span> <span class='ocrx_word' id='word_1_555' title='bbox 3206 3677 3388 3747; x_wconf 75' lang='grc' dir='ltr'>ἔργων</span> <span class='ocrx_word' id='word_1_556' title='bbox 3423 3670 3591 3727; x_wconf 82' lang='grc' dir='ltr'>αὐτῶν</span> 
     </span>
    </p>
   </div>
   <div class='ocr_carea' id='block_1_73' title="bbox 429 3771 2020 3845">
    <p class='ocr_par' dir='ltr' id='par_1_73' title="bbox 429 3771 2020 3845">
     <span class='ocr_line' id='line_1_73' title="bbox 429 3771 2020 3845; baseline 0.008 -25"><span class='ocrx_word' id='word_1_557' title='bbox 429 3783 665 3834; x_wconf 80' lang='lat' dir='ltr'><strong>arguere</strong></span> <span class='ocrx_word' id='word_1_558' title='bbox 694 3785 884 3825; x_wconf 87' lang='lat' dir='ltr'><strong>omnes</strong></span> <span class='ocrx_word' id='word_1_559' title='bbox 917 3771 1119 3840; x_wconf 89' lang='lat' dir='ltr'><strong>impios</strong></span> <span class='ocrx_word' id='word_1_560' title='bbox 1145 3773 1214 3828; x_wconf 88' lang='lat' dir='ltr'><strong>de</strong></span> <span class='ocrx_word' id='word_1_561' title='bbox 1239 3773 1496 3828; x_wconf 84' lang='lat' dir='ltr'><strong>omnibus</strong></span> <span class='ocrx_word' id='word_1_562' title='bbox 1523 3777 1786 3845; x_wconf 86' lang='lat' dir='ltr'><strong>operibus</strong></span> <span class='ocrx_word' id='word_1_563' title='bbox 1807 3793 2020 3842; x_wconf 91' lang='lat' dir='ltr'><strong>eorum,</strong></span> 
     </span>
    </p>
   </div>
   <div class='ocr_carea' id='block_1_74' title="bbox 431 3861 2023 3932">
    <p class='ocr_par' dir='ltr' id='par_1_74' title="bbox 431 3861 2023 3932">
     <span class='ocr_line' id='line_1_74' title="bbox 431 3861 2023 3932; baseline 0.01 -21"><span class='ocrx_word' id='word_1_564' title='bbox 431 3861 638 3928; x_wconf 90' lang='lat' dir='ltr'><strong>quibus</strong></span> <span class='ocrx_word' id='word_1_565' title='bbox 663 3861 828 3931; x_wconf 89' lang='lat' dir='ltr'><strong>impie</strong></span> <span class='ocrx_word' id='word_1_566' title='bbox 870 3871 1127 3932; x_wconf 82' lang='lat' dir='ltr'><strong>egerunt,</strong></span> <span class='ocrx_word' id='word_1_567' title='bbox 1161 3875 1218 3920; x_wconf 89' lang='lat' dir='ltr'><strong>et</strong></span> <span class='ocrx_word' id='word_1_568' title='bbox 1255 3866 1322 3921; x_wconf 91' lang='lat' dir='ltr'><strong>de</strong></span> <span class='ocrx_word' id='word_1_569' title='bbox 1357 3867 1612 3922; x_wconf 89' lang='lat' dir='ltr'><strong>omnibus</strong></span> <span class='ocrx_word' id='word_1_570' title='bbox 1656 3869 1812 3924; x_wconf 88' lang='lat' dir='ltr'><strong>duris</strong></span> <span class='ocrx_word' id='word_1_571' title='bbox 1841 3871 2023 3927; x_wconf 88' lang='lat' dir='ltr'><strong>verbis</strong></span> 
     </span>
    </p>
   </div>
   <div class='ocr_carea' id='block_1_75' title="bbox 429 3952 1716 4027">
    <p class='ocr_par' dir='ltr' id='par_1_75' title="bbox 429 3952 1716 4027">
     <span class='ocr_line' id='line_1_75' title="bbox 429 3952 1716 4027; baseline 0.006 -25"><span class='ocrx_word' id='word_1_572' title='bbox 429 3967 556 4020; x_wconf 63' lang='lat' dir='ltr'><strong>quae</strong></span> <span class='ocrx_word' id='word_1_573' title='bbox 585 3952 747 4006; x_wconf 88' lang='lat' dir='ltr'><strong>locuti</strong></span> <span class='ocrx_word' id='word_1_574' title='bbox 779 3961 908 4009; x_wconf 91' lang='lat' dir='ltr'><strong>sunt</strong></span> <span class='ocrx_word' id='word_1_575' title='bbox 940 3963 1129 4009; x_wconf 87' lang='lat' dir='ltr'><strong>contra</strong></span> <span class='ocrx_word' id='word_1_576' title='bbox 1162 3971 1286 4010; x_wconf 92' lang='lat' dir='ltr'><strong>eum</strong></span> <span class='ocrx_word' id='word_1_577' title='bbox 1319 3966 1658 4027; x_wconf 88' lang='lat' dir='ltr'><strong>peccatores.</strong></span> <span class='ocrx_word' id='word_1_578' title='bbox 1697 3977 1716 4010; x_wconf 72' lang='grc' dir='ltr'><strong>ι</strong></span> 
     </span>
    </p>
   </div>
   <div class='ocr_carea' id='block_1_76' title="bbox 505 4044 2022 4108">
    <p class='ocr_par' dir='ltr' id='par_1_76' title="bbox 505 4044 2022 4108">
     <span class='ocr_line' id='line_1_76' title="bbox 505 4044 2022 4108; baseline 0.007 -11"><span class='ocrx_word' id='word_1_579' title='bbox 505 4044 719 4099; x_wconf 77' lang='lat' dir='ltr'><strong>Basilii.</strong></span> <span class='ocrx_word' id='word_1_580' title='bbox 743 4076 815 4086; x_wconf 95' lang='lat'><strong>—</strong></span> <span class='ocrx_word' id='word_1_581' title='bbox 841 4045 921 4103; x_wconf 88' lang='lat' dir='ltr'><strong>Ne</strong></span> <span class='ocrx_word' id='word_1_582' title='bbox 946 4063 1031 4103; x_wconf 90' lang='lat' dir='ltr'><strong>me</strong></span> <span class='ocrx_word' id='word_1_583' title='bbox 1054 4049 1337 4105; x_wconf 81' lang='lat' dir='ltr'><strong>existimes</strong></span> <span class='ocrx_word' id='word_1_584' title='bbox 1365 4051 1538 4107; x_wconf 87' lang='lat' dir='ltr'><strong>instar</strong></span> <span class='ocrx_word' id='word_1_585' title='bbox 1573 4052 1853 4107; x_wconf 90' lang='lat' dir='ltr'><strong>nutricum</strong></span> <span class='ocrx_word' id='word_1_586' title='bbox 1882 4068 2022 4108; x_wconf 89' lang='lat' dir='ltr'><strong>vana</strong></span> 
     </span>
    </p>
   </div>
   <div class='ocr_carea' id='block_1_77' title="bbox 428 4135 2022 4215">
    <p class='ocr_par' dir='ltr' id='par_1_77' title="bbox 428 4135 2022 4215">
     <span class='ocr_line' id='line_1_77' title="bbox 428 4135 2022 4215; baseline 0.008 -28"><span class='ocrx_word' id='word_1_587' title='bbox 428 4135 534 4188; x_wconf 82' lang='lat' dir='ltr'><strong>tibi</strong></span> <span class='ocrx_word' id='word_1_588' title='bbox 565 4137 1013 4193; x_wconf 90' lang='lat' dir='ltr'><strong>terriculamenta</strong></span> <span class='ocrx_word' id='word_1_589' title='bbox 1045 4139 1344 4203; x_wconf 87' lang='lat' dir='ltr'><strong>intentare,</strong></span> <span class='ocrx_word' id='word_1_590' title='bbox 1381 4142 1531 4196; x_wconf 89' lang='lat' dir='ltr'><strong>velut</strong></span> <span class='ocrx_word' id='word_1_591' title='bbox 1557 4142 1663 4198; x_wconf 74' lang='lat' dir='ltr'><strong>illa:</strong></span> <span class='ocrx_word' id='word_1_592' title='bbox 1694 4145 2022 4215; x_wconf 88' lang='lat' dir='ltr'><strong>pusionibus</strong></span> 
     </span>
    </p>
   </div>
   <div class='ocr_carea' id='block_1_78' title="bbox 427 4227 2018 4303">
    <p class='ocr_par' dir='ltr' id='par_1_78' title="bbox 427 4227 2018 4303">
     <span class='ocr_line' id='line_1_78' title="bbox 427 4227 2018 4303; baseline 0.006 -22"><span class='ocrx_word' id='word_1_593' title='bbox 427 4227 573 4292; x_wconf 74' lang='lat' dir='ltr'><strong>suis,</strong></span> <span class='ocrx_word' id='word_1_594' title='bbox 606 4243 732 4282; x_wconf 91' lang='lat' dir='ltr'><strong>cum</strong></span> <span class='ocrx_word' id='word_1_595' title='bbox 782 4229 1076 4284; x_wconf 88' lang='lat' dir='ltr'><strong>immodice</strong></span> <span class='ocrx_word' id='word_1_596' title='bbox 1105 4232 1342 4301; x_wconf 88' lang='lat' dir='ltr'><strong>plorant,</strong></span> <span class='ocrx_word' id='word_1_597' title='bbox 1376 4232 1558 4290; x_wconf 80' lang='lat' dir='ltr'><strong>facere</strong></span> <span class='ocrx_word' id='word_1_598' title='bbox 1590 4243 2018 4303; x_wconf 82' lang='lat' dir='ltr'><strong>consueverunt,</strong></span> 
     </span>
    </p>
   </div>
   <div class='ocr_carea' id='block_1_79' title="bbox 435 4320 2018 4397">
    <p class='ocr_par' dir='ltr' id='par_1_79' title="bbox 435 4320 2018 4397">
     <span class='ocr_line' id='line_1_79' title="bbox 435 4320 2018 4397; baseline 0.008 -25"><span class='ocrx_word' id='word_1_599' title='bbox 435 4333 540 4386; x_wconf 81' lang='lat' dir='ltr'><strong>per</strong></span> <span class='ocrx_word' id='word_1_600' title='bbox 563 4320 716 4376; x_wconf 80' lang='lat' dir='ltr'><strong>[ictas</strong></span> <span class='ocrx_word' id='word_1_601' title='bbox 755 4322 1099 4378; x_wconf 86' lang='lat' dir='ltr'><strong>narrationes</strong></span> <span class='ocrx_word' id='word_1_602' title='bbox 1128 4321 1312 4378; x_wconf 80' lang='lat' dir='ltr'><strong>ﬂetum</strong></span> <span class='ocrx_word' id='word_1_603' title='bbox 1356 4340 1547 4380; x_wconf 90' lang='lat' dir='ltr'><strong>eorum</strong></span> <span class='ocrx_word' id='word_1_604' title='bbox 1583 4339 2018 4397; x_wconf 87' lang='lat' dir='ltr'><strong>compescentes.</strong></span> 
     </span>
    </p>
   </div>
   <div class='ocr_carea' id='block_1_80' title="bbox 435 4407 2020 4478">
    <p class='ocr_par' dir='ltr' id='par_1_80' title="bbox 435 4407 2020 4478">
     <span class='ocr_line' id='line_1_80' title="bbox 435 4407 2020 4478; baseline 0.007 -15"><span class='ocrx_word' id='word_1_605' title='bbox 435 4407 562 4465; x_wconf 67' lang='lat' dir='ltr'><strong>Haec</strong></span> <span class='ocrx_word' id='word_1_606' title='bbox 587 4411 736 4466; x_wconf 88' lang='lat' dir='ltr'><strong>enim</strong></span> <span class='ocrx_word' id='word_1_607' title='bbox 773 4427 882 4468; x_wconf 91' lang='lat' dir='ltr'><strong>non</strong></span> <span class='ocrx_word' id='word_1_608' title='bbox 914 4412 1112 4468; x_wconf 70' lang='lat' dir='ltr'><strong>fabula:</strong></span> <span class='ocrx_word' id='word_1_609' title='bbox 1137 4424 1286 4478; x_wconf 90' lang='lat' dir='ltr'><strong>sunt,</strong></span> <span class='ocrx_word' id='word_1_610' title='bbox 1315 4417 1408 4472; x_wconf 90' lang='lat' dir='ltr'><strong>sed</strong></span> <span class='ocrx_word' id='word_1_611' title='bbox 1435 4433 1600 4472; x_wconf 89' lang='lat' dir='ltr'><strong>verus</strong></span> <span class='ocrx_word' id='word_1_612' title='bbox 1640 4434 1824 4475; x_wconf 88' lang='lat' dir='ltr'><strong>sermo</strong></span> <span class='ocrx_word' id='word_1_613' title='bbox 1848 4420 2020 4474; x_wconf 90' lang='lat' dir='ltr'><strong>multo</strong></span> 
     </span>
    </p>
   </div>
   <div class='ocr_carea' id='block_1_81' title="bbox 2118 3753 3679 3848">
    <p class='ocr_par' dir='ltr' id='par_1_81' title="bbox 2118 3753 3679 3848">
     <span class='ocr_line' id='line_1_81' title="bbox 2118 3753 3679 3848; baseline -0.01 -18"><span class='ocrx_word' id='word_1_614' title='bbox 2118 3753 2429 3848; x_wconf 81' lang='grc' dir='ltr'>ἠσέϐησαν,</span> <span class='ocrx_word' id='word_1_615' title='bbox 2446 3775 2540 3828; x_wconf 72' lang='grc' dir='ltr'>καὶ</span> <span class='ocrx_word' id='word_1_616' title='bbox 2570 3774 2702 3845; x_wconf 80' lang='grc' dir='ltr'>περὶ</span> <span class='ocrx_word' id='word_1_617' title='bbox 2730 3773 2953 3831; x_wconf 79' lang='grc' dir='ltr'>πάντων</span> <span class='ocrx_word' id='word_1_618' title='bbox 2982 3769 3090 3824; x_wconf 85' lang='grc' dir='ltr'><strong>τῶν</strong></span> <span class='ocrx_word' id='word_1_619' title='bbox 3112 3767 3372 3840; x_wconf 86' lang='grc' dir='ltr'>σκληρῶν</span> <span class='ocrx_word' id='word_1_620' title='bbox 3406 3765 3590 3834; x_wconf 86' lang='grc' dir='ltr'>λόγων,</span> <span class='ocrx_word' id='word_1_621' title='bbox 3618 3753 3679 3816; x_wconf 82' lang='grc' dir='ltr'>ὧν</span> 
     </span>
    </p>
   </div>
   <div class='ocr_carea' id='block_1_82' title="bbox 2120 3861 3226 3939">
    <p class='ocr_par' dir='ltr' id='par_1_82' title="bbox 2120 3861 3226 3939">
     <span class='ocr_line' id='line_1_82' title="bbox 2120 3861 3226 3939; baseline -0.006 -17"><span class='ocrx_word' id='word_1_622' title='bbox 2120 3869 2391 3939; x_wconf 76' lang='grc' dir='ltr'>ἐλάλησαν</span> <span class='ocrx_word' id='word_1_623' title='bbox 2424 3868 2548 3921; x_wconf 83' lang='grc' dir='ltr'>κατ’</span> <span class='ocrx_word' id='word_1_624' title='bbox 2577 3864 2745 3920; x_wconf 86' lang='grc' dir='ltr'>αὑτοῦ</span> <span class='ocrx_word' id='word_1_625' title='bbox 2767 3865 2818 3920; x_wconf 92' lang='grc' dir='ltr'><strong>οί</strong></span> <span class='ocrx_word' id='word_1_626' title='bbox 2837 3861 3173 3936; x_wconf 84' lang='grc' dir='ltr'>ἁμαρτωλοί.</span> <span class='ocrx_word' id='word_1_627' title='bbox 3205 3880 3226 3915; x_wconf 75' lang='grc' dir='ltr'><strong>ι</strong></span> 
     </span>
    </p>
   </div>
   <div class='ocr_carea' id='block_1_83' title="bbox 2200 4033 3675 4116">
    <p class='ocr_par' dir='ltr' id='par_1_83' title="bbox 2200 4033 3675 4116">
     <span class='ocr_line' id='line_1_83' title="bbox 2200 4033 3675 4116; baseline -0.01 -16"><span class='ocrx_word' id='word_1_628' title='bbox 2200 4064 2220 4098; x_wconf 87' lang='grc' dir='ltr'><strong>ι</strong></span> <span class='ocrx_word' id='word_1_629' title='bbox 2256 4046 2347 4116; x_wconf 83' lang='grc' dir='ltr'>Μή</span> <span class='ocrx_word' id='word_1_630' title='bbox 2419 4061 2487 4115; x_wconf 88' lang='grc' dir='ltr'><strong>με</strong></span> <span class='ocrx_word' id='word_1_631' title='bbox 2552 4043 2754 4115; x_wconf 83' lang='grc' dir='ltr'>νομίσῃ</span> <span class='ocrx_word' id='word_1_632' title='bbox 2801 4041 2994 4112; x_wconf 83' lang='grc' dir='ltr'>ὥσπερ</span> <span class='ocrx_word' id='word_1_633' title='bbox 3040 4039 3262 4112; x_wconf 85' lang='grc' dir='ltr'>μητέρα</span> <span class='ocrx_word' id='word_1_634' title='bbox 3311 4038 3436 4092; x_wconf 76' lang='grc' dir='ltr'>τινὰ</span> <span class='ocrx_word' id='word_1_635' title='bbox 3476 4033 3675 4106; x_wconf 75' lang='grc' dir='ltr'>τροφὸν,</span> 
     </span>
    </p>
   </div>
   <div class='ocr_carea' id='block_1_84' title="bbox 2119 4127 3676 4208">
    <p class='ocr_par' dir='ltr' id='par_1_84' title="bbox 2119 4127 3676 4208">
     <span class='ocr_line' id='line_1_84' title="bbox 2119 4127 3676 4208; baseline -0.012 -15"><span class='ocrx_word' id='word_1_636' title='bbox 2119 4136 2290 4208; x_wconf 77' lang='grc' dir='ltr'>ψευδῆ</span> <span class='ocrx_word' id='word_1_637' title='bbox 2351 4153 2432 4189; x_wconf 88' lang='grc' dir='ltr'><strong>σοι</strong></span> <span class='ocrx_word' id='word_1_638' title='bbox 2474 4134 2855 4207; x_wconf 86' lang='grc' dir='ltr'>μορμολύκεια</span> <span class='ocrx_word' id='word_1_639' title='bbox 2905 4133 3195 4197; x_wconf 77' lang='grc' dir='ltr'>ἐπισείειν,</span> <span class='ocrx_word' id='word_1_640' title='bbox 3252 4130 3442 4199; x_wconf 83' lang='grc' dir='ltr'>ὥσπερ</span> <span class='ocrx_word' id='word_1_641' title='bbox 3497 4127 3676 4180; x_wconf 79' lang='grc' dir='ltr'>ἐκεῖναι</span> 
     </span>
    </p>
   </div>
   <div class='ocr_carea' id='block_1_85' title="bbox 2121 4217 3676 4302">
    <p class='ocr_par' dir='ltr' id='par_1_85' title="bbox 2121 4217 3676 4302">
     <span class='ocr_line' id='line_1_85' title="bbox 2121 4217 3676 4302; baseline -0.012 -18"><span class='ocrx_word' id='word_1_642' title='bbox 2121 4232 2299 4284; x_wconf 80' lang='grc' dir='ltr'>ποιεῖν</span> <span class='ocrx_word' id='word_1_643' title='bbox 2329 4229 2459 4302; x_wconf 73' lang='grc' dir='ltr'>περὶ</span> <span class='ocrx_word' id='word_1_644' title='bbox 2486 4230 2615 4293; x_wconf 84' lang='grc' dir='ltr'>τοὺς</span> <span class='ocrx_word' id='word_1_645' title='bbox 2641 4227 2871 4296; x_wconf 87' lang='grc' dir='ltr'>νηπίους</span> <span class='ocrx_word' id='word_1_646' title='bbox 2899 4225 3009 4280; x_wconf 85' lang='grc' dir='ltr'>τῶν</span> <span class='ocrx_word' id='word_1_647' title='bbox 3040 4224 3250 4280; x_wconf 88' lang='grc' dir='ltr'>παίδων</span> <span class='ocrx_word' id='word_1_648' title='bbox 3278 4223 3550 4282; x_wconf 70' lang='grc' dir='ltr'>εἰώθασιν,</span> <span class='ocrx_word' id='word_1_649' title='bbox 3568 4217 3676 4268; x_wconf 83' lang='grc' dir='ltr'>ὅταν</span> 
     </span>
    </p>
   </div>
   <div class='ocr_carea' id='block_1_86' title="bbox 2122 4310 3676 4394">
    <p class='ocr_par' dir='ltr' id='par_1_86' title="bbox 2122 4310 3676 4394">
     <span class='ocr_line' id='line_1_86' title="bbox 2122 4310 3676 4394; baseline -0.014 -16"><span class='ocrx_word' id='word_1_650' title='bbox 2122 4321 2399 4394; x_wconf 86' lang='grc' dir='ltr'>θρηνῶσιν</span> <span class='ocrx_word' id='word_1_651' title='bbox 2432 4320 2648 4375; x_wconf 78' lang='grc' dir='ltr'>ἄτακτα</span> <span class='ocrx_word' id='word_1_652' title='bbox 2673 4321 2768 4373; x_wconf 71' lang='grc' dir='ltr'>καὶ</span> <span class='ocrx_word' id='word_1_653' title='bbox 2795 4318 3100 4391; x_wconf 83' lang='grc' dir='ltr'>ἀπέραντα,</span> <span class='ocrx_word' id='word_1_654' title='bbox 3137 4318 3236 4371; x_wconf 72' lang='grc' dir='ltr'>καὶ</span> <span class='ocrx_word' id='word_1_655' title='bbox 3260 4315 3328 4369; x_wconf 89' lang='grc' dir='ltr'>δι’</span> <span class='ocrx_word' id='word_1_656' title='bbox 3359 4310 3676 4368; x_wconf 74' lang='grc' dir='ltr'>ἐπιπλάστων</span> 
     </span>
    </p>
   </div>
   <div class='ocr_carea' id='block_1_87' title="bbox 2121 4399 3673 4485">
    <p class='ocr_par' dir='ltr' id='par_1_87' title="bbox 2121 4399 3673 4485">
     <span class='ocr_line' id='line_1_87' title="bbox 2121 4399 3673 4485; baseline -0.006 -18"><span class='ocrx_word' id='word_1_657' title='bbox 2121 4414 2480 4485; x_wconf 84' lang='grc' dir='ltr'>διηγημάτων</span> <span class='ocrx_word' id='word_1_658' title='bbox 2537 4410 3025 4481; x_wconf 78' lang='grc' dir='ltr'>κάτασιγάζουσιν.</span> <span class='ocrx_word' id='word_1_659' title='bbox 3073 4408 3264 4463; x_wconf 85' lang='grc' dir='ltr'>Ταῦτα</span> <span class='ocrx_word' id='word_1_660' title='bbox 3298 4407 3396 4479; x_wconf 80' lang='grc' dir='ltr'>μὲν</span> <span class='ocrx_word' id='word_1_661' title='bbox 3417 4405 3477 4458; x_wconf 82' lang='grc' dir='ltr'>οὐ</span> <span class='ocrx_word' id='word_1_662' title='bbox 3509 4399 3673 4473; x_wconf 67' lang='grc' dir='ltr'>μῦθος,</span> 
     </span>
    </p>
   </div>
   <div class='ocr_carea' id='block_1_88' title="bbox 436 4485 2021 4581">
    <p class='ocr_par' dir='ltr' id='par_1_88' title="bbox 436 4507 2016 4581">
     <span class='ocr_line' id='line_1_88' title="bbox 436 4507 2016 4581; baseline 0.009 -26"><span class='ocrx_word' id='word_1_663' title='bbox 436 4513 562 4559; x_wconf 88' lang='lat' dir='ltr'><strong>ante</strong></span> <span class='ocrx_word' id='word_1_664' title='bbox 593 4507 986 4577; x_wconf 88' lang='lat' dir='ltr'><strong>pronuntiatus</strong></span> <span class='ocrx_word' id='word_1_665' title='bbox 1031 4509 1255 4563; x_wconf 83' lang='lat' dir='ltr'><strong>clamat.</strong></span> <span class='ocrx_word' id='word_1_666' title='bbox 1298 4510 1480 4580; x_wconf 85' lang='lat' dir='ltr'><strong>Atque</strong></span> <span class='ocrx_word' id='word_1_667' title='bbox 1532 4526 1632 4581; x_wconf 90' lang='lat' dir='ltr'><strong>pro</strong></span> <span class='ocrx_word' id='word_1_668' title='bbox 1662 4523 1814 4568; x_wconf 89' lang='lat' dir='ltr'><strong>certo</strong></span> <span class='ocrx_word' id='word_1_669' title='bbox 1855 4513 2016 4578; x_wconf 84' lang='lat' dir='ltr'><strong>habe,</strong></span> 
     </span>
    </p>
   </div>
   <div class='ocr_carea' id='block_1_89' title="bbox 2126 4485 3675 4581">
    <p class='ocr_par' dir='ltr' id='par_1_89' title="bbox 2126 4486 3675 4574">
     <span class='ocr_line' id='line_1_89' title="bbox 2126 4486 3675 4574; baseline -0.014 -14"><span class='ocrx_word' id='word_1_670' title='bbox 2126 4505 2263 4560; x_wconf 72' lang='grc' dir='ltr'>ἀλλὰ</span> <span class='ocrx_word' id='word_1_671' title='bbox 2311 4504 2468 4573; x_wconf 83' lang='grc' dir='ltr'>λόγος</span> <span class='ocrx_word' id='word_1_672' title='bbox 2521 4502 2762 4574; x_wconf 80' lang='grc' dir='ltr'>ἀψευδὴς</span> <span class='ocrx_word' id='word_1_673' title='bbox 2807 4499 3344 4573; x_wconf 85' lang='grc' dir='ltr'>προκεκηρυγμένος</span> <span class='ocrx_word' id='word_1_674' title='bbox 3375 4495 3553 4565; x_wconf 84' lang='grc' dir='ltr'>φωνεῖ.</span> <span class='ocrx_word' id='word_1_675' title='bbox 3583 4486 3675 4543; x_wconf 76' lang='grc' dir='ltr'><strong>Καὶ</strong></span> 
     </span>
    </p>
   </div>
   <div class='ocr_carea' id='block_1_90' title="bbox 433 4603 2021 4676">
    <p class='ocr_par' dir='ltr' id='par_1_90' title="bbox 433 4603 2021 4676">
     <span class='ocr_line' id='line_1_90' title="bbox 433 4603 2021 4676; baseline 0.006 -28"><span class='ocrx_word' id='word_1_676' title='bbox 433 4607 755 4652; x_wconf 85' lang='lat' dir='ltr'><strong>accuratum</strong></span> <span class='ocrx_word' id='word_1_677' title='bbox 807 4614 999 4654; x_wconf 87' lang='lat' dir='ltr'><strong>eorum</strong></span> <span class='ocrx_word' id='word_1_678' title='bbox 1047 4615 1170 4672; x_wconf 64' lang='lat' dir='ltr'><strong>qua:</strong></span> <span class='ocrx_word' id='word_1_679' title='bbox 1201 4603 1439 4673; x_wconf 87' lang='lat' dir='ltr'><strong>quisque</strong></span> <span class='ocrx_word' id='word_1_680' title='bbox 1491 4603 1548 4657; x_wconf 91' lang='lat' dir='ltr'><strong>in</strong></span> <span class='ocrx_word' id='word_1_681' title='bbox 1597 4603 1710 4660; x_wconf 87' lang='lat' dir='ltr'><strong>vita</strong></span> <span class='ocrx_word' id='word_1_682' title='bbox 1753 4604 2021 4676; x_wconf 80' lang='lat' dir='ltr'><strong>gesserit,</strong></span> 
     </span>
    </p>
   </div>
   <div class='ocr_carea' id='block_1_91' title="bbox 431 4689 837 4746">
    <p class='ocr_par' dir='ltr' id='par_1_91' title="bbox 431 4689 837 4746">
     <span class='ocr_line' id='line_1_91' title="bbox 431 4689 837 4746; baseline 0.012 -6"><span class='ocrx_word' id='word_1_683' title='bbox 431 4702 666 4744; x_wconf 81' lang='lat' dir='ltr'><strong>examen</strong></span> <span class='ocrx_word' id='word_1_684' title='bbox 701 4689 837 4746; x_wconf 82' lang='lat' dir='ltr'><strong>fore.</strong></span> 
     </span>
    </p>
   </div>
   <div class='ocr_carea' id='block_1_92' title="bbox 508 4780 2024 4856">
    <p class='ocr_par' dir='ltr' id='par_1_92' title="bbox 508 4780 2024 4856">
     <span class='ocr_line' id='line_1_92' title="bbox 508 4780 2024 4856; baseline 0.007 -22"><span class='ocrx_word' id='word_1_685' title='bbox 508 4780 786 4850; x_wconf 83' lang='lat' dir='ltr'><strong>Ejusdem.</strong></span> <span class='ocrx_word' id='word_1_686' title='bbox 813 4812 888 4824; x_wconf 92' lang='lat'><em>-</em></span> <span class='ocrx_word' id='word_1_687' title='bbox 910 4783 1078 4856; x_wconf 58' lang='lat'><strong>35.8</strong></span> <span class='ocrx_word' id='word_1_688' title='bbox 1113 4783 1232 4841; x_wconf 89' lang='lat' dir='ltr'><strong>Non</strong></span> <span class='ocrx_word' id='word_1_689' title='bbox 1291 4785 1406 4841; x_wconf 92' lang='lat' dir='ltr'><strong>illic</strong></span> <span class='ocrx_word' id='word_1_690' title='bbox 1455 4795 1645 4842; x_wconf 82' lang='lat' dir='ltr'><strong>orator</strong></span> <span class='ocrx_word' id='word_1_691' title='bbox 1679 4785 1872 4851; x_wconf 85' lang='lat' dir='ltr'><strong>adest,</strong></span> <span class='ocrx_word' id='word_1_692' title='bbox 1913 4804 2024 4844; x_wconf 83' lang='lat' dir='ltr'><strong>non</strong></span> 
     </span>
    </p>
   </div>
   <div class='ocr_carea' id='block_1_93' title="bbox 435 4872 2027 4950">
    <p class='ocr_par' dir='ltr' id='par_1_93' title="bbox 435 4872 2027 4950">
     <span class='ocr_line' id='line_1_93' title="bbox 435 4872 2027 4950; baseline 0.007 -26"><span class='ocrx_word' id='word_1_693' title='bbox 435 4872 731 4928; x_wconf 84' lang='lat' dir='ltr'><strong>verborum</strong></span> <span class='ocrx_word' id='word_1_694' title='bbox 779 4874 1138 4938; x_wconf 87' lang='lat' dir='ltr'><strong>lenocinium.</strong></span> <span class='ocrx_word' id='word_1_695' title='bbox 1190 4877 1338 4947; x_wconf 88' lang='lat' dir='ltr'><strong>quod</strong></span> <span class='ocrx_word' id='word_1_696' title='bbox 1391 4877 1678 4934; x_wconf 84' lang='lat' dir='ltr'><strong>veritatem</strong></span> <span class='ocrx_word' id='word_1_697' title='bbox 1739 4879 2027 4950; x_wconf 87' lang='lat' dir='ltr'><strong>subripere</strong></span> 
     </span>
    </p>
   </div>
   <div class='ocr_carea' id='block_1_94' title="bbox 433 4962 2024 5043">
    <p class='ocr_par' dir='ltr' id='par_1_94' title="bbox 433 4962 2024 5043">
     <span class='ocr_line' id='line_1_94' title="bbox 433 4962 2024 5043; baseline 0.006 -25"><span class='ocrx_word' id='word_1_698' title='bbox 433 4962 608 5032; x_wconf 65' lang='lat' dir='ltr'><strong>iudici</strong></span> <span class='ocrx_word' id='word_1_699' title='bbox 636 4975 804 5037; x_wconf 88' lang='lat' dir='ltr'><strong>queat</strong></span> <span class='ocrx_word' id='word_1_700' title='bbox 833 4986 846 5023; x_wconf 93' lang='lat'><strong>:</strong></span> <span class='ocrx_word' id='word_1_701' title='bbox 877 4984 988 5024; x_wconf 91' lang='lat' dir='ltr'><strong>non</strong></span> <span class='ocrx_word' id='word_1_702' title='bbox 1020 4969 1336 5027; x_wconf 88' lang='lat' dir='ltr'><strong>adulatores</strong></span> <span class='ocrx_word' id='word_1_703' title='bbox 1353 4973 1709 5035; x_wconf 86' lang='lat' dir='ltr'><strong>comitantur,</strong></span> <span class='ocrx_word' id='word_1_704' title='bbox 1727 4987 1837 5028; x_wconf 92' lang='lat' dir='ltr'><strong>non</strong></span> <span class='ocrx_word' id='word_1_705' title='bbox 1867 4987 2024 5043; x_wconf 84' lang='lat' dir='ltr'><strong>epes,</strong></span> 
     </span>
    </p>
   </div>
   <div class='ocr_carea' id='block_1_95' title="bbox 437 5059 2026 5135">
    <p class='ocr_par' dir='ltr' id='par_1_95' title="bbox 437 5059 2026 5135">
     <span class='ocr_line' id='line_1_95' title="bbox 437 5059 2026 5135; baseline 0.007 -25"><span class='ocrx_word' id='word_1_706' title='bbox 437 5071 553 5112; x_wconf 83' lang='lat' dir='ltr'><strong>non</strong></span> <span class='ocrx_word' id='word_1_707' title='bbox 593 5059 876 5127; x_wconf 81' lang='lat' dir='ltr'><strong>dignitatis</strong></span> <span class='ocrx_word' id='word_1_708' title='bbox 929 5062 1126 5118; x_wconf 83' lang='lat' dir='ltr'><strong>fastus.</strong></span> <span class='ocrx_word' id='word_1_709' title='bbox 1154 5062 1377 5120; x_wconf 82' lang='lat' dir='ltr'><strong>Vacuus</strong></span> <span class='ocrx_word' id='word_1_710' title='bbox 1420 5065 1634 5132; x_wconf 88' lang='lat' dir='ltr'><strong>amicis,</strong></span> <span class='ocrx_word' id='word_1_711' title='bbox 1679 5065 2026 5135; x_wconf 72' lang='lat' dir='ltr'><strong>adiutoribus</strong></span> 
     </span>
    </p>
   </div>
   <div class='ocr_carea' id='block_1_96' title="bbox 434 5152 2024 5228">
    <p class='ocr_par' dir='ltr' id='par_1_96' title="bbox 434 5152 2024 5228">
     <span class='ocr_line' id='line_1_96' title="bbox 434 5152 2024 5228; baseline 0.004 -24"><span class='ocrx_word' id='word_1_712' title='bbox 434 5159 497 5204; x_wconf 75' lang='lat' dir='ltr'><strong>et</strong></span> <span class='ocrx_word' id='word_1_713' title='bbox 526 5152 800 5219; x_wconf 83' lang='lat' dir='ltr'><strong>patronis.</strong></span> <span class='ocrx_word' id='word_1_714' title='bbox 845 5152 1081 5222; x_wconf 86' lang='lat' dir='ltr'><strong>quisque</strong></span> <span class='ocrx_word' id='word_1_715' title='bbox 1130 5154 1376 5212; x_wconf 80' lang='lat' dir='ltr'><strong>suli‘usus</strong></span> <span class='ocrx_word' id='word_1_716' title='bbox 1418 5157 1626 5228; x_wconf 84' lang='lat' dir='ltr'><strong>pudore</strong></span> <span class='ocrx_word' id='word_1_717' title='bbox 1660 5157 2024 5228; x_wconf 87' lang='lat' dir='ltr'><strong>relinquetur,</strong></span> 
     </span>
    </p>
   </div>
   <div class='ocr_carea' id='block_1_97' title="bbox 439 5244 2028 5323">
    <p class='ocr_par' dir='ltr' id='par_1_97' title="bbox 439 5244 2028 5323">
     <span class='ocr_line' id='line_1_97' title="bbox 439 5244 2028 5323; baseline 0.011 -31"><span class='ocrx_word' id='word_1_718' title='bbox 439 5249 696 5306; x_wconf 71' lang='lat' dir='ltr'><strong>nimstus,</strong></span> <span class='ocrx_word' id='word_1_719' title='bbox 727 5244 924 5310; x_wconf 83' lang='lat' dir='ltr'><strong>tristis,</strong></span> <span class='ocrx_word' id='word_1_720' title='bbox 969 5246 1145 5312; x_wconf 85' lang='lat' dir='ltr'><strong>solus,</strong></span> <span class='ocrx_word' id='word_1_721' title='bbox 1182 5247 1394 5304; x_wconf 71' lang='lat' dir='ltr'><strong>ﬁducia:</strong></span> <span class='ocrx_word' id='word_1_722' title='bbox 1430 5266 1648 5322; x_wconf 82' lang='lat' dir='ltr'><strong>expers.</strong></span> <span class='ocrx_word' id='word_1_723' title='bbox 1681 5254 2028 5323; x_wconf 75' lang='lat' dir='ltr'><strong>Quocunque</strong></span> 
     </span>
    </p>
   </div>
   <div class='ocr_carea' id='block_1_98' title="bbox 437 5334 2026 5416">
    <p class='ocr_par' dir='ltr' id='par_1_98' title="bbox 437 5334 2026 5416">
     <span class='ocr_line' id='line_1_98' title="bbox 437 5334 2026 5416; baseline 0.008 -31"><span class='ocrx_word' id='word_1_724' title='bbox 437 5334 719 5405; x_wconf 87' lang='lat' dir='ltr'><strong>quispiam</strong></span> <span class='ocrx_word' id='word_1_725' title='bbox 773 5337 965 5392; x_wconf 89' lang='lat' dir='ltr'><strong>oculos</strong></span> <span class='ocrx_word' id='word_1_726' title='bbox 1007 5342 1363 5407; x_wconf 85' lang='lat' dir='ltr'><strong>converterit,</strong></span> <span class='ocrx_word' id='word_1_727' title='bbox 1425 5343 1743 5414; x_wconf 78' lang='lat' dir='ltr'><strong>perspicuas</strong></span> <span class='ocrx_word' id='word_1_728' title='bbox 1796 5359 2026 5416; x_wconf 88' lang='lat' dir='ltr'><strong>operum</strong></span> 
     </span>
    </p>
   </div>
   <div class='ocr_carea' id='block_1_99' title="bbox 440 5424 2025 5503">
    <p class='ocr_par' dir='ltr' id='par_1_99' title="bbox 440 5424 2025 5503">
     <span class='ocr_line' id='line_1_99' title="bbox 440 5424 2025 5503; baseline 0.009 -29"><span class='ocrx_word' id='word_1_729' title='bbox 440 5434 672 5476; x_wconf 85' lang='lat' dir='ltr'><strong>suorum</strong></span> <span class='ocrx_word' id='word_1_730' title='bbox 693 5424 962 5490; x_wconf 76' lang='lat' dir='ltr'><strong>imagines</strong></span> <span class='ocrx_word' id='word_1_731' title='bbox 993 5435 1200 5483; x_wconf 88' lang='lat' dir='ltr'><strong>cernet.</strong></span> <span class='ocrx_word' id='word_1_732' title='bbox 1238 5427 1374 5484; x_wconf 87' lang='lat' dir='ltr'><strong>Nam</strong></span> <span class='ocrx_word' id='word_1_733' title='bbox 1400 5433 1551 5488; x_wconf 75' lang='lat' dir='ltr'><strong>velut</strong></span> <span class='ocrx_word' id='word_1_734' title='bbox 1579 5433 1770 5488; x_wconf 90' lang='lat' dir='ltr'><strong>umbra</strong></span> <span class='ocrx_word' id='word_1_735' title='bbox 1799 5448 2025 5503; x_wconf 82' lang='lat' dir='ltr'><strong>COrpllS,</strong></span> 
     </span>
    </p>
   </div>
   <div class='ocr_carea' id='block_1_100' title="bbox 443 5508 2026 5596">
    <p class='ocr_par' dir='ltr' id='par_1_100' title="bbox 443 5508 2026 5596">
     <span class='ocr_line' id='line_1_100' title="bbox 443 5508 2026 5596; baseline 0.009 -29"><span class='ocrx_word' id='word_1_736' title='bbox 443 5508 522 5567; x_wconf 75' lang='lat' dir='ltr'><strong>ita</strong></span> <span class='ocrx_word' id='word_1_737' title='bbox 553 5525 771 5583; x_wconf 86' lang='lat' dir='ltr'><strong>peccata</strong></span> <span class='ocrx_word' id='word_1_738' title='bbox 812 5530 1024 5573; x_wconf 75' lang='lat' dir='ltr'><strong>animas</strong></span> <span class='ocrx_word' id='word_1_739' title='bbox 1062 5531 1388 5591; x_wconf 86' lang='lat' dir='ltr'><strong>sequuntur,</strong></span> <span class='ocrx_word' id='word_1_740' title='bbox 1424 5525 1707 5582; x_wconf 85' lang='lat' dir='ltr'><strong>evidentes</strong></span> <span class='ocrx_word' id='word_1_741' title='bbox 1736 5525 2026 5596; x_wconf 75' lang='lat' dir='ltr'><strong>elligiantia</strong></span> 
     </span>
    </p>
   </div>
   <div class='ocr_carea' id='block_1_101' title="bbox 439 5606 2027 5684">
    <p class='ocr_par' dir='ltr' id='par_1_101' title="bbox 439 5606 2027 5684">
     <span class='ocr_line' id='line_1_101' title="bbox 439 5606 2027 5684; baseline 0.007 -25"><span class='ocrx_word' id='word_1_742' title='bbox 439 5606 663 5675; x_wconf 83' lang='lat' dir='ltr'><strong>species</strong></span> <span class='ocrx_word' id='word_1_743' title='bbox 691 5609 992 5664; x_wconf 89' lang='lat' dir='ltr'><strong>actionum.</strong></span> <span class='ocrx_word' id='word_1_744' title='bbox 1031 5609 1225 5670; x_wconf 85' lang='lat' dir='ltr'><strong>Nullus</strong></span> <span class='ocrx_word' id='word_1_745' title='bbox 1259 5615 1490 5684; x_wconf 89' lang='lat' dir='ltr'><strong>proinde</strong></span> <span class='ocrx_word' id='word_1_746' title='bbox 1541 5615 1652 5670; x_wconf 83' lang='lat' dir='ltr'><strong>illic</strong></span> <span class='ocrx_word' id='word_1_747' title='bbox 1701 5616 2027 5671; x_wconf 75' lang='lat' dir='ltr'><strong>inliciationi</strong></span> 
     </span>
    </p>
   </div>
   <div class='ocr_carea' id='block_1_102' title="bbox 446 5694 2029 5774">
    <p class='ocr_par' dir='ltr' id='par_1_102' title="bbox 446 5694 2029 5774">
     <span class='ocr_line' id='line_1_102' title="bbox 446 5694 2029 5774; baseline 0.009 -25"><span class='ocrx_word' id='word_1_748' title='bbox 446 5694 604 5753; x_wconf 76' lang='lat' dir='ltr'><strong>locus</strong></span> <span class='ocrx_word' id='word_1_749' title='bbox 645 5710 750 5764; x_wconf 84' lang='lat' dir='ltr'><strong>est,</strong></span> <span class='ocrx_word' id='word_1_750' title='bbox 793 5699 886 5754; x_wconf 79' lang='lat' dir='ltr'><strong>sed</strong></span> <span class='ocrx_word' id='word_1_751' title='bbox 919 5717 1080 5759; x_wconf 87' lang='lat' dir='ltr'><strong>omne</strong></span> <span class='ocrx_word' id='word_1_752' title='bbox 1103 5721 1166 5760; x_wconf 92' lang='lat' dir='ltr'><strong>os</strong></span> <span class='ocrx_word' id='word_1_753' title='bbox 1223 5706 1510 5774; x_wconf 85' lang='lat' dir='ltr'><strong>impudens</strong></span> <span class='ocrx_word' id='word_1_754' title='bbox 1555 5709 1868 5763; x_wconf 83' lang='lat' dir='ltr'><strong>obturatur.</strong></span> <span class='ocrx_word' id='word_1_755' title='bbox 1919 5707 2029 5763; x_wconf 77' lang='lat' dir='ltr'><strong>Res</strong></span> 
     </span>
    </p>
   </div>
   <div class='ocr_carea' id='block_1_103' title="bbox 442 5790 2030 5871">
    <p class='ocr_par' dir='ltr' id='par_1_103' title="bbox 442 5790 2030 5871">
     <span class='ocr_line' id='line_1_103' title="bbox 442 5790 2030 5871; baseline 0.004 -23"><span class='ocrx_word' id='word_1_756' title='bbox 442 5790 594 5850; x_wconf 70' lang='lat' dir='ltr'><strong>enim</strong></span> <span class='ocrx_word' id='word_1_757' title='bbox 632 5790 762 5863; x_wconf 72' lang='lat' dir='ltr'><strong>ipsm</strong></span> <span class='ocrx_word' id='word_1_758' title='bbox 782 5792 1095 5863; x_wconf 64' lang='lat' dir='ltr'><strong>singulatim</strong></span> <span class='ocrx_word' id='word_1_759' title='bbox 1126 5797 1503 5854; x_wconf 73' lang='lat' dir='ltr'><strong>testimonium</strong></span> <span class='ocrx_word' id='word_1_760' title='bbox 1541 5799 1748 5864; x_wconf 84' lang='lat' dir='ltr'><strong>dicunt,</strong></span> <span class='ocrx_word' id='word_1_761' title='bbox 1777 5815 1885 5854; x_wconf 90' lang='lat' dir='ltr'><strong>non</strong></span> <span class='ocrx_word' id='word_1_762' title='bbox 1909 5799 2030 5871; x_wconf 87' lang='lat' dir='ltr'><strong>qui-</strong></span> 
     </span>
    </p>
   </div>
   <div class='ocr_carea' id='block_1_104' title="bbox 2129 4583 3672 4668">
    <p class='ocr_par' dir='ltr' id='par_1_104' title="bbox 2129 4583 3672 4668">
     <span class='ocr_line' id='line_1_104' title="bbox 2129 4583 3672 4668; baseline -0.011 -19"><span class='ocrx_word' id='word_1_763' title='bbox 2129 4596 2238 4650; x_wconf 85' lang='grc' dir='ltr'>ῐσθι</span> <span class='ocrx_word' id='word_1_764' title='bbox 2266 4595 2533 4668; x_wconf 84' lang='grc' dir='ltr'>ἀκριϐῶς,</span> <span class='ocrx_word' id='word_1_765' title='bbox 2563 4596 2648 4650; x_wconf 85' lang='grc' dir='ltr'>ὃτι</span> <span class='ocrx_word' id='word_1_766' title='bbox 2683 4595 2976 4666; x_wconf 83' lang='grc' dir='ltr'>γενήσεται</span> <span class='ocrx_word' id='word_1_767' title='bbox 3022 4593 3132 4649; x_wconf 85' lang='grc' dir='ltr'><strong>τῶν</strong></span> <span class='ocrx_word' id='word_1_768' title='bbox 3163 4589 3510 4665; x_wconf 79' lang='grc' dir='ltr'>βεϐιωμένων</span> <span class='ocrx_word' id='word_1_769' title='bbox 3540 4583 3672 4648; x_wconf 79' lang='grc' dir='ltr'>ἔλεγ-</span> 
     </span>
    </p>
   </div>
   <div class='ocr_carea' id='block_1_105' title="bbox 2125 4687 2504 4758">
    <p class='ocr_par' dir='ltr' id='par_1_105' title="bbox 2125 4687 2504 4758">
     <span class='ocr_line' id='line_1_105' title="bbox 2125 4687 2504 4758; baseline 0.003 -17"><span class='ocrx_word' id='word_1_770' title='bbox 2125 4705 2220 4758; x_wconf 90' lang='grc' dir='ltr'>χος</span> <span class='ocrx_word' id='word_1_771' title='bbox 2245 4687 2504 4758; x_wconf 85' lang='grc' dir='ltr'>ἀκριϐής.</span> 
     </span>
    </p>
   </div>
   <div class='ocr_carea' id='block_1_106' title="bbox 2197 4765 3717 4853">
    <p class='ocr_par' dir='ltr' id='par_1_106' title="bbox 2197 4765 3717 4853">
     <span class='ocr_line' id='line_1_106' title="bbox 2197 4765 3717 4853; baseline -0.016 -17"><span class='ocrx_word' id='word_1_772' title='bbox 2197 4782 2313 4836; x_wconf 82' lang='grc' dir='ltr'>Οὐκ</span> <span class='ocrx_word' id='word_1_773' title='bbox 2344 4781 2422 4834; x_wconf 74' lang='grc' dir='ltr'>ἔνι</span> <span class='ocrx_word' id='word_1_774' title='bbox 2455 4781 2644 4853; x_wconf 77' lang='grc' dir='ltr'>ῥήτωρ</span> <span class='ocrx_word' id='word_1_775' title='bbox 2674 4779 2822 4833; x_wconf 82' lang='grc' dir='ltr'><strong>ὲκεῖ’</strong></span> <span class='ocrx_word' id='word_1_776' title='bbox 2854 4777 2956 4832; x_wconf 79' lang='grc' dir='ltr'><strong>οὐκ</strong></span> <span class='ocrx_word' id='word_1_777' title='bbox 2982 4777 3063 4831; x_wconf 70' lang='grc' dir='ltr'>ἔνι</span> <span class='ocrx_word' id='word_1_778' title='bbox 3095 4774 3389 4843; x_wconf 82' lang='grc' dir='ltr'>πιθανότης</span> <span class='ocrx_word' id='word_1_779' title='bbox 3420 4765 3670 4841; x_wconf 78' lang='grc' dir='ltr'>ῥημάτων,</span> <span class='ocrx_word' id='word_1_780' title='bbox 3715 4829 3717 4836; x_wconf 29' lang='grc' dir='ltr'>ι</span> 
     </span>
    </p>
   </div>
   <div class='ocr_carea' id='block_1_107' title="bbox 2129 4854 3672 4946">
    <p class='ocr_par' dir='ltr' id='par_1_107' title="bbox 2129 4854 3672 4946">
     <span class='ocr_line' id='line_1_107' title="bbox 2129 4854 3672 4946; baseline -0.012 -16"><span class='ocrx_word' id='word_1_781' title='bbox 2129 4876 2328 4946; x_wconf 77' lang='grc' dir='ltr'>κλέψαι</span> <span class='ocrx_word' id='word_1_782' title='bbox 2363 4875 2640 4946; x_wconf 81' lang='grc' dir='ltr'>δυναμένη</span> <span class='ocrx_word' id='word_1_783' title='bbox 2673 4872 2771 4927; x_wconf 86' lang='grc' dir='ltr'><strong>τοῦ</strong></span> <span class='ocrx_word' id='word_1_784' title='bbox 2823 4870 3085 4927; x_wconf 86' lang='grc' dir='ltr'>δικαστοῦ</span> <span class='ocrx_word' id='word_1_785' title='bbox 3139 4870 3242 4941; x_wconf 78' lang='grc' dir='ltr'>τὴν</span> <span class='ocrx_word' id='word_1_786' title='bbox 3267 4866 3518 4938; x_wconf 84' lang='grc' dir='ltr'>ἀλήθειαν</span> <span class='ocrx_word' id='word_1_787' title='bbox 3541 4875 3552 4888; x_wconf 89' lang='grc'><strong>·</strong></span> <span class='ocrx_word' id='word_1_788' title='bbox 3590 4854 3672 4908; x_wconf 79' lang='grc' dir='ltr'><strong>οὒκ</strong></span> 
     </span>
    </p>
   </div>
   <div class='ocr_carea' id='block_1_108' title="bbox 2127 4949 3694 5032">
    <p class='ocr_par' dir='ltr' id='par_1_108' title="bbox 2127 4949 3694 5032">
     <span class='ocr_line' id='line_1_108' title="bbox 2127 4949 3694 5032; baseline -0.012 -10"><span class='ocrx_word' id='word_1_789' title='bbox 2127 4965 2486 5022; x_wconf 84' lang='grc' dir='ltr'>ἀκολουθοῦσι</span> <span class='ocrx_word' id='word_1_790' title='bbox 2544 4963 2795 5027; x_wconf 75' lang='grc' dir='ltr'>κόλακες,</span> <span class='ocrx_word' id='word_1_791' title='bbox 2850 4963 2913 5018; x_wconf 86' lang='grc' dir='ltr'><strong>οὐ</strong></span> <span class='ocrx_word' id='word_1_792' title='bbox 2968 4961 3038 5015; x_wconf 87' lang='grc' dir='ltr'><strong>τά</strong></span> <span class='ocrx_word' id='word_1_793' title='bbox 3091 4960 3373 5032; x_wconf 87' lang='grc' dir='ltr'>χρήματα,</span> <span class='ocrx_word' id='word_1_794' title='bbox 3405 4951 3508 5008; x_wconf 80' lang='grc' dir='ltr'>οὐδ’</span> <span class='ocrx_word' id='word_1_795' title='bbox 3535 4949 3694 5024; x_wconf 10' lang='grc' dir='ltr'>ὄγκος.</span> 
     </span>
    </p>
   </div>
   <div class='ocr_carea' id='block_1_109' title="bbox 2127 5042 3672 5129">
    <p class='ocr_par' dir='ltr' id='par_1_109' title="bbox 2127 5042 3672 5129">
     <span class='ocr_line' id='line_1_109' title="bbox 2127 5042 3672 5129; baseline -0.026 -4"><span class='ocrx_word' id='word_1_796' title='bbox 2127 5056 2476 5129; x_wconf 80' lang='grc' dir='ltr'>ἀξιώματος·</span> <span class='ocrx_word' id='word_1_797' title='bbox 2514 5056 2721 5127; x_wconf 81' lang='grc' dir='ltr'>ἔρημος</span> <span class='ocrx_word' id='word_1_798' title='bbox 2777 5054 2973 5123; x_wconf 85' lang='grc' dir='ltr'>φίλων,</span> <span class='ocrx_word' id='word_1_799' title='bbox 3025 5052 3233 5124; x_wconf 73' lang='grc' dir='ltr'>ἔρημος</span> <span class='ocrx_word' id='word_1_800' title='bbox 3275 5044 3502 5120; x_wconf 85' lang='grc' dir='ltr'>βοηθῶν,</span> <span class='ocrx_word' id='word_1_801' title='bbox 3531 5042 3672 5092; x_wconf 78' lang='grc' dir='ltr'>ἀσυν·</span> 
     </span>
    </p>
   </div>
   <div class='ocr_carea' id='block_1_110' title="bbox 2127 5134 3668 5221">
    <p class='ocr_par' dir='ltr' id='par_1_110' title="bbox 2127 5134 3668 5221">
     <span class='ocr_line' id='line_1_110' title="bbox 2127 5134 3668 5221; baseline -0.019 -13"><span class='ocrx_word' id='word_1_802' title='bbox 2127 5150 2418 5221; x_wconf 83' lang='grc' dir='ltr'>ηγόρητος,</span> <span class='ocrx_word' id='word_1_803' title='bbox 2451 5146 2952 5216; x_wconf 79' lang='grc' dir='ltr'>καταισχυνόμενος</span> <span class='ocrx_word' id='word_1_804' title='bbox 2966 5143 3198 5206; x_wconf 74' lang='grc' dir='ltr'>ἕκαστος</span> <span class='ocrx_word' id='word_1_805' title='bbox 3223 5134 3668 5204; x_wconf 69' lang='grc' dir='ltr'>ἁπολειφθήσεταν</span> 
     </span>
    </p>
   </div>
   <div class='ocr_carea' id='block_1_111' title="bbox 2130 5226 3666 5324">
    <p class='ocr_par' dir='ltr' id='par_1_111' title="bbox 2130 5226 3666 5324">
     <span class='ocr_line' id='line_1_111' title="bbox 2130 5226 3666 5324; baseline -0.016 -27"><span class='ocrx_word' id='word_1_806' title='bbox 2130 5242 2474 5313; x_wconf 76' lang='grc' dir='ltr'>σκυθρωπὸς,</span> <span class='ocrx_word' id='word_1_807' title='bbox 2498 5239 2772 5310; x_wconf 75' lang='grc' dir='ltr'>κατηφὴς,</span> <span class='ocrx_word' id='word_1_808' title='bbox 2801 5237 3210 5310; x_wconf 85' lang='grc' dir='ltr'>μεμονωμένος,</span> <span class='ocrx_word' id='word_1_809' title='bbox 3231 5226 3666 5324; x_wconf 62' lang='grc' dir='ltr'>ἀπαρρησίαστος.</span> 
     </span>
    </p>
   </div>
   <div class='ocr_carea' id='block_1_112' title="bbox 2131 5323 3670 5420">
    <p class='ocr_par' dir='ltr' id='par_1_112' title="bbox 2131 5323 3670 5420">
     <span class='ocr_line' id='line_1_112' title="bbox 2131 5323 3670 5420; baseline -0.013 -29"><span class='ocrx_word' id='word_1_810' title='bbox 2131 5339 2308 5390; x_wconf 84' lang='grc' dir='ltr'>Ὅπου</span> <span class='ocrx_word' id='word_1_811' title='bbox 2364 5335 2430 5389; x_wconf 79' lang='grc' dir='ltr'><strong>ἄν</strong></span> <span class='ocrx_word' id='word_1_812' title='bbox 2469 5353 2556 5397; x_wconf 90' lang='grc' dir='ltr'><strong>τις</strong></span> <span class='ocrx_word' id='word_1_813' title='bbox 2613 5333 2931 5404; x_wconf 80' lang='grc' dir='ltr'>περιαγάγῃ</span> <span class='ocrx_word' id='word_1_814' title='bbox 2986 5330 3081 5383; x_wconf 87' lang='grc' dir='ltr'><strong>τὸν</strong></span> <span class='ocrx_word' id='word_1_815' title='bbox 3107 5326 3403 5420; x_wconf 82' lang='grc' dir='ltr'>ὀφθαλμὸν,</span> <span class='ocrx_word' id='word_1_816' title='bbox 3451 5323 3670 5420; x_wconf 31' lang='grc' dir='ltr'>ἐναριγεξ</span> 
     </span>
    </p>
   </div>
   <div class='ocr_carea' id='block_1_113' title="bbox 2129 5415 3667 5500">
    <p class='ocr_par' dir='ltr' id='par_1_113' title="bbox 2129 5415 3667 5500">
     <span class='ocr_line' id='line_1_113' title="bbox 2129 5415 3667 5500; baseline -0.01 -17"><span class='ocrx_word' id='word_1_817' title='bbox 2129 5431 2322 5500; x_wconf 70' lang='grc' dir='ltr'>ὕψεται</span> <span class='ocrx_word' id='word_1_818' title='bbox 2353 5429 2464 5482; x_wconf 80' lang='grc' dir='ltr'><strong>τῶν</strong></span> <span class='ocrx_word' id='word_1_819' title='bbox 2503 5428 2682 5498; x_wconf 78' lang='grc' dir='ltr'>ἔργων</span> <span class='ocrx_word' id='word_1_820' title='bbox 2716 5425 2815 5489; x_wconf 80' lang='grc' dir='ltr'><strong>τὰς</strong></span> <span class='ocrx_word' id='word_1_821' title='bbox 2837 5423 3078 5486; x_wconf 85' lang='grc' dir='ltr'>εἰκόνας.</span> <span class='ocrx_word' id='word_1_822' title='bbox 3109 5423 3320 5490; x_wconf 83' lang='grc' dir='ltr'>Ὥσπερ</span> <span class='ocrx_word' id='word_1_823' title='bbox 3341 5415 3446 5484; x_wconf 88' lang='grc' dir='ltr'><strong>γάρ</strong></span> <span class='ocrx_word' id='word_1_824' title='bbox 3476 5415 3587 5461; x_wconf 78' lang='grc' dir='ltr'><strong>σκιά</strong></span> <span class='ocrx_word' id='word_1_825' title='bbox 3606 5415 3667 5467; x_wconf 66' lang='grc' dir='ltr'><strong>τῳ</strong></span> 
     </span>
    </p>
   </div>
   <div class='ocr_carea' id='block_1_114' title="bbox 2132 5503 3664 5607">
    <p class='ocr_par' dir='ltr' id='par_1_114' title="bbox 2132 5503 3664 5607">
     <span class='ocr_line' id='line_1_114' title="bbox 2132 5503 3664 5607; baseline -0.007 -31"><span class='ocrx_word' id='word_1_826' title='bbox 2132 5523 2370 5593; x_wconf 85' lang='grc' dir='ltr'>σώματι,</span> <span class='ocrx_word' id='word_1_827' title='bbox 2399 5521 2544 5575; x_wconf 73' lang='grc' dir='ltr'>οὕτω</span> <span class='ocrx_word' id='word_1_828' title='bbox 2567 5522 2687 5583; x_wconf 81' lang='grc' dir='ltr'>ταῖς</span> <span class='ocrx_word' id='word_1_829' title='bbox 2713 5520 2914 5588; x_wconf 78' lang='grc' dir='ltr'>ψυχαῖς</span> <span class='ocrx_word' id='word_1_830' title='bbox 2945 5518 2999 5569; x_wconf 84' lang='grc' dir='ltr'><strong>αί</strong></span> <span class='ocrx_word' id='word_1_831' title='bbox 3031 5513 3298 5586; x_wconf 85' lang='grc' dir='ltr'>ἁμαρτίαι</span> <span class='ocrx_word' id='word_1_832' title='bbox 3345 5503 3664 5607; x_wconf 44' lang='grc' dir='ltr'>παρέξοντξῆ</span> 
     </span>
    </p>
   </div>
   <div class='ocr_carea' id='block_1_115' title="bbox 2131 5599 3665 5698">
    <p class='ocr_par' dir='ltr' id='par_1_115' title="bbox 2131 5599 3665 5695">
     <span class='ocr_line' id='line_1_115' title="bbox 2131 5599 3665 5695; baseline -0.016 -26"><span class='ocrx_word' id='word_1_833' title='bbox 2131 5617 2382 5687; x_wconf 80' lang='grc' dir='ltr'>ἐναργεῖς</span> <span class='ocrx_word' id='word_1_834' title='bbox 2415 5615 2516 5677; x_wconf 84' lang='grc' dir='ltr'><strong>τὰς</strong></span> <span class='ocrx_word' id='word_1_835' title='bbox 2555 5613 2786 5683; x_wconf 75' lang='grc' dir='ltr'>πράξεις</span> <span class='ocrx_word' id='word_1_836' title='bbox 2819 5610 3267 5676; x_wconf 77' lang='grc' dir='ltr'>ὲξεικονίζουσαι.</span> <span class='ocrx_word' id='word_1_837' title='bbox 3305 5603 3400 5657; x_wconf 78' lang='grc' dir='ltr'>Διά</span> <span class='ocrx_word' id='word_1_838' title='bbox 3421 5599 3565 5652; x_wconf 83' lang='grc' dir='ltr'>τοῦτο</span> <span class='ocrx_word' id='word_1_839' title='bbox 3585 5599 3665 5695; x_wconf 48' lang='grc' dir='ltr'>οὐξι</span> 
     </span>
    </p>
   </div>
   <div class='ocr_carea' id='block_1_116' title="bbox 2134 5693 3669 5791">
    <p class='ocr_par' dir='ltr' id='par_1_116' title="bbox 2134 5693 3669 5791">
     <span class='ocr_line' id='line_1_116' title="bbox 2134 5693 3669 5791; baseline -0.009 -31"><span class='ocrx_word' id='word_1_840' title='bbox 2134 5709 2284 5760; x_wconf 81' lang='grc' dir='ltr'>ἔστιν</span> <span class='ocrx_word' id='word_1_841' title='bbox 2336 5705 2570 5776; x_wconf 79' lang='grc' dir='ltr'>ἄρνησις</span> <span class='ocrx_word' id='word_1_842' title='bbox 2613 5693 2764 5758; x_wconf 72' lang='grc' dir='ltr'><strong>ὲκέῑ·</strong></span> <span class='ocrx_word' id='word_1_843' title='bbox 2819 5703 2954 5756; x_wconf 79' lang='grc' dir='ltr'>ἀλλὰ</span> <span class='ocrx_word' id='word_1_844' title='bbox 3001 5703 3307 5772; x_wconf 82' lang='grc' dir='ltr'>φράσσεται</span> <span class='ocrx_word' id='word_1_845' title='bbox 3343 5696 3502 5762; x_wconf 77' lang='grc' dir='ltr'>στόμα</span> <span class='ocrx_word' id='word_1_846' title='bbox 3543 5693 3669 5791; x_wconf 46' lang='grc' dir='ltr'>ἀναξ-</span> 
     </span>
    </p>
   </div>
   <div class='ocr_carea' id='block_1_117' title="bbox 2141 5767 3658 5868">
    <p class='ocr_par' dir='ltr' id='par_1_117' title="bbox 2141 5767 3658 5868">
     <span class='ocr_line' id='line_1_117' title="bbox 2141 5767 3658 5868; baseline -0.005 -20"><span class='ocrx_word' id='word_1_847' title='bbox 2141 5815 2383 5868; x_wconf 67' lang='grc' dir='ltr'>ττχυντον.</span> <span class='ocrx_word' id='word_1_848' title='bbox 2459 5795 2609 5849; x_wconf 52' lang='lat' dir='ltr'><strong>Ak}:</strong></span> <span class='ocrx_word' id='word_1_849' title='bbox 2683 5797 2791 5865; x_wconf 63' lang='grc' dir='ltr'><strong>γὲρ</strong></span> <span class='ocrx_word' id='word_1_850' title='bbox 2865 5795 3096 5848; x_wconf 77' lang='grc' dir='ltr'>ἑκάστου</span> <span class='ocrx_word' id='word_1_851' title='bbox 3163 5778 3552 5860; x_wconf 70' lang='grc' dir='ltr'>καταμαρτυρεῖ</span> <span class='ocrx_word' id='word_1_852' title='bbox 3606 5767 3658 5821; x_wconf 57' lang='grc' dir='ltr'><strong>τά</strong></span> 
     </span>
    </p>
   </div>
  </div>
