3986 6426
313 319 452 386 1185

1547 322 1784 383 SACRA
1823 324 2298 387 PARALLELA.

3444 325 3584 392 1186

311 434 642 509 πράγματα,
676 434 738 489 οὗ
770 433 957 504 φωνὴν
974 433 1229 504 ἀφίεντα,
1275 433 1414 486 ἀλλά
1451 432 1678 488 τοιαῦτα
1708 436 1898 504 φαινό·

2043 452 2129 494 em
2161 440 2368 494 emissa
2400 452 2556 502 voce,
2587 437 2682 492 sed
2711 445 2989 508 quatenus
3005 435 3279 507 ejusmodi
3311 445 3576 505 apparent

248 561 257 604 ;¹
313 545 473 600 μενα,
511 521 600 581 οἷα
623 527 712 594 ὑφ’
738 527 899 597 ἡμῶν
930 525 1248 596 γεγένηται,

249 613 257 644 ῖ
387 620 483 671 Ἓν
507 619 600 672 xui
631 618 789 671 τοῦτο
827 621 926 688 τῆς
957 618 1050 670 τοῦ
1080 617 1330 671 δια6όλου
1359 618 1657 689 μεθοδεῖας,
1681 619 1742 671 τὸ
1769 621 1894 682 τοὺς

311 706 543 771 πολλοὺς
562 707 671 762 τῶν
700 708 1024 779 ἀνθρώπων,
1064 708 1256 779 ὥσπερ
1304 709 1732 779 ἐπιλαθομένους
1785 710 1895 763 τῶν

311 797 585 851 τοσούτων
625 799 975 866 ἀποφάσεων,
1013 797 1166 861 τέλος
1199 797 1475 852 κολάσεων
1520 798 1735 860 ἑαυτοῖς
1764 797 1898 850 ὑπο-

313 889 572 959 γράφειν,
609 889 689 950 εἰς
717 889 776 941 τὸ
810 889 1011 958 μᾶλλον
1044 889 1391 959 κατατολμᾷν
1438 889 1539 960 τῆς
1596 890 1894 960 ἁμαρτίας.

314 998 342 1031 .t
379 981 436 1032 Ὀ
464 979 573 1048 γὰρ
600 979 815 1048 σκώληξ
853 978 1036 1032 αὐτῶν
1081 979 1140 1031 ού
1171 979 1508 1050 τελευτήσει,
1546 981 1644 1032 καὶ
1684 980 1744 1032 τὸ
1783 979 1897 1051 πῦρ

319 1070 500 1125 αὐτῶν
520 1071 581 1124 οὐ
611 1070 993 1140 σϐεσθήσεται.
1027 1089 1046 1121 ι

400 1164 550 1216 Ἐκεῖ
569 1161 839 1234 κρίνεται,
867 1164 988 1232 οὐχὶ
1045 1162 1206 1232 μόνον
1245 1162 1274 1213 6
1304 1161 1772 1232 καθηγησάμενος
1802 1157 1896 1213 τοῦ

303 1252 516 1316 δεινοῦ,
551 1251 688 1307 άλλά
721 1253 815 1306 καὶ
843 1254 873 1306 6
905 1252 1127 1326 πονηρῷ
1161 1252 1390 1324 ἡγεμόνι
1423 1253 1558 1323 πρὸς
1588 1251 1686 1323 τὴν
1714 1252 1897 1322 ἀμαρ-

317 1346 438 1400 τίαν
463 1345 859 1416 ἀκολουθήσας.

388 1438 558 1505 Φησ“ιν
602 1438 630 1488 6
691 1437 982 1506 προφήτης
1007 1451 1020 1465 °
1063 1455 1082 1487 ι
1123 1437 1242 1488 Ἵνα
1280 1437 1335 1488 τί
1369 1437 1528 1506 ὑμεῖς
1560 1435 1773 1504 ζητεῖτε
1799 1436 1899 1505 τὴν

322 1527 536 1596 ἡμέραν
565 1527 770 1596 Κυρίου
794 1545 808 1593 ;
840 1528 932 1580 καὶ
956 1526 1095 1597 αῦτη
1126 1527 1244 1579 ἐστὶ
1269 1526 1479 1589 σκότος,
1504 1528 1598 1578 καὶ
1621 1527 1681 1578 οὐ
1715 1526 1892 1593 φῶς»

326 1619 516 1681 σκότος
543 1618 600 1670 δὲ
659 1617 907 1688 δηλονότι
965 1620 1076 1680 τοῖς
1111 1616 1286 1680 ἀξίοις
1327 1617 1421 1670 τοῦ
1457 1617 1703 1678 σκότους.
1748 1615 1901 1667 Ἐπεὶ

325 1711 627 1778 ἀνέσπερον
656 1708 751 1761 καὶ
774 1708 1076 1776 ἀδιάδοχον,
1111 1708 1206 1760 xui
1248 1705 1610 1776 ἀτελεύτητον
1638 1705 1737 1775 τὴν
1764 1705 1902 1775 ἡμέ-

1993 533 2190 602 quales
2225 542 2391 602 gestas
2425 545 2455 585 ο
2497 531 2657 587 nobis
2691 531 2936 586 fuerunt.

2067 623 2151 677 Ea:
2186 623 2312 695 Reg.
2348 623 2486 677 brev.
2531 631 2718 692 quam.
2749 621 2875 676 267.
2923 653 2994 662 —
3025 623 3182 679 Unus
3221 635 3443 692 quoque
3492 618 3584 674 ilic

1996 716 2202 772 diaboli
2235 723 2388 771 astus
2411 727 2518 780 est,
2554 714 2698 784 quod
2728 713 2988 768 nimirum
3027 714 3280 784 plerique
3329 711 3585 766 homines

1999 809 2146 863 velut
2171 815 2252 863 tot
2274 817 2664 875 tantarumque
2687 805 3084 860 sententiarum
3115 806 3295 868 obliti,
3323 803 3584 874 supplicii

1997 899 2100 952 sibi
2135 898 2299 951 linem
2342 897 2446 966 ipsi
2481 897 2706 967 ﬁngant,
2750 904 2811 948 ttt
2843 895 3110 949 audacius
3148 903 3396 963 peccent.
3449 895 3582 947 Nam

2004 1006 2023 1040 ι
2061 989 2268 1042 vermis
2305 1003 2494 1042 eorum
2523 1028 2538 1050 ,
2603 987 2782 1054 inquit
2842 987 2962 1048 ille,
3003 1000 3113 1039 non
3156 987 3440 1050 morietur,
3483 999 3584 1039 nec

1998 1077 2139 1146 ignis
2164 1091 2356 1130 eorum
2389 1077 2773 1145 exstinguetur
2800 1072 2942 1144 (lsa.
2981 1089 3127 1135 LXVI,
3155 1073 3270 1139 24).
3311 1091 3328 1124 ι

2073 1167 2423 1230 Eiusdem.-—
2453 1168 2571 1222 Illic
2605 1167 3031 1230 condemnatur,
3063 1181 3174 1219 non
3215 1165 3260 1220 is
3300 1165 3588 1227 duntaxat,

1999 1261 2092 1331 qui
2123 1262 2349 1317 sceleris
2397 1271 2592 1316 auctor
2634 1261 2760 1322 fuit,
2795 1261 2892 1315 sed
2939 1261 3031 1315 ille
3060 1259 3230 1314 etiam
3259 1259 3353 1328 qui
3391 1261 3588 1313 ducem

2001 1355 2204 1409 malum
2246 1356 2310 1409 ad
2344 1364 2630 1424 peccatum
2667 1364 2892 1409 secutus
2920 1360 3025 1408 est.

2073 1445 2232 1500 llam.
2263 1446 2299 1499 2
2332 1448 2386 1499 in
2444 1445 2703 1500 Hexaem.
2739 1474 2812 1487 --
2839 1445 2930 1497 Ait
2969 1441 3235 1512 propheta
3279 1459 3291 1494 :
3337 1459 3352 1490 ι
3385 1439 3592 1509 thuid

2001 1551 2098 1590 vos
2142 1537 2391 1605 quaeritis
2447 1536 2590 1590 diem
2634 1534 2895 1588 Domini?
2929 1541 2984 1588 et
3043 1534 3160 1602 ipse
3195 1539 3281 1586 est
3323 1531 3570 1585 tenebra-

2002 1634 2056 1680 ct
2075 1641 2182 1680 non
2209 1627 2297 1678 lux
2320 1643 2333 1680 :
2355 1644 2373 1676 ι
2392 1625 2631 1680 tenebra:
2657 1624 2916 1678 nimirum
2943 1623 3012 1676 iis
3037 1623 3132 1690 qui
3162 1621 3404 1675 tenebris
3440 1621 3594 1690 digni

2005 1725 2154 1771 sunt.
2187 1715 2321 1769 Nam
2351 1716 2555 1784 alioqui
2587 1714 2733 1769 diem
2775 1713 2928 1768 illum
2961 1727 3192 1781 vespera
3242 1720 3296 1766 et
3350 1712 3459 1765 line
3498 1725 3594 1764 ca-

328 1818 427 1869 ραν
456 1799 671 1869 ἐκείνην
697 1795 839 1850 οἶδεν
871 1801 898 1850 6
928 1797 1108 1864 λόγος,
1145 1799 1211 1867 ἣν
1243 1798 1341 1850 καὶ
1389 1797 1583 1865 ὀγδόην
1609 1798 1638 1848 6
1675 1796 1904 1865 ψαλμῳ-

2037 1823 2152 1868 ere,
2189 1822 2290 1861 nec
2335 1807 2634 1860 obnoxium
2688 1820 2810 1861 esse
2876 1804 3253 1866 successioni,
3308 1801 3595 1871 Scriptura

323 1893 412 1955 δὺς
454 1891 916 1962 προσηγόρευσεν,
947 1890 1036 1942 διὰ
1068 1889 1128 1943 τὸ
1155 1888 1260 1955 ἔξω
1289 1889 1504 1942 κεῖσθαι
1548 1889 1642 1940 τοῦ
1675 1888 1908 1957 ἑϐδομα-

321 1982 479 2035 τικοῦ
501 1983 690 2035 τούτου
748 1981 968 2052 χρόνου.
1005 1980 1167 2032 Ὥστε
1203 1979 1307 2032 κᾶν
1351 1979 1570 2049 ἡμέραν
1602 1978 1786 2046 εἴπῃς,
1815 1975 1909 2028 xui

325 2073 520 2135 αἰῶνα,
553 2071 652 2142 τὴν
701 2072 871 2140 αὐτὴν
919 2072 1064 2140 ἐρεῖς
1111 2070 1344 2123 ἔννοιαν.
1389 2070 1513 2121 Εἴτε
1541 2068 1633 2122 οῦν
1667 2068 1847 2139 ἡμέρα
1873 2068 1908 2136 ή

327 2163 666 2222 κατάστασις
689 2161 876 2229 ἐκείνη
907 2160 1140 2224 λέγοιτο,
1173 2159 1270 2229 μία
1303 2161 1439 2225 ἐστὶ,
1476 2161 1570 2212 xui
1596 2160 1655 2212 ού
1682 2159 1906 2213 πολλαὶ’

313 2253 439 2308 ,εἴτε
488 2250 621 2303 αἰὼν
669 2249 1155 2322 προσαγορεύοιτο,
1212 2250 1445 2320 μοναχὸς
1474 2248 1540 2302 ἂν
1580 2251 1687 2319 εἴη,
1728 2251 1820 2302 καὶ
1847 2250 1908 2302 οὐ

329 2341 646 2402 πολλοστὸς.

405 2518 585 2570 Καλὸν
615 2517 690 2587 μὴ
723 2517 969 2586 ῥήματος
1016 2516 1177 2586 μόνον
1203 2516 1298 2569 xui
1346 2514 1618 2585 πράξεως,
1652 2513 1788 2567 ἀλλὰ
1817 2515 1914 2567 xui

313 2609 528 2678 ικαιροῦ
562 2608 782 2671 παντὸς,
812 2608 909 2660 xui
959 2607 1107 2679 ὥρας
1155 2608 1327 2676 αὐτῆς
1373 2607 1466 2660 τοῦ
1498 2608 1789 2676 ἀκαριαίου
1823 2607 1916 2659 xui

329 2697 666 2753 λεπτοτάτου
692 2687 900 2750 οἴεσθαι
923 2697 1081 2764 λόγον
1107 2695 1458 2752 ἀπαιτεῖσθαι
1495 2697 1527 2766 ή
1536 2696 1662 2764 μᾶς.

411 2889 653 2941 Γίνωσκε
681 2882 1038 2952 συλλέγεσθαι
1067 2883 1147 2945 εἰς
1179 2881 1427 2950 ὕστερον.

412 2980 577 3034 Οὐδὲν
603 2978 738 3039 ὅλως
762 2976 871 3028 τῶν
899 2972 1141 3042 ἀγαθῶν,
1175 2971 1280 3024 κᾶν
1327 2970 1523 3041 μικρὸν
1552 2966 1608 3041 ᾖ,
1637 2970 1923 3042 παροφθή.

340 3089 498 3124 σεται
529 3071 646 3121 ἐκεῖ
673 3066 824 3139 παρά
846 3064 940 3118 τοῦ
967 3062 1179 3135 κριτοῦ.
1237 3062 1300 3113 Εἰ
1347 3062 1458 3131 γὰρ
1505 3061 1918 3132 ἁμαρτημάτων

337 3163 442 3216 xui
475 3160 738 3232 ῥημάτων
803 3158 897 3210 καὶ
939 3152 1343 3224 ἐνθυμημάτων
1391 3152 1626 3204 τιννύειν
1657 3153 1921 3222 μέλλομεν

339 3253 616 3322 τιμωρίας
655 3250 838 3320 ἡμεῖς,
882 3243 1080 3333 ,πολλῷ
1138 3242 1338 3314 μᾶλλον
1391 3241 1460 3295 τὰ
1501 3242 1922 3314 κατορθώματα,

347 3345 452 3401 κᾶν
473 3343 643 3414 μικρὰ
658 3339 1060 3407 λογισθήσεται.

895 3449 983 3480 ται
1029 3433 1146 3482 ἐκεῖ
1191 3429 1298 3481 τῶν
1365 3427 1616 3498 πονηρῶν
1651 3425 1922 3497 πράξεων,

345 3526 447 3579 xui
478 3523 587 3576 τῶν
617 3523 678 3575 ού
699 3519 959 3580 τοιούτων
985 3536 998 3550 ·
1030 3519 1134 3572 κᾶν
1189 3519 1288 3587 μὲν
1339 3511 1502 3571 αὗται
1550 3516 1927 3568 καθελκύσωσι

343 3614 444 3668 τὸν
470 3611 655 3679 ζυγὸν,
702 3609 914 3662 ἔσωσαν
957 3607 1018 3660 οὐ
1050 3606 1253 3678 μικρᾶς
1295 3604 1386 3658 τὸν
1413 3603 1652 3673 ἐργάτην
1677 3603 1783 3656 τῶν
1803 3605 1930 3656 ἐαυ-

333 3705 463 3759 ιτῶν
483 3721 496 3734 ·
529 3701 632 3756 κᾶν
651 3699 926 3753 τοσούτων
964 3697 1160 3769 ἰσχύσῃ
1205 3695 1456 3766 πονηρῶν
1484 3696 1738 3765 πράξεων
1768 3697 1932 3765 ἐργα-

349 3797 449 3849 σία
479 3792 700 3863 βλάψαι,
753 3792 878 3844 ὅσον
924 3788 1275 3843 κατασπᾶσαι
1313 3788 1411 3855 τῆς
1456 3785 1678 3855 πρώτης
1727 3785 1927 3856 χώρας,

349 3883 521 3938 αὐτὸν
553 3881 634 3943 εις
677 3879 738 3931 τὸ
782 3879 883 3948 τῆς
927 3878 1155 3947 γεέννης
1189 3876 1465 3944 ἀπάγουσι
1498 3872 1632 3943 πῦρ,
1659 3873 1748 3926 διὰ
1775 3873 1836 3924 τὸ
1857 3872 1932 3942 μὴ

351 3972 502 4028 εἶναι
545 3973 607 4025 τὸ
648 3962 853 4040 πλῆθος
893 3969 1004 4022 τῶν
1044 3967 1505 4038 κατορθωμάτων,
1543 3965 1617 4028 ὼς
1657 3964 1751 4017 xui
1778 3964 1935 4035 δυνη-

318 4059 526 4135 ’θῆναι
564 4061 880 4132 ἀντιστῆναι
939 4059 1076 4130 πρὸς
1114 4057 1206 4112 τὸν
1252 4056 1422 4128 βίαιον
1476 4057 1682 4110 ἐκεῖνον
1731 4053 1934 4109 ἀνωθι·

356 4176 389 4210 σ
398 4155 526 4225 μόν.

435 4250 826 4318 Μνημονεύετε
855 4243 956 4314 τῆς
979 4241 1304 4314 φρικώδους,
1333 4241 1429 4295 xui
1451 4240 1934 4312 φοϐερᾶςὴμέρας,

363 4335 714 4414 ὲνῇπάντες
771 4335 1137 4407 παρίστανται
1183 4331 1263 4403 τῷ
1309 4331 1514 4404 βήματι
1557 4332 1651 4385 τοῦ
1680 4331 1936 4404 Χριστοῦ,

432 3437 776 3494 ’λντίσταςις
829 3433 888 3482 ἐς

1947 3121 1992 3180 C

2013 1903 2265 1949 testatur.
2295 1895 2467 1961 Quem
2508 1897 2673 1948 etiam
2725 1899 2977 1948 octavum
3032 1892 3324 1948 Psalmisla
3356 1892 3598 1961 appella-

2013 1988 2090 2041 vit
2119 1987 2297 2058 (Psal.
2334 2004 2410 2050 vn,
2456 1988 2480 2041 1
2527 2027 2544 2051 ,
2586 1987 2730 2057 quod
2767 2003 2796 2040 a
2843 1987 3155 2056 septenario
3201 1986 3306 2040 hoc
3349 1994 3601 2054 tempore

2017 2078 2295 2146 seiunctus
2326 2078 2420 2135 sit.
2444 2077 2642 2144 Quare,
2679 2078 2792 2133 sive
2817 2077 2987 2140 diem,
3012 2077 3129 2132 sive
3156 2091 3333 2131 aevum
3360 2075 3595 2136 dixeris.

2017 2170 2205 2224 eodem
2241 2185 2406 2224 sensu
2455 2177 2756 2237 utrumque
2812 2167 3137 2237 appellabis.
3199 2167 3278 2221 Ac
3342 2167 3600 2237 proinde.

2017 2260 2132 2314 sive
2163 2260 2282 2314 dies
2329 2267 2509 2314 status
2559 2260 2650 2314 ille
2679 2266 3052 2328 nuncupetur,
3090 2273 3234 2312 unus
3261 2263 3366 2324 est,
3393 2272 3457 2311 ac
3491 2272 3602 2311 non

2019 2351 2176 2404 multi
2218 2369 2232 2405 :
2274 2350 2389 2406 sive
2416 2365 2594 2405 aevum
2636 2356 2884 2418 vocetur,
2917 2349 3143 2404 unicum
3181 2356 3288 2412 est,
3324 2365 3431 2404 non
3464 2348 3606 2402 mul-

2019 2441 2211 2511 tiplex.

2090 2533 2230 2588 Naz.
2263 2542 2402 2587 orut.
2435 2532 2524 2586 26.
2555 2562 2625 2573 —
2661 2530 2877 2602 Optima
2904 2548 2994 2588 res
3036 2541 3142 2597 est,
3187 2540 3248 2587 ut
3283 2547 3391 2586 non
3441 2529 3609 2585 modo

2021 2623 2290 2677 sermonis
2318 2629 2371 2675 et
2421 2621 2675 2688 actionis,
2725 2623 2820 2677 sed
2871 2621 3037 2675 etiam
3076 2621 3362 2689 temporis,
3395 2621 3525 2686 quin
3551 2627 3606 2671 et

2024 2725 2420 2768 momentanea:
2454 2713 2899 2782 tenuissimaque
2938 2711 3115 2781 partis
3158 2711 3308 2764 hora:
3334 2711 3602 2763 rationem

2024 2818 2053 2856 a
2079 2802 2238 2856 nobis
2270 2802 2587 2871 exigendam
2612 2801 3016 2855 existimemus.

2097 2891 2247 2946 Scito
2279 2899 2338 2945 ut
2375 2891 2429 2944 in
2467 2899 2681 2960 tempus
2721 2897 3004 2960 posterum
3037 2886 3285 2957 colligas.

2096 2979 2371 3048 Chrysost.
2397 2977 2700 3031 —Nullum
2734 2992 2960 3048 prorsus
2994 2975 3223 3040 bonum,
3255 2975 3610 3044 quantumvis

2026 3073 2282 3141 exiguum
2319 3070 2398 3132 tit,
2432 3085 2459 3123 a
2488 3069 2673 3139 judice
2713 3069 3042 3139 negligetur.
3078 3064 3215 3120 Nam
3257 3079 3380 3118 cum
3414 3078 3612 3134 pecca-

2025 3169 2227 3222 torum,
2260 3172 2685 3227 sermonumque
2713 3167 2769 3212 et
2796 3156 3192 3228 cogitationum
3224 3169 3414 3224 pennas
3437 3152 3612 3207 simus

2025 3250 2397 3322 persoluturi;
2450 3251 2621 3303 multo
2672 3264 2806 3304 sane
2865 3249 3042 3318 magis
3096 3255 3246 3302 recte
3308 3246 3610 3307 factorum,

2027 3341 2329 3409 quamlibet
2351 3355 2520 3410 parva
2548 3341 2685 3404 sint,
2717 3339 2860 3394 ratio
2881 3338 3194 3394 habebitur.

2103 3431 2377 3500 Ejusdem.
2407 3461 2474 3472 —-—
2507 3433 2781 3485 Bonarum
2811 3430 2924 3484 illic
2949 3437 3003 3485 et
3037 3430 3306 3486 malarum
3333 3427 3614 3481 actionum

2029 3523 2367 3592 comparatio
2399 3522 2504 3575 erit
2531 3540 2544 3575 :
2581 3536 2644 3575 ac
2672 3521 2946 3591 siquidem
2978 3519 3084 3573 illa:
3118 3515 3614 3588 prmponiicrarint,

2031 3616 2239 3668 auctori
2272 3629 2373 3668 suo
2406 3613 2549 3667 haud
2588 3613 2916 3667 mediocrem
2961 3611 3199 3665 salutem
3232 3607 3481 3661 aﬂ‘erent.
3517 3603 3617 3657 Sin

2034 3714 2225 3760 contra
2273 3705 2538 3758 malarum
2584 3703 2863 3756 aetionum
2910 3700 3245 3771 perpetratio
3287 3706 3500 3750 tantum
3533 3692 3619 3746 al-

2035 3795 2180 3849 [ει-τε
2208 3795 2516 3848 detrimenti
2550 3793 2812 3862 potuerit,
2847 3800 2905 3846 ut
2934 3806 3060 3846 eum
3109 3805 3140 3844 e
3171 3789 3345 3860 prima
3394 3785 3621 3856 regione

2035 3887 2322 3951 detrahat;
2361 3886 2537 3954 ipsum
2573 3885 2638 3937 ad
2665 3883 2929 3953 gehennae
2957 3881 3138 3950 ignem
3183 3876 3404 3932 abducit
3430 3893 3445 3932 :
3476 3873 3623 3943 quod

2036 3977 2291 4031 videlicet
2325 3991 2431 4030 non
2465 3982 2617 4027 tanta
2645 3975 2716 4028 sit
2738 3980 2888 4028 recte
2918 3971 3187 4024 factorum
3219 3967 3394 4035 cupia,
3420 3975 3477 4019 ut
3509 3965 3624 4017 vio-

2040 4071 2186 4126 lento
2225 4070 2300 4122 illi
2340 4068 2600 4136 impulsui
2633 4067 2901 4120 obsistere
2924 4071 3110 4132 queat.

2113 4245 2460 4316 Ejusdem.—-
2482 4242 2826 4298 l-lorrendum
2856 4241 3008 4296 illum
3029 4248 3084 4293 et
3113 4237 3453 4292 tremendum
3479 4233 3623 4287 diem

2044 4337 2306 4392 memoria
2360 4344 2563 4398 tenete,
2603 4336 2658 4387 in
2699 4348 2810 4403 quo
2855 4347 3048 4386 omnes
3106 4329 3312 4384 Christi
3365 4322 3624 4380 tribunali

362 4432 637 4491 δώσοντες
674 4427 829 4491 δίκας
856 4425 966 4478 τῶν
986 4423 1413 4494 πεπραγμένων,
1442 4422 1570 4476 ἔνθα
1605 4423 1712 4492 πρὸ
1738 4423 1916 4491 ὁφθαλ

2045 4431 2331 4493 sistentur,
2374 4443 2563 4481 eorum
2611 4441 2732 4496 quae
2783 4427 2839 4480 in
2876 4424 2987 4478 vita
3019 4423 3312 4493 gesserint,
3354 4417 3624 4472 rationem

363 4522 494 4595 μῶν
525 4521 744 4576 πάντων
793 4517 1192 4589 προτεθήσεται
1247 4514 1318 4568 τὰ
1379 4515 1754 4584 ἁμαρτήματα
1779 4553 1793 4577 ,
1847 4515 1942 4568 xui

356 4611 916 4682 ἀποκαλυφθήσεται,
976 4609 1071 4662 xui
1109 4609 1221 4670 τοῖς
1254 4605 1542 4673 ἀγνοοῦσιν
1576 4605 1946 4677 ἐπιδειχθήσε-

359 4722 466 4759 ιται
487 4721 500 4736 ·
535 4702 662 4755 ἔνθα
699 4703 733 4772 ἡ
756 4702 908 4772 πηγὴ
937 4699 1033 4753 τοῦ
1059 4699 1251 4770 πυρὸς,
1289 4698 1382 4751 καὶ
1421 4698 1449 4749 6
1474 4697 1774 4768 άκοίμητος
1801 4695 1946 4750 σκώ-

361 4795 501 4866 ληξ.
535 4793 704 4846 Ἔνθα
734 4793 912 4846 πάντα
936 4790 1120 4860 γυμνά
1143 4790 1239 4844 καὶ
1274 4789 1750 4860 τετραχηλισμένα
1769 4805 1784 4820 ⁸
1819 4789 1950 4844 ἔνθα

2047 4519 2334 4574 reddituri.
2371 4519 2486 4571 lllic
2515 4518 2660 4571 enim
2705 4524 2833 4570 ante
2864 4517 3058 4570 oculos
3111 4511 3354 4567 oumium
3397 4513 3627 4580 peccata

2048 4590 2424 4682 proponentur
2452 4616 2898 4680 retegenturque,
2918 4615 2973 4660 et
2999 4607 3066 4660 iis
3085 4605 3176 4675 qtti
3195 4620 3256 4658 ea
3277 4601 3626 4672 ignorabant,

2049 4701 2559 4756 ostendentur.llhc
2589 4699 2712 4754 fons
2743 4700 2910 4769 ignis,
2931 4706 2985 4751 et
3009 4695 3235 4766 pervigil
3261 4693 3481 4747 vermis.
3517 4690 3629 4744 Illic

2049 4791 2232 4846 omnia
2257 4789 2400 4845 nuda
2422 4799 2478 4844 et
2499 4798 2703 4860 aperta.
2737 4791 2850 4843 lllic
2871 4788 3122 4842 cordium
3154 4793 3471 4840 nostrorum
3505 4781 3628 4834 libri

365 4887 554 4962 βίϐλοι
580 4885 686 4939 τῶν
717 4884 954 4955 καρδιῶν
976 4883 1132 4955 ἡμῶν
1165 4883 1570 4954 άνοιγήσονται,
1597 4884 1693 4937 καὶ
1717 4885 1775 4936 ὲν
1802 4883 1916 4954 μέση

2052 4881 2379 4952 pandentur,
2415 4888 2580 4949 atque
2621 4880 2675 4932 in
2715 4877 2899 4933 medio
2941 4886 3052 4930 tam
3099 4874 3409 4943 perspicua,
3463 4883 3630 4938 quam

364 4979 860 5048 άναγνωσθήσεται
887 4977 958 5030 τά
989 4973 1204 5046 φανερά
1231 4975 1326 5028 καὶ
1363 4973 1434 5027 τά
1461 4975 1842 5046 κεκρυμμένα,
1882 4993 1913 5028 τ

2052 4971 2344 5035 abstrusa;
2383 4978 2492 5022 tam
2523 4984 2643 5039 qua:
2669 4978 2860 5032 noctu,
2887 4982 3053 5038 quam
3085 4981 3207 5035 quae
3231 4963 3469 5018 interdiu
3509 4977 3633 5031 per-

365 5073 437 5125 ἒν
467 5069 644 5132 νυκτὶ,
681 5068 779 5122 xui
805 5067 874 5120 τὰ
898 5068 958 5121 ὲν
975 5066 1184 5137 ήμέρᾳ.

2053 5069 2265 5132 petrata
2295 5069 2448 5126 sunt,
2480 5063 2854 5132 perlegentur.

467 5181 594 5235 Ἐπὶ
623 5184 719 5235 τοῦ
756 5181 878 5244 ἑνὸς
927 5181 989 5234 οὐ
1031 5179 1260 5250 θέλομεν
1281 5179 1663 5251 ἀσχημονῆσαι
1698 5182 1953 5248 ἐνταῦθα,

371 5272 480 5328 ἐπὶ
500 5271 556 5324 δὲ
592 5273 868 5342 μυριάδων
892 5271 1164 5326 τοσούτων
1193 5271 1314 5324 ἐκεῖ
1339 5272 1392 5324 τί
1424 5272 1750 5342 ποιήσομεν.

2131 5173 2402 5243 Ejusdem.
2422 5203 2497 5214 -—-
2524 5173 2720 5230 Coram
2743 5189 2855 5228 uno
2892 5172 3117 5227 homine
3145 5169 3405 5226 indecore
3426 5163 3634 5235 aliquid

2059 5283 2219 5337 agere
2249 5283 2349 5323 nos
2381 5268 2546 5337 pudet
2583 5284 2597 5322 :
2633 5267 2746 5322 illic
2775 5274 2955 5321 autem
2981 5279 3165 5320 coram
3191 5271 3271 5316 tot
3294 5256 3637 5330 myriadibus

2057 5359 2188 5429 quid
2223 5358 2523 5414 faciemus?

464 5441 732 5513 Καθάπερ
757 5443 918 5512 ἡμεῖς
951 5445 1059 5504 τοῖς
1081 5441 1320 5502 οἰκέταις
1356 5442 1466 5503 τοῖς
1500 5441 1810 5513 ἡμετέροις,
1840 5444 1916 5514 ού]

2133 5448 2299 5520 349
2327 5448 2603 5517 Ejusdem.
2635 5479 2707 5488 —
2729 5445 3203 5515 Quemadmodum
3239 5451 3274 5498 a'
3317 5442 3501 5498 vernis
3533 5453 3636 5493 no-

381 5537 489 5606 τῆς
518 5535 696 5600 ἐξόδου
722 5535 902 5603 μόνον,
935 5533 1074 5589 ἀλλά
1109 5534 1204 5587 xui
1229 5533 1326 5601 τῆς
1377 5533 1586 5586 εἰσόδου
1623 5535 1916 5607 ἀπαιτοῦμε

2062 5544 2218 5605 stris,
2279 5557 2388 5595 non
2446 5557 2707 5613 egressus
2762 5540 2950 5605 modo,
3003 5542 3099 5595 sed
3155 5539 3320 5594 etiam
3378 5534 3639 5590 introitus

381 5629 483 5680 τὸν
514 5626 691 5694 λόγον,
719 5625 1063 5690 ἐξετάζοντες
1107 5624 1272 5677 πόθεν
1320 5623 1648 5689 ὑπεδέξαντο
1680 5628 1916 5699 χρήματι

2064 5637 2335 5690 rationem
2371 5634 2746 5702 exposcimus,
2784 5635 3250 5703 sciscitamurque
3283 5631 3350 5685 ab
3379 5631 3461 5685 cis
3493 5624 3638 5680 unde

389 5717 489 5776 καὶ
520 5717 672 5788 παρὰ
707 5716 893 5775 τίνων.
943 5715 1038 5769 xui
1079 5714 1232 5780 πότε,
1273 5715 1369 5770 καὶ
1433 5715 1573 5780 πῶς,
1623 5716 1720 5770 καὶ
1786 5719 1916 5774 πόσα

2069 5724 2335 5796 pecunias
2368 5723 2728 5795 sumpserint.
2751 5733 2804 5778 et
2848 5745 2874 5785 τι
2916 5726 3142 5796 quibus,
3178 5734 3231 5780 et
3262 5719 3632 5792 quandouam,
