3986 6394
543 338 671 403 118⁸1

1709 321 1769 380 S.
1811 315 2131 379 JOANNIS
2170 311 2602 376 DAMASCENI

3634 316 3733 381 1188

534 459 594 505 et
627 460 739 518 quo
770 449 954 514 pacto,
1002 449 1058 495 et
1100 442 1365 507 quotnam
1408 451 1421 487 :
1470 429 1665 485 eodem
1702 426 1868 481 modo
1910 424 2053 480 Deus
2088 438 2118 476 a

2232 417 2395 485 alia»;
2425 420 2483 472 δὲ
2513 418 2610 472 καὶ
2654 418 2684 471 6
2711 416 2867 481 Θεὸς,
2901 415 3025 488 οὐχὶ
3047 416 3145 486 τῆς
3172 416 3414 488 δαπάνης
3454 418 3612 491 μόνον,
3634 426 3735 485 ἀλλὰ

537 539 701 594 nobis
734 550 842 591 non
877 534 1058 588 solum
1112 530 1399 598 impensa},
1447 523 1545 581 sed
1588 527 1643 577 et
1691 518 2004 591 adeptionis
2039 530 2123 570 ra-

536 631 745 684 tionem
771 630 1072 681 exacturus
1100 628 1207 674 est.

609 718 768 772 Dion.
811 714 1006 783 Areop.
1049 711 1122 767 De
1149 710 1259 766 diu.
1286 710 1542 765 nominib.
1577 725 1698 779 cap.
1729 709 1784 762 4.
1813 735 1885 747 --
1905 704 2119 775 Nequa-

2225 512 2320 562 καὶ
2357 510 2455 579 τῆς
2477 507 2724 579 κτήσεως
2760 507 3063 579 ἀπαιτήσει
3090 506 3188 571 τὰς
3211 507 3457 573 εὐθύνας.

2296 686 2369 739 Ού
2393 686 2454 740 τὸ
2486 685 2815 752 κολάζεσθαι
2875 684 3139 750 ἐνταῦθα,
3186 687 3375 755 κακὸν,
3407 688 3538 744 ἀλλά
3554 691 3607 744 τὺ
3628 693 3738 760 ἀξιον

535 824 703 881 quam
757 809 812 862 in
861 806 967 861 hac
1014 807 1127 860 vita
1182 803 1387 874 puniri,
1442 803 1547 857 hoc
1600 802 1804 856 malum
1841 807 1973 864 est;
2026 797 2122 854 sed

2232 779 2323 848 τῆς
2348 780 2524 832 ἐκεῖσε
2548 778 2805 848 γενέσθαι
2834 779 3133 844 κολάσεως.

537 900 815 972 supplicio
844 896 1033 953 futuro
1068 895 1298 968 dignum
1328 911 1386 952 se
1413 894 1681 965 praebere.

605 991 873 1048 Philonis.
932 988 1171 1046 -—Fieri
1225 1005 1333 1044 non
1388 995 1593 1059 potest,
1630 993 1689 1041 ιιι
1729 984 1874 1055 apud
1928 981 2123 1043 Deum,

535 1086 624 1141 vel
689 1081 978 1153 improbus
1030 1080 1308 1150 quispiam
1370 1078 1537 1133 unius
1591 1077 1746 1139 boni,
1780 1073 1929 1144 quod
1979 1074 2127 1127 inter

537 1176 780 1248 plurima
846 1173 989 1227 mala
1041 1171 1301 1242 gesserit,
1370 1166 1685 1224 mercedem
1736 1166 1981 1228 amittat,
2040 1164 2127 1219 vel

538 1281 765 1323 rursum
824 1264 1030 1334 probus
1076 1262 1339 1333 supplicii
1383 1276 1587 1332 expers
1617 1267 1862 1321 maneat,
1892 1257 1942 1314 si
1976 1257 2124 1311 inter

540 1359 776 1430 plurima
805 1361 948 1414 bona
974 1355 1213 1410 crimine
1246 1354 1436 1422 aliquo
1480 1365 1605 1409 sese
1651 1349 1991 1406 devinxerit.
2027 1346 2125 1401 Et-

498 1472 505 1481 ο
539 1451 691 1506 enim
732 1464 964 1504 necesse
1005 1459 1091 1502 est
1130 1455 1190 1500 ut
1223 1444 1367 1500 Deus
1408 1444 1463 1499 in
1507 1442 1748 1514 pondere
1777 1449 1832 1498 et
1866 1452 2128 1496 mensura

541 1545 726 1600 omnia
754 1544 965 1598 reddat.

621 1635 893 1705 Ejusdem.
940 1661 1010 1677 --
1054 1631 1206 1687 Mens
1260 1629 1567 1703 unicuique
1600 1628 1765 1684 testis
1802 1633 1890 1683 est
1932 1639 2126 1681 eorum

2296 871 2411 925 Οὐκ
2444 870 2561 924 ἐστι
2593 872 2746 943 παρά
2774 870 2916 942 Θεῷ,
2947 870 3073 926 οὕτε
3104 871 3343 944 πονηρὸν
3375 872 3503 928 ὄντα
3528 876 3740 935 ἀπολέσαι

2225 965 2317 1019 τὸν
2339 964 2545 1035 ἀγαθὸν
2581 962 2774 1035 μισθὸν
2817 965 2951 1036 περὶ
2976 964 3097 1028 ἑνὸς
3116 963 3326 1034 ἀγαθοῦ
3364 966 3498 1037 μετά
3537 968 3744 1026 πλειόνων

2227 1056 2413 1112 κακῶν
2457 1055 2873 1129 πεπραγμένου,
2922 1055 3050 1110 οὕτε
3083 1056 3247 1111 πάλιν
3275 1057 3476 1127 ἀγαθὸν
3498 1059 3629 1123 ὂντα,
3648 1065 3745 1116 ἀπο-

2225 1149 2382 1205 λέσαι
2424 1148 2526 1221 τὴν
2560 1149 2805 1214 κόλασιν,
2862 1148 2962 1204 καὶ
3003 1148 3079 1221 μὴ
3123 1148 3310 1204 λαϐεῖν
3355 1150 3538 1224 αὐτὴν,
3578 1153 3621 1205 εἱ
3645 1158 3746 1223 μετέι

2227 1242 2490 1298 πλειόνων
2549 1242 2772 1313 ἀγαθῶν
2842 1242 2900 1296 ἔν
2970 1259 3078 1297 τινι
3159 1241 3387 1314 γίνηται
3461 1247 3743 1315 πονηρεύων.

2241 1335 2485 1407 Ἀκάγκη
2510 1335 2622 1409 γὰρ
2652 1334 2806 1406 ζυγῷ
2854 1335 2951 1390 καὶ
3000 1333 3233 1406 σταθμῷ
3273 1335 3452 1390 πάντα
3498 1335 3748 1393 ἀποδιδόναι

2225 1430 2320 1483 τὸν
2351 1429 2507 1484 Θεόν.

2308 1609 2369 1663 ’0
2395 1609 2520 1674 νοῦς
2550 1609 2769 1682 ἑκάστῳ
2802 1608 3017 1682 μάρτυς
3043 1610 3193 1664 ἐστὶν
3234 1603 3311 1663 ὧν
3348 1611 3408 1665 ἐν
3436 1611 3618 1679 ἀφανεῖ
3636 1612 3747 1665 ἐϐου-

538 1743 666 1797 qua:
688 1729 835 1782 clam
871 1725 1237 1796 cogitaverit:
1271 1731 1441 1791 atque
1463 1697 1811 1777 coiiscientia
1836 1719 2005 1791 judex
2043 1727 2129 1774 est

2232 1697 2515 1766 λεύσαντο,
2551 1700 2649 1754 καὶ
2677 1700 2739 1753 τὸ
2789 1700 3035 1764 συνειδὸς
3085 1699 3315 1771 ἔλεγχος
3357 1698 3651 1765 ἀδέκαστος,
3686 1704 3748 1755 καὶ

542 1822 925 1890 incorruptus,
958 1818 1322 1887 onitiinmque
1349 1814 1732 1871 certissimus.

539 1955 583 2009 Τ
591 1954 678 2009 lT.
711 1952 849 2008 XVI.
888 1980 941 1994 ο-
970 1951 1045 2006 De
1074 1948 1452 2019 imprecatione
1488 1963 1521 2001 a
1556 1944 1782 2019 Domino
1809 1951 1864 2019 et
1909 1940 2129 2011 prophe-

703 2026 771 2078 tis
800 2039 1002 2078 necnon
1033 2022 1097 2075 ab
1127 2014 1405 2088 dpostolis,
1450 2016 1765 2089 quandoque
1798 2014 1964 2082 facta.

615 2136 746 2191 Gen.
770 2133 1165 2198 III,M-l9.—c
1206 2129 1352 2184 Dixit
1378 2128 1646 2183 Dominus
1673 2124 1914 2196 serpenti
1944 2139 1956 2175 :
1989 2122 2131 2191 Quia

541 2227 725 2283 fecisti
758 2228 886 2293 hoc,
942 2224 1272 2281 maledictus
1305 2238 1366 2277 es
1395 2235 1507 2290 prm
1538 2218 1798 2275 omnibus
1830 2215 2132 2272 animanti-

541 2322 648 2375 bus
675 2330 730 2376 et
756 2317 952 2374 bestiis
980 2326 1162 2371 terra).
1198 2314 1377 2386 Super
1410 2320 1602 2383 pectus
1634 2321 1787 2365 tuum
1834 2308 2128 2379 gradieris,

540 2418 597 2467 et
629 2426 795 2480 super
827 2418 1073 2465 ventrem
1108 2417 1264 2462 tuum
1298 2405 1591 2475 procedes,
1628 2413 1683 2457 et
1715 2411 1917 2457 terram
1969 2414 2128 2456 com-

540 2503 673 2558 erles
715 2502 975 2558 onniibns
1018 2500 1213 2555 diebus
1248 2498 1375 2553 vitae
1418 2508 1545 2552 tum.
1589 2493 1653 2549 Et
1686 2493 1907 2549 mulieri
1949 2492 2126 2548 dixit:

541 2591 919 2660 Multiplicans
959 2588 1344 2659 multiplicabo
1385 2585 1610 2640 dolores
1661 2592 1808 2646 tuos,
1853 2591 1908 2638 et
1952 2582 2130 2653 gemi-

541 2689 660 2735 tum
690 2691 870 2736 tuum.
916 2677 974 2734 In
998 2678 1289 2734 doloribus
1327 2676 1514 2747 paries
1554 2675 1722 2738 lilios,
1756 2682 1813 2730 et
1848 2674 1918 2728 ad
1949 2674 2128 2728 virum

459 2778 466 2792 '
537 2775 649 2829 erit
688 2771 986 2828 conversio
1026 2778 1145 2838 tua,
1201 2777 1258 2824 et
1290 2770 1408 2839 ipse
1455 2766 1838 2823 dominabitur
1907 2764 2009 2820 tui.
2044 2764 2129 2819 Ad

538 2866 716 2921 Adam
748 2874 932 2919 autem
984 2864 1126 2919 dixit
1158 2880 1172 2916 :
1207 2860 1483 2928 Quoniam
1522 2860 1732 2915 audisti
1763 2873 1952 2914 vocem
1987 2870 2128 2912 ιικο-

538 2958 622 3011 ris
653 2965 781 3018 tum,
839 2962 893 3009 et
946 2952 1017 3007 de
1064 2952 1211 3021 ligno
1258 2950 1437 3005 solum
1475 2949 1625 3019 quod
1657 2948 1894 3018 praecepi
1924 2946 2024 3002 tibi
2058 2961 2130 3001 ne

540 3047 888 3110 comederes,
941 3044 1011 3100 de
1058 3057 1126 3098 eo
1171 3041 1499 3107 comedisti;
1555 3038 1847 3094 maledicta
1892 3047 2040 3095 terra
2070 3039 2128 3093 in

2159 1770 2202 1824 Β
2232 1790 2454 1846 πάντων
2483 1791 2899 1862 ἀψευδέστατος.

2231 1919 2413 1974 ΤΙΤΛ.
2441 1918 2629 1998 Ις’.-
2649 1920 2790 1998 ιζερζ
2816 1919 2968 1988 ἀρᾶς
2985 1921 3117 1998 ,ύπό
3138 1921 3385 1998 Κυρίου,
3402 1920 3496 1975 καὶ
3524 1919 3629 1998 τῶν
3651 1937 3749 1990 προ-

2335 1989 2566 2059 φητῶν,
2612 1991 2710 2044 καὶ
2757 1990 3124 2045 ἀποστόλων
3163 1991 3315 2044 ποτὲ
3358 1989 3674 2061 γενομένης.

2294 2124 2328 2181 ἰ
2351 2099 2519 2159 Εἶπεν
2551 2106 2581 2159 6
2618 2104 2826 2176 Κύριος
2873 2103 2951 2175 τῷ
2986 2104 3110 2174 ὄφει
3133 2122 3148 2136 ο
3180 2105 3307 2158 Ὅτι
3333 2104 3589 2175 ἐποίησας
3618 2105 3746 2171 τοῦτο,

2231 2197 2634 2269 ὲπικατάρατος
2668 2196 2735 2250 σὺ
2759 2195 2870 2250 ἀπὸ
2892 2196 3114 2251 πάντων
3139 2194 3247 2249 τῶν
3296 2194 3532 2268 κτηνῶν,
3563 2196 3644 2250 καὶ
3676 2198 3750 2251 ἀπὸ

2232 2289 2452 2344 πάντων
2480 2287 2590 2342 τῶν
2621 2288 2830 2361 θηρίων
2891 2274 3011 2358 τῆς.
3049 2287 3177 2358 γῆς.
3214 2288 3343 2342 Ἐπὶ⁵
3370 2287 3446 2359 τῷ
3477 2287 3660 2360 στήθει,
3686 2293 3748 2344 καὶ

2230 2384 2299 2454 τῇ
2326 2381 2509 2452 κοιλίᾳ
2538 2380 2807 2453 πορεύσῃ,
2826 2381 2921 2436 καὶ
2955 2380 3060 2452 γῆν
3086 2382 3237 2453 φαγῇ
3262 2381 3448 2444 πάσας
3464 2381 3558 2443 τὰς
3589 2379 3748 2452 ἡμέρας

2229 2475 2329 2546 τῆς
2380 2474 2527 2546 ζωῆς
2577 2489 2694 2529 σου.
2746 2472 2858 2527 Kal
2912 2474 2982 2545 τῇ
3035 2473 3260 2540 γυναικὶ
3295 2468 3481 2527 εἶπεν·
3522 2471 3748 2543 Πληθύνων

2232 2565 2493 2638 πληθυνῶ
2520 2564 2619 2629 τάς
2645 2563 2823 2645 λύπας
2867 2580 3003 2637 ,σου,
3066 2563 3162 2617 καὶ
3188 2562 3285 2617 τὸν
3336 2563 3627 2633 στεναγμόν
3655 2580 3746 2615 σου·

2230 2658 2290 2711 ὲν
2344 2656 2547 2720 λύπαις
2603 2653 2738 2729 τέξῃ
2772 2655 2959 2720 τέκνα,
3016 2654 3115 2708 καὶ
3156 2654 3297 2726 πρὸς
3325 2654 3419 2708 τὸν
3464 2654 3618 2725 ἀνδρα
3641 2654 3747 2721 σουὴ

2231 2746 2555 2818 ἀποστροφή
2593 2763 2713 2813 σου,
2778 2745 2873 2799 καὶ
2933 2743 3099 2809 αὐτός
3147 2760 3243 2797 σου
3298 2743 3591 2815 κυριεύσει.
3624 2741 3748 2812 Τῷδὶ

2244 2839 2420 2911 Ἀδὰμ
2447 2835 2600 2894 εἶπεν
2617 2854 2633 2870 ο
2664 2838 2790 2893 ὀτι
2811 2838 3056 2910 ήκουσας
3082 2835 3184 2908 τῆς
3216 2835 3409 2906 φωνῆς
3434 2835 3530 2906 τῆς
3555 2836 3749 2903 γυναικὸς

2233 2949 2350 2998 σου,
2390 2931 2489 2987 καὶ
2548 2930 2659 2986 ἀπὸ
2706 2928 2803 2983 τοῦ
2851 2928 3010 2995 ξύλου
3038 2921 3103 2985 οὗ
3131 2928 3492 2999 ἐνετειλάμην
3507 2944 3600 2990 σοι,
3637 2924 3746 2981 τοῦτο

2236 3026 2398 3097 μόνον
2431 3026 2506 3097 μὴ
2535 3025 2753 3095 φαγεῖν,
2780 3023 2876 3078 ἀπ’
2902 3020 3071 3080 αὐτοῦ
3094 3020 3320 3095 ἔφαγες,
3367 3022 3748 3093 ὲπικατάρατοςὴ

537 3138 814 3210 ουοιὶιιιιε
848 3135 980 3191 tuis.
1022 3132 1083 3188 In
1116 3132 1405 3189 doloribus
1434 3130 1696 3186 comedes
1718 3146 1838 3185 eam
1867 3130 2129 3188 omnibus

2237 3119 2307 3192 γῆ
2336 3119 2393 3174 ἐν
2415 3118 2527 3183 τοῖς
2559 3119 2743 3190 ἔργοις
2778 3136 2895 3172 σου.
2913 3118 3002 3172 Ἐν
3031 3116 3232 3181 λύπαις
3265 3118 3418 3188 φαγῇ
3448 3114 3603 3185 αὐτὴν
3620 3115 3746 3172 πάσας

536 3231 743 3286 diebus
790 3229 920 3283 vita:
971 3234 1120 3292 tuae;
1174 3224 1368 3295 spinas
1413 3230 1470 3278 et
1524 3223 1761 3279 tribulos
1794 3225 2132 3296 germinabit

538 3323 673 3389 tibi,
709 3330 762 3377 et
799 3319 1057 3376 comedes
1111 3332 1307 3389 panem
1362 3324 1541 3381 tuum,
1601 3317 1783 3373 donec
1831 3319 2131 3374 revertaris

539 3415 602 3471 in
635 3423 836 3469 terram
877 3412 946 3467 de
964 3425 1070 3481 qua
1107 3417 1363 3480 sumptus
1399 3424 1503 3465 es:
1555 3410 1818 3480 quoniam
1868 3418 2018 3464 terra
2043 3424 2126 3474 es,

538 3514 594 3562 et
637 3506 934 3575 inIterram
967 3500 1289 3557 reverteris.
1327 3519 1346 3552 ι

615 3596 745 3651 Gen.
809 3611 885 3661 IV,
943 3595 1101 3661 942,
1136 3624 1206 3635 -
1249 3610 1268 3645 ι
1325 3591 1475 3647 Dixit
1528 3590 1796 3648 Dominus
1848 3589 1996 3649 Deus
2061 3591 2131 3647 ad

538 3689 713 3749 Cain:
742 3688 842 3744 Ubi
892 3695 980 3744 est
1026 3688 1158 3743 Abel
1201 3685 1371 3742 frater
1404 3686 1571 3742 tuus?
1609 3684 1758 3740 Dixit
1788 3696 1970 3741 autem
2013 3686 2128 3751 ille,

543 3779 766 3837 Nescio.
819 3777 1081 3849 Nunquid
1127 3787 1317 3835 custos
1355 3777 1546 3833 fratris
1592 3778 1699 3833 mei
1730 3792 1852 3846 sum
1895 3777 2035 3844 ego?
2064 3778 2131 3832 Et

542 3873 690 3929 dixit
745 3871 934 3926 Deus:
985 3871 1126 3940 Quid
1180 3870 1404 3926 fecisti?
1454 3884 1561 3924 vox
1614 3869 1905 3941 sanguinis
1940 3867 2131 3925 fratris

542 3963 628 4017 tui
677 3962 883 4019 clamat
931 3961 1001 4016 ad
1049 3976 1135 4016 me
1179 3960 1249 4015 de
1304 3970 1474 4016 terra.
1512 3960 1579 4015 Et
1610 3976 1759 4016 nunc
1804 3960 2133 4017 maledictus

540 4057 657 4111 eris
687 4071 856 4125 super
891 4064 1098 4109 terram
1131 4068 1257 4124 quae
1303 4053 1520 4127 aperuit
1548 4068 1613 4110 os
1641 4069 1829 4119 suum,
1864 4061 1924 4108 ut
1947 4053 2133 4111 susci-

542 4156 698 4217 peret
742 4147 1072 4217 sanguinem
1132 4144 1325 4199 fratris
1377 4144 1457 4199 tui
1496 4145 1565 4200 de
1616 4160 1779 4199 manu
1831 4154 1948 4201 tua.
1995 4145 2133 4201 Cum

540 4242 870 4312 operaberis
904 4250 1136 4304 terram,
1165 4255 1273 4295 non
1304 4240 1529 4309 adiiciet
1562 4241 1696 4295 dare
1730 4240 1831 4295 tibi
1871 4241 2131 4296 virtutem

540 4348 725 4390 suam.
765 4332 1002 4388 Gemens
1028 4340 1083 4388 et
1104 4340 1351 4387 tremens
1380 4331 1494 4387 eris
1525 4347 1696 4402 super
1725 4343 1949 4387 terram.
1988 4351 2009 4385 ι

2232 3214 2334 3277 τὰς
2366 3213 2587 3285 ἡμέρας
2613 3212 2715 3282 τῆς
2743 3209 2891 3280 ζωῆς
2938 3226 3035 3263 σου
3061 3228 3075 3240 ·
3112 3209 3363 3272 ἀκάνθας
3411 3209 3505 3261 καὶ
3530 3205 3747 3277 τριὸὁλους

2234 3306 2488 3360 άνατελεϊ
2509 3322 2617 3367 σοι,
2649 3304 2747 3358 καὶ
2766 3304 2915 3373 φαγῇ
2962 3302 3057 3355 τὸν
3104 3300 3272 3372 ἄρτον
3309 3317 3429 3367 σου,
3461 3299 3558 3363 ἕως
3579 3292 3631 3352 οὗ
3658 3300 3749 3351 ἀτω-

2236 3398 2475 3469 στρέψῃς
2505 3396 2585 3460 εἰς
2610 3395 2714 3466 γῆν
2737 3393 2797 3461 ἐξ
2858 3389 2927 3466 ἧς
2961 3393 3208 3465 ἐλήφθης
3233 3409 3247 3423 ·
3298 3394 3385 3446 ὅτι
3413 3391 3486 3462 γῆ
3511 3391 3576 3454 εἰ,
3607 3387 3750 3447 nisi;

2232 3492 2340 3561 γῆν
2369 3487 2671 3559 ἀπελεύση.
2696 3506 2715 3540 ι

2311 3601 2331 3635 ι
2367 3577 2505 3636 Εῐπε
2524 3579 2731 3651 Κύριος
2755 3580 2786 3632 6
2806 3576 2940 3639 Θεὸς
2969 3575 3109 3648 πρὸς
3140 3575 3286 3630 Κάῖν
3305 3589 3325 3608 ⁸
3355 3575 3458 3629 ποῦ
3484 3574 3617 3627 ἐστιν
3636 3568 3749 3623 Ἀεὶ).

2233 3676 2262 3729 6
2288 3674 2516 3743 ἀδελφός
2552 3688 2645 3727 σου
2671 3690 2687 3739 ;
2724 3672 2782 3724 '0
2798 3670 2854 3724 δὲ
2877 3666 3032 3723 εἶπεν
3056 3683 3073 3701 ο
3111 3667 3188 3721 Οὐ
3219 3666 3498 3736 γινώσκω.
3524 3663 3606 3734 Μὴ
3629 3655 3749 3730 φύλαξ

2234 3767 2329 3822 τοῦ
2362 3765 2598 3835 ἀδελφοῦ
2641 3764 2745 3836 μού
2794 3766 2912 3832 ειμι
2952 3759 3097 3830 ὲγὼς
3124 3758 3240 3813 Kal
3292 3753 3447 3811 εἶπεν
3479 3758 3508 3810 6
3535 3753 3674 3815 Θεὸς·
3708 3747 3750 3800 Τί

2235 3860 2505 3932 ὲποιήσας
2529 3857 2690 3912 τοῦτο
2714 3875 2731 3924 ;
2755 3855 2911 3928 φωνὴ
2935 3854 3171 3925 αἵματος
3201 3851 3301 3906 τοῦ
3340 3846 3563 3916 ἀδελφοῦ
3595 3860 3670 3899 σου
3686 3840 3750 3911 βοᾷ

2237 3952 2374 4025 πρός
2406 3968 2477 4022 με
2505 3954 2573 4005 ὲκ
2605 3952 2706 4019 τῆς
2739 3947 2865 4019 γῆς.
2898 3946 3010 4000 Kal
3037 3944 3136 4000 νῦν
3185 3943 3587 4012 ἐπικατάρατος
3608 3933 3751 3989 suam

2195 4121 2202 4127 ,
2236 4048 2337 4120 τῆς
2360 4048 2485 4119 γῆς,
2515 4048 2551 4118 ἦ
2580 4046 2742 4119 εχανε
2770 4044 2833 4100 τὸ
2888 4041 3069 4114 στόμα
3103 4039 3278 4111 αὐτῆς
3317 4036 3566 4106 δέξασθαι
3588 4027 3752 4127 malum

2234 4141 2331 4196 τοῦ
2357 4141 2591 4211 ἀδελφοῦ
2655 4156 2751 4194 σου
2813 4140 2881 4192 ὲκ
2908 4137 3012 4209 τῆς
3049 4135 3232 4207 χειρός
3265 4150 3364 4188 σου
3389 4146 3404 4162 ·
3433 4132 3520 4185 ὅτε
3547 4125 3665 4199 élilii
3686 4121 3751 4187 τὴν

2235 4234 2363 4305 γῆν,
2393 4234 2489 4288 καὶ
2519 4234 2581 4286 οὒ
2610 4231 2915 4304 προσθήσει
2944 4227 3135 4283 δοῦναί
3184 4243 3270 4280 σοι
3319 4225 3423 4295 τὴν
3449 4221 3592 4293 ἰσχὺν
3609 4214 3749 4283 αὐτῆς.

2237 4327 2448 4381 Στένων
2472 4327 2567 4380 καὶ
2594 4325 2813 4397 τρέμων
2850 4323 2950 4407 ἔσῃ
2973 4322 3068 4377 ἐπὶ
3094 4324 3194 4392 τῆς
3222 4320 3353 4391 γῆς.
3398 4338 3415 4370 ι

617 4423 747 4479 Gen.
799 4440 877 4488 1x,
924 4424 1018 4487 24,
1065 4423 1158 4478 25.
1190 4453 1261 4465 -—
1284 4441 1305 4475 ι
1354 4423 1652 4493 Evigilavit
1694 4422 1810 4478 Noe
1840 4438 1871 4477 a
1899 4424 2048 4489 vino,
2078 4432 2129 4480 et

2315 4435 2337 4470 ι
2386 4417 2644 4488 Έξένηψε
2664 4417 2790 4470 Νῶε
2821 4417 2887 4469 ὲκ
2909 4405 3008 4469 τοῦ
3027 4414 3196 4479 οῐνου,
3218 4417 3315 4471 καὶ
3339 4415 3480 4485 ἔγνω
3502 4414 3593 4468 ὅσα
3622 4405 3752 4475 ἐποίη-

518 4508 803 4589 ἰιοεηονὶι
830 4530 953 4587 qua:
984 4515 1211 4570 fecisset
1258 4515 1366 4571 sibi
1414 4515 1560 4571 ﬁlius
1594 4530 1733 4571 suus
1755 4515 1988 4586 junior;
2019 4518 2129 4571 ait-

2239 4525 2333 4563 σεν
2376 4508 2526 4580 αὐτῷ
2572 4512 2602 4563 6
2659 4509 2775 4573 υἱὸς
2829 4508 2997 4563 αὐτοῦ
3060 4509 3090 4562 ό
3122 4507 3408 4581 νεώτερος.
3460 4507 3565 4562 Kal
3604 4499 3748 4557 εἰπενο

542 4625 694 4680 que:
751 4607 1080 4665 Maledictus
1154 4606 1465 4663 Chanaan:
1526 4623 1666 4678 puer
1729 4609 1974 4664 famulus
2025 4613 2134 4666 erit

542 4702 780 4759 fratrum
809 4716 1062 4757 suorum.
1098 4719 1118 4752 ι

617 4794 681 4850 II
704 4795 835 4865 Reg.
896 4811 936 4859 ι,
972 4794 1064 4849 21.
1095 4821 1167 4834 -—
1197 4812 1217 4845 ι
1272 4792 1486 4850 Montes
1537 4793 1631 4863 qui
1674 4794 1735 4853 in
1764 4791 1995 4861 Gelboe,
2031 4810 2134 4851 nec

543 4901 662 4950 ros,
680 4901 786 4942 nec
803 4887 990 4957 pluvia
1013 4886 1316 4944 descendat
1339 4901 1507 4958 super
1522 4901 1643 4943 vos.
1670 4885 1887 4944 Montes
1910 4887 2129 4953 mortis,

545 4976 806 5046 quoniam
834 4975 909 5031 ibi
937 4987 1283 5031 exaruerunt
1305 4977 1482 5048 clypei
1526 4975 1778 5032 lortium.
1813 4995 1832 5029 ι

619 5063 706 5118 IV
744 5062 873 5133 Reg.
902 5080 940 5129 ι,
975 5064 1129 5141 9-16.
1160 5095 1220 5106 -
1259 5085 1278 5118 ι
1308 5068 1449 5124 Ecce
1478 5067 1628 5123 Elias
1663 5069 1893 5124 sedebat
1925 5069 1980 5124 in
2005 5083 2155 5125 ver-'

548 5149 658 5206 tice
690 5155 922 5217 montis,
983 5162 1038 5208 et
1082 5156 1302 5211 vocavit
1335 5172 1462 5213 eum
1511 5160 2049 5232 quinquagenarius,
2075 5170 2132 5216 et

548 5242 671 5295 ait:
713 5239 890 5298 Homo
948 5244 1064 5307 Dei,
1112 5262 1206 5301 rex
1252 5257 1414 5302 vocat
1464 5257 1561 5304 te:
1596 5250 1890 5309 descende.
1929 5253 1996 5306 Et
2039 5270 2130 5309 re-

547 5333 775 5401 spondit
831 5334 1004 5401 Elias,
1055 5346 1112 5392 et
1165 5339 1307 5394 dixit
1345 5340 1395 5394 ei
1428 5340 1535 5396 :Et
1582 5340 1627 5397 si
1684 5343 1851 5399 homo
1887 5343 1978 5399 Dei
2008 5361 2130 5401 sum

545 5438 671 5493 ego.
723 5424 1027 5483 descendet
1088 5430 1229 5501 ignis
1282 5430 1351 5486 de
1385 5432 1548 5498 coelo,
1595 5443 1649 5490 et
1680 5444 1974 5492 consumet
2001 5445 2133 5493 teet

544 5515 950 5587 quinquaginta
988 5528 1138 5576 tuos.
1169 5521 1235 5576 Et
1269 5521 1562 5580 descendit
1600 5525 1743 5597 ignis
1781 5527 1849 5584 de
1880 5529 2044 5595 cmlo,
2075 5536 2131 5585 et

545 5609 834 5661 devoravit
852 5625 1004 5675 eum,
1032 5621 1084 5668 et
1115 5613 1517 5686 quinquaginta
1549 5616 1744 5686 ipsius.
1774 5617 1917 5673 Dixit
1948 5618 2126 5675 Elias:

546 5696 671 5752 lizec
713 5695 849 5754 dicit
881 5701 1194 5762 Dominus:
1246 5703 1354 5761 Pro
1405 5724 1471 5765 eo
1523 5711 1670 5780 quod
1713 5709 1878 5782 350
1927 5713 2131 5769 misisti

2250 4600 2688 4672 Ἐπικατάρατος
2741 4601 3002 4655 Χαναάν⁶
3058 4602 3191 4665 παῖς
3242 4602 3461 4671 οἰκέτης
3501 4600 3634 4653 ἔσται
3673 4593 3751 4652 τ’)ῖί

2234 4691 2481 4760 ἀδελφοῖς
2511 4691 2698 4747 αὐτοῦ.
2737 4711 2756 4745 ι

2313 4803 2333 4835 ι
2370 4778 2540 4837 Εἶπεν
2600 4783 2804 4838 Δαϐίδ⁴
2859 4784 2962 4857 όρη
3025 4784 3095 4839 τά
3128 4784 3384 4850 Γελϐουὲ,
3426 4784 3557 4855 μήτε
3592 4776 3749 4848 δρόσος.

2238 4879 2379 4950 μήτε
2409 4879 2564 4942 ὑετὸς
2595 4879 2740 4950 πέσῃ
2769 4880 2854 4949 ἐφ’
2889 4880 3057 4950 ὑμᾶς.
3107 4881 3249 4950 Ὄρη
3312 4878 3558 4939 θανάτου,
3580 4874 3649 4927 ὅτι
3669 4866 3749 4921 ἐκεῖ

2233 4970 2507 5042 ἐξηράνθη
2533 4970 2710 5041 σκέπη
2736 4970 3031 5023 δυνατῶν.»

2311 5084 2330 5116 ι
2375 5063 2507 5118 Ἰδοὺ
2545 5061 2729 5117 Ἦλιοὺ
2760 5061 2999 5133 ἐκάθητο
3026 5062 3121 5114 ἐπὶ
3135 5060 3236 5132 τῆς
3258 5060 3496 5132 κορυφῆς
3511 5056 3594 5111 τοῦ
3611 5053 3744 5122 ὅρους·

2234 5158 2347 5215 Καὶ
2405 5154 2670 5227 ἐλάλησεν
2719 5155 2748 5209 6
2796 5154 3271 5225 πεντηκόνταρχος
3313 5153 3450 5224 πρὸς
3489 5147 3647 5206 αὐτὸν,
3682 5136 3748 5193 καὶ

2234 5245 2388 5302 εἶπεν
2420 5263 2435 5279 ο
2474 5247 2763 5319 Ἄνθρωπε
2792 5246 2887 5301 τοῦ
2920 5244 3080 5311 Θεοῦ,
3117 5248 3147 5298 6
3179 5244 3433 5316 βασιλεὺς
3460 5234 3659 5295 ἐκάλεσέ
3690 5245 3746 5290 σε,

2233 5341 2527 5413 κατάϐηθι.
2558 5342 2670 5396 Καὶ
2700 5339 2975 5413 ἀπεκρίθη
3028 5339 3234 5401 Ἡλιοὺ,
3291 5340 3389 5392 καὶ
3436 5331 3578 5388 εἶπεν
3605 5322 3747 5392 αὐτῷ’

2233 5433 2298 5487 Ei
2331 5432 2619 5504 ἄνθρωπος
2645 5431 2741 5487 τοῦ
2770 5433 2908 5487 Θεοῦ
2932 5431 3066 5501 ἐγὼ,
3093 5432 3462 5503 καταϐήσεται
3488 5425 3589 5496 πῦρ
3612 5421 3661 5486 ἐξ
3683 5415 3748 5470 οὖ’

2237 5526 2424 5599 ρανοῦ,
2450 5528 2547 5584 xal
2589 5525 2860 5582 ἀναλώσει
2891 5543 2975 5591 σε,
3010 5528 3108 5581 xal
3153 5526 3282 5592 τοὺς
3315 5518 3627 5595 πεντήκοντά
3657 5526 3742 5564 609-

2233 5619 2345 5675 Καὶ
2364 5618 2570 5691 κατέὁη
2589 5617 2702 5688 πῦρ
2731 5619 2797 5671 ὲκ
2826 5617 2921 5672 τοῦ
2951 5617 3205 5689 ούρανοῦ,
3241 5618 3338 5672 καὶ
3378 5614 3654 5682 κατέφαγεν
3675 5599 3745 5653 azi-

2233 5710 2345 5778 τὸν,
2403 5711 2499 5767 καὶ
2557 5710 2688 5773 τοὺς
2731 5710 3074 5778 πεντήκοντα
3122 5710 3309 5765 αὐτοῦ.
3368 5705 3525 5763 Εἶπεν
3576 5692 3743 5754 Ἠλιώ
