3986 6400
335 329 484 394 “89

1629 344 1871 406 SACRA
1912 344 2211 405 PARALE
2221 347 2379 408 LLA.

3483 352 3619 422 1190

335 456 476 514 Τάδε
506 456 654 530 λέγει
679 458 882 531 Κύριος
902 476 916 490 ⁶
959 460 1101 514 Ἀνθ’
1135 450 1210 513 ῶν
1247 458 1631 527 ἐξαπέστειλας
1656 459 1909 527 ἀγγέλους

2029 462 2256 515 nuntios
2293 464 2358 516 ad
2383 461 2784 516 consulendum
2827 462 2957 517 Baal
2990 466 3264 529 muscam,
3295 463 3601 526 olendicu-

337 551 569 621 ζητῆσαι
589 551 648 604 ἐν
670 551 750 622 τῷ
772 552 916 604 Βαάλ
941 554 1108 621 μυῖαν
1138 550 1260 604 θεὸν
1299 550 1679 623 προσόχθισμα
1721 552 1917 604 Ἀκκα-

341 642 472 715 ριὶιν,
514 641 615 714 οὐχ
664 642 874 707 οὕτως·
913 644 948 713 ἡ
988 643 1147 714 κλίνη
1187 643 1275 713 ἐφ’
1327 637 1395 715 ἧς
1437 642 1638 713 ἀνέϐης
1682 644 1823 707 ἐκεῖ,
1852 642 1914 696 οῦ

339 732 644 805 καταϐήσει
671 734 766 787 ἀπ’
806 733 999 801 αὐτῆς,
1026 734 1110 787 ὅτι
1132 734 1353 805 θανάτῳ
1376 732 1646 804 ἀποθανῇ.
1681 750 1702 784 ι

404 840 427 877 ι
461 820 711 890 Ἦνοιξεν
753 824 874 878 Ἰὼϐ
921 825 981 878 τὸ
1011 825 1190 896 στόμα
1223 824 1412 890 αὐτοῦ,
1438 826 1534 879 καὶ
1565 822 1918 895 καταράσατο

332 917 431 986 τὴν
453 913 666 986 ἡμέραν
694 914 860 989 αῦτοῦ
878 914 1360 983 λέγων,Ἀπόλοιτο
1391 917 1425 987 ἡ
1450 913 1634 987 ἡμέρα
1658 914 1843 982 ἐκείνη
1857 913 1917 967 ἐν

332 1003 391 1080 ᾖ,
410 1003 565 1060 εἶπον
582 1006 899 1077 ἐγεννήθην,
918 1007 1011 1059 καὶ
1033 1008 1080 1091 ἡ.
1102 1006 1203 1091 νὺξ
1220 1007 1402 1078 ἐκείνη
1432 1008 1491 1060 ἐν
1517 1001 1550 1079 ᾗ
1573 1003 1750 1059 εἷπον·
1782 1004 1914 1058 Ἰδοὺ

332 1100 518 1170 ἀρσεν.
555 1097 621 1149 Ἦ
654 1097 751 1161 νὺξ
769 1097 954 1168 ἐκείνη
979 1086 1081 1165 εῐη’
1100 1086 1310 1163 σκότος,
1341 1098 1438 1151 καὶ
1481 1097 1557 1168 μὴ
1583 1096 1914 1167 ἀναζητήσει

332 1190 504 1259 αὐτὴν
527 1191 555 1242 6
584 1189 786 1259 Κύριος
820 1190 1052 1254 ἀνωθεν,
1089 1190 1222 1261 μηδέ
1253 1189 1383 1262 ἔλθῃ
1410 1191 1496 1244 ἐπ’
1512 1189 1681 1260 αὐτὴν
1693 1188 1913 1257 φέγγος.

346 1279 583 1349 Ἐκλάϐη
601 1280 660 1332 δὲ
682 1280 854 1351 αὐτὴν
887 1280 1083 1344 σκότος
1102 1281 1200 1334 καὶ
1231 1283 1360 1335 σκιά
1378 1281 1633 1336 θανάτου.
1665 1279 1915 1335 Ἐπέλθοι

331 1370 422 1423 ἐπ’
474 1369 647 1440 αὐτὴν
690 1368 889 1439 γνόφος
909 1386 924 1399 ·
959 1370 1304 1441 καταραθείη
1336 1372 1370 1440 ἡ
1402 1372 1610 1441 ἡμέρα,
1638 1370 1791 1440 καὶὴ
1819 1368 1916 1435 νὺξ

330 1460 535 1530 ἐκείνη.
562 1460 885 1527 Ἐπενέγκαι
912 1459 1083 1529 αὐτὴν
1111 1460 1324 1525 σκότος,
1355 1459 1431 1531 μὴ
1459 1460 1548 1531 εἴη
1593 1462 1674 1524 είς
1701 1460 1916 1531 ἡμέραν

332 1552 604 1619 ἐνιαυτοῦ,
633 1553 767 1625 μηδὲ
785 1553 1119 1625 ἁριθμηθείη
1147 1556 1225 1617 εἰς
1245 1554 1460 1625 ἡμέραν
1491 1554 1703 1626 μηνῶν·
1726 1553 1913 1625 ἀλλάἡ

331 1643 430 1708 νὺξ
446 1643 629 1712 ἐκείνη
654 1645 740 1711 εἴη
757 1644 939 1713 ὀδύνη,
972 1646 1111 1713 μηδὲ
1130 1643 1274 1697 ἔλθοι
1295 1645 1382 1697 ἐπ’
1399 1645 1569 1716 αὐτὴν
1583 1644 1913 1716 εὐφροσύνη,

266 1779 279 1785 -
341 1734 471 1807 μηδὲ
505 1733 776 1805 χαρμονὴ,
836 1733 973 1787 ἀλλά
995 1735 1373 1805 ,καταράσεται
1399 1733 1570 1806 αὐτὴν
1609 1735 1638 1788 6
1662 1735 1916 1806 καταρώ-

334 1842 496 1895 μενος
524 1824 739 1895 ἡμέραν
766 1820 1024 1893 ἐκείνην,
1071 1825 1100 1876 6
1156 1823 1371 1892 μέλλων
1426 1822 1489 1876 τδ
1547 1824 1695 1893 μέγα
1742 1824 1913 1894 κῆτος

326 1916 716 1987 χειρώσασθαι.
750 1914 1059 1986 Σκοτωθείη
1084 1915 1152 1971 τά
1202 1914 1379 1986 ἄστρα
1417 1914 1518 1985 τῆς
1543 1914 1741 1979 νυκτὸς
1762 1916 1912 1970 ἐκεί-

328 2024 448 2076 νης,
480 2006 575 2060 καὶ
631 2006 711 2069 εἰς
775 2004 1056 2075 φωτισμὸν
1086 2003 1166 2077 μὴ
1195 2003 1347 2076 ἔλθῃ,
1380 2002 1457 2075 μὴ
1504 2004 1603 2058 τδοι
1635 2005 1914 2075 ἑωσφόρον

327 2094 724 2158 ἀνατέλλοντα,
778 2095 862 2147 ὅτι
929 2093 990 2146 ού
1053 2092 1370 2146 συνέκλεισε
1445 2094 1621 2158 πύλας
1677 2095 1915 2166 γαστρὸς

331 2184 540 2255 μητρός
567 2201 692 2253 μου,
724 2183 1002 2254 ἀπήλλαξε
1034 2183 1146 2253 γὰρ
1199 2183 1267 2238 ἂν
1295 2184 1456 2239 πόνον
1479 2185 1589 2240 ἀπὸ
1613 2184 1914 2257 ὀφθαλμῶν

333 2292 458 2344 μου.
503 2293 522 2326 ι

409 2381 427 2414 ι
467 2363 670 2434 Είησαν
710 2366 759 2418 οἱ
809 2363 995 2438 ἐχθροί
1053 2373 1194 2437 μου,
1240 2364 1431 2437 ὥσπερ
1477 2366 1513 2437 ἡ
1560 2367 1915 2441 καταστροφὴ

330 2455 442 2508 τῶν
467 2456 704 2520 ἀσεϐῶν,
730 2457 828 2510 καὶ
851 2459 901 2511 οί
922 2457 1343 2529 ἐπανιστάμενοι
1360 2475 1452 2530 μοι
1484 2456 1675 2531 ὥσπερ
1703 2461 1737 2531 ἡ
1759 2459 1914 2515 ἀπώ-

331 2545 455 2600 λεια
481 2547 588 2602 τῶν
614 2547 970 2619 παρανόμων.
999 2567 1021 2602 ι

412 2656 431 2690 ι
483 2638 700 2711 Ἡμέρα
724 2641 1114 2710 συναντήσεται
1158 2639 1344 2703 αὐτοῖς
1383 2640 1594 2704 σκότος,
1631 2639 1693 2693 τὸ
1720 2639 1780 2695 δὲ
1813 2656 1914 2710 με-

330 2728 635 2800 σημϐρινὸν
672 2729 1059 2801 ψηλαφήσεται
1085 2724 1181 2784 ἶσα
1219 2729 1394 2783 νυκτί.
1436 2730 1746 2784 ’Δπόλοιντο
1775 2730 1832 2784 δὲ
1855 2732 1915 2785 ἐν

331 2821 577 2893 πολέμῳ,
611 2820 1019 2892 ἐκσιφωνηθείη
1058 2820 1292 2893 αὐτῶνὴ
1328 2821 1504 2891 ἰσχύς.

406 2932 426 2966 ι
460 2915 578 2977 Πᾶς
628 2913 656 2966 6
690 2911 803 2982 βίος
827 2910 1063 2975 ἀσεϐοῦς
1105 2914 1165 2965 ἐν
1212 2913 1483 2984 φροντίδι·
1513 2914 1640 2967 ὅταν
1663 2913 1793 2985 δοκῇ
1815 2913 1913 2985 ἡδη

322 3001 655 3077 εἰρηνεύειν,
676 3001 800 3074 ἡξει
818 3001 968 3073 αὐτῷ
994 3004 1028 3074 ή
1055 3003 1434 3074 καταστροφή.
1465 2999 1687 3057 Οἷδενέν
1713 3002 1913 3075 ἑαυτῷ,

2022 549 2133 603 lum
2176 552 2452 616 Aecaron,
2486 569 2595 607 non
2628 555 2703 608 ita
2741 554 2875 610 fiet:
2906 555 2974 609 de
3002 554 3208 610 lectulo
3237 570 3407 626 super
3432 571 3597 625 quem

2017 642 2345 708 aseendisti,
2388 658 2497 698 non
2553 643 2882 710 descendes,
2927 644 3025 701 sed
3054 655 3229 700 morte
3254 644 3539 700 morieris.
3566 658 3605 693 »υ

2086 813 2189 867 Job
2236 830 2319 882 ιιι,
2354 818 2406 872 ι.
2438 847 2511 858 --
2560 837 2579 871 ι
2616 817 2848 889 Aperuit
2894 816 2999 875 Job
3031 834 3095 876 os
3130 835 3316 884 suum,
3345 829 3403 877 et
3425 822 3603 880 male-'

2016 901 2159 957 dixit
2190 903 2300 959 diei
2335 920 2470 971 sua),
2504 906 2698 963 dicens
2726 924 2741 962 :
2774 906 2970 963 Pereat
3000 907 3123 965 dies
3150 909 3244 964 illa
3282 910 3337 964 in
3367 926 3474 981 qua
3498 893 3603 965 ιιι-ι’

2019 1006 2111 1051 tus
2141 1010 2287 1059 sum,
2322 1004 2379 1052 et
2410 1013 2519 1052 nox
2549 999 2668 1065 illa,
2720 999 2778 1054 in
2809 1014 2918 1070 qua
2951 999 3216 1057 dixerunt
3244 1020 3260 1057 :
3299 1002 3479 1061 Natus
3507 1013 3594 1061 est

2020 1089 2322 1147 masculus.
2348 1089 2464 1146 Nox
2506 1091 2601 1146 illa
2633 1092 2874 1151 tenebrae
2910 1093 3010 1157 sit,
3058 1107 3165 1149 nec
3192 1096 3441 1166 requirat
3467 1111 3592 1151 eam

2016 1178 2286 1238 Dominus
2318 1183 2583 1254 desuper,
2607 1199 2788 1255 neque
2817 1184 3001 1240 veniat
3030 1201 3201 1257 super
3225 1201 3346 1241 eam
3382 1188 3589 1244 lumen.

2015 1271 2444 1342 Apprehendant
2477 1282 2661 1330 autem
2704 1290 2827 1331 eam
2857 1277 3098 1333 tenebrae
3134 1283 3191 1332 et
3220 1278 3417 1332 umbra
3444 1293 3595 1333 mor-

2016 1363 2111 1417 tis.
2151 1361 2517 1435 Superveuiat
2557 1365 2612 1420 in
2665 1381 2788 1422 eam
2838 1367 3039 1439 caligo.
3089 1367 3450 1423 Maledicatur
3474 1368 3593 1422 dies

2015 1468 2070 1512 et
2103 1471 2212 1513 nox
2270 1458 2389 1513 illa.
2446 1460 2731 1530 Occupent
2782 1473 2906 1515 eam
2962 1459 3228 1527 tenebrae,
3269 1474 3374 1516 nec
3422 1460 3497 1516 sit
3536 1461 3592 1514 in

2017 1550 2161 1606 diem
2206 1552 2363 1618 anni,
2419 1567 2525 1606 nec
2565 1560 2925 1624 computetur
2968 1553 3114 1609 inter
3142 1553 3261 1609 dies
3290 1556 3589 1610 mensium.

2018 1640 2126 1695 Sed
2155 1656 2266 1696 nox
2297 1642 2394 1696 illa
2424 1641 2587 1697 dolor
2621 1643 2715 1709 sit,
2746 1659 2852 1700 nec
2883 1643 3069 1698 veniat
3102 1658 3271 1713 super
3299 1658 3421 1698 eam
3455 1645 3593 1699 laeti-

2020 1731 2115 1798 tia,
2147 1744 2327 1800 neque
2371 1732 2673 1802 gaudium;
2717 1734 2815 1791 sed
2846 1731 3143 1788 maledicat
3178 1733 3258 1786 illi
3289 1732 3388 1803 qui
3423 1733 3594 1788 male-

1947 1797 1988 1855 B
2017 1822 2150 1877 dicit
2174 1797 2306 1888 diei,
2339 1797 2432 1895 qui
2467 1797 2695 1895 paratus
2743 1832 2830 1883 est
2861 1840 3119 1898 magnum
3159 1835 3278 1881 cete
3308 1797 3426 1882 sibi
3461 1826 3594 1881 sub-

2009 1914 2206 1984 jicere.
2233 1912 2686 1971 Obtenebrentur
2726 1914 2900 1972 stellas
2947 1915 3131 1970 noctis
3178 1914 3349 1981 illius,
3392 1929 3496 1970 nec
3524 1914 3595 1969 ad

2015 2003 2439 2060 illuminandum
2499 2007 2730 2062 veniant
2755 2025 2772 2063 :
2803 2021 2908 2062 nec
2935 2006 3117 2062 videat
3146 2005 3439 2062 luciferum
3470 2021 3597 2061 sur-

2014 2101 2254 2165 gentem,
2286 2096 2549 2173 quoniam
2580 2113 2693 2153 non
2725 2096 2927 2153 clausit
2944 2107 3134 2168 portas
3162 2097 3375 2154 ventris
3402 2097 3596 2152 matris

2017 2200 2172 2241 mea.
2212 2185 2451 2258 Migrare
2493 2189 2698 2260 quippe
2735 2187 2966 2245 fecisset
3010 2188 3258 2246 laborem
3294 2188 3365 2243 ab
3411 2189 3596 2243 oculis

2015 2275 2177 2331 meis.
2218 2295 2237 2327 ι

2085 2363 2189 2419 Job
2242 2381 2419 2431 xxvu,
2460 2366 2519 2422 7.
2548 2395 2619 2408 —
2663 2385 2682 2419 ι
2716 2366 2843 2423 Sint
2885 2365 3099 2423 inimici
3147 2367 3254 2422 mei
3288 2366 3436 2424 sicut
3463 2365 3596 2422 sub-

2014 2455 2203 2510 versio
2234 2457 2556 2527 impiorum,
2590 2467 2645 2515 et
2676 2458 2731 2513 in
2774 2473 2864 2515 me
2897 2460 3277 2529 insurgentes,
3318 2467 3381 2514 ut
3410 2457 3599 2529 perdi-

2016 2546 2092 2600 tio
2126 2546 2471 2616 iniquorum.
2507 2565 2527 2598 ι

2082 2634 2187 2690 Job
2217 2653 2271 2703 v,
2327 2637 2383 2702 5,
2434 2638 2524 2692 l6.
2552 2669 2622 2679 —
2648 2655 2667 2690 ι
2704 2637 2809 2694 Per
2859 2638 3007 2696 diem
3051 2647 3349 2694 occurrent
3404 2640 3488 2696 eis
3518 2649 3600 2696 te-

2014 2728 2217 2793 nebrae,
2248 2738 2306 2783 at
2334 2728 2389 2783 in
2421 2728 2651 2785 meridie
2675 2729 2901 2800 palpent
2929 2730 3089 2801 quasi
3122 2731 3179 2785 in
3221 2737 3406 2786 nocte.
3442 2730 3550 2786 Per
3571 2758 3598 2770 -

2011 2827 2141 2876 eant
2171 2820 2225 2874 in
2254 2820 2407 2876 bello
2440 2838 2454 2874 :
2497 2821 2867 2877 absorbeatur
2899 2836 3096 2878 eorum
3136 2821 3426 2877 fortitudo.
3470 2840 3492 2874 ι

2083 2909 2188 2966 Job
2229 2927 2323 2976 xv,
2365 2910 2557 2967 21-35.
2599 2940 2647 2949 —
2692 2931 2711 2965 ι
2745 2912 2942 2969 Omnis
2976 2914 3088 2967 vita
3136 2912 3292 2984 impii
3343 2914 3397 2968 in
3436 2911 3594 2970 cura.

1994 2995 2154 3057 Cum
2191 3002 2345 3057 visus
2395 2999 2565 3057 fuerit
2595 3001 2710 3071 jam
2761 3002 2817 3056 in
2859 3017 2997 3073 pace
3047 3017 3230 3074 agere,
3256 3004 3443 3059 veniet
3472 3003 3596 3073 ejus

323 3096 412 3150 ὅτι
435 3095 588 3166 μένει
644 3095 725 3157 εἰς
776 3093 1000 3165 πτῶμα.
1042 3093 1254 3165 Ἡμέρα
1307 3093 1366 3147 δὲ
1393 3093 1583 3148 ιαύτοῦ
1615 3094 1865 3165 σκοτεινὴ
1896 3111 1909 3127 ·

2017 3087 2337 3162 subversio.
2383 3085 2550 3143 Novit
2601 3088 2656 3143 in
2699 3105 2759 3146 se
2788 3090 2940 3161 quod
2985 3097 3207 3145 maneat
3253 3091 3321 3147 ad
3348 3092 3595 3148 ruinam.

321 3186 541 3257 ἀνάγκη
562 3185 621 3239 δὲ
644 3184 807 3239 αὐτὸν
835 3185 930 3238 καὶ
959 3183 1139 3255 θλίψις
1160 3184 1406 3252 καθέξει,
1454 3183 1644 3258 ὥσπερ
1675 3202 1912 3256 στρατη-

320 3278 422 3347 γὸς
439 3275 832 3348 πρωτοστάτης
871 3273 1090 3328 πίπτων
1133 3275 1217 3329 ὅτι
1263 3270 1398 3346 ἦρεν
1430 3270 1620 3347 χεῖρας
1669 3275 1910 3329 ἐναντίον

318 3366 418 3423 τοῦ
437 3367 600 3431 Θεοῦ,
626 3365 870 3421 ἐναντίον
925 3366 983 3420 δὲ
1017 3368 1462 3439 παντοκράτορος
1491 3366 1907 3438 ἐτραχηλίασεν.

318 3458 616 3531 Δὺλισθείη
655 3458 713 3513 δὲ
762 3460 844 3522 είς
899 3458 1086 3522 πόλεις
1136 3460 1417 3530 ἐρήμους·
1450 3459 1683 3513 εἰσέλθοι
1736 3460 1794 3514 δὲ
1830 3461 1913 3526 είς

318 3550 508 3613 οἴκους
558 3549 869 3620 ἀοικήτους.
937 3550 1006 3602 Ἀ
1062 3547 1120 3601 δὲ
1165 3550 1365 3602 ἐκεῖνοι
1421 3547 1692 3620 ἐθέρισαν,
1760 3549 1911 3604 ἄλλοι

318 3639 671 3696 ἀποίσονται·
713 3637 841 3690 οὔτε
924 3638 1000 3710 μὴ
1055 3636 1389 3708 πλουτισθῇ,
1434 3637 1561 3692 οὔτε
1621 3639 1696 3711 μὴ
1752 3640 1909 3711 μείνῃ

318 3732 492 3787 αὐτοῦ
554 3732 626 3786 τὰ
681 3732 1017 3804 ὑπάρχοντα.
1051 3731 1127 3785 Οὐ
1189 3731 1265 3802 μὴ
1313 3730 1484 3805 βάλλῃ
1535 3733 1630 3785 ἐπὶ
1678 3730 1776 3803 τὴν
1807 3733 1911 3801 γῆν

321 3823 508 3892 σκιάν,
541 3823 660 3877 ούδέ
699 3824 774 3895 μὴ
802 3823 1019 3895 ἐκφύγῃ
1068 3823 1131 3876 τὸ
1163 3823 1381 3886 σκότος.
1416 3823 1522 3876 Τὸν
1557 3823 1788 3894 βλαστὸν
1815 3824 1911 3877 αὺ-

314 3912 420 3967 τοῦ
448 3913 664 3986 μαράνῃ
697 3913 918 3982 ἀνομος,
947 3910 1172 3964 ἐκπέσοι
1188 3911 1246 3964 δὲ
1276 3910 1444 3964 αὐτοῦ
1472 3911 1533 3964 τὸ
1561 3910 1742 3974 ἄνθος.
1762 3911 1911 3966 Κενά

313 4001 668 4074 ἀποϐήσεται
689 3999 861 4071 αὐτῷ.
898 3999 961 4052 Ἠ
992 4001 1135 4070 τομὴ
1167 3998 1334 4054 αὐτοῦ
1383 4000 1491 4071 πρὸ
1524 3999 1676 4071 ὥρας
1698 4000 1912 4072 φθαρή-

317 4112 502 4159 σεται,
531 4094 627 4148 κα¹ι
653 4095 683 4146 6
712 4093 985 4163 ράδαμνος
1023 4091 1192 4145 αὑτοῦ
1232 4091 1294 4144 ού
1343 4092 1420 4163 μὴ
1457 4093 1733 4165 πυκνάσῃ.
1766 4095 1911 4165 Τρυ-

314 4187 519 4261 γηθείη
542 4186 599 4240 δὲ
619 4185 815 4257 ῶσπερ
863 4184 1049 4255 δμφαξ
1083 4184 1190 4257 πρὸ
1218 4183 1370 4256 ὥρας
1401 4200 1417 4215 ⁸
1449 4184 1673 4239 ὲκπέετοτι
1728 4186 1785 4239 δὲ
1830 4185 1907 4250 ὡς

316 4283 485 4346 ἄνθος
508 4278 694 4343 ἐλαίας
721 4295 736 4311 ο
783 4277 1084 4350 μαρτύριον
1114 4279 1224 4348 γὰρ
1255 4277 1487 4342 ἀσεϐοῦς
1531 4277 1778 4342 θάνατος.
1818 4281 1907 4334 Ἑν

319 4371 525 4442 γαστρὶ⁵
549 4370 780 4441 λήψεται
832 4368 1057 4432 ὀδύνας·
1102 4367 1442 4439 ἀποϐήσεται
1479 4367 1629 4440 αύτῷ
1683 4370 1836 4436 κενά,
1869 4372 1904 4443 ἡ

314 4462 379 4518 δὲ
406 4461 582 4516 κοιλία
597 4458 760 4514 αὐτοῦ
795 4458 1009 4514 ὑποίσει
1036 4457 1244 4524 δόλους.
1284 4477 1305 4510 ι

398 4661 417 4694 ι
452 4641 571 4705 Φῶς
596 4638 811 4694 ἀσεϐῶν
850 4637 1235 4711 ώεσθὴσεται,
1284 4638 1381 4692 καὶ
1415 4638 1514 4692 οὐκ
1560 4637 1905 4710 ἀποϐήσεται

307 4729 506 4789 αὐτῶν
528 4733 562 4801 ἡ
590 4728 745 4798 φλόξ.
771 4726 1158 4801 Θηρεύσαισαν
1188 4727 1462 4799 ἐλάχιστοι
1484 4726 1553 4782 τὰ
1591 4729 1906 4801 ὑπάρχοντα

308 4821 526 4880 αὐτῶν.
558 4821 925 4893 Ἐμϐέϐληται
955 4821 984 4874 6
1019 4818 1156 4884 ποῦς
1180 4819 1361 4874 αὐτῶν
1390 4821 1449 4874 ἐν
1481 4820 1691 4889 παγίδι,
1721 4820 1815 4874 καὶ
1846 4822 1904 4873 ἐν

308 4914 522 4984 δικτύῳ
548 4911 812 4983 ὲλιχθείη.
833 4910 1122 4966 Ἕλθοισαν
1138 4910 1224 4965 ἐπ’
1243 4911 1407 4965 αὐτὸν
1433 4910 1677 4980 παγίδες.
1697 4911 1904 4982 Πτῶμα

306 5008 376 5063 δὲ
403 5003 552 5077 αὐτῷ
576 5004 897 5075 ἐτοίμασται
942 5002 1201 5068 ἐξαίσιον.
1264 5003 1564 5057 Κατέδεται
1611 5002 1680 5056 τά
1720 5004 1902 5076 ὡραῖα

307 5095 488 5154 αὐτοῦ
510 5096 737 5160 θάνατος
764 5113 779 5127 ·
810 5095 1331 5166 κατασπαρὴσονται
1358 5093 1428 5147 τά
1461 5095 1710 5165 εὐπρεπῆ
1735 5094 1900 5148 αὐτοῦ

308 5189 472 5260 θείῳ.
488 5186 877 5243 ’Υποκάτωθεν
896 5184 1063 5241 αὑτοῦ
1083 5186 1141 5238 αι
1166 5185 1313 5255 ῥίζαι
1329 5186 1392 5256 ξη
1402 5185 1780 5255 ρανθήσονται,
1806 5185 1903 5240 καὶ

306 5281 601 5337 ἐπάνωθεν
637 5279 802 5335 αὐτοῦ
864 5279 1209 5333 ἐπιπεσεῖται
1287 5276 1546 5347 θερισμὸς
1596 5275 1783 5329 αὐτοῦ.
1827 5276 1902 5330 Τὸ

312 5373 669 5449 μνημόσυνον
722 5370 888 5427 αὑτοῦ
941 5369 1198 5423 ἀπόλοιτο
1251 5369 1315 5420 ἐκ
1357 5368 1457 5438 τῆς
1500 5367 1624 5437 γῆς.
1675 5367 1899 5442 Ἀπώσῃ

308 5466 483 5523 αὐτὸν
529 5467 593 5518 ἐκ
652 5463 830 5528 φωτὸς
856 5465 935 5526 είς
968 5462 1188 5525 σκόπος,
1230 5461 1330 5513 οὐκ
1369 5459 1522 5513 ἔσται
1555 5461 1898 5531 σεσωσμένος

308 5560 400 5622 εἰς
419 5556 518 5629 τὴν
541 5556 631 5611 ὑπ’
655 5555 883 5627 οὐρανὸν
904 5555 930 5608 6
962 5550 1110 5618 οἶκος
1144 5552 1333 5613 αὐτοῦ.
1369 5551 1485 5605 ἀλλ’
1506 5552 1564 5603 ἐν
1591 5553 1707 5629 τοῖς
1729 5552 1896 5605 αὐτοῦ

309 5648 576 5719 ζὴσονται
622 5645 799 5715 ἕτεροι
827 5659 842 5675 ·
893 5639 1036 5698 οὗτοί
1096 5644 1234 5696 εἰσιν
1262 5638 1400 5694 οἶκοι
1440 5639 1665 5707 ἀδίκων,
1687 5634 1838 5705 οὗτος
1866 5642 1896 5694 6

307 5737 481 5801 τόπος
502 5737 606 5789 τῶν
639 5734 712 5808 μὴ
752 5736 968 5790 ίδῦντων
1002 5734 1090 5787 τὸν
1122 5734 1345 5805 Κύριον.
1374 5753 1392 5785 ι

2015 3178 2143 3234 Dies
2174 3184 2369 3255 autem
2418 3177 2542 3247 ejus
2593 3178 2883 3234 tenebrosa
2920 3197 2935 3234 :
2974 3181 3290 3237 necessitas
3320 3189 3506 3238 autem
3537 3191 3596 3241 et

2013 3268 2302 3324 tribulatio
2352 3269 2535 3340 ipsum
2571 3270 3022 3340 comprehendet,
3074 3272 3222 3326 sicut
3255 3272 3366 3329 dux
3401 3273 3598 3343 praefe-

2011 3368 2136 3417 ctus
2163 3360 2406 3417 cadens:
2441 3361 2706 3431 quoniam
2758 3363 2988 3419 sustulit
3019 3378 3215 3419 manus
3260 3378 3448 3419 coram
3488 3364 3597 3420 Do-

2013 3451 2187 3518 mino,
2223 3460 2281 3505 et
2309 3459 2504 3509 contra
2550 3450 3001 3524 Omnipotentem
3050 3455 3323 3511 cervicem
3369 3455 3597 3512 indura-

2012 3543 2112 3596 vit.
2154 3541 2380 3598 Habitet
2420 3543 2675 3600 civitates
2705 3543 2992 3601 desertas:
3032 3544 3374 3615 ingrediatur
3397 3547 3613 3603 domos.

2011 3632 2375 3689 inbabitatas.
2425 3632 2561 3700 Qua:
2603 3649 2737 3690 vero
2780 3635 2864 3689 illi
2890 3642 3269 3701 messucrunt,
3306 3635 3401 3690 alii
3441 3636 3596 3693 aufe-

2013 3733 2138 3780 rent
2172 3743 2185 3779 :
2222 3740 2404 3796 neque
2434 3726 2697 3789 ditescat,
2741 3741 2924 3798 neque
2954 3735 3215 3782 maneant
3260 3727 3384 3796 ejus
3414 3726 3595 3783 facul-

2013 3825 2178 3872 tates.
2217 3816 2339 3872 Non
2372 3818 2559 3873 mittat
2604 3818 2660 3873 in
2694 3827 2844 3874 terra
2886 3819 3163 3884 umbram,
3195 3836 3378 3890 neque
3420 3819 3597 3890 fugiat

2011 3906 2290 3963 tenebras.
2330 3905 2566 3964 Germen
2597 3909 2718 3977 ejus
2764 3907 3066 3964 labefaciat
3106 3917 3338 3976 ventus;
3368 3907 3595 3965 decidat

2011 4008 2193 4054 autem
2219 3998 2344 4069 ejus
2387 3999 2509 4056 nos.
2545 3999 2740 4055 inania
2787 4000 3043 4056 accident
3095 4003 3168 4057 ei.
3218 4001 3425 4058 lneisio
3468 4001 3592 4072 ejus

2010 4100 2139 4145 ante
2164 4098 2384 4160 tempus
2415 4099 2830 4162 corrumpetur,
2871 4101 2927 4147 et
2957 4106 3147 4147 ramus
3192 4092 3315 4162 ejus
3351 4107 3461 4147 non
3498 4091 3592 4151 lle-

2009 4181 2175 4236 rebit.
2215 4180 2593 4253 Vindemietur
2628 4183 2783 4238 velut
2809 4182 2988 4253 prima
3024 4197 3130 4236 uva
3178 4192 3305 4239 ante
3335 4192 3585 4254 tempus:

2008 4274 2231 4329 decidat
2284 4270 2473 4330 autem
2526 4276 2672 4330 sicut
2700 4273 2802 4329 ﬂos
2832 4274 3013 4329 olivas.
3054 4274 3457 4330 Testimonium
3486 4290 3588 4332 au-

2010 4373 2120 4420 tem
2164 4366 2340 4438 impii,
2389 4378 2561 4422 mors.
2592 4367 2654 4421 In
2700 4378 2893 4422 ventre
2935 4366 3120 4437 capiet
3160 4367 3409 4424 dolores.
3446 4366 3592 4425 Eve-

1936 4470 1982 4526 ι)
2010 4458 2168 4512 nient
2223 4457 2273 4513 ei
2322 4472 2465 4513 vana
2498 4475 2514 4514 :
2546 4463 2738 4513 venter
2778 4463 2965 4512 autem
3011 4456 3132 4527 ejus
3155 4457 3456 4521 sustinebit
3493 4457 3594 4513 do-

2101 4590 2115 4604 .
2149 4569 2169 4603 ι

2007 4549 2181 4697 l08.706
2243 4659 2404 4708 xvm,
2444 4642 2594 4699 6-21.
2626 4673 2700 4684 —
2724 4662 2744 4695 ι
2782 4641 2997 4699 Lumen
3040 4642 3337 4713 impiorum
3385 4643 3595 4698 exstin-

2005 4745 2226 4809 guetur,
2258 4747 2314 4794 et
2342 4753 2455 4793 non
2509 4739 2729 4795 eveniet
2768 4753 2963 4795 eorum
3020 4735 3263 4792 ﬂamma.
3302 4734 3594 4793 Venentur

2005 4823 2223 4878 minimi
2274 4822 2573 4880 facultates
2609 4838 2828 4879 eorum.
2878 4823 3214 4877 lmmittatur
3247 4836 3346 4892 pes
3374 4821 3497 4891 ejus
3536 4822 3591 4874 in

2005 4914 2228 4986 laqueo,
2292 4923 2348 4971 et
2378 4921 2497 4970 rea
2551 4915 2895 4971 involvatur.
2956 4913 3197 4969 Veniant
3243 4928 3412 4982 super
3467 4925 3591 4967 eum

2004 5005 2209 5076 laquei.
2264 5005 2447 5061 Ruina
2487 5014 2670 5062 autem
2714 5006 2767 5062 ei
2807 5012 3116 5076 praparata
3166 5011 3253 5058 est
3303 5002 3589 5057 immanis.

2003 5096 2275 5153 Comedet
2312 5097 2550 5167 pulchra
2576 5095 2698 5167 ejus
2731 5110 2882 5151 mors
2910 5110 2924 5146 :
2957 5095 3346 5164 dispergentur
3386 5091 3589 5147 decen-

2003 5192 2081 5241 tia
2112 5187 2233 5257 ejus
2261 5188 2319 5244 in
2348 5189 2642 5260 sulphure.
2672 5188 2943 5244 Deorsum
2988 5184 3204 5239 radices
3250 5182 3373 5252 ejus
3410 5182 3589 5239 sicca-

2004 5281 2234 5345 buntur,
2270 5290 2327 5336 et
2363 5296 2584 5336 sursum
2628 5287 2855 5335 corruet
2904 5277 3105 5331 messis
3141 5275 3285 5344 ejus.
3321 5273 3588 5331 Memoria

2001 5374 2125 5442 ejus
2164 5373 2234 5429 dc
2277 5388 2419 5430 terra
2459 5386 2666 5446 pereat.
2720 5373 2967 5444 Expellat
2997 5385 3124 5429 eum
3159 5370 3227 5424 de
3262 5370 3382 5424 luce
3414 5369 3471 5423 in
3503 5377 3586 5423 te-

1999 5464 2229 5521 nebras.
2263 5465 2381 5521 Non
2415 5467 2523 5523 erit
2557 5467 2771 5522 salvata
2808 5464 2862 5518 in
2894 5462 3124 5535 regione
3151 5474 3276 5531 quae
3312 5458 3418 5539 sub
3441 5456 3584 5514 creto

1999 5562 2108 5615 est.
2143 5555 2345 5612 domus
2375 5557 2531 5628 ejus;
2563 5555 2658 5613 sed
2690 5558 2745 5610 in
2777 5554 2947 5609 rebus
2981 5553 3102 5623 ejus
3130 5551 3316 5606 vivent
3346 5549 3461 5602 alii.
3488 5545 3580 5600 ιιι

1999 5654 2131 5699 ειιιιι
2175 5647 2374 5705 domus
2433 5649 2767 5721 injustorum
2811 5666 2825 5703 :
2869 5646 2958 5703 hic
3002 5646 3156 5703 locus
3207 5636 3569 5714 ignorantium

1998 5735 2323 5795 Dominum.
2361 5760 2378 5794 ι
